  <div class='ocr_page' id='page_1' title='image "/cluster/home/n/w/nwhite01/storage/ocr_20150623/46/hvd.32044014713994/596.png"; bbox 0 0 3822 6396; ppageno 0'>
   <div class='ocr_carea' id='block_1_1' title="bbox 208 344 343 401">
    <p class='ocr_par' dir='ltr' id='par_1_1' title="bbox 208 344 343 401">
     <span class='ocr_line' id='line_1_1' title="bbox 208 344 343 401; baseline 0.03 -4"><span class='ocrx_word' id='word_1_1' title='bbox 208 344 343 401; x_wconf 76' lang='grc'><strong>1181</strong></span> 
     </span>
    </p>
   </div>
   <div class='ocr_carea' id='block_1_2' title="bbox 1511 348 2138 410">
    <p class='ocr_par' dir='ltr' id='par_1_2' title="bbox 1511 348 2138 410">
     <span class='ocr_line' id='line_1_2' title="bbox 1511 348 2138 410; baseline 0.013 -7"><span class='ocrx_word' id='word_1_2' title='bbox 1511 348 1868 407; x_wconf 73' lang='grc' dir='ltr'>νΑιιιοῐιυιι</span> <span class='ocrx_word' id='word_1_3' title='bbox 1905 352 2138 410; x_wconf 69' lang='grc' dir='ltr'><strong>ΝΟἸἼΕ.</strong></span> 
     </span>
    </p>
   </div>
   <div class='ocr_carea' id='block_1_3' title="bbox 3303 359 3445 415">
    <p class='ocr_par' dir='ltr' id='par_1_3' title="bbox 3303 359 3445 415">
     <span class='ocr_line' id='line_1_3' title="bbox 3303 359 3445 415; baseline 0.021 -3"><span class='ocrx_word' id='word_1_4' title='bbox 3303 359 3445 415; x_wconf 76' lang='lat'><strong>“82</strong></span> 
     </span>
    </p>
   </div>
   <div class='ocr_carea' id='block_1_4' title="bbox 203 446 1751 559">
    <p class='ocr_par' dir='ltr' id='par_1_4' title="bbox 203 446 1751 559">
     <span class='ocr_line' id='line_1_4' title="bbox 203 446 1751 559; baseline 0.007 -42"><span class='ocrx_word' id='word_1_5' title='bbox 203 464 320 529; x_wconf 84' lang='grc' dir='ltr'>τὸν,</span> <span class='ocrx_word' id='word_1_6' title='bbox 359 464 495 559; x_wconf 76' lang='grc' dir='ltr'>πρὸς</span> <span class='ocrx_word' id='word_1_7' title='bbox 520 465 772 537; x_wconf 85' lang='grc' dir='ltr'>δεύτερον</span> <span class='ocrx_word' id='word_1_8' title='bbox 804 446 982 538; x_wconf 82' lang='grc' dir='ltr'>γάμον</span> <span class='ocrx_word' id='word_1_9' title='bbox 1008 468 1083 540; x_wconf 85' lang='grc' dir='ltr'><strong>μὴ</strong></span> <span class='ocrx_word' id='word_1_10' title='bbox 1111 468 1321 541; x_wconf 77' lang='grc' dir='ltr'>ἔλθητε.</span> <span class='ocrx_word' id='word_1_11' title='bbox 1353 469 1509 525; x_wconf 77' lang='grc' dir='ltr'>Οὕτω</span> <span class='ocrx_word' id='word_1_12' title='bbox 1537 473 1644 545; x_wconf 84' lang='grc' dir='ltr'><strong>γὰρ</strong></span> <span class='ocrx_word' id='word_1_13' title='bbox 1670 492 1751 545; x_wconf 61' lang='grc' dir='ltr'>μαη</span> 
     </span>
    </p>
   </div>
   <div class='ocr_carea' id='block_1_5' title="bbox 1860 446 3445 559">
    <p class='ocr_par' dir='ltr' id='par_1_5' title="bbox 1878 478 3445 551">
     <span class='ocr_line' id='line_1_5' title="bbox 1878 478 3445 551; baseline 0.004 -20"><span class='ocrx_word' id='word_1_14' title='bbox 1878 478 2186 534; x_wconf 71' lang='lat' dir='ltr'><strong>castitatem</strong></span> <span class='ocrx_word' id='word_1_15' title='bbox 2241 486 2295 535; x_wconf 88' lang='lat' dir='ltr'><strong>et</strong></span> <span class='ocrx_word' id='word_1_16' title='bbox 2329 480 2548 551; x_wconf 87' lang='lat' dir='ltr'><strong>nuptias</strong></span> <span class='ocrx_word' id='word_1_17' title='bbox 2598 480 2790 537; x_wconf 90' lang='lat' dir='ltr'><strong>unicas</strong></span> <span class='ocrx_word' id='word_1_18' title='bbox 2825 488 2880 535; x_wconf 91' lang='lat' dir='ltr'><strong>et</strong></span> <span class='ocrx_word' id='word_1_19' title='bbox 2936 479 3288 551; x_wconf 80' lang='lat' dir='ltr'><strong>singulares;</strong></span> <span class='ocrx_word' id='word_1_20' title='bbox 3347 481 3445 537; x_wconf 89' lang='lat' dir='ltr'><strong>sed</strong></span> 
     </span>
    </p>
   </div>
   <div class='ocr_carea' id='block_1_6' title="bbox 204 555 1779 634">
    <p class='ocr_par' dir='ltr' id='par_1_6' title="bbox 204 555 1779 634">
     <span class='ocr_line' id='line_1_6' title="bbox 204 555 1779 634; baseline 0.007 -24"><span class='ocrx_word' id='word_1_21' title='bbox 204 555 544 628; x_wconf 83' lang='grc' dir='ltr'>καριὼτερον</span> <span class='ocrx_word' id='word_1_22' title='bbox 580 557 796 613; x_wconf 74' lang='grc' dir='ltr'>ἔσεσθαι</span> <span class='ocrx_word' id='word_1_23' title='bbox 825 560 1035 625; x_wconf 77' lang='grc' dir='ltr'><strong>Παῦλος</strong></span> <span class='ocrx_word' id='word_1_24' title='bbox 1060 562 1201 633; x_wconf 75' lang='grc' dir='ltr'>ὑμᾶς</span> <span class='ocrx_word' id='word_1_25' title='bbox 1231 564 1357 634; x_wconf 73' lang='grc' dir='ltr'>περὶ</span> <span class='ocrx_word' id='word_1_26' title='bbox 1378 565 1566 618; x_wconf 81' lang='grc' dir='ltr'>τούτου</span> <span class='ocrx_word' id='word_1_27' title='bbox 1600 567 1779 621; x_wconf 77' lang='grc' dir='ltr'>διαϐε-</span> 
     </span>
    </p>
   </div>
   <div class='ocr_carea' id='block_1_7' title="bbox 204 649 1778 725">
    <p class='ocr_par' dir='ltr' id='par_1_7' title="bbox 204 649 1778 725">
     <span class='ocr_line' id='line_1_7' title="bbox 204 649 1778 725; baseline 0.007 -24"><span class='ocrx_word' id='word_1_28' title='bbox 204 649 477 703; x_wconf 76' lang='grc' dir='ltr'>ϐαιοῦται.</span> <span class='ocrx_word' id='word_1_29' title='bbox 501 651 940 725; x_wconf 83' lang='grc' dir='ltr'>Προσαγάγωμεν</span> <span class='ocrx_word' id='word_1_30' title='bbox 972 656 1062 707; x_wconf 76' lang='grc' dir='ltr'><strong>καὶ</strong></span> <span class='ocrx_word' id='word_1_31' title='bbox 1082 657 1242 725; x_wconf 80' lang='grc' dir='ltr'>ἡμεῖς</span> <span class='ocrx_word' id='word_1_32' title='bbox 1265 657 1360 709; x_wconf 76' lang='grc' dir='ltr'><strong>ἐπὶ</strong></span> <span class='ocrx_word' id='word_1_33' title='bbox 1376 657 1435 709; x_wconf 84' lang='grc' dir='ltr'><strong>τὸ</strong></span> <span class='ocrx_word' id='word_1_34' title='bbox 1459 657 1571 711; x_wconf 75' lang='grc' dir='ltr'>ἄνω</span> <span class='ocrx_word' id='word_1_35' title='bbox 1589 658 1778 712; x_wconf 82' lang='grc' dir='ltr'>θυσια-</span> 
     </span>
    </p>
   </div>
   <div class='ocr_carea' id='block_1_8' title="bbox 202 740 1777 817">
    <p class='ocr_par' dir='ltr' id='par_1_8' title="bbox 202 740 1777 817">
     <span class='ocr_line' id='line_1_8' title="bbox 202 740 1777 817; baseline 0.006 -25"><span class='ocrx_word' id='word_1_36' title='bbox 202 742 428 811; x_wconf 80' lang='grc' dir='ltr'>στήριον</span> <span class='ocrx_word' id='word_1_37' title='bbox 475 740 550 804; x_wconf 82' lang='grc' dir='ltr'>ὡς</span> <span class='ocrx_word' id='word_1_38' title='bbox 584 741 775 811; x_wconf 78' lang='grc' dir='ltr'>ζεῦγος</span> <span class='ocrx_word' id='word_1_39' title='bbox 806 745 1079 813; x_wconf 82' lang='grc' dir='ltr'><strong>τρυγόνων</strong></span> <span class='ocrx_word' id='word_1_40' title='bbox 1107 744 1204 816; x_wconf 83' lang='grc' dir='ltr'>τὴν</span> <span class='ocrx_word' id='word_1_41' title='bbox 1232 745 1332 815; x_wconf 82' lang='grc' dir='ltr'><strong>τῆς</strong></span> <span class='ocrx_word' id='word_1_42' title='bbox 1358 747 1535 817; x_wconf 71' lang='grc' dir='ltr'>ψυχῆς</span> <span class='ocrx_word' id='word_1_43' title='bbox 1564 749 1657 807; x_wconf 78' lang='grc' dir='ltr'>καὶ</span> <span class='ocrx_word' id='word_1_44' title='bbox 1682 747 1777 801; x_wconf 90' lang='grc' dir='ltr'><strong>τοῦ</strong></span> 
     </span>
    </p>
   </div>
   <div class='ocr_carea' id='block_1_9' title="bbox 202 829 1778 915">
    <p class='ocr_par' dir='ltr' id='par_1_9' title="bbox 202 829 1778 915">
     <span class='ocr_line' id='line_1_9' title="bbox 202 829 1778 915; baseline 0.007 -34"><span class='ocrx_word' id='word_1_45' title='bbox 202 829 458 901; x_wconf 81' lang='grc' dir='ltr'>σώματος</span> <span class='ocrx_word' id='word_1_46' title='bbox 486 831 831 905; x_wconf 79' lang='grc' dir='ltr'><strong>καθαρότητα</strong></span> <span class='ocrx_word' id='word_1_47' title='bbox 851 852 865 865; x_wconf 89' lang='grc'><strong>·</strong></span> <span class='ocrx_word' id='word_1_48' title='bbox 896 836 929 906; x_wconf 83' lang='grc' dir='ltr'>ἢ</span> <span class='ocrx_word' id='word_1_49' title='bbox 962 836 1037 899; x_wconf 83' lang='grc' dir='ltr'><strong>ὡς</strong></span> <span class='ocrx_word' id='word_1_50' title='bbox 1062 835 1155 889; x_wconf 83' lang='grc' dir='ltr'><strong>δύο</strong></span> <span class='ocrx_word' id='word_1_51' title='bbox 1180 838 1428 900; x_wconf 85' lang='grc' dir='ltr'>νεοσσοὺς</span> <span class='ocrx_word' id='word_1_52' title='bbox 1445 839 1778 915; x_wconf 69' lang='grc' dir='ltr'>περιστερῶν</span> 
     </span>
    </p>
   </div>
   <div class='ocr_carea' id='block_1_10' title="bbox 198 920 1779 1001">
    <p class='ocr_par' dir='ltr' id='par_1_10' title="bbox 198 920 1779 1001">
     <span class='ocr_line' id='line_1_10' title="bbox 198 920 1779 1001; baseline 0.007 -29"><span class='ocrx_word' id='word_1_53' title='bbox 198 920 264 973; x_wconf 81' lang='grc' dir='ltr'>τὸ</span> <span class='ocrx_word' id='word_1_54' title='bbox 296 923 638 990; x_wconf 80' lang='grc' dir='ltr'><strong>προνοεῖσθαι</strong></span> <span class='ocrx_word' id='word_1_55' title='bbox 674 924 835 989; x_wconf 74' lang='grc' dir='ltr'>καλὰ,</span> <span class='ocrx_word' id='word_1_56' title='bbox 866 926 926 980; x_wconf 85' lang='grc' dir='ltr'><strong>οὐ</strong></span> <span class='ocrx_word' id='word_1_57' title='bbox 962 927 1119 997; x_wconf 88' lang='grc' dir='ltr'>μόνον</span> <span class='ocrx_word' id='word_1_58' title='bbox 1148 927 1377 982; x_wconf 74' lang='grc' dir='ltr'>ἐνώπιον</span> <span class='ocrx_word' id='word_1_59' title='bbox 1399 930 1623 1001; x_wconf 81' lang='grc' dir='ltr'><strong>Κυρίου,</strong></span> <span class='ocrx_word' id='word_1_60' title='bbox 1643 930 1779 984; x_wconf 85' lang='grc' dir='ltr'>ἀλλὰ</span> 
     </span>
    </p>
   </div>
   <div class='ocr_carea' id='block_1_11' title="bbox 198 1015 1779 1093">
    <p class='ocr_par' dir='ltr' id='par_1_11' title="bbox 198 1015 1779 1093">
     <span class='ocr_line' id='line_1_11' title="bbox 198 1015 1779 1093; baseline 0.006 -26"><span class='ocrx_word' id='word_1_61' title='bbox 198 1015 299 1068; x_wconf 80' lang='grc' dir='ltr'><strong>καὶ</strong></span> <span class='ocrx_word' id='word_1_62' title='bbox 325 1015 555 1071; x_wconf 76' lang='grc' dir='ltr'>ἐνώπιον</span> <span class='ocrx_word' id='word_1_63' title='bbox 598 1017 921 1089; x_wconf 85' lang='grc' dir='ltr'>ἀνθρώπων,</span> <span class='ocrx_word' id='word_1_64' title='bbox 968 1021 1056 1074; x_wconf 82' lang='grc' dir='ltr'>ἵνα</span> <span class='ocrx_word' id='word_1_65' title='bbox 1089 1021 1265 1075; x_wconf 77' lang='grc' dir='ltr'>πάντα</span> <span class='ocrx_word' id='word_1_66' title='bbox 1293 1023 1387 1075; x_wconf 70' lang='grc' dir='ltr'><strong>καὶ</strong></span> <span class='ocrx_word' id='word_1_67' title='bbox 1423 1024 1585 1093; x_wconf 80' lang='grc' dir='ltr'><strong>ἡμεῖς</strong></span> <span class='ocrx_word' id='word_1_68' title='bbox 1624 1038 1779 1076; x_wconf 86' lang='grc' dir='ltr'>πνευ-</span> 
     </span>
    </p>
   </div>
   <div class='ocr_carea' id='block_1_12' title="bbox 201 1107 1776 1185">
    <p class='ocr_par' dir='ltr' id='par_1_12' title="bbox 201 1107 1776 1185">
     <span class='ocr_line' id='line_1_12' title="bbox 201 1107 1776 1185; baseline 0.004 -25"><span class='ocrx_word' id='word_1_69' title='bbox 201 1107 451 1177; x_wconf 82' lang='grc' dir='ltr'>ματικῶς</span> <span class='ocrx_word' id='word_1_70' title='bbox 483 1109 626 1163; x_wconf 86' lang='grc' dir='ltr'>κατὰ</span> <span class='ocrx_word' id='word_1_71' title='bbox 647 1110 738 1163; x_wconf 83' lang='grc' dir='ltr'><strong>τὸν</strong></span> <span class='ocrx_word' id='word_1_72' title='bbox 778 1111 919 1165; x_wconf 87' lang='grc' dir='ltr'>θεῖον</span> <span class='ocrx_word' id='word_1_73' title='bbox 950 1112 1112 1181; x_wconf 91' lang='grc' dir='ltr'>νόμον</span> <span class='ocrx_word' id='word_1_74' title='bbox 1140 1112 1484 1179; x_wconf 82' lang='grc' dir='ltr'><strong>τελέσαντες,</strong></span> <span class='ocrx_word' id='word_1_75' title='bbox 1529 1116 1586 1166; x_wconf 82' lang='grc' dir='ltr'>ὲν</span> <span class='ocrx_word' id='word_1_76' title='bbox 1614 1114 1776 1185; x_wconf 70' lang='grc' dir='ltr'>σοφίᾳ</span> 
     </span>
    </p>
   </div>
   <div class='ocr_carea' id='block_1_13' title="bbox 195 1200 1775 1279">
    <p class='ocr_par' dir='ltr' id='par_1_13' title="bbox 195 1200 1775 1279">
     <span class='ocr_line' id='line_1_13' title="bbox 195 1200 1775 1279; baseline 0.006 -27"><span class='ocrx_word' id='word_1_77' title='bbox 195 1215 262 1252; x_wconf 83' lang='grc' dir='ltr'><strong>τε</strong></span> <span class='ocrx_word' id='word_1_78' title='bbox 299 1200 395 1253; x_wconf 80' lang='grc' dir='ltr'><strong>καὶ</strong></span> <span class='ocrx_word' id='word_1_79' title='bbox 420 1200 600 1271; x_wconf 85' lang='grc' dir='ltr'>χάριτι</span> <span class='ocrx_word' id='word_1_80' title='bbox 645 1202 1064 1274; x_wconf 82' lang='grc' dir='ltr'>προκόπτοντες,</span> <span class='ocrx_word' id='word_1_81' title='bbox 1097 1207 1190 1259; x_wconf 76' lang='grc' dir='ltr'>καὶ</span> <span class='ocrx_word' id='word_1_82' title='bbox 1220 1208 1299 1270; x_wconf 85' lang='grc' dir='ltr'><strong>είς</strong></span> <span class='ocrx_word' id='word_1_83' title='bbox 1344 1207 1539 1279; x_wconf 81' lang='grc' dir='ltr'>μέτρον</span> <span class='ocrx_word' id='word_1_84' title='bbox 1562 1207 1775 1279; x_wconf 80' lang='grc' dir='ltr'>ἡλικίας</span> 
     </span>
    </p>
   </div>
   <div class='ocr_carea' id='block_1_14' title="bbox 194 1290 1774 1368">
    <p class='ocr_par' dir='ltr' id='par_1_14' title="bbox 194 1290 1774 1368">
     <span class='ocr_line' id='line_1_14' title="bbox 194 1290 1774 1368; baseline 0.007 -26"><span class='ocrx_word' id='word_1_85' title='bbox 194 1290 295 1344; x_wconf 89' lang='grc' dir='ltr'><strong>τοῦ</strong></span> <span class='ocrx_word' id='word_1_86' title='bbox 322 1292 681 1363; x_wconf 81' lang='grc' dir='ltr'>πληρώματος</span> <span class='ocrx_word' id='word_1_87' title='bbox 709 1294 800 1348; x_wconf 90' lang='grc' dir='ltr'><strong>τοῦ</strong></span> <span class='ocrx_word' id='word_1_88' title='bbox 824 1296 1059 1367; x_wconf 81' lang='grc' dir='ltr'>Χριστοῦ</span> <span class='ocrx_word' id='word_1_89' title='bbox 1094 1298 1405 1368; x_wconf 82' lang='grc' dir='ltr'>φθάνοντες,</span> <span class='ocrx_word' id='word_1_90' title='bbox 1435 1300 1527 1353; x_wconf 77' lang='grc' dir='ltr'><strong>καὶ</strong></span> <span class='ocrx_word' id='word_1_91' title='bbox 1556 1300 1648 1352; x_wconf 85' lang='grc' dir='ltr'><strong>τὸν</strong></span> <span class='ocrx_word' id='word_1_92' title='bbox 1668 1300 1774 1354; x_wconf 77' lang='grc' dir='ltr'>ἔσω</span> 
     </span>
    </p>
   </div>
   <div class='ocr_carea' id='block_1_15' title="bbox 194 1382 1774 1463">
    <p class='ocr_par' dir='ltr' id='par_1_15' title="bbox 194 1382 1774 1463">
     <span class='ocr_line' id='line_1_15' title="bbox 194 1382 1774 1463; baseline 0.007 -27"><span class='ocrx_word' id='word_1_93' title='bbox 194 1382 485 1453; x_wconf 81' lang='grc' dir='ltr'>ἄνθρωπον</span> <span class='ocrx_word' id='word_1_94' title='bbox 535 1385 918 1458; x_wconf 85' lang='grc' dir='ltr'>τελειούμενοι,</span> <span class='ocrx_word' id='word_1_95' title='bbox 966 1392 1060 1443; x_wconf 80' lang='grc' dir='ltr'><strong>καὶ</strong></span> <span class='ocrx_word' id='word_1_96' title='bbox 1090 1393 1407 1463; x_wconf 82' lang='grc' dir='ltr'>Πνεύματος</span> <span class='ocrx_word' id='word_1_97' title='bbox 1444 1393 1599 1462; x_wconf 80' lang='grc' dir='ltr'>ἁγίου</span> <span class='ocrx_word' id='word_1_98' title='bbox 1633 1394 1774 1463; x_wconf 80' lang='grc' dir='ltr'>γινόο</span> 
     </span>
    </p>
   </div>
   <div class='ocr_carea' id='block_1_16' title="bbox 199 1475 1771 1555">
    <p class='ocr_par' dir='ltr' id='par_1_16' title="bbox 199 1475 1771 1555">
     <span class='ocr_line' id='line_1_16' title="bbox 199 1475 1771 1555; baseline 0.008 -30"><span class='ocrx_word' id='word_1_99' title='bbox 199 1490 356 1543; x_wconf 86' lang='grc' dir='ltr'>μενοι</span> <span class='ocrx_word' id='word_1_100' title='bbox 410 1475 751 1548; x_wconf 79' lang='grc' dir='ltr'>ἐνδιαίτημα,</span> <span class='ocrx_word' id='word_1_101' title='bbox 796 1480 1223 1553; x_wconf 79' lang='grc' dir='ltr'>ὑποστρέψωμεν</span> <span class='ocrx_word' id='word_1_102' title='bbox 1273 1486 1351 1547; x_wconf 88' lang='grc' dir='ltr'><strong>είς</strong></span> <span class='ocrx_word' id='word_1_103' title='bbox 1394 1484 1493 1555; x_wconf 83' lang='grc' dir='ltr'>τὴν</span> <span class='ocrx_word' id='word_1_104' title='bbox 1539 1485 1771 1554; x_wconf 81' lang='grc' dir='ltr'>πατρίδα</span> 
     </span>
    </p>
   </div>
   <div class='ocr_carea' id='block_1_17' title="bbox 194 1565 1771 1651">
    <p class='ocr_par' dir='ltr' id='par_1_17' title="bbox 194 1565 1771 1651">
     <span class='ocr_line' id='line_1_17' title="bbox 194 1565 1771 1651; baseline 0.01 -34"><span class='ocrx_word' id='word_1_105' title='bbox 194 1565 357 1635; x_wconf 78' lang='grc' dir='ltr'>ἡμῶν</span> <span class='ocrx_word' id='word_1_106' title='bbox 382 1566 480 1637; x_wconf 81' lang='grc' dir='ltr'><strong>τὴν</strong></span> <span class='ocrx_word' id='word_1_107' title='bbox 510 1567 786 1641; x_wconf 76' lang='grc' dir='ltr'>ἀληθινὴν,</span> <span class='ocrx_word' id='word_1_108' title='bbox 804 1570 901 1641; x_wconf 82' lang='grc' dir='ltr'><strong>τὴν</strong></span> <span class='ocrx_word' id='word_1_109' title='bbox 922 1573 1236 1644; x_wconf 80' lang='grc' dir='ltr'>ἐπουράνιον</span> <span class='ocrx_word' id='word_1_110' title='bbox 1261 1576 1631 1648; x_wconf 85' lang='grc' dir='ltr'>Ἰερουσαλὴμ,</span> <span class='ocrx_word' id='word_1_111' title='bbox 1652 1579 1707 1632; x_wconf 87' lang='grc' dir='ltr'>ὲν</span> 
     </span>
    </p>
   </div>
   <div class='ocr_carea' id='block_1_18' title="bbox 195 1659 1767 1742">
    <p class='ocr_par' dir='ltr' id='par_1_18' title="bbox 195 1659 1767 1742">
     <span class='ocr_line' id='line_1_18' title="bbox 195 1659 1767 1742; baseline 0.01 -32"><span class='ocrx_word' id='word_1_112' title='bbox 195 1659 665 1731; x_wconf 83' lang='grc' dir='ltr'>καταξιωθείημεν</span> <span class='ocrx_word' id='word_1_113' title='bbox 690 1664 789 1733; x_wconf 83' lang='grc' dir='ltr'>τῆς</span> <span class='ocrx_word' id='word_1_114' title='bbox 839 1670 1111 1738; x_wconf 86' lang='grc' dir='ltr'>μακαρίας</span> <span class='ocrx_word' id='word_1_115' title='bbox 1148 1669 1241 1721; x_wconf 78' lang='grc' dir='ltr'><strong>καὶ</strong></span> <span class='ocrx_word' id='word_1_116' title='bbox 1268 1668 1546 1740; x_wconf 81' lang='grc' dir='ltr'>διηνεκοῦς</span> <span class='ocrx_word' id='word_1_117' title='bbox 1572 1671 1767 1742; x_wconf 80' lang='grc' dir='ltr'>εὐφρο-</span> 
     </span>
    </p>
   </div>
   <div class='ocr_carea' id='block_1_19' title="bbox 194 1750 1762 1831">
    <p class='ocr_par' dir='ltr' id='par_1_19' title="bbox 194 1750 1762 1831">
     <span class='ocr_line' id='line_1_19' title="bbox 194 1750 1762 1831; baseline 0.008 -28"><span class='ocrx_word' id='word_1_118' title='bbox 194 1750 363 1821; x_wconf 82' lang='grc' dir='ltr'>σύνης</span> <span class='ocrx_word' id='word_1_119' title='bbox 390 1769 449 1805; x_wconf 91' lang='grc' dir='ltr'><strong>τε</strong></span> <span class='ocrx_word' id='word_1_120' title='bbox 480 1753 570 1806; x_wconf 77' lang='grc' dir='ltr'><strong>καὶ</strong></span> <span class='ocrx_word' id='word_1_121' title='bbox 605 1753 879 1823; x_wconf 85' lang='grc' dir='ltr'>βασιλείας</span> <span class='ocrx_word' id='word_1_122' title='bbox 908 1757 1198 1813; x_wconf 82' lang='grc' dir='ltr'>ἀπολαύειν</span> <span class='ocrx_word' id='word_1_123' title='bbox 1224 1760 1281 1812; x_wconf 87' lang='grc' dir='ltr'>ὲν</span> <span class='ocrx_word' id='word_1_124' title='bbox 1310 1760 1530 1831; x_wconf 80' lang='grc' dir='ltr'>Χριστῷ</span> <span class='ocrx_word' id='word_1_125' title='bbox 1568 1760 1762 1831; x_wconf 80' lang='grc' dir='ltr'>Ἰησοῦ,</span> 
     </span>
    </p>
   </div>
   <div class='ocr_carea' id='block_1_20' title="bbox 1874 570 3446 645">
    <p class='ocr_par' dir='ltr' id='par_1_20' title="bbox 1874 570 3446 645">
     <span class='ocr_line' id='line_1_20' title="bbox 1874 570 3446 645; baseline 0.006 -22"><span class='ocrx_word' id='word_1_126' title='bbox 1874 570 2035 640; x_wconf 78' lang='lat' dir='ltr'><strong>juxta</strong></span> <span class='ocrx_word' id='word_1_127' title='bbox 2071 573 2401 627; x_wconf 88' lang='lat' dir='ltr'><strong>sententiam</strong></span> <span class='ocrx_word' id='word_1_128' title='bbox 2441 574 2759 637; x_wconf 82' lang='lat' dir='ltr'><strong>verborum,</strong></span> <span class='ocrx_word' id='word_1_129' title='bbox 2807 588 2928 643; x_wconf 75' lang='lat' dir='ltr'><strong>qua:</strong></span> <span class='ocrx_word' id='word_1_130' title='bbox 2985 588 3046 629; x_wconf 85' lang='lat' dir='ltr'><strong>se</strong></span> <span class='ocrx_word' id='word_1_131' title='bbox 3104 574 3279 645; x_wconf 87' lang='lat' dir='ltr'><strong>prima</strong></span> <span class='ocrx_word' id='word_1_132' title='bbox 3323 574 3446 632; x_wconf 84' lang='lat' dir='ltr'><strong>acie</strong></span> 
     </span>
    </p>
   </div>
   <div class='ocr_carea' id='block_1_21' title="bbox 1879 664 3445 738">
    <p class='ocr_par' dir='ltr' id='par_1_21' title="bbox 1879 664 3445 738">
     <span class='ocr_line' id='line_1_21' title="bbox 1879 664 3445 738; baseline 0.002 -19"><span class='ocrx_word' id='word_1_133' title='bbox 1879 664 2059 728; x_wconf 75' lang='lat' dir='ltr'><strong>ollert,</strong></span> <span class='ocrx_word' id='word_1_134' title='bbox 2096 681 2165 722; x_wconf 91' lang='lat' dir='ltr'><strong>ne</strong></span> <span class='ocrx_word' id='word_1_135' title='bbox 2204 666 2475 723; x_wconf 82' lang='lat' dir='ltr'><strong>deseratis</strong></span> <span class='ocrx_word' id='word_1_136' title='bbox 2511 667 2872 722; x_wconf 87' lang='lat' dir='ltr'><strong>imitationem</strong></span> <span class='ocrx_word' id='word_1_137' title='bbox 2908 666 3292 737; x_wconf 62' lang='lat' dir='ltr'><strong>prophetissw,</strong></span> <span class='ocrx_word' id='word_1_138' title='bbox 3320 668 3445 738; x_wconf 88' lang='lat' dir='ltr'><strong>qui-</strong></span> 
     </span>
    </p>
   </div>
   <div class='ocr_carea' id='block_1_22' title="bbox 1878 758 3444 830">
    <p class='ocr_par' dir='ltr' id='par_1_22' title="bbox 1878 758 3444 830">
     <span class='ocr_line' id='line_1_22' title="bbox 1878 758 3444 830; baseline 0.002 -20"><span class='ocrx_word' id='word_1_139' title='bbox 1878 770 2155 827; x_wconf 90' lang='lat' dir='ltr'><strong>cunquea</strong></span> <span class='ocrx_word' id='word_1_140' title='bbox 2204 758 2579 829; x_wconf 77' lang='lat' dir='ltr'><strong>singularibus</strong></span> <span class='ocrx_word' id='word_1_141' title='bbox 2625 760 2832 830; x_wconf 85' lang='lat' dir='ltr'><strong>nuptiis</strong></span> <span class='ocrx_word' id='word_1_142' title='bbox 2886 760 3053 815; x_wconf 89' lang='lat' dir='ltr'><strong>soluti</strong></span> <span class='ocrx_word' id='word_1_143' title='bbox 3116 766 3171 813; x_wconf 88' lang='lat' dir='ltr'><strong>et</strong></span> <span class='ocrx_word' id='word_1_144' title='bbox 3226 759 3444 815; x_wconf 88' lang='lat' dir='ltr'><strong>liberati</strong></span> 
     </span>
    </p>
   </div>
   <div class='ocr_carea' id='block_1_23' title="bbox 1878 846 3445 918">
    <p class='ocr_par' dir='ltr' id='par_1_23' title="bbox 1878 846 3445 918">
     <span class='ocr_line' id='line_1_23' title="bbox 1878 846 3445 918; baseline 0 -17"><span class='ocrx_word' id='word_1_145' title='bbox 1878 846 2059 911; x_wconf 92' lang='lat' dir='ltr'><strong>estis;</strong></span> <span class='ocrx_word' id='word_1_146' title='bbox 2091 862 2155 902; x_wconf 89' lang='lat' dir='ltr'><strong>ac</strong></span> <span class='ocrx_word' id='word_1_147' title='bbox 2183 848 2231 903; x_wconf 90' lang='lat' dir='ltr'><strong>si</strong></span> <span class='ocrx_word' id='word_1_148' title='bbox 2282 846 2398 902; x_wconf 84' lang='lat' dir='ltr'><strong>ﬂeri</strong></span> <span class='ocrx_word' id='word_1_149' title='bbox 2446 856 2649 918; x_wconf 88' lang='lat' dir='ltr'><strong>potest,</strong></span> <span class='ocrx_word' id='word_1_150' title='bbox 2688 849 2754 901; x_wconf 90' lang='lat' dir='ltr'><strong>ad</strong></span> <span class='ocrx_word' id='word_1_151' title='bbox 2793 848 3069 903; x_wconf 89' lang='lat' dir='ltr'><strong>secundas</strong></span> <span class='ocrx_word' id='word_1_152' title='bbox 3099 849 3325 918; x_wconf 84' lang='lat' dir='ltr'><strong>nuptias</strong></span> <span class='ocrx_word' id='word_1_153' title='bbox 3376 862 3445 901; x_wconf 93' lang='lat' dir='ltr'><strong>ne</strong></span> 
     </span>
    </p>
   </div>
   <div class='ocr_carea' id='block_1_24' title="bbox 1879 937 3442 995">
    <p class='ocr_par' dir='ltr' id='par_1_24' title="bbox 1879 937 3442 995">
     <span class='ocr_line' id='line_1_24' title="bbox 1879 937 3442 995; baseline 0.001 -4"><span class='ocrx_word' id='word_1_154' title='bbox 1879 937 2192 993; x_wconf 89' lang='lat' dir='ltr'><strong>transeatis.</strong></span> <span class='ocrx_word' id='word_1_155' title='bbox 2218 937 2352 992; x_wconf 84' lang='lat' dir='ltr'><strong>Nam</strong></span> <span class='ocrx_word' id='word_1_156' title='bbox 2377 939 2451 993; x_wconf 89' lang='lat' dir='ltr'><strong>ita</strong></span> <span class='ocrx_word' id='word_1_157' title='bbox 2474 940 2669 995; x_wconf 84' lang='lat' dir='ltr'><strong>melius</strong></span> <span class='ocrx_word' id='word_1_158' title='bbox 2689 939 2968 995; x_wconf 84' lang='lat' dir='ltr'><strong>vobiscum</strong></span> <span class='ocrx_word' id='word_1_159' title='bbox 2992 939 3059 993; x_wconf 89' lang='lat' dir='ltr'><strong>iri</strong></span> <span class='ocrx_word' id='word_1_160' title='bbox 3081 939 3271 994; x_wconf 89' lang='lat' dir='ltr'><strong>beatus</strong></span> <span class='ocrx_word' id='word_1_161' title='bbox 3297 937 3442 992; x_wconf 92' lang='lat' dir='ltr'><strong>Pau-</strong></span> 
     </span>
    </p>
   </div>
   <div class='ocr_carea' id='block_1_25' title="bbox 1878 1027 3445 1100">
    <p class='ocr_par' dir='ltr' id='par_1_25' title="bbox 1878 1027 3445 1100">
     <span class='ocr_line' id='line_1_25' title="bbox 1878 1027 3445 1100; baseline -0.004 -12"><span class='ocrx_word' id='word_1_162' title='bbox 1878 1028 1983 1093; x_wconf 85' lang='lat' dir='ltr'><strong>lus,</strong></span> <span class='ocrx_word' id='word_1_163' title='bbox 2000 1030 2144 1100; x_wconf 86' lang='lat' dir='ltr'><strong>quod</strong></span> <span class='ocrx_word' id='word_1_164' title='bbox 2164 1030 2231 1083; x_wconf 86' lang='lat' dir='ltr'><strong>ad</strong></span> <span class='ocrx_word' id='word_1_165' title='bbox 2247 1030 2349 1085; x_wconf 91' lang='lat' dir='ltr'><strong>hoc</strong></span> <span class='ocrx_word' id='word_1_166' title='bbox 2370 1031 2565 1084; x_wconf 90' lang='lat' dir='ltr'><strong>attinet</strong></span> <span class='ocrx_word' id='word_1_167' title='bbox 2588 1030 2889 1098; x_wconf 79' lang='lat' dir='ltr'><strong>negotium,</strong></span> <span class='ocrx_word' id='word_1_168' title='bbox 2906 1028 3211 1085; x_wconf 83' lang='lat' dir='ltr'><strong>confirmat.</strong></span> <span class='ocrx_word' id='word_1_169' title='bbox 3234 1027 3445 1084; x_wconf 79' lang='lat' dir='ltr'><strong>Oﬂ‘era-</strong></span> 
     </span>
    </p>
   </div>
   <div class='ocr_carea' id='block_1_26' title="bbox 1876 1120 3443 1191">
    <p class='ocr_par' dir='ltr' id='par_1_26' title="bbox 1876 1120 3443 1191">
     <span class='ocr_line' id='line_1_26' title="bbox 1876 1120 3443 1191; baseline 0.001 -18"><span class='ocrx_word' id='word_1_170' title='bbox 1876 1135 1999 1175; x_wconf 87' lang='lat' dir='ltr'><strong>mus</strong></span> <span class='ocrx_word' id='word_1_171' title='bbox 2022 1121 2187 1174; x_wconf 91' lang='lat' dir='ltr'><strong>etiam</strong></span> <span class='ocrx_word' id='word_1_172' title='bbox 2238 1135 2339 1176; x_wconf 89' lang='lat' dir='ltr'><strong>nos</strong></span> <span class='ocrx_word' id='word_1_173' title='bbox 2378 1120 2447 1175; x_wconf 90' lang='lat' dir='ltr'><strong>ad</strong></span> <span class='ocrx_word' id='word_1_174' title='bbox 2482 1136 2741 1191; x_wconf 84' lang='lat' dir='ltr'><strong>superum</strong></span> <span class='ocrx_word' id='word_1_175' title='bbox 2797 1121 2969 1175; x_wconf 87' lang='lat' dir='ltr'><strong>altare</strong></span> <span class='ocrx_word' id='word_1_176' title='bbox 3031 1128 3292 1190; x_wconf 87' lang='lat' dir='ltr'><strong>tanquam</strong></span> <span class='ocrx_word' id='word_1_177' title='bbox 3345 1136 3443 1191; x_wconf 90' lang='lat' dir='ltr'><strong>par</strong></span> 
     </span>
    </p>
   </div>
   <div class='ocr_carea' id='block_1_27' title="bbox 1877 1212 3443 1283">
    <p class='ocr_par' dir='ltr' id='par_1_27' title="bbox 1877 1212 3443 1283">
     <span class='ocr_line' id='line_1_27' title="bbox 1877 1212 3443 1283; baseline -0.002 -16"><span class='ocrx_word' id='word_1_178' title='bbox 1877 1221 2177 1274; x_wconf 89' lang='lat' dir='ltr'><strong>turturum,</strong></span> <span class='ocrx_word' id='word_1_179' title='bbox 2209 1212 2376 1266; x_wconf 87' lang='lat' dir='ltr'><strong>animi</strong></span> <span class='ocrx_word' id='word_1_180' title='bbox 2408 1222 2463 1268; x_wconf 91' lang='lat' dir='ltr'><strong>et</strong></span> <span class='ocrx_word' id='word_1_181' title='bbox 2511 1213 2761 1283; x_wconf 90' lang='lat' dir='ltr'><strong>corporis</strong></span> <span class='ocrx_word' id='word_1_182' title='bbox 2806 1213 3096 1283; x_wconf 87' lang='lat' dir='ltr'><strong>puritatem</strong></span> <span class='ocrx_word' id='word_1_183' title='bbox 3124 1229 3139 1266; x_wconf 88' lang='lat'><strong>:</strong></span> <span class='ocrx_word' id='word_1_184' title='bbox 3196 1219 3291 1265; x_wconf 90' lang='lat' dir='ltr'><strong>aut</strong></span> <span class='ocrx_word' id='word_1_185' title='bbox 3321 1221 3443 1264; x_wconf 92' lang='lat' dir='ltr'><strong>tan-</strong></span> 
     </span>
    </p>
   </div>
   <div class='ocr_carea' id='block_1_28' title="bbox 1874 1300 3443 1372">
    <p class='ocr_par' dir='ltr' id='par_1_28' title="bbox 1874 1300 3443 1372">
     <span class='ocr_line' id='line_1_28' title="bbox 1874 1300 3443 1372; baseline 0 -17"><span class='ocrx_word' id='word_1_186' title='bbox 1874 1316 2037 1371; x_wconf 90' lang='lat' dir='ltr'><strong>quam</strong></span> <span class='ocrx_word' id='word_1_187' title='bbox 2072 1300 2210 1356; x_wconf 87' lang='lat' dir='ltr'><strong>duos</strong></span> <span class='ocrx_word' id='word_1_188' title='bbox 2240 1302 2418 1372; x_wconf 91' lang='lat' dir='ltr'><strong>pullos</strong></span> <span class='ocrx_word' id='word_1_189' title='bbox 2449 1302 2854 1368; x_wconf 88' lang='lat' dir='ltr'><strong>columbarum,</strong></span> <span class='ocrx_word' id='word_1_190' title='bbox 2916 1300 3288 1372; x_wconf 90' lang='lat' dir='ltr'><strong>provisionem</strong></span> <span class='ocrx_word' id='word_1_191' title='bbox 3340 1301 3443 1356; x_wconf 93' lang='lat' dir='ltr'><strong>bo-</strong></span> 
     </span>
    </p>
   </div>
   <div class='ocr_carea' id='block_1_29' title="bbox 1873 1392 3442 1456">
    <p class='ocr_par' dir='ltr' id='par_1_29' title="bbox 1873 1392 3442 1456">
     <span class='ocr_line' id='line_1_29' title="bbox 1873 1392 3442 1456; baseline -0.001 -11"><span class='ocrx_word' id='word_1_192' title='bbox 1873 1408 2070 1447; x_wconf 89' lang='lat' dir='ltr'><strong>narum</strong></span> <span class='ocrx_word' id='word_1_193' title='bbox 2113 1401 2207 1446; x_wconf 93' lang='lat' dir='ltr'><strong>aut</strong></span> <span class='ocrx_word' id='word_1_194' title='bbox 2238 1393 2587 1450; x_wconf 88' lang='lat' dir='ltr'><strong>honestarum</strong></span> <span class='ocrx_word' id='word_1_195' title='bbox 2629 1408 2834 1456; x_wconf 88' lang='lat' dir='ltr'><strong>rerum,</strong></span> <span class='ocrx_word' id='word_1_196' title='bbox 2868 1408 2977 1448; x_wconf 91' lang='lat' dir='ltr'><strong>non</strong></span> <span class='ocrx_word' id='word_1_197' title='bbox 3027 1392 3207 1447; x_wconf 89' lang='lat' dir='ltr'><strong>solum</strong></span> <span class='ocrx_word' id='word_1_198' title='bbox 3255 1404 3442 1446; x_wconf 89' lang='lat' dir='ltr'><strong>coram</strong></span> 
     </span>
    </p>
   </div>
   <div class='ocr_carea' id='block_1_30' title="bbox 1875 1483 3442 1551">
    <p class='ocr_par' dir='ltr' id='par_1_30' title="bbox 1875 1483 3442 1551">
     <span class='ocr_line' id='line_1_30' title="bbox 1875 1483 3442 1551; baseline -0.001 -14"><span class='ocrx_word' id='word_1_199' title='bbox 1875 1483 2128 1548; x_wconf 87' lang='lat' dir='ltr'><strong>Domino,</strong></span> <span class='ocrx_word' id='word_1_200' title='bbox 2161 1500 2350 1540; x_wconf 90' lang='lat' dir='ltr'><strong>verum</strong></span> <span class='ocrx_word' id='word_1_201' title='bbox 2378 1486 2540 1539; x_wconf 87' lang='lat' dir='ltr'><strong>etiam</strong></span> <span class='ocrx_word' id='word_1_202' title='bbox 2570 1500 2759 1541; x_wconf 91' lang='lat' dir='ltr'><strong>coram</strong></span> <span class='ocrx_word' id='word_1_203' title='bbox 2788 1485 3128 1551; x_wconf 90' lang='lat' dir='ltr'><strong>hominibus,</strong></span> <span class='ocrx_word' id='word_1_204' title='bbox 3185 1491 3245 1537; x_wconf 91' lang='lat' dir='ltr'><strong>ut</strong></span> <span class='ocrx_word' id='word_1_205' title='bbox 3274 1483 3442 1537; x_wconf 88' lang='lat' dir='ltr'><strong>etiam</strong></span> 
     </span>
    </p>
   </div>
   <div class='ocr_carea' id='block_1_31' title="bbox 1873 1571 3441 1646">
    <p class='ocr_par' dir='ltr' id='par_1_31' title="bbox 1873 1571 3441 1646">
     <span class='ocr_line' id='line_1_31' title="bbox 1873 1571 3441 1646; baseline -0.003 -18"><span class='ocrx_word' id='word_1_206' title='bbox 1873 1589 1976 1631; x_wconf 92' lang='lat' dir='ltr'><strong>nos</strong></span> <span class='ocrx_word' id='word_1_207' title='bbox 2014 1573 2289 1639; x_wconf 87' lang='lat' dir='ltr'><strong>omnibus,</strong></span> <span class='ocrx_word' id='word_1_208' title='bbox 2326 1589 2447 1645; x_wconf 66' lang='lat' dir='ltr'><strong>quae</strong></span> <span class='ocrx_word' id='word_1_209' title='bbox 2482 1576 2566 1631; x_wconf 82' lang='lat' dir='ltr'><strong>lex</strong></span> <span class='ocrx_word' id='word_1_210' title='bbox 2595 1576 2780 1631; x_wconf 91' lang='lat' dir='ltr'><strong>divina</strong></span> <span class='ocrx_word' id='word_1_211' title='bbox 2806 1573 3141 1646; x_wconf 67' lang='lat' dir='ltr'><strong>praescribit,</strong></span> <span class='ocrx_word' id='word_1_212' title='bbox 3173 1571 3441 1643; x_wconf 82' lang='lat' dir='ltr'><strong>Spiritua-</strong></span> 
     </span>
    </p>
   </div>
   <div class='ocr_carea' id='block_1_32' title="bbox 1874 1648 3442 1739">
    <p class='ocr_par' dir='ltr' id='par_1_32' title="bbox 1874 1648 3442 1739">
     <span class='ocr_line' id='line_1_32' title="bbox 1874 1648 3442 1739; baseline -0.001 -19"><span class='ocrx_word' id='word_1_213' title='bbox 1874 1666 2001 1721; x_wconf 88' lang='lat' dir='ltr'><strong>liter</strong></span> <span class='ocrx_word' id='word_1_214' title='bbox 2035 1665 2284 1721; x_wconf 83' lang='lat' dir='ltr'><strong>defuncti</strong></span> <span class='ocrx_word' id='word_1_215' title='bbox 2317 1676 2371 1723; x_wconf 90' lang='lat' dir='ltr'><strong>et</strong></span> <span class='ocrx_word' id='word_1_216' title='bbox 2425 1669 2695 1738; x_wconf 86' lang='lat' dir='ltr'><strong>sapientia</strong></span> <span class='ocrx_word' id='word_1_217' title='bbox 2729 1684 2793 1722; x_wconf 90' lang='lat' dir='ltr'><strong>ac</strong></span> <span class='ocrx_word' id='word_1_218' title='bbox 2838 1668 3015 1739; x_wconf 80' lang='lat' dir='ltr'><strong>gratia</strong></span> <span class='ocrx_word' id='word_1_219' title='bbox 3064 1648 3442 1737; x_wconf 67' lang='lat' dir='ltr'><strong>proﬁcientes,</strong></span> 
     </span>
    </p>
   </div>
   <div class='ocr_carea' id='block_1_33' title="bbox 1872 1757 3438 1829">
    <p class='ocr_par' dir='ltr' id='par_1_33' title="bbox 1872 1757 3438 1829">
     <span class='ocr_line' id='line_1_33' title="bbox 1872 1757 3438 1829; baseline -0.004 -14"><span class='ocrx_word' id='word_1_220' title='bbox 1872 1768 1926 1815; x_wconf 90' lang='lat' dir='ltr'><strong>et</strong></span> <span class='ocrx_word' id='word_1_221' title='bbox 1959 1758 2027 1814; x_wconf 89' lang='lat' dir='ltr'><strong>ad</strong></span> <span class='ocrx_word' id='word_1_222' title='bbox 2055 1774 2374 1815; x_wconf 86' lang='lat' dir='ltr'><strong>mensuram</strong></span> <span class='ocrx_word' id='word_1_223' title='bbox 2399 1761 2571 1828; x_wconf 84' lang='lat' dir='ltr'><strong>plenae</strong></span> <span class='ocrx_word' id='word_1_224' title='bbox 2596 1763 2774 1816; x_wconf 71' lang='lat' dir='ltr'><strong>aztatis</strong></span> <span class='ocrx_word' id='word_1_225' title='bbox 2794 1760 3001 1816; x_wconf 86' lang='lat' dir='ltr'><strong>Christi</strong></span> <span class='ocrx_word' id='word_1_226' title='bbox 3033 1757 3438 1829; x_wconf 83' lang='lat' dir='ltr'><strong>pervenientes,</strong></span> 
     </span>
    </p>
   </div>
   <div class='ocr_carea' id='block_1_34' title="bbox 190 1835 1751 1926">
    <p class='ocr_par' dir='ltr' id='par_1_34' title="bbox 190 1835 1751 1924">
     <span class='ocr_line' id='line_1_34' title="bbox 190 1835 1751 1924; baseline 0.008 -29"><span class='ocrx_word' id='word_1_227' title='bbox 190 1835 237 1910; x_wconf 81' lang='grc' dir='ltr'><strong>ᾧ</strong></span> <span class='ocrx_word' id='word_1_228' title='bbox 265 1842 391 1908; x_wconf 80' lang='grc' dir='ltr'>δόξα</span> <span class='ocrx_word' id='word_1_229' title='bbox 428 1845 523 1897; x_wconf 77' lang='grc' dir='ltr'>καὶ</span> <span class='ocrx_word' id='word_1_230' title='bbox 550 1846 747 1917; x_wconf 79' lang='grc' dir='ltr'>κράτος</span> <span class='ocrx_word' id='word_1_231' title='bbox 770 1847 865 1901; x_wconf 79' lang='grc' dir='ltr'><strong>σὺν</strong></span> <span class='ocrx_word' id='word_1_232' title='bbox 887 1848 964 1920; x_wconf 84' lang='grc' dir='ltr'>τῷ</span> <span class='ocrx_word' id='word_1_233' title='bbox 986 1851 1158 1921; x_wconf 74' lang='grc' dir='ltr'>Πατρὶ</span> <span class='ocrx_word' id='word_1_234' title='bbox 1204 1852 1297 1905; x_wconf 74' lang='grc' dir='ltr'>καὶ</span> <span class='ocrx_word' id='word_1_235' title='bbox 1323 1852 1400 1923; x_wconf 84' lang='grc' dir='ltr'><strong>τῷ</strong></span> <span class='ocrx_word' id='word_1_236' title='bbox 1433 1854 1572 1924; x_wconf 81' lang='grc' dir='ltr'>ἁγίῳ</span> <span class='ocrx_word' id='word_1_237' title='bbox 1596 1854 1751 1906; x_wconf 75' lang='lat' dir='ltr'><strong>Ilvati-</strong></span> 
     </span>
    </p>
   </div>
   <div class='ocr_carea' id='block_1_35' title="bbox 1860 1835 3435 1926">
    <p class='ocr_par' dir='ltr' id='par_1_35' title="bbox 1870 1847 3435 1924">
     <span class='ocr_line' id='line_1_35' title="bbox 1870 1847 3435 1924; baseline -0.004 -16"><span class='ocrx_word' id='word_1_238' title='bbox 1870 1861 1924 1908; x_wconf 91' lang='lat' dir='ltr'><strong>et</strong></span> <span class='ocrx_word' id='word_1_239' title='bbox 1952 1855 2167 1909; x_wconf 89' lang='lat' dir='ltr'><strong>interno</strong></span> <span class='ocrx_word' id='word_1_240' title='bbox 2199 1854 2419 1909; x_wconf 89' lang='lat' dir='ltr'><strong>homine</strong></span> <span class='ocrx_word' id='word_1_241' title='bbox 2447 1853 2695 1924; x_wconf 85' lang='lat' dir='ltr'><strong>perfecti,</strong></span> <span class='ocrx_word' id='word_1_242' title='bbox 2738 1861 2792 1908; x_wconf 92' lang='lat' dir='ltr'><strong>et</strong></span> <span class='ocrx_word' id='word_1_243' title='bbox 2826 1852 3070 1924; x_wconf 87' lang='lat' dir='ltr'><strong>Spiritus</strong></span> <span class='ocrx_word' id='word_1_244' title='bbox 3124 1850 3304 1905; x_wconf 80' lang='lat' dir='ltr'><strong>sancti</strong></span> <span class='ocrx_word' id='word_1_245' title='bbox 3337 1847 3435 1902; x_wconf 88' lang='lat' dir='ltr'><strong>do-</strong></span> 
     </span>
    </p>
   </div>
   <div class='ocr_carea' id='block_1_36' title="bbox 194 1929 1760 2006">
    <p class='ocr_par' dir='ltr' id='par_1_36' title="bbox 194 1929 1760 2006">
     <span class='ocr_line' id='line_1_36' title="bbox 194 1929 1760 2006; baseline 0.012 -27"><span class='ocrx_word' id='word_1_246' title='bbox 194 1945 351 1998; x_wconf 87' lang='grc' dir='ltr'>ματι,</span> <span class='ocrx_word' id='word_1_247' title='bbox 384 1929 480 1984; x_wconf 89' lang='grc' dir='ltr'><strong>νῦν</strong></span> <span class='ocrx_word' id='word_1_248' title='bbox 529 1932 623 1986; x_wconf 79' lang='grc' dir='ltr'>καὶ</span> <span class='ocrx_word' id='word_1_249' title='bbox 654 1934 741 1989; x_wconf 75' lang='grc' dir='ltr'><strong>ἀεὶ</strong></span> <span class='ocrx_word' id='word_1_250' title='bbox 774 1935 867 1989; x_wconf 77' lang='grc' dir='ltr'><strong>καὶ</strong></span> <span class='ocrx_word' id='word_1_251' title='bbox 900 1938 980 2001; x_wconf 75' lang='grc' dir='ltr'><strong>εἰς</strong></span> <span class='ocrx_word' id='word_1_252' title='bbox 1008 1938 1132 2003; x_wconf 84' lang='grc' dir='ltr'>τοὺς</span> <span class='ocrx_word' id='word_1_253' title='bbox 1162 1940 1362 2006; x_wconf 74' lang='grc' dir='ltr'>αἰῶνας</span> <span class='ocrx_word' id='word_1_254' title='bbox 1387 1942 1495 1997; x_wconf 86' lang='grc' dir='ltr'><strong>τῶν</strong></span> <span class='ocrx_word' id='word_1_255' title='bbox 1529 1941 1760 1998; x_wconf 76' lang='grc' dir='ltr'>αἰώνων.</span> 
     </span>
    </p>
   </div>
   <div class='ocr_carea' id='block_1_37' title="bbox 203 2021 403 2093">
    <p class='ocr_par' dir='ltr' id='par_1_37' title="bbox 203 2021 403 2093">
     <span class='ocr_line' id='line_1_37' title="bbox 203 2021 403 2093; baseline 0.02 -21"><span class='ocrx_word' id='word_1_256' title='bbox 203 2021 403 2093; x_wconf 86' lang='grc' dir='ltr'>Ἀμήν.</span> 
     </span>
    </p>
   </div>
   <div class='ocr_carea' id='block_1_38' title="bbox 1871 1936 3439 2011">
    <p class='ocr_par' dir='ltr' id='par_1_38' title="bbox 1871 1936 3439 2011">
     <span class='ocr_line' id='line_1_38' title="bbox 1871 1936 3439 2011; baseline -0.004 -13"><span class='ocrx_word' id='word_1_257' title='bbox 1871 1943 2139 1999; x_wconf 91' lang='lat' dir='ltr'><strong>micilium</strong></span> <span class='ocrx_word' id='word_1_258' title='bbox 2166 1945 2485 2011; x_wconf 85' lang='lat' dir='ltr'><strong>evadentes,</strong></span> <span class='ocrx_word' id='word_1_259' title='bbox 2523 1951 2868 2000; x_wconf 90' lang='lat' dir='ltr'><strong>revertamur</strong></span> <span class='ocrx_word' id='word_1_260' title='bbox 2927 1944 2984 1997; x_wconf 90' lang='lat' dir='ltr'><strong>in</strong></span> <span class='ocrx_word' id='word_1_261' title='bbox 3043 1936 3303 2011; x_wconf 80' lang='lat' dir='ltr'><strong>patriam&#39;</strong></span> <span class='ocrx_word' id='word_1_262' title='bbox 3340 1954 3439 1992; x_wconf 91' lang='lat' dir='ltr'><strong>no-</strong></span> 
     </span>
    </p>
   </div>
   <div class='ocr_carea' id='block_1_39' title="bbox 1870 2030 3438 2113">
    <p class='ocr_par' dir='ltr' id='par_1_39' title="bbox 1870 2030 3438 2113">
     <span class='ocr_line' id='line_1_39' title="bbox 1870 2030 3438 2113; baseline -0.005 -22"><span class='ocrx_word' id='word_1_263' title='bbox 1870 2046 2041 2091; x_wconf 91' lang='lat' dir='ltr'><strong>stram</strong></span> <span class='ocrx_word' id='word_1_264' title='bbox 2088 2053 2295 2103; x_wconf 87' lang='lat' dir='ltr'><strong>veram,</strong></span> <span class='ocrx_word' id='word_1_265' title='bbox 2349 2040 2628 2094; x_wconf 73' lang='lat' dir='ltr'><strong>ctelestem</strong></span> <span class='ocrx_word' id='word_1_266' title='bbox 2664 2036 3084 2113; x_wconf 82' lang='lat' dir='ltr'><strong>Jurosolymam,</strong></span> <span class='ocrx_word' id='word_1_267' title='bbox 3118 2035 3172 2088; x_wconf 93' lang='lat' dir='ltr'><strong>in</strong></span> <span class='ocrx_word' id='word_1_268' title='bbox 3213 2047 3323 2103; x_wconf 90' lang='lat' dir='ltr'><strong>qua</strong></span> <span class='ocrx_word' id='word_1_269' title='bbox 3356 2030 3438 2084; x_wconf 83' lang='lat' dir='ltr'><strong>di-</strong></span> 
     </span>
    </p>
   </div>
   <div class='ocr_carea' id='block_1_40' title="bbox 189 2112 3438 2202">
    <p class='ocr_par' dir='ltr' id='par_1_40' title="bbox 189 2112 3438 2202">
     <span class='ocr_line' id='line_1_40' title="bbox 189 2112 3438 2202; baseline 0.005 -36"><span class='ocrx_word' id='word_1_270' title='bbox 189 2112 286 2184; x_wconf 74' lang='lat' dir='ltr'><strong>gni</strong></span> <span class='ocrx_word' id='word_1_271' title='bbox 329 2112 651 2181; x_wconf 74' lang='lat' dir='ltr'><strong>efﬁciamur,</strong></span> <span class='ocrx_word' id='word_1_272' title='bbox 684 2118 779 2188; x_wconf 90' lang='lat' dir='ltr'><strong>qui</strong></span> <span class='ocrx_word' id='word_1_273' title='bbox 848 2120 1010 2175; x_wconf 86' lang='lat' dir='ltr'><strong>beata</strong></span> <span class='ocrx_word' id='word_1_274' title='bbox 1076 2131 1243 2193; x_wconf 90' lang='lat' dir='ltr'><strong>atque</strong></span> <span class='ocrx_word' id='word_1_275' title='bbox 1315 2133 1577 2195; x_wconf 85' lang='lat' dir='ltr'><strong>perpetua</strong></span> <span class='ocrx_word' id='word_1_276' title='bbox 1641 2126 1828 2180; x_wconf 60' lang='lat' dir='ltr'><strong>latitia</strong></span> <span class='ocrx_word' id='word_1_277' title='bbox 1871 2128 2113 2185; x_wconf 88' lang='lat' dir='ltr'><strong>simulet</strong></span> <span class='ocrx_word' id='word_1_278' title='bbox 2147 2146 2317 2202; x_wconf 83' lang='lat' dir='ltr'><strong>regno</strong></span> <span class='ocrx_word' id='word_1_279' title='bbox 2348 2130 2596 2185; x_wconf 82' lang='lat' dir='ltr'><strong>fruamur</strong></span> <span class='ocrx_word' id='word_1_280' title='bbox 2631 2146 2727 2200; x_wconf 90' lang='lat' dir='ltr'><strong>per</strong></span> <span class='ocrx_word' id='word_1_281' title='bbox 2770 2112 3053 2185; x_wconf 87' lang='lat' dir='ltr'><strong>Christum</strong></span> <span class='ocrx_word' id='word_1_282' title='bbox 3086 2125 3272 2182; x_wconf 86' lang='lat' dir='ltr'><strong>Jesum</strong></span> <span class='ocrx_word' id='word_1_283' title='bbox 3333 2122 3438 2177; x_wconf 86' lang='lat' dir='ltr'><strong>D0-</strong></span> 
     </span>
    </p>
   </div>
   <div class='ocr_carea' id='block_1_41' title="bbox 186 2210 3436 2295">
    <p class='ocr_par' dir='ltr' id='par_1_41' title="bbox 186 2210 3436 2295">
     <span class='ocr_line' id='line_1_41' title="bbox 186 2210 3436 2295; baseline 0.004 -30"><span class='ocrx_word' id='word_1_284' title='bbox 186 2210 401 2266; x_wconf 83' lang='lat' dir='ltr'><strong>mlnum</strong></span> <span class='ocrx_word' id='word_1_285' title='bbox 455 2221 727 2278; x_wconf 90' lang='lat' dir='ltr'><strong>nostrum,</strong></span> <span class='ocrx_word' id='word_1_286' title='bbox 791 2217 878 2271; x_wconf 88' lang='lat' dir='ltr'><strong>cui</strong></span> <span class='ocrx_word' id='word_1_287' title='bbox 918 2218 1091 2289; x_wconf 82' lang='lat' dir='ltr'><strong>gloria</strong></span> <span class='ocrx_word' id='word_1_288' title='bbox 1140 2230 1196 2277; x_wconf 90' lang='lat' dir='ltr'><strong>et</strong></span> <span class='ocrx_word' id='word_1_289' title='bbox 1255 2221 1569 2291; x_wconf 88' lang='lat' dir='ltr'><strong>imperium,</strong></span> <span class='ocrx_word' id='word_1_290' title='bbox 1628 2236 1757 2277; x_wconf 91' lang='lat' dir='ltr'><strong>cum</strong></span> <span class='ocrx_word' id='word_1_291' title='bbox 1831 2222 1993 2282; x_wconf 86' lang='lat' dir='ltr'><strong>Patre</strong></span> <span class='ocrx_word' id='word_1_292' title='bbox 2024 2234 2076 2282; x_wconf 91' lang='lat' dir='ltr'><strong>et</strong></span> <span class='ocrx_word' id='word_1_293' title='bbox 2108 2237 2303 2283; x_wconf 85' lang='lat' dir='ltr'><strong>sancto</strong></span> <span class='ocrx_word' id='word_1_294' title='bbox 2338 2227 2569 2294; x_wconf 84' lang='lat' dir='ltr'><strong>Spiritu,</strong></span> <span class='ocrx_word' id='word_1_295' title='bbox 2602 2240 2749 2281; x_wconf 91' lang='lat' dir='ltr'><strong>nunc</strong></span> <span class='ocrx_word' id='word_1_296' title='bbox 2780 2234 2835 2281; x_wconf 91' lang='lat' dir='ltr'><strong>et</strong></span> <span class='ocrx_word' id='word_1_297' title='bbox 2864 2239 3099 2295; x_wconf 89' lang='lat' dir='ltr'><strong>semper,</strong></span> <span class='ocrx_word' id='word_1_298' title='bbox 3167 2230 3220 2278; x_wconf 89' lang='lat' dir='ltr'><strong>et</strong></span> <span class='ocrx_word' id='word_1_299' title='bbox 3250 2221 3305 2274; x_wconf 91' lang='lat' dir='ltr'><strong>in</strong></span> <span class='ocrx_word' id='word_1_300' title='bbox 3340 2234 3436 2275; x_wconf 81' lang='lat' dir='ltr'><strong>sae-</strong></span> 
     </span>
    </p>
   </div>
   <div class='ocr_carea' id='block_1_42' title="bbox 186 2306 919 2367">
    <p class='ocr_par' dir='ltr' id='par_1_42' title="bbox 186 2306 919 2367">
     <span class='ocr_line' id='line_1_42' title="bbox 186 2306 919 2367; baseline 0.005 -4"><span class='ocrx_word' id='word_1_301' title='bbox 186 2306 315 2363; x_wconf 87' lang='lat' dir='ltr'><strong>cula</strong></span> <span class='ocrx_word' id='word_1_302' title='bbox 349 2308 698 2364; x_wconf 64' lang='lat' dir='ltr'><strong>saeculorum.</strong></span> <span class='ocrx_word' id='word_1_303' title='bbox 726 2311 919 2367; x_wconf 83' lang='lat' dir='ltr'><strong>Amen.</strong></span> 
     </span>
    </p>
   </div>
   <div class='ocr_carea' id='block_1_43' title="bbox 1141 2705 2466 2821">
    <p class='ocr_par' dir='ltr' id='par_1_43' title="bbox 1141 2705 2466 2821">
     <span class='ocr_line' id='line_1_43' title="bbox 1141 2705 2466 2821; baseline -0.003 0"><span class='ocrx_word' id='word_1_304' title='bbox 1141 2706 1897 2821; x_wconf 81' lang='lat' dir='ltr'><strong>VARIORUM</strong></span> <span class='ocrx_word' id='word_1_305' title='bbox 1983 2705 2466 2821; x_wconf 73' lang='lat' dir='ltr'><strong>NOT/E.</strong></span> 
     </span>
    </p>
   </div>
   <div class='ocr_carea' id='block_1_44' title="bbox 1592 3105 1984 3162">
    <p class='ocr_par' dir='ltr' id='par_1_44' title="bbox 1592 3105 1984 3162">
     <span class='ocr_line' id='line_1_44' title="bbox 1592 3105 1984 3162; baseline -0.008 -1"><span class='ocrx_word' id='word_1_306' title='bbox 1592 3105 1662 3161; x_wconf 82' lang='lat' dir='ltr'><strong>IN</strong></span> <span class='ocrx_word' id='word_1_307' title='bbox 1723 3105 1984 3162; x_wconf 76' lang='lat' dir='ltr'><strong>LIBRUM</strong></span> 
     </span>
    </p>
   </div>
   <div class='ocr_carea' id='block_1_45' title="bbox 744 3284 2843 3379">
    <p class='ocr_par' dir='ltr' id='par_1_45' title="bbox 744 3284 2843 3379">
     <span class='ocr_line' id='line_1_45' title="bbox 744 3284 2843 3379; baseline -0.003 -2"><span class='ocrx_word' id='word_1_308' title='bbox 744 3291 888 3379; x_wconf 89' lang='lat' dir='ltr'><strong>DE</strong></span> <span class='ocrx_word' id='word_1_309' title='bbox 964 3287 1565 3379; x_wconf 83' lang='lat' dir='ltr'><strong>PEBFECTA</strong></span> <span class='ocrx_word' id='word_1_310' title='bbox 1623 3285 2321 3376; x_wconf 81' lang='lat' dir='ltr'><strong>CHRISTIANI</strong></span> <span class='ocrx_word' id='word_1_311' title='bbox 2401 3284 2843 3376; x_wconf 75' lang='lat' dir='ltr'><strong>FORMA.</strong></span> 
     </span>
    </p>
   </div>
   <div class='ocr_carea' id='block_1_46' title="bbox 250 3625 3427 3695">
    <p class='ocr_par' dir='ltr' id='par_1_46' title="bbox 250 3625 3427 3695">
     <span class='ocr_line' id='line_1_46' title="bbox 250 3625 3427 3695; baseline -0.003 -5"><span class='ocrx_word' id='word_1_312' title='bbox 250 3635 467 3691; x_wconf 83' lang='lat' dir='ltr'><strong>Prodiit</strong></span> <span class='ocrx_word' id='word_1_313' title='bbox 510 3638 565 3690; x_wconf 92' lang='lat' dir='ltr'><strong>in</strong></span> <span class='ocrx_word' id='word_1_314' title='bbox 601 3638 777 3690; x_wconf 85' lang='lat' dir='ltr'><strong>lucem</strong></span> <span class='ocrx_word' id='word_1_315' title='bbox 822 3636 909 3691; x_wconf 85' lang='lat' dir='ltr'><strong>hic</strong></span> <span class='ocrx_word' id='word_1_316' title='bbox 959 3635 1096 3691; x_wconf 89' lang='lat' dir='ltr'><strong>liber</strong></span> <span class='ocrx_word' id='word_1_317' title='bbox 1124 3635 1415 3688; x_wconf 89' lang='lat' dir='ltr'><strong>Latinitate</strong></span> <span class='ocrx_word' id='word_1_318' title='bbox 1449 3633 1683 3686; x_wconf 86' lang='lat' dir='ltr'><strong>donatus</strong></span> <span class='ocrx_word' id='word_1_319' title='bbox 1723 3648 1751 3684; x_wconf 88' lang='lat' dir='ltr'><strong>a</strong></span> <span class='ocrx_word' id='word_1_320' title='bbox 1780 3636 1822 3692; x_wconf 85' lang='lat' dir='ltr'><strong>C</strong></span> <span class='ocrx_word' id='word_1_321' title='bbox 1925 3631 2043 3686; x_wconf 84' lang='lat' dir='ltr'><strong>Col.</strong></span> <span class='ocrx_word' id='word_1_322' title='bbox 2091 3628 2197 3684; x_wconf 71' lang='grc'><strong>258</strong></span> <span class='ocrx_word' id='word_1_323' title='bbox 2241 3627 2303 3680; x_wconf 82' lang='grc' dir='ltr'><strong>Α.</strong></span> <span class='ocrx_word' id='word_1_324' title='bbox 2356 3625 2423 3680; x_wconf 87' lang='lat' dir='ltr'><strong>In</strong></span> <span class='ocrx_word' id='word_1_325' title='bbox 2459 3628 2630 3682; x_wconf 84' lang='lat' dir='ltr'><strong>vituli.</strong></span> <span class='ocrx_word' id='word_1_326' title='bbox 2683 3627 2872 3687; x_wconf 85' lang='lat' dir='ltr'><strong>Zinus.</strong></span> <span class='ocrx_word' id='word_1_327' title='bbox 2921 3626 2973 3679; x_wconf 88' lang='lat' dir='ltr'><strong>in</strong></span> <span class='ocrx_word' id='word_1_328' title='bbox 3028 3625 3207 3680; x_wconf 77' lang='lat' dir='ltr'><strong>bestia:</strong></span> <span class='ocrx_word' id='word_1_329' title='bbox 3236 3628 3427 3695; x_wconf 79' lang='lat' dir='ltr'><strong>capite,</strong></span> 
     </span>
    </p>
   </div>
   <div class='ocr_carea' id='block_1_47' title="bbox 172 3703 1747 3771">
    <p class='ocr_par' dir='ltr' id='par_1_47' title="bbox 172 3703 1747 3771">
     <span class='ocr_line' id='line_1_47' title="bbox 172 3703 1747 3771; baseline -0.003 -10"><span class='ocrx_word' id='word_1_330' title='bbox 172 3706 343 3763; x_wconf 83' lang='lat' dir='ltr'><strong>Petro</strong></span> <span class='ocrx_word' id='word_1_331' title='bbox 368 3706 662 3761; x_wconf 78' lang='lat' dir='ltr'><strong>Francisco</strong></span> <span class='ocrx_word' id='word_1_332' title='bbox 685 3706 839 3771; x_wconf 84' lang='lat' dir='ltr'><strong>Zino,</strong></span> <span class='ocrx_word' id='word_1_333' title='bbox 875 3704 1172 3761; x_wconf 83' lang='lat' dir='ltr'><strong>Veronensi</strong></span> <span class='ocrx_word' id='word_1_334' title='bbox 1194 3705 1483 3767; x_wconf 84' lang='lat' dir='ltr'><strong>canonico,</strong></span> <span class='ocrx_word' id='word_1_335' title='bbox 1511 3703 1747 3758; x_wconf 83' lang='lat' dir='ltr'><strong>Venetiis</strong></span> 
     </span>
    </p>
   </div>
   <div class='ocr_carea' id='block_1_48' title="bbox 176 3772 1747 3845">
    <p class='ocr_par' dir='ltr' id='par_1_48' title="bbox 176 3772 1747 3845">
     <span class='ocr_line' id='line_1_48' title="bbox 176 3772 1747 3845; baseline -0.005 -14"><span class='ocrx_word' id='word_1_336' title='bbox 176 3793 325 3832; x_wconf 84' lang='lat' dir='ltr'><strong>anno</strong></span> <span class='ocrx_word' id='word_1_337' title='bbox 348 3777 553 3831; x_wconf 83' lang='lat' dir='ltr'><strong>Christi</strong></span> <span class='ocrx_word' id='word_1_338' title='bbox 586 3776 743 3838; x_wconf 84' lang='lat' dir='ltr'><strong>l570,</strong></span> <span class='ocrx_word' id='word_1_339' title='bbox 772 3784 824 3830; x_wconf 90' lang='lat' dir='ltr'><strong>et</strong></span> <span class='ocrx_word' id='word_1_340' title='bbox 849 3787 971 3845; x_wconf 92' lang='lat' dir='ltr'><strong>post</strong></span> <span class='ocrx_word' id='word_1_341' title='bbox 992 3776 1315 3845; x_wconf 79' lang='lat' dir='ltr'><strong>decennium</strong></span> <span class='ocrx_word' id='word_1_342' title='bbox 1348 3774 1547 3827; x_wconf 89' lang='lat' dir='ltr'><strong>ibidem</strong></span> <span class='ocrx_word' id='word_1_343' title='bbox 1578 3788 1606 3825; x_wconf 93' lang='lat' dir='ltr'><strong>a</strong></span> <span class='ocrx_word' id='word_1_344' title='bbox 1636 3772 1747 3845; x_wconf 82' lang='lat' dir='ltr'><strong>Ma-</strong></span> 
     </span>
    </p>
   </div>
   <div class='ocr_carea' id='block_1_49' title="bbox 174 3843 1745 3915">
    <p class='ocr_par' dir='ltr' id='par_1_49' title="bbox 174 3843 1745 3915">
     <span class='ocr_line' id='line_1_49' title="bbox 174 3843 1745 3915; baseline -0.004 -15"><span class='ocrx_word' id='word_1_345' title='bbox 174 3849 327 3901; x_wconf 74' lang='lat' dir='ltr'><strong>ximo</strong></span> <span class='ocrx_word' id='word_1_346' title='bbox 366 3846 647 3915; x_wconf 78' lang='lat' dir='ltr'><strong>Margunio</strong></span> <span class='ocrx_word' id='word_1_347' title='bbox 680 3843 938 3915; x_wconf 90' lang='lat' dir='ltr'><strong>episcopo</strong></span> <span class='ocrx_word' id='word_1_348' title='bbox 974 3843 1295 3915; x_wconf 85' lang='lat' dir='ltr'><strong>Cytherensi</strong></span> <span class='ocrx_word' id='word_1_349' title='bbox 1318 3885 1332 3904; x_wconf 89' lang='lat'><strong>,</strong></span> <span class='ocrx_word' id='word_1_350' title='bbox 1363 3859 1468 3915; x_wconf 74' lang='lat' dir='ltr'><strong>uua</strong></span> <span class='ocrx_word' id='word_1_351' title='bbox 1508 3858 1631 3915; x_wconf 85' lang='lat' dir='ltr'><strong>cum</strong></span> <span class='ocrx_word' id='word_1_352' title='bbox 1661 3843 1745 3895; x_wconf 89' lang='lat' dir='ltr'><strong>al-</strong></span> 
     </span>
    </p>
   </div>
   <div class='ocr_carea' id='block_1_50' title="bbox 175 3912 1743 3973">
    <p class='ocr_par' dir='ltr' id='par_1_50' title="bbox 175 3912 1743 3973">
     <span class='ocr_line' id='line_1_50' title="bbox 175 3912 1743 3973; baseline -0.004 -2"><span class='ocrx_word' id='word_1_353' title='bbox 175 3927 295 3972; x_wconf 82' lang='lat' dir='ltr'><strong>tero</strong></span> <span class='ocrx_word' id='word_1_354' title='bbox 331 3912 567 3969; x_wconf 79' lang='lat' dir='ltr'><strong>tractatu</strong></span> <span class='ocrx_word' id='word_1_355' title='bbox 593 3915 659 3967; x_wconf 91' lang='lat' dir='ltr'><strong>ad</strong></span> <span class='ocrx_word' id='word_1_356' title='bbox 687 3912 1038 3969; x_wconf 78' lang='lat' dir='ltr'><strong>Harmoniuni</strong></span> <span class='ocrx_word' id='word_1_357' title='bbox 1067 3915 1140 3967; x_wconf 86' lang='lat' dir='ltr'><strong>De</strong></span> <span class='ocrx_word' id='word_1_358' title='bbox 1170 3916 1388 3968; x_wconf 84' lang='lat' dir='ltr'><strong>nomine</strong></span> <span class='ocrx_word' id='word_1_359' title='bbox 1409 3912 1743 3973; x_wconf 89' lang='lat' dir='ltr'><strong>Christiano,</strong></span> 
     </span>
    </p>
   </div>
   <div class='ocr_carea' id='block_1_51' title="bbox 172 3983 1747 4056">
    <p class='ocr_par' dir='ltr' id='par_1_51' title="bbox 172 3983 1747 4056">
     <span class='ocr_line' id='line_1_51' title="bbox 172 3983 1747 4056; baseline -0.002 -17"><span class='ocrx_word' id='word_1_360' title='bbox 172 3996 229 4040; x_wconf 89' lang='lat' dir='ltr'><strong>et</strong></span> <span class='ocrx_word' id='word_1_361' title='bbox 262 3986 503 4056; x_wconf 80' lang='lat' dir='ltr'><strong>EpiStola</strong></span> <span class='ocrx_word' id='word_1_362' title='bbox 526 3985 591 4056; x_wconf 87' lang='lat' dir='ltr'><strong>ad</strong></span> <span class='ocrx_word' id='word_1_363' title='bbox 618 3984 889 4045; x_wconf 89' lang='lat' dir='ltr'><strong>Letoium,</strong></span> <span class='ocrx_word' id='word_1_364' title='bbox 922 3987 1074 4054; x_wconf 88' lang='lat' dir='ltr'><strong>quasi</strong></span> <span class='ocrx_word' id='word_1_365' title='bbox 1099 3993 1212 4037; x_wconf 90' lang='lat' dir='ltr'><strong>tum</strong></span> <span class='ocrx_word' id='word_1_366' title='bbox 1236 3985 1467 4056; x_wconf 79' lang='lat' dir='ltr'><strong>primum</strong></span> <span class='ocrx_word' id='word_1_367' title='bbox 1495 3983 1747 4056; x_wconf 77' lang='lat' dir='ltr'><strong>ederetur</strong></span> 
     </span>
    </p>
   </div>
   <div class='ocr_carea' id='block_1_52' title="bbox 176 4052 1746 4121">
    <p class='ocr_par' dir='ltr' id='par_1_52' title="bbox 176 4052 1746 4121">
     <span class='ocr_line' id='line_1_52' title="bbox 176 4052 1746 4121; baseline -0.003 -9"><span class='ocrx_word' id='word_1_368' title='bbox 176 4073 207 4112; x_wconf 89' lang='lat' dir='ltr'><strong>e</strong></span> <span class='ocrx_word' id='word_1_369' title='bbox 237 4052 427 4111; x_wconf 64' lang='lat' dir='ltr'><strong>Graeco</strong></span> <span class='ocrx_word' id='word_1_370' title='bbox 456 4058 508 4109; x_wconf 90' lang='lat' dir='ltr'><strong>in</strong></span> <span class='ocrx_word' id='word_1_371' title='bbox 538 4055 788 4109; x_wconf 91' lang='lat' dir='ltr'><strong>Latinum</strong></span> <span class='ocrx_word' id='word_1_372' title='bbox 813 4052 1110 4109; x_wconf 79' lang='lat' dir='ltr'><strong>conversus</strong></span> <span class='ocrx_word' id='word_1_373' title='bbox 1137 4063 1220 4108; x_wconf 89' lang='lat' dir='ltr'><strong>est</strong></span> <span class='ocrx_word' id='word_1_374' title='bbox 1240 4052 1386 4121; x_wconf 84' lang='lat' dir='ltr'><strong>apud</strong></span> <span class='ocrx_word' id='word_1_375' title='bbox 1422 4052 1640 4105; x_wconf 87' lang='lat' dir='ltr'><strong>Lorium</strong></span> <span class='ocrx_word' id='word_1_376' title='bbox 1679 4053 1746 4108; x_wconf 91' lang='lat' dir='ltr'><strong>de</strong></span> 
     </span>
    </p>
   </div>
   <div class='ocr_carea' id='block_1_53' title="bbox 174 4121 1746 4189">
    <p class='ocr_par' dir='ltr' id='par_1_53' title="bbox 174 4121 1746 4189">
     <span class='ocr_line' id='line_1_53' title="bbox 174 4121 1746 4189; baseline -0.003 -10"><span class='ocrx_word' id='word_1_377' title='bbox 174 4125 376 4189; x_wconf 88' lang='lat' dir='ltr'><strong>Loriis,</strong></span> <span class='ocrx_word' id='word_1_378' title='bbox 419 4140 506 4179; x_wconf 88' lang='lat' dir='ltr'><strong>an.</strong></span> <span class='ocrx_word' id='word_1_379' title='bbox 552 4126 705 4180; x_wconf 81' lang='grc'>1585.</span> <span class='ocrx_word' id='word_1_380' title='bbox 759 4126 954 4179; x_wconf 76' lang='lat' dir='ltr'><strong>Secuta</strong></span> <span class='ocrx_word' id='word_1_381' title='bbox 983 4126 1198 4178; x_wconf 89' lang='lat' dir='ltr'><strong>demum</strong></span> <span class='ocrx_word' id='word_1_382' title='bbox 1247 4132 1332 4177; x_wconf 83' lang='lat' dir='ltr'><strong>est</strong></span> <span class='ocrx_word' id='word_1_383' title='bbox 1365 4121 1551 4176; x_wconf 58' lang='lat' dir='ltr'><strong>Grmca</strong></span> <span class='ocrx_word' id='word_1_384' title='bbox 1580 4122 1746 4175; x_wconf 88' lang='lat' dir='ltr'><strong>editio</strong></span> 
     </span>
    </p>
   </div>
   <div class='ocr_carea' id='block_1_54' title="bbox 176 4192 1745 4267">
    <p class='ocr_par' dir='ltr' id='par_1_54' title="bbox 176 4192 1745 4267">
     <span class='ocr_line' id='line_1_54' title="bbox 176 4192 1745 4267; baseline -0.003 -17"><span class='ocrx_word' id='word_1_385' title='bbox 176 4196 674 4267; x_wconf 38' lang='lat' dir='ltr'><strong>LugdunoeBatava</strong></span> <span class='ocrx_word' id='word_1_386' title='bbox 719 4195 1072 4267; x_wconf 71' lang='lat' dir='ltr'><strong>Raphelengii</strong></span> <span class='ocrx_word' id='word_1_387' title='bbox 1100 4210 1237 4267; x_wconf 11' lang='lat' dir='ltr'><strong>,‘an.</strong></span> <span class='ocrx_word' id='word_1_388' title='bbox 1278 4194 1413 4247; x_wconf 77' lang='lat' dir='ltr'><strong>l593</strong></span> <span class='ocrx_word' id='word_1_389' title='bbox 1435 4192 1649 4267; x_wconf 82' lang='lat' dir='ltr'><strong>,_cuj_us</strong></span> <span class='ocrx_word' id='word_1_390' title='bbox 1691 4193 1745 4246; x_wconf 90' lang='lat' dir='ltr'><strong>in</strong></span> 
     </span>
    </p>
   </div>
   <div class='ocr_carea' id='block_1_55' title="bbox 174 4261 1743 4337">
    <p class='ocr_par' dir='ltr' id='par_1_55' title="bbox 174 4261 1743 4337">
     <span class='ocr_line' id='line_1_55' title="bbox 174 4261 1743 4337; baseline -0.003 -17"><span class='ocrx_word' id='word_1_391' title='bbox 174 4261 300 4336; x_wconf 44' lang='lat' dir='ltr'><strong>pag:</strong></span> <span class='ocrx_word' id='word_1_392' title='bbox 348 4267 448 4321; x_wconf 84' lang='lat' dir='ltr'><strong>l79</strong></span> <span class='ocrx_word' id='word_1_393' title='bbox 493 4267 688 4337; x_wconf 77' lang='lat' dir='ltr'><strong>legitur</strong></span> <span class='ocrx_word' id='word_1_394' title='bbox 730 4261 940 4335; x_wconf 71' lang='grc' dir='ltr'>τὰ’τῆς</span> <span class='ocrx_word' id='word_1_395' title='bbox 1002 4265 1275 4337; x_wconf 71' lang='grc' dir='ltr'>ἀφράστου</span> <span class='ocrx_word' id='word_1_396' title='bbox 1329 4261 1743 4337; x_wconf 68' lang='grc' dir='ltr'>μεγαλειότητος</span> 
     </span>
    </p>
   </div>
   <div class='ocr_carea' id='block_1_56' title="bbox 173 4332 1743 4407">
    <p class='ocr_par' dir='ltr' id='par_1_56' title="bbox 173 4332 1743 4407">
     <span class='ocr_line' id='line_1_56' title="bbox 173 4332 1743 4407; baseline -0.002 -17"><span class='ocrx_word' id='word_1_397' title='bbox 173 4332 327 4407; x_wconf 77' lang='grc' dir='ltr'>ἧμῗν,</span> <span class='ocrx_word' id='word_1_398' title='bbox 364 4332 599 4406; x_wconf 74' lang='lat' dir='ltr'><strong>quorum</strong></span> <span class='ocrx_word' id='word_1_399' title='bbox 657 4336 777 4407; x_wconf 88' lang='lat' dir='ltr'><strong>loco</strong></span> <span class='ocrx_word' id='word_1_400' title='bbox 830 4332 1156 4407; x_wconf 77' lang='lat' dir='ltr'><strong>scripsimus</strong></span> <span class='ocrx_word' id='word_1_401' title='bbox 1191 4334 1298 4387; x_wconf 90' lang='lat' dir='ltr'><strong>col.</strong></span> <span class='ocrx_word' id='word_1_402' title='bbox 1334 4332 1447 4407; x_wconf 69' lang='grc' dir='ltr'><strong>2ξὶ4</strong></span> <span class='ocrx_word' id='word_1_403' title='bbox 1496 4333 1533 4407; x_wconf 27' lang='grc' dir='ltr'><strong>Ι.)</strong></span> <span class='ocrx_word' id='word_1_404' title='bbox 1578 4332 1743 4407; x_wconf 83' lang='lat' dir='ltr'><strong>hujus</strong></span> 
     </span>
    </p>
   </div>
   <div class='ocr_carea' id='block_1_57' title="bbox 172 4355 1741 4475">
    <p class='ocr_par' dir='ltr' id='par_1_57' title="bbox 172 4355 1741 4475">
     <span class='ocr_line' id='line_1_57' title="bbox 173 4355 1741 4407; baseline -0.002 -17"><span class='ocrx_word' id='word_1_405' title='bbox 173 4355 208 4407; x_wconf 88' lang='grc' dir='ltr'><strong>η</strong></span> <span class='ocrx_word' id='word_1_406' title='bbox 261 4355 327 4400; x_wconf 87' lang='grc' dir='ltr'><strong>ιν,</strong></span> <span class='ocrx_word' id='word_1_407' title='bbox 364 4355 599 4406; x_wconf 90' lang='lat' dir='ltr'><strong>quorum</strong></span> <span class='ocrx_word' id='word_1_408' title='bbox 657 4355 777 4389; x_wconf 85' lang='lat' dir='ltr'><strong>loco</strong></span> <span class='ocrx_word' id='word_1_409' title='bbox 830 4355 1156 4402; x_wconf 81' lang='lat' dir='ltr'><strong>scripsunus</strong></span> <span class='ocrx_word' id='word_1_410' title='bbox 1191 4355 1298 4387; x_wconf 86' lang='lat' dir='ltr'><strong>cm.</strong></span> <span class='ocrx_word' id='word_1_411' title='bbox 1343 4355 1447 4387; x_wconf 67' lang='grc' dir='ltr'><strong>κοτε</strong></span> <span class='ocrx_word' id='word_1_412' title='bbox 1496 4355 1533 4383; x_wconf 85' lang='grc' dir='ltr'>υ</span> <span class='ocrx_word' id='word_1_413' title='bbox 1578 4355 1741 4400; x_wconf 70' lang='grc' dir='ltr'>ιιιυιιδ</span> 
     </span>
     <span class='ocr_line' id='line_1_58' title="bbox 172 4355 1741 4475; baseline -0.004 -14"><span class='ocrx_word' id='word_1_414' title='bbox 172 4355 454 4469; x_wconf 47' lang='lat' dir='ltr'><strong>editionis,</strong></span> <span class='ocrx_word' id='word_1_415' title='bbox 498 4416 548 4460; x_wconf 89' lang='lat' dir='ltr'><strong>et</strong></span> <span class='ocrx_word' id='word_1_416' title='bbox 590 4406 880 4475; x_wconf 85' lang='lat' dir='ltr'><strong>majestatis</strong></span> <span class='ocrx_word' id='word_1_417' title='bbox 925 4406 1071 4459; x_wconf 85' lang='lat' dir='ltr'><strong>illius</strong></span> <span class='ocrx_word' id='word_1_418' title='bbox 1106 4421 1222 4475; x_wconf 78' lang='lat' dir='ltr'><strong>qua:</strong></span> <span class='ocrx_word' id='word_1_419' title='bbox 1259 4403 1518 4470; x_wconf 74' lang='lat' dir='ltr'><strong>explicari</strong></span> <span class='ocrx_word' id='word_1_420' title='bbox 1544 4404 1741 4475; x_wconf 78' lang='lat' dir='ltr'><strong>nequit,</strong></span> 
     </span>
    </p>
   </div>
   <div class='ocr_carea' id='block_1_58' title="bbox 170 4472 1739 4539">
    <p class='ocr_par' dir='ltr' id='par_1_58' title="bbox 170 4472 1739 4539">
     <span class='ocr_line' id='line_1_59' title="bbox 170 4472 1739 4539; baseline -0.003 -8"><span class='ocrx_word' id='word_1_421' title='bbox 170 4492 286 4531; x_wconf 90' lang='lat' dir='ltr'><strong>non</strong></span> <span class='ocrx_word' id='word_1_422' title='bbox 345 4484 401 4532; x_wconf 89' lang='lat' dir='ltr'><strong>ut</strong></span> <span class='ocrx_word' id='word_1_423' title='bbox 460 4475 629 4531; x_wconf 89' lang='lat' dir='ltr'><strong>Zinus</strong></span> <span class='ocrx_word' id='word_1_424' title='bbox 671 4472 977 4538; x_wconf 68' lang='lat' dir='ltr'><strong>ediderat,</strong></span> <span class='ocrx_word' id='word_1_425' title='bbox 1037 4484 1084 4528; x_wconf 90' lang='lat' dir='ltr'><strong>et</strong></span> <span class='ocrx_word' id='word_1_426' title='bbox 1118 4472 1489 4526; x_wconf 47' lang='lat' dir='ltr'><strong>&#39;beatitudinis</strong></span> <span class='ocrx_word' id='word_1_427' title='bbox 1553 4472 1739 4539; x_wconf 82' lang='lat' dir='ltr'><strong>illius,</strong></span> 
     </span>
    </p>
   </div>
   <div class='ocr_carea' id='block_1_59' title="bbox 168 4542 1743 4618">
    <p class='ocr_par' dir='ltr' id='par_1_59' title="bbox 168 4542 1743 4618">
     <span class='ocr_line' id='line_1_60' title="bbox 168 4542 1743 4618; baseline -0.003 -19"><span class='ocrx_word' id='word_1_428' title='bbox 168 4546 318 4614; x_wconf 90' lang='lat' dir='ltr'><strong>quod</strong></span> <span class='ocrx_word' id='word_1_429' title='bbox 349 4547 578 4602; x_wconf 84' lang='lat' dir='ltr'><strong>fortasse</strong></span> <span class='ocrx_word' id='word_1_430' title='bbox 612 4547 829 4618; x_wconf 76' lang='lat' dir='ltr'><strong>legisset</strong></span> <span class='ocrx_word' id='word_1_431' title='bbox 853 4546 951 4613; x_wconf 76' lang='grc' dir='ltr'>τῆς</span> <span class='ocrx_word' id='word_1_432' title='bbox 984 4548 1096 4618; x_wconf 36' lang='lat' dir='ltr'><strong>de.</strong></span> <span class='ocrx_word' id='word_1_433' title='bbox 1120 4543 1567 4618; x_wconf 49' lang='grc' dir='ltr'>μακαριότητος)</span> <span class='ocrx_word' id='word_1_434' title='bbox 1602 4542 1743 4618; x_wconf 60' lang='lat' dir='ltr'><strong>hlar-</strong></span> 
     </span>
    </p>
   </div>
   <div class='ocr_carea' id='block_1_60' title="bbox 170 4614 1740 4687">
    <p class='ocr_par' dir='ltr' id='par_1_60' title="bbox 170 4614 1740 4687">
     <span class='ocr_line' id='line_1_61' title="bbox 170 4614 1740 4687; baseline -0.003 -18"><span class='ocrx_word' id='word_1_435' title='bbox 170 4619 374 4687; x_wconf 73' lang='lat' dir='ltr'><strong>gunius</strong></span> <span class='ocrx_word' id='word_1_436' title='bbox 408 4633 644 4687; x_wconf 86' lang='lat' dir='ltr'><strong>quoque,</strong></span> <span class='ocrx_word' id='word_1_437' title='bbox 667 4614 890 4687; x_wconf 58' lang='lat' dir='ltr'><strong>&#39;tantum</strong></span> <span class='ocrx_word' id='word_1_438' title='bbox 917 4614 1384 4687; x_wconf 73' lang='lat' dir='ltr'><strong>iue/Tabitisillias</strong></span> <span class='ocrx_word' id='word_1_439' title='bbox 1404 4614 1740 4687; x_wconf 81' lang='lat' dir='ltr'><strong>beatitudinis</strong></span> 
     </span>
    </p>
   </div>
   <div class='ocr_carea' id='block_1_61' title="bbox 171 4684 1738 4742">
    <p class='ocr_par' dir='ltr' id='par_1_61' title="bbox 171 4684 1738 4742">
     <span class='ocr_line' id='line_1_62' title="bbox 171 4684 1738 4742; baseline -0.002 -2"><span class='ocrx_word' id='word_1_440' title='bbox 171 4684 326 4740; x_wconf 80' lang='lat' dir='ltr'><strong>nobis</strong></span> <span class='ocrx_word' id='word_1_441' title='bbox 356 4684 725 4742; x_wconf 77' lang='lat' dir='ltr'><strong>asiendentia:</strong></span> <span class='ocrx_word' id='word_1_442' title='bbox 758 4685 854 4740; x_wconf 88' lang='lat' dir='ltr'><strong>sed</strong></span> <span class='ocrx_word' id='word_1_443' title='bbox 893 4689 1072 4739; x_wconf 86' lang='lat' dir='ltr'><strong>verior</strong></span> <span class='ocrx_word' id='word_1_444' title='bbox 1105 4685 1262 4737; x_wconf 78' lang='lat' dir='ltr'><strong>lectio</strong></span> <span class='ocrx_word' id='word_1_445' title='bbox 1300 4684 1515 4737; x_wconf 80' lang='lat' dir='ltr'><strong>videtur</strong></span> <span class='ocrx_word' id='word_1_446' title='bbox 1547 4685 1738 4738; x_wconf 61' lang='lat' dir='ltr'><strong>excusi</strong></span> 
     </span>
    </p>
   </div>
   <div class='ocr_carea' id='block_1_62' title="bbox 167 4753 1741 4827">
    <p class='ocr_par' dir='ltr' id='par_1_62' title="bbox 167 4753 1741 4827">
     <span class='ocr_line' id='line_1_63' title="bbox 167 4753 1741 4827; baseline -0.001 -16"><span class='ocrx_word' id='word_1_447' title='bbox 167 4759 380 4813; x_wconf 79' lang='lat' dir='ltr'><strong>codicis</strong></span> <span class='ocrx_word' id='word_1_448' title='bbox 432 4758 627 4823; x_wconf 66' lang='lat' dir='ltr'><strong>Graeci,</strong></span> <span class='ocrx_word' id='word_1_449' title='bbox 676 4760 775 4827; x_wconf 88' lang='grc' dir='ltr'><strong>τῆς</strong></span> <span class='ocrx_word' id='word_1_450' title='bbox 817 4755 1248 4825; x_wconf 82' lang='grc' dir='ltr'>μεγαλειότητος,</span> <span class='ocrx_word' id='word_1_451' title='bbox 1294 4766 1347 4827; x_wconf 71' lang='lat' dir='ltr'><strong>et</strong></span> <span class='ocrx_word' id='word_1_452' title='bbox 1408 4753 1741 4827; x_wconf 27' lang='lat' dir='ltr'><strong>paulo‘ante</strong></span> 
     </span>
    </p>
   </div>
   <div class='ocr_carea' id='block_1_63' title="bbox 170 4823 1738 4897">
    <p class='ocr_par' dir='ltr' id='par_1_63' title="bbox 170 4823 1738 4897">
     <span class='ocr_line' id='line_1_64' title="bbox 170 4823 1738 4897; baseline 0 -17"><span class='ocrx_word' id='word_1_453' title='bbox 170 4828 565 4897; x_wconf 83' lang='grc' dir='ltr'>μεγαλωσύνης</span> <span class='ocrx_word' id='word_1_454' title='bbox 612 4823 743 4881; x_wconf 78' lang='lat' dir='ltr'><strong>voce</strong></span> <span class='ocrx_word' id='word_1_455' title='bbox 807 4823 996 4880; x_wconf 85' lang='lat' dir='ltr'><strong>utitur.</strong></span> <span class='ocrx_word' id='word_1_456' title='bbox 1058 4823 1135 4879; x_wconf 81' lang='lat' dir='ltr'><strong>At</strong></span> <span class='ocrx_word' id='word_1_457' title='bbox 1185 4825 1372 4893; x_wconf 87' lang='lat' dir='ltr'><strong>paucis</strong></span> <span class='ocrx_word' id='word_1_458' title='bbox 1437 4823 1738 4897; x_wconf 83' lang='lat' dir='ltr'><strong>interjectis</strong></span> 
     </span>
    </p>
   </div>
   <div class='ocr_carea' id='block_1_64' title="bbox 166 4895 1739 4967">
    <p class='ocr_par' dir='ltr' id='par_1_64' title="bbox 166 4895 1739 4967">
     <span class='ocr_line' id='line_1_65' title="bbox 166 4895 1739 4967; baseline -0.004 -14"><span class='ocrx_word' id='word_1_459' title='bbox 166 4895 311 4953; x_wconf 82' lang='lat' dir='ltr'><strong>idem</strong></span> <span class='ocrx_word' id='word_1_460' title='bbox 356 4895 672 4967; x_wconf 78' lang='lat' dir='ltr'><strong>Margunius</strong></span> <span class='ocrx_word' id='word_1_461' title='bbox 714 4897 998 4967; x_wconf 56' lang='lat' dir='ltr'><strong>nobiscum</strong></span> <span class='ocrx_word' id='word_1_462' title='bbox 1053 4898 1235 4954; x_wconf 86' lang='lat' dir='ltr'><strong>vertit,</strong></span> <span class='ocrx_word' id='word_1_463' title='bbox 1289 4906 1343 4947; x_wconf 89' lang='lat' dir='ltr'><strong>ut</strong></span> <span class='ocrx_word' id='word_1_464' title='bbox 1391 4909 1456 4947; x_wconf 81' lang='lat' dir='ltr'><strong>ea:</strong></span> <span class='ocrx_word' id='word_1_465' title='bbox 1503 4895 1739 4947; x_wconf 77' lang='lat' dir='ltr'><strong>historiis</strong></span> 
     </span>
    </p>
   </div>
   <div class='ocr_carea' id='block_1_65' title="bbox 1856 3695 3428 3768">
    <p class='ocr_par' dir='ltr' id='par_1_65' title="bbox 1856 3695 3428 3768">
     <span class='ocr_line' id='line_1_66' title="bbox 1856 3695 3428 3768; baseline -0.003 -13"><span class='ocrx_word' id='word_1_466' title='bbox 1856 3703 2012 3767; x_wconf 88' lang='lat' dir='ltr'><strong>quasi</strong></span> <span class='ocrx_word' id='word_1_467' title='bbox 2045 3706 2191 3755; x_wconf 92' lang='lat' dir='ltr'><strong>esset</strong></span> <span class='ocrx_word' id='word_1_468' title='bbox 2221 3697 2435 3768; x_wconf 84' lang='grc' dir='ltr'>Θηρίου,</span> <span class='ocrx_word' id='word_1_469' title='bbox 2461 3707 2516 3751; x_wconf 89' lang='lat' dir='ltr'><strong>at</strong></span> <span class='ocrx_word' id='word_1_470' title='bbox 2535 3698 2702 3767; x_wconf 61' lang='grc' dir='ltr'><strong>Μαι-ες.</strong></span> <span class='ocrx_word' id='word_1_471' title='bbox 2730 3698 2783 3751; x_wconf 88' lang='lat' dir='ltr'><strong>in</strong></span> <span class='ocrx_word' id='word_1_472' title='bbox 2814 3695 2975 3768; x_wconf 81' lang='lat' dir='ltr'><strong>vituli</strong></span> <span class='ocrx_word' id='word_1_473' title='bbox 2990 3712 3105 3765; x_wconf 88' lang='lat' dir='ltr'><strong>cap.</strong></span> <span class='ocrx_word' id='word_1_474' title='bbox 3138 3707 3187 3750; x_wconf 90' lang='lat' dir='ltr'><strong>et</strong></span> <span class='ocrx_word' id='word_1_475' title='bbox 3216 3697 3428 3767; x_wconf 81' lang='lat' dir='ltr'><strong>qualem</strong></span> 
     </span>
    </p>
   </div>
   <div class='ocr_carea' id='block_1_66' title="bbox 1854 3766 3430 3837">
    <p class='ocr_par' dir='ltr' id='par_1_66' title="bbox 1854 3766 3430 3837">
     <span class='ocr_line' id='line_1_67' title="bbox 1854 3766 3430 3837; baseline -0.001 -12"><span class='ocrx_word' id='word_1_476' title='bbox 1854 3766 2226 3825; x_wconf 73' lang='lat' dir='ltr'><strong>Minotaurum</strong></span> <span class='ocrx_word' id='word_1_477' title='bbox 2276 3766 2520 3837; x_wconf 69' lang='lat' dir='ltr'><strong>lingunt,</strong></span> <span class='ocrx_word' id='word_1_478' title='bbox 2564 3766 2671 3824; x_wconf 11' lang='lat' dir='ltr'><strong>sed,</strong></span> <span class='ocrx_word' id='word_1_479' title='bbox 2694 3768 2825 3822; x_wconf 93' lang='lat' dir='ltr'><strong>illud</strong></span> <span class='ocrx_word' id='word_1_480' title='bbox 2877 3766 3150 3837; x_wconf 78' lang='grc' dir='ltr'>γράφουσι</span> <span class='ocrx_word' id='word_1_481' title='bbox 3176 3766 3430 3837; x_wconf 17' lang='lat' dir='ltr'><strong>fiertassc</strong></span> 
     </span>
    </p>
   </div>
   <div class='ocr_carea' id='block_1_67' title="bbox 1849 3836 3430 3909">
    <p class='ocr_par' dir='ltr' id='par_1_67' title="bbox 1849 3836 3430 3909">
     <span class='ocr_line' id='line_1_68' title="bbox 1849 3836 3430 3909; baseline -0.003 -14"><span class='ocrx_word' id='word_1_482' title='bbox 1849 3842 2030 3909; x_wconf 84' lang='lat' dir='ltr'><strong>aptius</strong></span> <span class='ocrx_word' id='word_1_483' title='bbox 2080 3839 2334 3909; x_wconf 77' lang='lat' dir='ltr'><strong>redderes</strong></span> <span class='ocrx_word' id='word_1_484' title='bbox 2374 3840 2702 3909; x_wconf 79' lang='lat' dir='ltr'><strong>utrobique,</strong></span> <span class='ocrx_word' id='word_1_485' title='bbox 2769 3836 2993 3909; x_wconf 80' lang='lat' dir='ltr'><strong>ﬁngunt.</strong></span> <span class='ocrx_word' id='word_1_486' title='bbox 3034 3839 3123 3892; x_wconf 89' lang='lat' dir='ltr'><strong>Sic</strong></span> <span class='ocrx_word' id='word_1_487' title='bbox 3173 3836 3430 3892; x_wconf 73' lang='lat' dir='ltr'><strong>lsraelitaa</strong></span> 
     </span>
    </p>
   </div>
   <div class='ocr_carea' id='block_1_68' title="bbox 1852 3908 3423 3971">
    <p class='ocr_par' dir='ltr' id='par_1_68' title="bbox 1852 3908 3423 3971">
     <span class='ocr_line' id='line_1_69' title="bbox 1852 3908 3423 3971; baseline -0.001 -7"><span class='ocrx_word' id='word_1_488' title='bbox 1852 3908 2017 3965; x_wconf 52' lang='lat' dir='ltr'><strong>Exodi</strong></span> <span class='ocrx_word' id='word_1_489' title='bbox 2043 3924 2189 3963; x_wconf 64' lang='grc' dir='ltr'>χχχιι</span> <span class='ocrx_word' id='word_1_490' title='bbox 2218 3951 2231 3971; x_wconf 86' lang='grc'><strong>,</strong></span> <span class='ocrx_word' id='word_1_491' title='bbox 2258 3908 2310 3968; x_wconf 88' lang='lat'><strong>8,</strong></span> <span class='ocrx_word' id='word_1_492' title='bbox 2335 3908 2634 3962; x_wconf 70' lang='lat' dir='ltr'><strong>idololatra:</strong></span> <span class='ocrx_word' id='word_1_493' title='bbox 2657 3908 2782 3960; x_wconf 89' lang='lat' dir='ltr'><strong>facti</strong></span> <span class='ocrx_word' id='word_1_494' title='bbox 2810 3915 2937 3961; x_wconf 90' lang='lat' dir='ltr'><strong>sunt</strong></span> <span class='ocrx_word' id='word_1_495' title='bbox 2963 3909 3197 3961; x_wconf 82' lang='lat' dir='ltr'><strong>coullato</strong></span> <span class='ocrx_word' id='word_1_496' title='bbox 3227 3909 3423 3963; x_wconf 89' lang='lat' dir='ltr'><strong>vitulo.</strong></span> 
     </span>
    </p>
   </div>
   <div class='ocr_carea' id='block_1_69' title="bbox 1851 3975 2970 4047">
    <p class='ocr_par' dir='ltr' id='par_1_69' title="bbox 1851 3975 2970 4047">
     <span class='ocr_line' id='line_1_70' title="bbox 1851 3975 2970 4047; baseline -0.004 -13"><span class='ocrx_word' id='word_1_497' title='bbox 1851 3981 1929 4037; x_wconf 89' lang='lat' dir='ltr'><strong>De</strong></span> <span class='ocrx_word' id='word_1_498' title='bbox 1958 3980 2267 4034; x_wconf 79' lang='lat' dir='ltr'><strong>Minotauro</strong></span> <span class='ocrx_word' id='word_1_499' title='bbox 2300 3976 2563 4047; x_wconf 81' lang='lat' dir='ltr'><strong>Virgilius</strong></span> <span class='ocrx_word' id='word_1_500' title='bbox 2612 3994 2662 4030; x_wconf 75' lang='lat' dir='ltr'><strong>vr</strong></span> <span class='ocrx_word' id='word_1_501' title='bbox 2704 3975 2920 4031; x_wconf 69' lang='lat' dir='ltr'><strong>AEneid.</strong></span> <span class='ocrx_word' id='word_1_502' title='bbox 2951 3991 2970 4029; x_wconf 91' lang='lat'><strong><em>:</em></strong></span> 
     </span>
    </p>
   </div>
   <div class='ocr_carea' id='block_1_70' title="bbox 1954 4086 3142 4159">
    <p class='ocr_par' dir='ltr' id='par_1_70' title="bbox 1954 4086 3142 4159">
     <span class='ocr_line' id='line_1_71' title="bbox 1954 4086 3142 4159; baseline -0.004 -14"><span class='ocrx_word' id='word_1_503' title='bbox 2053 4088 2383 4153; x_wconf 72' lang='lat' dir='ltr'><strong>Mixtumque</strong></span> <span class='ocrx_word' id='word_1_504' title='bbox 2412 4087 2873 4159; x_wconf 77' lang='lat' dir='ltr'><strong>genus-prolesque</strong></span> <span class='ocrx_word' id='word_1_505' title='bbox 2898 4086 3142 4156; x_wconf 68' lang='lat' dir='ltr'><strong>biformis</strong></span> 
     </span>
    </p>
   </div>
   <div class='ocr_carea' id='block_1_71' title="bbox 1953 4161 2477 4215">
    <p class='ocr_par' dir='ltr' id='par_1_71' title="bbox 1953 4161 2477 4215">
     <span class='ocr_line' id='line_1_72' title="bbox 1953 4161 2477 4215; baseline -0.004 0"><span class='ocrx_word' id='word_1_506' title='bbox 1953 4162 2289 4215; x_wconf 78' lang='lat' dir='ltr'><strong>Minotaurus</strong></span> <span class='ocrx_word' id='word_1_507' title='bbox 2325 4161 2477 4213; x_wconf 85' lang='lat' dir='ltr'><strong>inest.</strong></span> 
     </span>
    </p>
   </div>
   <div class='ocr_carea' id='block_1_72' title="bbox 1920 4248 3420 4319">
    <p class='ocr_par' dir='ltr' id='par_1_72' title="bbox 1920 4248 3420 4319">
     <span class='ocr_line' id='line_1_73' title="bbox 1920 4248 3420 4319; baseline -0.005 -9"><span class='ocrx_word' id='word_1_508' title='bbox 1920 4254 2062 4310; x_wconf 85' lang='lat' dir='ltr'><strong>Ibid.</strong></span> <span class='ocrx_word' id='word_1_509' title='bbox 2097 4254 2157 4307; x_wconf 87' lang='grc' dir='ltr'><strong>Β.</strong></span> <span class='ocrx_word' id='word_1_510' title='bbox 2192 4253 2365 4319; x_wconf 85' lang='lat' dir='ltr'><strong>Quam</strong></span> <span class='ocrx_word' id='word_1_511' title='bbox 2397 4252 2443 4305; x_wconf 81' lang='lat' dir='ltr'><strong>si</strong></span> <span class='ocrx_word' id='word_1_512' title='bbox 2480 4250 2668 4306; x_wconf 82' lang='lat' dir='ltr'><strong>hostis.</strong></span> <span class='ocrx_word' id='word_1_513' title='bbox 2702 4249 3112 4305; x_wconf 86' lang='lat' dir='ltr'><strong>lmmutavimus</strong></span> <span class='ocrx_word' id='word_1_514' title='bbox 3142 4248 3305 4303; x_wconf 85' lang='lat' dir='ltr'><strong>verba</strong></span> <span class='ocrx_word' id='word_1_515' title='bbox 3338 4249 3420 4303; x_wconf 79' lang='lat' dir='ltr'><strong>in-</strong></span> 
     </span>
    </p>
   </div>
   <div class='ocr_carea' id='block_1_73' title="bbox 1849 4320 3422 4395">
    <p class='ocr_par' dir='ltr' id='par_1_73' title="bbox 1849 4320 3422 4395">
     <span class='ocr_line' id='line_1_74' title="bbox 1849 4320 3422 4395; baseline -0.005 -14"><span class='ocrx_word' id='word_1_516' title='bbox 1849 4326 2121 4393; x_wconf 86' lang='lat' dir='ltr'><strong>terpretis,</strong></span> <span class='ocrx_word' id='word_1_517' title='bbox 2153 4341 2313 4395; x_wconf 88' lang='lat' dir='ltr'><strong>quam</strong></span> <span class='ocrx_word' id='word_1_518' title='bbox 2335 4324 2380 4376; x_wconf 83' lang='lat' dir='ltr'><strong>si</strong></span> <span class='ocrx_word' id='word_1_519' title='bbox 2419 4339 2539 4375; x_wconf 89' lang='lat' dir='ltr'><strong>cum</strong></span> <span class='ocrx_word' id='word_1_520' title='bbox 2570 4323 2820 4395; x_wconf 73' lang='lat' dir='ltr'><strong>adversus</strong></span> <span class='ocrx_word' id='word_1_521' title='bbox 2838 4320 3281 4395; x_wconf 62' lang='lat' dir='ltr'><strong>hostilemaciem</strong></span> <span class='ocrx_word' id='word_1_522' title='bbox 3308 4336 3422 4395; x_wconf 80' lang='lat' dir='ltr'><strong>pu-</strong></span> 
     </span>
    </p>
   </div>
   <div class='ocr_carea' id='block_1_74' title="bbox 1843 4390 3417 4467">
    <p class='ocr_par' dir='ltr' id='par_1_74' title="bbox 1843 4390 3417 4467">
     <span class='ocr_line' id='line_1_75' title="bbox 1843 4390 3417 4467; baseline -0.004 -17"><span class='ocrx_word' id='word_1_523' title='bbox 1843 4390 2111 4467; x_wconf 82' lang='lat' dir='ltr'><strong>gnandum</strong></span> <span class='ocrx_word' id='word_1_524' title='bbox 2133 4390 2225 4452; x_wconf 83' lang='lat' dir='ltr'><strong>sit.</strong></span> <span class='ocrx_word' id='word_1_525' title='bbox 2255 4404 2390 4467; x_wconf 8' lang='lat' dir='ltr'><strong>tugte</strong></span> <span class='ocrx_word' id='word_1_526' title='bbox 2412 4395 2520 4467; x_wconf 81' lang='lat' dir='ltr'><strong>ipse</strong></span> <span class='ocrx_word' id='word_1_527' title='bbox 2547 4391 2819 4467; x_wconf 52' lang='lat' dir='ltr'><strong>concidas.</strong></span> <span class='ocrx_word' id='word_1_528' title='bbox 2838 4390 3032 4467; x_wconf 80' lang='lat' dir='ltr'><strong>Postea</strong></span> <span class='ocrx_word' id='word_1_529' title='bbox 3075 4390 3417 4467; x_wconf 79' lang='lat' dir='ltr'><strong>Margunium</strong></span> 
     </span>
    </p>
   </div>
   <div class='ocr_carea' id='block_1_75' title="bbox 1845 4462 3424 4535">
    <p class='ocr_par' dir='ltr' id='par_1_75' title="bbox 1845 4462 3424 4535">
     <span class='ocr_line' id='line_1_76' title="bbox 1845 4462 3424 4535; baseline -0.004 -15"><span class='ocrx_word' id='word_1_530' title='bbox 1845 4462 2213 4535; x_wconf 73' lang='lat' dir='ltr'><strong>comperimus</strong></span> <span class='ocrx_word' id='word_1_531' title='bbox 2232 4465 2543 4533; x_wconf 88' lang='lat' dir='ltr'><strong>scripsisse,</strong></span> <span class='ocrx_word' id='word_1_532' title='bbox 2576 4462 2707 4535; x_wconf 83' lang='lat' dir='ltr'><strong>nihil</strong></span> <span class='ocrx_word' id='word_1_533' title='bbox 2748 4462 2894 4513; x_wconf 83' lang='lat' dir='ltr'><strong>aliud</strong></span> <span class='ocrx_word' id='word_1_534' title='bbox 2918 4462 3278 4535; x_wconf 76' lang='lat' dir='ltr'><strong>_est_quam_in</strong></span> <span class='ocrx_word' id='word_1_535' title='bbox 3319 4462 3424 4513; x_wconf 84' lang='lat' dir='ltr'><strong>ini-</strong></span> 
     </span>
    </p>
   </div>
   <div class='ocr_carea' id='block_1_76' title="bbox 1845 4530 3423 4603">
    <p class='ocr_par' dir='ltr' id='par_1_76' title="bbox 1845 4530 3423 4603">
     <span class='ocr_line' id='line_1_77' title="bbox 1845 4530 3423 4603; baseline -0.004 -12"><span class='ocrx_word' id='word_1_536' title='bbox 1845 4530 2237 4591; x_wconf 43' lang='lat' dir='ltr'><strong>inici—ordinem</strong></span> <span class='ocrx_word' id='word_1_537' title='bbox 2283 4530 2455 4603; x_wconf 71' lang='lat' dir='ltr'><strong>ipsum</strong></span> <span class='ocrx_word' id='word_1_538' title='bbox 2516 4534 2585 4585; x_wconf 87' lang='lat' dir='ltr'><strong>ad</strong></span> <span class='ocrx_word' id='word_1_539' title='bbox 2618 4534 2844 4599; x_wconf 82' lang='lat' dir='ltr'><strong>seipsum</strong></span> <span class='ocrx_word' id='word_1_540' title='bbox 2893 4531 3138 4584; x_wconf 83' lang='lat' dir='ltr'><strong>discindi.</strong></span> <span class='ocrx_word' id='word_1_541' title='bbox 3177 4530 3423 4600; x_wconf 83' lang='lat' dir='ltr'><strong>Sequen—</strong></span> 
     </span>
    </p>
   </div>
   <div class='ocr_carea' id='block_1_77' title="bbox 1845 4603 3421 4678">
    <p class='ocr_par' dir='ltr' id='par_1_77' title="bbox 1845 4603 3421 4678">
     <span class='ocr_line' id='line_1_78' title="bbox 1845 4603 3421 4678; baseline -0.004 -16"><span class='ocrx_word' id='word_1_542' title='bbox 1845 4618 1949 4662; x_wconf 90' lang='lat' dir='ltr'><strong>tem</strong></span> <span class='ocrx_word' id='word_1_543' title='bbox 1978 4622 2195 4678; x_wconf 85' lang='lat' dir='ltr'><strong>quoque</strong></span> <span class='ocrx_word' id='word_1_544' title='bbox 2217 4604 2499 4675; x_wconf 90' lang='lat' dir='ltr'><strong>periodum</strong></span> <span class='ocrx_word' id='word_1_545' title='bbox 2522 4605 2771 4659; x_wconf 82' lang='lat' dir='ltr'><strong>eumdem</strong></span> <span class='ocrx_word' id='word_1_546' title='bbox 2806 4603 2859 4656; x_wconf 90' lang='lat' dir='ltr'><strong>in</strong></span> <span class='ocrx_word' id='word_1_547' title='bbox 2893 4618 3110 4657; x_wconf 88' lang='lat' dir='ltr'><strong>sensum</strong></span> <span class='ocrx_word' id='word_1_548' title='bbox 3136 4604 3421 4657; x_wconf 86' lang='lat' dir='ltr'><strong>nobiscum</strong></span> 
     </span>
    </p>
   </div>
   <div class='ocr_carea' id='block_1_78' title="bbox 1843 4678 2103 4733">
    <p class='ocr_par' dir='ltr' id='par_1_78' title="bbox 1843 4678 2103 4733">
     <span class='ocr_line' id='line_1_79' title="bbox 1843 4678 2103 4733; baseline -0.015 0"><span class='ocrx_word' id='word_1_549' title='bbox 1843 4678 2103 4733; x_wconf 83' lang='lat' dir='ltr'><strong>restituit.</strong></span> 
     </span>
    </p>
   </div>
   <div class='ocr_carea' id='block_1_79' title="bbox 1913 4742 3422 4812">
    <p class='ocr_par' dir='ltr' id='par_1_79' title="bbox 1913 4742 3422 4812">
     <span class='ocr_line' id='line_1_80' title="bbox 1913 4742 3422 4812; baseline -0.006 -10"><span class='ocrx_word' id='word_1_550' title='bbox 1913 4746 2031 4802; x_wconf 83' lang='lat' dir='ltr'><strong>Col.</strong></span> <span class='ocrx_word' id='word_1_551' title='bbox 2078 4747 2182 4801; x_wconf 78' lang='lat'><strong>‘259</strong></span> <span class='ocrx_word' id='word_1_552' title='bbox 2217 4746 2280 4798; x_wconf 86' lang='lat' dir='ltr'><strong>A.</strong></span> <span class='ocrx_word' id='word_1_553' title='bbox 2316 4744 2483 4811; x_wconf 82' lang='lat' dir='ltr'><strong>Quem</strong></span> <span class='ocrx_word' id='word_1_554' title='bbox 2507 4744 2686 4798; x_wconf 86' lang='lat' dir='ltr'><strong>series.</strong></span> <span class='ocrx_word' id='word_1_555' title='bbox 2719 4742 2890 4796; x_wconf 84' lang='lat' dir='ltr'><strong>Antea</strong></span> <span class='ocrx_word' id='word_1_556' title='bbox 2924 4751 3063 4805; x_wconf 88' lang='lat' dir='ltr'><strong>erat,</strong></span> <span class='ocrx_word' id='word_1_557' title='bbox 3098 4758 3262 4812; x_wconf 84' lang='lat' dir='ltr'><strong>quem</strong></span> <span class='ocrx_word' id='word_1_558' title='bbox 3304 4743 3422 4809; x_wconf 83' lang='lat' dir='ltr'><strong>ipsa</strong></span> 
     </span>
    </p>
   </div>
   <div class='ocr_carea' id='block_1_80' title="bbox 1844 4812 3422 4885">
    <p class='ocr_par' dir='ltr' id='par_1_80' title="bbox 1844 4812 3422 4885">
     <span class='ocr_line' id='line_1_81' title="bbox 1844 4812 3422 4885; baseline -0.004 -14"><span class='ocrx_word' id='word_1_559' title='bbox 1844 4818 2105 4880; x_wconf 83' lang='lat' dir='ltr'><strong>memoria</strong></span> <span class='ocrx_word' id='word_1_560' title='bbox 2137 4818 2368 4885; x_wconf 78' lang='lat' dir='ltr'><strong>suggerit</strong></span> <span class='ocrx_word' id='word_1_561' title='bbox 2398 4815 2600 4885; x_wconf 86' lang='lat' dir='ltr'><strong>,quasi</strong></span> <span class='ocrx_word' id='word_1_562' title='bbox 2638 4814 2902 4885; x_wconf 77' lang='lat' dir='ltr'><strong>scriptum</strong></span> <span class='ocrx_word' id='word_1_563' title='bbox 2938 4822 3084 4885; x_wconf 86' lang='lat' dir='ltr'><strong>esset</strong></span> <span class='ocrx_word' id='word_1_564' title='bbox 3116 4812 3309 4881; x_wconf 80' lang='grc' dir='ltr'>μνῆσις</span> <span class='ocrx_word' id='word_1_565' title='bbox 3340 4814 3422 4885; x_wconf 62' lang='lat' dir='ltr'><strong>vel</strong></span> 
     </span>
    </p>
   </div>
   <div class='ocr_carea' id='block_1_81' title="bbox 1844 4882 3424 4960">
    <p class='ocr_par' dir='ltr' id='par_1_81' title="bbox 1844 4882 3424 4960">
     <span class='ocr_line' id='line_1_82' title="bbox 1844 4882 3424 4960; baseline -0.005 -16"><span class='ocrx_word' id='word_1_566' title='bbox 1844 4891 2031 4960; x_wconf 85' lang='grc' dir='ltr'>μνήμη</span> <span class='ocrx_word' id='word_1_567' title='bbox 2101 4882 2636 4960; x_wconf 14' lang='grc' dir='ltr'>ρλτοίᾶἑπαρίθμησις.</span> <span class='ocrx_word' id='word_1_568' title='bbox 2702 4882 3018 4960; x_wconf 81' lang='lat' dir='ltr'><strong>Marguuius</strong></span> <span class='ocrx_word' id='word_1_569' title='bbox 3080 4898 3295 4950; x_wconf 80' lang='lat' dir='ltr'><strong>quoque</strong></span> <span class='ocrx_word' id='word_1_570' title='bbox 3343 4883 3424 4936; x_wconf 80' lang='lat' dir='ltr'><strong>sic</strong></span> 
     </span>
    </p>
   </div>
   <div class='ocr_carea' id='block_1_82' title="bbox 163 4955 3423 5036">
    <p class='ocr_par' dir='ltr' id='par_1_82' title="bbox 163 4955 3423 5036">
     <span class='ocr_line' id='line_1_83' title="bbox 163 4955 3423 5036; baseline -0.006 -15"><span class='ocrx_word' id='word_1_571' title='bbox 163 4968 337 5021; x_wconf 85' lang='lat' dir='ltr'><strong>edocti</strong></span> <span class='ocrx_word' id='word_1_572' title='bbox 370 4955 596 5036; x_wconf 60' lang='lat' dir='ltr'><strong>fuimus,</strong></span> <span class='ocrx_word' id='word_1_573' title='bbox 640 4984 745 5021; x_wconf 89' lang='lat' dir='ltr'><strong>uou</strong></span> <span class='ocrx_word' id='word_1_574' title='bbox 783 4977 839 5020; x_wconf 89' lang='lat' dir='ltr'><strong>ut</strong></span> <span class='ocrx_word' id='word_1_575' title='bbox 869 4966 1059 5025; x_wconf 85' lang='lat' dir='ltr'><strong>Zmus,</strong></span> <span class='ocrx_word' id='word_1_576' title='bbox 1099 4976 1155 5018; x_wconf 84' lang='lat' dir='ltr'><strong>ut</strong></span> <span class='ocrx_word' id='word_1_577' title='bbox 1194 4980 1257 5018; x_wconf 80' lang='lat' dir='ltr'><strong>ea:</strong></span> <span class='ocrx_word' id='word_1_578' title='bbox 1294 4966 1594 5036; x_wconf 79' lang='lat' dir='ltr'><strong>litterarum</strong></span> <span class='ocrx_word' id='word_1_579' title='bbox 1629 4981 1738 5036; x_wconf 89' lang='lat' dir='ltr'><strong>mo-</strong></span> <span class='ocrx_word' id='word_1_580' title='bbox 1768 4974 1816 5032; x_wconf 85' lang='grc' dir='ltr'><strong>ι)</strong></span> <span class='ocrx_word' id='word_1_581' title='bbox 1845 4955 2026 5036; x_wconf 53' lang='lat' dir='ltr'><strong>vertit,</strong></span> <span class='ocrx_word' id='word_1_582' title='bbox 2060 4955 2377 5036; x_wconf 77' lang='lat' dir='ltr'><strong>principium</strong></span> <span class='ocrx_word' id='word_1_583' title='bbox 2407 4970 2587 5036; x_wconf 39' lang='lat' dir='ltr'><strong>eoru‘m</strong></span> <span class='ocrx_word' id='word_1_584' title='bbox 2612 4955 3044 5036; x_wconf 51' lang='lat' dir='ltr'><strong>gummemoriter</strong></span> <span class='ocrx_word' id='word_1_585' title='bbox 3062 4961 3313 5014; x_wconf 85' lang='lat' dir='ltr'><strong>tenemus,</strong></span> <span class='ocrx_word' id='word_1_586' title='bbox 3329 4968 3423 5036; x_wconf 46' lang='lat' dir='ltr'><strong>ror:</strong></span> 
     </span>
    </p>
   </div>
   <div class='ocr_carea' id='block_1_83' title="bbox 166 5034 1738 5106">
    <p class='ocr_par' dir='ltr' id='par_1_83' title="bbox 166 5034 1738 5106">
     <span class='ocr_line' id='line_1_84' title="bbox 166 5034 1738 5106; baseline -0.003 -15"><span class='ocrx_word' id='word_1_587' title='bbox 166 5034 479 5092; x_wconf 84' lang='lat' dir='ltr'><strong>numentis:</strong></span> <span class='ocrx_word' id='word_1_588' title='bbox 528 5040 703 5092; x_wconf 86' lang='lat' dir='ltr'><strong>innuit</strong></span> <span class='ocrx_word' id='word_1_589' title='bbox 727 5038 869 5091; x_wconf 86' lang='lat' dir='ltr'><strong>enim</strong></span> <span class='ocrx_word' id='word_1_590' title='bbox 911 5037 1055 5106; x_wconf 85' lang='lat' dir='ltr'><strong>quod</strong></span> <span class='ocrx_word' id='word_1_591' title='bbox 1093 5036 1107 5088; x_wconf 96' lang='grc' dir='ltr'><strong>Ι</strong></span> <span class='ocrx_word' id='word_1_592' title='bbox 1147 5036 1278 5104; x_wconf 82' lang='lat' dir='ltr'><strong>Reg.</strong></span> <span class='ocrx_word' id='word_1_593' title='bbox 1312 5052 1365 5097; x_wconf 68' lang='grc' dir='ltr'>Χ,</span> <span class='ocrx_word' id='word_1_594' title='bbox 1399 5036 1448 5097; x_wconf 82' lang='grc' dir='ltr'>Ι,</span> <span class='ocrx_word' id='word_1_595' title='bbox 1484 5034 1738 5106; x_wconf 82' lang='lat' dir='ltr'><strong>Saulidi—</strong></span> 
     </span>
    </p>
   </div>
   <div class='ocr_carea' id='block_1_84' title="bbox 163 5105 1739 5172">
    <p class='ocr_par' dir='ltr' id='par_1_84' title="bbox 163 5105 1739 5172">
     <span class='ocr_line' id='line_1_85' title="bbox 163 5105 1739 5172; baseline -0.003 -9"><span class='ocrx_word' id='word_1_596' title='bbox 163 5118 315 5163; x_wconf 85' lang='lat' dir='ltr'><strong>ctum</strong></span> <span class='ocrx_word' id='word_1_597' title='bbox 348 5118 431 5162; x_wconf 87' lang='lat' dir='ltr'><strong>est</strong></span> <span class='ocrx_word' id='word_1_598' title='bbox 469 5126 497 5162; x_wconf 87' lang='lat' dir='ltr'><strong>a</strong></span> <span class='ocrx_word' id='word_1_599' title='bbox 534 5110 788 5162; x_wconf 83' lang='lat' dir='ltr'><strong>Samuele</strong></span> <span class='ocrx_word' id='word_1_600' title='bbox 826 5127 835 5158; x_wconf 93' lang='lat'><strong>:</strong></span> <span class='ocrx_word' id='word_1_601' title='bbox 874 5105 1032 5160; x_wconf 72' lang='lat' dir='ltr'><strong>Unxit</strong></span> <span class='ocrx_word' id='word_1_602' title='bbox 1077 5117 1125 5159; x_wconf 87' lang='lat' dir='ltr'><strong>te</strong></span> <span class='ocrx_word' id='word_1_603' title='bbox 1157 5106 1412 5159; x_wconf 80' lang='lat' dir='ltr'><strong>Dominus</strong></span> <span class='ocrx_word' id='word_1_604' title='bbox 1446 5121 1603 5172; x_wconf 81' lang='lat' dir='ltr'><strong>super</strong></span> <span class='ocrx_word' id='word_1_605' title='bbox 1631 5105 1739 5158; x_wconf 78' lang='lat' dir='ltr'><strong>ha:-</strong></span> 
     </span>
    </p>
   </div>
   <div class='ocr_carea' id='block_1_85' title="bbox 166 5176 1741 5247">
    <p class='ocr_par' dir='ltr' id='par_1_85' title="bbox 166 5176 1741 5247">
     <span class='ocr_line' id='line_1_86' title="bbox 166 5176 1741 5247; baseline -0.001 -16"><span class='ocrx_word' id='word_1_606' title='bbox 166 5180 451 5232; x_wconf 85' lang='lat' dir='ltr'><strong>reditatem</strong></span> <span class='ocrx_word' id='word_1_607' title='bbox 486 5196 638 5233; x_wconf 83' lang='lat' dir='ltr'><strong>suam</strong></span> <span class='ocrx_word' id='word_1_608' title='bbox 680 5180 733 5231; x_wconf 86' lang='lat' dir='ltr'><strong>in</strong></span> <span class='ocrx_word' id='word_1_609' title='bbox 765 5178 1069 5247; x_wconf 84' lang='lat' dir='ltr'><strong>principem.</strong></span> <span class='ocrx_word' id='word_1_610' title='bbox 1112 5176 1393 5247; x_wconf 81' lang='lat' dir='ltr'><strong>Postremo</strong></span> <span class='ocrx_word' id='word_1_611' title='bbox 1438 5176 1741 5247; x_wconf 82' lang='lat' dir='ltr'><strong>adjecimus</strong></span> 
     </span>
    </p>
   </div>
   <div class='ocr_carea' id='block_1_86' title="bbox 163 5245 1735 5315">
    <p class='ocr_par' dir='ltr' id='par_1_86' title="bbox 163 5245 1735 5315">
     <span class='ocr_line' id='line_1_87' title="bbox 163 5245 1735 5315; baseline -0.001 -14"><span class='ocrx_word' id='word_1_612' title='bbox 163 5266 196 5301; x_wconf 71' lang='grc' dir='ltr'><strong>ε</strong></span> <span class='ocrx_word' id='word_1_613' title='bbox 227 5249 415 5303; x_wconf 57' lang='lat' dir='ltr'><strong>Graiae</strong></span> <span class='ocrx_word' id='word_1_614' title='bbox 438 5291 451 5309; x_wconf 89' lang='lat'><strong><em>.</em></strong></span> <span class='ocrx_word' id='word_1_615' title='bbox 501 5250 590 5303; x_wconf 85' lang='lat' dir='ltr'><strong>sed</strong></span> <span class='ocrx_word' id='word_1_616' title='bbox 632 5264 695 5302; x_wconf 76' lang='lat' dir='ltr'><strong>ex</strong></span> <span class='ocrx_word' id='word_1_617' title='bbox 735 5249 838 5301; x_wconf 84' lang='lat' dir='ltr'><strong>vita</strong></span> <span class='ocrx_word' id='word_1_618' title='bbox 882 5245 1074 5302; x_wconf 66' lang='lat' dir='ltr'><strong>teStim.</strong></span> <span class='ocrx_word' id='word_1_619' title='bbox 1111 5246 1417 5304; x_wconf 83' lang='lat' dir='ltr'><strong>habeamus,</strong></span> <span class='ocrx_word' id='word_1_620' title='bbox 1455 5245 1599 5315; x_wconf 90' lang='lat' dir='ltr'><strong>quod</strong></span> <span class='ocrx_word' id='word_1_621' title='bbox 1634 5261 1735 5299; x_wconf 87' lang='lat' dir='ltr'><strong>ne-</strong></span> 
     </span>
    </p>
   </div>
   <div class='ocr_carea' id='block_1_87' title="bbox 162 5316 1741 5387">
    <p class='ocr_par' dir='ltr' id='par_1_87' title="bbox 162 5316 1741 5387">
     <span class='ocr_line' id='line_1_88' title="bbox 162 5316 1741 5387; baseline -0.001 -16"><span class='ocrx_word' id='word_1_622' title='bbox 162 5336 273 5386; x_wconf 83' lang='lat' dir='ltr'><strong>que</strong></span> <span class='ocrx_word' id='word_1_623' title='bbox 329 5320 381 5372; x_wconf 90' lang='lat' dir='ltr'><strong>in</strong></span> <span class='ocrx_word' id='word_1_624' title='bbox 434 5320 572 5384; x_wconf 86' lang='lat' dir='ltr'><strong>Ziui,</strong></span> <span class='ocrx_word' id='word_1_625' title='bbox 626 5334 802 5387; x_wconf 90' lang='lat' dir='ltr'><strong>neque</strong></span> <span class='ocrx_word' id='word_1_626' title='bbox 844 5319 897 5372; x_wconf 90' lang='lat' dir='ltr'><strong>iu</strong></span> <span class='ocrx_word' id='word_1_627' title='bbox 950 5317 1213 5387; x_wconf 77' lang='lat' dir='ltr'><strong>Margunii</strong></span> <span class='ocrx_word' id='word_1_628' title='bbox 1256 5316 1497 5370; x_wconf 85' lang='lat' dir='ltr'><strong>editione</strong></span> <span class='ocrx_word' id='word_1_629' title='bbox 1540 5316 1741 5385; x_wconf 81' lang='lat' dir='ltr'><strong>reperi-</strong></span> 
     </span>
    </p>
   </div>
   <div class='ocr_carea' id='block_1_88' title="bbox 164 5399 273 5441">
    <p class='ocr_par' dir='ltr' id='par_1_88' title="bbox 164 5399 273 5441">
     <span class='ocr_line' id='line_1_89' title="bbox 164 5399 273 5441; baseline -0.009 0"><span class='ocrx_word' id='word_1_630' title='bbox 164 5399 273 5441; x_wconf 90' lang='lat' dir='ltr'><strong>tur.</strong></span> 
     </span>
    </p>
   </div>
   <div class='ocr_carea' id='block_1_89' title="bbox 236 5457 1731 5520">
    <p class='ocr_par' dir='ltr' id='par_1_89' title="bbox 236 5457 1731 5520">
     <span class='ocr_line' id='line_1_90' title="bbox 236 5457 1731 5520; baseline -0.005 -6"><span class='ocrx_word' id='word_1_631' title='bbox 236 5460 353 5514; x_wconf 84' lang='lat' dir='ltr'><strong>Col.</strong></span> <span class='ocrx_word' id='word_1_632' title='bbox 391 5459 498 5514; x_wconf 67' lang='lat'><strong>255</strong></span> <span class='ocrx_word' id='word_1_633' title='bbox 518 5459 578 5514; x_wconf 75' lang='grc' dir='ltr'><strong>Ο.</strong></span> <span class='ocrx_word' id='word_1_634' title='bbox 612 5458 915 5512; x_wconf 81' lang='lat' dir='ltr'><strong>Materiam.</strong></span> <span class='ocrx_word' id='word_1_635' title='bbox 962 5457 1224 5511; x_wconf 78' lang='lat' dir='ltr'><strong>Addimus</strong></span> <span class='ocrx_word' id='word_1_636' title='bbox 1264 5458 1637 5520; x_wconf 81' lang='lat' dir='ltr'><strong>inanimatam,</strong></span> <span class='ocrx_word' id='word_1_637' title='bbox 1675 5463 1731 5507; x_wconf 90' lang='lat' dir='ltr'><strong>ut</strong></span> 
     </span>
    </p>
   </div>
   <div class='ocr_carea' id='block_1_90' title="bbox 164 5528 1728 5597">
    <p class='ocr_par' dir='ltr' id='par_1_90' title="bbox 164 5528 1728 5597">
     <span class='ocr_line' id='line_1_91' title="bbox 164 5528 1728 5597; baseline -0.003 -15"><span class='ocrx_word' id='word_1_638' title='bbox 164 5528 386 5584; x_wconf 76' lang='lat' dir='ltr'><strong>Graecus</strong></span> <span class='ocrx_word' id='word_1_639' title='bbox 417 5531 571 5592; x_wconf 86' lang='lat' dir='ltr'><strong>liber,</strong></span> <span class='ocrx_word' id='word_1_640' title='bbox 605 5529 830 5597; x_wconf 75' lang='grc' dir='ltr'>ἄψυχον,</span> <span class='ocrx_word' id='word_1_641' title='bbox 861 5538 912 5582; x_wconf 89' lang='lat' dir='ltr'><strong>et</strong></span> <span class='ocrx_word' id='word_1_642' title='bbox 937 5528 1200 5595; x_wconf 67' lang='lat' dir='ltr'><strong>“argum,</strong></span> <span class='ocrx_word' id='word_1_643' title='bbox 1230 5529 1424 5580; x_wconf 77' lang='lat' dir='ltr'><strong>anima:</strong></span> <span class='ocrx_word' id='word_1_644' title='bbox 1446 5535 1728 5593; x_wconf 65' lang='lat' dir='ltr'><strong>expertem,</strong></span> 
     </span>
    </p>
   </div>
   <div class='ocr_carea' id='block_1_91' title="bbox 164 5598 1731 5669">
    <p class='ocr_par' dir='ltr' id='par_1_91' title="bbox 164 5598 1731 5669">
     <span class='ocr_line' id='line_1_92' title="bbox 164 5598 1731 5669; baseline -0.001 -18"><span class='ocrx_word' id='word_1_645' title='bbox 164 5611 218 5652; x_wconf 77' lang='lat' dir='ltr'><strong>et</strong></span> <span class='ocrx_word' id='word_1_646' title='bbox 250 5603 409 5669; x_wconf 83' lang='lat' dir='ltr'><strong>paulo</strong></span> <span class='ocrx_word' id='word_1_647' title='bbox 434 5609 575 5669; x_wconf 81' lang='lat' dir='ltr'><strong>post,</strong></span> <span class='ocrx_word' id='word_1_648' title='bbox 609 5598 747 5668; x_wconf 84' lang='lat' dir='ltr'><strong>quod</strong></span> <span class='ocrx_word' id='word_1_649' title='bbox 781 5617 897 5652; x_wconf 80' lang='lat' dir='ltr'><strong>vero</strong></span> <span class='ocrx_word' id='word_1_650' title='bbox 927 5598 995 5652; x_wconf 84' lang='lat' dir='ltr'><strong>ad</strong></span> <span class='ocrx_word' id='word_1_651' title='bbox 1021 5599 1365 5669; x_wconf 70' lang='lat' dir='ltr'><strong>imitationem</strong></span> <span class='ocrx_word' id='word_1_652' title='bbox 1398 5607 1592 5669; x_wconf 79' lang='lat' dir='ltr'><strong>natura</strong></span> <span class='ocrx_word' id='word_1_653' title='bbox 1616 5598 1731 5669; x_wconf 81' lang='lat' dir='ltr'><strong>ipsa</strong></span> 
     </span>
    </p>
   </div>
   <div class='ocr_carea' id='block_1_92' title="bbox 165 5667 1730 5738">
    <p class='ocr_par' dir='ltr' id='par_1_92' title="bbox 165 5667 1730 5738">
     <span class='ocr_line' id='line_1_93' title="bbox 165 5667 1730 5738; baseline -0.003 -16"><span class='ocrx_word' id='word_1_654' title='bbox 165 5667 271 5722; x_wconf 79' lang='lat' dir='ltr'><strong>non</strong></span> <span class='ocrx_word' id='word_1_655' title='bbox 309 5667 448 5737; x_wconf 76' lang='lat' dir='ltr'><strong>capit</strong></span> <span class='ocrx_word' id='word_1_656' title='bbox 483 5686 501 5722; x_wconf 85' lang='lat'><strong>.&#39;</strong></span> <span class='ocrx_word' id='word_1_657' title='bbox 541 5667 716 5738; x_wconf 86' lang='lat' dir='ltr'><strong>neque</strong></span> <span class='ocrx_word' id='word_1_658' title='bbox 758 5670 903 5724; x_wconf 87' lang='lat' dir='ltr'><strong>enim</strong></span> <span class='ocrx_word' id='word_1_659' title='bbox 950 5677 1183 5723; x_wconf 88' lang='lat' dir='ltr'><strong>verterat</strong></span> <span class='ocrx_word' id='word_1_660' title='bbox 1216 5668 1384 5722; x_wconf 84' lang='lat' dir='ltr'><strong>Zinus</strong></span> <span class='ocrx_word' id='word_1_661' title='bbox 1427 5667 1559 5720; x_wconf 90' lang='lat' dir='ltr'><strong>illud</strong></span> <span class='ocrx_word' id='word_1_662' title='bbox 1594 5668 1730 5735; x_wconf 84' lang='grc' dir='ltr'>πρὸς</span> 
     </span>
    </p>
   </div>
   <div class='ocr_carea' id='block_1_93' title="bbox 169 5738 1729 5810">
    <p class='ocr_par' dir='ltr' id='par_1_93' title="bbox 169 5738 1729 5810">
     <span class='ocr_line' id='line_1_94' title="bbox 169 5738 1729 5810; baseline 0.001 -20"><span class='ocrx_word' id='word_1_663' title='bbox 169 5742 397 5810; x_wconf 80' lang='grc' dir='ltr'>μίμησιν</span> <span class='ocrx_word' id='word_1_664' title='bbox 420 5782 434 5804; x_wconf 85' lang='grc'><strong>,</strong></span> <span class='ocrx_word' id='word_1_665' title='bbox 468 5742 569 5795; x_wconf 87' lang='lat' dir='ltr'><strong>hoc</strong></span> <span class='ocrx_word' id='word_1_666' title='bbox 606 5751 689 5794; x_wconf 92' lang='lat' dir='ltr'><strong>est</strong></span> <span class='ocrx_word' id='word_1_667' title='bbox 712 5781 726 5800; x_wconf 89' lang='lat'>.</span> <span class='ocrx_word' id='word_1_668' title='bbox 760 5742 825 5795; x_wconf 82' lang='lat' dir='ltr'><strong>ad</strong></span> <span class='ocrx_word' id='word_1_669' title='bbox 864 5756 1093 5809; x_wconf 75' lang='lat' dir='ltr'><strong>Quorum</strong></span> <span class='ocrx_word' id='word_1_670' title='bbox 1123 5740 1478 5803; x_wconf 84' lang='lat' dir='ltr'><strong>imitationem</strong></span> <span class='ocrx_word' id='word_1_671' title='bbox 1506 5738 1729 5805; x_wconf 74' lang='lat' dir='ltr'><strong>minime</strong></span> 
     </span>
    </p>
   </div>
   <div class='ocr_carea' id='block_1_94' title="bbox 166 5813 1127 5883">
    <p class='ocr_par' dir='ltr' id='par_1_94' title="bbox 166 5813 1127 5883">
     <span class='ocr_line' id='line_1_95' title="bbox 166 5813 1127 5883; baseline -0.001 -18"><span class='ocrx_word' id='word_1_672' title='bbox 166 5819 343 5881; x_wconf 81' lang='lat' dir='ltr'><strong>potest</strong></span> <span class='ocrx_word' id='word_1_673' title='bbox 371 5821 566 5867; x_wconf 84' lang='lat' dir='ltr'><strong>natura</strong></span> <span class='ocrx_word' id='word_1_674' title='bbox 592 5822 778 5868; x_wconf 83' lang='lat' dir='ltr'><strong>nostra</strong></span> <span class='ocrx_word' id='word_1_675' title='bbox 800 5813 1127 5883; x_wconf 77' lang='lat' dir='ltr'><strong>pertingere.</strong></span> 
     </span>
    </p>
   </div>
   <div class='ocr_carea' id='block_1_95' title="bbox 1842 5019 3419 5092">
    <p class='ocr_par' dir='ltr' id='par_1_95' title="bbox 1842 5019 3419 5092">
     <span class='ocr_line' id='line_1_96' title="bbox 1842 5019 3419 5092; baseline -0.006 -9"><span class='ocrx_word' id='word_1_676' title='bbox 1842 5030 1929 5082; x_wconf 87' lang='lat' dir='ltr'><strong>do.</strong></span> <span class='ocrx_word' id='word_1_677' title='bbox 1961 5019 2163 5083; x_wconf 78' lang='lat' dir='ltr'><strong>Citavit</strong></span> <span class='ocrx_word' id='word_1_678' title='bbox 2198 5019 2358 5079; x_wconf 84' lang='lat' dir='ltr'><strong>antea</strong></span> <span class='ocrx_word' id='word_1_679' title='bbox 2405 5040 2471 5080; x_wconf 84' lang='lat' dir='ltr'><strong>ex</strong></span> <span class='ocrx_word' id='word_1_680' title='bbox 2514 5019 2798 5092; x_wconf 73' lang='lat' dir='ltr'><strong>Apostolo,</strong></span> <span class='ocrx_word' id='word_1_681' title='bbox 2840 5024 3121 5077; x_wconf 87' lang='lat' dir='ltr'><strong>Christum</strong></span> <span class='ocrx_word' id='word_1_682' title='bbox 3166 5037 3289 5076; x_wconf 87' lang='lat' dir='ltr'><strong>esse</strong></span> <span class='ocrx_word' id='word_1_683' title='bbox 3327 5019 3419 5075; x_wconf 89' lang='lat' dir='ltr'><strong>Dei</strong></span> 
     </span>
    </p>
   </div>
   <div class='ocr_carea' id='block_1_96' title="bbox 1845 5092 3421 5179">
    <p class='ocr_par' dir='ltr' id='par_1_96' title="bbox 1845 5092 3421 5179">
     <span class='ocr_line' id='line_1_97' title="bbox 1845 5092 3421 5179; baseline -0.004 -27"><span class='ocrx_word' id='word_1_684' title='bbox 1845 5100 2100 5179; x_wconf 74' lang='lat' dir='ltr'><strong>virtutem</strong></span> <span class='ocrx_word' id='word_1_685' title='bbox 2132 5106 2185 5153; x_wconf 89' lang='lat' dir='ltr'><strong>et</strong></span> <span class='ocrx_word' id='word_1_686' title='bbox 2220 5097 2567 5166; x_wconf 74' lang='lat' dir='ltr'><strong>sapientiam,</strong></span> <span class='ocrx_word' id='word_1_687' title='bbox 2604 5092 2625 5147; x_wconf 84' lang='grc' dir='ltr'>Ι</span> <span class='ocrx_word' id='word_1_688' title='bbox 2658 5095 2784 5150; x_wconf 88' lang='lat' dir='ltr'><strong>Cor.</strong></span> <span class='ocrx_word' id='word_1_689' title='bbox 2820 5110 2858 5157; x_wconf 87' lang='grc' dir='ltr'><strong>ι,</strong></span> <span class='ocrx_word' id='word_1_690' title='bbox 2891 5092 2962 5146; x_wconf 66' lang='grc'><strong>24</strong></span> <span class='ocrx_word' id='word_1_691' title='bbox 2987 5111 3001 5159; x_wconf 89' lang='grc'>;</span> <span class='ocrx_word' id='word_1_692' title='bbox 3026 5094 3242 5163; x_wconf 82' lang='lat' dir='ltr'><strong>singula</strong></span> <span class='ocrx_word' id='word_1_693' title='bbox 3272 5108 3421 5147; x_wconf 86' lang='lat' dir='ltr'><strong>nunc</strong></span> 
     </span>
    </p>
   </div>
   <div class='ocr_carea' id='block_1_97' title="bbox 1845 5179 3419 5305">
    <p class='ocr_par' dir='ltr' id='par_1_97' title="bbox 1845 5179 3419 5305">
     <span class='ocr_line' id='line_1_98' title="bbox 1845 5179 3419 5305; baseline -0.007 -11"><span class='ocrx_word' id='word_1_694' title='bbox 1845 5179 2172 5294; x_wconf 35' lang='lat' dir='ltr'><strong>“altatae</strong></span> <span class='ocrx_word' id='word_1_695' title='bbox 2196 5237 2257 5290; x_wconf 78' lang='grc' dir='ltr'><strong>Α.</strong></span> <span class='ocrx_word' id='word_1_696' title='bbox 2286 5237 2344 5291; x_wconf 89' lang='lat' dir='ltr'><strong>Si</strong></span> <span class='ocrx_word' id='word_1_697' title='bbox 2370 5253 2588 5305; x_wconf 86' lang='lat' dir='ltr'><strong>peream</strong></span> <span class='ocrx_word' id='word_1_698' title='bbox 2614 5251 2815 5305; x_wconf 85' lang='lat' dir='ltr'><strong>pacem.</strong></span> <span class='ocrx_word' id='word_1_699' title='bbox 2849 5235 2963 5287; x_wconf 81' lang='lat' dir='ltr'><strong>Hoc</strong></span> <span class='ocrx_word' id='word_1_700' title='bbox 2986 5232 3286 5305; x_wconf 85' lang='lat' dir='ltr'><strong>membrum</strong></span> <span class='ocrx_word' id='word_1_701' title='bbox 3317 5231 3419 5283; x_wconf 88' lang='lat' dir='ltr'><strong>ad—</strong></span> 
     </span>
    </p>
   </div>
   <div class='ocr_carea' id='block_1_98' title="bbox 1844 5303 3419 5381">
    <p class='ocr_par' dir='ltr' id='par_1_98' title="bbox 1844 5303 3419 5381">
     <span class='ocr_line' id='line_1_99' title="bbox 1844 5303 3419 5381; baseline -0.007 -17"><span class='ocrx_word' id='word_1_702' title='bbox 1844 5311 2051 5381; x_wconf 85' lang='lat' dir='ltr'><strong>jectum</strong></span> <span class='ocrx_word' id='word_1_703' title='bbox 2072 5316 2157 5363; x_wconf 91' lang='lat' dir='ltr'><strong>est</strong></span> <span class='ocrx_word' id='word_1_704' title='bbox 2188 5323 2218 5361; x_wconf 88' lang='lat' dir='ltr'><strong>e</strong></span> <span class='ocrx_word' id='word_1_705' title='bbox 2251 5303 2439 5381; x_wconf 58' lang='lat' dir='ltr'><strong>Graeco</strong></span> <span class='ocrx_word' id='word_1_706' title='bbox 2474 5304 2842 5381; x_wconf 76' lang='lat' dir='ltr'><strong>Lugdunensi,</strong></span> <span class='ocrx_word' id='word_1_707' title='bbox 2876 5304 3021 5372; x_wconf 89' lang='lat' dir='ltr'><strong>quod</strong></span> <span class='ocrx_word' id='word_1_708' title='bbox 3048 5318 3170 5380; x_wconf 79' lang='lat' dir='ltr'><strong>cum</strong></span> <span class='ocrx_word' id='word_1_709' title='bbox 3204 5303 3419 5381; x_wconf 68' lang='lat' dir='ltr'><strong>abesset</strong></span> 
     </span>
    </p>
   </div>
   <div class='ocr_carea' id='block_1_99' title="bbox 1850 5374 3419 5447">
    <p class='ocr_par' dir='ltr' id='par_1_99' title="bbox 1850 5374 3419 5447">
     <span class='ocr_line' id='line_1_100' title="bbox 1850 5374 3419 5447; baseline -0.004 -14"><span class='ocrx_word' id='word_1_710' title='bbox 1850 5374 1919 5435; x_wconf 76' lang='lat' dir='ltr'><strong>ab</strong></span> <span class='ocrx_word' id='word_1_711' title='bbox 1953 5380 2242 5447; x_wconf 86' lang='lat' dir='ltr'><strong>utriusque</strong></span> <span class='ocrx_word' id='word_1_712' title='bbox 2289 5374 2599 5446; x_wconf 77' lang='lat' dir='ltr'><strong>interpretis</strong></span> <span class='ocrx_word' id='word_1_713' title='bbox 2639 5384 2828 5447; x_wconf 68' lang='lat' dir='ltr'><strong>textu,</strong></span> <span class='ocrx_word' id='word_1_714' title='bbox 2872 5374 3419 5447; x_wconf 81' lang='lat' dir='ltr'><strong>_sententiam__plaue</strong></span> 
     </span>
    </p>
   </div>
   <div class='ocr_carea' id='block_1_100' title="bbox 1842 5440 3413 5511">
    <p class='ocr_par' dir='ltr' id='par_1_100' title="bbox 1842 5440 3413 5511">
     <span class='ocr_line' id='line_1_101' title="bbox 1842 5440 3413 5511; baseline -0.007 -7"><span class='ocrx_word' id='word_1_715' title='bbox 1842 5460 2092 5505; x_wconf 90' lang='lat' dir='ltr'><strong>truncam</strong></span> <span class='ocrx_word' id='word_1_716' title='bbox 2124 5440 2178 5501; x_wconf 75' lang='lat' dir='ltr'><strong>et</strong></span> <span class='ocrx_word' id='word_1_717' title='bbox 2224 5440 2516 5503; x_wconf 76' lang='lat' dir='ltr'><strong>obscuram</strong></span> <span class='ocrx_word' id='word_1_718' title='bbox 2558 5444 2836 5501; x_wconf 85' lang='lat' dir='ltr'><strong>reddebat.</strong></span> <span class='ocrx_word' id='word_1_719' title='bbox 2872 5442 3050 5499; x_wconf 88' lang='lat' dir='ltr'><strong>Locus</strong></span> <span class='ocrx_word' id='word_1_720' title='bbox 3084 5449 3169 5495; x_wconf 92' lang='lat' dir='ltr'><strong>est</strong></span> <span class='ocrx_word' id='word_1_721' title='bbox 3214 5440 3413 5511; x_wconf 83' lang='lat' dir='ltr'><strong>Ephes.</strong></span> 
     </span>
    </p>
   </div>
   <div class='ocr_carea' id='block_1_101' title="bbox 1840 5518 3413 5651">
    <p class='ocr_par' dir='ltr' id='par_1_101' title="bbox 1840 5518 3413 5651">
     <span class='ocr_line' id='line_1_102' title="bbox 1840 5518 3413 5651; baseline -0.006 -7"><span class='ocrx_word' id='word_1_722' title='bbox 1840 5518 2310 5644; x_wconf 30' lang='lat' dir='ltr'><strong>ll’libiditigmno</strong></span> <span class='ocrx_word' id='word_1_723' title='bbox 2353 5586 2577 5638; x_wconf 81' lang='lat' dir='ltr'><strong>homine.</strong></span> <span class='ocrx_word' id='word_1_724' title='bbox 2609 5583 2855 5639; x_wconf 80' lang='lat' dir='ltr'><strong>Addebat</strong></span> <span class='ocrx_word' id='word_1_725' title='bbox 2889 5584 3159 5651; x_wconf 88' lang='lat' dir='ltr'><strong>interpres</strong></span> <span class='ocrx_word' id='word_1_726' title='bbox 3183 5624 3196 5646; x_wconf 94' lang='lat'><strong>,</strong></span> <span class='ocrx_word' id='word_1_727' title='bbox 3234 5581 3302 5634; x_wconf 86' lang='lat' dir='ltr'><strong>ad</strong></span> <span class='ocrx_word' id='word_1_728' title='bbox 3331 5598 3413 5634; x_wconf 85' lang='lat' dir='ltr'><strong>rc-</strong></span> 
     </span>
    </p>
   </div>
   <div class='ocr_carea' id='block_1_102' title="bbox 1837 5654 3412 5717">
    <p class='ocr_par' dir='ltr' id='par_1_102' title="bbox 1837 5654 3412 5717">
     <span class='ocr_line' id='line_1_103' title="bbox 1837 5654 3412 5717; baseline -0.009 -1"><span class='ocrx_word' id='word_1_729' title='bbox 1837 5661 2259 5716; x_wconf 83' lang='lat' dir='ltr'><strong>conciliationem</strong></span> <span class='ocrx_word' id='word_1_730' title='bbox 2344 5658 2620 5717; x_wconf 85' lang='lat' dir='ltr'><strong>bonorum,</strong></span> <span class='ocrx_word' id='word_1_731' title='bbox 2689 5672 2925 5708; x_wconf 83' lang='lat' dir='ltr'><strong>noneos</strong></span> <span class='ocrx_word' id='word_1_732' title='bbox 2997 5654 3230 5706; x_wconf 74' lang='lat' dir='ltr'><strong>videlicet</strong></span> <span class='ocrx_word' id='word_1_733' title='bbox 3291 5662 3412 5703; x_wconf 89' lang='lat' dir='ltr'><strong>tan-</strong></span> 
     </span>
    </p>
   </div>
   <div class='ocr_carea' id='block_1_103' title="bbox 1838 5721 3412 5808">
    <p class='ocr_par' dir='ltr' id='par_1_103' title="bbox 1838 5721 3412 5808">
     <span class='ocr_line' id='line_1_104' title="bbox 1838 5721 3412 5808; baseline -0.009 -22"><span class='ocrx_word' id='word_1_734' title='bbox 1838 5745 1968 5794; x_wconf 87' lang='lat' dir='ltr'><strong>tum,</strong></span> <span class='ocrx_word' id='word_1_735' title='bbox 1991 5740 2122 5791; x_wconf 71' lang='grc' dir='ltr'>εις..</span> <span class='ocrx_word' id='word_1_736' title='bbox 2142 5729 2301 5808; x_wconf 61' lang='lat' dir='ltr'><strong>quasi</strong></span> <span class='ocrx_word' id='word_1_737' title='bbox 2340 5729 2553 5808; x_wconf 75' lang='lat' dir='ltr'><strong>legisset</strong></span> <span class='ocrx_word' id='word_1_738' title='bbox 2586 5730 2769 5778; x_wconf 78' lang='grc' dir='ltr'>καινὸν</span> <span class='ocrx_word' id='word_1_739' title='bbox 2784 5725 3078 5808; x_wconf 44' lang='grc' dir='ltr'>,ᾅνθρωπον</span> <span class='ocrx_word' id='word_1_740' title='bbox 3106 5726 3184 5805; x_wconf 64' lang='grc' dir='ltr'><strong>είς</strong></span> <span class='ocrx_word' id='word_1_741' title='bbox 3219 5721 3412 5775; x_wconf 84' lang='grc' dir='ltr'>καταλ-</span> 
     </span>
    </p>
   </div>
   <div class='ocr_carea' id='block_1_104' title="bbox 1835 5794 3411 5873">
    <p class='ocr_par' dir='ltr' id='par_1_104' title="bbox 1835 5794 3411 5873">
     <span class='ocr_line' id='line_1_105' title="bbox 1835 5794 3411 5873; baseline -0.004 -19"><span class='ocrx_word' id='word_1_742' title='bbox 1835 5803 2001 5873; x_wconf 53' lang='lat' dir='ltr'><strong>lardi;</strong></span> <span class='ocrx_word' id='word_1_743' title='bbox 2027 5794 2265 5870; x_wconf 72' lang='grc' dir='ltr'><strong>ἀγαθῶν.</strong></span> <span class='ocrx_word' id='word_1_744' title='bbox 2288 5794 2509 5853; x_wconf 73' lang='lat' dir='ltr'><strong>omissis</strong></span> <span class='ocrx_word' id='word_1_745' title='bbox 2531 5794 3255 5865; x_wconf 78' lang='lat' dir='ltr'><strong>intermediis.Margunium</strong></span> <span class='ocrx_word' id='word_1_746' title='bbox 3280 5809 3411 5863; x_wconf 84' lang='lat' dir='ltr'><strong>quu-</strong></span> 
     </span>
    </p>
   </div>
  </div>
