3822 6396
172 272 317 337 Η89

168 399 275 467 μὲν
304 396 497 460 κακίας
518 400 549 469 ὴ
576 398 865 470 ὑπερϐολὴ,
889 400 981 453 καὶ
1001 402 1033 468 ἡ
1057 399 1289 467 ἔλλειψις
1313 416 1325 429 ·
1349 394 1447 470 τῆς
1470 399 1527 452 δὲ
1548 399 1747 470 ἀρετῆς

163 470 494 591 litatione.
525 470 787 524 Excessus
808 480 857 523 et
878 470 1111 539 defectus
1135 472 1247 525 vitii
1276 479 1372 538 est,
1396 471 1605 523 virtutis
1636 486 1747 523 nte-

206 548 447 591 tocrttas.

206 541 447 592 iocritas.

238 608 360 663 Col.
384 609 490 680 555
513 607 575 663 C.
608 610 967 679 Δῑαχεῖσθαι.
1002 609 1197 666 Verior
1221 621 1305 666 est
1341 610 1506 665 lectio
1532 611 1747 680 vulgata

160 688 218 733 et
256 694 362 733 ms.
393 678 561 750 Mor,
595 678 757 749 quam
783 684 951 734 altera
985 682 1225 735 Vaticani
1265 692 1317 736 et
1356 680 1508 750 Regii
1540 678 1747 736 codicis

160 749 517 820 διαχεῖσθαι,
544 748 621 803 lta
666 750 805 804 dixit
842 760 999 805 antea
1047 753 1149 807 sub
1182 753 1343 807 tinem
1384 748 1503 820 cap.
1556 752 1589 805 6
1614 792 1629 815 ,
1667 754 1749 814 εις

161 769 255 803 οια
295 769 495 805 εισυαι.
546 769 621 803 ua
666 769 805 804 uixit
842 769 999 805 antea
1047 769 1149 807 sun
1182 769 1343 807 nnem
1384 769 1503 820 cap.
1556 769 1629 815 υ,
1667 769 1748 814 εις

161 769 342 872 πολξιὰ
383 818 1119 892 τῇώδιανοὶαᾴδιαχεόμενον·
1175 823 1263 892 qui
1301 831 1541 892 mentem
1569 823 1623 875 in
1668 838 1748 875 res

162 892 369 964 inultas
412 888 994 964 eﬂ‘undatﬁSaue'dici
1028 888 1207 964 solent
1234 890 1662 964 διασκορπίζειν,
1696 900 1745 945 et

161 960 434 1029 dissipare
489 961 624 1014 bona
661 976 757 1014 sua
787 962 1015 1031 prodigi,
1048 962 1209 1016 Luca:
1238 979 1325 1025 xv,
1357 960 1444 1026 l3,
1490 964 1584 1015 καὶ
1634 964 1750 1015 ἐκεῖ

162 1031 515 1102 διεςκόρπισε
536 1032 638 1102 τὴν
668 1032 856 1102 οὐᾳίαν
886 1032 1051 1085 αὑτοῦ
1085 1032 1194 1097 ζῶν
1221 1032 1465 1096 ἀσώτως.

239 1100 365 1157 Col.
402 1102 505 1156 556
554 1100 620 1156 Α.
676 1100 933 1170 Δένὸρον
983 1104 1191 1156 κακόν.
1239 1102 1473 1157 Matthxi
1526 1100 1745 1171 quidem

162 1186 291 1239 cap.
325 1188 421 1231 vtI.
461 1173 545 1235 18,
582 1173 779 1242 legitur
812 1191 825 1224 :
863 1172 997 1225 Οὐδὲ
1024 1172 1239 1243 δένδρον
1265 1174 1471 1243 σαπρὸν
1502 1174 1748 1243 καρποὺς

161 1243 366 1305 καλοὺς
384 1245 578 1305 ποιεῖν,
607 1258 767 1311 neque
792 1247 950 1296 arbor
967 1244 1110 1297 mala
1138 1243 1297 1298 bonos
1323 1244 1525 1313 fructus
1555 1248 1745 1312 facere,

162 1324 217 1384 et
269 1312 533 1384 Lucteivi,
570 1313 659 1376 45,
692 1314 901 1384 καρπὸν
934 1314 1115 1368 καλόν.
1146 1314 1416 1380 Quocirca
1447 1314 1747 1384 notandum

165 1381 273 1438 boc
301 1384 419 1437 loco
440 1381 1267 1455 Nyssenuminterpretationem
1296 1383 1530 1455 Vulgata:
1543 1382 1749 1437 Latinae

164 1457 415 1508 auctoris
442 1463 495 1507 et
518 1454 780 1508 Galesinii
806 1457 1147 1526 conﬁrmare,
1177 1456 1270 1523 qui
1303 1454 1516 1526 σατέρδν
1547 1456 1747 1526 malum

161 1535 411 1587 vertunt,
442 1526 643 1579 rectius
672 1539 835 1593 quam
857 1523 1135 1581 Livineius
1162 1526 1407 1579 vitiosum
1423 1523 1444 1591 ’,
1482 1536 1575 1579 aut
1606 1524 1746 1579 Beza

160 1606 396 1665 putrem,
458 1604 617 1662 prout
654 1602 812 1665 antea
842 1597 1226 1665 anputavimus
1260 1611 1426 1665 supra
1461 1596 1527 1649 ad
1562 1599 1742 1649 locum

168 1652 395 1733 Epliesf
426 1652 499 1726 tv,
542 1665 633 1719 29.
669 1652 939 1719 Czeteruni
972 1666 1134 1735 paulo
1172 1676 1293 1735 post
1330 1652 1535 1720 rectius
1578 1666 1747 1720 edidit

160 1734 500 1806 ﬁalcsinius,
535 1738 585 1788 in
619 1736 1013 1789 matrimonium
1031 1734 1264 1790 convicia
1290 1736 1502 1804 conjicit
1529 1776 1543 1796 ,
1579 1751 1744 1806 quam

162 1804 468 1870 Livineius,
490 1806 814 1859 matrimonii
840 1807 1139 1872 ignominia:
1164 1809 1217 1860 in
1247 1823 1364 1859 eum
1392 1808 1480 1875 qui
1512 1804 1745 1875 procreet

162 1876 495 1938 redundent,
527 1877 682 1946 quasi
712 1879 739 1930 ὁ
784 1877 1074 1947 προφέρων
1130 1878 1200 1931 sit
1256 1877 1398 1931 Deus
1441 1879 1524 1931 vel
1558 1879 1741 1943 hamo,

162 1950 257 2019 qui
289 1959 533 2017 procreet
564 1967 576 2000 :
607 1962 730 2001 cum
761 1948 988 2019 proprie
1003 1947 1176 2019 ὀνείδη
1204 1947 1499 2019 προφέρειν
1520 1948 1746 2019 sit_pro-

162 2018 263 2088 l_ira
296 2016 593 2088 'objiccre,
652 2026 711 2070 ut
759 2017 903 2088 apud
946 2016 1508 2085 Homerumi’lxtddq
1562 2016 1629 2088 β’,
1668 2017 1745 2072 ait

162 2086 433 2143 Thersitae
478 2087 699 2159 Ulysses
733 2106 747 2141 :

163 2204 277 2257 Kal
301 2215 451 2272 σφιν
473 2200 704 2256 ὀνείδεά
724 2218 787 2256 τε
811 2201 1145 2272 προφέροις,
1166 2204 1392 2257 νόστον
1414 2214 1478 2257 τε
1503 2201 1742 2347 miltia-

1494 2290 1636 2340 σοις.

1494 2290 1636 2340 σοις.

162 2361 401 2437 Ειμὶρδὶε
426 2365 659 2437 conuicia
682 2366 908 2437 inferas,
946 2364 1271 2437 reditumque
1300 2383 1491 2423 serves.

231 2435 349 2487 Col.
386 2436 489 2487 555
517 2435 575 2487 Β.
612 2436 689 2488 Ad
718 2453 898 2489 unum.
947 2435 1273 2503 Adjeciuius
1315 2453 1502 2494 vocem
1537 2456 1701 2495 unum
1724 2484 1738 2503 ,

156 2521 284 2574 qua:
312 2505 376 2557 ad
407 2507 796 2560 cnntiuentiam
828 2507 1175 2561 iudicandam
1209 2509 1513 2574 pertinebat
1545 2532 1556 2566 :
1596 2512 1742 2565 unde

155 2577 325 2628 etiam
357 2577 651 2643 Apostolus
679 2577 743 2629 ad
768 2576 1042 2630 Romanos
1067 2592 1140 2639 Ix,
1169 2576 1234 2629 10
1259 2598 1271 2631 :
1306 2578 1408 2632 Sed
1438 2592 1485 2634 et
1512 2582 1741 2637 Rebecca

152 2662 223 2699 ea:
251 2662 352 2698 uno
379 2648 656 2699 concubitu
692 2646 884 2701 habens
914 2646 1072 2701 Isaac
1104 2649 1272 2716 patris
1296 2653 1481 2702 nostri.
1512 2652 1739 2705 Eodem-

154 2732 269 2792 que
317 2716 478 2792 modo
526 2728 713 2792 noster
745 2728 939 2792 auctor
966 2734 1087 2787 cap.
1131 2720 1162 2771 9
1200 2720 1340 2792 (col.
1385 2722 1495 2792 557
1535 2724 1641 2792 C),
1676 2724 1739 2775 ὲκ

158 2785 293 2856 μιᾶς
326 2785 511 2851 ὠδῖνος
532 2787 812 2856 ἀδελφούς,
848 2803 954 2841 ιιηο
982 2785 1138 2856 partu
1170 2785 1347 2843 editos
1379 2785 1739 2848 fratres'dixit

151 2858 423 2932 gemellos,
468 2874 607 2926 quos
644 2873 923 2932 perperam
968 2858 1279 2932 Galesiuius
1308 2878 1597 2929 germanos
1644 2879 1737 2932 apo

154 2930 409 2996 pcllavit;
433 2937 685 3001 possunt
720 2930 863 2982 enim
895 2929 1145 3001 germani
1182 2945 1323 2993 esse,
1356 2932 1447 3001 qui
1487 2952 1592 2988 non
1628 2929 1736 2988 uno

151 3010 317 3066 partu
377 2999 667 3068 cditisiut
716 3014 891 3068 neque
940 3000 1173 3068 gemelli.
1231 2999 1393 3054 Addit
1453 3002 1735 3060 Livineius

150 3068 464 3143 exemplum
499 3067 653 3143 Zethi
685 3078 737 3123 et
766 3067 1089 3143 Amphionis
1128 3072 1269 3141 apud
1323 3071 1612 3130 lloratium
1636 3118 1650 3143 ,
1682 3086 1735 3131 et

151 3138 359 3193 Cenes.
390 3156 514 3201 xxv,
550 3140 693 3194 Esau
718 3151 772 3195 et
804 3138 990 3196 Jacob.

231 3229 348 3283 Col.
381 3230 484 3283 558
514 3231 577 3284 Α.
612 3228 824 3285 Melius.
854 3231 930 3285 lta
965 3234 1145 3301 potius
1168 3235 1458 3291 maluimus
1487 3253 1610 3291 cum
1640 3236 1733 3291 Li-

148 3300 547 3378 viiicio,_quani
573 3302 724 3378 quod
743 3314 900 3378 antea
915 3300 1253 3378 _Galesiuius,
1288 3303 1527 3360 Validior
1556 3309 1734 3378 utique

151 3370 239 3437 ﬁt.
282 3373 329 3423 si
368 3372 513 3441 longe
540 3370 788 3439 sepotius
814 3374 877 3426 ab
905 3374 985 3427 his
1014 3376 1166 3429 rebus
1197 3378 1459 3431 contineat
1485 3421 1498 3444 ,
1536 3370 1659 3432 cum
1679 3381 1733 3433 in

156 3451 426 3519 certamen
460 3444 656 3519 uiribus
690 3446 801 3519 suis
847 3445 1020 3519 majus
1067 3447 1368 3519 descendat.
1408 3448 1577 3501 Paulo
1611 3460 1733 3519 post

150 3514 454 3590 scripserat
486 3512 646 3576 idem,
683 3516 736 3590 in
762 3512 1048 3590 materiam
1078 3518 1327 3585 profundi
1348 3512 1729 3590 impingam-tur,

149 3582 249 3662 sed
275 3584 827 3662 solerteremeudavit
848 3582 1122 3662 Livineius
1144 3582 1221 3650 sl;
1242 3590 1352 3662 ἰλὺν
1378 3582 1474 3659 pro
1491 3582 1643 3662 bimi,
1666 3582 1729 3646 es

150 3653 279 3731 loco
308 3652 506 3707 Psalmi
536 3669 700 3731 uvm
721 3694 735 3717 ,
758 3656 820 3720 2,
845 3655 1053 3731 Inﬁxus
1081 3676 1198 3711 sum
1222 3662 1273 3712 in
1308 3652 1433 3712 limo
1459 3652 1728 3731 profundi,

147 3730 432 3803 ctrursus
456 3740 519 3803 ex
544 3727 734 3803 eodem
769 3728 1140 3803 scribendum,
1176 3748 1253 3803 ne,
1270 3727 1589 3800 rerumque:
1612 3750 1731 3801 per-

148 3796 333 3846 missa:
362 3802 483 3846 sunt
512 3796 805 3858 occasione,
840 3799 1005 3850 animi
1031 3801 1169 3853 vitiis
1188 3802 1363 3854 aditus
1385 3796 1621 3872 pateﬁat;

227 3883 371 3937 Ibid.
416 3883 473 3936 Β.
532 3884 684 3937 Nihil
737 3888 929 3955 reipsa.
983 3892 1240 3944 Auctoris
1300 3904 1534 3947 mentem
1594 3912 1729 3949 neu-

147 3964 254 4028 ter?
287 3963 573 4010 assecutus
618 3964 701 4009 cst
750 3958 1018 4028 interpres
1043 4000 1056 4021 ,
1098 3963 1192 4015 sed
1223 3962 1577 4018 doctissimus
1610 3964 1724 4021 Jac.

147 4025 351 4079 Billius
383 4031 454 4078 ita
501 4028 679 4080 locum
728 4028 873 4082 bunc
895 4025 1179 4085 recensuit
1215 4034 1308 4085 lib.
1336 4048 1349 4085 l
1380 4073 1393 4086 .
1432 4033 1727 4090 Sacrarum

146 4098 605 4171 observationmn
628 4112 750 4167 cap.
788 4099 810 4152 l
850 4119 862 4153 :
896 4101 1174 4171 Nyssenus
1208 4104 1274 4156 de
1309 4105 1358 4155 vi
1388 4120 1451 4156 ac
1485 4110 1724 4171 potentia

145 4169 566 4222 consuetudinis
595 4169 822 4237 loquens
857 4169 954 4225 ltis‘
971 4173 1150 4227 verbis
1180 4176 1349 4226 utitur
1372 4191 1383 4225 :
1406 4169 1567 4227 Οὐδὲν
1587 4176 1729 4230 οὕτω

142 4237 403 4318 τῇιφύσεκι
438 4239 667 4318 φευκτόν
693 4243 837 4318 ἐστιν
858 4241 1022 4318 digiti
1055 4245 1312 4313 συνηθείᾳ
1340 4246 1631 4313 γενόμενον
1667 4267 1722 4318 μ,

143 4309 247 4360 καὶ
281 4325 329 4359 σ.
364 4308 416 4361 ἄ.
459 4312 591 4374 Qua:
630 4312 793 4364 verba
826 4312 892 4365 ad
943 4312 1087 4367 hunc
1121 4308 1549 4371 moduni-reddit
1581 4308 1728 4372 Livi-

144 4380 333 4456 neius,
375 4378 526 4431 Nihil
566 4390 758 4456 natura
789 4392 897 4456 tam
936 4384 1240 4453 fugiendum
1272 4399 1381 4447 est,
1423 4404 1581 4453 quam
1611 4407 1728 4456 qua:

141 4466 232 4501 res
264 4450 315 4502 in
346 4451 777 4528 consuetudinem
811 4450 1025 4528 abierit,
1057 4472 1171 4528 eam
1196 4456 1372 4511 studio
1401 4450 1727 4528 dignain'at-

139 4536 245 4595 que
272 4522 843 4595 antplectendanunon
863 4524 1048 4578 videri.
1078 4524 1190 4595 Ego
1224 4536 1404 4581 autem
1445 4522 1724 4587 lubentius

139 4592 220 4670 ita
254 4594 624 4670 transtulerim
644 4612 665 4670 _:
694 4592 845 4647 Nihil
874 4606 1069 4670 natura
1095 4592 1200 4649 tam
1240 4608 1389 4663 turpe
1419 4616 1480 4652 ac
1523 4601 1725 4670 fugien-

136 4661 270 4711 dum
288 4671 387 4723 est,
418 4664 543 4736 quin
565 4665 610 4716 si
635 4665 691 4736 in
722 4668 1149 4720 consuetudinem
1173 4661 1379 4731 abierit,
1407 4661 1723 4736 prazcldrum

134 4743 184 4782 et
212 4733 558 4794 expetendum
594 4735 854 4791 videatur.
887 4736 1009 4790 Haec
1042 4738 1267 4804 Billius;
1310 4751 1362 4792 at
1407 4733 1723 4798 Εειιιιεὶιιίιιε

137 4804 449 4869 scripserat
481 4820 493 4855 :
530 4804 619 4857 Sic
650 4807 957 4879 fugiendum
985 4820 1061 4861 est
1106 4820 1357 4879 tauquam
1384 4813 1601 4865 assiduo
1627 4831 1721 4867 usu

135 4883 511 4951 comparatum
537 4875 677 4951 quod
710 4894 812 4931 non
837 4880 980 4931 omni
1020 4881 1196 4933 studio
1211 4875 1439 4948 dignum
1476 4896 1723 4951 expeten-

134 4944 369 5008 dumque
395 4954 560 5012 putet,
586 4946 840 5017 hujusque
863 4952 1134 5004 sententia:
1171 4944 1316 5005 testis
1341 4963 1440 5017 est,
1470 4944 1576 5009 etc.

214 5036 332 5089 Col.
366 5036 470 5090 559
499 5038 841 5109 A.Peneque
870 5042 1107 5095 illarum.
1145 5042 1264 5097 Non
1300 5045 1403 5099 hoc
1439 5048 1553 5101 vult
1584 5046 1720 5104 Gre-

140 5110 355 5175 gi-rius,
382 5108 506 5163 illos
536 5108 883 5165 aﬂcctiohurii
923 5114 1006 5166 vel
1040 5115 1295 5168 vitiorum
1324 5116 1519 5171 ardore
1549 5116 1720 5176 fuisse

139 5177 436 5252 arefactos,
479 5179 571 5233 sed
604 5182 957 5251 cupiditatem
995 5188 1174 5252 potius
1206 5201 1384 5240 rerum
1410 5190 1717 5245 cmlestium

137 5250 197 5303 in
219 5249 346 5329 'lllIS
381 5249 762 5329 arel'actaiu'ct
795 5249 1120 5329 esstiuctam
1156 5272 1298 5329 esse.
1344 5256 1715 5329 Metaphoram

137 5321 445 5401 cultui-sse
486 5323 647 5401 docet
676 5337 705 5373 a
730 5321 907 5379 lluiiis
942 5334 1215 5401 sumptam
1259 5321 1557 5390 Livineius.
1596 5334 1717 5401 qui-

138 5391 245 5470 bus
274 5389 696 5470 alionderivatis
722 5408 947 5449 necesse
984 5389 1333 5465 est'priorem
1383 5389 1592 5455 alveum
1614 5389 1717 5457 lex-

138 5460 360 5539 siccari.
394 5459 486 5515 Sic
518 5477 656 5541 ergo
685 5459 1115 5541 interpretatur,-
1140 5481 1482 5541 aperuerunt.
1533 5470 1717 5541 Itaque

137 5534 308 5582 ornuis
332 5548 510 5608 eorum
539 5534 803 5598 cupiditas
830 5554 860 5587 a
883 5537 1097 5589 sublimi
1130 5534 1321 5606 impetu
1348 5558 1583 5608 repressa
1632 5534 1712 5597 est

137 5610 293 5674 atque
326 5604 593 5656 exsiccata
624 5621 641 5657 :
674 5608 860 5674 quippe
898 5617 1008 5660 tota
1038 5610 1105 5660 ad
1140 5604 1412 5665 libidinem
1442 5614 1711 5669 traducta.

134 5671 339 5751 llegius
371 5674 539 5727 codex
579 5671 772 5731 melius
801 5680 893 5751 ﬁeri.
924 5680 990 5732 τὰ
1014 5681 1123 5732 ἅνω
1149 5683 1340 5751 φορᾶς,
1370 5681 1649 5751 Cupiditas
1682 5703 1713 5739 a

134 5746 423 5797 cretes-tium
464 5761 639 5799 rerum
677 5749 997 5838 appetitione
1040 5746 1279 5806 revocata
1329 5746 1404 5805 est
1444 5746 1493 5807 et
1533 5756 1707 5809 exsic-

1480 275 1843 334 VARIORUM
1892 274 2121 332 ΝΟΤΑΞ.

1818 414 1825 427 ·
1859 404 2003 467 cata.
2037 394 2113 449 Ex
2136 395 2331 467 eadem
2364 396 2595 455 Livineii
2620 396 2863 454 editione
2887 404 3207 467 sequentem
3244 410 3431 467 perio-

1811 489 1816 494 υ
1857 466 1986 522 dum
2019 466 2377 523 restituimus.

1792 538 1848 597 ﬁt
1930 536 2048 591 Col.
2076 537 2179 590 560
2197 538 2258 591 Α.
2288 538 2395 592 Kal
2425 538 2816 593 κινδυνεύειν.
2844 526 3439 599 AnnotavitiLivineius

3289 273 3427 331 1190

1857 606 1913 661 in
1944 605 2215 689 Vaticano
2243 610 2437 689 abesse
2458 610 2574 671 καί,
2595 620 2646 689 et
2668 617 2792 689 post
2817 607 3286 689 σπουδαζομένιυν,
3311 609 3437 662 addi

1858 677 2257 758 φροντίζοντες,
2294 680 2347 733 id
2382 690 2486 747 est,
2530 677 2748 758 solliciti
2797 694 2867 758 ne
2896 680 2952 733 in
2994 677 3296 758 perieulum
3346 695 3439 732 ve-

1855 746 2033 802 niant.
2064 746 2265 819 Regius
2296 746 2479 805 autem
2506 749 2681 805 codex
2710 750 2916 803 rectius
2944 746 3353 819 φροντίζοντας,
3381 759 3441 803 ιιι

1858 825 2017 889 antea
2044 816 2249 872 dict—um
2274 828 2357 875 est
2389 819 2747 889 καταφεύγων
2768 816 3078 881 κατιόντας.
3114 816 3442 889 Paulo_pnst

1857 888 1990 961 illud
2018 889 2354 961 corregtimus
2375 892 2404 942 ὁ
2424 886 2773 961 γὰρ’ἄγαμος
2817 891 3082 961 μεριμνᾷ,
3117 890 3259 961 quod
3282 886 3437 961 Gale-

1856 958 2035 1014 sinius
2068 959 2333 1025 ediderat,
2364 958 2759 1015 matrimonium
2800 958 3037 1014 enim‘ea
3059 958 3176 1029 qua:
3190 958 3297 1029 [lci
3318 969 3441 1012 sunt

1856 1039 2058 1100 curat_:
2090 1045 2190 1083 nec
2220 1019 2681 1085 animadverterat
2713 1031 2965 1100 usurpari
2997 1019 3164 1100 vei-ba
3189 1019 3340 1084 Pauli
3372 1045 3437 1083 ex

1856 1100 1878 1152 Ι
1910 1100 1975 1153 ad
2001 1098 2128 1169 Cor.
2160 1116 2259 1164 vit,
2292 1102 2361 1155 52
2397 1118 2410 1153 :
2463 1101 2569 1169 Qui
2598 1102 2709 1156 sine
2736 1097 2900 1156 uxore
2929 1109 3027 1168 est,
3062 1097 3323 1155 sollicitus
3361 1108 3441 1153 est

1856 1186 1974 1240 qua}
1996 1168 2211 1223 Domini
2232 1182 2377 1227 sunt.

1929 1238 2048 1295 Col.
2086 1242 2189 1296 559
2218 1242 2276 1297 Β.
2314 1242 2381 1295 Ut
2418 1241 2495 1296 vel
2523 1242 2575 1296 in
2603 1242 2670 1295 iis
2704 1257 2820 1310 qua:
2859 1239 2980 1310 di/f.
3033 1240 3219 1295 Secuti
3247 1254 3439 1295 sumus

1856 1308 2187 1383 Livineium,
2222 1314 2314 1383 qui
2342 1312 2674 1383 baacrretulit
2704 1308 2771 1365 ad
2802 1328 2892 1367 res
2918 1308 3025 1365 non
3055 1312 3120 1383 ad
3149 1326 3437 1383 personas,

1856 1389 1917 1434 ut
1945 1379 2277 1444 Galesinius,
2307 1392 2363 1435 ut
2395 1382 2472 1437 vel
2498 1384 2565 1436 iis
2598 1383 2687 1451 qui
2716 1398 2771 1437 se
2810 1384 3039 1436 maxime
3075 1380 3311 1451 diﬂ'iciles
3355 1398 3441 1451 os-

1858 1452 2101 1513 tendunt,
2131 1453 2471 1521 voluptatem.
2502 1448 2651 1508 Ferri
2680 1461 2860 1506 tamen
2881 1460 3061 1522 potest
3091 1448 3207 1507 haec
3231 1448 3435 1517 versio,

1855 1528 1917 1576 ut
1942 1523 2552 1593 bomineslastidiosos
2582 1524 2956 1593 intelligamus
2987 1531 3040 1578 et
3073 1536 3329 1593 morosos

1930 1591 2071 1645 Ibid.
2106 1594 2166 1647 D.
2201 1592 2421 1648 Perinde
2453 1604 2550 1649 est.
2582 1586 2893 1649 Galesinius
2932 1607 3244 1664 perperam,
3289 1586 3439 1658 Quo-

1856 1664 2001 1717 niam
2045 1679 2126 1717 res
2165 1663 2507 1719 admirabiles
2546 1664 2806 1717 orationis
2857 1665 2907 1717 vi
2935 1663 2986 1717 et
3027 1663 3339 1717 imminuere
3387 1671 3439 1717 et

1857 1733 2207 1801 ampliﬁcare,
2241 1734 2335 1788 hoc
2363 1737 2417 1789 in
2452 1751 2636 1789 earum
2664 1750 2841 1788 rerum
2868 1733 3220 1787 similitudine
3242 1735 3438 1788 consti-

1855 1813 2028 1875 tutum
2060 1814 2161 1867 est,
2192 1822 2308 1875 qua:
2339 1821 2495 1859 sensu
2524 1822 2628 1859 non
2658 1805 3026 1873 percipiuntur
3051 1822 3071 1859 :
3103 1804 3267 1875 paulo
3307 1812 3437 1874 post

1854 1874 1920 1927 ab
1948 1886 2065 1929 ortu
2099 1872 2340 1946 intellige
2384 1892 2414 1930 a
2446 1876 2620 1945 prima
2649 1872 2929 1946 nativitate
2960 1889 3078 1930 sua.
3106 1872 3280 1946 Recte
3303 1872 3433 1929 Sus-

1858 1947 1987 1999 tulit
2032 1942 2300 2000 menduui
2316 1942 2618 2007 Livineius,
2645 1945 2792 2015 quod
2816 1947 2982 1999 etiam
3011 1947 3064 1999 iu
3094 1962 3194 2015 ms.
3232 1942 3303 1997 Μ.
3338 1962 3437 2001 cu-

1854 2016 1966 2087 bat,
1999 2016 2185 2087 legens
2212 2017 2551 2087 ἀναισθήτως
2582 2012 3059 2087 ρι’όίάναισθήτων
3090 2012 3347 2086 ἐχόντων,
3380 2023 3437 2070 et

1853 2086 1930 2141 illi
1962 2086 2333 2141 emendationi
2366 2086 2773 2155 Regius'codex
2798 2086 3147 2156 astipulatur.

1924 2156 2042 2211 Col.
2076 2156 2181 2211 562
2209 2158 2275 2210 Α.
2301 2156 2432 2221 Quae
2452 2156 2547 2211 sub
2578 2166 2864 2225 aspectum.
2895 2156 3285 2225 lleponendum
3312 2171 3437 2211 esse

1852 2242 2170 2281 monueram
2202 2242 2267 2281 ex
2310 2227 2555 2282 Liviueio
2576 2266 2591 2288 ,
2636 2244 2793 2295 quam
2825 2227 3068 2295 consequi
3100 2226 3279 2295 verbis
3330 2244 3432 2279 non

1850 2299 2039 2366 possit,
2099 2297 2152 2350 id
2209 2298 2356 2367 enim
2418 2305 2503 2353 est
2560 2294 2859 2367 ἄφραστον,
2900 2294 3008 2350 non
3046 2294 3296 2367 ἀόρατον.
3344 2297 3435 2350 Sic

1853 2369 2014 2438 paulo
2039 2376 2163 2437 post
2190 2366 2327 2421 dixit
2350 2367 2447 2437 τὴν
2476 2367 2572 2421 τοῦ
2605 2366 2882 2439 ἀφράστου
2900 2367 3077 2437 φωτὸς
3106 2366 3427 2439 ἑρμηνείαν,

1852 2438 2141 2509 inell'abilis
2171 2438 2394 2495 luminis
2422 2438 2957 2509 interpretationem.

1920 2507 2061 2561 Ibid.
2101 2508 2164 2563 C.
2197 2510 2344 2577 Οὐχὶ
2372 2507 2451 2574 τῷ
2470 2506 2692 2577 μιᾰεῖν.
2730 2508 2791 2579 In,
2817 2506 3065 2579 Vaticau.
3092 2515 3177 2579 est
3205 2508 3325 2578 οὐχὶ
3353 2508 3433 2579 τῷ

1852 2579 1997 2651 μίσει
2022 2582 2118 2650 τῆς
2148 2576 2426 2650 ἀληθείας,
2451 2576 2585 2632 ἀλλὰ
2614 2582 2679 2649 τῇ
2703 2577 2957 2649 ἀσθενείᾳ
2983 2576 3427 2651 τῆςνδιηγήςειιλιςή⁹

1852 2648 2190 2713 Sensus'est,
2218 2648 2336 2703 eum
2367 2648 2675 2704 mendacem
2696 2666 2807 2703 esse
2838 2648 2941 2703 non
2967 2648 3183 2716 quidem
3199 2648 3338 2703 certe
3366 2666 3431 2702 ea

1849 2722 2091 2784 ratione,
2125 2722 2277 2789 quasi
2330 2722 2606 2774 ueritatem
2657 2722 2865 2784 oderit,
2915 2724 3004 2788 qui
3050 2720 3261 2773 demum
3314 2736 3432 2774 vero

1848 2791 2076 2843 mendax
2104 2802 2179 2843 est
2204 2832 2217 2854 ,
2254 2791 2343 2843 sed
2379 2794 2519 2859 quod
2565 2790 2786 2844 dicendo
2825 2792 3073 2860 consequi
3123 2808 3225 2845 non
3257 2792 3431 2858 possit

1884 2862 2259 2931 ulchritudinis
2310 2862 2453 2914 illius
2502 2862 2905 2931 explicationem
2949 2878 3103 2931 quam
3154 2863 3427 2927 inca’ptet.

1872 2932 1972 2985 la’c
2004 2930 2317 2995 Livineius,
2358 2930 2729 3001 quibus’addo
2772 2930 2999 3002 lingiqu
3024 2930 3270 2986 codiceni
3303 2948 3431 2986 cum

1849 3001 2099 3058 Romano
2122 3003 2457 3057 consentire.

1923 3073 2044 3127 Col.
2085 3073 2192 3127 565
2226 3078 2289 3126 A.
2327 3074 2432 3137 Qui
2466 3075 2773 3127 exteriores.
2811 3074 2868 3126 in
2904 3087 3109 3127 excuso
3142 3080 3261 3126 erat
3290 3080 3432 3127 utet

1845 3144 1898 3215 in
1930 3160 2033 3198 nis.
2066 3144 2201 3197 Mor.
2237 3146 2284 3197 οἱ
2329 3144 2793 3215 ὲπιπολεώτεροψ
2838 3144 2892 3196 in
2938 3141 3202 3215 Vaticano
3230 3144 3427 3215 truste-

1847 3213 2151 3284 λαιότερον,
2185 3222 2333 3268 recte
2362 3214 2645 3284 Livineius
2669 3213 2985 3284 emendavit
3020 3222 3079 3267 ttt
3112 3213 3269 3269 nobis
3300 3214 3435 3268 scri-

1844 3294 1993 3355 ptum
2014 3282 2259 3339 exhibuit
2280 3286 2449 3339 codex
2478 3283 2679 3356 Regius
2701 3282 3163 3355 ὲπιπολαιότερον,
3184 3292 3237 3337 et
3260 3285 3430 3339 inter-

1886 3365 2092 3409 retatus
2134 3366 2253 3415 est,
2286 3365 2341 3407 ut
2384 3355 2679 3409 edidimus.
2732 3355 3045 3425 Galesinius
3079 3356 3238 3409 vertit
3270 3356 3427 3425 quasi

1863 3426 2082 3496 egisset,
2114 3428 2160 3478 ot
2182 3426 2275 3478 ἐπὶ
2302 3425 2528 3487 πόλεων,
2561 3430 2644 3481 vel
2669 3429 2725 3478 ὲν
2754 3429 2873 3488 ταῖς
2902 3424 3111 3479 πόλεσι.
3137 3425 3243 3491 Qui
3268 3427 3322 3478 in
3350 3426 3428 3477 ci-

1843 3497 2092 3551 vitatibus
2117 3496 2262 3549 nullo
2300 3496 2686 3564 animijudicio
2715 3513 2795 3549 res
2830 3498 3122 3549 intuentur.
3157 3497 3425 3551 (ἔτειρε-ωτι

1843 3568 1947 3622 hoc
1976 3578 2140 3638 caput
2162 3583 2363 3638 nouum
2397 3568 2755 3621 inclinabatur
2803 3566 2855 3619 in
2882 3568 3073 3621 eodem
3099 3564 3269 3638 Regio
3300 3566 3425 3638 cod.

1843 3646 1903 3692 ut
1943 3638 1994 3691 iu
2028 3636 2157 3692 eilit.
2195 3637 2653 3704 Plantinian.jam
2687 3641 2756 3691 ab
2784 3638 2892 3692 illis
2916 3638 3118 3701 verbis,
3142 3636 3221 3691 δεῖ
3245 3636 3425 3691 τοίνυν

1839 3709 1939 3773 τῆς
1966 3709 2248 3771 ἀσθενείας
2275 3708 2479 3772 ἕνεκεν,
2522 3710 2625 3763 sub
2659 3708 2819 3762 linem
2865 3708 3242 3778 prmcetlentis.
3282 3705 3425 3761 Rur-

1842 3796 1936 3833 sus
1953 3780 2204 3833 admonet
2224 3778 2509 3833 Livineius
2524 3780 2577 3832 in
2598 3779 3236 3848 margine,l‘ragmeutum
3252 3778 3425 3847 quod-

1840 3850 1966 3901 dam
2000 3850 2122 3903 libri
2159 3850 2321 3917 hujus
2345 3860 2510 3918 caput
2543 3848 2684 3902 istud
2718 3851 2821 3903 hoc
2855 3854 3020 3902 modo
3056 3849 3325 3916 incipere,
3368 3851 3419 3902 οἱ

1840 3920 2303 3990 ὲπιπεὶαιότερον,
2338 3921 2561 3975 omissis
2606 3920 2796 3989 ὥσπερ
2831 3918 3011 3971 τοίνυν
3041 3927 3095 3974 ct
3141 3920 3260 3990 μέν.
3316 3935 3421 3974 nec

1842 3989 2001 4042 aliter
2042 4006 2145 4043 ms.
2179 3989 2315 4043 Mor.

1910 4057 2029 4114 Col.
2056 4060 2159 4113 366
2190 4060 2248 4112 Β.
2277 4058 2408 4114 Cum
2444 4060 2581 4113 enim
2607 4062 2837 4114 animus.
2866 4057 3244 4127 Expunximus
3278 4060 3420 4114 banc

1837 4130 2094 4185 Galesinii
2134 4130 2438 4186 versionem
2466 4172 2479 4194 ,
2518 4129 2651 4184 Cum
2680 4131 2817 4184 enim
2849 4131 3060 4182 animus
3092 4130 3166 4181 ita
3184 4147 3238 4183 se
3280 4133 3422 4184 rela-

1837 4210 2136 4270 a‘atgatque
2171 4203 2347 4255 omnia
2376 4216 2695 4269 quacunque
2725 4202 3017 4267 occupat-it,
3047 4216 3109 4252 ea
3138 4201 3409 4267 relinquit,

1837 4274 1993 4338 quasi
2028 4275 2233 4325 minora
2277 4273 2383 4325 sint
2428 4288 2486 4325 eo
2525 4273 2663 4341 quod
2706 4273 2984 4341 queritur,
3037 4279 3145 4323 tum
3176 4274 3229 4322 in
3270 4273 3416 4326 illius

1839 4343 2244 4412 magniﬁcentia:
2268 4343 2703 4411 contemplatione
2729 4358 2783 4397 se
2810 4350 3068 4405 exerceat,
3104 4357 3219 4409 qum
3242 4343 3318 4395 vel
3346 4343 3413 4395 ad

1837 4430 2070 4467 summos
2107 4417 2260 4469 cozlos
2300 4413 2487 4481 fertur.
2530 4412 2708 4466 Locus
2746 4412 2964 4467 Davidis
2996 4413 3110 4467 alas
3147 4413 3415 4467 columba:

1836 4486 2084 4553 optantis
2132 4499 2215 4539 est
2261 4484 2479 4539 Psalmo
2524 4500 2634 4546 Liv,
2676 4486 2729 4543 7,
2772 4485 2825 4537 iu
2865 4498 3027 4553 quem
3066 4483 3416 4537 Commenta-

1838 4556 1952 4609 rius
1989 4556 2131 4625 apud
2169 4555 2557 4626 Hieronymum
2595 4553 2893 4609 :Columba
2938 4555 3165 4623 simplex
3210 4556 3416 4607 animal

1834 4635 1931 4685 est,
1964 4626 2157 4697 absque
2184 4626 2326 4697 felle,
2354 4636 2405 4680 et
2428 4643 2464 4697 _a
2501 4627 2712 4697 malitia
2745 4626 2884 4697 fellis
2919 4626 3172 4697 alienum.
3228 4627 3415 4697 Augu-

1835 4697 2013 4751 stinus
2053 4694 2215 4753 tract.
2259 4698 2292 4750 6
2335 4698 2386 4751 in
2421 4694 2580 4750 Joan.
2623 4718 2633 4750 :
2673 4696 2931 4751 Columba
2962 4695 3036 4764 [el
3086 4713 3187 4748 non
3232 4696 3410 4760 habet,

1835 4766 2019 4820 Simon
2050 4768 2274 4821 habebat
2309 4782 2326 4818 :
2363 4767 2480 4821 ideo
2509 4778 2786 4835 separatus
2818 4778 2933 4819 erat
2976 4785 3007 4819 a
3050 4766 3309 4835 columba:
3344 4772 3411 4819 ri-

1834 4841 2091 4891 sceribus.
2114 4839 2420 4910 Cyprianus
2448 4839 2539 4891 lib.
2574 4837 2648 4892 De
2668 4840 2866 4891 unitate
2898 4836 3099 4891 Eccles.
3130 4854 3146 4889 :
3177 4834 3407 4901 Simplex

1833 4910 2037 4962 animal
2064 4920 2111 4963 et
2140 4913 2318 4963 lwtum
2348 4919 2448 4971 est,
2485 4923 2588 4962 non
2612 4910 2735 4977 felle
2770 4924 3015 4962 amarum
3039 4948 3053 4971 ,
3088 4925 3190 4960 non
3218 4910 3407 4960 inarsi-

1833 4978 1928 5049 bus
1982 4997 2211 5043 siccum,
2272 4997 2373 5033 non
2420 4981 2674 5049 unguium
2735 4981 3055 5033 laceratione
3100 4978 3403 5049 violentum.

1833 5046 1976 5103 Idem
2004 5053 2166 5105 etiam
2193 5051 2334 5105 Beda
2363 5059 2414 5103 ct
2438 5046 2581 5106 Oius
2604 5052 2797 5120 Apollo
2824 5050 3085 5120 tradunt;
3106 5049 3198 5103 sed
3228 5048 3405 5103 eidem

1833 5127 2013 5174 tamen
2052 5122 2118 5175 fel
2152 5122 2403 5175 tribuunt
2441 5117 2767 5176 Aristoteles
2808 5121 2902 5175 lib.
2945 5136 2980 5173 Il
3030 5117 3240 5173 IIistor.
3286 5121 3406 5172 ani-

1829 5191 1959 5242 mal.
1994 5208 2043 5245 c.
2077 5192 2163 5254 15,
2195 5203 2247 5245 et
2273 5191 2483 5246 Plinius
2540 5194 2633 5246 lib.
2671 5208 2725 5255 χ,
2760 5207 2883 5260 cap.
2919 5191 3022 5255 49;
3068 5192 3229 5258 idque
3268 5191 3403 5245 inle-

1831 5262 1981 5314 stino
1999 5262 2269 5331 junctum.
2289 5262 2527 5318 Galenus
2543 5266 2706 5318 etiam
2732 5262 2994 5315 ridiculus
3015 5278 3110 5316 eos
3134 5261 3285 5323 dicit,
3305 5262 3400 5329 qui

1828 5331 1879 5383 id
1906 5348 2152 5387 aSSerere
2173 5335 2408 5388 audeant
2437 5352 2447 5385 :
2477 5334 2693 5387 tametsi
2719 5343 2772 5387 et
2795 5332 2909 5401 ipse
2928 5332 3143 5386 interim
3166 5332 3400 5386 vesicam

1827 5401 2025 5475 habere
2059 5405 2201 5457 illam
2228 5414 2423 5474 negat,
2449 5421 2557 5475 qtta
2592 5404 2661 5459 fel
2692 5403 3023 5468 continetur,
3057 5403 3155 5457 lib.
3185 5401 3259 5456 De
3284 5412 3400 5455 atra

1823 5470 1953 5535 bile,
1988 5478 2091 5529 sub
2122 5470 2303 5528 linem.

1897 5542 2039 5599 Ibid.
2076 5544 2134 5598 D.
2172 5546 2317 5611 Quos
2344 5546 2613 5599 micantes.
2653 5544 2960 5614 chebatur
2995 5551 3150 5597 antea
3180 5543 3398 5597 διατάτ-

1823 5632 2024 5679 τοντες,
2064 5618 2114 5669 in
2146 5615 2405 5681 Plantin.,
2441 5624 2494 5670 ct
2528 5630 2632 5672 ms.
2669 5614 2803 5669 Mor.
2829 5632 2841 5678 ;
2871 5617 2961 5669 sed
3000 5614 3397 5669 emendandum

1820 5702 1943 5749 esse
1968 5688 2102 5738 vidit
2124 5686 2398 5742 Livineius
2422 5686 2751 5749 διὰττοντας,
2778 5687 2921 5756 quod
2956 5686 3271 5756 Aristotcles
3302 5685 3397 5738 lib.

1825 5774 1838 5813 ι
1876 5757 2239 5826 Meteurolog.,
2264 5774 2383 5826 cap.
2411 5758 2465 5825 4,
2511 5767 2669 5813 vocet
2699 5755 2827 5822 τοὺς
2846 5755 3133 5820 δοκεῦντας
3162 5758 3398 5827 ἀστέρας
