4046 6350
2665 341 3563 402 Em

1180 532 1303 621 IN
1370 531 2093 627 OPUSCULUM
2155 535 2693 642 SEQUENS

1604 829 2278 949 MONITUM

627 1133 734 1207 (Io.
764 1136 967 1193 Christ.
1006 1135 1200 1205 Wosr,
1228 1137 1503 1193 Anecdota
1527 1135 1713 1193 Gra'ea
1741 1156 1898 1197 sacra
1932 1152 1981 1195 et
2010 1141 2263 1211 profana,
2302 1153 2433 1198 tom.
2467 1137 2534 1210 ll,
2573 1143 2873 1217 Hamburgi
2897 1147 3056 1215 “BQ,
3090 1150 3279 1218 in-B')

382 1599 643 1671 Dialogus
669 1602 761 1672 qui
811 1602 952 1658 inter
978 1601 1303 1674 Gregorium
1343 1604 1650 1677 Nyssenum
1693 1615 1748 1662 et
1778 1606 2099 1674 Macrinam,
2136 1626 2382 1666 sororem
2431 1612 2572 1682 ejus,
2600 1613 2666 1669 de
2691 1614 2887 1695 Anim!
2902 1626 2953 1671 et
2978 1615 3406 1685 Reenrrectione,
3438 1618 3578 1674 facta

310 1707 376 1747 ea
408 1693 561 1747 obitu
592 1690 781 1747 Basilii
812 1693 880 1749 M.
914 1695 1230 1764 occasione,
1265 1698 1644 1755 intercessisse
1692 1698 1937 1771 ﬁngitur,
1985 1716 2204 1772 semper
2244 1703 2385 1758 lectu
2425 1703 2625 1775 dignus
2672 1705 2807 1760 mihi
2844 1690 2996 1765 visus
3019 1716 3125 1777 est,
3153 1710 3224 1766 ob
3255 1711 3580 1766 industriam

309 1799 369 1845 et
392 1789 722 1858 doctrinam,
755 1807 919 1861 quam
950 1791 1016 1846 ad
1046 1795 1351 1864 argumenti
1382 1794 1547 1866 hujus
1576 1798 1961 1853 tractationem
1992 1797 2155 1854 Pater
2181 1799 2418 1869 optimus
2447 1801 2650 1860 attulit.
2688 1799 2947 1873 Perspexi
2981 1810 3187 1869 autem,
3224 1812 3393 1860 totam
3425 1820 3580 1860 com-

320 1888 705 1942 tnemationem
751 1888 1001 1958 pluribus
1032 1890 1167 1945 locis
1204 1892 1262 1945 in
1294 1900 1527 1961 utraque
1572 1891 1811 1949 editione.
1857 1894 2176 1956 Parisiensi.
2229 1895 2500 1966 imprimis
2529 1912 2660 1951 vero
2701 1897 2755 1951 in
2786 1898 2987 1968 priore,
3023 1896 3259 1968 pessime
3303 1905 3580 1967 acceptam

316 1989 372 2036 et
400 1980 643 2034 habitam
678 1995 819 2035 esse.
852 1980 1009 2046 Quod
1039 1991 1100 2035 ut
1128 1990 1438 2054 appareret,
1486 1992 1696 2055 partem
1750 1986 1898 2043 illius
1939 1992 2108 2041 totam
2160 2002 2285 2041 cum
2333 1989 2586 2043 versione
2625 1987 2817 2045 Latina
2865 1989 3098 2061 pristina
3137 1989 3395 2060 notisque
3446 1989 3584 2042 meis

316 2070 678 2127 exhibendam
743 2075 956 2138 censui,
992 2075 1189 2131 deinde
1216 2091 1347 2131 vero
1374 2078 1510 2132 satis
1542 2093 1628 2134 me
1656 2078 1853 2135 fecisse
1898 2081 2104 2151 putavi,
2158 2080 2205 2135 si
2234 2081 2526 2137 varietates
2573 2082 2873 2137 lectionum
2908 2089 3119 2137 tantum
3152 2079 3581 2137 subindicarem.

315 2164 584 2218 Caeterum
635 2166 767 2235 ipsa:
805 2166 911 2223 ilhc
943 2168 1235 2223 varietates
1266 2168 1600 2224 exhibentur
1650 2186 1682 2224 a
1719 2186 1803 2226 me
1837 2187 1906 2227 ex
1961 2171 2180 2228 duobus
2243 2172 2482 2229 diversis
2540 2174 2847 2241 codicibus,
2889 2174 3066 2245 iisque
3117 2173 3275 2229 bonae
3320 2180 3485 2239 nota,
3531 2179 3588 2225 et

318 2270 379 2310 ut
410 2256 731 2327 plurimum,
767 2259 961 2317 saltem
997 2260 1053 2316 in
1106 2261 1198 2326 iis,
1253 2275 1374 2331 qua:
1405 2261 1645 2333 alicujus
1671 2272 1802 2319 sunt
1836 2265 2119 2331 momenti,
2174 2280 2362 2322 secum
2402 2266 2637 2322 invicem
2690 2265 3155 2337 conspirantibus.
3185 2265 3342 2319 Alter
3395 2276 3584 2319 eorum

319 2364 703 2405 ornamentum
748 2360 833 2406 est
888 2352 1123 2424 insignis
1174 2353 1544 2421 Bibliothecae,
1596 2369 1762 2425 quam
1818 2355 2050 2412 illustris
2101 2355 2400 2414 Zacharias
2444 2358 2734 2415 Conradus
2780 2358 2849 2414 ab
2880 2358 3217 2423 Ull’enhach,
3248 2356 3589 2427 Reipublicae

323 2442 984 2500 hlmno—Francolurtanze
1027 2454 1251 2502 senator
1304 2447 1728 2514 meritissimus,
1789 2454 2071 2518 statorque
2121 2448 2200 2504 rei
2251 2449 2529 2506 litterariae
2577 2450 2740 2506 hodie
2778 2453 3113 2521 praecipuus,
3174 2466 3285 2506 non
3333 2459 3445 2504 tam
3483 2449 3587 2503 sibi

323 2543 525 2601 servat,
554 2552 718 2606 quam
749 2536 980 2594 eruditis
1006 2536 1151 2608 quod
1184 2539 1250 2593 ad
1281 2554 1438 2594 usum
1464 2553 1812 2592 communem
1843 2552 1971 2593 esse
1998 2537 2173 2606 jubet.
2206 2538 2456 2609 Scriptus
2488 2540 2535 2595 is
2557 2547 2643 2595 est
2671 2542 2875 2595 saeculo
2902 2557 2993 2595 xw
3020 2540 3075 2594 in
3097 2540 3310 2607 charta,
3332 2539 3593 2595 formam-

323 2645 429 2699 que
465 2633 631 2685 refert
662 2629 844 2702 quarti
874 2632 1108 2697 ordinis,
1158 2643 1323 2702 prout
1353 2631 1689 2687 describitur
1720 2645 1749 2683 a
1783 2629 2107 2685 doctissimo
2142 2628 2193 2686 Ι.
2224 2629 2461 2687 llcnrico
2490 2629 2653 2696 Maio,
2686 2632 2741 2687 in
2794 2631 3133 2688 Bibliotheca
3162 2630 3594 2687 Ull‘enbachiana

327 2734 466 2778 insta
522 2732 678 2794 parte
708 2740 770 2789 ll,
813 2741 938 2795 pag.
968 2725 1096 2780 425.
1136 2724 1289 2781 Folio
1331 2726 1535 2781 codicis
1590 2725 1740 2779 illius
1774 2724 1884 2779 "157
1922 2724 2114 2794 incipit
2168 2724 2283 2780 hmo
2327 2724 2626 2796 disputatio
2673 2734 2729 2781 et
2779 2725 3026 2781 decurrit
3067 2740 3242 2796 usque
3278 2726 3431 2796 adp.
3463 2726 3591 2781 257.

333 2814 400 2869 lc‘t
433 2816 518 2886 hic
550 2816 747 2887 (verba
782 2818 948 2874 habes
977 2818 1061 2875 Cl.
1096 2819 1253 2891 Maii)
1290 2818 1492 2874 addita:
1521 2818 1851 2889 marginibus
1898 2825 2021 2871 sunt
2070 2819 2350 2873 varietates
2399 2818 2704 2883 lectionum,
2747 2818 3062 2890 calligraphi
3101 2819 3331 2887 primum
3376 2834 3596 2872 manum

330 2910 697 2979 calamumque
737 2921 1095 2982 agnoscentes.
1155 2912 1237 2967 Ad
1284 2912 1481 2967 calcem
1520 2912 1928 2980 disputationis,

1999 2929 2167 2981 nempe
2204 2913 2331 2982 folio
2377 2910 2508 2976 251,
2555 2912 2607 2975 b,
2654 2920 2939 2966 occurrunt
2982 2909 3463 2984 παρασημειώσεις
3513 2927 3597 2964 τι-

333 3003 421 3067 νές
443 3046 459 3071 ,
500 3005 712 3059 scholia
740 3005 1012 3075 quaedam,
1054 3005 1122 3059 ad
1148 3006 1283 3060 hunc
1310 3007 1481 3076 ipsum
1514 3015 1823 3061 tractatum.
1862 3006 2067 3061 Horum
2098 3006 2420 3060 scltoliorum
2452 3006 2634 3076 aliqua
2660 3022 2687 3059 e
2716 3006 2923 3075 regione
2957 3014 3130 3059 textus
3164 3005 3290 3073 poni
3311 3015 3596 3074 ceperunt,

338 3111 459 3152 mea:
490 3113 608 3151 cum
638 3098 895 3167 marginis
923 3098 1156 3167 spatium
1200 3115 1302 3153 non
1333 3108 1537 3168 cuperet
1571 3101 1773 3165 omnia,
1826 3100 2021 3171 rejecta
2054 3099 2121 3153 ad
2172 3098 2311 3152 hunc
2355 3108 2677 3168 postremum
2715 3098 2860 3167 fuere
2913 3097 3107 3151 locum.
3134 3097 3401 3175 ⁸Βοηίῃιιεε
3437 3099 3601 3167 paulo

338 3197 461 3261 post
511 3196 785 3250 monetur,
820 3190 1022 3245 scholia
1072 3190 1187 3259 ipso
1216 3192 1394 3246 codice
1442 3207 1556 3245 esse
1584 3194 1901 3256 recentiora,
1936 3201 1986 3246 et
2038 3207 2155 3246 sero
2203 3190 2411 3244 addita.
2444 3190 2625 3258 Atque
2670 3187 2822 3243 istud
2856 3187 3076 3256 quidem
3108 3188 3422 3257 exemplum
3468 3200 3600 3242 eum

339 3282 509 3343 t‘dllO,
545 3282 651 3336 cel.
694 3279 1036 3337 Ull'enbachii
1091 3284 1347 3353 precibus
1391 3286 1683 3351 adductus,
1727 3286 1962 3339 contulit
2003 3282 2235 3338 illustris
2265 3280 2621 3345 Steinhelius,
2676 3280 3016 3336 serenissimi
3047 3278 3398 3335 Polouiarum
3455 3281 3603 3352 regis

350 3374 603 3429 minister
654 3375 900 3429 residens
931 3375 985 3429 in
1018 3376 1153 3431 urbe
1184 3376 1253 3429 ad
1282 3376 1520 3432 Moenum
1553 3377 2012 3443 Francofurtana,
2065 3390 2238 3445 eaque
2285 3388 2450 3445 opera
2503 3386 2605 3444 pro
2655 3371 2943 3442 singulari,
3002 3383 3111 3442 qua
3164 3371 3352 3441 pollet,
3404 3370 3603 3427 harum

341 3466 631 3535 omnisque
665 3466 886 3537 generis
940 3466 1248 3522 litterarum
1306 3469 1503 3525 notitia
1554 3480 1610 3526 et
1660 3468 1987 3525 dexteritate
2018 3468 2312 3537 diligenter
2361 3472 2414 3520 et
2446 3464 2677 3520 feliciter
2727 3460 3021 3520 defunctus
3063 3471 3168 3528 est,
3220 3479 3351 3519 raro
3378 3466 3605 3521 omnino

342 3568 529 3615 nostra
559 3570 719 3619 aetate
746 3566 1019 3635 exemplo,
1056 3572 1111 3619 et
1151 3568 1235 3622 vel
1269 3567 1391 3621 ideo
1419 3568 1486 3621 ad
1519 3567 1897 3637 posteritatem
1943 3564 2169 3619 omnino
2201 3562 2581 3619 memorando.
2612 3559 2726 3633 Ego
2762 3574 2891 3615 vero
2935 3559 3055 3631 pari
3095 3560 3339 3614 virorum
3392 3557 3605 3614 incom-

344 3656 579 3722 parabili
629 3671 738 3711 nou
774 3658 957 3712 minus
987 3672 1129 3723 tneo,
1180 3673 1345 3728 quam
1384 3658 1628 3728 publico,
1676 3656 1895 3712 nomine
1921 3674 2023 3728 pro
2050 3656 2159 3711 isto
2190 3656 2400 3709 litteras
2428 3653 2763 3725 proveltendi
2807 3651 2992 3707 studio
3017 3652 3224 3723 gratias
3252 3653 3514 3709 decenter
3546 3663 3604 3707 et

345 3743 583 3799 olliciose
614 3745 886 3815 persolvo.
922 3745 1079 3799 Alter
1102 3745 1275 3801 codex
1326 3747 1575 3816 pervenit
1601 3745 1668 3800 ad
1714 3761 1800 3800 me
1841 3745 2107 3800 beneﬁcio
2141 3742 2273 3799 Rev.
2318 3742 2598 3798 Zachariae
2628 3741 3032 3809 Hasselmanni,
3070 3742 3220 3797 verbi
3255 3742 3427 3798 divini
3458 3742 3604 3814 apud

345 3834 824 3905 Uldenburgenscs
861 3834 915 3888 in
953 3834 1170 3906 Wagria
1200 3836 1438 3891 ministri
1490 3834 1841 3892 solertissimi
1874 3833 2326 3905 dexterrimique,
2377 3834 2470 3904 qui
2505 3833 2628 3903 ejus
2678 3834 2813 3889 mihi
2847 3836 3061 3905 copiam
3118 3832 3419 3890 liberaliter
3451 3834 3600 3891 fecit.

347 3924 444 3979 Est
474 3926 586 3991 ille,
621 3942 745 3982 meo
780 3926 1008 3997 judicio,
1059 3927 1307 3997 ejusdem
1338 3937 1392 3983 et
1420 3928 1597 3983 anatis
1640 3936 1695 3983 et
1725 3927 1917 3982 forma:
1951 3942 2076 3982 cum
2129 3928 2334 3998 priore,
2376 3926 2431 3981 in
2479 3927 2673 3981 charta
2700 3927 2989 3998 diligenter
3017 3934 3072 3981 et
3098 3935 3287 3982 curate
3317 3936 3602 3989 exoratus,

348 4026 515 4087 atque
550 4018 603 4073 id
634 4019 840 4075 habens
870 4021 1229 4092 przecipuum,
1261 4022 1429 4093 quod,
1466 4037 1591 4077 cum
1636 4022 2023 4077 commentatio
2054 4021 2169 4075 haec
2200 4020 2589 4089 disputationis
2628 4018 2860 4074 formam
2903 4019 3124 4085 referat,
3174 4020 3602 4091 eolloquentium

349 4123 636 4165 sermones
680 4108 971 4181 descriptis
1002 4113 1173 4168 rubro
1214 4115 1399 4169 colore
1441 4112 1840 4184 disputantium
1882 4111 2126 4184 Gregorii
2160 4119 2215 4167 et
2258 4110 2511 4169 Macriuae
2553 4112 2891 4177 nominibus,
2942 4125 2974 4166 a
3016 4127 3077 4169 se
3132 4113 3369 4169 invicem
3403 4112 3604 4168 distiu-

351 4208 611 4273 guantur.
642 4202 772 4267 Quae
799 4203 1018 4272 quidem
1057 4218 1148 4262 res
1189 4205 1422 4263 subinde
1450 4213 1737 4263 contextus
1785 4206 1987 4265 seriem
2019 4206 2237 4279 egregie
2286 4204 2552 4274 illustrat,
2592 4203 3055 4277 quemadmodum
3086 4206 3171 4262 vel
3199 4221 3266 4263 ex
3300 4206 3604 4276 specimine

350 4292 498 4365 quod
532 4292 649 4362 ipse
680 4292 823 4363 dedi,
859 4295 1084 4365 patebit.

690 5759 960 5823 PATBOL.
1001 5760 1118 5821 Gn.
1165 5759 1387 5824 XLVI.
3306 5758 3347 5825 1

1838 5980 1909 6033 ra].
2064 5966 2143 6071 (ἶ

1872 6034 1887 6071 -ζ
1952 6044 1971 6071 "_
2013 6048 2028 6067 ρ
2072 6053 2089 6067 ν
2192 6044 2249 6069 ις]

1880 6034 2249 6073 ἷῖβνθὶςλ
