4046 6350
494 257 568 316 ﬂ
1698 265 1762 320 S.
1805 265 2128 323 CREGORII
2172 267 2460 324 bYSSEXl

2025 425 2484 436 -—-———.——.~_—_

3705 283 3768 338 I2

2603 431 2622 437 ..-
2637 430 2912 438 -ον--σισ-

1201 571 1429 659 ΤΟΥ
1486 575 1623 661 EN
1698 570 2063 662 ΑΓΙΟΙΣ
2121 567 2198 632 (ί)
2267 577 2703 666 ΠΑΤΡΟΣ
2779 581 3107 669 ΗΜΩΝ

1600 767 2652 904 ΓΡΗΓΟΡΙΟΥ

1771 995 2174 1052 ΕΠΙΣΚΟΠΟΥ
2189 998 2466 1052 ΝΥΣΣΗΣ

592 1164 945 1278 ΠΕΡΙ
1003 1165 1528 1280 ΨΥΧΗΣ
1589 1167 1862 1277 ΚΑΙ
1918 1168 2898 1286 ΑΝΑΣΤΑΣΕΩΣ
2961 1171 3065 1293 Ο
3136 1168 3663 1296 ΛΟΓΟΣ

1881 1388 1922 1436 0
1951 1384 2390 1442 ΛΕΙὌΜΕΝΟΣ

1755 1551 1895 1632 ΤΑ
1968 1553 2531 1638 ΜΑΚΡΙΝΙΑ.

1181 1836 1349 1993 .s.
1500 1847 1669 1992 P.
1820 1845 2001 1994 N.
2108 1724 3042 2002 enEGomI

1783 2104 2091 2162 EPISCOPI
2125 2105 2421 2164 NYSSENI

576 2280 754 2406 DE.
834 2279 1284 2394 ANIMA
1364 2282 1544 2393 ET
1621 2283 2815 2404 RESURRECTIONE
2895 2293 3608 2414 DIALOGUS

1875 2518 1962 2567 QUI
2005 2519 2338 2562 INSCRIBITUR

1745 2675 2493 2765 MACRINIA.

668 2841 900 2904 (Textum
932 2847 1228 2898 contulimus
1251 2862 1358 2899 cum
1388 2851 1613 2903 editione
1637 2855 1776 2905 Joan.
1806 2855 2005 2920 Georgii
2032 2857 2342 2920 Krabingrri,
2367 2870 2475 2918 quae
2499 2855 2678 2918 prodiit
2703 2855 3008 2917 Landisliuli,
3036 2857 3176 2921 18w,
3198 2860 3344 2913 ill-8°.
3378 2865 3526 2930 ενι-ι)

537 3090 675 3148 Cum
707 3093 899 3162 ingens
923 3093 1013 3147 ille
1039 3092 1179 3148 inter
1201 3103 1423 3150 sanctos
1449 3093 1686 3150 Basilius
1703 3111 1766 3151 ex
1798 3096 2038 3150 lmmana
2071 3105 2117 3158 Α

471 3182 579 3235 vita
608 3182 674 3235 ad
710 3180 876 3236 Deum
908 3185 1218 3253 migrasset,
1242 3193 1297 3238 et
1328 3187 1637 3240 communis
1669 3202 1836 3242 causa
1866 3189 2044 3245 luctus

467 3272 731 3328 Ecclesiis
776 3274 1099 3337 exstitisset,
1163 3283 1326 3345 atque
1377 3277 1542 3331 etiam
1589 3293 1736 3331 nunc
1788 3293 1948 3334 soror
1989 3289 2044 3335 et

468 3364 729 3432 magistra
759 3364 884 3418 vita:
913 3376 1196 3434 superstes
1225 3374 1394 3432 esset,
1424 3382 1526 3437 ego
1545 3368 1768 3436 quidem
1800 3369 2045 3426 studiose

448 3455 635 3518 .ibam,
694 3463 752 3508 ut
809 3469 934 3509 cum
991 3455 1082 3510 illa
1136 3461 1604 3514 communicarem
1650 3461 2042 3526 calamitatem,

445 3557 640 3601 unorte
691 3545 877 3602 fratris
925 3555 1228 3618 acceptam.
1275 3549 1356 3604 Ac
1409 3549 1564 3613 milii,
1619 3558 1773 3604 tanto
1819 3562 2045 3623 accepto

442 3637 796 3692 adetrimento
818 3679 833 3704 ,
871 3639 1090 3694 animus
1124 3639 1476 3696 vehementer
1505 3640 1704 3696 anxius
1750 3652 1916 3712 atque
1945 3643 2042 3697 ilo-

454 3729 584 3783 Jore
607 3727 894 3786 confectus
915 3737 1054 3793 erat,
1083 3738 1138 3785 et
1163 3730 1400 3802 aliquem
1435 3731 1644 3787 socium
1679 3733 2040 3804 lacrymarum

459 3820 813 3890 requirebam
853 3822 949 3891 qui
1000 3837 1154 3892 teque
1207 3838 1463 3893 magnum
1512 3823 1854 3893 aegritudinis
1899 3841 2040 3881 onus

459 3913 768 3984 susciperet
799 3923 963 3984 atque
1002 3929 1122 3984 ego.
1153 3914 1226 3970 Ut
1246 3922 1427 3970 autem
1463 3916 1600 3971 alter
1631 3918 1783 3973 alteri
1834 3916 2038 3972 fuimus

460 4005 521 4058 in
547 4012 872 4074 conspectu,
925 4005 1060 4059 mihi
1091 4006 1310 4076 quidem
1355 4008 1614 4076 magistra
1644 4010 1761 4064 visa
1792 4009 2040 4064 refricnit

464 4097 632 4150 animi
681 4095 964 4152 dolorem:
995 4096 1196 4151 etenim
1239 4096 1352 4166 jam
1393 4098 1557 4152 etiam
1603 4099 1721 4169 ipsa
1753 4101 2036 4156 mortifero

461 4187 655 4242 morbo
688 4195 939 4258 correpta
968 4195 1105 4243 erat.
1151 4187 1224 4242 At
1249 4188 1343 4243 illa
1371 4189 1830 4259 quemadmodum
1866 4206 2037 4262 equo-

461 4293 582 4330 rum
631 4278 993 4348 regendorum
1040 4279 1174 4335 artis
1220 4279 1380 4348 periti
1429 4279 1610 4335 facere
1655 4281 1854 4345 solent,
1909 4299 2033 4337 cum

462 4368 804 4437 permisisset
829 4370 962 4423 mihi
995 4377 1052 4423 ut
1080 4370 1286 4439 impetu
1309 4369 1517 4425 doloris
1546 4371 1824 4440 paulisper
1855 4379 2036 4428 trans-

2227 3099 2440 3170 Ἐπειδὴ
2474 3099 2568 3153 τοῦ
2607 3098 2946 3168 ἀνθρωπίνου
2969 3097 3084 3169 βίου
3115 3099 3250 3171 πρὸς
3280 3099 3412 3154 Θεὸν
3439 3101 3669 3172 μετέστη
3693 3105 3725 3158 ὁ

2147 3193 2311 3257 πολὺς
2327 3195 2384 3246 ἐν
2400 3193 2574 3261 ἁγίοις
2586 3193 2883 3254 Βασίλειος,
2899 3191 2992 3245 καὶ
3004 3191 3155 3263 κοινὴ
3171 3190 3398 3256 πένθους
3410 3192 3630 3266 ἀφορμὴ
3646 3194 3724 3265 (2)

2104 3321 2118 3331 ,
2144 3286 2265 3346 ταῖς
2305 3283 2655 3353 Ἑκκλησίαις
2696 3281 2940 3350 ἐγένετο,
2974 3282 3171 3352 περιῆν
3201 3281 3258 3334 δὲ
3294 3282 3374 3334 ἔτι
3420 3281 3500 3352 τῷ
3547 3283 3645 3354 βίῳ
3687 3286 3722 3355 ἡ

2145 3374 2349 3444 ἀδελφὴ
2383 3374 2477 3427 καὶ
2500 3372 2836 3436 διδάσκαλος,
2874 3373 2985 3440 ἐγὼ
3012 3373 3109 3444 μὲν
3130 3373 3248 3444 ᾔειν
3278 3374 3356 3443 ('5)
3379 3372 3520 3426 κατὰ
3548 3391 3712 3427 σπουο

2139 3467 2242 3538 ’δὴν
2265 3466 2611 3534 κοινωνήσων
2636 3463 2821 3534 ἐκείνῃ
2839 3465 2938 3534 τῆς
2965 3465 3056 3517 ἐπὶ
3071 3463 3150 3534 τῷ
3173 3463 3386 3534 ἀδελφῷ
3412 3466 3716 3534 συμφορᾶς.

2151 3559 2257 3612 Καί
2289 3574 2379 3628 μοι
2419 3557 2494 3626 (ι)
2530 3553 2857 3627 περιώδυνος
2900 3551 2970 3625 ἦν
3018 3557 3052 3626 ἡ
3103 3555 3270 3626 ψυχὴ,
3301 3555 3437 3627 πρὸς
3467 3556 3718 3627 τοιαύτην

2146 3643 2349 3714 ζημίαν
2389 3641 2791 3713 ὐπεραλγοῦσα,
2828 3641 2920 3696 καί
2951 3659 3072 3696 τινα
3099 3642 3208 3696 τῶν
3236 3643 3484 3713 δακρύων
3525 3661 3717 3697 κοινωο

2145 3734 2232 3787 νὸν
2260 3733 2556 3803 ἐπεζήτουν
2584 3731 2676 3787 τὸν
2708 3727 2825 3785 ἶσον
2852 3731 3044 3802 ἔχοντά
3081 3749 3172 3802 μοι
3197 3733 3296 3803 τῆς
3321 3732 3496 3801 λύπης
3529 3733 3712 3802 ἄχθος.

2155 3827 2240 3888 Ὠς
2275 3826 2332 3879 δὲ
2384 3827 2442 3878 ἐν
2484 3823 2783 3894 ὀφθαλμοῖς
2815 3819 2956 3894 ἦμεν
2999 3823 3078 3894 (5)
3116 3823 3382 3894 ἀλλήλων.
3438 3825 3564 3893 ἐμοὶ
3615 3825 3716 3897 μὲν

2143 3919 2378 3974 ἀνεκίνει
2421 3917 2482 3971 τὸ
2525 3916 2698 3978 πάθος
2729 3917 3066 3987 προφανεῖσα
3094 3919 3208 3979 τοῖς
3239 3915 3535 3986 ὀφθαλμοῖς
3569 3919 3602 3986 ἡ
3637 3917 3714 3971 δι-

2144 4009 2408 4072 δάσκαλος
2432 4024 2446 4039 ·
2477 4008 2572 4061 καὶ
2601 4006 2711 4078 γὰρ
2740 4006 2843 4076 ἠδη
2895 4005 2987 4059 καὶ
3032 4004 3169 4076 αὐτὴ
3209 4008 3276 4076 τῇ
3307 4005 3443 4077 πρὸς
3482 4005 3713 4059 θάνατον

2143 4099 2424 4172 ἀρρωστίᾳ
2475 4097 2768 4168 συνείχετο.
2831 4097 2897 4150 Ἥ
2925 4095 2982 4150 δὲ
3019 4097 3160 4150 κατὰ
3195 4097 3321 4161 τοὺς
3352 4097 3451 4168 τῆς
3483 4096 3711 4167 ἱππικῆς

2142 4192 2514 4262 ἐπιστήμονας
2543 4187 2768 4244 ἐνδοῦσά
2807 4206 2896 4260 μοι
2929 4190 3065 4260 πρὸς
3107 4189 3286 4256 ὀλίγον
3312 4187 3710 4258 παρενεχθῆναι

2141 4287 2204 4354 τῇ
2231 4281 2380 4355 ῥύμῃ
2408 4281 2485 4352 (6)
2513 4280 2608 4334 τοῦ
2647 4279 2873 4343 πάθους.
2896 4279 3235 4349 ἀναστομοῦν
3264 4279 3538 4350 ἐπεχείρει
3569 4277 3709 4349 μετὰ

2139 4373 2310 4427 ταῦτα
2330 4373 2406 4443 τῷ
2432 4372 2596 4440 λόγῳ,
2622 4369 2874 4440 καθάπερ
2893 4368 3094 4439 χαλινῷ
3121 4369 3316 4439 τινιτῷ
3337 4369 3450 4440 ἰδίῳ
3465 4367 3708 4438 λογισμῷ

461 4475 658 4514 versus
684 4474 896 4530 agerer,
936 4468 1123 4530 postea
1154 4459 1404 4515 oratione
1432 4475 1517 4514 me
1543 4461 1842 4530 reprimere
1871 4470 2035 4534 atque

2139 4465 2200 4518 τὸ
2230 4460 2500 4518 ἀτακτοῦν
2543 4461 2641 4531 τῆς
2681 4459 2858 4529 ψυχῆς
2902 4459 2981 4530 (7)
3034 4457 3412 4512 ἀπευθύνουσα
3438 4497 3455 4522 ,
3507 4458 3600 4510 καὶ
3636 4452 3708 4528 ἦν

535 4593 614 4660 (l)
649 4591 758 4646 Τοῦ
811 4590 881 4643 ἐν
910 4587 1117 4656 ἁγίοις.
1170 4586 1458 4660 Inscriptio
1499 4586 1623 4640 cod.
1680 4601 1782 4642 ms.
1812 4589 1878 4650 A,
1913 4588 2028 4644 sive

468 4657 839 4732 Uﬂ‘enbachimi
848 4661 1089 4732 i,cnm_ea
1103 4673 1222 4725 qua:
1241 4658 1291 4732 in
1311 4657 1469 4732 editis
1483 4668 1780 4732 comparet,
1797 4672 2028 4732 consen-

461 4726 548 4799 tit,
580 4732 686 4786 nisi
717 4730 858 4800 quod
894 4745 988 4798 pro
1012 4727 1230 4800 Νύσσης
1263 4727 1458 4795 legitur
1484 4726 1802 4800 Nosoatéwg,
1834 4729 2025 4780 eodem

462 4797 649 4859 sensu.
674 4797 771 4853 nec
803 4797 996 4868 praeter
1022 4798 1349 4866 scriptorum
1383 4797 2026 4868 ecclesiasti_eoruiii_nto-

461 4888 599 4935 rem,
639 4871 730 4938 qui
758 4865 899 4936 szepe
931 4865 1249 4938 Gregorium
1285 4875 1530 4938 nostrum
1564 4865 1653 4938 τὸν
1679 4865 1933 4938 Νυσσ-αέα
1956 4869 2026 4920 ab

459 4934 806 5010 episeopatns
837 4934 999 5010 sede
1027 4934 1562 5010 appellant._l‘)eimle
1601 4935 1802 5010 desunt
1828 4934 2023 5010 ibide_m

459 5003 624 5064 verba
648 5003 662 5009 ’
685 5016 947 5067 extrema,
979 5008 1008 5059 ὁ
1027 5003 1315 5074 λεγόμενος
1333 5004 1485 5071 λόγος
1505 5003 1574 5055 τὰ
1616 5003 1910 5074 Μακρίνια.
1943 5003 2028 5057 Ti-

460 5081 609 5133 tulus
661 5079 713 5132 in
752 5093 853 5130 ms.
905 5076 965 5129 Β.
1026 5091 1119 5130 seu
1171 5074 1615 5128 Hasselmaniano
1649 5075 1865 5135 obvius,
1919 5075 2025 5127 alio

459 5151 622 5202 modo
644 5155 964 5216 conceptus,
1026 5147 1097 5216 ita
1119 5145 1339 5216 liabet;
1368 5142 1650 5216 Alde‘El‘:
1688 5141 1799 5216 τῆς
1851 5143 2025 5216 ὁρίας

459 5219 765 5284 Μακρίνης
787 5212 935 5284 ﬁeri:
952 5215 1056 5268 τοῦ
1088 5213 1238 5267 ἰδίου
1258 5213 1523 5284 ἁδελφοῦ
1549 5213 1654 5284 τοῦ
1674 5212 1856 5284 ίᾴγίου
1878 5214 2026 5279 Γρη.

460 5281 662 5354 ’μορίου
696 5281 830 5353 περὶ
878 5284 1105 5352 ψυχῆς.
1145 5285 1342 5336 Eodem
1394 5283 1557 5354 modo
1591 5281 1789 5335 Suidas
1824 5286 2020 5354 _iel'ert,

457 5351 780 5424 Gregorium
802 5351 1049 5424 nostrum
1073 5353 1360 5424 scripsisse
1383 5351 1590 5424 μακρόν
1617 5368 1736 5424 τινα
1748 5351 2028 5424 οιαὶ-περι-

459 5403 654 5545 ἐάὶἵῖ
671 5403 1541 5545 ’πρδςητῆν-ἇδετλτιρῷίΜαέρίντίν
1577 5421 1706 5490 περι
1732 5403 2026 5501 ψυχῆςλό-

459 5512 570 5545 γον.
632 5493 680 5545 ‘x
711 5510 820 5545 (Illo
839 5507 998 5545 etiam
1027 5508 1170 5545 mani
1199 5502 1371 5545 estum
1394 5500 1498 5545 est.
1539 5490 1682 5545 quod
1710 5499 1763 5544 et
1797 5506 1882 5545 res
1913 5504 2026 5545 nisa

456 5512 570 5562 γον.
608 5490 680 5547 Ex
711 5490 820 5563 quo
839 5490 998 5548 etiam
1027 5490 1371 5563 manifestum
1391 5490 1498 5555 est,
1539 5490 1763 5563 quodet
1797 5506 1882 5545 res
1913 5490 2027 5559 ipsa

444 5559 681 5618 credere
707 5559 882 5633 jubet,
915 5564 1188 5633 dialogum
1224 5562 1369 5616 hunc
1409 5575 1535 5633 non
1575 5559 1815 5633 quidem_
1837 5574 2026 5633 revera

459 5637 600 5686 inter
627 5628 945 5703 Gregorium
973 5641 1030 5703 et
1069 5631 1360 5686 Macrinam
1414 5628 1680 5703 habitum,
1720 5628 1818 5685 sed
1849 5631 2025 5686 instar

453 5701 854 5759 dissertationis
885 5719 914 5757 a
953 5701 1214 5773 Gregorio
1239 5702 1610 5771 conscriptum
1634 5715 1774 5756 esse.

2207 4589 2285 4660 (2)
2331 4587 2602 4657 Ἀφορμή.
2633 4585 2710 4641 lta
2743 4586 3001 4656 rescripsi
3037 4601 3136 4657 pro
3167 4587 3439 4657 καὶὸρμή,
3468 4584 3613 4655 quod
3651 4587 3705 4660 in

2133 4657 2294 4714 editis
2315 4667 2454 4721 erat,
2477 4659 2801 4712 auctoritate
2822 4670 2927 4711 ms.
2953 4660 3257 4726 utriusque,
3279 4663 3422 4710 sicut
3452 4665 3505 4709 et
3527 4657 3706 4711 versio

2133 4728 2325 4782 Latina
2355 4729 2601 4782 eamdem
2653 4741 2840 4780 vocem
2867 4734 3016 4781 recte
3037 4725 3329 4796 expressit,
3352 4726 3496 4796 quod
3537 4725 3703 4782 etiam

2132 4800 2268 4852 alias
2299 4797 2414 4851 ﬁeri
2445 4795 2752 4852 observavi.

2205 4868 2279 4937 (3)
2313 4869 2498 4938 ᾚειν.
2535 4868 2610 4918 Ita
2641 4871 2784 4938 recte
2814 4879 2914 4919 ms.
2943 4870 3236 4938 utrumque
3270 4863 3540 4938 praedito
3563 4863 3702 4934 εἴην.

2207 4932 2283 5006 (ιι)
2311 4932 2422 5006 Mor
2468 4936 2715 5006 agnoscit
2761 4941 2956 4988 neuter
3000 4932 3192 4997 codei,
3238 4933 3381 5002 quod
3417 4943 3595 4987 tamen
3628 4932 3704 4988 lo-

2134 5005 2271 5062 cum
2301 5006 2363 5074 lika
2374 5005 2501 5058 bere
2516 5005 2726 5074 potest.

2204 5077 2280 5146 (5)
2324 5071 2545 5143 Ἦμενξ
2564 5075 2641 5128 lta
2655 5072 2888 5146 omnino
2915 5071 3262 5146 scribendum
3283 5079 3394 5146 est,
3423 5080 3704 5143 praeeunte

2133 5141 2364 5215 utroque
2386 5141 2489 5198 ms.
2518 5159 2614 5215 pro
2643 5141 2820 5212 ἡμῶν,
2855 5142 2999 5215 quod
3039 5141 3183 5196 edita
3212 5141 3490 5215 exhibent.

2201 5211 2290 5284 (ω’
2319 5211 2531 5283 Ῥύμῃζ
2575 5211 2883 5268 Permutavi
2951 5212 3230 5284 hocqcum
3291 5211 3702 5284 leqlioneﬁedila

2132 5281 2339 5358 ῥώμῃ,Δ
2375 5281 2441 5336 ad
2486 5285 2789 5358 exei‘nplum
2838 5296 2940 5358 ms.
2985 5282 3290 5350 utriusque.
3351 5281 3424 5337 De
3473 5283 3701 5358 allectus

2131 5352 2290 5409 enini
2328 5352 2647 5422 impetu.de
2690 5366 2800 5422 quo
2861 5353 2950 5406 hic
2994 5367 3174 5406 sermo
3221 5359 3326 5414 est,
3359 5353 3558 5422 rectius
3589 5353 3701 5406 haec

2131 5419 2482 5494 quidemjox
2515 5419 2828 5494 usurpatur,
2858 5437 3022 5494 quam
3058 5422 3228 5475 altera
3256 5423 3344 5476 illa
3367 5419 3546 5492 ῥώμη.

2203 5494 2282 5562 (7)
2309 5491 2428 5559 Τῆς
2449 5490 2669 5560 ψυχῆςζ
2709 5491 2821 5544 Hoc
2869 5490 3112 5546 rationes
3137 5490 3704 5562 gramma‘tic‘mireqni—

2131 5573 2258 5617 runt
2289 5579 2387 5633 pro
2414 5565 2630 5633 vulgata
2665 5562 2895 5633 lectione
2952 5564 3018 5631 τῇ
3068 5562 3236 5633 ψυχῇ,
3280 5575 3442 5633 quam
3479 5561 3539 5614 τὸ
3566 5563 3700 5616 ἀτα-

2132 5631 2317 5698 κτοῦν,
2347 5635 2436 5688 cui
2461 5631 2561 5688 vox
2593 5633 2682 5686 illa
2717 5631 2988 5701 jungitur,
3017 5647 3127 5687 non
3151 5631 3408 5687 admittit.
