4046 6350
374 170 441 228 t3
1430 174 1515 228 DE
1551 170 1767 226 amna
1800 168 1889 224 ET
1921 165 2527 224 RESURRECTIOM.
3568 154 3635 207 lt

373 287 511 356 αὐτῇ
547 286 608 338 τὸ
650 285 1007 342 ἁποστολικὸν
1060 289 1237 358 λόγιον
1290 288 1364 359 (8)
1405 292 1811 361 προφερόμενον
1848 288 1949 358 (9),

2059 282 2313 337 cohibere.
2338 280 2643 336 conabatur
2664 276 2972 333 rationibus
2999 273 3135 338 suis,
3163 279 3424 340 tanquam
3450 269 3635 339 aliquo

366 376 429 428 τὸ
456 375 531 446 μὴ
560 375 665 429 δεῖν
688 376 781 430 ἐπὶ
810 378 921 431 τῶν
964 380 1380 451 κεκοιμημένων
1409 381 1729 435 λυπεῖσθαι·
1774 378 1950 451 μόνων

366 470 473 539 γὰρ
512 468 669 522 τοῦτο
712 469 821 523 τῶν
864 472 967 525 οὐκ
1014 473 1246 543 ἐχόντων
1304 472 1495 527 ἐλπίδα
1535 474 1647 545 (10)
1691 473 1753 527 τὸ
1781 472 1953 535 πάθος

366 576 525 617 ειναι.

2058 372 2216 429 freno
2275 372 2723 442 incompositum,
2782 369 3103 425 indecorum
3155 374 3211 420 et
3264 362 3635 417 inordinatqu

2059 466 2228 521 animi
2293 465 2540 537 dirigens
2598 463 2873 528 allectum,
2925 476 2991 518 ac
3044 456 3358 531 proferebat
3417 460 3639 525 aposto-

2056 559 2221 613 licum
2270 558 2405 612 illud
2460 558 2692 623 dictum,
2734 555 2881 627 quod
2936 569 3045 609 non
3107 551 3230 621 angi
3291 557 3347 603 et
3404 559 3640 600 maerere

363 664 612 722 oporteat
668 664 895 727 propter
926 659 1092 726 illos,
1144 660 1240 731 qui
1285 659 1776 727 obdormiverunt;
1828 656 1963 714 solis
1997 655 2140 710 enim
2179 656 2246 711 iis
2274 656 2366 727 qui
2413 670 2565 726 spem
2608 670 2714 709 non
2754 654 3040 713 haberent,
3074 649 3124 704 id
3155 645 3407 701 accidere.
3438 643 3638 698 solere.

468 744 533 801 Λ.
566 746 735 813 Κάγὼ
756 748 1115 821 περιζεούσης
1139 752 1216 806 ἔτι
1242 770 1332 823 μοι
1350 754 1447 826 τῆς
1462 752 1686 824 καρδίας
1705 752 1769 820 τῇ
1797 749 1941 816 λύπῃ

366 838 412 906 (Ι
431 835 607 905 ηῐιῶς
623 837 786 903 ἔστιν,
804 834 1052 901 εἷπον,ἐν
1079 842 1384 913 ἀνθρώποις
1408 840 1570 893 τοῦτο
1607 839 1949 913 κατορθωθῆ-

366 941 475 988 ναι,
499 924 673 987 οὕτως
696 927 753 978 ὲν
786 926 1001 997 ἑκάστῳ
1030 927 1258 995 φυσικοῦ
1280 946 1423 994 τινος
1450 932 1585 1002 πρὸς
1606 932 1697 985 τὸν
1726 931 1953 985 Θάνατον

366 1017 463 1086 τῆς
514 1016 767 1087 διαϐολῆς
824 1017 1175 1089 ὑπαρχούσης
1197 1059 1211 1072 .
1254 1020 1347 1072 καὶ
1379 1019 1505 1074 οὔτε
1559 1020 1669 1074 τῶν
1703 1020 1953 1092 ὁρώντων

366 1107 488 1169 τοὺς
518 1106 962 1176 ἀποθνήσκοντας
983 1109 1095 1179 (12)
1117 1110 1353 1173 εὐκόλως
1376 1112 1824 1182 καταδεχομένων
1853 1112 1952 1182 τὴν

367 1197 509 1263 θέαν,
542 1194 626 1262 οἷς
649 1216 706 1251 τε
726 1199 793 1253 ἂν
822 1201 1024 1271 προσίῃ
1054 1202 1167 1269 (13)
1200 1202 1230 1254 ὁ
1271 1201 1501 1266 θάνατος
1524 1202 1948 1271 ἀποφευγόντων

368 1287 449 1354 ἐφ’
466 1290 589 1340 ὅσον
624 1286 735 1343 οἷόν
755 1306 813 1341 τε
836 1307 849 1355 ;
883 1288 1044 1343 Ἀ).λά
1072 1293 1167 1344 καὶ
1196 1291 1305 1345 τῶν
1327 1292 1768 1363 ἐπικρατούντων
1793 1292 1955 1362 νόμον

363 1380 592 1448 ἔσχατον
628 1382 687 1433 ἐν
716 1382 954 1445 ἀδικίαις
986 1383 1079 1436 καὶ
1109 1383 1338 1454 ἔσχατον
1369 1384 1429 1438 ἐν
1467 1383 1759 1456 τιμωρίαις
1798 1383 1956 1437 τοῦτο

364 1472 780 1543 κρινόντων,τίς
816 1476 1032 1546 μηχανὴ
1064 1476 1125 1528 τὸ
1146 1477 1313 1547 μηδὲν
1338 1476 1590 1548 ἡγεῖσθαι
1619 1477 1718 1547 τὴν
1741 1475 1833 1529 τοῦ
1857 1478 1955 1546 ζῇν

365 1564 737 1637 ἀναχώρησιν.
764 1569 859 1623 καὶ
890 1569 979 1621 ἐπὶ
1005 1570 1114 1623 τῶν
1135 1570 1239 1635 ἔξω
1269 1571 1413 1634 τινὸς
1451 1572 1495 1634 (1
1506 1567 1757 1639 “ptest
1773 1585 1835 1634 γε
1847 1567 1955 1621 τῶν

368 1651 715 1720 ἐπιτηδείων,
732 1654 859 1705 όταν
878 1653 970 1705 τοῦ
988 1653 1104 1722 βίου
1121 1653 1380 1723 λήγωσιν;
1417 1655 1666 1727 Ὁρῶμεν
1680 1657 1755 1723 δὲ,
1774 1654 1946 1721 εἷπον,

372 1742 466 1793 καὶ
500 1744 683 1794 πᾶσαν
724 1741 821 1813 τὴν
850 1742 1198 1813 ἀνθρωπίνην
1230 1744 1460 1814 σπουδὴν
1488 1745 1599 1815 (15)
1630 1747 1765 1816 πρὸς
1794 1746 1951 1799 τοῦτο

372 1834 699 1902 βλέπουσαν,
718 1836 868 1897 ὅπως
895 1834 960 1887 ἂν
991 1837 1046 1886 ὲν
1077 1835 1156 1903 τῷ
1180 1834 1277 1904 ζῇν
1300 1836 1650 1906 διαμένοιμεν
1682 1840 1814 1904 (16).
1853 1839 1950 1889 Διά

371 1922 527 1975 τοῦτο
541 1924 652 1994 γὰρ
665 1924 759 1976 καὶ
774 1920 911 1976 οἶκοι
932 1925 1064 1996 πρὸς
1080 1926 1354 1995 διαγωγὴν
1375 1928 1486 1995 (17)
1500 1930 1626 1997 ἡμῖν
1646 1929 1951 1997 ὲπινενόην-

2141 749 2205 805 G.
2232 750 2518 817 Atqueego
2537 758 2660 800 cum
2682 758 2776 798 cor
2813 741 2943 796 mihi
2991 739 3317 813 azgritudine
3343 747 3509 809 atque
3536 735 3639 791 do-

2057 839 2172 893 lore
2222 838 2388 892 etiam
2441 848 2574 891 tunc
2635 834 2878 904 undique
2948 833 3184 889 ferveret
3241 840 3298 888 et
3358 837 3635 889 restitaret.

2054 930 2177 996 Quo
2217 940 2394 1000 pacto,
2448 929 2672 996 inquam
2693 967 2710 992 ,
2746 933 2926 998 potest
2956 925 3011 980 id
3046 924 3188 981 inter
3218 923 3469 980 homines
3497 936 3639 993 pne-

2057 1022 2212 1086 stari,
2258 1036 2382 1075 cum
2432 1021 2570 1077 adeo
2615 1020 2883 1077 naturalis
2922 1019 3175 1090 quaedam
3208 1016 3506 1086 unicuique
3540 1015 3631 1071 ad-

2055 1129 2251 1168 versus
2295 1120 2524 1167 mortem
2558 1112 2833 1167 calumnia
2879 1121 3044 1181 atque
3085 1111 3305 1182 querela
3342 1109 3501 1164 insita
3545 1110 3638 1170 sit,

2056 1217 2121 1257 ac
2178 1218 2355 1272 neque
2410 1202 2501 1272 qui
2562 1202 2747 1257 vident
2802 1202 3122 1262 morientes,
3183 1210 3434 1272 spectare
3478 1200 3640 1254 facile

2058 1296 2387 1355 sustineant,
2429 1302 2502 1359 et,
2545 1294 2748 1363 quibus
2794 1308 2942 1348 mors
2987 1293 3254 1357 imminet,
3301 1291 3480 1362 quoad
3517 1292 3639 1361 ejus

2058 1382 2174 1437 fieri
2209 1390 2409 1453 potest,
2440 1398 2561 1436 eam
2599 1381 2909 1452 refugiant?
2943 1379 3083 1447 Quin
3111 1381 3275 1435 etiam
3311 1396 3434 1434 cmn
3466 1381 3635 1450 leges,

2057 1476 2257 1546 quibus
2302 1475 2510 1529 utimur
2548 1490 2610 1529 ac
2641 1476 2906 1546 regimur,
2958 1484 3019 1527 ιιι
3053 1474 3106 1527 in
3135 1474 3440 1536 maleficiis,
3476 1473 3549 1526 ita
3582 1471 3636 1525 in

2058 1567 2347 1638 suppliciis
2379 1568 2520 1621 hanc
2540 1575 2845 1621 extremam
2874 1567 3141 1636 judicent,
3169 1581 3280 1636 quo
3308 1572 3485 1635 pacto,
3518 1566 3643 1633 qui-

2058 1659 2229 1713 busve
2259 1658 2562 1712 rationibus
2588 1655 2723 1710 eilici
2751 1663 2952 1725 potest,
2984 1662 3042 1709 ut
3064 1656 3186 1725 quis
3225 1656 3304 1709 vel
3333 1656 3385 1709 in
3413 1665 3640 1709 externo

2056 1760 2111 1804 et
2143 1749 2323 1803 alieno
2350 1749 2533 1818 aliquo
2567 1747 2692 1802 vitae
2720 1746 3120 1818 separationem
3154 1753 3208 1800 et
3231 1762 3507 1800 recessum
3542 1762 3641 1813 pro

2060 1840 2229 1894 nihilo
2260 1842 2446 1901 ducat,
2482 1838 2681 1893 nedum
2712 1840 2764 1893 in
2816 1838 3141 1909 propinquis
3168 1852 3233 1891 ac
3283 1840 3638 1899 necessariis,

2059 1932 2224 1986 vitam
2263 1931 2580 1986 fiuientibus
2603 1931 2627 1983 ?
2653 1928 2916 1986 Videmus
2947 1938 3152 1994 autem,
3200 1929 3442 1997 inquam,
3479 1943 3643 1981 onme

370 2033 456 2068 ut
482 2017 622 2085 (18),
654 2016 729 2079 ὡς
758 2014 823 2068 ἂν
859 2016 931 2085 μὴ
956 2018 1032 2087 τῷ
1070 2020 1380 2088 περιέχοντι
1406 2020 1516 2089 (19)
1550 2020 1639 2072 διὰ
1674 2020 1888 2087 ψύξεως
1918 2021 1947 2088 ἢ

2059 2039 2277 2094 quoque
2308 2022 2546 2077 studium
2569 2022 2848 2075 hominum
2864 2036 2929 2076 eo
2951 2029 3220 2092 spectare,
3242 2020 3370 2074 utin
3404 2021 3509 2074 vita
3530 2035 3644 2089 per—

370 2107 706 2177 θερμότητος
736 2111 1093 2160 καταπονοῖτο
1121 2109 1190 2160 τὰ
1225 2108 1475 2179 σώματα.
1509 2111 1547 2161 Γ
1551 2112 1785 2162 εωπονία
1812 2112 1868 2163 δὲ
1897 2112 1948 2162 τί

368 2198 491 2251 ἄλλο
517 2201 613 2252 καὶ
645 2199 764 2268 οὐχὶ
789 2199 882 2252 τοῦ
905 2200 1004 2269 ζῇν
1027 2202 1142 2253 ἐστι
1158 2204 1475 2271 παρασκευή
1495 2218 1509 2265 ;
1536 2202 1595 2254 ἸΙ
1617 2202 1672 2254 δὲ
1689 2203 1785 2272 τῆς
1807 2203 1949 2272 ζωῆς

370 2291 589 2359 φροντὶς
608 2291 824 2353 πάντως
839 2290 926 2343 διὰ
942 2291 1031 2345 τὸν
1046 2292 1140 2345 τοῦ
1158 2291 1391 2346 θανάτου
1412 2294 1573 2361 φόϐον
1590 2294 1798 2360 γίνεται
1813 2294 1945 2364 (20).

382 2380 518 2432 Ἡδὲ
543 2381 766 2449 ἰατρικὴ
787 2379 951 2433 πόθεν
973 2383 1134 2451 τιμία
1163 2385 1275 2445 τοῖς
1289 2383 1595 2453 ἀνθρώποις
1620 2385 1767 2437 ἐστίν
1792 2403 1805 2449 ;
1834 2387 1947 2437 υύκ

370 2471 555 2538 ἐπειδὴ
588 2471 863 2540 μάχεσθαί
897 2489 1011 2534 πως
1034 2471 1122 2528 διὰ
1156 2473 1251 2543 τῆς
1280 2473 1474 2543 τέχνης
1507 2475 1652 2527 δοκεί
1696 2477 1829 2545 πρὸς
1858 2477 1947 2528 τὸν

368 2559 634 2626 θάνατον;
663 2560 921 2630 Θώρακες
939 2562 1018 2626 δὲ,
1055 2564 1148 2616 καὶ
1170 2564 1351 2635 θυρεοὶ
1382 2565 1515 2635 (21),
1545 2567 1638 2618 καὶ
1668 2571 1943 2637 κνημῖδες,

368 2653 461 2704 καὶ
496 2654 699 2723 κράνη,
720 2654 810 2705 καὶ
839 2654 904 2706 τὰ
928 2655 1242 2724 ἁμυντήρια
1269 2655 1380 2724 (22)
1402 2657 1508 2710 τῶν
1534 2659 1735 2724 ὃπλων,
1773 2659 1867 2711 καὶ
1890 2663 1942 2711 αἱ

365 2743 472 2795 τῶν
505 2746 703 2815 τειχῶν
734 2746 1040 2816 περιϐολαὶ,
1079 2747 1172 2799 καὶ
1202 2746 1535 2819 σιδηρόδετοι
1563 2750 1747 2812 πύλαι,
1786 2750 1878 2802 καὶ
1910 2753 1940 2819 ἡ

364 2837 469 2889 τῶν
500 2839 727 2908 τάφρων
757 2815 1030 2905 ἀσφάλεια
1073 2840 1167 2892 καὶ
1196 2841 1266 2892 τὰ
1290 2815 1535 2905 τοιαύτα,
1574 2842 1626 2894 τί
1659 2840 1788 2895 ἄλλο
1814 2815 1951 2914 πλὴν

366 2928 451 2982 διὰ
478 2938 567 2983 τόν
609 2929 706 2983 τοῦ
752 2930 983 2984 θανάτου
1016 2932 1224 3000 γίνεται
1272 2931 1437 3000 φόϐον
1467 2933 1612 3004 (25);
1644 2934 1829 2999 Οὕτως
1857 2932 1950 2990 οὖν

365 3022 511 3086 ὅντος
556 3022 793 3093 φοϐεροῦ
827 3024 1075 3091 φυσικῶς
1121 3024 1232 3094 (24)
1262 3024 1355 3077 τοῦ
1388 3024 1651 3091 θανάτου,
1686 3027 1803 3091 πῶς
1836 3029 1950 3082 ἔστι

2058 2130 2397 2170 maneamus.
2444 2112 2578 2166 Nam
2612 2112 2817 2167 idcirco
2856 2113 3132 2167 domicilia
3162 2128 3378 2182 quoque
3402 2128 3429 2165 a
3463 2111 3639 2174 nobis.

2056 2222 2122 2261 ne
2139 2206 2222 2259 vel
2241 2220 2337 2274 per
2356 2212 2547 2259 aastum
2571 2205 2652 2258 vel
2671 2203 2841 2273 frigus
2857 2204 2925 2257 ab
2945 2218 3069 2258 aere
3082 2203 3420 2258 circumfuso
3440 2218 3642 2272 corpus

2054 2298 2380 2368 allligeretur
2396 2307 2450 2353 et
2474 2301 2859 2361 conficeretur,
2901 2296 2967 2349 ad
2992 2295 3406 2350 inltabitamlum
3423 2298 3644 2365 excogi-

2055 2401 2166 2445 tata
2191 2399 2338 2446 sunt.
2360 2390 2708 2459 Agricultura
2730 2404 2858 2444 vero
2879 2388 3009 2458 quid
3032 2396 3113 2443 est
3147 2388 3315 2453 aliud,
3335 2404 3496 2458 quam
3519 2389 3643 2441 vita:

2056 2495 2347 2552 apparatus
2371 2491 2426 2535 et
2447 2481 2791 2535 subsidium?
2810 2479 2943 2534 Nam
2980 2495 3111 2534 cura
3136 2487 3299 2548 atque
3333 2480 3644 2536 sollicitudo

2054 2576 2177 2628 vitm
2201 2585 2346 2629 metu
2376 2574 2568 2628 mortis
2606 2588 2830 2642 prorsus
2863 2572 3169 2628 adhibetur.
3205 2572 3346 2638 Quid
3370 2572 3497 2626 item
3528 2587 3646 2627 me-

2053 2666 2282 2721 dicina?
2307 2681 2413 2734 qua
2449 2664 2516 2719 de
2548 2679 2715 2719 causa
2758 2664 2825 2719 ab
2852 2662 3169 2718 hominibus
3203 2662 3256 2716 in
3296 2662 3506 2717 honore
3546 2661 3643 2715 ha-

2059 2757 2263 2810 betur?
2309 2760 2504 2810 Annon
2562 2763 2849 2825 propterea
2903 2755 3033 2824 quia
3088 2769 3332 2825 pugnare
3376 2753 3645 2823 quodam-

2061 2848 2219 2902 modo
2252 2864 2375 2902 cum
2426 2856 2600 2901 morte
2644 2862 2705 2901 ea
2739 2862 2829 2901 ars
2860 2846 3115 2901 videtur?
3162 2845 3439 2901 Thoraces
3490 2859 3641 2909 vero,

2061 2939 2261 3002 loricae,
2310 2939 2506 3009 t-lypei,
2549 2952 2759 3001 ocreae,
2809 2937 2977 3007 galea;
3023 2947 3077 2992 et
3131 2937 3418 2991 innumera
3468 2950 3642 2999 arma,

2059 3032 2258 3100 quibus
2306 3032 2412 3085 vim
2451 3032 2699 3085 homines
2730 3046 2758 3083 a
2791 3044 3021 3098 corpore
3065 3030 3407 3099 propulsent,
3452 3044 3639 3083 muro-

368 3116 563 3187 ῥᾳδίως
595 3116 888 3187 πεισθῆναι
934 3118 1016 3188 τῷ
1054 3117 1328 3171 κελεύοντι
1377 3118 1580 3174 ἄλυπον
1616 3120 1727 3192 (25)
1761 3121 1949 3191 διαμέ-

2059 3138 2175 3176 rum
2209 3124 2336 3176 item
2372 3123 2634 3186 ambitus,
2679 3131 2850 3192 ponte
2897 3121 3108 3184 ferrem,
3154 3119 3427 3176 fossarum
3459 3121 3645 3175 muni-

436 3250 510 3325 (8)
537 3252 779 3321 Λότιον.
807 3249 909 3325 Ms.
937 3251 975 3303 Α
1008 3250 1060 3312 in
1094 3260 1245 3325 textu
1281 3252 1444 3308 habet
1468 3253 1669 3323 θαῦμα.
1694 3254 1750 3308 1η
1791 3255 1958 3325 priori

367 3323 589 3375 omnino
625 3332 709 3376 est
743 3321 1223 3389 acquiescendum.

435 3392 513 3458 (9)
551 3394 1035 3461 Προφερόμενον.
1089 3391 1189 3446 Ms.
1230 3395 1273 3445 A
1326 3394 1603 3462 praemittit
1636 3394 1817 3457 εὐθύς.
1843 3397 1878 3450 i.
1908 3411 1957 3450 e.

365 3478 392 3514 ε
425 3464 663 3531 reatigio,
702 3463 908 3523 statim,
942 3477 1047 3533 non
1102 3463 1432 3519 inconcinne
1466 3464 1707 3533 quidem,
1743 3465 1835 3519 sed
1881 3476 1960 3519 ta-

372 3547 491 3585 men
532 3540 732 3601 prmter
767 3532 1169 3587 necessitatem.

445 3602 555 3670 (10)
590 3602 865 3655 Ἐλπίδα.
897 3601 996 3666 Ms,
1026 3601 1066 3653 B
1125 3601 1275 3655 addit
1306 3604 1675 3667 ἀναστάσεως.
1702 3604 1960 3661 Fortasse

372 3670 669 3742 gregarius
703 3672 1085 3740 explicationis
1109 3673 1230 3727 loco
1254 3674 1481 3728 addidit.
1510 3674 1717 3728 Paulus
1744 3677 1914 3738 enim,
1940 3674 1965 3728 1

372 3740 562 3797 Thess.
606 3758 682 3808 tv,
719 3743 802 3805 15,
836 3742 928 3810 qui
968 3743 1122 3813 locus
1159 3743 1247 3796 hic
1284 3745 1594 3813 respicitur,
1623 3760 1730 3798 nou
1756 3746 1961 3801 diserte

370 3812 1153 3884 memorat_resurrectiouem.
1196 3814 1288 3867 sed
1323 3812 1504 3868 tamen
1545 3816 1737 3884 procul
1791 3816 1960 3869 dubio

370 3883 614 3955 respicit.
652 3881 911 3955 Fortasse
951 3883 1080 3955 olim
1104 3884 1375 3952 glossema
1401 3883 1522 3951 fuit,
1545 3881 1607 3939 ct
1627 3900 1689 3939 ex
1712 3887 1959 3955 margine

371 3951 422 4003 in
465 3961 680 4006 textum
722 3953 807 4004 hic
842 3952 1083 4020 irrepsit.

439 4022 549 4087 (11)
589 4022 672 4089 Τῇ
702 4024 869 4089 λύπῃ
896 4023 949 4075 in
978 4030 1129 4076 textu
1171 4040 1276 4079 ms.
1326 4026 1367 4077 A
1411 4024 1776 4089 desideratur,
1808 4035 1863 4079 at
1903 4027 1956 4080 in

368 4094 612 4162 margine
642 4094 965 4147 restituitur.

438 4163 552 4235 (l2)
608 4163 1143 4235 Ἀποθνήσκοντας.
1171 4162 1273 4219 Ms.
1298 4163 1339 4217 Β
1363 4179 1463 4235 pro
1501 4167 1808 4235 composito
1836 4167 1959 4220 sim-

370 4232 486 4301 plex
543 4234 707 4287 habet
737 4232 1093 4302 θνήσκοντας.

441 4304 552 4369 (15)
576 4304 827 4376 Πρροῖίῃ.
854 4304 930 4356 Ita
956 4305 1148 4373 scripsi
1174 4305 1499 4376 auctoritate.
1520 4320 1623 4359 ms.
1646 4307 1954 4376 utriusque,

371 4387 493 4427 cum
525 4376 580 4428 in
611 4372 774 4445 editis
798 4372 1276 4445 Ιθεοιιιτπροσῄει.
1309 4374 1441 4440 Quae
1468 4376 1686 4444 quidem
1721 4372 1958 4431 varietas

368 4458 430 4496 ex
468 4444 941 4512 pronuntiatione,
988 4444 1239 4500 diversas
1286 4448 1503 4501 vocales
1553 4445 1745 4501 eodem
1792 4448 1956 4503 modo

370 4513 646 4577 ctl’ercnte,
684 4523 801 4566 orta
828 4522 933 4569 est.

440 4585 551 4651 (Li)
593 4584 726 4637 Ἐπὶ
756 4582 875 4636 τῶν
907 4584 1022 4646 ἔξω
1056 4587 1237 4649 τινός.
1282 4585 1347 4639 In
1374 4597 1607 4639 extremo
1634 4602 1653 4639 :
1685 4587 1755 4639 ita
1780 4587 1963 4641 versio

373 4650 558 4707 Latina
596 4670 687 4707 an.
726 4654 868 4707 1615
905 4656 1072 4718 edita,
1104 4671 1210 4709 non
1252 4658 1587 4724 interpretis,
1616 4656 1707 4710 sed
1743 4658 1951 4711 librarii

370 4729 458 4795 aut
481 4724 805 4794 typograplti
831 4724 987 4783 vitio.
1020 4728 1111 4793 qui
1143 4742 1241 4794 pro
1272 4737 1510 4787 externo,
1547 4727 1692 4795 quod
1715 4728 1952 4789 restitui,

370 4794 525 4847 obvio
546 4810 732 4848 errore
761 4795 889 4863 legit
924 4804 1180 4849 extremo.
1227 4795 1425 4850 Eadem
1458 4794 1771 4851 emendatio
1806 4801 1949 4851 facta

368 4874 448 4917 est
490 4867 539 4916 in
558 4866 688 4917 edit.
726 4863 899 4917 Paris.
930 4880 1020 4919 an.
1053 4866 1215 4919 1658.

374 5002 383 5011 0
442 4934 550 5002 (15)
579 4934 886 5011 ΔΣπουδήν.
928 4934 984 4988 in
1023 4945 1255 5011 utraque
1278 4936 1951 5011 editionelegitur_Ctoﬁv,

376 5007 420 5055 in
453 5007 699 5077 versione
759 5015 939 5077 autem
966 5008 1226 5077 ivertilur
1274 5023 1369 5076 per
1416 5007 1671 5071 studium,
1709 5008 1954 5077 adeoque

376 5076 693 5141 ixprimitur
726 5074 792 5148 eo
818 5076 1073 5148 σπουδήν,
1117 5074 1399 5148 quod—fide
1439 5080 1731 5148 ult-iusque
1762 5074 1876 5131 ms.
1897 5080 1949 5132 in

373 5151 569 5223 textum
619 5147 820 5223 rect-pi.
855 5143 1383 5223 Fortasse-sequens
1422 5143 1654 5201 verbum
1703 5147 1801 5217 ζῇν
1850 5149 1952 5201 hu-

369 5215 453 5265 ‘us
485 5216 686 5269 erroris
715 5216 935 5269 orcasio
976 5215 1077 5269 fuit
1102 5215 1346 5271 librario.

372 5351 385 5363 .
444 5284 553 5352 (16)
584 5285 998 5363 ῥιίιμέηοιμεν.
1026 5285 1101 5339 Ita
1121 5296 1433 5363 Autrumque
1459 5303 1565 5363 _ms.
1595 5290 1648 5341 in
1682 5296 1853 5343 textu.
1883 5290 1952 5341 At

374 5356 424 5428 i_t_t
452 5356 696 5428 margine
716 5356 811 5408 τοῦ
836 5359 880 5410 Α
901 5358 1095 5426 legitur
1116 5356 1441 5428 διαμένοιεν,
1459 5359 1559 5413 i.e.
1586 5366 1949 5426 permaneant.

373 5420 610 5493 Utraque
664 5427 824 5481 lectio
883 5420 1063 5482 locum
1124 5420 1263 5483 tue'ri
1316 5420 1516 5498 potest.
1548 5420 1734 5483 Placet
1774 5439 1955 5482 tamen

376 5508 488 5569 non
504 5510 697 5569 parum
732 5498 895 5569 lectio
926 5498 1262 5569 marginalis.

445 5565 902 5640 (1ηΔιαγωγήν.
932 5568 1004 5622 Ita
1044 5565 1277 5640 uterque
1310 5570 1503 5626 codex.
1537 5571 1606 5622 At
1635 5584 1822 5639 margo
1860 5569 1952 5622 τοῦ

378 5632 418 5684 Α
454 5632 670 5692 exhibet
689 5632 985 5712 ⁷διιιὶμίονήν,
1028 5632 1224 5711 praeter
1248 5658 1384 5696 rem.
1434 5641 1685 5711 Διαγωγή
1714 5632 1857 5696 enim
1882 5641 1949 5695 de

2070 3254 2192 3306 vitro
2224 3253 2523 3305 rationilus
2554 3263 2604 3305 et
2655 3260 2795 3306 statu
2826 3250 3076 3321 usurpari
3112 3248 3270 3321 solet,
3299 3264 3407 3318 quo
3439 3248 3526 3321 hic
3557 3266 3645 3305 re-

2072 3324 2323 3391 spicitur.
2392 3324 2648 3380 Critietts.
2687 3320 3001 3390 quicunque
3040 3323 3086 3374 is
3135 3320 3256 3391 fuit,
3289 3320 3645 3377 antecedente

2066 3390 2232 3446 verbo
2262 3393 2558 3459 διαμένειν,
2615 3392 2679 3445 ad
2712 3394 2851 3445 hanc
2885 3390 3319 3446 emendationem
3345 3391 3645 3461 suscipien-

2066 3465 2190 3517 dam
2224 3463 2448 3531 ιιι-Μιιυὶ
2482 3478 2539 3515 se
2577 3478 2772 3530 passus
2803 3473 2905 3517 est.

2027 3568 2044 3584 .
2141 3528 2251 3600 (μ’)
2300 3528 2765 3597 ’1Ξπη·ενόὴνται.
2805 3531 2927 3585 Edit
2970 3531 3143 3585 Paris.
3179 3528 3340 3591 1615.
3378 3530 3644 3586 mendose

2066 3604 2227 3657 habet
2275 3603 2637 3669 ἐπινενόηται,
2670 3603 2813 3672 quod
2840 3604 2890 3655 in
2928 3602 3095 3655 altera
3133 3601 3262 3654 anni
3323 3600 3461 3656 1658
3495 3609 3646 3657 recte

2063 3674 2412 3728 emendatum
2448 3683 2551 3725 est.

2136 3744 2247 3811 (19)
2293 3741 2655 3811 Περιέχοντι.
2690 3743 2806 3812 ,510
2857 3742 3110 3812 rescripsi
3145 3758 3208 3796 ex
3262 3744 3318 3812 Α,
3350 3752 3403 3797 et
3447 3740 3508 3806 Β,
3541 3757 3643 3812 pro

2064 3813 2327 3885 περιόντι,
2372 3812 2519 3885 quod
2571 3820 2653 3867 est
2686 3811 2739 3865 in
2777 3814 2941 3885 editis
2973 3829 2987 3885 ς
3029 3811 3239 3885 scilicet
3276 3811 3342 3885 eo
3364 3811 3642 3885 περιέχον,

2062 3881 2226 3937 etiam
2250 3883 2368 3937 sine
2393 3881 2605 3943 addito,
2630 3882 2881 3952 usurpari
2914 3884 3051 3936 solet
3075 3882 3141 3937 de
3158 3898 3277 3937 aere
3297 3881 3641 3951 circumfuso,

2062 3968 2162 4008 ceu
2198 3953 2390 4023 Latina
2413 3952 2593 4023 versio
2617 3962 2763 4023 recte
2776 3954 3082 4023 expressit.
3104 3953 3245 4005 Loca
3264 3962 3512 4023 veterum
3530 3954 3646 4021 lege

2065 4025 2116 4076 in
2169 4024 2313 4078 notis
2347 4022 2597 4093 Gatakeri
2628 4023 2694 4093 ad
2741 4021 2907 4077 Marci
2961 4023 3218 4077 Antonini
3262 4023 3354 4077 lib.
3386 4040 3457 4093 tv,
3492 4021 3519 4093 §
3550 4023 3641 4081 39.

2064 4093 2154 4147 ubi
2193 4094 2326 4162 legis
2374 4093 2493 4163 ούὸε
2540 4092 2727 4163 μὲνίξν
2763 4110 2867 4146 τινι
2914 4096 3089 4163 τροπῇ
3128 4092 3513 4163 καὶᾼέτερώσει
3547 4093 3642 4145 τοῦ

2064 4159 2422 4246 περιέχοντος.
2474 4159 2619 4246 Idem
2647 4162 2865 4246 Marcus
2915 4159 3010 4243 lib.
3039 4159 3177 4246 51m,
3219 4159 3373 4246 §'54'.
3419 4166 3641 4246 phrasin

2061 4232 2359 4311 ellipticam
2413 4234 2650 4311 supplet,
2682 4234 2795 4311 ubi
2832 4233 2966 4311 l_egis
3003 4233 3093 4285 τὸν
3126 4232 3452 4311 περιέχοντα
3482 4233 3641 4311 ἀέρα.

2063 4302 2139 4357 lla
2159 4301 2350 4359 hoster
2378 4301 2542 4373 paulo
2572 4310 2694 4373 post
2709 4302 2814 4365 ἓως
2840 4301 2905 4355 ἂν
2929 4301 3395 4373 περικρατῆταιτὸ
3425 4301 3645 4373 πνεῦμα

2063 4373 2136 4443 τῷ
2157 4392 2220 4427 πε
2233 4374 2485 4444 ριέχοντι.

2136 4441 2251 4510 (20)
2292 4441 2393 4497 Διὰ
2421 4444 2527 4496 τὸν
2559 4443 2665 4496 τοῦ
2722 4442 2982 4497 θανάτου
3032 4444 3221 4512 φόϐον
3273 4444 3517 4511 γίνεται.
3563 4441 3644 4499 Ita

2071 4523 2217 4569 recte
2248 4513 2414 4568 editio
2452 4514 2578 4567 anni
2638 4512 2778 4566 1658
2829 4514 3207 4568 consentiente
3248 4530 3348 4566 ms.
3387 4523 3641 4583 utroque,

2074 4600 2173 4655 pro
2200 4599 2273 4655 eo
2297 4584 2439 4651 quod
2471 4584 2535 4655 in
2559 4584 2726 4637 altera
2749 4584 2984 4655 illa;anni
3021 4583 3157 4637 1615
3183 4583 3521 4655 legitur,8ta‘t
3551 4584 3644 4638 τὸν

2057 4653 2152 4708 τοῦ
2193 4653 2421 4708 θανάτου
2442 4671 2456 4716 ;
2481 4654 2710 4724 γίνεται.
2745 4654 2880 4706 Τίδὲ
2903 4655 3118 4724 ἰατρικὴ
3147 4653 3309 4724 φόβον
3325 4654 3509 4718 πόθεν,
3532 4663 3641 4709 etc.

2062 4725 2412 4796 Scilicetvox
2443 4723 2606 4793 φόϐον
2630 4740 2753 4794 quae
2775 4725 2953 4796 statim
2982 4723 3114 4792 post
3132 4724 3185 4796 τί
3216 4723 3273 4775 δὲ
3308 4724 3522 4796 ἰατρική
3555 4740 3646 4779 se-

2059 4797 2271 4864 quitur,
2297 4794 2474 4865 locum
2511 4806 2692 4865 suum,
2719 4794 2905 4847 nescio
2936 4795 3232 4865 quomodo,
3264 4794 3520 4859 mutavit,
3535 4810 3644 4865 qua

2062 4863 2296 4935 propriae
2318 4864 2433 4918 sedi
2466 4863 2744 4935 vindicata
2774 4870 2971 4917 caetera
3006 4864 3143 4918 bene
3172 4863 3365 4935 ﬂuunt.

2132 4932 2244 5000 (21)
2280 4934 2508 5002 Θυρεοί.
2565 4933 2677 4988 Hoc
2713 4935 2926 4988 restitui
2963 4943 3240 5004 praeeunte
3269 4934 3394 4988 cod.
3442 4932 3483 4986 Β
3542 4949 3644 5004 pro

2062 5024 2126 5059 κν
2137 5023 2297 5059 οαιοι.

2137 5024 2670 5146 ῗέἑῗῑοἌμυντήρια.
2730 5073 2865 5128 Cod.
2927 5075 2970 5127 Α
3017 5072 3071 5127 in
3133 5073 3381 5145 margine
3422 5073 3645 5130 exhibet

2063 5146 2233 5266 parte
2273 5145 2582 5266 dpuvrﬁgta

2154 5214 2375 5266 251Διὰ
2445 5231 2477 5266 τ
2515 5231 2554 5265 ν

2154 5210 2245 5284 25)
2274 5210 2375 5266 Διά
2445 5210 2554 5266 τ’ὸν
2604 5213 2710 5268 τοῦ
2750 5210 3011 5268 θανάτου
3046 5213 3269 5283 γίνεται
3316 5216 3526 5284 φόϐον.
3564 5213 3641 5268 Ita

2062 5283 2208 5339 rvetc
2229 5283 2397 5338 editio
2426 5284 2554 5338 anni
2599 5283 2753 5344 1653,
2785 5300 2883 5354 pro
2906 5300 2984 5354 reo
3012 5285 3156 5354 quod
3197 5286 3286 5340 illa
3318 5286 3447 5339 anni
3502 5285 3643 5339 1615

2065 5356 2228 5409 habet
2253 5354 2341 5406 διὰ
2360 5354 2464 5407 τῶν
2485 5384 2555 5394 —-
2569 5353 2796 5425 φόϐωγέ
2813 5353 3008 5409 Eadem
3033 5353 3250 5424 phrasis
3272 5358 3518 5425 proxime
3545 5371 3643 5409 an-

2063 5426 2321 5479 tecedens
2340 5439 2445 5478 una
2464 5439 2588 5478 cum
2611 5424 2772 5479 codd.
2793 5438 2927 5481 mss.
2954 5436 3199 5480 nostram
3222 5424 3362 5479 hanc
3380 5425 3638 5480 vindicat.

2139 5496 2251 5564 (‘24)
2275 5493 2570 5559 Φυσικῶς.
2590 5495 2644 5548 1η
2671 5504 2819 5549 textu
2849 5495 2971 5551 cod.
3003 5496 3048 5549 A
3077 5497 3372 5560 omittitur,
3416 5497 3471 5549 in
3495 5509 3641 5549 mar-

2061 5566 2186 5636 gine
2216 5580 2346 5619 vero
2370 5566 2698 5619 restituitur.

2135 5635 2248 5706 (25)
2287 5637 2573 5689 Ἂλυπον.
2623 5636 2806 5691 Codex
2870 5637 2915 5689 A
2967 5638 3095 5706 legit
3145 5636 3369 5700 ἀλύπως
3411 5635 3639 5702 ἄλυπον,
