4046 6350
371 440 456 502 17
1441 459 1530 512 DE
1557 457 1770 514 ANIMA
1802 458 1890 512 ET
1927 457 1958 512 ﬂ

2063 457 2522 515 UliliECTIONE.
3559 454 3669 513 18"

370 576 505 634 mn,
555 583 680 638 qua!
707 572 1010 629 excesserit
1040 590 1070 630 e
1101 589 1332 648 corpore
1367 595 1380 631 ε
1415 593 1520 648 qua
1563 591 1784 649 egressa
1818 583 1980 647 atque
2021 576 2288 633 subducta
2313 616 2327 639 ,
2362 576 2506 644 quod
2560 575 2918 646 relinquitur,
2965 581 3240 628 mortumn
3281 577 3365 626 est
3415 577 3469 626 et
3507 585 3631 626 eor-

373 655 620 734 ruptiom'
650 665 765 736 jam
794 673 1126 728 expositum.

449 829 510 883 Γ.
530 829 896 903 Ταῦταδέμου
928 831 1213 899 διεξιόντος
1258 835 1396 906 (45)
1447 832 1648 906 μεταξὺ
1697 832 1948 886 κατασεί-

2121 829 2185 886 G.
2221 829 2350 884 llaec
2379 843 2500 882 cum
2529 842 2628 897 ego
2650 825 2932 889 dixissem,
2960 837 3125 877 manu
3166 820 3382 874 interim
3408 816 3632 871 silentio

370 931 513 968 σασα
553 917 672 990 (46)
703 921 768 991 τῇ
792 924 976 996 χειρὶὴ
988 923 1462 992 διδάσκαλος-Μ.
1475 925 1568 997 Μή
1589 921 1673 986 τίς
1690 939 1750 976 σε
1783 921 1951 978 τοιοῦ-

366 1025 458 1071 τος
481 1047 520 1089 ,ν
566 1011 739 1081 φησὶ,
797 1013 959 1082 φόϐος
1010 1016 1378 1088 ὑποταράσσει
1428 1019 1522 1071 καὶ
1572 1016 1783 1087 συνέχει
1837 1016 1950 1090 (47)

365 1095 468 1164 τὴν
494 1095 762 1165 διάνοιαν,
791 1101 868 1166 ὠς
893 1104 954 1157 οὐ
978 1103 1228 1176 διαμενού
1246 1123 1335 1178 της
1361 1107 1442 1170 εἰς
1469 1106 1558 1160 ἀεὶ
1590 1105 1703 1178 (48)
1731 1106 1831 1176 τῆς
1851 1105 1953 1176 ψυ-

365 1188 490 1255 Χῆἔν
514 1187 656 1242 ἀλλὰ
701 1195 1221 1268 συγκαταληγούσης
1260 1201 1329 1271 τῇ
1368 1197 1606 1252 διαλύσει
1639 1196 1733 1252 τοῦ
1765 1196 1952 1269 σώμα-

363 1283 641 1342 eoa—1‘.
671 1282 813 1352 Ἐγὼ
832 1284 890 1339 δὲ
904 1285 1018 1353 (καὶ
1038 1286 1146 1359 γὰρ
1165 1286 1428 1343 οὔπωτοῦ
1449 1290 1652 1354 πάθους
1684 1289 1776 1345 τὸν
1802 1289 1952 1358 λογι-

370 1366 511 1436 σμὺν
535 1369 899 1442 ἀνεδεξάμην)
924 1374 1035 1444 (49)
1059 1373 1390 1446 θρασύτερόν
1411 1396 1526 1442 πως
1547 1379 1950 1452 ἀπεκρινάμην,

365 1458 432 1510 οὐ
464 1459 614 1513 πάνυ
665 1463 1136 1534 περισκεψάμενος
1177 1465 1238 1518 τὸ
1277 1465 1589 1538 λεγόμενον.
1638 1465 1807 1523 Εἶπον
1844 1469 1954 1540 γὰρ

367 1547 748 1623 ἐπιτάγμασιν
775 1554 1010 1609 ἐοικέναι
1037 1555 1137 1620 τὰς
1172 1556 1324 1620 θείας.
1347 1557 1550 1626 φωνὰς,
1577 1559 1642 1612 δι’
1676 1552 1750 1612 ὧν
1772 1558 1833 1612 τὸ
1857 1559 1953 1630 μὲν

367 1639 481 1694 δεῖν
524 1644 820 1700 πεπεῖσθαι
853 1646 952 1716 τὴν
990 1646 1168 1719 ψυχὴν
1196 1647 1369 1702 εἰσαεὶ
1400 1649 1677 1719 διαμένειν
1716 1652 1956 1719 ἀναγκα-

368 1732 603 1803 ζόμεθα,
642 1735 703 1788 οὐ
740 1737 846 1808 μὴν
887 1737 1029 1810 λόγῳ
1057 1739 1165 1793 τιν).
1195 1739 1274 1811 τῷ
1299 1742 1525 1812 τοιούτῳ
1561 1741 1952 1812 προσήχθημεν

366 1823 626 1895 δόγματι.
673 1826 812 1880 Ἀλλ’
851 1826 1028 1882 ἔοικεν
1059 1831 1191 1900 ἡμῖν
1233 1830 1345 1902 (50)
1385 1831 1644 1894 δουλικῶς
1688 1831 1898 1885 ἔνδοθεν
1927 1835 1954 1885 ὁ

368 1915 495 1978 νοῦς
525 1916 682 1988 φόϐῳ
704 1918 764 1970 τὸ
791 1919 1143 1992 κελευόμενον
1167 1921 1440 1993 δέχεσθαι,
1467 1923 1566 1993 οὐχ
1591 1923 1704 1993 (51)
1731 1923 1954 1993 ἑκουσίᾳ

367 2010 478 2062 τινί
516 2010 667 2081 ὁρμῇ
713 2013 827 2075 τοῖς
876 2011 1187 2084 λεγομένοις
1243 2013 1604 2067 συντίθεσθαι.
1653 2014 1814 2068 Ὅθεν
1863 2013 1955 2067 καὶ

370 2099 678 2174 βαρύτεραι
723 2104 854 2172 ἡμῖν
888 2103 981 2157 ἐπὶ
1031 2103 1140 2158 τῶν
1193 2105 1627 2176 κατοικουμένων
1674 2107 1731 2158 αἱ
1789 2105 1952 2159 λύπαι

369 2191 616 2260 γίνονται
630 2191 773 2266 [οὐκ]
791 2193 1033 2266 ἀκριϐῶς
1049 2195 1426 2267 ἐπισταμένων
1442 2196 1551 2266 (52)
1571 2198 1602 2268 ἡ
1611 2196 1749 2266 μῶν,
1763 2197 1861 2250 εἶτ’
1878 2197 1957 2251 ἔτι

369 2285 488 2338 εστ).
545 2287 663 2355 (53)
695 2286 816 2338 καθ’
860 2286 994 2340 αὑτὸ
1026 2286 1186 2340 τοῦτο
1225 2286 1286 2339 τὺ
1319 2285 1575 2350 ζωοποιὸν
1611 2289 1814 2353 αἴτιον,
1863 2289 1956 2341 καὶ

365 2377 518 2447 ὅπη,
574 2377 673 2431 καὶ
720 2379 906 2442 ὅπως,
945 2379 1055 2432 εἴτε
1096 2379 1196 2432 οὐκ
1237 2377 1384 2432 ἔστιν
1430 2378 1640 2450 οὐδαμῆ
1684 2381 1954 2451 οὐδαμῶς.

372 2469 528 2532 Ἰσας
560 2469 675 2538 (54)
711 2469 819 2541 γὰρ
854 2472 999 2524 ποιεῖ
1037 2469 1130 2523 τοῦ
1175 2470 1389 2540 ἀληθῶς
1417 2471 1568 2535 ὄντος
1609 2473 1801 2544 ἀδηλία
1843 2473 1956 2543 (55)

368 2561 469 2624 τὰς
497 2561 586 2631 ἐφ’
623 2561 882 2631 ἑκάτερον
917 2562 1244 2633 ὑπολείψεις.
1276 2564 1387 2618 Καὶ
1412 2563 1625 2627 πολλοῖς
1654 2564 1751 2634 μὲν
1776 2563 1954 2630 τοῦτο,

370 2652 589 2718 πολλοῖς
625 2653 684 2707 δὲ
715 2653 774 2706 το
803 2655 1040 2709 ἐναντίον
1063 2654 1173 2728 (56)
1203 2656 1368 2711 δοκεῖ’.
1411 2656 1521 2709 Καὶ
1558 2655 1664 2708 εἰσί
1702 2657 1766 2724 γε
1811 2673 1956 2719 τινες

372 2745 526 2816 παρὰ
563 2746 682 2809 τοῖς
719 2745 974 2814 Ἕλλησιν
1008 2748 1066 2799 οὐ
1113 2748 1316 2820 μικρὰν
1353 2747 1566 2817 ἔχοντες
1611 2747 1703 2800 ἐπὶ
1747 2748 1958 2817 φιλοσο-

372 2837 471 2909 φίᾳ
500 2837 616 2908 (57)
647 2836 744 2908 τὴν
783 2837 978 2902 δόξαν,
1008 2838 1058 2892 οἳ
1104 2837 1276 2892 ταῦτα
1313 2837 1569 2910 ᾠήθησαν
1614 2855 1674 2891 τε
1721 2840 1814 2892 καὶ
1852 2839 1956 2891 ἁπ-

373 2929 665 2999 εφήναντο.
702 2929 863 2984 --Μ.
892 2928 1018 2996 Ἔα,
1042 2929 1337 2999 φησ“ι,νι;οὺς
1357 2930 1558 2997 ἔξωθεν
1603 2930 1803 3000 λήρους
1829 2970 1844 2991 ,
1898 2929 1956 2981 ἐν

373 3016 454 3085 οἷς
490 3024 520 3076 ό
559 3019 660 3075 τοῦ
705 3019 934 3092 ψεύδους
963 3021 1191 3093 εὐρέτης
1227 3022 1320 3074 ἐπὶ
1357 3022 1528 3092 βλάϐῃ
1562 3023 1660 3092 τῆς
1699 3021 1956 3093 ἀληθείας

377 3113 622 3179 πιθανῶς
663 3113 760 3178 τὰς
789 3115 1146 3185 ἡπατημένας
1185 3115 1484 3186 ὑπολήψεις
1515 3115 1853 3185 συντίθησιν·
1893 3117 1955 3168 σὺ

374 3205 432 3259 δὲ
461 3205 602 3277 πρὸς
629 3204 788 3259 τοῦτο
811 3206 995 3276 βλέπε,
1026 3207 1108 3259 ὅτι
1136 3205 1198 3259 τὸ
1221 3205 1392 3270 οὕτως
1425 3208 1553 3276 περ),
1582 3206 1757 3277 ψυχῆς
1791 3206 1956 3276 ἔχειν,

375 3295 529 3348 οὐδὲν
560 3295 691 3350 ἄλλο
723 3295 869 3348 ἐστὶν
903 3295 935 3366 ἢ
969 3294 1247 3366 ἀλλότριον
1291 3295 1403 3365 (58)
1435 3295 1569 3367 πρὸς
1613 3295 1710 3366 τὴν
1755 3297 1957 3366 ἀρετὴν

377 3385 545 3458 ἔχειν,
590 3389 688 3440 καὶ
719 3385 854 3458 πρὸς
881 3385 940 3438 τὸ
970 3386 1142 3456 παρὸν
1174 3385 1273 3458 ήδὺ
1319 3386 1478 3457 μόνον
1505 3385 1753 3456 βλέπειν·
1781 3386 1879 3457 τὴν
1903 3387 1958 3440 δὲ

377 3481 488 3543 τοῖς
535 3478 733 3534 αἰῶσιν
785 3477 897 3548 (59)
950 3476 1388 3548 ὲνθεωρουμένην
1433 3477 1579 3548 ζωὴν
1612 3478 1704 3530 ἀπ’
1745 3476 1957 3542 ἐλπίδος

378 3567 650 3623 ποιεῖσθαι
676 3608 688 3630 ,
722 3566 843 3620 καθ’
871 3567 938 3637 ἢν
969 3567 1105 3637 μόνη
1134 3567 1246 3638 (60)
1271 3568 1305 3637 ἡ
1331 3566 1499 3639 ἀρετὴ
1519 3567 1582 3620 τὸ
1613 3568 1796 3620 πλεῖον
1819 3567 1952 3638 ἔχει.

377 3662 509 3716 -Γ.
539 3663 655 3718 Καὶ
678 3664 815 3730 πῶς,
837 3663 997 3734 ἔφην,
1017 3662 1217 3733 γένοιτ’
1241 3663 1309 3718 ἂν
1326 3663 1460 3735 ἡμῖν
1502 3659 1674 3726 παγίσι
1721 3661 1830 3730 (6-1)
1874 3677 1958 3724 τις

378 3751 472 3803 καὶ
483 3749 819 3822 ἀμετάθετος
853 3751 887 3820 ἡ
917 3751 1044 3821 περὶ
1069 3749 1163 3802 τοῦ
1195 3749 1470 3821 διαμένειν
1495 3751 1593 3821 τὴν
1612 3752 1787 3823 ψυχὴν
1810 3753 1954 3819 δόξας

451 3947 564 4014 (45)
593 3944 946 4019 Areada-tog.
974 3944 1096 4019 Hoc
1119 3945 1302 4019 malim
1331 3961 1455 4019 eum
1490 3961 1595 4000 ms.
1646 3946 1688 4019 Β
1732 3963 1828 4019 pro
1875 3949 1962 4015 ἐξ-

386 4017 574 4082 ιόντος,
596 4015 742 4087 quod
774 4024 858 4070 est
886 4016 940 4068 in
967 4015 1152 4070 editis.
1182 4015 1445 4080 Διεξιέναι
1472 4019 1616 4072 enim
1650 4018 1718 4074 de
1732 4015 1965 4074 'enarra-

383 4089 530 4158 tione
549 4093 767 4158 ferum
813 4087 1070 4158 copiosa,
1086 4095 1142 4158 et
1187 4087 1758 4158 luculentausurpari
1801 4091 1959 4144 solet.

383 4154 522 4212 Vide
548 4156 610 4211 Β.
648 4155 873 4210 Godoi‘r.
897 4154 1098 4211 Olearii
1123 4164 1282 4212 notas
1305 4157 1372 4211 ad
1400 4154 1795 4212 Philostratum
1824 4159 1960 4224 I30,

444 4224 478 4282 2
517 4227 592 4282 De
632 4226 769 4280 Vitis
800 4226 1180 4295 sapitistarum,
1214 4235 1270 4282 et
1311 4225 1864 4284 Ludov.Cresoilium
1904 4231 1959 4284 in

432 4300 615 4353 Iteatro
653 4297 921 4351 rhetorum
944 4313 1028 4361 ιιι,
1051 4312 1104 4352 c.
1146 4297 1234 4352 17.

457 4369 567 4440 (46)
591 4366 1520 4440 KaraaslqaawﬁicscribenduIn
1544 4384 1614 4439 pu
1624 4376 1678 4423 to
1696 4384 1818 4424 cum
1837 4369 1966 4424 cod.

388 4440 428 4494 Α
457 4437 556 4510 qui
585 4439 640 4494 in
689 4445 840 4510 textu
869 4438 1013 4491 hanc
1046 4437 1336 4510 lectionem
1372 4437 1596 4510 diserte,
1631 4440 1684 4493 in
1722 4442 1966 4509 margine

389 4507 516 4564 vero
545 4507 962 4574 κατασιγάσασα
991 4507 1231 4574 exhibet,
1249 4508 1394 4577 quod
1426 4510 1702 4578 posterius
1731 4507 1969 4578 explicat

392 4580 619 4636 alterum
656 4579 812 4632 illud.
851 4579 1150 4647 Utrumque
1177 4580 1324 4633 enim
1374 4579 1654 4635 silentium
1693 4581 1882 4644 intert,
1916 4589 1969 4634 et

391 4659 576 4706 nostra
603 4649 824 4719 quidem
858 4648 1021 4704 lectio
1043 4649 1172 4712 tale,
1204 4647 1348 4717 quod
1374 4649 1519 4716 quis.
1551 4648 1695 4719 facto
1727 4665 1821 4718 per
1853 4666 1972 4704 ma-

393 4735 521 4776 num
571 4717 802 4784 iudicio,
835 4719 920 4773 vel
952 4719 1147 4774 suadet
1193 4719 1277 4774 vel
1328 4719 1577 4788 imperat.
1609 4717 1746 4774 Vide
1775 4721 1962 4775 Actor.

394 4806 490 4854 ιιι,
531 4791 633 4848 17;
668 4806 793 4855 χιιι,
830 4789 919 4854 16,
963 4797 1070 4844 etc.
1123 4795 1180 4842 et
1219 4786 1419 4844 con-fer
1448 4786 1704 4845 Lambert
1745 4789 1871 4846 Bos.
1901 4793 1964 4844 ad

395 4859 526 4917 Nov.
573 4859 815 4933 Testam.
851 4876 906 4932 ρ.
937 4858 1026 4915 79.
1057 4858 1244 4915 Codex
1281 4858 1324 4913 Β
1375 4860 1430 4914 in
1465 4859 1585 4930 ipso
1632 4867 1784 4916 textu
1844 4861 1974 4933 tegit

395 4932 825 5000 κατασιγάσασα.

403 5041 406 5044 -
463 5004 576 5073 (17)
599 4997 871 5071 Evr-exet.
904 4997 1088 5056 Codex
1121 4997 1166 5053 Δ
1203 4997 1368 5056 habet
1397 5001 1605 5071 συγχεῖ,
1633 4999 1824 5056 eodem
1859 5001 1974 5058 fere

395 5087 580 5127 sensu.

465 5145 574 5212 (48)
606 5139 1444 5213 Διαμενούσης-εἱσαεί.ϐοάει
1471 5140 1517 5194 Α
1546 5140 1676 5211 legit
1702 5141 1968 5213 μενούσης

396 5211 564 5267 sicut
586 5229 600 5242 ·
639 5213 680 5266 Β
709 5227 836 5266 vero
876 5211 1142 5282 μενούσης
1169 5211 1276 5282 ἀεί.

469 5284 576 5353 (49)
625 5281 1076 5353 Ἇνεδεξάμηνεμ
1102 5280 1286 5353 Codex
1322 5293 1572 5353 uterque
1615 5280 1753 5353 legit
1783 5282 1969 5336 ἀνελεν

398 5349 596 5425 ﬁdem),
622 5355 768 5423 quod
792 5353 996 5407 malim.
1016 5349 1242 5425 Videtur
1260 5352 1424 5425 etiam
1451 5349 1720 5425 interpres
1743 5351 1970 5408 Latinus

401 5423 497 5477 lme.
529 5423 774 5479 ‘verhum
836 5432 960 5479 ante
991 5423 1182 5478 oculos
1231 5423 1514 5479 habuisse.
1572 5423 1747 5476 Vertit
1799 5425 1967 5488 enim,

401 5497 477 5547 col
484 5497 650 5566 legem
658 5513 704 5548 ut
716 5534 730 5548 .

469 5563 580 5636 (50)
625 5564 799 5634 Ἡμῖν
823 5563 976 5636 (locst
999 5563 1052 5622 in
1081 5566 1268 5622 codice
1291 5566 1354 5622 Β.

469 5632 582 5706 (51)
637 5632 788 5702 οὐχ.
842 5632 986 5690 Maio
1051 5637 1175 5700 hoc,
1211 5649 1374 5706 quam
1421 5633 1563 5697 οὐδέ,
1604 5632 1748 5702 quod
1778 5643 1864 5690 est
1915 5634 1969 5688 in

404 5704 580 5762 editis.
609 5707 856 5760 Alterum
892 5706 1025 5762 illud
1055 5704 1242 5763 tuetur
1267 5722 1372 5761 ms.
1403 5714 1720 5773 utrumque.

470 5777 580 5846 (5'2)
617 5775 1084 5846 Ἐπισταμένων.
1142 5777 1321 5831 Editio
1351 5777 1477 5830 anni
1513 5775 1672 5846 1615,
1715 5773 1973 5846 mendose

409 5844 792 5915 ἐπισταμένως,
818 5844 965 5916 quod
989 5849 1042 5902 in
1070 5850 1239 5904 altera
1275 5848 1402 5901 anni
1440 5844 1576 5900 1658
1601 5845 1975 5914 emendatum,

411 5918 659 5983 probante
681 5932 780 5972 ms.
817 5927 1065 5989 utroque.

2052 922 2342 994 imperato,
2393 919 2676 991 magistra.
2704 947 2774 958 --
2810 916 2876 971 Μ.
2920 913 3174 984 Nunquid
3207 909 3503 981 ejusmodi,
3543 907 3629 962 iu-

2053 1016 2195 1086 quit,
2242 1023 2422 1069 metus
2467 1023 2518 1067 te
2568 1011 2871 1082 perturbat,
2907 1019 2960 1062 et
2999 1014 3236 1062 mentem
3275 1013 3422 1057 tuam
3457 999 3628 1068 angit.

2023 1107 2215 1194 .quasi
2246 1105 2426 1159 anima
2460 1118 2566 1158 non
2601 1117 2814 1172 semper
2846 1106 3083 1163 maneat,
3117 1097 3211 1154 sed
3237 1111 3340 1151 una
3374 1109 3497 1149 cum
3525 1092 3632 1146 dis-
3697 1146 3700 1148 γ

2057 1199 2334 1255 solutione
2365 1197 2614 1266 corporis
2649 1195 2764 1265 ipsa
2812 1207 3030 1263 quoque
3061 1206 3182 1246 esse
3212 1185 3546 1243 desinat?—
3566 1180 3631 1235 G.

2058 1288 2172 1358 Ego
2204 1301 2336 1342 vero
2365 1284 2588 1357 (etenim
2621 1285 2862 1339 nomium
2901 1284 2967 1338 ab
2985 1281 3306 1364 aegritudine
3333 1285 3387 1333 et
3416 1281 3633 1344 pertur-

2057 1379 2279 1436 batione
2316 1378 2582 1432 rationem
2629 1376 2977 1445 collegerant)
3003 1370 3266 1426 audacius
3294 1364 3636 1438 protervius-

2057 1489 2162 1544 que
2210 1470 2632 1544 quodammodo,
2666 1469 2796 1538 quid
2842 1468 3139 1530 diceretur,
3176 1477 3283 1518 non
3336 1459 3642 1514 admodum

2057 1564 2437 1625 considerans,
2495 1560 2774 1630 respondi.
2827 1558 2949 1612 ltiti
3008 1557 3175 1619 enim,
3209 1554 3425 1608 divinas
3471 1564 3635 1603 voces

2055 1646 2344 1719 praeceptis
2377 1653 2434 1700 et
2467 1645 2664 1700 edictis
2711 1658 2836 1698 esse
2883 1641 3121 1706 similes,
3166 1641 3368 1710 quibus
3410 1639 3637 1695 credere

2055 1737 2277 1809 quidem
2310 1752 2596 1806 cogamur,
2633 1736 2871 1790 animam
2906 1744 3164 1805 oportere
3206 1735 3261 1788 in
3308 1741 3635 1808 perpetuum

2059 1845 2385 1902 permanere
2407 1868 2424 1894 ,
2453 1845 2560 1885 non
2590 1837 2773 1883 autem
2805 1828 2989 1898 aliqua
3020 1829 3234 1882 ratione
3266 1827 3332 1882 ad
3365 1826 3638 1896 ejusmodi

2058 1921 2391 1976 sententiam
2441 1919 2805 1974 adducamur.
2854 1917 2961 1973 Sed
2998 1919 3216 1972 videtur
3270 1917 3430 1975 nobis
3484 1934 3639 1974 mens

2060 2013 2207 2066 intra
2244 2027 2347 2066 nos
2383 2010 2641 2065 servilem
2678 2011 2732 2065 in
2770 2011 2994 2064 modum
3039 2017 3186 2063 tnetu
3223 2010 3458 2080 probare
3490 2009 3639 2080 quod

2055 2106 2302 2175 jubctur,
2328 2118 2436 2158 non
2471 2101 2786 2157 voluntario
2812 2101 3048 2173 quodam
3081 2110 3232 2155 motu
3270 2101 3338 2154 iis
3358 2142 3373 2166 ,
3404 2116 3525 2171 quae
3558 2101 3640 2156 di-

1993 2189 2031 2243 Β
2061 2207 2279 2261 cantur,
2309 2195 2596 2250 assentiri.
2633 2192 2790 2250 Unde
2816 2194 2982 2250 etiam
3016 2193 3110 2258 tit,
3143 2205 3202 2247 ut
3231 2195 3458 2264 gravius
3489 2208 3640 2247 mor-

2062 2299 2283 2342 tuorum
2313 2288 2538 2348 nomine
2567 2287 2877 2352 doleamus,
2905 2300 3031 2340 eum
3056 2286 3215 2354 plene
3238 2293 3293 2340 et
3315 2294 3508 2340 exacte
3531 2299 3640 2339 non

2062 2380 2304 2436 sciamus
2325 2424 2339 2446 ,
2373 2380 2520 2435 sitne
2551 2379 2732 2433 adhuc
2759 2394 2858 2450 per
2887 2393 3010 2434 sese
3042 2379 3160 2434 inec
3183 2379 3400 2433 vivitica
3435 2393 3601 2432 causa
3624 2417 3638 2444 ,

2061 2480 2116 2524 et
2146 2472 2271 2538 ubi,
2303 2479 2358 2526 ct
2385 2468 2689 2541 quomodo,
2715 2484 2784 2524 an
2814 2483 2946 2524 vero
2977 2483 3248 2539 nusquam
3279 2470 3349 2523 sit
3385 2469 3496 2522 ulio
3528 2485 3643 2520 ιιιο-

2060 2564 2150 2619 do.
2181 2563 2318 2618 Nam
2351 2563 2687 2619 incertitudo
2721 2562 2877 2632 ejus,
2911 2563 3059 2632 quod
3096 2578 3290 2617 revera
3323 2571 3409 2618 est
3430 2601 3444 2624 ,
3481 2577 3642 2631 pares

2059 2656 2225 2713 efﬁcit
2247 2656 2304 2711 in
2330 2665 2626 2727 utramque
2647 2664 2859 2726 partem
2884 2656 3200 2727 opiniones.
3223 2657 3298 2710 Ac
3318 2656 3504 2710 multis
3529 2656 3644 2723 qui-

2060 2750 2181 2805 dem
2214 2749 2348 2815 hoc,
2387 2751 2576 2804 multis
2604 2765 2733 2804 vero
2762 2748 3110 2802 contrarium
3139 2749 3393 2803 videtur:
3425 2757 3478 2800 et
3511 2757 3673 2801 sunt.

2064 2858 2199 2898 sane
2238 2843 2380 2912 apud
2425 2842 2647 2896 Graecos
2689 2842 2912 2910 quidam
2956 2857 3064 2895 non
3110 2840 3161 2893 in
3210 2855 3377 2909 parva
3421 2847 3642 2908 propter

2062 2934 2471 3004 pltilOSOphiam
2531 2934 2982 2996 existinmtione,
3024 2933 3122 3001 qui
3167 2933 3282 2984 haec
3328 2939 3383 2983 et
3431 2929 3640 2998 Opinati

2061 3036 2188 3084 sunt
2257 3035 2312 3082 et
2359 3021 3643 3097 pronuntiaverunt.—M.Mitte,inquit,exter-
3745 3073 3750 3079 .

2061 3133 2160 3174 nas
2204 3133 2420 3187 nugas,
2468 3118 2523 3172 in
2565 3117 2767 3187 quibus
2812 3114 3086 3170 mendacii
3133 3114 3386 3168 inventor
3429 3113 3483 3166 in
3544 3111 3640 3166 de-

2060 3211 2378 3264 trimentum
2442 3211 2690 3264 veritatis
2742 3207 3104 3278 probabiliter
3153 3204 3322 3258 fa'lsas
3351 3203 3669 3274 Opiniones-

2060 3299 2360 3368 componit.
2391 3297 2471 3353 Tu
2500 3315 2632 3355 vero
2665 3301 2773 3354 huc
2809 3299 3057 3370 respice,
3084 3297 3228 3368 quod
3257 3298 3329 3350 ita
3362 3297 3429 3351 de
3460 3296 3660 3349 anima.

2062 3391 2269 3448 sentire
2317 3391 2455 3446 nihil
2499 3400 2585 3448 est
2633 3391 2818 3454 aliud,
2866 3406 3030 3462 quam
3073 3406 3103 3444 a
3153 3392 3357 3445 virtute
3405 3389 3644 3443 alienum

2061 3496 2185 3537 esse
2207 3522 2222 3546 ,
2255 3490 2309 3536 et
2340 3481 2394 3536 id
2429 3483 2576 3552 quod
2616 3483 2668 3536 in
2703 3483 2995 3554 praesentia
3037 3497 3205 3536 suave
3243 3489 3295 3536 cl
3331 3479 3642 3550 jucundum

1985 3601 2026 3658 ρ
2060 3583 2180 3642 est,
2219 3575 2401 3629 solum
2440 3583 2732 3644 spectare,
2773 3590 2890 3630 eam
2931 3583 3111 3629 autem
3153 3574 3360 3637 vitam,
3411 3587 3532 3641 quae
3589 3573 3643 3625 in

2066 3664 2296 3722 infinitis
2352 3666 2580 3722 saeculis
2641 3666 3059 3731 consideratur,
3124 3680 3220 3736 per
3290 3679 3453 3734 quam
3527 3663 3657 3718 sola.

2067 3756 2247 3812 virtus
2290 3758 2495 3814 eminet
2526 3770 2687 3829 atque
2706 3757 3546 3830 superinrest,desperare—(3,
3583 3752 3648 3806 Et

2140 3951 2254 4024 (55)
2284 3951 2406 4006 Εἶτ’
2433 3954 2520 4006 ἐτι
2555 3953 2704 4006 ἐστί.
2739 3951 2890 4008 lianc
2924 3954 3210 4008 lectionem
3241 3963 3295 4008 et
3320 3955 3487 4024 Ins.A
3517 3967 3644 4024 suga

2068 4022 2230 4092 gerit,
2256 4031 2540 4093 et_sensus
2567 4024 2794 4093 requirit
2819 4039 2915 4092 pro
2935 4026 3043 4076 εἴτε
3075 4025 3125 4075 τί
3159 4026 3272 4077 ὲστι
3296 4023 3440 4093 quod
3478 4030 3561 4076 est
3594 4022 3644 4074 iu

2071 4090 2256 4164 editis.
2286 4090 2427 4164 Huic
2454 4093 2598 4152 enim
2627 4090 2922 4164 opponi—tur
2948 4095 3001 4148 in
3032 4090 3390 4164 sequentibus
3414 4095 3530 4164 εἴτε
3547 4094 3648 4145 οὐκ

2068 4161 2235 4216 ἔστιν.
2286 4161 2534 4217 Varietas
2567 4161 2802 4218 ortaest
2829 4180 2894 4218 ex
2926 4161 3136 4220 duabus
3166 4163 3392 4218 vocibus
3437 4163 3534 4214 εἴτ’
3567 4164 3648 4214 ἔτι.

2070 4239 2124 4303 et
2154 4232 2264 4303 εἴτε
2298 4249 2350 4286 τι
2389 4233 2552 4303 facile.
2579 4233 2722 4287 inter
2752 4235 3037 4303 legendum
3071 4236 3212 4288 inter
3241 4250 3300 4288 se
3328 4241 3648 4302 permutan-

2071 4301 2175 4357 dis.
2218 4302 2410 4359 Versio
2439 4302 2635 4356 Latina
2674 4301 2916 4358 nostram
2955 4304 3243 4358 lectionem
3268 4301 3539 4373 seqttitur.

2142 4373 2255 4442 (51)
2282 4374 2468 4439 Ἵσας.
2505 4373 2584 4444 Ita
2643 4375 2886 4444 scribere
2918 4373 3074 4442 jubet
3112 4385 3165 4444 et
3209 4388 3312 4428 ms.
3352 4380 3650 4444 utrumque

2069 4449 2123 4497 et
2154 4459 2351 4513 sensus
2392 4457 2492 4511 pro
2525 4442 2675 4513 ἴσως,
2704 4443 2851 4513 quod
2887 4454 2970 4499 est
3001 4444 3055 4497 in
3084 4443 3268 4499 editis.

2141 4512 2253 4582 (55)
2287 4513 2552 4578 Ἀδηλία.
2616 4511 2736 4567 Hoc
2793 4515 3011 4584 reposui
3044 4530 3108 4568 ex
3144 4530 3247 4568 ms.
3281 4524 3515 4583 utroque
3547 4529 3668 4584 pro-

2073 4584 2104 4653 ή
2132 4584 2323 4646 δειλία,
2346 4599 2508 4653 quam
2545 4597 2730 4637 vocem
2753 4584 2896 4638 edita
2919 4585 3058 4638 male
3071 4585 3348 4639 exhibent.
3377 4585 3648 4652 lnterpres

2071 4652 2300 4707 Latinus
2365 4652 2462 4722 per
2518 4653 2946 4708 incertitudiuem
2997 4663 3238 4719 vertens,
3281 4656 3364 4709 vel
3399 4653 3650 4708 eamdem

2073 4740 2260 4778 vocem
2297 4740 2404 4794 prae
2428 4724 2604 4779 oculis
2651 4723 2861 4789 habuit,
2896 4726 2977 4780 vel
3009 4726 3328 4783 coniectura
3357 4732 3667 4780 assecutus.

2075 4802 2178 4849 est.

2151 4864 2266 4934 (56)
2301 4863 2370 4918 Τὸ
2399 4864 2696 4918 ἐναντίον.
2732 4863 2834 4919 Ms.
2872 4863 2916 4935 Β
2937 4865 3062 4935 legit
3083 4864 3406 4918 τούναντίον.

2149 4933 2262 5008 (57)
2300 4935 2435 5008 Ἐπί
2477 4936 2828 5008 φιλοσοφίᾳ.
2869 4933 3184 5008 Itascripsi
3232 4951 3298 5008 es
3323 4933 3518 5008 cod_._B
3548 4949 3652 5004 pro

2073 5003 2169 5061 ὲπῐ
2190 5005 2504 5076 φιλοσοφίαν
2538 5006 2682 5076 quod
2706 5003 2797 5060 est
2818 5005 2873 5059 in
2906 5006 3036 5060 edit.
3062 5003 3191 5076 anni
3227 5004 3383 5060 1615.
3417 5003 3560 5060 Nam
3586 5019 3650 5056 ea

2072 5085 2315 5202 animost
2339 5077 2468 5130 anni
2508 5075 2663 5142 1658,
2705 5076 3021 5129 mendosam
3061 5075 3420 5146 scriptionem
3465 5089 3650 5129 emen-

2111 5157 2242 5202 avri.

2111 5149 2242 5205 :Ivit.

2149 5219 2259 5290 (58)
2300 5217 2654 5284 Ἀλλότριον.
2695 5213 2793 5269 Ms.
2829 5215 2871 5267 A
2923 5214 3083 5269 habet
3115 5214 3432 5286 ἀλλοτρίως,
3487 5214 3651 5285 idque

2077 5291 2292 5344 melius.

2149 5359 2262 5429 (59)
2308 5356 2434 5429 Τοῖς
2467 5355 2701 5408 αἰῶσιν.
2728 5353 2828 5409 Ms.
2860 5355 2982 5408 Ain
3015 5357 3259 5426 margine
3287 5359 3400 5421 τοῖς
3431 5357 3654 5410 ἀτελευ-

2077 5427 2258 5500 τήτοις
2275 5427 2483 5500 αἰῶσιν.

2151 5500 2262 5570 (60)
2285 5499 2472 5570 Μᾴννη.
2505 5495 2597 5550 Sic
2613 5497 2813 5570 scripsi
2827 5513 2928 5570 pro
2944 5500 3112 5569 μόνην
3140 5512 3205 5552 ex
3221 5511 3340 5570 ms.
3364 5496 3427 5550 A.
3448 5495 3652 5550 Virtuti

2078 5566 2224 5628 enim
2246 5566 2366 5623 soli
2390 5567 2504 5620 hmo
2534 5566 2890 5637 prazrogativa
2919 5566 3154 5624 lioeloco
3183 5566 3509 5622 vindicatur.

2154 5639 2267 5709 (61)
2298 5638 2513 5709 Πανία.
2541 5638 2615 5690 Ita
2651 5635 2798 5709 recte
2824 5655 2925 5695 ms.
2965 5649 3282 5709 utrumque,
3311 5644 3371 5691 ut
3391 5647 3456 5709 et
3485 5635 3658 5709 editio

2082 5707 2211 5764 anni
2255 5707 2413 5779 1658,
2465 5723 2564 5778 pro
2621 5708 2849 5777 πλαγία,
2910 5710 3054 5779 quod
3113 5707 3287 5765 estin
3337 5707 3478 5779 edit_._
3524 5707 3668 5760 anni:

2084 5781 2246 5906 16115ἱ
2296 5777 2581 5835 Dcrivatur
2629 5781 2774 5835 enim
2826 5795 2856 5835 a
2902 5777 3184 5852 πήγνυυι,
3234 5784 3290 5834 ct
3323 5777 3674 5832 soliditatem

2084 5868 2135 5906 ιιι
2164 5867 2224 5906 er
2253 5890 2267 5904 .

2081 5853 2267 5906 infert.
