4046 6350
380 317 458 379 23
1609 313 1670 369 S.
1707 313 2038 370 GliEGOBll
2091 313 2383 370 NYSSEN
3581 330 3662 386 τι

382 451 468 499 tes
501 449 634 499 sunt
659 441 889 507 omnia,
926 455 1050 511 quae
1095 439 1156 495 in
1203 437 1565 496 universitate
1614 454 1800 494 rerum
1845 441 1951 496 sub

2065 455 2183 509 ρους
2220 438 2297 508 (2)
2323 437 2762 509 διατειχίζοντες.
2801 438 2916 509 Γῆν
2959 439 2989 492 ὁ
3034 437 3274 504 τοιοῦτος
3318 440 3505 510 βλέπει
3549 444 3641 515 μό-

381 549 612 591 sensum
642 532 900 590 cadentia
932 531 1383 604 conspiciuntur,
1421 532 1602 588 minus
1632 532 1742 588 alto
1779 534 1966 612 animo

382 623 631 696 pratditis
662 623 826 696 quasi
860 623 1072 694 pariete
1102 639 1200 694 per
1235 638 1359 679 sese
1393 623 1610 693 obiecto
1643 639 1836 679 carum
1873 641 1965 682 re-

384 709 544 780 rum,
593 731 720 784 qua:
767 723 951 770 mente
1005 723 1173 786 atque
1221 715 1584 785 intelligentia
1637 713 1980 785 cernuntur,"

383 820 550 862 causa
605 805 1057 876 contemplationi
1115 803 1406 861 ollicientia
1434 814 1489 862 et
1515 807 1807 862 obstantia.
1835 807 1969 864 Ter-

385 911 502 950 ram
521 935 538 958 .
559 897 654 966 qui
676 898 805 951 talis
823 907 908 953 est
927 938 943 963 ,
970 912 1170 968 aquam
1191 937 1209 962 ,
1237 911 1450 961 aerem,
1487 897 1669 968 ignem
1702 898 1968 954 duntaxat

385 991 680 1058 intuetur;
717 991 862 1047 unde
905 999 1090 1048 autem
1129 990 1330 1046 borum
1375 991 1808 1062 unumquodque
1851 994 1964 1060 sit,

386 1093 480 1137 aut
519 1099 617 1154 per
651 1081 804 1153 quod
825 1125 842 1149 ,
882 1091 980 1138 aut
1007 1097 1041 1138 a
1070 1097 1181 1153 quo
1215 1091 1564 1150 coerceatur,
1603 1086 1965 1157 comprebetr

383 1175 546 1230 datur
585 1183 641 1232 et
685 1175 1062 1242 contineatur,
1112 1175 1441 1247 perspicere]
1471 1191 1586 1246 prae
1621 1176 1790 1232 animi
1844 1178 1965 1232 exi-

383 1269 592 1339 guitate
621 1283 730 1325 non
766 1277 973 1340 potest.
999 1269 1076 1324 Ac
1109 1276 1320 1324 vestem
1347 1267 1568 1340 quidem
1605 1269 1808 1340 aliquis
1837 1285 1970 1325 con-

383 1361 664 1432 spicatus,
721 1361 1031 1417 rationibus
1088 1376 1156 1418 eo
1208 1361 1525 1428 adducitur,
1582 1369 1643 1416 ut
1697 1369 1966 1419 textorem

383 1462 690 1524 agnoscat;
724 1469 824 1526 per
859 1469 1052 1510 navem
1089 1454 1480 1510 l'abrieatorem
1515 1451 1637 1525 eius
1673 1453 1962 1526 intelligit,

383 1545 624 1616 itemque
653 1545 821 1602 simul
849 1553 1017 1617 atque
1043 1545 1340 1601 :cdiﬁcium
1367 1554 1732 1615 conspectum
1764 1544 1963 1610 fuerit,

381 1652 579 1695 manus
607 1637 822 1708 opiﬁcis
851 1639 1224 1711 spectantium
1259 1640 1429 1696 menti
1464 1639 1794 1696 obversatur
1824 1660 1836 1695 :
1873 1640 1964 1694 isti

379 1744 511 1784 vero
536 1729 665 1784 dum
694 1729 959 1784 mundum
989 1731 1298 1798 intuentur,
1334 1730 1403 1786 ad
1435 1746 1562 1788 eum
1585 1771 1600 1796 ,
1633 1733 1727 1803 qui
1764 1748 1860 1804 per
1899 1735 1962 1788 il—

381 1824 494 1877 lum
528 1821 863 1889 declaratur,
891 1825 1192 1879 excutiunt
1236 1834 1292 1881 et
1331 1824 1766 1881 ballueinantur.
1805 1826 1963 1883 Unde

383 1915 474 1980 iit,
504 1924 563 1970 ut
590 1916 729 1972 scita
766 1916 873 1973 ista
904 1925 1066 1972 acuta
1093 1922 1164 1974 ab
1193 1918 1283 1981 iis,
1311 1919 1406 1990 qui
1435 1919 1718 1976 interitum
1746 1929 1801 1976 et
1827 1921 1960 1976 abo-

378 2005 629 2063 litionem
657 2008 855 2063 anima:
882 2011 1002 2067 suis
1025 2010 1267 2067 decretis
1297 2011 1555 2078 tradunt,
1585 2012 1961 2084 proferantur,

377 2112 583 2170 corpus
626 2100 889 2155 nimirum
939 2118 1005 2157 ex
1048 2102 1379 2170 elementis,
1422 2112 1477 2160 et
1520 2105 1790 2162 elementa
1841 2121 1965 2163 esse

379 2205 444 2246 ex
477 2205 732 2260 corpore,
769 2191 898 2246 item
929 2192 1169 2246 animant
1203 2208 1300 2264 per
1329 2208 1454 2250 sese
1482 2209 1604 2251 esse
1632 2209 1741 2250 non
1777 2209 1961 2266 posse,

381 2281 488 2336 nisi
517 2282 601 2336 vel
633 2282 830 2337 borum
863 2282 1070 2353 aliquid
1091 2322 1107 2348 ,
1141 2283 1227 2338 vel
1260 2284 1321 2338 in
1344 2282 1436 2338 bis
1468 2284 1562 2341 sit.
1589 2281 1726 2338 Nam
1759 2284 1804 2340 si
1833 2301 1961 2356 pro-

381 2379 565 2443 pterea
615 2387 890 2444 nusquam
937 2387 1057 2430 eam
1108 2388 1234 2430 esse
1281 2373 1591 2430 adversarii
1639 2375 1960 2445 opinantur,

378 2461 527 2534 quod
570 2464 752 2519 anima
807 2478 918 2520 non
968 2465 1041 2521 sit
1085 2464 1335 2536 ejusdem
1387 2467 1606 2536 generis
1654 2477 1709 2523 et
1753 2475 1965 2524 naturae

376 2569 504 2610 cum
533 2555 822 2612 elementis
849 2574 862 2610 :
899 2555 959 2611 bi
992 2557 1232 2628 primum
1263 2557 1487 2629 quidem
1514 2557 1681 2613 etiam
1705 2599 1720 2623 ,
1753 2573 1876 2630 quae
1905 2559 1962 2613 in

378 2661 544 2702 carne
573 2648 814 2718 degitur,
852 2648 1022 2704 vitam
1061 2649 1365 2705 inanimam
1397 2665 1520 2707 esse
1554 2651 1775 2707 tradant
1813 2655 1960 2724 (non

377 2740 523 2794 enim
553 2739 705 2794 aliud
731 2739 1032 2812 quidquam
1059 2757 1264 2812 corpus
1295 2752 1382 2798 est
1403 2783 1418 2808 ,
1453 2752 1618 2814 atque
1650 2758 1960 2800 concursus

375 2833 832 2907 elementorum),
857 2848 994 2906 ergo
1015 2849 1118 2891 nec
1141 2835 1195 2889 in
1221 2835 1309 2891 his
1328 2835 1547 2906 quidem
1573 2837 1811 2891 animam
1837 2853 1961 2892 esse

376 2922 607 2986 dicant,
647 2938 770 2993 qua:
807 2939 906 2982 oer
940 2939 1066 2980 sese
1103 2924 1342 2980 viviﬁcet
1382 2940 1502 2980 eam
1543 2926 1958 2980 concretionem

379 3023 545 3083 atque
572 3016 1012 3071 commistionem
1045 3034 1060 3071 :
1100 3016 1372 3086 siquidem
1415 3017 1530 3072 ﬂeri
1574 3017 1806 3087 posthac
1846 3032 1957 3071 non

379 3113 590 3176 potest,
627 3107 1096 3178 quemadmodum
1136 3108 1460 3178 opitmntur,
1506 3117 1566 3162 ut
1604 3109 1958 3163 manentibus
1985 3143 2026 3198 ε

375 3195 664 3253 elementis
690 3196 860 3252 etiam
895 3197 1080 3252 anima
1116 3198 1190 3254 sit
1210 3240 1231 3265 ,
1261 3212 1374 3268 quo
1403 3197 1696 3259 eﬂiciatur,
1728 3207 1786 3252 ut
1821 3197 1954 3250 nihil

377 3287 562 3355 aliud,
593 3303 756 3358 quam
791 3298 1070 3345 mortuam
1101 3305 1225 3346 esse
1256 3291 1422 3345 vitam
1454 3297 1701 3346 nostram
1731 3290 1960 3344 demon-

377 3386 576 3434 ssrent.
619 3377 718 3434 Sin
754 3389 938 3436 autem
980 3395 1130 3435 nunc
1183 3380 1510 3452 incorpore
1549 3379 1790 3433 animam
1833 3393 1959 3434 esse

379 3487 488 3526 non
521 3471 816 3535 dubitant,
848 3487 960 3544 quo
989 3483 1151 3543 pacto
1186 3487 1422 3544 corpore
1451 3473 1722 3528 dissoluto
1758 3473 1810 3527 in
1848 3473 1961 3528 ele-

379 3545 563 3618 menta
609 3564 847 3619 animam
893 3565 1097 3620 aboleri
1146 3576 1311 3635 atque
1355 3566 1582 3620 interire
1615 3573 1845 3621 censent
1895 3579 1961 3620 ac

378 3653 653 3710 tradunt?
685 3652 893 3710 Deinde
931 3669 1064 3710 vero
1115 3654 1387 3710 adversus
1439 3654 1682 3709 divinam
1737 3668 1960 3725 quoque

379 3756 634 3802 naturam
667 3746 821 3815 paria
854 3745 1094 3801 audeant
1130 3746 1352 3817 obloqui
1383 3754 1438 3802 et
1470 3746 1769 3803 oblatrare.
1810 3746 1960 3814 Quo-

378 3839 545 3895 modo
578 3838 726 3894 enim
759 3836 949 3893 dicent
981 3838 1312 3895 invisibilem
1333 3879 1348 3904 ,
1387 3839 1804 3909 incorporeum,
1842 3855 1960 3894 ma-

377 3930 533 3984 teriae
567 3937 886 3999 expertem,
922 3936 980 3984 et
1007 3944 1129 3984 eam
1169 3944 1292 4000 qua:
1330 3940 1512 3984 mente
1553 3931 1677 3985 sola.
1711 3930 1958 4002 percipi-

377 4033 490 4085 tur,
529 4033 779 4078 naturam
807 4022 863 4077 in
894 4021 1122 4078 humida
1161 4023 1460 4093 molliaque
1488 4032 1541 4078 et
1571 4023 1750 4078 calida
1790 4033 1954 4094 atque

2069 547 2168 600 νην
2201 531 2275 600 (3)
2296 571 2311 595 ,
2337 530 2430 584 καὶ
2461 529 2630 602 ὕδωρ,
2655 533 2749 585 καὶ
2776 531 2946 604 ἀέρα,
2981 533 3078 585 καὶ
3113 530 3225 604 πῦρ
3245 549 3260 564 ο
3286 533 3410 589 ὅθεν
3442 535 3501 589 δὲ
3531 537 3658 590 τού-

2069 640 2180 678 των
2218 623 2470 691 ἕκαστον,
2501 623 2540 694 ἦ
2578 624 2638 676 ἐν
2667 623 2772 678 τίνι
2803 623 2974 690 ἐστὶν,
3002 623 3037 695 ἢ
3070 625 3174 678 ὑπὸ
3213 625 3360 690 τίνος
3396 627 3472 698 (4)
3501 645 3659 698 περιο

2071 717 2370 787 κρατεῖται,
2398 714 2585 769 διιδεῖν
2612 713 2718 769 ὑπὸ
2748 713 3114 788 μικροψυχίας
3155 715 3218 769 οὐ
3253 715 3499 770 δύναται.
3542 719 3652 770 Καὶ

2073 807 2286 878 ἱμάτιον
2319 806 2419 878 μέν
2457 806 2534 878 (5)
2563 823 2649 870 τις
2699 805 2823 860 ἰδὼν
2867 806 2960 860 τὸν
2992 807 3237 877 ὑφάντην
3269 807 3658 876 ἁνελογίσατο,

2070 904 2165 953 καὶ
2208 899 2296 954 διὰ
2323 900 2424 970 τῆς
2465 900 2594 971 νηδς
2626 899 2702 972 (6)
2734 900 2826 955 τὸν
2862 900 3140 971 ναυπηγὸν
3176 902 3458 973 ἐνενόησεν
3479 943 3494 967 ,
3521 903 3554 973 ἦ
3597 919 3659 955 τε

2069 991 2234 1046 αὐτοῦ
2269 991 2547 1063 οἰκοδόμου
2576 991 2698 1064 χεὶρ
2723 993 2862 1064 ὁμοῦ
2891 995 2958 1065 τῇ
2999 993 3092 1048 τοῦ
3131 992 3655 1065 οίκοδομήματοςΠ)

2069 1083 2188 1153 ὕψει
2217 1086 2282 1154 τῇ
2307 1083 2520 1156 διανοίᾳ
2548 1083 2658 1138 τῶν
2687 1083 2978 1156 Θεωμένων
3002 1085 3302 1156 ἐγγίνεται.
3330 1087 3394 1140 Οἱ
3426 1087 3484 1139 δὲ
3520 1087 3660 1158 πρὸς

2067 1175 2160 1228 τὸν
2208 1175 2412 1246 κόσμον
2439 1175 2675 1248 ὁρῶντες
2704 1179 2841 1250 πρὸς
2868 1178 2959 1232 τὸν
2987 1177 3076 1233 διὰ
3115 1177 3322 1233 τούτων
3352 1177 3434 1250 (8)
3466 1178 3650 1249 δηλού-

2071 1285 2231 1339 μενον
2275 1266 2702 1338 ἀμὸλυωποῦσιν
2751 1270 2850 1339 (9),
2881 1269 3006 1324 ὅθεν
3047 1269 3117 1324 τέι
3168 1269 3307 1339 σοφὰ
3340 1269 3454 1342 (10)
3484 1270 3656 1324 ταῦτα

2069 1355 2171 1413 καῖ
2192 1359 2390 1431 δριμέα
2420 1359 2570 1432 παρὰ
2593 1360 2702 1414 τῶν
2725 1360 2818 1414 τὸν
2847 1361 3158 1433 ἀφανισμὸν
3185 1362 3366 1434 ψυχῆς
3389 1361 3652 1433 δογματι-

2068 1448 2268 1513 ζόντων
2298 1451 2650 1522 προφέρεται·
2679 1449 2837 1522 σῶμα
2859 1452 2922 1504 ἐκ
2951 1452 3257 1522 στοιχείων,
3289 1452 3386 1507 καὶ
3413 1455 3653 1522 στοιχεῖα

2069 1542 2134 1594 ὲκ
2181 1541 2432 1613 σώματος
2456 1585 2473 1610 ,
2522 1545 2615 1598 καὶ
2657 1543 2721 1597 τὸ
2755 1545 2830 1615 μὴ
2867 1543 3129 1599 δύνασθαι
3159 1545 3256 1614 τὴν
3299 1545 3482 1617 ψυχὴν
3530 1544 3652 1600 καθ’

2069 1634 2266 1707 ἑαυτὴν
2299 1631 2472 1703 εἶναι,
2503 1638 2552 1690 εί
2587 1639 2727 1710 μήτε
2760 1635 2965 1690 τούτων
3010 1655 3064 1691 τι
3099 1638 3225 1710 εἴη,
3269 1639 3405 1709 μήτε
3438 1641 3496 1690 ἐν
3537 1637 3655 1690 τού-

2071 1740 2204 1788 τοις.
2239 1725 2300 1778 Εἰ
2332 1725 2442 1797 γὰρ
2479 1726 2563 1780 ὅτι
2601 1726 2676 1798 μὴ
2715 1728 2963 1798 ὀμοφυὴς
2989 1729 3101 1790 τοῖς
3133 1727 3415 1797 στοιχείοις
3440 1727 3584 1779 ἐστὶν
3617 1727 3652 1797 ἠ

2069 1814 2236 1888 ψυχὴ,
2266 1817 2355 1872 διὰ
2385 1816 2546 1872 τοῦτο
2578 1818 2694 1888 (11)
2724 1817 2960 1890 οὐδαμοῦ
2989 1814 3130 1872 εἶναι
3165 1819 3335 1890 αὐτὴν
3365 1819 3416 1871 οἱ
3446 1817 3626 1872 ἀντιλέ

2067 1921 2254 1973 ¹ιοντες
2293 1904 2523 1960 οἴονταιο
2551 1899 2698 1961 οὗτοι
2740 1907 2956 1980 πρῶτον
2986 1908 3085 1980 μὲν
3127 1909 3222 1963 καὶ
3258 1909 3362 1980 τὴν
3397 1909 3456 1962 ὲν
3488 1909 3652 1980 σαρκὶ

2067 1997 2212 2070 ζωὴν
2241 1996 2448 2069 ἄψυχον
2474 1994 2612 2054 εἶναι
2649 1998 3148 2071 δογματιζέτωσαν.
3179 2000 3260 2054 υῡλ
3301 2001 3410 2072 γὰρ
3439 2000 3567 2056 ἄλλο
3596 2020 3650 2054 τι

2065 2091 2127 2146 τὸ
2167 2091 2328 2164 σῶμά
2357 2077 2528 2157 ἔστιν,
2568 2094 2618 2146 εί
2650 2093 2726 2166 μὴ
2756 2092 3030 2165 συνδρομὴ
3061 2093 3170 2146 τῶν
3223 2093 3503 2165 στοιχείων
3525 2111 3538 2124 ·
3573 2094 3652 2165 μὴ

2065 2183 2244 2238 τοίνυν
2278 2183 2401 2256 μηδ’
2431 2185 2489 2237 έν
2519 2183 2725 2249 τούτοις
2747 2185 2844 2257 τὴν
2871 2184 3049 2256 ψυχὴν
3073 2181 3211 2239 εἶναι
3239 2184 3552 2254 λεγέτωσαν
3579 2185 3646 2239 δι’

2065 2277 2266 2347 έαυτῆς
2309 2273 2678 2342 ζωοποιοῢσαν
2725 2276 2838 2346 (12)
2884 2275 2946 2330 τὺ
2991 2275 3309 2348 σύγκριμα*
3358 2276 3516 2347 εἰπερ
3549 2275 3650 2328 οὐκ

2065 2368 2182 2423 ἐστι
2215 2367 2352 2440 μετὰ
2383 2367 2556 2422 ταῦτα
2589 2367 2834 2431 δυνατὸν,
2867 2365 3051 2432 καθὼς
3091 2366 3294 2421 οἴονται
3315 2406 3331 2431 ,
3360 2366 3473 2421 τῶν
3502 2383 3648 2420 στοις

2064 2461 2225 2534 χείων
2256 2461 2423 2515 ὄντων
2447 2459 2542 2513 καὶ
2584 2459 2694 2532 vim
2717 2459 2894 2533 ψυχὴν
2935 2453 3097 2523 εἶναι,
3145 2459 3221 2522 ὡς
3245 2459 3415 2530 μηδὲν
3440 2458 3568 2512 ἄλλο
3613 2460 3652 2531 ἢ

2064 2552 2265 2625 νεκρὰν
2302 2551 2400 2624 τὴν
2430 2551 2576 2623 ζωὴν
2609 2551 2766 2624 ἡμῶν
2809 2553 2940 2624 παρ’
2971 2551 3152 2606 αὐτῶν
3201 2551 3646 2606 ἀποδείκνυσθαι.

2064 2646 2127 2699 Ei
2159 2645 2216 2699 δὲ
2262 2643 2357 2698 νῦν
2397 2646 2455 2698 ὲν
2496 2645 2574 2715 τῷ
2616 2643 2829 2715 σώματι
2861 2646 2962 2715 τὴν
3003 2642 3182 2716 ψυχὴν
3230 2639 3371 2697 εἶναι
3409 2644 3519 2716 (15)
3549 2645 3648 2698 οὐκ

2063 2736 2482 2808 ἁμφιῦἀλλουσι,
2538 2736 2656 2800 πῶς
2687 2735 2779 2789 τοῦ
2823 2735 3074 2806 σώματος
3117 2736 3343 2808 (14)εἱς
3387 2735 3456 2790 τὰ
3505 2753 3649 2790 στοι·

2062 2831 2186 2900 χεῖα
2217 2829 2310 2883 τὸν
2352 2828 2662 2900 ἀφανισμὸν
2701 2829 2872 2899 αὐτῆς
2910 2826 3338 2900 δογματίζουσι,
3367 2827 3558 2882 ἔπειτα
3591 2828 3649 2882 δὲ

2063 2921 2154 2974 καὶ
2185 2919 2328 2975 κατὰ
2351 2920 2552 2991 ταύτης
2584 2920 2696 2993 (15)
2729 2921 2831 2991 τῆς
2867 2921 3018 2985 θείας
3053 2920 3271 2991 φύσεως
3294 2921 3362 2975 τὰ
3391 2917 3487 2975 ἶσα
3523 2921 3645 2975 τολο

2067 3013 2342 3083 μάτωσαν.
2378 3013 2502 3077 Πῶς
2547 3013 2657 3086 γὰρ
2695 3013 2880 3085 ἐροῦσι
2920 3013 3018 3085 τὴν
3049 3013 3240 3086 νοεράν
3286 3031 3347 3066 τε
3400 3012 3514 3086 (16)
3553 3013 3648 3066 καὶ

2062 3103 2224 3158 ἄῦλον
2265 3104 2362 3160 καὶ
2407 3105 2558 3175 ἀειδῆ
2591 3104 2751 3175 φύσιν
2796 3107 2875 3169 είς
2905 3105 2975 3159 τὰ
3017 3104 3161 3178 ὑγρά
3198 3122 3256 3158 τε
3290 3106 3385 3158 καὶ
3424 3105 3648 3177 μαλακὰ

2064 3196 2158 3249 καὶ
2189 3195 2482 3266 στερέμνια
2495 3195 2852 3266 ’διαδυομένην
2885 3196 2996 3266 (17)
3023 3197 3080 3248 ὲν
3117 3196 3193 3267 τῷ
3232 3191 3373 3250 εἶναι
3404 3197 3647 3267 συνέχειν

2061 3285 2131 3338 τὰ
2155 3285 2306 3350 ὄντα,
2328 3285 2450 3339 οὔτε
2488 3287 2764 3356 συγγενῶς
2789 3288 3014 3358 ἔχουσαν
3035 3289 3169 3360 πρὸς
3191 3288 3260 3342 τὰ
3292 3291 3349 3342 ἐν
3382 3283 3464 3353 οἷς
3492 3289 3644 3358 γίνε-

2062 3395 2176 3442 ται,
2198 3377 2321 3431 οὔτε
2353 3377 2441 3430 διὰ
2462 3379 2522 3431 τὸ
2541 3380 2855 3450 ὲτερογενὲς
2875 3383 2933 3434 έν
2959 3382 3144 3446 αὐτοῖς
3174 3377 3316 3435 εἶναι
3349 3381 3641 3436 ἀδυνατούο

2067 3485 2165 3523 σαν
2188 3485 2202 3534 ;
2232 3469 2440 3523 Οὐκοῦν
2456 3470 2739 3542 ἐξῃρήσθω
2757 3471 2868 3543 (18)
2891 3473 3121 3526 καθόλου
3139 3473 3233 3526 τοῦ
3253 3473 3521 3544 δᾶγματος
3550 3475 3640 3527 αύ-

2066 3561 2175 3616 τῶν
2233 3564 2327 3616 καὶ
2371 3563 2500 3616 αὐτὸ
2558 3561 2620 3615 τὸ
2644 3556 3642 3632 Θεῖον,ᾧὸιακρατεῖταιτὰδντα.-Γ.

2066 3649 2208 3709 Αὐτὸ
2233 3656 2289 3709 δὲ
2319 3656 2429 3726 (19)
2458 3656 2636 3720 τοῦτο,
2657 3651 2808 3709 εἷπον
2838 3655 2950 3726 (20)
2975 3654 3106 3725 ἐγὼ,
3131 3654 3249 3718 πῶς
3275 3653 3340 3708 ἂν
3366 3656 3476 3716 τοῖς
3500 3654 3647 3707 ἀντι-

2066 3746 2312 3815 λέγουσιν
2367 3745 2737 3816 ἀναμφίόολον
2785 3745 3014 3814 γένοιτο,
3050 3745 3110 3798 τὸ
3147 3746 3212 3798 ἐκ
3233 3743 3367 3798 Θεοῦ
3403 3740 3540 3798 εἶναι
3577 3745 3646 3798 τὰ

2066 3839 2248 3894 πάντα
2273 3878 2288 3902 ,
2316 3838 2409 3891 καὶ
2433 3839 2491 3891 ὲν
2523 3836 2672 3908 αὐτῷ
2700 3836 3148 3910 περικρατείσθαι
3191 3836 3262 3890 τὰ
3293 3837 3422 3890 ὄντα
3443 3876 3458 3902 ,
3485 3836 3520 3908 ἢ
3549 3839 3644 3890 καὶ

2065 3932 2204 3996 ὅλως
2234 3931 2297 3985 τὸ
2331 3924 2471 3985 εἷναί
2508 3949 2562 3984 τι
2584 3932 2738 3985 Θεῖον
2768 3932 2866 4002 τῆς
2901 3929 3009 3983 τῶν
3046 3929 3217 3984 ὄντων
3249 3929 3646 4002 ὑπερκείμενον

2062 4041 2300 4095 φυσεωςς

377 4114 514 4167 dura
564 4121 943 4185 penetrantem
994 4114 1049 4170 in
1097 4116 1338 4171 essentia
1381 4115 1664 4171 continere
1693 4132 1782 4172 res
1815 4117 2134 4182 universas,
2163 4132 2286 4188 qua!
2317 4125 2490 4174 sunt:
2523 4132 2649 4172 cum
2683 4129 2860 4186 neque
2915 4116 3135 4186 cognita
3188 4115 3505 4186 ejusdemve
3554 4129 3646 4185 go-

378 4203 528 4259 neris
571 4218 698 4260 cum
745 4205 819 4261 iis
861 4205 971 4270 sit,
1023 4205 1080 4260 in
1127 4205 1330 4276 quibus
1381 4215 1656 4273 versatur,
1704 4223 1886 4279 neque
1937 4217 2230 4280 propterea
2276 4209 2424 4280 quod
2461 4208 2692 4265 alterius
2725 4222 2793 4263 ac
2827 4206 3030 4264 diversi
3065 4192 3282 4278 generis
3315 4207 3422 4275 sit,
3454 4207 3510 4262 in
3563 4205 3646 4260 eis

375 4312 502 4353 esse
529 4312 640 4353 non
675 4298 894 4369 possit?
939 4298 1085 4370 Ergo
1132 4298 1356 4370 penitus
1407 4312 1478 4354 ex
1525 4313 1722 4355 eorum
1767 4299 2024 4355 doctrina
2062 4301 2336 4355 eximatur
2369 4299 2534 4355 etiam
2574 4300 2755 4371 ipsum
2794 4298 3044 4355 divinum
3086 4297 3300 4354 Numen
3329 4338 3346 4365 ,
3397 4314 3510 4370 quo
3553 4313 3648 4355 res

449 4515 528 4584 (‘2)
551 4514 1146 4584 Hmpoqi-vlorépovc.
1187 4512 1286 4568 Iis.
1307 4511 1360 4584 Βί
1380 4511 1508 4582 legit
1555 4511 1950 4584 μικροψύχους.

449 4535 834 4584 (ηιιηφονυ
879 4535 1146 4584 ore-pauc.
1187 4535 1349 4568 ns.”
1381 4535 1508 4582 regit
1555 4535 1942 4584 μικροψυχους.

447 4589 526 4656 (3)
569 4589 800 4653 Μόνην.
837 4535 938 4640 ἧς.
968 4594 1265 4656 utrumque
1285 4583 1478 4656 μόνον.
1519 4582 1711 4638 eodem
1758 4598 1942 4638 sensu.

449 4653 645 4730 (ιιἙν
667 4658 787 4730 τινι
807 4656 997 4730 suam
1030 4655 1068 4724 ἢ
1093 4655 1209 4708 ὑπὸ
1235 4655 1421 4730 τίνος.
1443 4653 1517 4730 Ita
1535 4669 1640 4730 nis.
1661 4661 1954 4730 utrumque

377 4735 433 4782 et
459 4723 636 4782 'cditio
660 4727 790 4781 anni
823 4727 962 4782 1658
994 4723 1094 4796 pro
1121 4723 1407 4796 mendosa
1461 4724 1700 4779 lectione
1737 4725 1797 4777 ὲν
1846 4723 1952 4778 τινί

379 4810 434 4854 ct
463 4799 570 4853 ὑπό
597 4813 742 4862 τινος
765 4795 1026 4852 editionis
1051 4795 1277 4866 prioris.

449 4870 526 4939 (ὃ)
554 4868 680 4923 Μέν
701 4869 848 4939 deest
881 4883 980 4939 ms.
1003 4867 1082 4939 7A.

449 4935 529 5007 (6)
588 4940 768 5006 Νηός.
796 4937 892 4992 Ms.
927 4937 973 4990 Β
1001 4937 1127 5007 legit
1148 4935 1304 4998 νεὼς.

439 5006 521 5081 (7)
545 5006 1173 5081 02x060y1};mto_¢.§ic
1207 5017 1505 5081 utrumque
1539 5007 1811 5081 iegit_ms.
1855 5021 1954 5076 pro

377 5075 1012 5152 οίιίοδομήσαντοςζιιμοᾲ
1026 5077 1172 5133 edita
1205 5075 1663 5152 babentiatinits
1680 5075 1955 5147 interpres

377 5149 686 5225 genuinam.
712 5149 1183 5225 banc_iectionem
1213 5149 1511 5218 expressit.

340 5263 346 5270 .
378 5215 408 5225 '
449 5219 549 5294 (8)
580 5219 832 5294 Τούτῳν.
851 5218 943 5294 Sic
957 5228 1012 5276 et
1041 5215 1332 5294 utrumque
1371 5233 1506 5284 ms.;
1533 5224 1596 5294 at_
1609 5217 1783 5272 codex
1807 5217 1851 5270 Α
1898 5215 1954 5270 in

377 5288 627 5362 margine
644 5291 786 5362 legit
816 5289 1030 5353 τούτου,
1057 5288 1207 5360 quod
1237 5289 1634 5362 prtestat,iquia
1665 5302 1849 5342 sermo
1872 5294 1957 5344 est

377 5361 447 5419 de
492 5360 728 5423 mundo;
750 5377 846 5432 per
869 5375 1032 5432 quem
1060 5367 1276 5432 creator
1306 5362 1426 5424 ejus
1463 5360 1896 5432 demonstratur.

449 5432 528 5506 (9)
572 5427 1088 5506 Ἀμῦλύωποῦσιν.
1113 5428 1212 5485 Ms.
1241 5436 1535 5500 utrumque
1567 5427 1957 5500 ἁμόλυώττου-

378 5502 471 5558 οιν
497 5518 664 5558 sensu
695 5502 911 5556 eodem.

449 5573 563 5644 (10)
595 5571 781 5644 Σοφά.
815 5571 908 5644 Sic
925 5579 1494 5644 utrumquc‘ms._pro
1523 5568 1673 5638 σαφὰ
1695 5568 1749 5644 i_n
1767 5569 1953 5644 editis;

376 5639 553 5715 paulo
588 5639 712 5714 post
751 5641 949 5715 δριμέα
993 5639 1147 5697 recte
1185 5639 1316 5698 edit.
1360 5639 1520 5705 1658,
1573 5656 1673 5712 pro
1705 5640 1952 5711 δριμαία,

377 5713 629 5786 quodest
655 5715 710 5786 in
734 5713 932 5786 priore.

447 5782 563 5848 (ll)
619 5782 944 5841 Atd’toﬁto.
980 5783 1093 5843 lloe
1133 5783 1393 5857 rescripsi
1427 5799 1492 5841 ex
1531 5799 1663 5841 mss.
1717 5797 1817 5856 pro
1868 5783 1965 5853 δή

2062 4515 2267 4570 τούτων
2295 4515 2442 4582 quod
2462 4523 2548 4572 est
2575 4516 2631 4572 in
2651 4516 2836 4573 editis.

2127 4585 2238 4655 (t2)
2281 4587 2731 4642 Ζωοποιοῦσαν.
2783 4587 2862 4642 lta
2911 4594 3062 4642 recte
3113 4586 3284 4642 editio
3333 4601 3423 4642 an.
3476 4587 3640 4654 1658,

2055 4671 2195 4728 ιιι-οη
2219 4655 2559 4728 ζωοςποιοῦσα
2597 4658 2798 4728 prioris
2819 4697 2836 4722 ,
2860 4659 3334 4728 consentientibus
3363 4673 3498 4713 mss.

2128 4727 2243 4797 (15)
2271 4724 2445 4782 Εἶναι
2486 4724 2695 4783 inserui
2721 4743 2786 4784 ex
2832 4744 2965 4784 mss.
3010 4727 3173 4784 Deest
3198 4727 3344 4783 enim
3379 4729 3434 4783 in
3476 4727 3644 4784 editis

2057 4799 2223 4852 male.

2129 4867 2240 4936 (M)
2278 4867 2390 4922 Τοῦ
2431 4869 2706 4938 σώματος
2751 4866 2906 4922 deest
2951 4868 3007 4922 in
3049 4885 3154 4924 ms.
3204 4875 3466 4938 utroque,
3511 4870 3646 4938 quia

2057 4939 2270 5010 scilicet
2293 4954 2360 4991 ex
2389 4938 2843 5010 aritecedentibus
2879 4938 3038 4994 facile
3075 4939 3303 5010 intelligi
3333 4947 3567 5008 poterat.

2129 5008 2243 5085 (i5)
2283 5009 2446 5063 Κατὰ
2489 5009 2727 5078 ταύτης.
2785 5009 2888 5064 Ms.
2939 5008 3402 5081 utrunique'xat'r’
3448 5011 3641 5085 αὐτῆς,

2057 5080 2284 5151 rectius,
2314 5088 2374 5133 ut
2403 5090 2558 5151 puto.

2130 5148 2257 5222 (i6)
2291 5148 2525 5222 [νοερόν
2551 5165 2636 5205 τε.
2664 5149 2780 5222 Ms.
2804 5150 2846 5203 Β
2880 5149 3033 5207 addit
3075 5149 3168 5206 hic
3213 5164 3401 5206 vocem
3455 5150 3640 5222 φύσιν,

2056 5235 2231 5293 quam
2250 5221 2303 5274 in
2335 5221 2497 5293 editis
2527 5227 2651 5293 post
2677 5221 2830 5293 ἀειᾷῆ
2859 5222 3094 5278 invenis.

2047 5311 2051 5317 -
2117 5292 2244 5362 (t7)
2271 5291 2701 5361 Διαδυομένην.
2765 5291 2857 5347 Sic
2891 5293 3010 5362 lego
3039 5309 3105 5348 ex
3135 5305 3270 5346 mss.
3304 5306 3407 5362 pro
3431 5293 3645 5348 διαλυο-

2059 5361 2230 5432 μένην
2277 5362 2423 5432 quod
2463 5371 2548 5416 est
2598 5363 2652 5416 in
2688 5362 2874 5418 editis.
2926 5361 3002 5419 De
3036 5361 3422 5433 penetratione
3468 5365 3642 5431 enim,

2057 5447 2168 5488 non
2200 5440 2380 5486 autem
2415 5433 2712 5496 solutione,
2746 5449 2928 5488 sermo
2957 5443 3063 5490 est.

2129 5502 2243 5580 (18)
2286 5502 2655 5580 Ἐξῃρήσθω.
2707 5503 2822 5558 Hoc
2867 5505 3053 5559 malim
3085 5519 3156 5561 ex
3179 5521 3316 5562 mss.
3369 5523 3468 5580 pro
3495 5507 3642 5576 ἐξαι-

2061 5572 2237 5647 ρέεβςυ
2258 5575 2413 5647 quin!
2425 5575 2636 5647 9di‘11'!‘
2667 5584 2766 5647 est

2129 5643 2364 5720 (ωλΔέ.
2388 5643 2497 5720 _Ms.
2533 5643 2576 5698 Β
2607 5645 2738 5716 legit
2775 5645 2832 5700 in
2857 5652 3010 5702 textu
3038 5646 3128 5720 δή,
3164 5645 3205 5702 A
3236 5662 3367 5706 vero
3399 5649 3454 5706 in
3490 5665 3638 5708 mar-

2058 5716 2183 5788 gine
2202 5714 2360 5788 idern
2388 5715 2573 5788 habet.

2131 5785 2248 5860 (20)
2280 5781 2493 5845 Εἶπον.
2540 5785 2641 5845 Ms.
2669 5786 2716 5844 Β
2739 5786 2932 5844 εἰπών.
