4046 6350
532 432 602 494 27
1740 432 1798 487 ε.
1821 429 2149 488 οιιεροιιιι
2180 425 2470 484 Nrsszcxi
3711 434 3791 492 ςιε

534 554 598 604 ad
624 564 822 620 supera
847 548 1080 615 feratur,
1107 562 1204 619 per
1229 563 1407 604 acrem
1433 548 1651 604 ﬂatibus
1673 558 1851 612 vecta,
1873 557 1927 604 et
1946 549 2088 603 wtbe

2207 547 2355 609 ὲντῖς
2394 544 2607 600 κόκὶκυν
2656 545 2752 616 τὴν
2789 546 2883 599 ἐπὶ
2923 544 2984 598 τὸ
3016 543 3250 614 ἔμπαλιν
3296 545 3528 617 κίνησιν,
3577 550 3677 615 τάς
3717 567 3786 606 τε

533 657 663 697 rcus
696 642 838 712 ignis
871 641 937 694 ad
975 648 1179 694 terram
1207 640 1508 705 deferatur,
1543 642 1679 696 adeo
1714 652 1772 696 ut
1800 653 1853 699 et
1906 645 2088 699 infima

2211 641 2520 714 ὑποδρομὰς
2562 641 2657 695 καὶ
2692 640 2792 706 τὰς
2830 641 3110 707 συνόδους,
3164 641 3258 694 καὶ
3293 641 3391 706 τὰς
3426 645 3786 716 ἐναρμονίους

533 741 713 801 putes
736 729 940 786 caloris
965 739 1218 800 expertes
1244 746 1354 788 non
1380 733 1512 795 sint,
1531 742 1584 788 et
1604 741 1762 790 terra:
1780 738 2088 807 superfusut

2209 732 2536 796 ἀποστάσεις
2574 731 2682 785 τῶν
2724 733 2959 804 ἄστρωνο
2995 735 3024 786 ό
3071 733 3243 786 ταῦτα
3305 731 3517 803 βλέπων
3550 736 3628 807 τῷ
3662 738 3784 792 δια-

531 822 788 875 imbrium
833 821 1051 885 bumor,
1088 837 1210 876 cum
1250 839 1392 877 unus
1428 832 1626 878 natura
1659 827 1750 892 sit,
1785 828 2088 884 innumeras

2207 825 2440 896 νοητικῴ
2468 826 2566 896 τῆς
2597 825 2774 896 ψυχῆς
2813 825 3074 897 ὀφθαλμῷ
3096 866 3110 890 ,
3147 822 3256 898 ἆρα
3286 828 3405 898 οὐχ).
3431 829 3679 899 φανερῶς
3711 832 3780 885 ἐκ

527 910 833 980 germinum
862 909 1127 980 producat
1164 910 1503 968 dilIerentias
1541 913 1796 970 omnibus
1838 916 2105 984 subjeCtis

528 1011 654 1070 apte
675 1010 840 1072 atque
857 1001 1268 1056 accommodate
1299 1003 1596 1066 inhaerens,
1628 1012 1794 1074 atque
1821 1006 2099 1064 insidens:

527 1092 872 1147 celei-rimam
896 1093 1023 1149 item
1044 1093 1162 1148 axis
1179 1093 1237 1148 in
1259 1093 1446 1149 orbem
1470 1094 1789 1166 circumque
1806 1099 2099 1154 rotundqu

525 1187 944 1242 conversionem
985 1197 1152 1258 atque
1209 1187 1644 1254 revolutionem,
1672 1189 2102 1261 interiorumque

525 1275 859 1332 circulorum
887 1279 942 1332 in
973 1277 1313 1333 contrarium
1345 1279 1640 1334 motionem
1661 1319 1676 1346 ,
1703 1281 2101 1352 subjectiones-

524 1383 632 1436 que
663 1379 716 1423 et
741 1385 1068 1442 congressus
1103 1371 1352 1426 coitusve
1380 1379 1545 1441 atque
1567 1373 1886 1438 concinnas,
1921 1384 2097 1444 aptas,

524 1470 692 1522 ratas,
723 1471 1042 1519 constantes
1065 1504 1080 1529 ,
1113 1464 1499 1520 convenientes
1529 1474 1583 1519 et
1611 1467 1850 1535 aequales
1884 1467 2098 1538 digres-

521 1549 708 1606 siones
736 1551 1140 1623 distantiasque
1171 1554 1454 1609 siderum:
1494 1555 1609 1609 haec
1656 1557 1702 1612 si
1747 1558 1872 1626 quis
1918 1559 2097 1614 oculis

515 1640 893 1713 intelligentia:
949 1654 1115 1714 atque
1163 1645 1284 1699 acie
1338 1646 1541 1700 mentis
1591 1647 1858 1714 intuetur,
1909 1665 2093 1705 annon

520 1742 710 1800 aperte
743 1747 838 1801 per
871 1748 935 1788 ea
967 1749 1090 1804 qua:
1121 1742 1432 1804 apparent,
1467 1735 1698 1790 docetur
1726 1738 1870 1806 quod
1906 1739 2094 1794 divina

520 1821 604 1875 vis
635 1821 932 1878 artiﬁciosa
968 1823 1256 1892 solersqne
1291 1824 1346 1878 in
1391 1824 1557 1880 rebus
1609 1827 1884 1884 universis
1935 1845 2098 1899 appa-

2204 917 2313 970 τῶν
2337 917 2674 987 φαινομένων
2693 917 3023 980 διδάσκεται,
3054 918 3134 972 ὅτι
3156 918 3272 970 θεία
3293 918 3516 988 δύναμις
3533 919 3782 990 ἔντεχνος

2203 1023 2261 1059 τε
2296 1008 2391 1061 καὶ
2419 1009 2558 1079 σοφὴ
2585 1011 2701 1071 τοῖς
2731 1004 2883 1062 οὖσιν
2910 1009 3306 1080 ἐμφαινομένη,
3329 1011 3420 1062 καὶ
3446 1010 3533 1064 διὰ
3559 1011 3779 1064 πάντων

2203 1099 2411 1169 ἥκουσα
2436 1100 2504 1153 τὰ
2533 1101 2673 1172 μέρη
2702 1101 2813 1169 (40)
2839 1101 3166 1174 συναρμόζει
3194 1101 3272 1170 τῷ
3297 1101 3419 1172 ὅλῳ,
3455 1102 3545 1155 κα)⁸
3574 1101 3635 1154 τὸ
3653 1103 3775 1156 ὅλον

2205 1188 2512 1259 συμπληροῖ
2539 1191 2596 1242 ἐν
2631 1192 2744 1253 τοῖς
2769 1189 2980 1260 μέρεσι,
3011 1193 3100 1242 καὶ
3141 1190 3242 1260 μιᾷ
3279 1207 3382 1241 τινι
3421 1193 3773 1259 περικρατεῖι

2199 1295 2290 1332 ται
2319 1278 2545 1348 δυνάμει
2577 1279 2637 1332 τὸ
2669 1280 2776 1333 πᾶν
2801 1279 2936 1348 (41),
2974 1279 3105 1332 αὐτὸ
3133 1279 3190 1332 ὲν
3225 1277 3400 1349 ἑαυτῷ
3443 1278 3600 1348 μένον
3653 1279 3773 1350 [καὶ

2201 1368 2329 1438 περὶ
2357 1367 2515 1421 ἑαυτὸ
2540 1367 2875 1440 κινούμενον]
2901 1369 3033 1439 (42),
3057 1369 3150 1422 καὶ
3177 1368 3299 1422 οὔτε
3323 1369 3489 1440 λῆγόν
3516 1387 3642 1423 ποτε
3670 1370 3771 1439 τῆς

2199 1458 2466 1528 κινήσεως
2483 1499 2498 1524 ,
2522 1457 2644 1512 οὔτε
2683 1459 2764 1522 εἰς
2801 1459 2957 1514 ἄλλον
2982 1458 3106 1513 τινὰ
3133 1459 3296 1512 τόπον
3322 1459 3468 1529 παρά
3493 1459 3584 1513 τὸν
3602 1501 3615 1521 .
3641 1461 3699 1512 ὲν
3725 1453 3770 1528 ᾧ

2199 1547 2335 1611 ἐστι,
2352 1543 3010 1616 μεθιστάμενον;-Γ.Καὶ
3024 1539 3160 1606 πῶς,
3177 1542 3347 1606 εἷπον,
3364 1544 3396 1614 ἡ
3413 1543 3541 1618 περὶ
3554 1547 3614 1599 τὸ
3629 1546 3768 1605 εἶναι

2197 1633 2290 1690 τὸν
2316 1635 2449 1689 Θεὸν
2471 1635 2672 1700 πίστις,
2697 1637 2790 1690 καὶ
2817 1637 2914 1708 τὴν
2937 1635 3112 1707 ψυχὴν
3129 1631 3270 1688 εἶναι
3301 1633 3400 1706 τὴν
3423 1635 3768 1706 ἀνθρωπίνην

2198 1725 2711 1794 συναποδείκνυσιν;
2748 1727 2824 1780 Οὐ
2853 1727 2961 1798 γὰρ
2991 1727 3056 1798 δὴ
3087 1726 3280 1779 ταύτόν
3321 1727 3437 1778 ἐστι
3483 1725 3559 1795 τῷ
3587 1727 3706 1797 Θεῷ
3733 1729 3765 1798 ἡ

2195 1816 2363 1887 ψυχὴ,
2403 1815 2545 1882 ὥστε
2575 1819 2624 1872 εί
2662 1819 2799 1871 τὸὲν
2824 1820 3137 1890 όμολογοῖτο
3168 1819 3280 1890 (45)
3309 1814 3446 1871 εἶναι
3477 1820 3760 1887 συνομολο-

520 1926 690 1975 rens,
741 1920 907 1982 atque
962 1927 1060 1982 per
1109 1914 1292 1968 omnia
1345 1915 1625 1984 pertinens
1677 1933 1742 1974 ac
1791 1920 1909 1976 fusa
1967 1938 2088 1976 cum

2194 1908 2405 1976 γείσθαι
2434 1909 2650 1974 πάντως
2668 1910 2838 1964 καὶτὸ
2860 1911 3198 1983 λειπόμενον.

512 2014 702 2076 partes
740 2007 1119 2062 accommodat
1149 2017 1204 2063 et
1235 2009 1456 2079 adaptat
1488 2011 1624 2076 toti,
1657 2019 1771 2067 tum
1816 2021 1989 2070 totum
2037 2023 2285 2088 partibus
2321 2025 2537 2093 explet,
2584 2035 2748 2097 atque
2797 2042 2907 2081 una
2951 2025 3190 2097 quadam
3234 2023 3284 2076 vi
3323 2035 3502 2076 rerum
3541 2015 3764 2068 univcr-

519 2097 656 2150 sitas
687 2104 975 2151 coercetur
1017 2105 1072 2152 et
1102 2098 1438 2163 continetur,
1473 2099 1604 2154 dum
1640 2102 1760 2172 ipsa
1795 2107 1849 2158 in
1883 2122 1942 2161 se
1972 2111 2090 2178 ipsa
2123 2121 2336 2179 manet,
2368 2123 2424 2168 et
2462 2116 2671 2171 circum
2703 2133 2764 2173 se
2804 2117 2924 2188 ipsa
2954 2123 3222 2177 movetur,
3254 2129 3316 2167 ac
3363 2106 3566 2163 moveri
3608 2120 3760 2159 nun-

515 2201 680 2256 quam
731 2185 965 2252 desinit,
1031 2202 1209 2257 neque
1266 2188 1322 2242 in
1371 2188 1537 2242 alium
1580 2192 1868 2259 quemdam
1935 2195 2148 2266 locum,
2205 2210 2404 2271 praeter
2469 2218 2628 2269 eum,
2664 2185 3518 2276 inquoest,transmigrat?——G.
3558 2195 3618 2248 Ει
3649 2209 3768 2265 quo

512 2286 696 2346 pacto,
729 2278 982 2349 inquam,
1011 2288 1393 2350 argumentum
1412 2320 1426 2344 ,
1457 2295 1566 2348 quo
1595 2279 1762 2336 Deum
1794 2299 1916 2341 esse
1951 2287 2086 2344 ﬁdes
2116 2289 2176 2345 lit
2198 2332 2214 2357 ,
2250 2292 2412 2348 simul
2442 2293 2608 2349 etiam
2637 2295 2873 2350 animam
2905 2291 3197 2346 humanam
3227 2303 3350 2342 csse
3377 2283 3762 2341 demonstrat?

514 2367 633 2423 Non
664 2369 809 2424 enim
842 2370 1029 2441 utique
1056 2371 1247 2428 eadem
1283 2387 1408 2426 cum
1446 2371 1555 2427 Deo
1595 2389 1684 2430 res
1715 2376 1897 2432 anima
1929 2389 2048 2448 est,
2081 2390 2142 2438 ut
2168 2384 2216 2439 si
2243 2401 2410 2441 unum
2441 2401 2567 2444 esse
2597 2386 2956 2450 concedatur,
2998 2396 3226 2454 prorsus
3261 2379 3425 2434 etiam
3465 2378 3532 2434 de
3589 2379 3764 2436 altero

513 2476 626 2516 non
659 2461 965 2517 dubitetur.

603 2586 1153 2657 M.Atilla:Dicitur,
1202 2591 1401 2662 inquit,
1437 2606 1466 2645 a
1522 2593 1863 2664 sapientibus
1918 2594 2083 2650 homo

511 2695 712 2748 parvus
767 2681 987 2750 quidam
1043 2698 1167 2739 esse
1221 2684 1480 2750 mundus,
1543 2687 1634 2756 qui
1691 2687 1743 2740 iu
1799 2703 1922 2743 sese
1971 2687 2088 2743 haec

511 2770 784 2826 elementa
834 2774 1138 2840 contineat,
1190 2791 1256 2831 ex
1291 2777 1490 2846 quibus
1527 2793 1706 2833 rerum
1752 2779 2087 2836 universitas

511 2874 730 2920 constat
764 2875 928 2938 atque
977 2869 1244 2938 completa
1289 2879 1394 2926 est.
1431 2869 1588 2937 Quod
1644 2873 1687 2926 si
1743 2872 1858 2926 lnec
1899 2873 2088 2942 opinio

509 2971 639 3012 vera
692 2966 796 3026 est,
846 2967 908 3012 ut
939 2975 1061 3014 esse
1096 2961 1331 3027 videtur,
1386 2961 1616 3016 forsitan
1667 2979 1773 3017 non
1813 2978 1951 3033 opus
1986 2965 2088 3019 ha-

2270 2599 2344 2656 Μ.
2377 2597 2530 2663 Ἡδὲ,
2551 2596 2782 2666 Λέγεται
2806 2595 2944 2668 (44),
2991 2598 3146 2668 φησὶ,
3208 2597 3358 2668 παρὰ
3408 2597 3516 2651 τῶν
3582 2596 3766 2666 σοφῶν

2187 2689 2380 2761 μικρός
2429 2707 2514 2754 τις
2550 2683 2694 2744 εἶναι
2749 2689 2953 2760 κόσμος
2990 2692 3020 2743 ό
3051 2689 3357 2760 ἄνθρωπος,
3389 2688 3561 2744 ταῦτα
3609 2705 3768 2758 περι-

2185 2779 2324 2851 έχων
2369 2781 2429 2834 ἑν
2481 2781 2658 2852 ἑαυτῷ
2710 2780 2779 2834 τὰ
2819 2781 3058 2851 στοιχεῖα
3076 2819 3092 2846 ,
3152 2775 3236 2844 οἷς
3294 2781 3355 2835 τὸ
3393 2782 3500 2834 πᾶν
3553 2797 3769 2850 συμπεο

2188 2871 2486 2941 πλήρωται.
2512 2871 2574 2924 Εἰ
2591 2871 2648 2924 δὲ
2675 2870 2878 2943 ἀληθὴς
2910 2867 3064 2935 οὗτος
3097 2871 3295 2940 ὁλόγος
3315 2871 3480 2941 (ἔοικε
3501 2871 3602 2943 δὲ),
3623 2873 3772 2942 τάχα

2189 2961 2291 3013 οὐκ
2327 2960 2393 3014 ἂν
2427 2960 2619 3030 ἑτέρας
2648 2960 2948 3032 ἐδεήθημεν
2974 2962 3085 3032 (45)
3123 2962 3441 3034 συμμαχίας
3471 2965 3550 3028 είς
3579 2962 3640 3016 τὸ
3677 2963 3770 3032 βεο

511 3046 795 3103 buerimus
841 3049 949 3104 alio
981 3050 1188 3105 auxilio
1220 3052 1288 3106 ad
1322 3052 1749 3107 conﬁrmandam
1780 3068 2084 3123 eamquatn

2191 3049 2487 3119 σαιωθῆναι
2508 3052 2636 3120 ἡμῖν
2649 3050 2676 3102 ὃ
2690 3067 2756 3102 πε
2764 3051 2815 3120 ρὶ
2829 3050 3006 3122 ψυχῆς
3026 3051 3404 3122 ὑπειλήφαμεν
3425 3051 3557 3121 (40).
3577 3052 3712 3105 Ὑπε
3722 3069 3772 3103 ι-

510 3136 580 3192 de
625 3139 803 3192 anima
851 3140 1206 3210 concepimus
1259 3143 1570 3212 opinionem
1611 3161 1624 3198 :
1675 3159 1964 3208 canemus
1998 3160 2088 3198 au-

2191 3117 2436 3210 λήφαμεν
2451 3117 2582 3192 δὲ
2599 3135 2737 3192 εἶναι
2756 3117 3067 3211 animans
3088 3117 3287 3211 ἑαυτήν
3306 3117 3365 3195 έν
3379 3117 3764 3213 ἐξηλλαγμένῃ

509 3234 618 3282 tem
663 3245 783 3284 eam
819 3245 915 3300 per
949 3247 1071 3287 sese
1106 3232 1389 3301 przeditam
1447 3249 1571 3292 esse
1603 3246 1802 3290 natura
1844 3237 2085 3306 propria,

510 3319 791 3387 peculiari,
845 3322 1068 3386 eximia,
1113 3322 1331 3378 diversa
1359 3335 1524 3395 atque
1549 3327 1653 3379 alia
1689 3342 1853 3396 quam
1883 3343 2084 3398 corpus

509 3409 656 3480 quod
686 3427 750 3465 ex
791 3413 996 3468 crassis
1048 3415 1300 3484 partibus
1336 3424 1572 3471 constat.
1601 3416 1673 3471 Ut
1705 3419 1850 3472 enim
1877 3420 2088 3474 univer-

510 3516 632 3556 sum
679 3503 940 3556 mundum
990 3506 1197 3559 auxilio
1240 3522 1502 3562 sensuum
1544 3519 1960 3578 cognoscentes.
1992 3526 2090 3579 per

509 3593 685 3664 ipsam
722 3603 1037 3649 nostrorum
1067 3613 1325 3653 sensuum
1355 3599 1627 3653 actionem
1659 3607 1822 3668 atque
1851 3598 2089 3654 eﬂicicn-

511 3685 643 3740 tiam
683 3686 1011 3742 deducimur
1037 3689 1122 3756 .ad
1156 3690 1655 3746 considerationem
1698 3692 2089 3762 notionemque

509 3776 613 3841 rei,
667 3778 944 3848 opinionis
993 3787 1049 3836 et
1095 3780 1411 3837 intellectus
1460 3797 1684 3837 sensum
1750 3787 2084 3853 superantis,

509 3875 674 3936 atque
711 3868 906 3924 oculus
935 3869 1098 3925 nobis
1132 3871 1350 3925 exsistit
1380 3871 1652 3942 interpres
1692 3874 2085 3944 omnipotentis

509 3957 812 4028 sapientiae,
842 3975 966 4030 quae
1010 3961 1066 4015 in
1105 3976 1294 4040 rerum.
1337 3961 1556 4031 quidem
1587 3947 1945 4018 universitate
1969 3981 2088 4021 eer-

507 4049 680 4116 nitur,
711 4065 835 4104 eum
879 4066 1030 4114 vero.
1063 4051 1156 4122 qui
1189 4069 1285 4122 per
1334 4053 1505 4122 ipsam
1544 4054 1696 4108 solus
1743 4070 1832 4109 res
1865 4055 2086 4111 univer-

507 4153 599 4194 sas
651 4140 891 4210 undique
939 4142 1353 4212 comprehendit
1402 4151 1566 4212 atque
1613 4145 1932 4213 complexus
1981 4157 2086 4211 est,

506 4245 604 4300 per
654 4247 776 4288 sese
830 4232 1084 4288 indicat:
1134 4233 1208 4287 ita
1259 4233 1406 4293 dum.
1435 4247 1560 4288 euut
1614 4248 1852 4303 quoque,
1897 4233 1991 4303 qui
2029 4233 2084 4288 in

507 4322 668 4376 nobis
693 4332 800 4387 est,
828 4321 1092 4378 mundum
1120 4323 1424 4385 intuemur,
1461 4324 1604 4378 haud
1642 4339 1808 4394 parva
1842 4324 2086 4379 subsidia

506 4410 768 4467 habemus
811 4429 908 4484 per
945 4429 1008 4470 ea
1039 4429 1160 4484 quae
1209 4424 1508 4483 apparent,
1550 4415 1715 4469 etiam
1760 4415 1828 4468 ad
1857 4415 1907 4468 id
1940 4414 2085 4484 quod

2188 3223 2246 3285 τε
2273 3231 2366 3284 καὶ
2410 3229 2685 3303 ἰδιαζούσῃ
2719 3229 2914 3300 φύσει,
2941 3230 3092 3303 παρά
3117 3231 3218 3302 τὴν
3242 3231 3557 3304 σωματικὴν
3588 3249 3771 3303 παχυ-

2191 3324 2434 3394 μέρειαν.
2477 3321 2565 3384 Ὠς
2587 3323 2695 3391 γὰρ
2718 3321 2896 3376 πάντα
2930 3321 3021 3376 τὸν
3057 3322 3260 3393 κόσμον
3284 3322 3375 3377 διὰ
3394 3323 3495 3392 τῆς
3516 3322 3770 3393 αἰσθητι-

2187 3414 2292 3484 κῆς
2320 3416 2657 3487 ἀντιλήψεως
2687 3415 3141 3486 ἐπιγινώσκοντες
3173 3456 3188 3480 ,
3221 3417 3289 3472 δι’
3319 3418 3488 3489 αὐτῆς
3506 3419 3605 3489 τῆς
3624 3419 3772 3472 κατὰ.

2186 3507 2284 3578 τὴν
2329 3509 2581 3580 αἴσθησιν
2619 3509 2775 3581 ἡμῶν
2813 3509 3090 3581 ἐνεργείας
3121 3512 3202 3574 είς
3233 3510 3330 3581 τὴν
3373 3509 3469 3563 τοῦ
3507 3511 3649 3580 ὑπὲρ
3674 3512 3769 3564 ατ-

2188 3599 2380 3670 σθησιν
2405 3600 2724 3672 πράγματος
2745 3601 2857 3672 (47)
2881 3602 2978 3654 καὶ
3002 3603 3275 3672 νοήματος
3295 3601 3508 3655 ἔννοιαν
3536 3601 3767 3672 ὁδηγού-

2191 3691 2329 3760 μεθιι
2371 3688 2513 3760 (48),
2552 3689 2648 3742 καὶ
2693 3689 2901 3758 γίνεται
2930 3690 3062 3760 ἡμῖν
3091 3690 3120 3742 ό
3162 3687 3439 3758 ὀφθαλμὸς
3491 3684 3768 3759 ἑρμηνεὺς

2184 3779 2284 3849 τῆς
2305 3779 2710 3851 παντοδυνάμου
2744 3779 2967 3848 σοφίας,
3002 3781 3101 3850 τῆς
3130 3778 3210 3849 τῷ
3246 3778 3407 3832 παντὶ
3438 3779 3536 3850 μὲν
3564 3777 3768 3831 ὲνθεω-

2190 3867 2478 3939 ρουμένης,
2511 3867 2604 3920 τὸν
2624 3867 2682 3920 δὲ
2706 3867 2826 3920 κατ’
2852 3865 3022 3938 αὐτὴν
3048 3865 3160 3937 (49)
3193 3865 3286 3920 τοῦ
3319 3865 3519 3929 παντὸς
3546 3867 3764 3937 περιδεο

2184 3958 2489 4029 δραγμένον
2512 3957 2578 4011 δι’
2610 3956 2810 4027 ἑαυτῆς
2846 3956 3198 4029 μηνυούσης,·
3227 3955 3368 4010 οὕτω
3399 3957 3490 4010 καὶ
3519 3956 3654 4026 πρὸς
3673 3956 3770 4010 τὸν

2187 4053 2245 4103 ὲν
2273 4051 2402 4120 ἡμῖν
2427 4050 2714 4120 βλέποντες
2729 4049 2955 4120 κόσμον,
2983 4050 3045 4103 οὐ
3067 4049 3269 4121 μικρὰς
3293 4049 3489 4120 ἔχομεν
3510 4048 3768 4119 ἀφορμὰς

2189 4141 2324 4212 πρὸς
2342 4141 2402 4194 τὸ
2421 4142 2509 4195 διὰ
2529 4141 2636 4196 τῶν
2660 4142 3000 4211 φαινομένων
3019 4141 3111 4194 καὶ
3128 4139 3221 4193 τοῦ
3240 4140 3624 4212 κεκρυμμένου
3647 4141 3764 4210 (50)

2187 4233 2713 4304 καταποχάσασθαι.
2747 4233 3070 4306 Κέκρυπται
3101 4233 3156 4286 δὲ
3178 4235 3380 4300 έκεῖνο,
3406 4232 3435 4286 ὃ
3457 4233 3542 4302 ἐφ’
3567 4232 3767 4288 ἑαυτοῦ

2187 4323 2246 4377 ὃν
2273 4324 2459 4393 νοητόν
2481 4340 2541 4376 τε
2587 4322 2698 4394 (51)
2721 4323 2814 4377 καὶ
2835 4322 3009 4388 ἀειδὲς
3027 4322 3306 4392 διαφεύγει
3327 4322 3424 4395 τὴν
3444 4322 3769 4394 αἰσθητικὴν

2187 4413 2532 4484 κατανόησιν.

504 4505 780 4561 occultum
813 4513 916 4570 est,
947 4505 1263 4575 conjectura
1296 4506 1668 4575 perveniendi.
1714 4506 1772 4559 ιιι
1803 4515 1984 4560 autem
2016 4507 2070 4559 in
2109 4519 2235 4560 sese
2289 4505 2563 4560 occultum
2599 4511 2655 4560 et
2693 4505 3073 4560 absconditum
3117 4514 3219 4572 est,
3255 4504 3402 4575 quod
3471 4512 3526 4560 οι
3586 4512 3792 4560 mente-

504 4608 559 4652 ct
618 4598 976 4668 intelligentia
1027 4597 1328 4667 percipitur
1371 4597 1667 4666 formaeque
1715 4611 1912 4666 expers
1966 4606 2071 4660 est,
2112 4595 2262 4668 quod
2303 4611 2570 4652 sensuum
2614 4595 2804 4668 eﬂ‘ugit
2857 4595 3410 4652 animadversionem.

580 4735 644 4787 (ἶ.
670 4730 847 4802 Atque
861 4730 1209 4801 ego:Verum
1234 4728 1500 4799 sapientia
1539 4729 1790 4800 quidem,
1831 4731 2074 4802 inquam,

2249 4731 2310 4787 Γ.
2333 4727 2503 4798 Κάγὼ
2516 4725 2691 4786 εῐπον·
2721 4725 2886 4784 Ἀλλά
2908 4731 3008 4801 τὴν
3048 4731 3159 4802 (52)
3217 4730 3310 4785 τοῦ
3355 4730 3554 4794 παντὸς
3595 4731 3766 4802 ὕπερο

502 4817 623 4893 quze
683 4821 738 4875 in
803 4819 1016 4890 superis
1077 4820 1322 4891 partibus
1383 4820 1542 4891 quasi
1585 4821 1641 4875 in
1705 4837 1831 4878 arce
1889 4839 2072 4878 rerum

503 4995 694 5061 λοιπὰς
716 4997 813 5068 τὴν
841 4997 1106 5054 ἐναντίαν.
1123 4999 1537 5068 -Περιφοράν,
1569 4995 1752 5052 Ταῦτα
1762 4998 1938 5052 πάντα
1959 4998 2075 5052 δια-

503 5068 844 5190 ἴὲρὲίυξίσιν
877 5071 1142 5142 κινήσεων
1170 5069 1265 5124 καὶ
1299 5069 1534 5141 σχέσεων
1563 5069 1699 5139 πρὸς
1723 5068 1926 5140 ἄλληλα
1969 5068 2080 5122 τῶν

541 5154 740 5194 στρων,

677 5211 690 5278 )
731 5209 806 5263 Τὰ
830 5210 1004 5277 μέρη.
1038 5208 1464 5278 Μεηυιιλιιῐηιιυθ
1490 5207 1561 5262 τά
1575 5224 1654 5261 τε.

599 5275 690 5346 41)
721 5268 1060 5347 Δυνῖάῂεἱτὸ
1081 5277 1223 5332 πᾶν.
1252 5268 1346 5332 ‘Ita
1372 5268 1519 5334 recte
1553 5278 1719 5333 editio
1751 5278 1877 5332 anui
1917 5276 2074 5332 1658.

505 5345 678 5418 Aliter
729 5345 912 5418 habet_
945 5349 1311 5418 interpunctio
1359 5349 1413 5402 in
1469 5347 1707 5418 editione
1759 5347 2075 5418 1615.78ed

506 5415 786 5487 mendose.
808 5416 985 5487 l‘odex
1005 5417 1046 5487 Β
1064 5415 1160 5487 pro
1188 5419 1436 5487 sequenti
1455 5417 1586 5472 αὐτό
1607 5418 1735 5487 legit
1751 5420 1891 5472 male
1906 5416 2073 5486 αὐτῷ,

577 5484 689 5551 με,
718 5485 856 5552 Περὶ
879 5484 1469 5556 ἐαυτόκινούλιενον.
1526 5489 1600 5556 Ita
1635 5484 1830 5556 scripsi
1862 5503 1927 5542 ex
1962 5484 2069 5556 ms.

505 5553 550 5606 A
578 5570 679 5627 p_ro_
703 5555 852 5627 edito
879 5557 1007 5627 περὶ
1047 5556 1179 5610 αὐτὸ
1218 5553 1519 5627 γινόμενον.
1565 5555 1700 5614 Cod.
1751 5553 2075 5613 Bineudose

506 5624 636 5684 περὶ
662 5624 876 5681 ἑαυτοῦ.
907 5624 1114 5680 ϐἐειθτε
1145 5624 1442 5684 consentit.

601 5693 690 5767 43)
733 5694 1150 5767 _f0po,10r0iro.
1222 5695 1297 5767 Ita
1348 5704 1579 5766 uterque
1639 5701 1807 5752 codex
1867 5712 1965 5767 pro
2009 5711 2075 5752 co

507 5765 649 5829 quod
681 5764 849 5818 editio
890 5766 1026 5823 1658
1055 5766 1216 5824 habet
1252 5764 1601 5838 ὡμολογεῖτο,
1637 5777 1690 5823 et
1723 5764 1892 5823 altera
1927 5768 2076 5837 prior

507 5831 850 5884 ὡμολόγοιτο.

504 5849 850 5902 ωμοωγοιτο.
937 5901 943 5906 ,

2180 4820 2438 4892 κειμένην
2465 4819 2658 4891 σοφίαν
2687 4819 2776 4873 διά
2795 4821 2904 4875 τῶν
2929 4821 3380 4894 ὲνθεωρουμένων
3395 4815 3638 4895 τῆφύσει
3654 4824 3764 4878 τῶν

2255 4997 2367 5068 (44)
2419 4998 2482 5050 Ἠ
2505 4995 2593 5061 δὲ,
2623 4994 2885 5068 ᾼέγεςαι.
2917 4998 2980 5068 In
3014 4996 3164 5052 calce
3180 4996 3397 5068 codicis
3425 4997 3467 5049 A
3504 4996 3760 5068 hancin-

2181 5065 2356 5122 venis'
2388 5075 2593 5131 notam,
2634 5065 2883 5122 ἐντεῦθεν
2925 5065 3026 5129 τὰς
3072 5066 3202 5136 περὶ
3247 5066 3422 5136 ψυχῆς
3458 5066 3762 5132 ἀποδείξεις

2182 5137 2404 5208 γράφει-

2253 5203 2365 5276 (45)
2417 5206 2789 5276 meanw-
2815 5205 2859 5258 Α
2895 5205 2938 5257 B
2963 5203 3306 5276 δεηθειημεν,

2253 5274 2366 5346 (46)
2417 5274 3101 5346 ’Υπειλήφαμεῃβισίβ
3155 5274 3568 5345 ὑπειλήφαμεν
3603 5275 3758 5330 ὑπει-

2183 5344 2434 5416 λήφαμεν
2466 5347 2523 5398 δὲ
2557 5345 2760 5416 ἑαυτὴν
2792 5344 3187 5416 ἐξηλλαγμένη.

2255 5413 2365 5486 (47)
2409 5413 2774 5486 Πράγματος.
2817 5413 2930 5486 ΔγξΒ
2966 5413 3288 5486 πράγματός
3329 5431 3410 5468 τε.

2253 5484 2362 5555 (48)
2415 5484 2829 5554 Ὀδηγούμεθα.
2860 5485 2899 5535 Β
2931 5484 3335 5555 ποδηγούμεθα.

2258 5553 2370 5624 (49)
2411 5553 2787 5622 Κατ’ᾱὺτήγ.
2818 5555 2863 5624 Α
2891 5553 3014 5608 καθ’
3045 5553 3258 5624 ἑαυτόν.

2251 5621 2364 5696 (50)
2401 5625 2516 5696 Τοῦ
2556 5621 2984 5696 κεκρυμμένου.
3046 5622 3104 5678 In
3144 5625 3296 5680 calce
3334 5622 3542 5679 codicis
3586 5621 3628 5676 A
3662 5623 3758 5695 τῆς

2180 5694 2356 5764 ψυχῆς
2394 5694 2660 5760 δηλονότι.

2252 5763 2364 5833 (51)
2412 5767 2514 5816 Ὃν
2547 5765 2770 5833 νοητόν
2803 5781 2884 5816 τε.
2922 5765 2966 5815 Λ
3001 5763 3030 5814 ὃ
3065 5763 3254 5833 νοητόν
3285 5779 3374 5816 ἰτε.⁴

2254 5832 2366 5902 (ὕὲὶ)
2419 5832 2592 5888 Ἀλλὰ
2619 5833 2749 5901 τήν.
2787 5835 2827 5884 Λ
2859 5833 2898 5883 Β
2928 5833 3060 5886 ἀλλὰ
3093 5832 3188 5902 τῆν
3218 5833 3335 5901 μέν.
