4046 6350
212 437 303 494 εει

1292 440 1376 517 ΟΕ
1414 439 1631 495 ΛΝΙΜΑ
1668 436 1755 493 ΕΤ
1785 436 2387 495 RESURRECTIONE.
3413 434 3489 490 30

215 548 392 604 ὀντων
420 547 599 618 σοφῶν
614 563 674 602 τε
694 550 786 603 καὶ
800 550 1065 621 τεχνικῶν
1082 551 1275 620 λόγων,
1295 554 1352 605 ὲν
1364 554 1429 623 τῇ
1450 552 1683 624 ἁρμονίᾳ
1700 551 1810 622 (55)

1917 552 2171 622 prmsidct
2217 550 2563 606 universitati
2609 550 2705 620 per
2747 564 2864 613 cas,
2915 563 3037 619 qua:
3079 556 3394 617 spectantur
3426 551 3485 603 in

213 638 397 710 ταύτῃ
422 640 513 691 καὶ
537 639 891 711 διακοσμήσει
920 641 1145 695 δυνατόν
1176 644 1324 695 ἐστιν
1348 642 1770 711 άναλογίσασθαι
1791 660 1803 673 ·

213 732 402 801 ψυχῆς
428 733 486 785 δὲ
522 732 724 800 γνῶσις
753 733 838 786 διὰ
862 734 969 789 τῶν
998 734 1141 787 κατὰ
1175 732 1238 787 τὸ
1268 734 1423 804 σῶμα
1447 733 1810 803 δεικνυμένων

214 822 307 884 τίς
347 823 414 876 ἂν
444 822 653 891 γένοιτο
689 827 800 887 τοῖς
830 825 940 877 ἀπὸ
977 824 1086 877 τῶν
1117 825 1454 894 φαινομένων
1488 824 1547 877 τὸ
1568 823 1810 896 κρυπτὸν

217 917 625 987 ἀνιχνεύουσιν;
663 917 939 972 —M.Ka.i.
960 918 1191 989 μάλιστα
1212 917 1323 986 (54)
1346 916 1443 990 μέν
1481 934 1562 970 τοι
1586 958 1599 979 ,
1647 915 1811 986 φησιν

220 1008 257 1076 ἡ
314 1007 609 1077 παρθένος,
653 1010 766 1072 τοῖς
802 1007 942 1062 κατὰ
963 1008 1024 1061 τὸ
1058 1009 1219 1079 σοφὸν
1246 1009 1419 1061 ἐκεῖνο
1447 1008 1812 1079 παράγγελμα

220 1099 518 1167 γινώσκειν
559 1102 785 1164 ἑαυτοὺς
814 1101 1205 1172 ἐπιθυμοῦσιν·
1239 1103 1289 1155 εί
1328 1101 1490 1172 κᾶνή
1531 1102 1640 1170 (55)
1670 1101 1813 1156 διδά-

222 1190 426 1253 σκαλος
448 1191 556 1244 τῶν
592 1192 721 1261 περὶ
748 1191 929 1261 ψυχῆς
955 1192 1281 1263 ὑπολήψεων
1299 1191 1438 1262 αὑτὴ
1478 1194 1511 1262 ὴ
1538 1191 1705 1262 ψυχὴ,
1729 1192 1812 1245 ὅτι

221 1282 388 1346 ἇῦλός
434 1300 518 1346 τις
555 1284 667 1351 (56)
705 1285 799 1336 καὶ
836 1284 1153 1355 ἀσώματος,
1199 1284 1549 1355 καταλλήλως
1596 1287 1663 1354 τῇ
1701 1283 1810 1353 ἰδίᾳ

222 1374 392 1442 φύσει
424 1374 724 1445 ἐνεργοῦσά
763 1375 876 1446 (57)
903 1393 962 1428 τε
990 1376 1084 1428 καὶ
1111 1375 1429 1445 κινουμένη,
1458 1374 1551 1428 καὶ
1583 1374 1671 1427 διὰ
1704 1373 1811 1427 τῶν

227 1466 560 1535 σωματικῶν
575 1466 823 1539 ὀργάνων
843 1468 941 1529 τὰς
964 1466 1102 1530 ίδίας
1136 1469 1378 1537 κινήσεις
1399 1466 1805 1537 ἐνδεικνυμένη.

238 1556 308 1608 Ἦ
338 1558 448 1626 γὰρ
474 1557 738 1628 ὀργανικὴ
763 1558 856 1610 τοῦ
893 1556 1142 1627 σώματος
1175 1556 1313 1629 αῦτη
1350 1557 1613 1626 διασκευὴ
1635 1596 1649 1619 ,
1695 1556 1811 1608 ἔστι

230 1648 334 1716 μὲν
362 1647 512 1701 οὐδὲν
554 1644 715 1720 ἦττον
761 1649 855 1700 καὶ
894 1648 1120 1700 ἐπὶτῶν
1163 1648 1652 1719 ἀπονεκρωθέντων
1694 1647 1807 1717 (53)

226 1739 321 1793 διὰ
359 1739 610 1801 θανάτου,
651 1739 764 1793 ἀλλ’
799 1739 1053 1809 ἀκίνητος
1092 1738 1204 1810 (59)
1256 1740 1404 1808 μένει
1456 1740 1551 1791 καὶ
1593 1739 1811 1810 ἀνενιξρ⁴

227 1847 420 1899 γητος,
435 1831 533 1899 τῆς
548 1830 783 1901 ψυχικῆς
804 1832 1081 1900 δυνάμεως
1104 1832 1160 1883 ἐν
1184 1832 1319 1903 αὐτῇ
1348 1831 1421 1903 μὴ
1440 1831 1606 1901 οὔσης
1640 1833 1811 1884 Κινεῖ-

1917 654 2111 701 natura
2150 661 2353 711 rerum,
2387 646 2622 700 solertes
2658 651 2711 697 et
2756 641 3085 697 artiﬁciosas
3134 640 3397 705 rationes,
3427 641 3487 695 in

1912 738 2014 791 bac
2057 746 2203 806 apta,
2234 736 2528 799 concinna,
2560 732 2925 789 consentienti
2962 740 3125 800 atque
3147 731 3487 799 conspirantl

1912 828 2284 892 distinctione,
2333 828 2704 897 descriptione
2745 834 2909 894 atque
2949 824 3260 893 digestione
3307 831 3489 893 potest

1912 917 2276 972 animadverti
2310 930 2476 988 atque
2508 915 2769 971 aestimari
2801 934 2814 969 :
2849 914 3047 967 anima:
3085 927 3215 965 vero
3244 911 3487 982 cognitio

1913 1025 2011 1078 per
2047 1025 2109 1064 ea
2137 1026 2255 1080 quae
2291 1010 2345 1064 in
2379 1024 2610 1079 corpore
2646 1008 3039 1067 ostenduntur,
3080 1019 3327 1073 quaenam
3355 1019 3489 1059 con-

1915 1102 2126 1173 tingere
2199 1103 2373 1172 possit
2428 1102 2495 1156 iis
2548 1101 2641 1170 qui
2693 1116 2789 1169 per
2822 1100 3139 1169 apparentia
3186 1096 3330 1165 quod
3386 1108 3483 1147 oc-

1913 1193 2122 1247 cultum
2154 1203 2272 1256 est,
2315 1182 2942 1259 investigant?M.Atque
2990 1187 3283 1241 admodum
3331 1198 3483 1249 sane,

1914 1281 2091 1352 inquit
2114 1281 2290 1352 virgo,
2316 1281 2398 1335 vel
2421 1280 2540 1349 ipsa
2570 1279 2940 1347 anima,juxta
2967 1277 3166 1332 scitum
3191 1275 3325 1329 illud
3349 1288 3487 1345 prte-

1914 1382 2153 1444 ceptum,
2201 1372 2413 1441 seipsos
2466 1384 2699 1426 noscere
2731 1369 3107 1438 cupientibus,
3162 1367 3487 1436 Opinionum

1913 1473 2079 1534 atque
2108 1462 2530 1535 persuasionum
2587 1461 2656 1516 de
2710 1462 2890 1514 anima
2922 1459 3055 1513 satis
3097 1458 3290 1511 idonea
3335 1453 3487 1509 sum-

1912 1556 2175 1625 ciensque
2198 1554 2456 1625 magistra
2495 1559 2601 1616 est,
2629 1567 2823 1620 nempe
2847 1552 2991 1620 quod
3021 1565 3217 1618 expers
3244 1546 3486 1600 materia:

1912 1654 1966 1701 et
2007 1647 2336 1715 incorporea
2376 1643 2623 1714 quaedam
2669 1643 2763 1707 sit,
2798 1658 2917 1711 qua:
2952 1641 3019 1694 ad
3047 1656 3199 1693 suam
3235 1648 3487 1693 naturam

1912 1733 2323 1789 accommodate
2367 1742 2421 1786 et
2462 1738 2713 1801 operetut
2763 1739 2818 1783 et
2854 1738 3161 1792 moveatur,
3196 1739 3250 1782 et
3284 1743 3378 1797 per
3406 1727 3487 1791 in-

1914 1830 2219 1877 strumenta
2286 1818 2597 1889 corporalia
2664 1832 2797 1872 suas
2870 1817 3143 1870 motiones
3210 1817 3481 1868 ostendat.

228 1936 322 1972 ται
345 1919 402 1972 δὲ
426 1920 543 1972 τότε
574 1921 701 1974 ὅταν
728 1921 763 1991 ἦ
784 1938 843 1973 τε
876 1920 986 1991 (60)
1007 1920 1257 1991 αἴσθησις
1277 1936 1333 1975 ιν
1351 1924 1461 1985 τοῖς
1481 1921 1731 1992 ὀργάνοις
1750 1916 1807 1991 ᾖ,

1917 1914 2411 1968 lnstrumentorum
2444 1911 2589 1965 enim
2619 1909 2868 1980 corporis
2918 1907 3034 1961 haec
3065 1907 3294 1976 digestio
3322 1918 3485 1976 atque

230 2008 328 2060 καὶ
368 2007 457 2060 διὰ
494 2007 594 2076 τῆς
634 2008 939 2079 αἰσθήσεως
971 2012 1001 2081 ἠ
1043 2010 1207 2079 νοητὴ
1247 2009 1475 2080 δύναμις
1513 2010 1676 2082 διήκῃ
1699 2010 1808 2079 (61)

229 2098 354 2159 ταῖς
406 2095 567 2159 ἰδίαις
611 2097 809 2166 ὁρμαῖς
862 2097 1189 2166 συγκινοῦσα
1224 2099 1359 2169 πρὸς
1400 2099 1460 2151 τὸ
1496 2097 1688 2151 δοκοῦν
1740 2096 1811 2148 τὰ.

230 2186 504 2256 ὀργανικὰ
530 2186 876 2259 αἰσθητήρια,
892 2183 1025 2238 —I‘.
1044 2180 1555 2253 Τίοῦν,εῐπον,ἐστὶν
1571 2193 1604 2261 ὴ
1627 2189 1771 2259 ψυχή
1791 2207 1806 2254 ς

232 2276 286 2328 εί
308 2274 534 2329 δυνατὸν
562 2275 704 2346 λόγῳ
729 2276 835 2330 τινὶ
865 2277 965 2348 τὴν
998 2276 1160 2345 φύσιν
1189 2276 1571 2347 ὑπογραφῆναι
1593 2319 1608 2343 ,
1643 2279 1717 2340 ὼς
1744 2280 1808 2332 ἄν

231 2383 322 2430 τις
348 2366 561 2435 γένοιτο
591 2368 724 2437 ἡμῖν
750 2366 843 2421 τοῦ
865 2367 1221 2439 ὑποκειμένου
1245 2367 1333 2421 διὰ
1366 2368 1465 2439 τῆς
1486 2369 1809 2439 ὑπογραφῆς

232 2454 593 2524 κατανόησις.
612 2458 719 2514 Καὶ
733 2459 766 2528 ἡ
781 2452 1459 2517 διδάσκαλος,-1ι1.“Λλλοι
1481 2454 1579 2525 μὲν
1612 2454 1806 2516 ἄλλως,

234 2545 404 2615 φησὶ,
449 2545 543 2599 τὸν
576 2544 704 2616 περ).
747 2544 915 2614 αὐτῆς
954 2546 1304 2616 ἀπεφήναντο
1342 2543 1522 2613 λόγον,
1572 2544 1715 2598 κατὰ
1749 2544 1809 2596 τὸ

232 2635 425 2692 δοκοῦν
448 2636 676 2700 ἕκαστος
706 2638 1028 2708 ὁριζόμενοι,
1053 2639 1085 2709 ἡ
1119 2638 1175 2691 δέ
1208 2637 1450 2708 ἡμετέρα
1485 2635 1613 2706 περὶ
1639 2635 1810 2703 αὐτῆς

234 2728 363 2794 δόξα
404 2727 575 2793 οὕτως
620 2728 766 2799 ἔχει⁹
810 2729 970 2799 Ψυχή
1025 2729 1171 2781 ἐστιν
1209 2728 1364 2781 οὐσία
1391 2725 1624 2797 γεννητὴ
1675 2724 1810 2795 (6:2),

234 2820 395 2875 οὐσία
420 2819 589 2885 ζῶσα,
618 2820 800 2891 νοερὰ,
824 2819 1033 2889 σώματι
1056 2818 1331 2889 όργανικῷ
1364 2819 1457 2871 καὶ
1487 2815 1810 2886 αἰσθητικῷ,

234 2912 465 2981 δύναμιν
494 2910 729 2980 ζωτικὴν
758 2912 851 2963 καὶ
877 2911 985 2964 τῶν
1016 2910 1290 2980 αἰσθητῶν
1320 2908 1716 2979 ἀντιληπτικὴν
1742 2907 1810 2959 δι’

237 3001 439 3070 ἑαυτῆς
462 2999 677 3054 ἐνιοῦσα
711 3001 845 3070 (63),
880 3000 982 3063 ἕως
1011 2999 1077 3053 ἂν
1113 3002 1146 3071 ή
1174 2998 1395 3069 δεκτικὴ
1450 2998 1654 3052 τούτων
1688 3014 1814 3049 συν-

238 3093 434 3162 ἕστηκε
468 3091 575 3163 (64)
606 3092 787 3161 φύσις.
808 3095 916 3145 Καὶ
953 3092 1069 3161 ἅμα
1104 3091 1277 3145 ταῦτα
1309 3091 1543 3159 λέγουσα
1574 3090 1813 3143 δείκνυσι

235 3184 301 3252 τῇ
334 3182 479 3252 χειρὶ
523 3182 612 3234 τὸν
644 3182 825 3253 ἰατρὸν
862 3180 953 3234 τὸν
987 3180 1083 3233 ἐπὶ
1122 3180 1385 3251 θεραπείᾳ
1423 3181 1515 3233 τοῦ
1565 3179 1812 3249 σώματος

236 3272 376 3343 αὐτῇ
421 3272 865 3342 προσκαθήμενοι)
887 3310 902 3335 ,
937 3272 1029 3324 καί
1072 3288 1259 3341 φησιν·
1314 3272 1508 3338 Ἐγγὺς
1542 3272 1675 3339 ἡμῖν
1706 3269 1813 3321 τῶν

236 3362 543 3432 είρημένων
582 3364 615 3432 ἡ
654 3361 946 3433 μαρτυρία.
990 3360 1115 3424 Πῶς
1147 3361 1275 3430 γὰρ,
1307 3356 1459 3412 εἶπεν
1494 3360 1629 3425 (65υ,
1661 3355 1815 3421 οὗτος

239 3452 513 3506 ἐπιϐαλὼν
536 3456 601 3521 τῇ
626 3452 863 3524 ἀρτηρίᾳ
881 3454 981 3522 τὴν
1004 3452 1113 3505 τῶν
1135 3451 1411 3505 δακτύλων
1434 3451 1597 3521 ἁφὴν,
1626 3449 1814 3503 ἀκούει

237 3544 437 3614 τρόπον
466 3544 589 3596 τινὰ
623 3543 712 3595 διὰ
734 3544 832 3613 τῆς
868 3543 1106 3611 ἁπικῆς
1141 3541 1442 3613 αἰσθήσεως
1471 3541 1571 3611 τῆς
1600 3541 1815 3610 φύσεως

240 3635 375 3704 πρὸς
400 3635 563 3688 αὐτὸν
591 3633 821 3705 βοὼσης,
857 3633 951 3685 καὶ
978 3632 1045 3686 τὰ
1080 3633 1188 3686 ίδια
1226 3634 1374 3703 πάθη
1406 3633 1771 3703 διηγουμένης
1794 3672 1809 3697 ,

238 3725 319 3779 δτι
352 3726 409 3778 ἐν
445 3725 691 3778 ἐπιτάσει
732 3724 848 3775 ἐστὶ
873 3722 951 3793 τῷ
985 3722 1199 3793 σώματι
1223 3723 1286 3775 τὸ
1326 3723 1685 3795 ἀρρώστημα,
1720 3726 1815 3778 καὶ

237 3815 345 3870 ἀπὺ
388 3814 554 3868 τῶνδε
587 3814 697 3867 τῶν
738 3813 1061 3883 σπλάγχνων
1101 3815 1135 3884 ή
1187 3813 1343 3877 νόσος
1382 3814 1679 3886 ὥρμηται,
1718 3815 1811 3869 καὶ

238 3905 332 3959 ἐπὶ
381 3904 593 3958 τοσόνδε
636 3904 953 3975 παρατείνει
1002 3902 1097 3957 τοῦ
1148 3903 1393 3973 φλογμοῦ
1440 3907 1473 3974 ἡ
1524 3906 1810 3971 ἐπίτασις;

240 3996 558 4051 Διδάσκεται
585 3996 642 4049 δὲ
674 3995 767 4049 καὶ
800 3996 903 4048 ὑπὸ
929 3994 1023 4048 τοῦ
1057 3995 1337 4065 ὀφθαλμοῦ
1369 3996 1506 4050 ἄλλα
1544 3996 1767 4050 τοιαῦτα
1794 4039 1809 4064 ,

241 4086 372 4156 πρός
394 4103 453 4139 τε
476 4086 536 4138 τὸ
554 4086 739 4156 σχῆμα
768 4084 864 4153 τῆς
893 4084 1262 4147 κατακλίσεως
1285 4084 1518 4153 βλέπων,
1554 4088 1647 4139 καὶ
1678 4088 1814 4158 πρὸς

238 4176 335 4248 τὴν
365 4176 475 4229 τῶν
510 4174 728 4247 σαρκῶν
765 4174 1044 4245 τηκεδόνα.
1085 4176 1193 4228 Καὶ
1221 4177 1297 4240 ὼς
1331 4178 1685 4249 ἐπισημαίνει
1716 4180 1812 4251 τὴν

238 4269 384 4324 ἔνδον
415 4267 676 4329 διάθεσιν,
708 4266 769 4320 τό
805 4283 864 4319 τε
908 4262 1047 4330 εἶδος
1075 4266 1167 4320 τοῦ
1203 4267 1489 4339 χρώματος
1509 4309 1523 4333 ,
1561 4270 1814 4342 ὕπωχρόν

237 4375 298 4413 τε
338 4358 397 4410 ὃν
443 4357 540 4410 καὶ
580 4355 838 4427 χολῶδες,
870 4357 964 4409 καὶ
999 4358 1033 4427 ἡ
1068 4357 1176 4410 τῶν
1214 4358 1476 4429 ὀμμάτων
1523 4360 1651 4432 βολὴ
1686 4365 1813 4433 περὶ

238 4450 344 4505 τῶν
374 4450 687 4503 λυπούντων
718 4450 831 4518 (66)
876 4451 971 4503 καὶ
999 4449 1230 4519 ἀλγύνον
1274 4452 1596 4523 αὐτομάτως
1623 4455 1778 4523 ἐγκλι
1797 4486 1811 4493 -

1913 2013 2208 2075 apparatus
2229 2011 2323 2059 est
2344 2002 2565 2072 quidem
2582 1998 2943 2053 nihilominus
2977 2000 3032 2051 in
3063 2006 3236 2053 morte
3268 2013 3479 2067 perem-

1913 2097 2020 2165 ptis
2067 2103 2121 2150 ct
2147 2093 2454 2157 exstinctis,
2477 2092 2572 2146 sed
2603 2092 2747 2160 quod
2770 2090 2967 2143 anima:
2984 2089 3135 2143 visin
3154 2104 3216 2143 ea
3249 2105 3355 2141 non
3389 2088 3482 2151 sit,

1912 2202 2109 2257 expers
2140 2193 2321 2241 manet
2341 2192 2395 2240 et
2414 2182 2672 2238 motionis
2688 2188 2741 2235 et
2762 2180 3013 2234 actionis.
3036 2179 3283 2233 Movetur
3300 2188 3482 2233 autem

1912 2286 2067 2342 tunc,
2112 2293 2235 2331 cum
2277 2284 2332 2332 et
2363 2290 2561 2331 sensus
2595 2272 2950 2329 instrumenti
2998 2282 3102 2337 est,
3146 2280 3199 2326 et
3234 2288 3328 2341 per
3361 2286 3487 2325 sen-

1911 2386 2032 2423 sum
2079 2367 2420 2440 intelligendi
2460 2368 2543 2424 vis
2574 2377 2740 2438 atque
2770 2364 3009 2419 facultas
3045 2363 3285 2434 pertinet
3317 2370 3484 2431 atque

1914 2462 2163 2534 pervadit
2191 2476 2298 2515 una
2327 2476 2453 2516 cum
2486 2460 2603 2516 suis
2635 2458 2924 2516 conatibus
2954 2463 3009 2511 et
3057 2454 3486 2525 appetitionibus

1912 2570 2022 2624 quo
2064 2554 2238 2607 visum
2277 2553 2460 2611 fuerit.
2504 2553 2664 2608 simul
2711 2567 2937 2606 movens
2982 2563 3243 2605 sensuum
3281 2546 3486 2599 instru-

1915 2634 3211 2703 menta.—G.Quidigitur.inquam.estanima7
3256 2637 3301 2692 si
3347 2638 3487 2691 forte

1913 2743 2093 2805 potest
2127 2734 2309 2803 aliqua
2352 2734 2564 2785 ratione
2610 2742 2804 2785 natura
2852 2730 2974 2800 ejus
3009 2727 3286 2798 designari
3322 2738 3488 2795 atque

1915 2826 2172 2891 describi,
2236 2836 2294 2880 ut
2346 2842 2409 2880 ex
2475 2826 2593 2894 ipsa
2637 2824 3010 2878 delineatione
3057 2832 3223 2890 atque
3279 2820 3488 2872 tl‘St'l‘l-

1918 2919 2103 2989 ptione
2153 2917 2339 2987 aliquo
2381 2917 2540 2970 modo
2580 2915 2725 2981 quod
2765 2914 3111 2985 propositum
3162 2921 3268 2973 est,
3311 2911 3489 2963 anim-

1915 3008 2235 3061 advertatur
2300 3002 2975 3075 etcognoscatur.—-Il.Et
3023 3002 3280 3070 magistra
3312 3040 3325 3060 ,
3384 2998 3489 3051 Alii

1917 3099 2137 3167 quidem
2193 3098 2376 3160 aliter,
2430 3090 2646 3165 inquit,‘
2683 3093 2953 3148 rationem
3002 3093 3125 3159 ejus
3174 3091 3485 3150 ediderunt,

1919 3197 2083 3257 prout
2124 3189 2328 3258 etu'que
2380 3187 2681 3249 videretur,
2730 3184 3093 3238 deﬁnientes:
3127 3189 3315 3237 nostra
3360 3194 3490 3235 vero

1917 3276 1986 3331 de
2041 3292 2103 3330 ea
2158 3277 2432 3332 sententia
2487 3276 2613 3330 talis
2659 3281 2746 3329 est
2804 3292 2818 3327 :
2866 3272 3067 3327 Anima
3118 3280 3203 3326 est
3249 3270 3489 3325 essentia

1915 3376 2194 3435 generata,
2236 3366 2478 3421 essentia
2515 3367 2727 3427 vivens,
2768 3364 3176 3425 intellectualis,
3209 3361 3490 3431 corporeis

1915 3471 2172 3510 sensuum
2220 3455 2600 3511 instrumentis
2652 3454 2890 3516 vivendi,
2928 3462 3091 3523 atque
3133 3469 3196 3507 ea
3243 3466 3364 3521 quae
3396 3466 3489 3505 ca-

1915 3546 2054 3601 dunt
2105 3547 2207 3601 sub
2266 3563 2462 3602 sensus
2520 3546 2856 3617 percipiendi
2902 3545 3221 3599 facultatem
3276 3560 3341 3598 ac
3378 3546 3488 3597 vim

1917 3652 2011 3705 per
2056 3652 2176 3691 sese
2214 3652 2514 3706 suggerens
2562 3642 2616 3689 et
2666 3636 2989 3696 immittens,
3034 3633 3278 3703 quandiu
3314 3646 3487 3701 capax

1914 3742 2103 3782 earum
2150 3742 2330 3781 rerum
2374 3735 2567 3780 natura
2611 3735 2872 3781 constare
2916 3727 3188 3781 videatur.
3225 3723 3289 3775 Et
3324 3723 3491 3776 simul

1915 3816 2031 3870 haec
2091 3816 2303 3877 dicens,
2362 3816 2657 3879 medicum,
2718 3818 2811 3886 qui
2861 3816 2909 3871 ei
2965 3815 3193 3871 curandi
3240 3816 3493 3884 corporis

1915 3922 2080 3962 causa
2124 3908 2420 3972 assidebat,
2480 3923 2642 3961 manu
2700 3908 2970 3973 ostendit,
3019 3917 3074 3962 et
3122 3908 3234 3961 ait:
3284 3906 3495 3960 Praesto

1918 4001 2081 4054 nobis
2114 4010 2406 4055 esteorum
2432 4016 2552 4069 quae
2581 4000 2729 4053 dicta
2759 4009 2888 4055 sunt
2918 3998 3317 4054 testimonium.
3346 3997 3493 4063 Quo-

1915 4107 2043 4146 nam
2086 4093 2229 4145 enim
2277 4092 2463 4159 modo,
2500 4092 2699 4161 inquit,
2743 4092 2831 4147 bic
2889 4100 3035 4145 tactu
3089 4092 3382 4160 digitorum
3422 4089 3491 4144 ad

1915 4184 2169 4239 arteriam
2216 4184 2482 4248 adhibito,
2535 4199 2630 4254 per
2668 4184 2928 4253 tangendi
2957 4198 3181 4237 sensum
3220 4182 3492 4251 quodam-

1914 4274 2075 4328 modo
2107 4274 2259 4328 audit
2294 4274 2363 4328 ad
2388 4275 2568 4345 ipsum
2594 4276 2918 4329 clamantem
2951 4281 3226 4337 naturam,
3252 4288 3491 4343 suasque

1914 4367 2229 4423 aﬂ'ectiones
2284 4375 2339 4422 et
2384 4369 2739 4438 aegritudines
2807 4377 3182 4429 enarrantem,
3239 4365 3385 4435 quod
3436 4366 3491 4419 in

1917 4458 2257 4514 incremento
2288 4459 2547 4513 nimirum
2594 4468 2651 4514 et
2699 4458 2753 4513 in
2787 4458 3093 4513 intentione
3124 4458 3374 4529 corporis
3410 4457 3494 4511 in-

238 4541 457 4612 νομένη.
511 4540 785 4605 Ὡσαύτως
819 4542 877 4596 δὲ
916 4541 1011 4595 καὶ
1064 4544 1098 4613 ἡ
1132 4542 1268 4614 ἀκοὴ
1305 4544 1416 4614 (67)
1460 4544 1568 4598 τῶν
1609 4548 1810 4617 ὁμοίων

1918 4552 2147 4609 firmitas
2191 4552 2285 4613 sit,
2325 4558 2381 4607 et
2412 4552 2481 4605 ab
2534 4550 2624 4605 his
2668 4550 2976 4605 visceribus
3010 4524 3240 4603 morbus
3270 4557 3493 4604 exortus

237 4630 553 4693 διδάσκαλος
577 4630 822 4699 γίνεται,
850 4630 925 4701 τῷ
949 4632 1006 4684 δὲ
1030 4631 1143 4701 (68)
1173 4634 1363 4705 πυκνῷ
1389 4635 1481 4688 τοῦ
1510 4636 1806 4709 ἄσθματος,

236 4722 328 4774 καὶ
355 4721 433 4791 τῷ
465 4722 887 4793 συνεκδιδομένῳ
923 4722 1063 4792 μετὰ
1087 4724 1185 4795 τῆς
1211 4725 1487 4797 ἀναπνοῆς
1521 4732 1807 4803 στεναγμῷ

236 4812 299 4867 τὸ
338 4813 510 4879 πάθος
547 4812 1005 4881 ἐπιγινώσκουσα.
1053 4816 1210 4868 Εἴποι
1250 4817 1294 4869 δ’
1326 4816 1390 4871 ἄν
1423 4835 1508 4883 τις
1546 4822 1683 4893 μηδὲ
1710 4824 1810 4893 τὴν

237 4904 502 4975 δσφρησιν
540 4904 636 4957 τοῦ
678 4907 1042 4976 ἐπιστήμονος
1077 4908 1476 4963 ἀνεπίσκεπτον
1522 4908 1663 4966 εἶναι
1713 4915 1809 4968 τοῦ

238 4996 461 5060 πάθους.
491 4996 627 5052 ἀλλὰ
657 4997 746 5052 διὰ
782 4998 881 5067 τῆς
910 5000 1069 5062 ποιᾶς
1099 4998 1194 5052 τοῦ
1232 5001 1509 5071 ἄσθματος
1550 5004 1809 5077 ἰδιότητος

236 5087 613 5155 ἐπιγινώσκειν
641 5089 701 5141 τὸ
729 5089 1177 5160 ἐγκεκρυμμένον
1204 5094 1317 5155 τοῖς
1359 5093 1687 5166 σπλάγχνοις
1710 5099 1811 5170 ἀρ-

466 5221 735 5300 Ἁρμονίᾳ
760 5229 866 5300 etc.
894 5222 1198 5300 ἐναρμονίῳ
1222 5225 1394 5299 ταύτῃ
1422 5227 1801 5300 διακοσμήσει.

459 5290 755 5361 Μάλιστα.
794 5292 834 5342 Β
866 5290 1030 5361 μάλα.

457 5362 526 5431 El
558 5360 676 5415 κᾶν
704 5362 765 5428 ἡ.
803 5362 847 5415 Α
876 5362 917 5412 Β
942 5363 1125 5431 ἱκανή.

304 5428 417 5494 (56)
459 5430 680 5495 Ἀῦλός
711 5448 819 5495 τις.
852 5433 897 5483 Α
926 5432 966 5482 Β
988 5428 1148 5495 ante;
1174 5435 1257 5497 τίς
1282 5437 1418 5489 ἐστι.

464 5500 851 5576 ςΕνεργοῦσα.
885 5502 926 5553 Β
959 5504 1345 5576 ἐνεργουμένη.

325 5569 413 5648 56)
462 5569 1110 5648 ᾎπρνεκρωθένξωνςΑ
1142 5569 1656 5648 άποναρκωθὲντων.

325 5638 413 5711 56)
458 5639 778 5711 ξΑκίνηζος.
812 5641 856 5693 Δ
892 5641 933 5692 Β
955 5641 1209 5711 ἀκίνητός
1232 5661 1311 5700 τε.

324 5707 413 5783 66)
456 5709 631 5783 forar-
660 5708 880 5783 11(9)}
901 5711 978 5763 ὅτ’
1009 5711 1075 5765 ἂν
1166 5729 1244 5769 τε.

323 5777 414 5851 9!)
451 5778 653 5851 ιὶιήκη-
686 5780 726 5851 A
756 5778 1032 5851 δέήκηται-

323 5846 413 5920 62)
452 5846 743 5918 Γεννητή.
775 5849 816 5901 Β
830 5846 1061 5922 γενικὴ.

1917 4644 2009 4708 sit,
2065 4653 2120 4699 et
2171 4643 2361 4697 tandiu
2394 4652 2723 4713 prorogetur
2766 4658 2831 4696 ac
2883 4642 3042 4696 duret
3072 4640 3287 4695 ardoris
3332 4641 3495 4694 vehe-

1874 4762 1881 4771 -
1915 4737 2154 4792 mentia?
2209 4735 2388 4804 Atque
2430 4735 2538 4788 alia
2579 4750 2799 4806 quoque
2834 4734 2963 4789 talia
2993 4733 3157 4789 discit
3197 4734 3266 4787 ab
3307 4733 3489 4797 oculo,

1913 4826 2040 4880 dum
2082 4826 2168 4882 vel
2203 4827 2269 4881 ad
2331 4826 2559 4897 ﬁguram
2591 4836 2650 4882 et
2688 4827 2932 4881 habitum
2967 4825 3368 4886 decumbentis,
3406 4824 3491 4878 vel

1912 4918 1979 4972 ad
2019 4919 2271 4972 carnium
2299 4919 2479 4973 tabem
2509 4922 2670 4988 atque
2696 4919 3092 4989 collapsionem
3140 4918 3391 4987 respicit.
3420 4917 3483 4971 Et

1912 5008 2373 5078 quemadmodum
2424 5016 2478 5064 et
2534 5009 2746 5079 species
2804 5008 3008 5063 coloris
3056 5009 3141 5061 vel
3196 5009 3489 5078 subpallidi

1911 5100 1995 5155 vel
2036 5100 2239 5166 biliosi,
2291 5108 2346 5156 et
2376 5101 2665 5157 oculorum
2714 5100 2856 5158 ictus
2889 5102 2956 5156 ad
2998 5102 3246 5156 habitum
3284 5102 3489 5157 doloris

1985 5232 2098 5301 (65)
2149 5233 2450 5287 Ἐνιοῦσα.
2484 5234 2529 5286 Α
2558 5234 2598 5284 Β
2630 5234 2851 5286 ὲνιεῖσα.

1984 5303 2096 5373 (64)
2135 5302 2502 5370 Συνέστηκε.
2536 5305 2581 5356 Α
2624 5303 2677 5358 ἰη
2709 5303 2951 5373 margine
2982 5303 3341 5372 συνεστηκυῖα
3374 5303 3492 5373 φαί-

1911 5390 2093 5510 νοῇίἒ)
2134 5442 2266 5507 Πῶς
2305 5440 2414 5510 γὰρ
2458 5436 2646 5495 εἶπεν.
2698 5440 2752 5496 In
2798 5442 2946 5497 calce
2994 5442 3200 5497 codicis
3250 5444 3289 5496 A
3350 5443 3488 5497 hanc

1908 5520 2093 5584 notam
2128 5511 2412 5584 invenies:
2444 5511 2755 5581 Σημείωσαι
2802 5513 2949 5576 ὅπως
2996 5512 3175 5584 ίατρδν
3217 5514 3296 5576 είς
3346 5531 3480 5584 μαρ-

1906 5598 1971 5634 τυ
1980 5581 2098 5651 ρίαν
2131 5581 2303 5634 καλεῖ.

1906 5649 2118 5773 ἀλ(66)ό
2134 5650 2256 5705 Τῶν
2278 5649 2652 5717 λυπούντων,
2674 5660 2779 5708 etc.
2813 5652 2859 5705 Α
2894 5650 2935 5707 Β
2962 5652 3024 5706 τὸ
3071 5651 3273 5706 λυποῦν
3304 5668 3363 5707 τε
3392 5650 3485 5706 κλὶ

1974 5738 2088 5773 γειν
2123 5740 2168 5773 ν.

1974 5738 2168 5787 γεινον.

1986 5790 2096 5861 (67)
2149 5789 2219 5844 ἰι
2248 5788 2419 5861 ἀκοή.
2459 5790 2560 5861 ηὴ
2593 5791 2707 5861 βοή.

1980 5859 2089 5930 (σε)
2137 5861 2217 5926 τῷ
2248 5859 2330 5912 δέ.
2368 5860 2408 5911 ιι
2436 5859 2514 5929 τῷ
2538 5877 2613 5913 τε.
