4046 6350
528 440 595 516 si
1691 444 1693 446 ’
1784 469 1842 520 s.
1867 466 2195 525 cneconn
2229 467 2520 524 NYSSENI
3186 523 3190 526 ,
3714 461 3800 518 ss

528 567 768 625 indicem
808 575 975 640 atque
1000 570 1242 630 tristitia:
1269 586 1370 631 sua
1405 549 1610 648 sponte
1639 576 1910 637 inclinans
1936 581 2107 637 inter-

2225 583 2496 654 δώστημα.
2529 577 2658 654 'Ap‘
2697 576 2790 636 οὗν
2839 580 2887 634 εί
2928 579 3005 652 μή
3047 595 3134 643 τις
3169 577 3398 649 δύναμις
3444 572 3512 648 ἦν
3551 576 3717 648 νοητὴ
3747 580 3792 648 ὴ

530 677 663 719 mm
703 662 977 736 signiﬁcat
1024 665 1392 735 affectionem,
1432 678 1599 741 atque
1649 672 1834 728 itidem
1887 674 2108 730 auditus

531 769 755 826 quoque
797 756 1062 813 similium
1117 759 1385 832 magister
1425 764 1668 829 exsistit,
1725 775 1838 820 tum
1890 781 1956 821 ex
2002 766 2109 822 fre-

531 848 721 917 quenti
753 863 817 902 ac
841 851 1035 906 crebra
1063 852 1433 918 anhelatione,
1466 864 1582 912 tum
1615 872 1680 913 ex
1705 859 1913 930 gemitu
1947 859 2110 915 simul

533 941 659 992 cum
706 940 1074 1009 respiratione
1119 944 1269 1001 edito
1322 946 1700 1019 aegritudinem
1745 965 2107 1020 cognoscens.

535 1029 744 1086 Dixerit
794 1043 976 1088 autem
1013 1037 1236 1106 aliquis,
1276 1054 1344 1094 ne
1375 1032 1669 1094 odoratum
1696 1040 1915 1111 quidem
1950 1040 2110 1113 periti

529 1122 644 1180 non
685 1138 848 1195 posse
885 1127 1326 1185 animadvertere
1365 1137 1420 1184 et
1455 1139 1648 1186 notare
1695 1133 1968 1198 morbum,
2013 1132 2109 1188 sed

533 1228 633 1287 ων
677 1224 884 1271 certam
919 1215 1212 1286 quamdam
1251 1221 1528 1278 anhelitus
1579 1223 1901 1294 qualitatem
1936 1237 2108 1293 agno-

532 1303 661 1363 eere
693 1309 748 1362 in
782 1308 1094 1366 visceribus
1132 1311 1391 1368 latentem
1427 1313 1823 1368 infirmitatem.
1851 1309 2108 1384 Nunquid

524 1397 707 1466 igitur
756 1397 874 1453 iure
907 1399 1022 1455 ﬁeri
1066 1409 1311 1470 possent,
1338 1402 1441 1457 nisi
1473 1401 1657 1473 aliqua
1679 1402 1762 1458 vis
1783 1417 1906 1470 quae
1931 1411 2112 1458 mente

532 1491 782 1544 cernitur
833 1498 888 1545 et
939 1491 1044 1547 sub
1103 1492 1520 1562 intelligentiam
1581 1492 1748 1557 cadit,
1816 1493 2114 1562 unicuique

531 1596 794 1636 sensuum
839 1581 1056 1638 adesset
1109 1583 1518 1639 instrumento?
1570 1581 1711 1650 Quid
1773 1598 1874 1638 nos
1915 1599 2109 1640 manus

533 1672 604 1724 ab
644 1688 712 1727 se-
739 1672 857 1742 ipsa
906 1673 1109 1728 docere
1144 1674 1440 1744 potuisset,
1478 1674 1584 1729 nisi
1625 1674 1885 1744 cogitatio
1917 1676 2113 1730 mentis

533 1760 590 1815 et
650 1761 1010 1830 intelligentia
1059 1762 1126 1816 ad
1183 1762 1424 1832 subjecti
1484 1762 1860 1833 cognitionem
1907 1771 2113 1818 tat-tum

534 1853 874 1906 deduceret?
908 1852 1054 1918 Quid
1091 1853 1218 1908 item
1249 1853 1468 1908 auditus
1515 1869 1546 1906 a
1589 1862 1771 1908 mente
1807 1855 2111 1923 sejunctus,

2210 675 2424 744 ἑκάστῳ
2453 674 2561 728 τῶν
2605 671 2974 743 αἰσθητηρίων
3021 668 3274 741 παροῦσα
3304 685 3318 733 ;
3367 667 3432 720 τί
3474 667 3541 720 ἂν
3571 669 3718 738 ἡμᾶς
3751 669 3795 738 ἡ

2209 768 2331 840 χεὶρ
2362 769 2454 838 ἀφ’
2487 767 2684 837 ἑαυτῆς
2705 763 2998 830 ἐδιδάξατο,
3028 763 3104 833 μὴ
3133 761 3234 832 τῆς
3267 759 3478 823 ἐννοίας
3511 761 3650 830 πρὸς
3686 760 3795 828 τὴν

2207 857 2303 912 τοῦ
2338 856 2698 928 ὑποκειμένου
2726 855 2928 925 γνῶσιν
2961 853 3060 924 τὴν
3090 851 3235 923 ἁφὴν
3278 849 3616 921 ὁδηγούσης;
3649 848 3714 902 Τί
3743 850 3796 902 δ’

2211 939 2338 1018 avi)
2367 947 2504 1018 ἀκοὴ
2535 947 2646 1017 (69)
2687 945 2924 1008 διανοίας
2958 940 3313 1012 διεζευγμένη
3334 981 3349 1004 .
3394 941 3428 1011 ἢ
3473 940 3749 1012 ὀφθαλμὸς
3775 980 3794 1004 ν
3889 941 3892 944 ’

2209 1038 2244 1110 ἢ
2278 1037 2490 1109 μυκτὴρ
2518 1037 2652 1106 (70),
2683 1036 2716 1108 ἢ
2746 1037 2873 1092 ἄλλο
2906 1052 2958 1088 τι
2981 1033 3336 1104 αἰσθητήριον
3362 1031 3502 1102 πρὸς
3526 1033 3625 1101 τὴν
3658 1031 3790 1083 ὲπί-

2210 1147 2409 1200 γνωσιν
2452 1131 2544 1183 τοῦ
2588 1129 2915 1201 ζητουμένου
2949 1129 3314 1196 συνήργησεν,
3359 1126 3408 1176 εἱ
3456 1125 3542 1191 ἐφ’
3593 1120 3793 1176 ἑαυτοῦ

2215 1223 2376 1292 μόνου
2399 1221 2602 1275 τούτων
2621 1221 2850 1274 ἕκαστον
2871 1216 2939 1290 ἦν
2963 1235 2978 1284 ;
3020 1217 3160 1270 Ἀλλ’
3185 1217 3214 1270 ὃ
3241 1217 3458 1270 πάντων
3482 1215 3630 1268 ἐστὶν
3655 1214 3790 1284 άλη-

2213 1313 2467 1367 θέστατον
2497 1313 2610 1386 (7i)
2631 1353 2645 1377 ,
2688 1313 2717 1366 ὃ
2753 1312 2932 1375 καλῶς
2951 1328 3036 1374 τις
3063 1310 3170 1364 τῶν
3193 1309 3300 1374 ἔξω
3326 1307 3779 1377 πεπαιδευμένων

2212 1404 2382 1458 εἰπὼν
2412 1402 2827 1475 μνημονεύεται,
2856 1401 2946 1455 τὸν
2973 1401 3102 1456 νοῦν
3121 1397 3260 1455 εἶναι
3288 1399 3380 1451 τὸν
3405 1397 3618 1469 ὁρῶντα
3652 1396 3793 1465 (72‘,

2214 1499 2306 1552 καὶ
2331 1497 2453 1550 νοῦν
2475 1497 2567 1550 τὸν
2593 1495 2876 1549 ἀκούοντα.
2901 1495 2963 1547 Εἰ
2992 1492 3101 1563 γάρ
3131 1493 3205 1564 μὴ
3236 1492 3392 1546 τοῦτο
3409 1490 3525 1561 δοίη
3562 1506 3646 1552 τις
3677 1488 3796 1557 (75)

2213 1589 2412 1657 ἀληθὲς
2450 1583 2613 1650 εἷναι,
2661 1587 2800 1650 πῶς,
2835 1587 2954 1639 εἰπὲ
2983 1587 3070 1648 σὺ,
3097 1585 3232 1655 πρὸς
3257 1583 3347 1636 τὸν
3383 1582 3533 1652 ἥλιον
3560 1579 3796 1651 βλέπων,

2213 1677 2396 1741 καθὼς
2427 1677 2710 1748 ἐδιδάχθης
2751 1675 2905 1746 παρὰ
2938 1673 3031 1728 τοῦ
3060 1673 3381 1728 διδασκάλου
3411 1670 3652 1740 βλέπειν,
3694 1668 3798 1736 οὐχ

2213 1773 2334 1835 ὅσος
2363 1771 2609 1840 φαίνεται
2632 1772 2743 1834 τοῖς
2773 1769 3006 1832 πολλοῖς,
3033 1766 3283 1820 τοσοῦτον
3324 1763 3486 1818 αὑτὸν
3516 1763 3624 1834 φῂς
3651 1755 3795 1813 εῖναι.

2214 1862 2292 1933 τῷ
2323 1860 2542 1932 μεγέθει
2571 1859 2664 1914 τοῦ
2703 1858 2902 1912 κύκλου
2925 1900 2939 1922 ,
2971 1857 3088 1911 ἀλλ’
3117 1854 3445 1927 ὑπερϐαλεῖν
3483 1850 3799 1904 πολλαπλά-

535 1951 634 1997 aut
666 1945 883 2007 oculus,
934 1954 1026 1999 aut
1073 1959 1263 2010 nasus,
1297 1955 1389 2000 aut
1422 1944 1645 2016 aliquod
1673 1947 1818 2001 aliud
1853 1962 2112 2002 sensuum

2225 1921 2456 2020 σία’(Ἱλ)
2490 1949 2569 2020 τῷ
2599 1948 2784 2020 μέτρῳ
2819 1921 2999 2001 πᾶσαν
3034 1945 3135 2016 τὴν
3163 1921 3303 2014 rip);
3336 1940 3450 1994 Οὐκ
3494 1935 3682 2006 ἐπειδὴ
3717 1936 3784 2003 τῇ

537 2037 962 2092 instrumentum
1003 2036 1068 2091 ad
1103 2038 1470 2108 cognitionem
1505 2039 1582 2092 rei
1616 2039 1861 2108 quaesitae
1889 2038 2116 2109 adjuva-

535 2137 640 2192 ret,
664 2130 710 2183 si
755 2144 850 2199 per
875 2144 996 2184 sese
1027 2129 1203 2182 solum
1254 2128 1446 2182 horum
1476 2129 1910 2200 unumquodque
1935 2131 2119 2186 esset?

540 2214 648 2272 Sed
693 2219 936 2273 omnium
982 2226 1068 2273 est
1095 2218 1465 2282 verissimum,
1501 2220 1646 2290 quod
1678 2221 1899 2291 quidam
1934 2232 2117 2276 exter-

540 2310 629 2366 nis
655 2311 855 2366 litteris
875 2327 938 2365 ac
991 2311 1304 2381 disciplinis
1329 2312 1582 2366 eruditus
1601 2313 1860 2383 praeclare
1881 2329 1945 2369 ac
1970 2324 2119 2369 recte

2221 2043 2349 2114 ποίᾳ
2376 2042 2610 2113 κινήσει,
2646 2041 2739 2094 κα).
2771 2039 2887 2102 τοῖς
2906 2037 3178 2109 χρονικοῖς
3201 2051 3260 2087 τε
3289 2033 3382 2085 καὶ
3405 2029 3653 2090 τοπικοῖς
3681 2025 3799 2114 δια-

2224 2111 2499 2201 στήμασι,
2533 2129 2627 2181 καὶ
2667 2127 2788 2191 ταῖς
2833 2125 3203 2186 ὲκλειπτικαῖς
3241 2121 3444 2182 αίτίαις
3478 2119 3544 2188 τῇ
3592 2111 3801 2182 διανοίᾳ

2221 2223 2310 2278 διὰ
2339 2222 2451 2276 τῶν
2491 2219 2832 2290 φαινομένων
2865 2216 3234 2286 ἀκολουθήσας
3256 2252 3272 2277 ,
3312 2209 3530 2283 Οαρῤὦν
3563 2203 3802 2273 ἀποφαί-

2223 2331 2328 2368 νων
2351 2314 2462 2384 (75)
2491 2313 2550 2366 τὸ
2578 2311 2751 2375 οὕτως
2772 2309 2948 2380 εχεινς

539 2404 749 2460 dixisse
803 2412 1158 2471 memoratur,
1204 2413 1440 2460 mentem
1499 2421 1624 2461 esse
1685 2407 1944 2462 nimirum
1999 2423 2120 2480 qua:
2187 2408 2391 2472 videat,
2443 2415 2677 2462 mentem
2732 2404 2860 2460 item
2907 2416 3028 2473 qua:
3074 2397 3278 2454 audiat.
3331 2393 3466 2451 Nam
3522 2393 3628 2449 nisi
3674 2390 3799 2464 quis

542 2494 647 2550 lioc
695 2495 908 2551 dederit
949 2512 1074 2552 esse
1121 2511 1333 2560 verum,
1384 2509 1495 2568 quo
1551 2507 1733 2568 pacto,
1764 2499 1852 2556 dic
1888 2507 1969 2566 tu,
2017 2516 2144 2555 cum
2185 2502 2354 2558 solem
2407 2499 2663 2564 intueris,
2699 2495 3157 2570 quemadmodum
3200 2508 3229 2546 a
3261 2491 3524 2561 magistro
3588 2486 3799 2541 intueri

541 2588 806 2652 didicisti,
850 2604 958 2642 non
1001 2595 1240 2658 quantus
1280 2590 1458 2660 .vulgo
1515 2590 1832 2646 hominibus
1877 2599 2122 2661 apparet,
2159 2597 2370 2644 tantum
2420 2606 2544 2644 eum
2579 2605 2704 2645 esse
2757 2588 2861 2650 ais,
2897 2586 2992 2640 sed
3034 2581 3393 2652 amplitudine
3463 2591 3526 2633 ac
3587 2573 3800 2645 magni-

543 2680 738 2736 tudine
786 2680 939 2736 orbis
988 2682 1175 2737 multis
1236 2683 1488 2754 partibus
1556 2699 1822 2753 superare
1883 2693 2089 2738 terram
2153 2685 2503 2740 universam?
2546 2697 2725 2736 annon
2771 2678 2917 2751 quod
2961 2685 3169 2732 certum
3215 2671 3504 2744 quemdam
3565 2676 3796 2732 motum,

544 2781 960 2843 tempormnquc
1024 2775 1232 2844 pariter
1292 2790 1358 2830 ac
1413 2777 1658 2831 locorum
1722 2776 2016 2832 distantias
2072 2785 2126 2832 et
2165 2778 2472 2844 intervalla,
2519 2777 3000 2843 dcl‘ectionumque
3048 2783 3244 2825 causas
3323 2778 3421 2837 per
3485 2759 3803 2834 apparentia

543 2873 724 2920 mente
766 2875 988 2921 secutus
1019 2865 1119 2934 sis,
1149 2866 1491 2923 conﬁdenter
1528 2868 1855 2938 pronuntias
1888 2875 2056 2939 atque
2093 2886 2308 2935 censes,
2348 2871 2419 2925 ita
2456 2885 2516 2927 se
2559 2885 2672 2925 rem
2707 2865 2953 2923 habere?

615 3023 796 3092 Atque
837 3022 1003 3076 etiam
1060 3023 1202 3077 lima:
1235 3021 1656 3078 diminutionem
1713 3033 1767 3078 et
1821 3026 2128 3080 incremen-

545 3121 666 3168 t'um
719 3128 847 3167 cum
897 3113 1072 3176 vides.
1137 3126 1235 3184 per
1282 3130 1405 3169 eam
1463 3129 1586 3184 quae
1629 3123 1854 3185 apparet
1911 3116 1966 3170 in
2012 3118 2126 3171 ele-

2306 3029 2416 3082 Κα).
2435 3029 2532 3100 τῆς
2567 3028 2796 3100 σελήνης
2825 3023 2938 3096 (76)
2966 3021 3190 3095 μείωσίν
3212 3037 3269 3072 τε
3297 3017 3393 3072 κα).
3425 3015 3653 3086 αὔξησιν
3677 3011 3802 3083 βλέ-

2233 3137 2372 3184 πων,
2401 3121 2534 3175 ἄλλα
2561 3120 2798 3174 διδάσκει
2837 3117 2951 3187 (77)
2987 3113 3076 3168 διά
3104 3112 3197 3165 τοῦ
3232 3109 3558 3179 φαινομένου
3591 3105 3718 3176 περὶ
3742 3104 3810 3157 τδ

545 3213 732 3259 mento
777 3204 1003 3274 liguram
1055 3205 1162 3258 al’ia
1221 3202 1416 3270 discis,
1463 3203 1719 3259 videlicet
1775 3220 1896 3259 eam
1954 3212 2009 3259 et
2060 3220 2124 3258 cx

2233 3215 2491 3284 στοιχεῖον
2521 3211 2814 3282 σχημάτων
2839 3208 2949 3280 (78)
2977 3246 2991 3270 ,
3014 3205 3094 3268 τὸ,
3135 3203 3351 3274 άφεγγῆ
3379 3218 3442 3253 τε
3468 3196 3613 3304 εἶναι
3635 3196 3808 3266 αὐτὴν

548 3296 637 3351 sui
694 3303 889 3348 natura
944 3295 1255 3362 splendoris
1315 3303 1596 3364 expertem
1640 3309 1764 3350 esse
1817 3302 1871 3349 et
1922 3293 2128 3349 circum

549 3394 708 3442 terrae
731 3387 1038 3455 proximum
1063 3387 1251 3441 orbem
1274 3386 1492 3441 versari
1509 3394 1672 3456 atque
1699 3386 1884 3456 vagari
1908 3405 1923 3451 ;
1953 3387 2128 3440 lucem

549 3489 730 3533 autem
771 3487 939 3548 atque
981 3477 1331 3548 splendorem
1367 3477 1625 3548 accipere
1660 3478 1728 3532 ab
1772 3477 1942 3532 radiis
1976 3477 2132 3541 solis,

550 3564 1008 3639 quemadmodum
1044 3567 1370 3622 naturaliter
1407 3567 1524 3622 ﬁeri
1574 3568 1715 3624 solet
1758 3567 1812 3620 in
1867 3568 2130 3636 speculis,

551 3674 674 3732 quae
719 3661 888 3716 solem
927 3661 981 3715 in
1036 3676 1162 3715 sese
1204 3661 1530 3730 recipientia
1577 3676 1684 3715 non
1726 3660 1981 3730 proprios
2013 3659 2136 3714 red-

552 3751 692 3804 dunt
745 3749 1087 3820 Splendores,
1139 3748 1235 3806 sed
1284 3750 1507 3804 luminis
1569 3751 1792 3815 solaris,
1851 3749 1995 3819 quod
2048 3748 2136 3803 lu-

555 3857 678 3896 men
731 3856 800 3894 ex
862 3841 979 3895 laevi
1040 3840 1341 3911 glabroque
1416 3856 1482 3895 ac
1541 3841 1718 3895 nitido
1781 3855 2014 3911 corpore
2079 3841 2136 3894 in

555 3932 894 3987 contrarium
937 3931 1240 3987 reﬂectitur
1283 3939 1448 4002 atque
1497 3932 1899 3986 reverberatur.
1959 3928 2135 3998 Quam

556 4039 696 4092 rem,
749 4025 841 4095 qui
872 4024 992 4080 sine
1023 4025 1368 4079 scrutatione
1395 4035 1559 4093 atque
1585 4023 1796 4093 judicio
1829 4024 2135 4089 intuentur,

557 4130 626 4172 cx
682 4117 798 4188 ipsa
840 4117 970 4170 luna
1036 4115 1388 4186 splendorem
1448 4116 1718 4171 exsistere
1778 4115 2138 4171 arbitrantur.

558 4208 717 4276 Quod
754 4216 937 4264 autem
997 4207 1050 4262 id
1087 4209 1160 4262 ita
1213 4223 1324 4262 non
1376 4206 1472 4272 sit,
1521 4207 1649 4262 hinc
1694 4206 2138 4270 demonstratur,

561 4299 706 4369 quod
755 4313 820 4355 ex
874 4299 1144 4354 diametro
1198 4297 1418 4369 quidem
1465 4313 1496 4354 e
1541 4299 1767 4369 regione
1817 4299 1952 4354 solis
1996 4295 2141 4352 facta

561 4401 678 4447 toto
723 4393 816 4464 qui
857 4393 922 4447 ad
957 4407 1059 4448 nos
1112 4400 1328 4462 spectat
1357 4389 1490 4448 orbe
1521 4391 1904 4458 illuminatur;
1933 4392 1988 4444 in
2019 4391 2142 4445 bre-

563 4485 702 4540 viori
737 4494 920 4540 autem
969 4497 1022 4540 et
1071 4486 1376 4556 angustiori
1411 4499 1515 4542 suo
1555 4483 1676 4538 loco
1711 4484 1876 4539 citius
1910 4485 2144 4539 lustrato

2233 3305 2375 3358 κατὰ
2392 3303 2490 3375 τὴν
2515 3303 2650 3356 ἰδίαν
2674 3301 2854 3372 φύσιν,
2882 3295 2973 3352 καὶ
2993 3297 3084 3351 τὸν
3105 3297 3394 3367 πρόσγειον
3417 3291 3618 3346 κύκλον
3653 3305 3810 3360 περι-

2233 3393 2449 3449 πολεῖν·
2475 3394 2678 3464 λάμπει
2711 3391 2820 3463 (79)
2855 3389 2912 3443 δὲ
2946 3387 3058 3460 (80)
3089 3387 3196 3441 ἀπὸ
3227 3385 3336 3440 τῶν
3370 3382 3612 3455 ἡλιακῶν
3651 3379 3810 3434 ἀκτί-

2233 3504 2359 3552 νων,
2383 3487 2459 3550 ὡς
2492 3485 2582 3537 ἐπὶ
2615 3483 2721 3537 τῶν
2747 3482 3064 3551 κατόπτρων
3093 3477 3337 3548 γίνεσθαι
3371 3474 3672 3544 πεφυκέναι
3695 3470 3809 3538 (8·1)

2233 3580 2324 3632 τὸν
2352 3579 2522 3648 ἥλιον,
2549 3577 2634 3645 ἐφ’
2672 3573 2882 3628 ἑαυτῶν
2911 3574 3174 3643 δεχόμενα
3195 3571 3294 3623 οὐκ
3328 3567 3440 3635 (82)
3482 3566 3616 3629 ἰδίας
3635 3564 3812 3632 αὐγὰς

2235 3669 2589 3732 ἀντιδίδωσιν,
2615 3667 2748 3721 ἀλλὰ
2767 3667 2879 3736 (85)
2900 3664 2992 3720 τοῦ
3010 3661 3238 3734 ἡλιακοῦ
3265 3661 3441 3728 φωτὸς
3465 3662 3528 3711 ἐκ
3544 3656 3637 3710 τοῦ
3666 3656 3824 3708 λείου

2237 3763 2333 3818 καὶ
2354 3761 2662 3822 στίλϐοντος
2689 3759 2940 3830 σώματος
2959 3757 3040 3820 είς
3061 3755 3122 3810 τδ
3148 3753 3380 3826 ἔμπαλιν
3402 3748 3811 3824 ἀνακλωμένου.

2239 3855 2450 3923 Ὥσπερ
2484 3852 2598 3925 (84)
2643 3853 2752 3914 τοῖς
2798 3847 3168 3914 ἀνεξετάστως
3221 3845 3508 3916 βλέπουσιν
3552 3841 3613 3906 ἐξ
3645 3839 3824 3908 αὐτῆς

2237 3947 2384 4003 δοκεῖ
2413 3947 2513 4017 τῆς
2546 3945 2777 4015 σελήνης
2803 3937 2943 3996 εῖναι
2979 3939 3042 3993 τὸ
3076 3938 3300 4008 φέγγος.
3341 3935 3629 3989 Δείκνυται
3659 3931 3715 3985 δὲ
3752 3930 3822 3984 τᾶ

2243 4041 2317 4112 μὴ
2348 4038 2494 4108 ἔχειν
2525 4035 2636 4106 (85)
2658 4075 2672 4098 ,
2697 4035 2778 4088 ὅτι
2804 4030 3066 4102 γινομένη
3099 4029 3212 4100 (86)
3266 4027 3364 4098 μὲν
3402 4023 3819 4094 ἀντιπρόσωπος

2239 4133 2316 4202 τῷ
2347 4130 2482 4202 ἡλίῳ
2499 4127 2642 4182 κατὰ
2670 4126 2962 4198 διάμετρον
2987 4123 3095 4192 ὅλῳ
3121 4120 3200 4191 τῷ
3221 4119 3358 4190 πρὸς
3388 4118 3534 4188 ἡμᾶς
3567 4113 3817 4184 βλέποντι

2241 4222 2425 4292 κύκλῳ
2465 4216 2935 4290 καταφωτίζεταιο
2980 4215 3040 4266 ὲν
3074 4211 3318 4265 ἐλάττονι
3341 4208 3398 4262 δὲ
3430 4206 3510 4278 τῷ
3549 4205 3669 4292 κατ’
3713 4204 3814 4258 αύο

2240 4307 2339 4380 τὴν
2383 4285 2494 4378 (87)
2535 4285 2688 4375 τόπῳ
2719 4301 2917 4356 θᾶττον
2955 4296 3224 4372 περιοῦσα
3256 4295 3367 4367 (88)
3404 4294 3498 4348 τὸν
3536 4295 3594 4347 ὲν
3625 4285 3670 4360 ᾧ
3700 4292 3824 4344 ἐστι

2243 4399 2463 4461 κύκλον,
2497 4397 2628 4465 πρὶν
2663 4393 2813 4458 ἅπαξ
2856 4391 2948 4445 τὸν
2996 4390 3147 4461 ἥλιον
3176 4386 3528 4461 περιοδεῦσαι
3557 4385 3652 4439 τὸν
3687 4383 3822 4438 ἴδιον

2243 4491 2464 4561 δρόμον,
2501 4487 2664 4541 πλέον
2704 4485 2738 4557 ἢ
2775 4483 3069 4545 δωδεκάκις
3104 4479 3243 4551 αὑτὴ
3283 4479 3396 4550 (89)
3432 4477 3524 4531 τὸν
3571 4478 3690 4529 κατ’
3719 4475 3823 4528 αύ-

563 4577 774 4634 circulo
825 4578 882 4634 in
929 4592 1040 4649 quo
1103 4586 1377 4642 versatur,
1447 4579 1770 4650 priusquam
1825 4578 1913 4633 sol’
1971 4578 2127 4637 scmc‘

2245 4582 2345 4653 τὴν
2378 4579 2489 4647 (90)
2521 4577 2892 4650 περιέρχεται.
2924 4571 3014 4626 Διὸ
3047 4571 3333 4642 συμϐαίνει
3379 4568 3453 4641 μὴ
3490 4569 3578 4623 ἀεὶ
3606 4565 3827 4637 πεπλη-

639 4775 753 4847 (69)
805 4774 866 4830 Ἠ
895 4776 1068 4847 ἀκοή.
1103 4777 1148 4830 Α
1177 4777 1270 4830 καὶ
1294 4775 1454 4847 ἀκοή.

642 4846 756 4916 (70)
794 4843 1058 4916 Μυκτήῤ.
1092 4848 1138 4900 Α
1171 4847 1214 4900 δ’
1239 4843 1475 4916 μυκτήρ.

643 4915 754 4990 (1!)
807 4915 1254 4990 Ἀληθέςτατρνὲ
1284 4917 1327 4990 .B
1363 4915 1744 4990 διληίὶέστπερεοπξ⁹

645 4979 758 5054 (72)
802 4979 1095 5042 Τὸνίὀῦν
1120 4986 1351 5040 εἶναι’τ.
1403 4979 1649 5054 ὀρὥνταῖ
1702 4983 1762 5038 In
1805 4982 1958 5038 calce
2005 4979 2151 5036 codi-

574 5051 722 5127 cisA
744 5051 819 5110 ita
846 5074 862 5111 :
889 5054 1043 5127 οἶμαι
1066 5055 1156 5127 τὸν
1187 5051 1496 5127 Μένανδρον
1525 5051 1683 5127 εἶναιΖ

646 5126 758 5196 (75)
805 5122 981 5181 Τοῦτο
1011 5125 1150 5194 δοίη·
1178 5143 1288 5192 τις.
1318 5122 1441 5196 Acir;
1481 5143 1562 5190 τις
1601 5122 1780 5196 τοῦτο.

651 5189 764 5267 (74)
791 5189 1202 5267 λ’ΐπερόαλεῖν
1245 5189 1556 5250 πολλὰπλῤ
1609 5197 1656 5248 Α
1714 5195 1752 5246 Β
1791 5189 2151 5262 ὑπερϐάλλειν

576 5265 1013 5320 πολλαπλασίονι.

651 5336 763 5408 (75)
815 5335 1206 5408 Ἀποφαίνων.
1238 5337 1284 5390 Ᾱ
1313 5335 1622 5408 ἀποφαίνῃἒ
1652 5335 1698 5408 Β
1717 5334 2075 5408 άπρφαίγητο.

651 5404 764 5473 (76)
803 5407 1094 5472 Σελήνης.
1126 5407 1205 5474 iln
1258 5407 1500 5474 margine
1533 5404 1626 5458 τοῦ
1663 5405 1702 5457 Α
1735 5405 1930 5474 scltolii
1977 5404 2098 5460 loro
2133 5421 2150 5458 :

593 5474 946 5547 Ἐπείσακτον
971 5475 1036 5528 ὲκ
1055 5473 1150 5547 τοῦ
1178 5475 1328 5547 ἡλίου
1358 5473 1419 5547 τίδ
1454 5475 1572 5545 φῶς
1601 5477 1634 5545 ή
1681 5473 1876 5547 σελήνη
1907 5474 2155 5547 ἔχει-κα).

583 5545 888 5615 προσγείως
913 5543 1210 5615 περιπολεῖζ
1253 5543 1306 5598 In
1335 5543 1485 5599 calce
1511 5543 1636 5615 vero
1664 5543 1912 5613 ejusdein
1937 5543 2154 5601 codicis

583 5614 773 5670 eadem
813 5615 926 5670 fere
967 5614 1297 5684 observatio,
1341 5614 1565 5669 mutatis
1608 5615 2006 5684 aliquantulum
2033 5627 2157 5669 ver-

586 5684 690 5757 bis,
727 5683 1062 5757 recurritita’
1087 5699 1100 5736 :
1129 5683 1439 5757 ξημείωσαι
1467 5686 1596 5757 περὶ
1622 5683 1867 5757 σελήνης,
1895 5687 1976 5757 δτι
1998 5702 2159 5757 προσ·

582 5739 746 5822 γείως
766 5754 1097 5841 περιπολεῖὶ
1117 5739 1224 5841 '33?
1244 5756 1357 5841 γὰρ
1389 5757 1458 5827 τῇ
1492 5739 1751 5840 bide-ripa;
1775 5739 1997 5841 εξᾴαίρα,
2035 5739 2159 5827 ἥτις

584 5811 996 5964 ξιίροσγειοῖιέρα,
1064 5827 1228 5894 φασὶν
1256 5811 1566 5880 ἐἶναι”καῖ
1611 5811 1875 5879 κινεῖσθαι
1908 5811 2021 5896 ’τήν
2057 5811 2158 5878 ’σεξ

605 5931 614 5944 .
655 5911 750 5964 νην

605 5911 750 5964 ιηνην

2338 4779 2428 4844 77)
2468 4777 2766 4832 Διδάσκει.
2796 4771 2839 4828 Β
2865 4771 3110 4844 διδάσκῃ.

2338 4780 2428 4844 ’77)
2468 4780 2766 4832 Διδάσκει.
2796 4780 2839 4828 Β
2865 4780 3110 4844 διδάσκῃ.

2318 4780 2436 4932 ξῖἓ)
2475 4846 2820 4932 ξζημάτωϊ·
2840 4845 2897 4932 Α
2920 4843 2986 4932 Β,
3000 4847 3295 4932 9111:1110;-

2344 4916 2449 4986 τε),
2471 4916 2721 4987 Λάμπει.
2761 4919 2808 4971 Α
2840 4916 2910 4969 λά

2343 4987 2438 5060 80)
2474 4989 2567 5044 Δέ.
2604 4990 2646 5041 Β
2675 4987 2730 5060 δὲ
2759 4987 2951 5055 αὐτήν.
3008 5056 3021 5060 _
3127 5052 3139 5060 _
3379 5047 3402 5060 Δ
3506 5045 3534 5060 υ
3567 5045 3654 5060 η’,

2322 5047 2435 5130 (81)
2473 5058 2835 5130 Πεφυκέναι,
2865 5047 2971 5130 etc.
2993 5056 3038 5111 A
3073 5052 3315 5123 πέφυκεν
3335 5066 3349 5080 ·
3378 5047 3415 5104 ἃ
3441 5047 3535 5103 τοῦ
3558 5047 3711 5121 ἡλίου
3741 5049 3831 5118 ἐφ’

2251 5125 2478 5184 ἑαυτῶν.
2512 5125 2570 5181 B‘
2585 5128 2828 5197 πέφυκεν
2862 5125 2918 5180 ἃ.

2322 5199 2432 5270 (82)
2477 5201 2600 5253 Οὐκ
2627 5200 2775 5270 tleest
2799 5198 2860 5249 B.

2325 5266 2436 5339 (85)
2490 5269 2678 5323 Ἀλλά
2709 5268 2862 5339 deest
2888 5266 2952 5318 B.

2326 5337 2438 5406 (84)
2476 5341 2724 5407 Ὠσπερ.
2759 5339 2804 5389 Α
2829 5337 2984 5406 ὅπερ.

2347 5400 2434 5477 85)
2475 5408 2569 5477 Μὴ
2600 5400 2781 5476 ἔχειν.
2819 5408 2862 5458 Α
2889 5400 2947 5458 ΒΓ
2964 5403 3038 5474 μὴ
3067 5400 3238 5477 οὕτως
3261 5400 3426 5473 ἔχειν.

2347 5410 2434 5477 85)
2475 5410 2569 5477 Μὴ
2600 5410 2781 5476 ἔχειν.
2819 5410 2862 5458 Α
2889 5410 2938 5458 Β·
2964 5410 3038 5474 μὴ
3067 5410 3238 5466 οὓτως
3261 5410 3426 5473 ἔχειν.

2325 5410 2438 5550 (86)
2479 5478 2799 5550 Γενομένης
2831 5473 3193 5550 Αὲενομξὲνϊι·
3283 5543 3295 5550 ,
3421 5541 3436 5550 ,
3484 5541 3496 5550 .
3747 5537 3757 5548 .

2327 5541 2437 5620 (87)
2477 5541 2858 5614 Κατ”αὑτῆνκ
2889 5541 2930 5598 Β
2981 5541 3101 5598 καθ’
3139 5541 3357 5615 ἑαυτήν.
3407 5541 3453 5595 Α
3484 5541 3541 5596 in
3587 5541 3832 5608 margine

2257 5621 2376 5693 καθζ
2406 5621 2625 5693 ἑαυτήν.
2663 5687 2690 5693 _
2833 5685 2871 5693 _
3071 5681 3097 5693 _

2329 5691 2440 5764 (88)
2479 5685 2814 5764 ΙΙεῬιρῦρνιιζ
2833 5685 3198 5754 Βπεριιοῦσα.

2330 5754 2441 5827 (89)
2473 5754 2654 5824 Αὑτή.
2687 5757 2727 5809 Β
2753 5754 2912 5827 αὕτη.

2331 5820 2444 5902 (90)
2481 5820 2859 5893 Κατ”αὐσήτκ
2878 5820 2937 5880 ’Δ
2963 5833 3016 5882 et
3041 5825 3086 5877 Β
3105 5823 3227 5878 καθ’
3260 5820 3482 5892 ἑαυτήν.

2912 4928 3092 4985 μπειν.
