4046 6350
247 272 316 329 33
1317 264 1402 323 DE
1440 266 1657 323 ΑΧΙΜΔ
1708 258 1799 322 ET

1923 263 2449 324 ISUWTIONE.
3437 274 3509 335 5i

249 389 449 465 ⁸εὔιε-θαι
474 400 650 458 φωτσς
686 386 801 460 (91)
830 386 891 442 τὸ
915 389 1183 458 στοιχεῖον
1205 402 1219 417 °
1252 389 1311 441 οὐ
1343 388 1451 460 γὰρ
1485 388 1635 460 μένει
1664 392 1721 443 ἐν
1746 389 1818 462 τῷ

1929 405 2090 445 suum
2139 388 2399 444 conﬁciat
2446 402 2697 453 cursum,
2734 388 2852 461 ipsa
2898 403 3059 445 suum
3101 389 3336 461 amplius
3372 392 3511 448 duo.

248 477 433 547 πυκνῷ
486 477 589 546 τῆς
642 476 892 547 περιόδου
941 476 1209 547 διηνεκῶς
1257 478 1669 549 ἀντιπρόσωπος
1716 479 1829 549 (92)

246 568 411 631 θέσις,
435 568 580 621 ᾶπαν
605 568 663 620 τὸ
695 568 831 641 πρὸς
856 569 1005 639 ἡμᾶς
1034 568 1134 638 τῆς
1163 568 1390 639 σελήνης
1416 569 1583 641 μέρος
1611 569 1700 623 διὰ
1723 571 1830 624 τῶν

247 659 482 728 ἡλιακῶν
528 660 778 712 ἀκτίνων
829 658 1247 730 πεφωτισμένον
1302 660 1598 728 ἐποίησεν,
1656 660 1831 725 οὕτως

246 751 368 804 ὅταν
424 750 521 803 ἐπὶ
559 750 627 804 τὰ
655 750 864 818 πλάγια
894 751 1102 819 γίνεται
1141 750 1252 821 (95)
1291 750 1386 805 τοῦ
1417 751 1569 823 ήλίου
1615 752 1709 805 ττιῦ
1742 753 1831 807 ἀεὶ

248 845 360 897 κατ’
389 844 552 898 αὑτὸν
590 843 878 915 γινομένου
913 844 968 913 (9
981 842 1025 914 ί)
1060 844 1159 914 τῆς
1192 843 1430 915 σελήνης
1460 846 1825 918 ἡμισφαιρίου

246 930 741 1002 διαλαμϐανομένου
771 934 837 1002 τῇ
868 931 961 985 τοῦ
1010 932 1125 1004 (95)
1158 933 1392 986 ἀκτίνων
1436 934 1695 1007 περιϐολῇ
1722 974 1737 999 ,
1762 935 1829 990 τὸ

246 1020 376 1089 πρὸς
399 1021 547 1089 ἡμᾶς
575 1021 694 1072 κατ’
719 1021 966 1091 ἀνάγκην
994 1022 1408 1087 ἀποπιάζεται,
1437 1024 1825 1094 ἀντιμεθιστα-

247 1111 410 1181 μένης
438 1111 539 1181 τῆς
577 1111 921 1183 λαμπηδόνος
954 1112 1063 1166 ἀπὸ
1097 1112 1194 1166 τοῦ
1235 1114 1309 1183 μὴ
1352 1113 1651 1186 δυναμένου
1690 1116 1827 1188 πρὸς

244 1202 328 1253 τὸν
355 1200 503 1271 ἣλιον
537 1202 758 1271 βλέπειν
791 1204 992 1275 μέρους
1013 1204 1106 1258 ἐπὶ
1135 1204 1226 1258 τὸν
1253 1205 1364 1275 (96)
1394 1206 1484 1260 ἀεὶ
1512 1208 1635 1261 κατ’
1677 1208 1827 1261 ἐκεῖ·

244 1310 327 1344 νον
350 1292 653 1362 γινόμενον,
689 1295 796 1356 ἕως
822 1295 886 1348 ἂν
916 1296 1166 1349 ὐποϐᾶσα
1207 1298 1320 1364 (97)
1348 1298 1464 1350 κατ’
1495 1298 1709 1352 εὐθεῖαν
1733 1299 1826 1355 τὸν

244 1382 458 1451 ἡλιακὸν
484 1383 685 1439 κύκλον
714 1386 856 1440 κατὰ
885 1384 1054 1439 νώτου
1099 1390 1198 1458 τὴν
1235 1389 1428 1442 ἀκτῖνα
1452 1389 1692 1462 δέξηται,
1728 1393 1826 1447 καὶ

242 1473 377 1527 οὓτω
406 1475 502 1528 τοῦ
530 1476 740 1531 ἀνωθεν
768 1478 1130 1549 ἡμισφαιρίου
1158 1481 1632 1553 περιλαμφθέντος
1658 1484 1824 1556 ἀόραο

244 1584 328 1623 τον
356 1570 498 1621 ποιεῖ
516 1568 580 1622 τὸ
620 1569 756 1639 πρὸς
783 1572 929 1640 ἡμᾶς
968 1571 1153 1643 μέρος,
1180 1573 1242 1626 τὸ
1268 1570 1405 1628 εἶναι
1437 1574 1549 1644 (98)
1592 1575 1822 1630 καθόλου

239 1663 301 1730 τῇ
332 1660 435 1731 ἰδίᾳ
460 1660 621 1729 φύσει
656 1662 893 1731 ἀφεγγὲς
920 1666 1015 1718 καὶ
1048 1663 1351 1733 ἀφώτιστον
1372 1684 1385 1698 ·
1425 1668 1560 1739 ὅπερ
1589 1670 1653 1741 δὴ
1684 1688 1821 1724 παν-

1934 480 2118 535 decics
2145 480 2385 551 complet
2413 480 2623 535 orbem.
2659 480 3028 547 Quamobrem
3057 480 3279 548 accidit,
3299 492 3361 538 ut
3402 500 3511 541 non

1934 584 2151 639 semper
2196 569 2532 623 elementum
2567 570 2711 623 lunae
2744 569 2962 639 plenum
2995 569 3221 626 luminis
3247 573 3350 639 sit;
3384 588 3510 627 nam

1932 674 2054 729 quae
2095 674 2260 714 suum
2306 674 2531 715 cursum
2581 658 2782 732 exiguo
2831 661 3099 731 temporis
3152 664 3331 730 spatio
3371 680 3515 734 saepe

1928 751 2189 811 conﬁcit.
2239 750 2437 805 crebro
2479 750 2717 804 circuitu
2774 751 2847 817 ei,
2904 751 2995 820 qui
3056 752 3220 823 longo
3252 757 3514 825 temporis

1929 840 2220 895 intervallo
2244 855 2403 894 suum
2424 839 2609 895 orbem
2630 839 2849 906 lustrat,
2873 838 3100 895 adversa
3120 850 3385 912 perpetuo
3401 856 3511 896 non

1928 938 2133 988 manet.
2149 930 2242 985 sed
2259 930 2715 1001 quemadmodum
2731 931 2943 985 directo
2973 932 3073 986 soli
3094 933 3357 989 adversus
3373 934 3512 989 luna:

1926 1023 2067 1078 situs
2084 1022 2242 1078 ellicit
2258 1030 2317 1078 ut
2329 1022 2508 1078 omnis
2524 1022 2669 1078 illius
2688 1037 2751 1079 ea
2774 1039 2923 1093 pars,
2938 1039 3057 1094 qua:
3075 1025 3139 1077 ad
3161 1041 3262 1080 nos
3278 1035 3510 1096 spectat,

1926 1128 1957 1168 a
1989 1115 2157 1169 radiis
2180 1115 2314 1169 solis
2343 1114 2524 1169 lumen
2552 1116 2786 1185 accipiat
2823 1123 2987 1187 atque
3017 1117 3408 1172 collustretnr:
3434 1104 3512 1174 ita

1924 1206 2017 1259 ubi
2038 1221 2102 1259 ex
2126 1215 2439 1261 transverso
2455 1206 2557 1260 soli
2575 1206 2742 1261 fuerit
2760 1208 3033 1277 opposita,
3054 1208 3312 1276 quoniam
3341 1225 3404 1265 ea
3424 1210 3506 1264 di-

1924 1297 2090 1350 midia
2108 1296 2252 1366 globi
2285 1296 2493 1352 lunaris
2521 1312 2668 1367 pars,
2689 1313 2811 1368 quae
2831 1313 3048 1368 semper
3076 1299 3178 1370 ipsi
3207 1300 3308 1355 soli
3333 1316 3508 1371 oppo-

1923 1390 2027 1442 sita
2046 1399 2130 1443 est
2146 1388 2396 1460 amplexu
2412 1389 2689 1443 radiormn
2715 1391 3014 1460 intercepta
3033 1392 3261 1446 collucet
3283 1394 3508 1459 ;altera,

1921 1496 2044 1550 quae
2072 1478 2140 1534 ad
2194 1495 2297 1535 nos
2325 1480 2576 1549 pertinet,
2612 1481 2803 1534 umbra
2833 1483 3151 1537 necessario
3190 1484 3507 1552 obducitur,

1921 1579 2243 1625 transeunte
2261 1570 2515 1623 nimirum
2538 1569 2831 1639 splendore
2852 1572 2921 1624 ab
2936 1586 2999 1625 ea
3027 1580 3181 1642 parte
3202 1576 3506 1643 qtnesolcm

1923 1662 2174 1732 aspicere
2199 1677 2306 1715 non
2326 1668 2524 1732 potest,
2544 1661 2610 1715 ad
2635 1662 2779 1716 illam
2812 1671 3018 1731 partem
3041 1681 3162 1734 qua:
3192 1666 3507 1735 sempcrilli

240 1751 393 1821 τελὴς
423 1751 518 1806 τοῦ
547 1755 815 1824 στοιχείου
857 1754 1082 1825 μείωσις
1110 1756 1344 1826 λέγεται.
1384 1760 1447 1812 Εἰ
1473 1760 1531 1813 δὲ
1571 1761 1815 1834 παρέλθῃ

1923 1761 2007 1808 est
2023 1754 2087 1807 ad
2097 1767 2272 1813 versa,
2291 1753 2465 1807 donec
2483 1751 2692 1807 directo
2709 1754 2935 1808 suhicns
2952 1755 3139 1809 orbem
3163 1756 3336 1811 sollsa
3355 1767 3509 1828 tergo

244 1844 397 1897 πᾶλιν
425 1844 518 1898 τὸν
547 1844 703 1915 ἥλιον
733 1848 873 1900 κατά
910 1848 1010 1919 τὴν
1047 1848 1183 1901 ἰδίαν
1216 1849 1311 1903 τοῦ
1339 1851 1543 1922 δρόμου
1575 1852 1812 1924 κίνησιν,

243 1936 332 1987 καὶ
372 1935 436 1987 ἐκ
479 1934 716 2003 πλαγίου
754 1936 965 2004 γένοιτο
1002 1941 1069 2009 τῇ
1123 1941 1335 2007 ἀκτῖνι,
1381 1942 1444 1995 τὸ
1490 1943 1595 2014 πρὸ
1636 1943 1818 2012 ὀλίγου

242 2025 484 2095 ἀλαμπὲς
513 2025 866 2097 ὑπολάμπειν
894 2026 1119 2099 ἄρχεται
1153 2029 1265 2102 (99)
1296 2068 1309 2093 ,
1333 2032 1432 2101 τῆς
1460 2031 1678 2096 ἀκτῖνος
1711 2032 1820 2085 ἀπὸ

244 2116 332 2168 τοῦ
346 2118 760 2188 πεφυηισμένου
785 2118 919 2189 πρὸς
940 2120 1002 2173 τὸ
1022 2119 1161 2184 τέως
1180 2121 1385 2189 ἀφανὲς
1402 2121 1477 2189 (1)
1501 2122 1808 2193 μετιούσης.

1924 1844 2134 1899 radium
2153 1843 2406 1913 accipiat,
2421 1852 2584 1912 atque
2606 1844 2677 1896 ita
2696 1844 3016 1899 collustrata
3037 1860 3098 1897 ea
3118 1844 3339 1899 dimidia
3354 1856 3509 1917 parte

1926 1936 2315 2006 splueraaqtta:
2337 1949 2502 2004 supra
2536 1944 2641 1998 est,
2675 1933 2819 1986 illam
2860 1951 2980 2004 qua:
3023 1936 3090 1989 ad
3134 1952 3235 1991 nos
3270 1945 3506 2007 spectat,

1934 2028 2193 2098 quoniam
2219 2042 2282 2079 ex
2308 2028 2391 2079 sui
2412 2038 2603 2079 natura
2628 2040 2853 2095 prorsus
2871 2028 3176 2097 splendoris
3204 2038 3256 2082 et
3282 2030 3505 2086 luminis

1925 2134 2119 2189 expers
2159 2125 2264 2183 est,
2299 2117 2441 2172 visui
2488 2116 2751 2172 subducit
2788 2135 2801 2170 :
2843 2119 2987 2187 quod
3041 2120 3295 2173 nimirum
3347 2121 3506 2191 plena

242 2222 395 2281 atque
421 2212 665 2281 perfecta
714 2215 884 2283 ipsius
940 2215 1190 2270 elementi
1232 2216 1527 2271 diminutio
1574 2217 1797 2271 dicitur.
1836 2213 1992 2282 Quod
2043 2213 2087 2267 si
2127 2227 2319 2267 rursus
2360 2211 2446 2266 sui
2486 2226 2687 2266 cursus
2729 2219 2877 2265 motu
2930 2212 3100 2267 solem
3155 2216 3502 2283 praeterierit.

244 2312 373 2355 etcx
405 2313 725 2356 transverso
760 2302 915 2356 radio
944 2303 1110 2358 fuerit
1136 2305 1408 2374 opposita.
1447 2306 1593 2374 quod
1618 2307 1781 2376 paulo
1811 2312 1939 2358 ante
1979 2303 2184 2357 lumine
2214 2301 2461 2366 carebat,
2514 2301 2694 2357 lucere
2732 2302 2947 2372 incipit,
2994 2312 3317 2361 transeunte
3348 2308 3503 2364 radio

244 2394 310 2449 ab
360 2395 669 2448 illuminata
722 2404 876 2464 parte
900 2395 967 2449 ad
1004 2411 1147 2459 eam,
1201 2411 1322 2465 qua:
1376 2398 1642 2453 hactenus
1690 2396 2003 2467 splendoris
2051 2410 2248 2465 expers
2282 2402 2420 2447 erat.

318 2535 475 2603 Ὁρᾷς
505 2528 619 2586 οἶόν
651 2533 725 2604 (2)
756 2551 837 2585 σοι
866 2534 1073 2602 γίνεται
1107 2536 1140 2606 ἡ
1172 2534 1292 2605 ὄψις
1331 2536 1678 2601 διδάσκαλος,
1715 2537 1816 2591 οὐκ

240 2623 301 2675 ἄν
339 2640 418 2676 σοι
474 2623 869 2696 παρασχομένη
917 2625 984 2678 δι’
1043 2626 1243 2698 ἑαυτῆς
1287 2627 1395 2679 τῶν
1434 2626 1691 2680 τοιούτων
1717 2628 1817 2697 τὴν

243 2712 467 2783 θεωρίαν
501 2714 615 2785 (3),
651 2714 700 2766 εἰ
738 2715 810 2784 μή
857 2730 911 2766 τι
967 2709 1059 2767 οὖν
1112 2713 1188 2785 (4)
1232 2712 1295 2767 τὸ
1340 2713 1428 2768 διὰ
1481 2713 1593 2768 τῶν
1640 2713 1816 2783 ὄψεων

245 2802 448 2872 βλέπων
572 2844 589 2868 ,
624 2802 654 2857 ὃ
680 2806 793 2867 τοῖς
819 2804 938 2857 κατ’
971 2804 1222 2875 αἴσθησιν
1258 2805 1680 2875 γινωσκομένοις
1705 2799 1815 2859 οἷόν

244 2911 378 2947 τισιν
404 2894 619 2965 ὁδηγοῖς
661 2894 995 2965 κεχρημένον
1022 2895 1110 2949 διὰ
1164 2894 1270 2949 τῶν
1318 2897 1655 2967 φαινομένων
1674 2937 1689 2961 ,
1721 2897 1814 2950 ἐπὶ

247 2986 313 3038 τὰ
355 2985 427 3057 μὴ
470 2985 784 3057 βλεπόμενα
817 2986 892 3057 (6)
927 2986 1229 3054 διαδύεται;
1265 2986 1330 3041 Τί
1360 2988 1442 3042 δεῖ
1467 2988 1811 3061 προστιθέναι

2015 2530 2254 2586 Videsne
2282 2529 2524 2600 qualium
2552 2545 2735 2585 rerum
2794 2531 2889 2586 tibi
2931 2531 3082 2588 risus
3113 2532 3372 2602 magister
3405 2535 3500 2604 sit,

1920 2626 2013 2696 qui
2052 2640 2145 2693 per
2188 2638 2308 2677 sese
2349 2624 2540 2676 talium
2578 2638 2760 2678 rerum
2840 2624 2941 2678 tibi
2999 2624 3497 2680 considerationem

1921 2727 2086 2786 atque
2135 2714 2501 2784 cognitionem
2560 2730 2669 2768 non
2720 2713 3077 2785 prazbuisset,
3129 2715 3237 2771 nisi
3290 2716 3501 2788 aliquid

1921 2816 2069 2862 esset
2100 2806 2242 2875 quod
2277 2820 2372 2873 per
2400 2804 2591 2860 oculos
2623 2813 2892 2872 cerneret,
2923 2806 3069 2878 quod
3100 2807 3308 2879 iisquae
3331 2824 3502 2867 sensu

1919 2896 2297 2966 percipiuntur
2334 2905 2593 2967 tauquam
2680 2896 2917 2953 ducibus
2976 2899 3305 2969 quibusdam
3342 2913 3501 2958 utens

1920 3003 2016 3058 per
2072 2988 2389 3058 apparentia
2434 2995 2747 3058 penetraret
2801 2987 2870 3043 ad
2917 3004 3003 3053 ea,
3045 3007 3168 3059 qua:
3223 3006 3332 3046 non
3392 3008 3493 3063 ap-

247 3079 341 3141 τάς
371 3077 753 3149 γεωμετρικάς
804 3077 1023 3147 ἐφόδους
1063 3078 1151 3134 διὰ
1193 3079 1301 3134 τῶν
1344 3082 1616 3153 αἰσθητῶν
1646 3101 1818 3154 χαρα-

1924 3080 2162 3148 parcnt?
2211 3080 2354 3144 Quid
2403 3094 2543 3149 Opus
2585 3088 2670 3134 est
2698 3079 2902 3135 addere
2947 3080 3316 3136 instrumenta
3366 3098 3499 3153 geo-

247 3169 483 3238 γμάτων,
526 3170 668 3241 πρὸς
696 3169 764 3223 τὰ
793 3169 931 3240 ὑπὲρ
965 3169 1215 3240 αἴσθησιν
1256 3173 1406 3243 ἡμᾶς
1444 3174 1817 3243 χειραγωγού-

251 3277 344 3323 σας
365 3300 380 3324 ,
409 3262 501 3314 καὶ
537 3260 712 3332 μυρία
762 3262 854 3315 ἐπ).
899 3261 1104 3326 τούτοις
1133 3261 1304 3329 ἄλλα,
1356 3264 1422 3317 δι’
1452 3258 1527 3319 ὧν
1569 3267 1820 3320 συνίστα-

245 3370 329 3407 ται
364 3354 437 3425 (7)
483 3356 572 3409 διὰ
600 3354 710 3408 τῶν
759 3356 816 3407 ἐν
860 3355 989 3425 ἡμῖν
1043 3354 1368 3424 σωματικῶς
1412 3356 1818 3428 ἐνεργουμένων

247 3444 339 3514 τῆς
370 3445 828 3517 ἐγκεκρυμμένης
856 3444 931 3513 (8)
962 3446 1025 3515 τῇ
1058 3443 1216 3510 φύσει
1242 3443 1397 3515 ἡμῶν
1416 3445 1609 3515 νοερᾶς
1628 3445 1813 3509 οὐσίας

248 3531 338 3600 τὴν
369 3538 679 3608 κατάληψιν
700 3534 941 3605 γίνεσθαι
962 3533 1122 3601 ;-Γ.
1147 3534 1211 3587 Τί
1221 3534 1300 3597 δὲ,
1316 3528 1486 3598 εἷπον,
1506 3536 1553 3588 εί
1612 3533 1800 3604 ὥσπερ

248 3625 418 3676 κοινὸν
453 3625 551 3695 μέν
603 3626 749 3675 ἐστιν
795 3622 887 3675 ἐπὶ
932 3623 1029 3693 τῆς
1064 3621 1328 3693 αἰσθητῆς
1374 3622 1480 3677 τῶν
1540 3623 1815 3694 στοιχείων

250 3714 454 3782 φύσεως
489 3713 550 3767 τὸ
581 3712 808 3775 ὑλῶδες,
835 3711 1063 3783 διαφορὰ
1116 3712 1172 3764 δὲ
1225 3713 1366 3769 κατά
1418 3713 1478 3766 τὸ
1531 3711 1725 3775 ἰδίαζον
1758 3714 1816 3766 ἐν

248 3803 456 3875 ἑκάστῳ
483 3805 614 3858 εῖδει
653 3805 751 3873 τῆς
783 3801 914 3873 ὕλης
964 3802 1133 3874 πολλὴ
1156 3803 1225 3873 (ἧ
1253 3820 1313 3857 τε
1338 3802 1445 3874 γὰρ
1475 3802 1687 3873 κίνησις
1718 3803 1817 3857 αὐ-

247 3899 352 3959 τοῖς
378 3897 440 3949 ἐκ
458 3896 555 3949 τοῦ
589 3893 830 3949 ἐναντίου
857 3894 1023 3957 ἐστὶν,
1056 3893 1150 3946 τοῦ
1177 3893 1273 3963 μὲν
1303 3891 1617 3964 ἀνωφεροῦς
1642 3893 1813 3957 ὄντος,

248 3988 337 4041 τοῦ
361 3988 415 4041 δὲ
450 3989 544 4041 ἐπὶ
576 3988 669 4041 τοῦ
698 3986 774 4057 (9)
807 3985 956 4039 κάτω
992 3982 1265 4053 βρίθοντος
1288 4023 1301 4047 ,
1334 3983 1395 4036 τὸ
1426 3982 1481 4036 δὲ
1522 3983 1632 4049 (10)
1676 3979 1817 4047 εῐδος

248 4080 305 4132 ού
336 4078 395 4132 τὸ
423 4079 585 4143 αὐτὸ,
622 4078 779 4148 καὶὴ
824 4075 1044 4144 ποιότης
1098 4074 1350 4145 διάφορος
1397 4072 1453 4127 ἔν
1491 4074 1653 4139 τινι),
1694 4072 1815 4126 τού-

247 4186 349 4223 των
384 4172 494 4241 (ll)
528 4168 672 4223 κατὰ
717 4169 808 4221 τὸν
856 4167 1011 4235 λόγον
1062 4164 1497 4235 συνουσιωμένην
1545 4180 1630 4226 τις
1673 4158 1814 4217 εἶναι

247 4248 389 4330 λέγοι
420 4263 650 4331 δύναμιν
672 4301 687 4326 ,
716 4262 813 4330 τὴν
846 4260 943 4323 τὰς
982 4256 1238 4328 νοητικᾶς
1281 4257 1485 4318 ταύτας
1514 4253 1811 4324 φαντασίας

246 4369 302 4406 τε
336 4354 431 4407 καὶ
469 4353 711 4423 κινήσεις
731 4391 746 4416 ,
776 4353 839 4404 ἐκ
888 4350 1121 4419 φυσικῆς
1157 4347 1412 4416 ἰδιότητός
1440 4363 1499 4399 τε
1533 4346 1627 4399 καὶ
1653 4345 1810 4399 δυνά-

1923 3169 2173 3233 metrica,
2217 3184 2340 3239 qua:
2378 3183 2471 3237 per
2511 3167 2800 3224 sensibiles
2852 3168 3055 3239 ﬁguras
3110 3170 3176 3223 ad
3242 3186 3308 3225 ea
3373 3188 3498 3242 qum

1920 3269 2085 3325 supra
2140 3270 2361 3309 sensum
2407 3262 2557 3317 sunt,
2614 3270 2718 3310 nos
2775 3255 2933 3327 quasi
2978 3256 3376 3325 manuducunt,
3429 3275 3497 3315 ac

1922 3352 2120 3415 praeter
2174 3344 2287 3400 haec
2346 3345 2452 3399 alia
2486 3351 2767 3410 sexcenta,
2820 3345 3021 3416 quibus
3064 3347 3378 3404 ostenditur
3404 3360 3492 3405 at-

1919 3452 2025 3507 que
2069 3436 2331 3507 probatur
2370 3452 2468 3506 per
2505 3450 2569 3491 ea
2619 3452 2741 3506 quae
2780 3438 3140 3508 corporaliter
3193 3439 3247 3494 in
3330 3442 3495 3499 nobis

1919 3537 2235 3595 operantur,
2271 3526 2814 3596 comprehensionem
2869 3535 3032 3597 atque
3083 3532 3489 3600 perceptionem

1921 3618 2033 3671 llcri
2091 3616 2478 3671 intellectualis
2529 3625 2582 3671 et
2618 3618 2909 3672 invisibilis
2954 3621 3228 3686 essentia,
3284 3639 3405 3693 quae
3437 3625 3493 3681 in

1918 3716 2114 3761 natura
2179 3716 2369 3762 nostra
2445 3706 2628 3763 infusa
2667 3747 2684 3772 ,
2752 3708 3021 3775 immista,
3087 3721 3499 3782 contetnperata

1918 3808 2083 3867 atque
2129 3796 2450 3852 abscondita
2480 3797 2669 3856 est‘lG.
2696 3802 2835 3867 Quid
2897 3815 3057 3867 vero,
3100 3802 3348 3873 inquam,
3400 3807 3447 3862 si
3477 3847 3493 3872 ,

1917 3888 2372 3961 quemadmodum
2443 3889 2726 3944 materiale
2794 3890 3014 3959 quidem
3072 3907 3366 3951 commune
3410 3907 3497 3955 est

1917 3981 2225 4038 insensibili
2282 3981 2675 4036 elementorum
2732 3991 2963 4046 natura},
3015 3984 3322 4042 differentia
3394 4005 3495 4044 au-

1915 4080 2024 4126 tem
2104 4072 2420 4141 singulatim
2500 4071 2553 4125 in
2610 4088 2936 4142 unaquaque
3009 4078 3190 4145 specie
3256 4082 3498 4136 materia:

1916 4179 2109 4233 magna
2133 4168 2150 4235 (
2175 4172 2353 4218 motus
2388 4163 2533 4218 enim
2570 4164 2639 4218 iis
2668 4166 2979 4220 contrarius
3031 4175 3135 4231 est,
3184 4184 3309 4223 eum
3338 4171 3487 4225 aliud

1914 4256 2132 4328 quidem
2168 4271 2388 4311 sursum
2425 4255 2667 4319 feratur,
2720 4256 2866 4311 aliud
2900 4273 3028 4314 vero
3082 4259 3338 4316 deorsum
3380 4278 3496 4317 ver-

1918 4352 2047 4414 gat,
2090 4344 2301 4415 species
2356 4344 2482 4397 item
2521 4360 2631 4399 non
2686 4345 2876 4400 eadem
2924 4354 2979 4400 et
3021 4350 3257 4416 qualitas
3307 4351 3494 4406 direr-

251 4462 387 4513 μεως
417 4422 780 4514 ἐνεργοῦσαν;
812 4437 913 4494 Οἷα
940 4440 1004 4510 δὴ
1053 4438 1224 4493 πολλὰ
1256 4436 1523 4507 βλέπομεν
1569 4435 1673 4488 ὑπὸ
1709 4434 1816 4489 τῶν

1923 4438 2045 4501 sa),
2096 4434 2143 4490 si
2177 4433 2301 4504 quis
2350 4432 2436 4486 his
2478 4432 2764 4487 elementis
2799 4433 2907 4488 vim
2953 4437 3245 4504 quamdam
3281 4438 3495 4494 ratione

251 4534 625 4605 μηχανοποιῶν
660 4531 1021 4602 ἐνεργούμενα
1046 4568 1063 4596 ,
1094 4529 1177 4599 ἐφ’
1207 4522 1281 4583 ὧν
1318 4530 1353 4599 ὴ
1400 4526 1501 4597 ὕλη
1546 4525 1809 4597 τεχνικῶς

326 4714 433 4783 (9|)
474 4711 904 4779 Πεπληρῶσθαι
953 4709 1164 4783 φωζός.
1209 4704 1461 4783 l_t_1_calce
1504 4702 1712 4783 codicis
1772 4702 1815 4781 ,ᾗ

256 4774 390 4854 hanc
418 4774 537 4854 lego
570 4774 1028 4854 annotationem:
1063 4778 1183 4830 Ὀτι
1215 4775 1473 4854 ἐλάττρνα
1515 4774 1815 4854 τόπονοτοῦ

249 4841 751 4923 ἡλιακοῦντόσοῦτον
795 4853 828 4920 ή
875 4848 1068 4917 σελήνη
1110 4844 1409 4914 περιπολεῖ,
1439 4842 1580 4896 ῶστε
1614 4841 1816 4965 ταύτην

258 4922 349 4965 μὲν
379 4924 517 4965 κατὰ
545 4923 689 4965 mima
715 4920 804 4965 τὸν
833 4920 961 4965 [διον
989 4914 1225 4965 ἐκτελεῖν
1259 4915 1441 4965 τόπον.
1469 4914 1560 4965 τὸν
1585 4912 1736 4965 ἥλιον
1789 4911 1815 4963 ὲ

272 4911 349 4975 ὶὲν
379 4924 517 4975 κατά
545 4923 690 4993 μῆνα
715 4920 804 4975 τὸν
817 4911 961 4974 ’ἴδιον
989 4911 1225 4971 ἐκτελεῖν
1259 4915 1441 4977 τόπον,
1469 4914 1560 4966 τὸν
1585 4912 1736 4982 ἥλιον
1759 4911 1815 4965 δὲ

286 4993 317 5044 ι’
346 4994 611 5046 ἐνιαυτοῦ.
796 5022 801 5029 ι

323 5064 431 5133 (9})
482 5054 1289 5133 nrrmpo'quoc._Post_hanc
1313 5067 1503 5133 vocem
1531 5052 1584 5106 in
1611 5067 1754 5133 mss;

258 5120 340 5185 et‘
364 5120 425 5185 B'
464 5120 940 5201 sequttn'turpista'
976 5130 1028 5181 in
1074 5123 1498 5201 editis_on_t_issa
1541 5137 1555 5174 :
1706 5120 1815 5201 ,διὰ

256 5202 446 5273 πολλοῦ
470 5190 732 5273 περιιόντι
755 5199 845 5273 τόν
867 5199 994 5253 ῖδιον
1018 5194 1235 5273 πόλον]
1255 5194 1321 5247 δι’
1352 5193 1531 5273 ὀλίγου
1557 5190 1815 5273 πολλάκις

256 5271 341 5343 τὸν
378 5262 576 5343 ἑαυτῆς
624 5270 945 5343 περιθέουσα
966 5285 979 5297 ο
1013 5266 1125 5343 ἀλλ’
1163 5262 1350 5343 ὥσπερ
1382 5265 1416 5335 ἡ
1452 5265 1570 5316 κατ’
1602 5262 1814 5315 εὐθεῖαν

256 5340 327 5403 ὡς
355 5343 487 5412 πρὸς
516 5333 605 5394 τδν
633 5333 783 5411 ἦλίον
819 5337 1227 5407 ἀντιπρόσωπος
1263 5333 1429 5396 θέσις.

327 5413 435 5473 (93)
474 5413 732 5464 Γίνεται.
765 5411 809 5461 Α
838 5408 1081 5473 γένηται.

528 5428 732 5464 ινεται.
765 5428 809 5461 Α
838 5428 1060 5464 γενηται
1071 5446 1081 5455 .

327 5424 435 5473 (9a)
474 5424 732 5464 Γίνεται.
765 5424 809 5461 Α
838 5424 1081 5476 γενηται.

326 5482 433 5547 (94)
472 5481 819 5549 Γενομένου.
857 5478 898 5528 Β
927 5474 1235 5549 γενομένου.

328 5549 437 5624 (ἓξ)
482 5549 559 5624 Τῇ
592 5546 889 5624 ξοῦ-,Βῖῇ
917 5546 1047 5624 τῶν·
1207 5615 1220 5624 .
1302 5613 1315 5624 .
1412 5612 1424 5624 .
1492 5611 1505 5624 .
1731 5610 1742 5623 .

300 5612 436 5684 ,(96)
486 5612 617 5675 ’ἐπὶ
660 5621 785 5677 τόν.
831 5612 888 5671 Χ
921 5619 977 5671 in
1012 5624 1161 5670 textu
1204 5613 1326 5667 ἐπεὶ
1366 5612 1447 5678 τό,
1492 5612 1545 5667 in
1576 5612 1818 5682 margine

264 5688 353 5743 ἐπὶ
379 5689 458 5743 τό.

1917 4532 2081 4595 atque
2158 4523 2515 4595 pr0portione
2596 4531 3055 4595 contemperatam
3090 4565 3106 4591 ,
3170 4527 3385 4584 insitam
3438 4537 3495 4586 et

2020 4701 2108 4765 97)
2160 4692 2486 4753 ’Υποόἇσα.
2524 4699 2564 4751 Β
2598 4699 2928 4754 Ὑποόᾶσαν.

2020 4703 2108 4765 97)
2160 4703 2486 4753 'TzoGaUa.
2524 4703 2564 4751 Β
2598 4703 2928 4754 Ὑποϐᾶσαν.

1991 4703 2102 4839 (98)
2149 4771 2217 4825 Τὸ
2249 4766 2419 4823 εἶναι.
2454 4772 2500 4842 ᾼᾷ
2525 4769 2602 4842 τῷ
2627 4769 2685 4821 τὸ
2715 4767 2870 4842 εἶναι.
2908 4771 2946 4822 Β
2972 4771 3051 4842 τῷ
3074 4768 3232 4828 εἶναι.

1991 4842 2102 4911 (99)
2146 4842 2431 4911 Ἀρχεται.
2542 4840 2767 4911 ἄρχεται
2795 4841 2937 4894 τότε,
3024 4840 3033 4842 ν
3100 4859 3116 4867 ν.

1991 4908 2090 4977 (Ι)
2119 4909 2386 4977 ’ᾼρανέςκ
2421 4911 2464 4961 Α
2491 4910 2530 4960 Β
2562 4908 2824 4977 ἀφεγγὲς.

1991 4975 2069 5045 (2)
2113 4975 2269 5032 om.
2301 4980 2345 5031 Α
2372 4980 2412 5029 Β
2440 4978 2585 5031 οἴων.

1991 5050 2066 5117 (5)
2109 5049 2391 5118 Θεωρίανζ
2417 5048 2459 5099 Β
2493 5047 2811 5118 θεραπείαν.

1994 5114 2068 5188 (4)
2112 5114 2254 5189 Οὖιξ.
2290 5119 2331 5169 Β
2362 5114 2448 5189 ἦν.

1991 5185 2068 5259 (ὅ)
2106 5185 2451 5259 Βλέπωνζᾼ
2482 5187 2523 5239 Β
2555 5185 2771 5259 βλέπον.

1989 5256 2066 5325 (6)
2106 5258 2201 5325 Μὴ
2224 5256 2594 5325 βλεπόμενα.
2632 5258 2722 5325 Μή
2755 5257 2907 5312 deest
2941 5257 3003 5313 Β.

1989 5328 2066 5390 (ἲ)
2114 5330 2494 5382 Evr-(amna.
2536 5328 2576 5378 Β
2606 5328 2913 5381 συνίσταται
2941 5329 3020 5382 τό.

1963 5395 2065 5520 é(8)
2116 5395 2647 5468 Ἐγκεκρυμμένης.
2701 5396 2745 5449 Α
2802 5398 2855 5453 in
2912 5400 3155 5470 margine
3212 5403 3545 5478 ἐγκεκρα-ν-

1991 5486 2104 5520 νης.

1991 5486 2104 5531 νης.

1920 5484 2104 5538 μενης.
2356 5536 2383 5547 _

1990 5539 2065 5605 (9)
2124 5536 2247 5591 Ἐπὶ
2280 5553 2407 5589 του.
2440 5537 2484 5587 Α
2513 5536 2554 5587 Β
2586 5537 2678 5588 ἐπὶ
2701 5539 2780 5591 τό.

2016 5609 2103 5677 10)
2151 5608 2219 5659 Τὸ
2247 5606 2333 5659 δέ.
2374 5605 2419 5657 Α
2444 5605 2486 5658 Β
2513 5606 2574 5659 τό
2598 5623 2677 5659 τε.

2016 5609 2103 5677 10)
2151 5608 2219 5659 Τὸ
2247 5608 2333 5659 δέ.
2374 5608 2419 5657 Α
2444 5608 2486 5658 Β
2513 5608 2574 5659 τό
2598 5623 2677 5659 τε.

1988 5608 2102 5750 ill)
2143 5677 2247 5731 Ἕν
2278 5693 2422 5743 τινι,
2463 5677 2701 5731 τούτων.
2732 5679 2777 5730 Α
2800 5677 2841 5730 Β
2863 5676 2920 5731 έν
2946 5696 3051 5735 τινι
3085 5679 3307 5736 τούτων.
