4046 6350
511 210 585 268 ss
1724 202 1783 260 s.
1821 199 2152 261 GREGORII
2206 197 2502 259 NYSSENI
2910 163 2912 170 ’
3703 201 3783 260 35

511 323 672 394 quasi
698 323 1106 393 incorporatam
1138 329 1308 410 atque
1321 323 1850 380 consalutantiatam
1869 337 1993 378 esse
2011 320 2097 376 di-

2202 319 2502 374 διατιθεῖσα
2533 317 2782 390 μιμεῖται
2813 318 2913 390 τὴν
2938 319 3100 389 φύσιν
3121 361 3136 386 ,
3191 319 3290 373 οὐκ
3340 320 3398 373 ἐν
3425 317 3505 390 τῷ
3537 319 3787 390 σχήματι

512 421 624 480 cat,
683 428 808 484 qua:
859 414 998 480 hac,
1049 412 1172 483 quae
1241 423 1424 469 mente
1472 413 1895 484 percipiuntur,
1971 411 2090 464 visa

514 511 682 571 atque
722 503 995 558 motiones
1042 517 1105 556 ex
1158 503 1396 556 naturali
1446 503 1779 572 proprietate
1813 506 1976 568 atque
2010 495 2092 550 fa-

515 594 725 649 cultate
768 593 1220 662 eﬂiciat3qualia
1273 594 1446 648 multa
1492 594 1750 648 nimirum
1802 606 1834 644 a
1884 589 2091 643 machi-

515 701 743 740 narum-
792 687 1096 742 artiﬁcibus
1163 685 1303 759 eﬂici
1361 685 1636 751 videmus,
1707 684 1796 739 ubi
1865 683 2092 736 materia

479 787 631 832 .arte
667 776 932 847 disposita
1000 784 1252 837 naturam
1306 775 1585 840 imitatur,
1648 788 1757 828 non
1812 773 1866 826 in
1920 772 2091 824 forma

515 868 692 923 solum
757 865 1171 921 similitudinem
1230 866 1550 929 ostendens,
1593 880 1781 918 verum
1816 864 1978 917 etiam
2037 863 2091 916 in

517 964 666 1010 motu
701 963 974 1018 versatur,
1005 963 1058 1009 et
1101 953 1284 1007 fictam
1333 955 1624 1023 quamdam
1665 969 1854 1008 vocem
1897 968 2095 1023 repraa-

515 1055 731 1111 sentat,
809 1054 1100 1101 resonante
1159 1045 1408 1099 machina
1477 1045 1530 1098 in
1573 1056 1727 1115 parte
1777 1046 1989 1098 vocali:
2031 1059 2095 1098 ac

511 1123 625 1191 non
681 1139 899 1207 utrique
931 1137 1038 1189 vim
1088 1136 1382 1205 quamdam
1431 1137 1783 1206 intelligentia
1815 1135 2094 1206 praeditam

517 1231 572 1284 in
629 1231 696 1285 iis
749 1245 872 1300 qua:
965 1229 1100 1286 fiunt
1157 1230 1339 1285 inesse
1402 1229 1918 1293 animadvertimus,
1976 1244 2098 1300 quae

2193 414 2340 484 μόνῳ
2365 411 2480 482 (12)
2503 409 2758 465 δεικνῦσα
2783 410 2847 465 τό
2873 412 3076 482 ὅμοιον,
3109 411 3247 465 ἀλλὰ
3274 411 3386 482 (15)
3410 411 3500 466 καὶ
3542 413 3601 464 ἐν
3626 412 3790 483 κινήσ-

2193 517 2275 555 σει
2311 501 2540 569 γίνεται,
2563 501 2657 554 καὶ
2691 500 2930 569 φθόγγον
2960 500 3084 554 τινὰ
3114 499 3488 572 ὑποκρίνεται,
3515 497 3788 568 ἠχοῦντος

2191 595 2250 646 ἐν
2296 592 2375 663 τῷ
2401 591 2693 663 φωνητικῷ
2727 593 2884 663 μέρει
2932 591 3027 645 τοῦ
3071 593 3490 662 μηχανήματος,
3531 590 3626 642 καὶ
3651 588 3784 643 οὐδέ

2195 700 2298 736 που
2327 683 2438 754 (14)
2472 683 2665 754 νοητήν
2694 700 2814 736 τινα
2837 682 3063 753 δύναμιν
3092 682 3395 753 γινομένοις
3425 681 3537 752 (15)
3572 680 3776 734 ἐνθεω-

2197 773 2400 846 ροῦμεν
2423 775 2524 844 τὴν
2553 773 2674 828 καθ’
2704 775 2934 828 ἕκαστον
2964 774 3076 844 (16)
3105 773 3476 845 ἐργαζομένην
3522 772 3584 826 τὸ
3632 771 3771 842 σχῆ-

2197 885 2274 938 μα
2297 907 2312 932 ,
2343 867 2403 920 τὸ
2431 863 2566 929 εἶδος
2589 865 2746 936 (16⁸),
2785 867 2878 920 τὸν
2909 863 3075 937 ἦχον,
3103 867 3206 936 τὴν
3235 866 3465 936 κίνησιν.
3512 865 3576 918 Εἰ
3597 862 3780 919 ταῦτα

2194 957 2425 1028 λέγομεν
2443 956 2487 1026 (l
2503 956 2554 1027 7)
2584 956 2678 1010 καὶ
2702 956 2829 1027 περ).
2851 957 2910 1009 τὸ
2931 956 3231 1027 μηχανικὸν
3253 955 3412 1009 τοῦτο
3431 954 3533 1026 τῆς
3555 952 3773 1022 φύσεως

2194 1049 2350 1119 ἡμῶν
2381 1048 2629 1118 ὄργανον,
2661 1047 2933 1118 μηδεμιᾶς
2962 1047 3106 1102 κατὰ
3135 1047 3196 1100 τὸ
3229 1045 3428 1112 ἰδιάζον
3453 1046 3654 1116 νοητῆς
3679 1045 3778 1098 οὒ-

2197 1141 2319 1204 σίας
2371 1139 2785 1210 ἐγκεκραμένης
2815 1139 2928 1210 (18)
3003 1138 3266 1208 γίνεσθαι,
3313 1137 3450 1192 ἀλλά
3507 1153 3652 1200 τινος
3696 1138 3772 1207 τῇ

2197 1230 2358 1302 φύσει
2399 1229 2508 1282 τῶν
2547 1230 2606 1282 ἐν
2658 1231 2789 1300 ἡμῖν
2839 1229 3115 1298 στοιχείων
3155 1228 3446 1299 κινητικῆς
3489 1227 3773 1297 δυνάμεως

515 1323 836 1392 singulatim
906 1337 1155 1392 quasque
1205 1337 1296 1378 res
1352 1321 1546 1377 efﬁciat
1599 1330 1654 1376 et
1713 1333 1999 1391 operetur,
2036 1321 2097 1375 fi-

2202 1323 2524 1394 ἐγκειμένης
2544 1363 2560 1390 ,
2592 1322 2686 1376 καὶ
2713 1321 2810 1392 τὴν
2835 1320 3087 1392 τοιαύτην
3109 1321 3392 1392 ἐνέργειαν
3421 1319 3771 1388 ἀποτέλεσμα

515 1431 726 1483 guram,
782 1414 1041 1483 speciem,
1107 1427 1344 1474 sonum,
1379 1420 1608 1466 motum.
1662 1409 1718 1465 Si
1769 1412 1883 1478 hanc
1945 1413 2101 1467 dica-

2202 1410 2337 1469 εἶναι
2362 1414 2473 1484 (19)
2515 1413 2597 1482 ἐφ’
2631 1412 2845 1482 .ἐαυτῆς
2864 1428 2877 1443 ο
2913 1412 3012 1483 τὴν
3044 1412 3238 1483 νοητὴν
3259 1414 3474 1481 ἐκείνην
3505 1412 3598 1466 καὶ
3627 1409 3776 1465 ἀσώ-

517 1522 642 1560 ntus
670 1510 832 1560 etiam
868 1507 921 1560 in
959 1507 1061 1560 hoc
1114 1506 1432 1560 mechanico
1468 1513 1676 1560 naturae
1726 1515 1925 1561 nostra:
1983 1506 2098 1562 fieri

2203 1522 2371 1576 ματον
2394 1505 2496 1575 τῆς
2517 1503 2695 1574 ψυχῆς
2716 1502 2904 1557 οὐσίαν
2927 1502 3408 1574 ἀποδεικνύοιτο,ἢ
3441 1502 3502 1557 τὸ
3529 1503 3774 1574 μηδόλως

522 1597 930 1661 instrumento,
979 1597 1130 1651 nulla
1192 1596 1528 1666 separatim,
1564 1611 1685 1664 quae
1739 1607 1918 1651 mente
1978 1612 2101 1651 cer-
2201 1593 2383 1662 εἷναι;

518 1699 703 1754 natur,
762 1697 959 1744 natura
1016 1688 1236 1752 infusa,
1291 1688 1387 1742 sed
1439 1687 1674 1756 quadam
1746 1688 2006 1743 facultate
2065 1689 2315 1743 movendi
2374 1690 2539 1744 insita
2608 1701 2822 1746 natura:
2877 1705 3067 1746 eorum
3121 1705 3245 1760 quae
3321 1691 3374 1751 in
3425 1689 3584 1745 nobis
3645 1698 3775 1744 sunt

519 1781 941 1844 elementorum,
984 1787 1230 1850 urgente,
1267 1787 1431 1849 atque
1488 1779 1759 1848 ejusmodi
1818 1780 2089 1834 actionem
2129 1796 2254 1835 esse
2288 1782 2366 1835 rei
2425 1782 2700 1848 effectum,
2736 1798 2859 1852 quae
2928 1781 3064 1836 nihil
3119 1781 3267 1836 aliud
3315 1788 3400 1835 est
3447 1795 3611 1849 quam
3658 1797 3774 1833 mo-

523 1879 614 1925 tus
663 1869 884 1939 quidam
935 1871 1285 1939 impulsivus,
1350 1871 1444 1940 qui
1489 1879 1743 1924 versatur
1830 1877 1886 1923 et
1947 1881 2250 1940 occupatur
2276 1871 2421 1926 circa
2479 1874 2845 1942 cognitionem
2890 1887 3078 1926 earum
3133 1886 3338 1933 rerum,
3393 1871 3593 1940 quibus
3658 1879 3774 1924 stu-

521 1963 716 2018 demus
741 1969 795 2017 et
853 1977 1074 2032 operam
1108 1964 1357 2020 damus:
1401 1972 1585 2020 utrum
1641 1963 1814 2034 magis
1883 1979 1978 2032 per
2021 1964 2164 2029 haec,
2219 1980 2412 2021 essene
2475 1967 2621 2020 illam
2706 1967 2758 2020 in
2836 1980 2959 2020 sese
3009 1965 3328 2018 rationalem
3380 1964 3774 2033 intelligentize-

523 2072 631 2126 quc
685 2055 1002 2125 participem
1057 2064 1112 2110 et
1163 2056 1543 2126 incorpoream
1577 2056 1772 2111 animm
1813 2064 2090 2122 naturam,
2132 2073 2198 2111 an
2243 2075 2308 2113 ne
2353 2075 2580 2128 prorsus
2635 2059 2853 2130 quidem
2887 2073 3030 2121 esse,
3085 2056 3530 2110 demonstretur?

623 2148 692 2202 M.
717 2147 787 2199 At
806 2143 1410 2215 illaztlumsimilitudo,
1458 2146 1670 2216 inquit,
1723 2145 1943 2215 adjuvat
2006 2156 2101 2199 at-

2281 2152 2355 2205 M.
2392 2152 2544 2212 Ἡδὲ,
2565 2153 2867 2224 Συμμαχεῖ,
2889 2147 3056 2217 φησὶ,
3107 2144 3346 2215 τῷλόγῳ
3390 2145 3484 2197 καὶ
3532 2143 3592 2196 τὸ
3638 2141 3771 2194 ὑπόο

524 2249 633 2308 que
688 2229 931 2286 defendit
970 2243 1216 2289 nostram
1261 2237 1605 2301 orationem,
1657 2245 1770 2290 tum
1820 2245 2097 2292 structura

527 2338 692 2394 atque
740 2325 1068 2394 compositio
1101 2327 1281 2382 omnis
1327 2343 1394 2382 ex
1449 2329 1683 2385 advorso
1736 2329 1894 2384 nobis
1938 2329 2099 2383 illatze

527 2417 980 2474 Contradictionis
1037 2433 1148 2474 non
1200 2433 1395 2490 parum
1445 2421 1692 2476 conferet
1751 2421 1817 2474 ad
1873 2429 2098 2476 senten-

526 2504 616 2558 tia:
662 2515 863 2562 nostra:
894 2506 1382 2563 confirmationem.
1404 2519 1536 2566 -ιέ,
1559 2516 1660 2578 Qui
1681 2514 1781 2563 hoc
1797 2514 1934 2564 dicis
1961 2532 1970 2561 ι
2013 2507 2100 2560 itt-

526 2610 710 2661 quam.
731 2599 872 2653 -Μ,
891 2597 1184 2666 Quoniam,
1201 2595 1396 2666 inquit,
1412 2599 1481 2652 ita
1497 2600 1658 2662 scire,
1681 2605 1943 2663 tractare,
1982 2597 2100 2652 dis-

526 2697 731 2752 ponere
784 2691 837 2737 et
873 2683 1288 2740 ﬂCCOttIIIIOdaro
1341 2687 1618 2739 materiam
1668 2689 1986 2754 inanimato,
2041 2699 2103 2744 ut

526 2789 640 2840 ars,
675 2791 796 2843 quae
851 2776 917 2829 ad
965 2776 1245 2832 machinas
1287 2775 1531 2832 adhibita
1589 2787 1694 2841 est,
1745 2780 1864 2833 loco
1909 2781 2102 2835 animae

526 2867 916 2936 propemodum
981 2868 1220 2922 materiae
1295 2869 1367 2922 sit
1423 2907 1438 2933 ,
1505 2878 1787 2938 propterea
1841 2871 1986 2941 quod
2048 2879 2102 2925 et

527 2966 759 3022 motum,
811 2967 866 3012 et
923 2974 1142 3022 sonum,
1197 2967 1252 3014 et
1305 2960 1536 3030 ﬁguram
1597 2967 1652 3015 et
1705 2962 1832 3014 talia
1907 2979 2103 3031 reprae-

525 3059 726 3114 sentat,
775 3051 911 3105 satis
948 3051 1110 3107 fuerit
1157 3052 1226 3107 ad
1273 3053 1801 3118 demonstrandum,
1855 3056 1998 3124 quod
2033 3058 2104 3111 sit

525 3144 729 3213 aliquid
790 3144 844 3198 in
896 3145 1115 3200 homine
1148 3147 1258 3202 tale
1315 3145 1463 3217 quod
1540 3162 1636 3217 per
1695 3149 2104 3218 contemplatri-

526 3252 642 3291 ccm
703 3244 758 3290 et
811 3237 1166 3291 inventricem
1221 3237 1537 3293 facultatem
1599 3253 1722 3293 cum
1783 3241 2105 3294 naturaliter

526 3329 703 3398 possit
759 3329 872 3383 haec
924 3331 978 3382 in
1029 3331 1210 3399 seipso
1263 3331 1645 3396 considerare,
1691 3343 1871 3385 mente
1920 3332 2105 3385 conci-

529 3433 661 3489 pere
724 3427 779 3472 et
859 3419 1336 3482 animadvertere.
1403 3429 1517 3475 tum
1567 3429 1693 3476 ante
1771 3423 2104 3492 cogitatione

2200 2239 2420 2309 δειγμα,
2454 2239 2548 2291 καὶ
2577 2239 2608 2307 ή
2646 2239 2957 2308 κατασκευὴ
2984 2239 3130 2291 πᾶσα
3159 2237 3259 2308 τῆς
3284 2233 3772 2304 ἀνθυπενεχθείσης

2199 2330 2332 2399 ἡμῖν
2381 2328 2747 2398 ἀντιρρήσεως
2795 2328 2857 2379 οὐ
2908 2325 3082 2398 μικρὰ
3131 2326 3433 2380 συντελέσει
3492 2324 3629 2395 πρὸς
3673 2321 3775 2392 τὴν

2200 2417 2310 2470 τῶν
2365 2417 2660 2487 νοηθέντων
2694 2414 2821 2484 ἡμῖν
2835 2411 3322 2484 βεϐαιότητι-Γ.
3350 2413 3471 2474 Ιξῶς
3492 2408 3586 2466 οὖν
3614 2410 3776 2465 τοῦτο

2201 2509 2324 2577 λέγε
2334 2525 2379 2571 ις
2393 2525 2408 2573 ;
2428 2511 2556 2562 -Μ
2565 2550 2576 2560 .
2587 2508 2815 2571 Ὅτιτοι,
2829 2511 2982 2577 φησὶ,
2993 2509 3055 2562 τὸ
3068 2509 3238 2572 οὕτως
3250 2508 3445 2562 εἰδέναι
3466 2502 3776 2573 μεταχειρί-

2204 2599 2391 2662 ζεσθαι
2424 2615 2477 2650 τι
2509 2595 2620 2665 (20)
2667 2596 2760 2648 καὶ
2786 2593 3082 2648 διατιθέναι
3111 2595 3212 2666 τὴν
3249 2594 3453 2664 ἄψυχον
3499 2594 3630 2665 ὓλην
3655 2633 3671 2657 ,
3701 2594 3779 2656 ὡς

2199 2691 2298 2760 τὴν
2356 2687 2766 2742 ἐναποτιθεῖσαν
2806 2685 2916 2757 (21)
2981 2689 3093 2750 τοῖς
3167 2687 3521 2757 μηχανήμασι
3582 2686 3778 2755 τέχνην

2205 2779 2402 2850 μικροῦ
2435 2780 2543 2832 δεῖν
2569 2778 2689 2832 ἀντὶ
2715 2781 2813 2850 τῆς
2841 2778 3019 2849 ψυχῆς
3053 2780 3120 2849 τῆ
3155 2777 3255 2849 ὕλῃ
3293 2777 3574 2847 γίνεσθαι,
3606 2777 3672 2829 δι’
3702 2771 3780 2830 ὧν

2203 2871 2414 2940 κίνησίν
2443 2888 2501 2922 τε
2530 2871 2624 2924 καὶ
2657 2865 2820 2940 ἦχον,
2852 2871 2945 2923 καὶ
2987 2871 3239 2940 σχήματα
3261 2909 3276 2932 ,
3303 2869 3399 2921 καὶ
3439 2867 3508 2921 τὰ
3555 2866 3780 2921 τοιαῦτα

2204 2962 2658 3032 καθυποκρίνεται
2683 3001 2696 3022 ,
2725 2960 2994 3024 ἀπόδειξις
3022 2959 3087 3014 ἂν
3113 2960 3199 3030 εἴη
3222 2961 3316 3014 τοῦ
3353 2955 3491 3013 εἷναί
3519 2978 3570 3012 τι
3604 2959 3782 3012 τοιοῦ-

2204 3069 2292 3103 τον
2323 3052 2434 3120 (22)
2465 3053 2523 3103 ἐν
2556 3051 2633 3121 τῷ
2666 3050 2971 3122 ἀνθρώπῳ,
3011 3045 3056 3120 ᾧ
3089 3051 3260 3105 ταῦτα
3288 3051 3398 3121 (2'5)
3445 3051 3650 3119 πέφυκε
3691 3051 3782 3104 διὰ

2202 3142 2299 3210 τῆς
2331 3141 2670 3211 θεωρητικῆς
2693 3141 2788 3194 καὶ
2809 3142 3164 3212 ἐφευρετικῆς
3187 3142 3470 3212 δυνάμεως
3495 3145 3783 3195 κατανοεῖν

2202 3250 2260 3285 τε
2295 3234 2350 3284 ὲν
2383 3231 2558 3302 ἐαυτῷ
2587 3231 2698 3301 (24)
2735 3233 2828 3285 καὶ
2871 3233 3407 3304 προκατασκευάζειν
3459 3236 3526 3304 τῇ
3575 3233 3786 3305 διανοίᾳ

2202 3324 2271 3376 τὰ
2319 3324 2684 3394 μηχανήματα
2718 3361 2734 3388 ,
2779 3320 2877 3377 εἷθ’
2911 3323 3084 3388 οὕτως
3131 3327 3212 3386 εἰς
3242 3325 3521 3393 ἐνέργειαν
3557 3326 3645 3380 διὰ
3682 3325 3786 3394 τῆς

2204 3413 2399 3482 τέχνης
2433 3413 2618 3481 ἄγειν,
2651 3414 2746 3466 καὶ
2779 3414 2866 3468 διὰ
2893 3415 2992 3485 τῆς
3029 3415 3161 3486 ὕλης
3195 3415 3460 3470 δεικνύειν
3485 3416 3546 3469 τὸ
3583 3417 3781 3487 νόημα.

531 3509 817 3566 instituere
865 3526 930 3565 ac
969 3525 1276 3580 praeparare
1321 3513 1643 3576 machinas,
1683 3520 1847 3584 atque
1881 3515 1952 3566 ita
2005 3513 2101 3567 de-

2206 3474 2426 3575 Πριῦτον
2453 3474 2562 3576 γὰρ
2585 3505 2664 3558 ὅτι
2699 3474 3007 3577 πνεύματός
3193 3508 3351 3580 χρεία
3375 3507 3513 3578 πρὸς
3556 3474 3784 3580 τῆν’ἐκ-

530 3602 655 3656 inde
685 3617 778 3657 cas
813 3618 908 3672 per
941 3609 1114 3656 artem
1173 3601 1238 3656 ad
1272 3603 1542 3658 actionem
1588 3604 1887 3686 perducere
1915 3620 1976 3659 ac
2007 3619 2102 3675 per

530 3693 815 3746 materiam
869 3693 1164 3748 ostendere
1190 3695 1390 3749 mentis
1452 3703 1805 3765 conceptum.
1859 3694 2101 3748 Primum

529 3784 674 3839 enim
711 3783 855 3847 quod
906 3783 970 3836 ad
1035 3799 1222 3839 vocem
1277 3784 1542 3839 edendam
1601 3786 1796 3856 spiritu
1838 3800 1977 3854 opus
2032 3785 2106 3839 sit

530 3876 919 3931 animadvertit
949 3894 964 3943 ;
1008 3877 1205 3932 deinde
1230 3893 1338 3947 quo
1376 3885 1535 3947 pacto
1583 3879 1848 3933 machina:
1880 3878 2107 3948 spiritus

530 3968 953 4038 evcogitarelur,
1011 3969 1356 4023 considerata
1411 3970 1805 4024 elementorum
1856 3978 2050 4024 natura
2084 4007 2100 4034 ,

530 4059 743 4111 ratione
782 4065 908 4112 ante
953 4059 1234 4128 perpendit
1268 4099 1284 4124 ,
1325 4061 1470 4130 quod
1525 4060 1784 4114 nimirum
1842 4061 1978 4114 nihil
2008 4075 2106 4114 va-

530 4165 692 4204 cuum
747 4151 819 4204 sit
875 4151 927 4204 in
984 4165 1166 4206 rerum
1235 4159 1478 4215 natura,
1547 4151 1640 4206 sed
1699 4151 2108 4222 comparatione

529 4255 654 4294 rum
710 4241 986 4309 graviori,
1034 4242 1152 4296 leve
1189 4257 1427 4296 vacuum
1472 4250 1698 4312 putetur
1737 4251 1902 4312 atque
1955 4241 2108 4296 dica-

531 4340 644 4396 tur,
679 4333 938 4400 quoniam
979 4341 1032 4387 et
1083 4333 1199 4402 ipse
1247 4347 1339 4387 aer
1392 4333 1446 4386 in
1507 4348 1627 4388 sese
1661 4333 1745 4387 sui
1795 4340 1988 4386 natura
2020 4346 2107 4386 so-

533 4421 679 4475 lidus
730 4437 793 4475 ac
837 4423 1032 4491 plenus
1092 4433 1198 4477 est.
1253 4419 1501 4476 Vacuum
1549 4423 1693 4476 enim
1756 4438 1854 4477 vas
1905 4422 2107 4475 dicitur

533 4523 628 4577 per
666 4508 1004 4575 abusionem,
1065 4524 1188 4562 cum
1245 4510 1314 4564 ab
1349 4511 1576 4564 humore
1607 4524 1838 4563 vacuum
1900 4509 2107 4575 fuerit,

534 4601 887 4656 nihilominus
933 4601 1077 4656 aeris
1120 4601 1338 4671 plenum
1393 4603 1642 4657 eruditus
1671 4601 1835 4656 etiam
1888 4601 1992 4656 hoc
2020 4615 2107 4656 es-

634 4773 718 4837 12)
757 4774 952 4838 Μόνῳ.
983 4773 1026 4826 Α
1060 4773 1112 4827 in
1141 4773 1386 4843 margine
1419 4774 1611 4843 μόνων.

638 4843 718 4910 ιδ)
772 4845 975 4897 Ἀλλά.
1009 4845 1054 4896 Α
1083 4843 1215 4896 ἀλλὰ
1255 4843 1380 4912 γάρ.

636 4915 719 4978 14)
755 4913 906 4966 Οὺδέ
941 4929 1080 4966 που.
1113 4915 1156 4964 Α
1186 4913 1260 4965 υὺ
1293 4914 1484 4982 δήπιυ.

636 4917 719 4978 14)
755 4917 906 4966 Οὺδέ
941 4929 1080 4966 που.
1113 4917 1156 4964 Α
1186 4917 1260 4965 υῠ
1293 4917 1484 4982 δήπιυ.

609 4917 723 5052 (l5)
764 4982 1128 5051 Γινομένοις.
1163 4983 1202 5032 Β
1227 4985 1339 5042 τοῖς
1367 4982 1806 5050 γινωσκομένοις.

611 5053 722 5122 (16)
763 5055 899 5106 Καθ’
918 5054 1196 5106 ἕκαστον.
1316 5051 1387 5103 Τὸ
1421 5051 1539 5104 καθ’
1563 5054 1810 5122 ἕκαστον.

637 5122 1177 5195 ιβ’)ΤὸᾹσχῆμαητρ
1199 5118 1377 5195 εἶδος.
1409 5123 1449 5172 Β
1471 5123 1530 5174 τὸ
1559 5118 1719 5189 εἶδος,
1747 5124 1806 5176 τὸ
1839 5124 2042 5195 σχῆμα.

762 5191 1044 5271 ᾼέγοίιεν.
1071 5192 1186 5271 Α.Β
1215 5191 1483 5271 λέεριμεν,

611 5261 724 5332 (18)
775 5261 1270 5332 Ἐγκέκραμένης;
1288 5263 1328 5312 Β
1354 5261 1829 5332 ἐγκεκρνμμένης.

611 5279 724 5332 (ιδ)
781 5279 1266 5330 ἠγκεκραμενης.
1289 5279 1328 5312 υ
1354 5279 1588 5330 εγκεκρυ
1641 5279 1829 5331 μενης.

611 5331 722 5396 (19)
775 5331 1170 5398 Ἂποτέλεσμα
1212 5327 1382 5384 εἶναι.
1415 5332 1460 5382 Α
1492 5341 1546 5384 ct
1579 5279 1634 5383 ἕ
1649 5341 1834 5398 postea
1865 5333 1978 5387 haec
2019 5347 2112 5386 ex-

542 5399 718 5454 hibet:
745 5401 816 5452 Ἣ
857 5401 1009 5453 οὐδὲν
1042 5401 1168 5454 ἄλλο
1199 5400 1230 5454 ἢ
1259 5401 1469 5454 κίνησίς
1516 5401 1598 5454 τίς
1646 5403 1790 5453 ἐστιν
1837 5401 2108 5454 ὁοαητικὴ

542 5400 718 5455 Ιιὶιιιοιξ
745 5401 816 5452 Ἦ
857 5401 1009 5453 οὐδὲν
1042 5401 1168 5454 ἄλλο
1199 5400 1230 5470 ἢ
1259 5401 1469 5468 κίνησίς
1516 5401 1598 5463 τίς
1646 5403 1790 5453 ἐστιν
1837 5401 2109 5473 ὁρμητικὴ

540 5470 1048 5560 arietare?!
1094 5469 1681 5560 ξέιϊξῖττλιεξιὲίξιιὲνων
1702 5473 2106 5560 ,ἐνεργιυειένηο

541 5539 703 5592 Τίᾶν
738 5539 936 5610 μᾶλλον
966 5540 1052 5592 διὰ
1091 5539 1278 5591 τούτου
1315 5539 1420 5604 (διὰ
1452 5541 1654 5593 τούτων
1689 5543 1752 5610 Α)
1783 5539 1906 5630 (es
1946 5539 2107 5596 εἶναι.

615 5609 726 5678 (20)
765 5608 1281 5686 Μεταχειρίζεσθιιί
1322 5626 1392 5663 τι.
1440 5611 1479 5661 Β
1518 5611 1984 5680 μεταχειρὶςεσθαί
2029 5629 2107 5666 τε.

2202 3593 2467 3664 φώνησιν,
2499 3596 2827 3666 κατενόησεν
2847 3613 2861 3626 ·
2889 3593 2987 3650 εἷθ’
3007 3597 3153 3661 ὅπως
3181 3599 3246 3653 ἂν
3278 3599 3587 3671 ἐπινοηθείη
3617 3599 3787 3654 πνεῦ-

2208 3703 2282 3756 μα
2301 3684 2378 3755 τῷ
2411 3687 2765 3756 μηχανήματι
2795 3685 2872 3756 τῷ
2897 3686 3142 3758 λογισμῷ
3166 3687 3522 3761 προεξήτασε,
3548 3689 3650 3759 τὴν
3671 3688 3785 3742 τῶν

2211 3777 2486 3847 στοιχείων
2537 3776 2698 3846 φύσιν
2735 3778 3204 3849 ἐπισκεψάμενος,
3254 3782 3333 3834 ὅτι
3354 3781 3505 3834 οὐδὲν
3534 3780 3688 3835 κενὸν
3721 3782 3787 3834 ἐν

2207 3871 2322 3931 τοῖς
2347 3865 2496 3922 οὖσίν
2533 3867 2698 3930 ἐστιν,
2726 3867 2862 3922 ἀλλὰ
2890 3869 3025 3940 πρὸς
3057 3869 3167 3941 (25)
3201 3871 3260 3924 τὸ
3287 3870 3584 3943 βαρύτερον
3606 3888 3788 3941 παρα-

2209 3961 2355 4014 θέσει
2379 3960 2532 4014 xsva
2557 3960 2620 4012 τὸ
2647 3959 2847 4030 κοῦφον
2871 3962 3185 4032 νομίζεται,
3227 3963 3348 4017 ἐπεὶ
3379 3963 3472 4016 καὶ
3502 3964 3662 4028 αὐτὸς
3693 3962 3789 4034 ἐφ’

2206 4053 2399 4108 ἑαυτοῦ
2441 4053 2561 4107 κατ’
2596 4053 2728 4106 ἰδίαν
2775 4053 3071 4108 ὑπόστασιν
3123 4055 3318 4126 μεστός
3357 4073 3417 4110 τε
3468 4057 3496 4108 ὁ
3539 4057 3647 4129 ἀὴρ
3688 4059 3788 4110 καὶ

2207 4145 2422 4217 πλήρης
2453 4146 2568 4198 ἐστί
2594 4145 2728 4218 (26).
2760 4147 3016 4200 Διάκενον
3043 4147 3152 4218 γὰρ
3178 4149 3239 4202 τὸ
3271 4149 3490 4217 ἀγγεῖον
3519 4151 3583 4202 ἐκ
3615 4167 3788 4202 κατα-

2209 4236 2456 4306 χρήσεως
2501 4235 2739 4304 λέγεται.
2784 4237 2956 4290 Ὅταν
3003 4237 3112 4310 γὰρ
3161 4237 3254 4290 τοῦ
3315 4239 3484 4309 ὑγροῦ
3520 4239 3674 4294 κενὸν
3721 4237 3784 4314 ᾖ.

2209 4325 2360 4377 οὐδὲν
2403 4320 2564 4398 ἦττον
2599 4327 2712 4397 (27)
2765 4328 2958 4398 μεστὸν
2997 4329 3155 4400 ἀέρος
3199 4331 3626 4402 πεπαιδευμένος
3669 4332 3789 4402 (28)

2212 4416 2306 4471 καὶ
2341 4417 2500 4471 τοῦτο
2523 4417 2689 4486 λέγει.
2724 4419 2954 4489 Σημεῖον
2981 4419 3036 4473 δὲ
3067 4420 3156 4474 τὸν
3188 4421 3495 4492 ἐπαχθέντα
3521 4427 3585 4495 τῇ
3618 4424 3787 4496 λίμνῃ

2208 4506 2461 4577 ἀμφορέα
2479 4507 2589 4578 (29)
2626 4508 2700 4578 μὴ
2726 4509 2888 4572 εὐθὺς
2913 4510 3249 4582 πληροῦσθαι
3279 4512 3374 4566 τοῦ
3411 4512 3632 4578 ὕδατος,
3669 4514 3787 4568 ἀλλ’

2212 4598 2558 4664 ἐπιπολάζειν
2591 4599 2661 4652 τὰ
2699 4601 2929 4672 πρῶτα,
2971 4601 3065 4655 τοῦ
3105 4603 3576 4676 ἐναπειλημμένου
3623 4605 3789 4676 ἀέρος

2285 4773 2398 4850 (21.)
2452 4775 3048 4850 ἘναπποτιθεῖσανηΔ
3093 4777 3146 4832 in
3203 4784 3352 4850 textu
3394 4779 3788 4850 ἐναποληφθεῖ-

2215 4861 2334 4906 σαν,
2364 4844 2416 4896 in
2449 4845 2691 4912 margine
2728 4847 3168 4903 ἐναποτεθείσαν.
3208 4847 3250 4899 Β
3277 4844 3712 4908 ἐναποτεθεῖσαν.

2287 4913 2398 4981 (22)
2444 4917 2501 4981 Tr
2526 4915 2813 4970 τοιοῦτον.
2851 4917 2890 4968 Β
2919 4917 3156 4972 τοιοῦτόν
3185 4933 3258 4970 τι.

2287 4979 2398 5051 (25)
2439 4979 2514 5052 ’ᾯ
2540 4983 2742 5038 ταῦτα.
2783 4987 2826 5038 Α
2859 4987 2886 5039 ὂ
2916 4988 3108 5042 ταῦτα.

2281 5053 2395 5130 (21)
2443 5055 2557 5130 ’_Er_
2579 5055 2788 5130 ἐαρτῴ.
2824 5057 2866 5107 Β
2893 5058 2952 5130 ἐν
2977 5058 3144 5130 αὐτῷ.

2280 5121 2396 5196 (25)
2436 5125 2608 5196 Πρός.
2629 5123 2686 5196 AB
2717 5128 2781 5194 τῇ
2816 5126 2970 5196 πρός.

2281 5192 2409 5272 (26).
2435 5194 2672 5272 Μεστός
2689 5192 2808 5249 add
2844 5192 2959 5272 ᾀὴρ
2985 5215 3042 5251 κ.
3079 5215 3145 5272 π.
3165 5200 3215 5255 ἐ.
3241 5202 3287 5254 Δ
3312 5203 3340 5255 ό
3361 5200 3470 5272 ἀὴρ
3504 5199 3697 5272 ναστός
3724 5217 3787 5255 τε

2210 5261 2304 5314 καὶ
2353 5260 2675 5344 πλήρηςηις
2710 5260 2958 5344 etimdem
3005 5269 3246 5344 ordinem
3288 5260 3491 5338 servat,
3545 5271 3641 5327 sed
3675 5260 3788 5342 'pro

2209 5332 2403 5402 ναστός
2431 5332 2624 5385 retinet
2651 5335 2861 5402 μεστός.

2289 5401 2402 5481 (22)
2446 5400 2866 5481 (labar-ﬁnem
2901 5406 2944 5459 Α
2977 5407 3018 5481 Β
3047 5407 3200 5481 οὐδὲν
3223 5408 3279 5462 δέ
3303 5403 3483 5481 ἦττον.

2288 5471 2399 5543 (28)
2445 5474 2938 5543 Πεπαιὸειξμένος.
2973 5479 3017 5528 Λ
3047 5477 3088 5528 Β
3124 5480 3152 5531 ό
3185 5471 3404 5533 πεπαὶδ.

2451 5535 2753 5622 Ἀμφορέάξ
2800 5545 2842 5595 Β
2877 5535 2966 5622 τρν
2999 5549 3139 5617 ἀμφ.
3253 5551 3306 5604 in
3335 5558 3486 5607 textu
3520 5548 3664 5606 idem
3696 5548 3794 5606 ht-

2215 5612 2326 5674 bet,
2360 5613 2414 5665 in
2447 5615 2692 5682 margine
2716 5629 2847 5669 vero
2871 5617 2961 5669 τὸν
2992 5612 3256 5687 κέοαμέα.
