4046 6350
260 268 329 329 87
1327 267 1416 323 DE
1447 266 1666 324 ANIMA
1701 267 1790 324 ET
1820 267 2422 330 RESURRECTIONE.
3451 280 3523 338 58

263 390 358 448 ἐπὶ
395 388 459 444 τὸ
490 388 609 445 ἀνω
637 387 699 442 τὸ
727 385 902 442 κοῖλον
946 385 1230 457 ἀνέχοντος
1249 426 1264 451 ,
1306 386 1412 452 ἕως
1444 387 1511 442 ἂν
1549 387 1792 452 πιεσθεὶς
1821 389 1850 442 ὁ

1953 401 2014 442 se
2058 389 2211 444 dicit.
2271 391 2441 461 Cujus
2496 393 2574 447 rei
2625 391 2842 464 signum
2890 399 3016 458 est,
3068 391 3210 464 quod
3260 393 3523 463 amphora

263 479 552 551 ἀμφορεὺς
585 483 655 551 τῇ
689 479 829 550 χειρὶ
859 476 954 532 τοῦ
984 478 1284 550 ἀρυομένου
1320 480 1378 532 ὲν
1410 479 1489 551 τῷ
1519 478 1673 549 βάθει
1701 480 1847 548 γίνε-

262 589 351 626 ται
380 571 495 643 (50)
519 609 535 636 ,
567 571 668 625 καὶ
693 570 850 624 τοῦτο
877 570 988 638 (51)
1015 569 1237 641 δέξηται
1268 570 1347 642 τῷ
1382 572 1609 642 στόματι
1641 571 1756 642 (52)
1785 571 1848 626 τὸ

264 665 409 735 ὕδωρ
429 679 445 694 ο
479 657 543 717 οὗ
589 662 877 734 γινομένου
931 661 1206 716 δείκνυται
1255 661 1318 715 τὸ
1368 661 1444 734 μὴ
1480 662 1636 718 κενὸν
1685 663 1847 718 αὐτὸν

263 751 402 812 εἶναι
435 756 533 808 καὶ
559 756 670 826 πρὸ
707 754 800 809 τοῦ
848 754 1060 818 ὓδατος.
1091 754 1256 826 Μάχη
1306 755 1418 825 (55)
1456 755 1566 826 γάρ
1605 772 1690 818 τις
1718 755 1847 828 περ).

263 849 340 917 τῷ
364 847 604 918 στόματι
640 845 752 915 (54)
786 845 895 898 τῶν
933 845 1026 899 δύο
1051 845 1329 916 στοιχείων
1355 848 1549 918 δρᾶται
1570 887 1588 914 ,
1620 846 1714 901 τοῦ
1747 848 1847 918 μὲν

264 938 454 1001 W10;
506 937 614 990 ὑπὸ
659 935 857 1009 βάρους
891 937 984 989 ἐπὶ
1008 936 1072 990 τὸ
1105 936 1283 991 κοῖλον
1313 936 1632 1009 βιαζομένου
1659 956 1719 992 τε
1751 939 1848 994 καὶ

263 1028 570 1102 εἰσρέοντος
595 1068 611 1093 ,
668 1027 761 1081 τοῦ
815 1027 872 1080 δὲ
926 1027 1088 1100 ἀέρος
1131 1026 1226 1082 τοῦ
1267 1029 1734 1101 έναπειλημμένου
1771 1030 1850 1102 τῷ

264 1118 426 1189 κοίλῳ
455 1117 547 1171 διὰ
591 1116 690 1172 τοῦ
735 1116 902 1170 αὐτοῦ
951 1117 1218 1189 στόματος
1248 1119 1360 1190 (55)
1398 1121 1492 1174 ἐπὶ
1522 1120 1585 1174 τὸ
1615 1119 1849 1192 ἔμπαλιν

265 1209 690 1281 συνθλιϐομένου
730 1208 860 1280 περὶ
887 1207 950 1262 τὸ
976 1207 1118 1282 ὕδωρ
1145 1249 1160 1276 ,
1207 1211 1304 1264 κα)⁸
1339 1211 1697 1284 ἀναρρέοντος
1720 1251 1736 1277 ,
1771 1213 1849 1278 ὡς

262 1302 355 1354 καὶ
380 1300 494 1372 (56)
533 1298 940 1354 ἀνακόπτεσθαι
961 1299 1049 1354 διὰ
1069 1300 1259 1355 τούτου
1284 1302 1397 1373 (57)
1430 1303 1524 1356 καὶ
1555 1305 1850 1376 ἀνακοχλά-

263 1396 378 1459 ζειν
418 1393 534 1463 (58)
562 1392 628 1445 τὸ
663 1391 808 1463 ὕδωρ
834 1389 1192 1464 περιαφρίζον
1227 1393 1337 1466 (59)
1361 1398 1429 1467 τῇ
1459 1395 1548 1468 βίᾳ
1572 1395 1665 1450 τοῦ
1691 1397 1851 1451 πνεύ-

266 1502 451 1557 ματος.
494 1484 688 1539 Ταῦτα
716 1483 830 1556 (40)
863 1479 959 1538 οὖν
999 1485 1293 1556 κατενόησε
1317 1525 1332 1551 ,
1369 1487 1463 1540 καὶ
1485 1487 1633 1552 ὅπως
1665 1487 1732 1544 ἂν
1758 1489 1848 1542 ὲν-

263 1577 446 1647 τεθείη
478 1575 706 1648 πνεῦμα
730 1575 810 1647 τῷ
832 1577 1182 1652 μηχανήματι
1204 1577 1293 1632 διά
1313 1577 1415 1648 τῆς
1443 1578 1549 1632 τῶν
1571 1580 1849 1651 στοιχείων

264 1666 480 1736 φύσεως
536 1665 824 1737 ἐπενόησε.
859 1665 1051 1720 Κοϊλον
1095 1666 1204 1738 γάρ
1247 1684 1300 1720 τι
1334 1667 1447 1739 (41)
1476 1668 1540 1721 ἐκ
1585 1669 1851 1740 curavi;

266 1758 399 1829 ὕλης
451 1756 912 1822 κατασκευάσας,
949 1757 1044 1810 κα).
1079 1758 1415 1828 πανταχόθεν
1449 1759 1540 1813 τὸν
1590 1760 1650 1813 ὲν
1698 1760 1849 1832 αὐτῷ

264 1850 401 1919 ἀέρα
433 1848 718 1921 περισχὼν
770 1849 1159 1903 ἀδιάπνευστον
1185 1891 1199 1915 ,
1245 1851 1440 1916 ἐπάγει
1486 1851 1548 1904 τὸ
1585 1849 1730 1924 ὕδωρ
1759 1852 1849 1907 διὰ

266 1942 534 2012 πόματος
562 1941 680 2012 (Ω)
718 1941 795 2012 τῷ
821 1941 1004 2011 κοίλῳ,
1045 1941 1187 1995 κατά
1219 1941 1280 1996 τὺ
1315 1942 1514 2014 μέτρον
1535 1943 1636 2013 τῆς
1661 1945 1849 2016 χρείας

262 2035 323 2086 τὸ
348 2032 516 2086 ποσὸν
556 2031 956 2104 συμμετρήσας
997 2031 1092 2085 τοῦ
1139 2031 1365 2096 ὓδατος,
1400 2027 1504 2088 εἷθ’
1537 2032 1710 2098 οὕτως
1753 2035 1848 2088 ἐπὶ

263 2124 353 2178 τὸν
381 2122 792 2196 παρακείμενον
816 2122 978 2175 αὐλὸν
1007 2121 1192 2175 δίδωσι
1217 2122 1358 2176 κατά
1381 2122 1443 2176 τὸ
1471 2124 1847 2197 ἀντικείμενον

263 2213 338 2286 τῷ
371 2215 494 2286 ἀέρι
531 2213 637 2286 τὴν
664 2213 851 2277 δίοδον,
885 2211 1265 2282 ἐκθλιϐόμενος
1293 2213 1350 2268 δὲ
1372 2213 1450 2285 τῷ
1489 2214 1640 2269 ὐδατι
1672 2215 1845 2287 βιαιό-

264 2323 418 2377 τερον
451 2307 480 2359 ὁ
511 2305 625 2376 ἀὴρ
671 2303 885 2374 πνεῦμα
912 2303 1156 2372 γίνεται·
1185 2303 1322 2377 ὅπερ
1351 2305 1613 2360 ἐκπίπτον
1635 2307 1746 2378 (45)
1776 2311 1842 2380 τῇ

265 2400 583 2468 κατασκευῇ
620 2395 715 2449 τοῦ
746 2393 913 2449 αὐλοῦ
950 2394 1040 2449 τὸν
1070 2391 1200 2467 ἦχον
1229 2398 1389 2451 ποιεῖ.

1947 477 2164 533 admota
2229 489 2424 552 stagno
2479 499 2588 538 non
2653 483 2836 539 statim
2887 497 3028 552 aqua
3105 483 3366 554 repletur,
3426 487 3522 540 sed

1947 572 2206 642 primum,
2227 581 2419 630 coacto
2439 589 2504 630 ac
2527 574 2868 646 deprehenso
2890 574 3039 631 intus
3069 589 3194 631 aere
3220 590 3522 630 concavum

1952 677 2172 718 sursum
2214 665 2458 731 tollente,
2517 667 2781 732 innatat,
2837 667 3018 738 quoad
3070 667 3374 723 haurientia
3408 683 3526 721 ma-

1947 767 2020 808 nu
2057 753 2319 820 amphora
2371 770 2560 824 pressa
2608 755 2666 810 in
2713 755 2886 812 fundo
2942 755 3127 824 fuerit,
3158 771 3224 811 ac
3266 765 3400 811 tunc
3425 772 3526 826 per

1953 858 2018 920 os
2075 846 2308 916 accipiat
2365 861 2606 916 aquam:
2662 863 2773 917 quo
2820 847 2964 903 facto
3019 846 3348 912 ostenditur,
3374 847 3520 915 quod

1948 949 2054 990 nec
2127 944 2420 1007 antequam
2493 954 2634 1010 aqua
2709 926 3051 1010 repleretur,
3105 952 3276 993 vacua
3351 947 3518 992 esset.

1953 1023 2088 1081 Nam
2145 1043 2324 1100 pugna
2373 1031 2618 1099 quzedam
2675 1031 2906 1086 duorum
2963 1031 3112 1087 circa
3167 1045 3231 1086 os
3277 1029 3519 1085 elemen-

1949 1125 2128 1172 torum
2187 1120 2450 1183 eeruitur,
2484 1121 2612 1174 dum
2671 1135 2812 1190 aqua
2871 1119 3086 1190 quidem
3138 1130 3358 1191 pr0pter
3393 1135 3518 1190 gra-

1948 1209 2168 1264 vitatem
2211 1218 2265 1265 et
2305 1212 2764 1281 ponderositatem
2811 1214 2860 1268 vi
2901 1214 2954 1268 in
3007 1227 3308 1268 concavum
3340 1212 3519 1267 inﬂuit

1950 1309 2113 1370 atque
2157 1300 2452 1370 irrumpit:
2484 1314 2579 1355 aer
2609 1315 2770 1364 vero,
2826 1301 3004 1372 quiin
3056 1315 3300 1370 concavo
3345 1299 3520 1355 inter-

1949 1399 2142 1462 ceptus
2195 1391 2643 1462 deprehenditur,
2716 1407 2813 1462 per
2885 1391 3025 1447 idem
3079 1407 3142 1446 os
3199 1391 3253 1445 in
3303 1401 3522 1445 contra-

1957 1484 2099 1538 rium
2156 1483 2299 1537 circa
2335 1497 2530 1552 aquam
2585 1491 2896 1538 coarctatus
2956 1483 3213 1538 dilabitur
3280 1497 3344 1537 ac
3376 1491 3523 1537 retro

1949 1571 2106 1640 ﬁuit,
2143 1573 2278 1628 adeo
2306 1581 2366 1626 ut
2415 1588 2512 1644 per
2554 1573 2700 1628 hunc
2757 1588 2894 1643 aqua
2953 1573 3108 1643 quasi
3157 1573 3522 1644 interrumpa-

1949 1675 2042 1721 tur
2086 1676 2139 1722 et
2185 1665 2543 1738 impediatur,
2589 1680 2652 1720 ac
2713 1666 2763 1720 vi
2821 1666 3048 1736 spiritus
3101 1665 3336 1721 refracta
3383 1665 3522 1720 reci-

1881 1729 1923 1787 B
1951 1767 2292 1830 procataque
2321 1773 2386 1812 ac
2433 1772 2695 1827 spumans
2746 1758 2900 1827 quasi
2934 1773 2964 1812 e
2991 1758 3280 1828 conchylio
3325 1773 3520 1814 sonum

1945 1851 2092 1907 edat.
2152 1849 2216 1903 Et
2267 1851 2382 1904 hmc
2429 1849 2595 1919 igitur
2635 1849 3068 1912 animadvertit,
3123 1857 3178 1903 et
3249 1848 3522 1918 quomodo

1945 1943 2173 2013 spiritus
2235 1941 2506 1995 machinis
2550 1941 2909 2003 immittatur,
2981 1955 3076 2010 per
3129 1939 3522 1994 elementorum

1946 2041 2195 2087 naturam
2230 2032 2582 2100 excoigitavit.
2617 2029 2750 2085 Nam
2807 2045 3048 2084 concavo
3077 2031 3314 2101 quodam
3345 2046 3410 2086 ex
3441 2046 3526 2087 so-

1946 2123 2054 2179 lida
2096 2123 2341 2194 duraque
2413 2126 2640 2180 materia
2718 2124 2902 2190 facto,
2973 2132 3136 2196 atque
3205 2139 3332 2180 aere
3378 2125 3525 2181 intus

1953 2219 2216 2273 concluso
2298 2217 2536 2288 undique
2594 2217 2840 2272 cohibito
2873 2225 3036 2287 atque
3082 2232 3399 2287 compresso
3457 2232 3526 2272 ne

1953 2310 2216 2380 exspiret,
2255 2323 2474 2378 aquam,
2507 2323 2605 2379 pro
2655 2307 2815 2363 modo
2862 2307 3147 2378 praesentis
3181 2324 3314 2364 usus
3359 2324 3528 2378 quan-

1959 2405 2164 2459 titatem
2223 2404 2341 2471 ejus
2388 2403 2693 2468 dimensus,
2748 2419 2844 2474 per
2896 2420 2966 2461 os-
3013 2406 3066 2459 in
3117 2420 3418 2460 concavqu
3451 2406 3524 2460 in.

265 2493 451 2556 ducit,
505 2489 712 2547 deinde
784 2488 867 2548 sic
913 2489 980 2545 ad
1039 2490 1356 2564 oppositam.
1401 2493 1639 2549 ﬁstulam
1695 2511 1760 2552 ex
1830 2497 2062 2554 adverso
2123 2499 2414 2554 transitum
2473 2499 2584 2553 aeri
2672 2499 2801 2562 dat.
2854 2515 3145 2569 expressus
3191 2509 3370 2555 autem
3437 2517 3528 2555 ve-

283 2586 604 2641 hementius
693 2594 746 2640 et
807 2584 978 2640 elisus
1031 2585 1100 2638 ab
1169 2599 1310 2654 aqua
1395 2587 1684 2644 violentius
1750 2605 1891 2658 aer,
1929 2592 2155 2664 spiritus
2207 2593 2310 2647 ﬁt:
2374 2593 2467 2663 qui
2547 2593 2774 2663 spiritus
2835 2592 3051 2649 irruens
3099 2602 3152 2650 et
3205 2594 3527 2650 incumbens

274 2678 330 2730 in
369 2684 712 2733 structuram
765 2677 958 2732 ﬁstula:
997 2691 1192 2732 sonum
1237 2677 1368 2732 edit.

335 2763 461 2839 Ἆρ’
500 2769 564 2821 οὐ
592 2769 704 2837 (44)
749 2769 996 2839 φανερῶς
1026 2768 1298 2823 δείκνυται
1327 2769 1415 2822 διὰ
1438 2771 1545 2824 τῶν
1590 2774 1849 2845 φαινομέ-

269 2876 393 2920 νων,
430 2861 512 2913 ὄτι
546 2859 667 2914 ἔστι
709 2876 791 2924 τις
827 2860 885 2913 ὲν
913 2859 989 2930 τῷ
1027 2859 1298 2932 ἀνθρώπῳ
1323 2862 1446 2927 νοῦς
1495 2864 1623 2918 ἄλλο
1658 2883 1709 2920 τι
1739 2868 1849 2937 (45)

270 2950 420 3020 παρὰ
447 2950 509 3003 τὸ
557 2951 883 3021 φαινόμενον
903 2991 917 3014 ,
949 2953 976 3004 ὁ
1008 2951 1086 3022 τῷ
1113 2952 1227 3021 (46)
1259 2953 1427 3007 ἀειδεῖ
1455 2972 1514 3008 τε
1546 2957 1638 3011 καὶ
1681 2959 1851 3029 νοερῷ

2027 2773 2222 2825 Annon
2283 2770 2450 2840 igitur
2493 2784 2588 2839 per
2631 2783 2693 2824 ea
2752 2783 2872 2839 quae
2925 2777 3189 2840 apparent
3236 2769 3528 2827 manifesto

1956 2865 2268 2920 ostenditur
2332 2861 2476 2932 quod
2544 2864 2618 2917 sit
2672 2863 2922 2932 quaedam
2993 2863 3046 2916 in
3099 2861 3318 2918 homine
3373 2877 3528 2918 mens

1957 2954 2163 3026 aliquid
2195 2954 2346 3009 aliud
2399 2963 2561 3022 atque
2614 2961 2861 3023 apparet,
2901 2968 3023 3024 quae
3062 2953 3320 3008 invisibili
3364 2962 3529 3024 atque

271 3040 367 3111 τῆς
404 3042 539 3105 ίδίας
576 3041 794 3111 φύσεως
821 3041 996 3097 ταῦτα
1023 3043 1082 3094 ὲν
1112 3044 1290 3114 ἑαυτῷ
1318 3049 1850 3116 προκατασκευάξων

1958 3043 2178 3098 informi
2226 3051 2279 3096 et
2332 3043 2692 3111 intelligentia
2739 3042 2963 3112 praedita
3025 3048 3218 3096 natura
3260 3056 3359 3095 sua
3412 3042 3528 3096 ha'c

273 3135 387 3196 ταῖς
407 3133 678 3195 ἐπινοίαις
701 3173 716 3198 ,
745 3128 843 3185 εἷθ’
883 3131 1053 3196 οὕτως
1083 3132 1171 3186 διὰ
1193 3134 1291 3204 τῆς
1321 3136 1508 3206 ὑλικῆς
1552 3137 1852 3210 ὑπηρεσίας

274 3227 348 3288 είς
377 3225 436 3278 τὸ
488 3225 731 3296 ἐμφανὲς
764 3225 911 3294 ἄγων
939 3225 1040 3295 τὴν
1076 3225 1222 3280 ἔνδον
1256 3229 1528 3281 συστᾶσαν
1573 3230 1850 3295 διὰνοιαν;

273 3315 336 3369 El
369 3317 478 3386 γὰρ
505 3312 577 3387 ἦν
610 3315 749 3370 κατὰ
771 3318 861 3369 τὸν
889 3316 1235 3371 ἀντιτεθέντα
1259 3316 1414 3385 λόγον
1437 3320 1566 3389 ἡμῖν
1593 3323 1658 3392 τῇ
1695 3321 1853 3390 φύσει

272 3407 378 3459 τῶν
428 3406 715 3477 στοιχείων
766 3405 865 3470 τάς
897 3405 1152 3470 τοιαύτας
1185 3405 1615 3478 θαυματοποιίας
1651 3409 1856 3478 λογίζε-

276 3497 398 3551 σθαι
420 3497 534 3569 (47)
557 3537 574 3562 ,
607 3497 932 3568 αὐτομάτως
961 3497 1028 3550 ἂν
1079 3499 1209 3568 ἡμῖν
1253 3499 1481 3570 συνέστη
1528 3502 1743 3565 πάντως
1786 3504 1862 3556 τά

278 3592 646 3660 μηχανήματα
675 3607 689 3620 ο
725 3591 820 3643 καὶ
848 3589 971 3643 οὐτε
1011 3592 1040 3643 ὁ
1067 3590 1266 3661 χαλκὸς
1300 3591 1400 3661 τὴν
1430 3592 1623 3662 τέχνην
1655 3594 1855 3663 ἀνέμε-

275 3695 362 3732 Ινεν
386 3681 466 3744 εἰς
495 3679 564 3732 τὸ
586 3679 838 3748 γενέσθαι
861 3679 1232 3750 ἀνδροείκελον
1257 3679 1370 3751 (48)
1397 3722 1412 3745 ,
1446 3681 1558 3734 ἀλλ’
1585 3683 1714 3735 εὐθύ
1743 3683 1853 3753 (49)

273 3769 339 3822 ἂν
362 3770 609 3834 τοιοῦτος
641 3773 706 3824 ὲκ
751 3770 964 3840 φύσεως
1003 3770 1115 3840 (50)
1160 3765 1227 3841 ἦν
1251 3771 1403 3832 ’,οὐδ’
1453 3773 1518 3826 ἂν
1565 3773 1659 3827 τοῦ
1689 3773 1855 3828 αὐλοῦ

275 3862 412 3931 πρὸς
454 3863 548 3916 τὸν
589 3857 722 3932 ἦχον
763 3863 793 3914 δ
821 3862 930 3933 ἀὴρ
973 3861 1194 3932 ἐδεήθη,
1223 3861 1358 3916 ἀλλὰ
1387 3863 1612 3917 πάντοτε
1664 3864 1732 3919 ἂν
1769 3865 1854 3935 ἐφ’

277 3952 466 4005 ἑαυτοῦ
503 3953 616 4023 (Si)
659 3953 780 4023 ήχει
813 3951 955 4004 κατὰ
983 3951 1044 4004 τὸ
1079 3951 1293 4021 συμϐἅν
1324 3953 1434 4024 (52)
1455 3993 1470 4016 ,
1512 3954 1651 4024 ῥέων
1677 3971 1735 4006 τε
1763 3955 1858 4008 καῖ⁹

279 4043 623 4115 κινούμενοςο
657 4043 749 4097 τοῦ
776 4061 835 4096 τε
864 4043 974 4113 (55)
1007 4042 1196 4106 ὓδατος
1217 4045 1317 4098 οὐκ
1339 4043 1404 4098 ἂν
1429 4041 1498 4114 ἦν
1523 4045 1853 4117 βεϐιασμένη

279 4135 366 4189 διὰ
388 4137 660 4206 σωλῆνος,
696 4138 729 4207 ἠ
772 4137 909 4208 πρὸς
936 4137 1034 4206 τὴν
1069 4138 1346 4210 ἀναφορὰν
1374 4138 1489 4210 (54)
1523 4139 1622 4209 τῆς
1661 4141 1857 4211 τέχνης

282 4228 344 4278 ἐκ
382 4228 701 4298 πιεσμάτων
730 4231 808 4292 εἰς
835 4229 892 4281 τὸ
925 4229 1076 4302 παρά
1118 4230 1280 4299 φύσιν
1315 4229 1708 4294 ἀναθλιὸούσης
1757 4231 1856 4300 τὴν

284 4319 495 4389 κίνησιν
516 4338 529 4350 ·
557 4319 671 4376 ἀλλ’
709 4320 1028 4392 αὐτομάτως
1068 4322 1192 4392 ἀνίη
1225 4322 1337 4391 (55)
1365 4322 1426 4374 τὸ
1467 4320 1614 4390 ὕδωρ
1638 4321 1856 4384 πάντως

1955 3137 2099 3190 intra
2141 3137 2379 3204 seipsam
2431 3136 2739 3203 excogitata
2773 3149 3109 3203 praeparans.
3161 3133 3241 3188 sic
3269 3133 3528 3205 deinceps

1925 3217 2053 3297 ‘per
2093 3226 2374 3280 materiale
2429 3224 2800 3280 ministerium
2859 3226 2913 3278 in
2969 3224 3318 3296 propatul‘um
3365 3232 3530 3296 atque

1956 3325 2203 3388 apertum
2244 3317 2429 3371 educit
2473 3317 2623 3370 intus
2679 3315 2938 3387 agitatam
2997 3325 3052 3370 et
3094 3314 3385 3369 conﬂatam
3439 3316 3527 3370 in-
3585 3303 3587 3305 1

1956 3409 2356 3480 telligentiam?
2387 3407 2522 3462 Nam
2574 3408 2620 3462 si
2670 3407 2831 3477 juxta
2867 3407 3175 3478 oppositam
3207 3407 3366 3462 nobis
3401 3422 3530 3462 ora-

1959 3501 2159 3555 tionem
2209 3501 2600 3556 elementorum
2655 3506 2867 3553 naturae
2913 3498 3042 3552 talia
3088 3497 3316 3552 miriﬁca
3362 3513 3528 3568 opera

1957 3593 2233 3648 ascribere
2289 3601 2451 3662 atque
2487 3592 2769 3663 assignare
2820 3593 3027 3657 liceret,
3061 3607 3160 3645 sua
3209 3599 3402 3660 sponte
3435 3606 3531 3646 ca-

1957 3699 2131 3753 suque
2155 3684 2378 3738 fortuito
2407 3683 2566 3738 nobis
2593 3697 2818 3753 prorsus
2841 3683 3105 3736 machinae
3125 3682 3528 3750 conderentur;

1956 3790 2021 3828 ac
2067 3789 2244 3844 neque
2293 3789 2365 3828 aes
2411 3782 2582 3828 artem
2630 3779 2972 3843 exspectaret
3020 3773 3086 3826 ad
3126 3773 3228 3827 hoc
3258 3782 3316 3828 ut
3351 3782 3532 3827 statua

1956 3866 2136 3922 virilis
2172 3865 2447 3929 evaderet,
2476 3865 2570 3919 sed
2612 3866 2863 3934 protinus
2914 3879 2942 3917 a
2986 3873 3180 3918 natura
3225 3867 3332 3920 tale
3363 3874 3528 3930 esset,

1958 3974 2136 4027 neque
2179 3957 2244 4012 ad
2277 3972 2471 4012 sonum
2501 3955 2770 4011 edendum
2819 3969 2912 4010 aer
2950 3956 3082 4009 tubo
3115 3971 3254 4026 Opus
3289 3957 3532 4023 haberet,

1959 4051 2053 4105 sed
2087 4065 2301 4119 semper
2325 4065 2421 4119 per
2447 4063 2568 4105 sese
2594 4055 2900 4109 resonaret,
2943 4047 3148 4116 quippe
3179 4048 3271 4116 qui
3306 4048 3533 4101 fortuito

1959 4157 2089 4197 casn
2130 4140 2320 4195 ﬂueret
2355 4148 2410 4194 et
2457 4147 2792 4200 moveretur,
2833 4153 3010 4207 neque
3061 4152 3216 4206 aqme
3255 4152 3350 4206 per
3381 4139 3535 4192 ﬁstu-

1957 4233 2064 4285 lam
2113 4246 2310 4286 cursus
2357 4231 2410 4284 in
2470 4229 2724 4292 sublime,
2779 4236 2922 4281 arte-
2959 4234 3164 4279 motum
3209 4235 3408 4296 praeter
3431 4243 3535 4296 Ina-

1957 4334 2136 4380 turam
2181 4340 2274 4394 per
2325 4323 2714 4393 expressiones
2757 4322 2824 4376 ad
2865 4335 3062 4390 supera
3093 4321 3333 4376 elidente
3371 4331 3533 4390 atque

286 4410 420 4479 πρὸς
446 4411 509 4463 τὸ
535 4410 854 4482 μηχάνημα,
882 4414 948 4482 τῇ
984 4412 1090 4482 ίδία
1120 4413 1279 4481 φύσει
1312 4413 1403 4465 ἐπὶ
1431 4413 1492 4466 τὺ
1524 4414 1636 4466 ἄνω
1658 4414 1850 4482 ὀχετη-

1955 4422 2201 4485 cogente,
2250 4422 2309 4466 ut
2342 4412 2729 4474 conﬁceretur,
2775 4409 2870 4464 sed
2915 4417 3110 4479 sponte
3141 4425 3240 4465 sna
3305 4426 3533 4480 prorsus

288 4499 566 4571 γούμενον.
611 4503 673 4554 Εί
705 4501 762 4555 δὲ
790 4502 993 4556 τούτων
1018 4502 1160 4556 κατά
1187 4502 1247 4555 τὸ
1266 4502 1568 4572 αὐτόματόν
1588 4502 1736 4554 ἐστιν
1760 4503 1852 4557 οὐ·

289 4589 372 4643 δὲν
417 4592 522 4645 ὑπὸ
570 4593 668 4663 τῆς
715 4592 821 4646 τῶν
871 4593 1148 4664 στοιχείων
1201 4594 1413 4662 φύσεως
1444 4593 1852 4665 ένεργούμενον,

288 4680 418 4734 ἀλλά
445 4683 614 4756 τέχνῃ
648 4683 783 4754 πρὸς
810 4683 872 4736 τὸ
921 4683 1110 4737 δοκοῦν
1162 4684 1392 4738 ἕκαστον
1437 4683 1626 4752 ἄγεται
1653 4701 1666 4715 ·
1719 4685 1751 4754 ἡ
1798 4684 1854 4740 δὲ

357 4858 465 4931 (50)
505 4861 764 4931 Piri-stat.
806 4859 1185 4931 ᾼΒίγένηται.

357 4930 465 4996 (51)
513 4929 711 4982 Τοῦτο.
739 4931 780 4980 Δ
809 4930 850 4980 Β
877 4930 1018 4983 τότε.

511 4999 596 5070 Τῷ
620 4999 886 5070 στόματι.
925 5002 968 5051 Α
999 5001 1038 5050 Β
1071 4998 1146 5070 τῷ
1173 4998 1394 5069 στομίῳ.

358 5069 464 5133 (55)
503 5068 703 5138 Μάχη-
738 5069 778 5118 Β
828 5070 1059 5138 μηχανή-

267 5165 274 5171 ·
360 5138 466 5204 (54)
513 5137 594 5200 Τῷ
622 5137 909 5206 στόματι.
928 5137 972 5190 Α
1001 5137 1043 5190 Β
1064 5138 1123 5190 τὸ
1152 5137 1389 5206 στόμιον.

263 5249 268 5279 τ
303 5269 306 5272 ς
361 5209 466 5279 (55)
509 5209 826 5279 Στόματνος.
861 5211 904 5260 Α
933 5209 974 5279 Β
1013 5209 1254 5277 στομίου.

257 5275 270 5345 Ῐ
364 5275 472 5345 (50)
524 5278 618 5341 Ὠς
641 5278 757 5330 καί.
799 5279 904 5330 Καί
941 5275 1183 5332 (ΙιξιθειΆ.

362 5349 468 5417 (37)
508 5350 608 5400 Διὰ
638 5350 872 5417 τούτου.
903 5349 942 5398 Β
970 5347 1057 5401 διὰ
1092 5346 1248 5401 τοῦτο
1273 5347 1327 5417 ἡ.

360 5416 468 5484 (58)
521 5416 980 5484 Ἀνακοχλὰζειν.
1010 5419 1052 5469 Α
1079 5419 1120 5469 Β
1146 5416 1640 5487 ἀνακογχυλιάζειν.

363 5488 471 5558 (50)
511 5487 908 5555 Περιαφρίζον.
945 5490 983 5538 Β
1016 5488 1450 5558 περιαφρίζοντι.

363 5557 468 5622 (40)
515 5557 722 5609 Ταῦτα.
760 5558 801 5608 Α
837 5559 875 5608 Β
902 5558 1073 5610 ταῦτά
1097 5575 1178 5610 τε.

369 5627 472 5694 (41)
511 5627 731 5679 Κοῖλον
754 5627 862 5695 γάρ
891 5645 962 5681 τι.
1003 5631 1038 5680 li
1069 5628 1208 5680 delet
1234 5628 1357 5697 γάρ.

363 5697 472 5766 (42)
513 5698 828 5766 Στόματος.
866 5701 903 5750 Λ
935 5699 974 5748 Β
1002 5698 1237 5768 στομίου,

1962 4516 2102 4572 aqua
2146 4501 2212 4555 ad
2242 4501 2554 4556 machinam
2595 4499 2936 4564 ascenderet,
2986 4499 3184 4568 quippe
3217 4498 3303 4552 sui
3338 4507 3532 4552 natura

1963 4607 2182 4646 sursum
2210 4599 2419 4647 evecta.
2451 4589 2547 4645 Sin
2585 4602 2765 4646 autem
2810 4592 3004 4645 horum
3035 4591 3172 4644 nihil
3201 4606 3298 4645 sua
3335 4602 3536 4661 sponte

1963 4685 2030 4738 ah
2070 4684 2464 4739 elementorum
2516 4691 2713 4736 natura
2759 4682 3016 4748 eﬁicitur,
3065 4682 3159 4739 sed
3197 4692 3337 4749 arte,
3369 4698 3536 4754 quor-

2027 4858 2139 4924 («i3)
2179 4859 2528 4928 :Eleator.
2561 4861 2604 4911 A
2638 4859 2678 4910 Β
2704 4861 2996 4928 ἐμπίπτον.

2028 4928 2138 5000 (Η)
2177 4924 2296 5000 Ἆρ’
2328 4929 2416 4981 οὐ.
2452 4929 2495 4980 Α
2523 4930 2575 5000 in
2601 4924 2844 5000 margine
2871 4926 2961 5000 ἆρ’
3002 4927 3094 4984 οὖν
3123 4932 3206 4986 οὐ.

2029 4999 2141 5066 (45)
2185 4999 2372 5050 Ἀλλο
2402 5015 2474 5051 τι.
2523 4999 2561 5048 Β
2585 4997 2741 5061 ἄλλος
2766 5017 2868 5062 τις.

2029 5068 2141 5132 (i6)
2194 5067 2245 5118 Ὀ
2281 5066 2382 5136 τῷ.
2416 5069 2458 5122 Α
2488 5069 2545 5132 ὃς
2576 5067 2674 5136 τῷ.

2031 5138 2140 5204 (47)
2185 5135 2547 5208 Λογίζεσθαι.
2593 5135 2637 5190 Α
2673 5139 2725 5190 in
2780 5138 3028 5208 margine
3063 5137 3540 5208 καταλογίζεσθαι.

2031 5209 2144 5270 (48)
2190 5206 2665 5278 κἈνδροείκελον.
2701 5211 2744 5260 Α
2770 5207 3131 5278 ἀνδρείκελον.

2030 5277 2140 5344 (te)
2178 5277 2356 5333 Ε-ὺθύ,
2401 5280 2445 5330 Α
2475 5281 2514 5332 B
2544 5277 2723 5339 εὐθύς.

2032 5347 2144 5415 (50)
2193 5348 2464 5413 Τοιοῦτος
2488 5349 2556 5401 ἐκ
2589 5349 2847 5418 φύσεως.
2893 5347 2934 5397 Β
2966 5348 3029 5400 ἐκ
3056 5349 3272 5418 φύσεως
3310 5348 3540 5403 τοιοῦτο.

2026 5418 2140 5484 (51)
2183 5419 2282 5470 Ἂν
2308 5418 2400 5484 ἐρ’
2439 5419 2679 5472 ἑαυτοῦ.
2721 5417 2835 5485 Ἐφ’
2865 5418 3062 5470 ἑαυτοῦ
3085 5417 3170 5473 ἀν.

2031 5487 2142 5554 (52)
2184 5486 2445 5554 Συμϐιῖν.
2481 5490 2522 5539 Β
2559 5487 2792 5556 συμϐάν.

2030 5558 2141 5626 (55)
2186 5557 2299 5609 Τοῦ
2334 5574 2413 5610 τε.
2445 5559 2484 5608 Β
2514 5557 2606 5610 τοῦ
2647 5557 2724 5612 δέ.

2187 5626 2552 5700 fde-agonia
2593 5631 2630 5678 Α
2739 5627 2799 5679 τὸ
2828 5629 2937 5682 ἄνω
2971 5631 3127 5700 φορά.

2041 5697 2152 5767 (55)
2187 5697 2341 5766 Ἀπ’ιή
2388 5700 2496 5750 Ain
2517 5705 2664 5752 textu
2683 5697 2749 5750 ἂν
2774 5700 2855 5768 εἴη
2884 5702 2933 5750 in
2956 5697 3148 5771 marg.,
3167 5699 3271 5769 ᾔει.
3291 5699 3333 5751 Β
3359 5697 3526 5754 ἁνείει
