4046 6350
489 261 574 329 39'
1745 269 1803 326 δ.
1837 267 2159 324 GREGORII
2192 267 2489 324 M’SSENI

3692 267 3766 326 46

492 403 614 443 sum
651 385 828 441 visum
856 384 1022 441 fuerit
1065 386 1495 458 unumquodque
1539 385 1804 442 ducitur:
1848 401 1939 442 ars
1973 401 2058 442 au'

2172 388 2335 462 τέχνη
2365 388 2576 444 διάνοιά
2604 387 2718 459 (56)
2748 388 2832 452 τίς
2851 389 2971 442 ἐστι
2999 387 3128 444 ποία
3159 387 3374 460 κίνησίς
3400 403 3460 440 τε
3485 387 3581 441 καὶ
3606 387 3770 460 ἒνέρα

493 489 599 534 tem
651 486 737 533 est
789 479 1144 548 intelligentia
1198 481 1446 549 qutedam
1499 480 1716 536 stabilis
1769 494 1834 534 ac
1892 479 2070 543 lirma,

491 582 616 636 qua:
645 567 711 622 ad
749 569 976 638 aliquod
1017 573 1357 640 propositum
1388 579 1443 626 et
1479 572 1792 627 institutum
1828 586 1922 641 per
1957 584 2076 624 ma-

490 663 686 718 teriam
709 673 1022 727 exercetur,
1047 672 1209 735 atque
1232 663 1598 736 intelligentia
1624 665 1826 719 mentis
1850 663 2076 735 quidam

2180 500 2304 552 γεια
2330 523 2346 548 ,
2389 484 2500 556 ἄρα
2545 483 2641 537 καὶ
2690 482 2780 537 διά
2814 483 2925 536 τῶν
2957 481 3251 537 ἀντιθέτων
3277 483 3411 554 ἡμῖν
3437 480 3501 534 τὸ
3533 480 3663 535 ἄλλο
3707 497 3766 534 τι

2181 574 2335 645 παρά
2358 574 2421 628 τὺ
2451 575 2774 648 φαινόμενον
2807 570 2946 629 εἶναι
2971 575 3066 628 τὸν
3109 575 3234 629 νοῦν
3262 577 3298 646 ή
3337 573 3630 630 ἀκολουθία
3653 573 3765 628 τῶν

2183 665 2491 736 εἰρημένων
2519 665 2821 731 ἀπέδειξεν.

489 757 746 827 proprius
795 767 978 814 motus
1023 765 1078 813 et
1129 757 1424 814 efﬁcientia
1455 765 1562 824 est,
1623 759 1882 813 nimirum
1913 747 2080 814 etiam
2155 773 2252 830 per
2293 761 2547 832 Opposita
2597 761 2759 817 nobis
2807 761 3015 833 aliquid
3066 761 3214 817 aliud
3255 746 3436 832 atque
3511 767 3761 832 apparet,

483 865 614 906 esse
634 859 895 920 mentem,
923 852 1322 925 consequentia
1349 852 1627 909 dictorum
1654 850 2077 908 demonstravit.
2136 894 2138 898 τ

588 970 657 1030 Μ.
683 971 793 1049 Ego
808 972 1362 1044 vero:Hocquidem,
1414 974 1639 1045 inquam
1667 1012 1683 1035 ,
1720 971 1888 1028 etiam
1949 972 2066 1042 ipse

491 1065 617 1121 dico
672 1066 748 1121 ita
786 1080 848 1122 se
899 1066 1123 1134 habere,
1168 1068 1315 1138 quod
1362 1069 1624 1123 nimirum
1663 1066 1716 1120 id
1768 1063 1914 1136 quod
1952 1079 2064 1120 non

493 1169 745 1230 apparet,
791 1175 901 1216 non
939 1159 1082 1216 idem
1113 1161 1186 1218 sit
1218 1177 1344 1216 cum
1383 1177 1450 1217 eo
1483 1158 1628 1232 quod
1660 1166 1919 1230 apparet:
1955 1172 2063 1213 non

496 1263 674 1306 tamen
727 1253 782 1306 in
831 1252 937 1308 hac
983 1253 1234 1308 oratione
1279 1251 1443 1308 video
1481 1253 1536 1309 id
1569 1252 1714 1324 quod
1749 1250 2058 1321 (μιαν-ηυνξ

491 1346 730 1397 nondum
761 1339 908 1400 enim
951 1345 1086 1399 mihi
1115 1344 1284 1414 liquet
1313 1343 1443 1415 quid
1485 1344 1708 1400 tandem
1747 1343 2066 1399 existimare

489 1444 737 1504 oporteat
787 1436 920 1490 illud
962 1452 1086 1492 esse
1133 1435 1280 1507 quod
1335 1453 1442 1491 non
1497 1443 1746 1507 apparet.
1778 1435 1873 1490 sed
1923 1431 2071 1504 quod

487 1529 771 1584 inateriale
820 1528 1040 1597 quidem
1083 1528 1290 1598 aliquid
1335 1544 1442 1582 non
1496 1528 1586 1590 sit,
1648 1525 1812 1581 didici
1849 1541 1912 1579 ex
1948 1539 2068 1580 sero

488 1634 690 1673 mone:
729 1619 974 1673 nondum
1006 1627 1190 1673 autem
1223 1620 1453 1690 cogu0vi
1484 1619 1615 1690 quid
1657 1618 1726 1673 de
1773 1631 1839 1671 co
1884 1615 2070 1672 dicere

486 1710 795 1766 conveniat.
846 1708 958 1778 Ego
990 1709 1094 1764 hoc
1137 1711 1375 1764 maxime
1415 1709 1797 1765 desiderabam
1831 1707 2066 1770 discere,

2241 966 2301 1022 Γ.
2337 964 2477 1035 Ἐγὼ
2490 965 2760 1032 δὲ,Τοῦτο.
2795 967 2891 1038 μὲν
2939 965 3114 1032 οὕτως
3161 966 3307 1038 ἔχειν
3350 967 3494 1038 φημὶ
3531 968 3626 1022 καὶ
3671 970 3764 1024 αὐ-

2170 1058 2284 1124 τὸς,
2308 1057 2369 1112 τὸ
2397 1058 2474 1129 μὴ
2498 1057 2696 1112 ταύτὸν
2721 1051 2862 1112 εἶναι
2884 1056 2962 1131 τῷ
2983 1059 3296 1130 φαινομένῳ
3315 1057 3378 1112 τὸ
3407 1059 3482 1131 μὴ
3505 1061 3762 1133 φαινόμε-

2170 1164 2280 1202 νον·
2316 1148 2377 1202 ού
2410 1147 2518 1220 μὴν
2545 1147 2608 1202 τδ
2640 1147 2969 1222 ζητούμενον
2996 1150 3054 1204 ὲν
3087 1148 3167 1221 τῷ
3186 1148 3330 1219 λόγῳ
3353 1148 3529 1222 τούτῳ
3549 1149 3756 1221 βλέπω,

2169 1239 2321 1294 οὔπω
2352 1242 2460 1312 γάρ
2495 1258 2586 1313 μοι
2615 1241 2772 1314 δῆλόν
2820 1242 2970 1295 ἐστιν
2993 1280 3009 1307 ,
3040 1241 3069 1296 ὃ
3117 1240 3171 1294 τί
3201 1257 3334 1295 ποτε
3379 1239 3485 1313 χρὴ
3514 1242 3758 1314 νομίζειν

2175 1333 2351 1386 έκεῖνο
2375 1328 2513 1386 εἶναι
2538 1333 2599 1386 τὸ
2629 1332 2705 1404 μὴ
2736 1333 3080 1403 φαινόμενον,
3111 1331 3226 1388 ἀλλ’
3251 1332 3332 1388 ὅτι
3359 1332 3462 1404 μὲν
3493 1332 3676 1387 ὑλικόν
3701 1351 3756 1387 τι

2172 1425 2274 1478 οὐκ
2302 1423 2448 1477 ἔστιν
2492 1422 2773 1495 ἐδιδάχθην
2803 1423 2882 1493 τῷ
2917 1421 3063 1494 λόγῳ
3086 1438 3102 1453 ·
3145 1421 3354 1476 οὐδέπω
3384 1421 3441 1476 δὲ
3481 1421 3652 1492 ἔγνων
3675 1463 3693 1486 ,
3726 1425 3756 1478 ὃ

2173 1534 2225 1570 τι
2257 1515 2384 1588 περὶ
2411 1515 2576 1568 αὑτοῦ
2609 1514 2871 1587 προσήκει
2909 1498 3121 1582 λέγειν’
3158 1511 3269 1582 ἐγὼ
3301 1513 3358 1567 δὲ
3401 1513 3559 1569 τοῦτο
3597 1515 3754 1586 μάλι-

2173 1625 2274 1661 στα
2323 1609 2553 1680 ἐδεόμην
2600 1607 2815 1678 μαθεῖν,
2859 1608 2956 1678 οὐχ
2996 1607 3079 1660 ὃτι
3120 1606 3220 1660 οὐκ
3270 1605 3438 1672 ἔστιν,
3482 1606 3598 1661 ἀλλ’
3615 1607 3754 1678 ὅπερ

2171 1697 2338 1751 ἐστίν.
2367 1701 2512 1755 ‘—M.
2543 1700 2610 1754 Ἠ
2622 1699 2895 1766 δὲ,ῐΙολλά,
2915 1697 3178 1770 φησὶ,καὶ
3207 1697 3335 1770 περὶ
3367 1697 3579 1752 πολλῶν
3606 1697 3754 1751 οὕτω

485 1815 596 1852 non
651 1798 782 1868 quid
827 1813 938 1852 non
984 1798 1076 1864 sit,
1095 1800 1188 1853 sed
1208 1796 1336 1868 quid
1357 1797 1448 1851 sit.
1469 1793 1612 1848 ———M.
1636 1793 1699 1847 At
1718 1793 1842 1848 illa:
1876 1794 2058 1859 Multa,

2175 1791 2519 1863 μανθάνομεν
2549 1791 2607 1844 ὲν
2652 1792 2730 1863 τῷ
2765 1791 2841 1863 μὴ
2881 1791 3000 1844 τόδε
3033 1809 3086 1844 τι
3117 1789 3297 1860 λέγειν
3347 1785 3487 1846 εἶναι
3517 1789 3649 1846 αὐτὸ
3691 1791 3753 1844 τὸ

485 1888 682 1957 inquit.
736 1886 902 1942 etiam
944 1885 1010 1940 de
1060 1885 1246 1938 multis
1293 1885 1366 1938 ita
1412 1885 1696 1947 discimus,
1739 1881 1868 1937 dum
1923 1882 2064 1937 dici~

485 1995 608 2034 mus
649 1992 756 2032 non
811 1978 915 2031 hoc
965 1976 1169 2046 aliquid
1227 1991 1351 2032 esse
1411 1975 1582 2046 ipsam
1634 1973 1932 2030 essentiam
1987 1972 2063 2028 rei

483 2068 748 2138 quaesitae,
781 2068 1042 2139 quidnam
1075 2068 1293 2123 tandem
1325 2083 1388 2122 ea
1429 2082 1518 2123 res
1558 2066 1631 2124 sit
1662 2066 2060 2136 signiﬁcantes.

480 2157 618 2214 Cum
650 2159 796 2214 enim
847 2158 1146 2229 ἀπόνηρον,
1172 2158 1227 2213 id
1277 2166 1361 2213 est
1395 2174 1499 2212 non
1531 2173 1754 2228 pravum
1799 2157 1881 2211 vel
1916 2156 2061 2210 haud

482 2251 682 2305 malum
706 2250 964 2314 dicimus,
990 2249 1190 2304 bonum
1210 2249 1586 2314 ostendimus;
1610 2263 1735 2303 cum
1757 2249 1883 2303 item
1908 2247 2065 2301 ἄναν-

482 2340 629 2412 δρον,
671 2340 724 2395 id
771 2347 876 2405 est,
923 2356 1026 2395 non
1063 2341 1232 2394 virum
1286 2323 1776 2405 nominaverinms,
1811 2339 2065 2393 timidum

478 2431 917 2503 designavimus,
948 2446 1012 2486 ac
1053 2432 1225 2486 multa
1257 2430 1347 2487 bis
1392 2429 1593 2486 similia
1629 2440 1793 2500 atque
1816 2429 2063 2500 ejiisdem

480 2523 632 2579 modi
662 2524 771 2579 dici
822 2530 1080 2595 possunt,
1123 2539 1220 2596 per
1251 2538 1371 2594 qua:
1413 2524 1499 2578 vel
1554 2523 1934 2591 benigniorem
1968 2536 2066 2593 per

479 2615 747 2671 malorum
793 2615 1137 2682 negationem
1193 2613 1503 2684 excipimus
1554 2613 1918 2676 intellectum,
1971 2613 2056 2668 vel

479 2714 673 2758 contra
720 2704 789 2760 ad
841 2705 1168 2761 deteriorem
1203 2704 1516 2774 opinionem
1551 2704 1913 2768 deﬂectimus,
1962 2703 2058 2760 ad-

477 2798 754 2867 emptione
797 2796 1065 2852 bonorum
1126 2797 1178 2853 id
1226 2798 1371 2870 quod
1403 2812 1629 2866 pravum
1659 2806 1712 2851 et
1738 2798 1938 2853 malum
1973 2803 2060 2853 est

2173 1880 2314 1937 εἶναι
2342 1883 2435 1937 τοῦ
2475 1883 2831 1954 ζητουμένου,
2853 1883 2881 1936 ὅ
2910 1883 2963 1936 τί
2991 1881 3121 1936 ποτέ
3143 1885 3259 1937 ἐστι
3282 1881 3748 1955 διερμηνεύοντες.

2185 1973 2479 2046 Ἀπόνηρον
2529 1973 2636 2047 γὰρ
2691 1973 2935 2039 εἰπόντες
2987 1973 3080 2028 τὸν
3139 1972 3343 2042 ἀγαθὸν
3402 1975 3752 2045 παρεστήκα-

2171 2084 2272 2138 μεν
2324 2067 2486 2140 (57),
2546 2067 2640 2122 καὶ
2693 2067 2953 2140 ἄνανδρον
3007 2066 3374 2140 ὀνομάσαντες
3428 2067 3519 2124 τὸν
3576 2068 3750 2122 δειλὸν

2167 2157 2544 2228 ἐγνωρίσαμεν
2567 2197 2582 2221 ,
2619 2157 2713 2210 καὶ
2765 2156 2935 2212 πολλά
2986 2155 3195 2221 τούτοις
3258 2157 3371 2226 (58)
3398 2156 3546 2212 ἔστιν
3573 2158 3752 2212 εἰπεῖν

2167 2246 2520 2318 ὁμοιότροπα.
2545 2245 2622 2298 Δι’
2657 2238 2732 2300 ὧν
2755 2245 2789 2317 ἢ
2820 2245 2881 2300 τὸ
2904 2247 3266 2319 χρηστότερον
3292 2247 3750 2319 ἀναλαμϐάνομεν

2162 2338 2340 2410 νόημα
2365 2335 2454 2391 διὰ
2479 2336 2580 2407 τῆς
2625 2334 2734 2390 τῶν
2785 2337 3038 2409 πονηρῶν
3084 2339 3410 2408 ἀποφάσεως
3439 2339 3576 2410 (59),
3605 2338 3639 2410 ἢ
3684 2339 3749 2393 τὸ

2162 2430 2396 2501 ἔμπαλιν
2423 2431 2514 2482 ἐπὶ
2541 2430 2602 2483 τὸ
2633 2431 2812 2502 χεῖρον
2839 2432 2957 2494 ταῖς
2990 2430 3266 2495 ὑπονοίαις
3295 2431 3608 2504 τρεπόμεθα
3628 2472 3642 2495 ,
3676 2433 3745 2502 τῇ

2161 2521 2271 2576 τῶν
2296 2521 2476 2575 καλῶν
2505 2521 2792 2592 ἀφαιρέσει
2829 2521 2889 2575 τὸ
2919 2522 3152 2593 πονηρὸν
3175 2523 3558 2595 ἐνδειξάμενοι.
3588 2522 3748 2576 Οὕτω

2161 2613 2342 2668 τοίνυν
2375 2613 2467 2666 καὶ
2495 2613 2589 2666 ἐπὶ
2628 2612 2722 2666 τοῦ
2758 2613 3026 2684 παρόντος
3074 2631 3159 2678 τις
3187 2613 3344 2684 λόγου
3372 2615 3745 2685 κατανοήσας,

2163 2705 2264 2759 οὐκ
2315 2703 2382 2759 ἂν
2438 2705 2537 2776 τῆς
2588 2703 2814 2776 δεούσης
2868 2704 2998 2777 περὶ
3041 2705 3104 2759 τὸ
3151 2705 3483 2778 ζητούμενον
3535 2707 3746 2771 ἐννοίας

2166 2795 2532 2866 ἀποσφαλείη.

479 2892 809 2951 iudicantes.
846 2892 924 2947 Ad
953 2892 1097 2947 hunc
1144 2893 1311 2965 igitur
1358 2891 1580 2947 modum
1627 2894 1672 2948 si
1739 2895 1863 2963 quis
1897 2909 1964 2948 ex
2038 2893 2297 2962 praesenti
2349 2907 2573 2963 quoque
2626 2890 2934 2960 qumstioue
2987 2905 3103 2945 rem
3155 2890 3611 2951 eonsideraverit.
3674 2892 3745 2946 ab

477 2998 542 3038 ca
591 2982 927 3053 cogitatione
970 2991 1137 3053 atque
1174 2983 1437 3055 opinione
1479 2999 1645 3054 quam
1720 3000 1810 3040 res
1855 2984 1921 3039 ad
1993 2983 2350 3054 quaerendum
2398 2991 2453 3036 et
2504 2981 2865 3038 scrutandum
2953 2983 3236 3052 proposita
3298 2982 3527 3053 requirit
3575 2992 3743 3052 atque

475 3077 771 3144 desiderat,
813 3092 924 3132 non
965 3078 1269 3134 aberrabit.

547 3215 828 3284 Quaaritur
881 3225 1088 3286 autem,
1151 3219 1284 3289 quid
1332 3228 1573 3274 mentem
1625 3231 1749 3273 esse
1805 3222 2054 3286 opm-teat

2226 3211 2476 3282 Ζητεϊται
2509 3209 2567 3264 δὲ
2602 3210 2655 3263 τί
2706 3208 2813 3282 χρὴ
2845 3209 2937 3263 τὸν
2987 3208 3114 3263 νοῦν
3159 3208 3367 3263 οἴεσθαι
3402 3209 3523 3265 κατ’
3571 3210 3744 3282 αὐτὴν

476 3307 734 3361 arbitrari
785 3308 1087 3362 secundum
1121 3307 1298 3378 ipsam
1351 3309 1673 3364 essentiam.
1730 3305 1835 3372 Qui
1884 3306 2056 3375 igitur

473 3398 611 3467 quin
660 3397 732 3452 sit
775 3399 995 3470 quidem
1039 3398 1115 3465 id,
1146 3399 1214 3454 de
1255 3415 1367 3470 quo
1414 3400 1645 3469 quastio
1690 3407 1796 3462 est,
1831 3407 2056 3468 propter

476 3505 619 3556 eam,
661 3505 784 3560 qua:
833 3491 903 3545 ab
929 3491 1052 3560 ipso
1092 3491 1254 3547 nobis
1303 3489 1633 3557 ostenditur,
1683 3490 2052 3555 ellieieutiam,

475 3597 588 3637 non
639 3581 855 3636 dubitat
900 3582 1006 3638 hoc
1065 3582 1196 3652 quid
1247 3582 1340 3646 sit,
1381 3583 1527 3637 scire
1561 3582 1609 3637 si
1660 3583 1799 3646 vult,
1837 3581 2056 3636 abunde

477 3689 544 3729 ac
577 3672 914 3729 sollicienter
957 3673 1008 3728 id
1031 3672 1250 3744 assequi
1277 3674 1498 3743 poterit.
1540 3672 1676 3727 Nam
1713 3673 1761 3728 si
1799 3673 2055 3729 didicerit

475 3764 532 3819 id
577 3779 690 3819 non
737 3779 864 3819 esse
896 3763 1002 3818 hoc
1055 3764 1204 3834 quod
1248 3779 1417 3820 sensu
1463 3764 1786 3836 percipitur,
1818 3780 1927 3818 non
1959 3780 2054 3819 co-

476 3857 674 3922 lorem,
699 3872 808 3911 non
835 3855 1087 3928 ﬁguram,
1118 3873 1226 3912 non
1253 3857 1535 3922 duritiem,
1562 3873 1668 3913 non
1701 3858 2048 3929 gravitatem,

476 3962 590 4002 non
623 3947 1011 4019 quantitatem,
1049 3963 1158 4003 non
1189 3964 1330 4014 eam,
1359 3964 1480 4019 quae
1508 3949 1562 4004 in
1591 3949 1696 4003 tria
1722 3948 1799 4014 lit,
1826 3949 2054 4004 divisio-

477 4054 636 4104 nem,
689 4055 800 4094 non
852 4039 1063 4095 inloco
1113 4039 1479 4110 positionem,
1546 4054 1722 4110 neque
1751 4039 2050 4110 quidquam

477 4139 711 4195 prorsus
741 4143 930 4182 eorum
971 4142 1094 4196 quae
1137 4127 1288 4182 circa
1319 4127 1603 4184 materiam
1629 4126 2051 4197 deprehendun-

480 4220 596 4281 tur,
623 4215 923 4285 novitquod
949 4215 1292 4284 aliudtidque
1319 4217 1432 4270 haec
1445 4217 1674 4274 sit.—G.
1717 4213 1830 4284 Ego
1864 4225 2046 4270 autem

473 4303 597 4374 ejus
640 4303 988 4373 interpellate
1041 4321 1315 4371 sermone,
1402 4304 1617 4372 Nescio,
1675 4306 1922 4376 inquam,
2001 4307 2046 4360 si

475 4395 664 4450 omnia
719 4395 834 4450 hare
877 4411 945 4452 ex
1015 4411 1270 4453 sermone
1333 4397 1710 4462 detrahantur,
1783 4399 1878 4468 qui
1930 4397 2047 4452 ﬁeri

474 4487 674 4555 possit,
707 4494 766 4540 ut
810 4502 920 4541 non
967 4503 1076 4542 una
1127 4504 1250 4542 cum
1292 4489 1379 4543 his
1423 4489 1650 4544 tollatur
1681 4499 1735 4544 et
1764 4491 2047 4546 aboleatur

2154 3302 2254 3374 τὴν
2285 3301 2495 3355 οὐσίαν.
2513 3301 2570 3355 '0
2600 3301 2779 3354 τοίνυν
2805 3301 2867 3356 τὺ
2909 3302 3008 3372 μὲν
3052 3296 3402 3366 εἶναιτοῦτο,
3438 3303 3570 3374 περὶ
3612 3299 3674 3358 οὗ
3711 3305 3744 3357 ὁ

2154 3395 2313 3462 λόγος
2345 3393 2502 3460 ἐστὶ,
2551 3393 2639 3448 διά
2676 3396 2777 3464 τῆς
2825 3395 2959 3466 παρ’
2989 3392 3156 3448 αὑτοῦ
3208 3394 3564 3466 δεικνυμένης
3608 3397 3742 3466 ἡμῖν

2155 3486 2435 3558 ἐνεργείας
2480 3485 2554 3556 μὴ
2581 3484 2957 3556 ἀμφιϐάλλων,
2987 3485 3048 3539 τὸ
3097 3485 3152 3540 δὲ
3178 3487 3208 3541 ὅ
3233 3486 3286 3540 τί
3318 3485 3431 3558 (60)
3460 3487 3575 3540 ἐστι
3597 3487 3743 3554 γνῶ-

2153 3593 2240 3631 ναι
2285 3576 2624 3647 βουλόμενος,
2673 3575 2869 3640 ἱκανῶς
2901 3575 2970 3630 ἂν
3029 3575 3244 3648 εὕροιτο
3275 3577 3419 3648 (61),
3460 3577 3536 3649 μὴ
3580 3576 3741 3634 τοῦτο

2158 3669 2346 3742 μαθεῖν
2394 3664 2534 3724 εἶναι
2561 3670 2695 3724 αὐτὸ
2737 3670 2766 3724 ὃ
2806 3669 3218 3742 καταλαμϐάνει
3247 3672 3282 3741 ἡ
3332 3671 3583 3742 αἴσθησις
3607 3711 3621 3734 ,
3657 3672 3737 3745 μὴ

2143 3761 2388 3835 χρῶμα,
2421 3761 2497 3835 μὴ
2527 3763 2749 3834 σχῆμαι
2798 3763 2875 3835 μὴ
2923 3763 3280 3830 ἀντιτυπίαν»
3314 3764 3389 3837 μὴ
3413 3763 3616 3836 βάρος,
3658 3764 3736 3838 μὴ

2153 3853 2511 3925 πηλικότητά,
2555 3853 2629 3925 μὴ
2674 3853 2776 3926 τὴν
2801 3855 2881 3918 είς
2909 3853 3036 3926 τρία
3063 3855 3341 3909 διάστασιν
3364 3895 3379 3920 ,
3409 3855 3484 3927 μὴ
3511 3855 3611 3927 τὴν
3643 3857 3738 3910 ἐπὶ

2150 3945 2314 3998 τόπου
2346 3944 2495 3999 θέσιν
2548 3945 2662 4017 (62)
2685 3986 2701 4011 ,
2738 3945 2874 4018 μηδέ
2905 3965 2957 4000 τι
2997 3947 3109 4018 (63)
3159 3948 3269 4002 τῶν
3314 3949 3444 4018 περὶ
3475 3948 3573 4020 τὴν
3601 3947 3737 4018 ὕλην

2152 4033 2720 4106 καταλαμϐανομένων
2747 4035 2885 4098 ὅλως
2907 4035 3072 4107 μηδὲν
3096 4037 3179 4108 ἴδῃ
3199 4038 3334 4106 (64),
3359 4037 3414 4090 τί
3435 4037 3562 4092 ἄλλο
3583 4037 3737 4108 παρὰ

2147 4125 2322 4180 ταῦτά
2376 4127 2540 4181 ἐστιν.
2605 4125 2747 4195 Ἐγὼ
2785 4127 2840 4183 δὲ
2871 4125 3074 4197 μεταξὺ
3105 4125 3566 4199 διεξιούσης,-Γ.
3618 4129 3734 4182 Οὐκ

2149 4211 2285 4283 οἶδα,
2313 4217 2482 4288 ἔφην,
2519 4217 2637 4282 πῶς
2690 4218 2828 4283 ἐστι,
2868 4219 3084 4273 πάντων
3133 4218 3338 4272 τούτων
3388 4220 3731 4290 ἀφαιρουμέ-

2148 4326 2254 4362 νων
2275 4307 2386 4380 (65)
2430 4307 2525 4362 τοῦ
2557 4308 2741 4378 λόγου,
2771 4309 2845 4380 μὴ
2878 4309 3354 4379 συνεξαλειφθῆναι
3383 4309 3595 4374 τούτοις
3633 4311 3730 4364 καὶ

2146 4399 2208 4452 τὸ
2237 4398 2587 4471 ζητούμενον.
2617 4400 2735 4454 Τίνι
2767 4401 2876 4472 γὰρ
2899 4404 3146 4473 προσφυῇ
3169 4400 3279 4472 (66)
3311 4399 3435 4472 δίχα
3456 4401 3663 4456 τούτων
3690 4405 3726 4474 ἡ

2149 4489 2529 4563 καταληπτικὴ
2558 4491 2845 4562 περιεργία
2871 4532 2887 4558 ,
2913 4492 3058 4547 κατά
3081 4510 3144 4560 γε
3167 4491 3266 4564 τὴν
3291 4493 3431 4566 ἐμὴν
3461 4493 3730 4564 ὑπόληψιν

473 4576 529 4632 id
570 4579 715 4648 quod
742 4580 1031 4648 qumritur.
1064 4579 1340 4645 Quidnam
1373 4581 1516 4635 enim
1551 4582 1758 4652 absque
1799 4583 1885 4639 bis
1918 4598 2044 4653 per-

2162 4578 2298 4632 ὤπω
2327 4581 2539 4651 ὁρᾶται.
2599 4582 2856 4652 Πανταχῆ
2893 4581 3004 4652 (67)
3061 4582 3171 4655 γὰρ
3203 4585 3259 4637 ὲν
3303 4584 3372 4654 τῇ
3424 4585 3533 4637 τῶν
3557 4583 3730 4637 ὄντων

471 4667 708 4738 cipieudi
739 4684 871 4724 cura
904 4678 1069 4740 atque
1106 4670 1371 4727 sedulitas
1402 4671 1783 4742 amplectatur,
1831 4674 1920 4728 cui
1960 4675 2045 4730 in-

473 4759 696 4826 bzcreat,
742 4776 862 4816 mea
910 4761 1128 4832 quidem
1164 4761 1445 4830 Opinione,
1499 4764 1741 4820 nondum
1792 4774 2038 4834 apparet.

552 5001 666 5076 ’56)
695 5001 1068 5076 Ροειᾲδιάνοια
1092 5002 1147 5058 in
1181 5005 1226 5076 Α
1247 5013 1298 5076 et
1326 5003 1370 5058 Β
1393 5016 1694 5076 sequuntur
1722 5007 1824 5061 ista
1857 5025 1870 5060 :
1898 5006 2044 5076 ἐστὶν

469 5071 719 5148 ἀσεραλῂς
748 5074 1032 5148 πρός-τινα
1053 5074 1254 5148 σκοπὸν
1273 5071 1638 5148 ἐνεργουμένη
1659 5077 1746 5131 διὰ
1769 5076 1866 5147 τῆς
1888 5075 2040 5148 ὕλης,

470 5142 598 5214 sae
629 5142 703 5214 (in
726 5142 980 5214 mhrgine
1001 5145 1036 5214 ἥ
1059 5144 1140 5214 τε)
1163 5142 1378 5199 διάνοια
1412 5142 1516 5200 νοῦ
1544 5142 1638 5212 τίς
1673 5142 1834 5199 ἐστιν’
1867 5142 2042 5199 οἰκεία

471 5211 806 5288 κίνησίςΑτε,
852 5211 1186 5288 i’n_ma‘rgin_e
1214 5217 1345 5288 ﬁeri.
1381 5217 1510 5270 ποιά
1551 5215 1762 5288 κίνησίς
1795 5215 1961 5288 rein
2001 5216 2040 5268 Β

469 5281 1023 5405 ἷὲέὲὲἆὶέιάσφαλὴς
1050 5286 1084 5356 ή
1123 5285 1181 5339 δὲ
1208 5285 1416 5341 διάνοια
1449 5288 1566 5345 νοῦ.
1589 5281 1697 5342 Pro
1739 5285 1868 5340 ποία
1893 5285 2038 5341 idem

492 5359 599 5419 egit
623 5359 770 5405 ποιά.

690 5421 1192 5501 ραρεστήκὶιιμειψ.Δ
1214 5427 1254 5478 Α
1279 5425 1320 5479 Β
1345 5429 1783 5501 παρεστήσαιιεν.

540 5491 652 5556 (58)
688 5493 940 5557 Τούτοις.
972 5492 1012 5544 Β
1040 5491 1330 5559 τοιούτοις.

696 5561 1111 5640 ξολ(πρξρςεὶιῑσ-ειιξςἶ
1131 5565 1173 5616 Λ
1200 5566 1253 5619 ἱιι
1284 5567 1945 5640 ιιιοινείηονάπεμφάσεως.

694 5633 771 5707 ξιξ
795 5631 862 5684 δὲ
882 5631 915 5684 ὅ
934 5630 1428 5707 τι.Λμὶ11--1118Γείιιέ
1454 5637 1598 5692 τοῦθ’
1639 5630 1744 5696 ὃτξ.

545 5702 658 5771 (61)
690 5699 955 5772 Εὔροιτο.
987 5708 1030 5758 Α
1061 5702 1100 5756 Β
1128 5703 1274 5777 εὕροι
1300 5699 1381 5760 τό.

2151 4670 2478 4743 ἀναζητήσει
2504 4671 2591 4726 διά
2612 4673 2713 4743 τῆς
2741 4672 3090 4746 ἐξεταστικῆς
3118 4675 3354 4740 διανοίας
3379 4676 3504 4729 ὅσον
3524 4692 3584 4729 τε
3609 4675 3726 4745 (68)

2146 4765 2208 4817 τὸ
2237 4765 2583 4837 ζητούμενον,
2619 4767 2807 4840 ὥσπερ
2857 4768 3001 4832 τινὲς
3054 4769 3245 4840 τυφλοὶ
3276 4770 3364 4825 διά
3407 4771 3603 4842 τοίχων
3631 4770 3726 4824 ἐπὶ

2216 5008 2328 5077 (62)
2360 5009 2561 5063 Θέσιν.
2581 5009 2622 5063 Α
2650 5009 2690 5064 Β
2714 5010 2971 5065 διάθεσιν.
3082 5030 3086 5034 ·

2219 5078 2332 5212 (65)
2356 5079 2531 5167 μηδὲ
2550 5096 2621 5132 τι.
2654 5081 2700 5133 Α
2719 5081 2896 5204 μηδὲν
2919 5080 3048 5136 τῶν.

2219 5148 2306 5206 164
2387 5152 2551 5212 ολως
2594 5148 2718 5212 μηδ
2825 5149 2946 5212 ἴδῃ.
2998 5151 3042 5206 Α

2214 5148 2551 5226 (εὓῖοέαὶς
2594 5148 2801 5226 ιιηξὲν’
2825 5149 2946 5226 τδτιε
2998 5151 3042 5206 Α
3079 5150 3231 5226 ὅμως
3275 5153 3444 5226 μηδὲν
3471 5156 3520 5208 ει
3548 5153 3612 5226 δή
3645 5174 3720 5213 τι.

2143 5215 2186 5292 B_
2209 5218 2394 5292 μηδέν.
2414 5219 2484 5292 Et
2496 5218 2558 5292 δή
2583 5215 2750 5292 eam
2769 5215 3017 5292 margine
3041 5215 3136 5292 τοῦ
3169 5215 3351 5292 Agiloni
3382 5225 3474 5278 illa
3505 5215 3724 5281 sen'ten-

2148 5287 2222 5340 tia
2255 5287 2330 5366 ita
2357 5287 2619 5366 sc_ribit'u_r
2650 5308 2664 5343 :
2694 5289 2844 5366 θέσιν
2871 5287 3057 5366 ’μηδέ
3086 5291 3270 5366 τιῌτῶν
3295 5295 3559 5366 περὶῃτὴν
3589 5296 3722 5365 ὓλην

2147 5357 2705 5482 ξαταὲαὲιὸανομένων
2732 5359 2869 5424 ὅλως
2897 5357 3063 5432 μηδὲν
3095 5357 3255 5426 οἶδεν,
3290 5357 3384 5416 ὂτί
3417 5357 3544 5420 ἄλλο
3571 5357 3723 5439 παρὰ

2176 5444 2276 5481 αυτ
2377 5444 2512 5482 στιν.

2141 5442 2316 5482 ταυτα
2345 5442 2512 5482 εστιν.

2176 5444 2316 5482 αυτα
2345 5444 2512 5482 εστιν.

2214 5497 2329 5579 ἓξὲξ.)
2366 5499 2848 5579 Ἀφαιρουμέγων-
2899 5499 2941 5554 Β
2965 5499 3391 5579 ᾂφαξρρυμένου.

2359 5566 2666 5654 ζζροσέρυῇ.
2754 5566 3056 5652 προσφυής.
3077 5566 3117 5624 Β
3132 5566 3505 5654 ἀν’προσςευῇ.

2358 5631 2670 5714 ﬁas-{axi}.
2689 5631 2820 5714 _A_i_ti
2835 5631 3096 5714 margine
3132 5631 3438 5714 [Ιανταχοῦ.
3453 5631 3464 5646 ⁸

2211 5707 2327 5781 (68)
2358 5707 2646 5768 Ὀσοντὲέ
2674 5711 2715 5764 Α
2751 5709 2793 5763 Β
2823 5707 3175 5781 ἀφάσσοντες.
