4046 6350
311 340 372 392 Η
1374 335 1464 391 DE
1502 332 1719 389 ANIMA
1760 331 1848 389 ΕΤ

1994 328 2499 389 SURRECTIONE.
3505 333 3575 389 42

310 458 412 526 τὴν
457 454 627 524 θύραν
666 452 1162 524 χειραγωγούμενοι
1190 494 1203 516 ,
1260 440 1375 516 se;
1433 453 1541 506 τῶν
1598 452 1889 524 εἰρημένωι

2003 450 2140 505 Nam
2179 450 2383 519 ubique
2410 449 2464 503 in
2497 462 2678 503 rerum
2715 448 3140 518 investigatione
3180 449 3576 506 examinatrice

310 548 527 610 πάντως
556 548 885 615 θιγγάνομεν
917 546 1030 615 (69)
1052 587 1065 610 ,
1127 546 1159 617 ἢ
1195 547 1392 617 χρῶμα
1445 548 1823 615 εὑρίσκοντες,
1856 546 1890 617 ἢ

309 644 516 714 σχῆμα,
546 641 577 711 ἢ
612 640 971 711 πηλικότητα,
1006 640 1039 709 ἡ
1080 657 1131 692 τι
1159 638 1267 691 τῶν
1302 639 1453 709 παρά
1490 637 1584 691 σοῦ
1629 638 1724 692 νῦν
1752 638 1894 707 ἀπη-

312 735 667 808 ριθμημένων
701 732 919 802 ἕτερον’
951 732 1079 785 ὅταν
1102 730 1159 784 δὲ
1194 730 1401 785 τούτων
1430 729 1593 801 μηδὲν
1628 725 1766 782 εἶναι
1804 728 1891 781 λέ-

308 842 473 896 γηται
499 826 563 878 ἂν
598 824 745 890 (70),
780 826 861 887 είς
904 823 964 875 τὸ
991 822 1233 894 μηδόλως
1275 839 1330 874 τι
1355 819 1489 874 εἶναι
1536 820 1742 873 οἴεσθαι
1788 820 1893 873 ὑπὸ

311 915 677 987 μικροψυχίας
706 913 1101 986 περιαγόμεθα.

2002 552 2163 611 atque
2196 542 2523 596 scrutatrice
2554 538 2933 609 intelligentia,
2975 540 3134 609 quasi
3172 540 3458 612 palpantes
3495 543 3574 610 iu,

1998 632 2146 702 quod
2182 632 2468 701 quaeritur,
2502 637 2769 701 tanquam
2800 631 2931 685 caeci
2961 631 3184 702 quidam
3216 632 3450 687 ducibus
3483 647 3579 703 pa-

2000 724 2233 780 rietibus
2276 724 2343 778 ad
2408 724 2611 779 ostium
2654 722 2961 788 tendentes,
3016 739 3246 794 prorsus
3288 740 3458 779 unum
3508 741 3577 780 ex

1998 820 2165 873 dictis
2220 818 2563 888 attingimus,
2612 817 2699 871 vel
2748 816 3009 883 colorem,
3066 816 3148 871 rel
3194 817 3444 887 liguram,
3492 818 3577 871 vel

1998 911 2386 980 quantitatem,
2433 910 2517 962 vel
2558 909 2767 979 aliquid
2814 908 2963 962 aliud
2993 923 3181 963 eorum
3225 925 3346 979 quae
3392 909 3490 964 abs
3526 917 3578 964 te

310 1015 635 1060 enumerata
666 1012 799 1061 sunt
821 1004 1201 1060 oll‘cudentes:
1241 1017 1365 1058 cum
1401 1014 1583 1056 autem
1611 1002 1815 1056 dicitur
1846 1002 1981 1056 nihil
2019 1003 2213 1055 horum
2243 1015 2387 1065 esse,
2420 1015 2531 1070 prm
2567 1000 2734 1053 animi
2772 1000 3072 1069 exiguitate
3112 1000 3477 1071 eoredigimur
3518 1012 3576 1053 ut

309 1119 378 1158 ne
408 1118 637 1173 prorsus
665 1102 884 1172 quidem
910 1100 1116 1171 aliquid
1158 1113 1282 1155 esse
1320 1107 1599 1170 putemus.

397 1216 473 1271 Μ.
500 1216 565 1270 Ἦ
588 1216 643 1269 δὲ
674 1215 1027 1283 σχετλιάσασα
1047 1214 1245 1285 μεταξὺ
1279 1212 1372 1267 τοῦ
1421 1212 1582 1281 λόγου
1616 1252 1630 1279 ,
1659 1212 1763 1265 Φεῦ
1794 1214 1893 1284 τῆς

306 1311 534 1373 ἀτοπίας
561 1351 575 1372 ,
598 1309 785 1379 φησιν,
820 1308 900 1370 εἰς
928 1301 1039 1359 οἷον
1072 1305 1182 1373 (7i)
1224 1305 1590 1373 καταστρέφει
1639 1304 1810 1374 πέρας
1856 1305 1890 1374 ἠ

312 1400 616 1474 μικροφυὴς
647 1399 785 1468 αῦτη
817 1397 911 1451 κα).
929 1395 1266 1467 χαμαίζηλος
1292 1398 1419 1466 περ).
1444 1396 1551 1449 τῶν
1579 1395 1746 1448 ὅντων
1772 1395 1892 1466 κρί-

310 1494 428 1554 σιςὶ
480 1491 540 1543 Εἰ
577 1489 680 1560 γὰρ
718 1487 978 1558 ἐξῄρηται
1026 1486 1120 1539 τοῦ
1158 1486 1309 1551 ὄντος
1349 1487 1494 1540 ἆπαν
1534 1486 1563 1539 ὃ
1611 1486 1686 1557 μὴ
1715 1488 1778 1556 τῇ
1807 1486 1888 1539 αἰ-

310 1583 499 1652 σθήσει
552 1580 914 1651 γνωρίζεται,
946 1579 1054 1632 οὐδ’
1091 1578 1160 1633 ἂν
1203 1579 1374 1649 αὐτὴν
1413 1577 1512 1648 τὴν
1565 1577 1660 1632 τοῦ
1691 1577 1890 1641 παντὸς

309 1672 703 1727 ἐπιστατοῦσαν
735 1672 830 1725 καὶ
860 1669 1360 1742 περιδεδραγμένην
1387 1670 1496 1722 τῶν
1527 1668 1697 1723 ὅντων
1728 1668 1886 1722 δύνα-

316 1784 408 1836 μιν
454 1763 743 1835 ὁμολογοίη
779 1762 893 1831 (72)
924 1762 1141 1824 πάντως
1171 1762 1199 1814 6
1229 1761 1386 1815 τοῦτο
1418 1761 1624 1829 λέγων,
1669 1760 1807 1817 ἀλλὰ
1830 1762 1892 1814 τὸ

311 1854 605 1925 ἀσώματόν
638 1871 698 1906 τε
727 1853 822 1906 καὶ
872 1851 1045 1914 ἀειδὲς
1076 1851 1207 1921 περὶ
1252 1852 1351 1921 τῆς
1386 1850 1534 1915 θείας
1567 1851 1784 1921 φύσεως
1814 1852 1891 1905 δι-

309 1948 523 2017 δαχθεὶς
546 1987 562 2011 ,
602 1946 666 1998 τὸ
704 1945 779 2015 μὴ
807 1939 947 1997 εἶναι
979 1943 1148 2013 αὐτὴν
1200 1943 1337 2006 ὅλως
1383 1945 1449 1996 ἐκ
1488 1942 1588 2012 τῆς
1636 1942 1892 2012 τοιαύτης

310 2040 527 2102 πάντως
560 2037 669 2107 (73)
695 2034 1015 2097 ἀκολουθίας
1043 2033 1318 2102 λογίζεται
1356 2032 1489 2104 (74).
1520 2034 1584 2087 Εἰ
1606 2032 1662 2086 δὲ
1695 2034 1812 2086 ἐκεῖ
1830 2035 1891 2087 τὸ

304 2130 481 2183 ταῦτα
517 2128 591 2199 μὴ
630 2123 768 2181 εἶναι
802 2126 1114 2198 περιγραφὴ
1132 2125 1241 2195 (75)
1270 2125 1366 2179 τοῦ
1395 2122 1534 2178 εἶναι
1563 2125 1626 2178 ού
1656 2124 1887 2193 γίνεται,

307 2221 427 2284 πῶς
482 2222 511 2273 6
560 2217 900 2289 ἀνθρώπινος
952 2215 1078 2279 νοῦς
1115 2215 1210 2269 τοῦ
1263 2215 1415 2279 ὄντος
1460 2215 1769 2269 ἐκθλίϐεται
1822 2218 1888 2286 τῇ

305 2309 723 2380 ἁφαιρέσειτῶν
758 2308 1085 2379 σωματικῶν
1124 2307 1433 2378 ἰδιωμάτων
1469 2306 1890 2377 συνδαπανώμε-

306 2420 397 2463 νος
418 2419 432 2465 ;
450 2406 586 2460 -Γ,
609 2402 834 2471 Οὐκοῦν,
857 2399 1029 2464 εἷπον,
1044 2400 1101 2466 ἐξ
1118 2398 1456 2468 ἁτόπων(76)
1482 2398 1890 2469 μεταλαμϐάνο-

311 2511 413 2563 μεν
440 2492 625 2561 ἕτερον
650 2492 849 2545 ἄτοπον
877 2489 964 2543 διὰ
987 2490 1087 2560 τῆς
1122 2489 1439 2553 ἀκολουθίας
1471 2488 1695 2558 ταύτης.
1725 2488 1888 2558 Περί-

306 2598 485 2635 κειται
518 2581 625 2653 γὰρ
675 2584 702 2634 6
738 2581 894 2648 λόγος
937 2582 1069 2651 ἡμῖν
1102 2581 1182 2641 είς
1212 2579 1275 2631 τὺ
1300 2579 1495 2632 ταύτὸν
1524 2577 1732 2631 οἴεσθαι
1770 2578 1884 2650 (77)

307 2676 375 2743 τῇ
410 2672 530 2743 θείᾳ
557 2672 738 2742 φύσει,
765 2672 857 2725 καὶ
902 2671 993 2723 τὸν
1024 2670 1153 2723 νοῦν
1181 2671 1272 2724 τὸν
1306 2670 1603 2741 ἡμέτερον,
1630 2669 1790 2741 εἴπερ
1821 2673 1885 2740 τῇ

309 2763 651 2832 ὑπεξαιρέσει
682 2763 788 2815 τῶν
848 2762 968 2814 κατ’
1003 2761 1252 2831 αἴσθησιν
1299 2761 1700 2832 εὑρισκομένων
1745 2764 1887 2813 νοεῖ-

307 2867 395 2903 ται
433 2854 545 2921 (78)
563 2852 989 2921 ὲκάτερον.-Μ.
1011 2853 1099 2920 Μὴ
1114 2850 1308 2906 ταύτόν
1322 2852 1627 2925 (79)εἰ’πῃς,
1662 2850 1825 2918 φησὶν
1855 2851 1887 2920 ή

304 2940 623 3004 διδάσκαλος
662 2939 885 3011 (ἀσεϐὴς
913 2938 1021 3009 γὰρ
1058 2938 1151 2991 καὶ
1180 2932 1333 3002 οὗτος
1368 2939 1397 2990 6
1422 2940 1637 3005 λόγος),
1673 2939 1785 2992 ἀλλ’
1813 2940 1889 3003 ὼς

2081 1203 2149 1260 Μ.
2186 1203 2253 1262 At
2280 1206 2666 1272 illa,dumhazc
2684 1206 2917 1261 dicerem
2946 1211 3246 1282 indignata,
3296 1210 3438 1264 Proh
3488 1228 3574 1265 res

1993 1300 2325 1369 importuna,
2382 1301 2580 1371 inquit,
2632 1311 2686 1356 et
2729 1302 2998 1357 absurda!
3066 1303 3135 1358 ad
3190 1319 3350 1375 quem
3411 1304 3573 1359 linem

1992 1392 2258 1462 redigitur
2290 1408 2354 1447 ac
2388 1393 2592 1448 desinit
2643 1394 2827 1463 exigui
2861 1395 3086 1465 ingenii,
3132 1397 3577 1466 pusillanimum-

1991 1500 2099 1554 que
2125 1490 2180 1537 et
2204 1484 2477 1551 abiectum
2509 1485 2653 1539 istud
2680 1484 2747 1540 de
2772 1486 2941 1542 rebus
2973 1502 3096 1557 quae
3120 1495 3304 1544 mente
3335 1504 3576 1544 noscun-

1998 1586 2088 1630 tur
2127 1576 2433 1645 judicium!
2471 1575 2606 1630 Nam
2637 1577 2683 1631 si
2711 1592 2775 1631 ex
2817 1593 3002 1632 rerum
3033 1587 3228 1633 natura
3262 1588 3573 1651 exemptum

1996 1680 2077 1723 est
2102 1667 2371 1739 quidquid
2390 1684 2554 1724 sensu
2583 1682 2694 1722 non
2738 1670 3114 1739 cognoscitur,
3150 1685 3218 1726 ne
3252 1672 3428 1742 ipsam
3453 1673 3576 1742 qui-

1994 1759 2116 1813 dem
2141 1775 2327 1813 rerum
2348 1759 2730 1815 universitatis
2749 1760 3033 1816 rectricem
3055 1771 3220 1832 atque
3238 1763 3571 1832 prml‘ectam,

1992 1864 2112 1917 quae
2155 1863 2246 1903 res
2291 1850 2581 1904 universas
2631 1851 2917 1921 complexa
2963 1859 3067 1917 est,
3118 1854 3227 1906 vim
3270 1862 3434 1924 atque
3473 1870 3570 1924 po.

1995 1945 2249 1993 testatem
2269 1938 2518 1995 conﬁteri
2545 1955 2773 2009 prorsus
2796 1942 3037 2011 potuerit
3064 1944 3110 1998 is
3143 1944 3236 2013 qui
3273 1944 3373 1999 hoc
3394 1946 3527 2001 dicit
3553 1964 3568 2000 :

1993 2029 2087 2082 sed
2122 2028 2213 2083 ubi
2262 2029 2671 2100 incorpoream,
2700 2030 2990 2087 informem
3020 2043 3071 2088 et
3095 2033 3422 2090 invisibilem
3449 2052 3574 2093 esse

1992 2121 2233 2175 divinam
2269 2124 2547 2192 acceperit
2574 2134 2853 2188 naturam,
2890 2140 2997 2179 non
3031 2140 3155 2181 esse
3181 2143 3301 2181 eam
3332 2129 3571 2197 penitus,

1991 2228 2057 2267 ex
2106 2214 2423 2283 hujusmodi
2480 2231 2712 2285 prorsus
2760 2220 3158 2288 consequentia
3212 2221 3569 2278 eximimahit.

1994 2305 2092 2360 Sin
2133 2315 2316 2360 autem
2377 2307 2490 2362 illic
2547 2316 2837 2379 propterea
2898 2311 3044 2379 quod
3101 2312 3215 2367 haec
3266 2330 3376 2367 non
3439 2318 3571 2381 sint,

1994 2398 2168 2470 ipsius
2213 2401 2468 2455 essentia:
2506 2402 2847 2472 praescriptio
2898 2410 3061 2473 atque
3108 2410 3410 2477 peremptio
3463 2424 3571 2463 non

1991 2491 2228 2557 exsistit,
2256 2508 2370 2563 quo
2401 2501 2561 2562 pacto
2590 2508 2748 2550 meus
2780 2494 3017 2550 humana
3051 2512 3117 2551 ex
3148 2506 3342 2552 natura
3365 2514 3570 2565 rerum,

1991 2589 2052 2634 ut
2091 2598 2211 2650 quae
2246 2599 2351 2636 una
2381 2598 2505 2637 cum
2542 2584 2893 2654 ademptione
2919 2589 3288 2657 corporalium
3323 2596 3572 2662 proprie-

1993 2678 2162 2724 tutum
2175 2682 2538 2736 consumatur,
2557 2675 2943 2749 elidituratque
2956 2680 3417 2743 excluditur?-—G.
3431 2682 3573 2755 Ergo

1990 2774 2052 2812 ex
2104 2759 2365 2826 absurdo,
2423 2760 2670 2830 inquam,
2734 2777 2829 2830 per
2892 2763 3035 2818 hanc
3093 2772 3568 2838 consequentiam,

1991 2851 2136 2904 aliud
2169 2851 2401 2905 invicem
2439 2853 2739 2922 arripimus
2781 2853 3115 2923 absurdum;
3159 2875 3285 2913 nam
3318 2877 3383 2917 eo
3413 2864 3572 2920 nobis

1989 2942 2172 2996 oratio
2220 2942 2443 2996 redacta
2503 2952 2607 3008 est,
2663 2952 2725 2997 ut
2771 2954 3017 3000 nostram
3054 2965 3273 3019 quoque
3331 2964 3567 3009 mentem

306 3034 590 3105 ἐδιδάχθης
616 3032 769 3104 παρὰ
795 3032 896 3098 τῆς
920 3031 1070 3094 θείας
1104 3032 1327 3103 Γραφῆς
1367 3031 1515 3101 (80),
1552 3033 1735 3102 ὅμοιον
1767 3033 1887 3084 εἰπὲ

1994 3033 2236 3087 eamdem
2301 3050 2415 3087 rem
2462 3048 2585 3088 esse
2631 3050 2756 3088 cum
2803 3038 2986 3091 divina
3041 3049 3234 3093 natura
3290 3052 3567 3112 putemus,

309 3126 465 3179 τοῦτο
492 3126 706 3195 ἐκείνῳ.
736 3124 809 3177 Τὸ
840 3124 948 3194 γὰρ
984 3123 1103 3176 κατ’
1133 3123 1317 3177 εἰκόνα
1348 3123 1459 3195 (8|)
1488 3123 1779 3195 γενόμενον
1803 3124 1891 3178 διὰ

307 3219 525 3272 πάντων
576 3218 688 3288 ἔχει
738 3217 954 3280 πάντως
1005 3216 1106 3285 τὴν
1152 3216 1286 3288 πρὸς
1336 3215 1398 3269 τὸ
1446 3216 1751 3288 ἀρχέτυπον
1779 3216 1889 3287 (89)

307 3310 602 3381 ὁμοιότητα
629 3347 644 3369 ,
699 3307 890 3379 νοερὰν
919 3305 1011 3359 τοῦ
1038 3306 1225 3375 νοεροῦ
1249 3347 1262 3369 ,
1312 3306 1406 3359 καὶ
1448 3306 1541 3359 τοῦ
1597 3307 1890 3377 ἀσωμάτου

307 3396 622 3465 ἀσώματον,
662 3395 828 3462 ὄγκου
859 3411 917 3447 τε
948 3395 1146 3457 παντὸς
1176 3394 1286 3463 (85)
1325 3395 1739 3466 ἀπηλλαγμένον
1780 3395 1889 3448 ὤσ-

310 3502 418 3556 περ
444 3487 621 3538 ὲκεῖνο
641 3526 655 3549 ,
687 3484 781 3537 καὶ
805 3486 984 3537 πᾶσαν
1010 3484 1279 3553 ὲκφεῦγον
1302 3484 1391 3537 διὰ
1419 3486 1754 3557 σημαντικὴν
1778 3486 1889 3557 (84)

310 3577 725 3646 καταμέτρησιν
783 3576 983 3645 ὁμοίως
1043 3575 1237 3645 ἐκείνῳ
1273 3592 1288 3605 ·
1340 3576 1467 3631 ἄλλο
1528 3577 1585 3630 δέ
1650 3594 1702 3630 τι
1758 3580 1889 3649 παρ’

309 3669 488 3721 ἐκεῖνο
519 3669 661 3721 κατὰ
710 3668 809 3738 τὴν
842 3672 939 3738 τῆς
992 3670 1207 3736 φύσεως
1249 3668 1501 3739 ἰδιότητα.
1537 3669 1733 3723 Οὐκέτι
1780 3669 1889 3740 γὰρ

306 3757 375 3811 ἂν
394 3757 477 3827 εἴη
494 3755 673 3821 εἰκὼν,
689 3756 737 3808 εἰ
757 3757 947 3832 ἐκείνῳ
968 3759 1420 3829 δι’ἁπάντων(85)
1435 3760 1520 3831 εἵη
1532 3761 1726 3817 ταύτὸν
1752 3759 1885 3831 (86),

307 3847 423 3901 ἀλλ’
448 3849 505 3899 ὲν
534 3844 613 3910 οἷς
647 3849 707 3898 ἐν
751 3851 817 3918 τῇ
856 3849 1096 3919 ἀκτίστῳ
1143 3865 1302 3919 φυσει
1358 3849 1657 3920 καθορᾶται
1688 3852 1885 3917 ἐκεῖνο,

308 3941 367 3991 ὲν
410 3941 523 4002 τοῖς
556 3940 737 4001 αὐτοῖς
774 3942 809 4007 ἡ
854 3940 1046 4011 κτιστὴ
1086 3939 1247 4008 φύσις
1282 3940 1519 3994 δείκνυσι
1559 3940 1746 3993 τοῦτο’
1793 3943 1887 3995 καὶ

306 4028 496 4099 ὥσπερ
525 4029 782 4091 πολλάκις
799 4032 857 4081 ὲν
888 4029 1069 4102 μικρῷ
1098 4030 1351 4102 ψήγματι
1377 4030 1560 4105 ύελίνῃ
1593 4031 1729 4102 (87),
1759 4032 1886 4084 ὅταν

307 4120 441 4193 τύχῃ
469 4122 605 4192 πρὸς
633 4123 828 4174 ἀκτῖνα
853 4122 1125 4192 κείμενον,
1156 4124 1276 4187 ὅλος
1304 4124 1556 4196 ἐνορᾶται
1598 4124 1693 4177 τοῦ
1735 4124 1884 4195 ἡλίου

304 4212 335 4267 6
367 4212 568 4276 κύκλος
595 4253 610 4276 ,
640 4213 702 4265 ού
728 4214 871 4266 κατά
896 4214 957 4266 τὸ
1003 4215 1129 4268 ἴδιον
1186 4214 1415 4285 μέγεθος
1442 4214 1590 4285 αὐτῷ
1623 4216 1884 4284 ἐμφαινό-

306 4319 468 4371 μενος
489 4344 504 4365 ,
552 4302 666 4354 ἀλλ’
692 4302 767 4365 ὡς
816 4306 983 4373 χωρεῖ
1012 4302 1287 4375 βραχύτης
1319 4304 1429 4375 (88)
1472 4303 1567 4356 τοῦ
1596 4305 1883 4375 ψήγματος

303 4387 402 4442 τοῦ
444 4386 646 4442 κύκλου
695 4390 795 4460 τὴν
849 4389 1089 4460 ἔμφασιν
1116 4409 1128 4423 ·
1182 4392 1354 4455 οὕτως
1386 4395 1444 4445 ἐν
1491 4397 1556 4465 τῇ
1591 4395 1887 4466 βραχύτητι
1923 4388 1964 4442 ι)

302 4478 407 4547 τῆς
438 4480 713 4552 ἡμετέρας
771 4481 983 4551 φύσεως
1037 4483 1144 4535 τῶν
1193 4486 1486 4555 ἁφράστων
1530 4487 1753 4540 ἐκείνων
1782 4490 1881 4559 τῆς

306 4570 556 4641 θεότητος
599 4573 904 4642 ἰδιωμάτων
952 4575 1011 4625 αί
1062 4576 1269 4640 εἰκόνες
1298 4577 1669 4646 ὲκλάμπουσιν
1694 4622 1708 4642 ,
1739 4578 1881 4633 ὥστε

302 4661 392 4715 διὰ
418 4663 622 4717 τούτων
652 4665 742 4717 τὸν
772 4666 925 4732 λόγον
971 4668 1477 4739 χειραγωγούμενον
1497 4709 1513 4735 ,
1568 4672 1705 4743 μήτε
1742 4674 1880 4726 ἀπο-

374 4861 488 4930 (69)
537 4864 918 4942 ριγγάνομεν.
967 4867 1021 4920 In
1047 4875 1196 4942 textu
1320 4868 1541 4942 additur
1576 4871 1880 4942 ἁπτόμεθα,

300 4931 362 4987 in
382 4931 633 5010 margine
650 4931 1114 5010 ‘vero'inoneturj
1146 4938 1337 5010 Λείπει
1364 4940 1425 5010 τὸ
1451 4931 1752 5010 ἁπτόμεθα.

374 5003 485 5072 (70)
511 5005 763 5072 Λέγηζαι
796 5006 891 5059 ἂν.
922 5009 966 5059 Α
993 5007 1103 5061 etB
1128 5009 1310 5063 delent
1349 5009 1432 5063 ἄν.

332 5070 611 5193 ἰε(70()ξιξ
639 5070 787 5129 οἷον.
821 5077 863 5129 Α
912 5076 967 5130 in
1011 5086 1158 5133 textu
1200 5080 1278 5142 εἰς
1317 5081 1396 5144 ὃν,
1434 5082 1528 5136 sed
1556 5082 1607 5135 in
1636 5081 1883 5152 margine

297 5158 379 5205 εις
413 5158 544 5197 οιον.

534 5215 900 5290 ξρμολογοζη.
941 5216 1315 5290 Αῌὸμολογείη.

373 5284 487 5351 (75)
527 5285 773 5351 Πάντως
804 5287 948 5341 delet
976 5286 1035 5340 Β.

368 5354 826 5478 (ῖίὲῶἒγίζεται.
858 5358 902 5408 Α
930 5356 1226 5425 λογῑσεται,
1252 5362 1396 5429 quod
1433 5371 1487 5417 et
1515 5362 1678 5415 hahct
1709 5363 1877 5418 editio

377 5441 428 5477 nt
610 5467 623 5478 .

298 5426 428 5478 Iuni
468 5426 623 5480 1615.

367 5494 479 5579 ΕΞ)
509 5497 867 5579 Εεριγρξιφή-
893 5499 1331 5579 Uerumt-

368 5564 479 5635 (ἷϐ)
516 5565 610 5628 Ἐξ
635 5564 893 5621 ἀτόπων.
936 5568 974 5620 Β
1007 5564 1068 5633 ἐξ
1098 5564 1321 5623 ἀτόπου.

368 5633 483 5709 (Π)
513 5635 773 5709 ρίείζθαι.
803 5640 846 5690 Α
878 5638 1204 5709 ἱηγιηθνείηθ
1230 5642 1485 5695 νοεῖσθαι.

370 5703 481 5769 (78)
519 5706 749 5759 Νοεῖται
775 5709 913 5761 delet
938 5708 997 5761 Β.

368 5772 484 5845 (79)
513 5775 607 5840 Μὴ
642 5780 875 5832 ταύτόν.
898 5778 1035 5830 ’Λ).λ’
1064 5780 1096 5851 ἢ
1131 5782 1326 5834 ταύτὸν
1361 5784 1539 5853 εἴπης.

620 5872 890 5931 Pyram.
953 5875 1071 5936 Gn.
1106 5876 1318 5937 XLVI.

1994 3124 2266 3192 siquidem
2294 3125 2671 3179 suhtractione
2690 3142 2881 3181 eorum
2910 3145 3030 3198 qua!
3058 3145 3222 3184 sensu
3261 3133 3567 3201 deprehen-

1994 3212 2221 3274 duntur,
2244 3208 2571 3281 intelligitur,
2591 3216 3467 3285 utrumque—LI.Neidemdicas,
3489 3225 3572 3276 in-

1992 3302 2111 3369 quit
2145 3303 2401 3371 magistra
2432 3304 2621 3371 (impia
2650 3306 2793 3357 enim
2833 3306 2947 3360 hmo
2979 3324 3195 3378 quoque
3227 3313 3408 3363 oratio
3438 3315 3568 3383 est),

1995 3395 2091 3448 Sed
2124 3394 2587 3463 quemadmodum
2612 3412 2639 3447 a
2674 3396 2857 3451 divina
2891 3416 3023 3453 voce
3055 3402 3253 3458 doctus
3279 3418 3359 3468 es,
3394 3405 3574 3463 simile

1991 3500 2115 3540 esse
2161 3485 2263 3539 hoc
2312 3486 2387 3539 illi
2423 3486 2534 3540 dic.
2578 3486 2709 3540 Nam
2746 3490 2890 3557 quod
2932 3494 3247 3547 secundum
3281 3495 3569 3567 imaginem

1994 3575 2197 3629 factum
2247 3585 2355 3636 ρει,
2408 3593 2501 3646 per
2548 3581 2730 3634 omnia
2784 3583 3005 3652 penitus
3045 3586 3363 3657 principalis
3393 3605 3573 3644 exem-

1993 3667 2159 3735 p'aris
2201 3676 2365 3737 atque
2414 3668 2602 3724 forma:
2650 3672 3068 3728 similitudinem
3130 3679 3320 3745 habet;
3368 3680 3572 3736 intelle-

1988 3759 2247 3818 ctualem.
2280 3759 2404 3827 ejus
2431 3762 2574 3829 quod
2613 3770 2697 3816 est
2732 3764 3133 3833 intellectuale;
3165 3768 3566 3839 incorpoream,

1992 3848 2330 3917 incorporei;
2379 3858 2543 3919 atque
2586 3851 2657 3906 ah
2687 3858 2834 3908 omni
2866 3857 3008 3912 mole
3036 3873 3298 3928 corporea
3342 3862 3569 3917 liherum

1989 3950 2071 3992 est
2092 3940 2299 4006 itidem,
2320 3951 2379 3996 ut
2405 3942 2572 4007 illud;
2601 3952 2654 3998 ct
2676 3961 2892 4001 onmem
2925 3949 3329 4005 intcrvallarem
3356 3954 3571 4008 dimen-

1990 4031 2203 4085 sionem
2231 4032 2418 4106 effugit
2456 4036 2707 4091 similiter
2737 4047 2901 4109 atque
2924 4040 3059 4095 illud
3090 4061 3103 4095 :
3130 4044 3224 4097 sed
3252 4055 3339 4098 est
3367 4046 3570 4115 aliquid

1989 4123 2137 4177 aliud
2172 4134 2337 4196 atque
2368 4128 2503 4181 illud
2532 4129 2678 4199 quod
2711 4133 2774 4184 ad
2803 4142 3011 4187 natura:
3034 4136 3229 4189 attinet
3260 4139 3569 4207 proprieta-

1989 4223 2117 4269 tem.
2142 4215 2262 4270 Non
2284 4220 2429 4273 enim
2461 4223 2696 4290 amplius
2728 4223 2907 4293 imago
2942 4224 3126 4289 fuerit,
3161 4228 3207 4281 si
3244 4244 3337 4297 per
3360 4233 3566 4298 omnia,

1989 4323 2083 4378 per
2115 4310 2558 4376 intellectualem,
2578 4315 2978 4386 incorporeum,
3006 4319 3273 4373 intervalli
3291 4336 3568 4392 expertem

1991 4409 2244 4454 naturam
2264 4402 2402 4457 idem
2431 4421 2554 4458 cum
2577 4406 2669 4459 illo
2688 4410 2963 4471 csset,sed
2993 4426 3088 4480 per
3118 4426 3238 4481 qua:
3271 4414 3327 4466 in
3372 4423 3569 4471 natura

1989 4508 2096 4547 non
2113 4503 2293 4548 creata
2316 4496 2445 4550 illud
2471 4499 2820 4567 perspicitur,
2846 4515 2945 4570 per
2963 4503 3151 4557 eadem
3174 4515 3363 4559 natura
3386 4516 3569 4561 creata

1991 4585 2095 4638 hoc
2110 4588 2345 4641 ostendit
2369 4606 2382 4654 ;
2411 4597 2462 4642 et
2488 4592 2946 4657 quemadmodum
2968 4594 3019 4646 in
3044 4608 3212 4663 parvo
3231 4612 3373 4665 smpe
3395 4598 3569 4653 frusto

1990 4677 2138 4740 vitri,
2186 4693 2311 4731 eum
2344 4680 2410 4732 ad
2456 4680 2666 4734 radium
2708 4685 3020 4753 expositum
3049 4686 3219 4753 jacet,
3258 4698 3406 4744 totus
3435 4691 3568 4746 solis

2211 4878 2479 4953 Γραφῆς.
2515 4880 2552 4931 Α
2574 4882 2632 4953 ΑΒ
2659 4884 2857 4953 φωνῆς.
3607 4918 3617 4939 ;

2063 4945 2175 5017 (8i)
2209 4945 2279 5002 Τό
2318 4945 2430 5017 γὰρ
2460 4950 2586 5003 κατ’
2624 4945 2846 5007 εἰκόνα.
2890 4953 2947 5007 In
2976 4955 3124 5010 calce
3149 4957 3357 5012 codicis
3382 4957 3424 5010 Α
3454 4959 3567 5015 hare

1989 5016 2605 5099 ita’explicaliturﬁ'O'c‘t
2632 5025 2815 5099 δμοιος
2850 5024 2949 5093 μὲν
2976 5025 3091 5078 ἐστι
3116 5026 3329 5097 τῷἶΘεῷ
3363 5030 3391 5081 6
3419 5031 3565 5099 ἡμέ-

1989 5103 2165 5161 τερος.
2184 5087 2341 5161 νοῦς.)
2358 5090 2537 5161 οὐκέτι
2563 5091 2618 5144 δὲ
2640 5087 2940 5161 δ’μοούσίος.

2065 5157 2154 5225 (82
2214 5157 2282 5210 Τὸ
2312 5159 2513 5228 ἀρχέτ.
2547 5162 2590 5212 Α
2626 5157 2716 5214 τδν
2750 5164 2819 5233 ἀρ
2859 5163 3074 5217 ἐτυπον.

2065 5158 2175 5291 (85)
2211 5229 2432 5291 Ὄγκου
2458 5247 2520 5283 τε
2544 5234 2789 5291 παντός.
2812 5183 3031 5291 [ξὸγκου
3053 5252 3074 5287 1

2065 5183 2154 5225 (cz
2215 5183 2282 5210 ιυ
2312 5183 2513 5228 αρχετ.
2547 5183 2590 5212 Α
2626 5183 2716 5214 τον
2750 5183 2819 5233 αρ
2859 5183 3074 5217 ετυπον.

2064 5183 2432 5309 (86)_'Orxov
2458 5247 2520 5283 τε
2544 5234 2789 5298 παντός.
2812 5183 3031 5303 ἰξὸγκου
3053 5236 3269 5299 πάντως
3293 5233 3422 5309 [sic]
3444 5250 3495 5293 et
3522 5242 3566 5293 Α

1983 5296 2147 5350 habet
2176 5296 2363 5366 ὄγκου.

2314 5372 2726 5450 ςγημαντωιῄνΣ
2818 5382 2871 5428 et
2954 5374 3406 5450 διαστηματικήν.

2055 5436 2168 5505 (85)
2194 5440 2271 5489 Δι’
2293 5440 2594 5496 ἁπάντων.
2631 5442 2670 5494 Β
2701 5444 2789 5496 διὰ
2832 5445 3065 5498 πάντων.

2049 5506 2561 5593 (86)”Εκείγω.“1η
2711 5516 2951 5579 additur,
3010 5518 3067 5567 ἐν
3127 5518 3205 5587 τῷ
3257 5522 3428 5593 νοερῷ
3474 5523 3565 5575 καὶ

1983 5577 2260 5647 ἀσωμάτῳ
2293 5578 2387 5632 καὶ
2418 5580 2743 5647 ἀδιαστάτῳ.

2209 5637 2463 5726 Ῡελίνῃ.
2501 5656 2543 5704 Α
2580 5653 2619 5726 Β
2648 5637 2858 5726 ὑέλίνῳ.

2062 5717 2174 5786 (88)
2205 5721 2535 5789 Βραχύτης.
2578 5725 2668 5795 lii)
2713 5717 3002 5798 βραχύτης.
