4046 6350
451 317 523 374 45
1683 315 1742 371 ὃ.
1782 313 2033 373 GREGOI

2149 311 2443 369 NYSSENI
3646 316 3713 370 41

452 434 604 490 orbis
647 434 1009 505 conspicitur,
1044 449 1158 490 non
1190 447 1290 503 pro
1325 448 1427 490 sua
1459 434 1843 505 magnitudine
1882 435 1937 489 in
1965 450 2030 490 eo

2135 436 2354 489 πίπτειν
2392 438 2488 506 τῆς
2521 434 2661 489 κατά
2707 436 2805 506 τὴν
2840 434 3029 490 οὐσίαν
3062 435 3156 489 τοῦ
3187 434 3280 488 νοῦ
3328 435 3708 507 καταλήψεως,

453 537 746 593 apparens,
790 523 885 578 sed
929 530 1093 593 prout
1139 523 1381 579 brevitas
1426 521 1589 579 frusti
1620 524 1815 579 circuli
1855 526 2029 578 simu-

453 614 667 669 laerum
702 622 869 685 atque
898 615 1443 686 repraesentationem
1479 616 1626 685 capit
1660 623 1712 669 et
1751 615 2028 669 admittit:

453 706 537 762 sic
592 707 648 760 in
696 706 999 777 exiguitate
1048 717 1251 762 nostra:
1295 713 1509 761 natura:
1563 704 2027 774 incxplicabilium

453 798 672 852 illarum
704 797 927 854 deitatis
954 798 1351 868 proprietatum
1389 795 1657 866 imagines
1694 796 1932 861 elucent,
1971 804 2031 850 ut

452 904 552 958 per
600 889 714 945 haec
763 904 925 944 manu
970 890 1128 959 quasi
1183 888 1345 943 ducta
1395 886 1541 941 ratio
1590 900 1767 956 neque
1814 886 2030 941 excidat

449 988 509 1034 et
552 980 771 1036 aberret
806 982 876 1035 ab
912 990 1120 1035 natura:
1159 980 1357 1035 mentis
1396 977 1829 1048 deprehensione
1867 987 2031 1049 atque

2137 525 2646 597 ἀποκαθαιρομένης
2682 528 2738 581 ὲν
2764 529 2831 598 τῇ
2860 526 3103 593 ἐξετάσει
3134 525 3228 580 τοῦ
3261 527 3573 597 σκέμματος
3609 529 3709 598 τῆς

2138 617 2455 687 σωματικῆς
2488 617 2747 688 ἰδιότητος
2772 634 2787 649 ·
2843 617 2962 689 μηδ’
3002 613 3068 671 αὖ
3117 617 3277 671 πάλιν
3325 618 3403 680 είς
3447 611 3564 671 ἶσον
3596 618 3705 691 (89)

2135 706 2288 775 ἀγειν
2320 710 2386 778 τῇ
2418 706 2654 777 ἀορίστῳ
2685 725 2743 760 τε
2773 706 2883 778 (90)
2935 708 3029 762 καὶ
3082 709 3343 780 ἀκηράτῳ
3372 708 3531 778 φύσει
3562 749 3576 775 ,
3615 710 3711 781 τὴν

2139 798 2341 869 μικρὰν
2386 798 2481 851 καὶ
2525 799 2789 870 ἐπίκηρον
2815 816 2827 828 ·
2863 799 2998 853 ἀλλά
3026 800 3220 872 νοητὴν
3256 802 3353 871 μὲν
3385 800 3588 854 οἴεσθαι
3614 802 3711 872 τὴν

2135 889 2323 942 οὐσίαν
2345 904 2358 918 °
2389 891 2573 960 ἐπειδὴ
2605 890 2700 944 καὶ
2747 891 2943 961 νοητῆς
2990 891 3178 955 οὐσίας
3224 891 3371 944 ἐστὶν
3404 890 3566 945 εἰκὼν
3591 933 3606 956 ,
3637 893 3710 964 μὴ

2139 980 2319 1050 μέντοι
2352 980 2449 1051 τὴν
2476 981 2642 1052 αὐτὴν
2675 983 2750 1051 τῷ
2776 981 3070 1053 ἀρχετύπῳ
3097 982 3197 1053 τὴν
3230 982 3414 1035 εἰκόνα
3441 982 3639 1051 λέγειν.

454 1071 787 1140 cognitione,
808 1072 852 1126 si
878 1073 932 1126 in
965 1072 1370 1128 examinatione
1394 1071 1714 1142 quaestionis
1747 1073 2048 1141 corporalis
2073 1074 2410 1143 proprietase
2442 1085 2739 1129 xcernatur
2772 1086 2825 1131 et
2859 1075 3169 1145 rejiciatur;
3210 1091 3385 1144 neque
3417 1091 3609 1131 rursus
3645 1092 3709 1129 cx

454 1160 675 1217 diverso
702 1165 947 1220 eamdem
976 1180 1100 1218 cum
1135 1164 1399 1220 invisibili
1432 1164 1593 1219 simul
1628 1171 1683 1220 et
1709 1163 2001 1219 immortali
2033 1174 2226 1220 natura
2261 1181 2482 1234 parvam
2524 1167 2914 1237 mortalemque
2948 1179 3199 1223 naturam
3239 1183 3362 1225 esse
3400 1167 3584 1230 ducat.
3615 1168 3709 1222 sed

454 1257 667 1311 ratione
708 1267 763 1311 et
802 1257 1162 1326 intelligentia
1206 1257 1425 1327 quidem
1461 1258 1614 1313 cerni
1653 1265 1905 1311 naturam
1945 1258 2065 1328 ejus
2098 1258 2377 1314 existimet
2409 1278 2422 1313 :
2453 1260 2712 1329 quoniam
2746 1262 2911 1315 etiam
2966 1270 3145 1314 mente
3190 1259 3710 1330 comprehensibilis

460 1355 671 1400 natura:
710 1346 888 1417 imago
915 1357 1018 1410 est,
1057 1362 1164 1402 non
1198 1356 1376 1401 tamen
1413 1349 1660 1403 eamdem
1699 1363 1822 1403 cum
1856 1350 2147 1421 principali
2186 1359 2239 1405 et
2276 1349 2528 1421 originali
2561 1349 2733 1405 forma
2775 1351 3059 1420 imaginem
3097 1366 3221 1405 csse
3260 1350 3423 1405 dicat.

527 1480 601 1536 Ut
636 1478 800 1548 igitur
825 1494 921 1549 per
953 1492 1211 1533 arcanam
1231 1484 1288 1532 et
1318 1477 1648 1532 ineil'abiletn
1682 1477 1773 1533 Dei
1813 1479 2032 1548 sapien-

456 1573 585 1628 tiam
635 1587 756 1642 qua:
799 1571 853 1624 in
886 1569 1246 1625 universitate
1287 1585 1470 1623 rerum
1511 1580 1756 1639 apparet,
1789 1569 2029 1624 divinam

2211 1480 2420 1551 Ὠσπερ
2452 1475 2545 1533 οὖν
2588 1480 2676 1533 διὰ
2719 1483 2818 1551 τῆς
2864 1482 3172 1551 ἀπορρήτου
3222 1479 3410 1548 σοφίας
3454 1480 3546 1533 τοῦ
3575 1481 3705 1535 Θεοῦ

2134 1570 2235 1639 τῆς
2261 1571 2339 1641 τῷ
2369 1570 2530 1624 παντὶ¹
2559 1572 2963 1643 ἐμφαινομένης
3005 1572 3105 1642 τὴν
3151 1570 3296 1624 θείαν
3324 1571 3484 1640 φύσιν
3514 1590 3575 1626 τε
3616 1576 3709 1627 καὶ

456 1674 710 1720 naturam
747 1664 954 1731 pariter
987 1675 1052 1715 ac
1084 1668 1406 1730 potestatem
1458 1660 1514 1713 in
1560 1662 1725 1716 rebus
1757 1661 2032 1717 universis

2135 1655 2361 1726 δύναμιν
2397 1659 2454 1710 ἐν
2483 1660 2615 1711 πᾶσι
2649 1661 2761 1722 τοῖς
2786 1655 2935 1712 οὖσιν
2965 1654 3103 1712 εἴναι
3147 1660 3246 1713 οὐκ
3277 1661 3704 1733 ἀμφιϐάλλομεν,

454 1770 579 1811 esse
630 1768 740 1808 non
784 1752 1118 1816 dubitamus,
1170 1758 1231 1804 ut
1284 1751 1338 1803 in
1386 1765 1485 1805 sna
1537 1751 1721 1804 omnia
1778 1758 2035 1805 maneant

453 1848 694 1901 essentia
721 1844 1055 1915 (quanquam
1081 1842 1127 1897 si
1160 1842 1285 1911 quis
1317 1850 1527 1896 natura:
1551 1842 1819 1897 rationem
1854 1843 2034 1912 exigat

453 1943 509 1991 et
560 1934 833 2005 exquirat,
903 1935 1060 2002 longe
1115 1933 1412 2002 plurimum
1469 1942 1666 1986 natura
1719 1931 1818 1987 Dei
1869 1931 2036 1987 distat

456 2040 620 2100 atque
660 2028 876 2083 diversa
930 2035 1013 2082 est
1066 2041 1094 2077 a
1157 2024 1531 2095 singularibus
1579 2025 1747 2080 rebus
1802 2040 1924 2095 quae
1978 2024 2031 2077 in

456 2128 708 2176 creatura
753 2129 808 2174 et
839 2116 1207 2173 ostenduntur
1238 2128 1293 2170 et
1324 2115 1709 2185 intelliguntur
1740 2133 1754 2170 :
1795 2122 2034 2169 attamen

458 2212 512 2266 in
564 2212 648 2266 his
692 2225 815 2265 esse
868 2216 1084 2263 constat
1128 2207 1180 2261 id
1226 2206 1617 2277 quodnatura
1660 2206 1829 2260 distat
1873 2215 2035 2275 atque

456 2304 732 2357 diversum
757 2301 885 2369 est),
911 2300 984 2352 ita
1017 2298 1164 2352 nullo
1195 2297 1357 2352 modo
1381 2295 1700 2351 incredibile
1726 2304 1811 2351 est
1841 2296 2035 2350 animae

456 2410 673 2466 quoque
730 2402 983 2447 naturam
1034 2407 1156 2460 qua:
1199 2405 1295 2459 per
1346 2404 1469 2445 sese
1512 2389 1713 2459 aliquid
1759 2387 1906 2442 aliud
1952 2399 2034 2444 est

456 2487 842 2555 (quodcunque
906 2482 1127 2536 tandem
1178 2480 1345 2535 etiam
1398 2494 1520 2533 esse
1575 2476 1857 2548 putatur),
1924 2493 2033 2532 non

457 2574 712 2646 impediri
752 2573 887 2644 quin
928 2573 1022 2638 sit,
1062 2571 1279 2627 etiamsi
1313 2587 1373 2625 ea
1422 2585 1542 2640 qua
1584 2571 1637 2624 in
1679 2571 1882 2625 mundo
1913 2579 2033 2625 tan-

459 2681 624 2738 quam
657 2666 928 2721 elementa
968 2662 1410 2724 considerantur,
1442 2663 1514 2726 ei,
1554 2662 1766 2716 ratione
1803 2671 2030 2729 naturae,

460 2771 572 2811 non
623 2753 999 2810 conveniant:
1048 2750 1506 2821 quemadmodum
1547 2750 1693 2804 enim
1745 2749 1856 2818 jam
1909 2759 2034 2804 ante

459 2846 665 2900 dictum
711 2854 812 2909 εει,
846 2858 947 2898 nec
985 2844 1038 2897 in
1085 2841 1397 2896 viventibus
1435 2841 1653 2910 quidem
1685 2840 2029 2910 corporibus,

457 2951 690 3008 quorum
737 2943 934 2989 natura
984 2940 1199 2988 constat
1245 2948 1310 2986 ex
1349 2932 1740 2986 elementorum
1791 2938 2035 2987 contem-

2132 1747 2208 1810 ὼς
2236 1748 2301 1800 ἂν
2334 1748 2392 1801 ὲν
2411 1749 2486 1819 τῷ
2512 1745 2650 1803 εἶναι
2676 1753 2744 1804 τὰ
2773 1750 2948 1803 πάντα
2986 1750 3136 1821 μένοι
3155 1768 3168 1781 ·
3203 1751 3292 1805 καί
3319 1751 3398 1804 τοί
3432 1768 3495 1819 γε
3525 1754 3571 1805 εί
3595 1753 3705 1824 (91)

2134 1838 2223 1892 τὸν
2245 1839 2345 1909 τῆς
2370 1838 2583 1908 φύσεως
2604 1840 2716 1910 (92)
2735 1840 3021 1911 ἀπαιτοίης
3040 1840 3217 1908 λόγον,
3240 1842 3580 1912 παμπλήθως
3594 1844 3705 1914 (95)

2134 1927 2327 1997 ἀπέχει
2355 1929 2513 1982 οὐσία
2552 1930 2685 1982 Θεοῦ
2723 1930 2857 2001 πρὸς
2890 1930 2956 1983 τὰ
2995 1930 3117 1984 καθ’
3143 1931 3371 1985 ’ἑκαστον
3404 1934 3460 1984 ὲν
3487 1936 3552 2003 τῇ
3594 1934 3709 1986 κτίο

2136 2035 2217 2071 σει
2243 2019 2568 2090 δεικνύμενά
2602 2037 2659 2073 τε
2708 2022 2803 2075 καὶ
2829 2020 3092 2091 νοούμενα
3116 2038 3129 2053 ’
3160 2021 3272 2075 ἀλλ’
3304 2022 3455 2093 ὅμως
3490 2024 3551 2078 ἐν
3584 2024 3708 2077 τού-

2133 2127 2243 2173 τοις
2275 2105 2499 2163 εἶναιτὸ
2531 2111 2737 2175 διεστὸς
2768 2111 2882 2181 (94)
2929 2112 3070 2167 κατὰ
3096 2114 3194 2183 τὴν
3224 2113 3384 2182 φύσιν
3427 2115 3707 2185 ὁμολογεί-

2132 2216 2222 2254 ται
2239 2217 2252 2230 ’
2282 2199 2453 2264 οὕτως
2483 2202 2633 2254 οὐδὲν
2659 2202 2885 2255 ἄπιστον
2915 2203 3008 2256 καὶ
3034 2204 3133 2272 τὴν
3176 2205 3274 2274 τῆς
3299 2204 3476 2275 ψυχῆς
3496 2206 3706 2270 οὐσίαν,

2133 2292 2259 2346 ἄλλο
2291 2310 2344 2347 τι
2367 2292 2485 2347 καθ’
2518 2295 2714 2366 ἑαυτὴν
2742 2290 2926 2359 οὖσαν,
2965 2297 2994 2349 ὃ
3043 2298 3094 2350 τί
3121 2315 3246 2351 ποτε
3280 2301 3372 2353 καὶ
3396 2297 3532 2354 εἶναι
3556 2304 3707 2355 uixi-

2135 2383 2315 2450 ζεται,
2371 2385 2446 2457 μὴ
2480 2385 2865 2455 ὲμποδῐζεσθαι
2914 2389 3049 2457 πρὸς
3102 2389 3163 2441 τὸ
3216 2385 3391 2455 εἶναι,
3427 2392 3533 2444 τῶν
3569 2410 3709 2447 στοι-

2133 2474 2366 2543 χειωδῶς
2404 2476 2461 2528 ἐν
2485 2475 2563 2545 τῷ
2591 2476 2780 2548 κόσμῳ
2801 2476 3184 2550 (θεωρουμένων
3216 2482 3275 2533 ού
3306 2482 3711 2552 συμϐαινόντων

2134 2565 2270 2636 αύτῇ
2306 2566 2445 2620 κατὰ
2472 2566 2560 2621 τὸν
2591 2568 2745 2637 λόγον
2773 2569 2868 2639 τῆς
2899 2570 3113 2639 φύσεως
3136 2588 3148 2599 ·
3194 2574 3313 2626 οὐδὲ
3344 2575 3453 2646 (95)
3481 2578 3572 2629 ἐπὶ
3597 2578 3706 2630 τῶν

2134 2654 2349 2719 ζώντων
2396 2658 2700 2728 σωμάτων,
2741 2661 2922 2725 καθὼς
2979 2663 3076 2732 ἤδη
3128 2665 3445 2736 προείρηται
3472 2706 3485 2730 ,
3533 2663 3613 2732 οἷς
3674 2672 3701 2740 ἡ

2135 2744 2427 2808 ὑπόστασις
2474 2747 2536 2798 ὲκ
2579 2746 2677 2817 τῆς
2703 2747 2811 2800 τῶν
2846 2752 3126 2819 στοιχείων
3163 2754 3278 2806 ἐστὶ
3332 2758 3704 2827 συγκράσεως.

2134 2835 2386 2889 κοινωνία
2412 2852 2494 2899 τις
2524 2836 2665 2888 κατὰ
2689 2836 2779 2891 τὸν
2806 2839 2903 2909 τῆς
2916 2839 3098 2903 οὐσίας
3122 2840 3278 2908 λόγον
3308 2846 3422 2897 ἐστὶ
3447 2844 3524 2915 τῷ
3549 2847 3708 2918 ἁπλῷ

2134 2943 2192 2980 τε
2217 2927 2311 2981 καὶ
2350 2928 2519 2981 ἀειδεῖ
2546 2932 2645 2997 τῆς
2671 2930 2848 3001 ψυχῆς
2879 2931 3014 3002 πρὸς
3058 2933 3156 3003 τὴν
3188 2937 3500 3008 σωματικὴν
3530 2956 3704 3009 παχυ-

457 3029 762 3099 peratione,
809 3025 1041 3095 simplici
1079 3026 1281 3093 pariter
1314 3031 1366 3077 et
1403 3022 1625 3076 informi
1662 3022 2032 3092 invisibilique

2137 3018 2329 3090 μερίαν
2362 3019 2511 3090 (96)·
2548 3019 2662 3073 ἀλλ’
2691 3022 2839 3092 ὅμως
2876 3023 2938 3074 τὸ
2981 3025 3038 3076 ἐν
3069 3024 3278 3089 τούτοις
3309 3023 3448 3082 εἶναι
3475 3029 3571 3099 τὴν
3599 3032 3707 3093 ζων

458 3120 651 3174 animae
679 3120 888 3173 ratione
910 3126 1138 3179 naturae,
1167 3114 1347 3183 aliqua
1377 3129 1500 3169 etum
1532 3129 1718 3169 crassa
1742 3129 2031 3184 corporum

452 3210 714 3280 congerie
763 3216 926 3277 atque
965 3206 1315 3262 concretione
1363 3206 1731 3260 communitas
1781 3215 1899 3271 est;
1946 3220 2038 3259 ve-

457 3309 766 3355 rumtamen
809 3298 1026 3353 vitalem
1058 3298 1254 3351 animat
1292 3296 1638 3351 eilicieutiam
1672 3296 1884 3349 ratione
1906 3310 2039 3364 qua-

452 3393 581 3446 dam
610 3392 902 3444 humanam
924 3388 1453 3443 animadversionem
1477 3397 1640 3457 atque
1671 3387 2038 3458 cognitionem

460 3488 775 3551 superante,
812 3479 1128 3548 permistam
1167 3493 1231 3532 ae
1265 3477 1520 3532 diffusam
1553 3479 1609 3532 in
1644 3478 1730 3533 his
1770 3493 1893 3532 esse
1929 3493 2038 3531 non

451 3570 758 3627 dubitatur.
788 3567 931 3639 Ergo
961 3583 1030 3622 ne
1058 3568 1314 3622 resolutis
1367 3566 1584 3636 quidem
1628 3568 1684 3620 in
1733 3582 1875 3632 sese,
1918 3581 2039 3636 qua:

450 3661 514 3715 in
549 3674 779 3729 corpore
813 3665 963 3722 sunt,
1009 3656 1315 3720 elementis,
1357 3656 1517 3727 periit
1556 3656 1610 3710 id
1649 3655 1794 3726 quod
1830 3673 1924 3726 per
1957 3657 2036 3710 vi-

458 3750 621 3804 talem
657 3748 1004 3804 eﬂicientiam
1033 3762 1098 3802 ea
1145 3745 1367 3817 colligat
1409 3754 1573 3815 atque
1601 3746 1892 3800 connectit.
1930 3744 2037 3801 Sed

459 3839 942 3912 quemadmodum,
991 3846 1278 3893 constante
1326 3852 1390 3891 ac
1436 3836 1670 3892 durante
1708 3836 1886 3891 adhuc
1924 3837 2036 3891 cle-

461 3940 769 3988 mentorum
807 3930 1178 3995 concretione,
1219 3944 1410 3983 omnes
1445 3928 1647 3998 pariter
1684 3935 1849 3997 atque
1884 3927 2038 3982 simi-

462 4023 586 4077 liter
620 4029 806 4091 partes
851 4033 1051 4088 corpus
1103 4018 1440 4087 complentes
1484 4024 1648 4086 atque
1693 4020 2036 4071 constituen-

460 4120 542 4165 tes
598 4108 778 4162 anima
844 4114 1185 4177 penetrante,
1244 4104 1557 4175 singulatim
1610 4105 2037 4174 unumquodque

461 4200 759 4263 animatur,
803 4213 981 4269 neque
1012 4197 1211 4267 aliquis
1247 4196 1329 4251 vel
1378 4196 1607 4251 solidam
1645 4211 1769 4251 esse
1796 4197 2032 4251 animam

462 4291 658 4347 dixerit
691 4304 756 4345 ac
785 4289 1001 4352 duram,
1042 4303 1163 4358 qum
1190 4301 1315 4342 cum
1346 4294 1528 4342 terreo
1553 4288 1838 4343 commista
1873 4296 2035 4357 atque

2136 3109 2293 3181 τικὴν
2329 3111 2427 3180 τῆς
2456 3111 2635 3183 ψυχῆς
2665 3114 2962 3184 ἐνέργειαν,
2999 3116 3100 3169 οὐκ
3118 3117 3534 3187 ἀμφιϐάλλεται,
3560 3122 3705 3195 λόγῳ

2136 3202 2240 3254 τινὶ
2299 3201 2564 3271 κρείττονι
2612 3204 2711 3274 τῆς
2762 3205 3107 3277 ἀνθρωπίνης
3158 3213 3532 3281 κατανοήσεως
3578 3216 3710 3267 ἀνα-

2137 3292 2450 3362 κραθεῖσαν.
2483 3293 2690 3348 Οἰικοῦν
2739 3296 2858 3348 οὐδὲ
2914 3297 3293 3353 ἁναλυσέιντων
3349 3303 3483 3370 πρὸς
3536 3306 3706 3356 eruti

2137 3378 2244 3432 τῶν
2280 3380 2457 3444 ἐντοῖς
2478 3380 2691 3452 σώμασι
2714 3381 2824 3454 (97)
2841 3385 3134 3454 στοιχείων,
3153 3384 3211 3437 τὸ
3233 3386 3441 3440 συνδέον
3459 3387 3596 3442 αὑτά
3616 3389 3704 3442 διὰ

2135 3470 2234 3540 τῆς
2261 3467 2496 3537 ζωτικῆς
2532 3469 2810 3540 ἐνεργείας
2853 3470 3148 3524 ἀπόλωλεν.
3189 3473 3330 3525 Ἀλλ’
3357 3472 3544 3544 ὥσπερ
3580 3491 3707 3526 συν-

2135 3557 2368 3622 εστῶτος
2409 3558 2486 3611 ἔτι
2519 3558 2609 3612 τοῦ
2648 3558 2756 3612 τῶν
2789 3561 3065 3630 στοιχείων
3105 3563 3472 3633 συγκρίματος
3502 3564 3706 3635 ψυχοῦ-

2135 3666 2225 3702 ται
2258 3649 2349 3702 καὶ
2393 3649 2459 3703 τὰ
2487 3649 2597 3720 (98)
2645 3649 2765 3703 καθ’
2819 3650 3084 3715 ἕκαστον,
3122 3652 3249 3715 ἴσως
3292 3670 3352 3706 τε
3385 3655 3478 3706 καὶ
3506 3654 3705 3724 ὁμοίως

2136 3743 2269 3793 πᾶσι
2294 3744 2404 3804 τοῖς
2436 3742 2625 3811 μέρεσι
2657 3744 2767 3806 τοῖς
2795 3743 3169 3815 συμπληροῦσι
3210 3743 3271 3798 τὸ
3298 3744 3455 3815 σῶμα
3481 3747 3577 3816 τῆς
3603 3746 3707 3810 ψυ-

2135 3832 2237 3902 χῆς
2268 3832 2585 3902 ἐνδυομένης
2617 3832 2767 3903 (99),
2828 3835 2919 3888 καὶ
2968 3835 3069 3888 οὐκ
3124 3836 3190 3889 ἄν
3235 3853 3319 3900 τις
3351 3835 3533 3903 εἴποι,
3579 3836 3706 3891 οὔτε

2137 3922 2369 3992 στερρὰν
2400 3922 2566 3992 αὐτὴν
2596 3926 2688 3977 καὶ
2725 3925 3012 3978 ἀντίτυπον
3041 3921 3179 3979 εἶναι
3203 3967 3218 3990 ,
3256 3927 3334 3998 τῷ
3360 3927 3550 3995 γεώδει
3577 3946 3707 3997 συγ·

2137 4014 2501 4085 κεκραμένην,
2530 4015 2652 4068 οὔτε
2679 4017 2868 4087 ὑγρὰν,
2895 4017 2927 4087 ἢ
2960 4017 3172 4087 ψυχρὰν
3199 4019 3232 4089 ἢ
3271 4020 3369 4089 τὴν
3405 4019 3482 4088 τῷ
3513 4020 3711 4092 ψυχρῷ

2136 4106 2514 4176 ἀντικειμένην
2542 4110 2822 4178 ποιότητα,
2856 4109 2955 4179 τὴν
2982 4110 3041 4161 ὲν
3080 4110 3244 4162 πᾶσιν
3270 4110 3347 4181 (1)
3381 4106 3546 4165 οὖσαν
3583 4111 3710 4165 τού-

2134 4215 2281 4261 τοις,
2310 4198 2401 4252 καὶ
2432 4198 2646 4269 ἑκάστῳ
2667 4200 2766 4269 τὴν
2801 4199 3037 4270 ζωτικὴν
3067 4200 3291 4271 δύναμιν
3326 4201 3571 4255 ὲνιοῦσαν
3603 4202 3703 4271 (2)·

2136 4289 2315 4353 οὕτω,
2350 4293 2440 4344 καὶ
2490 4291 2737 4354 λυθέντος
2783 4291 2874 4345 τοῦ
2927 4293 3336 4364 συγκρίματος,
3388 4294 3479 4347 καὶ
3510 4295 3589 4357 εἰς
3636 4294 3707 4349 τὰ

463 4387 869 4450 contemperata
919 4379 1013 4442 sit,
1058 4379 1140 4433 vel
1193 4377 1491 4440 humidam,
1537 4379 1621 4432 vel
1659 4377 1909 4448 frigidam
1941 4388 2033 4432 aut

2136 4384 2309 4435 οἰκεῖα
2345 4383 2504 4435 πάλιν
2546 4383 2943 4453 ἀναδραμόντος
2971 4423 2986 4447 ,
3017 4385 3115 4454 τὴν
3154 4385 3329 4455 ἁπλῆν
3357 4384 3571 4457 ἐκείνην
3610 4388 3705 4439 καὶ

467 4470 660 4541 frigido
703 4470 956 4539 opposita
1006 4469 1271 4538 qualitate
1328 4467 1632 4538 prmditam,
1680 4484 1802 4537 quae
1844 4468 1899 4523 in
1952 4469 2038 4525 his

462 4562 739 4620 universis
774 4562 865 4623 sit,
911 4567 966 4615 et
998 4561 1295 4630 unicuique
1335 4560 1441 4613 vim
1475 4559 1692 4612 vitalem
1737 4560 2034 4614 immittat:

464 4656 539 4707 ita
582 4655 761 4710 soluta
802 4667 1020 4722 quoque
1055 4652 1143 4704 illa
1178 4651 1653 4721 coagmentatione
1699 4660 1753 4706 et
1798 4651 1865 4705 ad
1912 4668 2039 4721 pro-

2134 4469 2425 4524 ἀσύνθετον
2457 4471 2616 4541 φύσιν
2650 4474 2864 4542 ἑκάστῳ
2898 4476 3150 4544 παρεῖναι
3183 4474 3290 4527 τῶν
3346 4476 3526 4545 μερῶν
3547 4517 3562 4542 ,
3607 4476 3705 4531 καῖ

2137 4563 2274 4632 μετὰ
2307 4562 2404 4632 τὴν
2458 4562 2695 4616 διάλυσιν
2743 4564 2951 4618 οἴεσθαι
2982 4605 2995 4629 ,
3049 4567 3199 4619 οὐδὲν
3248 4566 3339 4618 τοῦ
3370 4568 3445 4636 ('5)
3497 4567 3706 4631 εἰκότος

2133 4653 2280 4705 ἐστίν
2308 4670 2321 4683 ο
2353 4653 2490 4707 ἀλλὰ
2517 4654 2614 4724 τὴν
2644 4654 2791 4720 ἆπαξ
2838 4658 3060 4727 ἀρρήτῳ
3091 4657 3197 4709 τινὶ
3246 4660 3585 4727 συμφυείσαν
3620 4658 3707 4711 λὸ·

464 4748 613 4816 prias
647 4753 1022 4815 cognatasque
1072 4758 1159 4797 res
1209 4742 1403 4796 iterum
1441 4742 1683 4807 redacta,
1731 4743 2033 4812 simplicem

2135 4760 2213 4812 γῳ
2241 4744 2318 4813 τῷ
2338 4743 2445 4796 τῶν
2476 4745 2753 4815 στοιχείων
2780 4746 2858 4817 (i)
2894 4746 3226 4820 συγκρίματι
3251 4749 3326 4817 (5)
3349 4788 3363 4812 ,
3397 4750 3488 4802 καὶ
3529 4751 3705 4803 εἰσαεὶ

461 4846 515 4892 et
563 4836 986 4905 incompositam
1040 4834 1186 4887 illam
1243 4840 1497 4886 naturam
1552 4832 1845 4902 unicuique
1892 4834 2029 4903 parti

454 4926 627 4983 etiam
675 4933 801 4997 post
853 4924 1271 4980 dissolutionem
1307 4924 1519 4987 adesse,
1568 4931 1729 4993 atque
1761 4939 1880 4978 eam
1912 4940 2032 4995 quae

522 5129 646 5215 (sit)
677 5132 780 5212 ἱειξ
806 5132 962 5201 fama
994 5143 1035 5197 Β
1064 5145 1141 5206 εἰς
1162 5141 1239 5215 έν.

555 5210 643 5283 90)
682 5210 955 5284 Ἀορίστῳ
979 5230 1060 5267 τε.
1091 5215 1136 5265 Α
1158 5213 1371 5283 ἀορατῳ
1399 5228 1477 5277 τε,
1507 5210 1545 5264 Β
1567 5213 1773 5284 ἀρίστῳ
1804 5233 1884 5269 τε.

534 5283 649 5352 (91)
678 5287 747 5337 El
770 5284 911 5339 delet
941 5283 999 5335 Β.

531 5349 646 5422 (92)
675 5354 937 5425 φύσεως.
976 5354 1090 5425 Agin
1116 5352 1390 5425 margine:
1416 5349 1634 5425 φύσεώς
1659 5371 1741 5417 τις
1772 5355 2025 5425 ἀπαιτοίη

461 5420 640 5491 λόγον,
677 5422 717 5475 Β
739 5422 952 5491 φύσεως
981 5420 1114 5483 εἴτις
1142 5420 1590 5491 ἀπαιτοίηλόγον.

533 5490 644 5563 (95)
673 5490 1068 5563 Παμπλήθευς.
1096 5491 1140 5543 Α
1167 5491 1210 5563 li
1239 5490 1583 5560 παμπληθές.

535 5559 648 5632 (94⁷)
680 5559 922 5632 Διέστός
945 5560 1007 5632 -Β
1030 5559 1272 5632 διεστὼς.

557 5630 646 5700 95)
683 5631 851 5685 Οὺδέ.
878 5635 920 5683 Α
943 5630 982 5683 Β
1006 5630 1124 5683 οὐδὲ
1152 5630 1279 5699 γάρ.

556 5700 645 5773 96)
676 5701 1073 5772 Παχυμερίαν.
1103 5700 1143 5752 Α
1176 5700 1566 5771 παχυμέρειαν.

2139 4834 2493 4911 παραμένειν,
2527 4829 2607 4899 οἷς
2639 4836 2941 4908 κατεμίχϐη
2965 4877 2979 4901 ,
3014 4838 3201 4909 μηδενὶ
3224 4840 3408 4909 τρόπῳ
3435 4840 3529 4910 τῆς
3556 4856 3705 4908 γινο-

2141 4925 2307 4996 μένης
2356 4925 2500 4991 ἆπαξ
2536 4927 2671 4998 αὐτῇ
2724 4929 2999 5000 συμφυΐας
3031 4929 3450 5003 ἅποσπωμένην.
3483 4930 3557 4984 Οὐ
3599 4931 3713 5004 γὰρ

2343 5148 2470 5220 Τοῖς
2498 5148 2752 5220 σώμασι.
2778 5149 2813 5203 Α
2842 5149 2881 5203 Β
2905 5149 2983 5220 τῷ
3017 5167 3248 5220 σωματι.

2231 5217 2317 5288 98)
2350 5217 2717 5288 ΚαὶίτάίΚαί
2752 5220 2933 5274 delent
2956 5217 2999 5272 Ἀ
3032 5217 3174 5276 ρι’Β.

2207 5288 2318 5360 (99)
2357 5287 2777 5360 Ἐνδυομένης.
2809 5289 3212 5360 Βίὲνδεομένης.

2208 5356 2284 5428 (1)
2318 5356 2436 5424 Τὴν
2461 5358 2530 5411 ἐν
2555 5356 2763 5413 πᾶσιν.
2802 5359 2910 5428 Τὴν
2937 5360 2995 5411 ὲν
3022 5356 3224 5414 ἅπασιν

2206 5426 2283 5494 (2)
2329 5428 2661 5484 Ὲνιοῦσαν.
2706 5426 2988 5483 Ένιεῖσαν.

2206 5496 2282 5566 (5)
2319 5496 2509 5551 Οὐδὲν
2537 5498 2661 5552 τοῦ.
2699 5500 2740 5550 Λ
2772 5498 2813 5550 Β
2846 5498 2997 5551 οὐδὲν
3020 5498 3143 5563 ἔξω.

2203 5569 2277 5635 (4)
2311 5568 2392 5632 Τῴ
2418 5567 2535 5620 τῶν
2558 5585 2654 5622 στ.
2696 5570 2731 5620 li
2755 5569 2842 5621 διά
2873 5568 2991 5637 τῆς.

2205 5638 2281 5710 (5')
2314 5640 2688 5708 Συγκρίματι.
2721 5638 2762 5692 Β
2790 5639 3163 5709 συγκράσεως.
