4046 6350
283 356 348 409 45
1353 353 1440 408 DE
1479 352 1697 409 ΑΝΙΜΑ
1736 353 1824 409 ΕΤ

1961 354 2043 411 SU
2055 353 2461 410 RRECTIONE.
3463 353 3532 407 46

283 467 467 538 ἐπειδὴ
521 467 704 521 λύεται
753 467 813 519 τὸ
859 481 1233 535 συγκειμενον,
1267 464 1564 518 κινδυνεύει
1602 465 1676 537 (6)
1727 483 1850 520 συν-

1957 466 2117 521 simul
2161 466 2379 521 occulta
2425 471 2588 536 atque
2618 462 2877 519 inell‘abili
2907 463 3137 534 quadam
3167 465 3378 520 ratione
3407 479 3530 518 cum

287 558 596 628 διαλυθῆναι
621 557 697 628 τῷ
730 558 970 627 συνθὲτῳ
992 558 1052 609 τὸ
1081 557 1155 627 μὴ
1193 557 1570 625 συγκείμενον.

1963 559 2355 613 elementorum
2386 563 2771 612 concremento
2803 556 3069 610 coaluerit
3119 557 3284 611 etiam
3318 557 3371 610 in
3403 569 3531 625 per-

281 663 496 725 petuum
524 665 842 722 permanere
869 665 993 705 cum
1022 651 1089 704 iis
1118 651 1318 720 quibus
1341 652 1625 707 commista
1657 658 1762 712 est,
1802 665 1978 718 neque
2006 651 2113 704 ullo
2137 650 2296 704 modo
2327 651 2394 704 ab
2419 665 2483 705 ea
2507 651 2797 704 coalitione
2828 659 2989 720 atque
3024 650 3388 713 concretione,
3411 665 3534 721 quze

283 744 444 801 semel
469 743 517 798 ci
547 742 858 813 contigerit,
888 743 1043 797 avelli
1081 751 1290 810 putare,
1315 745 1463 797 nullo
1502 744 1662 797 modo
1688 751 1770 797 est
1799 760 1825 793 a
1857 743 2329 798 verisimilitudine
2353 751 2515 811 atque
2545 743 2926 811 probabilitate
2952 743 3206 797 alienum.
3231 740 3345 795 Non
3383 744 3529 796 enim

279 840 403 908 quia
430 836 663 892 solvitur
684 833 1073 904 compositum,
1103 832 1226 887 inde
1263 834 1424 888 etiam
1466 834 1773 888 necessario
1800 834 2151 902 consequitur
2179 850 2284 886 una
2313 850 2436 888 cum
2467 835 2768 903 composito
2792 833 3016 889 dissolvi
3051 834 3102 886 id
3131 834 3270 902 quod
3309 847 3533 903 compO'

279 930 438 983 situm
477 943 590 982 non
623 933 728 982 est.

349 1034 406 1088 Γ.
427 1037 600 1107 Κάγὼ
620 1038 792 1103 εἷπον,
822 1042 979 1096 Ἀλλὰ
989 1042 1055 1096 τὰ
1070 1042 1169 1112 μὲν
1186 1042 1417 1111 στοιχεῖα
1439 1037 1771 1105 συμπίπτειν
1794 1053 1853 1087 τε

280 1133 410 1203 πρὸς
464 1130 670 1199 ἄλληλα
701 1130 799 1198 (7),
837 1129 929 1180 καὶ
983 1129 1116 1198 πρὸς
1164 1126 1408 1198 ἀλλήλων
1459 1126 1852 1198 διακρίνεσθαι,

281 1224 370 1278 καὶ
413 1221 574 1275 τοῦτο
618 1216 756 1274 εἶναι
802 1219 900 1289 τὴν
944 1217 1037 1270 τοῦ
1088 1217 1338 1288 σώματος
1379 1217 1634 1272 σύστασίν
1676 1235 1734 1270 τε
1763 1219 1857 1270 καὶ

279 1315 534 1378 διάλυσιν,
592 1312 768 1373 οὐδεὶς
823 1309 889 1363 ἂν
936 1309 1199 1363 ἀντείποι.
1245 1309 1463 1380 Ἐπειδὴ
1515 1309 1571 1362 δὲ
1617 1308 1750 1361 πολὺ
1796 1307 1856 1360 τὸ

283 1406 438 1476 μέσον
483 1403 701 1472 ἑκάστῳ
731 1401 807 1471 (8)
846 1403 1042 1453 νοεῖται
1089 1398 1246 1453 τοῦτο
1275 1399 1383 1452 τῶν
1412 1399 1486 1469 (9)
1527 1397 1852 1469 ἑτερογενῶς

276 1497 502 1568 ἐχόντων
534 1495 675 1566 πρὸς
712 1493 934 1563 ἄλληλα,
984 1490 1127 1544 κατὰ
1163 1507 1222 1542 τε
1272 1490 1369 1560 τὴν
1421 1491 1650 1559 τοπικὴν
1683 1489 1851 1553 θέσιν,

276 1588 365 1641 καὶ
386 1587 481 1656 τὴν
501 1585 612 1638 τῶν
644 1583 960 1653 ποιημάτων
983 1581 1092 1652 (10)
1117 1581 1380 1652 διαφοράν
1401 1597 1458 1633 τε
1482 1581 1573 1632 καὶ
1597 1579 1853 1648 ἰδιότητα,

277 1674 793 1746 συνδεδραμηκότων
830 1671 926 1743 μὲν
961 1670 1070 1740 (11)
1103 1669 1350 1740 ἀλλήλοις
1375 1670 1502 1740 περὶ
1547 1668 1606 1721 τὸ
1639 1669 1852 1721 ὑποκεί-

279 1784 433 1839 μενον
459 1766 570 1818 τῶν
601 1764 900 1833 στοιχείων,
924 1763 1020 1832 τὴν
1043 1761 1236 1833 νοερὰν
1262 1764 1465 1831 ταύτην
1483 1760 1578 1813 καὶ
1602 1759 1854 1814 ἀδιάστα-

274 1875 361 1912 τον
388 1857 547 1926 φύσιν
577 1857 648 1927 ἣν
694 1853 964 1924 καλοῦμεν
1000 1854 1111 1923 (12)
1139 1853 1335 1924 ψυχὴν,
1382 1851 1672 1906 ἀκόλουθον
1713 1869 1853 1921 συμ-

277 1950 419 2017 φυῶς
463 1949 603 2018 πρὸς
643 1947 702 1999 τὸ
747 1946 1021 2017 ἡνωμένον
1060 1947 1202 2017 ἔχειν
1229 1963 1242 1975 ·
1273 1946 1321 1998 εί
1360 1945 1415 1997 δὲ
1468 1945 1562 1998 ἀπ’
1609 1945 1852 2015 ἀλλήλων

274 2039 571 2111 διακριθείη
606 2039 803 2104 ταῦτα,
847 2041 1068 2092 κάκεῖσε
1103 2037 1212 2106 (15)
1254 2037 1481 2105 γένοιτο,
1523 2037 1740 2108 ὃπηπερ
1788 2036 1854 2089 ἂν

273 2129 496 2185 ἕκαστον
525 2131 558 2199 ὴ
596 2129 760 2197 φύσις
791 2129 912 2196 ἄγοι
946 2127 1078 2197 (14),
1109 2129 1164 2179 τὶ
1208 2127 1454 2180 πείσεται
1495 2127 1606 2195 (l5)
1637 2129 1668 2196 ή
1708 2125 1852 2196 ψυχὴ

275 2214 509 2285 πολλαχῆ
539 2215 638 2267 τοῦ
663 2215 936 2284 ὀχήματος
964 2215 1100 2285 αὐτῇ
1127 2213 1544 2284 διασπαρέντος·
1561 2214 1746 2284 ὥσπερ
1771 2232 1853 2278 τις

276 2302 470 2374 ναύτης
503 2303 606 2372 τῆς
641 2302 864 2364 ὁλκάδος
906 2304 963 2354 ὲν
991 2301 1233 2370 ναυαγίῳ
1277 2301 1618 2371 διαλυθείσης
1659 2301 1852 2354 ἀδυνα-

277 2389 378 2442 τῶν
409 2391 542 2442 πᾶσι
571 2391 691 2452 τοῖς
717 2389 808 2442 τοῦ
841 2388 1024 2442 πλοίου
1069 2390 1277 2461 μορίοις
1306 2388 1485 2452 ἄλλοις
1520 2391 1725 2460 ἀλλαχῆ
1757 2391 1850 2444 τοῦ

278 2480 539 2548 πελάγους
569 2480 990 2550 ἐσκεδασμένοις
1023 2481 1144 2532 κατ’
1167 2480 1328 2534 αὐτὸν
1351 2480 1462 2549 (16)
1491 2481 1845 2552 ἐπινήξασθαι

278 2571 495 2640 (παντὸς
537 2569 656 2640 (17)
702 2570 811 2640 γὰρ
849 2568 941 2622 τοῦ
989 2570 1370 2640 ὲπιτυχοῦντος
1403 2570 1514 2642 (18)
1560 2570 1853 2640 λαϐόμενος

276 2664 341 2718 τὰ
383 2664 545 2717 λοιπὰ
581 2664 773 2734 φέρειν
811 2664 920 2732 (19)
970 2663 1283 2731 καταλείψει
1323 2665 1435 2723 τοῖς
1476 2661 1725 2732 κύμασι),
1763 2663 1853 2715 τὸν

274 2755 430 2810 αὑτὸν
456 2755 661 2826 τρόπον
685 2757 718 2823 ἡ
740 2753 883 2824 ψυχὴ
913 2754 1024 2824 (20)
1048 2756 1112 2824 τῇ
1144 2753 1412 2822 διακρίσει
1437 2753 1546 2805 τῶν
1576 2753 1852 2822 στοιχείων

279 2846 746 2917 συνδιασχισοῆναι
778 2844 873 2915 τὴν
920 2844 1081 2914 φύσιν
1129 2847 1229 2897 οὐκ
1272 2844 1488 2913 ἔχουσα,
1530 2844 1688 2915 εἴπερ
1726 2845 1852 2897 δυσ-

277 2939 642 3001 απαλλάκτως
672 2937 786 3006 ἔχει
807 2936 897 2988 τοῦ
927 2934 1196 3005 σώματος,
1215 2934 1293 2986 ένί
1319 2951 1422 2986 τινι
1444 2934 1659 2996 πάντως
1680 2951 1821 3003 προσ
1837 2963 1850 2973 ο

277 3032 467 3098 φυεῖσα
501 3029 787 3098 στοιχείων
829 3026 959 3096 (21),
1009 3024 1116 3077 τῶν
1156 3024 1329 3077 ἄλλων
1366 3024 1847 3092 άποσχισθήσεται,

278 3121 366 3174 καὶ
393 3119 544 3173 οὐδὲν
583 3119 785 3189 μᾶλλον
832 3116 1094 3169 ἀθάνατον
1122 3114 1288 3184 αὐτὴν
1323 3114 1410 3166 διὰ
1438 3113 1499 3166 τὸ
1529 3115 1585 3165 ὲν
1615 3113 1691 3165 έν¹ι
1727 3113 1846 3182 ζῇν,

277 3213 309 3282 ἢ
343 3212 560 3282 θνητὴν,
587 3211 680 3263 διὰ
708 3210 768 3262 τὸ
790 3212 844 3261 ὲν
873 3210 983 3270 τοῖς
1009 3207 1216 3259 πλείοσι
1250 3209 1324 3277 μὴ
1356 3201 1514 3271 εἶναι,
1559 3207 1592 3275 ή
1625 3203 1850 3257 ἀκολου-

279 3302 364 3356 θία
399 3303 490 3356 τοῦ
519 3303 682 3370 λόγου
720 3301 932 3353 δίδωσιν
960 3297 1185 3351 οἴεσθαι.

2039 1040 2102 1092 G.
2137 1038 2310 1104 Atque
2335 1052 2432 1107 ego
2460 1057 2472 1092 :
2499 1037 2696 1094 Verum
2721 1039 2986 1095 elementa
3007 1038 3242 1109 quidem,
3281 1037 3527 1108 inquam.

1952 1125 2096 1178 inter
2129 1139 2249 1180 sese
2284 1135 2397 1179 tum
2431 1126 2580 1180 coire
2621 1137 2674 1179 et
2716 1128 3109 1189 eohaerescere,
3147 1135 3258 1181 tum
3296 1129 3528 1183 alterum

1952 1215 2020 1267 ab
2064 1216 2242 1270 altero
2291 1217 2531 1286 separari
2573 1226 2736 1287 atque
2778 1217 3046 1288 disjungi,
3090 1231 3141 1273 ct.
3197 1220 3246 1273 id
3281 1221 3530 1290 corporis

1952 1322 2072 1362 esse
2097 1315 2210 1360 tum
2249 1309 2689 1363 constitutionem
2732 1318 2845 1362 tum
2885 1309 3328 1375 dissolutionem,
3369 1328 3532 1366 nemo

1958 1397 2372 1451 contradixerit.
2433 1397 2700 1464 Quoniam
2763 1408 2942 1456 autem
2996 1403 3224 1455 multum
3268 1403 3532 1458 interesse

1957 1490 2277 1558 intelligitur
2331 1492 2471 1544 inter
2502 1493 2938 1564 unumquodque
2989 1494 3204 1559 borum,
3259 1510 3380 1564 qua:
3416 1505 3528 1548 tum

1960 1579 2258 1632 secundum
2288 1579 2510 1633 localem
2549 1581 2896 1650 positionem,
2935 1591 3046 1635 tum
3074 1585 3398 1653 qualitatum
3426 1584 3530 1637 dif-

1963 1667 2246 1723 ferentiam
2274 1671 2483 1740 pariter
2509 1687 2570 1726 ac
2595 1671 2980 1742 proprietatem
3015 1672 3213 1728 diversi
3245 1675 3387 1728 inter
3409 1691 3530 1729 sese

1960 1758 2178 1826 generis
2215 1769 2364 1821 sunt,
2400 1759 2668 1827 siquidem
2702 1759 2848 1813 circa
2897 1760 3201 1830 subjectum
3231 1763 3368 1815 inter
3411 1779 3529 1817 sese

1961 1851 2341 1904 concurrerint
2378 1852 2668 1914 elementa,
2717 1860 3142 1906 consentaneum
3176 1863 3279 1916 est,
3316 1855 3528 1909 intelle—

1959 1939 2194 1993 ctualem
2245 1940 2386 1994 hanc
2429 1939 2900 2010 dimensionisqne
2947 1952 3219 2012 expertem
3254 1951 3525 2008 naturam,

1961 2042 2122 2096 quam
2163 2029 2398 2080 animam
2449 2043 2728 2094 vocamus,
2784 2031 3056 2084 cohaerere
3094 2041 3252 2100 atque
3298 2033 3529 2101 conjun-

1961 2125 2101 2170 ctam
2151 2133 2275 2172 esse
2321 2133 2444 2171 cum
2491 2135 2576 2184 eo,
2635 2121 2777 2188 quod
2829 2120 2964 2189 (ita)
3014 2121 3222 2175 unitum
3269 2135 3382 2187 CSl;
3443 2123 3526 2175 sin

1962 2217 2141 2262 autem
2178 2209 2291 2264 [nec
2333 2210 2562 2263 alterum
2611 2212 2680 2264 ab
2715 2212 2885 2266 altero
2925 2220 3174 2281 separata
3223 2222 3386 2282 atque
3437 2213 3530 2268 illo

1961 2297 2176 2352 redacta
2232 2298 2453 2361 fuerint,
2499 2315 2824 2370 quocunque
2860 2303 3285 2372 unumquodque
3335 2313 3529 2356 natura

1961 2387 2132 2448 ducit.
2169 2388 2405 2454 patietur
2429 2391 2590 2442 etiam
2626 2391 2824 2453 anima,
2868 2391 2920 2444 in
2957 2392 3155 2446 multas
3189 2399 3370 2461 partes
3407 2407 3530 2461 pas-

1961 2476 2066 2531 sim
2100 2477 2349 2531 vehiculo
2394 2479 2512 2547 ejus
2557 2480 2822 2548 disjecto:
2857 2490 2910 2534 et
2943 2481 3398 2550 quemadmodum
3434 2484 3530 2534 ali-

1959 2567 2083 2638 quis
2128 2579 2326 2632 nauta,
2371 2571 2461 2624 ubi
2515 2571 2800 2642 naufragio
2840 2573 3103 2629 dissoluta
3155 2559 3316 2628 fuerit
3354 2575 3529 2635 navis,

1960 2657 2028 2710 ad
2067 2673 2258 2714 omnes
2293 2660 2412 2728 ejus
2441 2670 2644 2731 partes.
2678 2664 2800 2718 aliis
2841 2664 2894 2716 in
2928 2665 3087 2718 aliam
3122 2666 3290 2735 pelagi
3323 2675 3528 2735 partem

1960 2743 2264 2818 dissipatis,
2294 2751 2481 2805 eodem
2524 2760 2767 2823 tempore
2795 2755 2998 2810 adnare
3029 2772 3136 2810 non
3165 2767 3340 2826 potest
3373 2757 3527 2828 (nam

1959 2838 2004 2892 si
2036 2839 2297 2909 quidquid
2347 2841 2582 2910 primum
2632 2846 2932 2899 occurrerit
2981 2854 3033 2900 et
3075 2848 3291 2901 obviam
3343 2847 3529 2910 fuerit,

1958 2929 2395 2997 apprehendcrit,
2428 2933 2636 3002 reliqua
2673 2933 2928 2991 ﬂuctibus
2966 2937 3095 2991 ferri
3127 2943 3282 3008 plane
3310 2943 3532 3010 permit-

1961 3022 2083 3090 tet),
2137 3021 2326 3077 eodem
2385 3025 2544 3077 modo
2599 3026 2776 3078 aninta
2812 3043 2932 3096 quae
2970 3043 3032 3082 ea
3065 3037 3260 3082 natura
3303 3030 3529 3098 praedita

1961 3128 2067 3166 non
2122 3124 2222 3178 est,
2285 3126 2340 3167 ut
2398 3131 2505 3168 una
2560 3132 2682 3170 cum
2740 3122 3083 3188 separatione
3137 3125 3526 3179 elementorum

1958 3203 2258 3272 scindatur,
2293 3206 2560 3276 siquidem
2585 3223 2612 3258 a
2646 3222 2874 3276 corpore
2910 3211 3126 3266 liberari
3177 3222 3335 3284 atque
3363 3230 3529 3285 expe-

1959 3294 2063 3348 diri
2097 3310 2203 3348 non
2229 3303 2426 3365 potest,
2461 3299 2506 3353 si
2543 3299 2636 3353 uni
2663 3302 2824 3356 alicui
2862 3319 3087 3371 prorsus
3119 3306 3395 3360 inhaeserit
3425 3308 3528 3360 elc-

279 3401 476 3457 mento,
511 3393 582 3447 ab
613 3391 738 3446 aliis
766 3391 1026 3445 avelletur
1066 3399 1118 3441 et
1160 3388 1566 3451 intercludelur,
1602 3395 1656 3441 et
1687 3396 1746 3439 ut
1775 3387 1945 3440 nihilo
1973 3387 2146 3456 magis
2176 3388 2500 3446 immortalis
2529 3406 2649 3460 quae
2678 3393 2728 3446 in
2765 3409 2873 3447 uno
2899 3394 3063 3460 vivat,
3092 3411 3250 3466 quam
3280 3399 3527 3452 mortalis

280 3497 490 3557 putetur
516 3501 643 3557 quae
675 3486 730 3539 in
771 3483 1018 3553 pluribus
1043 3497 1149 3536 non
1189 3483 1280 3546 sit,
1312 3481 1698 3548 consequentia
1731 3482 2001 3536 sermonis
2023 3482 2132 3536 dat.

349 3622 401 3678 Μ
419 3665 434 3680 .
471 3624 617 3678 Ἀλλ’
644 3621 766 3677 οὔτε
790 3618 1152 3686 συστέλλεται,
1176 3616 1357 3688 φησὶν,
1380 3614 1500 3668 οὔτε
1521 3615 1752 3688 διαχῖται
1792 3615 1852 3667 τὸ

281 3708 458 3777 νοητόν
479 3723 541 3758 τε
566 3705 664 3759 κει)⁵
683 3704 1004 3756 ἀδιάστατον
1028 3703 1317 3772 (σωμάτων
1341 3700 1447 3770 γὰρ
1471 3700 1600 3754 ἴδιον
1623 3701 1850 3771 συστολὴ

280 3799 368 3852 καὶ
403 3796 705 3868 διάχυσις),
746 3795 939 3864 ἐπίσης
969 3792 1025 3846 δὲ
1073 3791 1216 3846 κατὰ
1253 3792 1350 3861 τὴν
1394 3792 1531 3844 ίδίαν
1570 3791 1728 3861 φύσιν
1753 3792 1850 3862 τὴν

281 3889 429 3960 ἀειδῆ
468 3891 561 3944 καὶ
602 3888 891 3958 ἀσώματον
920 3889 982 3957 τῇ
1017 3901 1076 3938 τε
1113 3883 1395 3953 συγκρίσει
1433 3883 1538 3935 τῶν
1579 3881 1852 3951 στοιχείων

281 3981 405 4052 περὶ
433 3981 491 4034 τὸ
530 3980 692 4048 σῶμα
733 3980 825 4032 καὶ
866 3980 932 4048 τῇ
978 3974 1245 4045 διακρίσει
1277 3973 1556 4044 πάρεστιν,
1599 3989 1848 4040 συνεσφι-

281 4069 491 4138 τμένων
521 4068 635 4138 (Ξὲ)
664 4069 720 4120 ὲν
752 4065 826 4135 τῷ
860 4063 1190 4136 συγκρίματι
1230 4063 1336 4117 τῶν
1363 4061 1638 4130 στοιχείων
1669 4076 1848 4112 στενο-

280 4161 620 4231 χωρουμένη,
634 4158 754 4211 οὗτε
775 4156 1251 4226 άποφοιτησάντων
1272 4155 1364 4207 ἐπὶ
1377 4152 1448 4206 τὰ
1464 4151 1699 4220 συγγενῆ
1715 4151 1847 4219 (25),

281 4253 372 4304 καὶ
397 4250 536 4305 κατὰ
567 4249 728 4318 φύσιν
750 4249 933 4310 αὐτοῖς
956 4244 1464 4316 ἀπολιμπανομένη,
1493 4242 1596 4295 κᾶν
1623 4241 1758 4294 πολὺ
1789 4239 1849 4292 τὸ

2028 3610 2095 3666 Μ.
2121 3617 2188 3668 At
2207 3629 2400 3684 neque,
2424 3615 2782 3679 contrahitur,
2806 3615 3168 3689 inquitneque
3205 3611 3526 3680 dilfunditnr

1951 3705 2002 3758 id
2039 3705 2180 3774 quod
2213 3716 2265 3760 et
2311 3718 2490 3761 mente
2536 3710 2804 3770 noscitur,
2852 3711 3293 3783 cogitationcquc
3344 3720 3516 3787 perci-

1951 3797 2117 3864 pitur,
2165 3803 2216 3850 et
2249 3797 2634 3865 disjunctionis
2685 3802 3153 3872 separationisquc
3201 3822 3394 3875 expers
3443 3820 3526 3864 est

1952 3886 2273 3955 (corporum
2308 3890 2450 3940 enim
2494 3889 2744 3942 contrahi
2790 3899 2953 3960 atque
2985 3894 3212 3949 dilfundi
3245 3901 3522 3967 proprium

1955 3977 2090 4047 est),
2133 3977 2228 4032 sed
2267 3979 2549 4047 mqualiter
2581 3979 2733 4047 juxta
2774 3981 2856 4035 sui
2894 3991 3162 4047 naturam,
3207 4004 3325 4056 qum
3354 3997 3409 4043 et
3445 3992 3526 4043 in-

1955 4067 2206 4129 visibilis,
2265 4065 2514 4124 informis
2561 4080 2615 4124 et
2649 4071 2966 4141 incorporea
3004 4083 3108 4136 est,
3148 4092 3269 4130 cum
3309 4080 3523 4134 coalitis

1957 4165 2120 4226 atque
2152 4160 2424 4213 concretis
2453 4160 2600 4214 circa
2648 4175 2847 4231 corpus
2873 4164 3179 4230 elementis,
3222 4177 3333 4222 tum
3370 4186 3524 4240 sepa-

1955 4249 2089 4302 ratis
2111 4257 2274 4318 atque
2303 4249 2595 4318 disjunctis
2627 4253 2800 4316 adest,
2837 4269 2900 4309 ac
2921 4272 3097 4326 neque
3124 4262 3437 4317 constrictis
3468 4265 3521 4318 in

285 4341 442 4411 μέσον
473 4337 615 4393 εἶναι
660 4339 805 4392 δοκεῖ
833 4338 893 4390 τὸ
932 4339 1029 4406 τῆς
1067 4336 1380 4407 ἑτερότητος
1412 4334 1524 4405 ((24)
1557 4332 1850 4424 τῶνηστοιῖ

1957 4340 2300 4393 concretione
2345 4341 2627 4396 elementis
2678 4345 2941 4412 premitur
2981 4357 3143 4417 atque
3190 4363 3518 4418 coarctatur,

282 4430 435 4499 χείων
464 4429 916 4500 ὲνθεωρούμενον.
953 4426 1128 4498 Πολλὴ
1150 4428 1259 4497 γὰρ
1281 4427 1315 4495 ἡ
1349 4425 1578 4495 διαφορὰ
1609 4423 1720 4494 (‘25)
1751 4422 1844 4475 τοῦ

283 4519 590 4589 ἀνωφεροῦς
616 4536 675 4572 τε
709 4521 802 4573 καὶ
833 4519 1034 4587 κούφου
1074 4519 1208 4588 πρὸς
1229 4517 1291 4570 τὸ
1338 4517 1473 4588 βαρὺ
1507 4517 1599 4568 καὶ
1626 4516 1843 4583 γεῶδες,

283 4607 372 4660 τοῦ
395 4608 594 4680 θερμοῦ
630 4609 740 4681 (26)
771 4610 907 4680 πρὸς
933 4611 994 4662 τὸ
1021 4609 1246 4679 ψυχρὸν,
1275 4607 1482 4660 καὶτοῦ
1513 4605 1677 4676 ὑγροῦ
1711 4605 1846 4675 πρὸς

284 4699 342 4751 τὺ
371 4700 607 4754 ἐναντίον
629 4717 644 4730 ο
673 4700 786 4752 ἀλλ’
826 4700 973 4771 ὅμως
998 4699 1170 4762 οὐδεὶς
1200 4699 1356 4759 πόνος
1396 4699 1459 4767 τῇ
1502 4697 1662 4768 νοερᾷ
1687 4696 1844 4765 φύσει

354 4905 428 4975 (6)
449 4907 812 4962 Κινδυνεύει.
844 4909 954 4962 Καὶ
976 4909 1110 4962 κινδ.

355 4976 426 5050 (ῃ
456 4978 612 5050 Πρὸς
637 4979 940 5050 exitium
983 4979 1022 5050 is
1045 4980 1137 5031 ἀπ’
1169 4979 1352 5050 ἀλλήλ.

355 5047 430 5114 (8)
463 5047 748 5114 Ἐκάστῳ.
781 5051 823 5100 Α
856 5047 896 5099 Β
922 5049 1169 5102 ἑκάστου.

356 5115 430 5184 (9)
473 5117 650 5170 Τοῦτο
666 5117 803 5170 τῶν.
837 5116 936 5170 ΑΒ
963 5119 1185 5172 τούτων.

499 5185 869 5259 (Ποιημάτων.
903 5189 943 5238 Λ
971 5185 1012 5239 Β
1045 5190 1360 5259 ποιοτήτων.

360 5191 467 5319 (ιθ)
503 5191 869 5253 Ποιημάτων.

357 5254 436 5322 (11
486 5255 612 5308 Mer
637 5257 790 5309 deest
819 5259 882 5308 A.

356 5323 463 5395 (
483 5326 594 5377 Ἦν
619 5327 756 5377 καλ.
848 5325 946 5395 τὴν
989 5325 1109 5378 καλ.

384 5393 467 5460 15)
503 5394 774 5448 Κάκεῐσε.
795 5394 836 5447 Β
857 5393 949 5448 καὶ
970 5397 1164 5450 ὲκεῖσε.

497 5465 676 5532 Ἀγοι.
710 5465 754 5516 Α
778 5465 920 5532 ἄγει,
957 5463 1141 5535 Βᾶγῃ.

360 5531 783 5673 (ίξληεξσεται.
811 5531 856 5586 Α
900 5535 954 5588 in
989 5531 1232 5604 margine
1265 5580 1278 5591 .
1319 5540 1570 5609 ’Δγεται,
1601 5540 1844 5595 πείσεται

360 5639 363 5649 .
393 5671 403 5673 _
431 5618 568 5673 eux
612 5642 626 5656 .

295 5601 439 5672 καὶὴ
463 5601 626 5672 ψυχή.

363 5671 469 5736 (16)
501 5671 635 5725 καῖ’
663 5675 826 5727 αὐτό.
852 5674 890 5725 Α
933 5675 1071 5728 κατὰ
1097 5676 1310 5729 ταύτόν.

363 5739 736 5811 (17)Παντός.
767 5743 810 5798 Α
839 5744 1072 5808 πάντως.

1954 4443 2130 4497 neque
2163 4429 2228 4482 ad
2259 4437 2489 4500 cognata
2521 4431 2735 4502 sibique
2768 4439 3036 4492 naturalia
3071 4443 3327 4503 reversis,
3357 4445 3522 4499 relin-

1952 4519 2156 4587 quitur,
2187 4519 2396 4574 etiamsi
2429 4537 2682 4592 magnum
2710 4526 2840 4581 illud
2875 4529 3166 4586 discrimen
3191 4551 3312 4590 esse
3343 4539 3522 4592 videa-

1951 4617 2058 4674 tur,
2090 4610 2233 4679 quod
2279 4611 2522 4666 cernitur
2558 4621 2611 4668 et
2644 4617 3098 4676 animadvertitur
3134 4627 3186 4679 in
3221 4629 3520 4684 elemento-

1953 4719 2072 4756 rum
2104 4701 2454 4767 diversitate;
2489 4720 2683 4776 magna
2728 4711 2870 4764 enim
2913 4713 3216 4771 differentia
3250 4729 3332 4775 est
3381 4722 3522 4776 inter

2173 4915 2642 4991 ’gi'gztrvzqutoc.
2679 4921 2720 4972 A
2765 4921 2800 4971 Β
2822 4924 3184 4991 ἐπιτυχόντος.

2026 4984 2137 5062 (19)
2165 4984 2400 5062 Φέρειν.
2426 4989 2468 5039 Α
2498 4989 2550 5040 in
2579 4992 2819 5060 margine
2848 4984 3010 5056 ιΤοῖξ
3038 4984 3244 5062 κύμασι
3269 4994 3520 5050 καταλεί-

1951 5051 2040 5120 ψει
2065 5051 2342 5123 φέρεσθαι.

2023 5122 2156 5258 (20).
2174 5124 2236 5176 Ἠ
2262 5126 2450 5194 ψυχή.
2478 5126 2519 5178 Β
2540 5129 2632 5180 καὶ
2663 5130 2695 5198 ἡ
2725 5129 2892 5200 ψυχή.

2047 5192 2109 5246 21
2160 5195 2546 5258 Προσφυεῖσα
2573 5201 2892 5258 στοιχείων.

2047 5192 2546 5270 21).Προσεέιξεῖσα
2573 5192 2903 5267 στοὶλέείῶίθ.
2937 5200 2976 5252 Β
3009 5203 3341 5270 προσφυεῖσα
3375 5222 3517 5258 στοι-

1949 5277 2010 5330 χε
2019 5261 2106 5337 ίῳ.
2118 5261 2166 5337 ςΑ
2183 5261 2400 5337 ⁸στοιχεί
2403 5285 2466 5337 ῳ.

2157 5332 2675 5408 ξυνεάερέγμένων.
2711 5337 2755 5390 Α
2781 5346 2833 5393 et
2864 5337 2903 5390 Β
2937 5340 3271 5408 praemittunt
3301 5341 3442 5397 οὔτε.

2163 5401 2523 5477 Eumer-ﬁl];
2556 5408 2789 5477 συγγενῆ
2816 5427 2893 5460 τε.

2021 5472 2134 5540 (24)
2163 5475 2335 5525 Δοκεῖ
2347 5476 2411 5528 τὸ
2433 5474 2540 5543 τῆς
2562 5472 2923 5546 ἐτὲρότὴτος.
2954 5484 2997 5532 Α
3027 5479 3064 5532 Β
3088 5480 3215 5551 δοκῇ
3240 5483 3302 5552 τῇ
3335 5483 3517 5556 ἑτερό-

1949 5555 2094 5608 τητι.

2022 5611 2135 5680 (25)
2161 5612 2239 5693 "II
2259 5614 2530 5684 διαφορά.
2553 5616 2674 5670 Ain
2709 5626 2855 5671 textu
2883 5618 3148 5688 ἀναφορὰ,
3183 5620 3236 5674 in
3279 5623 3515 5693 margine

1949 5681 2200 5750 διαφορά.

2023 5751 2131 5821 (26)
2163 5753 2274 5808 Τοῦ
2313 5756 2546 5824 θερμοῦ.
2586 5757 2623 5810 Β
2651 5759 2742 5810 καὶ
2769 5759 2861 5811 τοῦ
2886 5759 3106 5830 Θερμοῦ.
