4046 6350
445 319 519 376 l7

1653 317 1711 372 S.
1744 313 2077 374 GREGOKII
2113 314 2403 375 NYSSENI

3628 312 3699 367 48

449 432 501 487 id
534 429 678 503 quod
707 446 833 487 cum
868 431 982 488 leve
1007 431 1100 499 sit,
1129 445 1350 487 sursum
1383 431 1575 503 fertur,
1628 443 1682 490 et
1718 450 1882 506 grave
1911 442 2020 495 ter-

2124 436 2338 506 ἑκάστῳ
2366 436 2640 507 παρεῖναι.
2672 428 2752 498 οἷς
2775 433 2920 499 ἅπαξ
2946 430 3165 503 ἐνεφύη,
3191 428 3276 484 διὰ
3306 426 3553 500 κράσεως
3583 427 3693 498 (27)

446 538 710 593 reumque
734 542 746 577 :
770 523 896 581 item
925 524 1065 579 inter
1092 523 1326 585 calidum
1343 536 1396 581 et
1414 525 1692 597 frigidum,
1709 528 2019 583 humidum-

447 627 553 681 que
593 613 724 669 etei
765 615 1124 677 contrarium,
1154 623 1389 669 attamen
1422 617 1573 673 nullo
1615 620 1833 689 negotio
1860 603 2021 677 intel-

449 702 699 759 lectualis
730 712 946 769 natura,
987 720 1160 776 caque
1198 721 1318 776 quae
1352 716 1533 765 mente
1562 708 1681 763 sola
1720 717 1937 765 constat
1967 717 2022 765 et

447 794 774 865 cogitatione
797 795 1117 865 percipitur,
1147 796 1302 853 adest
1338 798 1635 869 unicuique
1663 814 1876 867 corium,
1906 801 2023 872 qui.

336 875 353 889 “
449 885 549 941 bus
575 888 740 941 semel
784 887 1087 951 inhaeserit,
1135 903 1234 943 nec
1267 903 1365 958 per
1409 888 1762 956 refusionem,
1801 890 2020 948 discus-

447 977 657 1032 sionem
715 992 779 1033 ac
834 978 1246 1037 distractionem
1307 994 1415 1033 una
1462 995 1586 1034 cum
1633 982 2023 1039 contrarietate

447 1068 717 1123 scinditur
745 1069 1160 1125 elementorum.
1184 1069 1301 1126 Non
1329 1072 1473 1127 enim
1504 1073 1633 1143 quia
1662 1072 2024 1144 dispositione

448 1160 548 1214 loci
584 1169 843 1232 certaque
868 1163 1098 1232 quadam
1131 1163 1481 1232 proprietate,
1515 1165 1703 1235 procul
1732 1164 1851 1220 haec
1881 1165 2025 1223 inter

445 1267 563 1307 Sese
605 1253 808 1308 distare
863 1254 1289 1319 existimantur,
1353 1254 1558 1310 idcirco
1614 1255 2021 1327 inseparabilis,

444 1343 942 1416 disjunctionisque
971 1361 1034 1399 ac
1065 1347 1226 1417 spatii
1254 1362 1450 1416 expers
1483 1356 1677 1409 natura
1706 1362 1903 1418 magno
1931 1365 2023 1404 nc-

445 1436 590 1503 gotio
638 1450 701 1490 ac
738 1435 1026 1490 difficulter
1068 1438 1419 1511 coniungitur
1469 1454 1593 1493 cum
1646 1440 1713 1495 iis
1739 1456 1860 1509 qua:
1903 1440 2022 1493 loco

443 1526 667 1590 distant,
709 1528 966 1595 quoniam
994 1528 1158 1583 etiam
1187 1545 1331 1587 nunc
1364 1545 1515 1585 mens
1549 1530 1712 1584 simul
1736 1539 1790 1587 et
1818 1531 2019 1587 coelum

442 1620 824 1689 contemplari,
864 1628 920 1676 et
949 1620 1018 1673 ad
1055 1622 1320 1678 terminos
1357 1623 1544 1678 mundi
1575 1623 1795 1683 curiosa
1837 1625 2021 1695 inqui-

443 1706 642 1762 sitione
670 1710 889 1763 eitendi
936 1717 1156 1780 potest;
1196 1726 1263 1766 ac
1309 1726 1419 1767 non
1452 1712 1730 1769 divellitur
1772 1722 2020 1770 contem-

2126 527 2201 597 μὴ
2236 524 2717 596 συνδιασχιζομένη
2764 526 2829 594 τῇ
2872 524 2979 577 τῶν
3022 520 3298 593 στοιχείων
3345 519 3694 591 ὲναντιότητι.

2122 619 2197 671 Οὐ
2226 617 2336 689 γάρ
2361 616 2549 688 ἐπειδὴ
2565 616 2711 673 κατὰ
2743 615 2839 687 τὴν
2874 612 3104 684 τοπικὴν
3145 612 3444 671 διάστασιν.
3481 610 3576 664 καὶ
3600 609 3698 680 τὴν

2123 709 2284 762 ποίαν
2324 707 2437 778 (28)
2473 707 2728 778 ἰδιότητα,
2776 704 3058 778 πόρρωθεν
3087 702 3331 774 ἀλλήλων
3377 701 3554 757 ταῦτα
3586 702 3698 772 (9.9)

2121 799 2422 871 νομίζεται,
2445 799 2533 853 διὰ
2564 799 2720 852 τοῦτο
2754 799 2949 867 κάμνει
2983 798 3019 871 ἡ
3057 794 3377 857 ἀδιάστατος
3401 791 3561 860 φύσις
3588 795 3701 855 τοῖς

2121 883 2362 953 τοπικῶς
2383 889 2687 960 δωστηκόσι
2713 887 3116 956 συναπτομένη.
3145 885 3264 937 ἐπεὶ
3286 883 3381 945 καὶ
3400 882 3496 937 νῦν
3526 881 3700 947 ἔξεστι

2122 980 2186 1050 τῇ
2218 978 2422 1049 διανοίᾳ
2454 977 2588 1049 ὁμοῦ
2635 995 2692 1030 τε
2721 977 2811 1030 τὸν
2843 975 3071 1046 οὒρανὸν
3100 974 3351 1045 θεωρεῖν,
3380 972 3474 1029 καὶ
3512 971 3604 1027 ἐπὶ
3630 971 3701 1022 τὰ

2123 1070 2337 1142 πέρατα
2360 1070 2452 1123 τοῦ
2489 1071 2693 1140 κόσμου
2722 1071 2841 1134 ταῖς
2875 1064 3424 1138 πολυπραγμοσύναις
3460 1062 3699 1116 ἐκτείνε-

2124 1160 2247 1215 σθαι
2271 1176 2285 1190 ⁸
2315 1163 2409 1215 καὶ
2436 1162 2495 1214 ού
2535 1161 2827 1214 διασπᾶται
2857 1159 2992 1231 πρὸς
3019 1156 3257 1211 τοσαῦτα
3298 1157 3445 1227 μήκη
3483 1155 3543 1207 τὺ
3565 1153 3701 1205 θεω-

2127 1253 2348 1323 ρητικδν
2382 1255 2480 1323 τῆς
2510 1252 2688 1323 ψυχῆς
2723 1251 2877 1323 ήμῶν
2903 1249 3315 1320 διατεινόμενον.
3335 1245 3542 1301 Οὐκοῦν
3571 1245 3694 1298 οὐδέ

2123 1346 2180 1398 ὲν
2209 1345 2460 1417 ἐμπόδιόν
2512 1347 2628 1401 ἐστι
2656 1348 2722 1416 τῇ
2749 1345 2893 1414 ψυχῇ
2923 1342 3065 1399 κατὰ
3091 1340 3152 1394 τὸ
3180 1337 3295 1393 ἴσον
3313 1342 3566 1411 παρεῖναι
3586 1340 3704 1401 τοῖς

2122 1437 2217 1492 τοῦ
2247 1437 2496 1508 σώματος
2529 1438 2835 1505 στοιχείοις,
2865 1435 2958 1489 καὶ
3000 1432 3464 1503 συγκεκραμένοις
3490 1430 3577 1484 διά
3596 1429 3699 1498 τῆς

2124 1528 2447 1599 συνδρομῆς,
2496 1526 2591 1581 καὶ
2618 1525 3005 1596 ἀπολυομένοις
3049 1523 3138 1577 διὰ
3181 1521 3291 1594 (ὅθ)
3331 1520 3428 1591 τῆς
3458 1516 3698 1587 ἀνακράο

2123 1636 2281 1683 σεως.
2325 1617 2590 1690 Καθάπερ
2618 1618 2726 1689 γὰρ
2749 1615 2950 1688 χρυσοῦ
2986 1615 3080 1669 καὶ
3108 1611 3348 1685 ἀργύρου
3379 1607 3699 1678 συντετηκό-

2122 1729 2230 1765 των
2279 1710 2623 1782 ἐνθεωρεῖταί
2670 1726 2753 1773 τις
2788 1707 3010 1779 τεχνικὴ
3059 1705 3286 1777 δύναμις
3334 1705 3366 1774 ἡ
3415 1702 3513 1765 τὰς
3566 1699 3697 1763 ὔλας

441 1800 641 1868 plativa
687 1800 884 1855 animae
916 1811 1117 1856 nostra:
1140 1817 1289 1873 pars,
1320 1803 1449 1859 dum
1495 1804 1560 1860 ad
1595 1812 1777 1862 tantas
1805 1805 2017 1861 disten-

2125 1801 2460 1877 συντήξασα·
2496 1800 2590 1852 καὶ
2634 1799 2681 1851 εἱ
2724 1797 2886 1851 πάλιν
2935 1793 3233 1863 ἀποτακείη
3271 1790 3363 1844 τοῦ
3411 1789 3597 1860 ἐτέρου
3639 1785 3700 1838 τὸ

442 1889 594 1945 ditur
646 1891 1031 1962 longitudines.
1085 1891 1225 1965 Ergo
1278 1894 1411 1949 nihil
1473 1895 1701 1966 impedit
1753 1897 2017 1966 animam,

442 1978 576 2046 quin
611 1980 892 2049 aequaliter
939 1982 1188 2052 corporis
1222 1983 1365 2041 adsit
1412 1984 1717 2048 elementis,
1759 1993 1874 2043 tum
1921 2002 2019 2057 per

443 2083 771 2125 concursum
811 2072 1252 2145 contemperatis,
1288 2080 1402 2126 tum
1453 2089 1550 2143 per
1589 2075 2013 2143 disrussionem,

442 2158 877 2225 distractionem,
898 2172 1059 2233 atque
1077 2164 1494 2234 disjunctioncm
1516 2167 1794 2223 resolutis.
1821 2168 2020 2233 Quem-

443 2248 735 2304 admodum
809 2252 954 2306 enim
1010 2267 1145 2308 auro
1196 2261 1251 2308 ct
1318 2262 1543 2325 argento
1603 2257 2024 2327 colliquel’actis,

445 2342 739 2396 artiﬁciosa
775 2345 856 2400 vis
882 2344 1129 2414 quaedam
1158 2345 1422 2411 cernitur,
1454 2362 1575 2417 quae
1610 2351 1872 2407 materias
1926 2366 2022 2406 eas

444 2434 792 2500 conﬂavcrit;
829 2442 951 2492 etsi
984 2453 1178 2495 rursus
1202 2455 1298 2510 per
1328 2439 1768 2510 liquefactionem
1791 2442 2022 2501 alterum

444 2527 514 2582 ab
537 2527 710 2583 altero
741 2538 1056 2599 separatum
1086 2529 1275 2593 fuerit,
1308 2531 1669 2587 nihilominus
1725 2534 1864 2588 ratio
1890 2536 2025 2592 artis

446 2619 500 2672 in
536 2628 767 2689 utroque
798 2628 1014 2684 manet;
1046 2634 1109 2673 ac
1135 2622 1359 2674 materia
1379 2623 1594 2691 quidem
1629 2622 1804 2683 divisa
1835 2623 2018 2689 fuerit,

444 2724 536 2765 ars
561 2719 741 2766 autem
795 2726 903 2766 una
930 2727 1056 2766 cum
1092 2712 1319 2766 materia
1354 2727 1460 2767 non
1503 2713 1851 2781 dissecatur;
1886 2731 2022 2784 quo-

443 2812 572 2854 nam
601 2800 745 2855 enim
772 2801 932 2856 modo
970 2799 1138 2857 dividi
1171 2802 1368 2870 poterit
1409 2801 1800 2857 individuum?
1831 2804 2020 2859 eadem

442 2890 654 2943 ratione
688 2905 751 2945 ea
791 2906 912 2960 qua:
970 2898 1151 2946 mente
1192 2900 1411 2945 constat
1435 2931 1451 2955 ,
1500 2900 1665 2961 atque
1701 2894 2030 2966 cogitatione

2122 1895 2329 1964 ἓτερον,
2352 1892 2503 1945 οὐδὲν
2525 1891 2743 1944 ἔλαττον
2771 1891 2799 1943 ὁ
2821 1891 2918 1959 τῆς
2959 1888 3153 1958 τέχνης
3173 1885 3330 1945 λόγος
3366 1883 3424 1934 ὲν
3454 1877 3700 1948 ἐκατέρῳ

2126 1986 2310 2056 μένει·
2343 1985 2438 2038 καὶ
2461 1986 2495 2054 ἡ
2531 1983 2629 2054 μὲν
2656 1981 2756 2052 ὓλη
2784 1979 3122 2051 διεμερίσθη,
3180 1975 3215 2042 ἡ
3239 1968 3293 2024 δὲ
3319 1968 3478 2041 τέχνη
3501 1964 3561 2017 ού
3591 1981 3702 2020 συν-

2121 2075 2387 2147 διετμήθη
2411 2077 2477 2146 τῇ
2503 2074 2631 2146 ὕλῃ·
2664 2074 2780 2138 πῶς
2805 2072 2913 2142 γὰρ
2938 2070 3004 2124 ἂν
3029 2064 3325 2138 διαιρεθείη
3345 2063 3405 2115 τὺ
3429 2063 3698 2134 ἄτμητον;

2126 2168 2264 2227 κατὰ
2293 2168 2382 2223 τὸν
2411 2168 2569 2227 αὐτὸν
2597 2167 2752 2234 λόγον
2795 2164 2890 2218 καὶ
2916 2165 2948 2234 ἡ
2989 2160 3147 2232 νοερὰ
3169 2157 3265 2227 τῆς
3293 2154 3469 2226 ψυχῆς
3505 2151 3701 2221 φύσις,

2125 2260 2218 2317 καὶ
2251 2263 2320 2332 τῇ
2354 2258 2625 2330 συνδρομῇ
2650 2257 2757 2312 τῶν
2785 2253 3062 2326 στοιχείων
3089 2250 3450 2319 ὲνθεωρεῖται,
3477 2244 3572 2297 καὶ
3592 2242 3705 2299 δια-

2124 2351 2393 2407 λυθέντων
2426 2350 2538 2423 (51)
2565 2350 2668 2403 οὐκ
2697 2346 3074 2416 ἀποκρίνεται,
3109 2339 3244 2396 ἀλλὰ
3284 2338 3381 2392 καὶ
3421 2338 3479 2388 ὲν
3520 2332 3704 2393 αὐτοῖς

2129 2443 2286 2514 μένει
2323 2443 2417 2495 κα)⁸
2446 2442 2507 2494 ὲν
2524 2439 2603 2512 τῷ
2631 2436 2893 2511 χωρισμῷ
2917 2434 3095 2493 αὐτῶν
3124 2425 3705 2502 συμπαρεκτεινομένη

2125 2535 2191 2587 οὐ
2212 2533 2580 2591 διακόπτεται,
2618 2530 2737 2585 οὐδὲ
2771 2530 2906 2600 πρὸς
2927 2527 3016 2581 τὸν
3034 2524 3265 2598 ἀριθμὸν
3288 2521 3395 2579 τῶν
3421 2517 3704 2589 στοιχείων

2126 2625 2207 2688 είς
2266 2624 2466 2697 μερικὰ
2507 2622 2621 2697 (52)
2664 2622 2929 2692 τμήματα
2987 2612 3518 2687 κατακερματίζεται
3563 2608 3703 2680 (3'5).

2129 2715 2300 2777 Τοῦτο
2342 2715 2450 2786 γὰρ
2485 2714 2613 2769 ἴδιον
2639 2713 2738 2784 τῆς
2782 2712 3096 2783 σωματικῆς
3138 2708 3230 2762 καὶ
3271 2697 3706 2774 διαστηματικῆς

2133 2807 2250 2869 ὲτστι
2297 2804 2543 2874 φύσεωςο
2578 2807 2612 2876 ἡ
2653 2804 2710 2859 δὲ
2744 2804 2906 2876 νοερά
2932 2820 2993 2859 τε
3040 2802 3136 2855 καὶ
3169 2799 3486 2857 ἀδιάστατος
3541 2790 3706 2861 φύσις

2134 2895 2205 2950 τὰ
2234 2897 2300 2950 ὲκ
2321 2896 2651 2962 διαστάσεως
2686 2896 2787 2950 οὐχ
2810 2894 3124 2965 ἀναδέχεται
3160 2891 3327 2959 πάθη.

445 2978 764 3050 percipitur,
792 2979 988 3032 anima;
1016 2985 1233 3043 natura,
1269 2987 1323 3032 ct
1374 2980 1428 3031 in
1474 2995 1747 3041 concursu
1780 2983 2172 3040 elementorum
2220 2987 2485 3051 cernitur,
2532 2996 2591 3042 et
2647 2987 2905 3051 resolutis
2950 2986 3056 3051 iis,
3099 3001 3206 3039 non
3256 2981 3559 3039 sect-ruitur
3603 2993 3707 3031 nec

443 3080 797 3141 segregatur;
838 3067 932 3125 sed
971 3078 1025 3124 et
1053 3077 1234 3123 manet
1270 3069 1322 3122 in
1366 3068 1454 3133 iis,
1489 3077 1543 3125 et
1582 3086 1690 3127 una
1724 3088 1848 3129 cum
1882 3077 2227 3144 separatione
2260 3092 2452 3133 eorum
2493 3085 2719 3140 extensa
2769 3094 2883 3140 non
2948 3076 3315 3140 interciditur,
3373 3088 3473 3132 nec
3534 3071 3705 3125 inter-

442 3162 731 3233 rumpitur,
777 3175 951 3231 neque
1003 3175 1102 3230 pro
1158 3176 1384 3220 numero
1420 3163 1812 3223 elementorum
1850 3166 1904 3220 in
1939 3175 2122 3235 partes
2187 3179 2246 3229 et,
2302 3170 2473 3227 frusta
2504 3171 2811 3232 conciditur
2853 3191 2871 3231 ι
2907 3172 2958 3227 id
2997 3171 3138 3225 enim
3179 3184 3454 3240 corporeae
3500 3167 3708 3238 pariter

443 3259 498 3307 et
521 3251 885 3307 intervallaris
923 3258 1133 3305 natura:
1186 3253 1463 3322 proprium
1499 3260 1583 3308 est

1631 3271 1643 3307 :
1689 3260 1746 3307 at
1786 3253 2103 3326 incorporea
2143 3257 2635 3331 intellectualisque
2660 3269 2714 3316 et
2761 3260 3053 3319 invisibilis
3100 3262 3324 3333 pariter,
3348 3269 3523 3335 atque
3560 3257 3703 3310 divi-

446 3347 618 3402 siouis
665 3344 1132 3413 dimensionisquc
1171 3360 1366 3414 expers
1406 3354 1602 3405 natura
1648 3347 1935 3423 passiones
1964 3358 2017 3406 et
2056 3367 2218 3408 casus
2243 3368 2308 3408 ex
2329 3355 2589 3412 distantia
2635 3363 2798 3427 atque
2846 3356 3135 3412 intervallo
3170 3355 3549 3430 contingentes
3588 3369 3701 3407 non

446 3439 663 3509 recipit,
694 3453 872 3507 neque
900 3437 1157 3494 admittit.

515 3555 659 3626 Ergo
686 3552 865 3606 anima
903 3558 988 3607 est
1020 3552 1073 3605 in
1108 3550 1175 3604 iis
1201 3551 1256 3604 in
1286 3552 1488 3621 quibus
1518 3555 1684 3608 semel
1714 3552 1835 3618 fuit,
1868 3555 2017 3609 nulla

2194 3555 2400 3609 Οὐκοῦν
2428 3571 2572 3610 εστιν
2616 3558 2673 3608 ἐν
2702 3557 2883 3620 αὐτοῖς
2912 3558 2946 3623 ἡ
2979 3556 3145 3629 ψυχὴ,
3181 3557 3238 3609 ὲν
3281 3553 3363 3616 οἷς
3392 3555 3538 3623 ἅπαξ
3576 3556 3699 3625 ἐγέ-

448 3646 772 3703 necessitate
817 3657 936 3697 eam
982 3658 1011 3695 a
1037 3642 1392 3705 cohzcrentia,
1421 3659 1524 3713 qua
1563 3659 1687 3699 cum
1740 3646 1850 3703 illis
1890 3662 2023 3702 con-

449 3738 634 3808 juncta
675 3743 760 3789 est
801 3744 963 3802 atque
1006 3732 1305 3794 concrevit,
1342 3733 1630 3788 avellente.
1664 3732 1806 3801 Quid
1854 3735 2022 3805 igitur

450 3828 506 3882 in
543 3827 626 3882 his
654 3826 833 3888 triste,
879 3823 1136 3877 acerbum
1170 3830 1333 3895 atque
1360 3823 1527 3879 animi
1568 3825 1899 3881 demissiune
1935 3827 2023 3881 di-

449 3933 614 3989 gnum
639 3925 744 3978 est,
787 3917 831 3969 si
870 3915 923 3969 id
957 3914 1101 3984 quod
1139 3914 1375 3979 videtur,
1412 3930 1534 3969 cum
1573 3916 1832 3973 invisibili
1871 3932 2023 3975 com-

450 4008 732 4064 mutatur?
769 4006 831 4060 Et
857 4005 1016 4075 cujus
1059 4005 1137 4060 rei
1165 4006 1339 4077 gratia
1381 4006 1516 4061 adeo
1541 4022 1697 4063 mens
1736 4016 1829 4061 tua
1861 4008 2021 4061 morti

448 4099 661 4155 infensa
691 4097 797 4148 est?
819 4125 875 4134 --
894 4092 960 4148 (ἓ.
987 4097 1096 4167 Ego
1118 4111 1266 4162 vero,
1293 4093 1382 4151 ubi
1403 4091 1769 4150 deﬁnitionem
1803 4097 2017 4161 anim,

448 4206 607 4263 quam
659 4192 712 4243 in
758 4189 1026 4257 superiori
1072 4202 1323 4247 sermone
1367 4186 1588 4248 iecerat,
1624 4188 1809 4247 animo
1844 4188 2022 4241 revol-

446 4283 645 4337 vissem
670 4290 833 4350 atque
865 4278 1265 4348 repetivissem,
1290 4277 1400 4332 dixi
1430 4292 1535 4332 non
1570 4277 1707 4332 satis
1737 4277 1867 4335 milii
1898 4293 2022 4330 con-

449 4372 711 4429 sideranti
741 4380 906 4440 atque
940 4369 1123 4423 animo
1149 4366 1422 4439 reputanti
1460 4368 1734 4438 potentias
1764 4377 1819 4425 et
1852 4368 2016 4433 vires,

448 4480 569 4536 quae
608 4465 660 4518 in
692 4465 874 4518 anima
894 4470 1217 4526 cernuntur,
1256 4462 1403 4519 illam
1433 4462 1736 4517 orationem
1762 4478 1884 4519 esse
1920 4462 2018 4518 de-

448 4566 801 4611 monstratam
827 4573 839 4607 :
871 4569 990 4623 qua:
1015 4552 1145 4606 dicit
1169 4567 1287 4607 eam
1322 4553 1741 4607 intellectualem
1772 4568 1895 4608 esse
1923 4568 2021 4606 na~

447 4655 649 4711 turam,
683 4652 736 4700 et
763 4646 818 4699 in
852 4643 1303 4699 instrumentario
1329 4657 1560 4713 corpore
1582 4643 1802 4698 vitalem
1823 4645 1930 4701 vim
1951 4642 2016 4697 ad
2045 4719 2048 4722 γ

447 4751 709 4792 sensuum
734 4733 1078 4789 eiiicieutiam
1104 4740 1267 4803 atque
1288 4733 1648 4804 adjectionem
1680 4733 2016 4804 ingenerare.

445 4825 580 4882 Nam
613 4841 722 4880 non
767 4827 945 4881 solum
981 4825 1124 4880 circa
1166 4838 1285 4878 eam
1325 4825 1520 4879 mentis
1541 4833 1740 4879 nostra:
1766 4825 2020 4895 agitatio-

445 4932 592 4981 nem,
634 4931 742 4990 qua
774 4916 1038 4972 scientias
1060 4916 1389 4987 percipimus
1421 4930 1485 4970 ac
1518 4916 1884 4986 speculamur,
1911 4915 2018 4970 eiii-

444 5021 544 5061 cax
593 5015 647 5061 et
696 5015 923 5061 actuosa
969 5006 1154 5060 anima
1204 5015 1390 5061 nostra
1441 5013 1543 5069 est,
1593 5020 1692 5072 per
1733 5022 1851 5064 eam
1900 5022 2020 5075 quae

446 5103 626 5151 mente
654 5104 871 5153 constat
890 5104 946 5153 et
977 5096 1334 5168 intelligentia
1375 5111 1488 5152 sua:
1514 5103 1721 5150 natura
1745 5095 1852 5157 vim
1885 5096 2015 5155 talia

517 5292 629 5363 (Ξῖ)
659 5294 761 5347 Διὰ
788 5294 1074 5363 κράσεως,
1103 5295 1148 5347 A
1172 5291 1294 5346 Βδι’
1319 5292 1695 5363 ἀνακράσεως.

515 5361 629 5429 (28)
656 5364 861 5418 Ποίαν.
888 5363 928 5415 Β
945 5362 1128 5416 Ποιάν.

519 5432 628 5502 (29)
660 5433 849 5486 Ταῦτα
876 5432 1028 5502 deest
1054 5431 1114 5488 B.

515 5499 628 5571 (ὅθ)
667 5500 1123 5572 Ἀπολνυομένοις
1155 5499 1270 5555 διά.
1304 5500 1345 5554 Β
1370 5501 1523 5555 ἀπολ.
1572 5500 1620 5555 δ.
1660 5500 1762 5571 τῆς
1798 5499 2017 5572 συνδρο-

449 5572 563 5643 μῆςν
580 5572 673 5643 καὶ
704 5570 1100 5643 ἀπολλυμένης.

516 5639 626 5709 (Si)
649 5639 1069 5710 Διαλυθέντων.
1109 5640 1152 5692 Α
1182 5640 1243 5710 in
1268 5641 1511 5710 margine
1532 5683 1547 5709 ,
1587 5640 1974 5696 ἁναλυθέντων.

512 5710 627 5781 (52)
658 5709 898 5776 Μερικὰ.
920 5710 1126 5785 Β-μέρη
1156 5708 1266 5762 καί.

2122 3662 2262 3709 νετο,
2293 3645 2547 3717 οὐδεμιᾶς
2595 3648 2837 3721 ἀνάγκης
2881 3649 2979 3716 τῆς
3025 3647 3160 3717 πρὸς
3204 3648 3387 3702 ὲκεῖνα
3419 3649 3700 3723 συμφυΐας

2122 3736 2290 3808 αὐτὴν
2318 3736 2670 3809 ἀποσπὼσης.
2708 3739 2772 3790 Τί
2806 3733 2899 3791 οὖν
2932 3737 2993 3791 τὸ
3024 3737 3344 3811 σκυθρωπὸν
3385 3741 3443 3793 ὲν
3484 3740 3697 3805 τούτοις

2122 3827 2289 3889 ἐστὶν,
2320 3828 2484 3881 εἰτοῦ
2513 3828 2792 3900 ὁρωμένου
2824 3829 2884 3883 τὸ
2915 3828 3089 3893 ἀειδὲς
3115 3830 3574 3898 ἀνταλλάσσεται;
3602 3832 3698 3886 καὶ

2123 3916 2262 3986 ὑπὲρ
2294 3917 2437 3980 τίνος
2460 3916 2602 3971 οὕτω
2625 3918 2971 3989 διαϐέϐληταί
3000 3937 3082 3973 σοι
3119 3920 3252 3991 πρὸς
3279 3920 3370 3975 τὸν
3408 3920 3636 3977 θάνατον
3661 3923 3697 3993 ἠ

2121 4006 2327 4061 διάνοια
2337 4005 2496 4074 ;-Γ.
2518 4003 2660 4075 Ἐγὼ
2671 4003 2745 4069 δὲ,
2761 4002 3042 4059 ἀναλαϐὼν
3059 4006 3111 4077 (‘5
3121 4007 3167 4080 ί)
3178 4008 3243 4080 τῇ
3258 4006 3464 4078 διανοίᾳ
3478 4008 3566 4062 τὸν
3583 4011 3699 4081 ὁρι-

2124 4096 2278 4165 σμὸν,
2309 4095 2369 4149 δν
2400 4096 2460 4148 ὲν
2485 4097 2596 4159 τοῖς
2621 4095 2729 4166 πρὸ
2756 4095 2944 4154 τούτου
2973 4097 3153 4166 λόγοις
3193 4099 3320 4169 περὶ
3341 4098 3519 4173 ψυχῆς
3543 4099 3697 4152 ἑποι-

2122 4187 2309 4254 ήσατο,
2339 4187 2436 4257 οὐχ
2472 4185 2669 4251 ἱκανῶς
2708 4181 2861 4241 εἷπον
2892 4188 3212 4260 ἐνδεδεῖχθαι
3271 4206 3360 4260 μοι
3405 4189 3495 4243 τὸν
3540 4190 3699 4258 λόγον

2121 4280 2325 4331 ἐκεῖνον
2357 4277 2455 4341 τὰς
2486 4277 2931 4350 ὲνθεωρουμένας
2958 4282 3027 4351 τῇ
3057 4279 3204 4351 ψυχῇ
3250 4279 3506 4351 δυνάμεις
3541 4280 3652 4351 (⁵5)
3676 4292 3695 4309 ⁸

2119 4368 2178 4434 ὃς
2210 4385 2342 4438 φησι
2368 4369 2559 4439 νοεράν
2586 4369 2754 4440 αὐτὴν
2782 4365 2923 4425 εἶναι
2960 4370 3168 4434 οὐσίαν,
3194 4371 3289 4425 καὶ¹
3316 4371 3393 4443 τῷ
3422 4371 3700 4443 ὀργανικῷ

2122 4460 2333 4531 σώματι
2380 4459 2616 4532 ζωτικὴν
2658 4459 2884 4532 δύναμιν
2925 4461 3060 4531 πρὸς
3100 4462 3200 4533 τὴν
3235 4462 3343 4516 τῶν
3394 4462 3700 4534 αἰσθήσεων

2120 4549 2398 4621 ἐνέργειαν
2424 4552 2668 4619 ἐμποιεῖν
2691 4565 2705 4578 θ
2735 4550 2794 4602 οὺ
2819 4550 2927 4621 γὰρ
2950 4550 3109 4621 μόνον
3125 4550 3253 4625 περ).
3275 4550 3374 4623 τὴν
3398 4553 3699 4622 ἐπιστημο-

2120 4641 2274 4712 νικήν
2293 4658 2351 4693 τε
2382 4642 2475 4694 καὶ
2503 4641 2839 4712 θεωρητικὴν
2859 4641 3096 4696 διάνοιαν
3127 4642 3347 4714 ἐνεργός
3371 4645 3516 4696 ἐστιν
3535 4642 3697 4714 ἡμῶν

2120 4731 2153 4800 ἡ
2183 4730 2350 4802 ψυχὴ,
2383 4732 2441 4783 ὲν
2467 4729 2546 4802 τῷ
2565 4730 2735 4802 νοερῷ
2764 4732 2863 4802 τῆς
2884 4732 3073 4796 οὐσίας
3105 4733 3164 4786 τὸ
3196 4734 3434 4788 τοιοῦτον
3470 4733 3700 4805 ἐργαζο-

2126 4819 2283 4890 μένη,
2313 4819 2433 4872 οὐδὲ
2460 4818 2528 4872 τὰ
2557 4820 2885 4892 αἰσθητήρια
2922 4823 3057 4892 μόνα
3086 4823 3221 4892 πρὸς
3248 4823 3347 4892 τὴν
3370 4824 3511 4877 κατά
3536 4825 3699 4893 φύσιν

2123 4909 2403 4981 ἐνέργειαν
2431 4910 2729 4982 οἰκονομεῖ·
2759 4911 2895 4966 ἀλλὰ
2926 4912 3093 4985 πολλὴ
3125 4913 3223 4984 μὲν
3255 4916 3288 4986 ἡ
3330 4915 3473 4969 κατά
3511 4916 3698 4975 ἐπιθυ-

2129 4998 2256 5070 μίαν
2283 4998 2418 5070 (56),
2454 4999 2620 5070 πολλὴ
2658 5000 2715 5054 δὲ
2765 5004 2858 5056 καὶ
2893 5004 2925 5073 ἠ
2966 5002 3108 5056 κατά
3158 5003 3327 5075 θυμὸν
3359 5005 3570 5077 κίνησις
3612 5011 3701 5061 ἐν.

2122 5090 2403 5162 θεωρεῖται
2433 5094 2500 5163 τῇ
2546 5092 2744 5162 φύσει·
2777 5096 3043 5168 ἑκατέρας
3073 5098 3186 5169 (57)
3219 5097 3275 5151 δὲ
3315 5097 3525 5155 τούτων
3553 5115 3699 5168 γενει-

2186 5292 2301 5367 (ξρῖρ)
2340 5291 2915 5367 ξςᾳζαθςερμιιτίζετᾳι.
2944 5294 3469 5367 Βᾼκαταμερίζεται.

2186 5363 2297 5432 (54)
2342 5362 2491 5432 Ἐγὼ
2516 5363 2585 5415 δὲ
2622 5363 2957 5417 ἀναλαϐών.
2984 5362 3207 5423 Scholia
3228 5362 3280 5420 in
3309 5369 3460 5425 calce
3483 5367 3696 5423 codicis

2113 5432 2160 5504 ᾼ
2184 5432 2477 5504 explicant,
2527 5432 2824 5504 Γρηγόριος
2879 5434 3174 5504 ἐπίσκοπος
3205 5436 3280 5500 ὡς
3308 5438 3365 5491 ὲν
3401 5437 3692 5496 ἀντιθέσει.

2114 5500 2176 5556 In
2199 5500 2450 5575 _I_n_'argine
2468 5500 2740 5575 scribitur
2774 5503 3096 5575 Παραθέσει.

2323 5572 2636 5647 ῥρνᾴμειςῖ
2656 5575 2699 5626 Α
2730 5571 3089 5647 atldithéwoou
3099 5575 3267 5647 μένῳ.

2326 5642 2487 5717 Kurd
2507 5642 2845 5717 έπιθυμίαν.
2878 5643 3062 5717 Βνκαηέ
3085 5641 3312 5717 ἐπιθυμ.

2187 5712 2297 5783 (57)
2335 5712 2669 5780 Ἐωτέρας.
2703 5713 2747 5764 Λ
2781 5714 3061 5785 ἐκατέρου.
