4046 6350
363 325 436 378 49
1444 333 1527 389 DE
1567 335 1778 392 ANIMA
1825 338 1911 394 ET

2042 324 2558 398 ,suunccrtous.
3558 352 3628 408 50

364 437 480 500 κῶς
508 438 675 534 ⁸’ἡμῖν
710 441 1123 534 ἐνυπαρχούσης
1173 445 1307 517 (58),
1359 463 1438 512 εις
1493 452 1692 515 πολλάς
1734 471 1794 508 τε
1857 457 1939 508 κα)

2051 457 2317 522 efficiens,
2360 474 2538 529 neque
2573 461 2822 516 sensoria
2852 475 2982 516 vasa
3021 462 3491 534 instrumentaque
3512 467 3626 520 sola

366 525 620 590 ποικίλας
649 528 912 600 διαφορὰς
933 532 1146 603 ὁρῶμεν
1181 535 1476 605 προϊοῦσαν
1497 545 1618 604 ταῖς
1650 543 1950 614 ἐνεργείαις

363 617 689 689 ἀμφοτέρων
714 621 813 690 τὴν
834 623 1064 690 κίνησιν.
1081 625 1257 679 Πολλά
1273 628 1370 698 μὲν
1391 630 1500 701 γὰρ
1527 631 1671 686 ἐστιν
1694 634 1844 702 ίδεῖν,
1874 631 1948 692 ὦν

364 706 429 760 τὺ
446 708 836 780 ἐπιθυμητικὸν
848 713 1184 784 καθηγεῖται·
1201 717 1370 772 πολλά
1384 737 1447 788 γε
1471 722 1581 791 (59)
1601 723 1822 780 πάλιν.ἃ
1843 727 1944 797 τῆς

363 798 685 870 θυμοειδοῦς
730 804 909 868 αίτίας
954 806 1236 874 ἐκφύεται,
1272 812 1366 862 καὶ
1413 813 1562 867 οὐδὲν
1589 816 1748 868 τοῦτο
1789 818 1950 887 σῶμά

364 893 484 943 ἐστι
515 891 647 956 (41)),
680 894 741 946 τὸ
779 895 834 947 δὲ
861 895 1150 966 ἀσώματον
1180 902 1361 972 νοερὸν
1402 905 1620 969 πάντως
1639 924 1651 936 ⁸
1686 909 1869 978 νοερὸν
1891 908 1948 963 δέ

364 995 418 1031 τι
451 982 562 1048 (41)
594 982 690 1052 τὴν
721 984 897 1054 ψυχὴν
932 988 961 1038 ό
989 990 1214 1058 ὁρισμὸς
1246 993 1583 1064 ἀπεφήνατο,
1628 995 1767 1049 ὥστε
1804 999 1948 1054 δυοῖν

363 1073 585 1137 ἀτόποις
612 1076 674 1128 τὸ
697 1076 883 1146 ἕτερον
909 1080 974 1130 ἐκ
1002 1081 1098 1150 τῆς
1139 1083 1460 1150 ἀκολουθίας
1492 1088 1822 1144 ἀνακύπτειν
1851 1091 1944 1144 τοῦ

363 1162 602 1235 λόγου.ῆ
643 1167 735 1218 καὶ¹
770 1167 861 1220 τὸν
885 1169 1055 1237 θυμὸν
1097 1171 1188 1226 καὶ
1232 1178 1328 1244 τὴν
1366 1177 1660 1248 ἐπιθυμίαν
1692 1181 1856 1246 ἄλλας
1889 1184 1946 1236 ὲν

364 1255 501 1323 ἡμῖν
532 1252 666 1308 εἶναι
697 1258 893 1328 ψυχὰς,
927 1263 1014 1314 καὶ
1045 1263 1248 1332 πλῆθος
1287 1265 1475 1336 ψυχῶν
1501 1269 1622 1322 ἀντὶ
1653 1273 1782 1340 μιᾶς
1819 1273 1947 1326 καθ-

362 1343 614 1436 ορᾶσθαι,
725 1347 858 1418 μηδέ
904 1347 965 1404 τὸ
1009 1352 1342 1425 διανοητικὺν
1391 1357 1450 1411 τὸ
1489 1361 1547 1412 ἐν
1597 1362 1726 1431 ἡμῖν
1767 1364 1943 1436 ψυχὴν

361 1435 596 1489 οἴεσθαι.
633 1435 706 1491 Τδ
738 1441 844 1512 γὰρ
875 1443 1058 1513 νοερὸν
1105 1445 1301 1516 ἐπίσης
1340 1453 1507 1506 πᾶσιν
1566 1435 1944 1526 ἐφαρμοζομέ-

362 1541 476 1585 νον,
505 1526 537 1595 ἢ
570 1530 777 1593 πάντας
799 1530 911 1602 (42)
940 1533 1115 1603 ψυχὰς
1136 1535 1404 1602 ἀποδείξει
1434 1540 1625 1608 ταῦτα,
1651 1543 1682 1613 ἢ
1714 1545 1942 1598 ἕκαστον

360 1614 570 1667 τούτων
607 1619 670 1670 ἐκ
707 1620 800 1672 τοῦ
849 1621 964 1674 ἴσου
1001 1624 1097 1677 τοῦ
1137 1626 1248 1698 (45)
1298 1627 1586 1700 ἰδιώματος
1627 1634 1729 1703 τῆς
1767 1635 1942 1708 ψυχῆς

362 1705 663 1777 ἐξαιρήσει.

2053 551 2119 604 ad
2153 553 2457 607 naturalem
2490 551 2862 616 efﬁcientiam,
2912 555 3393 624 operationemque
3424 558 3617 625 guber-

2052 651 2185 709 nat;
2242 642 2338 697 sed
2374 643 2576 696 mullus
2606 642 2826 711 quidem
2865 645 3202 714 cupiditatis,
3246 646 3450 699 multus
3497 645 3623 697 item

2049 730 2349 785 iracundiae
2377 747 2596 802 quoque
2627 743 2810 787 motus
2853 733 3097 787 cernitur
3139 734 3193 786 in
3228 734 3350 801 ejus
3391 741 3621 797 natura;

2050 840 2171 878 cum
2205 832 2382 878 autem
2430 824 2624 879 horum
2675 833 2968 895 utrumque
3018 825 3346 894 generaliter
3377 825 3431 879 in
3467 825 3624 879 nobis

2049 913 2198 977 insit,
2236 913 2288 966 in
2321 914 2520 968 multas
2547 915 2750 984 pariter
2786 931 2850 969 ac
2884 914 3066 969 varias
3089 913 3428 970 dilIerentias
3455 916 3625 968 actio-

2048 1002 2234 1066 nibus,
2295 1002 2716 1074 el'licientiisque
2771 1007 3054 1059 amborum
3108 1006 3366 1076 progredi
3417 1015 3621 1060 motum

2047 1092 2315 1149 videmus.
2352 1092 2485 1147 Nam
2526 1095 2696 1148 multa
2734 1095 2952 1165 quidem
2986 1098 3172 1152 videre
3209 1098 3355 1160 licet,
3389 1113 3622 1167 quorum

2045 1187 2472 1256 concupiscendi
2517 1188 2600 1244 vis
2645 1197 2839 1244 auctor
2869 1205 2931 1244 ac
2961 1189 3068 1244 dux
3106 1199 3229 1257 est;
3271 1206 3463 1246 rursus
3494 1191 3620 1245 item

2047 1277 2216 1330 multa
2244 1292 2273 1330 a
2298 1291 2464 1333 causa
2488 1279 2581 1334 irre
2605 1281 2960 1337 concitatrice
2978 1292 3306 1348 nascuntur,
3329 1299 3393 1338 ac
3411 1283 3620 1337 nullum

2046 1367 2240 1421 horum
2272 1385 2473 1439 corpus
2517 1380 2635 1436 est;
2681 1373 2827 1442 quod
2863 1380 3042 1427 autem
3097 1376 3478 1444 incorporeum
3515 1380 3619 1434 est.

2045 1456 2410 1515 iutellectuale
2458 1478 2684 1531 prorsus
2726 1476 2830 1528 est,
2883 1465 3108 1537 solaque
3149 1477 3327 1522 mente
3370 1475 3618 1529 constat;

2044 1565 2209 1620 porro
2251 1553 2671 1609 intellectualem
2699 1557 2991 1626 quamdam
3027 1560 3253 1628 solaque
3283 1567 3461 1614 mente
3489 1574 3622 1612 con-

2044 1650 2281 1696 stantem
2341 1651 2394 1698 ct
2444 1647 2992 1716 comprehensibilem
3047 1665 3158 1704 rem
3209 1667 3331 1706 esse
3383 1650 3618 1702 animam

2042 1731 2286 1787 deﬁnitio
2301 1734 2622 1800 declaravit,
2655 1746 2714 1791 ut
2741 1737 2974 1792 duorum
3001 1741 3361 1796 absurdorum
3389 1743 3618 1794 alterum

361 1811 433 1849 ex
472 1801 861 1868 consequentia
900 1805 1165 1862 orationis
1206 1811 1433 1884 exsistat
1481 1826 1642 1884 atque
1684 1827 1959 1888 emergat,
2012 1832 2104 1877 aut
2149 1831 2206 1877 ut
2256 1825 2544 1881 iracundia
2596 1844 2811 1898 quoque
2855 1839 3018 1899 atque
3055 1833 3322 1900 cupiditas
3375 1833 3494 1886 aliae
3564 1831 3619 1884 in

363 1894 524 1988 nobis
551 1897 744 1952 anima:
769 1901 899 1963 sint,
935 1911 988 1955 et
1019 1917 1116 1971 pro
1152 1919 1258 1956 una
1300 1907 1590 1962 multitudo
1665 1911 1968 1965 animarum
2010 1914 2448 1984 deprehendatur
2477 1894 2640 1988 atque
2667 1894 3150 1987 animadvertatur,
3179 1932 3272 1976 aut
3297 1939 3364 1978 ne
3421 1924 3620 1979 mentis

362 1987 582 2053 quidem
611 1991 863 2058 agitatrix
894 2002 949 2048 ct
981 1996 1316 2067 intelligendi
1356 2000 1438 2054 vis
1470 2001 1521 2052 in
1547 2002 1726 2063 nobis,
1759 2005 1936 2058 anima
1973 2023 2093 2062 esse
2122 2019 2360 2079 putetur.
2397 2011 2530 2066 Nam
2556 1987 2928 2071 intellectuaie
2996 2017 3222 2083 solaque
3255 2023 3434 2070 mente
3491 2033 3622 2070 con-

362 2086 522 2132 stans
546 2085 600 2131 et
627 2083 1120 2151 comprehensibile
1141 2089 1694 2156 mqualiteromnibus
1730 2099 2226 2165 accommodatum,
2262 2109 2358 2154 aut
2389 2104 2572 2156 omnia
2608 2105 2723 2159 haec
2786 2106 3000 2161 animas
3086 2121 3206 2160 esse
3274 2106 3376 2160 den
3402 2119 3621 2160 Oitslza-

361 2167 464 2227 bit,
498 2179 591 2223 aut
618 2176 1045 2245 unumquodque
1073 2179 1268 2232 horum
1301 2195 1365 2234 ex
1393 2196 1551 2251 aaquo
1577 2184 1777 2236 eximet
1796 2196 1958 2254 atque
1993 2191 2228 2258 excipiet
2260 2205 2325 2246 ex
2354 2193 2454 2247 hac
2483 2195 2676 2249 animae
2707 2197 3056 2266 proprietate.

421 2264 492 2356 ill.
511 2259 637 2314 Ἡδὲ
649 2262 867 2327 Πολλοῖς
895 2265 1078 2334 φησὶν,
1101 2272 1236 2340 (44),
1285 2271 1385 2342 ήδη
1415 2279 1508 2328 καὶ
1544 2273 1722 2339 ἄλλοις
1747 2276 1939 2348 ἐζητη.

2124 2281 2190 2336 Μ.
2220 2282 2393 2352 Atque
2415 2283 2521 2341 illa.
2544 2259 2930 2356 "(mm-inquit.
2968 2281 3350 2352 rationcmjam
3377 2299 3402 2333 ,ι
3431 2283 3618 2333 ιιιιιιιὴς

365 2351 525 2419 μένον
562 2352 652 2403 τὸν
682 2354 837 2422 λόγον
866 2357 1052 2410 τοῦτον
1079 2359 1383 2426 ἀκολούθως
1417 2364 1508 2416 καὶ
1545 2365 1704 2429 αὐτὸς
1747 2367 1938 2438 ἐπιζη-

359 2444 474 2502 τεῖς
507 2441 641 2512 (45),
673 2445 720 2505 6,
750 2462 801 2497 τι
828 2446 938 2516 (46)
965 2448 1094 2502 ποτὲ
1121 2451 1226 2521 χρὴ
1249 2452 1422 2506 ταῦτα
1449 2455 1690 2524 νομίζειν
1713 2453 1853 2510 εἶναι
1880 2457 1940 2511 τὸ

359 2533 752 2604 ἐπιθυμητικὸν
778 2538 887 2610 (47)
929 2543 1022 2594 καὶ
1066 2543 1126 2595 τὸ
1164 2543 1462 2614 θυμοειδὲς,
1505 2549 1614 2602 εἴτε
1649 2567 1940 2605 συνουσιω-

361 2624 500 2693 μένα
526 2629 590 2696 τῇ
634 2627 802 2699 ψυχῇ,
849 2633 940 2685 καὶ
985 2633 1136 2705 παρά
1187 2636 1282 2707 τὴν
1325 2640 1496 2709 αὐτὴν
1529 2640 1642 2711 (48)
1681 2643 1840 2706 εὐθὺς
1871 2647 1937 2716 τῇ

359 2721 674 2788 κατασκευῇ
721 2724 1150 2795 συνυπάρχοντα,
1187 2729 1299 2780 εἴτε
1343 2747 1394 2781 τι
1441 2731 1569 2784 ἄλλο
1611 2734 1741 2802 παρ’
1771 2735 1939 2804 αὐτὴν

357 2803 489 2855 ὂντα
519 2807 610 2857 καὶ
643 2805 867 2879 ὕστερον
895 2812 1023 2880 ἡμῖν
1051 2813 1404 2885 ἐπιγινόμενα
1430 2816 1565 2886 (49).
1608 2820 1680 2872 Τὸ
1712 2822 1808 2890 μὲν
1831 2803 1939 2892 γὰρ

359 2892 650 2961 ἐνορᾶσθαι
676 2899 740 2966 τῇ
774 2896 918 2968 ψυχῇ
946 2899 1135 2964 ταῦτα,
1168 2903 1318 2974 παρά
1347 2906 1561 2960 πάντων
1587 2907 1782 2978 ἐπίσης
1807 2911 1938 2978 ὁμο-

358 2981 616 3050 λογεῖται·
643 2987 702 3038 τὸ
725 2987 781 3039 δὲ
804 2989 852 3054 6,
877 3006 929 3042 τι
956 2992 1060 3063 χρὴ
1086 2995 1214 3065 περ),
1239 2997 1416 3050 αὐτῶν
1439 2999 1664 3064 οἴεσθαι,
1692 3000 1843 3054 οὔπω
1870 3003 1937 3055 δι’

357 3072 643 3145 ἀκριϐείας
673 3072 829 3148 εὗρεν
861 3081 888 3133 ὁ
923 3082 1095 3150 λόγος.
1123 3084 1263 3138 ὥστε
1289 3086 1510 3156 βεϐαίαν
1538 3093 1635 3162 τὴν
1660 3095 1787 3164 περὶ
1819 3097 1941 3148 τού-

357 3179 467 3218 των
491 3167 754 3238 ὑπόληψιν
782 3170 868 3241 ἔχε
879 3191 944 3237 ιν,
972 3175 1085 3228 ἀλλ’
1110 3176 1188 3228 ἔτι
1217 3179 1662 3250 πεπλανημέναις
1684 3185 1732 3235 oi
1757 3185 1939 3238 πολλοὶ

358 3261 452 3312 καὶ
481 3259 752 3330 διαφόροις
785 3267 906 3328 ταῖς
951 3268 1076 3336 περὶ
1108 3269 1309 3323 τούτων
1356 3272 1535 3336 δόξαις
1563 3275 1938 3340 ἐπιδιστάζου-

359 3367 464 3440 σιν.
499 3353 657 3422 Ἡμῖν
674 3355 728 3407 δέ
747 3359 796 3408 εἰ
825 3357 923 3426 μὲν
955 3360 1112 3430 ἱκανὴ
1136 3362 1274 3432 πρὸς
1296 3364 1569 3430 ἀπόδειξιν
1591 3368 1804 3437 ἀληθῶς
1827 3370 1937 3440 (50)

356 3439 427 3512 ἦν
456 3446 488 3514 ὴ
516 3445 620 3509 ἔξω
654 3447 962 3518 φιλοσοφία,
994 3453 1026 3521 ἡ
1057 3455 1319 3523 τεχνικῶς
1350 3459 1479 3528 περὶ
1508 3459 1712 3513 τούτων
1753 3439 1938 3516 διαλα-

358 3536 549 3602 ϐοῦσα,
591 3541 844 3612 περιττὸν
869 3541 934 3595 ἂν
978 3539 1047 3614 ἦν
1089 3547 1217 3609 ἴσως
1263 3549 1354 3601 τὸν
1392 3551 1518 3621 περὶ
1563 3551 1737 3622 ψυχῆς
1784 3554 1939 3622 λόγον

2043 2371 2206 2425 etiam
2263 2372 2386 2426 aliis
2415 2373 2745 2442 lqutesitam,
2798 2380 3201 2441 consequenter
3241 2375 3356 2442 ipsc
3403 2389 3619 2442 quoque

2043 2461 2399 2530 requisivisti,
2458 2463 2718 2532 quidnam
2768 2466 2982 2518 tandem
3039 2465 3154 2517 hanc
3199 2480 3321 2518 esse
3370 2473 3620 2532 Oporlcnt

2042 2554 2358 2608 existimare
2381 2595 2394 2617 ,
2425 2554 2482 2607 τὸ
2512 2555 2904 2625 ἐπιθυμητικόν
2927 2593 2942 2617 ,
2986 2555 3035 2609 id
3066 2566 3183 2617 est.
3224 2557 3325 2608 vim
3370 2557 3620 2624 concupi-

2041 2647 2251 2709 scendi;
2289 2646 2349 2698 τὸ
2380 2645 2678 2717 θυμοειδές,
2707 2649 2757 2702 id
2793 2657 2897 2715 est,
2930 2649 3033 2702 vim
3059 2649 3152 2702 ira:
3179 2650 3563 2702 concitati-irem
3601 2664 3619 2701 :

2043 2738 2278 2792 simulne
2307 2737 2468 2792 insita
2503 2740 2554 2792 in
2581 2741 2774 2792 animae
2808 2747 3002 2792 natura
3037 2749 3090 2793 et
3119 2739 3276 2809 quasi
3315 2741 3620 2793 cocssentia

2042 2839 2204 2898 atque
2226 2830 2665 2893 consubstantia,
2695 2839 2747 2884 ct
2778 2831 2846 2884 ab
2877 2831 3030 2885 initio
3054 2846 3178 2885 cum
3205 2846 3265 2884 ea
3291 2831 3422 2893 sint,
3459 2841 3621 2899 atque

2042 2934 2072 2971 a
2105 2920 2374 2989 principio
2414 2923 2598 2976 statim
2643 2938 2748 2976 una
2784 2938 2906 2976 cum
2959 2923 3239 2977 creatione
3270 2933 3322 2977 et
3353 2924 3622 2976 constitu—

2041 3011 2190 3066 tione
2219 3011 2339 3080 ejus
2372 3013 2702 3075 exstiterint,
2738 3030 2804 3067 an
2835 3015 2999 3068 etiam
3032 3015 3237 3082 aliquid
3270 3014 3415 3066 aliud
3460 3025 3622 3082 atque

2040 3102 2158 3171 ipsa
2180 3103 2310 3162 sint.
2345 3112 2398 3157 et
2434 3105 2710 3172 posterius
2736 3105 2894 3159 nobis
2919 3105 3294 3159 accesserint?
3319 3103 3451 3156 Nam
3475 3104 3618 3173 quod

2041 3193 2156 3248 haec
2184 3194 2402 3262 quidem
2439 3195 2491 3247 in
2527 3195 2711 3248 anima
2766 3203 3083 3259 cernantur,
3120 3211 3183 3248 ex
3220 3211 3375 3264 aequo
3406 3202 3621 3249 constat

2041 3282 2184 3337 inter
2225 3298 2454 3351 omnes;
2505 3285 2636 3353 quid
2666 3294 2846 3337 autem
2885 3285 2951 3339 dc
2993 3287 3072 3339 cis
3112 3286 3429 3340 existimare
3457 3300 3621 3355 opor-

2041 3377 2170 3434 teat,
2224 3373 2465 3426 nondum
2499 3373 2659 3442 plene
2697 3381 2861 3442 atque
2908 3373 3147 3442 perfecte
3192 3377 3330 3428 ratio
3369 3384 3619 3430 assecuta

2039 3468 2144 3526 est,
2179 3469 2236 3512 ut
2260 3459 2471 3514 ﬁrmam
2503 3462 2571 3516 de
2595 3461 2678 3515 his
2711 3463 2908 3516 habeat
2932 3463 3267 3532 opinionem,
3299 3465 3393 3518 sed
3427 3467 3619 3534 vulgus

2039 3549 2203 3602 etiam
2233 3565 2378 3605 nunc
2405 3552 2578 3622 vagis,
2608 3551 2872 3623 falsisque
2911 3569 2975 3608 ac
3002 3554 3234 3610 diversis
3268 3556 3618 3625 Opinionibns

359 3631 669 3700 προτιθέναι
710 3632 823 3703 (51)
855 3634 934 3704 τῷ
965 3636 1263 3706 σκέμματι.
1303 3620 1594 3712 dimitti?)
1699 3620 1810 3708 τοῖς
1839 3620 1938 3715 μὲν

2043 3639 2111 3695 de
2166 3641 2252 3696 his
2308 3620 2554 3712 ambigit.
2585 3642 2754 3699 Nobis
2784 3620 2953 3711 ivero,
3014 3620 3620 3714 siquidemsufﬁciens

357 3723 499 3776 atati
533 3723 590 3776 τὸ
629 3726 794 3792 φανὲν
840 3727 1126 3781 ἀκόλουθον
1160 3731 1276 3782 κατ’
1312 3730 1560 3796 ἐξουσίαν
1605 3734 1874 3804 προῆλθεν
1901 3740 1934 3808 ὴ

360 3817 489 3885 περὶ
514 3815 692 3886 ψυχῆς
721 3817 922 3890 θεωρία
941 3838 954 3851 ο
979 3823 1139 3891 ἡμεῖς
1167 3822 1223 3874 δὲ
1243 3822 1340 3892 τῆς
1367 3823 1478 3893 (55)
1508 3824 1754 3890 ἐξουσίας
1777 3827 1936 3896 ἄμοι-

358 3925 441 3977 ροι
480 3908 682 3979 ταύτης
711 3911 897 3981 ἐσμὲν,
935 3912 1036 3980 τῆς
1083 3913 1262 3980 λέγειν
1291 3913 1404 3984 (54)
1449 3916 1592 3985 φημὶ
1635 3916 1778 3988 ἅπερ
1816 3917 1938 3986 βου-

355 3997 580 4068 λόμεθα.
609 4001 793 4054 κανόνι
837 4002 1038 4067 παντὸς
1081 4004 1346 4074 δόγματος
1376 4006 1488 4074 (55)
1523 4008 1614 4060 καὶ
1651 4008 1799 4079 νόμῳ
1845 4028 1936 4063 κε-

355 4093 616 4161 χρημένοι
673 4096 740 4164 τῇ
797 4094 927 4166 ἁγίᾳ
980 4097 1168 4167 Γραφῇ
1223 4097 1369 4166 (56)·
1425 4098 1737 4167 ἀναγκαίως
1798 4103 1934 4171 πρὸς

353 4179 560 4252 ταύτην
585 4182 889 4252 βλέποντες,
919 4183 1076 4237 τοῦτο
1097 4184 1361 4254 δεχόμεθα
1382 4185 1561 4256 μόνον,
1582 4186 1629 4253 6,
1654 4204 1707 4239 τι
1734 4203 1839 4258 περ
1867 4189 1932 4240 ἂν

355 4265 388 4342 ᾖ
413 4271 737 4340 συμφωνοῦν
767 4273 878 4341 (57)
907 4274 984 4343 τῷ
1007 4275 1114 4327 τῶν
1133 4274 1530 4345 γεγραμμένων
1558 4277 1763 4347 σκοπῷ.
1792 4279 1932 4332 Οὐκ-

351 4361 448 4413 οῦν
493 4361 758 4430 παρέντες
802 4363 863 4414 τὸ
914 4363 1259 4416 Πλατωνικὸν
1300 4364 1451 4436 ἆρμα
1511 4365 1646 4436 (58),
1694 4367 1788 4420 καὶ
1836 4367 1934 4438 τὴν

355 4451 769 4522 ὑπεζευγμένην
792 4453 938 4523 αύτῴ
966 4452 1232 4526 ξυνωρίδα
1252 4455 1358 4509 τῶν
1379 4455 1593 4517 πώλων,
1617 4457 1714 4527 οὐχ
1735 4459 1935 4528 ὁμοίως

354 4543 476 4603 ταῖς
505 4543 700 4612 ὁρμαῖς
745 4543 882 4612 πρὸς
919 4542 1181 4612 ἀλλήλους
1225 4543 1476 4614 ἐχόντων,
1518 4546 1612 4598 καὶ
1657 4547 1746 4599 τὸν
1795 4546 1935 4616 ὑπὲρ

352 4631 559 4686 τούτων
603 4633 835 4705 ἡνίοχον,
887 4634 952 4687 δι’
992 4630 1065 4689 ὧν
1110 4636 1363 4689 ἁπάντων
1407 4637 1474 4690 τά
1524 4637 1749 4692 τοιαῦτα
1807 4643 1934 4711 περὶ

582 4789 1094 4864 ξῌνιιπᾳρχούσῃς.
1195 4791 1232 4845 Β
1266 4795 1680 4864 ἐνυπάρχοντος.

429 4859 541 4930 (59)
575 4861 783 4913 Πολλά
803 4859 886 4930 γε.
916 4861 954 4914 Α
999 4861 1038 4914 Β
1062 4863 1232 4918 πολλά
1257 4864 1332 4917 δέ.

574 4930 754 5005 Τοῦτο
774 4929 945 5005 ᾳῷμά
969 4931 1117 5005 ἐστι.
1154 4933 1196 4986 Β
1228 4934 1432 4987 τούτων
1464 4932 1622 5005 σῶμά
1649 4936 1784 4990 ἐστι.

570 5000 737 5073 Δέᾼτι.
771 5000 812 5052 Β
836 5001 892 5073 δέ
918 5017 969 5073 τι
998 5003 1206 5073 χρῆμα,

426 5067 539 5138 (42)
569 5069 820 5136 Πάντας.
847 5070 890 5123 Α
917 5070 958 5122 Β
999 5067 1190 5127 πάντα.

429 5139 544 5209 (45)
587 5141 748 5194 Ἵσου
769 5141 894 5196 τοῦ.
929 5142 969 5193 Λ
1001 5142 1037 5193 Β
1065 5143 1179 5196 ίσου
1214 5146 1422 5200 τούτου.

426 5211 537 5278 (44)
577 5209 734 5263 Ἡδὲ
761 5210 1034 5277 πολλοῖς.
1071 5213 1124 5265 1η
1154 5215 1303 5270 calce
1324 5216 1533 5270 codicis
1562 5218 1605 5270 Α
1633 5216 1736 5271 hoc
1760 5216 1931 5273 habes

353 5280 623 5358 tullIOllpn:
643 5280 705 5332 'H
734 5281 1056 5358 διδασκαλος.
1078 5284 1290 5356 ἀπαντᾷ
1316 5288 1381 5357 τῇ
1415 5286 1702 5352 ἀντιθέσει,
1735 5304 1934 5358 γραφι-

353 5348 472 5422 κῶς
489 5351 557 5422 τὸ
585 5352 785 5422 ἄπορον
820 5352 1216 5422 θεραπεύουσα.

573 5419 916 5495 ξΕπιζηζεῖςῖ.
945 5424 983 5474 Α
1008 5422 1047 5474 Β
1069 5424 1419 5495 ἐπεζήτησας.

428 5489 539 5558 (46)
572 5491 663 5550 Ὅ,
684 5508 756 5544 τι.
784 5490 824 5543 Β
848 5493 948 5546 ὅτι.

428 5559 539 5613 (47)
575 5561 948 5613 Ἐπιθυιιιητιλ

450 5629 519 5683 48

448 5697 516 5753 49

425 5767 518 5840 (50

575 5561 1052 5635 Ἐπιρυμητικόν.
1074 5563 1115 5617 Α
1147 5563 1186 5617 Β
1216 5564 1612 5635 ἐπιθυμητικόν
1644 5584 1723 5622 τε.

564 5629 730 5710 gap":
750 5631 865 5710 τὴν
883 5635 1173 5710 auctir}
1212 5635 1250 5687 Β
1276 5629 1426 5710 παρὰ
1447 5629 1546 5708 τὴν
1581 5637 1822 5710 πρώτην.

574 5700 1067 5776 ἙπιγννόμεγακΒ
1100 5700 1481 5776 ἐπιγενόμενα.

581 5770 772 5840 Ἰκανὴ
825 5773 974 5842 πρὸς
992 5774 1166 5831 ams.
1207 5770 1471 5848 ἆλήθῶς.
1500 5777 1556 5832 Β.
1599 5779 1730 5850 πρὸς
1769 5778 1924 5834 ἀτόδ.

426 5559 446 5765 ἒ

519 5564 540 5842 ἑ

2045 3742 2189 3787 esset
2219 3732 2284 3786 ad
2334 3733 2854 3790 demonstrationem
2892 3737 3138 3792 veritatis
3184 3746 3406 3792 externa
3445 3738 3620 3806 philo-

2047 3825 2260 3894 Sophia,
2284 3842 2404 3895 qua:
2433 3827 2502 3881 de.
2532 3828 2617 3884 his
2649 3830 2812 3884 rebus
2844 3831 3144 3898 artiﬁciose
3177 3832 3498 3900 disputavit,
3536 3843 3616 3882 at-

2044 3934 2150 3986 que
2183 3921 2454 3981 tractavit,
2484 3933 2949 3989 supervacaneum
2974 3921 3204 3976 forsitan
3231 3932 3373 3976 esset
3401 3922 3616 3974 illorum

2042 4008 2492 4062 commentationi
2529 4007 2597 4064 de
2635 4011 2816 4063 anima
2865 4011 3103 4080 adjicere
3153 4027 3478 4066 sermonem.
3511 4009 3615 4064 Sed

2039 4098 2296 4166 quoniam
2342 4099 2410 4153 ab
2446 4099 2554 4154 illis
2585 4101 2804 4169 quidem
2832 4109 2995 4172 prout
3023 4118 3368 4171 consequens
3395 4109 3448 4156 et
3487 4116 3618 4155 con-

2041 4194 2361 4242 sentaneum
2395 4189 2570 4243 visum
2607 4200 2775 4257 esset,
2821 4206 2883 4244 cx
2916 4192 3132 4244 licentia
3181 4198 3344 4260 atque
3375 4191 3442 4244 ad
3473 4192 3619 4244 arbi—
3679 4239 3682 4242 .

2041 4277 2206 4331 trium
2243 4278 2456 4348 prodita
2493 4288 2578 4335 est
2610 4280 2677 4335 de
2709 4283 2888 4334 anima
2926 4283 3348 4348 connuentatio;
3391 4298 3491 4337 nos
3522 4299 3618 4335 au-

2043 4378 2149 4423 tem
2176 4368 2336 4435 hujus
2357 4369 2588 4424 licentia:
2608 4379 2858 4439 expertes
2876 4387 3088 4429 sumus.
3107 4371 3344 4437 dicendi,
3372 4373 3614 4441 inquam,

2042 4473 2163 4528 quae
2195 4459 2442 4516 volumus
2472 4477 2485 4526 ;
2522 4461 2723 4531 quippe
2756 4465 2848 4531 qui
2907 4463 3089 4532 regula
3146 4478 3373 4532 prorsus
3420 4463 3617 4516 divinzc.

2041 4552 2308 4606 doctrina:
2329 4561 2381 4606 et
2406 4569 2504 4622 pro
2529 4554 2646 4622 lege
2671 4554 2874 4607 utimur
2900 4561 3088 4607 sancta
3115 4553 3421 4621 Scriptura,
3455 4564 3617 4622 atquc.

2043 4643 2110 4697 ad
2147 4643 2285 4698 hanc
2336 4647 2648 4700 necessario
2679 4646 3022 4716 respicimus,
3073 4652 3175 4700 hoc
3208 4647 3383 4700 solum
3418 4646 3616 4716 rccipi—

2038 4797 2305 4873 ἀληθείας
2325 4800 2503 4873 ἱκανή.
2532 4798 2568 4850 Α
2601 4798 2853 4873 ἀληθείας
2890 4816 2987 4873 pro
3017 4801 3281 4873 ἀληθῶς..

2256 4867 2619 4942 ῌροτιοέλριῃ,
2733 4870 3083 4942 περιτιθέναι.

2110 4937 2221 4999 (5⁸2)
2266 4939 2442 5008 Ἐπεί.
2560 4939 2768 5008 ἐπειδή.

2108 5007 2222 5076 (55)
2271 5007 2459 5078 Ἡμεῖς
2482 5007 2548 5061 δὲ
2574 5009 2704 5075 τῆς,
2731 5007 2860 5070 etc.,
2887 5010 3000 5064 haec
3027 5011 3186 5066 verba
3215 5012 3268 5065 in
3293 5013 3442 5067 calce
3461 5013 3611 5067 codi-

2035 5078 2116 5154 ci_s
2150 5079 2193 5130 A
2228 5079 3011 5154 ita_illustrantur,"9'rt_x_a':&
3043 5080 3133 5154 τὴν
3166 5083 3269 5154 τῆςΔ
3299 5082 3443 5145 θείας
3475 5083 3608 5154 Γρα·

2038 5148 2142 5217 φῆς
2177 5149 2377 5202 σκοπὸν
2419 5151 2450 5218 ἡ
2485 5151 2603 5220 περὶ
2636 5150 2813 5219 ψυχῆς
2844 5150 3160 5205 διδασκαλία
3203 5151 3280 5223 τῷ
3313 5148 3616 5224 συγγραὶρεί

2040 5218 2430 5270 μεμελήτηται.

2080 5229 2430 5272 εμελήτηται.

2039 5235 2430 5289 μεμελητηται.

2111 5288 2223 5360 (54)
2265 5289 2376 5355 Τῆς
2407 5289 2625 5358 λέγειν.
2732 5289 2946 5360 τῆςτοῦ
2981 5289 3178 5360 λέγειν.

2247 5360 2561 5427 Δόγματος.
2664 5358 2805 5431 θείου
2833 5358 3119 5431 δόγματος.

2035 5429 2514 5550 Γοέῗῗὲιιίεχρημ.
2569 5429 2640 5496 τῇ
2680 5430 2817 5499 ἁγίᾳ
2863 5429 2970 5500 rp.
3002 5433 3043 5484 Β
3089 5436 3155 5504 τῇ
3194 5433 3323 5506 ἁγίᾳ
3376 5451 3608 5508 κεχρημ.

2115 5517 2246 5565 αφη.

2082 5515 2640 5705 ρῗὸἝῖΣυμφωγ-οῦν.
2674 5570 2714 5621 Β
2738 5573 3044 5641 σύμφωνον.

2108 5639 2198 5705 (58
2252 5642 2634 5693 Πλατωνικὸν
2679 5640 2855 5705 ἅρμα.
2901 5641 2953 5695 In
2989 5659 3044 5696 ca

2108 5639 2222 5709 (58)
2252 5642 2634 5711 Πλατωνικὸν
2662 5639 2871 5711 ίᾶρμὲι.
2901 5641 2953 5695 In
2989 5641 3139 5697 calce
3180 5643 3390 5698 cndiCIs
3432 5643 3475 5696 A
3511 5643 3612 5697 hoc

2032 5708 2234 5784 legitur
2258 5710 2530 5784 scholica
2562 5708 2815 5784 Διάλογον
2843 5715 2870 5784 ό
2904 5713 3126 5784 Πλάτων
3152 5714 3449 5784 ἐποιήσατο
3485 5714 3613 5784 περὶ

2034 5775 2232 5851 φυγῆς,
2255 5779 2313 5836 ὃν
2338 5776 2606 5834 Φαίδωνα
2622 5775 2950 5853 ἐπέγραψεν,
2975 5785 3030 5837 ἐν
3053 5775 3098 5849 ᾧ
3117 5783 3174 5836 τὸ
3205 5775 3313 5854 μὲν
3329 5775 3608 5854 θυμοειδές
