4046 6350
445 249 508 307 5|
1663 253 1725 310 S.
1759 251 2091 310 GBEGORII
2128 250 2424 308 NYSSENI
3627 246 3701 303 59.

442 378 568 420 mus
595 368 651 419 et
679 363 1073 435 approbamus,
1124 365 1493 437 quodcunque
1543 383 1668 423 cum
1720 367 2015 440 Scriptum

2119 365 2296 439 ψυχῆς
2334 367 2611 436 φιλοσοφεῖ
2642 364 2708 418 δι’
2749 362 3066 434 αἰνίγματος
3091 376 3104 393 ο
3139 361 3238 415 ὅσα
3274 359 3320 415 θ’
3356 361 3384 413 ὁ
3426 360 3542 430 (59)
3578 358 3698 430 μετ’

440 456 761 511 convenerit
784 463 842 512 et
861 455 1277 512 concordaverit
1307 456 1629 514 intentione.
1661 457 1828 527 Igitur
1850 460 2017 515 omis-

439 560 504 600 so
542 545 784 605 Platonis
828 562 1016 612 curru,
1062 547 1223 618 eique
1267 547 1579 618 subiunctis
1624 550 1827 620 bijugis
1854 551 2016 621 pullis

440 651 730 707 equorum,
770 652 877 692 non
910 638 1101 694 eadem
1134 638 1277 694 inter
1310 654 1371 695 se
1404 638 1693 696 all‘ectione
1729 648 1785 696 et
1811 642 2016 711 impetu

442 727 708 795 praeditis,
761 728 940 799 iisque
972 728 1230 799 praefecto
1262 729 1471 800 auriga,
1522 732 1727 801 quibus
1762 731 2017 786 omnibus

441 819 532 875 ille
559 834 657 890 per
687 820 920 891 aenigma
961 828 1125 892 atque
1174 821 1522 877 involucrum
1569 823 1698 876 talia
1733 823 1800 877 de
1834 823 2015 877 anima

441 909 856 981 philosophatur
882 912 987 983 ta);
1039 913 1261 969 omissis
1308 913 1438 969 item
1477 911 1566 977 iis,
1617 914 1931 984 quaatradit
1971 914 2017 968 is

439 1004 534 1073 qui
567 1010 691 1072 post
728 1020 853 1060 eum
903 1005 1265 1077 philosoplms
1294 1005 1417 1071 fuit,
1448 1007 1541 1077 qui
1576 1021 1665 1061 res
1693 1010 2017 1077 apparentes

441 1092 737 1151 artiﬁciose
773 1097 1138 1166 persequitur,
1165 1111 1340 1168 eaque
1370 1112 1491 1167 quae
1529 1113 1675 1153 nunc
1698 1098 1861 1153 nobis
1887 1112 2018 1168 pro—

440 1187 618 1255 posita
656 1196 785 1243 sunt
813 1188 1107 1259 diligenter
1128 1190 1450 1245 examinans
1481 1204 1546 1244 ac
1574 1198 1840 1255 tractans,
1872 1205 2017 1243 mor-

441 1279 603 1334 talem
639 1296 735 1349 per
757 1280 873 1335 haec
900 1281 1139 1335 animam
1172 1296 1297 1338 esse
1330 1282 1547 1338 censuit
1576 1291 1740 1354 atque
1774 1297 2017 1355 pronun-

441 1369 623 1435 tiavit;
656 1370 861 1427 relictis
887 1371 1015 1428 item
1052 1371 1309 1427 omnibus
1343 1373 1412 1427 iis
1446 1373 1538 1442 qui
1564 1381 1619 1428 et
1651 1383 1778 1428 ante
1810 1381 1864 1428 et
1896 1383 2020 1443 post

441 1461 542 1516 hos
574 1461 816 1529 fuerunt,
862 1462 956 1533 qui
1002 1462 1086 1518 vel
1116 1477 1280 1533 prosa
1328 1463 1637 1533 solutaque,
1668 1463 1752 1518 vel
1788 1479 2018 1519 numero

438 1552 672 1621 quodam
705 1568 768 1608 ac
801 1568 1060 1608 mensura
1091 1554 1320 1607 astricta
1361 1555 1606 1608 oratione
1647 1570 1736 1609 rcs
1781 1554 2019 1623 philoso-

440 1644 627 1712 phicas
660 1645 1034 1708 tradiderunt,
1063 1644 1326 1699 divinitus
1357 1644 1626 1713 proditam
1651 1644 2014 1715 Scripturam,

2118 459 2323 511 ἐκεῖνον
2352 456 2638 528 φιλόσοφος
2668 458 2697 510 ό
2739 452 3004 526 τεχνικῶς
3046 451 3158 524 (60)
3186 454 3299 516 τοίς
3346 450 3699 523 φαινομένοις

2117 544 2444 609 ἀκολουθῶν,
2477 545 2573 599 καὶ
2617 545 2687 599 τά
2717 543 2811 599 νῦν
2855 544 2987 614 ἡμῖν
3030 540 3364 614 προκείμενα
3409 539 3477 594 δι’
3508 540 3697 610 ἐπιμεο

2118 638 2266 703 λείας
2292 635 2687 705 κατεξετάζων,
2730 635 2929 707 θνητὴν
2957 629 3096 687 εἶναι
3121 633 3211 688 διὰ
3240 634 3444 687 τούτων
3472 632 3571 703 τὴν
3596 631 3697 701 dm—

2118 730 2219 800 χὴν
2244 731 2581 801 ἀπεφήνατο,
2605 728 2700 783 καὶ
2731 728 2939 790 πάντας
2972 725 3101 789 τούς
3133 743 3194 779 τε
3221 726 3326 797 πρὸ
3352 725 3577 785 τούτων,
3603 723 3697 777 καὶ

2117 822 2243 886 τοῦς
2303 820 2522 891 ἐφεξῆς,
2576 820 2700 884 τούς
2760 837 2818 873 τε
2873 816 3246 887 καταλογάδην
3303 817 3397 870 καὶ
3456 817 3582 880 τοὺς
3636 816 3695 869 ὲν

2120 913 2312 984 ῥυθμῷ
2351 912 2462 983 (6|)
2487 930 2595 968 τινι
2626 912 2720 965 καὶ
2753 910 2935 982 μέτρῳ
2971 908 3437 979 φιλοσοφήσαντας
3470 906 3695 962 καταλι-

2119 1005 2333 1068 πόντες.
2378 1004 2579 1058 σκοπὸν
2605 1002 2697 1056 τοῦ
2748 1002 2908 1070 λόγου
2936 1001 3034 1072 τὴν
3079 1000 3436 1055 θεόπνευστον
3476 1001 3696 1072 Γραφὴν

2119 1094 2471 1168 ποιησώμεθα
2502 1094 2635 1168 (62),
2669 1096 2703 1167 ἢ
2733 1097 2912 1166 ψυχῆς
2951 1092 3230 1163 ἐξαίρετον
3260 1093 3427 1163 μηδὲν
3456 1092 3697 1165 νομίζειν

2118 1186 2259 1244 εἶναι
2302 1187 2600 1258 νομοθετεῖ,
2623 1187 2652 1240 ὃ
2693 1187 2768 1258 μὴ
2816 1188 2910 1241 καὶ
2950 1186 3049 1256 τῆς
3091 1184 3242 1249 Θείας
3289 1183 3503 1254 φύσεώς
3550 1185 3697 1238 ἐστιν

2120 1281 2269 1335 ίδιον.
2310 1278 2368 1331 '0
2414 1279 2525 1348 γὰρ
2574 1276 2825 1349 ὁμοίωμα
2857 1274 2993 1331 Θεοῦ
3047 1275 3145 1345 τὴν
3177 1274 3355 1345 ψυχὴν
3398 1269 3538 1328 εἶναι
3592 1276 3698 1345 φή·

2121 1386 2221 1433 σας
2255 1370 2389 1437 (65),
2414 1370 2521 1433 πᾶν
2546 1368 2576 1421 ὃ
2607 1367 2882 1439 ἀλλότριόν
2908 1368 3024 1421 ἐστι
3056 1365 3214 1429 Θεοῦ,
3246 1366 3403 1428 ἐκτὸς
3433 1363 3571 1419 εἶναι
3603 1364 3695 1418 τοῦ

2118 1462 2241 1531 ὅρου
2267 1461 2367 1530 τῆς
2402 1459 2579 1531 ψυχῆς
2611 1460 2945 1531 ἀπεφήνατο.
2983 1458 3117 1512 Οὐδὲ
3145 1458 3254 1531 γὰρ
3285 1457 3395 1527 (66)
3424 1457 3489 1512 ἂν
3510 1459 3568 1510 ὲν
3586 1460 3697 1521 τοῖς

2120 1552 2598 1626 παρηλλαγμένοις
2628 1550 2914 1621 διασωθείη
2945 1550 3008 1603 τὸ
3031 1550 3234 1618 ὅμοιον.
3267 1549 3477 1603 θύκοῦν
3511 1548 3699 1617 ἐπειδὴ

2116 1643 2356 1697 τοιοῦτον
2386 1644 2505 1697 οὐδὲ
2538 1646 2604 1715 τῇ
2651 1643 2771 1713 θείᾳ
2802 1643 2916 1713 (65)
2946 1643 3329 1712 συνθεωρεϊται
3359 1640 3539 1710 φύσει,
3573 1639 3697 1692 οὐδὲ

440 1752 551 1806 quo
609 1745 817 1807 spectet
877 1747 932 1793 et
990 1737 1255 1800 intendat,
1329 1736 1565 1790 orationi
1626 1752 2015 1808 pr0ponamus,

2120 1740 2186 1808 τῇ
2219 1736 2361 1807 ψυχῇ
2389 1735 2798 1789 συνουσιοῦσθαι
2823 1734 2934 1805 (66)
2961 1734 3132 1788 ταῦτα
3164 1733 3305 1787 κατὰ
3342 1733 3497 1802 λόγον
3526 1734 3590 1788 ἄν
3615 1750 3698 1795 τις

439 1843 668 1899 quaeque
689 1827 874 1882 divina
906 1827 1191 1898 Scriptura
1227 1828 1441 1892 statuit,
1492 1835 1551 1883 ut
1584 1828 1719 1882 nihil
1752 1830 1805 1884 in
1838 1830 2018 1884 anima

2128 1829 2325 1898 ύπονοή
2333 1843 2465 1880 σειε.

439 1935 565 1974 esse
598 1926 852 1989 putemus
876 1920 1135 1975 eximium
1177 1927 1231 1974 et
1265 1920 1494 1990 insigne,
1526 1919 1672 1989 quod
1711 1936 1817 1975 non
1856 1922 2021 1976 etiam
2058 1919 2254 1976 divinas
2285 1925 2495 1973 natura:
2531 1915 2809 1986 proprium
2839 1918 2932 1973 sit.
2966 1917 3071 1986 Qui
3096 1916 3241 1972 enim
3285 1915 3697 1971 similitudinem

443 2010 534 2065 Dei
575 2011 812 2064 animam
862 2025 985 2067 esse
1021 2010 1180 2074 dixit,
1224 2010 1485 2080 quidquid
1521 2026 1552 2065 a
1596 2010 1704 2067 Deo
1734 2013 1969 2068 alienum
2007 2023 2111 2079 est,
2150 2021 2300 2067 extra
2340 2009 2713 2066 deﬁnitionem
2744 2009 2939 2066 anima:
2974 2026 3100 2068 esse
3129 2007 3445 2065 declaravit.
3489 2006 3699 2061 Etenim

440 2105 494 2156 in
528 2103 757 2159 diversis
801 2118 863 2157 ae
896 2103 1274 2161 differentibus
1321 2105 1621 2161 similitudo
1659 2106 1971 2160 conservari
2019 2121 2124 2160 non
2166 2107 2356 2175 possit.
2407 2106 2550 2178 Ergo
2590 2107 2847 2177 quoniam
2886 2101 3156 2174 ejusmodi
3190 2101 3324 2156 nihil
3355 2116 3478 2155 cum
3513 2098 3697 2153 divina

439 2197 683 2251 cernitur
706 2205 923 2262 natura,
960 2213 1027 2252 ne
1054 2199 1246 2253 animae
1273 2199 1490 2268 quidem
1531 2198 1644 2252 haec
1672 2197 1834 2254 insita
1855 2205 1910 2254 et
1935 2200 2089 2269 quasi
2119 2200 2483 2255 coessentiata
2507 2214 2630 2255 esse
2657 2207 2806 2256 recte
2831 2199 2955 2269 quis
2985 2194 3397 2252 existimaverit.

507 2308 623 2363 1am
660 2326 787 2365 vero
817 2310 1096 2365 dialectica
1124 2311 1347 2381 quidem
1376 2319 1514 2374 arte,
1541 2327 1637 2380 per
1666 2312 1934 2364 rationum
1966 2320 2019 2365 et

439 2408 888 2469 argumentorum
924 2400 1289 2454 collcctricem
1322 2416 1387 2454 ac
1421 2400 1799 2455 rcsolutricem
1830 2399 2009 2453 scien-

435 2490 591 2552 tiam,
623 2498 807 2544 nostra
838 2504 1057 2559 quoque
1078 2488 1331 2558 dogmata
1364 2498 1527 2560 atque
1561 2490 1780 2545 decreta
1814 2491 2015 2544 contir-

440 2596 589 2636 mare
618 2600 630 2635 :
664 2583 808 2652 quod
832 2582 1144 2651 hujusmodi
1170 2583 1382 2653 species
1408 2584 1676 2638 orationis
1708 2582 1774 2636 ad
1798 2582 2013 2637 demoti»

436 2671 717 2727 strandam
749 2674 1054 2739 veritatem,
1089 2685 1201 2727 tum
1236 2673 1452 2740 debilis,
1477 2680 1590 2727 tum
1627 2681 1879 2743 suspecta
1903 2672 2009 2727 sit:

440 2761 824 2815 recusabimus
860 2776 925 2818 ac
953 2764 1455 2832 pratermittemus.
1489 2763 1647 2818 Patet
1672 2764 1814 2817 enim
1844 2765 2015 2817 omni-

438 2852 542 2907 bus
568 2867 633 2906 ac
660 2852 830 2922 liquet
856 2854 1000 2923 quod
1024 2854 1309 2908 dialectica
1340 2856 1559 2908 curiosa
1592 2854 1867 2909 subtilitas
1920 2870 2013 2923 ιη-

442 2958 529 2997 res
558 2942 613 2997 in
640 2951 932 3014 utramque
957 2955 1166 3014 partem
1194 2945 1337 2998 vires
1375 2944 1589 3006 haheat,
1641 2945 1723 2996 vel
1757 2943 1822 2997 ad
1853 2960 2009 2997 cver-
2038 2928 2080 2984 (ἶ

437 3037 645 3090 sionem
679 3036 945 3100 veritatis,
993 3037 1073 3090 vel
1107 3035 1173 3089 ad
1226 3036 1575 3089 mendacium
1625 3035 2004 3104 judicaudum.

440 3128 593 3182 Unde
614 3128 776 3182 etiam
805 3131 976 3197 ipsam
1003 3130 1311 3193 veritatem,
1337 3129 1427 3182 ubi
1462 3127 1780 3195 hujusmodi
1827 3127 2007 3195 aliqua

437 3217 682 3271 adhibita
740 3225 857 3271 arte
907 3217 1203 3285 profertur,
1257 3231 1634 3287 saepenumero
1694 3221 2006 3285 suspectam

438 3308 725 3371 habemus,
780 3307 940 3375 quasi
1000 3307 1192 3361 harum
1251 3309 1450 3360 artium
1511 3307 1789 3361 subtilitas
1846 3316 2010 3376 atque

435 3398 675 3453 versutia
703 3407 939 3452 mentem
975 3407 1219 3453 nostram
1274 3399 1525 3461 seducet,
1559 3407 1613 3452 et
1658 3398 1714 3451 in
1764 3398 2007 3453 fraudem

441 3488 684 3558 impellat
709 3496 872 3559 atque
902 3504 931 3541 a
967 3488 1196 3542 veritate
1240 3496 1472 3544 avertat.
1540 3487 1643 3543 Sed
1677 3489 1721 3543 si
1753 3492 1879 3558 quis
1930 3492 2014 3542 iu-

437 3582 797 3652 compositam
824 3589 875 3634 et
903 3580 1259 3642 inconditam,
1286 3588 1448 3652 atque
1469 3583 1536 3635 ab
1566 3583 1711 3635 omni
1744 3582 2015 3635 velamine

441 3685 496 3727 et
523 3674 723 3728 amictu
755 3674 957 3726 nudam
1004 3673 1252 3727 admittat
1280 3674 1607 3737 orationem,
1652 3673 1916 3737 dicemus,
1959 3682 2017 3727 ut

441 3764 765 3833 poterimus.
816 3764 973 3833 juxta
1012 3763 1210 3819 seriem
1254 3773 1309 3819 et
1358 3772 1677 3819 contextum
1721 3765 2018 3837 Scriptura-

436 3856 769 3918 traditionis,
789 3856 1300 3910 commentationem
1319 3856 1489 3912 dehis
1508 3856 1671 3911 rebus
1692 3856 1803 3911 infe
1816 3868 2016 3911 rentes.

435 3947 573 4011 Quid
620 3947 784 4015 igitur
820 3955 898 4001 est
953 3947 1096 4015 quod
1137 3946 1408 4000 dicimus?
1455 3946 1610 4013 Quod
1651 3948 1753 4001 hoc
1792 3948 2019 4002 rationis

435 4037 708 4104 particeps
738 4035 936 4088 animal
969 4037 1147 4091 homo.
1176 4025 1431 4090 nimirum
1458 4037 1826 4107 intelligentiae
1854 4046 2013 4107 atque

436 4125 681 4181 scientiae
709 4141 875 4194 capax
912 4129 1002 4189 sit,
1035 4127 1116 4180 vel
1156 4141 1345 4180 eorum
1382 4128 1476 4197 qui
1506 4143 1535 4181 a
1575 4128 1783 4183 ratione
1817 4139 2015 4183 nostra!

435 4216 559 4271 iidei
605 4227 769 4286 atque
813 4218 1088 4287 religionis
1123 4218 1282 4272 alieni
1324 4226 1473 4279 sunt,
1518 4218 1834 4273 testimonio
1862 4232 2015 4273 com-

437 4309 723 4377 probatum
753 4320 837 4362 est
862 4330 874 4362 :
900 4309 1098 4379 quippe
1126 4325 1232 4363 non
1266 4310 1341 4363 ita
1371 4316 1619 4363 naturam
1651 4317 1892 4364 nostram
1915 4308 2012 4364 de-

436 4401 708 4470 εντίριιινο
740 4416 802 4453 ac
829 4400 1177 4471 designatura
1202 4401 1445 4457 deﬁnitio
1474 4401 1688 4466 fuisset,
1719 4401 1765 4456 si
1794 4400 2011 4471 quidem

2193 2312 2267 2366 Τὸ
2308 2313 2405 2384 μὲν
2441 2309 2535 2366 οῦν
2568 2312 2709 2366 κατὰ
2745 2312 2844 2383 τὴν
2866 2306 3207 2379 διαλεκτικὴν
3236 2306 3430 2378 τέχνην
3457 2306 3543 2359 διὰ
3571 2306 3698 2358 συλ-

2120 2405 2433 2474 λογιστικῆς
2465 2422 2525 2458 τε
2548 2406 2641 2459 καὶ
2666 2402 2995 2470 ἀναλυτικῆς
3015 2401 3323 2471 ἐπιστήμης
3352 2396 3699 2468 βεϐαιοῦσθαι

2120 2497 2213 2550 καὶ
2237 2496 2304 2549 τὰ
2335 2496 2581 2569 ἡμέτερα
2607 2496 2875 2567 δόγματα,
2902 2495 2977 2558 ὡς
3024 2493 3222 2564 σαθρόν
3243 2509 3302 2544 τε
3336 2492 3430 2544 καὶ
3459 2490 3699 2545 ὕποπτον

2118 2592 2198 2652 είς
2239 2587 2509 2653 ἀπόδειξιν
2546 2587 2803 2658 ἀληθείας
2846 2587 2907 2640 τὸ
2941 2584 3181 2640 τοιοῦτον
3226 2579 3363 2647 εἶδος
3400 2581 3494 2637 τοῦ
3536 2582 3697 2651 λόγου

2121 2680 2590 2752 παραιτησόμεθα.
2628 2681 2771 2733 Πᾶσι
2799 2679 2906 2749 γάρ
2943 2680 3058 2730 ἐστι
3089 2675 3351 2747 πρόδηλον
3372 2675 3433 2728 τὸ
3454 2675 3550 2745 τὴν
3581 2674 3701 2728 διας

2119 2770 2374 2840 λεκτικὴν
2400 2771 2716 2841 περιεργίαν
2736 2769 2856 2838 ίσην
2874 2770 2956 2837 ἐφ’
2980 2767 3216 2837 ἑκάτερα
3232 2765 3328 2837 τὴν
3352 2765 3504 2836 ἰσχὺν
3529 2764 3697 2835 ἔχειν,

2120 2860 2253 2929 πρός
2284 2876 2343 2912 τε
2369 2860 2468 2929 τὴν
2497 2861 2594 2929 τῆς
2628 2859 2885 2929 ἀληθείας
2931 2856 3262 2929 ἀνατροπὴν,
3294 2856 3387 2911 καὶ
3427 2857 3564 2927 πρὸς
3598 2857 3701 2927 τὴν

2113 2951 2209 3003 τοῦ
2239 2951 2468 3020 ψεύδους
2515 2952 2845 3023 κατηγορίαν
2876 2949 3010 3022 (67).
3056 2949 3223 3004 Ὀθεν
3259 2950 3353 3005 καὶ
3394 2949 3563 3021 αὐτὴν
3598 2949 3700 3020 τὴν

2114 3040 2390 3110 ἀλήθειαν,
2423 3043 2553 3094 ὅταν
2592 3042 2730 3112 μετά
2758 3058 2899 3105 τινος
2932 3039 3187 3110 τοιαύτης
3220 3041 3417 3112 τέχνης
3450 3041 3695 3112 προάγη-

2112 3147 2225 3192 ται,
2265 3131 2331 3185 δι’
2375 3132 2607 3201 ὑποψίας
2653 3132 2911 3196 πολλάκις
2954 3133 3289 3203 ποιούμεθα,
3326 3132 3402 3196 ὡς
3428 3132 3530 3203 τῆς
3571 3132 3702 3203 περὶ

2114 3218 2319 3289 ταύτης
2365 3221 2473 3290 (68)
2522 3221 2827 3291 δεινότητος
2880 3221 3368 3294 παρακρουομένης
3406 3221 3563 3293 ἡμῶν
3598 3223 3702 3290 τὴν

2114 3309 2373 3373 διάνοιαν,
2403 3312 2498 3365 καὶ
2530 3315 2630 3382 τῆς
2655 3312 2911 3383 ἀληθείας
2966 3313 3372 3384 ἀποσφαλείσης
3397 3313 3529 3385 (69).
3555 3314 3619 3366 Εἰ
3641 3312 3701 3367 δέ

2116 3418 2199 3464 τις
2225 3401 2316 3455 τὸν
2340 3402 2716 3455 ἀκατάσκευόν
2745 3419 2805 3455 τε
2843 3401 2937 3456 καὶ
2963 3402 3166 3472 γυμνὸν
3196 3402 3377 3472 πάσης
3407 3400 3700 3472 περιϐολῆς

2120 3493 2395 3565 προσίοιτο
2426 3492 2605 3560 λόγον,
2642 3492 2875 3563 ἐροῦμεν
2902 3493 2977 3557 ὡς
3018 3491 3085 3546 ἂν
3117 3491 3230 3563 (70)
3256 3487 3367 3546 οἷόν
3399 3508 3457 3544 τε
3555 3491 3699 3545 κατά

2120 3584 2212 3637 τὸν
2244 3583 2433 3655 εἱρμὸν
2455 3584 2550 3654 τῆς
2572 3583 2850 3653 γραφικῆς
2872 3583 3196 3653 ύφηγήσεως
3215 3581 3315 3653 τὴν
3339 3583 3468 3654 περὶ
3493 3581 3699 3636 τούτων

2115 3674 2348 3745 θεωρίαν
2374 3673 2763 3744 προσάγοντες.
2798 3673 2863 3726 Τί
2895 3669 2987 3726 οὖν
3014 3674 3160 3725 ἐστιν
3181 3672 3210 3726 ὃ
3236 3688 3414 3743 φαμεν
3448 3672 3561 3743 (71)
3585 3688 3601 3738 ;
3625 3673 3700 3726 Τὸ

2116 3767 2335 3834 λογικὸν
2367 3765 2525 3819 τοῦτο
2567 3765 2705 3830 ζῶον
2747 3768 2776 3818 ό
2817 3765 3101 3835 ἄνθρωπος
3130 3764 3223 3817 νοῦ
3255 3781 3315 3817 τε
3344 3764 3439 3818 καὶ
3468 3764 3698 3834 ἐπιστή-

2120 3875 2227 3928 μης
2257 3856 2504 3911 δεκτικόν
2546 3853 2708 3921 εἷναι,
2737 3856 2771 3927 ἢ
2807 3855 2922 3927 (72)
2954 3855 3104 3927 παρὰ
3139 3854 3248 3908 τῶν
3281 3854 3386 3919 ἔξω
3411 3854 3507 3908 τοῦ
3537 3854 3698 3923 λόγου

2116 3948 2211 4002 τοῦ
2240 3947 2361 4002 καθ’
2393 3950 2543 4018 ἡμᾶς
2575 3947 2990 4019 μεμαρτύρηται
3014 3987 3030 4010 ,
3061 3947 3160 4002 οὐκ
3188 3946 3255 4002 ἂν
3279 3946 3422 4001 οὕτω
3447 3946 3542 4001 τοῦ
3583 3949 3700 4019 ὀρι-

2121 4037 2258 4108 σμοῦ
2303 4037 2401 4109 τὴν
2438 4037 2598 4107 φύσιν
2641 4037 2797 4108 ἡμῶν
2826 4039 3251 4107 ύπογράφοντος,
3286 4037 3447 4109 εῐπερ
3491 4035 3698 4104 ἐνεώρα

2122 4129 2291 4199 θυμόν
2336 4146 2396 4182 τε
2438 4130 2535 4183 καὶ
2563 4129 2856 4200 ἐπιθυμίαν
2885 4125 2977 4183 καὶ
3004 4130 3074 4184 τά
3101 4129 3325 4184 τοιαῦτα
3359 4130 3536 4183 πάντα
3569 4145 3695 4181 συν-

2119 4221 2425 4291 ουσιωμένα
2455 4222 2521 4291 τῇ
2568 4220 2747 4288 φύσει.
2785 4220 2921 4273 Οὐδὲ
2959 4221 3068 4290 γὰρ
3106 4222 3192 4274 ἐπ’
3218 4220 3378 4275 ἄλλου
3405 4220 3550 4283 τινὸς
3571 4221 3698 4290 ὅρον

2122 4314 2187 4367 ἀν
2215 4330 2300 4376 τις
2346 4311 2570 4383 ἀποδοίη
2601 4312 2696 4366 τοῦ
2739 4312 3120 4384 ὑποκειμένου,
3161 4312 3221 4364 τὸ
3250 4312 3427 4365 κοινὸν
3454 4313 3572 4366 ἀντὶ
3601 4312 3695 4365 τοῦ

2126 4402 2256 4456 ίδίου
2278 4402 2474 4470 λέγων.

433 4502 486 4543 et
519 4492 854 4547 iracundiam
878 4532 891 4555 ,
920 4501 975 4548 et
1014 4493 1511 4563 concupiscentiam
1552 4501 1605 4548 et
1648 4494 1961 4564 bujusmodi
2003 4497 2186 4551 omnia
2234 4511 2355 4552 cum
2399 4502 2581 4550 nostra
2633 4503 2825 4550 natura
2863 4498 3012 4552 unita
3049 4508 3103 4553 et
3141 4498 3296 4568 quasi
3336 4498 3696 4554 coesscntiata

434 4691 527 4765 καὶ
552 4691 954 4765 ,ἐπιθυμητικὸν
985 4691 1085 4761 τῆς
1129 4691 1507 4765 ψυχῆς-μέρος
1531 4692 1783 4765 ’συζυγίᾳ
1822 4693 2015 4765 πώλων

434 4760 811 4834 animosa?)
835 4761 892 4834 δὲ
915 4760 1275 4831 διανοητικὺν,
1302 4760 1467 4834 ἦγουν
1494 4763 1585 4816 τὸν
1620 4760 1768 4827 νοῦν,
1793 4764 2011 4834 ἡνιόχῳ.

436 4829 647 4903 Itidem
671 4831 737 4883 ad
764 4832 940 4903 verba!
962 4829 1168 4903 textus,
1193 4829 1506 4903 qute'paulo
1533 4844 1653 4902 post
1670 4829 2012 4903 sequuntur,

433 4905 461 4952 ὁ
489 4900 836 4974 μετξὲριεῖνον
869 4900 1174 4974 φιλόσοφος,
1211 4900 1367 4974 legis,
1409 4900 1800 4974 Ἀριστοτέλης.

507 4969 620 5038 (59)
649 4970 807 5024 ’Ὅσα
835 4968 891 5026 θδ
919 4974 970 5026 ό.
1005 4972 1046 5023 Β
1070 4968 1172 5024 ὅσα
1202 4972 1249 5024 τ’
1270 4968 1391 5024 οὖν.

505 5038 618 5107 (60)
652 5040 962 5110 Τεχνικῶς.
993 5043 1035 5094 Β
1054 5042 1321 5111 τεχνικός.

663 5111 883 5185 Ῥυθμῷ
906 5129 1020 5165 τινι
1235 5112 1275 5163 Β
1300 5110 1558 5185 εύρύθμῳ
1583 5112 1691 5165 τινὶ
1724 5112 1928 5185 μέτρῳ.

509 5180 621 5251 (62)
654 5181 1056 5251 Ποιησώμεθα.
1084 5182 1126 5251 Β
1150 5180 1512 5251 ποιησόμεθα.

511 5250 625 5315 (63)
656 5250 895 5315 mitrae.
916 5252 956 5303 Β
984 5250 1173 5305 εἰπὼν.

510 5320 623 5388 (64)
646 5319 799 5373 Οὐδὲ
819 5320 950 5389 γάρ.
977 5320 1019 5373 Β
1050 5321 1111 5373 ού
1139 5321 1269 5392 γάρ.

515 5473 587 5546 ιιι)
621 5472 877 5546 Scholion
901 5475 955 5529 in
976 5472 1166 5546 Graeco
1193 5478 1499 5546 appositum
1523 5495 1537 5530 :
1560 5476 1717 5531 Plato
1747 5478 1809 5531 dc
1830 5481 2009 5532 anima

442 5544 715 5618 dialogum
750 5545 892 5618 fecit,
933 5560 1082 5615 quem
1110 5543 1434 5618 Plueidonem
1483 5547 1792 5617 inscripsit:
1824 5550 1878 5601 in
1907 5564 2008 5618 quo

440 5633 533 5671 cus
555 5614 762 5683 quidem
783 5614 976 5685 animat
998 5625 1195 5683 partes,
1229 5616 1281 5669 in
1309 5616 1494 5680 quibus
1528 5626 1578 5669 et
1608 5614 2009 5685 concupisceudi

445 5687 523 5745 eis
566 5692 615 5740 et
644 5685 847 5742 irarum
879 5684 1041 5741 ardor
1070 5687 1295 5743 exsistit.
1339 5688 1462 5748 pari
1502 5684 2015 5759 pullornmrquino-

2198 4695 2311 4767 (65)
2343 4696 2495 4751 Οὺδε
2524 4714 2577 4751 τ.
2605 4703 2658 4754 0.
2692 4699 2733 4750 Β
2759 4697 2908 4767 οὐδὲν
2929 4714 2979 4753 τ.
3008 4695 3058 4749 θ.

2217 4764 2307 4832 66)
2335 4767 2834 4822 Συνουσιοῦσθαι.
2864 4766 2906 4818 Β
2933 4764 3341 4819 πνουσιῶσθαι.

2342 4836 2534 4913 [ὴν-τ.
2563 4840 2630 4913 ψ.
2673 4854 2878 4913 statim:
2915 4836 2958 4890 Β
2985 4836 3083 4913 τῂν
3113 4851 3311 4913 ζατηγ.
3345 4853 3393 4890 τ.
3425 4836 3485 4905 ψ.

2336 4907 2476 4978 Περὶ
2502 4904 2742 4978 ταύτης.
2774 4908 2816 4959 Δ
2835 4904 2883 4959 ’Β
2908 4904 3251 4978 ῃρίταῦταἲ

2195 4972 2307 5048 (69)
2346 4972 2861 5048 ξἈποσφαλείσξης.
2891 4972 2997 5048 ΑΛΒ
3022 4972 3489 5048 ἀποσφαλλούσης.

2212 5046 2302 5111 70)
2344 5046 2442 5111 Ὠς
2467 5044 2562 5111 dy.
2605 5048 2647 5098 Δ
2680 5046 2720 5097 Β
2746 5047 2894 5109 ὅπως
2924 5044 3007 5098 ἄν.

2210 5110 2298 5181 71)
2330 5116 2391 5168 Τί
2415 5110 2528 5169 οὖν
2542 5117 2713 5170 ἐστιν
2733 5115 2766 5168 ὅ
2784 5130 2996 5183 φαμεν.
3016 5115 3070 5169 In
3094 5117 3243 5173 calce
3263 5115 3469 5174 codicis
3486 5118 3525 5172 Α
3551 5120 3691 5175 hanc

2118 5184 2332 5256 invenis
2352 5195 2567 5256 notam,
2599 5186 2825 5256 ὁρισμὸς
2846 5184 2947 5255 τῆς
2974 5185 3180 5250 οὐσίας.

2191 5255 2302 5325 (72)
2336 5255 2421 5309 Ἦ.
2458 5256 2499 5307 Β
2521 5256 2633 5307 καί.

2119 5496 2237 5563 rum
2263 5481 2446 5563 currui
2474 5482 2911 5563 subjuuctorum:
2941 5497 3165 5563 nteit/em
3198 5497 3372 5541 autem
3408 5504 3499 5563 seu
3538 5487 3689 5540 illam

2115 5556 2469 5625 anintwvim.
2518 5569 2623 5623 qua
2669 5564 2718 5608 et
2749 5556 2927 5625 animo
2972 5559 3257 5625 agitamus,
3312 5558 3604 5625 cogitamus
3638 5566 3688 5609 et

2115 5621 2604 5694 guintndvertimus,
2651 5624 2852 5694 auriga:
2883 5621 3219 5694 assimilavit.
3266 5621 3398 5681 11ωέ
3429 5636 3605 5680 autem
3633 5626 3691 5679 in

2120 5689 2388 5748 Phtedonc
2415 5709 2516 5748 nou
2546 5702 2687 5762 sunt,
2719 5689 2809 5749 sed
2836 5696 2886 5749 in
2912 5693 3162 5755 Phadro.
