4046 6350
378 300 448 361 ετ
1453 314 1537 369 DE
1574 313 1790 370 ANIMA
1833 314 1918 369 ΕΤ
1959 314 2559 372 ιιΕδυιὶιιΕειιοΝε.
3564 316 3634 374 Μ

380 429 542 489 atque
588 424 1065 481 consubstantiata
1109 444 1231 485 esse
1290 429 1519 488 videret.
1560 433 1694 488 Nam
1742 448 1844 490 nec
1885 433 1938 488 in
1969 433 2078 488 ulla
2116 430 2338 505 quidem
2389 432 2494 485 alia
2535 445 2614 496 re,
2659 429 2781 484 loco
2824 430 3029 500 proprii
3072 444 3363 485 commune
3402 447 3632 502 ponens,

386 512 617 581 subjecti
647 514 941 584 quisquam
967 518 1203 573 ediderit
1225 520 1623 579 deﬁnitionem.

463 602 616 657 Ἐπεὶ
642 602 736 659 οὖν
769 606 834 659 τὸ
861 608 1258 681 ἐπιθυμητικόν
1285 629 1342 665 τε
1371 613 1462 666 καὶ
1504 615 1785 687 θυμοειδὲς
1815 615 1953 671 κατά

2131 611 2401 678 Quoniam
2458 610 2623 682 igitur
2665 620 2721 668 et
2770 610 3199 682 concupiscemli
3254 626 3308 666 et
3359 611 3635 668 irascendi

379 692 443 747 τὸ
471 695 583 747 ῐσον
628 697 726 748 καὶ
755 698 846 750 ἐπὶ
879 698 978 768 τῆς
1010 700 1205 769 ἀλόγου
1250 721 1309 756 τε
1349 706 1443 759 καὶ
1488 706 1710 777 λογικῆς
1746 708 1981 777 φύσεως·

381 784 702 857 καθορᾶται,
724 791 823 841 οὐκ
842 791 906 843 ἄν
926 809 1009 855 τ;ς
1033 793 1271 862 εὐλόγως
1292 796 1357 848 ἐκ
1378 796 1468 849 τοῦ
1490 798 1670 851 κοινοῦ
1691 816 1959 871 χαρακτη-

384 877 523 947 ρίζει
549 878 662 950 (75)
695 880 756 932 τὸ
788 880 934 935 ἴδιον.
974 885 1039 936 "0
1067 883 1124 937 δὲ
1154 886 1291 957 πρὸς
1321 886 1419 958 τὴν
1443 888 1542 956 τῆς
1584 888 1796 957 φύσεως
1830 890 1960 941 ὐπο-

378 970 597 1041 γρανρὴν
638 972 892 1043 περιττόν
937 974 1051 1043 (74)
1094 993 1154 1028 τε
1204 976 1298 1030 καὶ
1347 978 1669 1049 ἀπόϐλητον,
1716 980 1832 1043 πῶς
1875 978 1960 1032 ἕν-

379 1078 528 1115 εστιν
557 1063 671 1133 (75)
704 1064 778 1127 ὡς
816 1066 983 1137 μέρος
1024 1067 1123 1137 τῆς
1149 1067 1383 1137 φύσεως,
1413 1070 1500 1123 ἐπ’
1524 1073 1804 1142 ἀνατροπῇ
1845 1071 1956 1142 (76)

377 1154 475 1208 τοῦ
506 1156 632 1227 ὅρου
662 1157 764 1227 τὴν
806 1158 961 1227 ίσχὺν
1005 1159 1181 1228 ἔχεως
1217 1162 1332 1223 Πᾶς
1364 1176 1471 1232 γαρ
1499 1162 1725 1232 ὁρισμὸς
1774 1163 1959 1226 οὐσίας

378 1247 516 1317 πρὸς
542 1248 603 1301 τὸ
626 1249 756 1302 τδιον
781 1250 876 1303 τοῦ
898 1252 1255 1322 ὑποκειμένου
1276 1253 1479 1324 βλέπει.
1508 1255 1600 1319 Ὀ,
1622 1272 1677 1308 τι
1704 1255 1748 1307 δ’
1770 1255 1835 1309 ἂν
1854 1255 1959 1321 ἔξω

376 1338 475 1391 τοῦ
508 1338 796 1404 ίδιάζοντος
819 1336 875 1413 ᾗ,
911 1342 986 1405 ὡς
1021 1343 1297 1415 ἀλλότριον
1340 1347 1646 1415 παρορᾶται
1684 1347 1777 1399 τοῦ
1807 1348 1953 1416 ὅρου.

392 1430 553 1485 Ἀλλὰ
583 1433 744 1503 μὴνὴ
779 1434 919 1487 κατά
948 1434 1118 1503 θυμόν
1148 1453 1209 1487 τε
1249 1438 1342 1489 καὶ
1375 1436 1670 1507 ὲπιουμίαν
1711 1437 1958 1509 ἐνέργεια

378 1519 535 1587 κοινὴ
581 1521 761 1590 πάσης
800 1516 941 1574 εἶναι
988 1524 1087 1592 τῆς
1127 1524 1353 1594 λογικῆς
1390 1542 1451 1578 τε
1497 1527 1590 1580 καὶ
1621 1527 1732 1596 (77)
1762 1526 1957 1596 ἀλόγου

378 1609 599 1677 φύσεως
621 1613 978 1681 ὁμολογεῖται.
1016 1617 1130 1669 Πᾶν
1159 1616 1213 1669 δὲ
1242 1617 1301 1669 τὸ
1330 1617 1525 1681 κοινὸν,
1556 1619 1614 1671 οὐ
1634 1619 1823 1671 ταύτόν
1843 1621 1958 1672 ἐστι

378 1700 459 1771 τῷ
490 1702 762 1766 ἰδιάζοντι.
808 1706 1043 1777 ’Λνάγκη
1083 1708 1192 1779 ἄρα
1238 1708 1325 1762 διά
1370 1709 1574 1762 τούτων
1619 1712 1754 1773 ἐστὶ,
1800 1710 1872 1781 μὴ
1902 1712 1958 1763 ὲν

376 1791 589 1856 τούτοις
636 1792 774 1848 εἶναι
819 1797 992 1851 ταῦτα
1040 1799 1370 1868 λογίζεσθαι,
1409 1803 1467 1853 ἐν
1517 1795 1596 1864 οἷς
1646 1801 1958 1870 κατεξαίρε-

261 1948 269 1953 _
375 1899 472 1937 τον
504 1883 681 1958 (78)ή
721 1887 1034 1961 ἀνθρωπίνη
1081 1892 1543 1962 χαρακτηρίζεται
1590 1893 1768 1961 φύσις.
1818 1894 1956 1946 Ἀλλ’

2058 704 2140 758 vis
2162 704 2443 772 :equaliter
2471 718 2689 774 quoque
2739 711 2849 757 tam
2875 703 2928 758 in
2958 703 3184 759 rationis
3224 716 3445 772 experte
3469 721 3633 773 quam

2016 795 2291 850 .rationis
2336 802 2591 863 compote
2648 794 2895 849 cernitur
2945 804 3165 859 natura,
3224 794 3373 847 nulla
3423 795 3634 849 ratione

2057 898 2158 938 nec
2188 895 2334 939 recte
2362 885 2490 954 quis
2524 900 2620 954 per
2642 899 2989 939 communem
3016 894 3222 946 notam,
3253 885 3305 939 id
3329 885 3473 954 quod
3511 901 3632 953 pro-

2057 973 2234 1043 prium
2274 982 2361 1029 est
2403 974 2792 1046 designaverit.
2856 974 3012 1040 Quod
3072 982 3252 1027 autem
3293 976 3356 1027 ad
3420 984 3631 1028 naturae

2058 1063 2496 1135 designationem
2540 1080 2940 1135 supervacuum
2991 1080 3056 1119 ac
3111 1064 3471 1133 rejiciendum
3524 1072 3630 1126 est,

2056 1174 2166 1228 quo
2190 1166 2349 1227 pacto
2383 1166 2644 1228 tanquam
2695 1172 2822 1228 pars
2856 1165 3088 1221 naturae,
3146 1166 3327 1227 potest
3361 1156 3426 1210 ad
3486 1173 3634 1210 ever-

2058 1251 2266 1305 sionem
2293 1250 2633 1305 deﬁnitiouis
2669 1251 2815 1304 vires
2842 1249 3078 1304 habere?
3100 1249 3291 1303 Omnis
3324 1248 3467 1302 enim
3497 1247 3632 1300 deli-

2058 1340 2198 1394 nitio
2228 1340 2574 1402 substantiae,
2610 1337 2890 1408 proprium
2924 1336 3157 1405 subjecti
3185 1341 3413 1404 spectat.
3458 1331 3632 1397 Quid—

2057 1429 2187 1499 quid
2213 1437 2394 1483 autem
2435 1440 2591 1482 extra
2641 1426 3075 1497 peculiaritatem
3122 1439 3186 1478 ac
3242 1423 3628 1493 proprietatem

2057 1521 2245 1585 fuerit,
2304 1529 2564 1589 tanquam
2598 1535 2627 1571 a
2688 1516 3290 1571 delinitione’alienum
3330 1513 3634 1582 despicitur

2057 1619 2219 1681 atque
2275 1610 2687 1665 contemnitur..
2722 1608 2877 1676 Atqui
2949 1615 3059 1659 tam
3119 1604 3392 1661 irascendi
3467 1618 3630 1672 quam

2057 1702 2482 1772 concupiscenti
2536 1702 2641 1754 vim
2710 1708 2873 1769 atque
2929 1697 3271 1752 eﬁieientiam
3320 1710 3443 1750 cum
3481 1694 3629 1748 omni

2057 1804 2256 1849 natura
2309 1802 2418 1847 tam
2458 1792 2708 1846 rationali
2764 1806 2928 1862 quam
2982 1788 3284 1843 irrationali
3344 1802 3633 1841 commune

2059 1902 2181 1942 esse
2236 1894 2473 1939 constat.
2512 1883 2789 1953 Quidquid
2829 1889 3010 1935 autem
3060 1894 3349 1933 commune
3383 1887 3487 1941 est,
3521 1893 3630 1930 non

378 1971 571 2044 ὥσπερ
608 1976 667 2027 τὸ
699 1976 1012 2048 αίσθητικὸν
1041 1980 1217 2033 καὶτὸ
1237 1979 1525 2051 θρεπτικὸν
1555 1982 1645 2034 καὶ
1670 1981 1957 2052 αὐξητικὸν

2062 1978 2205 2033 idem
2234 1992 2359 2030 cum
2401 1976 2666 2046 peculiari
2696 1983 2795 2029 est.
2844 1971 3170 2027 Necessario
3200 1971 3366 2040 igitur
3398 1985 3492 2039 per
3520 1970 3633 2022 lucc

376 2067 439 2118 ὲν
463 2068 595 2136 ἡμῖν
624 2085 709 2130 τις
738 2069 859 2122 ἰδὼν
896 2071 998 2124 οὐκ
1032 2071 1253 2125 ἀναλύει
1282 2072 1368 2125 διὰ
1406 2074 1607 2126 τούτων
1636 2073 1725 2127 τὸν
1762 2075 1954 2127 ἀποδο-

377 2154 541 2207 οέντα
564 2155 664 2224 τῆς
685 2156 863 2227 ψυχῆς
889 2159 999 2229 (79)
1026 2160 1149 2230 ὅρον
1190 2162 1271 2230 (οὐ
1296 2161 1402 2232 γὰρ
1424 2162 1607 2233 ἐπειδὴ
1628 2162 1783 2215 τοῦτό
1808 2166 1953 2216 ἐστιν

377 2246 438 2297 ὲν
466 2248 533 2316 τῇ
564 2245 731 2318 ψυχῇ,
759 2248 933 2300 ἐκεῖνο
960 2249 1058 2302 οὐκ
1096 2249 1286 2315 ἔστιν),
1320 2250 1460 2303 οὕτω
1492 2251 1586 2303 καὶ
1619 2251 1685 2304 τὰ
1719 2252 1841 2322 περὶ
1865 2253 1953 2305 τὸν

376 2336 550 2406 θυμὸν
593 2339 687 2390 κα)⁸
737 2340 835 2408 τὴν
881 2340 1175 2410 ἐπιθυμίαν
1209 2346 1547 2413 κατανοήσας
1595 2343 1694 2412 τῆς
1741 2342 1954 2411 φύσεως

376 2426 537 2496 ἡμῶν
562 2429 681 2498 κινή
692 2446 855 2497 ματα,
878 2432 976 2483 οὐκ
994 2430 1059 2485 ἂν
1084 2431 1195 2502 (80)
1225 2433 1459 2501 εὐλόγοις
1483 2434 1560 2503 τῷ
1582 2435 1692 2505 ὅρῳ
1709 2434 1953 2505 μάχοιτο,

376 2515 456 2577 ὡς
488 2515 747 2580 ὲλλειπῶς
782 2518 893 2587 (81)
925 2519 1285 2590 ὲνδειξαμένῳ
1315 2522 1413 2591 τὴν
1436 2522 1614 2588 φύσιν.

2062 2071 2314 2141 sequitur
2346 2076 2404 2122 ιιι
2450 2069 2565 2122 Ιιιιευ
2601 2070 2654 2121 in
2697 2067 2809 2121 illis
2838 2081 2948 2119 non
2982 2080 3104 2120 esse
3128 2064 3505 2117 existimemus
3536 2076 3631 2130 per

2061 2178 2180 2232 qua:
2203 2160 2473 2231 praecipue
2490 2158 2807 2227 designatur
2828 2156 3065 2210 humana
3088 2165 3298 2206 natura.
3320 2150 3423 2205 Sed
3442 2166 3632 2220 quem-

2060 2252 2353 2307 admodum
2389 2251 2434 2304 si
2476 2250 2599 2318 quis
2641 2245 2942 2310 sentiendi,
2990 2243 3262 2298 nutriendi
3296 2253 3350 2296 et
3398 2242 3630 2309 augendi

2060 2346 2170 2398 vim
2221 2344 2276 2397 in
2326 2344 2487 2397 nobis
2524 2341 2898 2409 conspicatus,
2937 2353 3032 2407 per
3070 2339 3185 2390 haec
3247 2351 3353 2387 non
3406 2332 3632 2387 resolvit

2063 2437 2258 2490 anima:
2284 2436 2714 2489 demonstratam
2754 2431 3124 2485 deﬁnitionem
3167 2429 3298 2496 (non
3331 2426 3474 2481 enim
3496 2441 3633 2493 quo-

2066 2524 2211 2578 niam
2247 2524 2351 2577 hoc
2378 2534 2465 2577 est
2493 2523 2546 2575 in
2573 2522 2776 2585 anima,
2808 2520 2937 2573 illud
2963 2535 3069 2573 non
3097 2520 3226 2587 est),
3255 2516 3444 2571 eodem
3469 2515 3629 2569 nrodo

376 2609 424 2663 si
464 2609 588 2678 quis
628 2619 837 2663 natura:
876 2621 1082 2666 nostrae
1142 2614 1289 2666 circa
1339 2614 1680 2669 iracundiam
1735 2624 1789 2670 et
1848 2617 2350 2687 concupiscentiam
2400 2624 2581 2670 motus
2630 2612 3046 2679 animadvertit,
3097 2626 3207 2666 non
3260 2612 3423 2665 etiam
3484 2617 3629 2663 recte

380 2704 754 2756 deﬁnitionem
782 2712 1076 2773 oppugnet,
1124 2713 1181 2758 ut
1220 2721 1340 2773 quae
1371 2707 1556 2760 minus
1587 2707 1921 2761 suiIicienter
1961 2716 2215 2761 naturam
2245 2706 2572 2762 ostenderit.

457 2809 517 2863 Γ.
540 2809 606 2862 Τί
624 2804 718 2864 οὖν
732 2809 837 2881 χρὴ
855 2812 982 2881 περὶ
992 2811 1180 2864 τούτου
1199 2812 1309 2880 (82)
1327 2810 1635 2878 γινώσκειν,
1658 2808 1807 2865 εἷπον
1826 2812 1960 2882 πρὸς

2126 2813 2191 2868 G.
2223 2811 2366 2880 Quid
2390 2813 2575 2884 igitur,
2604 2813 2825 2882 inquam
2855 2813 2921 2868 ad
2948 2815 3288 2884 magistram,
3320 2815 3386 2870 de
3404 2815 3491 2871 his
3517 2826 3626 2872 sta-

387 2902 485 2971 τὴν
514 2900 862 2960 διδάσκαλονς
889 2901 1056 2955 Οὔπω
1083 2903 1191 2973 γὰρ
1211 2898 1322 2966 οἶός
1342 2904 1399 2955 τέ
1423 2905 1536 2971 εἰμι
1555 2903 1790 2956 κατιδεῖν
1806 2904 1955 2966 ὅπως

2056 2911 2212 2956 tuere
2242 2909 2297 2955 et
2326 2900 2537 2955 sentire
2570 2901 2822 2971 Oportet?
2845 2901 3085 2957 nondum
3116 2903 3260 2957 enim
3285 2903 3627 2958 animadver-

387 2993 652 3061 προσήκει
695 2991 764 3046 τὰ
796 2994 853 3046 ὲν
890 2994 1013 3063 ημῖν
1044 2994 1193 3053 ὄντα.
1229 2994 1302 3057 ὡς
1328 2994 1582 3063 ἀλλότρια
1611 2994 1710 3063 τῆς
1745 2994 1955 3061 φύσεως

2056 3002 2170 3045 tere
2209 3005 2435 3059 possum
2475 3006 2585 3062 quo
2616 2999 2779 3061 pacto
2809 2993 3101 3047 conveniat
3126 3008 3190 3047 ea
3231 3008 3353 3062 qua:
3385 2995 3437 3047 in
3471 2996 3629 3049 nobis

386 3083 541 3152 ἡμῶν
568 3085 970 3140 ἀποποιεῖσθαι.
1000 3087 1155 3140 -Μ.
1188 3085 1372 3157 Ὁρᾷς.
1393 3089 1578 3157 φησιν,
1596 3088 1679 3140 ὅτι
1702 3087 1848 3158 μάχη
1872 3090 1954 3151 τίς

2056 3085 2268 3147 insunt,
2313 3091 2572 3154 tanquam
2605 3084 2782 3137 aliena
2821 3099 2850 3138 a
2883 3092 3081 3139 natura
3115 3092 3304 3140 nostra
3340 3101 3628 3157 segregare

385 3174 499 3225 loti
526 3172 621 3227 τοῦ
649 3172 907 3244 λογισμοῦ
927 3175 1064 3243 πρὸς
1084 3177 1278 3242 ταῦτα,
1306 3176 1400 3230 καὶ
1431 3177 1630 3247 σπουδὴ
1652 3176 1745 3230 τοῦ
1780 3196 1949 3248 μονω-

2057 3184 2222 3243 atque
2234 3174 2689 3245 repudiare.—M.
2708 3175 2897 3240 Vides,
2918 3176 3115 3247 inquit,
3129 3180 3275 3247 quod
3289 3192 3467 3249 pugna
3480 3191 3631 3247 qua-

383 3268 541 3336 θῆναι
566 3268 664 3339 τὴν
702 3268 880 3340 ψυχὴν
905 3269 1131 3336 τούτων,
1159 3272 1231 3334 ὡς
1261 3270 1327 3323 ἂν
1354 3266 1463 3323 οἷόν
1492 3287 1577 3333 τις
1610 3269 1722 3341 (85)
1840 3270 1948 3323 Καί

2058 3264 2181 3319 dam
2201 3266 2431 3321 rationis
2447 3265 2712 3323 adversus
2731 3267 2845 3322 haec
2865 3268 3009 3329 sit,et
3031 3270 3296 3328 studium,
3312 3270 3490 3329 onoad
3505 3270 3626 3332 eius

380 3358 485 3410 είσί
506 3358 570 3425 γέ
600 3375 744 3421 τινες
776 3353 857 3420 οἷς
886 3358 1295 3430 κατώρθωταιή
1330 3359 1555 3430 σπουδὴ.
1574 3358 1825 3430 καθάπερ
1854 3360 1942 3411 ἐπὶ

2063 3356 2178 3409 ﬁeri
2209 3354 2404 3425 possit,
2433 3353 2666 3406 animam
2704 3352 2772 3406 ab
2800 3352 2885 3419 liis
2933 3348 3224 3420 separandi
3251 3356 3415 3419 atque
3456 3364 3632 3419 segre-

378 3449 471 3502 τοῦ
492 3450 766 3513 Μωῦσὲως
791 3451 1079 3521 ἀκούομεν,
1108 3453 1187 3504 ὃτι
1208 3453 1468 3520 κρείττων
1487 3448 1552 3520 ἦν
1570 3450 1743 3520 θυμοῦ
1768 3468 1824 3504 τε
1849 3452 1944 3503 καὶ

2059 3445 2243 3516 gandi.
2275 3444 2351 3499 Ac
2374 3454 2501 3498 sunt
2530 3458 2664 3499 sane
2699 3443 2969 3509 nonnulli,
3017 3442 3219 3513 quibus
3241 3441 3345 3496 hoc
3392 3441 3630 3496 studium

379 3533 674 3604 ἐπιθυμίας
730 3535 969 3598 ἐκεῖνος,
1030 3536 1316 3607 ἀμφότερα
1369 3538 1751 3609 μαρτυρούσης
1807 3540 1954 3611 αὐτῷ

2060 3550 2325 3607 prospere
2380 3534 2672 3600 successit,
2707 3534 2911 3605 quique
2962 3534 3014 3588 id
3076 3532 3220 3603 quod
3260 3532 3632 3602 quasiverunt

378 3620 476 3691 τῆς
508 3622 767 3692 ίστορίας,
792 3624 874 3676 ὅτι
904 3623 1017 3689 (84)
1043 3627 1214 3695 πρᾷος
1238 3622 1305 3696 ἦν
1332 3627 1483 3696 παρά
1513 3628 1721 3689 πάντας
1753 3629 1955 3700 ἀνθρώ-

2060 3627 2296 3682 assecuti
2353 3634 2504 3690 sunt,
2561 3624 3020 3695 quemadmodum
3075 3623 3143 3678 de
3190 3622 3374 3693 Moyse
3422 3618 3632 3674 audivi-

379 3729 513 3774 πους
542 3714 892 3781 (ἐνδείκνυται
925 3714 982 3767 δὲ
1007 3716 1069 3768 τὸ
1103 3716 1368 3789 ἀόργητον
1391 3719 1480 3771 διὰ
1503 3718 1595 3771 τοῦ
1628 3721 1825 3790 πρᾴου,
1861 3723 1955 3775 καὶ

2061 3734 2205 3780 mus,
2234 3717 2381 3787 quod
2409 3718 2455 3771 is
2491 3732 2589 3771 nec
2622 3716 2689 3769 ab
2717 3716 2796 3768 ira
2821 3731 2920 3769 nec
2948 3729 2977 3768 a
3012 3713 3457 3783 concupiscentia
3487 3709 3632 3764 vinci

378 3802 476 3873 τὴν
509 3803 643 3873 πρὸς
691 3803 781 3856 τὸν
810 3803 978 3873 θυμὸν
1017 3803 1412 3876 ἀλλοτρίωσιν),
1441 3806 1533 3859 καὶ
1561 3808 1641 3860 ὄτι
1681 3809 1781 3861 οὐκ
1824 3810 1951 3862 ἑπε-

2062 3824 2125 3864 ac
2156 3809 2403 3878 superari
2436 3816 2643 3877 posset,
2691 3807 2979 3876 utriusque
3027 3806 3106 3859 rei
3152 3803 3524 3858 testimonium
3578 3800 3631 3855 ei

380 3893 589 3965 ούμησε
618 3894 821 3947 τούτων
849 3894 1012 3957 τινὸς,
1048 3895 1175 3966 περὶ
1201 3895 1237 3949 ἀ
1268 3895 1483 3967 ὁρῶμεν
1511 3898 1568 3948 ὲν
1600 3901 1712 3960 τοῖς
1741 3898 1953 3963 πολλοῖς

2060 3901 2383 3971 perliibente
2400 3899 2659 3966 historia,
2680 3897 2825 3970 quod
2849 3906 2903 3952 et
2927 3897 3066 3951 lenis
3089 3897 3344 3964 mitisque
3369 3900 3516 3949 esset
3540 3908 3634 3947 su-

378 3987 440 4040 τδ
463 3987 853 4057 ἐπιθυμητικὸν
886 3988 1293 4058 ἐνεργούμενον.
1336 3990 1513 4060 Ὅπερ
1539 3990 1639 4042 οὐκ
1675 3990 1741 4044 ἂν
1771 3991 1953 4059 ἐγένε-

2060 4009 2158 4064 pra
2188 4007 2380 4047 omnes
2408 3993 2656 4047 homines
2676 3993 2793 4062 (per
2818 3992 3093 4045 lenitatem
3113 3999 3295 4043 autem
3326 3995 3381 4041 et
3398 3988 3636 4040 elemen-

376 4078 588 4147 το(85),
611 4081 658 4131 εἰ
680 4079 837 4146 φύσις
856 4075 921 4149 ἦν
944 4078 1137 4145 ταῦτα,
1158 4080 1251 4134 καὶ
1269 4081 1347 4143 είς
1366 4081 1454 4133 τὸν
1480 4080 1635 4149 λόγον
1649 4083 1747 4152 τῆς
1767 4083 1953 4146 οὐσίας

2058 4087 2191 4140 tiam
2226 4086 2320 4140 irae
2349 4088 2595 4140 vacuitas
2639 4094 2693 4139 et
2728 4086 2797 4140 ab
2838 4082 3121 4138 iracundia
3162 4081 3373 4135 alienus
3418 4079 3635 4135 animus

378 4171 626 4240 ἀνήγετο.
655 4171 729 4223 υύ
768 4170 876 4242 γάρ
910 4173 1023 4225 ἐστι
1055 4172 1277 4226 δυνατὸν
1308 4173 1399 4227 τὸν
1437 4172 1541 4237 ἔξω
1568 4176 1824 4242 γεγονότα
1854 4176 1953 4245 τῆς

2060 4176 2411 4245 ostenditur),
2462 4183 2518 4230 et
2556 4174 2701 4245 quod
2746 4190 2852 4227 non
2889 4170 3302 4239 concupisceret
3336 4165 3633 4236 quidquam

380 4261 593 4329 φύσεως
623 4264 680 4315 ὲν
700 4262 778 4331 τῷ
809 4258 947 4315 εἶναι
982 4263 1184 4333 μένειν.
1220 4265 1378 4317 Ἀλλά
1406 4265 1510 4335 μὴν
1532 4268 1579 4318 εί
1608 4266 1813 4335 Μωσῆς
1838 4266 1951 4339 (86)

2059 4282 2246 4323 eorum
2278 4268 2423 4321 circa
2458 4281 2577 4336 quae
2614 4267 2667 4319 in
2714 4266 2988 4335 plerisque
3017 4261 3331 4317 hominibus
3358 4259 3465 4313 vim
3502 4273 3636 4312 con-

380 4354 473 4406 καὶ
504 4354 561 4405 ἐν
601 4352 679 4422 τῷ
706 4348 843 4406 εἶναι
875 4349 962 4424 ἦν,
994 4354 1087 4407 καὶ
1120 4357 1177 4407 ὲν
1225 4354 1431 4419 τούτοις
1474 4356 1573 4408 οὐκ
1604 4352 1693 4427 ἦν,
1743 4356 1869 4409 ἄλλο
1898 4375 1951 4410 τι

2060 4356 2377 4427 cupiscendi
2422 4362 2742 4425 occupatam
2785 4368 2905 4408 esse
2935 4351 3200 4406 videmus.
3225 4346 3382 4415 Quod
3424 4362 3534 4401 non
3584 4348 3632 4400 ei

378 4442 488 4512 ἄρα
518 4442 667 4513 παρά
696 4443 795 4514 τὴν
831 4444 990 4512 φύσιν
1033 4446 1149 4498 ἐστὶ
1176 4446 1369 4510 ταῦτα,
1409 4448 1501 4499 καὶ
1527 4447 1646 4518 οὐχὶ
1681 4447 1859 4512 φύσις.
1889 4450 1951 4501 Ei

2059 4445 2420 4517 contingeret,
2440 4448 2484 4501 si
2516 4454 2710 4500 natura
2737 4445 2851 4499 haec
2874 4449 3146 4507 essent,et
3166 4441 3233 4495 ad
3256 4439 3520 4493 rationem
3548 4454 3635 4492 es-

377 4534 486 4605 γάρ
505 4534 619 4603 (87)
646 4535 861 4603 ἀληθῶς
887 4537 1046 4605 φύσις
1068 4536 1224 4590 τοῦτό
1252 4538 1397 4590 ἐστιν
1419 4537 1553 4607 (88),
1576 4540 1634 4590 ὲν
1663 4532 1707 4606 ᾧ
1727 4539 1787 4591 τὸ
1811 4535 1951 4592 εἶναι

2058 4537 2251 4592 sentiae
2276 4538 2634 4593 referrentur.
2664 4534 2805 4589 Fieri
2835 4534 2982 4588 enim
3005 4548 3113 4587 non
3150 4538 3348 4602 potest,
3393 4537 3450 4583 ut
3480 4535 3633 4583 extra

377 4625 478 4695 τῆς
505 4626 689 4689 οὐσίας
713 4627 1212 4697 καταλαμϐάνεται,
1236 4628 1439 4682 τούτων
1466 4629 1522 4681 δὲ
1542 4632 1574 4700 ἡ
1599 4630 1952 4701 ἀλλοτρίωσις

2057 4637 2310 4682 naturam
2334 4629 2667 4684 constitutus
2692 4628 2745 4680 in
2768 4641 2889 4680 esse
2909 4631 3144 4678 maneat.
3170 4620 3331 4691 Atqui
3357 4621 3402 4675 si
3422 4618 3634 4690 Moyses

378 4714 463 4783 ἐφ’
495 4716 622 4784 ημῖν
652 4718 846 4779 κεῖται,
881 4715 956 4778 ὠς
989 4715 1062 4786 μὴ
1093 4715 1252 4785 μόνον
1281 4714 1533 4784 ἀζήμιον,
1566 4714 1702 4770 ἀλλά
1724 4716 1815 4770 καὶ
1840 4717 1953 4769 ἑπι-

2058 4726 2112 4774 et
2142 4720 2196 4773 in
2235 4734 2359 4774 esse
2391 4728 2528 4783 erat,
2562 4727 2616 4773 et
2648 4720 2700 4772 in
2737 4718 2821 4772 his
2852 4732 2958 4771 non
2984 4722 3123 4780 erat,
3150 4714 3298 4769 aliud
3327 4727 3457 4784 ergo
3476 4710 3628 4782 quid-

376 4803 567 4873 κερδὲς
596 4803 707 4874 (89)
736 4801 873 4856 εἶναι
907 4806 972 4874 τῇ
1005 4803 1163 4871 φύσει
1196 4803 1287 4856 τὸν
1314 4804 1620 4875 ἀφανισμὸν
1641 4804 1751 4858 τῶν
1778 4805 1955 4857 τοιού-

2062 4810 2206 4881 piam
2236 4818 2398 4879 atque
2428 4819 2644 4872 natura,
2675 4810 2788 4863 bam
2821 4816 2972 4871 sunt,
2997 4815 3053 4863 et
3077 4821 3186 4861 non
3234 4811 3452 4859 natura.
3502 4802 3633 4869 Qua:

375 4913 503 4950 των.
540 4894 705 4967 Δῆλον
728 4890 820 4949 οὖν
849 4897 931 4950 ὅτι
967 4894 1075 4948 τῶν
1101 4895 1299 4962 ἔξωθεν
1328 4896 1807 4968 ὲπιΟεωρουμένων
1837 4898 1953 4950 ἐστὶ

2058 4902 2201 4956 enim
2237 4917 2363 4957 vere
2390 4910 2585 4956 natura
2623 4911 2728 4964 est,
2768 4901 2870 4956 hoc
2905 4908 3011 4964 est,
3047 4899 3101 4953 in
3151 4913 3258 4968 quo
3295 4898 3470 4966 ipsum
3510 4911 3632 4950 esse

452 5098 563 5167 (75)
593 5098 1024 5168 Χαρακττιρίζει.
1056 5100 1097 5151 Β
1121 5096 1529 5168 χαρακτηρίζοι.

447 5148 560 5237 (iii
587 5148 895 5235 ἦέὲιῆδῖ
909 5148 978 5221 ’Χ
990 5148 1393 5239 anteacta:
1406 5148 1519 5221 έςέίζ

474 5240 561 5307 75)
602 5240 898 5291 Ἕνεστιν.
933 5241 973 5291 Β
997 5239 1165 5291 ἐστίν.

474 5310 559 5377 76)
606 5309 753 5361 Ἐπ’.
787 5310 831 5360 Α
870 5309 911 5360 B
938 5309 1049 5361 ἐπί.

471 5379 559 5447 77)
595 5378 709 5447 Τῆς
733 5379 985 5448 λογικῆς
1013 5396 1076 5431 τε
1099 5378 1199 5431 καί
1221 5377 1402 5448 delent
1431 5378 1470 5429 Α
1494 5378 1551 5431 Β.

471 5385 559 5447 ’17)
595 5385 709 5447 Τῆς
733 5385 985 5448 λογικῆς
1013 5396 1076 5431 τε
1099 5385 1198 5431 καί
1221 5385 1402 5430 delent
1431 5385 1470 5429 Α
1495 5385 1551 5431 Β.
2051 5385 2217 5434 verba
2254 5385 2358 5435 ista
2398 5385 2799 5451 leguntnr,"Un
2828 5385 2888 5432 οὐ
2919 5396 2975 5446 ιρι

588 5448 1034 5529 ζς-ιιετιςἐξαίρειξντονἰ
1127 5448 1247 5529 κατ’
1274 5447 1592 5529 ἐξαίρετον-
1675 5522 1685 5529 _
1774 5525 1797 5529 _
1884 5524 1894 5529 _
2049 5448 2254 5529 θριὶἐπῳ
2280 5449 2497 5529 όρθυμρς
2518 5452 2611 5529 καὶ
2622 5451 2671 5529 1)
2686 5447 2975 5529 ἐπιθυμία.

448 5517 559 5594 (79)
600 5518 711 5594 T17;
739 5517 978 5594 ψυχῆς.
1008 5521 1053 5572 Α.
1083 5520 1134 5571 in
1176 5526 1324 5572 textu
1372 5517 1499 5589 περ).
1533 5518 1631 5589 τῆς
1659 5522 1854 5594 ψυχῆς,
1884 5524 1939 5578 in

2087 5517 2096 5519 “
2118 5517 2236 5594 (8,9!
2270 5517 2509 5594 Ψφσῆς·
2526 5518 2590 5594 μΑ
2606 5517 2669 5594 ,η’
2685 5517 2941 5594 Μωυσῆςο

378 5586 616 5659 margine
635 5586 700 5659 τῇ
723 5586 888 5658 ψυχῇ.
1591 5586 1600 5589 “
1675 5586 1684 5592 ’
1736 5586 1766 5593 ”

2121 5586 2233 5659 (87)
2272 5592 2339 5643 El
2365 5588 2492 5658 γάρ.
2523 5589 2563 5639 Β
2594 5591 2626 5658 ἡ
2655 5590 2779 5657 γάρ.
2930 5658 2935 5659 γ
3022 5596 3035 5605 ’

448 5658 558 5728 (80)
592 5658 713 5712 Οὐκ
736 5658 831 5712 ἄν.
861 5659 906 5711 Α
935 5660 990 5713 in
1020 5674 1260 5728 margine
1284 5660 1382 5712 οὐκ
1415 5658 1486 5715 ἔτ’
1520 5663 1603 5717 ἄν.
2122 5658 2232 5727 (88)
2269 5659 2448 5712 Τοῦτό
2465 5658 2653 5712 ἐστιν.
2685 5660 2728 5711 Δ
2755 5658 3056 5728 τοῦτ“ἕττ;ν

448 5727 558 5801 (Si)
596 5729 935 5793 Ἐλλειπῶς.
961 5731 1004 5782 A
1028 5728 1067 5781 Β
1091 5729 1337 5794 ἐλλιπῶς.

2125 5731 2234 5798 (89)
2290 5729 2640 5799 Ἐπικειὸέᾳ
2673 5730 2714 5782 Δ
2748 5727 3023 5799 ὲπικερδῆ.

2127 5099 2239 5171 (82)
2276 5100 2412 5171 Περὶ
2439 5101 2749 5171 τούτουιΒ
2771 5099 2913 5171 περὶ
2932 5097 3154 5171 τούτων.

2130 5163 2241 5241 (85)
2276 5163 2413 5223 Οἶόγ
2436 5188 2543 5236 τις.
2574 5173 2617 5223 Α
2643 5164 2755 5223 οἷόν
2785 5163 2858 5231 τι,
2884 5170 2925 5221 Β
2948 5163 3057 5221 οἷόν
3080 5184 3159 5220 τε.

2129 5239 2240 5309 (84)
2273 5242 2423 5293 ⁸⁸οτι.
2450 5241 2491 5291 Β
2520 5242 2600 5293 ὅτι
2633 5256 2712 5292 τε.

2126 5303 2449 5385 (85)_"0:zep
2476 5312 2586 5364 οὐκ
2625 5310 2703 5385 ei;
2735 5310 2989 5385 ἐγένετο.
3031 5306 3271 5385 In_ca_lce
3401 5303 3627 5385 additae

2051 5374 2228 5451 verba
2254 5379 2358 5451 ista
2398 5374 2807 5451 leguntur."Utt
2828 5380 2888 5432 οὐ
2909 5377 3141 5451 Δφυσικός
3171 5379 3316 5430 ἐστιν
3340 5379 3396 5429 ἐν
3424 5374 3501 5446 τῷ
3531 5374 3626 5428 ἁν-
