4046 6350
370 230 441 287 επ
1608 225 1666 281 S.
1693 222 2022 282 GREGORII
2044 221 2341 280 NYSSENI
3558 225 3630 284 56

367 345 689 420 substantiae
719 342 1190 417 deprehenditur;
1237 341 1434 398 horum
1469 347 1650 397 autem
1690 342 1940 397 alienatio

2049 341 2223 411 ταῦτα
2260 342 2327 395 τὰ
2371 341 2516 413 πάθη
2548 344 2644 413 τῆς
2677 340 2889 412 φύσεως
2918 342 3046 397 ὅντα
3090 342 3183 398 καὶ
3212 342 3314 397 οὐκ
3341 340 3516 397 οὐσία.
3561 338 3628 396 Ἦ

369 455 423 493 ιη
452 438 612 495 nobis
646 438 752 494 sita
779 445 885 505 est,
932 444 993 492 ut
1020 450 1128 490 non
1157 434 1334 492 solum
1352 448 1460 490 non
1500 441 1715 501 noceat,
1734 447 1954 488 verum-

2056 432 2154 503 μὲν
2180 431 2289 504 γάρ
2317 429 2430 503 (90)
2471 434 2616 487 ἐστιν
2650 432 2788 504 ὅπερ
2816 432 2991 486 ἐστίν·
3021 431 3190 504 θυμὸν
3220 431 3279 485 δὲ
3313 431 3461 497 ζέσιν
3489 425 3629 485 εἶναι

308 584 309 587 η
365 530 528 585 etiam
595 529 812 585 lucrosa
887 536 1051 600 atque
1108 537 1419 599 quaestuosa
1488 533 1699 582 natura:
1758 525 1940 582 talium

2049 521 2144 577 τοῦ
2179 522 2308 594 περὶ
2346 522 2572 596 καρδίαν
2605 522 2835 593 α.ἴματο;⁵
2864 524 2979 586 τοῖς
3011 521 3227 586 πολλοῖς
3267 522 3433 576 δοκεῖ.
3465 522 3625 575 Ἐτε-

368 630 613 676 motuum
641 620 867 676 abolitio
904 621 995 676 sit.
1037 618 1225 674 Palam
1256 626 1343 677 est
1394 633 1524 689 ergo
1553 618 1700 689 quod
1753 632 1821 673 ex
1875 617 1944 674 iis

368 727 490 784 quae
517 712 866 768 extrinsecus
901 712 956 766 in
1002 713 1168 768 rebus
1210 711 1653 779 considerantur,
1682 707 1799 765 haec
1833 708 1946 766 sint

367 806 595 863 :iii‘ectus
631 815 687 862 et
721 806 1165 877 perturbationes
1190 814 1423 872 naturae,
1470 810 1525 860 et
1557 818 1666 858 non
1717 809 1934 857 natura.

365 892 501 948 Nam
534 895 650 949 haec
673 893 894 965 quidem
922 904 1030 957 est.
1077 894 1223 965 quod
1252 902 1371 961 est;
1422 890 1705 948 iracundia
1756 897 1937 944 autem

365 985 531 1056 vulgo
578 984 761 1041 fervor
815 985 1125 1057 sanguinis,
1189 985 1285 1056 qui
1332 985 1483 1039 circa
1533 997 1628 1037 cor
1675 988 1782 1045 est,
1816 993 1942 1036 esse

364 1077 642 1149 plerisque
669 1078 904 1134 videtur.
944 1078 1082 1135 Aliis
1126 1094 1277 1145 vero,
1328 1075 1590 1147 appetitio
1638 1072 1940 1131 ulciscendi

363 1181 511 1233 eum,
553 1180 716 1237 aquo
749 1167 1039 1225 lacessitus
1068 1178 1121 1224 et
1149 1175 1277 1223 ante
1330 1167 1493 1222 laesus
1540 1166 1638 1222 sis.
1693 1162 1819 1230 Sed,
1878 1169 1939 1217 ut

365 1273 467 1314 nos
500 1258 854 1324 arbitramur,
887 1259 1171 1316 iracundia
1190 1267 1272 1314 est
1306 1257 1568 1329 appetitio
1589 1254 1819 1311 nocendi
1888 1254 1937 1308 ei

366 1349 460 1419 qui
496 1348 857 1405 concitaverit
902 1357 957 1405 et
985 1348 1053 1405 ad
1101 1349 1239 1404 iram
1276 1346 1675 1418 provocarcrit.
1733 1342 1939 1398 Horum

365 1448 548 1495 autem
581 1440 716 1495 nihil
744 1441 1002 1496 convenit
1030 1439 1199 1496 animi
1231 1439 1558 1494 deﬁnitioni.
1617 1435 1861 1505 itemque
1892 1432 1938 1488 si

365 1544 464 1599 per
495 1546 619 1587 sese
680 1531 1186 1601 concupiscentiam
1248 1529 1596 1590 deﬁniamus,
1655 1524 1945 1596 appetitio-

2052 631 2136 686 ροι
2163 612 2218 669 δὲ
2252 613 2387 688 (91),
2412 612 2588 685 δρεξιν
2605 613 2718 686 (9‘2)
2746 613 2843 668 τοῦ
2872 614 3232 684 ἀντιλυπῆσαι
3265 613 3358 667 τὸν
3383 628 3626 684 προκατ-

2047 703 2286 776 ἀρξαντα
2329 703 2462 776 (93).
2505 705 2593 769 Ὦς
2634 705 2678 758 δ’
2730 705 2797 758 ἂν
2844 705 3005 777 ἡμεῖς
3059 702 3427 774 ὑπολάϐοιμεν
3486 705 3624 774 (94),

2049 796 2219 868 θυμός
2250 798 2396 851 ὲστιν
2422 796 2567 870 ὁρμὴ
2595 794 2688 851 τοῦ
2714 796 2962 852 κακῶσαι
2992 796 3083 851 τὸν
3110 793 3500 868 παροξύνοντα.
3527 790 3629 851 Ὦν

2044 885 2199 941 οὐδὲν
2230 886 2310 959 τῷ
2337 887 2465 958 περὶ
2491 887 2671 960 ψυχῆς
2702 889 2813 960 ὅρῳ
2838 887 3141 959 συμϐαίνει.
3176 887 3296 942 Κᾶν
3322 885 3420 958 τὴν
3441 887 3628 941 ἐπιθυ-

2049 976 2177 1048 μίαν
2208 978 2321 1049 (95)
2354 978 2438 1048 ἐφ’
2469 978 2669 1049 ἑαυτῆς
2714 976 3080 1049 διορισώμεθα
3123 977 3255 1050 (96),
3305 976 3491 1048 ἔφεσιν
3539 975 3628 1032 λέ-

2046 1068 2208 1141 ξομεν
2234 1069 2329 1124 τοῦ
2360 1069 2715 1142 ὲνδέοντος,ἢ
2755 1069 2920 1124 πόθον
2959 1071 3059 1142 τῆς
3100 1070 3222 1124 καθ’
3256 1070 3447 1143 ἡδονὴν
3487 1071 3626 1126 ἀπο-

2045 1159 2310 1226 λαύσεως,
2336 1161 2369 1233 ἢ
2397 1160 2573 1233 λύπην
2601 1163 2693 1217 ἐπὶ
2718 1161 2796 1235 τῷ
2817 1162 2892 1235 μὴ
2916 1162 3035 1217 κατ’
3058 1162 3304 1229 ἐξουσίαν
3325 1162 3437 1217 δντι
3460 1180 3628 1217 κατα-

2047 1249 2331 1323 θυμητικῷ
2359 1251 2469 1322 (97)
2490 1270 2504 1284 ⁸
2537 1254 2570 1323 ἧ
2618 1269 2740 1307 τινα
2786 1251 2925 1325 πρὸς
2972 1254 3033 1307 τὸ
3060 1252 3159 1324 ήδὺ
3214 1255 3418 1325 σχέσιν,
3453 1248 3514 1309 οὗ
3547 1254 3623 1327 μὴ

2048 1342 2311 1414 πάρεστιν
2362 1346 2396 1417 ἡ
2450 1345 2764 1408 ἀπόλαυσις.
2810 1345 2995 1399 Ταῦτα
3032 1346 3140 1417 γὰρ
3198 1347 3377 1401 πάντα
3421 1346 3516 1399 καὶ
3554 1346 3625 1400 τά

2046 1432 2271 1488 τοιαῦτα
2297 1434 2395 1507 τὴν
2427 1435 2527 1506 μὲν
2577 1432 2872 1507 ἐπιθυμίαν
2920 1435 3271 1501 ἐνδείκνυται,
3298 1436 3392 1493 τοῦ
3425 1436 3484 1490 δὲ
3506 1438 3623 1507 ὁρι-

2048 1522 2188 1595 σμοῦ
2219 1524 2313 1580 τοῦ
2336 1527 2463 1599 περὶ
2494 1525 2670 1599 ψυχῆς
2695 1526 2756 1580 ού
2785 1525 3178 1599 προσάπτεται.

366 1640 491 1682 nem
522 1638 645 1680 esse
669 1623 917 1678 dicemus
942 1622 1062 1692 ejus
1091 1620 1234 1691 quod
1273 1620 1445 1685 deest,
1478 1619 1564 1674 vel
1600 1616 1931 1674 desiderium
1973 1612 2217 1672 fruendae
2241 1617 2563 1688 voluptatis,
2592 1618 2677 1674 vel
2706 1618 2947 1673 dolorem
2978 1617 3049 1673 ob
3083 1618 3134 1672 id
3175 1619 3321 1688 quod
3345 1635 3453 1674 non
3489 1616 3627 1689 poti-

364 1731 489 1772 mur
516 1731 583 1771 eo
615 1714 760 1786 quod
790 1713 945 1771 cordi
979 1721 1086 1778 est,
1113 1721 1275 1784 atque
1317 1713 1502 1768 animo
1528 1720 1741 1782 gratum
1775 1717 1830 1765 et
1866 1718 2173 1779 acceptum,
2202 1718 2296 1765 aut
2327 1711 2564 1783 aliquam
2597 1711 2937 1769 ati‘ectionem
2970 1710 3040 1766 ad
3085 1711 3136 1766 id
3165 1712 3310 1783 quod
3342 1721 3428 1769 est
3456 1725 3625 1768 suave

362 1807 769 1878 etjucundum,
796 1820 909 1878 quo
954 1804 1062 1861 frui
1107 1820 1217 1863 non
1266 1805 1416 1862 licet.
1444 1803 1571 1861 Haec
1597 1805 1741 1860 enim
1779 1811 1833 1859 et
1860 1799 2108 1871 ejusdem
2156 1804 2302 1859 modi
2338 1805 2521 1860 omnia
2555 1805 2910 1875 cupiditatem
2949 1804 3169 1876 quidem
3207 1805 3523 1873 ostendunt,
3554 1803 3623 1860 ad

363 1899 735 1957 deﬁnitionem
766 1905 947 1955 autem
983 1898 1178 1955 anima:
1202 1912 1311 1953 non
1343 1899 1637 1968 pertinent.

432 2032 741 2100 Quint-liam
775 2035 882 2087 alia
923 2048 1143 2103 quoque
1191 2048 1313 2105 quae
1343 2034 1489 2089 circa
1526 2034 1764 2087 animam
1812 2047 1935 2087 cer.
1972 2060 2014 2114 Β

364 2132 593 2191 nuntur,
621 2140 743 2195 quae
770 2124 876 2179 sibi
912 2125 1144 2179 invicem
1174 2140 1240 2181 ex
1267 2125 1500 2180 adverso
1526 2126 1707 2195 posita
1747 2123 1940 2179 viden-

363 2226 472 2280 tur,
502 2216 665 2270 veluti
692 2215 957 2271 timiditas
993 2223 1049 2271 et
1075 2216 1325 2284 audacia,
1355 2216 1512 2270 dolor
1549 2223 1604 2271 et
1661 2215 1938 2285 voluptas,

363 2314 547 2363 metus
574 2317 629 2362 et
674 2313 1047 2377 contemptus.
1107 2316 1162 2362 et
1220 2320 1560 2377 quaecunque
1608 2307 1740 2361 talia
1786 2313 1937 2370 sunt,

362 2411 596 2467 quorum
629 2397 1058 2466 unumquodque
1088 2404 1380 2466 cognatum
1409 2397 1629 2466 quidem
1654 2412 1779 2452 esse
1796 2397 1942 2452 vide-

364 2498 455 2543 tur
474 2502 598 2543 eum
626 2487 898 2542 irascendi
926 2494 1089 2556 atque
1122 2487 1547 2554 concupiscendi
1577 2487 1650 2553 vi,
1675 2487 1937 2557 peculiari

364 2588 547 2634 autem
603 2579 923 2634 definitione
982 2594 1136 2635 suam
1186 2578 1439 2650 designat
1497 2586 1771 2634 naturam.
1802 2578 1937 2634 Nam

363 2679 418 2726 ct
450 2670 682 2728 audacia
706 2680 762 2726 et
790 2671 1126 2740 contemptio
1174 2670 1697 2727 demonstrationem
1729 2686 1795 2726 ac
1846 2686 1937 2727 re-

363 2762 839 2834 prmsentationem
877 2762 1083 2818 iudicat
1110 2764 1175 2817 ad
1203 2764 1340 2818 iram
1396 2776 1680 2833 propensae
1731 2764 1941 2834 appeti-

364 2854 552 2919 tionis,
581 2853 998 2908 diminutionem
1023 2867 1153 2908 νει-ο
1173 2853 1467 2923 quamdam
1489 2859 1544 2908 et
1560 2852 1937 2908 remissionem

368 2942 530 3011 hujus
559 2942 832 3012 ejusdem,
864 2943 910 2997 is
934 2943 1030 3014 qui
1075 2958 1173 3013 per
1229 2943 1574 2999 timiditatem
1630 2952 1685 2998 et
1733 2952 1937 2999 metum

364 3035 716 3105 ingeneratur
753 3035 979 3092 habitus
1033 3043 1091 3091 et
1147 3034 1397 3091 allectus.
1450 3034 1618 3091 Dolor
1647 3044 1830 3091 autem
1871 3051 1939 3092 ex

367 3137 596 3199 utroque
636 3127 899 3184 materias
931 3127 1116 3183 habet.
1156 3126 1292 3182 Nam
1348 3135 1404 3184 et
1466 3129 1561 3183 irae
1615 3127 1938 3193 inetiicacia,

364 3218 493 3274 dum
529 3233 636 3273 nou
665 3225 846 3290 potest
874 3217 1000 3288 quis
1030 3219 1221 3275 ulcisci
1251 3233 1347 3275 eos
1381 3234 1412 3272 a
1446 3219 1648 3289 quibus
1672 3226 1801 3275 ante
1846 3219 1939 3274 ite-

366 3324 462 3363 sus
514 3309 605 3371 sit,
632 3308 793 3363 dolor
851 3316 908 3362 et
955 3308 1176 3364 exsistit
1245 3316 1300 3362 et
1346 3316 1471 3375 est;
1526 3308 1769 3377 itemque
1839 3307 1937 3363 dc-

2127 2051 2288 2107 ’Δλλά
2320 2054 2416 2108 καὶ
2441 2052 2540 2108 ὅσα
2584 2054 2719 2110 ἄλλα
2747 2055 2878 2127 περ).
2904 2055 3082 2126 ψυχὴν
3118 2053 3437 2124 καθορᾶται,
3465 2052 3533 2110 τὰ
3563 2051 3624 2119 ἐξ

2041 2139 2318 2196 ἀντιθέτου
2347 2141 2597 2215 ἀλλήλοις
2614 2143 2885 2217 ὁρώμενα,
2908 2139 3018 2198 οἷον
3033 2143 3237 2198 δειλίαν
3255 2139 3367 2214 (98)
3390 2141 3486 2195 καὶ
3507 2141 3620 2214 (99)

2041 2232 2261 2305 θράσος,
2300 2232 2476 2306 λύπην
2510 2234 2605 2288 καὶ
2629 2234 2843 2306 ἡδονὴν,
2875 2234 3038 2304 φόϐον
3069 2233 3161 2287 καὶ
3194 2232 3619 2302 καταφρόνησιν,

2040 2324 2138 2378 καὶ
2169 2326 2247 2394 (i)
2276 2325 2376 2378 ὅσα
2407 2325 2650 2391 τοιαῦτα,
2691 2319 2766 2380 ὧν
2793 2326 3022 2380 ἕκαστον
3054 2323 3327 2394 συγγενῶς
3355 2323 3431 2393 (2)
3475 2322 3621 2395 ἔχειν

2041 2415 2189 2468 δοκεῖ
2213 2415 2350 2486 πρὸς
2377 2416 2440 2469 τὸ
2460 2415 2851 2488 ἐπιθυμητικὸν
2874 2416 3004 2489 (5)ἢ
3035 2415 3335 2487 θυμοειδὲς,
3366 2411 3620 2480 ἰδιάζοντι

2038 2505 2096 2559 δὲ
2134 2507 2246 2580 ὅρῳ
2277 2508 2377 2577 τὴν
2421 2507 2554 2562 ίδίαν
2588 2509 2963 2581 ἀνυπογράφει
3003 2509 3082 2578 (4)
3112 2506 3290 2577 φύσιν.
3321 2507 3398 2561 Τό
3418 2524 3477 2560 τε
3508 2506 3619 2577 γάρ

2040 2597 2242 2669 θράσος
2259 2601 2399 2671 καὶὴ
2431 2602 2833 2672 καταφρόνησις
2850 2601 3091 2672 ἔμφασιν
3107 2599 3467 2672 ὑποσημαίνει
3495 2597 3618 2652 τινά

2039 2690 2137 2759 τῆς
2165 2688 2443 2760 θυμὼδους
2471 2690 2646 2761 ὁρμῆς
2670 2707 2687 2724 υ
2717 2691 3009 2744 ἐλάττωσιν
3037 2688 3094 2743 δέ
3137 2706 3259 2743 τινα
3304 2688 3398 2742 κα)⁸
3426 2686 3619 2758 ὕφεσιν

2037 2778 2134 2834 τοῦ
2170 2780 2335 2835 αὑτοῦ
2384 2781 2573 2835 τούτου
2601 2784 2634 2854 η
2666 2781 2807 2836 κατὰ
2834 2780 3037 2836 δειλίαν
3077 2780 3174 2835 καὶ
3211 2778 3375 2850 φόϐον
3405 2781 3619 2850 ἐγγινο-

2044 2872 2181 2944 μένη
2219 2875 2419 2945 σχέσις.
2461 2874 2525 2929 Ἦ
2561 2875 2616 2929 δὲ
2648 2875 2794 2946 λύπη
2834 2875 2892 2943 ἐξ
2933 2874 3254 2947 ἀμφοτέρων
3279 2870 3357 2945 (5)
3377 2872 3487 2944 Exi-3}
3516 2871 3616 2934 τὰς

2040 2963 2273 3027 ὖλας.’Ἦ
2300 2983 2360 3019 τε
2395 2965 2473 3037 (6)
2520 2967 2629 3039 γάρ
2677 2966 2772 3020 τοῦ
2831 2966 3004 3038 θυμοῦ
3041 2965 3250 3030 ἀτονία,
3296 2965 3354 3019 ἒν
3397 2962 3477 3035 τῷ
3520 2962 3621 3016 τοῦ

2040 3055 2349 3124 ἀμύνασθαι
2389 3060 2517 3122 τοὺς
2560 3058 3040 3133 προλελυπηκότας
3088 3057 3331 3127 ἀδυνάτῳ
3365 3055 3440 3127 (7)
3470 3053 3616 3125 λύπη

2040 3148 2282 3216 γίνεταιο
2314 3149 2406 3203 καὶ
2453 3152 2486 3221 ἡ
2519 3150 2826 3221 ἀπόγνωσις
2869 3149 2977 3204 τῶν
3017 3148 3483 3220 ὲπιθυμουμένων,
3519 3149 3617 3202 καὶ

2039 3240 2073 3310 ἡ
2110 3240 2362 3313 στέρησις
2391 3241 2502 3294 τῶν
2528 3240 2900 3314 καταθυμίων.
2929 3241 3029 3311 τὴν
3059 3239 3383 3311 σκυθρωπὴν
3411 3237 3616 3310 ταύτην

2042 3330 2263 3401 ἐμποιεῖ
2297 3332 2363 3403 τῇ
2387 3329 2594 3402 διανοίᾳ
2616 3328 2870 3387 διάθεσιν.
2895 3332 3005 3387 Καὶ
3026 3333 3088 3389 τδ
3123 3329 3619 3402 ἀντιθεωρούμενον

366 3398 607 3467 speratio
636 3412 827 3452 eorum
882 3413 1005 3468 qum
1054 3397 1541 3468 concupiscuntur,
1595 3398 1937 3470 privatioque

2043 3397 2108 3491 τῇ
2143 3420 2308 3492 λύπῃ,
2336 3397 2413 3473 ’τὸ
2459 3397 2581 3474 κοιθῖ
2609 3422 2802 3494 ἡδονὴν
2849 3421 2992 3489 λέγω
3043 3421 3240 3490 νόημα,
3289 3397 3489 3491 ὁμοίως
3536 3420 3619 3492 τῷ

364 3505 553 3546 eorum
574 3505 695 3561 qua:
714 3490 867 3545 cordi
900 3496 1029 3544 sunt
1055 3498 1219 3560 atque
1255 3490 1495 3560 placent,
1520 3491 1737 3547 tristem
1789 3492 1935 3547 hanc

365 3596 428 3637 ac
455 3581 705 3638 tetricam
732 3582 789 3637 in
811 3588 994 3638 mente
1025 3581 1311 3652 ingenerat
1348 3579 1713 3640 ati'ectionem.
1763 3584 1940 3655 Atque

364 3671 610 3727 etiamid
636 3670 784 3741 quod
814 3670 1151 3726 contrarium
1200 3670 1375 3724 dolori
1409 3671 1643 3736 videtur,
1688 3674 1937 3742 volupta-

365 3762 436 3816 tis
460 3776 681 3818 sensum
710 3762 853 3827 dico,
908 3762 1161 3819 similiter
1190 3770 1244 3817 et
1275 3763 1329 3817 in
1382 3764 1518 3818 iram
1551 3773 1606 3818 et
1651 3764 1941 3835 concupis-

365 3850 597 3905 centiam
619 3850 902 3907 dividitur.
934 3850 1196 3922 Voluptas
1224 3854 1371 3909 enim
1405 3855 1693 3925 utriusque
1742 3855 1938 3910 horum

363 3957 431 3995 ex
455 3956 610 4013 aequo
652 3943 1016 4014 principatum
1065 3952 1232 4000 tenet.
1274 3944 1351 4016 (a)
1384 3945 1519 4012 Quae
1569 3948 1770 4013 omnia,
1813 3962 1939 4002 cum

363 4032 513 4086 circa
534 4030 771 4087 animam
803 4043 952 4094 sunt.
1000 4042 1111 4088 tum
1152 4036 1334 4090 anima
1371 4052 1482 4092 non
1512 4047 1664 4103 sunt,
1711 4039 1806 4095 sed
1847 4056 1942 4096 ve-

363 4122 461 4176 luti
492 4123 737 4193 quaedam
771 4141 1011 4182 verrucae
1055 4142 1120 4183 ex
1173 4129 1488 4197 cogitatrice
1538 4137 1692 4199 parte
1744 4132 1942 4188 animae

434 4343 545 4413 (90)
579 4345 779 4414 Είμὲν
809 4344 885 4415 γά
929 4385 942 4399 .
973 4346 1071 4415 Βή
1104 4346 1199 4414 μὲν
1231 4346 1303 4414 γά
1346 4386 1359 4399 .

435 4414 547 4468 (91)
582 4413 804 4468 "Eranos
823 4363 921 4468 δέ
942 4417 986 4467 Α
1014 4415 1056 4466 Β
1080 4414 1285 4468 ἑτέροις
1305 4364 1359 4468 δέ

435 4414 547 4485 (9i)
582 4413 910 4483 Ἕτεροιόέ.
942 4417 986 4485 ᾼ
1014 4413 1285 4485 Βέτέροις
1305 4413 1382 4468 δέ.

435 4482 546 4555 (92)
589 4482 851 4555 "apem.
867 4483 1120 4555 Abpsﬁtc.

586 4553 1104 4631 ngxqedpé'dwa:
1191 4553 1586 4631 ngpoﬁ‘tiyawa.

597 4622 1044 4697 Ὓξπολᾴϐοιμεν.
1066 4622 1620 4697 Α-ὑπολαμϐάνοιμεν.

360 4718 373 4730 ·
438 4692 549 4762 (95)
590 4693 717 4748 Κᾶν
738 4692 854 4760 τὴν
876 4693 1215 4762 ἐπιθυμίαν.
1256 4692 1315 4747 iu
1356 4692 1517 4751 calce
1552 4696 1595 4749 Α
1638 4696 1754 4752 haec
1805 4708 1937 4756 nota

366 4761 629 4835 (ιιηοιιιξιιίι,
661 4763 784 4835 ὄρος
811 4761 1125 4835 ἐπιθυμίας.

459 4833 548 4901 96)
587 4831 1001 4901 Διορισώμεθα.
1020 4833 1065 4904 Β
1094 4831 1423 4904 ὁρισώμεθα.

458 4904 549 4974 97)
585 4902 1069 4974 Καταθυμηζικῷ.
1095 4902 1139 4956 Α
1168 4902 1575 4974 Βᾼκαταθυμίῳ.

436 4972 550 5043 (98)
589 4973 843 5027 Asellam
862 4975 906 5025 Α
924 4972 1333 5043 δειλία-λύπη,
1363 4972 1638 5043 φόϐοςκαὶ
1669 4978 1942 5049 καταφρό-

366 5060 541 5103 νησις.
1808 5060 1819 5065 “

398 5063 548 5176 ηῗᾷῗὴ
574 5114 700 5167 Καί,
740 5112 887 5168 Delet
913 5112 969 5166 n.

438 5178 513 5252 (Ι)
554 5181 687 5236 Καί.
722 5182 870 5252 Daiei
910 5183 966 5235 Β.

438 5254 517 5323 (2)
548 5251 875 5323 Συγγπενῶς.
903 5254 947 5305 Λ
975 5253 1020 5304 Β
1047 5254 1323 5321 συγγενῶς
1358 5253 1474 5325 μέν.

442 5452 513 5521 (a)
550 5450 807 5505 Scholion
844 5468 857 5503 :
912 5450 1106 5503 Vitium
1153 5450 1416 5520 quoddam
1454 5453 1508 5504 in
1549 5462 1665 5521 cute
1695 5453 1929 5520 corporis

366 5520 538 5577 nostri
601 5521 848 5581 exsistit,
909 5522 1046 5585 quod
1101 5537 1286 5574 veruca
1347 5533 1581 5576 vocatur.
1635 5520 1928 5576 Carnosum

368 5594 508 5646 enim
543 5607 760 5660 parvum
782 5590 1047 5659 quoddam
1087 5591 1413 5644 tuberculum
1450 5594 1661 5646 exsistit
1706 5593 1759 5645 iu
1807 5603 1925 5647 cule

369 5662 506 5728 quod
535 5663 669 5716 cutis
704 5660 913 5733 quidem
944 5676 1069 5730 pars
1101 5678 1212 5716 esse
1244 5661 1466 5727 vidum,
1516 5664 1697 5733 quippe
1748 5665 1795 5718 ei
1846 5665 1930 5717 in-

2044 3509 2202 3581 θυμῷ
2227 3527 2287 3563 τε
2317 3511 2411 3564 καὶ
2438 3512 2502 3582 τῇ
2533 3511 2799 3583 ἐπιθυμίᾳ
2842 3509 3242 3582 ὲπιμερίξεται.
3287 3509 3475 3581 Ἡδονὴ
3506 3511 3616 3580 γάρ

2043 3601 2306 3673 ἑκατέρου
2346 3601 2552 3656 τούτων
2599 3602 2741 3656 κατὰ
2778 3600 2841 3656 τὸ
2869 3599 2985 3655 ἴσον
3031 3600 3348 3673 ἡγεμονεύει
3381 3640 3393 3653 .
3429 3602 3496 3653 Ἀ
3538 3600 3617 3673 (8)

2045 3691 2221 3742 πάντα
2245 3690 2337 3743 καὶ
2375 3691 2503 3763 περὶ
2528 3691 2629 3763 τὴν
2651 3691 2828 3763 ψυχήν
2851 3693 2990 3759 ἐστι,
3022 3692 3116 3745 καὶ
3151 3690 3295 3761 ψυχὴ
3321 3691 3421 3744 οὐκ
3446 3690 3616 3757 ἔστιν,

2047 3777 2164 3832 ἀλλ’
2186 3773 2299 3832 οἷον
2320 3779 2627 3851 μυρμηκίαι
2650 3780 2793 3843 τινὲς
2815 3779 2908 3834 τοῦ
2932 3779 3273 3850 διανοητικοῦ
3301 3779 3499 3850 μέρους
3519 3779 3618 3848 τῆς

2044 3868 2223 3940 ψυχῆς
2248 3870 2576 3942 ἐκφυόμεναι
2606 3875 2703 3943 (9).
2742 3873 2807 3925 'A
2845 3871 2984 3943 μέρη
3022 3873 3121 3943 μὲν
3151 3873 3318 3943 αὐτῆς
3364 3867 3501 3924 εἶναι
3530 3868 3618 3923 διὰ

2045 3960 2108 4015 τὸ
2142 3963 2584 4034 προσπεφυκέναι
2599 3963 2898 4035 νομίζεται,
2913 3964 2973 4019 οὐ
2996 3963 3103 4035 μὴν
3124 3963 3299 4018 ὲκεῐυό
3320 3963 3458 4016 εἰσιν
3478 3960 3616 4031 (i0),

2046 4052 2184 4126 ὅπερ
2217 4051 2362 4106 ἐστὶν
2376 4055 2411 4120 ἡ
2435 4050 2581 4125 ψυχὴ
2600 4053 2718 4108 κατ’
2738 4053 2942 4108 οὐσίαν.
2958 4084 3027 4094 -
3041 4052 3101 4109 Γ.
3126 4048 3236 4105 Καὶ
3249 4052 3356 4125 μὴν
3381 4050 3613 4123 ὁρῶμεν,

2047 4141 2192 4211 φημὶ
2222 4141 2355 4211 πρὸς
2391 4142 2489 4212 τὴν
2511 4141 2799 4214 παρθένον,
2829 4142 2890 4196 οὐ
2923 4141 3124 4214 μικρὰν
3146 4143 3210 4196 ὲκ
3240 4140 3444 4195 τούτων
3467 4156 3618 4209 γινο·

2116 4352 2193 4429 (5)
2225 4354 2695 4429 Ἐπιρυμητικόν.
2717 4357 2830 4412 Ain
2865 4358 3131 4429 margine,
3153 4354 3617 4425 ὲπιθυμητικόντε

2045 4425 2138 4479 καὶ
2172 4425 2465 4495 θυμοειδές.

2118 4496 2195 4566 (4)
2243 4494 2694 4566 ‘Arpxoypdget.
2718 4498 2760 4549 A
2790 4497 2831 4548 Β
2868 4498 3193 4566 ὑπογράφει.

2118 4564 2193 4634 (5)
2260 4570 2313 4621 Η
2348 4564 2417 4619 δὲ
2448 4564 2614 4633 λύπη
2655 4567 2724 4630 ἐξ
2777 4564 3140 4635 ἀμφοτέρων.
3165 4567 3220 4620 In
3250 4565 3404 4635 calce
3443 4564 3535 4619 τοῦ
3575 4566 3619 4618 Α

2052 4636 2152 4707 hoc
2184 4635 2381 4707 legitur
2402 4634 3083 4707 εάωιῑωκηερὶίδειλίας
3116 4637 3209 4707 καὶ
3241 4634 3493 4707 θράσους,
3524 4635 3620 4707 καὶ

2047 4706 2213 4777 φόϐου
2246 4704 2346 4777 ίκα¹ἰἶ
2398 4704 2851 4777 καταφρονήσεως
2871 4746 2887 4770 ,
2938 4707 3029 4777 καὶ
3070 4705 3243 4777 λύπης
3278 4704 3372 4777 καὶ
3406 4704 3618 4777 ἡδονῆς,

2047 4722 2213 4774 φοοου
2251 4722 2344 4757 και
2398 4722 2574 4774 καταφ
2644 4722 2887 4777 νησεως,
2938 4723 3029 4760 και
3071 4722 3243 4777 Λυπης
3278 4722 3372 4758 και
3406 4722 3500 4775 ηοο
3569 4724 3618 4767 ς,

2041 4775 2255 4897 καὶεὸτι
2279 4775 2458 4828 πάντα
2480 4723 2691 4847 περῖοτὺ
2724 4776 3001 4846 θυμοειδὲς
3026 4774 3198 4830 καὶτὸ
3224 4722 3620 4846 ὲπιθυμητῖἓδν

2047 4861 2141 4897 συν
2168 4859 2407 4897 στανται.

2047 4859 2407 4898 συνίστανται.

2114 4915 2190 4981 (6)
2232 4916 2387 4986 Εἴτε.
2414 4915 2456 4986 Β
2478 4914 2512 4984 ἦ
2535 4932 2612 4967 τε.
2653 4913 2789 4986 Ibid.
2807 4915 2909 4986 Ἐν
2933 4914 3031 4982 τῷ.
3060 4915 3102 4967 Β
3127 4916 3184 4968 ἐν
3207 4918 3295 4986 τῇ.

2113 4986 2211 5056 (7)’
2243 4984 2551 5056 Ἀδυνάτφ.
2584 4985 2626 5036 Β
2659 4984 2949 5056 ἀδυναμίᾳ.

2111 5055 2189 5123 (8)
2229 5056 2313 5109 Ἄ.
2350 5056 2387 5107 Α
2424 5055 2465 5107 Β
2492 5054 2655 5124 ἅπερ.

2111 5127 2186 5191 t9)
2239 5125 2644 5194 Ἑκξρυόμευναι.
2673 5125 2715 5176 Β
2733 5124 3065 5194 ἑκφυόμίενα.

2113 5189 2224 5265 (l0)
2259 5189 2463 5249 Εἱὰίνξ
2489 5195 2531 5248 Α
2560 5195 2615 5249 in
2640 5189 2881 5264 margine
2900 5189 3059 5248 εἶναι.

2038 5450 2367 5507 horrescens:
2396 5468 2575 5507 revera
2603 5463 2779 5505 tamen
2809 5452 2888 5505 ita
2930 5466 2984 5505 se
3023 5467 3104 5504 res
3127 5467 3231 5505 non
3255 5449 3431 5505 habet.
3466 5448 3617 5504 Unde

2036 5527 2083 5577 si
2112 5525 2227 5590 quis
2252 5539 2440 5576 curare
2472 5522 2612 5585 velit,
2649 5537 2777 5589 opus
2795 5532 2874 5576 est
2904 5530 2961 5573 ut
2993 5520 3235 5573 tollatur.
3267 5520 3382 5574 Hac
3410 5519 3613 5590 simili-

2037 5589 2215 5646 tudine
2250 5593 2317 5646 ad
2363 5608 2469 5648 rem
2494 5594 2821 5663 propositam
2863 5590 3150 5646 admodum
3176 5589 3451 5646 commoda
3486 5605 3613 5644 usus

2035 5674 2132 5718 εει.
