4046 6350
397 258 467 312 59
1649 259 1712 319 S,
1750 257 2082 317 GREGORII
2125 256 2419 316 NYSSENI
3589 252 3665 307 ω

392 386 650 451 ponatur,
687 389 747 435 ut
778 378 1018 452 effugere
1048 381 1224 453 possit
1255 396 1445 436 eorum
1474 380 1568 451 qui
1596 380 1972 437 calumniandi
2002 390 2020 445 Α

2124 380 2306 452 Επειδὴ
2349 381 2460 453 γὰρ
2501 380 2730 451 συνέστη
2768 379 2826 434 τὸ
2872 380 3000 440 πᾶν,
3038 374 3219 440 καθὼς
3254 378 3287 447 ἡ
3324 375 3532 447 ἰστορία
3562 394 3660 447 φη-

393 485 559 527 eausa
590 472 906 527 auscultant
937 472 1197 529 incursus
1227 481 1282 528 et
1311 472 1666 536 oﬂ‘ensiones,
1709 473 1796 527 via
1834 488 1974 545 qua-

393 562 520 617 dam
550 570 605 618 et
632 562 844 619 ordinis
859 563 1254 634 consequentia
1276 565 1341 620 ad
1371 565 1704 620 creationem
1737 564 1979 619 hominis

396 653 643 708 divinum
676 670 876 710 numen
907 656 1213 712 accessisse
1242 654 1528 727 Scriptura
1540 657 1719 711 docet.
1747 655 1975 711 Postea-

399 760 566 816 quam
624 747 771 802 enim
808 748 1047 803 conditae
1093 756 1224 804 sunt
1252 763 1341 804 res
1392 749 1684 812 universae,
1717 748 1981 819 quemad-

402 838 626 893 modum
675 839 908 895 historia
942 840 1099 905 dicit,
1157 856 1267 895 non
1326 841 1513 911 utique
1577 842 1763 896 statim
1820 841 1983 896 homo

402 930 616 985 exstitit
650 931 703 985 in
738 940 903 997 terra,
941 932 1038 988 sed
1082 933 1231 987 hunc
1273 934 1492 1003 quidem
1529 934 1741 988 ratione
1793 947 1986 988 caren-

2085 473 2190 537 σίν,
2238 473 2339 526 οὐκ
2380 472 2543 537 εὐθὺς
2583 471 2695 544 (55)
2733 473 2762 525 6
2804 469 3091 541 ἄνθρωπος
3129 469 3185 521 ὲν
3216 469 3285 539 τῇ
3314 469 3386 538 γῇ
3437 465 3668 536 γίνεται,

2084 564 2220 619 ἀλλὰ
2250 564 2441 619 τούτου
2478 566 2576 637 μὲν
2607 567 2641 636 ἠ
2685 563 2796 618 τῶν
2826 562 3037 632 ἀλόγων
3072 562 3428 632 προηγήσατο
3473 558 3633 628 φύσις
3652 574 3670 588 ο

2088 657 2312 711 ἐκείνων
2360 655 2417 709 δὲ
2449 655 2520 709 τὰ
2565 655 2944 727 βλαστήματα.
2996 653 3302 716 Δείκνυσιν,
3358 648 3534 721 οἶμαι,
3583 649 3675 703 διὰ

2087 748 2293 802 τούτων
2337 749 2365 801 6
2408 748 2584 817 λόγος,
2634 749 2717 803 ὃτι
2760 749 2793 818 ἡ
2844 745 3051 817 ζωτικὴ
3096 744 3325 816 δύναμις
3382 740 3676 811 ἀκολουθίᾳ

2052 880 2055 881 ν
2089 839 2196 893 τινὶ
2225 841 2292 911 τῇ
2337 842 2620 911 σωματικῇ
2660 838 3065 908 καταμίγνυται
3096 835 3277 907 φύσει,
3312 835 3527 906 πρῶτον
3573 831 3676 902 μὲν

2090 934 2203 996 τοῖς
2237 930 2585 1001 ἀναισθήτοις
2626 929 2885 984 ὲνδύουσα
2915 927 3050 1000 (56),
3088 926 3228 981 κατά
3264 926 3378 997 (57)
3419 924 3578 978 τοῦτο
3618 922 3677 975 δὲ

404 1021 543 1075 tium
587 1032 780 1078 natura
813 1024 1125 1093 praecessit;
1175 1032 1303 1079 ante
1335 1024 1426 1077 illa
1476 1038 1603 1078 vero
1633 1024 1878 1093 germina
1924 1038 1988 1078 ac

2126 1024 2186 1077 π).
2223 1024 2283 1077 τὸ
2320 1023 2635 1095 αἰσθητικὸν
2664 1020 2952 1093 προϊοῦσα,
2985 1016 3083 1073 εἷθ’
3115 1017 3289 1083 οὕτως
3318 1018 3455 1090 πρὸς
3480 1015 3541 1069 τὸ
3562 1030 3680 1069 voe-

406 1112 605 1182 planta:
623 1112 865 1168 fuerunt.
886 1112 1161 1177 Ostendit,
1181 1114 1400 1184 opinor,
1423 1128 1518 1183 per
1538 1113 1651 1168 haec
1677 1113 1986 1183 Scriptura,

2124 1114 2192 1168 »δν
2224 1116 2319 1170 καὶ
2347 1115 2653 1185 λογιστικὸν
2677 1114 2791 1185 (58)
2817 1112 3202 1168 ἀναϐαίνουσα.
3352 1172 3357 1177 ,

408 1204 553 1270 quod
606 1205 688 1260 vis
740 1205 925 1261 vitalis
975 1206 1169 1261 ordine
1214 1219 1279 1260 ac
1333 1204 1717 1261 vicissitudine.
1766 1204 2004 1276 quadam
2046 1209 2318 1278 corporali
2367 1207 2760 1262 commiscetur
2808 1214 3038 1271 naturae,
3075 1204 3313 1275 primum
3352 1200 3573 1273 quidem
3622 1199 3679 1254 in

413 1312 581 1352 sensu
625 1299 872 1353 carentia
903 1313 1026 1353 sese
1071 1305 1367 1363 penetrans
1400 1304 1455 1352 et
1480 1295 1797 1361 infundens,
1833 1308 2025 1367 postea
2065 1314 2196 1353 vero
2231 1302 2297 1353 ad
2329 1315 2495 1355 sensu
2528 1299 2817 1369 praeditum
2858 1296 3217 1368 progrediens
3257 1313 3269 1348 :
3313 1295 3390 1349 ita
3421 1293 3682 1362 deinceps

415 1392 481 1446 ad
523 1391 574 1445 id
606 1391 753 1461 quod
790 1397 972 1444 mente
1000 1396 1164 1459 atque
1186 1388 1544 1457 intelligentia
1580 1389 1869 1459 pneditum
1906 1388 2246 1461 rationisque
2279 1392 2555 1461 particeps
2582 1400 2686 1456 est,
2718 1387 3044 1444 ascendens.

480 1483 652 1555 Igitur
687 1498 879 1538 eorum
933 1497 1055 1553 quae
1102 1490 1269 1545 sunt,
1332 1480 1483 1535 aliud
1518 1481 1743 1552 quidem
1799 1497 1998 1551 corpo-

2171 1483 2379 1539 Οὐκοῦν
2406 1484 2513 1537 τῶν
2541 1483 2710 1537 όντων
2740 1483 2800 1536 τὸ
2832 1481 2931 1553 μὲν
2961 1478 3291 1550 σωματικὸν,
3321 1476 3380 1529 τὸ
3412 1475 3469 1529 δὲ
3501 1474 3685 1546 νοερόν

414 1591 593 1644 reum,
618 1574 767 1629 aliud
812 1590 943 1630 veto
991 1581 1172 1629 mente
1226 1580 1390 1642 atque
1451 1572 1809 1642 intelligentia
1857 1588 1999 1643 prae-

2124 1596 2219 1630 ,στι
2270 1576 2521 1639 πάντως⁶
2557 1573 2650 1628 τοῦ
2700 1574 2757 1627 δὲ
2809 1570 3158 1643 σωματικοῦ,
3191 1569 3251 1621 τὸ
3297 1568 3394 1639 μὲν
3440 1566 3686 1636 ἔμψυχόν

415 1665 589 1721 ditum
654 1681 921 1735 prorsus;
963 1679 1286 1733 corporeum
1336 1671 1518 1719 autem
1580 1663 1729 1718 aliud
1782 1665 1999 1734 quidem

2124 1690 2257 1738 στι,
2289 1671 2351 1724 τὸ
2390 1669 2449 1722 δὲ
2479 1668 2706 1739 ἄψυχον.
2741 1666 3023 1737 Ἐμψυχον
3070 1665 3128 1718 δὲ
3159 1662 3303 1731 λέγω
3338 1661 3399 1715 τὸ
3453 1660 3682 1730 μετέχον

418 1759 720 1814 inanimum
747 1798 761 1823 ,
821 1756 965 1812 aliud
1010 1772 1141 1812 vero
1187 1755 1486 1810 animatum
1530 1763 1634 1811 est.
1688 1756 2000 1810 Anitnatutn

2124 1766 2251 1837 ζωῆς
2267 1780 2280 1792 ·
2305 1763 2413 1818 τῶν
2435 1762 2492 1817 δὲ
2513 1760 2729 1827 ζώντων
2752 1759 2884 1829 (59),
2911 1756 2981 1812 τὰ
3001 1758 3098 1828 μὲν
3122 1755 3369 1826 αἰσθήσει
3390 1753 3523 1823 συζῇ
3547 1750 3683 1822 (40),

421 1857 604 1903 autem
658 1849 785 1903 dico
844 1848 991 1918 quod
1041 1848 1165 1902 vitae
1220 1846 1496 1918 particeps
1541 1855 1646 1903 est.
1701 1847 1877 1917 Atque
1910 1863 2002 1902 eo-

422 1954 545 1994 rum
589 1954 711 2008 qua;
766 1937 978 2003 vivunt,
1031 1938 1138 1991 alia
1183 1936 1402 2006 quidem
1467 1937 1521 1990 in
1573 1953 1737 1992 sensu
1789 1939 2002 2002 vivunt,

423 2031 531 2085 alia
584 2045 716 2095 vero
753 2029 875 2099 ejus
910 2032 1152 2100 expertia
1190 2038 1338 2085 sunt.
1387 2029 1602 2085 Rursus
1661 2047 1827 2086 sensu
1875 2046 2008 2100 prie-

424 2124 664 2178 ditorum
704 2123 807 2176 alia
854 2122 1073 2191 quidem
1134 2122 1359 2177 ratione
1383 2122 1649 2191 praedita,
1704 2123 1811 2176 alia
1878 2137 2008 2179 vero

427 2215 666 2270 rationis
700 2214 948 2283 expertia
999 2224 1147 2268 sunt.
1193 2213 1461 2279 Quoniam
1514 2229 1642 2285 ergo
1674 2228 1841 2270 sensu
1882 2230 2011 2283 prae-

428 2307 540 2360 dita
579 2305 688 2360 vita
743 2305 950 2373 absque
998 2304 1223 2359 materia
1275 2304 1576 2359 consistere
1629 2319 1738 2358 non
1790 2305 1962 2374 possit
1994 2343 2009 2367 ,

430 2404 485 2449 ct
526 2395 672 2464 quod
741 2403 920 2449 mente
985 2393 1273 2462 prteditum
1323 2403 1409 2449 est
1466 2394 1626 2449 aliter
1685 2395 1741 2449 in
1782 2410 2013 2465 corpore

430 2503 554 2543 esse
588 2496 842 2557 nequeat,
877 2486 981 2540 nisi
1017 2485 1068 2539 vi
1116 2485 1384 2540 sentiendi
1426 2485 1774 2550 inlia’rescat,
1811 2485 1914 2539 bac
1946 2485 2014 2540 de

433 2595 602 2636 causa
642 2580 806 2634 homo
841 2587 1121 2648 postremo
1173 2578 1293 2632 loco
1330 2576 1586 2632 conditus
1646 2593 1770 2632 esse
1847 2575 2018 2631 tradi-

435 2683 547 2737 tur,
580 2680 641 2726 ut
682 2672 772 2741 qui
831 2686 1048 2725 omnem
1097 2671 1315 2726 vitalem
1342 2671 1578 2740 speciem
1606 2710 1620 2726 .
1644 2679 1699 2724 et
1746 2686 1866 2725 eam
1897 2685 2018 2740 qua:

440 2764 494 2818 in
527 2763 886 2833 gerntinihus,
924 2770 979 2817 et
1011 2777 1130 2816 eam
1174 2776 1294 2832 quae
1343 2762 1397 2814 iu
1454 2762 1632 2816 brutis
1685 2762 2021 2814 animadver-

441 2856 607 2917 titur,
660 2853 715 2907 in
772 2868 895 2909 sese
959 2854 1280 2923 complexus
1315 2853 1409 2907 sit.
1454 2851 1587 2905 Nam
1621 2852 1690 2904 ali
1724 2851 1943 2921 quidem
1968 2860 2022 2905 et

441 2960 738 3016 augescere
780 2953 943 3014 atque
980 2958 1229 2998 crescere
1260 2985 1273 3007 ,
1306 2958 1373 2997 ex
1428 2943 1538 2996 vita
1594 2943 1904 3011 plantarum
1964 2949 2023 2995 et

443 3039 693 3109 stirpium
752 3038 954 3094 habet:
1001 3038 1128 3092 licet
1190 3038 1335 3092 enim
1395 3037 1499 3091 tale
1544 3035 1806 3105 quiddam
1860 3034 2024 3089 ctiam

2105 1856 2174 1911 τὰ
2215 1858 2436 1927 ἀμοιρεῖ
2466 1853 2688 1923 ταύτης.
2725 1850 2893 1905 Πάλιν
2932 1849 3040 1902 τῶν
3076 1845 3440 1917 αἰσθητικῶν,
3484 1843 3552 1896 τὰ
3589 1842 3689 1912 μὲν

2105 1947 2301 2016 λογικά
2329 1948 2468 2011 ἐστι,
2493 1944 2562 1998 τά
2590 1943 2647 1996 δὲ
2670 1942 2860 2011 ἀλογα.
2902 1941 3052 1993 Ἐπεὶ
3075 1937 3169 1992 οὖν
3190 1940 3223 2008 ἡ
3253 1934 3544 2006 αἰσθητικὴ
3571 1932 3687 2002 ζωὴ

2106 2042 2208 2094 οὐκ
2254 2038 2319 2092 ἂν
2366 2038 2489 2109 δίχα
2520 2037 2621 2107 τῆς
2659 2035 2790 2104 ὕλης
2844 2031 3072 2102 συσταίη
3097 2072 3112 2097 ,
3148 2030 3255 2083 οὐδ’
3294 2026 3361 2082 ἂν
3408 2026 3467 2080 τὸ
3503 2024 3692 2096 νοερὸν

2108 2132 2282 2194 ἄλλως
2313 2130 2371 2184 ὲν
2402 2127 2616 2199 σώματι
2646 2126 2878 2196 γένοιτο,
2911 2127 2984 2196 μὴ
3014 2124 3093 2195 τῷ
3125 2121 3424 2193 αἰσθητικῷ
3451 2120 3560 2186 (41)
3590 2119 3692 2189 ἐμ-

2111 2225 2401 2296 φυόμενον,
2436 2221 2624 2274 τούτου
2669 2219 2830 2291 χάριν
2870 2216 3154 2271 τελευταία
3189 2218 3222 2286 ἡ
3274 2212 3369 2266 τοῦ
3404 2211 3694 2280 ἀνθρώπου

2111 2310 2423 2382 κατασκευὴ
2447 2312 2757 2379 ἱστορεῖται,
2777 2309 2852 2372 ὼς
2877 2309 3056 2360 πᾶσαν
3077 2303 3554 2375 ὲκπεριειληφότος
3577 2299 3695 2370 (42)

2112 2406 2209 2476 τὴν
2253 2403 2490 2473 ζωτικὴν
2537 2402 2711 2465 ἰδέαν,
2740 2404 2841 2469 τήν
2871 2416 2930 2452 τε
2964 2400 3022 2452 ἐν
3069 2399 3180 2459 τοῖς
3217 2394 3557 2465 βλαστήμασι
3601 2389 3697 2443 καὶ

2109 2499 2213 2569 τεὴν
2265 2499 2322 2550 ὲν
2366 2497 2477 2558 τοῖς
2526 2494 2738 2560 ἀλόγοις
2787 2489 3186 2560 θεωρουμένην.
3235 2485 3309 2539 Τὸ
3356 2486 3455 2556 μὲν
3502 2483 3698 2554 τρέφε-

2118 2589 2241 2644 σθαί
2272 2590 2381 2660 (45)
2415 2605 2474 2640 τε
2505 2583 2762 2650 αὔξεσθαι
2788 2584 2898 2653 (44)
2920 2583 2984 2634 ὲκ
3007 2582 3107 2651 τῆς
3137 2578 3370 2647 φυτικῆς
3394 2576 3507 2644 ἔχει
3530 2573 3695 2643 ζωῆς

2118 2680 2367 2750 ἔστιγὰρ
2393 2678 2452 2731 τὸ
2484 2675 2721 2735 τοιοῦτον
2750 2675 2842 2729 καὶ
2876 2676 2933 2726 ἐν
2967 2672 3193 2733 ἐκείνοις
3226 2671 3373 2734 ἰδεῖν,
3402 2665 3699 2736 ἑλκομένης

2117 2792 2179 2828 τε
2211 2773 2308 2828 καὶ
2340 2770 2429 2825 διὰ
2471 2768 2636 2840 ῥιζῶν
2663 2768 2761 2837 τῆς
2787 2766 2994 2840 τροφῆς
3027 2765 3119 2816 καὶ
3150 2758 3587 2829 ἀποποιουμένης
3612 2754 3702 2809 διὰ

2120 2865 2351 2937 καρπῶν
2379 2880 2439 2916 τε
2484 2861 2577 2915 καὶ
2607 2859 2821 2928 φύλλων
2841 2874 2854 2888 ο
2885 2857 2945 2910 τὸ
2980 2856 3036 2909 δὲ
3070 2854 3190 2908 κατ’
3216 2851 3467 2921 αἴσθησιν
3492 2849 3701 2901 οἰκονο-

2127 2958 2344 3029 μεῖσθαι
2375 2958 2436 3007 ὲκ
2465 2953 2573 3006 τῶν
2593 2952 2803 3019 ἀλόγων
2833 2948 2963 3019 ἔχει.
2996 2947 3070 2999 Τὸ
3095 2947 3153 3000 δὲ
3171 2943 3505 3015 διανοητικόν
3528 2956 3588 2993 τε
3608 2940 3705 2992 καὶ

2124 3048 2340 3118 λογικὴν
2383 3044 2613 3116 ἄμικτόν
2659 3044 2776 3096 ἐστι
2823 3038 3022 3102 ἰδιάζον
3065 3037 3200 3107 (45).
3236 3035 3326 3089 ἐπὶ
3366 3032 3568 3102 ταύτης
3605 3029 3709 3098 τῆς

446 3129 503 3184 in
539 3129 647 3185 illis
694 3128 880 3184 videre
908 3167 924 3193 ,
988 3128 1191 3198 quippe
1229 3143 1353 3182 cum
1377 3137 1431 3181 et
1470 3126 1782 3180 attrahatur
1840 3124 2020 3178 nutri-

2125 3139 2339 3209 φύσεως
2365 3137 2451 3204 ἐφ’
2482 3135 2649 3204 ἑαυτῇ
2677 3131 2789 3203 (46)
2823 3128 3216 3198 θεωρούμενον.
3264 3125 3402 3178 Ἀλλ’
3436 3123 3624 3191 ὥσπερ
3648 3119 3710 3172 τὸ

447 3230 691 3277 mentum
741 3236 840 3290 per
921 3220 1179 3281 radices,
1228 3228 1283 3272 et
1340 3232 1435 3288 per
1482 3217 1695 3272 fructus
1750 3215 1913 3271 simul
1965 3229 2025 3270 ac

450 3311 583 3366 folia
629 3319 960 3367 excernatur
990 3319 1044 3364 et
1087 3310 1407 3378 rejiciatur:
1452 3310 1594 3378 quod
1636 3316 1817 3361 autem
1862 3323 2028 3361 sensu

453 3401 822 3472 gubernatur,
858 3413 888 3451 a
932 3398 1108 3453 brutis
1145 3407 1198 3451 ct
1241 3398 1452 3450 ratione
1488 3396 1802 3452 carentibus
1845 3396 2027 3450 habet.

468 3495 525 3546 \t
564 3492 649 3546 vis
679 3490 956 3560 cogitandi
1018 3506 1083 3544 ac
1132 3489 1494 3543 ratiocinandi
1553 3488 1605 3541 in
1662 3488 1763 3540 hac
1836 3496 2032 3539 natura

458 3585 609 3639 nulla
660 3582 987 3637 admistionc
1041 3593 1322 3646 concreta,
1381 3582 1474 3635 sed
1543 3580 1834 3650 peculiaris
1909 3586 2037 3641 est,

460 3691 583 3747 quae
631 3691 727 3744 per
755 3690 815 3729 se
844 3675 1134 3743 separatim
1168 3672 1571 3727 consideratur.
1609 3670 1713 3725 Sed
1774 3669 2040 3740 quemad-

464 3768 683 3823 modum
757 3766 1195 3821 necessariorum
1268 3765 1637 3819 attractricem
1684 3764 1794 3817 vim
1846 3770 2041 3818 natura

468 3860 633 3915 nabct
680 3874 709 3913 a
752 3859 865 3913 vita
912 3858 1201 3918 materiali,
1254 3873 1378 3927 qua:
1408 3858 1490 3913 vis
1535 3857 1578 3910 si
1622 3856 1676 3910 in
1714 3857 1874 3911 nobis
1920 3855 2040 3911 fue-

466 3954 563 4012 rit,
599 3952 871 4022 appetitus
914 3950 1136 4004 dicitur.
1182 3949 1309 4000 Eam
1350 3955 1531 4002 autem
1565 3948 1671 4001 vim
1715 3948 1784 4001 de
1831 3948 2044 4016 planta-

470 4057 590 4095 rum
625 4046 748 4097 vitae
782 4043 964 4112 specie
1006 4057 1130 4096 esse
1172 4040 1451 4095 dicimus:
1488 4041 1690 4109 quippe
1734 4055 1857 4095 cum
1905 4049 1957 4095 et
1990 4039 2045 4093 in

469 4134 581 4190 illis
628 4134 789 4190 liceat
845 4132 1029 4189 videre
1103 4142 1364 4202 tanquam
1421 4131 1712 4187 facultates
1771 4130 2044 4201 quasdam

470 4227 799 4282 naturaliter
827 4228 936 4281 vim
970 4241 1125 4281 suam
1152 4233 1489 4288 exercentes,
1528 4224 1656 4278 dum
1686 4232 1739 4279 et
1768 4224 2049 4294 replentur

471 4334 539 4375 co
568 4320 712 4389 quod
744 4319 943 4390 cuique
985 4320 1265 4389 proprium
1302 4325 1357 4371 et
1385 4315 1729 4370 commodum
1777 4315 1958 4379 fuerit,
1994 4324 2048 4370 et

473 4410 828 4480 impelluntur
854 4425 919 4464 ac.
950 4416 1169 4478 turgent
1191 4407 1257 4461 ad
1279 4406 1635 4460 crcscendum
1663 4415 1712 4461 et
1737 4407 2050 4477 germinan-

476 4494 607 4548 dum
638 4510 651 4547 :
680 4496 870 4549 eodem
916 4496 1079 4549 etiam
1133 4494 1292 4548 modo
1332 4510 1673 4563 quwcunque
1707 4495 1919 4549 ratione
1960 4511 2053 4551 ca-

2134 3228 2452 3299 ὲφελκτικὸν
2506 3225 2611 3279 τῶν
2664 3224 2978 3293 ἀναγκαίων
3031 3222 3165 3293 πρὸς
3208 3220 3306 3290 τὴν
3358 3215 3548 3286 ὑλικὴν
3599 3212 3710 3281 (67)

2136 3318 2280 3389 ζωὴν
2310 3319 2344 3388 ἡ
2372 3318 2532 3385 φύσις
2555 3315 2688 3385 ἔχει,
2713 3317 2849 3385 ὅπερ
2879 3316 2935 3367 ὲν
2953 3315 3087 3383 ἡμῖν
3116 3311 3404 3379 γενόμενον
3431 3303 3608 3376 ὄρεξις
3627 3303 3713 3354 λέ-

2135 3426 2310 3477 γεται.
2348 3405 2518 3459 Τοῦτο
2557 3405 2615 3458 δέ
2652 3421 2831 3475 φαμεν
2864 3404 2958 3456 τοῦ
3009 3399 3239 3470 φυσικοῦ
3280 3398 3391 3467 (48)
3438 3397 3537 3466 τῆς
3571 3394 3715 3461 ζωῆς

2137 3500 2311 3563 εἴδους
2336 3494 2504 3553 εἶναι·
2538 3498 2662 3550 ἐπεὶ
2692 3497 2750 3549 δὲ
2783 3494 2892 3566 (49)
2921 3495 3014 3547 καί
3041 3495 3099 3545 ὲν
3138 3491 3364 3553 ἐκείνοις
3390 3488 3536 3540 ἐστιν
3566 3485 3717 3547 ἰδεῖν,

2140 3585 2250 3643 οἷόν
2278 3605 2429 3651 τινας
2459 3586 2635 3658 ὁρμὰς
2676 3587 2789 3653 (51))
2825 3584 3068 3654 φυσικῶς
3098 3577 3508 3652 ’ἐνεργουμένας
3542 3578 3599 3628 ὲν
3642 3574 3722 3642 τῷ

2143 3678 2483 3752 πληροῦσθαί
2520 3696 2580 3732 τε
2619 3678 2715 3731 τοῦ
2750 3676 2951 3731 οἰκείου
2980 3675 3077 3729 καὶ
3114 3674 3283 3745 ὀργᾷν
3314 3670 3425 3739 (51)
3455 3667 3591 3737 πρὸς
3623 3665 3724 3735 τὴν

2147 3772 2375 3840 ἔκφυσιν
2398 3788 2411 3801 ·
2435 3769 2579 3823 οὕτω
2605 3770 2697 3822 καί
2724 3770 2825 3822 ὅσα
2851 3769 2951 3836 τῆς
2981 3766 3175 3834 ἀλόγου
3204 3762 3314 3835 (52)
3345 3759 3559 3830 φύσεώς
3579 3761 3726 3811 ἐστιν

2152 3864 2284 3925 ἰδια,
2317 3862 2492 3916 ταῦτα
2522 3861 2599 3932 τῷ
2631 3859 2801 3930 νοερῷ
2830 3860 2929 3928 τῆς
2967 3858 3142 3928 ψυχῆς
3176 3851 3499 3923 κατεμίχθη.
3550 3849 3727 3903 Ἐκείο

2150 3972 2277 4016 νων,
2316 3955 2501 4024 φησὶν,
2537 3955 2566 4007 ὀ
2615 3952 2806 4021 θυμὸς.
2841 3950 3064 4003 ἐκείνων
3104 3949 3133 4001 6
3176 3945 3361 4015 φόϐος,
3403 3942 3625 3996 ἐκείνων
3663 3940 3731 3993 τὰ

2154 4046 2288 4100 ἄλλα
2328 4045 2506 4099 πάντα
2536 4046 2637 4097 ὅσα
2665 4042 2807 4097 κατὰ
2834 4042 2894 4095 τὸ
2923 4039 3162 4095 ἐναντίον
3193 4040 3251 4092 ὲν
3283 4039 3417 4107 ἡμῖν
3447 4034 3558 4105 (55)
3582 4035 3733 4102 ἐνερ-

2156 4138 2329 4203 γεῖται
2353 4174 2368 4197 ,
2403 4134 2543 4206 πλὴν
2573 4134 2670 4204 τῆς
2700 4132 2923 4203 λογικῆς
2967 4147 3026 4183 τε
3061 4128 3157 4182 καὶ
3185 4126 3528 4195 διανοητικῆς
3573 4121 3733 4174 δυνά·

2160 4242 2323 4295 μεωςο
2351 4225 2379 4277 ὃ
2407 4225 2472 4295 δὴ
2508 4226 2665 4296 μόνον
2697 4224 2797 4295 τῆς
2834 4222 3107 4294 ἡμετέρας
3145 4219 3288 4289 ζωῆς
3314 4216 3426 4288 (54)
3458 4214 3734 4284 ἐξαίρετον

2154 4321 2211 4370 ἐν
2237 4318 2416 4388 ἐαυτῷ
2439 4316 2575 4387 (55),
2602 4316 2783 4379 καθὼς
2810 4316 3046 4387 εἴρηται,
3080 4311 3175 4365 τοῦ
3218 4310 3363 4363 θείου
3391 4306 3735 4379 χαρακτῆρος

2155 4410 2276 4480 ἕχον
2308 4410 2406 4481 τὴν
2455 4409 2702 4480 μίμησιν.
2750 4408 2890 4461 Ἀλλ’
2919 4406 3106 4473 ἐπειδὴ
3154 4403 3294 4458 κατὰ
3326 4402 3418 4454 τὸν
3459 4401 3557 4470 ήδη
3601 4413 3736 4469 προ-

2157 4498 2485 4552 αποδοθέντα
2520 4499 2631 4569 (56)
2671 4499 2865 4567 λόγον,
2906 4498 3006 4551 οὐκ
3047 4497 3189 4549 ἐστιν
3235 4493 3409 4556 ἄλλως
3453 4491 3552 4561 τὴν
3590 4489 3737 4558 λογι-

479 4585 653 4640 rentis
695 4594 905 4640 natura:
946 4586 1165 4656 propria
1194 4594 1344 4648 sunt,
1375 4586 1487 4640 haec
1524 4587 1879 4658 intelligentia
1920 4603 2020 4655 pta

2124 4591 2259 4661 ’κὴν
2290 4590 2517 4661 δύναμιν
2566 4590 2886 4660 ἐγγενέσθαι
2922 4594 2991 4662 τῇ
3031 4590 3318 4658 σωματικῇ
3360 4586 3495 4655 ζωῇ.
3547 4583 3623 4654 μὴ
3651 4583 3742 4636 διά

479 4674 609 4731 diue
646 4676 843 4731 anima:
881 4676 1020 4748 parti
1076 4676 1340 4747 permista
1376 4685 1522 4732 sunt.
1559 4675 1716 4745 llinc,
1746 4676 1943 4748 inquit,
1970 4686 2054 4733 est

555 4878 668 4948 (55)
700 4879 919 4944 κῡθύς.
955 4877 998 4931 ιι
1035 4877 1198 4940 εὐθὺς
1221 4878 1297 4932 δέ.

556 4946 669 5010 (56)
708 4949 1068 5003 Ἐνδύουσα.
1101 4951 1145 5001 A
1177 4948 1217 5001 Β
1242 4946 1550 5003 ἐνδύνουσα.

557 5018 673 5090 (57)
705 5018 885 5074 Kurd.

649 4878 673 5089 ξ

986 5019 1145 5090 μετὰ.

561 5087 674 5158 (58)
714 5090 870 5155 Πρὸς
893 5088 963 5142 τὸ
988 5087 1327 5160 νοερόνκαί
1352 5091 1552 5157 lorea.
1590 5087 1631 5141 A
1656 5089 1797 5160 arpi);
1828 5089 1893 5160 ﬁco
1920 5089 2067 5158 λογι-

493 5159 672 5231 κόνητέ
701 5160 795 5231 κα).
823 5160 1028 5231 νοερόν,
1054 5159 1101 5231 Β,
1125 5159 1261 5231 πρὸς
1283 5159 1344 5211 τὸ
1372 5160 1554 5230 νοερόν
1575 5176 1633 5211 τε
1654 5158 1889 5228 λογικόν.

585 5229 674 5293 ’59)
710 5228 977 5283 Ζώντωόθ.
1017 5230 1057 5281 Β
1090 5228 1263 5293 ζώων.

562 5229 677 5369 (59)
710 5229 977 5309 Ζώνξων.
1017 5230 1057 5281 Β
1090 5229 1263 5293 ζώων.

575 5298 671 5379 ιε).
706 5299 881 5379 eisin.-
912 5299 954 5352 Α
982 5298 1069 5379 ζῇν
1099 5299 1167 5379 ’Ξέ
1195 5298 1270 5379 ξέτ

568 5367 678 5440 (41)
718 5367 1069 5436 Αἰσθητικῷ.
1110 5368 1523 5440 Βαίσθητικῶς.

720 5434 1297 5511 Ἐκπεριειληξςότος.
1320 5434 1379 5511 ’Β
1400 5439 1785 5511 ὲμπεριειληφ.

594 5509 687 5612 ﬁl
719 5509 1061 5612 Tfﬁffffﬁ“
1089 5508 1441 5612 133393.939:

595 5578 687 5646 Η)
726 5578 1045 5643 Αὕεεσθαι.
1082 5583 1123 5631 Α
1150 5578 1248 5631 καῖ
1271 5578 1472 5646 αὔξηΒ
1503 5581 1598 5636 καί
1630 5579 1975 5646 αὐξάνεσθαι.

598 5647 688 5715 15)
730 5647 984 5710 Ἰδιάζον.
1023 5651 1064 5703 Δ
1100 5648 1139 5701 Β
1171 5650 1263 5703 καὶ
1292 5649 1509 5715 ἰδιάζον.

575 5717 691 5789 (εἰσ)
758 5717 981 5789 Εαυτῇ.
1013 5719 1058 5774 Α
1094 5719 1131 5774 Β
1164 5720 1378 5775 ἑαυτοῦ.

2157 4682 2266 4736 τῶν
2306 4682 2611 4755 αἰσθήσεων
2645 4682 3000 4754 ὲγγινομένην
3051 4679 3197 4750 (57)·
3242 4680 3275 4748 ὴ
3311 4677 3366 4730 δὲ
3397 4676 3643 4748 αἰσθησις
3682 4680 3743 4730 ὲν

2257 4880 2344 4952 47)
2394 4881 2654 4949 Ὑλικήν.
2695 4882 2753 4936 In
2785 4882 3031 4952 margine
3056 4882 3154 4951 τῆς
3181 4880 3370 4951 ὑλικῆς
3400 4880 3564 4949 ζωῆς.

2258 4950 2349 5017 48)
2385 4952 2674 5005 Φυσικοῦ.
2717 4954 2757 5004 Α
2804 4950 3054 5019 φυτικοῦ.

2238 5021 2350 5089 (49)
2399 5020 2563 5074 Ἑπεί
2612 5022 2698 5076 δέ.
2736 5022 2777 5073 Α
2808 5021 2848 5074 Β
2876 5022 3082 5090 ἐπειδὴ.

2239 5090 2351 5157 (50)
2408 5091 2633 5161 Ὀρμάς.
2664 5091 2709 5144 Α
2737 5092 2791 5145 in
2826 5092 3067 5161 margine
3098 5090 3351 5159 ἀφορμάς

2239 5161 2350 5227 (51)
2393 5160 2629 5230 Ὀργᾷν.
2666 5164 2703 5214 Δ
2734 5164 2785 5214 in
2821 5164 3065 5229 margine
3090 5162 3287 5230 ὁρμᾷν.

2245 5231 2358 5299 (52)
2388 5232 2501 5298 Τῆς
2524 5233 2770 5301 ἀλόγου.
2805 5231 2844 5283 Β
2870 5231 2964 5284 καὶ
2990 5249 3037 5283 τ.
3072 5232 3158 5285 ἀλ.

2246 5301 2357 5371 (55)
2402 5304 2507 5372 Ἐν
2531 5302 2696 5372 ἡμῖν.
2737 5303 2781 5354 Α
2821 5303 2963 5372 delet
2997 5303 3077 5354 ἐν.

2248 5372 2359 5441 (5-4)
2392 5371 2581 5439 Ζωῆς.
2615 5372 2657 5425 Α
2690 5373 2732 5425 Β
2765 5371 2975 5425 addunt
3013 5372 3181 5426 ἐστίν.

2248 5444 2362 5513 (55)
2406 5444 2508 5496 Ἐν
2534 5442 2745 5506 ἐαυτῷ.
2845 5443 2901 5495 ὲν
2931 5441 3099 5511 αὐτῷ.

2176 5511 2929 5637 δ’ἔῗὸξζτέιροαποδοθέντα.
2997 5513 3039 5565 Λ
3093 5513 3147 5566 iu
3205 5511 3447 5581 margine
3506 5520 3746 5579 προαπο·

2210 5601 2476 5637 ειγυεντα.

2250 5602 2846 5725 ἆῗῖῗῖζέγγινομένην.
2890 5650 2930 5705 Β
2976 5652 3317 5721 ἐγγινομένη.
