4046 6350
361 290 427 349 6|
1433 299 1520 352 DE
1556 298 1773 354 ANIMA
1814 299 1900 356 ET
1942 302 2546 362 RESURBECTIONE.
3557 312 3626 367 ti?

360 407 427 477 τῇ
464 404 572 457 τῶν
600 406 810 474 ἀλόγων
837 409 1156 479 πῳῦπέστη
1183 409 1369 478 φύσει·
1393 411 1602 481 ὼς(58)
1627 411 1918 478 ἀναγκαίως

2042 413 2144 475 ira,
2179 429 2242 468 ex
2280 415 2387 471 illis
2427 425 2627 483 metus,
2680 420 2806 476 hinc
2844 419 3027 476 omnia
3071 419 3175 474 alia
3211 435 3541 489 quaecunque
3575 422 3628 474 in

359 495 447 550 όιά
477 495 571 549 τοῦ
596 497 712 560 ἑνὸς
736 499 828 550 καὶ
851 499 984 570 πρὸς
1006 499 1138 569 (58‘)
1160 500 1228 554 τὰ
1255 501 1576 572 συνημμένα
1608 501 1811 556 τούτων
1835 502 1918 573 (59

2056 505 2392 559 contrarium
2417 525 2446 560 a
2468 509 2624 565 nobis
2646 519 2990 573 exercentur,
3007 521 3229 579 excepta
3259 510 3486 564 rationis
3514 527 3630 578 par-

359 586 564 654 γίνεται
595 588 692 657 τῆς
721 589 901 659 ψυχῆς
928 591 1085 661 ἡμῶν
1121 592 1153 662 ἡ
1181 593 1451 647 κοινωνία.

2045 592 2210 661 tieipe
2245 601 2408 664 atque
2435 599 2713 667 cogitandi
2746 599 3039 653 facultate:
3069 615 3188 669 qua:
3217 600 3334 655 sola
3371 599 3627 652 nimirum

360 678 628 748 przecipua
676 680 801 734 vitae
848 693 1048 738 nostrae
1087 698 1211 754 pars
1248 693 1331 741 est
1363 687 1417 740 in
1449 701 1570 741 sese
1599 685 1795 741 divinae
1828 685 2048 756 ﬁgurae,
2086 686 2249 740 siculi
2282 689 2484 744 dictum
2513 702 2631 756 est,
2670 693 2962 764 imaginem
3002 695 3314 748 continens.
3355 691 3460 746 Sed
3490 706 3631 761 quo-

358 767 500 823 niam
527 770 679 839 juxta
707 772 820 840 jam
855 781 980 828 ante
1026 775 1288 830 redditam
1323 778 1611 844 rationem,
1655 780 1865 835 ratione
1902 778 2123 848 prmdita
2158 780 2238 835 vis
2266 794 2542 851 corporea:
2587 785 2711 839 vitae
2744 801 2850 840 non
2887 785 3044 840 aliter
3078 785 3259 840 inesse
3294 792 3492 854 potest,
3523 779 3627 836 nisi

356 874 453 928 per
489 878 682 917 sensus
716 863 866 929 insit,
896 871 1060 932 atque
1097 880 1294 922 sensus
1334 867 1388 921 in
1419 867 1575 922 bruta
1610 876 1772 938 atque
1811 869 2042 923 rationis
2073 876 2292 936 experte
2323 880 2516 925 natura
2549 881 2674 927 ante
2707 872 2948 929 substitit
2975 881 3134 942 atque
3159 873 3490 927 constitutus
3517 879 3623 934 est,

353 953 668 1007 necessario
706 969 802 1024 per
829 971 994 1009 unum
1025 960 1188 1010 etiam
1213 972 1336 1012 cum
1369 960 1768 1016 cohaerentibus
1793 960 1919 1015 huic
1947 967 2108 1030 atque
2139 957 2448 1028 conjunctis
2483 962 2678 1017 animae
2705 977 2905 1019 nostraz
2941 961 3254 1018 communio
3279 960 3514 1016 exsistit.

436 1089 469 1140 Γ
472 1089 612 1142 αὔτα
641 1089 698 1141 δέ
729 1090 879 1142 ἐστιν
915 1091 1014 1143 ὅσα
1047 1093 1105 1144 ἐν
1138 1091 1268 1162 ἡμῖν
1297 1093 1556 1164 γινόμενα
1586 1095 1734 1164 πάθη
1774 1095 1918 1163 λέγε-

2106 1091 2230 1147 llaac
2263 1101 2442 1147 autem
2479 1103 2627 1160 sunt,
2663 1112 3002 1166 quaecunque
3035 1096 3088 1149 in
3121 1096 3278 1150 nobis
3308 1095 3620 1164 existentia,

350 1198 480 1245 ται,
527 1179 563 1232 ἀ
615 1180 738 1249 οὐχ).
786 1181 1001 1245 πάντως
1040 1183 1133 1234 ἐπὶ
1173 1184 1324 1253 κακῷ
1369 1202 1474 1238 τινι
1505 1188 1570 1256 τῇ
1620 1187 1918 1257 ἀνθρωπίνῃ

2032 1185 2198 1254 πάθη,
2242 1184 2295 1238 id
2326 1193 2412 1239 est
2443 1186 2682 1255 a/fectus,
2712 1189 3005 1256 passiones,
3038 1188 3151 1242 sive
3177 1187 3619 1257 perturbationes,

354 1267 738 1340 συνεκληρώοη
769 1268 881 1341 ζωῇ
901 1287 916 1301 ·
946 1265 982 1341 ἦ
1014 1271 1125 1343 (60)
1158 1273 1355 1343 γὰρᾶν
1386 1277 1415 1327 6
1446 1277 1785 1346 Δημιουργὺς
1826 1277 1918 1332 τῶι

2030 1285 2084 1330 et
2121 1285 2290 1329 artatus
2328 1276 2590 1332 dicuntur
2629 1298 2640 1331 :
2679 1295 2798 1348 quae
2837 1295 2944 1333 non
2979 1280 3200 1333 omnino
3232 1279 3357 1332 mali
3391 1278 3622 1348 alicujus

351 1361 538 1413 κακῶν
570 1361 667 1431 τὴν
697 1361 876 1414 αἰτίαν
908 1361 1007 1433 ἔχῃ
1035 1363 1176 1432 (61),
1210 1366 1257 1417 εί
1288 1366 1494 1419 ἐκεῖθεν
1522 1369 1578 1420 al
1618 1368 1728 1421 τῶν
1752 1369 1918 1440 πλημ-

2032 1382 2200 1422 causa
2242 1369 2494 1424 humana;
2543 1371 2850 1425 contributa
2883 1380 3089 1426 natura:
3122 1378 3248 1426 sunt
3297 1372 3456 1440 (nam
3486 1370 3622 1422 alio-

354 1451 684 1522 μελημὼτων
739 1448 882 1524 ἦσαν
941 1455 1172 1529 ἀνάγκαι
1229 1460 1805 1530 συγκαταϐεϐλημέναι
1862 1464 1918 1532 τῇ

2037 1460 2129 1527 qui
2161 1459 2409 1515 Creatori
2440 1477 2606 1516 causa
2637 1463 2900 1518 malorum
2931 1464 3197 1534 assignari
3236 1469 3442 1532 posset,
3480 1462 3524 1516 si
3555 1461 3620 1514 il-

351 1539 514 1606 φύσει
535 1555 548 1569 ο
575 1539 712 1593 ἀλλά
733 1544 799 1611 τῇ
829 1544 957 1612 ποιᾷ
979 1548 1170 1614 χρήσει
1193 1547 1290 1615 τῆς
1319 1551 1704 1618 προαιρέσεως,
1741 1551 1772 1620 ἢ
1804 1552 1918 1623 ἀρε-

2035 1547 2142 1601 Iinc
2165 1555 2512 1617 peccatorum
2543 1553 2864 1606 necessaria:
2889 1567 3068 1608 causa:
3095 1551 3256 1608 simul
3284 1551 3337 1604 in
3367 1560 3616 1604 naturam

345 1629 470 1698 τῆς,
504 1628 536 1698 ἢ
566 1630 765 1693 κακίας
789 1630 994 1701 ὄργανα
1023 1635 1090 1686 τὰ
1117 1636 1340 1690 τοιαῦτα
1365 1637 1466 1708 τῆς
1489 1639 1666 1710 ψυχῆς
1698 1642 1918 1712 κινήμα·

2033 1640 2244 1694 collatae
2277 1643 2539 1712 essent),
2584 1644 2676 1698 sed
2713 1652 2864 1698 certo
2907 1645 3138 1714 quodam
3181 1659 3278 1698 usu
3320 1642 3618 1698 voluntatis

346 1735 420 1771 τα
463 1719 690 1786 γίνεται.
736 1721 1003 1795 Καθάπερ
1047 1726 1074 1776 6
1121 1727 1337 1797 σίδηρος
1387 1729 1529 1782 κατά
1569 1731 1793 1802 γνώμην
1834 1733 1918 1785 τοῐ

2036 1737 2089 1784 et
2124 1732 2356 1797 arbitrii,
2398 1735 2481 1787 vel
2512 1735 2731 1790 virtutis
2772 1736 2855 1790 vel
2899 1736 3015 1789 vitii
3064 1735 3426 1789 instrumenta
3476 1735 3612 1788 tales

349 1809 591 1880 τεχνίτου
626 1811 990 1884 τυπούμενος,
1030 1817 1165 1887 πρὸς
1216 1819 1352 1890 ὅπερ
1397 1820 1462 1872 ἂν
1506 1821 1658 1875 ἔθετο
1689 1824 1800 1894 (62)
1835 1825 1918 1877 τοῐ

2033 1823 2198 1876 animi
2233 1832 2410 1880 motus
2445 1827 2739 1882 exsistunt.
2759 1826 3224 1893 Quemadmodum
3256 1826 3458 1879 ferrum
3486 1826 3614 1879 dum

343 1901 743 1970 τεχνιτεύοντος
774 1906 807 1975 ὴ
839 1905 1153 1978 ὲνθύμησις,
1181 1911 1317 1982 πρὸς
1351 1913 1506 1966 τοῦτο
1537 1916 1631 1968 καὶ
1660 1919 1923 1986 σχηματί-

344 1988 570 2063 ζεται,ῆ
603 1993 786 2062 ξίφος,
810 1997 844 2066 ἧ
866 2014 917 2050 τι
942 1998 1051 2068 (65)
1074 2003 1375 2072 γεωργικὸν
1402 2005 1680 2076 ἐργαλεῖον
1707 2012 1928 2081 γινόμε-

343 2096 437 2173 νος
462 2081 594 2173 (ϋό).
617 2085 826 2173 οὐκοῦν
847 2089 895 2139 εί
925 2090 1024 2158 μὲν
1047 2093 1074 2143 ό
1094 2091 1267 2159 λόγος,
1300 2094 1328 2147 ὃ
1356 2096 1418 2166 δὴ
1450 2099 1545 2168 τῆς
1572 2100 1784 2168 φύσεώς
1815 2104 1925 2173 (65)

342 2170 496 2222 ἐστιν
526 2171 820 2243 ἐξαίρετον,
853 2177 961 2230 τῶν
986 2178 1182 2244 ἔξωθεν
1205 2182 1315 2254 (66)
1346 2187 1802 2258 ἐπεισκριθέντων
1825 2170 1928 2262 ’τὴν

341 2261 643 2330 ἡγεμονίαν
673 2265 806 2334 ἔχοι,
841 2269 1019 2332 καθὼς
1051 2273 1144 2324 καὶ
1165 2272 1231 2325 δι’
1260 2276 1579 2346 αἰνίγματος
1608 2281 1636 2332 6
1662 2283 1758 2352 τῆς
1788 2261 1924 2353 Γρα-

343 2353 454 2440 φῇς
477 2357 826 2427 παρεδήλωσε
851 2359 1025 2429 λόγος,
1049 2363 1233 2433 ἄρχειν
1261 2368 1679 2440 ἐγκελευόμενος
1709 2375 1924 2428 πάντων

338 2437 453 2490 τῶν
487 2440 716 2509 ἀλόγων,
752 2445 852 2500 οὐκ
895 2449 958 2502 ἄν
991 2467 1042 2503 τι
1084 2453 1219 2522 πρὸς
1254 2457 1452 2520 κακίας
1485 2460 1786 2530 ὑπηρεσίαν
1816 2465 1925 2520 τῶν

337 2531 599 2624 τοιούτων
643 2539 958 2605 κινημάτων
995 2542 1102 2611 (67)
1146 2545 1275 2614 ἡμῖν
1314 2547 1664 2620 ἐνεργήσειε,
1694 2554 1786 2606 τοῦ
1827 2557 1924 2624 μὲν

340 2621 512 2714 φόϐου
539 2624 598 2677 τὸ
627 2626 865 2698 ὑπήκοον
901 2632 1275 2702 ἐμποιοῦντος,
1310 2640 1403 2692 τοῦ
1436 2641 1492 2694 δὲ
1535 2642 1706 2714 θυμοῦ
1744 2647 1804 2698 τὸ
1828 2621 1925 2702 *ἀν-

335 2713 548 2783 δρεῖον,
582 2718 682 2788 τῆς
710 2721 908 2786 δειλίας
935 2725 991 2778 δὲ
1021 2727 1116 2797 τὴν
1150 2729 1487 2800 ἀσφάλειαν,
1514 2713 1615 2806 τῆξ
1641 2737 1698 2789 δὲ
1727 2739 1920 2792 ἐπιθυ-

339 2806 585 2898 μητικῆς
610 2810 790 2879 ὁρμῆς
821 2812 918 2883 τὴν
945 2814 1096 2868 θείαν
1134 2835 1192 2871 τε
1221 2820 1312 2872 καὶ
1341 2822 1614 2893 ἀκήρατον
1639 2829 1771 2898 ἡμῖν
1801 2829 1893 2898 ἡδο
1911 2858 1923 2870 ι

335 2894 870 2989 νὴνπροξενούσῃς.
934 2907 996 2958 Ei
1043 2907 1100 2960 δὲ
1149 2911 1410 2965 ἀποϐάλοι
1459 2915 1570 2984 (68)
1626 2894 1725 2980 ei;
1766 2894 1921 2989 ἡνίας

335 2986 368 3037 ὁ
409 2985 584 3080 λόγος.
620 2991 714 3043 καὶ
751 2987 861 3046 οἶόν
899 3012 983 3059 τις
1015 2998 1235 3070 ἡνίοχοςι
1272 3004 1572 3073 ἐμπλακεὶς
1602 3008 1680 3078 τῷ
1714 2985 1918 3080 ἀρματι

2032 1928 2095 1966 ex
2126 1916 2393 1968 sententia
2434 1916 2664 1972 artificis
2694 1918 2932 1980 cuditur,
2961 1931 3285 1986 quocunque
3316 1915 3615 1970 ferramen-

2032 2012 2143 2056 tum
2197 2005 2424 2062 artificis
2473 2009 2656 2061 animo
2709 2009 2964 2062 voluntas
3010 2007 3396 2071 destinaverit,
3444 2006 3510 2058 ad
3560 2005 3614 2060 id

2029 2096 2190 2147 etiam
2239 2095 2524 2160 formatur,
2565 2105 2619 2152 et
2668 2099 2749 2152 vel
2804 2098 3014 2168 gladius
3048 2099 3130 2151 vel
3160 2097 3348 2152 rustici
3383 2097 3614 2166 alicujus

2033 2187 2214 2253 operis
2260 2187 2680 2243 instrumentum
2715 2190 2792 2244 fit.
2825 2189 2964 2260 Ergo
3005 2189 3272 2259 siquidem
3318 2189 3457 2243 ratio
3493 2205 3615 2256 quae

2029 2277 2303 2346 pracipua
2343 2278 2602 2332 nimirum
2643 2287 2852 2333 naturae
2897 2288 3097 2334 nostrae
3141 2293 3267 2348 pars
3300 2285 3386 2333 est
3423 2293 3611 2332 eorum

2030 2381 2151 2434 quae
2200 2369 2544 2426 extrinsecus
2586 2372 2746 2425 nobis
2796 2371 3185 2441 superinducta
3235 2378 3290 2426 et
3334 2369 3610 2424 insinuata

2026 2467 2153 2511 sunt
2201 2457 2564 2528 principatum
2620 2461 2863 2515 obtineat
2905 2458 3400 2532 (quemadmodum
3447 2459 3608 2512 etiam

2028 2549 2326 2620 Scripturze
2359 2567 2541 2606 sermo
2572 2569 2664 2622 per
2693 2555 2923 2624 aenigma
2956 2540 3264 2622 lectamque
3309 2554 3610 2607 orationem

2025 2639 2344 2707 Subinnuit,
2401 2644 2656 2698 omnibus
2707 2645 2878 2699 brutis
2920 2653 2973 2699 et
3021 2645 3246 2698 rationis
3300 2643 3610 2713 expertibus

2027 2747 2263 2800 praeesse
2305 2734 2540 2806 jubens)
2564 2776 2578 2801 ,
2617 2737 2798 2791 nullus
2837 2737 3104 2805 ejusmodi
3141 2745 3321 2791 motus
3350 2736 3509 2790 nobis
3540 2735 3609 2788 ad

2026 2824 2141 2876 vitii
2173 2825 2538 2880 miniStcrium
2569 2827 2750 2882 efﬁcax
2791 2828 2953 2882 fuerit
2988 2850 2998 2884 :
3042 2837 3184 2881 metu
3221 2827 3438 2896 quidem
3475 2826 3608 2881 obe-

2025 2915 2307 2980 dientiam,
2343 2917 2419 2971 ira
2462 2934 2588 2971 vero
2625 2918 3035 2985 fortitudinem;
3069 2918 3360 2972 timiditate
3397 2917 3605 2972 cautio-

2021 3022 2142 3058 nem
2217 3014 2379 3077 atque
2443 3010 2792 3063 securitatem
2845 3009 3228 3079 ingenerante;
3287 3008 3610 3076 cupiditatis

337 3078 571 3131 κατόπιν
614 3081 706 3133 ὑπ’
749 3084 914 3139 αὑτοῦ
964 3087 1210 3161 σύροιτο,
1257 3097 1373 3147 ἐκεῖ
1416 3096 1526 3167 (69)
1575 3100 1918 3170 ἀπαγόμενος

2024 3094 2149 3148 item
2193 3096 2394 3165 impetu
2443 3098 2680 3150 divinam
2727 3098 2888 3152 simul
2937 3107 2990 3152 et
3041 3099 3399 3151 immortalem
3447 3098 3608 3153 nobis

333 3169 584 3241 ὅπουπερ
614 3172 680 3226 ἂν
713 3176 746 3245 ἡ
777 3176 968 3245 ἄλογος
1001 3181 1213 3252 κίνησις
1239 3185 1346 3239 τῶν
1379 3169 1799 3261 ὑπεζευγμένων
1825 3195 1920 3263 φέ-

339 3278 426 3354 ρει
455 3264 587 3335 (70),
623 3268 741 3320 τότε
784 3272 866 3333 εἰς
911 3272 1081 3338 πάθος
1124 3278 1179 3329 αἱ
1213 3279 1380 3348 ὁρμαὶ
1415 3285 1916 3354 καταστρέψονται,

333 3347 449 3448 οίον
467 3354 535 3448 δὴῗ
560 3357 653 3409 καὶ
673 3359 765 3411 ἐπὶ
789 3363 899 3424 τοῖς
923 3363 1034 3434 (71)
1063 3347 1276 3434 ἀλόγοις
1287 3347 1439 3424 ἔστιν
1464 3373 1610 3428 ἰδεῖν.
1629 3347 1781 3429 ζΕπεὶ
1803 3347 1915 3448 (72)

335 3444 449 3516 γὰρ
487 3447 584 3501 οὐκ
624 3451 904 3508 ἐπιστατεῖ
941 3455 1220 3527 λογισμοῖς
1250 3461 1360 3530 (75)
1397 3468 1509 3527 τοῖς
1543 3468 1784 3534 φυσικῶς
1813 3444 1919 3523 Vati-

333 3537 449 3631 τοῖς
480 3539 973 3631 ἐγκωμιαζομένης
1004 3547 1116 3617 (74)
1145 3552 1428 3621 κινήσεως,
1471 3555 1539 3609 τὰ
1567 3556 1665 3626 μὲν
1694 3557 1915 3631 θυμώδη

336 3624 448 3678 τῶν
474 3625 628 3721 ςὼων
655 3631 712 3683 ἐν
741 3633 988 3703 ἀλλήλοις
1016 3637 1295 3710 φθείρεται
1323 3643 1434 3713 (75)
1466 3645 1542 3716 τῷ
1569 3624 1726 3718 θυμῷ
1750 3624 1915 3721 σίραζ

333 3715 646 3787 τηγούμενα
667 3735 681 3749 ·
721 3721 786 3773 τὰ
820 3722 877 3775 δὲ
919 3725 1238 3798 πολύσαρκά
1267 3747 1327 3782 τε
1365 3733 1459 3784 καὶ
1486 3733 1686 3789 δυνατά
1715 3737 1794 3800 είς
1823 3738 1917 3791 οὐ-

333 3805 429 3898 δὲν
464 3809 663 3898 οἰκεῖον
693 3812 896 3880 ἀγαθὸν
940 3815 1193 3872 ἀπώνατο
1231 3821 1329 3891 τῆς
1365 3823 1645 3894 δυνάμεως
1669 3866 1683 3888 ,
1729 3829 1915 3898 κτῆμα

335 3895 432 3990 τοῦ
462 3897 677 3968 λογικοῦ
705 3902 791 3956 διά
821 3905 918 3975 τὴν
943 3907 1162 3977 ἀλογίαν
1198 3914 1453 3984 γινόμενα
1474 3934 1486 3946 ·
1516 3917 1549 3986 ἦ
1577 3934 1633 3970 τε
1667 3919 1766 3990 τῆς
1794 3895 1914 3973 ἐπι-

339 3985 539 4058 θυμίας
565 3994 658 4046 ml.
680 3995 774 4065 τῆς
797 3997 992 4068 ἡδονῆς
1026 4001 1275 4072 ἐνέργεια
1303 4007 1429 4074 περὶ
1463 3985 1613 4060 οὐδὲν
1643 3985 1749 4064 τῶν
1773 4011 1913 4082 ὑψη-

336 4082 445 4138 λῶν
478 4084 590 4153 (76)
621 4087 938 4156 ὰσχολοῢται
973 4090 1115 4161 (77)·
1150 4092 1272 4146 οὔτε
1315 4095 1441 4150 ἄλλο
1474 4115 1526 4151 τι
1563 4098 1672 4153 τῶν
1715 4102 1771 4153 ἐν
1819 4103 1914 4154 αὑ·-

337 4178 450 4237 τοίς
491 4175 602 4243 (78)
634 4176 1015 4250 θεωρουμένων
1045 4183 1186 4254 λόγῳ
1217 4187 1324 4240 τιν).
1353 4190 1487 4258 πρὸς
1515 4191 1576 4242 τὸ
1606 4191 1911 4246 λυσιτελοῦν

335 4265 659 4336 διεξάγεται.
703 4270 858 4324 Οὕτω
904 4274 998 4326 καὶ
1043 4277 1100 4328 ἐν
1138 4278 1269 4347 ἡμῖν
1309 4281 1357 4331 εί
1404 4282 1478 4351 μὴ
1519 4283 1654 4353 πρὸς
1696 4285 1756 4337 τὸ
1795 4287 1912 4340 δέον

337 4356 524 4424 ἄγοιτο
547 4360 718 4415 ταῦτα
747 4363 834 4417 διά
865 4365 960 4417 τοῦ
991 4366 1273 4438 λογισμοῦ,
1304 4371 1419 4424 ἀλλ’
1455 4375 1777 4448 ἐπικρατοίη
1814 4379 1911 4450 τῆς

2023 3187 2354 3254 voluptatem
2404 3189 2753 3242 conciliante.
2792 3189 2885 3241 Sin
2938 3196 3120 3243 autem
3171 3189 3312 3242 ratio
3363 3189 3605 3243 habenas

2019 3277 2231 3332 amittat
2267 3288 2320 3333 et
2366 3287 2622 3348 tanquam
2656 3280 2845 3350 auriga
2892 3280 3093 3350 aliquis
3147 3281 3442 3348 implicitus
3471 3296 3602 3335 cur-

2018 3368 2104 3421 rui
2159 3378 2306 3424 retro
2349 3371 2417 3424 ab
2459 3386 2522 3425 en
2569 3372 2838 3435 trahatur,
2873 3373 3074 3442 illoque
3121 3372 3424 3441 abripiatur
3464 3388 3603 3442 quo-

2019 3475 2238 3530 cunque
2288 3478 2410 3517 cum
2462 3464 2693 3518 rationis
2749 3480 2945 3534 expers
3006 3471 3186 3518 motus
3230 3463 3602 3532 jumentorum

2018 3553 2251 3618 auferat,
2303 3565 2432 3608 tunc
2480 3555 2533 3607 in
2584 3557 3046 3624 perturbationem
3078 3559 3440 3627 appetitiones
3473 3575 3604 3614 con-

2018 3655 2323 3712 vertuntur,
2376 3648 2536 3718 quale
2588 3649 2844 3703 nimirum
2893 3651 3055 3704 etiam
3106 3650 3161 3704 in
3205 3651 3381 3707 brutis
3419 3652 3603 3707 videre

2019 3739 2163 3794 licet.
2211 3739 2479 3805 Quoniam
2520 3741 2666 3794 enim
2723 3743 2861 3796 ratio
2916 3743 3238 3796 naturaliter
3292 3745 3372 3799 eis
3426 3745 3602 3798 insita}

2016 3832 2242 3886 motioni
2298 3848 2407 3886 non
2460 3841 2675 3903 praeest,
2709 3849 2771 3888 ea
2809 3835 3027 3904 quidem
3074 3837 3349 3901 animalia,
3381 3855 3502 3908 qua:
3531 3840 3598 3894 ad

2017 3922 2155 3976 iram
2196 3938 2367 3992 prona
2397 3932 2561 3994 atque
2585 3926 2846 3995 proclivia
2880 3935 3028 3990 sunt,
3064 3929 3145 3982 ira
3180 3929 3414 3985 ducente
3438 3940 3600 4000 atque

2015 4012 2322 4068 concitante
2378 4030 2499 4070 sese
2555 4016 2786 4069 invicem
2848 4019 3181 4086 conficiunt;
3237 4036 3360 4090 qua:
3415 4031 3595 4076 autem

2014 4117 2248 4158 carnosa
2315 4114 2443 4160 sunt
2504 4121 2567 4159 ac
2620 4106 2829 4162 viribus
2885 4109 3130 4176 pollent,
3192 4109 3319 4163 dum
3376 4118 3597 4180 prepter

2013 4193 2240 4247 rationis
2294 4194 2563 4249 defectum
2609 4199 2818 4252 ratione
2874 4199 3080 4268 praediti
3121 4201 3277 4269 quasi
3327 4203 3594 4270 mancipia

2019 4299 2081 4338 ac
2117 4287 2311 4354 prceda:
2351 4288 2508 4351 fiunt,
2541 4290 2750 4342 nullum
2787 4291 3066 4359 proprium
3101 4306 3324 4346 suarum
3389 4293 3590 4348 virium

2018 4380 2364 4433 commodum
2421 4381 2704 4446 sentiunt;
2769 4383 3087 4452 cupiditatis
3146 4400 3366 4454 quoque
3429 4393 3593 4455 atque

338 4448 430 4500 τοῦ
456 4448 548 4502 νοῦ
587 4450 904 4516 δυναστείας
927 4456 998 4508 τὰ
1038 4457 1208 4528 πάθη,
1251 4461 1386 4529 πρὸς
1408 4461 1468 4514 τὸ
1498 4438 1688 4533 ἄλογόν
1716 4438 1777 4520 τέ
1819 4438 1912 4522 καί

2022 4470 2315 4539 voluptatis
2363 4471 2648 4527 eflicientia
2701 4473 2757 4528 in
2797 4475 2945 4528 nulla
2995 4489 3052 4529 re
3097 4476 3315 4531 sublimi
3357 4492 3593 4546 occupa-

337 4539 559 4608 ἁνόητον
593 4543 930 4612 μεταϐαίνων
958 4546 1070 4614 (79)
1101 4549 1130 4600 ό
1172 4548 1482 4621 ἄνθρωπος,
1520 4554 1627 4608 ἀπὸ
1657 4555 1750 4609 τοῦ
1793 4557 1907 4612 δια-

338 4633 585 4703 νοητικοῦ
615 4635 708 4688 καὶ
739 4634 1002 4701 θεωιδοῦς
1029 4642 1096 4710 τῇ
1122 4642 1266 4712 ὁρμῇ
1298 4642 1408 4696 τῶν
1432 4645 1686 4700 τοιούτων
1730 4648 1905 4721 παθη-

407 4860 519 4928 (58)
569 4864 655 4927 Ως
673 4864 918 4917 delentA
953 4865 1010 4918 Β.

409 4930 541 4999 (58‘)
569 4932 680 4986 Kal
722 4937 892 5000 πρός.
924 4937 1034 4988 Καί
1061 4938 1204 4994 delet
1233 4937 1289 4991 Β.

410 5000 520 5078 ea
547 5003 872 5078 1.913591%}
1349 5017 1351 5020 ί

406 5066 516 5139 (eo)
547 5066 638 5124 Ἦ.
676 5072 746 5126 Ἦ
781 5072 842 5126 B.

408 5139 522 5226 ρ
767 5144 1074 5226 AAinnteyitu
1108 5143 1272 5218 εἶχεν,
1303 5149 1356 5203 in
1382 5151 1625 5222 margine
1653 5155 1787 5226 ἔχοι.

429 5208 518 5288 92>
543 5208 782 5288 arma...
810 5215 851 5288 4
891 5213 931 5266 Β
961 5216 1138 5288 ἐθέλῃ.

428 5279 517 5352 εδ)
543 5281 609 5332 Ἦ
637 5284 708 5334 τί.
747 5281 788 5334 B
815 5283 942 5352 ῆτι.

408 5350 519 5420 (64)
551 5350 898 5431 Γινόμετςος.
936 5355 977 5405 Β
1009 5356 1310 5431 γινόμενον.
1339 5361 1382 5412 Α
1430 5361 1480 5414 in
1523 5370 1670 5419 textu
1716 5367 1892 5420 κινού-

337 5435 516 5494 μενος.
552 5423 884 5494 inmargine
915 5423 1212 5494 γινόμενος.

545 5488 802 5568 ξιιρςεωξ.
925 5488 966 5545 Β
989 5488 1200 5568 addunt
1232 5498 1407 5568 ἡμῶν.

545 5559 830 5636 ἶῌξωθεν.
862 5562 906 5614 Α
935 5564 1085 5636 a_ddit
1112 5559 1259 5636 ἡμῖνξ

404 5629 514 5704 (67)
546 5632 913 5704 fin-rigetur.
941 5631 1015 5704 VB,
1037 5629 1322 5704 νοημάτων
1358 5641 1432 5694 ἐν.

406 5699 514 5768 (68)
559 5699 886 5756 Ἀποόάλοι.
923 5703 967 5757 Α
995 5699 1302 5766 meatum.

2019 4571 2070 4614 ta
2108 4570 2224 4629 est;
2262 4579 2437 4632 neque
2471 4565 2617 4618 aliud
2681 4566 2977 4636 quidquam
3017 4581 3205 4622 eorum
3262 4584 3382 4637 quae
3425 4568 3477 4622 in
3520 4569 3590 4623 iis

2015 4653 2546 4721 animadvertuntur,
2603 4659 2814 4714 ratione
2856 4659 3034 4728 aliqua
3070 4659 3136 4714 ad
3175 4659 3226 4715 id
3282 4660 3426 4731 quod
3459 4676 3590 4731 pro-

2085 4883 2198 4951 (69)
2244 4884 2418 4939 Ἐκεῖ.
2449 4885 2486 4938 Β
2510 4887 2738 4943 ἐκεῖθεν.

2082 4953 2195 5029 (29)
2220 4955 2404 5029 φέρξιο
2435 4959 2486 5029 Α.
2504 4957 2542 5010 Β
2568 4958 2730 5029 φέρῃ-

2103 5024 2192 5093 7f)
2237 5025 2366 5078 Ἐπὶ
2392 5027 2536 5093 τοῖς.
2569 5024 2612 5080 Λ
2649 5024 2776 5082 Ε’ἐν
2794 5031 2926 5092 τοῖς.

2105 5095 2194 5167 η)
2224 5096 2404 5150 Ἐπεί.
2436 5096 2474 5149 Β
2505 5097 2711 5167 ἐπειδή.

2103 5165 2189 5237 75)
2215 5167 2553 5237 ᾼογισμοῖς.
2587 5166 2626 5218 Β
2656 5165 2932 5237 λογισμός.

2101 5234 2186 5310 2.4)
2236 5235 2648 5310 ’Erswmafqe-
2674 5234 2780 5310 AB
2813 5234 3156 5310 ὲγκειιλιένης-

2221 5306 2539 5379 φρείρεζαι.
2572 5307 2612 5359 Β
2637 5308 2878 5379 φέρεται.

2222 5375 2522 5455 fabricor}
2551 5379 2594 5430 A
2632 5375 2690 5455 in
2710 5375 2956 5455 margine
2985 5379 3350 5455 QhXOt-épwv.

2070 5445 2184 5517 (77)
2222 5445 2634 5517 Ἀσχολοῦται.
2664 5449 2706 5500 Α
2739 5448 2778 5499 Β
2809 5445 3133 5517 ἀσχολεῖται.

2065 5515 2176 5588 (76)
2197 5515 2425 5580 Αὐτοῒς.
2454 5516 2500 5588 Α
2533 5517 2586 5570 in
2618 5519 2857 5588 margine
2881 5515 3115 5583 ἑαυτοῖς.

2065 5584 2179 5666 (79)
2207 5587 2605 5642 Μετασαίνων.
2625 5587 2665 5640 Β
2689 5584 3017 5658 μεταϐαίνει.
3041 5592 3082 5644 Α
3109 5595 3163 5647 in
3187 5595 3430 5666 margine
3458 5601 3572 5654 ειαο

1998 5651 2188 5710 ϐαίνει.
