4046 6350
407 304 480 362 63
1635 305 1694 361 8.
1726 303 2052 362 GREGOR"
2079 305 2371 364 NYSSENI
3589 300 3658 352 ω

407 429 480 476 Sit
533 430 587 476 ct
637 422 894 492 expediat
939 422 1244 478 deducitur.
1309 422 1496 479 Itidem
1564 424 1617 478 in
1676 426 1833 480 nobis
1875 424 1980 480 nisi

2089 428 2272 498 μάτων
2299 423 2914 496 Ξποκτηνούμενος.--Γ.
2953 420 3091 489 Ἐγὼ
3112 420 3169 474 δὲ
3198 422 3289 475 καὶ
3314 421 3516 496 σφόδρα
3548 415 3658 485 (80)

409 527 506 580 per
549 514 815 568 rationem
874 514 989 568 lure
1021 514 1087 568 ad
1158 515 1209 568 id
1257 515 1400 584 quod
1439 531 1526 570 res
1588 517 1870 586 postulat,
1919 531 1983 570 ac

2089 521 2208 589 περὶ
2253 519 2320 572 τὰ
2365 519 2626 589 εἰρημένα
2671 517 2949 579 διατεθεὶς,
2969 516 3151 585 Ἀρκεῖ
3189 513 3300 583 (81)
3354 511 3473 580 μὲν,
3503 509 3657 576 ἔφην,

409 610 618 656 rectum
679 614 762 660 est
801 606 1094 672 ducantur,
1128 606 1221 660 sed
1257 614 1592 676 potentatum
1629 609 1828 662 mentis
1885 623 1984 662 su-

2089 607 2243 659 παντὶ
2275 606 2352 676 τῷ
2394 623 2456 674 γε
2504 606 2626 658 νοῦν
2666 605 2841 675 ἔχοντι
2881 603 3050 674 ψιλῶς
3080 603 3279 656 οὑτωσὶ
3329 601 3423 654 κει.)⁷
3452 600 3658 652 ἀκατα-

411 706 601 766 perent
648 697 872 754 aﬂ'ectus
921 715 984 754 ac
1030 701 1498 769 perturbationes,
1553 700 1620 752 ah
1666 701 1983 768 cogitatrice

2090 697 2299 760 σκεύως
2328 697 2392 749 δι’
2418 696 2708 750 ἀκολούθου
2740 695 3016 766 προελθὼν
3047 697 3075 748 6
3105 693 3283 763 λόγος,
3315 689 3375 746 εὖ
3407 691 3548 763 ἔχειν
3575 690 3660 744 δό-

410 795 573 856 atque
595 788 780 842 divina
811 800 1026 851 natura,
1045 791 1171 842 dum
1198 790 1399 860 impetu
1428 799 1482 843 et
1501 789 1694 845 ardore
1715 790 1982 860 ejusmodi

2093 789 2175 852 ξαι
2201 787 2293 841 καὶ
2321 786 2569 858 μηδαμοῦ
2598 785 2973 857 παρεσφάλθαι
3011 786 3108 857 τῆς
3134 785 3409 857 ἀληθείας.

411 879 702 936 affectuum
734 892 895 953 atque
929 885 1403 958 perturbationum.
1431 886 1482 938 in
1516 887 1773 954 pecudem
1803 887 2092 956 degenerat
2115 893 2165 939 et
2188 884 2461 946 efferatur,
2488 882 2552 934 ad
2577 879 2803 936 rationis
2827 890 3122 952 eXpertem,
3147 881 3366 936 stultam
3393 887 3448 933 et
3474 893 3658 932 amen-

408 981 514 1027 tem
556 985 806 1028 natnram
861 972 1026 1026 homo
1070 973 1264 1026 transit
1312 979 1475 1039 atque
1521 970 1964 1024 transformatur.
2016 997 2087 1009 —
2127 969 2172 1024 G
2247 968 2356 1039 Ego
2402 984 2531 1023 vero
2570 971 2861 1024 admodum
2906 971 3044 1027 bene
3089 985 3216 1042 erga
3248 989 3312 1027 ea
3355 989 3476 1043 quae
3506 973 3652 1027 dicta

405 1079 564 1124 erant
597 1069 845 1134 allectus,
896 1068 1102 1125 Sufﬁcit
1131 1067 1371 1138 quidem,
1423 1067 1676 1137 inquam,
1709 1068 1882 1122 cuivis
1909 1075 2058 1122 certe
2090 1067 2312 1122 cordate
2345 1068 2417 1120 ita
2465 1066 2608 1120 unde
2651 1075 2815 1136 atque
2855 1069 3203 1139 simpliciter,
3235 1070 3383 1124 nulla
3415 1069 3653 1124 adhibita

405 1162 748 1234 probatione,
777 1177 877 1233 per
915 1161 1310 1232 consequentia
1355 1167 1833 1229 consentancaque
1878 1175 2170 1230 progressa
2201 1161 2400 1225 oratio,
2436 1170 2493 1215 ut
2525 1171 2674 1216 recta
2726 1177 2868 1225 esse,
2915 1171 2971 1217 et
3020 1179 3291 1235 nusquam
3347 1178 3379 1218 a
3423 1165 3654 1221 veritate

403 1255 657 1310 aberrare
681 1255 947 1312 videatur.

491 1343 594 1398 Sed
631 1344 887 1411 quoniam
926 1343 992 1398 iis
1029 1344 1120 1412 qui
1156 1343 1210 1397 in
1243 1344 1440 1398 artium
1473 1344 1692 1414 quidem
1729 1358 1987 1414 compen-

2165 1339 2316 1393 Ἐπεὶ
2348 1339 2405 1391 δὲ
2443 1341 2552 1402 τοῖς
2594 1339 2690 1408 μὲν
2735 1338 2833 1402 τὰς
2882 1337 3133 1406 τεχκινὰς
3171 1337 3393 1404 ἐφόδους
3439 1337 3665 1408 μεμελι-

413 1432 524 1485 diis
572 1439 734 1500 atque
790 1431 1172 1486 instrumentis
1253 1431 1573 1486 artificiosis
1648 1431 1987 1501 argumentis

2089 1433 2276 1502 τηκὸσι
2308 1431 2416 1483 τῶν
2457 1430 2815 1495 ἀποδείξεων,
2847 1432 2873 1484 ό
2922 1430 3273 1498 συλλογισμὸς
3329 1430 3509 1493 ἱκανὸς
3544 1429 3659 1498 (82)

415 1522 705 1576 exercitati
749 1534 896 1587 sunt,
945 1523 1086 1577 ratio
1131 1523 1662 1578 demonstratiouum
1703 1523 1771 1576 ad
1827 1523 1985 1576 ﬁdem

2093 1525 2174 1587 είς
2204 1525 2386 1575 πίστιν
2411 1521 2582 1574 δοκεῖ’
2609 1524 2738 1592 ἡμῖν
2767 1522 2822 1574 δὲ
2849 1522 3065 1574 πάντων
3098 1520 3205 1573 τῶν
3229 1520 3488 1590 τεχνικῶν
3521 1538 3662 1590 συμ-

416 1614 721 1668 Ιόι-ἱεηάαιη
754 1613 1002 1670 sufficere
1032 1614 1293 1669 videtur:
1346 1615 1507 1669 nobis
1559 1631 1690 1669 vero
1757 1616 1982 1670 dubium

2093 1618 2460 1688 περασμάτων
2520 1615 2631 1680 ἕξις
2699 1613 2835 1683 (85)
2893 1613 3210 1682 πιστότερον
3263 1609 3398 1664 εἶναι
3453 1611 3662 1682 ὡμολο-

413 1720 528 1758 nou
557 1713 665 1768 est,
701 1705 840 1774 quin
880 1706 1138 1759 omnibus
1179 1705 1493 1760 artificiosis
1539 1707 1987 1761 conclusionibus

2089 1711 2233 1776 γεῖτο
2267 1707 2402 1777 (84)
2450 1707 2510 1760 τὸ
2549 1705 2637 1758 διὰ
2671 1703 2778 1758 τῶν
2827 1703 2984 1774 ἱερῶν
3034 1703 3131 1773 τῆς
3159 1702 3380 1772 Γραφῆς
3425 1702 3538 1771 (85)
3585 1701 3665 1754 δι-

413 1799 480 1850 ad
517 1796 674 1850 fidem
733 1796 1042 1850 faciendam
1077 1797 1252 1865 magis
1305 1795 1560 1850 idoneum
1619 1798 1722 1860 sit,
1761 1811 1825 1850 ac
1859 1797 1986 1866 plus

415 1891 612 1941 virium
648 1888 847 1942 habere
881 1887 1075 1942 delicat
1105 1887 1178 1951 id,
1208 1888 1350 1956 quod
1384 1903 1480 1956 per
1510 1903 1666 1942 saera
1737 1887 1987 1957 Scriptu-

413 1991 489 2031 ra:
522 1978 857 2031 doemnenta
889 1984 1156 2043 apparet:
1185 1982 1383 2043 praeter
1405 1988 1467 2027 ea
1503 1988 1624 2041 quae
1657 1972 1802 2027 dicta
1836 1983 1984 2036 sunt,

413 2070 764 2140 quarrendmn
791 2084 913 2124 esse
953 2068 1170 2137 Opinor,
1205 2082 1274 2119 an
1309 2065 1575 2119 divinitus
1611 2072 1869 2134 suggesta
1921 2079 1986 2118 ac

414 2163 615 2216 tradita
649 2159 900 2214 doctrina
956 2157 1254 2212 concordet
1282 2164 1444 2225 atque
1484 2155 1552 2210 ab
1604 2155 1674 2208 iis
1706 2169 1812 2209 non
1873 2154 1987 2208 dis-

413 2259 622 2320 crepet.
638 2250 778 2307 -Μ,
797 2251 968 2320 Atque
985 2249 1071 2305 illa
1089 2269 1100 2304 :
1117 2249 1329 2320 Ecquis,
1351 2247 1544 2316 inquit,
1569 2243 1983 2306 contradixerit,

413 2341 550 2410 quin
576 2340 631 2393 iu
671 2355 737 2394 eo
774 2339 915 2400 solo,
951 2337 1042 2390 cui
1100 2335 1513 2405 Scripturarum
1546 2335 1845 2390 testimonii
1899 2335 1987 2388 ad-

413 2440 499 2486 est
560 2431 826 2500 sigillum,
887 2429 1087 2484 veritas
1137 2429 1386 2498 ponenda
1443 2426 1552 2481 sit?
1608 2427 1878 2493 Quocirca
1939 2428 1985 2482 si

410 2529 630 2591 oportet
669 2521 832 2574 etiam
892 2519 1220 2591 evangelica:
1289 2517 1556 2572 doctrinas
1617 2517 1868 2571 nonnihil
1917 2517 1986 2570 ad

416 2613 780 2683 patrocinium
835 2621 1000 2681 atque
1057 2609 1434 2667 defensionem
1491 2610 1656 2679 hujus
1717 2610 1987 2679 dogmatis

416 2717 583 2775 a'que
617 2704 910 2760 sententia:
946 2703 1226 2766 adhibere,
1266 2716 1374 2754 non
1409 2701 1790 2770 intempestiva
1829 2701 1986 2754 nobis

419 2798 582 2851 fuerit
609 2796 945 2851 zizaniorum
975 2793 1356 2851 similitudinis
1385 2793 1780 2847 consideratio.
1811 2791 1980 2862 Spar-

415 2889 578 2956 gebat
607 2888 753 2943 enim
782 2888 893 2941 illic
927 2885 1322 2958 paterfamilias
1363 2885 1565 2939 bonum
1615 2899 1802 2940 semen
1842 2884 1985 2954 (nos

415 2991 596 3034 autem
631 2978 834 3032 familia
864 2979 1022 3048 plane
1039 2983 1255 3042 sumus)
1281 2994 1295 3042 ;
1324 2975 1614 3030 observato
1643 2983 1823 3030 autem
1847 2984 1982 3030 tem-

2086 1797 2376 1867 δαγμάτων
2409 1797 2835 1867 ἀναφαινόμενον
2854 1812 2866 1825 ·
2894 1795 3074 1864 ζητεῖν
3101 1791 3254 1865 οἶμαι
3291 1795 3403 1848 δεῖν
3437 1795 3528 1848 ἐπὶ
3551 1797 3663 1857 τοῖς

2087 1889 2414 1960 εἰρημένοις,
2448 1891 2496 1942 εί
2532 1891 2564 1960 ἡ
2592 1889 2943 1950 θεόπνευστος
2970 1887 3284 1941 διδασκαλία
3308 1887 3520 1950 τούτοις
3551 1887 3662 1956 (86)

2089 1978 2424 2049 συμφέρεται
2445 1978 2729 2046 (87).-Μ.
2760 1977 2820 2030 Ἦ
2835 1979 3040 2047 δὲ(88).
3067 1978 3180 2033 Κᾶν
3198 1977 3280 2041 τίς
3295 1976 3369 2030 ἂν·
3383 1978 3663 2043 ἀντείποι,

2087 2069 2240 2138 φησὶ,
2297 2069 2370 2139 μὴ
2411 2067 2533 2136 οὐχ).
2572 2068 2630 2119 ὲν
2682 2065 2855 2136 τούτῳ
2906 2066 3052 2136 μόνῳ
3096 2067 3196 2137 τὴν
3223 2066 3480 2138 ἀλήθειαν
3521 2067 3665 2120 τιθέ-

2088 2159 2200 2212 σθω
2236 2160 2370 2229 (89),
2399 2152 2442 2225 ᾧ
2473 2157 2580 2228 (91))
2615 2158 2852 2226 σφραγὶς
2879 2158 3067 2212 ἔπεστι
3099 2159 3200 2227 τῆς
3237 2159 3511 2228 γραφικῆς
3555 2158 3664 2228 (91)

2091 2252 2421 2324 μαρτυρίας;
2449 2251 2656 2304 Οὐκοῦν
2682 2252 2730 2302 εἱ
2758 2252 2860 2321 χρή
2892 2268 2942 2303 τι
2967 2251 3060 2304 καὶ
3086 2251 3186 2319 τῆς
3217 2251 3309 2304 τοῦ
3335 2251 3665 2318 Εὑαγγελίου

2087 2341 2431 2402 διδασκαλίας
2457 2340 2592 2411 πρὸς
2615 2340 2712 2410 τὴν
2730 2339 2822 2392 τοῦ
2843 2341 3108 2410 δόγματος
3125 2341 3314 2394 τούτου
3340 2341 3666 2410 συνηγορίαν

2088 2432 2530 2501 παραληφθῆναι,
2564 2433 2664 2484 οὐκ
2707 2432 2815 2486 ἀπὸ
2849 2431 3043 2503 καιροῦ
3074 2433 3269 2501 γένοιτ’
3305 2433 3370 2486 ἂν
3409 2435 3538 2503 ἡμῖν
3569 2434 3668 2501 τῆς

2087 2519 2401 2591 παραϐολῆς
2444 2521 2551 2573 τῶν
2604 2521 2857 2585 ζιζανίων
2898 2525 2930 2592 ἡ
2979 2521 3201 2593 θεωρία.
3255 2524 3514 2595 Ἐσπειρε
3559 2525 3668 2594 γὰρ

2087 2611 2203 2663 ἐκεῖ
2227 2609 2286 2662 τὸ
2319 2609 2481 2664 καλὸν
2509 2611 2730 2682 σπέρμα
2758 2611 2787 2663 6
2811 2612 3196 2683 οἰκοδεσπότης
3222 2618 3239 2679 (
3263 2615 3421 2682 ἡμεῖς
3459 2615 3514 2666 δὲ
3540 2617 3673 2668 πάν-

2086 2717 2192 2763 τως
2215 2701 2243 2753 6
2273 2697 2419 2764 οἶκός
2585 2705 2772 2774 ἐσμεν)
2799 2722 2813 2736 ·
2850 2703 3207 2766 καθεύδοντας
3233 2705 3290 2756 δὲ
3314 2707 3437 2768 τοὺς
3463 2706 3667 2776 ἀνθρώ-

2087 2807 2222 2854 πους
2251 2792 2584 2860 ὲπιφυλάξας
2609 2794 2920 2866 ἐνέσπειρεν
2950 2798 2978 2849 ὁ
3007 2795 3198 2868 ἐχθρὸς
3225 2795 3302 2866 τῷ
3330 2797 3579 2868 τροφίμῳ
3605 2799 3666 2850 τὸ

2088 2882 2380 2954 ἄχρηστον,
2411 2885 2558 2956 αὺτῷ
2588 2886 2666 2956 τῷ
2706 2887 2836 2957 σίτῳ
2859 2887 2998 2940 κατὰ
3021 2887 3081 2940 τὸ
3111 2887 3272 2958 μέσον
3302 2887 3476 2950 ἐνθεὶς
3504 2890 3564 2940 τὸ
3590 2889 3665 2952 ζι-

2091 2971 2295 3036 ζάνιον.
2331 2973 2441 3026 Καὶ
2482 2975 2918 3044 ωνεὸλάστησαν
2957 2975 3068 3046 (95)
3109 2975 3354 3046 ἀλλήλοις
3392 2976 3460 3028 τὰ
3502 2977 3669 3045 σπέρ-

419 3086 549 3140 pore
578 3085 688 3140 quo
717 3071 970 3124 homines
999 3067 1326 3131 dormirent,
1356 3067 1616 3121 inimicus
1647 3067 1701 3120 in
1733 3082 1819 3129 eo,
1842 3065 1986 3134 quod

2095 3081 2263 3134 ματα,
2304 3065 2379 3117 Οὐ
2411 3065 2518 3137 γὰρ
2553 3061 2621 3136 ἦν
2660 3040 2884 3120 δυνατὸν
2924 3040 2984 3119 τό
3010 3040 3156 3136 αύτῷ
3187 3040 3263 3135 τῷ
3303 3067 3433 3136 σίτῳ
3457 3040 3671 3118 ὲντεθὲν

415 3169 602 3231 aptum
633 3170 754 3216 erat
795 3159 862 3213 ad
915 3159 1294 3221 nutriendum,
1366 3158 1653 3227 iuterjecto
1691 3158 1836 3212 inter
1883 3155 1992 3210 fru-

417 3261 661 3307 mentum
705 3252 941 3316 zizanio,
979 3266 1165 3306 semen
1204 3251 1397 3304 inutile
1429 3250 1650 3318 sparsit.
1691 3248 1877 3318 anue
1912 3263 1992 3304 se-

415 3345 565 3396 mina
596 3343 828 3395 alterum
860 3357 966 3394 una
998 3356 1121 3394 cum
1151 3341 1325 3395 altero
1351 3341 1512 3393 simul
1545 3341 1992 3410 germinaverunt

415 3443 470 3487 et
503 3441 664 3487 enata
698 3442 846 3487 sunt.
889 3431 1032 3485 Fieri
1073 3432 1218 3498 enim
1254 3447 1362 3484 non
1395 3441 1632 3499 poterat.
1676 3439 1738 3484 ut
1779 3446 1987 3493 semen,

415 3525 562 3592 quod
592 3525 737 3577 inter
788 3524 968 3592 ipsum
997 3523 1334 3577 frumentum
1359 3523 1671 3590 conjectum
1712 3530 1851 3585 erat,
1884 3536 1989 3575 una

416 3633 542 3668 eum
585 3615 679 3668 illo
721 3630 826 3668 non
873 3615 1168 3668 exsisteret
1211 3628 1276 3667 ac
1316 3612 1666 3683 germinaret.
1701 3612 1860 3667 Vetat
1892 3627 1992 3667 au-

415 3715 525 3758 tem
557 3719 760 3774 prieses
796 3711 852 3758 et
883 3703 1167 3774 inspector
1195 3703 1398 3772 segetis
1445 3703 1728 3757 ministros
1755 3702 1991 3758 evellere

418 3795 472 3850 id
499 3794 646 3863 quod
703 3795 895 3849 inutile
955 3804 1092 3860 erat,
1153 3803 1444 3864 propterea
1509 3795 1653 3864 quod
1711 3794 1764 3848 in
1805 3793 1990 3849 radice

415 3886 698 3939 contraria
741 3886 887 3940 inter
921 3901 981 3940 se
1021 3886 1362 3940 coaluissent
1396 3895 1559 3954 atque
1609 3893 1870 3940 concreta
1907 3900 1993 3941 es-

415 3987 560 4039 sent,
592 3993 660 4031 ne
690 3992 798 4030 una
832 3991 957 4030 cum
1017 3977 1197 4032 alieno
1243 3977 1297 4031 id
1327 3979 1474 4048 quod
1525 3977 1591 4032 ad
1638 3977 1987 4033 nutriendum

417 4077 608 4132 aptum
639 4075 786 4120 esset
819 4067 1168 4122 evelleretur.
1201 4065 1360 4122 Tales
1397 4067 1544 4121 enim
1594 4066 1788 4121 animai
1831 4081 1992 4136 appe-

415 4160 551 4213 titus
599 4166 652 4212 et
713 4157 950 4228 impetus
1004 4175 1102 4229 per
1151 4160 1292 4213 bona
1351 4159 1562 4215 semina
1642 4159 1984 4229 Scripturam

413 4251 706 4306 ostendere
743 4259 998 4322 putamus
1028 4269 1041 4306 :
1075 4267 1308 4321 quorum
1331 4251 1602 4306 seminum
1640 4250 1988 4320 unumquod-

2094 3156 2315 3225 σπέρμα
2341 3156 2453 3227 (94)
2477 3158 2549 3227 μὴ
2573 3158 2672 3211 σὺν
2692 3157 2884 3227 ἐκείνῳ
2903 3157 3217 3226 βλαστῆσαι.
3243 3156 3445 3210 Κωλύει
3468 3158 3525 3209 δὲ
3545 3158 3672 3220 τοὺς

2091 3248 2370 3319 ὑπηρέτας
2395 3251 2423 3302 ό
2453 3250 2550 3319 τῆς
2576 3250 2849 3319 γεωργίας
2880 3249 3072 3319 ἔφορος
3111 3249 3186 3319 μὴ
3221 3248 3334 3318 (95)
3365 3249 3671 3302 ἀποτίλλειν

2089 3340 2152 3392 τὸ
2181 3340 2450 3411 ἄχρηστον
2487 3341 2574 3393 διὰ
2615 3341 2714 3412 τὴν
2748 3343 2804 3392 ὲν
2830 3343 2896 3410 τῇ
2941 3340 3066 3411 ῥίζῃ
3108 3339 3214 3392 τῶν
3255 3339 3511 3393 ἐναντίων
3545 3357 3673 3409 συμο

2093 3433 2254 3498 φυῖαν
2279 3471 2292 3493 ,
2324 3431 2400 3495 ὡς
2445 3431 2510 3485 ἂν
2553 3432 2716 3502 μὴτὸ
2750 3432 3025 3503 ἀλλότριον
3065 3433 3173 3501 (96)
3217 3433 3512 3484 συνεκτίνει
3561 3431 3670 3500 (97)

2091 3523 2151 3575 τὸ
2181 3523 2465 3593 τρόφιμον.
2507 3524 2618 3586 Τάς
2647 3523 2754 3594 γὰρ
2778 3524 3029 3586 τοιαύτας
3053 3523 3153 3592 τῆς
3178 3525 3354 3593 ψυχῆς
3378 3524 3550 3593 ὁρμὰς
3585 3522 3672 3575 διὰ

2089 3617 2198 3670 τῶν
2244 3615 2425 3670 καλῶν
2461 3619 2791 3688 σπερμάτων
2833 3618 3058 3686 οἰόμεθα
3093 3618 3182 3670 τὸν
3221 3617 3379 3684 λόγον
3406 3616 3673 3670 ἐνδείκνυ-

2093 3701 2245 3766 σθαι,
2279 3696 2352 3755 ὦν
2386 3703 2644 3769 ἕκαστον,
2682 3706 2730 3756 εί
2767 3705 2924 3774 μόνον
2970 3706 3104 3775 πρὸς
3142 3706 3202 3758 τδ
3230 3705 3429 3773 ἀγαθὸν
3468 3706 3672 3776 ὲγεωρυ

2091 3797 2259 3860 γεῖτο.
2296 3796 2384 3846 τ³ιν
2429 3795 2530 3864 τῆς
2568 3795 2768 3866 ἀρετῆς
2798 3799 2854 3850 ὲν
2885 3798 3017 3867 ἡμῖν
3052 3797 3163 3865 (98)
3211 3797 3421 3866 καρπὸν
3455 3796 3674 3858 πάντως

2091 3883 2444 3954 ἐϐλάστησεν.
2492 3886 2711 3958 Ἐπειδὴ
2739 3887 2850 3957 (99)
2881 3887 2936 3940 δὲ
2970 3888 3361 3960 παρενεσπάρη
3394 3887 3602 3951 τούτοις
3636 3889 3671 3957 ἢ

2090 3975 2218 4045 περὶ
2260 3975 2356 4045 τὴν
2386 3975 2480 4030 τοῦ
2525 3976 2690 4030 καλοῦ
2736 3978 2914 4048 κρίσιν
2953 3978 3016 4032 δι’
3049 3979 3320 4049 ἁμαρτίαν
3359 3978 3456 4048 (1),
3493 3978 3584 4031 καὶ
3613 3979 3674 4030 τὸ

2089 4065 2254 4129 όντως
2280 4067 2372 4118 καὶ
2404 4067 2562 4137 μόνον
2593 4068 2732 4122 κατὰ
2767 4068 2864 4139 τὴν
2897 4068 3031 4122 ίδίαν
3063 4069 3223 4138 φύσιν
3251 4069 3432 4133 καλὸν,
3464 4069 3550 4122 διὰ
3578 4069 3672 4122 τοῦ

2091 4160 2522 4226 συναναφυέντος
2556 4159 2785 4228 βλαστοῦ
2815 4161 2913 4228 τῆς
2943 4161 3155 4229 ἀπάτης
3185 4160 3540 4227 ὲπεσκοτίσοη
3571 4161 3666 4229 (ἐ)-

2093 4249 2188 4315 (τὸ
2211 4249 2318 4320 γὰρ
2353 4250 2748 4321 ἐπιθυμητικὸν
2771 4253 2832 4304 ού
2863 4253 2998 4324 πρὸς
3031 4253 3092 4305 τὸ
3118 4253 3276 4321 φύσει
3303 4253 3379 4323 (5)
3405 4254 3567 4307 καλὸν
3609 4246 3670 4304 οὗ

415 4359 522 4411 que
561 4343 606 4397 si
667 4341 734 4396 ad
792 4344 996 4398 bonum
1051 4341 1316 4396 duntaxat
1355 4342 1723 4404 excoleretur,
1762 4341 1982 4395 virtutis

2091 4342 2249 4412 χάριν
2292 4343 2367 4410 (4)
2408 4344 2724 4415 κατεσπάρη
2761 4347 2891 4415 ἡμῖν
2934 4346 3070 4416 ὲφύη
3114 4345 3190 4415 (5)
3224 4363 3283 4399 τε
3313 4346 3407 4400 καὶ
3450 4347 3672 4416 ἀνέδρα-

417 4436 655 4484 lrncttuu
704 4430 864 4482 nobis
901 4444 1132 4499 prorsus
1193 4430 1536 4498 produceret.
1581 4430 1685 4483 Sed
1724 4431 1981 4497 quoniam

412 4520 568 4591 juxta
603 4519 719 4575 lucc
760 4519 1042 4587 inspersus
1068 4526 1153 4573 est
1186 4534 1342 4572 error
1369 4520 1515 4573 circa
1551 4518 1820 4588 judicium
1854 4520 1982 4574 boui

487 4802 603 4883 (
643 4802 753 4883 μίαὶ
769 4803 1040 4883 (γςὶςόόζιιῖᾳ.⁸
1056 4804 1176 4883 Καί.
1191 4803 1375 4858 delent
1400 4806 1440 4858 A
1473 4802 1529 4856 Β.

489 4872 603 5008 (8|)
643 4872 855 4939 Ἀρκεῖ.
881 4875 920 4924 A
954 4872 991 4924 Β
1019 4874 1220 4943 ἀρκεῖν.

489 4941 578 5006 (82
638 4942 889 5006 Ἰκανός.
911 4946 950 4994 Α
987 4944 1204 5005 ἱκανῶς.

487 4941 601 5006 (⁷82)
638 4942 889 5006 Ἰκανός.
911 4946 950 4994 Α
987 4941 1204 5005 ἱκανῶς.

489 5013 601 5084 (85)
621 5011 790 5084 ’Ἐξις
813 5013 1186 5084 πιστότεροξο.
1211 5013 1247 5064 A
1354 5012 1812 5084 dﬁtomotdrspov.

635 5081 1019 5162 ρμοξργεῖτρ.
1133 5082 1551 5162 βόμολογεῖται.

487 5153 598 5220 (85)
637 5151 750 5219 Τῆς
775 5151 1043 5220 Γραφῆς.
1072 5153 1108 5202 li
1132 5151 1291 5205 ili-let.

486 5222 599 5288 (86)
628 5223 881 5286 Τούτοις.
915 5225 953 5273 Α
982 5221 1020 5274 Β
1050 5223 1253 5275 delent.

483 5292 598 5358 (87)
635 5291 1019 5362 Συιιφέρεται.
1059 5294 1101 5344 A
1132 5295 1184 5344 iu
1211 5293 1454 5362 margine
1488 5292 1808 5362 ἐμφέρεται.

489 5362 600 5434 (88)
629 5362 704 5434 ίῌ
733 5359 819 5434 δέ.
845 5362 890 5416 Λ
911 5361 1041 5413 εἰδὲ
1061 5362 1152 5414 καί
1172 5377 1256 5424 τις
1286 5359 1383 5427 ἄν,
1413 5363 1468 5415 iu
1497 5359 1737 5434 margine
1763 5364 1794 5433 ἡ
1821 5365 1877 5417 δὲ
1902 5365 1992 5417 καί

413 5445 517 5492 τις.
551 5429 589 5482 Β
611 5431 754 5484 delet
780 5429 866 5488 ἄν.

491 5501 602 5566 (89)
626 5499 902 5566 Τιθέσθω.
936 5497 976 5552 Β
1000 5499 1259 5553 τίθεσθαι.

623 5563 718 5648 ξρ.
743 5569 785 5623 Α
817 5569 869 5623 in
899 5579 1045 5648 textu
1199 5571 1259 5648 _in
1287 5573 1532 5648 margine

484 5641 597 5720 (ρει
635 5640 1090 5720 ῖξῆςρφαριίιῆςο
1128 5640 1168 5692 υ
1195 5640 1488 5720 ἐνῆς-(βε

489 5709 602 5780 (92)
643 5709 695 5763 '0
728 5709 913 5775 οἶκος.
951 5709 992 5764 Δ
1019 5711 1072 5764 in
1100 5709 1347 5782 margine
1371 5709 1633 5777 6idxxog.

2095 4452 2212 4504 μεν,
2246 4435 2379 4488 ἀλλὰ
2409 4436 2546 4506 πρὸς
2575 4437 2636 4489 τὸ
2661 4436 2930 4507 κτηνῶδες
2963 4438 3056 4490 καὶ
3085 4437 3276 4506 ἄλογον
3306 4439 3398 4491 τὸν
3439 4437 3669 4506 βλαστὸν

2096 4527 2420 4596 μετεποίησε
2457 4527 2554 4596 τῆς
2582 4527 2709 4597 περὶ
2751 4527 2812 4579 τὸ
2847 4527 3006 4580 καλὸν
3041 4528 3314 4598 ἀκρισίας,
3352 4528 3485 4599 πρὸς
3513 4525 3670 4580 τοῦτο

2165 4807 2276 4877 (95)
2313 4809 2841 4880 Συτςεϐλιίστησαν.
2871 4811 2909 4863 Α
2945 4811 2984 4864 Β
3009 4811 3455 4880 συνεϐλάςτησεν.

2166 4881 2276 4944 (94)
2309 4877 2549 4947 Σπέρμα
2583 4880 2723 4932 delet
2755 4879 2812 4934 Β.

2170 4947 2279 5018 (95)
2319 4949 2434 5012 Μή.
2481 4952 2520 5000 Α
2565 4949 2638 5017 μὴ
2668 4951 2760 5001 καὶ
2791 4950 2905 5011 σὺν,
2938 4949 2980 5002 Β
3005 4950 3078 5018 μὴ
3109 4951 3167 5002 οὺ
3202 4950 3315 5002 σύν.

2169 5016 2278 5090 (1)5)
2312 5019 2380 5071 Τὸ
2406 5016 2745 5090 ἀλλότριον.
2770 5022 2814 5090 _A
2838 5019 2915 5087 τῷ
2938 5016 3222 5090 ἀλλοτρίῳ.

2163 5087 2650 5161 (97)Συνε)ιτῗίνει.
2691 5087 2730 5139 Α
2769 5088 2818 5140 iu
2853 5097 3002 5161 textu
3037 5087 3404 5161 συγκαταλύῃ.
3440 5091 3491 5142 iu
3527 5106 3666 5143 lll.tl‘-

2095 5158 2218 5229 sine
2252 5157 2560 5229 συνεκτελῇ.
2594 5157 2634 5208 Β
2659 5158 3032 5229 συνεκταλαίῃ.

2166 5226 2275 5298 (98)
2316 5227 2416 5279 Ἑν
2445 5217 2604 5293 ἡμῖν.
2634 5229 2675 5278 Α
2703 5227 2767 5280 ἂν
2800 5230 2948 5298 ἡμῖν.
2987 5217 2996 5229 ’

2164 5296 2274 5365 (99)
2322 5297 2576 5364 Ἐπειδή.
2620 5298 2659 5348 Β
2689 5298 2828 5350 ἐπεί.

2163 5367 2238 5438 (l)
2269 5366 2346 5418 Δι’
2370 5367 2679 5435 ἁμαρτίαν.
2712 5368 2754 5418 Α
2792 5365 2831 5417 Β
2868 5368 3180 5438 διαμαρτία.

2165 5436 2732 5510 (2)-Ἐπεσκοτίονίζη.
2788 5439 2831 5489 Α
2877 5439 2929 5491 iu
2963 5436 3137 5492 'te'xtu
3193 5439 3561 5510 ἐπεσκοτὼοη,
3609 5439 3664 5494 in

2094 5506 2337 5574 margine
2364 5505 2744 5574 ἐπεσκοτίσθη.

2167 5525 2337 5574 irgtne
2364 5525 2684 5559 επεσκοτισυ
2733 5547 2744 5558 .

2167 5577 2241 5660 (5)
2379 5577 2575 5660 φύσει.
2767 5578 2858 5660 κα)
2885 5579 2949 5660 τῇ
2981 5577 3160 5644 etiam,
3197 5577 3237 5629 Β
3279 5579 3336 5631 τὸ
3376 5582 3440 5650 τῇ
3485 5580 3660 5647 φύσει.

2271 5641 2351 5719 (ὶῦ
2381 5641 2592 5719 Ζιίριῖτ
2620 5648 2658 5697 Β
2679 5642 2738 5719 οῦ
2773 5648 2863 5699 καὶ
2890 5641 3064 5719 χάριν.

2165 5715 2240 5785 (5)
2271 5717 2477 5784 Ἐρύη.
2518 5717 2557 5768 Β
2582 5715 2798 5785 ὲνεφύη.
