4046 6350
278 321 349 376 (-5
1356 315 1444 370 DE
1481 315 1699 371 ΑΝΙΜΑ
1739 314 1826 370 ΕΤ
1868 317 1869 321 “

1976 314 2474 372 SURRECTIONE.
3093 331 3095 333 '
3483 321 3553 377 66

277 442 376 508 την
416 434 520 505 τῆς
557 430 854 500 ἐπιθυμίας
891 428 1223 499 ἐνεγκοῦσαν
1249 429 1327 501 (6)
1355 431 1552 502 ὁρμήν.
1596 429 1869 492 Ὡσαύτως

1976 436 2027 482 et
2064 429 2298 488 honesti.
2336 438 2503 500 atque
2538 429 2589 484 id
2635 428 2782 500 quod
2823 428 3004 501 reipsa
3045 445 3109 486 ac
3153 430 3328 486 solum
3365 449 3428 487 ex
3465 440 3556 491 sui

277 527 459 583 καὶτὸ
487 525 586 579 τοῦ
618 523 788 595 θυμοῦ
821 521 1044 593 σπέρμα
1074 522 1136 574 οὐ
1178 523 1315 592 πρὸς
1341 522 1595 594 ἀνδρείαν
1627 523 1870 591 ἐστόμω-

280 638 372 675 σεν
417 619 521 691 (7),
568 616 702 671 ἀλλὰ
749 614 887 683 πρὸς
935 612 1034 684 τὴν
1083 613 1193 666 τῶν
1233 615 1309 682 (8)
1353 612 1638 683 ὁμοφύλων
1694 616 1874 684 μάχην

278 712 614 776 ἐξώπλισεν·
645 709 680 777 ἦ
715 725 774 760 τε
803 707 903 775 τῆς
930 705 1149 775 ἀγάπης
1168 705 1396 776 δύναμις
1425 704 1535 757 τῶν
1568 704 1771 774 νοητῶν
1797 705 1869 773 (9)

275 801 512 870 ἀπέστη,
546 797 680 868 περὶ
713 797 810 867 τὴν
841 794 949 848 τῶν
981 794 1253 866 αἰσθητῶν
1281 794 1578 847 ἀπόλαυσιν
1613 794 1754 864 πέρα
1779 793 1872 846 τοῦ

278 893 480 962 μέτρου
506 888 896 958 ὁλομανὴσασα
914 884 1050 954 (10),
1068 885 1162 936 καὶ
1183 882 1252 936 τὰ
1281 881 1414 935 ἄλλα
1456 881 1547 934 τὸν
1577 880 1737 934 αὑτὸν
1761 881 1806 950 (ί
1823 879 1871 951 ί)

274 981 498 1051 τρόπον,
526 980 656 1039 τοὺς
685 975 936 1047 χείρονας
971 973 1233 1044 βλαστοὺς
1264 973 1385 1025 ἀντὶ
1414 971 1522 1023 τῶν
1547 970 1872 1043 κρειττόνων

274 1069 649 1142 ἐξήνθησενο)
684 1068 876 1120 τούτου
911 1066 1069 1135 χάριν
1105 1065 1328 1134 ἀφίησιν
1354 1063 1382 1117 ὁ
1426 1061 1586 1130 σοφὸς
1629 1060 1872 1132 γεωργὸς

275 1164 334 1217 τὸ
385 1162 606 1234 ὲμφυὲν
651 1159 728 1229 τῷ
771 1160 1045 1231 σπέρματι
1095 1156 1382 1228 βλάστημα
1425 1157 1482 1208 ἐν
1519 1154 1666 1225 αὐτῷ
1709 1150 1868 1217 εἶναι,

275 1253 593 1325 προμηθείᾳ
614 1251 708 1304 τοῦ
737 1249 812 1322 μὴ
835 1250 1190 1320 γυμνωθῆναι
1210 1248 1320 1301 τῶν
1349 1247 1673 1317 κρειττόνων
1699 1248 1869 1316 ἡμᾶς,

276 1346 508 1401 καθόλου
540 1346 642 1414 τῆς
668 1343 962 1412 ἐπιθυμίας
986 1341 1063 1412 τῷ
1087 1343 1345 1411 ἀχρήστῳ
1376 1339 1589 1410 βλαστῷ
1617 1355 1872 1409 συνεκρι·

275 1438 567 1506 ζωθείσης.
604 1438 670 1489 Εἰ
709 1435 816 1505 γὰρ
850 1434 1008 1486 τοῦτο
1055 1433 1204 1504 πάθῃ
1248 1432 1358 1502 (12)
1394 1433 1428 1502 ἡ
1462 1431 1623 1500 φύσις
1653 1431 1785 1500 (15),
1816 1429 1868 1482 τί

275 1528 426 1580 ἔσται
455 1526 517 1578 τὸ
549 1527 777 1596 ἐπαῖρον
801 1525 949 1594 ἡμᾶς
978 1523 1114 1592 πρὸς
1137 1524 1236 1592 τὴν
1261 1522 1368 1574 τῶν
1395 1520 1733 1594 ἐπουρανίων
1758 1519 1867 1590 (Μ)

276 1619 614 1686 συνάφειαν;
662 1617 694 1686 ἢ
737 1615 837 1684 τῆς
884 1613 1102 1683 ἀγάπης
1157 1611 1547 1683 ἀφαιρεθείσης
1587 1611 1718 1681 (15),
1765 1611 1868 1663 τίνι

273 1709 460 1779 τρόπῳ
495 1707 640 1778 πρὸς
669 1707 728 1759 τὸ
759 1707 911 1760 Θεῖον
941 1703 1426 1774 συναφθησόμεθα;
1465 1701 1571 1755 Τοῦ
1605 1703 1660 1757 δὲ
1692 1699 1864 1772 θυμοῦ

1973 526 2174 572 natura
2219 518 2422 572 bonum
2451 534 2517 574 ac
2550 529 2764 575 rectum
2799 529 2906 584 est,
2941 535 3037 590 per
3084 536 3304 590 germen
3341 521 3554 578 fraudis

1973 609 2280 673 eterroris,
2338 611 2486 682 quod
2524 627 2632 665 una
2689 611 2971 674 excrevit,
3032 611 3445 665 obtenebratum
3499 621 3554 667 et

1973 702 2328 758 obscuratum
2379 711 2462 761 est
2498 722 2511 758 :
2541 704 2707 773 (nam
2747 702 3172 768 concupiscendi
3224 703 3306 758 vis
3335 719 3445 757 non
3486 705 3552 756 ad

1974 792 2049 857 id,
2098 792 2246 862 quod
2278 801 2471 847 natura
2526 795 2728 848 bonum
2777 802 2831 848 et
2868 791 3158 848 honestum
3213 804 3326 856 est,
3391 793 3552 861 cujus

1971 883 2151 952 gratia
2174 883 2332 937 nobis
2365 882 2529 936 etiam
2551 882 2715 935 insita
2755 890 2863 944 est,
2902 891 3062 938 enata
3096 888 3258 935 estet
3284 883 3551 943 excrevit,

1974 971 2072 1027 sed
2113 973 2180 1026 ad
2223 973 2509 1029 bestialem
2541 972 2967 1043 peeorinamque
2999 981 3056 1026 et
3081 974 3312 1026 rationis
3355 987 3553 1040 exper-

1973 1072 2080 1117 tem
2140 1071 2431 1129 naturam,
2467 1079 2535 1118 co
2592 1064 2890 1133 appetitum
2924 1075 2977 1119 et
3015 1065 3300 1134 imperium
3337 1062 3554 1133 cupidi--

1973 1155 2102 1210 tatis
2153 1158 2422 1224 rapiente,
2467 1171 2636 1228 pravo
2671 1158 2818 1211 circa
2852 1157 3056 1212 bonum
3083 1173 3148 1212 ac
3195 1163 3404 1212 rectum
3465 1155 3553 1224 ju-

1971 1246 2155 1312 dicio,
2198 1264 2419 1320 germen
2476 1249 2883 1306 transmutavit.
2935 1249 3126 1304 Itidem
3191 1251 3287 1303 ira:
3334 1264 3554 1319 quoque

1972 1354 2162 1395 semen
2208 1357 2316 1394 non
2373 1341 2440 1396 ad
2495 1341 2869 1397 fortitudinem
2907 1343 3149 1405 exacuit,
3206 1341 3301 1397 sed
3359 1339 3424 1394 ad
3461 1357 3556 1410 pu-

1973 1431 2250 1499 gnandutn
2281 1449 2405 1487 cum
2439 1434 2796 1504 popularibus
2839 1449 2905 1489 ac
2946 1435 3211 1508 proximis
3243 1451 3342 1488 nos
3383 1449 3556 1487 arma-

1970 1522 2090 1589 vit;
2148 1523 2385 1594 itemque
2434 1524 2750 1582 dilectionis
2803 1527 2886 1581 vis
2938 1528 3009 1581 ab
3065 1527 3164 1587 iis,
3202 1542 3322 1596 qua:
3371 1535 3555 1581 tuente

1971 1615 2378 1686 percipiuntur,
2409 1616 2688 1679 discessit,
2728 1624 2782 1672 et
2846 1618 2902 1672 in
2965 1617 3194 1672 fruendo
3232 1620 3395 1671 rebus
3450 1617 3555 1670 sub

1982 1725 2205 1766 sensum
2235 1710 2562 1766 cadentibus
2593 1720 2647 1766 et
2697 1711 3072 1766 materialibus
3137 1711 3276 1764 ultra
3331 1711 3552 1764 modum

274 1796 819 1859 κατασκευασθέντος
858 1794 992 1862 (l6),
1039 1795 1188 1846 ποῖον
1215 1793 1376 1846 ὅπλον
1397 1793 1538 1845 κατὰ
1567 1791 1660 1844 τοῦ
1697 1809 1869 1863 προσ-

1976 1798 2242 1856 insanivit
2271 1806 2435 1870 atque
2479 1799 2814 1855 debaccliata
2863 1807 2966 1867 est,
3006 1811 3312 1870 caui-raque
3361 1799 3553 1856 eodem

275 1889 600 1950 παλαίοντος
647 1887 840 1958 ἕξομεν
863 1903 877 1949 ;
931 1884 1145 1956 Ἑφίησι
1177 1885 1288 1954 (17)
1313 1883 1491 1936 τοίνυν
1517 1883 1583 1940 τὰ
1609 1883 1737 1935 νόθα
1760 1881 1868 1936 τῶν

276 1979 617 2050 σπερμάτων
638 1982 694 2031 ἐν
717 1980 845 2048 ἡμῖν
872 1977 900 2029 ὁ
929 1977 1191 2046 γεωργὸς,
1211 1975 1307 2045 οὐχ
1333 1975 1408 2038 ὼς
1438 1975 1525 2028 ἀεὶ
1559 1975 1668 2045 (18)
1701 1993 1868 2028 κατα⁴

274 2075 497 2142 κρατεῖν
527 2075 630 2141 τῆς
664 2069 996 2140 τιμιωτέρας
1060 2069 1290 2139 σπορᾶς,
1323 2067 1437 2119 ἀλλ’
1470 2066 1545 2129 ὡς
1574 2065 1742 2136 αὐτὴν
1771 2065 1867 2137 τὴν

275 2164 514 2234 ἄρουραν
542 2163 561 2232 (
591 2161 734 2216 οὕτω
768 2160 877 2232 γὰρ
901 2161 998 2231 τὴν
1037 2159 1266 2231 καρδίαν
1300 2157 1574 2227 τροπικῶς
1607 2160 1715 2228 (l9)
1751 2159 1866 2210 ὀνο-

277 2257 474 2324 μάζει)
505 2255 601 2308 διὰ
629 2256 728 2325 τῆς
757 2253 1082 2323 ἐγκειμένης
1112 2253 1250 2321 αὐτῇ
1287 2249 1522 2320 φυσικῆς
1559 2249 1668 2319 (20)
1705 2250 1867 2303 δυνά-

1971 1889 2136 1944 modo
2207 1889 2394 1960 pejora
2460 1905 2560 1960 pro
2616 1891 2944 1946 melioribus
2987 1891 3235 1962 germina
3277 1891 3554 1960 produxe-

1971 1979 2169 2052 runtz)
2219 1980 2424 2034 idcirco
2467 1983 2708 2051 prudens
2758 1981 2996 2052 agricola
3033 1997 3253 2053 germen
3299 1982 3548 2036 innatum

1970 2071 2164 2126 semini
2201 2071 2354 2125 ineo
2396 2072 2578 2126 inesse
2628 2071 2780 2132 sinit,
2824 2071 2874 2125 id
2929 2070 3227 2142 providens
3275 2079 3440 2140 atque
3469 2086 3554 2124 ca-

1974 2177 2110 2217 vens
2147 2177 2214 2217 ne
2276 2162 2596 2216 melioribus
2633 2162 2925 2227 nudentur,
2959 2161 3005 2216 si
3042 2179 3148 2215 una
3185 2177 3308 2215 cum
3369 2161 3552 2216 inutili

1964 2253 2210 2321 germine
2251 2253 2526 2322 cupiditas
2593 2252 2812 2317 penitus
2880 2250 3048 2307 fuerit
3096 2252 3422 2319 exstirpata.
3491 2249 3551 2305 Si

278 2364 441 2416 μεως,
488 2348 616 2417 ἣτις
655 2347 803 2400 ἐστὶν
847 2347 876 2398 ὁ
916 2342 1198 2412 λογισμὸς,
1246 2342 1306 2393 τὸ
1354 2341 1451 2411 μὲν
1489 2341 1720 2411 ξηράναι
1761 2339 1869 2398 τῶν

1976 2343 2076 2395 hoc
2109 2343 2256 2396 enim
2286 2342 2550 2396 acciderit
2576 2343 2826 2395 humana:
2849 2348 3081 2402 naturae,
3113 2340 3244 2412 quid
3274 2341 3377 2393 erit
3403 2339 3552 2408 quod

277 2439 702 2508 βλαστημάτων,
751 2436 814 2490 τὸ
845 2436 900 2489 δὲ
940 2437 1216 2504 κάρπιμον
1246 2431 1339 2485 καὶ
1380 2431 1604 2494 εὐθαλὲς
1631 2431 1870 2502 ἀπεργά-

1966 2451 2068 2490 ιιοε
2109 2437 2282 2504 erigat
2311 2444 2366 2489 et
2398 2435 2587 2491 incitet
2627 2435 2694 2488 ad
2741 2435 3054 2491 cmlestium
3098 2432 3550 2499 conjmirtionem

279 2529 495 2586 σασθαι.
531 2531 595 2582 EE
639 2529 695 2581 δὲ
745 2528 822 2598 μὴ
863 2525 1022 2579 τοῦτο
1062 2526 1291 2593 γένοιτο,
1323 2523 1400 2592 τῷ
1443 2524 1577 2593 πυρὶ
1627 2521 1724 2592 τὴν
1772 2523 1869 2592 τῆς

1976 2535 2131 2595 atque
2160 2525 2660 2596 propinquitatem?
2685 2533 2780 2581 aut
2821 2525 3036 2580 sublata
3081 2523 3393 2579 dilectione.
3445 2537 3553 2589 qua

277 2621 560 2690 γεωργίας
593 2619 865 2690 διάκρισιν
895 2616 1234 2687 ταμιεύεται.

1976 2616 2180 2670 ratione
2207 2630 2332 2670 cum
2357 2615 2542 2671 divino
2577 2617 2800 2670 numine
2821 2615 3201 2685 copulabimur
3237 2621 3290 2668 et
3320 2611 3554 2682 conjun-

275 2711 505 2780 gemur?
549 2708 630 2761 Ira
674 2709 798 2760 item
826 2706 1124 2763 exstincta,
1155 2704 1364 2772 quibus.
1388 2702 1557 2757 armis
1595 2701 1860 2756 adversus
1891 2703 2251 2759 reluctantem
2287 2705 2543 2760 utemur?
2583 2704 2862 2776 Relinquit.
2899 2707 3067 2777 igitur
3106 2707 3160 2759 in
3202 2704 3360 2758 nobis
3403 2704 3554 2774 agri-

275 2803 393 2855 cola
426 2803 642 2855 semina
670 2801 997 2861 adulterina,
1029 2813 1136 2850 non
1169 2804 1228 2848 ut
1260 2809 1473 2864 semper
1511 2795 1837 2863 praevaleant
1873 2793 2135 2852 adversus
2171 2798 2551 2867 pretiosiorem
2586 2808 2846 2870 segetem,
2874 2799 2968 2854 sed
3007 2808 3065 2851 ut
3107 2799 3221 2866 ipsa
3273 2797 3434 2850 tellus
3456 2797 3554 2866 (ita

277 2896 418 2948 enim
453 2896 751 2965 ailegoriee
785 2907 849 2946 ac
889 2906 985 2961 per
1021 2889 1240 2943 modum
1281 2887 1659 2941 translationis
1686 2901 1782 2939 cor
1823 2888 2108 2958 nominat)
2151 2905 2245 2958 per
2285 2891 2508 2947 insitam
2535 2894 2584 2948 ei
2620 2893 2725 2946 vim
2758 2893 3088 2954 naturalem,
3113 2905 3234 2958 llum
3267 2897 3350 2942 est
3383 2888 3548 2948 ratio.

279 2988 420 3041 aliud
458 2987 682 3055 quidem
715 3000 932 3054 germen
966 2980 1228 3036 arefaciat
1259 2986 1311 3032 et
1338 2979 1597 3042 exsiccet,
1631 2978 1774 3030 aliud
1805 2994 1932 3033 vero
1955 2978 2208 3034 floridum
2241 2991 2405 3053 atque
2438 2984 2756 3055 frugiferum
2781 2985 2977 3041 emciat
3005 3004 3016 3038 :
3048 2979 3317 3053 quodsiid
3345 2979 3553 3037 factum

281 3095 387 3134 non
423 3079 620 3140 fuerit,
663 3077 775 3147 igni
809 3075 1106 3130 discrimen
1136 3070 1250 3139 agri
1287 3079 1582 3138 proventus
1617 3069 1925 3128 faciendum
1965 3081 2227 3128 reservat.

349 3207 566 3260 Οὐκοῦν
608 3209 660 3259 εἰ
696 3206 795 3276 μέν
829 3222 912 3267 τις
955 3203 1168 3266 τούτοις
1206 3202 1344 3256 κατὰ
1384 3202 1474 3254 τὸν
1512 3201 1695 3254 δέοντα
1735 3201 1869 3272 χρή-

2046 3205 2317 3272 Quocirca
2343 3209 2388 3263 si
2411 3208 2631 3279 quidem
2657 3210 2856 3280 aliquis
2884 3210 2968 3264 bis
2987 3220 3133 3266 recte
3161 3221 3215 3266 et
3243 3213 3312 3266 ita
3334 3219 3389 3266 ut
3414 3212 3555 3266 ratio

285 3319 371 3354 σαι
397 3301 509 3370 (21)
535 3299 714 3365 λόγον,
743 3299 800 3349 ἐν
827 3296 976 3366 αὐτῷ
1006 3295 1119 3363 (22)
1147 3295 1490 3364 λαμϐάνηται
1519 3292 1628 3358 (25)
1664 3295 1868 3356 ἐκεῖνα,

1976 3297 2212 3362 postulat
2256 3305 2462 3362 utatur,
2493 3306 2547 3353 et
2583 3300 2636 3352 in
2669 3315 2786 3354 sese
2811 3301 3030 3370 quidem
3067 3302 3298 3372 recipiat
3328 3319 3413 3366 ea,
3444 3317 3554 3356 non

283 3392 377 3445 καὶ
408 3392 481 3463 μὴ
517 3390 680 3451 αὐτὸς
708 3391 766 3441 ἐν
796 3388 1044 3450 ἐκείνοις,
1083 3384 1200 3438 ἀλλ’
1242 3385 1352 3454 (24)
1373 3379 1484 3436 οἷόν
1511 3401 1594 3444 τις
1622 3383 1869 3453 βασιλεὺς

1976 3394 2154 3440 autem
2191 3387 2308 3456 ipse
2361 3389 2415 3442 in
2452 3398 2773 3458 potestatem
2824 3392 3042 3446 illorum
3099 3394 3396 3462 redigatur,
3453 3393 3550 3449 sed

285 3485 350 3552 τῇ
375 3480 696 3550 πολυχειρίᾳ.
719 3479 828 3530 τῶν
860 3477 1118 3547 ὑπηκόων
1145 3474 1394 3544 συνεργῷ
1419 3472 1719 3543 χρώμενοςν
1747 3474 1869 3543 ῥᾷον

1976 3483 2238 3545 tanquam
2273 3494 2363 3532 rex
2403 3479 2604 3548 aliquis
2637 3495 2830 3552 magna
2863 3497 3024 3536 manu
3053 3482 3397 3538 subditorum
3453 3487 3518 3540 ad
3539 3515 3553 3525 -

286 3573 622 3643 κατορθώσει
661 3570 774 3640 (25)
809 3570 870 3623 τὺ
902 3569 1022 3620 κατ’
1065 3565 1264 3636 ἀρετὴν
1312 3564 1764 3634 σπουδαζόμενον.
1814 3563 1869 3615 El

1976 3566 2176 3636 jutrice
2213 3577 2429 3629 utatur,
2475 3569 2692 3622 facilius
2741 3579 3029 3626 assecutus
3088 3572 3251 3628 fuerit
3308 3573 3358 3625 id
3411 3574 3555 3643 quod

286 3663 338 3716 δὲ
377 3665 608 3726 ἐκείνοις
637 3661 748 3730 (26)
773 3660 1004 3728 γένοιτο,
1039 3658 1288 3728 καθάπερ
1315 3656 1516 3709 δούλων
1549 3655 1707 3707 τινῶν
1745 3656 1869 3706 ἐπα-

1977 3671 2100 3708 cmn
2129 3657 2330 3712 virtute
2367 3657 2579 3712 efficere
2627 3671 2874 3715 conetur.
2917 3659 3013 3716 Sin
3068 3670 3248 3717 autem
3289 3664 3558 3733 quemad-

290 3754 599 3806 ναστάντων
615 3750 694 3820 τῷ
706 3748 1045 3818 κεκτημένῳ,
1065 3748 1161 3800 καὶ
1181 3746 1239 3812 ἐξ
1262 3740 1335 3798 ὧν
1356 3743 1734 3816 δραποδισθείη
1760 3743 1869 3812 (2'1)

1979 3747 2199 3800 modum
2231 3747 2346 3802 fieri
2384 3753 2547 3814 solet,
2593 3768 2717 3806 cum
2753 3753 2899 3808 servi
2951 3754 3118 3825 aliqui
3160 3755 3424 3810 adversus
3454 3757 3557 3810 do-

287 3845 404 3906 ταῖς
433 3842 708 3903 δουλικαῖς
741 3841 1004 3902 ἐπινοίαις
1032 3838 1141 3908 (28)
1169 3837 1407 3905 ἀγεννῶς
1436 3834 1712 3903 ὑποκύψαι
1735 3834 1871 3905 (29),

289 3935 380 3986 καὶ
417 3937 604 4002 κτῆμα
637 3933 844 4000 γένοιτο
873 3930 979 3982 τῶν
1024 3929 1448 3998 ὑπεζευγμένων
1475 3928 1616 3980 κατὰ
1640 3926 1736 3997 τὴν
1769 3925 1872 3994 φύ-

291 4042 373 4076 σιν
399 4025 569 4094 αὐτῷ,
607 4025 742 4093 πρὸς
773 4026 950 4074 ἐκεῖνα
989 4023 1108 4075 κατ’
1137 4021 1382 4090 ἀνάγκην
1423 4018 1866 4089 μετατεθήσεται,

291 4113 423 4182 πρὸς
474 4115 620 4182 ἅπερ
674 4116 738 4166 ἂν
795 4116 826 4183 ἡ
879 4112 1240 4182 ἐπικράτησις
1293 4109 1402 4162 τῶν
1449 4108 1872 4178 καθηγουμέκων

292 4202 536 4270 βιάζεται
576 4204 704 4273 (30).
744 4205 802 4254 lii
825 4203 881 4254 δὲ
921 4203 1032 4272 (51)
1079 4200 1252 4253 ταῦτα
1281 4199 1469 4253 τοῦτον
1495 4198 1606 4269 ἔχει
1635 4197 1726 4250 τὸν
1749 4198 1874 4268 τρό-

291 4314 409 4360 πον,
433 4297 556 4350 οὔτε
582 4298 800 4367 ἀρετὴν,
832 4295 954 4348 οὔτε
983 4295 1181 4348 κακίαν
1205 4295 1289 4362 ἐφ’
1314 4292 1521 4345 ἑαυτῶν
1549 4290 1720 4344 ταῦτα
1747 4293 1874 4344 ἁπο-

293 4389 624 4460 φανούμεθα,
664 4390 763 4440 ὅσα
812 4390 1086 4456 κινήματα
1137 4385 1238 4454 τῆς
1275 4382 1451 4453 ψυχῆς
1499 4382 1626 4434 ὄντα
1675 4382 1766 4433 ἐπὶ
1804 4381 1871 4450 τῇ

294 4478 509 4548 ἐξουσίᾳ.
530 4479 639 4530 τῶν
666 4477 966 4546 χρωμένων
989 4477 1186 4534 κεῖται,
1214 4473 1246 4544 ἢ
1273 4473 1450 4535 καλῶς
1474 4472 1506 4543 ἢ
1529 4471 1730 4542 ἑτέρως
1759 4471 1872 4543 (52)

294 4568 452 4638 ἔχειν.
503 4569 640 4622 Ἀλλ’
685 4571 812 4621 ὅταν
868 4566 967 4636 μὲν
1018 4566 1200 4627 αὐτοῖς
1252 4564 1387 4635 πρὸς
1432 4563 1493 4616 τὸ
1544 4565 1788 4632 κρεῖττον
1837 4564 1872 4633 ἡ

362 4773 442 4843 (6)
480 4775 534 4828 Ἐ
539 4769 1033 4843 νεγκοῦσανηᾼᾼΒ
1056 4770 1403 4843 ἐνεγκούσης.

363 4840 440 4909 (7)
479 4842 875 4912 Ὲστόιίωσεν.
906 4840 1364 4912 ΒΑὰνεστόμωσενι

366 4914 441 4982 (8)
479 4909 596 4977 Τὴν
626 4910 760 4962 τῶν.
790 4911 908 4982 ξΓήν
934 4909 1168 4982 deletA.

367 4978 441 5052 (9)
481 4983 601 5036 Τῶν
625 4978 860 5052 νοητῶν
883 4981 1022 5032 delet
1061 4980 1117 5052 ΒΣ

367 5049 478 5121 (ίθ)
521 5049 1070 5121 ’(ὶλομανήσασαηζ
1103 5049 1141 5099 Β
1176 5049 1582 5118 ὑλομανήσασα.

370 5116 479 5192 (Η)
508 5122 619 5192 Τὸν
645 5116 856 5192 αὐτόν.
876 5120 939 5192 ΔΑ
970 5128 1022 5173 et
1044 5116 1434 5188 Bpraunittnnt
1471 5116 1633 5171 κατά.

370 5188 479 5260 (I2)
510 5191 697 5256 Πάθη.
717 5190 760 5239 Α
791 5188 970 5242 πάθοι.

369 5256 479 5328 (15)
517 5262 585 5315 Ἣ
618 5261 824 5328 φύσις.
858 5261 898 5312 Α
926 5257 1075 5312 addit
1106 5256 1443 5328 ἀνθρωπίνη.

372 5327 480 5398 (14)
551 5327 967 5395 Ἐἐτουρανίωπ
1003 5329 1045 5379 Α
1083 5327 1367 5398 οὐρανίων.

372 5402 480 5470 (15)
519 5401 803 5468 Ἀφαιρεῶ
835 5401 878 5450 Λ
905 5397 1318 5470 ἁναγρεθείσης.

374 5463 480 5554 (16)
543 5463 1185 5554 Κιιτὰουιευαοςθειὲκξρςλ
1205 5538 1216 5554 ν
1242 5463 1370 5525 Ain
1413 5474 1562 5521 textu
1609 5463 1870 5517 κατασ”ε-

311 5537 538 5604 σθέντος,
570 5544 621 5592 in
644 5542 885 5607 margine
913 5537 1363 5600 ἁποσϐεσθέντος.

375 5610 481 5679 (Π)
521 5612 775 5678 Ἐρίησι.
817 5613 853 5661 Α
889 5610 1104 5678 ἀφίησι.

379 5682 484 5748 (l8)
531 5681 657 5733 Ἀεί.
695 5684 732 5731 Α
770 5680 959 5732 εἰσαεί.

380 5743 485 5818 (19)
529 5751 645 5815 Τὴν
674 5750 840 5817 καρδ.
878 5765 1040 5817 mox.
1067 5748 1107 5800 Β
1132 5747 1404 5820 τροπικῶς
1436 5763 1485 5799 τ.
1527 5743 1683 5816 καρδ.

1978 3835 2183 3890 minum
2238 3838 2554 3909 insurgunt,
2595 3842 2702 3897 illis
2733 3844 3007 3901 obnoxius
3044 3844 3229 3912 fuerit,
3266 3856 3319 3901 et
3371 3848 3556 3902 servili

1977 3929 2304 3997 arrogantia:
2335 3939 2502 4002 atque
2532 3934 2876 3989 confidentia:
2931 3937 3186 4005 degeneri
3233 3938 3559 4007 abjeetoquc

1978 4023 2164 4074 animo
2197 4025 2588 4089 succumbens,
2632 4042 2824 4081 servus
2878 4038 2931 4082 et
2977 4030 3309 4099 mancipium
3367 4047 3560 4084 eorum

1981 4107 2160 4163 factus
2198 4111 2288 4173 sit,
2319 4128 2441 4180 quae
2472 4126 2666 4167 natura
2701 4115 2750 4170 ei
2779 4115 3024 4183 subjecta
3057 4126 3203 4181 sunt,
3250 4119 3314 4170 ad
3361 4133 3424 4171 ea
3459 4135 3558 4172 ne-

1981 4199 2223 4253 cessario
2250 4202 2589 4267 traducetur,
2625 4219 2733 4273 quo
2763 4206 2844 4258 vis
2873 4207 3173 4274 regentium
3203 4222 3327 4260 eum
3374 4207 3560 4275 impu-

1981 4291 2124 4345 lerit.
2157 4290 2312 4357 Quod
2346 4293 2391 4346 si
2430 4295 2542 4348 haec
2575 4295 2648 4348 ita
2681 4305 2830 4360 sunt,
2880 4311 3055 4364 neque
3084 4296 3337 4350 virtutem
3376 4313 3561 4365 neque

1980 4381 2174 4434 vitium
2207 4397 2304 4450 per
2342 4397 2466 4438 sese
2516 4383 2632 4438 haec
2695 4400 2818 4439 esse
2878 4385 3381 4454 pronuntiabimus,
3435 4403 3562 4456 quae

1981 4487 2107 4526 cum
2137 4475 2334 4527 anima:
2379 4483 2560 4530 motus
2621 4476 2755 4540 sint,
2819 4477 2872 4530 in
2929 4485 3196 4546 potestate
3228 4485 3282 4532 et
3335 4479 3562 4532 arbitrio

1984 4563 2256 4618 utentium
2308 4565 2475 4619 situm
2507 4572 2612 4629 est,
2675 4569 2881 4622 rectine
2943 4584 3011 4620 an
3076 4568 3228 4638 pravi
3261 4569 3392 4623 sint.
3454 4568 3560 4622 Sed

2054 4767 2166 4837 (20)
2189 4767 2353 4836 Αὺτῇ
2375 4766 2662 4838 φυσικῆς.
2685 4767 2843 4838 Αὐτῷ
2873 4767 3139 4837 φυσικῶς.

2051 4839 2162 4908 (21)
2183 4839 2433 4908 Χρήσαι.
2461 4841 2505 4892 Α
2530 4841 2584 4893 in
2604 4849 2751 4894 textu
2769 4844 3050 4910 χρήσεται,
3075 4839 3130 4892 iu
3155 4840 3399 4910 margine
3425 4841 3562 4913 χρή-

1981 4924 2156 4962 uarro.

2051 4978 2164 5044 (22)
2207 4979 2304 5030 Ἐν
2333 4975 2511 5042 αὐτῷ.
2542 4979 2584 5030 Α
2611 4979 2669 5030 ἐν
2693 4976 2887 5046 ἐαυτῷ.

2073 5048 2162 5118 23)
2189 5047 2580 5116 Λσμϐάνεται.
2616 5049 2661 5100 Δ
2694 5049 2734 5098 Β
2762 5048 3074 5118 λαμϐάνων.

2071 5117 2163 5188 24)
2202 5119 2388 5171 Ἀλλ’.
2411 5119 2452 5170 Β
2481 5118 2792 5188 γενόμενος.

2049 5186 2163 5258 (25)
2191 5188 2579 5254 Κατορθώσει.
2605 5186 2645 5240 Ᾱ
2688 5188 2740 5239 in
2774 5187 3026 5258 margine-
3046 5186 3440 5258 καρτοροὼσοι.

2052 5255 2165 5324 (26)
2212 5258 2513 5324 Ἐκείνοις.
2534 5258 2574 5308 Β
2613 5258 2698 5309 ἐπ’
2731 5255 2976 5319 ἐκείνοις.

2026 5322 2164 5451 £37)
2200 5327 2294 5391 Ἐξ
2310 5322 2397 5380 ὦν
2413 5327 2662 5394 δραποδ.
2689 5330 2734 5379 Α
2759 5325 3261 5400 ἑξανδραποδῑσθείη
3284 5327 3400 5394 καί,
3415 5327 3458 5381 Β
3478 5328 3565 5393 ἐξ-

2091 5397 2457 5451 οοποδισθείη.

1989 5397 2084 5451 ανδ
2125 5397 2457 5466 οποδισθείη.

2053 5415 2165 5521 (ἕ8)
2215 5468 2457 5520 Ἐπινοίι

2145 5117 2165 5324 ξ

2113 5469 2165 5536 8)
2215 5468 2558 5533 Ἐπινοράις.
2584 5468 2628 5519 Α
2660 5466 2958 5536 ἀπονοίαις.

2054 5535 2169 5604 (29)
2209 5537 2571 5605 Ὑποκύψαι.
2601 5538 2643 5588 Α
2675 5537 2715 5588 Β
2743 5535 3050 5605 ὑποκύψας.

2059 5608 2169 5676 (50)
2201 5606 2479 5665 Βιάζεται.
2503 5617 2546 5658 A
2581 5606 2851 5676 βιάζηται.

2060 5677 2349 5747 (51)Δέ.Β
2376 5677 2462 5746 δή.

2057 5745 2168 5819 (52)
2206 5745 2469 5816 Ἑτέρως.
2504 5745 2546 5799 Α
2585 5746 2816 5817 praeﬁgit
2848 5746 2945 5810 ὡς.
