4046 6350
413 295 480 353 ω
1605 283 1663 338 S.
1705 279 2035 338 GREGORII
2072 278 2367 336 NYSSENI
3595 272 3663 326 68

410 408 635 481 quando
664 417 845 463 motus
876 419 1066 462 eorum
1122 404 1189 458 ad
1221 402 1423 458 bonum
1459 399 1706 463 inclinat,
1762 398 1984 453 laudum

2101 397 2299 468 ιίνησις
2324 390 2380 470 ᾖ,
2404 393 2640 448 ἐπαίνων
2664 392 2905 463 γίνεσθαι
2938 392 3047 464 (55)
3079 390 3233 462 ὓλην,
3263 388 3338 454 ὡς
3364 387 3441 459 τῷ
3467 388 3665 459 Δανιὴλ

415 501 645 555 materia
670 499 968 562 exsistunt,
999 506 1058 552 ut
1083 494 1295 549 Danieli
1345 491 1621 561 cupiditas
1654 506 1721 545 ac
1771 489 1989 544 deside-

415 590 577 656 rium,
606 598 662 644 et
696 590 776 643 ira
807 587 1100 651 Phineeso,
1128 587 1288 656 eique
1319 584 1413 655 qui
1441 593 1588 638 recte
1612 582 1778 651 luget,
1809 579 1985 635 dolor.

416 680 514 736 Sin
544 691 724 735 autem
766 679 833 733 ad
882 678 1127 734 deterius
1183 675 1547 748 propendent,
1583 682 1713 727 tunc
1758 670 1988 725 allectus

415 787 480 826 ac
523 765 953 839 perturbationes
997 774 1050 819 et
1080 773 1206 819 sunt
1232 773 1286 818 et
1317 761 1645 818 nominatur.
1673 792 1745 804 —
1776 763 1841 819 (Ξ.
1880 763 1989 831 Ego

416 873 565 920 vero,
624 871 747 911 cum
782 856 867 911 his
930 854 1196 924 expositis
1252 852 1574 923 quievisset,
1643 856 1697 903 et
1732 851 1987 921 exiguum

414 947 671 1019 quiddam
713 947 872 1018 spatii
923 943 1259 999 intercedere
1312 939 1555 998 sermoni
1610 955 1775 1009 passa
1817 948 1985 1005 esset,

413 1050 579 1111 atque
617 1040 735 1110 ipse
764 1047 947 1093 mente
985 1036 1322 1106 collegissem
1358 1048 1419 1088 ea
1460 1047 1582 1103 quae
1613 1032 1757 1087 dicta
1808 1040 1986 1094 erant.

414 1144 611 1185 rursus
657 1129 723 1183 ad
776 1126 1011 1198 priorem
1067 1123 1517 1190 consequentiam
1585 1123 1859 1178 sermonis
1895 1138 1990 1176 cu-

413 1220 586 1283 curri,
617 1232 727 1289 quo
765 1217 1118 1273 asserebatur
1145 1213 1261 1269 ﬁeri
1294 1228 1456 1284 posse
1485 1220 1542 1266 ut
1574 1212 1844 1268 dissoluto
1875 1228 1992 1266 cor-

417 1325 548 1380 pore
579 1310 759 1363 anima
792 1318 940 1364 esset
966 1308 1020 1362 in
1049 1307 1336 1362 elementis
1365 1323 1379 1372 ;
1436 1314 1600 1375 atque
1640 1308 1714 1360 ita
1768 1306 1835 1360 ad
1870 1322 1989 1360 ma-

414 1399 643 1469 gistram
672 1414 685 1449 :
715 1396 817 1452 Ubi
846 1404 952 1461 est,
984 1397 1226 1466 inquam,
1260 1396 1391 1450 illud
1414 1395 1560 1465 quod
1591 1396 1753 1466 vulgo
1782 1396 1987 1466 passim

412 1489 654 1559 iactatur
699 1488 827 1543 Orci
876 1498 930 1542 et
977 1486 1179 1543 inferni
1242 1500 1441 1540 nomen
1481 1504 1495 1540 :
1551 1487 1697 1555 quod
1759 1487 1989 1541 multmn

415 1579 635 1651 quidem
690 1578 743 1633 in
796 1576 1193 1634 consuetudine
1240 1577 1403 1642 vitae,
1463 1578 1693 1631 multum
1750 1576 1877 1632 item
1935 1577 1989 1631 in

417 1669 638 1739 scriptis
671 1678 784 1723 tum
841 1667 1087 1723 externis
1143 1674 1259 1721 tum
1309 1670 1514 1722 nostris
1571 1667 1986 1734 circumfertur;

417 1759 474 1815 in
507 1728 667 1829 quem
713 1757 986 1814 infernum
1029 1765 1289 1826 tanquam
1332 1757 1387 1811 in
1430 1758 1703 1826 quoddam
1747 1728 1991 1828 recepta;
2023 1728 2069 1788 Β

418 1852 603 1906 culum
642 1865 830 1906 omnes
868 1848 994 1904 hinc
1043 1856 1239 1919 putant
1288 1849 1501 1905 animas
1549 1849 1985 1921 transmigrare?

418 1941 539 1997 Non
596 1942 742 1997 enim
781 1941 1051 1995 elementa
1106 1940 1306 1995 Orcum
1339 1947 1394 1995 et
1434 1939 1706 1995 infernum
1757 1940 1985 1996 dixeris.

410 2037 554 2091 --M.
575 2035 648 2088 Ac
675 2019 925 2102 magistra
951 2058 964 2093 :
987 2032 1214 2093 Videris,
1239 2030 1431 2103 inquit,
1458 2046 1561 2084 non
1584 2030 1872 2084 admodum
1907 2039 1992 2084 at-

421 2118 683 2186 tendisse,
709 2127 762 2173 et
785 2119 1027 2172 animum
1055 2118 1292 2171 sermoni
1323 2116 1655 2172 adhibuisse.
1678 2118 1814 2173 Cum
1849 2119 1993 2173 cnim

420 2211 657 2266 dicerem
688 2210 1097 2265 translationem
1129 2208 1323 2263 anima:
1353 2224 1417 2263 ex
1472 2222 1537 2262 eo
1581 2209 1724 2277 quod
1762 2209 1996 2278 videtur,

402 2274 538 2354 ’θοή
583 2298 652 2353 ad
691 2297 743 2352 id
794 2298 939 2368 quod
986 2312 1093 2351 non
1134 2296 1370 2362 videtur,
1420 2296 1557 2350 nihil
1598 2274 1859 2366 putabam
1911 2274 1999 2356 nte

423 2389 839 2461 praetermisisse
885 2388 1030 2458 quod
1081 2387 1149 2442 de
1196 2386 1407 2443 inferno
1465 2400 1821 2457 quaereretur.
1883 2389 1995 2446 Nec

422 2481 569 2537 enim
606 2479 749 2534 aliud
781 2479 1060 2549 quidpiam
1087 2478 1220 2533 mihi
1254 2478 1473 2532 videtur
1497 2487 1609 2532 tum
1649 2480 1701 2533 in
1734 2489 1995 2535 esterno-

426 2584 545 2624 rum
602 2569 776 2632 libris,
811 2575 924 2621 tum
967 2567 1020 2621 in
1049 2567 1231 2621 divina
1282 2568 1563 2639 Scriptura
1595 2584 1691 2638 per
1744 2569 1848 2625 hoc
1897 2587 1997 2626 no-

425 2676 550 2716 men
594 2658 911 2730 signiﬁcari,
949 2658 1002 2712 in
1039 2673 1148 2727 quo
1188 2659 1401 2714 animas
1444 2675 1568 2715 esse
1613 2660 1824 2725 dicunt,
1856 2678 1996 2731 prm-

427 2752 674 2814 terquain
704 2750 757 2802 in
790 2750 842 2803 id
884 2749 1026 2818 quod
1065 2757 1119 2801 et
1152 2749 1447 2803 obscurum
1496 2757 1579 2805 est
1617 2759 1671 2805 et
1705 2766 1811 2804 non
1847 2752 1981 2807 vide-

427 2834 1087 2897 tur,trausitionem.—G.
1116 2835 1182 2888 Et
1202 2850 1304 2904 qua
1325 2836 1528 2894 ratione
1555 2839 1995 2903 subterraneum,

429 2924 675 2993 inquam,
711 2922 891 2977 locum
932 2922 1180 2977 nonnulli
1219 2925 1292 2975 ita
1322 2924 1427 2978 dici
1464 2928 1799 2993 existimant,
1836 2939 1998 3001 atque

2087 488 2186 558 τὴν
2217 486 2541 557 ὲπιθυμίαν,
2590 486 2683 539 καὶ
2728 483 2806 555 τῷ
2853 485 3036 546 Φινεὲς
3073 482 3163 535 τὸν
3210 479 3401 550 θυμὸν,
3452 479 3547 533 καὶ
3588 479 3666 548 τῷ

2088 577 2270 641 καλῶς
2322 575 2607 630 πενθοῦντι
2640 576 2737 646 τὴν
2776 574 2972 645 λύπην.
3019 572 3081 627 Εἰ
3114 572 3171 625 δὲ
3217 571 3351 642 πρὸς
3383 568 3446 622 τὸ
3486 570 3666 639 χεῖρον

2088 668 2298 736 γένοιτο
2327 668 2361 739 ἡ
2397 666 2559 739 ῥοπὴ,
2586 667 2706 720 τότε
2734 664 2880 734 πάθη
2923 663 3167 732 γίνεσθαι
3203 660 3379 715 ταῦτα
3422 660 3515 711 κα).
3547 660 3665 711 ὀνο-

2092 759 2359 831 μάζεσθαι
2390 756 2637 826 54).-Γ.
2665 748 2947 825 Ἐγὼ(55),
2965 749 3137 806 ταῦτα
3150 750 3664 822 διεξελθούσηςβδ).

2089 852 2275 924 ἐπειδὴ
2303 851 2625 922 παυσαμένη
2651 849 2820 922 βραχύ
2847 868 2899 903 τι
2929 849 3097 902 ἔδωκε
3117 846 3195 920 τῷ
3212 847 3354 915 λόγῳ
3377 845 3664 908 δναλιπεῖν,

2091 946 2186 1000 καὶ
2218 942 2586 1015 συνελεξάμην
2611 946 2677 1013 τῇ
2710 942 2920 1012 διανοίᾳ
2956 941 3024 994 τά
3061 939 3349 1011 εἰρημένα,
3384 936 3544 990 πάλιν
3572 936 3666 990 ἐπὶ

2090 1037 2189 1108 τὴν
2226 1035 2498 1109 προτέραν
2526 1034 2810 1106 διέδραμον
2853 1032 2966 1105 (37)
3006 1030 3327 1086 ἀκολουθίαν
3353 1026 3448 1082 τοῦ
3480 1027 3664 1096 λόγου,

2090 1129 2149 1180 ἐν
2190 1117 2236 1193 ᾧ
2273 1124 2724 1189 κατεσκευάζετο,
2770 1123 2844 1196 μὴ
2885 1121 3141 1176 ἀδύνατον
3187 1115 3326 1173 εἶναι
3363 1121 3461 1189 τὴν
3491 1117 3669 1187 ψυχὴν

2089 1215 2429 1280 διαλυθέντος
2473 1215 2566 1270 τοῦ
2612 1215 2863 1287 σώματος
2907 1215 2966 1266 ὲν
3020 1216 3134 1275 τοῖς
3173 1210 3454 1282 στοιχείοις
3503 1204 3665 1264 εἶναι.

2090 1308 2203 1361 Καὶ
2223 1306 2380 1361 τοῦτο
2404 1303 2554 1360 εἷπον
2580 1306 2715 1378 πρὸς
2738 1306 2838 1375 τὴν
2864 1303 3177 1381 διδάσκαλον
3199 1302 3331 1372 (58)
3358 1301 3469 1355 Ποῦ
3492 1302 3670 1355 έκεῖνο

2089 1400 2150 1451 τὸ
2181 1397 2617 1468 πολυθρύλλητον
2656 1396 2750 1451 τοῦ
2796 1396 2923 1467 ᾅδου
2953 1396 3123 1465 ὄνομα
3149 1409 3163 1424 ⁶
3196 1394 3330 1448 πολὺ
3377 1393 3477 1464 μὲν
3508 1393 3565 1445 έν
3600 1392 3669 1462 τῇ

2094 1487 2351 1560 συνηθείᾳ
2379 1486 2473 1541 τοῦ
2505 1488 2621 1557 βίου
2643 1529 2657 1549 ,
2687 1487 2821 1541 πολὺ
2853 1487 2908 1539 δὲ
2938 1486 2995 1540 ὲν
3025 1488 3146 1549 ταῖς
3176 1485 3516 1556 συγγραφαῖς
3551 1484 3671 1545 ταῖς

2091 1597 2150 1634 τε
2181 1578 2377 1645 ἔξωθεν
2416 1580 2507 1633 καὶ
2550 1582 2673 1644 ταῖς
2708 1578 3002 1649 ἡμετέραις
3036 1577 3491 1648 περιφερόμενον,
3534 1575 3613 1637 εἰς
3640 1572 3671 1626 ὃ

2097 1670 2298 1735 πάντες
2323 1672 2521 1725 οἴονται
2552 1670 2803 1740 καθάπερ
2827 1669 3027 1739 δοχείον
3059 1667 3172 1739 (59)
3205 1665 3415 1719 ἐνθένδε
3447 1664 3544 1728 τάς
3566 1662 3671 1733 ψυ-

2098 1760 2199 1831 χὰς
2234 1761 2653 1831 μετανίστασθαι
2676 1778 2691 1827 ;
2725 1762 2800 1814 Οὐ
2830 1759 2938 1830 γάρ
2960 1759 3026 1813 ἂν
3058 1758 3129 1811 τὰ
3157 1759 3393 1827 στοιχεῖα
3416 1756 3507 1809 τὸν
3535 1753 3671 1825 ᾅδην

2098 1852 2297 1919 λέγοις.
2318 1852 2467 1910 ——M.
2488 1851 2597 1905 Kal
2623 1847 3128 1922 ήδιδάσκαλοςμθ),
3145 1849 3309 1920 Δῆλος
3329 1846 3362 1920 ᾖ
3380 1844 3668 1919 (Η).φησὶς

2104 1944 2178 2014 μὴ
2224 1942 2344 1996 λίαν
2388 1939 2778 2012 προσεσχηκὼς
2819 1937 2899 2008 τῷ
2943 1938 3107 2009 λόγῳ.
3159 1937 3268 2008 Τὴν
3304 1937 3414 2007 γὰρ
3463 1939 3527 1990 ὲκ
3575 1936 3671 1990 τοῦ

2100 2032 2376 2108 ὁρωμένου
2418 2036 2553 2101 πρὸς
2582 2033 2642 2085 τὸ
2675 2031 2847 2095 ἀειδὲς
2879 2030 3205 2101 μετάστασιν
3250 2029 3348 2099 τῆς
3389 2027 3565 2098 ψυχῆς
3597 2027 3675 2078 εἰ-

2103 2121 2311 2183 ποῦσα,
2352 2122 2503 2175 οὐδὲν
2530 2120 2685 2191 ᾤμην
2732 2118 3143 2174 ἀπολελοιπέναι
3177 2118 3287 2190 (42)
3332 2119 3412 2182 εἰς
3454 2118 3515 2170 τὸ
3546 2116 3677 2188 περ).

2101 2210 2195 2263 τοῦ
2232 2210 2359 2281 ᾅδου
2400 2209 2749 2280 ζητούμενον.
2799 2208 2965 2261 Οὐδὲν
3009 2208 3119 2280 (45)
3153 2208 3281 2263 ἄλλο
3319 2208 3372 2260 τί
3415 2224 3503 2278 μοι
3532 2206 3678 2259 δοκεῖ

2104 2300 2258 2371 παρά
2290 2316 2350 2352 τε
2387 2298 2495 2352 τῶν
2522 2298 2718 2365 ἔξωθεν
2749 2300 2842 2352 καὶ
2876 2298 3026 2368 παρὰ
3050 2299 3148 2369 τῆς
3186 2298 3336 2363 θείας
3367 2298 3588 2368 Γραφῆς
3615 2297 3677 2350 τὸ

2100 2392 2272 2462 ὄνομα
2298 2392 2456 2445 τοῦτο
2481 2389 2859 2461 διασημαίνειν
2879 2430 2894 2454 ,
2934 2393 2992 2444 ὲν
3094 2390 3192 2453 τὰς
3226 2388 3401 2459 ψυχάς
3430 2388 3677 2457 γίνεσθαι

2101 2483 2348 2551 λέγουσι,
2395 2484 2532 2553 πλὴν
2564 2481 2674 2553 (44)
2727 2483 2805 2545 εἰς
2848 2483 2908 2535 τὸ
2955 2482 3130 2543 ἀειδὲς
3174 2482 3268 2533 καὶ
3315 2480 3516 2549 ἀφανὲς
3562 2478 3674 2547 (45)

2104 2572 2441 2643 μετέχουσιν.
2469 2600 2539 2610 —
2570 2568 2627 2621 Γ.
2663 2568 2772 2622 Καὶ
2793 2567 2929 2633 πῶς,
2963 2563 3118 2621 εἷπον
3150 2568 3285 2638 (46),
3317 2569 3407 2622 τὸν
3436 2570 3670 2641 ὑποχθό-

2102 2680 2211 2716 νιον
2247 2663 2420 2733 χῶρον
2443 2662 2643 2716 οἴονταί
2674 2678 2816 2725 τινες
2840 2660 2983 2715 οὕτω
3009 2661 3281 2730 λέγεσθαι,
3316 2662 3409 2715 καὶ
3442 2663 3499 2715 ὲν
3525 2663 3672 2732 αύτῷ

2103 2756 2375 2811 κακείνων
2411 2755 2522 2827 (37)
2554 2754 2653 2818 τὰς
2692 2754 2871 2826 ψυχάς
2904 2754 3283 2824 πανδοκεύειν,
3330 2756 3581 2827 καθάπερ
3618 2774 3668 2809 τι

2102 2847 2333 2917 χώρημα
2364 2847 2463 2917 τῆς
2489 2845 2742 2915 τοιαύτης
2772 2846 2987 2914 φύσεως
3014 2846 3256 2900 δεκτικὸν
3291 2846 3388 2911 τὰς
3426 2848 3672 2900 ἀποπτά-

2104 2956 2201 3002 σας
2238 2939 2337 3009 ἤδη
2365 2937 2462 3008 τῆς
2486 2936 2831 3009 ἀνθρωπίνης
2864 2936 3007 3010 ζωῆς
3040 2938 3175 3010 πρὸς
3206 2940 3394 2994 ἑαυτὸν
3433 2939 3670 3010 ἐφελκό-

429 3014 581 3069 illum
629 3012 683 3069 in
729 3030 850 3070 sese
885 3015 1095 3068 animas
1120 3015 1276 3084 quasi
1305 3015 1540 3087 hospitio
1580 3022 1849 3090 ein-ipere,
1884 3035 2003 3077 tan-
2032 3018 2072 3074 C
2104 3046 2295 3101 μενονς

431 3123 596 3179 quam
626 3106 1028 3176 receptaculum
1056 3105 1328 3175 quoddam
1353 3108 1417 3162 ad
1456 3110 1824 3180 recipiendum
1860 3116 2126 3185 ejusmodi
2156 3130 2405 3174 natm-am
2446 3128 2628 3186 aptum
2659 3124 2712 3169 et
2741 3110 3176 3181 idoneum,quod
3214 3122 3307 3164 eas
3341 3106 3588 3179 quaejam
3611 3121 3681 3161 ex

432 3200 667 3253 humana
703 3197 811 3248 vita
847 3196 1204 3260 evolaverint,
1237 3196 1303 3250 ad
1335 3214 1395 3253 se
1420 3194 1697 3255 attrahat?

498 3285 575 3339 ΔΙ.
606 3283 674 3337 At
694 3283 862 3338 nihilo
882 3288 1071 3359 magis,
1097 3290 1565 3362 inquit,magistra,
1586 3307 1685 3361 per
1715 3291 1855 3345 banc
1882 3302 2004 3359 Opl-

428 3378 647 3430 nionem
695 3375 966 3428 sententia
1001 3382 1166 3443 atque
1222 3375 1472 3429 doctrina
1527 3388 1717 3431 nostra
1760 3380 2007 3434 infirma-

432 3468 582 3522 bitur
621 3477 675 3521 et
711 3466 956 3530 lzedetur,
986 3466 1204 3521 etiamsi
1238 3481 1367 3520 vera
1391 3474 1483 3521 tua
1524 3470 1704 3524 oratio
1733 3480 1839 3526 est.
1872 3469 2007 3526 Nam

429 3567 720 3630 propterea
761 3556 911 3627 quod
943 3565 1133 3613 vertex
1163 3558 1405 3613 cmlestis
1468 3575 1655 3615 secum
1715 3565 2010 3618 continuus

427 3661 479 3708 et
515 3648 916 3704 indissolubilis
952 3656 1060 3712 est,
1115 3650 1299 3702 omnia
1340 3650 1481 3703 intra
1545 3666 1703 3706 suum
1743 3655 2012 3708 circulum

426 3751 484 3798 et
528 3741 792 3796 ambitum
864 3740 1132 3796 cohibens
1202 3748 1367 3809 atque
1407 3757 1705 3809 coercens,
1755 3756 1809 3799 et
1867 3754 2011 3800 terra

428 3846 660 3903 qumque
702 3830 851 3885 circa
882 3846 1002 3886 eam
1027 3830 1537 3885 animadvertuntur
1570 3833 1623 3887 in
1668 3835 1846 3889 medio
1886 3851 2015 3891 sus-

431 3939 603 3995 pensa
660 3931 813 3988 sunt,
854 3933 907 3977 et
959 3922 1204 3977 omnium
1243 3937 1365 3992 quae
1397 3924 1451 3976 in
1492 3924 1676 3978 orbem
1725 3927 2017 3981 volvuntur

434 4025 615 4072 motus
643 4016 795 4071 circa
826 4015 879 4070 id
917 4015 1063 4085 quod
1097 4016 1293 4070 stabile
1333 4014 1655 4086 ﬁrmumque
1687 4030 1752 4071 ac
1781 4017 2015 4072 solidum

431 4116 518 4163 est
566 4105 646 4169 lit,
707 4106 931 4160 omnino
979 4120 1204 4161 necesse
1232 4116 1336 4170 est,
1379 4107 1578 4177 inquit,
1641 4116 1701 4162 ut
1741 4109 2009 4180 quidquid

436 4199 733 4268 unicuique
796 4198 1196 4252 elementorum
1261 4196 1412 4253 circa
1469 4211 1728 4267 superam
1801 4211 2012 4268 partem

440 4299 602 4344 terrae
634 4287 862 4353 accidit,
891 4288 945 4343 id
978 4291 1141 4344 etiam
1172 4288 1319 4343 circa
1350 4290 1655 4359 oppositam
1707 4291 2011 4361 contingat,

2195 3288 2269 3340 bl.
2297 3277 2431 3335 Ἀλλ’
2447 3287 2598 3344 οὐδὲν
2613 3289 2830 3360 μᾶλλον,
2849 3294 3012 3364 φησὶν
3027 3293 3059 3362 ἡ
3075 3291 3410 3356 διδάσκαλος,
3422 3288 3482 3345 τὸ
3508 3283 3685 3352 δόγμα

2103 3380 2192 3434 διὰ
2207 3380 2306 3450 τῆς
2322 3379 2573 3438 firmata;
2594 3393 2790 3446 ταύτης
2807 3375 3284 3448 παραωιαϐήσεται
3300 3374 3432 3447 (48),
3456 3373 3556 3427 κᾶν
3571 3373 3683 3443 (49)

2106 3472 2311 3541 ἀληθὴς
2342 3471 2371 3523 ὁ
2407 3470 2562 3541 λόγος
2586 3470 2619 3525 ὁ
2651 3470 2794 3525 κατά
2842 3469 2923 3526 σέ.
2971 3470 3035 3522 Εἰ
3072 3468 3180 3540 γὰρ
3231 3468 3428 3538 συνεχῆ
3477 3465 3587 3538 (50)
3625 3482 3685 3518 τε

2109 3563 2245 3636 πρὸς
2268 3563 2457 3616 ἑαυτὸν
2479 3563 2572 3616 καὶ
2595 3563 2957 3617 ἀδιάσπαστον
2976 3556 3113 3614 εἶναι
3138 3561 3228 3614 τὸν
3251 3561 3498 3629 οὐράνιον
3526 3558 3687 3611 πόλον

2112 3655 2189 3723 τῷ
2222 3654 2336 3725 ἰδίῳ
2357 3653 2540 3724 κύκλῳ
2573 3654 2748 3707 πάντα
2779 3654 3195 3724 ἐμπεριέχοντα,
3224 3652 3318 3706 καὶ
3346 3654 3402 3705 ἐν
3429 3650 3505 3721 τῷ
3539 3651 3690 3722 μέσῳ

2111 3745 2209 3813 τὴν
2256 3745 2360 3815 γῆν
2409 3745 2505 3798 καί
2550 3745 2618 3797 τὰ
2663 3744 2789 3814 περὶ
2833 3744 3000 3815 αὐτὴν
3046 3741 3383 3813 αἰωρεῖσθαι,
3423 3741 3518 3797 καὶ
3551 3740 3688 3792 πάν-

2113 3852 2220 3898 τως
2245 3836 2352 3905 (51)
2377 3835 2710 3905 κυκλοερορου
2719 3835 2891 3904 μένων
2917 3834 3015 3903 τὴν
3039 3833 3254 3901 κίνησιν
3279 3831 3408 3901 περὶ
3430 3830 3489 3882 τὸ
3520 3829 3691 3892 ἑστὼς

2115 3928 2209 3981 καὶ
2240 3927 2435 3995 πάγιον
2466 3925 2743 3995 γίνεσθαι,
2773 3925 2983 3994 ἀνάγκη
3020 3926 3189 3987 πᾶσα,
3226 3924 3388 3993 φησὶν
3420 3922 3555 3991 (5'2),
3586 3922 3694 3974 ὅτι·

2116 4034 2221 4089 περ
2250 4015 2315 4070 ἂν
2346 4017 2559 4086 ἑκάστῳ
2582 4016 2692 4085 (55)
2727 4017 2792 4069 ὲκ
2824 4015 2930 4068 τῶν
2960 4015 3235 4086 στοιχείων
3330 4013 3470 4067 κατᾶ
3495 4014 3557 4067 τὸ
3582 4012 3695 4066 ἄνω

2114 4107 2215 4176 τῆς
2242 4107 2344 4177 γῆς
2386 4107 2552 4177 μέρος
2572 4144 2587 4168 ,
2618 4104 2774 4158 τοῦτο
2810 4105 2920 4175 (54)
2960 4105 3102 4159 κατὰ
3129 4105 3189 4158 τὸ
3222 4103 3591 4174 ἀντικείμενον
3619 4099 3697 4155 εἷο

2116 4214 2226 4263 ναι,
2254 4200 2383 4268 μιᾶς
2401 4197 2501 4267 τῆς
2525 4198 2711 4261 οὐσίας
2735 4198 2847 4269 (55)
2868 4199 2985 4253 ὅλον
3016 4198 3183 4267 αὐτῆς
3214 4197 3303 4250 τὸν
3326 4196 3487 4266 ὄγκον
3516 4197 3575 4249 ὲν
3600 4196 3696 4248 κύ-

2118 4289 2231 4361 κλῳ
2276 4289 2655 4361 περιθεούσης.
2701 4291 2811 4345 Καὶ
2849 4291 3037 4363 ὥσπερ
3082 4291 3221 4361 ὑπὲρ
3268 4289 3379 4360 (56)
3414 4286 3507 4341 τοῦ
3545 4286 3695 4357 ἡλίου

436 4384 637 4454 quippe
665 4397 792 4437 cum
821 4395 931 4436 una
984 4380 1290 4449 eademque
1345 4388 1539 4434 natura
1578 4380 1783 4435 circum
1844 4391 1998 4437 totan

2120 4382 2376 4451 φανέντος
2405 4383 2497 4436 ἐπὶ
2526 4384 2587 4436 τὸ
2617 4384 2971 4453 ὑποκείμενον
3002 4381 3170 4453 αὐτῆς
3200 4381 3489 4453 στρέφεται
3515 4378 3628 4449 (571
3661 4380 3692 4446 ἡ

532 4565 621 4633 ’55)
653 4564 956 4633 Γίνεσθαι.
975 4564 1019 4614 Α
1049 4562 1273 4633 γίνεται.

535 4628 622 4703 διδ)
658 4628 1096 4703 Ὀνομιὶζῑιεονθιιι.Δ
1121 4632 1169 4703 _A
1194 4628 1535 4701 ὀνομάζεται.

512 4699 626 4774 (55)
872 4703 910 4753 Β
939 4699 1050 4774 ὲᾼγὼ
1077 4700 1154 4753 δέ.

537 4768 627 4836 56)
663 4768 1117 4837 meammeam.
1147 4769 1264 4823 Ain
1288 4770 1533 4839 margine
1558 4768 1879 4839 διεξιούσης.

536 4842 626 4912 57)
653 4841 997 4911 Διέδραμον.
1033 4839 1081 4894 Δ
1106 4840 1161 4893 in
1182 4847 1333 4895 textu
1354 4840 1675 4911 ἀνέδραμον,
1702 4839 1757 4894 in
1774 4839 2018 4911 margine

505 4930 697 4984 ραμον·

516 4976 627 5053 (58)
658 4976 848 5053 εἷπον
874 4996 939 5033 π.
978 4978 1120 5053 μηδ.
1151 4978 1193 5030 Β
1218 4978 1354 5051 πρὸς
1378 4995 1430 5032 τ.
1452 4978 1570 5053 δζε.
1635 5023 1645 5029 ,

519 5049 631 5121 (59)
662 5050 1009 5121 ΔοχεῖονκΛ
1037 5049 1076 5101 Β
1106 5049 1438 5119 praemittunt
1463 5050 1638 5121 εῖςτι.

518 5112 629 5197 (40)
668 5112 778 5176 Kal
802 5112 1122 5197 nomen;
1150 5121 1421 5197 latenti.
1468 5120 1563 5172 κα).
1597 5120 1645 5197 εἰ
1673 5116 1829 5197 δῆλος
1858 5112 1909 5197 εἰ
1944 5117 2018 5197 μῂ

446 5188 585 5254 λίαν,
612 5193 667 5246 in
693 5192 938 5261 margine
967 5191 1059 5244 καὶ
1086 5191 1118 5259 ἡ
1145 5188 1459 5252 διδάσκαλος
1493 5188 1648 5259 φησί,
1673 5188 1839 5256 Δῆλος
1860 5188 1909 5239 εἰ
1946 5188 2019 5257 μὴ

449 5265 588 5319 λίαν.

522 5332 633 5397 (41)
666 5327 766 5402 *ῌ.
800 5330 841 5381 Β
866 5324 933 5390 εἰ,
970 5328 1061 5402 ubi
1094 5336 1148 5382 et
1169 5329 1330 5402 deest
1344 5343 1581 5402 sequens
1610 5328 1762 5397 φησί.

520 5402 636 5474 (42)
680 5398 1180 5474 ’Ᾰπρᾴελοιπέζαμ
1193 5468 1203 5474 _
1218 5399 1265 5453 Δ
1290 5398 1673 5453 ὲλλελοιπέναι.

524 5468 640 5536 (45)
677 5468 965 5539 ΟὐδέπνΛ
996 5468 1116 5539 οὐδὲ
1140 5468 1270 5539 γάρ.

527 5541 637 5611 (Η)
668 5539 857 5611 Πλὴν.
957 5536 1100 5611 πλὴν
1127 5536 1243 5611 τήν.

526 5604 639 5695 ιξὲὅ)
666 5604 862 5693 Εἰς-’τρ
900 5609 957 5663 ἀ.
1007 5604 1105 5660 καὶ
1137 5604 1195 5664 ἀ.
1248 5610 1291 5662 Α
1326 5608 1366 5660 Β
1395 5609 1472 5672 εἰς
1516 5608 1576 5661 τὸ
1608 5604 1807 5674 ἀφανές
1845 5621 1901 5657 τε
1937 5605 2029 5658 καὶ

457 5686 511 5738 ἀι
524 5683 627 5746 gas;
656 5678 1051 5751 μεταχώρησιν.

2193 4564 2303 4633 (46)
2338 4560 2545 4620 Εἶπον.
2571 4563 2614 4617 Α
2652 4564 2799 4618 addit
2831 4561 2958 4631 ἐγὼ.

2195 4630 2307 4703 (47)
2355 4633 2459 4687 Ἐν
2482 4633 2642 4699 αὐτῷ
2671 4630 2982 4688 mia-sirm.
3008 4634 3048 4685 Β
3072 4632 3323 4703 κάκεῖνον
3346 4632 3404 4683 ὲν
3431 4630 3598 4699 αὐτῷ.
3623 4632 3695 4684 Ita

2122 4709 2177 4773 et
2198 4702 2251 4773 A7
2272 4702 2367 4773 qui
2396 4705 2452 4758 in
2473 4703 2718 4773 margine
2745 4706 2927 4771 habet,
2951 4705 3009 4757 ἐν
3036 4702 3215 4773 ἑαυτῴ
3245 4719 3300 4754 τε
3324 4703 3576 4755 κάκεῖνον
3600 4703 3695 4764 τὰς

2120 4772 2301 4842 ψυχάς
2332 4772 2694 4842 πανδοχεύειν.

2218 4840 2305 4909 ιε)
2333 4840 2881 4911 Παραϐιιαϐήσεται.
2910 4842 2952 4894 Β
2989 4840 3331 4913 παραϐληθῇ.

2220 4913 2307 4980 49)
2339 4914 2484 4967 Κάν.
2514 4915 2560 4965 Α
2585 4913 2625 4963 Β
2644 4914 2692 4965 εἰ
2726 4913 2853 4981 γάρ.

2196 4981 2306 5051 (50)
2340 4986 2407 5035 Εἰ
2431 4983 2538 5051 γὰρ
2563 4980 2820 5051 συνεχῆ.
2843 4981 2888 5032 Α
2916 4980 2974 5033 τὸ
3005 4981 3221 5051 συνεχῆ.

2197 5049 2309 5119 (51)
2335 5049 2595 5117 Πάὶρτως.
2623 5053 2664 5104 Α
2694 5049 2734 5103 Β
2757 5050 2972 5103 πάντων
2997 5049 3126 5103 τῶν.

2197 5120 2307 5191 (5'2)
2342 5122 2557 5190 Φησίν.
2584 5122 2623 5172 Β
2651 5122 2776 5191 φῆς.

2198 5186 2332 5313 (53)ἱ
2358 5186 2623 5255 Ἐκάστῳ
2660 5186 2842 5245 delent
2877 5188 2923 5242 A
2954 5186 3014 5243 B.
3038 5190 3083 5241 Α
3119 5189 3175 5243 in
3220 5189 3462 5260 margine
3488 5188 3704 5259 ἑκάστῳ

2198 5278 2309 5313 οιγε
2335 5278 2431 5313 ων.

2132 5277 2431 5314 στοιγειων.

2202 5278 2245 5312 οι
2285 5278 2431 5314 ειων.

2202 5278 2313 5400 (5)1)
2345 5329 2539 5383 Τοῦτο.
2560 5330 2606 5382 Α
2632 5328 2790 5400 τοῦτο
2818 5327 2933 5400 καί.

2203 5397 2315 5468 (55)
2343 5402 2588 5465 Οὐσίας.
2623 5400 2669 5451 Α
2699 5399 2792 5453 καὶ
2829 5398 2928 5467 τῆς
2948 5397 3139 5467 αὐτῆς.

2200 5466 2311 5537 (56)
2352 5470 2550 5536 Ὑπέρ.
2577 5472 2623 5522 Α
2643 5469 2783 5540 ὑπὲρ
2801 5466 2977 5540 γῆςέη
3010 5466 3194 5534 testu;
3218 5466 3274 5522 in
3298 5470 3541 5539 margine
3566 5467 3708 5539 ὑπὲρ

2134 5536 2258 5609 γῆν,
2290 5536 2434 5608 quod
2471 5541 2612 5591 idem
2651 5536 2813 5592 habet
2832 5536 2886 5590 et
2907 5536 2967 5589 Β.

2206 5606 2322 5679 (57)
2346 5609 2679 5677 Στρέερεται.
2713 5612 2757 5661 Α
2786 5611 3067 5678 τρέπεται,
3087 5606 3127 5658 Β
3148 5606 3426 5677 τρέφεται.
