4046 6350
266 326 333 381 σο
1355 315 1443 371 os
1478 312 1695 372 amna
1734 314 1823 369 ET
1864 311 2468 370 RESURBECTIONE.
3471 315 3539 372 γυ

264 438 395 493 σκιά
421 436 518 491 τοῦ
552 435 921 507 σφαιροειδοῦς
960 435 1269 506 σχήματος,
1302 434 1364 486 οὐ
1399 433 1695 503 δυναμένου
1730 434 1851 487 κατ’

1956 432 2074 503 ejus
2104 433 2302 488 molem
2338 432 2547 487 feratur
2575 438 2741 502 atque
2763 431 3033 487 volvatur.
3065 429 3133 486 Et
3179 430 3533 501 quemadmo-

261 528 422 584 αὐτὸν
447 527 564 599 (58)
596 530 655 580 ὲν
681 526 862 597 κύκλῳ
897 524 1259 595 διαληφθῆναι
1288 525 1354 594 τῇ
1383 524 1480 592 τῆς
1512 523 1728 586 ἀκτῖνος
1758 538 1855 574 πε-

262 620 475 692 ριϐολῇ,
512 618 654 672 ἀλλὰ
681 617 820 673 κατὰ
848 619 1028 669 πᾶσιν
1057 616 1322 686 ἀνάγκην,
1356 615 1474 668 καθ’
1499 615 1637 678 ὅπερ
1660 614 1726 667 ἂν
1754 613 1854 683 τῆς

259 711 365 781 τῆς
396 710 567 781 μέρος
597 708 909 779 προσϐάλλῃ
938 707 1048 777 (59)
1078 708 1199 770 ταῖς
1229 708 1440 759 ἀκτῖσιν
1464 706 1492 757 6
1517 704 1687 775 ἥλιος,
1715 704 1856 757 κατά

258 819 404 865 τινος
454 801 686 872 κέντρου
734 801 953 863 πάντως
988 800 1080 853 ἐπὶ
1125 799 1225 869 τῆς
1274 796 1507 868 σφαίρας
1551 797 1851 866 γινόμενος.

258 892 395 963 πρὸς
430 893 535 963 τὴν
568 892 681 960 (60)
717 892 938 945 εὐθεῖαν
964 890 1253 961 διάμετρον
1287 888 1429 942 κατά
1454 889 1515 941 τὸ
1541 888 1729 959 ἕτερον
1754 888 1855 940 πέ-

259 999 361 1053 ρας
407 982 608 1045 σκότος
648 981 832 1034 ἔσται·
865 981 959 1034 καὶ
1006 980 1148 1034 οὕτω
1182 979 1323 1034 κατά
1367 978 1427 1032 τὸ
1472 978 1738 1048 διηνεκὲς,
1776 977 1855 1048 τῷ

258 1072 470 1142 ἡλιακῷ
490 1072 680 1143 δρόμῳ
704 1073 816 1143 (61)
840 1074 931 1126 ἐπὶ
954 1072 1013 1125 τὸ
1040 1073 1409 1142 ἀντικείμενον
1428 1074 1493 1143 τῇ
1517 1071 1616 1141 τῆς
1640 1072 1855 1134 ἀκτῖνος

261 1160 449 1233 εὖθείᾳ
486 1163 912 1235 συμπεριοδεύει
940 1163 1000 1216 τὸ
1025 1164 1236 1225 σκότος,
1280 1162 1419 1215 ὥστε
1459 1163 1599 1216 κατά
1631 1162 1690 1215 τὸ
1712 1157 1852 1229 ἴσον,

258 1253 348 1306 τόν
377 1271 438 1307 τε
472 1255 794 1325 ὑπεργειον,
833 1256 926 1308 καὶ
959 1255 1050 1307 τὸν
1094 1256 1345 1323 ὑπόγειον
1368 1253 1534 1307 τόπον
1561 1254 1663 1307 ἀνὰ
1692 1254 1855 1326 μέρος

259 1343 508 1412 γίνεσθαι
543 1346 603 1398 ὲν
651 1346 789 1412 φωτί
840 1362 900 1398 τε
953 1346 1046 1399 καὶ
1095 1345 1275 1398 σκότει
1315 1344 1460 1415 (62)·
1491 1345 1662 1409 οὓτως
1710 1344 1854 1407 εἰκὸς

260 1435 354 1488 καὶ
395 1435 574 1488 τᾶλλα
615 1434 729 1504 (65)
768 1435 946 1488 πάντα
985 1436 1175 1505 ὅτιπερ
1213 1434 1279 1489 ἂν
1314 1435 1665 1506 στοιχειωδῶς
1693 1436 1750 1488 έν
1778 1433 1857 1503 τῷ

258 1524 379 1578 καθ’
415 1527 571 1596 ἡμᾶς
620 1526 961 1598 ἡμισφαιρίῳ
1010 1526 1108 1597 τῆς
1141 1526 1246 1595 γῆς
1276 1525 1588 1597 θεωρεῖται,
1632 1526 1693 1579 τὸ
1725 1526 1856 1578 αὐτὸ

260 1618 350 1672 καὶ
395 1619 530 1688 περὶ
573 1619 640 1671 τὸ
688 1620 876 1690 ἕτερον
918 1615 1056 1672 εἶναι
1105 1619 1179 1689 μὴ
1211 1618 1589 1690 ἀμφιϐάλλειν.
1622 1620 1764 1682 Μιᾶς
1797 1619 1853 1672 δὲ

259 1709 352 1761 κα)⁸
376 1709 479 1779 τῆς
517 1709 696 1780 αὐτῆς
734 1708 902 1781 οὔσης
941 1710 1080 1764 κατὰ
1125 1711 1234 1763 πᾶν
1273 1710 1382 1780 (6t)
1412 1709 1512 1778 τῆς
1548 1709 1651 1779 γῆς
1688 1709 1854 1780 μέρος

259 1797 357 1866 τῆς
391 1798 504 1852 τῶν
536 1798 821 1870 στοιχείων
856 1800 1179 1872 περιϐολῆς,
1209 1799 1331 1853 οὔτε
1371 1800 1703 1868 ἀντιλέγειν,
1732 1799 1856 1853 οὔτε

264 1890 666 1962 συναγορεύειν
704 1887 857 1963 οἶμαι
891 1893 999 1946 δεῖν
1025 1896 1137 1957 τοῖς
1169 1892 1298 1964 περὶ
1324 1891 1530 1945 τούτων
1564 1891 1856 1961 ἐνισταμέ-

261 1997 393 2044 νοις,
414 1981 492 2045 ὠς
514 1983 640 2036 δέον
668 1984 701 2052 ἢ
728 1984 936 2047 τοῦτον,
969 1984 1002 2056 ἢ
1032 1984 1122 2037 τὸν
1153 1982 1504 2054 καταχθόνιον
1531 1982 1695 2035 τόπον
1722 1983 1857 2035 ἀπο-

260 2072 519 2142 τετάχθαι
552 2074 767 2128 οἴεσθαι
794 2077 915 2138 ταῖς
942 2074 1052 2127 τῶν
1086 2075 1353 2145 σωμάτων
1382 2073 1719 2137 ὲκλυθείσαις
1748 2073 1853 2143 ψυ-

261 2166 402 2232 χαῖς.
431 2165 584 2229 Ἕως
615 2165 726 2236 γὰρ
752 2166 819 2219 ἂν
853 2165 927 2236 μὴ
953 2165 1279 2237 παρακινοίη
1312 2164 1374 2218 τὸ
1441 2165 1851 2235 προηγούμενον

261 2253 436 2325 δόγμα
467 2257 502 2326 ἡ
545 2256 797 2320 ἔνστασις
841 2257 968 2327 περ).
994 2256 1087 2308 τοῦ
1125 2252 1263 2309 εἶναι
1302 2256 1439 2326 μετὰ
1463 2256 1560 2325 τὴν
1601 2255 1658 2307 ὲν
1688 2254 1852 2325 σαρκὶ

263 2344 406 2416 ζωὴν
438 2347 542 2410 τὰς
568 2346 770 2418 ψυχάς,
795 2347 946 2400 οὐδὲν
987 2348 1112 2418 περὶ
1150 2348 1315 2400 τόπου
1342 2346 1371 2397 6
1414 2346 1673 2417 ἡμέτερος
1696 2345 1853 2413 λόγος

261 2434 708 2508 διενεχθὴσεται,
762 2436 923 2507 μόνον
951 2436 1062 2508 (65)
1106 2436 1372 2506 σωμάτων
1416 2436 1542 2489 ἴδιον
1576 2431 1714 2488 εἶναι
1756 2435 1852 2503 τὴν

265 2525 358 2578 ἐπὶ
384 2528 555 2580 τόπου
589 2528 742 2581 θέσιν
768 2527 1202 2598 καταλαμϐάνων
1223 2542 1239 2558 °
1270 2527 1447 2597 ψυχὴν
1475 2528 1532 2580 δὲ
1560 2525 1853 2597 ἀσώματον

264 2612 447 2681 οὖσαν,
495 2618 774 2690 μηδεμίαν
816 2619 1061 2690 ἀνάγκην
1109 2619 1253 2689 ἔχειν
1295 2620 1361 2671 ἐκ
1408 2617 1620 2687 φύσεως
1672 2619 1857 2683 τόποις

267 2709 406 2762 τισὶν
445 2711 870 2781 ὲγκατέχεσθαι.

1956 521 2086 576 dum
2113 537 2281 592 super
2311 530 2510 577 terram
2547 529 2843 592 apparente
2877 522 3013 585 sole,
3047 520 3116 575 ad
3146 519 3451 590 subiectam
3481 530 3534 575 ct

1956 612 2228 668 infernam
2260 612 2382 684 ejus
2418 623 2630 685 partem
2681 614 2874 668 umbra
2910 620 3187 679 versatur,
3246 618 3534 682 propterea

1955 710 2102 780 quod
2162 710 2391 779 globosa
2431 711 2602 778 llgura
2662 722 2771 763 non
2826 708 3000 779 possit
3040 706 3289 776 undique
3342 703 3532 761 eodem

1934 808 2205 871 tempore
2237 801 2304 855 ab
2342 800 2483 855 radii
2516 800 2764 871 amplam
2795 799 3209 870 comprehendi,
3245 798 3339 853 sed
3378 812 3535 866 pror-

1956 907 2053 947 sus
2070 906 2299 946 necesse
2325 898 2411 946 est
2444 897 2502 943 ut
2529 888 2594 942 ad
2617 902 3003 958 quamcunque
3029 896 3189 942 terra;
3221 892 3426 955 partem
3451 884 3530 939 sol

1956 985 2113 1038 radio
2144 982 2475 1043 admoverit,
2542 980 2596 1034 in
2644 980 2883 1051 quodam
2943 986 3148 1050 puncto
3204 992 3434 1048 prorsus
3476 976 3532 1030 in

1958 1072 2118 1143 globo
2162 1080 2320 1127 terra:
2343 1086 2590 1134 versans,
2625 1070 2692 1125 ad
2726 1083 2931 1126 rectam
2968 1071 3168 1125 lineam
3230 1068 3533 1124 demetien-

1959 1173 2091 1227 tem,
2139 1180 2261 1234 qum
2320 1164 2608 1234 διάμετρος
2636 1162 2875 1228 dicitur,
2916 1161 3064 1216 circa
3100 1161 3326 1215 alteram
3371 1168 3533 1215 terrae

1955 1257 2361 1312 extremitatem
2427 1255 2664 1310 tenebrae
2722 1254 3098 1329 sint;_atque
3137 1253 3213 1307 ita
3270 1260 3531 1322 perpetuo

1959 1361 2064 1400 uua
2096 1361 2222 1400 cum
2266 1360 2433 1400 cursu
2468 1345 2632 1400 solari
2664 1359 2828 1414 supra
2860 1344 3167 1414 oppositam
3207 1351 3372 1397 rectae
3392 1342 3529 1397 radii

1959 1438 2116 1491 linem
2147 1444 2356 1505 partem
2389 1437 2630 1490 tenebrae
2664 1444 2949 1507 vagentur,
2983 1435 3119 1489 adeo
3152 1442 3211 1488 ut
3243 1435 3528 1504 mquabili-

1959 1538 2041 1583 ter
2073 1535 2127 1582 et
2161 1527 2376 1583 inferus
2397 1536 2451 1581 et
2480 1542 2711 1597 superus
2746 1534 2908 1582 terra:
2941 1527 3093 1581 locus
3148 1525 3381 1581 invicem
3411 1533 3527 1579 tttm

1959 1618 2202 1674 tenebris
2223 1616 2470 1680 obducti,
2505 1624 2619 1671 tum
2663 1618 2785 1673 luce
2823 1616 3082 1671 illustrati
3142 1617 3291 1671 sint:
3326 1619 3399 1671 ita
3434 1632 3532 1686 par

1957 1718 2010 1764 et
2046 1718 2481 1765 consentaneum
2533 1719 2616 1764 est
2664 1725 2774 1764 non
2819 1709 3072 1764 dubitare
3122 1710 3420 1780 quinetiam
3472 1710 3528 1764 in

1958 1803 2174 1859 caneris
2205 1803 2461 1858 omnibus
2500 1801 2866 1873 quodcunque
2906 1801 3067 1871 juxta
3128 1809 3380 1856 naturam
3415 1802 3526 1857 cle-

1956 1902 2267 1948 mentorum
2301 1894 2356 1947 in
2418 1902 2606 1948 nostro
2649 1893 3034 1964 hemisphaario
3089 1899 3249 1948 terra;
3279 1893 3529 1948 animad-

1953 1985 2210 2053 vertitur,
2235 1984 2377 2039 idem
2407 1985 2573 2038 etiam
2602 1985 2656 2038 in
2687 1986 2858 2038 altero
2892 1998 3114 2054 quoque
3145 1983 3529 2052 hemisphaerio

1951 2077 2045 2132 sit.
2086 2075 2222 2130 Cum
2259 2083 2440 2131 autem
2484 2091 2580 2144 per
2609 2090 2824 2128 omnem
2863 2082 3072 2144 partem
3115 2082 3276 2128 terra:
3309 2089 3451 2129 unus
3476 2083 3532 2127 ct

1951 2167 2093 2221 idem
2125 2167 2412 2235 amplexus
2450 2166 2844 2218 elementorum
2895 2164 2988 2231 sit,
3040 2180 3220 2234 neque
3257 2164 3531 2218 couttadi-

1949 2255 2206 2319 cendum,
2273 2270 2451 2325 neque
2514 2254 2969 2323 patrocinandurn
3033 2255 3273 2308 arbitror
3313 2256 3382 2308 iis
3435 2254 3529 2324 qui

1952 2346 2094 2400 hanc
2130 2346 2489 2415 quaestionem
2524 2352 2741 2415 urgent,
2774 2345 2919 2414 quod
2948 2354 3165 2416 oportet
3215 2347 3531 2402 existimare

1951 2438 2233 2502 velimne,
2266 2438 2347 2492 vel
2391 2439 2813 2492 subterraneum
2869 2438 3050 2492 locum
3100 2440 3430 2494 destinatum
3478 2448 3531 2494 et

1953 2528 2280 2583 attributum
2312 2545 2435 2584 esse
2458 2530 2656 2583 animis
2681 2544 2916 2598 corpore
2942 2529 3160 2583 solutis.
3187 2529 3321 2583 Nam
3355 2545 3530 2599 quan-

1961 2620 2054 2674 ditt
2090 2621 2336 2690 urgendo
2368 2628 2423 2673 et
2452 2619 2709 2673 instando
2742 2619 3058 2688 primariam
3093 2624 3530 2691 prtecipuatnque

1960 2711 2286 2777 doctrinam,
2324 2726 2520 2781 nempe
2570 2710 2714 2779 quod
2750 2717 2873 2780 post
2907 2711 3068 2764 vitam
3111 2727 3231 2780 qum
3272 2714 3325 2764 iu
3364 2726 3530 2765 carne

267 2800 502 2873 degitur,
550 2805 752 2859 anima:
800 2804 934 2866 sint.
977 2812 1293 2873 pervertere
1331 2818 1393 2858 ac
1431 2801 1758 2858 labefactare
1796 2817 1904 2857 non
1945 2802 2255 2869 conabitur,
2311 2802 2514 2856 nullam
2556 2801 2623 2856 de
2680 2802 2800 2855 loco
2858 2802 3289 2855 controversiain
3341 2809 3528 2856 nostra

272 2895 508 2949 movebit
549 2897 754 2964 oratio,
792 2912 914 2967 quae
941 2910 1235 2965 corporum
1267 2897 1534 2950 duntaxat
1576 2897 1851 2966 prapriam
1907 2910 2030 2950 esse
2065 2895 2119 2948 in
2146 2894 2266 2949 loco
2295 2896 2623 2965 positionem
2659 2895 3100 2966 comprehendit,
3133 2896 3370 2949 animam
3402 2911 3531 2949 vero

269 3001 389 3055 qua:
427 2988 756 3057 incorporea
794 2989 885 3051 sit,
919 2988 1064 3042 nulla
1095 2996 1303 3042 natura:
1334 2989 1664 3042 necessitate
1703 2987 1870 3042 certis
1908 2984 2237 3058 quibusdam
2271 2987 2412 3042 locis
2440 2987 2697 3043 detineri.

340 3078 401 3132 Γ.
431 3078 497 3131 Τί
531 3074 649 3141 οὖν,
689 3072 863 3144 εἷπον,
909 3080 958 3131 εἰ
994 3077 1087 3132 τὸν
1132 3076 1455 3131 Ἀπὼτολον
1482 3079 1510 3130 6
1550 3077 1817 3146 ἀντιλέγω

2024 3078 2089 3134 G.
2127 3080 2269 3146 Quid
2289 3081 2485 3155 igitur,
2510 3088 2754 3154 inquam,
2774 3082 3156 3151 siApostolum
3186 3084 3534 3140 adversarius

280 3170 644 3241 προϐάλλοιτο
674 3170 808 3240 (66),
843 3170 1023 3223 πᾶσαν
1054 3169 1281 3237 λέγοντα
1310 3170 1409 3240 τὴν
1440 3168 1662 3240 λογικὴν
1679 3171 1855 3223 κτίσιν

278 3264 333 3315 ὲν
360 3265 425 3333 τῇ
456 3262 554 3316 τοῦ
579 3263 779 3325 παντὸς
808 3263 1251 3316 ἀποκαταστάσει
1274 3263 1409 3333 πρὸς
1437 3262 1526 3315 τὸν
1542 3261 1637 3315 τοῦ
1658 3262 1855 3325 παντὸς

275 3353 641 3425 ἐξηγούμενον
678 3352 920 3423 βλέπειν,
952 3355 1010 3407 ὲν
1042 3348 1122 3416 οἷς
1152 3353 1260 3423 (67)
1307 3353 1675 3422 καταχθονίων
1719 3370 1855 3423 μνη-

281 3445 489 3514 μονεύει
519 3444 686 3497 τινῶν
713 3443 780 3497 δι’
824 3442 1143 3512 Ἐπιστολῆς
1185 3443 1320 3513 πρὸς
1352 3441 1752 3512 Φιλιππησίους
1780 3442 1858 3494 εἰ·

278 3537 389 3590 πών
406 3555 419 3568 ·
442 3540 532 3592 ὅτι
558 3535 715 3606 Αὐτῷ
735 3538 843 3590 πᾶν
870 3536 993 3604 γόνυ
1020 3534 1227 3606 κάμψει
1257 3535 1593 3606 ἐπουρανίων
1619 3535 1713 3586 καὶ
1741 3535 1858 3587 ἐπι-

276 3628 433 3696 γείων
466 3629 568 3682 καὶ
596 3627 989 3697 καταχθονίων;
1010 3656 1080 3665 —-
1099 3628 1174 3680 Μ.
1208 3624 1608 3696 Ἐπιμενοῦμεν
1639 3624 1715 3696 τῷ
1742 3625 1857 3694 δόγ-

278 3738 426 3790 ματι,
449 3723 620 3792 φησιν
635 3723 668 3790 ἡ
690 3720 1030 3783 διδάσκαλος,
1051 3718 1153 3773 κᾶν
1177 3718 1347 3772 ταῦτα
1369 3718 1636 3786 λεγόντων
1648 3719 1858 3772 ἀκούω-

277 3828 396 3882 μεν,
428 3814 562 3883 περὶ
587 3812 768 3882 μέντοι
786 3812 900 3882 (68)
936 3811 1028 3865 τοῦ
1046 3806 1185 3864 εἶναι
1206 3810 1305 3880 τὴν
1328 3809 1506 3881 ψυχὴν
1537 3810 1742 3867 καὶτὸν
1770 3811 1857 3863 ἀν-

276 3904 557 3972 τιλέγοντα
589 3903 878 3975 σύμψηφον
898 3904 1137 3974 ἔχοντες,
1163 3902 1292 3974 περὶ
1313 3903 1480 3956 τόπου
1509 3901 1646 3974 (69),
1674 3900 1857 3965 καθὼς

278 3996 333 4047 ὲν
363 3998 473 4061 τοῖς
508 3995 774 4064 φθάσασιν
800 3996 1037 4066 εἴρηται,
1057 3996 1157 4050 οὐκ
1177 3993 1544 4065 ἐνιστάμενοι.
1565 4023 1635 4033 -
1649 3994 1710 4047 Γ.
1730 3994 1856 4055 Τοῖς

277 4082 366 4139 οὖν
388 4086 761 4156 ἐπιζητοῦσιν,
790 4082 964 4151 εἷπον,
994 4087 1096 4157 τὴν
1128 4086 1492 4157 ἀποστολικὴν
1531 4085 1646 4158 (70)
1682 4087 1740 4140 ὲν
1785 4089 1853 4159 τῇ

280 4182 424 4250 φωνῇ
462 4174 644 4251 ταύτῃ
675 4178 785 4246 (7i)
816 4178 1074 4243 διάνοιαν,
1106 4176 1157 4230 τί
1180 4176 1244 4230 ἄν
1274 4194 1358 4241 τις
1395 4176 1544 4249 εἴπῃ,
1576 4177 1734 4246 εἴπερ
1758 4175 1857 4242 τῆς

280 4272 509 4340 τοπικῆς
531 4287 597 4341 aq
608 4271 807 4340 μαςίας
828 4271 1147 4339 ἀποκινοίης
1162 4269 1272 4339 (72)
1290 4269 1389 4338 τὴν
1412 4268 1556 4334 λέξιν
1573 4285 1587 4331 ς
1602 4296 1671 4307 -
1686 4268 1762 4321 Μ.
1787 4267 1852 4321 Ἦ

1958 3170 2243 3240 producat,
2278 3171 2549 3224 dicentem
2584 3174 2729 3241 quod
2765 3174 2945 3228 ominis
2979 3184 3233 3228 creatura
3263 3177 3535 3246 particeps

1958 3260 2188 3312 rationis
2208 3260 2260 3313 in
2281 3261 3003 3318 restitutioneuniret-sitatis
3016 3265 3300 3334 praesidem
3318 3268 3535 3323 univer-

1959 3364 2144 3402 sarum
2182 3366 2363 3403 rerum
2404 3350 2763 3404 obsetvatura
2794 3352 2867 3407 sit
2905 3372 2918 3407 :
2950 3354 3039 3408 ubi
3066 3354 3228 3408 etiam
3259 3356 3532 3412 subterra-

1960 3456 2188 3494 neorum
2220 3442 2602 3496 nonnullorum
2634 3442 2875 3513 Epistola
2904 3445 2969 3499 ad
3013 3445 3389 3516 Pbilippenses
3421 3464 3531 3503 me-

1956 3533 2115 3587 minit
2129 3533 2211 3587 his
2226 3534 2435 3589 verbis:
2458 3533 2473 3585 Ι
2482 3537 2563 3604 psi
2582 3550 2743 3590 omne
2759 3552 2899 3606 genu
2915 3536 3181 3601 ﬂectetur,
3200 3540 3530 3605 caelestium,

1960 3627 2301 3681 terrestrium
2318 3637 2372 3680 et
2388 3628 2873 3685 subterraneorum
2891 3629 3035 3685 ’ἐι-Μ
3048 3672 3060 3682 .
3083 3629 3532 3686 Permaneliimus

1957 3734 2025 3772 ac
2042 3720 2531 3788 perseverabimus,
2556 3722 2734 3792 inquit
2753 3724 3034 3794 magistra,
3061 3724 3112 3777 in
3143 3737 3292 3779 certa
3320 3726 3529 3779 stabili-

1957 3826 2061 3880 que
2080 3813 2368 3874 sententia,
2388 3813 2600 3869 etiamsi
2619 3815 2906 3869 audiamus
2923 3817 3037 3870 haec
3050 3815 3317 3881 dicentes,
3332 3817 3534 3887 quippe

1957 3919 2082 3958 cum
2114 3904 2181 3958 de
2208 3921 2273 3958 eo
2298 3906 2514 3974 quidem
2548 3908 2693 3975 quod
2725 3910 2903 3963 anima
2946 3911 3038 3972 sit,
3067 3912 3231 3965 etiam
3268 3911 3531 3966 adversa-

1956 3994 2097 4046 rium
2141 3994 2565 4050 concordantem
2598 4006 2652 4051 et
2689 3999 3078 4054 assentientem
3114 4002 3432 4067 habeamus,
3463 4002 3533 4059 de

1956 4082 2081 4138 loco
2106 4093 2288 4139 autem
2320 4086 2413 4140 ubi
2441 4095 2726 4141 versatura
2761 4090 2851 4149 sit,
2893 4088 3037 4142 sicut
3068 4089 3121 4142 in
3154 4091 3531 4159 superioribus

1957 4173 2165 4228 dictum
2206 4183 2312 4239 est,
2353 4191 2462 4230 non
2492 4191 2876 4246 repugnemus.
2907 4205 2979 4215 —
3004 4175 3068 4232 G.
3105 4177 3244 4244 Quid
3267 4194 3398 4248 ergo
3437 4195 3527 4233 re-

1957 4266 2327 4336 quirentibus,
2359 4268 2602 4338 inquam,
2646 4270 3002 4338 apostolicam
3026 4267 3081 4324 in
3118 4273 3218 4326 liae
3248 4287 3382 4329 voce
3405 4288 3531 4328 sen-

280 4361 355 4428 δὲ,
384 4361 458 4418 Οὔ
491 4380 580 4433 μοι
609 4363 777 4423 δοκεῖ,
799 4350 984 4432 φήσιν,
1016 4363 1044 4414 6
1071 4361 1212 4424 θεῖος
1251 4359 1850 4424 Ἀπόστολος,τοπικῶς

1962 4361 2187 4415 tentiam
2220 4360 2421 4430 aliquis
2449 4360 2673 4427 dixerit,
2705 4377 2772 4415 an
2803 4362 2947 4432 quod
2989 4362 3183 4417 attinet
3211 4364 3278 4418 ad
3318 4364 3420 4418 loci
3451 4366 3529 4420 si-

282 4451 374 4524 τὴν
400 4452 591 4523 νοεράν
638 4452 925 4522 διακρίνων
957 4451 1162 4516 οὐσίαν,
1191 4449 1252 4502 τὸ
1279 4451 1377 4519 μὲν
1408 4449 1745 4521 ἐπουράνιον,
1794 4446 1857 4500 τὸ

283 4542 336 4595 δὲ
365 4544 631 4612 ἐπίγειον,
661 4542 723 4595 τὸ
756 4543 813 4595 δὲ
847 4541 1204 4612 καταχθόνιον
1237 4542 1501 4612 ὀνομάσαι
1532 4541 1665 4612 (75).
1710 4540 1849 4594 Ἀλλ’

286 4635 466 4708 ἐπειδὴ
497 4638 648 4708 τρεῖς
693 4636 793 4705 τῆς
836 4634 1060 4704 λογικῆς
1098 4634 1310 4704 φύσεώς
1343 4636 1450 4688 εἰσι
1490 4634 1850 4696 καταστάσεις

286 4725 410 4794 ἡμῖν
452 4725 591 4795 (74),
644 4722 705 4789 ἐξ
743 4725 916 4795 ἀρχῆς
950 4722 1048 4794 τὴν
1089 4723 1383 4794 ἀσώματον
1426 4722 1684 4794 λαχοῦσαι
1738 4723 1847 4794 (75)

287 4814 524 4888 animi)»:
549 4814 844 4887 ἀγγελικὴν
869 4814 1206 4887 ὀνομάζομεν
1226 4831 1240 4846 ’
1270 4816 1306 4885 ἡ
1322 4813 1379 4869 δὲ
1394 4815 1531 4887 πρὸς
1550 4814 1649 4887 τὴν
1670 4816 1852 4886 σάρκα

343 4959 450 5029 (58)
480 4961 618 5015 Κατ’
643 4963 846 5016 αὐτόν.
877 4963 924 5015 Α
950 4962 1094 5016 κατά
1118 4963 1333 5018 ταύτόν.

363 5029 450 5105 5.9)
482 5031 866 5105 Προσδίξλλιιο
894 5035 940 5105 Α
962 5033 1008 5105 Β
1037 5034 1338 5105 προσϐάλῃς

363 5100 449 5173 (.59)
483 5102 642 5173 1799c
656 5100 788 5173 τήν·
816 5103 872 5173 Β-
890 5102 983 5173 ἐπὶ
1004 5100 1122 5173 τήπλ

362 5168 450 5239 61)
512 5168 598 5235 Τῷ
650 5169 881 5239 ﬁliam?)
934 5168 1150 5242 δρόμῳ.
1214 5172 1255 5224 Β
1295 5172 1434 5226 κατά
1476 5172 1567 5228 τὸν
1617 5174 1837 5245 ἡλιακὸν

436 5256 465 5292 ν

406 5257 487 5292 ον.

342 5308 451 5381 (eg)
482 5310 708 5381 Σκότει.
734 5310 779 5362 Α
800 5317 858 5381 et
885 5308 1147 5381 Βσκότῳ.

740 5379 876 5503 ὶτά
896 5379 1051 5433 ἄλλα.

530 5466 627 5504 (ιν.
722 5466 762 5501 π
800 5466 915 5503 ντα.

367 5446 453 5518 (id)
476 5449 627 5504 Πᾶν.
648 5450 690 5501 Β
722 5449 915 5503 πάντα.

475 5519 696 5592 ῌόνονς.
730 5520 772 5571 Β
803 5519 1075 5592 μόνων,-Α
1102 5521 1153 5574 in
1184 5523 1424 5590 margine
1449 5522 1643 5592 μόνων.

345 5584 456 5658 (66)
483 5584 904 5658 Προὸᾴιιλοὶτο.
934 5592 979 5658 Α
1007 5590 1049 5641 Β
1074 5584 1412 5658 προὸἀλοῖτο.

346 5654 451 5728 (67)
488 5653 586 5713 Ἐν
614 5653 726 5726 οἷς.
763 5662 808 5713 Δ
842 5661 901 5713 ὲν
930 5657 1010 5724 οἷς
1042 5653 1150 5714 καί.

277 5235 303 5288 ὃ

1958 4451 2388 4520 gniﬁcationem,
2415 4453 2711 4508 dictionem
2737 4456 3045 4511 removeat?
3064 4487 3131 4496 -
3156 4454 3228 4511 Μ.
3250 4454 3343 4511 illa
3362 4472 3528 4514 vero:

1958 4539 2076 4594 Non
2111 4541 2328 4596 videtur
2376 4542 2509 4598 mihi
2561 4542 2806 4612 divinus,
2855 4544 3050 4615 inquit,
3099 4545 3399 4617 Apostolus
3438 4565 3530 4601 ra-

1957 4636 2231 4692 tioneloci
2265 4645 2517 4693 naturam
2549 4649 2731 4696 mente
2751 4652 2914 4711 atque
2942 4642 3299 4713 intelligentia
3331 4645 3525 4714 przcdi-

1959 4737 2068 4783 tam
2094 4728 2416 4784 discernens
2441 4738 2605 4800 atque
2627 4732 2995 4801 distinguens,
3015 4734 3160 4788 aliud
3181 4734 3399 4803 quidem
3415 4749 3526 4789 cte-

1956 4817 2115 4884 leste,
2139 4817 2286 4873 aliud
2313 4834 2441 4875 vero
2469 4828 2747 4885 terrestre,
2771 4822 2919 4876 aliud
2950 4822 3078 4878 item
3106 4824 3525 4880 subterraneum

2014 4966 2126 5039 (68)
2147 4968 2384 5039 Μέντοι.
2409 4970 2452 5021 Α
2477 4969 2592 5039 μέν.

2010 5037 2124 5111 (69)
2157 5037 2298 5111 Περὶ
2315 5037 2526 5111 τόποι).
2545 5044 2590 5093 Α
2623 5040 2751 5111 περὶ
2774 5041 2830 5094 δὲ
2856 5040 2948 5094 τοῦ
2965 5040 3128 5095 τόπου
3160 5043 3293 5096 ὅπου
3312 5043 3513 5109 καθως.

1939 5103 1982 5158 Β
2010 5101 2198 5162 itidem
2233 5101 2403 5163 liabet
2432 5109 2509 5162 δέ.

2156 5177 2613 5252 ,Ἀποστολικιξνκ
2658 5177 2698 5231 Β
2724 5178 3007 5249 praemittit
3037 5180 3228 5252 αὑτήν.

2008 5246 2121 5317 (771)
2150 5248 2360 5315 Ταύτῃ.
2387 5248 2427 5299 Β
2452 5248 2676 5317 ταύτην.

2011 5316 2126 5390 (ῃ)
2171 5317 2558 5390 Ἀποκινοιης.
2575 5320 2631 5390 _A
2654 5318 2708 5390 _B
2733 5318 3039 5390 ἀποκινοῖη.

2010 5387 2126 5457 (775)
2171 5388 2545 5457 Ὼνόμαᾳται.
2574 5387 2615 5438 Β
2643 5387 2926 5457 ὀνομάσαι.

2166 5456 2357 5526 Ἡμῖν).
2391 5456 2432 5509 Β
2459 5458 2497 5510 Α
2536 5458 2570 5526 ἡ
2598 5456 2745 5526 μέν(
2774 5508 2781 5517 ,

2015 5525 2129 5595 (75)
2156 5525 2484 5607 ᾼαχοῦσιξι.
2509 5525 2823 5607 Βιλαχοιῖσα,
2845 5527 2887 5579 Α
2906 5528 2958 5583 in
2978 5534 3128 5584 textu
3143 5528 3210 5587 τὸ,
3226 5530 3510 5606 ἀσώματον

1941 5595 2161 5666 ἔχουσα,
2189 5597 2243 5650 in
2277 5595 2524 5667 margine
2551 5595 2811 5667 λαχοῦσα.
