4046 6350
461 312 528 369 71
1794 311 1854 369 S.
1884 307 2215 367 GREGORI‘I
2252 307 2549 366 NYSSENI
3651 310 3737 370 72

467 429 805 486 nominasse.
831 426 938 482 Sed
975 425 1234 498 quoniam
1280 434 1493 483 natura:
1536 428 1749 484 ratione
1806 428 2043 498 praedita!

2156 428 2648 499 συμπεπλεγμένην
2690 427 2801 498 (76)
2836 425 3180 497 ἀνθρωπίνην
3216 425 3427 497 φαμέν⁸
3471 428 3505 500 ἡ
3542 427 3599 482 δὲ
3635 429 3741 483 διὰ

464 529 580 574 tres
638 527 815 573 status
849 526 1015 588 atque
1065 518 1410 579 conditiones
1452 528 1627 575 sunt:
1661 534 1770 574 una
1802 519 2045 589 quidem,

2148 521 2377 577 θανάτου
2422 518 2535 573 τῶν
2581 517 2860 590 σαρκικῶν
2889 516 3002 587 (77)
3032 515 3428 588 ἀπολελυμένη.
3467 517 3639 591 Ὅπερ
3663 520 3739 572 ἐν

463 611 554 666 cui
586 611 657 665 ab
692 610 849 664 initio
879 609 992 663 vita
1024 610 1295 681 contingit
1321 610 1651 680 incorporea
1678 623 1842 680 quam
1881 623 2043 680 ange-

2147 613 2343 684 ψυχαῖς
2368 612 2670 684 θεωρεῖται.
2711 608 2869 663 τοῦτο
2900 605 3074 680 οἶμαι,
3103 608 3185 680 τῷ
3216 608 3369 679 βάθει
3395 611 3496 682 τῆς
3535 612 3738 682 σοφίας

465 703 627 758 licam
657 702 1037 769 nominamus;
1071 701 1242 755 altera
1276 716 1407 756 vero
1433 716 1562 755 cum
1589 715 1757 755 carne
1790 707 2047 756 conserta

467 800 631 863 atque
659 807 926 855 connexa.
953 806 1117 861 quam
1151 791 1445 845 humanam
1499 790 1770 859 dicimus;
1808 790 1916 844 alia
1948 805 2048 845 au-

466 894 573 940 tem
604 900 702 955 per
737 892 968 939 mortem
992 897 1022 937 a
1059 882 1378 938 carnalibus
1423 881 1696 937 absoluta.
1720 880 1853 947 Quae
1878 895 1967 937 res
1991 882 2046 936 in

464 976 758 1031 animabus
814 975 1304 1040 animadvertitur,
1339 974 1445 1028 hoc
1474 974 1697 1044 Opinor,
1754 973 2047 1029 altitudine

467 1068 749 1140 sapientia
794 1068 1072 1123 videntem
1132 1067 1379 1122 divinum
1416 1067 1760 1137 Apostolum,
1803 1081 1925 1121 eum
1952 1066 2048 1136 qui

466 1160 760 1232 aliquando
805 1163 1023 1217 futurus
1068 1169 1174 1226 est,
1215 1162 1484 1216 universa:
1539 1159 1754 1214 ratione
1811 1159 2049 1229 praedita:

466 1260 681 1308 natura:
710 1253 765 1308 in
800 1253 947 1309 bono
973 1268 1306 1309 consensum
1342 1251 1697 1323 signiﬁcare;
1725 1264 1791 1306 ac
1824 1252 2049 1307 caeleste

467 1345 688 1414 quidem
742 1360 962 1409 vocare,
1001 1344 1310 1415 angelicum
1340 1351 1395 1398 et
1451 1343 1882 1412 incorporeum;
1936 1348 2049 1396 ter-

467 1446 641 1491 restre
670 1452 818 1503 vero,
855 1437 1178 1505 implicitum
1207 1444 1262 1491 et
1287 1444 1601 1490 consertum
1625 1449 1750 1488 cum
1779 1448 2045 1504 corpore;

462 1528 886 1583 subterraneum
932 1536 1115 1583 autem
1145 1527 1200 1581 id
1229 1527 1373 1597 quod
1404 1527 1518 1596 jam
1546 1542 1576 1579 a
1618 1540 1849 1597 corpore
1891 1540 2050 1596 sepa-

465 1626 644 1674 ratum
680 1628 843 1689 atque
871 1619 1205 1690 disiunctum
1250 1622 1342 1685 sit,
1378 1627 1473 1672 aut
1525 1625 1674 1673 certe
1704 1617 1750 1672 si
1779 1616 1885 1671 alia
1915 1632 2050 1688 quo-

462 1726 570 1782 que
594 1720 790 1782 praeter
820 1720 1172 1767 enumeratas
1204 1717 1423 1773 natura,
1451 1709 1597 1765 inter
1616 1710 1831 1764 ratione
1860 1707 2051 1778 praedi-

462 1810 548 1858 tas
584 1802 1068 1869 animadvertitur;
1097 1817 1260 1874 quam
1293 1801 1411 1859 sive
1439 1803 1565 1872 quis
1599 1802 1897 1867 daemonas,
1927 1802 2046 1858 sive

461 1893 708 1963 spiritus,
743 1894 860 1950 sive
910 1893 1117 1963 aliquid
1169 1894 1317 1949 aliud
1368 1894 1477 1949 tale
1525 1893 1759 1948 voluerit
1785 1891 2040 1948 denomi-

461 1999 615 2051 nare,
648 2000 756 2040 non
788 1985 1203 2049 contendamus,
1231 1984 1324 2041 sed
1351 2001 1560 2056 susque
1583 1983 1761 2055 deque
1780 1983 2040 2041 feremus.

457 2075 793 2132 Persuasum
848 2086 934 2133 est
990 2077 1134 2132 enim
1174 2086 1385 2132 tamex
1427 2077 1707 2132 communi
1761 2076 2041 2148 opinione,

458 2179 625 2238 quam
647 2185 714 2223 ex
730 2169 1139 2239 Scripturarum
1159 2170 1479 2236 traditione,
1499 2185 1621 2225 esse
1639 2169 1930 2240 quamdam
1947 2183 2047 2223 na-

459 2266 638 2314 turam
663 2267 818 2314 extra
845 2261 971 2314 talia
998 2275 1252 2331 corpora,
1280 2278 1401 2331 qua:
1427 2271 1575 2317 recto
1611 2273 1777 2332 atque
1810 2260 2044 2317 honesto

457 2349 686 2405 adversa
737 2353 1129 2422 contrariaque
1183 2352 1275 2414 sit,
1335 2361 1390 2406 et
1444 2352 1498 2406 in
1531 2352 1786 2406 humanae
1831 2358 2042 2408 natura:

454 2439 843 2497 detrimentum
919 2450 1086 2513 atque
1147 2445 1443 2512 perniciem
1513 2443 1844 2508 incumbat,
1916 2459 2040 2515 quae

453 2542 651 2603 sponte
681 2550 780 2590 sua
813 2550 842 2589 a
875 2536 1101 2591 meliore
1128 2546 1278 2591 sorte
1310 2536 1577 2591 exciderit
1602 2546 1768 2606 atque
1799 2536 2041 2592 deﬂuxe-

457 2623 549 2689 rit,
584 2631 640 2679 et
683 2623 738 2678 in
783 2624 961 2678 locum
992 2624 1120 2679 boni
1151 2633 1204 2678 et
1244 2625 1480 2689 honesti,
1522 2640 1685 2696 aquo
1725 2625 1948 2691 defecit,
1981 2625 2035 2681 id

2149 704 2415 776 βλέποντα
2454 703 2545 757 τὸν
2594 704 2735 756 θεῖον
2785 701 3125 765 Ἀπόστολον,
3160 701 3340 772 πάσης
3369 701 3472 772 τῆς
3502 700 3738 772 λογικῆς

2149 796 2365 867 φύσεως
2411 796 2510 866 τὴν
2559 797 2616 849 ὲν
2656 793 2734 866 τῷ
2780 793 2969 864 ἀγαθῷ
2998 809 3129 847 ποτε
3172 792 3539 866 γενησομένην
3587 811 3738 864 συμ-

2148 889 2357 959 φωνίαν
2394 887 2791 961 ἀποσημαίνειν
2816 905 2831 919 ·
2867 885 3188 959 ἐπουράνιον
3224 885 3324 955 μὲν
3365 885 3627 940 καλοῦντα
3661 885 3737 938 τὸ

2148 976 2438 1047 ἀγγελικὸν
2480 977 2574 1030 καὶ
2603 975 2922 1047 ἀσώματονο
2965 976 3206 1045 ἐπίγειον
3233 975 3289 1028 δὲ
3333 976 3394 1029 τὸ
3420 976 3740 1046 συμπεπλε-

2147 1070 2348 1140 γμένον
2379 1068 2457 1140 τῷ
2488 1068 2699 1139 σώματι
2718 1084 2733 1097 ⁸
2782 1067 3135 1138 καταχθόνιον
3163 1068 3219 1122 δὲ
3240 1068 3301 1121 τὸ
3325 1068 3739 1138 διακεκρυμμὲο

2147 1181 2236 1218 νον
2270 1163 2383 1233 (78)
2430 1163 2529 1234 ἤδη
2563 1162 2657 1217 τοῦ
2693 1163 2964 1232 σώματος,
3010 1162 3043 1234 ἢ
3079 1162 3142 1234 δή
3185 1179 3269 1225 τις
3321 1162 3432 1231 (79)
3466 1162 3559 1215 καὶ
3588 1161 3736 1231 ἄλλη

2148 1254 2301 1326 παρὰ
2347 1253 2418 1307 τὰ
2444 1252 2708 1324 εἰρημένα
2741 1251 2902 1321 φύσις
2938 1252 2997 1304 ὲν
3034 1252 3224 1322 λογικῇ
3260 1250 3373 1320 (8ο)
3421 1250 3732 1322 θεωρεῖται,

2147 1344 2215 1417 ἢν
2247 1345 2356 1397 εἴτε
2387 1343 2647 1414 δαίμονας
2674 1343 2783 1396 εἴτε
2817 1341 3133 1413 πνεύματα,
3184 1340 3293 1395 εἴτε
3338 1340 3578 1394 τοιοῦτον
3612 1341 3735 1410 (8Ι)

2148 1435 2321 1490 ἐθέλοι
2374 1453 2460 1500 τις
2502 1434 2914 1505 κατονομάζειν,
2944 1435 3002 1487 οὐ
3046 1432 3377 1505 διοισόμεθα.
3431 1433 3741 1487 Πεπίστευ-

2147 1545 2236 1581 ται
2268 1527 2377 1599 (8‘2)
2408 1526 2515 1599 γὰρ
2539 1526 2602 1579 ἐκ
2628 1542 2686 1579 τε
2713 1526 2812 1597 τῆς
2837 1526 3019 1597 κοινῆς
3049 1526 3386 1596 ὑπολήψεως,
3417 1524 3511 1579 καὶ
3537 1526 3599 1578 ὲκ
3629 1525 3738 1594 τῆς

2148 1619 2255 1673 τῶν
2286 1619 2399 1690 (83)
2429 1618 2662 1691 Γραφῶν
2690 1617 3061 1690 παραδόσεως,
3101 1613 3243 1671 εἷναί
3289 1634 3408 1671 τινα
3435 1615 3596 1685 φύσιν
3625 1615 3737 1681 ἔξω

2147 1710 2257 1765 τῶν
2301 1710 2554 1765 τοιούτων
2596 1710 2864 1781 σωμάτων
2903 1708 3241 1772 ὑπεναντίως
3272 1708 3409 1780 πρὸς
3459 1708 3520 1761 τὸ
3564 1709 3737 1762 καλὸν

2148 1802 2517 1874 διακειμένην,
2553 1802 2647 1857 καί.
2681 1802 2983 1873 βλαπτικὴν
3016 1800 3115 1872 τῆς
3162 1800 3509 1871 ἀνθρωπίνης
3558 1797 3731 1869 ζωῆς.

2148 1894 2408 1957 ἑκουσίως
2428 1895 2526 1965 τῆς
2545 1894 2850 1966 κρείττονος
2871 1892 3191 1963 ὑπολήψεως
3206 1892 3317 1964 (84)
3340 1893 3733 1963 τῙιπορῤυεϊσαν⁸

2149 1985 2245 2039 κα).
2268 1987 2335 2056 τῇ
2364 1985 2661 2040 ἀποστάσει
2689 1984 2784 2038 τοῦ
2817 1984 2982 2038 καλοῦ
3011 1984 3071 2037 τὸ
3102 1984 3166 2036 ὲκ
3194 1983 3288 2037 τοῦ
3322 1984 3564 2037 ἐναντίου
3588 1984 3737 2036 voc-:3-

2152 2093 2313 2148 μενον
2342 2079 2399 2130 ὲν
2430 2076 2569 2148 αὐτῇ
2604 2076 2715 2145 (83)
2753 2077 3138 2147 ὑποστήσασαν
3157 2092 3173 2108 ο
3203 2076 3379 2148 ἤνπερ
3409 2075 3541 2145 φασί
3570 2093 3738 2128 κατα-

2150 2167 2383 2239 χθονίοις
2429 2168 2743 2241 ὲναριθμείν
2778 2168 2868 2221 τὸν
2907 2165 3250 2231 Ἀπόστολον,
3298 2165 3457 2219 τοῦτο
3485 2167 3543 2218 ὲν
3587 2166 3736 2218 ἐκεί-

2148 2277 2227 2332 νῳ
2260 2261 2371 2334 (86)
2403 2262 2480 2334 τῷ
2520 2262 2663 2333 λόγῳ
2712 2261 3064 2332 σημαίνοντα,
3108 2261 3189 2314 ὅτι
3224 2260 3321 2331 τῆς
3365 2259 3562 2322 κακίας
3600 2259 3735 2312 ποτὲ

2145 2353 2269 2417 ταῖς
2317 2355 2552 2425 μακραῖς
2605 2352 2712 2407 τῶν
2745 2351 2956 2405 αἰώνων
3002 2351 3269 2423 περιόδοις
3315 2349 3727 2420 ἀφανισθείσης,

2146 2442 2297 2496 οὐδὲν
2348 2443 2454 2510 ἔξω
2486 2442 2588 2511 Γ’τοῦ
2633 2442 2839 2512 ἀγαθοῦ
2884 2442 3395 2513 καταλειφθήσεται.
3446 2440 3608 2493 Ἀλλὰ
3633 2440 3734 2493 καὶ

2147 2536 2279 2606 παρ’
2323 2533 2545 2588 ἐκείνων
2601 2534 2897 2605 ὁμοφώνως
2943 2534 3055 2606 (87)
3106 2536 3140 2606 ὴ
3183 2534 3440 2605 ὁμολογία
3489 2535 3587 2605 τῆς
3632 2532 3732 2587 τοῦ

2146 2623 2383 2697 Χριστοῦ
2418 2628 2735 2697 κυριότητος
2763 2627 2935 2681 ἔσται.

451 2711 600 2782 quod
640 2727 705 2766 ex
738 2713 1020 2769 contrario
1055 2715 1400 2786 intelligitur,
1427 2716 1483 2771 in
1529 2732 1651 2772 sese
1697 2717 2087 2773 substituerit:
2120 2734 2281 2788 quam
2319 2718 2475 2772 aiunt
2509 2718 2828 2787 Apostolum
2863 2719 3007 2774 inter
3044 2718 3404 2774 subterranea
3430 2731 3482 2774 et
3513 2719 3730 2774 inferna

455 2818 784 2868 numerare,
832 2804 884 2858 id
917 2804 1010 2860 illo
1045 2821 1299 2862 sermone
1338 2808 1731 2878 signiﬁcantem
1772 2810 1921 2881 quod
1953 2810 2250 2866 vitiositate
2297 2810 2474 2877 longis
2514 2812 2836 2866 saeculorum
2866 2811 3208 2866 anfractibus
3235 2823 3287 2867 et
3315 2812 3732 2868 circnition’bus

464 2896 758 2966 aliquando
808 2897 1013 2952 abolita
1070 2905 1233 2968 atque
1281 2899 1569 2964 exstincta,
1612 2901 1747 2955 nihil
1782 2910 1978 2970 praeter
2007 2902 2211 2958 bonum
2258 2902 2617 2973 relinquetur.
2652 2901 2757 2958 Sed
2794 2904 2959 2958 etiam
2991 2902 3266 2959 daemones
3298 2903 3644 2960 concorditer
3676 2916 3731 2961 et

452 2990 868 3044 cunsentienter
897 2988 1326 3044 dominationem
1366 2990 1565 3045 Christi
1597 2980 2028 3047 conﬁtebuntur.

527 3077 801 3146 Quocirca
849 3095 975 3134 cum
1019 3079 1136 3135 haec
1186 3081 1262 3136 ita
1308 3082 1438 3146 sint,
1489 3098 1649 3138 nemo
1675 3098 1779 3139 nos
1807 3084 2043 3155 coegerit

2221 3086 2438 3141 Τούτων
2466 3085 2579 3158 (88)
2613 3084 2788 3149 οὕτως
2831 3085 3083 3157 ἐχόντων,
3133 3084 3310 3140 ούκέτ’
3348 3084 3414 3141 ἄν
3454 3104 3539 3151 τις
3581 3090 3731 3160 ἡμᾶς

455 3174 946 3229 εηὺιεττιιηεοηιηι
1006 3183 1061 3228 et
1105 3173 1448 3229 infernorum
1498 3177 1718 3230 nomine
1770 3176 2045 3232 subterrao

459 3278 621 3319 neum
647 3263 951 3332 intelligere
968 3262 1170 3326 locum,
1210 3264 1414 3334 quippe
1453 3280 1575 3318 cum
1626 3279 1720 3320 aer
1761 3266 2046 3335 aequaliter

461 3353 708 3422 undique
738 3361 899 3407 terra:
942 3354 1311 3411 circumfusus
1340 3357 1433 3422 sit,
1459 3367 1518 3411 ut
1544 3359 1695 3412 nulla
1741 3357 1865 3427 ejus
1916 3374 2045 3429 pars

459 3445 530 3499 ab
559 3445 705 3498 aeris
736 3445 989 3514 amplexu
1044 3460 1215 3501 vacua
1251 3462 1314 3501 ac
1374 3450 1517 3503 nuda
1580 3449 2042 3519 deprehendatur.

462 3535 739 3595 -—G.Hzec
752 3536 841 3591 ubi
859 3538 1108 3609 magistra
1132 3537 1394 3609 exposuit,
1418 3539 1689 3612 paulisper
1722 3548 2041 3606 cunctatus,

457 3625 733 3691 Nondum,
765 3628 1009 3696 inquam,
1036 3629 1171 3681 satis
1202 3628 1454 3695 qttacsivi,
1486 3644 1591 3683 nec
1613 3631 1742 3684 mihi
1769 3631 2041 3700 quaerenti

461 3717 805 3773 satisfactum
853 3725 989 3772 est:
1043 3719 1138 3773 sed
1195 3717 1362 3773 etiam
1417 3735 1565 3775 nunc
1606 3736 1775 3796 super
1812 3723 1878 3781 iis
1923 3738 2044 3792 quae

465 3809 612 3863 dicta
641 3816 771 3863 sunt
794 3824 948 3864 mens
971 3808 1222 3880 ambigua
1261 3810 1391 3863 mihi
1416 3809 1816 3880 quodammodo
1840 3821 2040 3876 manet,

461 3915 528 3954 ac
559 3914 714 3970 rogo,
752 3909 813 3954 ut
841 3898 1067 3954 omissis
1099 3899 1320 3970 quidem
1357 3901 1427 3956 iis
1455 3901 1527 3957 de
1550 3902 1752 3972 quibus
1772 3902 1887 3971 jam
1912 3917 2046 3957 con-

459 3990 607 4045 venit
628 3990 771 4045 inter
795 4003 916 4051 nos,
959 3989 1025 4043 ad
1062 3990 1310 4046 eamdem
1360 3992 1810 4062 consequentiam
1842 3993 2043 4047 itermu

460 4081 641 4136 oratio
669 4080 804 4136 mihi
826 4080 1142 4137 reducatur.
1163 4080 1296 4137 Nam
1320 4082 1464 4138 haud
1490 4084 1780 4140 dilliculter
1806 4085 2046 4141 arbitror

459 4188 580 4236 eos,
593 4172 685 4242 qni
705 4187 812 4227 non
830 4172 1129 4228 admodum
1144 4172 1277 4228 ‘duri
1291 4189 1360 4229 ac)
1374 4175 1687 4244 pervicaces
1712 4176 1842 4242 sint,
1858 4193 1957 4249 per
1980 4193 2043 4235 ea

458 4279 587 4337 quae
609 4264 753 4319 dicta
785 4273 915 4320 sunt
943 4264 1229 4320 inductum
1263 4266 1352 4330 iri,
1385 4282 1451 4322 ne
1470 4278 1594 4338 post
1614 4283 1906 4339 corporum
1936 4271 2047 4326 dis-

459 4356 821 4421 solutionem,
855 4356 1095 4410 animam
1120 4355 1323 4412 ducant
1354 4356 1423 4412 ad
1461 4357 1742 4413 interitum
1768 4366 1823 4414 et
1869 4360 2045 4416 aboli-

2147 3175 2444 3245 ἀναγκὰξοι
2468 3175 2548 3246 τῷ
2574 3174 2683 3228 τῶν
2714 3174 3081 3245 καταχθονίων
3103 3176 3326 3246 ὀνόματι
3358 3176 3448 3232 τὸν
3476 3178 3732 3247 ὑπόγειον

2146 3265 2344 3320 ἐννοεῖν
2376 3266 2583 3339 χῶρον·
2618 3267 2813 3337 ἐπίσης
2839 3264 2932 3318 τοῦ
2955 3265 3115 3338 ἀέρος
3150 3267 3484 3337 πανταχόθεν
3515 3286 3732 3341 περικε-

2149 3375 2214 3429 χυ
2222 3358 2383 3428 μένου
2403 3361 2467 3429 τῇ
2488 3359 2581 3429 γῇ,
2598 3357 2672 3420 ὡς
2692 3356 2857 3427 μηδὲν
2873 3354 3045 3425 αὐτῆς
3059 3356 3222 3425 μέρος
3244 3356 3448 3425 γυμνὴν
3460 3354 3561 3423 τῆς
3577 3371 3639 3405 πε
3650 3370 3725 3424 ρι-

2150 3448 2311 3521 σολῆς
2334 3449 2429 3503 τοῦ
2446 3449 2605 3522 ἀέρος
2628 3446 3165 3518 καταλαμϐάνεσθαι.
3181 3477 3250 3486 -—
3263 3447 3320 3500 Γ.
3341 3445 3524 3500 Ταῦτα
3540 3445 3595 3498 δὲ
3614 3447 3725 3517 (89)

2145 3537 2520 3608 διεξελθούσης
2553 3538 2651 3606 τῆς
2678 3535 3019 3600 διδασκάλου,
3052 3534 3246 3605 μικρὸν
3277 3535 3536 3606 ἐπισχὼν,
3560 3537 3728 3591 Οὔπω

2147 3629 2347 3693 ἱκανῶς
2378 3629 2505 3701 ἔχω,
2531 3629 2694 3699 φημὶ,
2721 3626 2812 3680 τοῦ
2844 3625 3210 3698 ζητουτμένοω
3240 3625 3353 3681 ἀλλ’
3380 3626 3460 3681 ἔτι
3497 3644 3587 3698 μοι
3613 3628 3729 3690 τοῖς

2145 3719 2455 3792 εἰρημένοις
2485 3719 2817 3783 ὲπιδιστάζει
2839 3734 2956 3781 πως
2983 3719 3015 3788 ἠ
3040 3718 3264 3782 διάνοια,
3295 3720 3391 3771 καὶ
3418 3718 3609 3789 δέομαι
3632 3719 3730 3774 πάρ

2146 3811 2230 3865 λιν
2264 3810 2636 3881 ἐπαναχθῆναι
2675 3828 2763 3880 μοι
2795 3809 2935 3881 πρὸς
2960 3808 3057 3879 τὴν
3087 3809 3254 3878 αὐτὴν
3282 3809 3610 3863 ἀκολουθίαν
3630 3809 3726 3864 τὸν

2144 3901 2323 3971 λόγον,
2369 3901 2483 3955 τῶν
2510 3903 2610 3973 μὲν
2636 3902 2736 3974 ἤδη
2783 3900 3261 3972 συμϐιϐασθέντων
3305 3902 3435 3972 ἡμῖν
3484 3899 3731 3955 ἀπαλλα-

2145 3994 2330 4064 γέντα.
2378 3994 2615 4065 Μέτριον
2645 3994 2759 4064 (90)
2808 3995 2916 4066 γὰρ
2944 3990 3099 4065 οἶμαι
3139 3995 3227 4048 διὰ
3272 3993 3380 4047 τῶν
3423 3993 3729 4066 εἰρημένων

2144 4088 2271 4150 τοὺς
2302 4087 2376 4158 μὴ
2407 4085 2528 4140 λίαν
2556 4085 2864 4149 ἀντιτύπως
2881 4085 3103 4156 ἔχοντας
3134 4084 3523 4157 ὲναχθήσεσθαι
3555 4083 3629 4155 μὴ
3647 4084 3730 4147 εἰς

2145 4177 2428 4249 ἀναίρεσιν
2474 4177 2569 4231 καὶ
2597 4176 2940 4248 ἀνυπαρξίαν
2984 4176 3084 4247 τὴν
3110 4174 3289 4246 ψυχὴν
3320 4174 3457 4245 μετὰ
3486 4174 3589 4247 τὴν
3608 4174 3728 4227 δ’ιὰ-

2143 4265 2296 4319 λυσιν
2320 4266 2429 4319 τῶν
2478 4264 2749 4335 σωμάτων
2777 4266 2953 4333 ἄγειν,
2998 4264 3132 4336 μηδὲ
3166 4262 3591 4328 κατασκευάζειν
3623 4280 3731 4333 μη·-

2144 4354 2319 4427 δαμοῦ
2351 4355 2612 4410 δύνασθαι
2658 4355 2833 4428 αὐτὴν
2875 4356 2935 4408 ἐν
2977 4357 3091 4419 τοῖς
3141 4351 3292 4408 οὖσιν
3346 4349 3485 4408 εἰναι
3537 4354 3624 4409 διὰ
3665 4355 3729 4408 τὸ

459 4448 688 4509 tionem,
720 4464 846 4513 neu,
890 4447 1035 4517 quod
1067 4448 1136 4502 ab
1181 4446 1577 4502 elementorum
1603 4458 1798 4504 natura
1826 4449 2043 4507 diversa

2147 4446 2460 4520 ὲτεροειδῶς
2506 4446 2619 4520 (9t)
2655 4446 2797 4518 ἔχειν
2847 4446 2987 4518 πρὸς
3030 4445 3131 4517 τὴν
3157 4444 3266 4499 τῶν
3314 4445 3590 4517 στοιχείων
3634 4446 3726 4499 ού-

456 4546 567 4601 cst,
599 4539 803 4594 idcirco
842 4537 1133 4603 aﬂirment,
1193 4553 1314 4593 eam
1338 4554 1608 4609 nusquam
1647 4540 1702 4594 in
1731 4541 1895 4598 rebus
1922 4543 2041 4598 uni-

460 4634 636 4688 versis
665 4647 789 4687 esse
823 4645 1006 4702 posse.
1032 4628 1183 4684 Licet
1214 4630 1360 4685 enim
1415 4646 1540 4684 cum
1590 4631 1877 4688 elementis
1930 4650 2041 4690 non

459 4733 731 4794 ttongrnat
762 4732 926 4792 atque
951 4724 1247 4778 conveniat
1288 4722 1657 4793 intelligentia:
1690 4726 1966 4798 particeps
1987 4735 2043 4783 et

459 4820 705 4873 materia:
764 4831 965 4887 espers
1027 4824 1250 4882 natura,
1303 4829 1424 4870 esse
1472 4820 1655 4869 tamen
1709 4814 1764 4870 in
1814 4815 1897 4871 eis
1930 4831 2042 4871 non

461 4908 785 4979 prohibetur
817 4926 832 4962 :
861 4906 1067 4977 quippe
1087 4905 1297 4976 duplici
1329 4904 1543 4959 ratione
1572 4904 1735 4961 nobis
1768 4904 1884 4960 lucc
1921 4906 2045 4981 opi-

460 5000 555 5057 nio
578 4997 959 5062 conﬁrmatur,
986 5007 1102 5051 tum
1127 5011 1192 5050 ex
1228 5008 1294 5051 eo
1341 4992 1487 5064 quod
1519 5009 1667 5048 nunc
1694 4993 1751 5048 in
1778 4994 1882 5049 hac
1908 4995 2039 5059 vita,

528 5173 641 5243 (76)
672 5176 1096 5244 Συμπεπλεγμ.
1138 5172 1179 5225 Α
1212 5168 1780 5244 Βᾉσυμπεπλεγμένη,
1808 5172 1897 5243 ἦν.

531 5241 643 5311 (77)
674 5241 1081 5314 Σαρκικῶνᾙᾼ
1114 5241 1351 5314 σαρκῶν.

673 5309 1217 5385 Διιὶθςεινιςρυμμέγον’ἒ
1242 5314 1285 5385 _A
1324 5312 1360 5365 Β
1392 5309 1831 5384 διακεκριμένον.

560 5384 648 5437 ’⁷91
686 5385 753 5438 Ἠ
782 5381 859 5449 δή
881 5381 1016 5446 inici.
1059 5382 1100 5435 Β
1127 5383 1176 5434 εἰ
1198 5382 1255 5434 δέ
1282 5399 1384 5445 τις.

554 5452 647 5517 80)
676 5450 922 5520 Λογικῇ.
966 5452 1005 5505 Β
1032 5451 1294 5518 λογικοῖς.

530 5521 644 5593 (81)
680 5521 976 5576 Τοιοῦτον.
1014 5521 1055 5574 Β
1086 5521 1213 5574 ἄλλο
1246 5538 1296 5593 τι
1317 5521 1516 5575 τοιοῦτ.

533 5591 650 5660 (ΒΞ)
686 5593 1106 5660 Πεπι¹στευται.
1139 5593 1184 5643 Α
1215 5591 1521 5646 πέπεισται.

532 5663 646 5747 te?!
685 5659 958 5747 ῑῆςτῷνε
999 5662 1041 5713 Α
1065 5660 1357 5747 άυιςιπῑῆς-

533 5732 651 5803 (84)
690 5730 1102 5801 ’Υπολήψεωςκ
1144 5732 1187 5784 Α
1217 5730 1443 5802 λήξεως.

2150 4539 2290 4593 σίαν.
2330 4539 2447 4593 Κᾶν
2494 4540 2571 4611 μὴ
2604 4539 2875 4611 συμϐαίνῃ
2919 4537 3028 4611 γὰρ
3060 4537 3326 4608 τούτοιςή
3357 4539 3522 4611 νοερά
3543 4555 3603 4591 τε
3632 4539 3728 4592 καί⁵

2147 4629 2315 4694 ᾶῦλος
2355 4628 2537 4698 φύσις,
2584 4628 2647 4682 τδ
2673 4626 2812 4682 εἰναι
2844 4629 3029 4693 αὐτοῖς
3058 4627 3168 4700 (92)
3217 4629 3281 4681 ού
3325 4628 3612 4691 κωλύεται,
3644 4628 3725 4682 δι-

2148 4719 2303 4792 χόθεν
2334 4721 2467 4792 ἡμῖν
2494 4719 2593 4789 τῆς
2621 4719 2941 4790 ὑπολήψεως
2970 4718 3175 4788 ταύτης
3207 4717 3602 4789 βεϐαιουμένης
3619 4759 3634 4784 ,
3662 4717 3728 4772 ἐκ

2147 4826 2209 4863 τε
2248 4810 2342 4863 τοῦ
2386 4809 2484 4865 νῦν
2529 4811 2591 4863 ἓν
2610 4812 2678 4881 τῇ
2708 4808 2820 4882 ζωῇ
2852 4810 3031 4882 ταύτῃ
3056 4810 3157 4880 τὴν
3183 4808 3362 4880 ψυχὴν
3393 4810 3451 4862 ὲν
3481 4812 3593 4872 τοῖς
3618 4808 3728 4861 σώ-

2151 4919 2316 4974 μασιν
2347 4900 2507 4966 εἶναι,
2540 4901 2668 4956 ἄλλο
2702 4918 2756 4955 τι
2781 4900 2933 4972 παρὰ
2957 4902 3019 4955 τὸ
3053 4900 3217 4972 σῶμα
3242 4900 3389 4955 κατὰ.
3411 4900 3511 4972 τὴν
3539 4901 3728 4955 οὐσίαν

2148 4994 2519 5065 ὑπάρχουσαν,
2566 4993 2657 5047 καί.
2683 4995 2749 5046 ὲκ
2790 4990 2886 5046 τοῦ
2919 4992 3024 5065 τὴν
3065 4992 3217 5047 θείαν
3261 4992 3421 5061 φύσιν
3449 4989 3727 5055 ἀποδεῖξαι

2219 5170 2333 5242 (85)
2370 5170 2469 5242 Ἐν
2495 5168 2670 5242 αὐτῇ.
2714 5170 2754 5223 Β
2779 5171 2837 5242 έν
2865 5172 3054 5242 ἑαυτῇ.
3078 5172 3132 5242 β
3169 5173 3223 5225 in
3258 5174 3505 5242 margine
3532 5170 3726 5241 ὲαιτῇ.

2218 5240 2331 5308 (86)
2377 5241 2474 5293 Ἑν
2509 5241 2737 5304 ἐκείνῳ.
2788 5241 2876 5293 Ἐν
2910 5239 3053 5295 delet
3077 5239 3135 5294 Β.

2218 5309 2332 5382 (87)
2370 5308 2741 5382 Ὀμοφώνῳφ
2770 5311 2812 5382 ᾼ
2843 5312 2898 5365 in
2933 5313 3177 5382 margine
3205 5311 3513 5382 ὁμόφωνος.

2371 5377 2619 5434 Τούτων.
2653 5380 2692 5432 Β
2710 5380 2912 5433 τούτων
2947 5377 3058 5435 οὖν.

2221 5449 2332 5518 (89)
2368 5448 2558 5503 Ταῦτα
2589 5448 2676 5503 δέ.
2708 5450 2776 5502 Δέ
2815 5450 2996 5503 delent
3020 5454 3057 5502 A
3091 5449 3147 5504 Β.

2221 5518 2334 5591 (90)
2364 5518 2657 5591 Métptor._
2678 5518 2721 5591 ᾼ
2755 5519 2797 5572 Β
2833 5521 3087 5591 μετρίως.

2222 5590 2335 5662 (9i)
2379 5588 2767 5662 ’ἕτεροι-ιδὼς.
2876 5588 3272 5662 Βέέτεροφυῶς.

2222 5655 2335 5731 (9‘2)
2362 5655 2532 5715 Εἶναι
2560 5660 2784 5726 αὐτοῖς.
2818 5659 2864 5714 Α
2890 5655 3124 5713 εἶναιέν’
3147 5662 3351 5725 αὐτοῖς.
