4046 6350
283 300 351 353 7⁸5
1371 300 1455 356 DE
1494 300 1707 357 ANIMA
1738 298 1825 356 ET
1856 298 2459 364 RESURRECTIONE.
3488 312 3556 371 π

284 416 384 468 τὸν
416 413 479 468 λό
492 432 606 483 γον,
627 414 752 470 ἄλλο
776 432 828 469 τι
858 415 1205 470 παντάπασιν
1231 411 1396 472 οὖσαν
1445 419 1544 489 τῆς
1566 420 1882 491 αἰσθητικῆς

1992 433 2115 473 cum
2143 428 2335 473 natura
2370 417 2517 474 aliud
2547 419 2802 491 quiddam
2834 422 3014 476 anima
3041 430 3203 493 atque.
3233 438 3434 495 corpus
3461 428 3553 494 sit,

288 524 351 559 τε
386 507 484 560 καὶ
519 507 708 577 ὑλικῆς
751 507 940 571 οὐσίας
973 525 987 539 ’
1036 509 1184 579 ὅμως
1212 509 1268 562 δὲ
1310 511 1540 565 ἑκάστου
1572 512 1680 564 τῶν
1712 512 1881 565 ὄντων

1985 513 2038 567 in
2063 512 2391 582 corporibus
2417 520 2597 568 tamen
2622 523 2739 581 est;
2773 521 2888 569 tum
2906 532 2970 571 es
3002 530 3068 571 eo
3097 516 3240 585 quod
3258 518 3436 572 oratio
3459 519 3549 573 de-

278 599 518 668 διήκειν,
560 600 653 653 καὶ
685 602 752 669 τῇ
789 599 925 671 πρὸς
963 598 1022 652 τὸ
1056 602 1164 654 πᾶν
1209 602 1509 672 ἀνακράσει
1544 604 1791 672 συνέχειν
1820 604 1879 657 ἐν

1985 607 2343 671 monstravit,
2388 603 2628 659 divinam
2666 615 2943 670 naturam,
3005 608 3132 662 licet
3180 611 3406 664 omnino
3453 613 3559 665 alia

280 690 360 759 τῷ
386 688 529 744 εἶναι
572 692 642 744 τὰ
671 692 820 755 ὄντα,
850 692 925 754 ὡς
953 692 1040 745 διὰ
1072 693 1278 747 τούτων
1322 695 1460 748 κατὰ
1492 695 1554 749 τὸ
1587 694 1877 749 ἀκόλουθον

1985 696 2055 750 sit
2081 705 2246 767 atque
2275 710 2338 750 ea
2363 712 2484 767 quae
2526 712 2727 753 sensus
2774 699 3122 769 materiaeque
3152 702 3425 773 particeps
3450 713 3558 764 est.

284 783 421 854 μηδὲ
465 785 570 852 τὴν
618 783 797 854 ψυχὴν
839 783 943 848 ἔξω
1003 784 1111 836 τῶν
1152 786 1321 839 ὄντων
1370 786 1576 841 οἴεσθαι
1624 787 1732 840 ἀπὸ
1776 787 1875 858 τῆς

1985 782 2163 841 tamen
2198 804 2292 858 per
2322 789 2751 859 unumquodque
2777 804 2965 844 eorum
2992 806 3113 861 quae
3136 799 3263 844 sunt
3294 782 3347 845 in
3375 806 3556 846 rerum

280 871 339 922 ἐν
375 870 490 940 (93)
537 871 672 925 εῖδει
704 871 1085 944 θεωρουμένης
1115 872 1260 945 ζωῆς
1290 878 1369 939 εἰς
1408 875 1469 929 τὸ
1496 876 1672 938 ἀειδὲς
1708 893 1875 947 μετα-

1985 887 2199 941 natnra,
2241 880 2414 946 fundi,
2455 896 2737 952 permeare
2770 890 2933 950 atque
2990 897 3334 952 permanare,
3383 895 3560 951 eaque

284 965 514 1019 στᾶσαν.
1982 970 2034 1024 vi
2086 985 2192 1040 qua
2232 986 2358 1025 cum
2400 972 2759 1027 universitate
2779 979 3184 1041 contemperata
3219 979 3381 1041 atque
3409 985 3559 1026 omn.—

288 1057 453 1111 mista
477 1065 588 1122 est,
616 1058 671 1112 in
703 1058 943 1115 essentia
968 1059 1249 1114 continere
1296 1074 1358 1113 ea
1387 1074 1509 1129 quae
1547 1068 1675 1115 sunt
1736 1060 1787 1114 in
1811 1075 1992 1115 rerum
2044 1072 2258 1128 natura,
2305 1071 2366 1117 ut
2429 1078 2524 1132 per
2560 1064 2694 1127 haec,
2757 1072 2921 1133 prout
2986 1063 3374 1134 consequentia
3438 1077 3559 1117 scr-

283 1150 467 1205 monis
543 1152 829 1219 ostendit,
877 1152 1298 1207 existimandum
1352 1152 1459 1215 sit,
1513 1168 1581 1208 ne
1636 1152 1871 1206 animam
1909 1152 2127 1223 quidem
2166 1162 2318 1209 extra
2371 1171 2459 1212 res
2509 1157 2793 1213 universas
2821 1175 2965 1222 esse,
3009 1172 3132 1213 cum
3199 1172 3266 1211 ex
3303 1170 3367 1212 ea
3423 1158 3556 1211 vita.

282 1260 406 1317 quae
439 1245 495 1299 in
532 1244 712 1300 iorma
772 1262 835 1301 ac
864 1248 1047 1317 specie
1077 1248 1557 1313 animadvertitur,
1606 1247 1672 1301 ad
1727 1262 1870 1312 eam,
1914 1264 2035 1315 qua:
2098 1251 2342 1320 conspici
2368 1267 2476 1305 non
2513 1262 2694 1321 potest
2732 1253 3220 1322 transmigraverit.

365 1338 531 1391 Ἀλλὰ
575 1338 729 1403 πῶς,
778 1335 949 1404 εἶπον,
994 1341 1093 1410 τῆς
1147 1341 1254 1395 τῶν
1303 1341 1581 1411 στοιχείων
1628 1339 1874 1403 ὲνὼσεως

281 1430 473 1501 ἕτερόν
522 1448 577 1483 τι
618 1430 709 1484 διὰ
748 1431 848 1502 τῆς
896 1432 1030 1503 πρὸς
1080 1431 1284 1502 ἄλληλα
1333 1434 1532 1503 μίξεως
1574 1429 1711 1500 εἶδος
1759 1433 1870 1503 (94)

282 1521 667 1575 ἀναλαϐόντων
697 1522 832 1593 (95),
866 1522 1002 1594 πρὸς
1049 1523 1085 1578 ἆ
1129 1524 1238 1595 (96)
1282 1526 1381 1594 τῆς
1424 1524 1601 1595 ψυχῆς
1648 1524 1871 1595 γέγονεν

284 1614 318 1685 ή
345 1613 627 1676 οἰκείωσις
659 1613 795 1684 (97),
840 1615 1058 1670 ἐπειδὰν
1087 1618 1151 1686 τῇ
1187 1616 1424 1687 διαλύσει
1458 1616 1565 1671 τῶν
1596 1616 1872 1689 στοιχείων

285 1705 425 1761 κατὰ
453 1704 517 1760 τὸ
561 1705 710 1769 εἰκὸς
743 1707 1111 1778 συναφανισθῇ
1150 1708 1243 1761 καὶ
1290 1707 1351 1760 τὸ
1395 1704 1568 1772 εἶδοςς
1620 1706 1739 1760 Τίνι
1775 1726 1872 1780 σηρ

292 1797 430 1869 μείῳ
453 1796 924 1867 κατακολουθήσει
948 1799 981 1868 ὴ
1005 1797 1152 1869 ψυχὴ
1175 1798 1310 1869 μετὰ
1336 1798 1430 1852 τοῦ
1455 1798 1567 1867 (98)
1597 1798 1875 1868 ἐγνωσμέ-

286 1904 377 1939 νου
402 1882 479 1954 μὴ
504 1883 942 1954 παραμείναντος
957 1902 970 1950 ;
988 1916 1057 1924 —
1072 1887 1148 1940 Μ.
1185 1886 1316 1939 Ἡδὲ
1338 1887 1530 1958 μικρὸν
1553 1889 1875 1959 ἐπισχοῦσα,

287 1977 534 2032 Δεδὸσθω
568 1993 683 2045 μοι,
722 1976 888 2048 φησὶ,
922 1975 1039 2029 κατ’
1084 1974 1329 2039 ἐξουσίαν
1361 1978 1468 2041 (99)
1519 1977 1719 2031 πλάσαι
1756 1976 1877 2031 τινὰ

287 2064 443 2135 λόγον
495 2068 555 2119 ἐν
609 2068 1004 2138 ὑποδείγματι,
1057 2069 1193 2140 πρὸς
1238 2067 1337 2136 τὴν
1384 2066 1477 2120 τοῦ
1516 2068 1875 2138 προκειμένου

290 2159 618 2228 σαφήνειαν,
652 2159 751 2213 κᾶν
780 2158 883 2223 ἔξω
928 2158 1023 2211 τοῦ
1060 2156 1286 2211 δυνατοῦ
1311 2158 1439 2227 δοκῇ
1480 2157 1539 2209 τὸ
1565 2157 1873 2226 λεγόμενον.

286 2247 540 2300 Δεδόσθω
572 2248 680 2319 γὰρ
706 2249 930 2303 δυνατὸν
976 2245 1115 2301 εἶναι
1147 2252 1213 2323 τῇ
1246 2249 1338 2302 τοῦ
1370 2248 1661 2321 ζωγράερου
1690 2248 1874 2319 τέχνῃ,

291 2339 367 2409 μὴ
404 2340 573 2409 μόνον
609 2341 854 2409 μιγνύειν
896 2340 955 2404 ἐξ
997 2341 1238 2411 ἐναντίου
1268 2342 1335 2393 τὶ
1368 2341 1652 2410 χρώματα,
1699 2339 1877 2404 καθὼς

290 2429 407 2493 ἔθος
453 2434 633 2483 ποιεῖν
663 2432 845 2494 αὐτοῖς
887 2432 1022 2503 πρὸς
1050 2431 1147 2502 τὴν
1180 2432 1277 2501 τῆς
1315 2431 1526 2502 μορφῆς
1564 2432 1876 2502 ὁμοιότητα,

291 2522 576 2577 ﬁnitima).
618 2523 915 2594 διακρίνειν
961 2523 1029 2577 τὰ
1074 2525 1425 2595 μεμιγμένα,
1476 2524 1569 2576 καὶ
1604 2524 1704 2593 τὴν
1739 2525 1879 2578 κατὰ

291 2613 452 2683 φύσιν
482 2615 649 2667 πάλιν
682 2614 896 2686 ἑκάστῳ
929 2615 1037 2668 τῶν
1075 2616 1380 2685 χρωμάτων
1427 2614 1732 2673 ἀποδιδόναι
1780 2616 1879 2686 βα-

294 2707 418 2773 φήν.
452 2706 670 2759 Οὐκοῦν
702 2706 762 2759 τὸ
791 2706 1000 2769 λευκὸν,
1034 2708 1127 2765 καὶ
1160 2706 1219 2760 τὸ
1250 2706 1439 2777 μέλαν,
1475 2706 1508 2777 ἢ
1542 2707 1602 2759 τὸ
1627 2706 1875 2778 ἐρυθρὸν,

294 2800 386 2851 καὶ
425 2799 487 2851 τὸ
543 2801 870 2871 χρυσοειδὲς,
920 2801 953 2871 ἢ
1004 2803 1056 2855 ετ
1104 2819 1186 2865 τις
1234 2801 1368 2870 ἄλλη
1418 2800 1560 2873 βαφὴ
1605 2801 1740 2873 πρὸς
1782 2801 1881 2870 τὴν

294 2891 593 2960 ὁμοιότητα
618 2890 709 2944 τοῦ
736 2894 1093 2963 προκειμένου
1129 2893 1477 2963 συγκρίνεται
1511 2894 1609 2963 (l),
1640 2896 1688 2945 εί
1721 2892 1883 2946 πάλιν

295 2980 625 3052 ἀποκριθείη
671 2982 767 3051 τῆς
814 2982 948 3053 πρὸς
998 2983 1185 3052 ἕτερον
1230 2981 1306 3051 (Ξ)
1357 2982 1587 3052 μίξεως.

298 3072 481 3143 ἐτέρου
518 3073 597 3143 (5)
636 3073 863 3141 γένοιτο,
895 3073 1047 3127 οὐδὲν
1072 3070 1235 3146 ἦττον
1261 3073 1623 3143 γινώσκεσθαι
1655 3074 1759 3126 ὑπὸ
1785 3073 1879 3126 τοῦ

298 3166 547 3235 τεχνίτου
582 3166 758 3236 φαμὲν
798 3166 929 3219 αὐτὸ
970 3165 1031 3218 τὸ
1059 3162 1197 3229 εἶδος
1222 3166 1314 3219 τοῦ
1344 3165 1648 3239 χρώματος,
1684 3167 1778 3219 καὶ
1809 3164 1882 3237 μὴ

305 3258 429 3326 μίαν
456 3260 539 3329 (4)
574 3258 882 3327 ἐγγίνεσθαι
927 3258 1096 3330 λήθην
1139 3258 1307 3332 αὐτῷ,
1344 3260 1481 3330 μήτε
1518 3258 1612 3311 τοῦ
1650 3257 1882 3329 ἐρυθροῦ

304 3350 437 3419 μήτε
477 3350 577 3403 τοῦ
632 3349 895 3419 μέλανος,
939 3352 987 3403 εἰ
1020 3350 1095 3420 (5)
1146 3351 1451 3423 ἐτερόχρωα
1478 3350 1555 3421 (6)
1598 3351 1735 3405 κατὰ
1786 3349 1883 3421 τὴν

303 3439 392 3492 τοῦ
428 3441 507 3511 (7)
556 3442 691 3511 πρὸς
723 3441 927 3510 ἄλληλα
975 3442 1121 3513 μίξιν
1162 3442 1418 3511 γινόμενα
1454 3442 1551 3510 (8),
1600 3441 1760 3495 πάλιν
1804 3443 1883 3506 εἰς

304 3531 399 3602 τὴν
421 3532 564 3587 κατὰ
590 3535 750 3599 φύσιν
770 3534 1037 3605 ἐπανέλθῃ
1061 3534 1137 3602 (9)
1161 3533 1339 3605 βαφήν
1358 3551 1372 3564 υ
1400 3534 1747 3605 μεμνημένου
1773 3534 1884 3606 (10)

306 3622 362 3676 δέ
387 3624 477 3679 τοῦ
516 3626 714 3696 τρόπου
756 3628 856 3696 τῆς
888 3625 1022 3697 πρὸς
1050 3626 1256 3697 ἄλληλα
1282 3627 1390 3679 τῶν
1418 3628 1723 3698 χρωμάτων
1755 3644 1885 3696 συγ-

310 3715 557 3784 κράσεως
580 3730 593 3745 ·
643 3714 843 3768 εἰδέναι
883 3718 1033 3768 ποῖον
1076 3715 1133 3769 ἐν
1188 3732 1291 3768 τινι
1324 3715 1436 3784 (11)
1464 3715 1745 3785 γινόμενον
1772 3716 1885 3785 (12)

309 3798 417 3858 οἷον
443 3807 820 3876 ἀπειργάσατο
847 3807 1065 3879 χρῶμα,
1094 3807 1188 3861 καὶ
1220 3808 1367 3869 ὅπως
1399 3805 1751 3875 ἐκϐληθέντος
1771 3806 1885 3875 (15)

313 3896 375 3949 ἐκ
403 3897 498 3950 τοῦ
543 3898 877 3968 ἀπολυθῆναι
907 3898 999 3953 τοῦ
1044 3899 1231 3969 ἑτέρου
1278 3898 1439 3952 πάλιν
1475 3899 1553 3960 είς
1594 3897 1657 3949 τὸ
1690 3900 1887 3954 οἰκεῖον

310 3988 682 4059 ἐπανέδραμεν
706 3990 882 4055 ἄνθος,
914 3991 1009 4043 καὶ
1042 3992 1090 4043 εί
1122 3991 1283 4043 πάλιν
1312 3990 1418 4042 δέοι
1446 3988 1533 4043 διὰ
1561 3990 1659 4059 τῆς
1687 3990 1886 4059 μίξεως

313 4077 371 4131 τὸ
399 4076 517 4132 ἴσον
542 4080 899 4149 ἐργάσασθαι,
944 4082 1259 4150 ἀπονωτέρα
1301 4080 1451 4137 ἔσται
1479 4080 1626 4150 αὐτῷ
1655 4082 1686 4151 ἡ
1722 4099 1889 4134 κατα-

313 4172 481 4241 σκευὴ
522 4173 582 4225 ἐν
632 4175 697 4243 τῇ
750 4173 1093 4246 προλαϐούσῃ
1136 4174 1467 4245 δημιουργίᾳ.
1512 4172 1883 4243 μελετηθείσα.

399 4261 451 4315 δέ
482 4280 534 4315 τι
563 4263 677 4331 (14)
711 4264 998 4318 ἀκόλουθον
1030 4267 1088 4319 ἐν
1117 4264 1195 4336 τῷ
1223 4265 1598 4336 ὑποδείγματι,
1641 4268 1827 4337 φησιν,
1859 4270 1887 4322 ὁ
1920 4303 1962 4357 D

317 4348 467 4419 λόγος
492 4352 627 4423 ἔχει,
654 4353 965 4418 ἐξεταστέον
993 4355 1092 4425 ήδη
1119 4357 1248 4425 ήμῑν
1274 4356 1402 4408 αὐτὸ
1427 4356 1488 4408 τὸ
1508 4356 1883 4427 προκείμενον.

332 4443 471 4497 Ἀντὶ
496 4444 605 4515 γὰρ
638 4445 737 4514 τῆς
762 4445 1037 4516 γραφικῆς
1068 4446 1260 4515 τέχνης
1284 4447 1394 4517 (15)
1425 4448 1584 4519 ἡτῶν
1612 4448 1887 4517 στοιχείων

320 4533 541 4586 νοείσθω
576 4535 739 4603 φύσις
788 4536 920 4598 (16),
960 4538 993 4605 ἡ
1041 4536 1097 4587 δέ
1150 4536 1293 4605 μίξις
1339 4540 1436 4604 τῆς
1486 4537 1731 4607 ποικίλης
1780 4537 1887 4590 τῶν

324 4622 775 4696 ἐτεροχροούντων
825 4624 1020 4696 βαςεῆς,
1074 4627 1169 4678 καὶ
1217 4626 1377 4680 πάλιν
1421 4628 1454 4691 ἡ
1504 4627 1715 4683 δοθεῖσα
1755 4629 1887 4697 ἡμῖν

325 4714 437 4766 καθ’
484 4714 734 4768 ὑπόθεσιν
784 4717 862 4779 εἰς
901 4716 970 4771 τὰ
1007 4717 1180 4773 οἰκεῖα
1230 4716 1432 4771 τούτων
1480 4718 1755 4781 ἐπάνοδος,
1790 4718 1887 4787 τὴν

328 4806 624 4878 σδνδρομήν
670 4825 729 4862 τε
762 4809 852 4860 καὶ
884 4808 1162 4864 διάστασιν
1188 4809 1297 4862 τῶν
1328 4808 1604 4879 στοιχείων
1646 4809 1889 4880 ὑπογρα-

395 4963 505 5029 (93)
544 4962 658 5031 Τῆς
688 4964 777 5017 ἐν.
825 4962 866 5017 Β
897 4964 1003 5016 τῶν
1041 4966 1116 5017 ἐν.

396 5035 508 5103 (94)
534 5034 709 5099 Εἶδος
737 5034 880 5087 delet
904 5033 965 5088 Β.

551 5105 1011 5175 Ἆγζιλαόόνζων.
1043 5102 1081 5155 Β
1105 5102 1608 5175 ἀναλαμϐανόντων.

397 5173 512 5244 (illi)
551 5173 705 5240 Πρὸς
816 5175 856 5227 Α
886 5173 924 5244 Β
949 5175 1083 5244 πρὶς
1106 5176 1152 5228 ὃ.

422 5242 510 5314 5)?)
544 5244 869 5314 Οὶκείωσις.
905 5242 945 5297 Β
982 5242 1259 5314 διοίκησις.

423 5312 510 5384 98)
541 5313 701 5366 Μετὰ
732 5314 861 5370 τοῦ.
897 5314 935 5366 Β
976 5318 1110 5384 μετὰ
1141 5312 1296 5367 τοῦτο
1323 5313 1436 5369 τοῦ.

422 5383 509 5449 99)
542 5384 677 5436 Κατ’
702 5384 1009 5447 ἐξουσίαν.
1050 5384 1090 5436 Α
1124 5385 1492 5451 κατεξουσίαν.

430 5453 481 5583 Ι)
508 5455 912 5522 Συγκρίνεται.
942 5459 984 5505 Α
1014 5452 1053 5505 Β
1083 5457 1456 5525 συγκιρνᾶται.

430 5524 459 5576 Ξ
518 5523 672 5583 Πρὸς
699 5522 923 5583 ἓτερον.
957 5524 997 5576 Α
1033 5523 1071 5575 Β
1108 5526 1242 5583 πρὸς
1276 5526 1337 5577 τὸ
1365 5526 1449 5577 ’ἐτε

517 5522 1005 5598 ρρρςμὲζερονηᾼ
1108 5522 1337 5598 πρὸςξτὸ
1365 5526 1567 5598 ἓτερον.

668 5593 964 5678 έζτέρος..ᾼ
992 5595 1090 5678 ἐφὶ
1108 5592 1318 5678 ἐαγτοῦ.

436 5664 479 5735 i)
507 5662 602 5728 Μὴ
629 5664 793 5735 μίαν.
831 5662 876 5715 Α
910 5662 949 5716 Β
985 5665 1274 5735 μηδεμίαν.

426 5732 482 5802 5)
523 5736 587 5786 Et
618 5731 759 5787 delet
788 5735 853 5786 A.

615 5825 883 5887 Parnm.
932 5826 1050 5887 Gtt.
1098 5826 1325 5890 XLVI.

2052 1339 2158 1396 Sed
2182 1358 2290 1412 quo
2314 1350 2491 1413 pacto.
2529 1344 2775 1413 inquam,
2809 1360 2931 1399 cum
2958 1345 3347 1398 clementer-nm
3381 1343 3559 1398 unitio

1982 1448 2082 1503 per
2130 1442 2374 1488 mutuam
2434 1435 2748 1490 mistioncm
2790 1436 2950 1489 aliam
2998 1436 3289 1504 quamdam
3323 1436 3557 1504 speciem

1990 1525 2371 1594 assumpserit,
2403 1541 2529 1580 cum
2568 1542 2675 1596 qua
2704 1527 2883 1579 anima
2917 1527 3207 1581 conciliata
3239 1535 3401 1595 atque
3427 1542 3559 1579 eon-

1990 1617 2195 1672 sociata
2230 1615 2353 1683 fuit,
2376 1625 2725 1687 posteaquam
2753 1633 2859 1670 una
2887 1632 3010 1671 cum
3034 1617 3423 1671 elementorum
3440 1616 3557 1669 dis-

1979 1708 2271 1771 solutione,
2308 1708 2518 1777 species
2550 1723 2800 1777 quoquc,
2838 1715 2896 1760 ut
2945 1718 3028 1761 est
3056 1707 3351 1761 verisimile
3390 1714 3555 1776 atque

1980 1805 2433 1863 consentaneum,
2463 1799 2662 1853 abolita
2686 1807 2847 1868 atque
2868 1798 3043 1853 deleta
3076 1797 3275 1853 fuerit?
3300 1800 3442 1867 quod
3478 1799 3553 1852 si-

1977 1904 2143 1959 gnum
2173 1889 2353 1942 anima
2390 1889 2617 1959 posthac
2650 1898 2928 1959 sequetur,
2971 1903 3097 1942 cum
3120 1888 3173 1942 id
3195 1890 3341 1957 quod
3365 1897 3550 1942 notum

1972 1978 2169 2039 fuerat,
2189 1992 2296 2029 non
2313 1978 2669 2044 pcrmanserit
2691 1978 2793 2029 2-
2814 1978 2881 2035 Μ.
2910 1982 3033 2034 llaec
3052 1996 3181 2033 vero
3198 1982 3418 2050 paulum
3442 1996 3554 2035 mo-

1969 2076 2125 2122 rata:
2150 2065 2339 2131 Detur,
2364 2065 2565 2134 inquit,
2596 2067 2727 2119 mihi
2756 2076 2814 2119 ut
2848 2066 2913 2120 ad
2940 2068 3232 2123 arbitrium
3273 2069 3555 2121 commini.

1972 2175 2097 2214 scar
2121 2174 2184 2213 ac
2220 2158 2414 2228 ﬁngam
2437 2158 2676 2228 aliquam
2703 2159 3084 2213 similitudinis
3117 2168 3280 2229 atque
3317 2162 3550 2230 cxmnpli

1972 2254 2143 2321 gratia
2163 2250 2429 2304 rationem
2450 2251 2515 2304 ad
2538 2251 2828 2320 proposita:
2851 2251 3171 2321 quazstioais
3191 2253 3553 2320 persliicuita.

1970 2349 2081 2398 tem
2110 2351 2274 2411 atque
2299 2340 2977 2404 declarationem,etiamsi
3001 2346 3145 2410 quod
3173 2344 3406 2398 dicetur.
3436 2342 3549 2396 ﬁeri

1987 2446 2099 2486 non
2129 2446 2290 2500 posse
2317 2429 2594 2483 videatur.
2621 2428 2787 2483 Detur
2812 2430 2958 2482 enim
2996 2427 3110 2481 ﬁeri
3137 2441 3297 2496 posse
3342 2441 3437 2493 per
3471 2440 3555 2476 ar-

1996 2531 2105 2575 tem
2160 2522 2437 2591 pingendi,
2468 2530 2528 2575 ut
2576 2537 2682 2575 non
2715 2521 2890 2575 solum
2917 2520 3127 2572 colores
3151 2533 3213 2571 ex
3246 2519 3556 2579 contrariis,

1996 2613 2142 2684 quod
2167 2615 2405 2684 pictores
2428 2613 2608 2668 facere
2627 2615 2806 2668 solent
2835 2612 2899 2666 ad
2928 2612 3341 2667 similitudinem
3376 2612 3560 2663 forma:

1996 2705 2357 2770 misceantur,
2386 2703 2742 2758 vcrtnnetiam
2789 2703 2939 2757 misti
2981 2710 3326 2771 separentur,
3348 2718 3412 2755 ac
3440 2717 3561 2754 rur-

1987 2809 2084 2849 sus
2141 2793 2437 2863 unicuique
2478 2794 2651 2849 colori
2685 2794 2953 2849 naturalis
2983 2796 3219 2848 tinctura
3283 2793 3561 2849 reddatur.

1989 2882 2045 2937 Si
2079 2884 2244 2955 igitur
2261 2885 2417 2940 albus
2446 2892 2499 2939 et
2534 2885 2710 2955 niger,
2747 2892 2840 2937 aut
2878 2885 3117 2939 ruberet
3179 2883 3358 2938 fulvus
3389 2884 3559 2949 color,

1650 2982 1744 3035 καὶ
1802 2970 1888 3050 ἐφ’
1917 2972 1959 3029 C
1992 2985 2085 3030 aut
2107 2978 2150 3032 si
2183 2974 2291 3047 qua
2324 2977 2429 3030 alia
2452 2977 2690 3029 tinctura
2725 2976 2789 3030 ad
2815 2976 3226 3032 similitudinem
3255 2975 3561 3043 argumenti

1985 3077 2363 3138 temperatus,
2438 3083 2633 3122 rursus
2704 3083 2734 3119 a
2802 3067 3185 3121 connuistione
3257 3081 3363 3135 qua
3437 3081 3562 3119 cum

1984 3162 2155 3215 altero
2222 3160 2408 3215 colore
2483 3167 2927 3229 contemperatus
2997 3165 3123 3222 est,
3188 3168 3431 3211 secretus
3501 3172 3562 3209 ac

1983 3266 2079 3321 per
2124 3265 2183 3305 se
2245 3250 2556 3319 singulatim
2609 3256 2896 3319 separatus
2948 3248 3149 3313 fuerit,
3206 3249 3563 3304 nihilominus

1985 3339 2159 3409 ipsam
2185 3339 2421 3409 speciem
2452 3339 2652 3393 coloris
2681 3340 2750 3393 ab
2781 3339 2991 3393 artitice
3018 3339 3247 3408 agnosci
3300 3339 3560 3399 dicimus,

1985 3430 2301 3500 nullamque
2331 3430 2381 3495 ei
2413 3429 2743 3485 oblivionem
2769 3430 3032 3499 obrepere
3062 3431 3141 3483 vel
3177 3428 3327 3483 rubri
3356 3429 3441 3482 vel
3478 3429 3562 3482 ni-

1986 3524 2090 3593 gri,
2126 3524 2171 3577 si
2202 3522 2406 3577 diversi
2441 3523 2657 3577 colores
2686 3522 2915 3575 invicem
2957 3521 3229 3575 commisti
3268 3536 3461 3577 rursus
3495 3520 3562 3573 ad

1986 3616 2292 3671 naturalem
2336 3614 2537 3670 redacti
2585 3615 2787 3668 luerint
2842 3615 3179 3671 tincturam:
3224 3614 3464 3685 itemque
3516 3615 3563 3667 si

1987 3710 2135 3764 modi
2188 3708 2431 3765 colorum
2481 3708 2547 3762 ad
2607 3709 2839 3761 invicem
2882 3705 3467 3776 contemperandornm
3509 3715 3563 3759 ct

1987 3799 2517 3855 connniscendorum
2563 3798 2911 3863 recordetur.
2939 3799 3077 3853 scire
3102 3840 3115 3862 ,
3142 3800 3265 3868 quis
3296 3798 3380 3852 cui
3412 3799 3563 3851 color

1988 3891 2282 3961 permistus
2304 3906 2463 3960 quem
2482 3891 2718 3945 colorem
2738 3891 2997 3955 olfecerit,
3016 3899 3067 3944 et
3081 3907 3189 3960 quo
3207 3902 3363 3961 pacto
3392 3891 3563 3943 altero

1986 3984 2136 4038 eluto
2161 3990 2325 4051 atque
2349 3991 2585 4040 secreto.
2614 3999 2809 4038 rursus
2848 3982 2914 4036 ad
2950 3984 3228 4052 proprium
3256 3982 3442 4038 liorem
3478 3999 3563 4037 re-

1989 4076 2186 4131 dactus
2217 4076 2290 4130 sit
2324 4093 2337 4130 :
2373 4090 2437 4128 ac
2470 4076 2515 4129 si
2544 4092 2733 4131 rursus
2765 4077 3120 4145 permistione
3153 4092 3289 4146 Opus
3314 4078 3387 4132 sit
3419 4077 3562 4131 idem

1988 4165 2221 4228 eﬂieere,
2249 4166 2459 4220 minore
2497 4180 2619 4219 eum
2653 4167 2871 4237 negotio
2894 4176 3054 4236 atque
3090 4168 3272 4222 labore
3311 4168 3565 4223 conﬁciet

1992 4259 2066 4325 id,
2100 4258 2243 4329 quod
2270 4259 2325 4312 in
2354 4259 2537 4329 priore
2561 4259 2958 4329 compositione
2991 4261 3286 4315 meditatus
3307 4276 3563 4315 exercnev

1992 4359 2095 4406 rat.
2132 4351 2187 4406 Si
2219 4351 2383 4421 igitur
2409 4351 2607 4419 aliquid
2645 4352 2695 4405 in
2729 4352 3085 4407 similitudine
3113 4362 3564 4416 co:isentanenm.

1994 4444 2191 4514 inquit,
2224 4443 2401 4497 oratio
2431 4443 2613 4506 habet,
2647 4443 2942 4499 scrutanda
2991 4452 3155 4513 atque
3187 4445 3564 4515 perpendenda

1990 4536 2101 4606 jam
2133 4535 2290 4589 nobis
2329 4534 2432 4588 erit
2470 4536 2742 4604 proposita
2799 4537 3054 4606 quaestio.
3094 4536 3228 4591 Nam
3271 4553 3368 4609 pro
3413 4548 3565 4607 parte

1981 4621 2274 4698 pingendi,
2315 4626 2495 4679 anima
2521 4629 2754 4682 orationi
2790 4631 3068 4700 proposita
3101 4631 3202 4696 sit;
3236 4642 3288 4684 et
3326 4632 3444 4684 loco
3472 4646 3565 4685 co-

1997 4720 2172 4773 lorum
2193 4719 2345 4781 artis,
2375 4718 2707 4789 intelligatur
2722 4721 3320 4777 elementorumnatura
3348 4742 3359 4775 :
3386 4724 3565 4777 mistiu

1998 4820 2178 4865 autem
2250 4811 2412 4865 variae
2462 4811 2802 4868 diversorum
2854 4816 3099 4869 colorum
3152 4816 3437 4879 tinctura},
3499 4828 3563 4868 ac

2184 4963 2656 5039 Ἐτερόζραξᾳᾏ⁸
2743 4966 3053 5039 ἑτερόχροα.

2064 5033 2140 5102 (7)
2187 5033 2303 5099 Τὴν
2329 5034 2452 5087 τοῦ.
2487 5034 2593 5087 ’1ὀῦ
2626 5036 2766 5088 delet
2797 5033 2859 5090 A'.

2066 5104 2142 5174 (8)
2178 5105 2493 5174 Γινόμενα.
2524 5105 2564 5157 Α
2594 5106 2877 5174 γενόμενα..

2063 5173 2139 5242 (9)
2186 5173 2543 5240 Ἐπανέλθῃ.
2573 5174 2612 5227 Β
2639 5173 2941 5230 ἐπανέλθοι.

2065 5242 2177 5316 (10)
2207 5244 2617 5316 Μεμυημένου.
2650 5243 2688 5296 Β
2714 5246 3084 5316 μεμυημένον,

2066 5263 2177 5312 μυ)
2207 5263 2617 5311 ιιιεμυημενου.
2650 5263 2688 5296 ι)
2708 5263 2795 5366 ίμει

2066 5315 2179 5375 (11)
2211 5315 2322 5368 Ἕν
2342 5329 2477 5368 τινι.
2525 5314 2562 5365 Β
2590 5316 2646 5366 ἐν
2669 5332 2697 5367 τ
2726 5332 2795 5368 νι.

2207 5383 2559 5456 ζἰνᾴμενον.
2592 5385 2631 5435 Α
2660 5384 2699 5436 Β
2724 5386 3030 5456 γενόμενον.

2218 5453 2738 5533 Ὲκξιρηθένςτοςιᾼ
2766 5455 2804 5508 Β
2834 5452 3194 5521 ἔκπλυθέντος
3223 5458 3317 5514 τοῦ
3353 5459 3563 5533 ἐτέρου.

2071 5524 2182 5594 (14)
2210 5521 2379 5594 Εί-ὀέ
2406 5539 2478 5575 τι.
2511 5524 2553 5594 ᾼ
2586 5527 2632 5576 εί
2659 5523 2721 5594 δή
2754 5544 2826 5579 τι.

2074 5592 2186 5672 (15)
2237 5592 2477 5672 Τέχῂης.
2594 5592 2772 5672 jungit
2799 5598 2954 5672 Ιιίὲοέ
2997 5598 3238 5672 Ἦλψυχὴ
3263 5599 3566 5672 προκείσθω

2001 5663 2268 5741 τῷΙλςξγῳὶ
2293 5663 2386 5741 καὶ
2416 5663 2535 5741 ἀντξι
2568 5663 2869 5741 χρωμάτων
2898 5668 2993 5741 τῆς
3018 5663 3231 5741 τέχλιτίςζ

2079 5733 2190 5804 (16)
2223 5734 2411 5804 Φύσις
2439 5734 2580 5789 delet
2606 5733 2676 5791 Ἀ.

3268 5836 3306 5898 3
