  <div class='ocr_page' id='page_1' title='image "/cluster/home/n/w/nwhite01/storage/ocr_20150623/46/nnc1.0046978380/047.png"; bbox 0 0 4046 6350; ppageno 0'>
   <div class='ocr_carea' id='block_1_1' title="bbox 422 280 3684 343">
    <p class='ocr_par' dir='ltr' id='par_1_1' title="bbox 422 280 3684 343">
     <span class='ocr_line' id='line_1_1' title="bbox 422 280 3684 343; baseline 0.001 -2"><span class='ocrx_word' id='word_1_1' title='bbox 422 282 498 341; x_wconf 78' lang='grc'><strong>’19</strong></span> <span class='ocrx_word' id='word_1_2' title='bbox 1654 280 1710 336; x_wconf 92' lang='lat' dir='ltr'><strong>S.</strong></span> <span class='ocrx_word' id='word_1_3' title='bbox 1761 280 2088 338; x_wconf 81' lang='lat' dir='ltr'><strong>GREGORII</strong></span> <span class='ocrx_word' id='word_1_4' title='bbox 2126 281 2425 338; x_wconf 81' lang='lat' dir='ltr'><strong>NYSSENI</strong></span> <span class='ocrx_word' id='word_1_5' title='bbox 3613 286 3684 343; x_wconf 67' lang='lat'><strong>80</strong></span> 
     </span>
    </p>
   </div>
   <div class='ocr_carea' id='block_1_2' title="bbox 425 399 1994 476">
    <p class='ocr_par' dir='ltr' id='par_1_2' title="bbox 425 399 1994 476">
     <span class='ocr_line' id='line_1_2' title="bbox 425 399 1994 476; baseline -0.004 -15"><span class='ocrx_word' id='word_1_6' title='bbox 425 419 570 476; x_wconf 89' lang='lat' dir='ltr'><strong>opus</strong></span> <span class='ocrx_word' id='word_1_7' title='bbox 621 403 849 459; x_wconf 86' lang='lat' dir='ltr'><strong>redacta</strong></span> <span class='ocrx_word' id='word_1_8' title='bbox 876 401 1082 457; x_wconf 78' lang='lat' dir='ltr'><strong>fuerint</strong></span> <span class='ocrx_word' id='word_1_9' title='bbox 1114 416 1179 456; x_wconf 80' lang='lat' dir='ltr'><strong>ex</strong></span> <span class='ocrx_word' id='word_1_10' title='bbox 1222 399 1343 456; x_wconf 90' lang='lat' dir='ltr'><strong>rudi</strong></span> <span class='ocrx_word' id='word_1_11' title='bbox 1384 407 1613 456; x_wconf 84' lang='lat' dir='ltr'><strong>materia</strong></span> <span class='ocrx_word' id='word_1_12' title='bbox 1653 399 1728 456; x_wconf 79' lang='lat' dir='ltr'><strong>iit.</strong></span> <span class='ocrx_word' id='word_1_13' title='bbox 1764 401 1843 456; x_wconf 90' lang='lat' dir='ltr'><strong>Ita</strong></span> <span class='ocrx_word' id='word_1_14' title='bbox 1876 409 1994 458; x_wconf 88' lang='lat' dir='ltr'><strong>tan-</strong></span> 
     </span>
    </p>
   </div>
   <div class='ocr_carea' id='block_1_3' title="bbox 2094 399 3683 476">
    <p class='ocr_par' dir='ltr' id='par_1_3' title="bbox 2107 402 3683 475">
     <span class='ocr_line' id='line_1_3' title="bbox 2107 402 3683 475; baseline 0.001 -19"><span class='ocrx_word' id='word_1_15' title='bbox 2107 421 2160 456; x_wconf 87' lang='grc' dir='ltr'><strong>τι</strong></span> <span class='ocrx_word' id='word_1_16' title='bbox 2193 402 2405 470; x_wconf 79' lang='grc' dir='ltr'>σκεῦος,</span> <span class='ocrx_word' id='word_1_17' title='bbox 2428 405 2460 458; x_wconf 82' lang='grc' dir='ltr'><strong>ό</strong></span> <span class='ocrx_word' id='word_1_18' title='bbox 2501 403 2624 457; x_wconf 84' lang='grc' dir='ltr'>καθ’</span> <span class='ocrx_word' id='word_1_19' title='bbox 2667 402 2895 458; x_wconf 73' lang='grc' dir='ltr'>ἕκαστόν</span> <span class='ocrx_word' id='word_1_20' title='bbox 2935 403 3085 457; x_wconf 86' lang='grc' dir='ltr'>ἐστιν</span> <span class='ocrx_word' id='word_1_21' title='bbox 3115 402 3424 475; x_wconf 74' lang='grc' dir='ltr'>ἄνθρωπος,</span> <span class='ocrx_word' id='word_1_22' title='bbox 3476 402 3542 456; x_wconf 79' lang='grc' dir='ltr'><strong>ἐκ</strong></span> <span class='ocrx_word' id='word_1_23' title='bbox 3579 403 3683 472; x_wconf 78' lang='grc' dir='ltr'><strong>τῆς</strong></span> 
     </span>
    </p>
   </div>
   <div class='ocr_carea' id='block_1_4' title="bbox 421 491 1998 567">
    <p class='ocr_par' dir='ltr' id='par_1_4' title="bbox 421 491 1998 567">
     <span class='ocr_line' id='line_1_4' title="bbox 421 491 1998 567; baseline -0.003 -17"><span class='ocrx_word' id='word_1_24' title='bbox 421 509 586 567; x_wconf 92' lang='lat' dir='ltr'><strong>quam</strong></span> <span class='ocrx_word' id='word_1_25' title='bbox 616 509 714 551; x_wconf 80' lang='lat' dir='ltr'><strong>vas</strong></span> <span class='ocrx_word' id='word_1_26' title='bbox 747 493 1023 564; x_wconf 84' lang='lat' dir='ltr'><strong>quoddam</strong></span> <span class='ocrx_word' id='word_1_27' title='bbox 1066 493 1233 547; x_wconf 90' lang='lat' dir='ltr'><strong>homo</strong></span> <span class='ocrx_word' id='word_1_28' title='bbox 1269 492 1503 562; x_wconf 89' lang='lat' dir='ltr'><strong>quisque</strong></span> <span class='ocrx_word' id='word_1_29' title='bbox 1547 491 1846 563; x_wconf 71' lang='lat' dir='ltr'><strong>singularis</strong></span> <span class='ocrx_word' id='word_1_30' title='bbox 1890 501 1998 558; x_wconf 89' lang='lat' dir='ltr'><strong>est,</strong></span> 
     </span>
    </p>
   </div>
   <div class='ocr_carea' id='block_1_5' title="bbox 419 583 2002 643">
    <p class='ocr_par' dir='ltr' id='par_1_5' title="bbox 419 583 2002 643">
     <span class='ocr_line' id='line_1_5' title="bbox 419 583 2002 643; baseline -0.003 0"><span class='ocrx_word' id='word_1_31' title='bbox 419 602 489 643; x_wconf 81' lang='lat' dir='ltr'><strong>cx</strong></span> <span class='ocrx_word' id='word_1_32' title='bbox 522 587 922 642; x_wconf 80' lang='lat' dir='ltr'><strong>elementorum</strong></span> <span class='ocrx_word' id='word_1_33' title='bbox 951 599 1230 640; x_wconf 86' lang='lat' dir='ltr'><strong>concursu</strong></span> <span class='ocrx_word' id='word_1_34' title='bbox 1271 598 1301 639; x_wconf 87' lang='lat' dir='ltr'><strong>a</strong></span> <span class='ocrx_word' id='word_1_35' title='bbox 1331 583 1610 638; x_wconf 89' lang='lat' dir='ltr'><strong>communi</strong></span> <span class='ocrx_word' id='word_1_36' title='bbox 1636 585 1861 640; x_wconf 90' lang='lat' dir='ltr'><strong>materia</strong></span> <span class='ocrx_word' id='word_1_37' title='bbox 1887 583 2002 638; x_wconf 79' lang='lat' dir='ltr'><strong>for-</strong></span> 
     </span>
    </p>
   </div>
   <div class='ocr_carea' id='block_1_6' title="bbox 418 676 2001 751">
    <p class='ocr_par' dir='ltr' id='par_1_6' title="bbox 418 676 2001 751">
     <span class='ocr_line' id='line_1_6' title="bbox 418 676 2001 751; baseline -0.001 -16"><span class='ocrx_word' id='word_1_38' title='bbox 418 689 622 745; x_wconf 88' lang='lat' dir='ltr'><strong>matus,</strong></span> <span class='ocrx_word' id='word_1_39' title='bbox 671 679 936 751; x_wconf 88' lang='lat' dir='ltr'><strong>peculiari</strong></span> <span class='ocrx_word' id='word_1_40' title='bbox 975 693 1204 750; x_wconf 87' lang='lat' dir='ltr'><strong>prorsus</strong></span> <span class='ocrx_word' id='word_1_41' title='bbox 1253 679 1424 748; x_wconf 84' lang='lat' dir='ltr'><strong>ﬁgura</strong></span> <span class='ocrx_word' id='word_1_42' title='bbox 1461 679 1694 732; x_wconf 87' lang='lat' dir='ltr'><strong>multum</strong></span> <span class='ocrx_word' id='word_1_43' title='bbox 1743 676 2001 734; x_wconf 80' lang='lat' dir='ltr'><strong>ditl‘erens</strong></span> 
     </span>
    </p>
   </div>
   <div class='ocr_carea' id='block_1_7' title="bbox 419 767 1998 841">
    <p class='ocr_par' dir='ltr' id='par_1_7' title="bbox 419 767 1998 841">
     <span class='ocr_line' id='line_1_7' title="bbox 419 767 1998 841; baseline -0.001 -17"><span class='ocrx_word' id='word_1_44' title='bbox 419 772 491 825; x_wconf 78' lang='lat' dir='ltr'><strong>ah</strong></span> <span class='ocrx_word' id='word_1_45' title='bbox 531 786 598 826; x_wconf 85' lang='lat' dir='ltr'><strong>eo</strong></span> <span class='ocrx_word' id='word_1_46' title='bbox 631 769 778 840; x_wconf 89' lang='lat' dir='ltr'><strong>quod</strong></span> <span class='ocrx_word' id='word_1_47' title='bbox 827 769 1073 841; x_wconf 80' lang='lat' dir='ltr'><strong>ejusdem</strong></span> <span class='ocrx_word' id='word_1_48' title='bbox 1114 769 1331 840; x_wconf 80' lang='lat' dir='ltr'><strong>generis</strong></span> <span class='ocrx_word' id='word_1_49' title='bbox 1389 775 1494 823; x_wconf 87' lang='lat' dir='ltr'><strong>est.</strong></span> <span class='ocrx_word' id='word_1_50' title='bbox 1550 768 1671 835; x_wconf 85' lang='lat' dir='ltr'><strong>Quo</strong></span> <span class='ocrx_word' id='word_1_51' title='bbox 1706 767 1998 834; x_wconf 91' lang='lat' dir='ltr'><strong>dissoluto,</strong></span> 
     </span>
    </p>
   </div>
   <div class='ocr_carea' id='block_1_8' title="bbox 415 861 2002 932">
    <p class='ocr_par' dir='ltr' id='par_1_8' title="bbox 415 861 2002 932">
     <span class='ocr_line' id='line_1_8' title="bbox 415 861 2002 932; baseline -0.003 -14"><span class='ocrx_word' id='word_1_52' title='bbox 415 863 780 919; x_wconf 86' lang='lat' dir='ltr'><strong>nihilominus</strong></span> <span class='ocrx_word' id='word_1_53' title='bbox 816 864 982 918; x_wconf 86' lang='lat' dir='ltr'><strong>etiam</strong></span> <span class='ocrx_word' id='word_1_54' title='bbox 1014 878 1078 918; x_wconf 81' lang='lat' dir='ltr'><strong>ex</strong></span> <span class='ocrx_word' id='word_1_55' title='bbox 1106 861 1354 932; x_wconf 87' lang='lat' dir='ltr'><strong>reliquiis</strong></span> <span class='ocrx_word' id='word_1_56' title='bbox 1382 861 1560 915; x_wconf 90' lang='lat' dir='ltr'><strong>anima</strong></span> <span class='ocrx_word' id='word_1_57' title='bbox 1594 874 1716 930; x_wconf 60' lang='lat' dir='ltr'><strong>quae</strong></span> <span class='ocrx_word' id='word_1_58' title='bbox 1759 861 2002 929; x_wconf 89' lang='lat' dir='ltr'><strong>possidet</strong></span> 
     </span>
    </p>
   </div>
   <div class='ocr_carea' id='block_1_9' title="bbox 417 950 2001 1023">
    <p class='ocr_par' dir='ltr' id='par_1_9' title="bbox 417 950 2001 1023">
     <span class='ocr_line' id='line_1_9' title="bbox 417 950 2001 1023; baseline 0 -16"><span class='ocrx_word' id='word_1_59' title='bbox 417 967 552 1021; x_wconf 78' lang='lat' dir='ltr'><strong>vas,</strong></span> <span class='ocrx_word' id='word_1_60' title='bbox 603 953 884 1023; x_wconf 90' lang='lat' dir='ltr'><strong>proprium</strong></span> <span class='ocrx_word' id='word_1_61' title='bbox 944 951 1216 1022; x_wconf 73' lang='lat' dir='ltr'><strong>agnoscit,</strong></span> <span class='ocrx_word' id='word_1_62' title='bbox 1279 966 1456 1022; x_wconf 87' lang='lat' dir='ltr'><strong>neque</strong></span> <span class='ocrx_word' id='word_1_63' title='bbox 1503 950 1556 1004; x_wconf 93' lang='lat' dir='ltr'><strong>in</strong></span> <span class='ocrx_word' id='word_1_64' title='bbox 1611 953 2001 1007; x_wconf 89' lang='lat' dir='ltr'><strong>communione</strong></span> 
     </span>
    </p>
   </div>
   <div class='ocr_carea' id='block_1_10' title="bbox 421 1043 1998 1115">
    <p class='ocr_par' dir='ltr' id='par_1_10' title="bbox 421 1043 1998 1115">
     <span class='ocr_line' id='line_1_10' title="bbox 421 1043 1998 1115; baseline -0.001 -15"><span class='ocrx_word' id='word_1_65' title='bbox 421 1053 588 1115; x_wconf 87' lang='lat' dir='ltr'><strong>atque</strong></span> <span class='ocrx_word' id='word_1_66' title='bbox 633 1045 959 1100; x_wconf 82' lang='lat' dir='ltr'><strong>confusione</strong></span> <span class='ocrx_word' id='word_1_67' title='bbox 989 1044 1442 1114; x_wconf 81' lang='lat' dir='ltr'><strong>fragmentorum.</strong></span> <span class='ocrx_word' id='word_1_68' title='bbox 1493 1057 1672 1112; x_wconf 90' lang='lat' dir='ltr'><strong>neque</strong></span> <span class='ocrx_word' id='word_1_69' title='bbox 1712 1043 1760 1098; x_wconf 89' lang='lat' dir='ltr'><strong>si</strong></span> <span class='ocrx_word' id='word_1_70' title='bbox 1808 1043 1998 1100; x_wconf 89' lang='lat' dir='ltr'><strong>eadem</strong></span> 
     </span>
    </p>
   </div>
   <div class='ocr_carea' id='block_1_11' title="bbox 417 1133 2001 1197">
    <p class='ocr_par' dir='ltr' id='par_1_11' title="bbox 417 1133 2001 1197">
     <span class='ocr_line' id='line_1_11' title="bbox 417 1133 2001 1197; baseline 0 -9"><span class='ocrx_word' id='word_1_71' title='bbox 417 1149 544 1189; x_wconf 87' lang='lat' dir='ltr'><strong>cum</strong></span> <span class='ocrx_word' id='word_1_72' title='bbox 595 1134 718 1188; x_wconf 87' lang='lat' dir='ltr'><strong>rudi</strong></span> <span class='ocrx_word' id='word_1_73' title='bbox 769 1134 1161 1190; x_wconf 90' lang='lat' dir='ltr'><strong>elementorum</strong></span> <span class='ocrx_word' id='word_1_74' title='bbox 1213 1134 1443 1188; x_wconf 84' lang='lat' dir='ltr'><strong>materia</strong></span> <span class='ocrx_word' id='word_1_75' title='bbox 1484 1133 1928 1197; x_wconf 87' lang='lat' dir='ltr'><strong>commisceatur,</strong></span> <span class='ocrx_word' id='word_1_76' title='bbox 1969 1149 2001 1188; x_wconf 89' lang='lat' dir='ltr'><strong>a</strong></span> 
     </span>
    </p>
   </div>
   <div class='ocr_carea' id='block_1_12' title="bbox 418 1224 2002 1296">
    <p class='ocr_par' dir='ltr' id='par_1_12' title="bbox 418 1224 2002 1296">
     <span class='ocr_line' id='line_1_12' title="bbox 418 1224 2002 1296; baseline 0 -17"><span class='ocrx_word' id='word_1_77' title='bbox 418 1227 644 1296; x_wconf 84' lang='lat' dir='ltr'><strong>proprio</strong></span> <span class='ocrx_word' id='word_1_78' title='bbox 676 1225 991 1288; x_wconf 87' lang='lat' dir='ltr'><strong>discedens,</strong></span> <span class='ocrx_word' id='word_1_79' title='bbox 1026 1225 1121 1281; x_wconf 85' lang='lat' dir='ltr'><strong>sed</strong></span> <span class='ocrx_word' id='word_1_80' title='bbox 1153 1239 1369 1294; x_wconf 88' lang='lat' dir='ltr'><strong>semper</strong></span> <span class='ocrx_word' id='word_1_81' title='bbox 1411 1224 1592 1280; x_wconf 84' lang='lat' dir='ltr'><strong>sciens</strong></span> <span class='ocrx_word' id='word_1_82' title='bbox 1627 1239 1811 1291; x_wconf 92' lang='lat' dir='ltr'><strong>suum,</strong></span> <span class='ocrx_word' id='word_1_83' title='bbox 1839 1225 2002 1294; x_wconf 88' lang='lat' dir='ltr'><strong>quale</strong></span> 
     </span>
    </p>
   </div>
   <div class='ocr_carea' id='block_1_13' title="bbox 416 1315 2000 1387">
    <p class='ocr_par' dir='ltr' id='par_1_13' title="bbox 416 1315 2000 1387">
     <span class='ocr_line' id='line_1_13' title="bbox 416 1315 2000 1387; baseline 0 -15"><span class='ocrx_word' id='word_1_84' title='bbox 416 1325 566 1372; x_wconf 81' lang='lat' dir='ltr'><strong>esset</strong></span> <span class='ocrx_word' id='word_1_85' title='bbox 605 1325 720 1370; x_wconf 89' lang='lat' dir='ltr'><strong>tum</strong></span> <span class='ocrx_word' id='word_1_86' title='bbox 752 1331 877 1371; x_wconf 91' lang='lat' dir='ltr'><strong>cum</strong></span> <span class='ocrx_word' id='word_1_87' title='bbox 925 1319 979 1371; x_wconf 91' lang='lat' dir='ltr'><strong>in</strong></span> <span class='ocrx_word' id='word_1_88' title='bbox 1028 1316 1203 1370; x_wconf 81' lang='lat' dir='ltr'><strong>forma</strong></span> <span class='ocrx_word' id='word_1_89' title='bbox 1251 1315 1605 1382; x_wconf 88' lang='lat' dir='ltr'><strong>consisteret,</strong></span> <span class='ocrx_word' id='word_1_90' title='bbox 1640 1323 1690 1372; x_wconf 87' lang='lat' dir='ltr'><strong>et</strong></span> <span class='ocrx_word' id='word_1_91' title='bbox 1734 1325 1858 1387; x_wconf 93' lang='lat' dir='ltr'><strong>post</strong></span> <span class='ocrx_word' id='word_1_92' title='bbox 1886 1315 2000 1372; x_wconf 89' lang='lat' dir='ltr'><strong>dis-</strong></span> 
     </span>
    </p>
   </div>
   <div class='ocr_carea' id='block_1_14' title="bbox 417 1408 1999 1479">
    <p class='ocr_par' dir='ltr' id='par_1_14' title="bbox 417 1408 1999 1479">
     <span class='ocr_line' id='line_1_14' title="bbox 417 1408 1999 1479; baseline -0.002 -16"><span class='ocrx_word' id='word_1_93' title='bbox 417 1409 744 1464; x_wconf 89' lang='lat' dir='ltr'><strong>solutionem</strong></span> <span class='ocrx_word' id='word_1_94' title='bbox 792 1424 858 1463; x_wconf 80' lang='lat' dir='ltr'><strong>ex</strong></span> <span class='ocrx_word' id='word_1_95' title='bbox 891 1408 1068 1478; x_wconf 81' lang='lat' dir='ltr'><strong>signis</strong></span> <span class='ocrx_word' id='word_1_96' title='bbox 1105 1422 1228 1478; x_wconf 67' lang='lat' dir='ltr'><strong>quae</strong></span> <span class='ocrx_word' id='word_1_97' title='bbox 1265 1409 1322 1463; x_wconf 89' lang='lat' dir='ltr'><strong>in</strong></span> <span class='ocrx_word' id='word_1_98' title='bbox 1376 1409 1628 1479; x_wconf 87' lang='lat' dir='ltr'><strong>reliquiis</strong></span> <span class='ocrx_word' id='word_1_99' title='bbox 1657 1414 1999 1474; x_wconf 88' lang='lat' dir='ltr'><strong>manserunt,</strong></span> 
     </span>
    </p>
   </div>
   <div class='ocr_carea' id='block_1_15' title="bbox 415 1494 2000 1568">
    <p class='ocr_par' dir='ltr' id='par_1_15' title="bbox 415 1494 2000 1568">
     <span class='ocr_line' id='line_1_15' title="bbox 415 1494 2000 1568; baseline -0.003 -14"><span class='ocrx_word' id='word_1_100' title='bbox 415 1500 565 1554; x_wconf 82' lang='lat' dir='ltr'><strong>circa</strong></span> <span class='ocrx_word' id='word_1_101' title='bbox 595 1500 880 1568; x_wconf 88' lang='lat' dir='ltr'><strong>proprium</strong></span> <span class='ocrx_word' id='word_1_102' title='bbox 896 1515 1003 1554; x_wconf 90' lang='lat' dir='ltr'><strong>non</strong></span> <span class='ocrx_word' id='word_1_103' title='bbox 1020 1496 1370 1553; x_wconf 64' lang='lat' dir='ltr'><strong>errans—6.</strong></span> <span class='ocrx_word' id='word_1_104' title='bbox 1395 1496 1509 1567; x_wconf 83' lang='lat' dir='ltr'><strong>Ego</strong></span> <span class='ocrx_word' id='word_1_105' title='bbox 1525 1509 1659 1550; x_wconf 86' lang='lat' dir='ltr'><strong>vero</strong></span> <span class='ocrx_word' id='word_1_106' title='bbox 1679 1494 2000 1564; x_wconf 81' lang='lat' dir='ltr'><strong>approbatis</strong></span> 
     </span>
    </p>
   </div>
   <div class='ocr_carea' id='block_1_16' title="bbox 419 1582 2001 1655">
    <p class='ocr_par' dir='ltr' id='par_1_16' title="bbox 419 1582 2001 1655">
     <span class='ocr_line' id='line_1_16' title="bbox 419 1582 2001 1655; baseline -0.001 -15"><span class='ocrx_word' id='word_1_107' title='bbox 419 1586 491 1640; x_wconf 89' lang='lat' dir='ltr'><strong>iis</strong></span> <span class='ocrx_word' id='word_1_108' title='bbox 520 1600 644 1654; x_wconf 71' lang='lat' dir='ltr'><strong>quae</strong></span> <span class='ocrx_word' id='word_1_109' title='bbox 692 1583 840 1638; x_wconf 90' lang='lat' dir='ltr'><strong>dicta</strong></span> <span class='ocrx_word' id='word_1_110' title='bbox 870 1591 1052 1648; x_wconf 90' lang='lat' dir='ltr'><strong>erant,</strong></span> <span class='ocrx_word' id='word_1_111' title='bbox 1108 1591 1170 1638; x_wconf 83' lang='lat' dir='ltr'><strong>ut</strong></span> <span class='ocrx_word' id='word_1_112' title='bbox 1221 1582 1490 1654; x_wconf 89' lang='lat' dir='ltr'><strong>apposite,</strong></span> <span class='ocrx_word' id='word_1_113' title='bbox 1541 1591 1666 1653; x_wconf 89' lang='lat' dir='ltr'><strong>apte</strong></span> <span class='ocrx_word' id='word_1_114' title='bbox 1699 1593 1864 1655; x_wconf 92' lang='lat' dir='ltr'><strong>atque</strong></span> <span class='ocrx_word' id='word_1_115' title='bbox 1906 1598 2001 1639; x_wconf 59' lang='lat' dir='ltr'><strong>ac«</strong></span> 
     </span>
    </p>
   </div>
   <div class='ocr_carea' id='block_1_17' title="bbox 414 1675 1995 1748">
    <p class='ocr_par' dir='ltr' id='par_1_17' title="bbox 414 1675 1995 1748">
     <span class='ocr_line' id='line_1_17' title="bbox 414 1675 1995 1748; baseline -0.003 -16"><span class='ocrx_word' id='word_1_116' title='bbox 414 1677 760 1733; x_wconf 89' lang='lat' dir='ltr'><strong>eommodate</strong></span> <span class='ocrx_word' id='word_1_117' title='bbox 805 1675 873 1730; x_wconf 91' lang='lat' dir='ltr'><strong>ad</strong></span> <span class='ocrx_word' id='word_1_118' title='bbox 921 1675 1265 1748; x_wconf 87' lang='lat' dir='ltr'><strong>propositum</strong></span> <span class='ocrx_word' id='word_1_119' title='bbox 1316 1686 1698 1746; x_wconf 77' lang='lat' dir='ltr'><strong>argumentum</strong></span> <span class='ocrx_word' id='word_1_120' title='bbox 1752 1676 1995 1740; x_wconf 87' lang='lat' dir='ltr'><strong>inventa,</strong></span> 
     </span>
    </p>
   </div>
   <div class='ocr_carea' id='block_1_18' title="bbox 416 1749 2067 1840">
    <p class='ocr_par' dir='ltr' id='par_1_18' title="bbox 416 1749 2067 1840">
     <span class='ocr_line' id='line_1_18' title="bbox 416 1749 2067 1840; baseline 0 -18"><span class='ocrx_word' id='word_1_121' title='bbox 416 1769 540 1824; x_wconf 69' lang='lat' dir='ltr'><strong>llazc</strong></span> <span class='ocrx_word' id='word_1_122' title='bbox 577 1770 818 1840; x_wconf 89' lang='lat' dir='ltr'><strong>quidem,</strong></span> <span class='ocrx_word' id='word_1_123' title='bbox 875 1770 1119 1838; x_wconf 87' lang='lat' dir='ltr'><strong>inquam,</strong></span> <span class='ocrx_word' id='word_1_124' title='bbox 1173 1768 1279 1822; x_wconf 90' lang='lat' dir='ltr'><strong>hoc</strong></span> <span class='ocrx_word' id='word_1_125' title='bbox 1327 1769 1490 1823; x_wconf 93' lang='lat' dir='ltr'><strong>modo</strong></span> <span class='ocrx_word' id='word_1_126' title='bbox 1521 1776 1635 1822; x_wconf 91' lang='lat' dir='ltr'><strong>tum</strong></span> <span class='ocrx_word' id='word_1_127' title='bbox 1691 1767 1822 1831; x_wconf 91' lang='lat' dir='ltr'><strong>dici,</strong></span> <span class='ocrx_word' id='word_1_128' title='bbox 1875 1776 1988 1822; x_wconf 89' lang='lat' dir='ltr'><strong>tum</strong></span> <span class='ocrx_word' id='word_1_129' title='bbox 2025 1749 2067 1807; x_wconf 73' lang='grc' dir='ltr'><strong><em>Β</em></strong></span> 
     </span>
    </p>
   </div>
   <div class='ocr_carea' id='block_1_19' title="bbox 412 1857 1989 1929">
    <p class='ocr_par' dir='ltr' id='par_1_19' title="bbox 412 1857 1989 1929">
     <span class='ocr_line' id='line_1_19' title="bbox 412 1857 1989 1929; baseline -0.003 -14"><span class='ocrx_word' id='word_1_130' title='bbox 412 1861 561 1915; x_wconf 82' lang='lat' dir='ltr'><strong>credi</strong></span> <span class='ocrx_word' id='word_1_131' title='bbox 592 1869 800 1915; x_wconf 89' lang='lat' dir='ltr'><strong>rectum</strong></span> <span class='ocrx_word' id='word_1_132' title='bbox 829 1867 884 1915; x_wconf 91' lang='lat' dir='ltr'><strong>et</strong></span> <span class='ocrx_word' id='word_1_133' title='bbox 903 1874 1117 1928; x_wconf 69' lang='lat' dir='ltr'><strong>aaquum</strong></span> <span class='ocrx_word' id='word_1_134' title='bbox 1149 1868 1252 1922; x_wconf 88' lang='lat' dir='ltr'><strong>est,</strong></span> <span class='ocrx_word' id='word_1_135' title='bbox 1280 1857 1377 1912; x_wconf 87' lang='lat' dir='ltr'><strong>sed</strong></span> <span class='ocrx_word' id='word_1_136' title='bbox 1397 1857 1442 1913; x_wconf 93' lang='lat' dir='ltr'><strong>si</strong></span> <span class='ocrx_word' id='word_1_137' title='bbox 1466 1857 1590 1929; x_wconf 86' lang='lat' dir='ltr'><strong>quis</strong></span> <span class='ocrx_word' id='word_1_138' title='bbox 1616 1857 1989 1911; x_wconf 88' lang='lat' dir='ltr'><strong>narrationem</strong></span> 
     </span>
    </p>
   </div>
   <div class='ocr_carea' id='block_1_20' title="bbox 413 1948 1992 2022">
    <p class='ocr_par' dir='ltr' id='par_1_20' title="bbox 413 1948 1992 2022">
     <span class='ocr_line' id='line_1_20' title="bbox 413 1948 1992 2022; baseline -0.001 -18"><span class='ocrx_word' id='word_1_139' title='bbox 413 1950 630 2006; x_wconf 86' lang='lat' dir='ltr'><strong>Domini</strong></span> <span class='ocrx_word' id='word_1_140' title='bbox 661 1966 804 2015; x_wconf 90' lang='lat' dir='ltr'><strong>eam,</strong></span> <span class='ocrx_word' id='word_1_141' title='bbox 842 1965 963 2020; x_wconf 82' lang='lat' dir='ltr'><strong>quae</strong></span> <span class='ocrx_word' id='word_1_142' title='bbox 996 1956 1080 2006; x_wconf 89' lang='lat' dir='ltr'><strong>est</strong></span> <span class='ocrx_word' id='word_1_143' title='bbox 1115 1951 1171 2004; x_wconf 93' lang='lat' dir='ltr'><strong>in</strong></span> <span class='ocrx_word' id='word_1_144' title='bbox 1203 1948 1495 2022; x_wconf 82' lang='lat' dir='ltr'><strong>Evangelio</strong></span> <span class='ocrx_word' id='word_1_145' title='bbox 1522 1949 1591 2004; x_wconf 92' lang='lat' dir='ltr'><strong>de</strong></span> <span class='ocrx_word' id='word_1_146' title='bbox 1625 1949 1694 2004; x_wconf 93' lang='lat' dir='ltr'><strong>iis</strong></span> <span class='ocrx_word' id='word_1_147' title='bbox 1735 1948 1831 2019; x_wconf 91' lang='lat' dir='ltr'><strong>qui</strong></span> <span class='ocrx_word' id='word_1_148' title='bbox 1862 1955 1992 2003; x_wconf 84' lang='lat' dir='ltr'><strong>sunt</strong></span> 
     </span>
    </p>
   </div>
   <div class='ocr_carea' id='block_1_21' title="bbox 414 2039 1989 2112">
    <p class='ocr_par' dir='ltr' id='par_1_21' title="bbox 414 2039 1989 2112">
     <span class='ocr_line' id='line_1_21' title="bbox 414 2039 1989 2112; baseline -0.003 -15"><span class='ocrx_word' id='word_1_149' title='bbox 414 2042 470 2098; x_wconf 91' lang='lat' dir='ltr'><strong>in</strong></span> <span class='ocrx_word' id='word_1_150' title='bbox 519 2042 758 2110; x_wconf 76' lang='lat' dir='ltr'><strong>inferno,</strong></span> <span class='ocrx_word' id='word_1_151' title='bbox 807 2042 1071 2097; x_wconf 84' lang='lat' dir='ltr'><strong>adversus</strong></span> <span class='ocrx_word' id='word_1_152' title='bbox 1118 2057 1182 2096; x_wconf 91' lang='lat' dir='ltr'><strong>ea</strong></span> <span class='ocrx_word' id='word_1_153' title='bbox 1226 2057 1347 2112; x_wconf 75' lang='lat' dir='ltr'><strong>qua:</strong></span> <span class='ocrx_word' id='word_1_154' title='bbox 1378 2041 1520 2095; x_wconf 87' lang='lat' dir='ltr'><strong>dicta</strong></span> <span class='ocrx_word' id='word_1_155' title='bbox 1565 2046 1695 2095; x_wconf 86' lang='lat' dir='ltr'><strong>sunt</strong></span> <span class='ocrx_word' id='word_1_156' title='bbox 1726 2039 1989 2110; x_wconf 82' lang='lat' dir='ltr'><strong>proferat,</strong></span> 
     </span>
    </p>
   </div>
   <div class='ocr_carea' id='block_1_22' title="bbox 416 2134 2038 2207">
    <p class='ocr_par' dir='ltr' id='par_1_22' title="bbox 416 2134 2038 2207">
     <span class='ocr_line' id='line_1_22' title="bbox 416 2134 2038 2207; baseline 0.001 -18"><span class='ocrx_word' id='word_1_157' title='bbox 416 2135 573 2207; x_wconf 83' lang='lat' dir='ltr'><strong>quasi</strong></span> <span class='ocrx_word' id='word_1_158' title='bbox 621 2151 728 2188; x_wconf 90' lang='lat' dir='ltr'><strong>non</strong></span> <span class='ocrx_word' id='word_1_159' title='bbox 787 2144 1178 2207; x_wconf 81' lang='lat' dir='ltr'><strong>congruentem</strong></span> <span class='ocrx_word' id='word_1_160' title='bbox 1223 2145 1278 2190; x_wconf 94' lang='lat' dir='ltr'><strong>et</strong></span> <span class='ocrx_word' id='word_1_161' title='bbox 1321 2135 1734 2190; x_wconf 74' lang='lat' dir='ltr'><strong>convenientem</strong></span> <span class='ocrx_word' id='word_1_162' title='bbox 1801 2148 1923 2188; x_wconf 90' lang='lat' dir='ltr'><strong>cum</strong></span> <span class='ocrx_word' id='word_1_163' title='bbox 1970 2134 2038 2191; x_wconf 89' lang='lat' dir='ltr'><strong>iis</strong></span> 
     </span>
    </p>
   </div>
   <div class='ocr_carea' id='block_1_23' title="bbox 410 2223 1674 2295">
    <p class='ocr_par' dir='ltr' id='par_1_23' title="bbox 410 2223 1674 2295">
     <span class='ocr_line' id='line_1_23' title="bbox 410 2223 1674 2295; baseline -0.001 -18"><span class='ocrx_word' id='word_1_164' title='bbox 410 2240 717 2295; x_wconf 69' lang='lat' dir='ltr'><strong>praeparare</strong></span> <span class='ocrx_word' id='word_1_165' title='bbox 751 2240 852 2278; x_wconf 92' lang='lat' dir='ltr'><strong>nos</strong></span> <span class='ocrx_word' id='word_1_166' title='bbox 876 2224 942 2276; x_wconf 88' lang='lat' dir='ltr'><strong>ad</strong></span> <span class='ocrx_word' id='word_1_167' title='bbox 979 2224 1392 2292; x_wconf 87' lang='lat' dir='ltr'><strong>responsionem</strong></span> <span class='ocrx_word' id='word_1_168' title='bbox 1420 2223 1674 2292; x_wconf 86' lang='lat' dir='ltr'><strong>oportet?</strong></span> 
     </span>
    </p>
   </div>
   <div class='ocr_carea' id='block_1_24' title="bbox 485 2308 1990 2380">
    <p class='ocr_par' dir='ltr' id='par_1_24' title="bbox 485 2308 1990 2380">
     <span class='ocr_line' id='line_1_24' title="bbox 485 2308 1990 2380; baseline 0 -16"><span class='ocrx_word' id='word_1_169' title='bbox 485 2311 552 2364; x_wconf 88' lang='lat' dir='ltr'><strong>M.</strong></span> <span class='ocrx_word' id='word_1_170' title='bbox 581 2310 650 2365; x_wconf 79' lang='lat' dir='ltr'><strong>At</strong></span> <span class='ocrx_word' id='word_1_171' title='bbox 674 2311 783 2373; x_wconf 89' lang='lat' dir='ltr'><strong>illa,</strong></span> <span class='ocrx_word' id='word_1_172' title='bbox 811 2311 891 2365; x_wconf 81' lang='lat' dir='ltr'><strong>Ad</strong></span> <span class='ocrx_word' id='word_1_173' title='bbox 919 2325 1120 2379; x_wconf 88' lang='lat' dir='ltr'><strong>corpus</strong></span> <span class='ocrx_word' id='word_1_174' title='bbox 1141 2309 1364 2380; x_wconf 86' lang='lat' dir='ltr'><strong>quidem</strong></span> <span class='ocrx_word' id='word_1_175' title='bbox 1387 2309 1876 2375; x_wconf 82' lang='lat' dir='ltr'><strong>accommodatius,</strong></span> <span class='ocrx_word' id='word_1_176' title='bbox 1900 2308 1990 2364; x_wconf 87' lang='lat' dir='ltr'><strong>in-</strong></span> 
     </span>
    </p>
   </div>
   <div class='ocr_carea' id='block_1_25' title="bbox 408 2397 1994 2468">
    <p class='ocr_par' dir='ltr' id='par_1_25' title="bbox 408 2397 1994 2468">
     <span class='ocr_line' id='line_1_25' title="bbox 408 2397 1994 2468; baseline 0.002 -17"><span class='ocrx_word' id='word_1_177' title='bbox 408 2401 550 2467; x_wconf 81' lang='lat' dir='ltr'><strong>quit,</strong></span> <span class='ocrx_word' id='word_1_178' title='bbox 602 2409 784 2450; x_wconf 82' lang='lat' dir='ltr'><strong>sermo</strong></span> <span class='ocrx_word' id='word_1_179' title='bbox 838 2397 1212 2452; x_wconf 87' lang='lat' dir='ltr'><strong>narrationem</strong></span> <span class='ocrx_word' id='word_1_180' title='bbox 1267 2398 1515 2468; x_wconf 79' lang='lat' dir='ltr'><strong>exponit,</strong></span> <span class='ocrx_word' id='word_1_181' title='bbox 1565 2397 1768 2455; x_wconf 89' lang='lat' dir='ltr'><strong>multas</strong></span> <span class='ocrx_word' id='word_1_182' title='bbox 1807 2405 1994 2454; x_wconf 86' lang='lat' dir='ltr'><strong>tamen</strong></span> 
     </span>
    </p>
   </div>
   <div class='ocr_carea' id='block_1_26' title="bbox 410 2489 1993 2562">
    <p class='ocr_par' dir='ltr' id='par_1_26' title="bbox 410 2489 1993 2562">
     <span class='ocr_line' id='line_1_26' title="bbox 410 2489 1993 2562; baseline 0.003 -20"><span class='ocrx_word' id='word_1_183' title='bbox 410 2490 674 2560; x_wconf 82' lang='lat' dir='ltr'><strong>inspergit</strong></span> <span class='ocrx_word' id='word_1_184' title='bbox 719 2489 979 2542; x_wconf 82' lang='lat' dir='ltr'><strong>materias</strong></span> <span class='ocrx_word' id='word_1_185' title='bbox 1022 2496 1076 2543; x_wconf 87' lang='lat' dir='ltr'><strong>et</strong></span> <span class='ocrx_word' id='word_1_186' title='bbox 1111 2504 1332 2554; x_wconf 87' lang='lat' dir='ltr'><strong>causas,</strong></span> <span class='ocrx_word' id='word_1_187' title='bbox 1365 2505 1462 2560; x_wconf 86' lang='lat' dir='ltr'><strong>per</strong></span> <span class='ocrx_word' id='word_1_188' title='bbox 1509 2506 1647 2562; x_wconf 88' lang='lat' dir='ltr'><strong>quas</strong></span> <span class='ocrx_word' id='word_1_189' title='bbox 1686 2490 1755 2546; x_wconf 87' lang='lat' dir='ltr'><strong>ad</strong></span> <span class='ocrx_word' id='word_1_190' title='bbox 1811 2489 1993 2546; x_wconf 82' lang='lat' dir='ltr'><strong>subti-</strong></span> 
     </span>
    </p>
   </div>
   <div class='ocr_carea' id='block_1_27' title="bbox 409 2568 1992 2652">
    <p class='ocr_par' dir='ltr' id='par_1_27' title="bbox 409 2568 1992 2652">
     <span class='ocr_line' id='line_1_27' title="bbox 409 2568 1992 2652; baseline 0.001 -17"><span class='ocrx_word' id='word_1_191' title='bbox 409 2582 598 2635; x_wconf 85' lang='lat' dir='ltr'><strong>liorem</strong></span> <span class='ocrx_word' id='word_1_192' title='bbox 663 2581 1088 2650; x_wconf 82' lang='lat' dir='ltr'><strong>speculationem</strong></span> <span class='ocrx_word' id='word_1_193' title='bbox 1165 2580 1398 2644; x_wconf 84' lang='lat' dir='ltr'><strong>invitat,</strong></span> <span class='ocrx_word' id='word_1_194' title='bbox 1459 2581 1505 2638; x_wconf 89' lang='lat' dir='ltr'><strong>si</strong></span> <span class='ocrx_word' id='word_1_195' title='bbox 1560 2582 1688 2652; x_wconf 84' lang='lat' dir='ltr'><strong>quis</strong></span> <span class='ocrx_word' id='word_1_196' title='bbox 1737 2568 1992 2636; x_wconf 80' lang='lat' dir='ltr'><strong>accurate</strong></span> 
     </span>
    </p>
   </div>
   <div class='ocr_carea' id='block_1_28' title="bbox 407 2670 1989 2743">
    <p class='ocr_par' dir='ltr' id='par_1_28' title="bbox 407 2670 1989 2743">
     <span class='ocr_line' id='line_1_28' title="bbox 407 2670 1989 2743; baseline 0 -16"><span class='ocrx_word' id='word_1_197' title='bbox 407 2673 788 2742; x_wconf 84' lang='lat' dir='ltr'><strong>exquisiteque</strong></span> <span class='ocrx_word' id='word_1_198' title='bbox 820 2685 937 2724; x_wconf 86' lang='lat' dir='ltr'><strong>rem</strong></span> <span class='ocrx_word' id='word_1_199' title='bbox 971 2671 1319 2728; x_wconf 81' lang='lat' dir='ltr'><strong>intellexerit.</strong></span> <span class='ocrx_word' id='word_1_200' title='bbox 1349 2670 1485 2726; x_wconf 82' lang='lat' dir='ltr'><strong>Nam</strong></span> <span class='ocrx_word' id='word_1_201' title='bbox 1513 2674 1606 2743; x_wconf 91' lang='lat' dir='ltr'><strong>qui</strong></span> <span class='ocrx_word' id='word_1_202' title='bbox 1640 2673 1790 2727; x_wconf 89' lang='lat' dir='ltr'><strong>hiatu</strong></span> <span class='ocrx_word' id='word_1_203' title='bbox 1832 2682 1989 2727; x_wconf 87' lang='lat' dir='ltr'><strong>vasto</strong></span> 
     </span>
    </p>
   </div>
   <div class='ocr_carea' id='block_1_29' title="bbox 408 2760 1986 2838">
    <p class='ocr_par' dir='ltr' id='par_1_29' title="bbox 408 2760 1986 2838">
     <span class='ocr_line' id='line_1_29' title="bbox 408 2760 1986 2838; baseline -0.001 -24"><span class='ocrx_word' id='word_1_204' title='bbox 408 2762 608 2815; x_wconf 80' lang='lat' dir='ltr'><strong>malum</strong></span> <span class='ocrx_word' id='word_1_205' title='bbox 645 2776 674 2814; x_wconf 92' lang='lat' dir='ltr'><strong>a</strong></span> <span class='ocrx_word' id='word_1_206' title='bbox 703 2763 845 2814; x_wconf 83' lang='lat' dir='ltr'><strong>bono</strong></span> <span class='ocrx_word' id='word_1_207' title='bbox 875 2760 1091 2814; x_wconf 89' lang='lat' dir='ltr'><strong>dirimit</strong></span> <span class='ocrx_word' id='word_1_208' title='bbox 1127 2769 1294 2830; x_wconf 85' lang='lat' dir='ltr'><strong>atque</strong></span> <span class='ocrx_word' id='word_1_209' title='bbox 1323 2760 1604 2828; x_wconf 89' lang='lat' dir='ltr'><strong>discludit,</strong></span> <span class='ocrx_word' id='word_1_210' title='bbox 1636 2761 1728 2832; x_wconf 91' lang='lat' dir='ltr'><strong>qui</strong></span> <span class='ocrx_word' id='word_1_211' title='bbox 1773 2769 1986 2838; x_wconf 79' lang='lat' dir='ltr'><strong>guttam</strong></span> 
     </span>
    </p>
   </div>
   <div class='ocr_carea' id='block_1_30' title="bbox 408 2851 1986 2924">
    <p class='ocr_par' dir='ltr' id='par_1_30' title="bbox 408 2851 1986 2924">
     <span class='ocr_line' id='line_1_30' title="bbox 408 2851 1986 2924; baseline 0 -18"><span class='ocrx_word' id='word_1_212' title='bbox 408 2855 647 2923; x_wconf 85' lang='lat' dir='ltr'><strong>aliquam</strong></span> <span class='ocrx_word' id='word_1_213' title='bbox 695 2869 817 2924; x_wconf 78' lang='lat' dir='ltr'><strong>quae</strong></span> <span class='ocrx_word' id='word_1_214' title='bbox 847 2869 945 2922; x_wconf 89' lang='lat' dir='ltr'><strong>per</strong></span> <span class='ocrx_word' id='word_1_215' title='bbox 987 2853 1214 2923; x_wconf 84' lang='lat' dir='ltr'><strong>digitum</strong></span> <span class='ocrx_word' id='word_1_216' title='bbox 1254 2851 1631 2917; x_wconf 78' lang='lat' dir='ltr'><strong>admoveatur,</strong></span> <span class='ocrx_word' id='word_1_217' title='bbox 1663 2853 1986 2908; x_wconf 82' lang='lat' dir='ltr'><strong>desideran-</strong></span> 
     </span>
    </p>
   </div>
   <div class='ocr_carea' id='block_1_31' title="bbox 406 2941 1987 3012">
    <p class='ocr_par' dir='ltr' id='par_1_31' title="bbox 406 2941 1987 3012">
     <span class='ocr_line' id='line_1_31' title="bbox 406 2941 1987 3012; baseline 0.001 -16"><span class='ocrx_word' id='word_1_218' title='bbox 406 2950 516 2998; x_wconf 90' lang='lat' dir='ltr'><strong>tem</strong></span> <span class='ocrx_word' id='word_1_219' title='bbox 570 2942 698 2997; x_wconf 83' lang='lat' dir='ltr'><strong>fecit</strong></span> <span class='ocrx_word' id='word_1_220' title='bbox 744 2957 871 2997; x_wconf 84' lang='lat' dir='ltr'><strong>cum</strong></span> <span class='ocrx_word' id='word_1_221' title='bbox 949 2943 1041 3012; x_wconf 89' lang='lat' dir='ltr'><strong>qui</strong></span> <span class='ocrx_word' id='word_1_222' title='bbox 1096 2941 1468 3005; x_wconf 81' lang='lat' dir='ltr'><strong>cruciabatur,</strong></span> <span class='ocrx_word' id='word_1_223' title='bbox 1521 2941 1615 3011; x_wconf 92' lang='lat' dir='ltr'><strong>qui</strong></span> <span class='ocrx_word' id='word_1_224' title='bbox 1663 2942 1987 3011; x_wconf 66' lang='lat' dir='ltr'><strong>patriarchae</strong></span> 
     </span>
    </p>
   </div>
   <div class='ocr_carea' id='block_1_32' title="bbox 406 3030 1985 3103">
    <p class='ocr_par' dir='ltr' id='par_1_32' title="bbox 406 3030 1985 3103">
     <span class='ocr_line' id='line_1_32' title="bbox 406 3030 1985 3103; baseline -0.001 -14"><span class='ocrx_word' id='word_1_225' title='bbox 406 3035 589 3089; x_wconf 84' lang='lat' dir='ltr'><strong>sinum</strong></span> <span class='ocrx_word' id='word_1_226' title='bbox 622 3033 672 3088; x_wconf 89' lang='lat' dir='ltr'><strong>ei</strong></span> <span class='ocrx_word' id='word_1_227' title='bbox 727 3033 819 3103; x_wconf 93' lang='lat' dir='ltr'><strong>qui</strong></span> <span class='ocrx_word' id='word_1_228' title='bbox 857 3048 950 3103; x_wconf 92' lang='lat' dir='ltr'><strong>per</strong></span> <span class='ocrx_word' id='word_1_229' title='bbox 977 3032 1118 3086; x_wconf 91' lang='lat' dir='ltr'><strong>hanc</strong></span> <span class='ocrx_word' id='word_1_230' title='bbox 1146 3031 1314 3084; x_wconf 87' lang='lat' dir='ltr'><strong>vitam</strong></span> <span class='ocrx_word' id='word_1_231' title='bbox 1345 3031 1508 3085; x_wconf 88' lang='lat' dir='ltr'><strong>malis</strong></span> <span class='ocrx_word' id='word_1_232' title='bbox 1538 3041 1590 3085; x_wconf 92' lang='lat' dir='ltr'><strong>et</strong></span> <span class='ocrx_word' id='word_1_233' title='bbox 1621 3030 1985 3087; x_wconf 85' lang='lat' dir='ltr'><strong>incommodis</strong></span> 
     </span>
    </p>
   </div>
   <div class='ocr_carea' id='block_1_33' title="bbox 405 3124 1984 3195">
    <p class='ocr_par' dir='ltr' id='par_1_33' title="bbox 405 3124 1984 3195">
     <span class='ocr_line' id='line_1_33' title="bbox 405 3124 1984 3195; baseline -0.003 -13"><span class='ocrx_word' id='word_1_234' title='bbox 405 3135 634 3182; x_wconf 77' lang='lat' dir='ltr'><strong>vexatus</strong></span> <span class='ocrx_word' id='word_1_235' title='bbox 683 3125 885 3189; x_wconf 77' lang='lat' dir='ltr'><strong>fuerat,</strong></span> <span class='ocrx_word' id='word_1_236' title='bbox 943 3124 1010 3179; x_wconf 90' lang='lat' dir='ltr'><strong>ad</strong></span> <span class='ocrx_word' id='word_1_237' title='bbox 1059 3124 1298 3194; x_wconf 82' lang='lat' dir='ltr'><strong>quietem</strong></span> <span class='ocrx_word' id='word_1_238' title='bbox 1345 3125 1671 3194; x_wconf 88' lang='lat' dir='ltr'><strong>proposuit,</strong></span> <span class='ocrx_word' id='word_1_239' title='bbox 1717 3126 1811 3195; x_wconf 92' lang='lat' dir='ltr'><strong>qui</strong></span> <span class='ocrx_word' id='word_1_240' title='bbox 1854 3126 1984 3179; x_wconf 88' lang='lat' dir='ltr'><strong>item</strong></span> 
     </span>
    </p>
   </div>
   <div class='ocr_carea' id='block_1_34' title="bbox 2103 491 3682 567">
    <p class='ocr_par' dir='ltr' id='par_1_34' title="bbox 2103 491 3682 567">
     <span class='ocr_line' id='line_1_34' title="bbox 2103 491 3682 567; baseline -0.001 -20"><span class='ocrx_word' id='word_1_241' title='bbox 2103 496 2406 567; x_wconf 77' lang='grc' dir='ltr'><strong>συνδρομῆς</strong></span> <span class='ocrx_word' id='word_1_242' title='bbox 2435 494 2545 548; x_wconf 89' lang='grc' dir='ltr'><strong>τῶν</strong></span> <span class='ocrx_word' id='word_1_243' title='bbox 2587 495 2864 565; x_wconf 77' lang='grc' dir='ltr'><strong>στοιχείων</strong></span> <span class='ocrx_word' id='word_1_244' title='bbox 2905 493 3015 548; x_wconf 79' lang='grc' dir='ltr'><strong>ἀπὸ</strong></span> <span class='ocrx_word' id='word_1_245' title='bbox 3050 496 3151 565; x_wconf 91' lang='grc' dir='ltr'><strong>τῆς</strong></span> <span class='ocrx_word' id='word_1_246' title='bbox 3171 494 3354 565; x_wconf 83' lang='grc' dir='ltr'><strong>κοινῆς</strong></span> <span class='ocrx_word' id='word_1_247' title='bbox 3387 491 3518 563; x_wconf 79' lang='grc' dir='ltr'>ὕλης</span> <span class='ocrx_word' id='word_1_248' title='bbox 3548 492 3682 545; x_wconf 80' lang='grc' dir='ltr'>ἀνα-</span> 
     </span>
    </p>
   </div>
   <div class='ocr_carea' id='block_1_35' title="bbox 2098 583 3679 658">
    <p class='ocr_par' dir='ltr' id='par_1_35' title="bbox 2098 583 3679 658">
     <span class='ocr_line' id='line_1_35' title="bbox 2098 583 3679 658; baseline -0.003 -17"><span class='ocrx_word' id='word_1_249' title='bbox 2098 586 2481 658; x_wconf 88' lang='grc' dir='ltr'>τετυπωμένος</span> <span class='ocrx_word' id='word_1_250' title='bbox 2512 586 2593 656; x_wconf 79' lang='grc'>(71</span> <span class='ocrx_word' id='word_1_251' title='bbox 2611 594 2647 651; x_wconf 84' lang='lat' dir='ltr'><strong>l,</strong></span> <span class='ocrx_word' id='word_1_252' title='bbox 2678 587 2736 639; x_wconf 83' lang='grc' dir='ltr'>ὲν</span> <span class='ocrx_word' id='word_1_253' title='bbox 2795 585 3051 648; x_wconf 76' lang='grc' dir='ltr'><strong>ἰδιάζοντι</strong></span> <span class='ocrx_word' id='word_1_254' title='bbox 3079 585 3292 647; x_wconf 84' lang='grc' dir='ltr'>πάντως</span> <span class='ocrx_word' id='word_1_255' title='bbox 3321 583 3403 653; x_wconf 80' lang='grc' dir='ltr'>τῷ</span> <span class='ocrx_word' id='word_1_256' title='bbox 3439 585 3679 653; x_wconf 87' lang='grc' dir='ltr'>σχήματι</span> 
     </span>
    </p>
   </div>
   <div class='ocr_carea' id='block_1_36' title="bbox 2099 666 3681 750">
    <p class='ocr_par' dir='ltr' id='par_1_36' title="bbox 2099 666 3681 750">
     <span class='ocr_line' id='line_1_36' title="bbox 2099 666 3681 750; baseline -0.003 -18"><span class='ocrx_word' id='word_1_257' title='bbox 2099 679 2300 750; x_wconf 75' lang='grc' dir='ltr'>πολλὴν</span> <span class='ocrx_word' id='word_1_258' title='bbox 2344 678 2481 749; x_wconf 78' lang='grc' dir='ltr'>πρὸς</span> <span class='ocrx_word' id='word_1_259' title='bbox 2526 681 2589 730; x_wconf 80' lang='grc' dir='ltr'>τὸ</span> <span class='ocrx_word' id='word_1_260' title='bbox 2636 678 2893 748; x_wconf 79' lang='grc' dir='ltr'>ομογενὲς</span> <span class='ocrx_word' id='word_1_261' title='bbox 2941 676 3041 747; x_wconf 81' lang='grc' dir='ltr'>τὴν</span> <span class='ocrx_word' id='word_1_262' title='bbox 3081 675 3345 747; x_wconf 80' lang='grc' dir='ltr'>διαφορὰν</span> <span class='ocrx_word' id='word_1_263' title='bbox 3394 673 3556 744; x_wconf 69' lang='grc' dir='ltr'>ἔχων.</span> <span class='ocrx_word' id='word_1_264' title='bbox 3603 666 3681 727; x_wconf 71' lang='grc' dir='ltr'>υῦ</span> 
     </span>
    </p>
   </div>
   <div class='ocr_carea' id='block_1_37' title="bbox 2099 763 3680 841">
    <p class='ocr_par' dir='ltr' id='par_1_37' title="bbox 2099 763 3680 841">
     <span class='ocr_line' id='line_1_37' title="bbox 2099 763 3680 841; baseline -0.006 -16"><span class='ocrx_word' id='word_1_265' title='bbox 2099 769 2435 833; x_wconf 80' lang='grc' dir='ltr'>διαλυθέντος</span> <span class='ocrx_word' id='word_1_266' title='bbox 2477 769 2590 841; x_wconf 69' lang='grc'>(72)</span> <span class='ocrx_word' id='word_1_267' title='bbox 2623 768 2775 822; x_wconf 77' lang='grc' dir='ltr'>οὐδὲν</span> <span class='ocrx_word' id='word_1_268' title='bbox 2795 763 2958 840; x_wconf 81' lang='grc' dir='ltr'>ἦττον</span> <span class='ocrx_word' id='word_1_269' title='bbox 2992 767 3085 821; x_wconf 78' lang='grc' dir='ltr'>καὶ</span> <span class='ocrx_word' id='word_1_270' title='bbox 3125 766 3235 820; x_wconf 80' lang='grc' dir='ltr'><strong>ἀπὸ</strong></span> <span class='ocrx_word' id='word_1_271' title='bbox 3255 765 3381 818; x_wconf 79' lang='grc' dir='ltr'>-τῶν</span> <span class='ocrx_word' id='word_1_272' title='bbox 3409 764 3680 832; x_wconf 74' lang='grc' dir='ltr'><strong>λειψάνων</strong></span> 
     </span>
    </p>
   </div>
   <div class='ocr_carea' id='block_1_38' title="bbox 2099 854 3677 933">
    <p class='ocr_par' dir='ltr' id='par_1_38' title="bbox 2099 854 3677 933">
     <span class='ocr_line' id='line_1_38' title="bbox 2099 854 3677 933; baseline -0.005 -17"><span class='ocrx_word' id='word_1_273' title='bbox 2099 863 2133 933; x_wconf 79' lang='grc' dir='ltr'><strong>ἡ</strong></span> <span class='ocrx_word' id='word_1_274' title='bbox 2158 862 2468 932; x_wconf 82' lang='grc' dir='ltr'><strong>κεκτημένη</strong></span> <span class='ocrx_word' id='word_1_275' title='bbox 2503 862 2565 914; x_wconf 86' lang='grc' dir='ltr'>τὸ</span> <span class='ocrx_word' id='word_1_276' title='bbox 2595 859 2786 924; x_wconf 80' lang='grc' dir='ltr'>σκεῦος</span> <span class='ocrx_word' id='word_1_277' title='bbox 2811 859 2958 930; x_wconf 79' lang='grc' dir='ltr'>ψυχὴ</span> <span class='ocrx_word' id='word_1_278' title='bbox 2985 857 3048 912; x_wconf 79' lang='grc' dir='ltr'>τὸ</span> <span class='ocrx_word' id='word_1_279' title='bbox 3082 859 3278 912; x_wconf 86' lang='grc' dir='ltr'>οἰκεῖον</span> <span class='ocrx_word' id='word_1_280' title='bbox 3302 854 3677 925; x_wconf 76' lang='grc' dir='ltr'><strong>ἐπιγινώσκει,</strong></span> 
     </span>
    </p>
   </div>
   <div class='ocr_carea' id='block_1_39' title="bbox 2099 945 3677 1022">
    <p class='ocr_par' dir='ltr' id='par_1_39' title="bbox 2099 945 3677 1022">
     <span class='ocr_line' id='line_1_39' title="bbox 2099 945 3677 1022; baseline -0.006 -16"><span class='ocrx_word' id='word_1_281' title='bbox 2099 951 2223 1006; x_wconf 72' lang='grc' dir='ltr'>οὔτε</span> <span class='ocrx_word' id='word_1_282' title='bbox 2253 954 2310 1005; x_wconf 82' lang='grc' dir='ltr'><strong>ἐν</strong></span> <span class='ocrx_word' id='word_1_283' title='bbox 2337 952 2448 1022; x_wconf 80' lang='grc'>(75)</span> <span class='ocrx_word' id='word_1_284' title='bbox 2488 954 2556 1022; x_wconf 74' lang='grc' dir='ltr'>τῇ</span> <span class='ocrx_word' id='word_1_285' title='bbox 2585 951 2838 1022; x_wconf 77' lang='grc' dir='ltr'>κοινωνίᾳ</span> <span class='ocrx_word' id='word_1_286' title='bbox 2863 949 2969 1003; x_wconf 90' lang='grc' dir='ltr'><strong>τῶν</strong></span> <span class='ocrx_word' id='word_1_287' title='bbox 2999 949 3444 1020; x_wconf 87' lang='grc' dir='ltr'>συντριμμάτων,</span> <span class='ocrx_word' id='word_1_288' title='bbox 3469 945 3594 998; x_wconf 76' lang='grc' dir='ltr'>οὔτε</span> <span class='ocrx_word' id='word_1_289' title='bbox 3625 946 3677 998; x_wconf 75' lang='grc' dir='ltr'>εἰ</span> 
     </span>
    </p>
   </div>
   <div class='ocr_carea' id='block_1_40' title="bbox 2100 1040 3676 1116">
    <p class='ocr_par' dir='ltr' id='par_1_40' title="bbox 2100 1040 3676 1116">
     <span class='ocr_line' id='line_1_40' title="bbox 2100 1040 3676 1116; baseline -0.004 -18"><span class='ocrx_word' id='word_1_290' title='bbox 2100 1043 2236 1116; x_wconf 71' lang='grc' dir='ltr'>πρὸς</span> <span class='ocrx_word' id='word_1_291' title='bbox 2256 1043 2316 1097; x_wconf 85' lang='grc' dir='ltr'><strong>τὺ</strong></span> <span class='ocrx_word' id='word_1_292' title='bbox 2347 1043 2756 1114; x_wconf 85' lang='grc' dir='ltr'>ἁκατέργαστον</span> <span class='ocrx_word' id='word_1_293' title='bbox 2783 1043 2882 1113; x_wconf 88' lang='grc' dir='ltr'><strong>τῆς</strong></span> <span class='ocrx_word' id='word_1_294' title='bbox 2907 1042 3016 1095; x_wconf 86' lang='grc' dir='ltr'><strong>τῶν</strong></span> <span class='ocrx_word' id='word_1_295' title='bbox 3039 1041 3315 1112; x_wconf 79' lang='grc' dir='ltr'>στοιχείων</span> <span class='ocrx_word' id='word_1_296' title='bbox 3343 1040 3474 1109; x_wconf 83' lang='grc' dir='ltr'>ὕλης</span> <span class='ocrx_word' id='word_1_297' title='bbox 3505 1055 3676 1092; x_wconf 79' lang='grc' dir='ltr'>κατα-</span> 
     </span>
    </p>
   </div>
   <div class='ocr_carea' id='block_1_41' title="bbox 2101 1130 3682 1207">
    <p class='ocr_par' dir='ltr' id='par_1_41' title="bbox 2101 1130 3682 1207">
     <span class='ocr_line' id='line_1_41' title="bbox 2101 1130 3682 1207; baseline -0.003 -20"><span class='ocrx_word' id='word_1_298' title='bbox 2101 1135 2344 1207; x_wconf 86' lang='grc' dir='ltr'>μιχθείη,</span> <span class='ocrx_word' id='word_1_299' title='bbox 2393 1134 2488 1189; x_wconf 81' lang='grc' dir='ltr'><strong>τοῦ</strong></span> <span class='ocrx_word' id='word_1_300' title='bbox 2530 1133 2732 1188; x_wconf 81' lang='grc' dir='ltr'>οἰκείου</span> <span class='ocrx_word' id='word_1_301' title='bbox 2770 1132 3132 1204; x_wconf 74' lang='grc' dir='ltr'><strong>ἀφισταμένη,</strong></span> <span class='ocrx_word' id='word_1_302' title='bbox 3174 1130 3288 1185; x_wconf 81' lang='grc' dir='ltr'>ἀλλ’</span> <span class='ocrx_word' id='word_1_303' title='bbox 3323 1131 3408 1184; x_wconf 80' lang='grc' dir='ltr'><strong>ἀεὶ</strong></span> <span class='ocrx_word' id='word_1_304' title='bbox 3453 1131 3682 1182; x_wconf 82' lang='grc' dir='ltr'>ἐπιστα-</span> 
     </span>
    </p>
   </div>
   <div class='ocr_carea' id='block_1_42' title="bbox 2101 1218 3672 1294">
    <p class='ocr_par' dir='ltr' id='par_1_42' title="bbox 2101 1218 3672 1294">
     <span class='ocr_line' id='line_1_42' title="bbox 2101 1218 3672 1294; baseline -0.004 -17"><span class='ocrx_word' id='word_1_305' title='bbox 2101 1226 2237 1294; x_wconf 85' lang='grc' dir='ltr'>μένη</span> <span class='ocrx_word' id='word_1_306' title='bbox 2269 1223 2514 1284; x_wconf 70' lang='grc' dir='ltr'>τὺίδιον,</span> <span class='ocrx_word' id='word_1_307' title='bbox 2543 1218 2654 1277; x_wconf 82' lang='grc' dir='ltr'>οἷόν</span> <span class='ocrx_word' id='word_1_308' title='bbox 2677 1239 2737 1276; x_wconf 88' lang='grc' dir='ltr'><strong>τε</strong></span> <span class='ocrx_word' id='word_1_309' title='bbox 2772 1221 3039 1285; x_wconf 80' lang='grc' dir='ltr'>συνεστὼς</span> <span class='ocrx_word' id='word_1_310' title='bbox 3083 1222 3195 1294; x_wconf 70' lang='grc'>(74)</span> <span class='ocrx_word' id='word_1_311' title='bbox 3235 1221 3293 1273; x_wconf 82' lang='grc' dir='ltr'><strong>ἐν</strong></span> <span class='ocrx_word' id='word_1_312' title='bbox 3321 1219 3398 1289; x_wconf 85' lang='grc' dir='ltr'>τῷ</span> <span class='ocrx_word' id='word_1_313' title='bbox 3431 1219 3672 1289; x_wconf 85' lang='grc' dir='ltr'>σχήματι</span> 
     </span>
    </p>
   </div>
   <div class='ocr_carea' id='block_1_43' title="bbox 2094 1308 3674 1387">
    <p class='ocr_par' dir='ltr' id='par_1_43' title="bbox 2094 1308 3674 1387">
     <span class='ocr_line' id='line_1_43' title="bbox 2094 1308 3674 1387; baseline -0.007 -17"><span class='ocrx_word' id='word_1_314' title='bbox 2094 1313 2185 1387; x_wconf 82' lang='grc' dir='ltr'><strong>ῆν,</strong></span> <span class='ocrx_word' id='word_1_315' title='bbox 2213 1316 2306 1369; x_wconf 81' lang='grc' dir='ltr'>καὶ</span> <span class='ocrx_word' id='word_1_316' title='bbox 2343 1315 2480 1386; x_wconf 76' lang='grc' dir='ltr'>μετὰ</span> <span class='ocrx_word' id='word_1_317' title='bbox 2505 1316 2603 1386; x_wconf 81' lang='grc' dir='ltr'>τὴν</span> <span class='ocrx_word' id='word_1_318' title='bbox 2627 1314 2865 1368; x_wconf 86' lang='grc' dir='ltr'>διάλυσιν</span> <span class='ocrx_word' id='word_1_319' title='bbox 2900 1315 2965 1366; x_wconf 84' lang='grc' dir='ltr'><strong>ἐκ</strong></span> <span class='ocrx_word' id='word_1_320' title='bbox 2996 1311 3102 1366; x_wconf 86' lang='grc' dir='ltr'><strong>τῶν</strong></span> <span class='ocrx_word' id='word_1_321' title='bbox 3121 1311 3534 1382; x_wconf 83' lang='grc' dir='ltr'>ἁπομεινάντων</span> <span class='ocrx_word' id='word_1_322' title='bbox 3555 1308 3674 1378; x_wconf 83' lang='grc'>(75)</span> 
     </span>
    </p>
   </div>
   <div class='ocr_carea' id='block_1_44' title="bbox 2098 1397 3667 1474">
    <p class='ocr_par' dir='ltr' id='par_1_44' title="bbox 2098 1397 3667 1474">
     <span class='ocr_line' id='line_1_44' title="bbox 2098 1397 3667 1474; baseline -0.007 -15"><span class='ocrx_word' id='word_1_323' title='bbox 2098 1406 2338 1474; x_wconf 79' lang='grc' dir='ltr'>σημείων</span> <span class='ocrx_word' id='word_1_324' title='bbox 2363 1408 2476 1469; x_wconf 74' lang='grc' dir='ltr'>τοῖς</span> <span class='ocrx_word' id='word_1_325' title='bbox 2502 1404 2774 1474; x_wconf 70' lang='grc' dir='ltr'>λειψάνοις</span> <span class='ocrx_word' id='word_1_326' title='bbox 2809 1403 2870 1456; x_wconf 80' lang='grc' dir='ltr'>οὐ</span> <span class='ocrx_word' id='word_1_327' title='bbox 2903 1401 3228 1472; x_wconf 81' lang='grc' dir='ltr'>πλανωμένη</span> <span class='ocrx_word' id='word_1_328' title='bbox 3257 1400 3384 1472; x_wconf 81' lang='grc' dir='ltr'>περὶ</span> <span class='ocrx_word' id='word_1_329' title='bbox 3426 1398 3487 1452; x_wconf 83' lang='grc' dir='ltr'>τὸ</span> <span class='ocrx_word' id='word_1_330' title='bbox 3516 1397 3667 1450; x_wconf 73' lang='grc' dir='ltr'>ἴδιον.</span> 
     </span>
    </p>
   </div>
   <div class='ocr_carea' id='block_1_45' title="bbox 2092 1484 3671 1559">
    <p class='ocr_par' dir='ltr' id='par_1_45' title="bbox 2092 1484 3671 1559">
     <span class='ocr_line' id='line_1_45' title="bbox 2092 1484 3671 1559; baseline -0.006 -14"><span class='ocrx_word' id='word_1_331' title='bbox 2092 1522 2164 1532; x_wconf 93' lang='grc'><strong>-</strong></span> <span class='ocrx_word' id='word_1_332' title='bbox 2183 1491 2243 1544; x_wconf 93' lang='grc' dir='ltr'><strong>Γ.</strong></span> <span class='ocrx_word' id='word_1_333' title='bbox 2282 1489 2700 1559; x_wconf 83' lang='grc' dir='ltr'>Ἐπιδεξάμενος</span> <span class='ocrx_word' id='word_1_334' title='bbox 2720 1487 2864 1541; x_wconf 81' lang='grc' dir='ltr'>δὲτὰ</span> <span class='ocrx_word' id='word_1_335' title='bbox 2895 1489 3163 1558; x_wconf 75' lang='grc' dir='ltr'><strong>εἰρημένα</strong></span> <span class='ocrx_word' id='word_1_336' title='bbox 3191 1485 3268 1549; x_wconf 85' lang='grc' dir='ltr'>ὡς</span> <span class='ocrx_word' id='word_1_337' title='bbox 3289 1484 3578 1556; x_wconf 81' lang='grc' dir='ltr'>προσφυῶς</span> <span class='ocrx_word' id='word_1_338' title='bbox 3610 1501 3671 1536; x_wconf 72' lang='grc' dir='ltr'><strong>τε</strong></span> 
     </span>
    </p>
   </div>
   <div class='ocr_carea' id='block_1_46' title="bbox 2092 1575 3672 1652">
    <p class='ocr_par' dir='ltr' id='par_1_46' title="bbox 2092 1575 3672 1652">
     <span class='ocr_line' id='line_1_46' title="bbox 2092 1575 3672 1652; baseline -0.008 -14"><span class='ocrx_word' id='word_1_339' title='bbox 2092 1584 2187 1638; x_wconf 78' lang='grc' dir='ltr'>καὶ</span> <span class='ocrx_word' id='word_1_340' title='bbox 2217 1581 2436 1646; x_wconf 74' lang='grc' dir='ltr'>οἰκείως</span> <span class='ocrx_word' id='word_1_341' title='bbox 2468 1582 2604 1652; x_wconf 84' lang='grc' dir='ltr'>πρὸς</span> <span class='ocrx_word' id='word_1_342' title='bbox 2627 1580 2718 1633; x_wconf 75' lang='grc' dir='ltr'>τὸν</span> <span class='ocrx_word' id='word_1_343' title='bbox 2746 1581 3103 1652; x_wconf 89' lang='grc' dir='ltr'>προκείμενον</span> <span class='ocrx_word' id='word_1_344' title='bbox 3132 1577 3422 1652; x_wconf 78' lang='grc' dir='ltr'>εὑρεθέντα</span> <span class='ocrx_word' id='word_1_345' title='bbox 3445 1575 3672 1640; x_wconf 79' lang='grc' dir='ltr'>σκοπὸν,</span> 
     </span>
    </p>
   </div>
   <div class='ocr_carea' id='block_1_47' title="bbox 2091 1665 3674 1744">
    <p class='ocr_par' dir='ltr' id='par_1_47' title="bbox 2091 1665 3674 1744">
     <span class='ocr_line' id='line_1_47' title="bbox 2091 1665 3674 1744; baseline -0.006 -17"><span class='ocrx_word' id='word_1_346' title='bbox 2091 1673 2277 1727; x_wconf 84' lang='grc' dir='ltr'>Ταῦτα</span> <span class='ocrx_word' id='word_1_347' title='bbox 2303 1672 2403 1744; x_wconf 86' lang='grc' dir='ltr'>μὲν</span> <span class='ocrx_word' id='word_1_348' title='bbox 2423 1671 2619 1736; x_wconf 76' lang='grc' dir='ltr'>οὓτως,</span> <span class='ocrx_word' id='word_1_349' title='bbox 2651 1666 2825 1738; x_wconf 80' lang='grc' dir='ltr'>εἷπον,</span> <span class='ocrx_word' id='word_1_350' title='bbox 2852 1669 3108 1740; x_wconf 81' lang='grc' dir='ltr'>λέγεσθαί</span> <span class='ocrx_word' id='word_1_351' title='bbox 3126 1687 3185 1723; x_wconf 85' lang='grc' dir='ltr'><strong>τε</strong></span> <span class='ocrx_word' id='word_1_352' title='bbox 3207 1668 3300 1723; x_wconf 69' lang='grc' dir='ltr'>καὶ</span> <span class='ocrx_word' id='word_1_353' title='bbox 3322 1665 3674 1720; x_wconf 80' lang='grc' dir='ltr'>πιστεύεσθαι</span> 
     </span>
    </p>
   </div>
   <div class='ocr_carea' id='block_1_48' title="bbox 2090 1759 3674 1837">
    <p class='ocr_par' dir='ltr' id='par_1_48' title="bbox 2090 1759 3674 1837">
     <span class='ocr_line' id='line_1_48' title="bbox 2090 1759 3674 1837; baseline -0.006 -18"><span class='ocrx_word' id='word_1_354' title='bbox 2090 1766 2270 1829; x_wconf 88' lang='grc' dir='ltr'>καλῶς</span> <span class='ocrx_word' id='word_1_355' title='bbox 2303 1765 2416 1837; x_wconf 78' lang='grc' dir='ltr'>ἔχει</span> <span class='ocrx_word' id='word_1_356' title='bbox 2434 1781 2448 1795; x_wconf 90' lang='grc'><strong>·</strong></span> <span class='ocrx_word' id='word_1_357' title='bbox 2467 1767 2515 1818; x_wconf 83' lang='grc' dir='ltr'><strong>εί</strong></span> <span class='ocrx_word' id='word_1_358' title='bbox 2553 1765 2608 1818; x_wconf 87' lang='grc' dir='ltr'><strong>δέ</strong></span> <span class='ocrx_word' id='word_1_359' title='bbox 2627 1782 2711 1829; x_wconf 90' lang='grc' dir='ltr'><strong>τις</strong></span> <span class='ocrx_word' id='word_1_360' title='bbox 2740 1763 2800 1818; x_wconf 83' lang='grc' dir='ltr'>τὸ</span> <span class='ocrx_word' id='word_1_361' title='bbox 2823 1765 2880 1818; x_wconf 83' lang='grc' dir='ltr'>ὲν</span> <span class='ocrx_word' id='word_1_362' title='bbox 2901 1762 2979 1835; x_wconf 80' lang='grc' dir='ltr'><strong>τῷ</strong></span> <span class='ocrx_word' id='word_1_363' title='bbox 3008 1761 3324 1832; x_wconf 78' lang='grc' dir='ltr'>Εὑαγγελίῳ</span> <span class='ocrx_word' id='word_1_364' title='bbox 3339 1759 3437 1813; x_wconf 75' lang='grc' dir='ltr'>τοῦ</span> <span class='ocrx_word' id='word_1_365' title='bbox 3460 1759 3674 1830; x_wconf 83' lang='grc' dir='ltr'>Κυρίου</span> 
     </span>
    </p>
   </div>
   <div class='ocr_carea' id='block_1_49' title="bbox 2091 1850 3668 1926">
    <p class='ocr_par' dir='ltr' id='par_1_49' title="bbox 2091 1850 3668 1926">
     <span class='ocr_line' id='line_1_49' title="bbox 2091 1850 3668 1926; baseline -0.007 -18"><span class='ocrx_word' id='word_1_366' title='bbox 2091 1855 2222 1926; x_wconf 78' lang='grc' dir='ltr'>περὶ</span> <span class='ocrx_word' id='word_1_367' title='bbox 2250 1854 2359 1908; x_wconf 87' lang='grc' dir='ltr'><strong>τῶν</strong></span> <span class='ocrx_word' id='word_1_368' title='bbox 2398 1853 2456 1908; x_wconf 82' lang='grc' dir='ltr'>ὲν</span> <span class='ocrx_word' id='word_1_369' title='bbox 2485 1853 2613 1925; x_wconf 69' lang='grc' dir='ltr'>ᾅδου</span> <span class='ocrx_word' id='word_1_370' title='bbox 2639 1853 2883 1925; x_wconf 81' lang='grc' dir='ltr'>διήγημα</span> <span class='ocrx_word' id='word_1_371' title='bbox 2921 1852 3058 1922; x_wconf 82' lang='grc' dir='ltr'>πρὸς</span> <span class='ocrx_word' id='word_1_372' title='bbox 3094 1851 3162 1903; x_wconf 80' lang='grc' dir='ltr'>τὰ</span> <span class='ocrx_word' id='word_1_373' title='bbox 3206 1850 3468 1921; x_wconf 80' lang='grc' dir='ltr'>εἰρημένα</span> <span class='ocrx_word' id='word_1_374' title='bbox 3495 1862 3668 1919; x_wconf 85' lang='grc' dir='ltr'>προσ-</span> 
     </span>
    </p>
   </div>
   <div class='ocr_carea' id='block_1_50' title="bbox 2094 1935 3668 2016">
    <p class='ocr_par' dir='ltr' id='par_1_50' title="bbox 2094 1935 3668 2016">
     <span class='ocr_line' id='line_1_50' title="bbox 2094 1935 3668 2016; baseline -0.008 -18"><span class='ocrx_word' id='word_1_375' title='bbox 2094 1944 2253 2016; x_wconf 76' lang='grc' dir='ltr'>φέροι</span> <span class='ocrx_word' id='word_1_376' title='bbox 2285 1942 2420 2014; x_wconf 89' lang='grc'>(76),</span> <span class='ocrx_word' id='word_1_377' title='bbox 2449 1941 2525 2006; x_wconf 84' lang='grc' dir='ltr'><strong>ὡς</strong></span> <span class='ocrx_word' id='word_1_378' title='bbox 2557 1943 2618 1996; x_wconf 84' lang='grc' dir='ltr'>οὐ</span> <span class='ocrx_word' id='word_1_379' title='bbox 2646 1942 2941 2013; x_wconf 77' lang='grc' dir='ltr'>συμϐαῖνον</span> <span class='ocrx_word' id='word_1_380' title='bbox 2963 1943 3075 2003; x_wconf 83' lang='grc' dir='ltr'>τοῖς</span> <span class='ocrx_word' id='word_1_381' title='bbox 3103 1938 3488 2008; x_wconf 78' lang='grc' dir='ltr'>ἐξητασμένοις</span> <span class='ocrx_word' id='word_1_382' title='bbox 3528 1935 3668 2006; x_wconf 80' lang='grc'>(77),</span> 
     </span>
    </p>
   </div>
   <div class='ocr_carea' id='block_1_51' title="bbox 2092 2031 3554 2109">
    <p class='ocr_par' dir='ltr' id='par_1_51' title="bbox 2092 2031 3554 2109">
     <span class='ocr_line' id='line_1_51' title="bbox 2092 2031 3554 2109; baseline -0.007 -18"><span class='ocrx_word' id='word_1_383' title='bbox 2092 2036 2210 2102; x_wconf 87' lang='grc' dir='ltr'><strong>πῶς</strong></span> <span class='ocrx_word' id='word_1_384' title='bbox 2234 2037 2341 2109; x_wconf 82' lang='grc' dir='ltr'>χρὴ</span> <span class='ocrx_word' id='word_1_385' title='bbox 2371 2033 2892 2108; x_wconf 86' lang='grc' dir='ltr'>παρασκευάσασθαι</span> <span class='ocrx_word' id='word_1_386' title='bbox 2923 2031 3060 2105; x_wconf 77' lang='grc' dir='ltr'>πρὸς</span> <span class='ocrx_word' id='word_1_387' title='bbox 3088 2034 3186 2104; x_wconf 83' lang='grc' dir='ltr'>τὴν</span> <span class='ocrx_word' id='word_1_388' title='bbox 3223 2031 3512 2102; x_wconf 84' lang='grc' dir='ltr'>ἀπόκρισιν</span> <span class='ocrx_word' id='word_1_389' title='bbox 3535 2045 3554 2095; x_wconf 84' lang='lat'><strong>;</strong></span> 
     </span>
    </p>
   </div>
   <div class='ocr_carea' id='block_1_52' title="bbox 2101 2130 3674 2205">
    <p class='ocr_par' dir='ltr' id='par_1_52' title="bbox 2101 2130 3674 2205">
     <span class='ocr_line' id='line_1_52' title="bbox 2101 2130 3674 2205; baseline -0.007 -17"><span class='ocrx_word' id='word_1_390' title='bbox 2101 2147 2221 2205; x_wconf 70' lang='lat' dir='ltr'><strong>qua:</strong></span> <span class='ocrx_word' id='word_1_391' title='bbox 2266 2130 2575 2187; x_wconf 79' lang='lat' dir='ltr'><strong>examinata</strong></span> <span class='ocrx_word' id='word_1_392' title='bbox 2617 2137 2782 2201; x_wconf 91' lang='lat' dir='ltr'><strong>atque</strong></span> <span class='ocrx_word' id='word_1_393' title='bbox 2836 2144 3103 2201; x_wconf 89' lang='lat' dir='ltr'><strong>perpensa</strong></span> <span class='ocrx_word' id='word_1_394' title='bbox 3151 2135 3302 2194; x_wconf 88' lang='lat' dir='ltr'><strong>sunt,</strong></span> <span class='ocrx_word' id='word_1_395' title='bbox 3362 2142 3469 2196; x_wconf 92' lang='lat' dir='ltr'><strong>quo</strong></span> <span class='ocrx_word' id='word_1_396' title='bbox 3510 2131 3674 2195; x_wconf 86' lang='lat' dir='ltr'><strong>pacto</strong></span> 
     </span>
    </p>
   </div>
   <div class='ocr_carea' id='block_1_53' title="bbox 2159 2305 3670 2384">
    <p class='ocr_par' dir='ltr' id='par_1_53' title="bbox 2159 2305 3670 2384">
     <span class='ocr_line' id='line_1_53' title="bbox 2159 2305 3670 2384; baseline 0 -20"><span class='ocrx_word' id='word_1_397' title='bbox 2159 2311 2238 2366; x_wconf 89' lang='lat' dir='ltr'><strong>M.</strong></span> <span class='ocrx_word' id='word_1_398' title='bbox 2255 2311 2318 2365; x_wconf 88' lang='grc' dir='ltr'><em>Ἢ</em></span> <span class='ocrx_word' id='word_1_399' title='bbox 2330 2307 2857 2383; x_wconf 29' lang='grc' dir='ltr'>διδάσκαλος(78),δὲ,</span> <span class='ocrx_word' id='word_1_400' title='bbox 2876 2312 3238 2384; x_wconf 70' lang='grc' dir='ltr'>Σωματικὼτε</span> <span class='ocrx_word' id='word_1_401' title='bbox 3246 2327 3336 2384; x_wconf 86' lang='grc' dir='ltr'><strong>ρον</strong></span> <span class='ocrx_word' id='word_1_402' title='bbox 3346 2311 3464 2380; x_wconf 70' lang='grc' dir='ltr'>μὲν,</span> <span class='ocrx_word' id='word_1_403' title='bbox 3483 2305 3670 2374; x_wconf 67' lang='grc' dir='ltr'>φησὶν»</span> 
     </span>
    </p>
   </div>
   <div class='ocr_carea' id='block_1_54' title="bbox 2096 2395 3669 2468">
    <p class='ocr_par' dir='ltr' id='par_1_54' title="bbox 2096 2395 3669 2468">
     <span class='ocr_line' id='line_1_54' title="bbox 2096 2395 3669 2468; baseline -0.001 -20"><span class='ocrx_word' id='word_1_404' title='bbox 2096 2397 2125 2448; x_wconf 84' lang='grc' dir='ltr'>ὁ</span> <span class='ocrx_word' id='word_1_405' title='bbox 2148 2395 2305 2465; x_wconf 84' lang='grc' dir='ltr'>λόγος</span> <span class='ocrx_word' id='word_1_406' title='bbox 2330 2395 2604 2451; x_wconf 79' lang='grc' dir='ltr'>ἐκτίθεται</span> <span class='ocrx_word' id='word_1_407' title='bbox 2631 2395 2690 2449; x_wconf 81' lang='grc' dir='ltr'><strong>τὸ</strong></span> <span class='ocrx_word' id='word_1_408' title='bbox 2709 2396 2972 2468; x_wconf 82' lang='grc' dir='ltr'>διήγημα,</span> <span class='ocrx_word' id='word_1_409' title='bbox 3004 2396 3202 2458; x_wconf 81' lang='grc' dir='ltr'>πολλάς</span> <span class='ocrx_word' id='word_1_410' title='bbox 3220 2395 3276 2449; x_wconf 83' lang='grc' dir='ltr'>δὲ</span> <span class='ocrx_word' id='word_1_411' title='bbox 3306 2395 3669 2467; x_wconf 87' lang='grc' dir='ltr'>κατασπείρει</span> 
     </span>
    </p>
   </div>
   <div class='ocr_carea' id='block_1_55' title="bbox 2094 2481 3669 2561">
    <p class='ocr_par' dir='ltr' id='par_1_55' title="bbox 2094 2481 3669 2561">
     <span class='ocr_line' id='line_1_55' title="bbox 2094 2481 3669 2561; baseline 0 -18"><span class='ocrx_word' id='word_1_412' title='bbox 2094 2488 2193 2552; x_wconf 85' lang='grc' dir='ltr'><strong>τάς</strong></span> <span class='ocrx_word' id='word_1_413' title='bbox 2224 2486 2497 2559; x_wconf 78' lang='grc' dir='ltr'>ἀφορμὰς,</span> <span class='ocrx_word' id='word_1_414' title='bbox 2545 2487 2613 2541; x_wconf 86' lang='grc' dir='ltr'>δι’</span> <span class='ocrx_word' id='word_1_415' title='bbox 2645 2481 2719 2542; x_wconf 86' lang='grc' dir='ltr'>ὧν</span> <span class='ocrx_word' id='word_1_416' title='bbox 2748 2490 2827 2550; x_wconf 83' lang='grc' dir='ltr'>εἰς</span> <span class='ocrx_word' id='word_1_417' title='bbox 2873 2487 3201 2560; x_wconf 82' lang='grc' dir='ltr'>λεπτοτέραν</span> <span class='ocrx_word' id='word_1_418' title='bbox 3239 2487 3471 2561; x_wconf 85' lang='grc' dir='ltr'>θεωρίαν</span> <span class='ocrx_word' id='word_1_419' title='bbox 3500 2489 3669 2543; x_wconf 82' lang='grc' dir='ltr'>ἐκκα-</span> 
     </span>
    </p>
   </div>
   <div class='ocr_carea' id='block_1_56' title="bbox 2093 2578 3670 2654">
    <p class='ocr_par' dir='ltr' id='par_1_56' title="bbox 2093 2578 3670 2654">
     <span class='ocr_line' id='line_1_56' title="bbox 2093 2578 3670 2654; baseline 0.003 -23"><span class='ocrx_word' id='word_1_420' title='bbox 2093 2578 2267 2632; x_wconf 84' lang='grc' dir='ltr'>λεῖται</span> <span class='ocrx_word' id='word_1_421' title='bbox 2311 2580 2402 2634; x_wconf 78' lang='grc' dir='ltr'>τὸν</span> <span class='ocrx_word' id='word_1_422' title='bbox 2448 2579 2738 2651; x_wconf 70' lang='grc' dir='ltr'>ἐξεταστὴν</span> <span class='ocrx_word' id='word_1_423' title='bbox 2778 2580 2890 2652; x_wconf 81' lang='grc'>(79)</span> <span class='ocrx_word' id='word_1_424' title='bbox 2945 2581 3222 2636; x_wconf 78' lang='grc' dir='ltr'>ἐπαΐοντα.</span> <span class='ocrx_word' id='word_1_425' title='bbox 3293 2583 3350 2635; x_wconf 86' lang='grc' dir='ltr'>Ὀ</span> <span class='ocrx_word' id='word_1_426' title='bbox 3400 2582 3509 2654; x_wconf 84' lang='grc' dir='ltr'><strong>γὰρ</strong></span> <span class='ocrx_word' id='word_1_427' title='bbox 3566 2583 3670 2653; x_wconf 81' lang='grc' dir='ltr'>χά-</span> 
     </span>
    </p>
   </div>
   <div class='ocr_carea' id='block_1_57' title="bbox 2096 2671 3666 2745">
    <p class='ocr_par' dir='ltr' id='par_1_57' title="bbox 2096 2671 3666 2745">
     <span class='ocr_line' id='line_1_57' title="bbox 2096 2671 3666 2745; baseline 0.003 -22"><span class='ocrx_word' id='word_1_428' title='bbox 2096 2687 2263 2742; x_wconf 85' lang='grc' dir='ltr'>σματι</span> <span class='ocrx_word' id='word_1_429' title='bbox 2294 2671 2406 2742; x_wconf 88' lang='grc'>(80)</span> <span class='ocrx_word' id='word_1_430' title='bbox 2435 2672 2654 2743; x_wconf 86' lang='grc' dir='ltr'>μεγάλῳ</span> <span class='ocrx_word' id='word_1_431' title='bbox 2678 2672 2928 2742; x_wconf 87' lang='grc' dir='ltr'>διείργων</span> <span class='ocrx_word' id='word_1_432' title='bbox 2949 2672 3009 2726; x_wconf 84' lang='grc' dir='ltr'>τὸ</span> <span class='ocrx_word' id='word_1_433' title='bbox 3037 2673 3208 2728; x_wconf 81' lang='grc' dir='ltr'>κακὸν</span> <span class='ocrx_word' id='word_1_434' title='bbox 3243 2675 3308 2728; x_wconf 84' lang='grc' dir='ltr'>ὲκ</span> <span class='ocrx_word' id='word_1_435' title='bbox 3346 2672 3440 2727; x_wconf 83' lang='grc' dir='ltr'>τοῦ</span> <span class='ocrx_word' id='word_1_436' title='bbox 3481 2675 3666 2745; x_wconf 84' lang='grc' dir='ltr'>κρείτ·-</span> 
     </span>
    </p>
   </div>
   <div class='ocr_carea' id='block_1_58' title="bbox 2092 2763 3670 2837">
    <p class='ocr_par' dir='ltr' id='par_1_58' title="bbox 2092 2763 3670 2837">
     <span class='ocr_line' id='line_1_58' title="bbox 2092 2763 3670 2837; baseline 0.003 -24"><span class='ocrx_word' id='word_1_437' title='bbox 2092 2777 2263 2825; x_wconf 87' lang='grc' dir='ltr'>τονος,</span> <span class='ocrx_word' id='word_1_438' title='bbox 2295 2763 2552 2831; x_wconf 86' lang='grc' dir='ltr'>σταγόνος</span> <span class='ocrx_word' id='word_1_439' title='bbox 2591 2764 2650 2816; x_wconf 90' lang='grc' dir='ltr'><strong>τέ</strong></span> <span class='ocrx_word' id='word_1_440' title='bbox 2679 2781 2819 2828; x_wconf 89' lang='grc' dir='ltr'>τινος</span> <span class='ocrx_word' id='word_1_441' title='bbox 2850 2763 3097 2836; x_wconf 87' lang='grc' dir='ltr'>δακτύλῳ</span> <span class='ocrx_word' id='word_1_442' title='bbox 3142 2764 3254 2835; x_wconf 76' lang='grc'>(81)</span> <span class='ocrx_word' id='word_1_443' title='bbox 3302 2767 3670 2837; x_wconf 82' lang='grc' dir='ltr'>κομιζομένης</span> 
     </span>
    </p>
   </div>
   <div class='ocr_carea' id='block_1_59' title="bbox 2096 2854 3669 2930">
    <p class='ocr_par' dir='ltr' id='par_1_59' title="bbox 2096 2854 3669 2930">
     <span class='ocr_line' id='line_1_59' title="bbox 2096 2854 3669 2930; baseline 0.002 -22"><span class='ocrx_word' id='word_1_444' title='bbox 2096 2854 2284 2908; x_wconf 84' lang='grc' dir='ltr'>ἐπιδεᾶ</span> <span class='ocrx_word' id='word_1_445' title='bbox 2337 2857 2569 2927; x_wconf 85' lang='grc' dir='ltr'>ποιήσας</span> <span class='ocrx_word' id='word_1_446' title='bbox 2609 2855 2699 2909; x_wconf 83' lang='grc' dir='ltr'>τὸν</span> <span class='ocrx_word' id='word_1_447' title='bbox 2747 2855 3111 2926; x_wconf 82' lang='grc' dir='ltr'>ὀδυνώμενον,</span> <span class='ocrx_word' id='word_1_448' title='bbox 3166 2858 3260 2911; x_wconf 70' lang='grc' dir='ltr'>καὶ</span> <span class='ocrx_word' id='word_1_449' title='bbox 3330 2859 3669 2930; x_wconf 82' lang='grc' dir='ltr'>πατριάρχου</span> 
     </span>
    </p>
   </div>
   <div class='ocr_carea' id='block_1_60' title="bbox 2094 2946 3669 3020">
    <p class='ocr_par' dir='ltr' id='par_1_60' title="bbox 2094 2946 3669 3020">
     <span class='ocr_line' id='line_1_60' title="bbox 2094 2946 3669 3020; baseline 0 -19"><span class='ocrx_word' id='word_1_450' title='bbox 2094 2948 2292 3001; x_wconf 86' lang='grc' dir='ltr'>κόλπον</span> <span class='ocrx_word' id='word_1_451' title='bbox 2315 2947 2390 3017; x_wconf 83' lang='grc' dir='ltr'>τῷ</span> <span class='ocrx_word' id='word_1_452' title='bbox 2414 2946 2500 3000; x_wconf 76' lang='grc' dir='ltr'><strong>διὰ</strong></span> <span class='ocrx_word' id='word_1_453' title='bbox 2526 2947 2624 3016; x_wconf 84' lang='grc' dir='ltr'><strong>τῆς</strong></span> <span class='ocrx_word' id='word_1_454' title='bbox 2646 2947 2789 3018; x_wconf 76' lang='grc' dir='ltr'>ζωῆς</span> <span class='ocrx_word' id='word_1_455' title='bbox 2815 2947 3017 3018; x_wconf 84' lang='grc' dir='ltr'>ταύτης</span> <span class='ocrx_word' id='word_1_456' title='bbox 3049 2949 3420 3020; x_wconf 86' lang='grc' dir='ltr'>κεκακωμένῳ</span> <span class='ocrx_word' id='word_1_457' title='bbox 3447 2950 3669 3014; x_wconf 75' lang='grc' dir='ltr'>ὑποθεὶς</span> 
     </span>
    </p>
   </div>
   <div class='ocr_carea' id='block_1_61' title="bbox 2095 3037 3668 3109">
    <p class='ocr_par' dir='ltr' id='par_1_61' title="bbox 2095 3037 3668 3109">
     <span class='ocr_line' id='line_1_61' title="bbox 2095 3037 3668 3109; baseline 0 -17"><span class='ocrx_word' id='word_1_458' title='bbox 2095 3040 2399 3093; x_wconf 82' lang='grc' dir='ltr'>ἀνάπαυσιν</span> <span class='ocrx_word' id='word_1_459' title='bbox 2429 3037 2540 3109; x_wconf 75' lang='grc'>(82)</span> <span class='ocrx_word' id='word_1_460' title='bbox 2565 3080 2579 3104; x_wconf 89' lang='grc'><strong>,</strong></span> <span class='ocrx_word' id='word_1_461' title='bbox 2614 3039 2720 3108; x_wconf 82' lang='grc' dir='ltr'>πρὸ</span> <span class='ocrx_word' id='word_1_462' title='bbox 2751 3037 2954 3092; x_wconf 86' lang='grc' dir='ltr'>τούτων</span> <span class='ocrx_word' id='word_1_463' title='bbox 2981 3039 3038 3093; x_wconf 80' lang='grc' dir='ltr'>δὲ</span> <span class='ocrx_word' id='word_1_464' title='bbox 3070 3041 3162 3092; x_wconf 77' lang='grc' dir='ltr'>καὶ</span> <span class='ocrx_word' id='word_1_465' title='bbox 3192 3039 3253 3093; x_wconf 82' lang='grc' dir='ltr'>τὸ</span> <span class='ocrx_word' id='word_1_466' title='bbox 3289 3041 3541 3094; x_wconf 78' lang='grc' dir='ltr'>τεθνᾶναι</span> <span class='ocrx_word' id='word_1_467' title='bbox 3568 3042 3668 3094; x_wconf 81' lang='grc' dir='ltr'><strong>αὐ-</strong></span> 
     </span>
    </p>
   </div>
   <div class='ocr_carea' id='block_1_62' title="bbox 2094 3129 3667 3204">
    <p class='ocr_par' dir='ltr' id='par_1_62' title="bbox 2094 3129 3667 3204">
     <span class='ocr_line' id='line_1_62' title="bbox 2094 3129 3667 3204; baseline 0.002 -22"><span class='ocrx_word' id='word_1_468' title='bbox 2094 3131 2238 3196; x_wconf 75' lang='grc' dir='ltr'>τοὺς,</span> <span class='ocrx_word' id='word_1_469' title='bbox 2287 3131 2381 3184; x_wconf 65' lang='grc' dir='ltr'><strong>κιαι)⁸</strong></span> <span class='ocrx_word' id='word_1_470' title='bbox 2429 3133 2573 3201; x_wconf 70' lang='grc' dir='ltr'>ταφῇ</span> <span class='ocrx_word' id='word_1_471' title='bbox 2613 3130 2832 3200; x_wconf 82' lang='grc' dir='ltr'>δοθῆναι</span> <span class='ocrx_word' id='word_1_472' title='bbox 2875 3129 3292 3201; x_wconf 81' lang='grc' dir='ltr'>διηγησάμενος,</span> <span class='ocrx_word' id='word_1_473' title='bbox 3354 3132 3415 3184; x_wconf 80' lang='grc' dir='ltr'>οὐ</span> <span class='ocrx_word' id='word_1_474' title='bbox 3455 3133 3667 3204; x_wconf 84' lang='grc' dir='ltr'>μικρῶς</span> 
     </span>
    </p>
   </div>
   <div class='ocr_carea' id='block_1_63' title="bbox 406 3200 1994 3303">
    <p class='ocr_par' dir='ltr' id='par_1_63' title="bbox 406 3215 1992 3285">
     <span class='ocr_line' id='line_1_63' title="bbox 406 3215 1992 3285; baseline -0.002 -14"><span class='ocrx_word' id='word_1_475' title='bbox 406 3227 562 3271; x_wconf 82' lang='lat' dir='ltr'><strong>antea</strong></span> <span class='ocrx_word' id='word_1_476' title='bbox 617 3225 864 3271; x_wconf 87' lang='lat' dir='ltr'><strong>mortuos</strong></span> <span class='ocrx_word' id='word_1_477' title='bbox 919 3230 1016 3270; x_wconf 88' lang='lat' dir='ltr'><strong>eos</strong></span> <span class='ocrx_word' id='word_1_478' title='bbox 1087 3229 1152 3269; x_wconf 88' lang='lat' dir='ltr'><strong>ac</strong></span> <span class='ocrx_word' id='word_1_479' title='bbox 1203 3215 1497 3285; x_wconf 78' lang='lat' dir='ltr'><strong>sepulturae</strong></span> <span class='ocrx_word' id='word_1_480' title='bbox 1549 3216 1782 3271; x_wconf 87' lang='lat' dir='ltr'><strong>traditos</strong></span> <span class='ocrx_word' id='word_1_481' title='bbox 1824 3231 1992 3285; x_wconf 80' lang='lat' dir='ltr'><strong>expo-</strong></span> 
     </span>
    </p>
   </div>
   <div class='ocr_carea' id='block_1_64' title="bbox 2094 3200 3670 3303">
    <p class='ocr_par' dir='ltr' id='par_1_64' title="bbox 2094 3200 3670 3303">
     <span class='ocr_line' id='line_1_64' title="bbox 2094 3200 3670 3303; baseline 0.003 -31"><span class='ocrx_word' id='word_1_482' title='bbox 2094 3220 2351 3303; x_wconf 73' lang='grc' dir='ltr'>άφίστησι</span> <span class='ocrx_word' id='word_1_483' title='bbox 2397 3220 2497 3290; x_wconf 84' lang='grc' dir='ltr'><strong>τῆς</strong></span> <span class='ocrx_word' id='word_1_484' title='bbox 2526 3200 2665 3273; x_wconf 86' lang='grc' dir='ltr'>κατὰ</span> <span class='ocrx_word' id='word_1_485' title='bbox 2694 3223 2982 3291; x_wconf 85' lang='grc' dir='ltr'>πρόχειρον</span> <span class='ocrx_word' id='word_1_486' title='bbox 3021 3221 3144 3297; x_wconf 76' lang='grc'>(83)</span> <span class='ocrx_word' id='word_1_487' title='bbox 3172 3221 3408 3287; x_wconf 77' lang='grc' dir='ltr'>διανοίας</span> <span class='ocrx_word' id='word_1_488' title='bbox 3449 3200 3568 3277; x_wconf 35' lang='grc' dir='ltr'>τὸν-</span> <span class='ocrx_word' id='word_1_489' title='bbox 3590 3225 3670 3296; x_wconf 77' lang='grc' dir='ltr'>μὴ</span> 
     </span>
    </p>
   </div>
   <div class='ocr_carea' id='block_1_65' title="bbox 405 3307 1990 3379">
    <p class='ocr_par' dir='ltr' id='par_1_65' title="bbox 405 3307 1990 3379">
     <span class='ocr_line' id='line_1_65' title="bbox 405 3307 1990 3379; baseline -0.004 -14"><span class='ocrx_word' id='word_1_490' title='bbox 405 3311 538 3374; x_wconf 85' lang='lat' dir='ltr'><strong>suit,</strong></span> <span class='ocrx_word' id='word_1_491' title='bbox 575 3325 684 3363; x_wconf 90' lang='lat' dir='ltr'><strong>non</strong></span> <span class='ocrx_word' id='word_1_492' title='bbox 738 3325 930 3379; x_wconf 87' lang='lat' dir='ltr'><strong>parum</strong></span> <span class='ocrx_word' id='word_1_493' title='bbox 963 3317 1158 3363; x_wconf 81' lang='lat' dir='ltr'><strong>avocat</strong></span> <span class='ocrx_word' id='word_1_494' title='bbox 1204 3316 1259 3362; x_wconf 88' lang='lat' dir='ltr'><strong>et</strong></span> <span class='ocrx_word' id='word_1_495' title='bbox 1308 3307 1531 3363; x_wconf 88' lang='lat' dir='ltr'><strong>abducit</strong></span> <span class='ocrx_word' id='word_1_496' title='bbox 1563 3307 1630 3362; x_wconf 85' lang='lat' dir='ltr'><strong>ab</strong></span> <span class='ocrx_word' id='word_1_497' title='bbox 1671 3322 1734 3362; x_wconf 88' lang='lat' dir='ltr'><strong>ea</strong></span> <span class='ocrx_word' id='word_1_498' title='bbox 1771 3314 1990 3362; x_wconf 88' lang='lat' dir='ltr'><strong>senten-</strong></span> 
     </span>
    </p>
   </div>
   <div class='ocr_carea' id='block_1_66' title="bbox 408 3397 1992 3470">
    <p class='ocr_par' dir='ltr' id='par_1_66' title="bbox 408 3397 1992 3470">
     <span class='ocr_line' id='line_1_66' title="bbox 408 3397 1992 3470; baseline -0.003 -15"><span class='ocrx_word' id='word_1_499' title='bbox 408 3403 485 3455; x_wconf 89' lang='lat' dir='ltr'><strong>tia</strong></span> <span class='ocrx_word' id='word_1_500' title='bbox 525 3415 648 3470; x_wconf 69' lang='lat' dir='ltr'><strong>qna:</strong></span> <span class='ocrx_word' id='word_1_501' title='bbox 677 3401 734 3454; x_wconf 90' lang='lat' dir='ltr'><strong>in</strong></span> <span class='ocrx_word' id='word_1_502' title='bbox 782 3406 1039 3469; x_wconf 90' lang='lat' dir='ltr'><strong>promptu</strong></span> <span class='ocrx_word' id='word_1_503' title='bbox 1087 3405 1170 3453; x_wconf 91' lang='lat' dir='ltr'><strong>est</strong></span> <span class='ocrx_word' id='word_1_504' title='bbox 1215 3413 1338 3453; x_wconf 89' lang='lat' dir='ltr'><strong>eum</strong></span> <span class='ocrx_word' id='word_1_505' title='bbox 1403 3399 1495 3468; x_wconf 90' lang='lat' dir='ltr'><strong>qui</strong></span> <span class='ocrx_word' id='word_1_506' title='bbox 1555 3397 1698 3452; x_wconf 86' lang='lat' dir='ltr'><strong>haud</strong></span> <span class='ocrx_word' id='word_1_507' title='bbox 1744 3397 1907 3452; x_wconf 88' lang='lat' dir='ltr'><strong>stulte</strong></span> <span class='ocrx_word' id='word_1_508' title='bbox 1938 3406 1992 3450; x_wconf 88' lang='lat' dir='ltr'><strong>et</strong></span> 
     </span>
    </p>
   </div>
   <div class='ocr_carea' id='block_1_67' title="bbox 407 3487 1988 3563">
    <p class='ocr_par' dir='ltr' id='par_1_67' title="bbox 407 3487 1988 3563">
     <span class='ocr_line' id='line_1_67' title="bbox 407 3487 1988 3563; baseline -0.003 -17"><span class='ocrx_word' id='word_1_509' title='bbox 407 3493 678 3563; x_wconf 87' lang='lat' dir='ltr'><strong>imperite,</strong></span> <span class='ocrx_word' id='word_1_510' title='bbox 731 3491 826 3546; x_wconf 86' lang='lat' dir='ltr'><strong>sed</strong></span> <span class='ocrx_word' id='word_1_511' title='bbox 871 3490 1242 3560; x_wconf 89' lang='lat' dir='ltr'><strong>intelligenter</strong></span> <span class='ocrx_word' id='word_1_512' title='bbox 1292 3489 1457 3544; x_wconf 85' lang='lat' dir='ltr'><strong>verba</strong></span> <span class='ocrx_word' id='word_1_513' title='bbox 1501 3496 1786 3558; x_wconf 85' lang='lat' dir='ltr'><strong>sequatur.</strong></span> <span class='ocrx_word' id='word_1_514' title='bbox 1839 3487 1988 3553; x_wconf 82' lang='lat' dir='ltr'><strong>Quos</strong></span> 
     </span>
    </p>
   </div>
   <div class='ocr_carea' id='block_1_68' title="bbox 411 3582 1990 3653">
    <p class='ocr_par' dir='ltr' id='par_1_68' title="bbox 411 3582 1990 3653">
     <span class='ocr_line' id='line_1_68' title="bbox 411 3582 1990 3653; baseline -0.003 -13"><span class='ocrx_word' id='word_1_515' title='bbox 411 3587 562 3642; x_wconf 85' lang='lat' dir='ltr'><strong>cnim</strong></span> <span class='ocrx_word' id='word_1_516' title='bbox 595 3587 789 3641; x_wconf 88' lang='lat' dir='ltr'><strong>oculos</strong></span> <span class='ocrx_word' id='word_1_517' title='bbox 820 3585 1015 3640; x_wconf 87' lang='lat' dir='ltr'><strong>attollit</strong></span> <span class='ocrx_word' id='word_1_518' title='bbox 1060 3585 1114 3638; x_wconf 91' lang='lat' dir='ltr'><strong>in</strong></span> <span class='ocrx_word' id='word_1_519' title='bbox 1147 3583 1364 3639; x_wconf 76' lang='lat' dir='ltr'><strong>inferno</strong></span> <span class='ocrx_word' id='word_1_520' title='bbox 1394 3583 1548 3638; x_wconf 88' lang='lat' dir='ltr'><strong>dives</strong></span> <span class='ocrx_word' id='word_1_521' title='bbox 1595 3582 1708 3646; x_wconf 90' lang='lat' dir='ltr'><strong>ille,</strong></span> <span class='ocrx_word' id='word_1_522' title='bbox 1741 3583 1832 3653; x_wconf 90' lang='lat' dir='ltr'><strong>qni</strong></span> <span class='ocrx_word' id='word_1_523' title='bbox 1867 3597 1990 3636; x_wconf 90' lang='lat' dir='ltr'><strong>ear-</strong></span> 
     </span>
    </p>
   </div>
   <div class='ocr_carea' id='block_1_69' title="bbox 406 3673 1988 3745">
    <p class='ocr_par' dir='ltr' id='par_1_69' title="bbox 406 3673 1988 3745">
     <span class='ocr_line' id='line_1_69' title="bbox 406 3673 1988 3745; baseline 0.001 -17"><span class='ocrx_word' id='word_1_524' title='bbox 406 3688 562 3730; x_wconf 84' lang='lat' dir='ltr'><strong>ncos’</strong></span> <span class='ocrx_word' id='word_1_525' title='bbox 594 3676 787 3731; x_wconf 86' lang='lat' dir='ltr'><strong>oculos</strong></span> <span class='ocrx_word' id='word_1_526' title='bbox 847 3677 900 3728; x_wconf 93' lang='lat' dir='ltr'><strong>in</strong></span> <span class='ocrx_word' id='word_1_527' title='bbox 952 3673 1207 3745; x_wconf 89' lang='lat' dir='ltr'><strong>sepulcro</strong></span> <span class='ocrx_word' id='word_1_528' title='bbox 1268 3674 1599 3744; x_wconf 82' lang='lat' dir='ltr'><strong>reliquerat?</strong></span> <span class='ocrx_word' id='word_1_529' title='bbox 1650 3673 1771 3739; x_wconf 84' lang='lat' dir='ltr'><strong>Quo</strong></span> <span class='ocrx_word' id='word_1_530' title='bbox 1829 3681 1988 3743; x_wconf 89' lang='lat' dir='ltr'><strong>pacto</strong></span> 
     </span>
    </p>
   </div>
   <div class='ocr_carea' id='block_1_70' title="bbox 406 3765 1990 3836">
    <p class='ocr_par' dir='ltr' id='par_1_70' title="bbox 406 3765 1990 3836">
     <span class='ocr_line' id='line_1_70' title="bbox 406 3765 1990 3836; baseline 0 -16"><span class='ocrx_word' id='word_1_531' title='bbox 406 3767 536 3822; x_wconf 87' lang='lat' dir='ltr'><strong>item</strong></span> <span class='ocrx_word' id='word_1_532' title='bbox 585 3766 857 3821; x_wconf 80' lang='lat' dir='ltr'><strong>ﬂammam</strong></span> <span class='ocrx_word' id='word_1_533' title='bbox 919 3767 1085 3820; x_wconf 90' lang='lat' dir='ltr'><strong>sentit</strong></span> <span class='ocrx_word' id='word_1_534' title='bbox 1144 3765 1198 3820; x_wconf 89' lang='lat' dir='ltr'><strong>id</strong></span> <span class='ocrx_word' id='word_1_535' title='bbox 1244 3767 1389 3836; x_wconf 87' lang='lat' dir='ltr'><strong>quod</strong></span> <span class='ocrx_word' id='word_1_536' title='bbox 1437 3766 1818 3836; x_wconf 87' lang='lat' dir='ltr'><strong>incorporeum</strong></span> <span class='ocrx_word' id='word_1_537' title='bbox 1867 3765 1990 3821; x_wconf 86' lang='lat' dir='ltr'><strong>est?</strong></span> 
     </span>
    </p>
   </div>
   <div class='ocr_carea' id='block_1_71' title="bbox 405 3858 1988 3930">
    <p class='ocr_par' dir='ltr' id='par_1_71' title="bbox 405 3858 1988 3930">
     <span class='ocr_line' id='line_1_71' title="bbox 405 3858 1988 3930; baseline -0.001 -15"><span class='ocrx_word' id='word_1_538' title='bbox 405 3861 580 3927; x_wconf 83' lang='lat' dir='ltr'><strong>Quam</strong></span> <span class='ocrx_word' id='word_1_539' title='bbox 621 3875 750 3915; x_wconf 87' lang='lat' dir='ltr'><strong>vero</strong></span> <span class='ocrx_word' id='word_1_540' title='bbox 781 3859 1025 3930; x_wconf 87' lang='lat' dir='ltr'><strong>linguam</strong></span> <span class='ocrx_word' id='word_1_541' title='bbox 1071 3858 1381 3929; x_wconf 80' lang='lat' dir='ltr'><strong>refrigerari</strong></span> <span class='ocrx_word' id='word_1_542' title='bbox 1421 3875 1515 3929; x_wconf 89' lang='lat' dir='ltr'><strong>per</strong></span> <span class='ocrx_word' id='word_1_543' title='bbox 1548 3867 1756 3930; x_wconf 88' lang='lat' dir='ltr'><strong>guttam</strong></span> <span class='ocrx_word' id='word_1_544' title='bbox 1801 3859 1988 3929; x_wconf 89' lang='lat' dir='ltr'><strong>cupie-</strong></span> 
     </span>
    </p>
   </div>
   <div class='ocr_carea' id='block_1_72' title="bbox 406 3949 1986 4020">
    <p class='ocr_par' dir='ltr' id='par_1_72' title="bbox 406 3949 1986 4020">
     <span class='ocr_line' id='line_1_72' title="bbox 406 3949 1986 4020; baseline 0.001 -16"><span class='ocrx_word' id='word_1_545' title='bbox 406 3953 520 4015; x_wconf 84' lang='lat' dir='ltr'><strong>hat,</strong></span> <span class='ocrx_word' id='word_1_546' title='bbox 554 3965 680 4004; x_wconf 88' lang='lat' dir='ltr'><strong>cum</strong></span> <span class='ocrx_word' id='word_1_547' title='bbox 715 3951 764 4004; x_wconf 88' lang='lat' dir='ltr'><strong>ei</strong></span> <span class='ocrx_word' id='word_1_548' title='bbox 813 3964 1012 4004; x_wconf 86' lang='lat' dir='ltr'><strong>carnea</strong></span> <span class='ocrx_word' id='word_1_549' title='bbox 1043 3949 1230 4020; x_wconf 90' lang='lat' dir='ltr'><strong>lingua</strong></span> <span class='ocrx_word' id='word_1_550' title='bbox 1281 3965 1393 4004; x_wconf 89' lang='lat' dir='ltr'><strong>non</strong></span> <span class='ocrx_word' id='word_1_551' title='bbox 1433 3949 1692 4006; x_wconf 81' lang='lat' dir='ltr'><strong>adesset?</strong></span> <span class='ocrx_word' id='word_1_552' title='bbox 1720 3949 1844 4019; x_wconf 91' lang='lat' dir='ltr'><strong>quis</strong></span> <span class='ocrx_word' id='word_1_553' title='bbox 1865 3966 1986 4005; x_wconf 82' lang='lat' dir='ltr'><strong>-au-</strong></span> 
     </span>
    </p>
   </div>
   <div class='ocr_carea' id='block_1_73' title="bbox 403 4041 1987 4113">
    <p class='ocr_par' dir='ltr' id='par_1_73' title="bbox 403 4041 1987 4113">
     <span class='ocr_line' id='line_1_73' title="bbox 403 4041 1987 4113; baseline 0.001 -15"><span class='ocrx_word' id='word_1_554' title='bbox 403 4051 515 4098; x_wconf 89' lang='lat' dir='ltr'><strong>tem</strong></span> <span class='ocrx_word' id='word_1_555' title='bbox 568 4043 660 4096; x_wconf 90' lang='lat' dir='ltr'><strong>ille</strong></span> <span class='ocrx_word' id='word_1_556' title='bbox 706 4041 935 4111; x_wconf 90' lang='lat' dir='ltr'><strong>digitus,</strong></span> <span class='ocrx_word' id='word_1_557' title='bbox 997 4043 1090 4112; x_wconf 92' lang='lat' dir='ltr'><strong>qui</strong></span> <span class='ocrx_word' id='word_1_558' title='bbox 1141 4042 1422 4112; x_wconf 59' lang='lat' dir='ltr'><strong>prieferrct</strong></span> <span class='ocrx_word' id='word_1_559' title='bbox 1464 4042 1512 4096; x_wconf 89' lang='lat' dir='ltr'><strong>ei</strong></span> <span class='ocrx_word' id='word_1_560' title='bbox 1568 4043 1816 4112; x_wconf 82' lang='lat' dir='ltr'><strong>guttam?</strong></span> <span class='ocrx_word' id='word_1_561' title='bbox 1867 4042 1987 4113; x_wconf 86' lang='lat' dir='ltr'><strong>Ipse</strong></span> 
     </span>
    </p>
   </div>
   <div class='ocr_carea' id='block_1_74' title="bbox 405 4133 1984 4205">
    <p class='ocr_par' dir='ltr' id='par_1_74' title="bbox 405 4133 1984 4205">
     <span class='ocr_line' id='line_1_74' title="bbox 405 4133 1984 4205; baseline -0.001 -15"><span class='ocrx_word' id='word_1_562' title='bbox 405 4137 534 4190; x_wconf 91' lang='lat' dir='ltr'><strong>item</strong></span> <span class='ocrx_word' id='word_1_563' title='bbox 587 4134 744 4189; x_wconf 90' lang='lat' dir='ltr'><strong>sinus</strong></span> <span class='ocrx_word' id='word_1_564' title='bbox 799 4133 1083 4203; x_wconf 86' lang='lat' dir='ltr'><strong>requietis,</strong></span> <span class='ocrx_word' id='word_1_565' title='bbox 1134 4133 1301 4203; x_wconf 84' lang='lat' dir='ltr'><strong>quis?</strong></span> <span class='ocrx_word' id='word_1_566' title='bbox 1372 4133 1509 4188; x_wconf 87' lang='lat' dir='ltr'><strong>Cum</strong></span> <span class='ocrx_word' id='word_1_567' title='bbox 1565 4133 1708 4188; x_wconf 90' lang='lat' dir='ltr'><strong>enim</strong></span> <span class='ocrx_word' id='word_1_568' title='bbox 1751 4149 1984 4205; x_wconf 89' lang='lat' dir='ltr'><strong>corpora</strong></span> 
     </span>
    </p>
   </div>
   <div class='ocr_carea' id='block_1_75' title="bbox 403 4224 1986 4296">
    <p class='ocr_par' dir='ltr' id='par_1_75' title="bbox 403 4224 1986 4296">
     <span class='ocr_line' id='line_1_75' title="bbox 403 4224 1986 4296; baseline 0.001 -17"><span class='ocrx_word' id='word_1_569' title='bbox 403 4234 585 4281; x_wconf 80' lang='lat' dir='ltr'><strong>essent</strong></span> <span class='ocrx_word' id='word_1_570' title='bbox 628 4226 682 4280; x_wconf 92' lang='lat' dir='ltr'><strong>in</strong></span> <span class='ocrx_word' id='word_1_571' title='bbox 710 4225 1004 4295; x_wconf 87' lang='lat' dir='ltr'><strong>sepulcris,</strong></span> <span class='ocrx_word' id='word_1_572' title='bbox 1050 4224 1232 4278; x_wconf 90' lang='lat' dir='ltr'><strong>anima</strong></span> <span class='ocrx_word' id='word_1_573' title='bbox 1277 4239 1405 4279; x_wconf 84' lang='lat' dir='ltr'><strong>vero</strong></span> <span class='ocrx_word' id='word_1_574' title='bbox 1443 4240 1619 4295; x_wconf 83' lang='lat' dir='ltr'><strong>neque</strong></span> <span class='ocrx_word' id='word_1_575' title='bbox 1659 4225 1712 4279; x_wconf 93' lang='lat' dir='ltr'><strong>in</strong></span> <span class='ocrx_word' id='word_1_576' title='bbox 1757 4241 1986 4296; x_wconf 89' lang='lat' dir='ltr'><strong>corpore</strong></span> 
     </span>
    </p>
   </div>
   <div class='ocr_carea' id='block_1_76' title="bbox 403 4316 1986 4388">
    <p class='ocr_par' dir='ltr' id='par_1_76' title="bbox 403 4316 1986 4388">
     <span class='ocr_line' id='line_1_76' title="bbox 403 4316 1986 4388; baseline -0.001 -15"><span class='ocrx_word' id='word_1_577' title='bbox 403 4328 571 4382; x_wconf 86' lang='lat' dir='ltr'><strong>esset,</strong></span> <span class='ocrx_word' id='word_1_578' title='bbox 614 4333 791 4388; x_wconf 89' lang='lat' dir='ltr'><strong>neque</strong></span> <span class='ocrx_word' id='word_1_579' title='bbox 819 4332 883 4372; x_wconf 76' lang='lat' dir='ltr'><strong>ex</strong></span> <span class='ocrx_word' id='word_1_580' title='bbox 914 4317 1164 4386; x_wconf 86' lang='lat' dir='ltr'><strong>partibus</strong></span> <span class='ocrx_word' id='word_1_581' title='bbox 1214 4325 1513 4380; x_wconf 89' lang='lat' dir='ltr'><strong>constaret,</strong></span> <span class='ocrx_word' id='word_1_582' title='bbox 1563 4316 1780 4372; x_wconf 85' lang='lat' dir='ltr'><strong>diﬂicile</strong></span> <span class='ocrx_word' id='word_1_583' title='bbox 1820 4317 1986 4372; x_wconf 76' lang='lat' dir='ltr'><strong>fuerit</strong></span> 
     </span>
    </p>
   </div>
   <div class='ocr_carea' id='block_1_77' title="bbox 405 4407 1982 4478">
    <p class='ocr_par' dir='ltr' id='par_1_77' title="bbox 405 4407 1982 4478">
     <span class='ocr_line' id='line_1_77' title="bbox 405 4407 1982 4478; baseline -0.001 -15"><span class='ocrx_word' id='word_1_584' title='bbox 405 4410 737 4464; x_wconf 77' lang='lat' dir='ltr'><strong>narrationis</strong></span> <span class='ocrx_word' id='word_1_585' title='bbox 783 4417 1145 4473; x_wconf 89' lang='lat' dir='ltr'><strong>structuram,</strong></span> <span class='ocrx_word' id='word_1_586' title='bbox 1202 4417 1363 4477; x_wconf 89' lang='lat' dir='ltr'><strong>prout</strong></span> <span class='ocrx_word' id='word_1_587' title='bbox 1405 4407 1657 4476; x_wconf 86' lang='lat' dir='ltr'><strong>protinus</strong></span> <span class='ocrx_word' id='word_1_588' title='bbox 1696 4422 1762 4462; x_wconf 79' lang='lat' dir='ltr'><strong>ac</strong></span> <span class='ocrx_word' id='word_1_589' title='bbox 1804 4409 1982 4478; x_wconf 90' lang='lat' dir='ltr'><strong>prima</strong></span> 
     </span>
    </p>
   </div>
   <div class='ocr_carea' id='block_1_78' title="bbox 2091 3310 3665 3387">
    <p class='ocr_par' dir='ltr' id='par_1_78' title="bbox 2091 3310 3665 3387">
     <span class='ocr_line' id='line_1_78' title="bbox 2091 3310 3665 3387; baseline 0.003 -23"><span class='ocrx_word' id='word_1_590' title='bbox 2091 3310 2366 3374; x_wconf 82' lang='grc' dir='ltr'>ἀσυνέτως</span> <span class='ocrx_word' id='word_1_591' title='bbox 2399 3311 2510 3381; x_wconf 73' lang='grc'>(84)</span> <span class='ocrx_word' id='word_1_592' title='bbox 2553 3313 2662 3374; x_wconf 82' lang='grc' dir='ltr'>τοῖς</span> <span class='ocrx_word' id='word_1_593' title='bbox 2687 3312 2999 3382; x_wconf 83' lang='grc' dir='ltr'>λεγομένοις</span> <span class='ocrx_word' id='word_1_594' title='bbox 3028 3311 3313 3384; x_wconf 80' lang='grc' dir='ltr'>ἑπόμενον.</span> <span class='ocrx_word' id='word_1_595' title='bbox 3343 3315 3532 3378; x_wconf 85' lang='grc' dir='ltr'>Ποίους</span> <span class='ocrx_word' id='word_1_596' title='bbox 3556 3317 3665 3387; x_wconf 74' lang='grc' dir='ltr'>γὰρ</span> 
     </span>
    </p>
   </div>
   <div class='ocr_carea' id='block_1_79' title="bbox 2091 3401 3666 3479">
    <p class='ocr_par' dir='ltr' id='par_1_79' title="bbox 2091 3401 3666 3479">
     <span class='ocr_line' id='line_1_79' title="bbox 2091 3401 3666 3479; baseline 0.005 -26"><span class='ocrx_word' id='word_1_597' title='bbox 2091 3401 2404 3472; x_wconf 77' lang='grc' dir='ltr'>ὀφθαλμοὺς</span> <span class='ocrx_word' id='word_1_598' title='bbox 2431 3401 2645 3474; x_wconf 79' lang='grc' dir='ltr'>ἐπαίρει</span> <span class='ocrx_word' id='word_1_599' title='bbox 2673 3405 2730 3456; x_wconf 88' lang='grc' dir='ltr'><strong>ἐν</strong></span> <span class='ocrx_word' id='word_1_600' title='bbox 2764 3404 2841 3476; x_wconf 81' lang='grc' dir='ltr'>τῷ</span> <span class='ocrx_word' id='word_1_601' title='bbox 2885 3405 2988 3479; x_wconf 74' lang='grc' dir='ltr'><strong>ᾄδῃ</strong></span> <span class='ocrx_word' id='word_1_602' title='bbox 3026 3407 3054 3459; x_wconf 85' lang='grc' dir='ltr'><strong>ὁ</strong></span> <span class='ocrx_word' id='word_1_603' title='bbox 3093 3406 3366 3471; x_wconf 87' lang='grc' dir='ltr'>πλούσιος,</span> <span class='ocrx_word' id='word_1_604' title='bbox 3403 3408 3529 3471; x_wconf 78' lang='grc' dir='ltr'>τοὺς</span> <span class='ocrx_word' id='word_1_605' title='bbox 3566 3409 3666 3479; x_wconf 86' lang='grc' dir='ltr'><strong>τῆς</strong></span> 
     </span>
    </p>
   </div>
   <div class='ocr_carea' id='block_1_80' title="bbox 2093 3489 3666 3566">
    <p class='ocr_par' dir='ltr' id='par_1_80' title="bbox 2093 3489 3666 3566">
     <span class='ocr_line' id='line_1_80' title="bbox 2093 3489 3666 3566; baseline 0.004 -24"><span class='ocrx_word' id='word_1_606' title='bbox 2093 3489 2293 3562; x_wconf 80' lang='grc' dir='ltr'>σαρκὸς</span> <span class='ocrx_word' id='word_1_607' title='bbox 2360 3490 2578 3559; x_wconf 71' lang='grc' dir='ltr'>ἐναφεὶς</span> <span class='ocrx_word' id='word_1_608' title='bbox 2627 3490 2738 3562; x_wconf 83' lang='grc'>(85)</span> <span class='ocrx_word' id='word_1_609' title='bbox 2791 3492 2868 3564; x_wconf 79' lang='grc' dir='ltr'>τῷ</span> <span class='ocrx_word' id='word_1_610' title='bbox 2936 3494 3125 3566; x_wconf 77' lang='grc' dir='ltr'>τὰφῳς</span> <span class='ocrx_word' id='word_1_611' title='bbox 3183 3495 3308 3558; x_wconf 84' lang='grc' dir='ltr'>Πῶς</span> <span class='ocrx_word' id='word_1_612' title='bbox 3355 3495 3411 3548; x_wconf 79' lang='grc' dir='ltr'>δὲ</span> <span class='ocrx_word' id='word_1_613' title='bbox 3471 3494 3666 3564; x_wconf 84' lang='grc' dir='ltr'>φλογὸς</span> 
     </span>
    </p>
   </div>
   <div class='ocr_carea' id='block_1_81' title="bbox 2089 3581 3666 3654">
    <p class='ocr_par' dir='ltr' id='par_1_81' title="bbox 2089 3581 3666 3654">
     <span class='ocr_line' id='line_1_81' title="bbox 2089 3581 3666 3654; baseline 0.003 -20"><span class='ocrx_word' id='word_1_614' title='bbox 2089 3581 2354 3650; x_wconf 76' lang='grc' dir='ltr'>ᾐσθάνετο</span> <span class='ocrx_word' id='word_1_615' title='bbox 2388 3581 2500 3652; x_wconf 86' lang='grc'>(86)</span> <span class='ocrx_word' id='word_1_616' title='bbox 2526 3581 2586 3634; x_wconf 87' lang='grc' dir='ltr'>τὸ</span> <span class='ocrx_word' id='word_1_617' title='bbox 2608 3582 2897 3653; x_wconf 82' lang='grc' dir='ltr'>ἀσώματον</span> <span class='ocrx_word' id='word_1_618' title='bbox 2922 3601 2936 3652; x_wconf 86' lang='grc'>;</span> <span class='ocrx_word' id='word_1_619' title='bbox 2965 3586 3129 3640; x_wconf 88' lang='grc' dir='ltr'>Ποίαν</span> <span class='ocrx_word' id='word_1_620' title='bbox 3154 3586 3211 3646; x_wconf 83' lang='grc' dir='ltr'>δὲ</span> <span class='ocrx_word' id='word_1_621' title='bbox 3237 3586 3487 3654; x_wconf 86' lang='grc' dir='ltr'>γλῶσσαν</span> <span class='ocrx_word' id='word_1_622' title='bbox 3506 3603 3666 3639; x_wconf 82' lang='grc' dir='ltr'>κατα-</span> 
     </span>
    </p>
   </div>
   <div class='ocr_carea' id='block_1_82' title="bbox 2089 3672 3664 3749">
    <p class='ocr_par' dir='ltr' id='par_1_82' title="bbox 2089 3672 3664 3749">
     <span class='ocr_line' id='line_1_82' title="bbox 2089 3672 3664 3749; baseline 0.004 -25"><span class='ocrx_word' id='word_1_623' title='bbox 2089 3672 2360 3744; x_wconf 77' lang='grc' dir='ltr'>ψυχθῆναι</span> <span class='ocrx_word' id='word_1_624' title='bbox 2403 3673 2492 3726; x_wconf 81' lang='grc' dir='ltr'><strong>διὰ</strong></span> <span class='ocrx_word' id='word_1_625' title='bbox 2532 3673 2633 3744; x_wconf 85' lang='grc' dir='ltr'><strong>τῆς</strong></span> <span class='ocrx_word' id='word_1_626' title='bbox 2663 3675 2918 3743; x_wconf 87' lang='grc' dir='ltr'>σταγόνος</span> <span class='ocrx_word' id='word_1_627' title='bbox 2960 3678 3234 3746; x_wconf 80' lang='grc' dir='ltr'>ἐπιθυμεῖ,</span> <span class='ocrx_word' id='word_1_628' title='bbox 3273 3678 3372 3749; x_wconf 86' lang='grc' dir='ltr'><strong>τῆς</strong></span> <span class='ocrx_word' id='word_1_629' title='bbox 3401 3680 3664 3749; x_wconf 82' lang='grc' dir='ltr'>σαρκίνης</span> 
     </span>
    </p>
   </div>
   <div class='ocr_carea' id='block_1_83' title="bbox 2089 3767 3663 3840">
    <p class='ocr_par' dir='ltr' id='par_1_83' title="bbox 2089 3767 3663 3840">
     <span class='ocr_line' id='line_1_83' title="bbox 2089 3767 3663 3840; baseline 0.001 -18"><span class='ocrx_word' id='word_1_630' title='bbox 2089 3767 2238 3839; x_wconf 84' lang='grc' dir='ltr'>αὐτῷ</span> <span class='ocrx_word' id='word_1_631' title='bbox 2273 3769 2346 3840; x_wconf 84' lang='grc' dir='ltr'>μὴ</span> <span class='ocrx_word' id='word_1_632' title='bbox 2378 3769 2692 3840; x_wconf 81' lang='grc' dir='ltr'>παρούσης;</span> <span class='ocrx_word' id='word_1_633' title='bbox 2739 3770 2835 3833; x_wconf 91' lang='grc' dir='ltr'>Τίς</span> <span class='ocrx_word' id='word_1_634' title='bbox 2877 3770 2934 3823; x_wconf 85' lang='grc' dir='ltr'>δὲ</span> <span class='ocrx_word' id='word_1_635' title='bbox 2973 3769 3002 3820; x_wconf 83' lang='grc' dir='ltr'>ὁ</span> <span class='ocrx_word' id='word_1_636' title='bbox 3033 3769 3358 3839; x_wconf 79' lang='grc' dir='ltr'>διακομίζων</span> <span class='ocrx_word' id='word_1_637' title='bbox 3387 3769 3534 3839; x_wconf 80' lang='grc' dir='ltr'>αὐτῷ</span> <span class='ocrx_word' id='word_1_638' title='bbox 3565 3771 3663 3840; x_wconf 74' lang='grc' dir='ltr'>τὴν</span> 
     </span>
    </p>
   </div>
   <div class='ocr_carea' id='block_1_84' title="bbox 2090 3860 3663 3933">
    <p class='ocr_par' dir='ltr' id='par_1_84' title="bbox 2090 3860 3663 3933">
     <span class='ocr_line' id='line_1_84' title="bbox 2090 3860 3663 3933; baseline -0.001 -19"><span class='ocrx_word' id='word_1_639' title='bbox 2090 3861 2279 3933; x_wconf 81' lang='grc' dir='ltr'>ρανίδα</span> <span class='ocrx_word' id='word_1_640' title='bbox 2299 3861 2558 3925; x_wconf 84' lang='grc' dir='ltr'>δάκτυλος</span> <span class='ocrx_word' id='word_1_641' title='bbox 2580 3879 2594 3927; x_wconf 90' lang='lat'><strong>;</strong></span> <span class='ocrx_word' id='word_1_642' title='bbox 2614 3863 2782 3925; x_wconf 79' lang='grc' dir='ltr'>Αύτδς</span> <span class='ocrx_word' id='word_1_643' title='bbox 2807 3863 2862 3915; x_wconf 84' lang='grc' dir='ltr'>δὲ</span> <span class='ocrx_word' id='word_1_644' title='bbox 2886 3864 2914 3914; x_wconf 85' lang='grc' dir='ltr'>ὁ</span> <span class='ocrx_word' id='word_1_645' title='bbox 2935 3861 3132 3926; x_wconf 86' lang='grc' dir='ltr'>κόλπος</span> <span class='ocrx_word' id='word_1_646' title='bbox 3148 3863 3248 3933; x_wconf 77' lang='grc' dir='ltr'><strong>τῆς</strong></span> <span class='ocrx_word' id='word_1_647' title='bbox 3274 3860 3663 3925; x_wconf 75' lang='grc' dir='ltr'>ἀναπαύσεως,</span> 
     </span>
    </p>
   </div>
   <div class='ocr_carea' id='block_1_85' title="bbox 2087 3953 3661 4026">
    <p class='ocr_par' dir='ltr' id='par_1_85' title="bbox 2087 3953 3661 4026">
     <span class='ocr_line' id='line_1_85' title="bbox 2087 3953 3661 4026; baseline 0 -19"><span class='ocrx_word' id='word_1_648' title='bbox 2087 3953 2206 4020; x_wconf 87' lang='grc' dir='ltr'>τίς;</span> <span class='ocrx_word' id='word_1_649' title='bbox 2263 3954 2385 4009; x_wconf 87' lang='grc' dir='ltr'><strong>Τῶν</strong></span> <span class='ocrx_word' id='word_1_650' title='bbox 2432 3954 2544 4026; x_wconf 84' lang='grc' dir='ltr'>γὰρ</span> <span class='ocrx_word' id='word_1_651' title='bbox 2579 3954 2844 4025; x_wconf 89' lang='grc' dir='ltr'>σωμάτων</span> <span class='ocrx_word' id='word_1_652' title='bbox 2889 3958 2947 4011; x_wconf 72' lang='grc' dir='ltr'><strong>ἐν</strong></span> <span class='ocrx_word' id='word_1_653' title='bbox 2991 3956 3182 4024; x_wconf 75' lang='grc' dir='ltr'>τάφοις</span> <span class='ocrx_word' id='word_1_654' title='bbox 3221 3954 3408 4017; x_wconf 78' lang='grc' dir='ltr'>ὄντων,</span> <span class='ocrx_word' id='word_1_655' title='bbox 3455 3955 3554 4024; x_wconf 86' lang='grc' dir='ltr'><strong>τῆς</strong></span> <span class='ocrx_word' id='word_1_656' title='bbox 3602 3954 3661 4008; x_wconf 84' lang='grc' dir='ltr'>δὲ</span> 
     </span>
    </p>
   </div>
   <div class='ocr_carea' id='block_1_86' title="bbox 2085 4044 3662 4120">
    <p class='ocr_par' dir='ltr' id='par_1_86' title="bbox 2085 4044 3662 4120">
     <span class='ocr_line' id='line_1_86' title="bbox 2085 4044 3662 4120; baseline 0.002 -23"><span class='ocrx_word' id='word_1_657' title='bbox 2085 4044 2263 4115; x_wconf 81' lang='grc' dir='ltr'>ψυχῆς</span> <span class='ocrx_word' id='word_1_658' title='bbox 2293 4045 2416 4099; x_wconf 78' lang='grc' dir='ltr'>οὕτε</span> <span class='ocrx_word' id='word_1_659' title='bbox 2447 4049 2504 4100; x_wconf 83' lang='grc' dir='ltr'>ὲν</span> <span class='ocrx_word' id='word_1_660' title='bbox 2545 4047 2754 4117; x_wconf 85' lang='grc' dir='ltr'>σώματι</span> <span class='ocrx_word' id='word_1_661' title='bbox 2795 4046 2989 4118; x_wconf 75' lang='grc' dir='ltr'>οὔσης,</span> <span class='ocrx_word' id='word_1_662' title='bbox 3043 4048 3166 4102; x_wconf 80' lang='grc' dir='ltr'>οὔτε</span> <span class='ocrx_word' id='word_1_663' title='bbox 3215 4050 3281 4102; x_wconf 84' lang='grc' dir='ltr'><strong>ἐκ</strong></span> <span class='ocrx_word' id='word_1_664' title='bbox 3312 4049 3492 4120; x_wconf 83' lang='grc' dir='ltr'>μερῶν</span> <span class='ocrx_word' id='word_1_665' title='bbox 3532 4065 3662 4102; x_wconf 89' lang='grc' dir='ltr'>συν-</span> 
     </span>
    </p>
   </div>
   <div class='ocr_carea' id='block_1_87' title="bbox 2087 4137 3658 4212">
    <p class='ocr_par' dir='ltr' id='par_1_87' title="bbox 2087 4137 3658 4212">
     <span class='ocr_line' id='line_1_87' title="bbox 2087 4137 3658 4212; baseline 0.001 -22"><span class='ocrx_word' id='word_1_666' title='bbox 2087 4137 2350 4209; x_wconf 83' lang='grc' dir='ltr'>εστώσης,</span> <span class='ocrx_word' id='word_1_667' title='bbox 2367 4138 2570 4209; x_wconf 81' lang='grc' dir='ltr'>ἄπορον</span> <span class='ocrx_word' id='word_1_668' title='bbox 2593 4139 2658 4192; x_wconf 86' lang='grc' dir='ltr'>ἂν</span> <span class='ocrx_word' id='word_1_669' title='bbox 2681 4141 2767 4210; x_wconf 79' lang='grc' dir='ltr'><strong>εἴη</strong></span> <span class='ocrx_word' id='word_1_670' title='bbox 2792 4140 2888 4210; x_wconf 81' lang='grc' dir='ltr'>τὴν</span> <span class='ocrx_word' id='word_1_671' title='bbox 2904 4140 2996 4194; x_wconf 81' lang='grc' dir='ltr'>τοῦ</span> <span class='ocrx_word' id='word_1_672' title='bbox 3011 4141 3345 4212; x_wconf 78' lang='grc' dir='ltr'>διηγήματος</span> <span class='ocrx_word' id='word_1_673' title='bbox 3366 4141 3658 4210; x_wconf 72' lang='grc' dir='ltr'>διασκευὴν</span> 
     </span>
    </p>
   </div>
   <div class='ocr_carea' id='block_1_88' title="bbox 2085 4229 3656 4304">
    <p class='ocr_par' dir='ltr' id='par_1_88' title="bbox 2085 4229 3656 4304">
     <span class='ocr_line' id='line_1_88' title="bbox 2085 4229 3656 4304; baseline 0.001 -21"><span class='ocrx_word' id='word_1_674' title='bbox 2085 4230 2223 4284; x_wconf 82' lang='grc' dir='ltr'>κατὰ</span> <span class='ocrx_word' id='word_1_675' title='bbox 2249 4229 2310 4283; x_wconf 82' lang='grc' dir='ltr'>τὸ</span> <span class='ocrx_word' id='word_1_676' title='bbox 2331 4231 2634 4301; x_wconf 85' lang='grc' dir='ltr'>προχείρως</span> <span class='ocrx_word' id='word_1_677' title='bbox 2667 4231 2954 4302; x_wconf 81' lang='grc' dir='ltr'>νοούμενον</span> <span class='ocrx_word' id='word_1_678' title='bbox 2984 4233 3287 4304; x_wconf 70' lang='grc' dir='ltr'>ἐφαρμόσαι</span> <span class='ocrx_word' id='word_1_679' title='bbox 3309 4236 3375 4304; x_wconf 74' lang='grc' dir='ltr'>τῇ</span> <span class='ocrx_word' id='word_1_680' title='bbox 3408 4232 3656 4303; x_wconf 77' lang='grc' dir='ltr'>ἀληθείᾳ,</span> 
     </span>
    </p>
   </div>
   <div class='ocr_carea' id='block_1_89' title="bbox 2085 4322 3660 4395">
    <p class='ocr_par' dir='ltr' id='par_1_89' title="bbox 2085 4322 3660 4395">
     <span class='ocr_line' id='line_1_89' title="bbox 2085 4322 3660 4395; baseline 0.002 -21"><span class='ocrx_word' id='word_1_681' title='bbox 2085 4323 2133 4375; x_wconf 84' lang='grc' dir='ltr'><strong>εί</strong></span> <span class='ocrx_word' id='word_1_682' title='bbox 2165 4323 2238 4393; x_wconf 84' lang='grc' dir='ltr'>μή</span> <span class='ocrx_word' id='word_1_683' title='bbox 2269 4338 2355 4386; x_wconf 87' lang='grc' dir='ltr'><strong>τις</strong></span> <span class='ocrx_word' id='word_1_684' title='bbox 2395 4322 2673 4395; x_wconf 80' lang='grc' dir='ltr'>μεταλάϐῃ</span> <span class='ocrx_word' id='word_1_685' title='bbox 2705 4323 2818 4393; x_wconf 88' lang='grc'>(87)</span> <span class='ocrx_word' id='word_1_686' title='bbox 2847 4323 2916 4377; x_wconf 85' lang='grc' dir='ltr'>τὰ</span> <span class='ocrx_word' id='word_1_687' title='bbox 2941 4323 3063 4376; x_wconf 79' lang='grc' dir='ltr'>καθ’</span> <span class='ocrx_word' id='word_1_688' title='bbox 3095 4323 3322 4376; x_wconf 76' lang='grc' dir='ltr'>ἕκαστον</span> <span class='ocrx_word' id='word_1_689' title='bbox 3347 4324 3426 4387; x_wconf 79' lang='grc' dir='ltr'>εἰς</span> <span class='ocrx_word' id='word_1_690' title='bbox 3463 4326 3660 4394; x_wconf 79' lang='grc' dir='ltr'>νοητὴν</span> 
     </span>
    </p>
   </div>
   <div class='ocr_carea' id='block_1_90' title="bbox 2084 4411 3658 4486">
    <p class='ocr_par' dir='ltr' id='par_1_90' title="bbox 2084 4411 3658 4486">
     <span class='ocr_line' id='line_1_90' title="bbox 2084 4411 3658 4486; baseline -0.001 -18"><span class='ocrx_word' id='word_1_691' title='bbox 2084 4413 2314 4485; x_wconf 87' lang='grc' dir='ltr'>θεωρίαν</span> <span class='ocrx_word' id='word_1_692' title='bbox 2338 4430 2352 4444; x_wconf 77' lang='grc' dir='ltr'><strong><em>ο</em></strong></span> <span class='ocrx_word' id='word_1_693' title='bbox 2393 4411 2533 4466; x_wconf 82' lang='grc' dir='ltr'>ὥστε</span> <span class='ocrx_word' id='word_1_694' title='bbox 2563 4416 2750 4485; x_wconf 87' lang='grc' dir='ltr'>χάσμα</span> <span class='ocrx_word' id='word_1_695' title='bbox 2782 4413 2843 4467; x_wconf 84' lang='grc' dir='ltr'>τὸ</span> <span class='ocrx_word' id='word_1_696' title='bbox 2885 4413 3117 4482; x_wconf 83' lang='grc' dir='ltr'>διεῖργον</span> <span class='ocrx_word' id='word_1_697' title='bbox 3146 4413 3254 4466; x_wconf 86' lang='grc' dir='ltr'><strong>τῶν</strong></span> <span class='ocrx_word' id='word_1_698' title='bbox 3288 4415 3531 4485; x_wconf 85' lang='grc' dir='ltr'>ἀμίκτων</span> <span class='ocrx_word' id='word_1_699' title='bbox 3559 4415 3658 4486; x_wconf 79' lang='grc' dir='ltr'>τὴν</span> 
     </span>
    </p>
   </div>
   <div class='ocr_carea' id='block_1_91' title="bbox 406 4499 1994 4591">
    <p class='ocr_par' dir='ltr' id='par_1_91' title="bbox 406 4499 1978 4570">
     <span class='ocr_line' id='line_1_91' title="bbox 406 4499 1978 4570; baseline 0.001 -16"><span class='ocrx_word' id='word_1_700' title='bbox 406 4502 589 4556; x_wconf 77' lang='lat' dir='ltr'><strong>fronte</strong></span> <span class='ocrx_word' id='word_1_701' title='bbox 656 4501 1015 4570; x_wconf 85' lang='lat' dir='ltr'><strong>intelligitur,</strong></span> <span class='ocrx_word' id='word_1_702' title='bbox 1078 4500 1145 4552; x_wconf 86' lang='lat' dir='ltr'><strong>ad</strong></span> <span class='ocrx_word' id='word_1_703' title='bbox 1198 4499 1480 4553; x_wconf 87' lang='lat' dir='ltr'><strong>veritatem</strong></span> <span class='ocrx_word' id='word_1_704' title='bbox 1529 4501 1978 4568; x_wconf 90' lang='lat' dir='ltr'><strong>accommodare,</strong></span> 
     </span>
    </p>
   </div>
   <div class='ocr_carea' id='block_1_92' title="bbox 2094 4499 3662 4591">
    <p class='ocr_par' dir='ltr' id='par_1_92' title="bbox 2094 4500 3662 4573">
     <span class='ocr_line' id='line_1_92' title="bbox 2094 4500 3662 4573; baseline 0.001 -18"><span class='ocrx_word' id='word_1_705' title='bbox 2094 4501 2392 4564; x_wconf 87' lang='grc' dir='ltr'>κοινωνίαν,</span> <span class='ocrx_word' id='word_1_706' title='bbox 2418 4501 2492 4572; x_wconf 83' lang='grc' dir='ltr'>μὴ</span> <span class='ocrx_word' id='word_1_707' title='bbox 2509 4501 2612 4570; x_wconf 87' lang='grc' dir='ltr'><strong>γῆς</strong></span> <span class='ocrx_word' id='word_1_708' title='bbox 2624 4501 2904 4554; x_wconf 78' lang='grc' dir='ltr'>διάστασιν</span> <span class='ocrx_word' id='word_1_709' title='bbox 2919 4500 3031 4569; x_wconf 89' lang='grc'>(68)</span> <span class='ocrx_word' id='word_1_710' title='bbox 3049 4501 3276 4556; x_wconf 76' lang='grc' dir='ltr'>οἴεσθαι“</span> <span class='ocrx_word' id='word_1_711' title='bbox 3295 4502 3372 4571; x_wconf 84' lang='grc' dir='ltr'>τῷ</span> <span class='ocrx_word' id='word_1_712' title='bbox 3392 4504 3499 4573; x_wconf 72' lang='grc' dir='ltr'><strong>γάρ</strong></span> <span class='ocrx_word' id='word_1_713' title='bbox 3517 4505 3662 4557; x_wconf 84' lang='grc' dir='ltr'>ὰσω·</span> 
     </span>
    </p>
   </div>
   <div class='ocr_carea' id='block_1_93' title="bbox 404 4590 1994 4664">
    <p class='ocr_par' dir='ltr' id='par_1_93' title="bbox 404 4590 1978 4664">
     <span class='ocr_line' id='line_1_93' title="bbox 404 4590 1978 4664; baseline -0.001 -15"><span class='ocrx_word' id='word_1_714' title='bbox 404 4595 511 4649; x_wconf 82' lang='lat' dir='ltr'><strong>uisi</strong></span> <span class='ocrx_word' id='word_1_715' title='bbox 539 4595 664 4664; x_wconf 87' lang='lat' dir='ltr'><strong>quis</strong></span> <span class='ocrx_word' id='word_1_716' title='bbox 715 4591 1029 4662; x_wconf 81' lang='lat' dir='ltr'><strong>singulatim</strong></span> <span class='ocrx_word' id='word_1_717' title='bbox 1063 4606 1291 4660; x_wconf 70' lang='lat' dir='ltr'><strong>qumque</strong></span> <span class='ocrx_word' id='word_1_718' title='bbox 1318 4590 1484 4645; x_wconf 85' lang='lat' dir='ltr'><strong>verba</strong></span> <span class='ocrx_word' id='word_1_719' title='bbox 1518 4606 1549 4645; x_wconf 88' lang='lat' dir='ltr'><strong>a</strong></span> <span class='ocrx_word' id='word_1_720' title='bbox 1597 4605 1829 4662; x_wconf 87' lang='lat' dir='ltr'><strong>corpore</strong></span> <span class='ocrx_word' id='word_1_721' title='bbox 1861 4602 1978 4647; x_wconf 89' lang='lat' dir='ltr'><strong>tra-</strong></span> 
     </span>
    </p>
   </div>
   <div class='ocr_carea' id='block_1_94' title="bbox 2094 4590 3658 4664">
    <p class='ocr_par' dir='ltr' id='par_1_94' title="bbox 2094 4590 3658 4664">
     <span class='ocr_line' id='line_1_94' title="bbox 2094 4590 3658 4664; baseline 0.003 -18"><span class='ocrx_word' id='word_1_722' title='bbox 2094 4595 2245 4664; x_wconf 85' lang='grc' dir='ltr'>μάτῳ</span> <span class='ocrx_word' id='word_1_723' title='bbox 2278 4593 2371 4646; x_wconf 74' lang='grc' dir='ltr'>καὶ</span> <span class='ocrx_word' id='word_1_724' title='bbox 2397 4591 2588 4663; x_wconf 85' lang='grc' dir='ltr'>νοερῷ,</span> <span class='ocrx_word' id='word_1_725' title='bbox 2614 4591 2698 4654; x_wconf 90' lang='grc' dir='ltr'><strong>τίς</strong></span> <span class='ocrx_word' id='word_1_726' title='bbox 2727 4591 2889 4654; x_wconf 87' lang='grc' dir='ltr'>πόνος</span> <span class='ocrx_word' id='word_1_727' title='bbox 2916 4590 3207 4661; x_wconf 87' lang='grc' dir='ltr'>διαπτῆναι</span> <span class='ocrx_word' id='word_1_728' title='bbox 3239 4598 3299 4646; x_wconf 81' lang='grc' dir='ltr'>τὸ</span> <span class='ocrx_word' id='word_1_729' title='bbox 3327 4594 3533 4664; x_wconf 87' lang='grc' dir='ltr'>χάσμα.</span> <span class='ocrx_word' id='word_1_730' title='bbox 3563 4597 3658 4652; x_wconf 69' lang='grc' dir='ltr'>καὶ</span> 
     </span>
    </p>
   </div>
   <div class='ocr_carea' id='block_1_95' title="bbox 403 4678 1994 4755">
    <p class='ocr_par' dir='ltr' id='par_1_95' title="bbox 403 4681 1973 4753">
     <span class='ocr_line' id='line_1_95' title="bbox 403 4681 1973 4753; baseline 0 -15"><span class='ocrx_word' id='word_1_731' title='bbox 403 4685 569 4740; x_wconf 89' lang='lat' dir='ltr'><strong>ducat</strong></span> <span class='ocrx_word' id='word_1_732' title='bbox 591 4683 658 4738; x_wconf 90' lang='lat' dir='ltr'><strong>ad</strong></span> <span class='ocrx_word' id='word_1_733' title='bbox 695 4699 812 4738; x_wconf 91' lang='lat' dir='ltr'><strong>eam</strong></span> <span class='ocrx_word' id='word_1_734' title='bbox 835 4696 957 4752; x_wconf 74' lang='lat' dir='ltr'><strong>qua:</strong></span> <span class='ocrx_word' id='word_1_735' title='bbox 984 4689 1166 4737; x_wconf 90' lang='lat' dir='ltr'><strong>mente</strong></span> <span class='ocrx_word' id='word_1_736' title='bbox 1193 4681 1492 4751; x_wconf 89' lang='lat' dir='ltr'><strong>percipitur</strong></span> <span class='ocrx_word' id='word_1_737' title='bbox 1517 4683 1973 4753; x_wconf 89' lang='lat' dir='ltr'><strong>speculationem,</strong></span> 
     </span>
    </p>
   </div>
   <div class='ocr_carea' id='block_1_96' title="bbox 2094 4678 3656 4755">
    <p class='ocr_par' dir='ltr' id='par_1_96' title="bbox 2094 4678 3656 4755">
     <span class='ocr_line' id='line_1_96' title="bbox 2094 4678 3656 4755; baseline 0.001 -19"><span class='ocrx_word' id='word_1_738' title='bbox 2094 4684 2136 4736; x_wconf 87' lang='grc' dir='ltr'><strong>εί</strong></span> <span class='ocrx_word' id='word_1_739' title='bbox 2182 4683 2443 4752; x_wconf 87' lang='grc' dir='ltr'>μήκιστον</span> <span class='ocrx_word' id='word_1_740' title='bbox 2468 4678 2571 4752; x_wconf 79' lang='grc' dir='ltr'><strong>ἦν;</strong></span> <span class='ocrx_word' id='word_1_741' title='bbox 2611 4681 2752 4736; x_wconf 89' lang='grc' dir='ltr'>Διότι</span> <span class='ocrx_word' id='word_1_742' title='bbox 2785 4681 2847 4734; x_wconf 87' lang='grc' dir='ltr'><strong>τὺ</strong></span> <span class='ocrx_word' id='word_1_743' title='bbox 2878 4682 3060 4752; x_wconf 78' lang='grc' dir='ltr'>νοερὸν</span> <span class='ocrx_word' id='word_1_744' title='bbox 3102 4683 3168 4752; x_wconf 87' lang='grc' dir='ltr'><strong>τῆ</strong></span> <span class='ocrx_word' id='word_1_745' title='bbox 3199 4683 3378 4751; x_wconf 81' lang='grc' dir='ltr'>φύσει,</span> <span class='ocrx_word' id='word_1_746' title='bbox 3417 4686 3472 4736; x_wconf 84' lang='grc' dir='ltr'><strong>ἐν</strong></span> <span class='ocrx_word' id='word_1_747' title='bbox 3503 4681 3656 4755; x_wconf 81' lang='grc' dir='ltr'>ᾧπερ</span> 
     </span>
    </p>
   </div>
   <div class='ocr_carea' id='block_1_97' title="bbox 403 4767 1994 4849">
    <p class='ocr_par' dir='ltr' id='par_1_97' title="bbox 403 4775 1975 4849">
     <span class='ocr_line' id='line_1_97' title="bbox 403 4775 1975 4849; baseline 0 -15"><span class='ocrx_word' id='word_1_748' title='bbox 403 4790 462 4835; x_wconf 91' lang='lat' dir='ltr'><strong>ut</strong></span> <span class='ocrx_word' id='word_1_749' title='bbox 497 4779 702 4840; x_wconf 90' lang='lat' dir='ltr'><strong>hiatus,</strong></span> <span class='ocrx_word' id='word_1_750' title='bbox 747 4777 842 4847; x_wconf 85' lang='lat' dir='ltr'><strong>qui</strong></span> <span class='ocrx_word' id='word_1_751' title='bbox 874 4776 1081 4830; x_wconf 87' lang='lat' dir='ltr'><strong>dirimit</strong></span> <span class='ocrx_word' id='word_1_752' title='bbox 1117 4783 1282 4846; x_wconf 86' lang='lat' dir='ltr'><strong>atque</strong></span> <span class='ocrx_word' id='word_1_753' title='bbox 1310 4775 1575 4849; x_wconf 72' lang='lat' dir='ltr'><strong>disiungit</strong></span> <span class='ocrx_word' id='word_1_754' title='bbox 1628 4778 1975 4834; x_wconf 87' lang='lat' dir='ltr'><strong>communio-</strong></span> 
     </span>
    </p>
   </div>
   <div class='ocr_carea' id='block_1_98' title="bbox 2094 4767 3655 4849">
    <p class='ocr_par' dir='ltr' id='par_1_98' title="bbox 2094 4767 3655 4846">
     <span class='ocr_line' id='line_1_98' title="bbox 2094 4767 3655 4846; baseline -0.003 -16"><span class='ocrx_word' id='word_1_755' title='bbox 2094 4776 2155 4830; x_wconf 77' lang='grc' dir='ltr'>ἂν</span> <span class='ocrx_word' id='word_1_756' title='bbox 2187 4773 2347 4846; x_wconf 81' lang='grc' dir='ltr'>ἐθέλῃ</span> <span class='ocrx_word' id='word_1_757' title='bbox 2367 4773 2612 4844; x_wconf 82' lang='grc' dir='ltr'>ἀχρόνως</span> <span class='ocrx_word' id='word_1_758' title='bbox 2635 4771 2860 4840; x_wconf 87' lang='grc' dir='ltr'>γίνεται.</span> <span class='ocrx_word' id='word_1_759' title='bbox 2895 4803 2962 4812; x_wconf 95' lang='grc'><strong>-</strong></span> <span class='ocrx_word' id='word_1_760' title='bbox 2989 4771 3048 4825; x_wconf 90' lang='grc' dir='ltr'><strong>Γ.</strong></span> <span class='ocrx_word' id='word_1_761' title='bbox 3077 4771 3143 4824; x_wconf 88' lang='grc' dir='ltr'>Τί</span> <span class='ocrx_word' id='word_1_762' title='bbox 3164 4767 3258 4825; x_wconf 79' lang='grc' dir='ltr'>οὖν</span> <span class='ocrx_word' id='word_1_763' title='bbox 3275 4773 3342 4826; x_wconf 86' lang='grc' dir='ltr'>ἂν</span> <span class='ocrx_word' id='word_1_764' title='bbox 3367 4774 3473 4844; x_wconf 81' lang='grc' dir='ltr'>εἴη,</span> <span class='ocrx_word' id='word_1_765' title='bbox 3489 4775 3655 4846; x_wconf 75' lang='grc' dir='ltr'>φημὶ,</span> 
     </span>
    </p>
   </div>
   <div class='ocr_carea' id='block_1_99' title="bbox 2148 4943 3229 5018">
    <p class='ocr_par' dir='ltr' id='par_1_99' title="bbox 2148 4943 3229 5018">
     <span class='ocr_line' id='line_1_99' title="bbox 2148 4943 3229 5018; baseline 0.004 -18"><span class='ocrx_word' id='word_1_766' title='bbox 2148 4943 2262 5018; x_wconf 66' lang='grc'>(79)</span> <span class='ocrx_word' id='word_1_767' title='bbox 2309 4947 2692 5016; x_wconf 78' lang='grc' dir='ltr'>Ἐξεταστήν.</span> <span class='ocrx_word' id='word_1_768' title='bbox 2717 4949 2756 5001; x_wconf 82' lang='grc' dir='ltr'><strong>Α</strong></span> <span class='ocrx_word' id='word_1_769' title='bbox 2783 4946 2825 5002; x_wconf 86' lang='grc' dir='ltr'><strong>Β</strong></span> <span class='ocrx_word' id='word_1_770' title='bbox 2849 4947 3229 5014; x_wconf 82' lang='grc' dir='ltr'>ἐξεταστικῶς.</span> 
     </span>
    </p>
   </div>
   <div class='ocr_carea' id='block_1_100' title="bbox 2126 5016 3656 5104">
    <p class='ocr_par' dir='ltr' id='par_1_100' title="bbox 2126 5016 3656 5104">
     <span class='ocr_line' id='line_1_100' title="bbox 2126 5016 3656 5104; baseline 0.001 -33"><span class='ocrx_word' id='word_1_771' title='bbox 2126 5016 2260 5104; x_wconf 43' lang='grc'>’(80)</span> <span class='ocrx_word' id='word_1_772' title='bbox 2295 5017 2582 5090; x_wconf 82' lang='grc' dir='ltr'>Χάσματι.</span> <span class='ocrx_word' id='word_1_773' title='bbox 2635 5020 2682 5072; x_wconf 77' lang='grc' dir='ltr'>Α</span> <span class='ocrx_word' id='word_1_774' title='bbox 2728 5019 2784 5072; x_wconf 89' lang='lat' dir='ltr'><strong>in</strong></span> <span class='ocrx_word' id='word_1_775' title='bbox 2834 5027 2985 5075; x_wconf 78' lang='lat' dir='ltr'><strong>textu</strong></span> <span class='ocrx_word' id='word_1_776' title='bbox 3012 5023 3271 5092; x_wconf 83' lang='grc' dir='ltr'>σχήματι,</span> <span class='ocrx_word' id='word_1_777' title='bbox 3318 5017 3374 5074; x_wconf 91' lang='lat' dir='ltr'><strong>in</strong></span> <span class='ocrx_word' id='word_1_778' title='bbox 3407 5018 3656 5090; x_wconf 83' lang='lat' dir='ltr'><strong>margine</strong></span> 
     </span>
    </p>
   </div>
   <div class='ocr_carea' id='block_1_101' title="bbox 2076 5105 3178 5227">
    <p class='ocr_par' dir='ltr' id='par_1_101' title="bbox 2076 5105 3178 5227">
     <span class='ocr_line' id='line_1_101' title="bbox 2076 5105 2336 5211; baseline 0.004 -72"><span class='ocrx_word' id='word_1_779' title='bbox 2076 5105 2336 5211; x_wconf 54' lang='grc' dir='ltr'>χασὲιατι.</span> 
     </span>
     <span class='ocr_line' id='line_1_102' title="bbox 2147 5155 3178 5227; baseline 0.005 -18"><span class='ocrx_word' id='word_1_780' title='bbox 2147 5158 2192 5227; x_wconf 22' lang='lat'><strong>(7</strong></span> <span class='ocrx_word' id='word_1_781' title='bbox 2211 5158 2259 5227; x_wconf 57' lang='grc' dir='ltr'>ᾖ)</span> <span class='ocrx_word' id='word_1_782' title='bbox 2289 5158 2591 5224; x_wconf 76' lang='grc' dir='ltr'>Δακτύλφ.</span> <span class='ocrx_word' id='word_1_783' title='bbox 2619 5157 2666 5211; x_wconf 83' lang='grc' dir='ltr'>Α</span> <span class='ocrx_word' id='word_1_784' title='bbox 2702 5155 2756 5227; x_wconf 81' lang='grc' dir='ltr'><strong><em>Β</em></strong></span> <span class='ocrx_word' id='word_1_785' title='bbox 2775 5156 2866 5227; x_wconf 75' lang='grc' dir='ltr'><strong>διά</strong></span> <span class='ocrx_word' id='word_1_786' title='bbox 2892 5157 3178 5214; x_wconf 87' lang='grc' dir='ltr'>δακτύλου.</span> 
     </span>
    </p>
   </div>
   <div class='ocr_carea' id='block_1_102' title="bbox 2146 5225 3333 5296">
    <p class='ocr_par' dir='ltr' id='par_1_102' title="bbox 2146 5225 3333 5296">
     <span class='ocr_line' id='line_1_103' title="bbox 2146 5225 3333 5296; baseline 0.004 -16"><span class='ocrx_word' id='word_1_787' title='bbox 2146 5225 2258 5296; x_wconf 71' lang='grc'>(82)</span> <span class='ocrx_word' id='word_1_788' title='bbox 2301 5227 2692 5281; x_wconf 77' lang='grc' dir='ltr'>Ἀνὰπαυσιν.</span> <span class='ocrx_word' id='word_1_789' title='bbox 2731 5226 2777 5280; x_wconf 87' lang='grc' dir='ltr'><strong>Α</strong></span> <span class='ocrx_word' id='word_1_790' title='bbox 2817 5226 2858 5280; x_wconf 86' lang='grc' dir='ltr'><strong>Β</strong></span> <span class='ocrx_word' id='word_1_791' title='bbox 2893 5232 2974 5291; x_wconf 79' lang='grc' dir='ltr'><strong>είς</strong></span> <span class='ocrx_word' id='word_1_792' title='bbox 3003 5229 3333 5286; x_wconf 83' lang='grc' dir='ltr'>ἀνάπαυσιν.</span> 
     </span>
    </p>
   </div>
   <div class='ocr_carea' id='block_1_103' title="bbox 2145 5297 3148 5366">
    <p class='ocr_par' dir='ltr' id='par_1_103' title="bbox 2145 5297 3148 5366">
     <span class='ocr_line' id='line_1_104' title="bbox 2145 5297 3148 5366; baseline 0.003 -15"><span class='ocrx_word' id='word_1_793' title='bbox 2145 5297 2258 5366; x_wconf 80' lang='grc'>(85)</span> <span class='ocrx_word' id='word_1_794' title='bbox 2289 5299 2635 5366; x_wconf 77' lang='grc' dir='ltr'>Πρόχειρον.</span> <span class='ocrx_word' id='word_1_795' title='bbox 2666 5298 2710 5349; x_wconf 83' lang='grc' dir='ltr'><strong>Α</strong></span> <span class='ocrx_word' id='word_1_796' title='bbox 2742 5297 2784 5366; x_wconf 70' lang='grc' dir='ltr'><strong>Β</strong></span> <span class='ocrx_word' id='word_1_797' title='bbox 2810 5298 3036 5366; x_wconf 70' lang='lat' dir='ltr'><strong>praefigit</strong></span> <span class='ocrx_word' id='word_1_798' title='bbox 3067 5300 3148 5355; x_wconf 86' lang='grc' dir='ltr'><strong>τό.</strong></span> 
     </span>
    </p>
   </div>
   <div class='ocr_carea' id='block_1_104' title="bbox 2146 5365 3086 5435">
    <p class='ocr_par' dir='ltr' id='par_1_104' title="bbox 2146 5365 3086 5435">
     <span class='ocr_line' id='line_1_105' title="bbox 2146 5365 3086 5435; baseline -0.001 -14"><span class='ocrx_word' id='word_1_799' title='bbox 2146 5365 2258 5435; x_wconf 75' lang='grc'>(84)</span> <span class='ocrx_word' id='word_1_800' title='bbox 2303 5365 2649 5432; x_wconf 57' lang='lat' dir='ltr'><strong>namsz</strong></span> <span class='ocrx_word' id='word_1_801' title='bbox 2678 5368 2718 5419; x_wconf 84' lang='lat' dir='ltr'><strong>A</strong></span> <span class='ocrx_word' id='word_1_802' title='bbox 2755 5365 3086 5434; x_wconf 28' lang='grc' dir='ltr'>Βίσυνετῶς.</span> 
     </span>
    </p>
   </div>
   <div class='ocr_carea' id='block_1_105' title="bbox 473 4952 1974 5079">
    <p class='ocr_par' dir='ltr' id='par_1_105' title="bbox 473 4952 1974 5079">
     <span class='ocr_line' id='line_1_106' title="bbox 473 4952 1974 5079; baseline -0.001 -70"><span class='ocrx_word' id='word_1_803' title='bbox 473 4956 594 5079; x_wconf 48' lang='lat' dir='ltr'><strong>SH];</strong></span> <span class='ocrx_word' id='word_1_804' title='bbox 623 4952 1195 5079; x_wconf 50' lang='lat' dir='ltr'><strong>i’ﬁaigfsvxwyéroc.</strong></span> <span class='ocrx_word' id='word_1_805' title='bbox 1234 4953 1278 5008; x_wconf 86' lang='lat' dir='ltr'><strong>A</strong></span> <span class='ocrx_word' id='word_1_806' title='bbox 1305 4954 1361 5009; x_wconf 94' lang='lat' dir='ltr'><strong>in</strong></span> <span class='ocrx_word' id='word_1_807' title='bbox 1390 4955 1635 5028; x_wconf 87' lang='lat' dir='ltr'><strong>margine</strong></span> <span class='ocrx_word' id='word_1_808' title='bbox 1657 4955 1974 5027; x_wconf 85' lang='grc' dir='ltr'>τετυπωμέ-</span> 
     </span>
    </p>
   </div>
   <div class='ocr_carea' id='block_1_106' title="bbox 495 5033 882 5087">
    <p class='ocr_par' dir='ltr' id='par_1_106' title="bbox 495 5033 882 5087">
     <span class='ocr_line' id='line_1_107' title="bbox 495 5033 882 5087; baseline -0.003 -9"><span class='ocrx_word' id='word_1_809' title='bbox 495 5066 509 5087; x_wconf 91' lang='grc'><strong>,</strong></span> <span class='ocrx_word' id='word_1_810' title='bbox 551 5033 594 5079; x_wconf 79' lang='grc' dir='ltr'><strong>Β</strong></span> <span class='ocrx_word' id='word_1_811' title='bbox 623 5033 678 5079; x_wconf 79' lang='grc' dir='ltr'><strong>ιη</strong></span> <span class='ocrx_word' id='word_1_812' title='bbox 712 5033 882 5081; x_wconf 84' lang='lat' dir='ltr'><strong>textu.</strong></span> 
     </span>
    </p>
   </div>
   <div class='ocr_carea' id='block_1_107' title="bbox 398 5043 1972 5166">
    <p class='ocr_par' dir='ltr' id='par_1_107' title="bbox 398 5043 1972 5166">
     <span class='ocr_line' id='line_1_108' title="bbox 398 5043 882 5090; baseline -0.004 -11"><span class='ocrx_word' id='word_1_813' title='bbox 398 5043 509 5090; x_wconf 87' lang='grc' dir='ltr'>νος,</span> <span class='ocrx_word' id='word_1_814' title='bbox 551 5043 594 5079; x_wconf 73' lang='grc' dir='ltr'><strong>υ</strong></span> <span class='ocrx_word' id='word_1_815' title='bbox 623 5043 678 5079; x_wconf 86' lang='lat' dir='ltr'><strong>in</strong></span> <span class='ocrx_word' id='word_1_816' title='bbox 712 5043 882 5081; x_wconf 75' lang='lat' dir='ltr'><strong>tenu.</strong></span> 
     </span>
     <span class='ocr_line' id='line_1_109' title="bbox 471 5093 1972 5166; baseline -0.001 -17"><span class='ocrx_word' id='word_1_817' title='bbox 471 5096 584 5166; x_wconf 68' lang='grc'>(72)</span> <span class='ocrx_word' id='word_1_818' title='bbox 613 5095 1024 5166; x_wconf 63' lang='grc' dir='ltr'>Διαλυθέντος.</span> <span class='ocrx_word' id='word_1_819' title='bbox 1073 5093 1120 5145; x_wconf 82' lang='grc' dir='ltr'><strong>Α</strong></span> <span class='ocrx_word' id='word_1_820' title='bbox 1153 5093 1208 5147; x_wconf 89' lang='lat' dir='ltr'><strong>in</strong></span> <span class='ocrx_word' id='word_1_821' title='bbox 1249 5102 1400 5150; x_wconf 80' lang='lat' dir='ltr'><strong>textu</strong></span> <span class='ocrx_word' id='word_1_822' title='bbox 1423 5093 1867 5165; x_wconf 80' lang='grc' dir='ltr'>διαγνωσθέντος,</span> <span class='ocrx_word' id='word_1_823' title='bbox 1914 5093 1972 5150; x_wconf 89' lang='lat' dir='ltr'><strong>in</strong></span> 
     </span>
    </p>
   </div>
   <div class='ocr_carea' id='block_1_108' title="bbox 400 5164 1039 5226">
    <p class='ocr_par' dir='ltr' id='par_1_108' title="bbox 400 5164 1039 5226">
     <span class='ocr_line' id='line_1_110' title="bbox 400 5164 1039 5226; baseline -0.009 -4"><span class='ocrx_word' id='word_1_824' title='bbox 400 5164 646 5226; x_wconf 81' lang='lat' dir='ltr'><strong>margine</strong></span> <span class='ocrx_word' id='word_1_825' title='bbox 680 5164 1039 5226; x_wconf 88' lang='grc' dir='ltr'>διαλυθέντος.</span> 
     </span>
    </p>
   </div>
   <div class='ocr_carea' id='block_1_109' title="bbox 498 5231 1262 5288">
    <p class='ocr_par' dir='ltr' id='par_1_109' title="bbox 498 5231 1262 5288">
     <span class='ocr_line' id='line_1_111' title="bbox 498 5231 1262 5288; baseline -0.001 0"><span class='ocrx_word' id='word_1_826' title='bbox 498 5231 585 5288; x_wconf 74' lang='lat'><strong>73)</strong></span> <span class='ocrx_word' id='word_1_827' title='bbox 614 5235 762 5288; x_wconf 81' lang='grc' dir='ltr'>οὔτε</span> <span class='ocrx_word' id='word_1_828' title='bbox 784 5236 856 5288; x_wconf 82' lang='grc' dir='ltr'>ει.</span> <span class='ocrx_word' id='word_1_829' title='bbox 891 5231 954 5286; x_wconf 79' lang='lat' dir='ltr'><strong>El</strong></span> <span class='ocrx_word' id='word_1_830' title='bbox 990 5232 1132 5287; x_wconf 89' lang='lat' dir='ltr'><strong>delet</strong></span> <span class='ocrx_word' id='word_1_831' title='bbox 1155 5231 1215 5287; x_wconf 86' lang='grc' dir='ltr'>Β.</span> <span class='ocrx_word' id='word_1_832' title='bbox 1259 5251 1262 5254; x_wconf 63' lang='lat'><em>‘</em></span> 
     </span>
    </p>
   </div>
   <div class='ocr_carea' id='block_1_110' title="bbox 495 5301 1309 5369">
    <p class='ocr_par' dir='ltr' id='par_1_110' title="bbox 495 5301 1309 5369">
     <span class='ocr_line' id='line_1_112' title="bbox 495 5301 1309 5369; baseline 0 -11"><span class='ocrx_word' id='word_1_833' title='bbox 495 5301 584 5369; x_wconf 72' lang='grc'>74)</span> <span class='ocrx_word' id='word_1_834' title='bbox 608 5302 944 5369; x_wconf 81' lang='grc' dir='ltr'>Συνεστώς.</span> <span class='ocrx_word' id='word_1_835' title='bbox 987 5301 1030 5355; x_wconf 86' lang='grc' dir='ltr'>Β</span> <span class='ocrx_word' id='word_1_836' title='bbox 1057 5303 1309 5366; x_wconf 82' lang='grc' dir='ltr'>συνετῶς.</span> 
     </span>
    </p>
   </div>
   <div class='ocr_carea' id='block_1_111' title="bbox 494 5371 1724 5445">
    <p class='ocr_par' dir='ltr' id='par_1_111' title="bbox 494 5371 1724 5445">
     <span class='ocr_line' id='line_1_113' title="bbox 494 5371 1724 5445; baseline -0.001 -15"><span class='ocrx_word' id='word_1_837' title='bbox 494 5371 583 5445; x_wconf 73' lang='grc'>75)</span> <span class='ocrx_word' id='word_1_838' title='bbox 627 5372 1117 5445; x_wconf 62' lang='grc' dir='ltr'>Ἀπομεινάνζων.</span> <span class='ocrx_word' id='word_1_839' title='bbox 1159 5373 1204 5425; x_wconf 75' lang='grc' dir='ltr'><strong>Α</strong></span> <span class='ocrx_word' id='word_1_840' title='bbox 1224 5371 1724 5445; x_wconf 38' lang='grc' dir='ltr'>-ἐναπομεινάντωνο</span> 
     </span>
    </p>
   </div>
   <div class='ocr_carea' id='block_1_112' title="bbox 496 5435 2871 5512">
    <p class='ocr_par' dir='ltr' id='par_1_112' title="bbox 496 5435 2871 5512">
     <span class='ocr_line' id='line_1_114' title="bbox 496 5435 2871 5512; baseline -0.004 -13"><span class='ocrx_word' id='word_1_841' title='bbox 496 5435 585 5512; x_wconf 83' lang='grc'><strong>76)</strong></span> <span class='ocrx_word' id='word_1_842' title='bbox 612 5435 969 5512; x_wconf 68' lang='grc' dir='ltr'>Προοῖςοέροι.</span> <span class='ocrx_word' id='word_1_843' title='bbox 993 5439 1036 5492; x_wconf 89' lang='grc' dir='ltr'><strong>Β</strong></span> <span class='ocrx_word' id='word_1_844' title='bbox 1064 5443 1345 5512; x_wconf 79' lang='grc' dir='ltr'>προφέρει.</span> <span class='ocrx_word' id='word_1_845' title='bbox 1404 5435 1417 5445; x_wconf 82' lang='grc'><em>’</em></span> <span class='ocrx_word' id='word_1_846' title='bbox 1916 5511 1919 5512; x_wconf 15' lang='grc' dir='ltr'><em>ν</em></span> <span class='ocrx_word' id='word_1_847' title='bbox 2296 5437 2592 5512; x_wconf 56' lang='grc' dir='ltr'>Ἐναςρείς.</span> <span class='ocrx_word' id='word_1_848' title='bbox 2621 5435 2871 5512; x_wconf 39' lang='grc' dir='ltr'>Βᾎάιρείς.</span> 
     </span>
    </p>
   </div>
   <div class='ocr_carea' id='block_1_113' title="bbox 466 5504 3148 5597">
    <p class='ocr_par' dir='ltr' id='par_1_113' title="bbox 466 5504 3148 5597">
     <span class='ocr_line' id='line_1_115' title="bbox 466 5504 3148 5597; baseline 0 0"><span class='ocrx_word' id='word_1_849' title='bbox 466 5504 581 5597; x_wconf 72' lang='grc'>(⁷⁷)</span> <span class='ocrx_word' id='word_1_850' title='bbox 619 5504 1122 5597; x_wconf 41' lang='lat' dir='ltr'><strong>figuram“?</strong></span> <span class='ocrx_word' id='word_1_851' title='bbox 1143 5504 1194 5563; x_wconf 72' lang='lat' dir='ltr'><strong>A&#39;</strong></span> <span class='ocrx_word' id='word_1_852' title='bbox 1219 5504 1274 5568; x_wconf 69' lang='grc' dir='ltr'><strong>ίίι</strong></span> <span class='ocrx_word' id='word_1_853' title='bbox 1303 5523 1450 5569; x_wconf 52' lang='lat' dir='ltr'><strong>textu</strong></span> <span class='ocrx_word' id='word_1_854' title='bbox 1480 5514 1872 5587; x_wconf 56' lang='grc' dir='ltr'>ἐξισταμένοις,</span> <span class='ocrx_word' id='word_1_855' title='bbox 1909 5511 1966 5570; x_wconf 76' lang='lat' dir='ltr'><strong>in</strong></span> <span class='ocrx_word' id='word_1_856' title='bbox 2136 5504 2254 5597; x_wconf 65' lang='lat' dir='ltr'><strong>i§§l</strong></span> <span class='ocrx_word' id='word_1_857' title='bbox 2291 5504 2631 5597; x_wconf 50' lang='lat' dir='ltr'><strong>Setini?-</strong></span> <span class='ocrx_word' id='word_1_858' title='bbox 2666 5504 3148 5597; x_wconf 43' lang='lat' dir='ltr'><strong>Pisc-eisrara“</strong></span> 
     </span>
    </p>
   </div>
   <div class='ocr_carea' id='block_1_114' title="bbox 397 5575 3048 5653">
    <p class='ocr_par' dir='ltr' id='par_1_114' title="bbox 397 5575 3048 5653">
     <span class='ocr_line' id='line_1_116' title="bbox 397 5575 3048 5653; baseline -0.001 -15"><span class='ocrx_word' id='word_1_859' title='bbox 397 5575 645 5653; x_wconf 76' lang='lat' dir='ltr'><strong>margine</strong></span> <span class='ocrx_word' id='word_1_860' title='bbox 678 5575 1083 5653; x_wconf 76' lang='grc' dir='ltr'>ἐξητασμένοις.</span> <span class='ocrx_word' id='word_1_861' title='bbox 1137 5649 1146 5653; x_wconf 90' lang='lat'><strong>_</strong></span> <span class='ocrx_word' id='word_1_862' title='bbox 1190 5648 1223 5653; x_wconf 81' lang='lat'><strong><em>_</em></strong></span> <span class='ocrx_word' id='word_1_863' title='bbox 1281 5651 1289 5653; x_wconf 22' lang='grc' dir='ltr'><strong>Α</strong></span> <span class='ocrx_word' id='word_1_864' title='bbox 1521 5575 1538 5582; x_wconf 67' lang='grc'>⁷</span> <span class='ocrx_word' id='word_1_865' title='bbox 1671 5575 1684 5587; x_wconf 88' lang='grc'><em>’</em></span> <span class='ocrx_word' id='word_1_866' title='bbox 1832 5575 1869 5584; x_wconf 72' lang='grc'><strong>’⁷</strong></span> <span class='ocrx_word' id='word_1_867' title='bbox 2283 5575 2626 5653; x_wconf 67' lang='grc' dir='ltr'>Μεταλάϐῃ.</span> <span class='ocrx_word' id='word_1_868' title='bbox 2737 5578 3048 5653; x_wconf 73' lang='grc' dir='ltr'>μεταλάϐοι.</span> 
     </span>
    </p>
   </div>
   <div class='ocr_carea' id='block_1_115' title="bbox 471 5645 1994 5724">
    <p class='ocr_par' dir='ltr' id='par_1_115' title="bbox 471 5645 1466 5718">
     <span class='ocr_line' id='line_1_117' title="bbox 471 5645 1466 5718; baseline 0.004 -11"><span class='ocrx_word' id='word_1_869' title='bbox 471 5645 580 5711; x_wconf 70' lang='grc'>’78)</span> <span class='ocrx_word' id='word_1_870' title='bbox 623 5653 683 5714; x_wconf 84' lang='grc' dir='ltr'><strong>Ἠ</strong></span> <span class='ocrx_word' id='word_1_871' title='bbox 705 5645 1092 5718; x_wconf 68' lang='grc' dir='ltr'>διδάσκαλος.</span> <span class='ocrx_word' id='word_1_872' title='bbox 1122 5649 1164 5704; x_wconf 76' lang='grc' dir='ltr'>Α</span> <span class='ocrx_word' id='word_1_873' title='bbox 1190 5648 1231 5704; x_wconf 85' lang='grc' dir='ltr'><strong>Β</strong></span> <span class='ocrx_word' id='word_1_874' title='bbox 1261 5651 1466 5711; x_wconf 89' lang='lat' dir='ltr'><strong>delent.</strong></span> 
     </span>
    </p>
   </div>
   <div class='ocr_carea' id='block_1_116' title="bbox 2094 5645 3398 5724">
    <p class='ocr_par' dir='ltr' id='par_1_116' title="bbox 2146 5645 3398 5724">
     <span class='ocr_line' id='line_1_118' title="bbox 2146 5645 3398 5724; baseline 0.007 -24"><span class='ocrx_word' id='word_1_875' title='bbox 2146 5645 2260 5718; x_wconf 88' lang='grc'>(88)</span> <span class='ocrx_word' id='word_1_876' title='bbox 2287 5646 2637 5702; x_wconf 80' lang='grc' dir='ltr'>Διάστασιν.</span> <span class='ocrx_word' id='word_1_877' title='bbox 2673 5647 2717 5700; x_wconf 84' lang='grc' dir='ltr'><strong>Α</strong></span> <span class='ocrx_word' id='word_1_878' title='bbox 2748 5649 2802 5702; x_wconf 91' lang='lat' dir='ltr'><strong>in</strong></span> <span class='ocrx_word' id='word_1_879' title='bbox 2834 5649 3079 5722; x_wconf 84' lang='lat' dir='ltr'><strong>margine</strong></span> <span class='ocrx_word' id='word_1_880' title='bbox 3107 5651 3398 5724; x_wconf 81' lang='grc' dir='ltr'>διάστημα.</span> 
     </span>
    </p>
   </div>
  </div>
