4046 6350
360 378 424 439 8|
1428 371 1517 427 DE
1545 369 1764 427 ANIMA
1797 368 1885 423 ET
1927 368 1941 423 l

2044 368 2530 426 SURllECTIONiﬁ.
3555 378 3625 432 82

356 503 419 555 τὸ
448 500 580 571 πῦρ,
620 498 653 569 ἢ
683 498 742 552 τὸ
770 498 976 567 χάσμα,
1008 494 1137 565 ῆτὰ
1173 494 1337 547 λοιπά
1383 492 1493 547 τῶν
1531 492 1858 562 εἰρημένων,
1892 490 1925 561 ἢ

2050 501 2172 540 nem
2205 502 2421 551 eorum,
2456 490 2599 542 inter
2624 502 2765 557 quos
2798 488 2948 542 nulla
2986 488 3229 545 societas
3276 490 3625 549 intercedere

360 593 436 665 μὴ
467 591 579 661 (89)
607 591 642 645 ἃ
669 590 885 657 λέγεται
915 589 1060 657 (90);
1086 619 1155 628 -
1184 588 1260 640 Μ.
1295 584 1451 654 Ἐμοὶ
1475 584 1640 647 δοκεῖ,
1669 581 1929 650 aprici,“-

357 684 540 754 γματά
561 700 682 736 τινα
714 681 844 751 περὶ
866 678 970 732 τῶν
994 678 1134 731 κατά
1152 675 1329 747 ψυχὴν
1359 675 1470 745 (91)
1498 672 1844 743 ζητουμένων
1863 671 1930 723 δι’

354 775 587 829 ἑκάστου
617 771 826 825 τούτων
855 770 1251 838 ὑποσημαίνειν
1277 768 1340 821 τὸ
1367 765 1717 834 Εὐαγγέλιον.
1740 764 1931 834 Προει-

354 853 473 907 πὼν
500 854 611 922 (99)
642 854 751 926 γὰρ
793 854 929 926 πρὸς
975 853 1068 907 τὸν
1118 853 1369 908 πλούσιον
1392 855 1420 906 6
1450 852 1817 925 πατριάρχης,
1860 852 1944 906 ὅτι

368 947 630 1016 Ἀπέσχες
665 946 744 1017 τῷ
780 946 870 999 διὰ
899 947 1104 1017 σαρκὸς
1141 945 1241 1016 βίῳ
1285 945 1393 999 τῶν
1438 943 1659 1013 ἀγαθῶν
1692 945 1789 1015 τὴν
1824 946 1940 1015 μοῖ-

356 1056 478 1108 ραν,
511 1040 603 1092 καὶ⁷
638 1040 766 1111 περὶ
805 1037 901 1091 τοῦ
940 1036 1155 1107 πτωχοῦ
1196 1036 1257 1090 τὸ
1297 1032 1414 1090 ἴσον
1454 1034 1655 1100 εἰπὼν,
1695 1036 1777 1089 ὅτι
1828 1035 1941 1090 Καὶ

353 1128 509 1192 οὗτος
536 1132 819 1202 ἀπέπλησε
854 1132 1004 1201 παρὰ
1023 1132 1115 1184 τὸν
1139 1130 1251 1201 βίον
1279 1129 1381 1199 τῆς
1408 1130 1516 1182 τῶν
1538 1128 1724 1183 κακῶν
1749 1145 1943 1199 μετου-

356 1222 479 1283 σίας
500 1220 839 1291 λειτουργίας
865 1221 976 1291 (95)
1002 1238 1014 1251 ·
1052 1216 1152 1273 εἷθ’
1183 1219 1356 1282 οὕτως
1382 1218 1681 1288 ἐπαγαγὼν
1701 1219 1829 1289 περὶ
1846 1216 1940 1271 τοῦ

354 1313 654 1384 χάσματος.
681 1314 758 1376 ὡς
787 1315 882 1367 ἀπ’
910 1312 1020 1382 (94)
1056 1312 1302 1383 ἀλλήλων
1334 1310 1770 1381 διατειχίζονται,
1803 1309 1945 1379 μέγα

353 1423 411 1458 τι
443 1406 553 1473 (95)
578 1407 665 1460 διὰ
697 1406 812 1477 (96)
839 1406 1045 1459 τούτων
1072 1405 1246 1458 ἔοικεν
1280 1404 1648 1458 ὑποδεικνύειν
1675 1402 1752 1473 τῷ
1781 1401 1944 1470 λόγω.

2046 586 2246 646 potest,
2280 594 2389 632 non
2418 586 2578 634 terrae
2601 580 2839 649 spatium
2873 590 2928 635 et
2965 583 3314 638 intervallum
3343 584 3628 640 existime-

2045 677 2169 734 tur;
2212 684 2336 723 nam
2365 669 2496 739 quid
2534 672 2737 741 negotii
2780 670 2947 729 fuerit
2974 674 3026 729 ei
3062 673 3211 745 quod
3238 675 3625 744 incorporeum

2041 768 2098 815 et
2140 761 2261 816 sola
2300 769 2486 817 mente
2515 762 2805 833 praeditum
2852 771 2961 831 est,
3010 765 3349 821 transvolare
3390 764 3623 829 hiatum,

2045 856 2263 909 c:iamsi
2299 854 2645 908 vastissimus
2667 854 2760 915 sit,
2794 851 2999 921 quippe
3019 868 3142 906 cum
3173 852 3226 906 id
3257 854 3401 924 quod
3430 864 3627 910 natura

2047 946 2155 1000 tale
2175 952 2280 1009 est,
2316 952 2377 998 ut
2395 955 2579 1000 mente
2599 943 2716 998 sola
2737 950 2973 1008 constet,
3004 943 3323 1014 ubicunque
3353 959 3479 1000 esse
3499 947 3631 1001 velit

2044 1039 2197 1093 nullo
2224 1036 2490 1108 temporis
2523 1034 2898 1091 intercedente
2922 1037 3121 1105 spatio,
3155 1036 3248 1090 illo
3272 1045 3516 1106 penetret
3540 1045 3626 1091 at-

2043 1148 2151 1202 que
2183 1128 2508 1186 evadat?—
2530 1126 2593 1183 G.
2623 1126 2766 1193 Quid
2792 1125 2958 1196 igitur
2979 1128 3164 1190 fuerit.
3192 1127 3436 1197 inquam,
3462 1129 3621 1197 ignis,

2043 1223 2127 1277 vel
2159 1222 2362 1286 hiatus,
2405 1220 2491 1276 vel
2516 1227 2713 1274 caetera
2741 1235 2862 1289 qua:
2885 1218 3031 1274 dicta
3076 1227 3227 1284 sunt,
3275 1218 3321 1276 si
3352 1235 3459 1273 non
3495 1228 3622 1273 sunt

2041 1331 2107 1372 ea
2163 1330 2288 1384 quae
2334 1314 2633 1369 dicantur?
2668 1344 2739 1352 —
2790 1312 2858 1367 M.
2912 1313 3038 1367 Mihi
3088 1312 3348 1384 quidem,
3416 1314 3622 1383 inquit,

2043 1415 2226 1462 certas
2259 1407 2597 1476 stabilesque
2626 1405 2893 1477 quasdam
2926 1406 3231 1461 sententias
3260 1407 3327 1460 de
3363 1406 3429 1460 iis
3461 1406 3625 1459 rebus

353 1517 479 1572 quae
525 1505 672 1557 circa
712 1506 950 1555 animam
980 1508 1329 1571 quaeruntur,
1366 1514 1463 1568 per
1508 1495 1946 1567 unumquodque
2025 1493 2225 1547 horum
2278 1491 2633 1561 Evangelium
2703 1491 3010 1561 significare
3049 1490 3279 1545 videtur.
3309 1489 3445 1544 Cum
3483 1489 3628 1544 enim

355 1602 434 1654 ita
470 1600 535 1653 ad
565 1599 786 1655 divitem
822 1597 1134 1670 patriarcha
1174 1605 1303 1651 ante
1333 1595 1570 1653 dixisset
1600 1613 1613 1649 :
1661 1591 1940 1663 Recepisti
1980 1588 2038 1645 iit
2069 1590 2203 1654 vita,
2238 1603 2403 1659 quam
2439 1588 2494 1641 in
2528 1602 2697 1642 carne
2733 1588 3073 1658 transegisti,
3148 1587 3458 1658 portionem
3537 1587 3629 1641 bo-

356 1713 577 1762 norum,
616 1707 780 1767 atque
824 1696 1016 1751 eodem
1068 1696 1232 1751 modo
1269 1695 1337 1750 de
1379 1693 1635 1749 mendico
1662 1691 1936 1745 dixisset:
2016 1686 2081 1741 Et
2116 1687 2205 1741 hic
2261 1687 2317 1740 in
2348 1685 2456 1739 vita
2499 1684 2770 1737 malorum
2810 1692 2865 1737 et
2896 1683 3369 1739 incommodorum
3410 1683 3632 1753 partici-

356 1792 594 1862 pationis
628 1805 853 1845 munere
872 1790 1093 1844 functus
1124 1798 1247 1852 est;
1282 1796 1337 1843 et
1382 1787 1464 1842 sic
1497 1787 1759 1855 deinceps
1787 1782 2118 1854 subjecissct
2143 1780 2210 1834 de
2240 1778 2415 1840 hiatu,
2458 1792 2570 1847 quo
2605 1777 2763 1831 alteri
2833 1776 2902 1830 ab
2944 1776 3132 1830 alteris
3163 1775 3629 1835 diseluderentur,

355 1898 606 1953 magnam
625 1880 917 1951 quamdam
948 1879 1280 1946 doctrinam,
1333 1885 1651 1949 certamque
1679 1890 1745 1931 ac
1784 1872 2035 1930 stabilem
2087 1867 2413 1926 sententiam
2440 1882 2537 1937 per
2569 1867 2683 1921 haec
2748 1864 2914 1920 verba
2982 1864 3254 1921 orationis
3321 1865 3634 1936 signiﬁcare

355 1977 594 2033 videtur.

427 2138 502 2192 Τὸ
547 2138 604 2191 δὲ
646 2137 845 2208 δόγμα,
882 2138 1024 2192 κατά
1067 2154 1133 2205 γε
1178 2136 1269 2189 τὸν
1318 2136 1451 2206 ἐμὸν
1493 2134 1671 2203 λόγον,
1705 2133 1946 2189 τοιοῦτόν

354 2235 493 2287 ἐστι’
518 2230 804 2292 Μονοειδὲς
832 2230 944 2298 (97)
975 2225 1043 2300 ἦν
1084 2231 1118 2301 ἡ
1165 2228 1275 2281 τῶν
1308 2227 1421 2299 (98)
1457 2226 1763 2299 ἀνθρώπων
1798 2225 1941 2297 ζωὴ,

358 2322 627 2395 μονοειδὲς
666 2321 723 2374 δὲ
784 2320 896 2389 (99)
947 2319 1092 2388 λέγω
1142 2319 1239 2390 τὴν
1286 2321 1345 2372 ἐν
1402 2318 1548 2389 μόνῳ
1614 2318 1692 2388 τῷ
1756 2317 1946 2386 ἀγαθῷ

354 2414 639 2486 ὁρωμένην
658 2412 869 2482 (1),καὶ
902 2411 1038 2482 πρὸς
1059 2411 1119 2464 τὸ
1160 2411 1328 2463 κακὸν
1350 2412 1727 2481 ἀνεπίμικτον.
1754 2409 1859 2462 Τὸν
1888 2408 1946 2462 δὲ

353 2506 595 2560 τοιοῦτον
628 2505 788 2575 λόγον
835 2506 864 2557 6
908 2503 1123 2574 πρῶτος
1175 2504 1271 2556 τοῦ
1313 2502 1450 2557 Θεοῦ
1512 2503 1675 2573 νόμος
1742 2518 1946 2573 μαρτυ-

359 2600 532 2669 ρεῖται
562 2597 662 2666 (2),
721 2598 751 2650 6
779 2595 870 2649 τοῦ
915 2595 1113 2657 παντὸς
1157 2596 1256 2665 μὲν
1296 2595 1420 2658 δοὺς
1450 2593 1559 2647 τῶν
1589 2596 1647 2647 ἐν
1667 2594 1745 2663 τῷ
1769 2611 1947 2665 παρα-

353 2690 519 2759 δείσῳ
553 2688 732 2742 καλῶν
779 2688 1010 2756 ἄφθονον
1061 2687 1139 2757 τῷ
1189 2686 1461 2758 ἀνθρώπῳ
1504 2688 1602 2757 τὴν
1634 2687 1941 2758 μετουσίαν,

354 2775 637 2847 ἀπείργων
666 2775 722 2828 δὲ
758 2776 919 2845 μόνου
953 2776 1162 2829 ἐκείνου
1209 2770 1253 2844 ᾧ
1290 2777 1597 2847 σύμμικτος
1624 2772 1691 2848 ἦν
1734 2777 1799 2829 ἐκ
1837 2776 1945 2830 τῶν

354 2867 613 2919 ἐναντίων
649 2869 683 2936 ἡ
715 2867 899 2935 φύσις,
934 2867 1027 2920 τοῦ
1063 2868 1234 2921 κακοῦ
1269 2868 1405 2939 πρὸς
1446 2869 1506 2921 τὸ
1552 2868 1715 2921 καλὸν
1750 2886 1947 2937 συγκε-

356 2957 655 3027 κραμένον,
704 2957 934 3011 θάνατον
984 2958 1193 3022 ἐπιθεὶς
1239 2959 1318 3029 τῷ
1362 2961 1810 3031 παρανομήσαντι
1848 2960 1947 3030 τὴν

356 3049 582 3119 ζημίαν.
632 3050 771 3103 Ἀλλ’
807 3050 1068 3113 ἑκουσίως
1103 3051 1131 3102 6
1174 3052 1461 3120 ἄνθρωπος
1494 3052 1552 3105 ἐν
1585 3050 1663 3122 τῷ
1696 3050 1948 3116 αὐτεξου-

358 3141 460 3211 σίῳ
508 3142 768 3212 κινήματι
815 3142 1129 3195 καταλιπὼν
1178 3142 1278 3212 τὴν
1325 3144 1499 3213 ἀμιγῆ
1555 3143 1649 3195 τοῦ
1698 3143 1944 3214 χείρονος

358 3234 551 3303 μοῖραν
573 3272 589 3297 ,
619 3233 719 3304 τὴν
768 3233 833 3286 ἐκ
879 3234 988 3288 τῶν
1034 3235 1293 3288 ἐναντίων
1337 3235 1639 3306 σύγκρατον
1673 3237 1819 3307 ζωὴν
1851 3239 1950 3289 ἐπ-

356 3322 659 3377 εσπάσατο.
717 3323 791 3377 Οὐ
853 3322 957 3394 μὴν
996 3324 1206 3394 ἀφῆκεν
1251 3324 1283 3393 ἡ
1339 3321 1458 3375 θεία
1492 3322 1800 3396 προμήθεια
1850 3322 1946 3394 τὴν

2117 2122 2243 2177 llaec
2307 2132 2487 2176 autem
2542 2121 2842 2187 sententia,
2892 2138 3012 2177 mea
3065 2122 3288 2194 quidem
3345 2124 3628 2194 opinione,

2054 2214 2182 2269 talis
2218 2222 2304 2269 est
2336 2232 2349 2268 :
2380 2213 2465 2267 Ab
2512 2212 2670 2266 initio
2707 2215 2821 2266 vita
2866 2211 3104 2267 humana
3147 2215 3378 2285 simplex
3425 2223 3479 2270 et
3510 2217 3633 2271 unl-

2048 2305 2239 2362 formis
2284 2316 2424 2362 erat.
2476 2304 2794 2376 Simplicem
2839 2316 3023 2361 autem
3066 2314 3122 2363 et
3162 2307 3476 2362 uniusmodi
3510 2308 3639 2363 dico

2046 2413 2167 2454 eam
2213 2413 2334 2468 qua:
2360 2398 2415 2451 in
2467 2397 2766 2475 solo‘bono
2816 2397 3294 2467 animadvertitur,
3330 2407 3385 2454 et
3427 2401 3632 2458 nullius

2047 2490 2179 2544 mali
2208 2490 2597 2543 communione
2632 2489 2895 2557 permista
2927 2498 3033 2544 est.
3077 2490 3263 2545 Talem
3299 2499 3483 2547 autem
3516 2496 3633 2565 opi-

2048 2582 2269 2637 nionem
2312 2583 2488 2652 prima
2531 2583 2613 2635 lex
2642 2581 2828 2637 divina
2880 2581 3199 2636 testimonio
3254 2598 3357 2639 suo
3385 2599 3633 2655 compro-

2046 2675 2161 2739 bat,
2187 2689 2308 2743 quze
2333 2689 2459 2728 cum
2488 2675 2745 2729 omnibus
2769 2674 2991 2743 quidem
3025 2675 3207 2740 bonis,
3240 2691 3362 2747 qua!
3387 2685 3547 2732 erant
3575 2679 3634 2733 in

2045 2767 2326 2837 paradiso,
2360 2767 2634 2821 hominem
2678 2766 2893 2822 abunde
2932 2766 3035 2821 frui
3069 2776 3125 2822 et
3153 2769 3230 2822 uti
3263 2771 3633 2839 permisisset,

2048 2859 2117 2913 ab
2148 2859 2241 2914 illo
2290 2859 2409 2914 solo
2460 2858 2809 2929 prohibebat,
2859 2859 3044 2928 cujus,
3095 2874 3221 2913 cum
3259 2861 3464 2915 malum
3504 2877 3635 2917 cum

2048 2951 2195 3006 bono
2225 2957 2699 3020 coutemperatum
2734 2959 2901 3011 esset,
2927 2949 3219 3006 commista
3245 2967 3309 3006 ex
3343 2954 3635 3009 contrariis

2047 3049 2166 3096 erat
2194 3052 2410 3108 natura,
2442 3049 2785 3111 mortemque
2810 3042 2880 3107 ei,
2926 3044 3020 3112 qui
3054 3054 3246 3098 contra
3289 3045 3431 3099 hanc
3460 3047 3634 3117 legem

2050 3133 2293 3194 iecisset,
2335 3149 2550 3202 poenam
2598 3135 2873 3203 apposuit.
2930 3134 3039 3189 Sed
3089 3136 3254 3189 homo
3301 3147 3500 3207 sponte
3532 3156 3635 3196 sua

2048 3224 2377 3294 propriaque
2407 3224 2689 3279 voluntate
2729 3232 2781 3279 et
2812 3224 3044 3281 arbitrio
3074 3226 3268 3283 relicta
3304 3237 3477 3297 sorte,
3511 3247 3637 3303 qua:

2049 3328 2080 3368 a
2114 3315 2258 3369 malo
2291 3315 2501 3385 integra
2553 3323 2690 3382 erat,
2734 3330 2853 3371 eam
2887 3332 3007 3387 quae
3056 3333 3120 3373 ex
3156 3320 3458 3376 contrariis
3503 3338 3637 3377 con-

354 3413 612 3468 ᾱϐουλίαν
639 3414 795 3485 ήμῶν
842 3414 1183 3487 ἀδιόρθωτον.
1229 3414 1368 3467 Ἀλλ’
1392 3414 1579 3486 ἐπειδὴ
1612 3417 1725 3477 τοῖς
1765 3432 1941 3485 παρα-

2052 3412 2356 3475 temperata
2391 3414 2531 3469 erat,
2563 3409 2731 3459 vitam
2757 3407 2954 3463 ascivit
2982 3416 3036 3463 et
3069 3410 3357 3480 amplexus
3385 3420 3491 3467 est.
3526 3412 3634 3470 Sed

354 3503 618 3575 ϐεϐηκόσι
668 3504 762 3558 τὸν
814 3504 976 3575 νόμον
1031 3506 1060 3558 6
1116 3505 1324 3575 κριθεὶς
1374 3504 1461 3557 ἐπ’
1512 3504 1661 3574 αύτῷ
1717 3504 1945 3569 θάνατος

355 3596 672 3663 ἀναγκαίως
702 3593 1132 3666 ἐπηκολούθησε,
1180 3596 1302 3667 διχῆ
1340 3596 1570 3668 μερίσας
1598 3596 1696 3668 τὴν
1735 3596 1946 3668 ἀνθρω-

355 3685 519 3755 πίνην
551 3686 716 3757 ζωὴν,
762 3685 844 3748 εἷς
878 3703 939 3738 τε
980 3686 1079 3757 τὴν
1105 3686 1193 3740 διὰ
1236 3687 1437 3758 σαρκός
1477 3687 1702 3760 ταύτην,
1733 3688 1827 3741 καὶ
1865 3689 1945 3752 είς

353 3778 454 3849 τὴν
488 3778 592 3844 ἔξω
623 3778 717 3831 τοῦ
749 3777 1000 3849 σώματος
1026 3772 1172 3849 μετά
1201 3778 1425 3849 ταύτην,
1457 3779 1516 3833 ού
1556 3783 1695 3833 κατὰ
1726 3780 1785 3832 τὸ
1823 3776 1943 3833 ἴσον

356 3869 555 3939 μέτρον
588 3869 679 3922 τοῦ
727 3869 1114 3941 διαστήματος,
1165 3870 1299 3923 ἀλλά
1324 3871 1422 3943 τὴν
1470 3872 1569 3942 μὲν
1619 3870 1943 3942 βραχυτάτῳ

352 3962 461 4014 τινὶ
488 3960 565 4031 τῷ
595 3961 828 4033 χρονικῷ
862 3961 1209 4033 περιγράψας
1242 3962 1383 4033 ὅρῳ·
1424 3961 1521 4033 τὴν
1569 3962 1626 4015 δὲ
1676 3963 1941 4033 παρατεί-

352 4070 450 4115 νας
485 4053 563 4123 (5)
607 4055 688 4116 είς
718 4053 780 4106 τὸ
822 4053 1013 4118 ἀΐδιον,
1045 4054 1295 4119 ἐξουσίαν
1343 4053 1541 4107 ἔδωκεν
1595 4053 1700 4107 ὑπὸ
1753 4054 1942 4123 φιλαν-

354 4143 623 4215 θρωπίας,
654 4146 712 4199 ἐν
759 4138 804 4212 ᾧ
830 4162 914 4208 τις
958 4145 1227 4216 βούλεται,
1259 4144 1463 4199 τούτων
1494 4145 1752 4218 ἑκάτερον
1797 4144 1943 4217 ἔχειν

353 4239 439 4309 (τό
460 4256 517 4291 τε
540 4237 743 4306 ἀγαθὸν
766 4236 909 4306 λέγω
936 4240 1030 4291 καὶ
1057 4238 1119 4291 τὸ
1146 4237 1360 4309 κακὸν),
1393 4236 1587 4308 ἢκατὰ
1607 4237 1697 4291 τὸν
1730 4236 1935 4308 βραχὺν

351 4326 541 4381 τοῦτον
569 4328 663 4381 καὶ
694 4327 981 4399 ὠκύμορον
1008 4326 1144 4398 βίον,
1167 4327 1201 4396 ἢ
1236 4326 1376 4380 κατά
1400 4327 1525 4390 τοὺς
1548 4325 1937 4397 ἀτελευτήτους

350 4421 595 4483 ἐκείνους
636 4419 857 4485 αἰῶνας,
891 4413 966 4474 ὧν
1009 4419 1248 4491 πέραςή
1288 4420 1512 4491 ἀπειρία
1542 4418 1707 4473 ἐστίν.
1758 4418 1936 4489 Ὁμω-

350 4509 538 4579 νύμως
570 4509 629 4562 δέ
672 4508 964 4579 λεγομένου
1001 4509 1096 4563 τοῦ
1130 4527 1191 4563 τε
1215 4508 1423 4578 ἀγαθοῦ
1457 4509 1553 4563 καὶ
1598 4508 1693 4562 τοῦ
1741 4509 1935 4573 κακοῦ,

351 4600 448 4655 καὶ
476 4598 733 4668 ἐκατέρου
764 4598 967 4652 τούτων
993 4600 1069 4669 (4)
1108 4598 1242 4670 πρὸς
1287 4601 1481 4671 διπλῆν
1525 4599 1732 4654 ἔννοιαν
1779 4618 1936 4671 μερι-

350 4689 580 4759 ζομένου
615 4690 774 4760 (πρὸς
816 4688 940 4743 νοῦν
968 4707 1026 4744 τε
1071 4690 1214 4758 λέγω
1252 4691 1348 4744 καὶ
1375 4690 1672 4760 αἴσθησιν),
1707 4693 1801 4744 καὶ
1830 4691 1936 4743 τῶν

2047 3512 2158 3552 non
2212 3497 2421 3569 absque
2463 3499 2805 3554 correctione
2866 3510 2921 3554 et
2972 3502 3358 3559 emendatione
3398 3511 3638 3559 temera-

2038 3592 2189 3647 rium
2231 3600 2287 3647 et
2342 3593 2599 3648 stolidum
2637 3593 2772 3648 illud
2818 3596 3112 3650 consilium
3162 3605 3415 3653 nostrum
3447 3599 3634 3655 divina

2046 3686 2393 3757 providentia
2438 3688 2683 3758 reliquit.
2745 3686 2854 3741 Sed
2895 3689 3155 3759 quoniam
3192 3700 3634 3762 transgressores

2045 3778 2180 3849 legis
2210 3792 2371 3849 poma
2413 3781 2628 3841 mortis,
2676 3796 2799 3851 qua:
2830 3780 2935 3851 legi
2964 3780 3176 3851 judicio
3209 3782 3403 3841 latoris
3434 3792 3489 3841 et
3530 3800 3629 3840 au-

2044 3871 2215 3926 ctoris
2242 3871 2362 3941 ejus
2396 3873 2645 3942 apposita
2670 3882 2813 3940 erat,
2845 3874 3163 3929 necessario
3196 3884 3493 3931 consecuta
3525 3884 3630 3942 est,

2043 3971 2406 4033 posteaquam
2447 3963 2614 4019 vitam
2655 3964 2956 4018 humanam
2991 3965 3243 4020 bifariam
3271 3968 3508 4038 partitus
3541 3983 3634 4024 es~

2048 4061 2157 4117 set,
2195 4065 2249 4109 et
2280 4055 2334 4108 in
2370 4054 2515 4110 hanc
2561 4070 2684 4125 quae
2713 4070 2810 4125 per
2844 4072 3067 4111 carnem
3101 4060 3444 4129 transigitur,
3490 4069 3547 4116 et
3575 4061 3632 4115 in

2042 4143 2194 4198 illam
2244 4160 2367 4215 qua}
2411 4154 2537 4215 post
2590 4147 2732 4201 hanc
2788 4156 2945 4202 extra
2985 4164 3191 4219 corpus
3222 4151 3460 4221 degitur,
3519 4167 3631 4207 non

2040 4235 2159 4304 pari
2191 4236 2464 4290 intervalli
2499 4236 2663 4291 modo
2694 4245 2861 4308 atque
2888 4253 3167 4305 mensura,
3195 4241 3289 4296 sed
3325 4241 3472 4296 illam
3502 4244 3630 4312 qui-

2042 4322 2165 4379 dem
2199 4324 2526 4380 brevissimo
2560 4327 2798 4397 quodam
2834 4330 3069 4384 termino
3107 4332 3373 4401 temporis
3424 4340 3480 4388 et
3512 4349 3632 4404 spa-

2044 4414 2120 4470 tio
2145 4415 2619 4489 circumscripsit;
2651 4419 2795 4476 hanc
2816 4436 2946 4475 vero
2972 4422 3037 4475 ad
3066 4423 3430 4478 aeternitatem
3455 4440 3630 4497 usque

2041 4508 2289 4564 extendit
2324 4516 2491 4579 atque
2519 4510 2796 4580 produxit,
2828 4526 2892 4567 ac
2919 4512 3158 4584 benigno
3190 4522 3352 4584 atque
3385 4515 3629 4571 humano

2042 4602 2278 4656 consilio
2333 4617 2487 4667 usus,
2521 4611 2846 4674 potestatem
2893 4604 3064 4667 dedit,
3120 4613 3177 4660 ut
3227 4607 3283 4661 in
3336 4616 3461 4662 utra
3502 4609 3628 4679 quis

2040 4692 2154 4746 vita
2196 4693 2349 4754 velit,
2410 4694 2607 4748 horum
2664 4696 2992 4750 alterutrum
3039 4696 3235 4751 habeat
3265 4698 3492 4767 (bonum
3543 4701 3628 4754 in-

353 4781 454 4853 μὲν
481 4780 639 4834 τοῦτο
668 4784 726 4834 ἐν
754 4781 957 4850 ἀγαθοῦ
1010 4783 1173 4853 μοίρᾳ
1206 4783 1498 4854 κρινόντων
1540 4784 1676 4855 ὅπερ
1724 4783 1789 4837 ἂν
1833 4783 1932 4856 ἡδὺ

2044 4798 2202 4853 quam
2238 4791 2289 4838 et
2325 4784 2574 4854 malum),
2606 4786 2687 4840 vel
2723 4776 2818 4855 per
2840 4787 3055 4841 brevem
3081 4788 3220 4841 hanc
3246 4787 3555 4858 lluxamque
3575 4798 3629 4843 ct

348 4875 415 4943 τῇ
447 4872 693 4943 αἰσθήσει
719 4872 845 4945 δόξῃ
870 4890 886 4906 ·
918 4873 1026 4926 τῶν
1049 4873 1105 4926 δὲ
1138 4873 1296 4945 μόνον
1319 4875 1378 4927 τὸ
1414 4873 1554 4927 κατά
1585 4874 1824 4929 διάνοιαν
1854 4876 1931 4946 (5)

2044 4875 2304 4931 caducam
2354 4878 2544 4940 vitam,
2595 4879 2676 4932 vel
2734 4893 2833 4948 per
2872 4879 2964 4934 illa
3014 4879 3347 4949 sempiterna
3401 4883 3625 4946 smcula,

349 4962 722 5034 θεωρούμενον
765 4965 1207 5018 πεπιστευκότων
1253 4965 1458 5035 ἀγαθὸν
1506 4962 1642 5021 εἴναι
1678 4968 1771 5021 καὶ
1813 4969 1930 5021 ὀνο-

2044 4982 2273 5039 quorum
2315 4969 2584 5024 terminus
2635 4977 2719 5024 est
2754 4970 3022 5025 inlinitus.
3059 4970 3197 5025 Cum
3234 4980 3415 5025 autem
3453 4973 3626 5041 tequi-

353 5054 638 5125 μάζεσθαι.
669 5049 765 5121 Ui;
797 5057 894 5127 μὲν
919 5056 1267 5126 ἀγύμναστός
1295 5058 1441 5111 ἐστιν
1466 5058 1494 5111 6
1530 5056 1807 5131 λογισμὸς,
1840 5058 1931 5114 καὶ

2044 5075 2174 5116 voce
2229 5059 2446 5115 dicatur
2487 5068 2541 5116 et
2575 5062 2776 5117 bonum
2832 5070 2888 5118 et
2942 5062 3173 5129 malum,
3228 5071 3393 5135 atque
3428 5064 3625 5121 horum

419 5252 533 5331 (ἓξ)
563 5252 760 5331 ᾞμή·
793 5253 907 5331 Αξί
931 5254 1071 5331 ea;
1108 5325 1119 5331 _
1209 5324 1221 5331 .
2109 5258 2220 5331 (98)
2264 5256 2552 5331 ’[ιτῶν-,Β
2582 5259 2782 5331 mar
2808 5258 2984 5331 ἐιρχάς
3008 5262 3041 5331 ἡ
3068 5261 3198 5331 τῶν·

513 5325 533 5669 ἒ

564 5323 829 5401 (geratori.
853 5322 896 5376 A
915 5322 1079 5401 _add_it
1104 5324 1272 5401 ἐστίν.
1304 5392 1315 5401 ι
1404 5394 1416 5401 _
2109 5322 2574 5401 (99)Μονοειδὲς
2599 5328 2690 5401 δέ.
2716 5322 2861 5401 ΑΚΒ
2876 5322 3122 5401 μονοειδῆ
3160 5330 3241 5386 δέ.

564 5393 733 5472 [μετὰ
760 5391 991 5472 ψυχήν.
1023 5392 1065 5447 Β
1093 5392 1361 5472 κατάιτὴν
1388 5394 1449 5464 ψ.
2233 5391 2584 5472 Ὁρωμένῃνλ.
2632 5398 2674 5450 Α
2715 5391 3190 5472 Βλθεώρουμένήν.

442 5463 878 5541 Προειπώνς
909 5463 954 5516 Α
992 5463 1328 5541 προσειπώνζ
1405 5463 1412 5464 ί
1535 5534 1548 5541 _
2106 5463 2182 5541 (2)
2208 5463 2620 5541 Μάρτὺρεῖται.
2663 5472 2707 5523 Α
2739 5463 3172 5541 Βνμαρτύρετᾰι.

442 5472 511 5517 92
554 5472 878 5532 "postwa
909 5472 954 5516 A
992 5472 1325 5534 προσειπὼν.
2128 5472 2182 5534 2)
2208 5472 2620 5537 Μαρτυρεῖται.
2663 5472 2707 5523 Α
2739 5472 2783 5522 Β
2812 5472 3172 5541 μαρτύρεται.

566 5533 967 5617 ρήειτρυργίμςδ
1074 5534 1245 5617 τὴν
1272 5534 1640 5608 λειτουργίαν.
2106 5472 2613 5617 (5)-Παρατείνᾳς.
2684 5542 2728 5593 Α
2790 5540 2845 5597 in
2897 5550 3049 5597 textu
3098 5543 3506 5617 παραγράψας,
3563 5546 3621 5600 in

691 5596 835 5658 dat".-
918 5596 971 5680 ᾧ
994 5605 1109 5658 ἀπ’.
1137 5677 1148 5680 Α
1173 5596 1214 5680 _'
1236 5676 1290 5680 __
1457 5596 1469 5608 ’
1502 5596 1515 5607 ’

2044 5596 2280 5678 margine
2310 5596 2667 5680 παρατείνας.

440 5674 532 5746 95)
562 5674 827 5746 Μέγαᾲτι.
857 5675 1051 5746 -Δόγμα
1083 5676 1317 5746 αάἀὶιξῧ.

441 5743 531 5814 96)
566 5744 686 5797 Διά.
717 5744 757 5796 Α
793 5744 881 5797 διὰ
905 5743 1105 5814 δόγμα.

419 5813 531 5887 (97)
563 5814 907 5881 Μονοειδές.
940 5818 981 5869 Λ
1013 5813 1281 5886 μονοειδῆ.

2107 5680 2183 5749 (αἱ)
2224 5682 2473 5734 Τούτων.
2509 5680 2549 5731 Β
2582 5698 2795 5735 τουτου.

2106 5752 2183 5822 (5)
2223 5750 2518 5807 Διάνοιαν.
2551 5750 2595 5807 A
2626 5753 2797 5820 addit,
2826 5753 2962 5827 ὅπερ
2984 5754 3049 5809 ἂν
3074 5748 3141 5827 ἦν
3166 5754 3559 5829 θεωρούμενον.
