4046 6350
427 378 500 436 83
1628 380 1686 435 S.
1727 377 2054 436 GREGORII
2091 377 2384 434 NYSSENI
3609 375 3681 432 ει

429 500 724 561 utrumque
753 489 810 546 in
857 490 1130 561 duplicem
1172 489 1510 546 intellectum
1551 489 1830 547 dividatur
1862 491 1997 559 (tum

2116 491 2194 547 ιοῦ
2225 491 2488 562 βελτίονος
2505 488 2925 548 ἀνεπίσκεπτας,
2951 475 3100 540 οὗτοι
3124 484 3227 538 ὑπὸ
3245 486 3578 559 λαιμαργιαν
3599 493 3680 555 (t5)

429 581 487 635 in
527 589 789 645 mentem,
839 579 1089 651 inquam,
1138 589 1252 635 tum
1303 580 1358 635 in
1403 581 1673 649 sensum),
1703 589 1866 652 atque
1913 579 2006 634 alii

2116 586 2165 638 ἐν
2193 583 2270 652 τῷ
2293 585 2533 655 σαρκίνῳ
2567 581 2667 652 βίῳ
2696 581 2797 650 τὴν
2827 579 3275 650 χρεωστουμὲνην
3297 583 3364 651 τῇ
3399 579 3555 649 φύσει
3582 581 3683 635 τοῦ

428 671 672 742 quidem,
721 672 870 742 quod
923 673 1111 728 sensui
1165 687 1335 729 suave
1388 683 1444 728 et
1488 673 1791 742 jucundum
1827 673 2003 727 visum

2116 673 2310 741 iyaOoﬁ
2370 676 2564 745 μοῖραν
2625 673 3144 744 προαναλίσκουσιν,
3193 670 3344 726 οὐδὲν
3400 671 3478 743 τῷ
3543 671 3683 743 μετά

433 762 622 827 fuerit,
653 761 704 817 id
755 763 878 818 loco
915 764 1046 818 boni
1097 764 1377 819 habeant:
1413 764 1504 818 alii
1533 778 1679 828 vero,
1727 763 1780 817 id
1825 763 2004 819 solum

2116 767 2275 820 ταῦτα
2302 766 2402 836 βίῳ
2441 766 2821 836 ταμιευόμενοι
2841 783 2856 797 ·
2893 768 2942 819 ol
2967 805 2970 809 .
2991 764 3048 817 δὲ
3079 764 3322 835 λογισμῷ
3360 763 3682 834 διακριτικῷ

432 854 635 908 bonum
674 862 731 910 et
764 870 886 912 esse
931 865 986 911 et
1017 856 1288 910 nominari
1325 855 1573 920 credant,
1603 857 1749 924 quod
1791 854 2004 924 cogita-

2116 852 2167 908 τε
2191 855 2288 909 καὶ
2331 854 2568 926 σώφρονι
2595 853 2693 922 τὴν
2727 855 2935 908 ἑαυτῶν
2979 852 3389 923 οίκονομοῦντες
3422 851 3587 924 ζωὴν,
3620 853 3682 906 ἐν

431 945 583 999 tione
617 959 682 999 ac
713 945 915 1001 mentis
956 946 1254 1017 agitatione
1303 945 1757 1000 animadvertitur
1790 954 1845 1000 et
1871 959 2007 999 cun-

2116 945 2186 1016 τῷ
2209 945 2402 1016 βραχεῖ
2429 945 2602 1016 τούτῳ
2631 945 2750 1015 βίῳ,
2781 943 2868 998 διὰ
2904 945 3011 998 τῶν
3041 945 3141 1013 τὴν
3170 942 3421 1013 αἴσθησιν
3451 936 3682 996 λυπούν-

433 1034 731 1102 sideratur,
781 1038 983 1107 quibus
1025 1038 1246 1109 quidem
1307 1037 1666 1093 inexercitata
1714 1037 1855 1090 ratio
1896 1044 2002 1099 est,

2116 1054 2217 1091 των
2237 1037 2564 1100 ἀναχθέντες,
2590 1035 2668 1107 τῷ
2689 1035 2885 1106 ἐφεξῆς
2911 1036 3064 1090 αίῶνι
3085 1035 3148 1088 τὸ
3177 1034 3377 1103 ἀγαθὸν
3405 1032 3683 1105 ταμιεύονη

434 1135 494 1179 ut
521 1125 650 1195 quid
681 1128 879 1184 melius
908 1128 982 1184 sit
1009 1127 1361 1184 considerare
1387 1143 1495 1182 non
1529 1128 1764 1198 possint,
1801 1126 1881 1189 hi,
1910 1141 2005 1196 per

2116 1141 2221 1189 ται,
2265 1125 2406 1179 ὥστε
2455 1125 2639 1190 αὐτοῖς
2683 1128 2748 1198 τῇ
2792 1126 2947 1196 ἀϊδίῳ
2985 1123 3097 1195 ζωῇ
3131 1123 3230 1195 τὴν
3263 1124 3497 1194 κρείττω
3528 1121 3684 1194 λῆξιν

433 1217 731 1288 ingluviem
763 1228 817 1274 et
849 1220 1353 1290 intemperantiam,
1391 1219 1447 1272 in
1479 1217 1687 1272 carnali
1730 1217 1840 1271 vita
1882 1229 2002 1271 eam

2116 1233 2174 1268 συ
2182 1216 2664 1288 μπαρατείνεσθαι.
3535 1211 3537 1213 ’

434 1323 557 1377 quae
647 1319 858 1365 natura:
906 1309 1143 1365 debetur
1198 1309 1330 1364 boni
1385 1314 1590 1364 sortem
1649 1315 1777 1362 ante
1827 1312 2045 1374 tempus
2117 1313 2451 1360 consumunt
2491 1317 2654 1375 atque
2709 1303 3066 1375 profundunt,
3121 1304 3255 1359 nihil
3307 1303 3363 1358 in
3403 1318 3523 1359 eam
3561 1318 3684 1374 quae

436 1398 666 1468 posthac
734 1398 918 1454 futura
966 1409 1052 1456 est
1135 1399 1302 1455 vitam
1381 1405 1728 1455 reservantes
1803 1403 1858 1451 et
1903 1404 2344 1467 cornparcentes;
2402 1396 2496 1451 alii
2553 1411 2684 1451 vero
2736 1398 2949 1451 ratione
3009 1411 3143 1452 sana
3199 1411 3263 1450 ac
3305 1395 3686 1465 dijudicatrice

434 1505 592 1546 suam
621 1491 784 1546 vitam
825 1492 1214 1562 gubernantcs,
1257 1493 1312 1547 in
1351 1493 1452 1547 hac
1483 1477 1630 1547 brevi
1677 1489 1790 1544 vita
1853 1503 2037 1558 perea
2074 1503 2196 1559 quae
2239 1504 2458 1544 sensum
2512 1490 2718 1544 lredunt
2786 1491 3094 1545 contristati
3144 1499 3308 1562 atque
3353 1491 3556 1550 vexati.
3623 1489 3682 1542 in
3729 1555 3733 1558 .

435 1583 681 1638 futurum
731 1585 994 1640 saeculum
1044 1585 1246 1640 bonum
1294 1591 1655 1654 comparcunt
1713 1592 1880 1653 atque
1926 1584 2253 1648 recondunt,
2299 1593 2354 1638 ut
2383 1581 2488 1637 sibi
2553 1597 2662 1636 una
2713 1596 2836 1637 cum
2903 1582 3236 1653 sempiterna
3304 1582 3412 1637 vita
3490 1580 3684 1636 melior

435 1692 556 1733 sors
583 1675 907 1731 extendatur
936 1684 1099 1744 atque
1130 1683 1476 1745 prorogetur.

2038 1775 2083 1832 B

505 1836 602 1892 llic
640 1836 830 1906 igitur,
881 1845 940 1891 ut
989 1850 1108 1892 mea
1163 1835 1381 1906 quidem
1433 1833 1619 1904 opinio
1649 1832 1772 1900 fert,
1829 1832 2010 1888 hiatus

435 1927 526 1982 illc
551 1934 656 1990 est,
685 1925 776 1996 qui
803 1941 913 1981 non
944 1935 1090 1983 terra
1130 1925 1444 1981 discedente
1475 1933 1637 1995 atque
1679 1923 1897 1978 diducta
1927 1923 2007 1988 ﬁt,

437 2019 533 2074 sed
565 2033 727 2088 quem
759 2017 1030 2086 judicium
1082 2032 1179 2087 per
1223 2017 1366 2070 hanc
1417 2018 1585 2070 vitam
1641 2015 1695 2069 in
1737 2014 2010 2069 contraria

437 2107 621 2165 studia
673 2115 840 2178 atque
889 2108 1144 2164 instituta
1197 2106 1433 2162 divisum
1503 2115 1669 2176 atque
1727 2106 2009 2162 diductum

437 2200 589 2254 facit.
620 2198 754 2253 Nam
783 2199 876 2270 qui
907 2200 1073 2254 semel
1099 2197 1364 2268 quidquid
1398 2198 1450 2251 in
1483 2197 1584 2252 hac
1612 2198 1722 2252 vita
1751 2211 1920 2252 suave
1948 2211 2011 2254 ac

432 2290 738 2360 jucundum
771 2298 857 2346 est
881 2289 1128 2360 elegerit,
1165 2304 1264 2344 nec
1298 2287 1624 2358 pcenitentia
1648 2288 1850 2342 ductus
1894 2295 2010 2343 sto-

411 2379 608 2441 ,lidum
665 2395 732 2435 ac
783 2380 1132 2435 temerarium
1202 2393 1361 2435 suum
1430 2378 1722 2433 consilium
1787 2378 2012 2449 corrigit

438 2480 603 2543 atque
639 2471 916 2535 emendat,
961 2471 1304 2527 inaccessum
1343 2478 1397 2525 et
1434 2462 1640 2524 invium
1690 2469 1793 2524 sibi
1829 2469 2008 2524 locum

438 2562 708 2618 bonorum
749 2561 979 2632 posthac
1026 2560 1211 2627 edicit,
1263 2574 1386 2614 cum
1429 2561 1574 2615 hanc
1615 2557 2006 2621 inevitabilem,

438 2667 561 2722 quae
599 2651 826 2707 transiri
871 2667 980 2707 non
1037 2653 1231 2722 possit,
1283 2650 1692 2715 necessitatem,
1748 2657 2008 2718 tanquam

437 2740 763 2797 barathrum
790 2740 1062 2812 quoddam
1106 2751 1320 2796 vastum
1348 2749 1402 2795 et
1431 2739 1663 2803 invium,
1698 2753 1807 2808 qua
1835 2746 2013 2793 trans-

439 2832 509 2890 iri
560 2848 667 2888 non
720 2831 915 2903 possit,
972 2832 1239 2892 adversus
1286 2844 1408 2886 sese
1455 2828 1777 2899 perloderit.
1808 2827 2011 2893 Quam-

437 2924 626 2979 obrem
673 2924 874 2978 bonum
915 2937 1133 2994 quoque
1185 2921 1380 2976 anima:
1413 2928 1640 2984 statum,
1693 2919 1748 2973 in
1774 2933 1882 2989 quo
1909 2932 2009 2988 pa-

439 3014 642 3074 tientiae
692 3015 950 3070 athletam
1006 3029 1190 3072 sermo
1234 3013 1578 3084 requiescere
1627 3011 1780 3077 facit,
1827 3011 2009 3068 sinum

2182 1834 2350 1891 Τοῦτο
2396 1829 2487 1888 οὖν
2535 1836 2701 1898 ἐστιν,
2736 1835 2812 1898 ὥς
2848 1852 2910 1904 γε
2949 1837 2977 1889 ὁ
3009 1827 3140 1905 ἐμὸς
3169 1833 3346 1903 λόγος,
3380 1833 3440 1888 τὸ
3467 1835 3680 1906 χάσμα,

2109 1929 2138 1982 δ
2169 1929 2287 1999 οὐχὶ
2321 1927 2420 1997 γῆς
2451 1925 2778 1997 διασχούσης
2810 1927 3037 1994 γίνεται.
3070 1926 3184 1982 ἀλλ’
3215 1927 3248 1995 ἡ
3284 1925 3359 1995 (7)
3393 1925 3542 1996 παρά
3589 1927 3680 1980 τὸν

2112 2017 2224 2088 βίον
2256 2017 2436 2087 κρίσις
2481 2015 2617 2086 πρὸς
2664 2016 2764 2078 τὰς
2809 2016 3056 2080 ἐναντίας
3106 2015 3446 2087 προαιρέσεις
3478 2013 3682 2086 διασχι-

2111 2105 2298 2158 σθείσα
2342 2105 2504 2159 ποιεῖ,
2565 2104 2623 2158 ’0
2676 2106 2784 2175 γάρ
2825 2105 2974 2170 ἅπαξ
3016 2104 3076 2158 τὸ
3126 2106 3223 2176 ἡδὺ
3261 2106 3400 2160 κατά
3441 2108 3530 2160 τὸν
3567 2106 3682 2176 βίον

2107 2195 2293 2248 τοῦτον
2322 2195 2609 2265 ἑλκόμενος
2641 2195 2740 2265 (8),
2781 2197 2874 2249 καὶ
2903 2196 2978 2266 μὴ
3009 2196 3350 2267 θεραπεύσας
3378 2199 3453 2268 (9)
3486 2202 3550 2255 ἐκ
3582 2220 3682 2272 με-

2110 2284 2398 2353 ταμελείας
2444 2285 2543 2355 τὴν
2573 2284 2849 2350 ἀϐουλίαν,
2897 2285 3097 2340 ἄϐατον
3133 2287 3311 2358 ἐαυτῷ
3344 2289 3480 2360 μετά
3511 2291 3681 2347 ταῦτα

2107 2373 2205 2444 τὴν
2229 2373 2337 2426 τῶν
2371 2374 2587 2442 ἀγαθῶν
2616 2374 2798 2446 χώραν
2837 2375 2950 2445 (10)
2989 2377 3301 2448 ἐργάζεται,
3333 2381 3432 2452 τὴν
3459 2382 3682 2437 ἀδιάϐα-

2107 2485 2199 2521 τον
2234 2467 2435 2538 ταύτην
2468 2467 2731 2539 ἀνάγκην,
2778 2469 3027 2541 καθάπερ
3078 2488 3132 2526 τι
3183 2472 3451 2545 βάραθρον
3487 2475 3681 2546 ἀχανές

2108 2576 2168 2612 τε
2205 2559 2297 2612 καί
2338 2559 2702 2630 ἁπαρόδευτον
2747 2560 2867 2614 καθ’
2908 2561 3101 2615 ἐαυτοῦ
3146 2563 3413 2634 διορύξας.
3454 2566 3546 2618 Διό
3592 2584 3682 2635 μοι

2108 2651 2256 2704 δοκεῖ
2303 2650 2394 2704 καὶ
2433 2651 2533 2722 τὴν
2562 2650 2774 2724 ἀγαθὴν
2805 2653 2903 2724 τῆς
2930 2652 3108 2724 ψυχῆς
3150 2656 3500 2721 κατάστασιν,
3539 2659 3597 2711 ἐν

2108 2743 2199 2796 τὸν
2230 2741 2328 2812 τῆς
2364 2740 2638 2812 ὑπομονῆς
2667 2741 2901 2814 ἀθλητὴν
2924 2744 3192 2800 ἀναπαύει
3221 2748 3248 2799 ό
3278 2746 3453 2815 λόγος,
3484 2748 3684 2802 κόλπον

2108 2834 2201 2887 τοῦ
2257 2832 2508 2906 Ἀϐραὰμ
2541 2832 2825 2904 ὀνομάσαι.
2879 2834 3101 2905 Πρῶτος
3149 2835 3255 2908 γὰρ
3300 2831 3452 2902 οὗτος
3499 2841 3528 2892 ὁ
3575 2856 3683 2892 πα-

2108 2920 2371 3000 τριᾷρχης
2441 2922 2548 2975 τῶν
2603 2922 2821 2976 πώποτε
2889 2924 3186 2991 γεγονότων
3245 2927 3524 2998 ἱστόρηται
3583 2929 3685 2998 τὴν

2113 3012 2305 3066 ἐλπίδα
2343 3013 2451 3066 τῶν
2495 3012 2795 3082 μελλόντων
2822 3014 2921 3084 τῆς
2945 3015 3296 3080 ἀπολαύσεως
3333 3018 3442 3071 τῶν
3479 3019 3683 3089 παρόν-

435 3106 670 3168 Abrahae
709 3106 1028 3164 nominasse
1055 3105 1187 3160 mihi
1219 3105 1450 3160 videtur.
1482 3104 1700 3159 Primus
1733 3103 1879 3159 enim
1921 3101 2011 3156 hic

2116 3121 2219 3158 των
2267 3103 2750 3174 ἀπαλλαξάμενος,
2789 3105 2848 3168 ὃς
2877 3123 2940 3174 γε
2989 3107 3208 3161 πάντων
3244 3109 3570 3180 γυμνωθεὶς,
3626 3112 3684 3168 ἐν

437 3197 750 3268 patriarcha
789 3213 856 3252 ex
899 3197 967 3251 iis
997 3196 1092 3266 qui
1119 3197 1246 3250 olim
1294 3194 1536 3259 fuerunt,
1576 3207 1701 3250 cum
1738 3207 1834 3262 spe
1867 3190 2010 3246 futu-

438 3302 647 3354 rorum,
677 3287 1029 3357 prmsentium
1065 3286 1476 3341 commodorum
1519 3299 1680 3340 usum
1723 3294 1886 3351 atque
1912 3299 2010 3338 vo-

439 3380 703 3449 luptatem
732 3387 1103 3434 commutasse
1129 3385 1486 3438 memoratur,
1511 3376 1606 3446 qui
1632 3375 1852 3443 quidem
1886 3388 2008 3428 om-

441 3470 605 3531 nibus
634 3469 895 3533 nudatus,
925 3468 981 3530 in
1002 3467 1205 3539 quibus
1236 3467 1286 3522 ei
1315 3467 1426 3522 vita
1455 3466 1524 3521 ab
1552 3465 1710 3521 initio
1739 3464 2010 3521 consiste-

439 3559 556 3626 bat,
613 3558 757 3618 inter
809 3559 1016 3620 alienos
1065 3557 1520 3620 conversabatur,
1576 3565 1631 3611 et
1671 3553 2011 3611 domicilium

441 3649 697 3714 habebat,
736 3664 834 3720 per
879 3648 1204 3713 aﬂlictiones
1246 3655 1300 3703 et
1346 3645 1690 3705 incommoda
1724 3644 2011 3716 praesentis

439 3738 585 3805 vitae,
608 3753 729 3794 eam
761 3753 883 3809 quae
911 3745 1163 3808 speratur
1203 3737 1595 3796 beatitudinem
1641 3750 1911 3805 quaerens.
1944 3733 2013 3789 Ut

441 3828 611 3898 igitur
641 3837 846 3884 certam
897 3829 1135 3899 aliquam
1179 3828 1354 3898 pelagi
1407 3835 1617 3898 partem
1663 3826 2012 3882 circumscri-

440 3925 613 3994 ptam,
639 3935 734 3988 per
785 3921 1018 3982 abusum
1053 3918 1366 3989 quemdam,
1409 3919 1590 3973 sinum
1639 3917 2009 3980 nominamus,

441 4011 516 4066 ita
551 4011 684 4065 mihi
717 4026 896 4069 sermo
931 4011 1151 4075 nomine
1181 4011 1335 4066 sinus
1365 4011 1759 4071 immensarum
1793 4008 2012 4063 illorum

439 4110 753 4166 nostrorum
810 4103 1076 4170 bonorum
1133 4102 1655 4159 demonstrationem
1703 4102 2014 4172 signiﬁcare

440 4195 656 4257 videtur
685 4215 698 4251 :
727 4197 780 4250 in
827 4211 935 4266 quo
966 4197 1090 4252 sinu
1136 4196 1280 4259 bono
1311 4210 1524 4260 omnes,
1569 4195 1663 4264 qui
1699 4211 1794 4265 per
1825 4194 2014 4255 virtu-

440 4293 552 4348 tem
597 4286 883 4356 praesentis
921 4285 1046 4348 vitae
1086 4299 1308 4340 cursum
1357 4283 1677 4347 coniiciunt,
1715 4298 1836 4337 cum
1884 4284 2014 4339 hinc

441 4377 725 4442 solverint,
753 4386 1014 4447 tanquam
1058 4375 1113 4430 in
1155 4384 1314 4445 portu
1344 4389 1450 4432 non
1479 4375 1720 4434 obnoxio
1749 4373 2010 4429 ﬂuctuum

2114 3190 2194 3258 οἷς
2217 3189 2285 3264 ἦν
2315 3193 2463 3264 αὐτῷ
2491 3194 2768 3266 καταρχὰς
2797 3195 2830 3264 ή
2857 3193 2990 3266 ζωὴ,
3027 3197 3082 3248 ἐν
3113 3195 3410 3265 ἀλλοτρίοις
3443 3195 3554 3268 εἶχε
3585 3199 3685 3269 τὴν

2113 3285 2341 3349 δίαιταν,
2379 3283 2468 3338 διὰ
2511 3286 2610 3355 τῆς
2641 3283 2922 3356 παρούσης
2965 3285 3352 3351 κακοπαθείας,
3398 3287 3496 3356 τὴν
3533 3288 3685 3340 ἐλπι-

2116 3375 2348 3448 ζομένην
2396 3377 2688 3450 εὐκληρίαν
2724 3379 3178 3450 ἐμπορευόμενος.
3215 3379 3424 3451 Ὥσπερ
3456 3375 3548 3434 οὖν
3585 3380 3686 3452 τὴν

2115 3466 2274 3520 ποιὰν
2316 3465 2410 3522 τοῦ
2463 3467 2729 3536 πελάγους
2776 3469 3124 3540 περιγραφὴν
3175 3469 3238 3523 ἐκ
3298 3471 3684 3540 καταχρήσεὼς

2116 3573 2256 3621 τινος
2291 3558 2627 3630 ὀνομάζομεν
2661 3559 2877 3623 κόλπον,
2913 3560 3054 3614 οὕτω
3089 3560 3200 3631 (11)
3233 3561 3380 3614 δοκεί
3414 3562 3523 3615 τῶν
3553 3563 3688 3632 ἀμε-

2116 3647 2330 3718 τρήτων
2362 3649 2582 3702 ἐκείνων
2609 3650 2828 3718 ἀγαθῶν
2867 3650 2966 3721 τὴν
2995 3651 3216 3718 ἔνδειξιν
3241 3654 3270 3705 ό
3301 3651 3456 3720 λόγος
3485 3652 3564 3723 τῷ
3593 3653 3686 3707 τοῦ

2119 3737 2317 3795 κόλπου
2349 3739 2719 3809 διασημαίνειν
2747 3741 2990 3812 ὀνόματι,
3023 3737 3068 3809 ᾧ
3099 3742 3296 3806 πάντες
3320 3746 3368 3796 οἱ
3395 3743 3460 3797 δι’
3487 3743 3690 3814 ἀρετῆς

2116 3830 2205 3882 τὸν
2239 3829 2479 3900 παρόντα
2519 3829 2858 3894 διαπλέοντες
2902 3830 3038 3900 βίον,
3070 3833 3196 3884 ὅταν
3227 3831 3475 3885 ἐντεῦθεν
3519 3832 3689 3886 ἀπαί-

2121 3937 2285 3992 ρωσιν
2345 3920 2492 3990 (12),
2547 3920 2735 3993 ὥσπερ
2799 3925 2858 3978 ἐν
2906 3923 3300 3994 ἀκατακλύστῳ
3373 3923 3552 3993 λιμένι
3611 3925 3691 3994 τῷ

2117 4011 2306 4082 ἀγαθῷ
2339 4012 2524 4083 κόλπῳ
2566 4011 2664 4076 τὰς
2699 4013 2873 4084 ψυχὰς
2905 4014 3279 4087 ἐνορμιζονται
3332 4015 3466 4086 (15),
3498 4017 3612 4079 τοῖς
3632 4015 3691 4069 δὲ

2118 4105 2323 4167 λοιποῖς
2356 4105 2390 4174 ἡ
2432 4105 2539 4157 τῶν
2587 4106 2924 4175 φαινομένων
2960 4107 3139 4170 αὐτοῖς
3176 4106 3393 4174 ἀγαθῶν
3438 4107 3690 4177 στέρησις

2121 4194 2249 4261 φλὸξ
2277 4195 2481 4262 γίνεται
2506 4195 2602 4266 τὴν
2625 4195 2801 4266 ψυχὴν
2828 4195 2984 4266 διασμ
2996 4196 3195 4266 ύχουσα
3217 4196 3350 4268 (14),
3376 4197 3586 4267 ρανίδος
3610 4214 3692 4249 τι-

2120 4282 2205 4345 νὸς
2242 4283 2306 4335 ἐκ
2339 4283 2431 4336 τοῦ
2463 4282 2728 4352 πελάγους
2759 4283 2866 4341 τῶν
2889 4285 3015 4362 τοὺς
3052 4284 3228 4349 ὁσίους
3259 4284 3691 4355 περικλυζόντων

2120 4371 2338 4441 ἀγαθῶν
2369 4374 2444 4437 εἰς
2475 4373 2826 4445 παραμυθίαν
2857 4374 3245 4448 προσδεομένη,
3277 4376 3369 4429 καὶ
3399 4375 3460 4429 οὐ
3490 4375 3689 4445 τυγχά-

441 4469 720 4542 procellis,
759 4470 972 4526 animas
997 4469 1258 4538 appulsas
1289 4483 1353 4522 ac
1378 4467 1534 4536 quasi
1561 4465 1864 4521 subductas
1895 4475 2008 4525 sta-

2118 4481 2302 4518 νουσα.
2339 4465 2594 4524 Γλῶσσαν
2626 4465 2681 4518 δὲ
2712 4467 2804 4520 καὶ
2834 4466 3129 4537 ὀφθαλμὸν,
3157 4467 3251 4520 καὶ
3282 4467 3564 4530 δάκτυλον,
3598 4467 3689 4520 καὶ¹

441 4565 625 4622 tuunt.
657 4556 905 4629 Reliquis
943 4567 1122 4616 autem
1171 4573 1359 4612 eorum
1416 4571 1537 4627 quze
1586 4557 1727 4612 bona
1764 4556 2015 4612 videntur

441 4651 523 4708 eis
577 4649 774 4719 ejectio
811 4648 1157 4720 privatioque
1199 4647 1418 4707 ﬂannua
1469 4647 1704 4701 animam
1747 4662 2014 4717 perurens

441 4741 679 4806 exsistit,
709 4748 916 4810 guttam
961 4740 1196 4809 aliquam
1240 4753 1306 4795 ex
1342 4739 1529 4808 pelago
1564 4738 1855 4802 bonorum,
1890 4737 2014 4808 qui-

442 4833 546 4887 bus
580 4831 757 4895 sancti
791 4830 1019 4890 aﬂluunt
1045 4837 1099 4884 ct
1137 4829 1436 4894 abundant,
1467 4827 1534 4882 ad
1581 4827 2015 4884 consolationem

443 4921 785 4987 desiderans,
817 4930 872 4976 et
906 4937 1015 4976 non
1047 4921 1378 4992 adipisccns.
1415 4921 1582 4975 Porro
1610 4935 1732 4974 cum
1775 4920 2015 4990 linguam

443 5022 498 5076 et
529 5014 752 5068 oculum
780 5023 834 5069 et
876 5012 1131 5086 digitum,
1167 5013 1489 5092 reliquaque
1522 5012 1745 5076 nmnina
1788 5011 1855 5074 ad
1892 5024 2016 5072 cor-

443 5119 546 5173 pus
575 5105 907 5175 pertinentia
938 5105 994 5159 in
1036 5103 1312 5174 colloquio
1339 5103 1786 5171 incorporearum
1838 5102 2015 5157 anim-

519 5284 594 5356 (θ)
633 5288 1027 5356 Λαιμαργίαν,
1051 5285 1096 5356 Α
1120 5285 1161 5356 Β
1191 5283 1541 5355 λαιμαργίας,

518 5355 595 5422 (7)
637 5356 788 5408 Ἀλλ’
820 5354 880 5421 ἠέ
911 5357 956 5408 Α
980 5354 1154 5424 ἀλλ’ᾼὸ
1186 5357 1241 5424 ὴ.

519 5423 596 5496 (8)
631 5426 1002 5491 Ἑλκόμενος.
1031 5428 1074 5476 Α
1169 5422 1440 5496 ἐλόμενος.

519 5492 598 5565 (9)
626 5496 1023 5565 Θερᾳπεύσας.
1063 5495 1108 5546 Α
1136 5493 1189 5546 in
1217 5492 1366 5565 textu
1389 5492 1732 5565 θεραπεύσας
1759 5497 1823 5548 ἐκ
1849 5513 2013 5565 μετα-

448 5563 898 5636 ϐουλίαςάϐατ-ον
921 5580 939 5636 Ἀ
971 5566 1030 5636 in
1053 5564 1312 5636 margine
1346 5580 1358 5616 :
1396 5564 1488 5616 καὶ
1518 5566 1592 5636 μὴ
1627 5567 1688 5619 ἐκ
1726 5563 2013 5635 μετανοίας

449 5631 765 5704 θεραπεύων
794 5632 889 5704 τὴν
919 5632 1190 5704 ἀδουλίαν.

521 5701 631 5774 (10)
668 5701 785 5774 Τὴν
806 5701 1018 5774 χώραν.
1120 5701 1160 5754 Β
1197 5705 1286 5754 τὸν
1318 5704 1510 5773 χῶσον.

521 5771 630 5844 (11)
661 5771 839 5828 Οὕτω,
944 5772 985 5826 Β
1011 5772 1150 5826 οὕτω
1183 5790 1287 5854 (μοι.

2121 4556 2186 4613 τὰ
2210 4555 2372 4614 λοιπὰ
2410 4555 2517 4612 τῶν
2558 4557 2880 4627 σωματικῶν
2919 4556 3198 4628 ὀνομάτων
3246 4557 3306 4611 ἐν
3351 4555 3430 4628 τῷ
3453 4556 3687 4627 διαλόγῳ

2121 4648 2228 4701 τῶν
2260 4649 2566 4718 ἀσωμάτων
2635 4647 2848 4718 βλέπων
2891 4687 2904 4712 ,
2947 4649 3039 4702 τὸν
3078 4647 3520 4720 καταστοχασμὸν
3553 4647 3689 4718 (15),

2121 4742 2252 4812 ἡμῖν
2312 4739 2411 4809 ἤδη
2471 4739 2710 4810 νοηθέντι
2760 4741 2886 4810 περ).
2927 4739 3104 4810 ψυχῆς
3162 4739 3304 4809 λόγῳ
3387 4737 3690 4810 συμφώνως

2123 4829 2265 4900 ἔχειν
2284 4829 2656 4901 ὁμολογήσεις,
2695 4831 3125 4901 ἐπισκεψάμενος
3144 4831 3251 4885 τῶν
3284 4830 3459 4902 ῥητῶν
3480 4829 3690 4902 (16·17)

2123 4923 2221 4993 τὴν
2260 4922 2514 4976 διάνοιαν.
2554 4922 2763 4992 Ὥσπερ
2791 4922 2901 4993 γὰρ
2934 4922 3044 4991 (18)
3082 4922 3202 4976 ὅλου
3238 4921 3332 4979 τοῦ
3377 4920 3625 4992 σώματος
3653 4923 3694 5000 ί)

2122 5012 2228 5077 τῶν
2279 5011 2554 5088 στοιχείων
2611 5010 2882 5090 συνδρομὴ
2930 5013 3073 5064 ποιεῖ
3117 5010 3213 5083 τὴν
3259 5009 3479 5074 οὐσίαν,
3517 5007 3690 5071 οὕτως

2122 5104 2267 5167 είκὸς
2315 5103 2542 5160 καὶτῶν
2586 5104 2641 5158 ἐν
2684 5102 2763 5173 τῷ
2805 5102 3017 5172 σώματι
3063 5102 3242 5174 μερῶν
3274 5105 3338 5156 ἐκ
3367 5103 3468 5172 τῆς
3521 5099 3689 5169 αὐτῆς

2188 5285 2297 5354 (12)
2346 5285 2721 5354 Ἀπαίρωσιν.
2753 5283 2796 5337 Α
2818 5283 2860 5338 Β
2892 5283 3196 5354 ἀπάρωσιν.

2187 5351 2301 5422 (15)
2340 5351 2792 5423 Ἐνορμίζονται.
2819 5355 2864 5407 Α
2900 5355 2952 5407 in
2983 5351 3226 5423 margine
3263 5351 3626 5423 ἐνορμίζουσι.

2186 5424 2298 5494 (Η)
2334 5424 2780 5493 Διασμύχουσα.
2831 5425 2872 5475 Α
2897 5423 3295 5494 διασμήχουσα.

2158 5559 2162 5562 ,
2186 5489 2296 5564 (15)
2335 5496 2445 5548 Τὸν
2478 5489 3008 5564 Ξιαξαστοχασμόν,
3028 5489 3137 5549 etc.
3166 5493 3208 5546 A
3234 5490 3272 5544 Β
3297 5489 3374 5562 τῷ
3407 5490 3544 5546 κατά
3567 5509 3687 5549 στο-

2111 5565 2318 5634 χασμὸν
2343 5564 2440 5634 ἥδη
2480 5563 2742 5634 νοηθέντιζ

2129 5623 2141 5636 ’
2190 5623 2400 5703 (16-ΙἺ)
2429 5623 2685 5705 ”Ρηὲῶιτ.
2719 5633 3068 5705 Β-ρημάτων.

2193 5705 2302 5780 (18)
2340 5705 2565 5773 ’Ὠσπερ
2595 5703 2719 5773 γάρ.
2758 5703 2801 5756 Α
2821 5704 2895 5768 ὡς
2917 5705 3043 5782 γάρ.
