4046 6350
342 353 416 411 as
1407 355 1497 412 DE
1533 357 1752 419 ANIMA
1803 361 1892 417 ET
1926 362 2526 423 RESUBRECTIONE.
3242 322 3277 352 ⁸
3520 354 3589 422 86

340 469 519 531 αίτίας
560 467 667 536 (19)
714 466 1160 538 συμπληροῦσθαι
1202 466 1299 537 τὴν
1333 467 1513 538 φύσιν.
1557 471 1627 535 Ε(
1646 468 1741 533 οὖν
1779 472 1912 543 πάρ-

2019 472 2277 538 advertis,
2315 473 2363 535 si
2397 473 2690 531 verborum
2739 478 3065 527 sententiam
3101 471 3427 541 inspexeris,
3462 490 3588 531 cum

340 574 489 612 εστιν
518 558 552 627 η
583 556 723 627 ψυχὴ
748 559 860 618 τοῖς
885 558 949 609 ἐκ
979 556 1069 609 τοῦ
1108 556 1357 626 σώματος
1385 561 1664 629 στοιχείοις
1690 561 1825 632 πρὸς
1854 544 1914 617 τὸ

342 651 451 703 πᾶν
498 646 873 717 ἀναμιχθεῖσιν
901 646 1038 715 (20),
1071 648 1131 700 οὐ
1183 650 1342 719 μόνον
1384 649 1447 703 τὸ
1492 651 1762 723 πλήρωμα
1805 653 1914 705 τῶν

338 741 418 801 εἰς
468 738 591 790 ὅλον
643 736 704 788 τὺ
760 736 1039 807 σύγκριμα
1088 737 1602 809 συνδεδραμηκότων
1640 742 1912 811 γνωρίσει,

339 829 433 881 καὶ
478 830 539 880 ὲν
571 828 753 890 αὐτοῖς
801 827 985 879 ἔσται·
1034 827 1149 879 ἀλλ’
1198 829 1258 880 οὐ
1310 829 1410 898 τὴν
1454 829 1564 900 (21)
1616 831 1915 896 ἰδιάζουσαν

2020 565 2276 633 Opinione
2315 579 2478 633 quam
2547 563 2660 632 jam
2722 579 2817 633 per
2867 563 3239 631 conjecturam
3291 564 3358 618 de
3409 568 3590 622 anima

2020 664 2203 709 mente
2231 663 2495 724 concepta
2540 656 2894 724 exposuimus
2934 656 3229 708 convenire
3285 672 3391 709 non
3424 672 3589 727 nega-

2020 747 2126 802 bis.
2167 745 2237 801 Ut
2262 747 2406 802 enim
2439 762 2743 801 concursus
2763 747 3157 807 elementorum
3198 746 3368 800 tutius
3399 761 3590 814 θοι-νο-

2022 838 2100 891 ris
2138 837 2301 892 ellicit
2342 848 2593 893 naturam
2626 857 2637 891 :
2671 840 2744 892 ita
2791 840 3069 908 probabile
3121 846 3224 901 est,
3269 841 3433 893 etiam
3468 854 3591 906 par-

336 919 574 972 ἑκάστου
621 919 728 971 τῶν
765 917 946 988 μερῶν
987 918 1244 972 σύστασιν
1290 921 1566 990 ἀγνοήσει,
1617 922 1704 975 διὰ
1748 924 1912 981 ποίων

2023 928 2157 981 tium
2202 929 2450 998 corporis
2495 945 2561 984 ex
2591 929 2781 984 eadem
2813 944 2977 983 causa
3016 930 3276 998 compleri
3313 940 3585 984 naturam.

336 1010 443 1064 ’τῶν
471 1014 531 1064 ὲν
565 1013 679 1073 τοῖς
709 1010 988 1081 στοιχείοις
1020 1010 1225 1079 μορίων
1258 1011 1589 1083 ἀποτελεσθῇ
1624 1012 1734 1083 (22)
1764 1013 1833 1066 τὰ
1860 1016 1912 1068 ἐν

2024 1019 2078 1072 Si
2113 1021 2275 1090 igitur
2308 1022 2490 1075 anima
2530 1021 2688 1077 adest
2723 1022 3007 1076 elementis
3059 1037 3123 1075 ex
3152 1035 3382 1089 corpore
3412 1019 3592 1072 disso-

334 1104 467 1174 ἡμῖν
501 1101 664 1173 μέλη.
2022 1110 2136 1164 luto
2194 1111 2260 1165 ad
2306 1127 2487 1167 rerum
2530 1114 2843 1168 universam
2889 1120 3138 1166 naturam
3185 1110 3383 1166 refusis
3430 1118 3591 1177 atque

338 1196 599 1258 reversis,
637 1210 745 1249 non
792 1194 957 1254 modo
1030 1194 1339 1264 congeriem
1435 1202 1489 1249 et
1537 1195 1992 1265 complementum
2033 1214 2222 1253 eorum
2247 1216 2370 1270 qua:
2407 1201 2474 1255 ad
2500 1209 2668 1255 totam
2699 1201 3219 1273 coagmentationem
3254 1201 3589 1255 constituen-

333 1288 457 1341 dam
490 1293 892 1341 concurrerunt
951 1292 1233 1355 agnoscet,
1263 1293 1315 1339 et
1345 1284 1397 1338 in
1430 1285 1512 1339 eis
1549 1287 1690 1349 erit;
1726 1285 1820 1340 sed
1846 1301 1914 1340 ne
1954 1288 2282 1356 peculiarem
2316 1289 2533 1359 quidem
2565 1290 2834 1360 cujusque
2906 1289 3074 1358 partis
3135 1290 3586 1344 constitutionem

333 1391 387 1433 et
411 1381 825 1433 concretionem
863 1378 1159 1448 ignorabit,
1204 1391 1301 1445 per
1335 1391 1477 1446 quas
1505 1376 1760 1429 nimirum
1793 1377 2092 1446 particulas
2122 1380 2516 1435 elementorum
2545 1381 2785 1435 membra
2816 1389 3005 1435 nostra
3040 1380 3290 1438 absoluta
3327 1381 3463 1435 sint.

401 1469 515 1539 Τὴν
550 1463 646 1521 οὖν
678 1468 790 1538 (25)
834 1469 891 1519 ὲν
934 1468 1097 1520 παντὶ
1145 1463 1309 1521 οὖσαν
1353 1467 1428 1537 τῷ
1472 1467 1581 1520 τῶν
1631 1468 1910 1537 στοιχείων

2088 1470 2356 1537 Quocirca
2388 1488 2509 1542 qua:
2549 1473 2602 1525 in
2632 1474 2887 1527 universo
2915 1473 3311 1531 elementorum
3343 1474 3588 1539 compln.

334 1557 687 1629 πληρώματι,
720 1559 816 1610 καὶ
852 1559 909 1609 ὲν
959 1560 1070 1620 τοῖς
1119 1557 1238 1610 καθ’
1268 1557 1497 1610 ἕκαστον
1549 1553 1706 1624 εἶναι,
1757 1558 1910 1611 οὐδὲν

2017 1574 2201 1617 mento
2250 1563 2329 1626 ﬁt,
2364 1579 2480 1617 eam
2514 1564 2676 1616 etiam
2728 1563 2783 1616 in
2838 1562 3216 1632 singularibus
3255 1577 3399 1625 esse,
3438 1564 3589 1615 nullo

330 1648 437 1715 ἔξω
462 1647 560 1701 τοῦ
609 1648 817 1710 εἰκότος
859 1647 1036 1699 ἐστίν’
1069 1648 1162 1700 καὶ
1202 1646 1345 1700 οὕτω
1388 1648 1524 1716 πρὸς
1558 1648 1627 1702 τὰ
1673 1648 1911 1718 στοιχεῖά

2018 1654 2229 1709 modoa
2282 1654 2666 1725 probabilitate
2707 1668 2771 1707 ac
2827 1651 3300 1707 verisimilitudine
3345 1652 3587 1713 alienum

330 1758 414 1804 τις
443 1740 681 1810 βλέπων,
721 1736 804 1803 οἷς
841 1739 1131 1810 ἐνυπάρχει
1162 1741 1227 1809 τῇ
1273 1739 1499 1809 δυνάμει
1531 1740 1600 1792 τὰ
1627 1738 1746 1792 καθ’
1777 1739 1908 1791 ἕκα-

2016 1756 2131 1810 est;
2165 1754 2327 1815 atque
2357 1746 2429 1799 ita
2464 1744 2510 1800 si
2549 1744 2672 1814 quis
2713 1750 2922 1812 Spectet
2960 1742 3024 1795 ad
3052 1742 3341 1806 elementa,
3371 1742 3425 1795 in
3467 1744 3588 1811 qui-

332 1850 455 1886 στον
504 1832 645 1903 μέλη
693 1831 787 1884 τοῦ
850 1831 1118 1901 σώματος,
1148 1830 1408 1884 δάκτυλόν
1450 1848 1509 1883 τε
1561 1831 1689 1901 περὶ
1736 1830 1906 1901 αὐτὴν

2010 1833 2113 1888 bus
2140 1833 2439 1903 singularia
2466 1832 2710 1885 membra
2739 1830 2984 1899 corporis
3028 1828 3215 1883 insunt
3250 1830 3366 1898 ipsa
3398 1836 3590 1897 poten-

330 1919 469 1981 εἶναι
498 1925 598 1978 καὶ
629 1923 903 1994 ὀφθαλμὸν
933 1922 1027 1974 καὶ
1048 1920 1317 1989 γλῶσσαν,
1349 1923 1442 1974 καὶ
1468 1921 1536 1974 τὰ
1569 1921 1703 1974 ἄλλα
1734 1920 1909 1973 πάντα

333 2016 471 2086 μετά
508 2016 614 2085 τὴν
638 2014 880 2067 διάλυσιν
910 2012 1004 2066 τοῦ
1036 2012 1405 2082 συγκρίματος
1436 2010 1534 2081 τὴν
1565 2010 1786 2082 Γραφὴν
1817 2010 1907 2062 λέ-

329 2122 445 2175 γειν
474 2105 742 2169 ὑπονοῶν,
770 2102 865 2156 τοῦ
899 2104 1102 2167 εἰκότος
1132 2104 1228 2171 οὐχ
1272 2103 1665 2172 ἁμαρτήσεται.
1711 2103 1775 2155 Εἰ
1816 2097 1909 2155 οὖν

327 2197 395 2250 τὰ
423 2197 543 2249 καθ’
566 2197 798 2248 ἕκαστον
829 2194 1030 2261 ἀπάγει
1061 2193 1170 2262 (24)
1192 2193 1281 2246 τὸν
1312 2190 1434 2245 νοῦν
1464 2192 1561 2261 τῆς
1592 2192 1908 2263 σωματικῆς

329 2290 457 2358 περὶ
500 2287 600 2340 τοῦ
653 2286 987 2356 διηγήματος
1027 2283 1369 2353 ὑπολήψεως,
1416 2282 1562 2347 εἰκὸς
1606 2282 1778 2355 δήπου
1814 2285 1909 2338 καὶ

327 2379 419 2431 τὸν
458 2376 904 2448 μνημονευθέντα
953 2374 1047 2428 νῦν
1079 2373 1212 2444 ᾅδην
1248 2374 1323 2445 μὴ
1375 2374 1538 2427 τόπον
1579 2374 1701 2428 τινὰ
1736 2374 1908 2439 οὕτως

326 2471 731 2541 ὀνομαζόμενον
779 2468 1007 2529 οἴεσθαι,
1044 2466 1181 2520 ἀλλά
1227 2482 1347 2519 τινα
1382 2466 1712 2519 κατάστασιν
1763 2467 1909 2537 ζωῆς

328 2562 478 2631 ἀειδῆ
527 2563 626 2615 καὶ
654 2559 961 2629 ἀσώματον,
1059 2557 1157 2628 τὴν
1182 2557 1358 2628 ψυχὴν
1394 2557 1730 2627 ὲμϐιοτεύειν
1759 2558 1909 2633 παρὰ

327 2652 428 2721 τῆς
470 2652 509 2703 Γ
515 2651 697 2721 ραφῆς
729 2648 1159 2719 ὲκδιδασκόμεθα
1208 2648 1342 2720 (25).
1399 2648 1560 2702 Ἀλλά
1604 2650 1696 2701 καὶ
1724 2649 1909 2725 ἕτερον

329 2744 387 2795 ὲν
430 2742 509 2813 τῷ
560 2741 706 2795 κατὰ
752 2741 845 2793 τὸν
904 2740 1157 2792 πλούσιον
1204 2740 1298 2793 καὶ
1347 2741 1558 2810 πτωχὸν
1613 2741 1913 2811 διηγήματι

327 2834 501 2903 δόγμα
535 2831 901 2902 μανθάνομεν,
931 2828 958 2881 ὃ
995 2829 1194 2900 πολλὴν
1235 2829 1346 2899 ἔχει
1378 2827 1491 2901 (26)
1534 2830 1671 2899 πρὸς
1696 2830 1766 2884 τὰ
1794 2832 1909 2902 ἐξη.

329 2924 578 2993 τασμένα
617 2921 713 2991 τὴν
753 2919 1080 2989 οἰκειότητα.
1128 2920 1414 2988 Ἐποίησεν
1455 2916 1662 2971 ἐκεῖνον
1691 2919 1781 2973 τὸν
1809 2921 1908 2989 ὲμ.

333 3013 476 3083 παθῆ
508 3011 608 3066 καὶ
643 3010 988 3081 φιλόσαρκον,
1039 3009 1226 3078 ἐπειδὴ
1268 3009 1330 3061 τὸ
1378 3008 1616 3076 ἄφυκτον
1664 3002 1909 3079 είδε”τῆς

2008 1926 2103 1988 tia,
2142 1933 2307 1995 atque
2331 1924 2670 1994 Scripturam
2711 1922 2891 1976 dicere
2918 1920 3236 1985 arbitretur,
3272 1926 3325 1974 et
3356 1920 3587 1990 digitum

2007 2017 2154 2069 circa
2192 2016 2365 2085 ipsam
2400 2014 2638 2069 animam
2688 2029 2809 2069 esse
2834 2022 2887 2068 et
2907 2013 3126 2067 oculum
3176 2021 3231 2065 et
3303 2002 3579 2082 linguam,

2006 2118 2310 2179 caeteraque
2359 2110 2540 2162 omnia
2572 2108 2733 2162 etiam
2782 2111 2905 2175 post
2965 2103 3381 2158 dissolutionem
3459 2118 3586 2157 con-

2008 2200 2161 2265 creti,
2198 2215 2226 2252 a
2259 2199 2639 2269 probabilitate
2673 2213 2739 2252 ac
2771 2193 3248 2252 verisimilitudine
3286 2209 3392 2247 non
3425 2194 3590 2248 aber-

2006 2292 2165 2346 rabit.
2198 2291 2255 2344 Si
2306 2291 2471 2360 igitur
2501 2289 2800 2358 singularia
2832 2295 3067 2342 mentem
3097 2284 3377 2338 abducunt
3418 2284 3487 2338 ab
3515 2299 3581 2338 eo

2005 2384 2100 2452 qui
2128 2381 2195 2435 ad
2239 2396 2438 2451 corpus
2471 2380 2706 2439 refertur
2764 2376 3098 2433 narrationis
3147 2375 3449 2445 intellectu,
3489 2388 3589 2443 par

2004 2483 2059 2529 et
2090 2480 2525 2543 consentaneum
2545 2471 2805 2542 nimirum
2855 2477 2964 2534 est,
2993 2478 3052 2523 ut
3086 2474 3250 2523 etiam
3296 2475 3457 2524 modo
3483 2484 3589 2529 me-

2006 2572 2277 2634 moratum
2305 2563 2596 2633 infernum,
2639 2577 2765 2632 non
2802 2562 2981 2616 locum
3026 2561 3117 2631 qui
3162 2562 3241 2617 sic
3280 2561 3593 2626 nominetur

2005 2667 2130 2713 esse
2157 2662 2432 2722 putemus.
2474 2652 2567 2706 sed
2593 2651 2883 2724 quemdam
2918 2650 3046 2704 vita:
3086 2657 3293 2713 statum
3328 2650 3591 2720 ineprpo-.

2005 2757 2182 2807 reum,
2222 2742 2315 2813 qui
2342 2741 2513 2795 videri
2547 2757 2656 2796 non
2697 2743 2886 2811 possit,
2924 2741 2978 2795 in
3014 2756 3125 2811 quo
3154 2741 3391 2794 animam
3418 2741 3599 2801 vitam

2004 2821 2263 2902 degerea
2317 2832 2596 2902 Scriptura
2652 2834 2933 2887 docemur.
2998 2832 3176 2903 Atque
3213 2831 3377 2886 etiam
3424 2831 3588 2887 aliam

2007 2924 2060 2994 in
2097 2923 2409 2992 narratione
2423 2938 2542 2991 qua:
2566 2923 2630 2977 ad
2656 2923 2878 2991 divitem
2921 2921 3301 2981 etmendicum
3328 2922 3585 2990 pertinet,

2006 3023 2209 3078 certam
2246 3013 2566 3090 ﬁrmamque
2605 3015 2881 3073 discimus
2915 3013 3266 3079 sententiam,
3311 3028 3433 3082 quae
3468 3027 3585 3065 ma-

334 3105 461 3176 παρ’
500 3102 698 3157 ἑαυτοῦ
729 3101 842 3172 (27)
876 3102 1177 3173 συμφορᾶς,
1209 3101 1463 3171 φροντίδα
1495 3100 1603 3153 τῶν
1634 3101 1773 3171 ὑπὲρ
1803 3101 1906 3168 γῆς

2010 3121 2167 3176 gnam
2209 3120 2335 3160 cum
2364 3106 2431 3160 iis
2463 3120 2584 3174 quae
2622 3105 2852 3160 scrutati
2879 3112 3070 3158 sumus
3115 3110 3171 3157 et
3218 3101 3595 3174 excussimus,

331 3197 478 3267 αὖτῷ
524 3194 669 3249 κατὰ
709 3195 770 3248 τὸ
811 3193 967 3262 γένος
996 3188 1453 3262 προσεκτῶν(28)
1484 3192 1649 3269 ἔχειν,
1688 3193 1780 3261 καὶ
1814 3190 1907 3243 τοῦ

344 3287 595 3358 Ἀδραάμ
627 3285 871 3349 εἰπόντος
907 3285 982 3355 μὴ
1011 3284 1345 3356 ἀπρονόητον
1374 3279 1637 3355 εἶναιτῶν
1669 3285 1725 3336 ἐν
1750 3282 1911 3352 σαρκὶ

331 3380 547 3445 ζώντων
584 3378 696 3448 βίον
745 3377 880 3446 (29),
930 3376 1065 3430 ἀλλά
1114 3376 1249 3428 κατ¹-
1292 3375 1542 3443 ἐξουσίαν
1593 3373 1912 3443 προκεῖσθαι

334 3472 510 3532 αὐτοῖς
539 3470 641 3539 τὴν
678 3469 743 3521 ὲκ
783 3466 878 3521 τοῦ
922 3467 1090 3537 νόμου
1137 3465 1232 3520 καὶ
1269 3464 1379 3519 τῶν
1427 3464 1720 3536 προφητῶν
1765 3480 1914 3535 χειρ-

333 3561 611 3630 αγωγίανο
667 3559 749 3613 ἐτι
797 3558 1134 3631 παραμένειν
1187 3545 1661 3629 προσλιπαροῦντά
1710 3557 1799 3610 τὸν
1838 3546 1910 3609 δίο

337 3639 485 3707 καιον
520 3652 658 3724 (50),
686 3652 835 3715 ὅπως
872 3651 938 3705 ἀν
982 3651 1047 3703 ἐκ
1076 3648 1183 3703 τοῦθ
1212 3634 1514 3721 παραδόξου
1547 3649 1770 3703 πιθανὸν
1812 3649 1908 3702 αὑ-

334 3743 441 3805 τοῖς
473 3742 536 3798 τὺ
576 3743 838 3812 κήρυγμα
869 3740 1101 3809 γένοιτο,
1141 3739 1257 3792 ὑπό
1278 3756 1420 3804 τινος
1452 3742 1517 3793 ὲκ
1554 3739 1662 3792 τῶν
1702 3739 1910 3811 νεκρῶν

335 3832 764 3895 ἀναδεδιωκότος
798 3830 1315 3900 καταγγελλόμενον.

2008 3196 2323 3250 afﬁnitatem
2359 3195 2542 3249 habet.
2576 3194 2727 3250 Facit
2785 3195 2935 3248 illum
2996 3194 3250 3248 humanis
3304 3192 3590 3255 aﬂ'ectibus

2009 3300 2073 3339 ac
2102 3282 2607 3354 perturbationibus
2622 3283 2941 3343 obnoxium.
2960 3285 3254 3352 carnisque
3279 3281 3587 3338 studiosum

2008 3376 2251 3439 divitem,
2310 3385 2665 3445 p05teaquam
2725 3391 2793 3430 ex
2859 3389 2958 3430 sua
3013 3374 3329 3429 calamitate
3367 3389 3426 3429 se
3479 3387 3588 3427 non

2010 3482 2174 3538 posse
2195 3466 2441 3537 expediri
2480 3474 2535 3521 et
2552 3466 2789 3536 eﬂ'ugere
2823 3466 3235 3531 animadvertit,
3269 3480 3459 3520 curam
3491 3464 3591 3518 ha-

2011 3558 2142 3613 bere
2186 3572 2376 3613 eorum
2405 3557 2499 3627 qui
2544 3572 2713 3633 super
2740 3566 2942 3612 terram
2989 3572 3111 3612 eum
3139 3572 3337 3629 genere
3370 3557 3591 3610 contin-

2014 3650 2244 3718 gebant;
2290 3664 2524 3718 cumque
2554 3648 2826 3703 Abraham
2859 3657 3111 3719 negasset
3172 3664 3360 3704 eorum
3407 3648 3499 3718 qui
3532 3650 3591 3703 in

2015 3755 2182 3795 carne
2203 3739 2447 3794 viverent
2476 3741 2643 3793 vitam
2668 3740 2996 3809 provisionis
3023 3747 3298 3810 expertem
3324 3754 3464 3802 esse,
3490 3739 3589 3794 sed

2018 3832 2239 3887 abunde
2274 3832 2355 3888 eis
2385 3831 2716 3902 propositam
2747 3846 2871 3885 esse
2897 3830 3201 3886 dovtrinam
3233 3838 3398 3900 atque
3430 3830 3588 3885 iusti.

337 3925 603 3979 tutionem
661 3922 797 3992 legis
845 3937 911 3977 ac
962 3920 1386 3990 prephetarnm;
1427 3918 1606 3973 adhuc
1639 3932 1991 3989 perseverare
2026 3920 2249 3977 divitem
2278 3921 2573 3976 instantem
2608 3936 2671 3976 ac
2712 3919 3063 3991 ﬂagitantem,
3110 3928 3170 3973 ut
3191 3936 3256 3976 ex
3292 3920 3590 3991 improviso

338 4024 391 4071 et
476 4013 760 4083 inopinato
806 4011 1081 4068 credibilis
1132 4012 1211 4068 eis
1266 4010 1580 4083 przedicatio
1632 4010 1806 4078 ﬁeret,
1850 4026 1973 4081 quae
2018 4013 2086 4075 ab
2127 4013 2330 4083 aliquo
2381 4014 2472 4084 qui
2521 4028 2590 4069 ex
2651 4012 2883 4079 mortuis
2932 4012 3219 4068 revixisset
3291 4013 3586 4068 annuntia-

339 4118 414 4163 l‘t‘l
424 4126 510 4165 llr.

416 4220 475 4273 Γ.
508 4219 575 4273 Τί
612 4213 725 4283 οὖν,
768 4212 941 4289 εἷπον,
985 4217 1043 4270 ὲν
1083 4216 1292 4279 τούτοις
1324 4216 1440 4269 ἐστὶ
1471 4214 1533 4269 τὸ
1562 4215 1738 4285 δόγμα
1768 4215 1916 4285 (51);

348 4343 413 4361 -ρ
436 4313 513 4365 Μ.
556 4311 796 4380 Ἐπειδὴ,
821 4310 974 4381 φησὶ,
998 4308 1093 4362 τοῦ
1119 4309 1217 4379 μὲν
1246 4307 1496 4378 Λαζάρου
1531 4306 1667 4376 πρὸς
1689 4308 1800 4369 τοῖς
1823 4323 1916 4359 πα-

351 4402 533 4472 ροῦσιν
568 4400 788 4470 ἄσχολός
814 4402 961 4452 ἐστιν
984 4400 1017 4468 ἡ
1043 4397 1211 4468 ψυχὴ,
1232 4398 1327 4450 καὶ
1356 4397 1490 4466 πρὸς
1515 4396 1666 4448 οὐδὲν
1688 4396 1795 4449 τῶν
1817 4413 1918 4448 κα-

347 4492 737 4561 ταλειφθέντων
769 4490 967 4561 ἑαυτὴν
998 4488 1335 4558 ἐπιστρέφει,
1382 4490 1411 4541 ό
1450 4487 1506 4541 δὲ
1539 4486 1787 4551 πλούσιος
1812 4487 1920 4540 oio-

348 4585 427 4638 νεὶ
470 4584 585 4655 (32)
634 4584 729 4654 ἰξῷ
754 4600 859 4636 τινι
887 4585 954 4652 τῇ
996 4581 1228 4654 σαρκίνῃ
1257 4581 1368 4652 ζωῇ
1400 4580 1494 4634 καὶ
1529 4580 1667 4649 μετὰ
1693 4578 1920 4632 θάνατον

348 4675 424 4729 ἔτι
454 4675 808 4746 προσίσχεται
832 4674 970 4743 (3'5),
991 4675 1056 4743 ἣν
1080 4673 1138 4725 οὐ
1148 4673 1201 4725 δὲ
1220 4671 1567 4741 παυσάμενος
1590 4670 1684 4723 τοῦ
1705 4672 1802 4741 ζῇν
1823 4688 1919 4722 κα·

345 4757 522 4829 θαρῶς
547 4757 873 4821 ἀπεδύσατο,
904 4755 1019 4809 ἀλλ’
1049 4754 1130 4809 ἔτι
1158 4754 1307 4825 αὑτῷ
1331 4755 1418 4808 διὰ
1461 4755 1737 4826 φροντίδος
1764 4755 1915 4820 ἐστὶν

346 4850 378 4919 ὴ
422 4848 556 4919 σὰρξ
583 4850 676 4901 καὶ
700 4888 701 4891 η
722 4847 784 4900 τδ
823 4842 963 4918 αἷμα
995 4847 1085 4917 (δι’
1115 4844 1190 4901 ὧν
1220 4846 1329 4917 γάρ
1369 4847 1494 4909 τοὺς
1533 4844 1918 4910 κοινωνοῦντας

345 4940 487 5011 αὐτῷ
516 4939 610 4992 τοῦ
644 4939 833 5006 γένους
864 4938 1207 5010 ἐξαιρεθῆναι
1243 4937 1353 4990 τῶν
1379 4936 1563 4990 κακῶν
1598 4937 1789 5003 δεῖται,
1824 4938 1917 5008 δῆ-

346 5029 428 5092 λός
456 5030 573 5093 ἐστι
610 5029 776 5099 μήπω
818 5027 923 5097 τῆς
961 5018 1231 5099 σαρκικῆς
1254 5027 1364 5099 (34)
1394 5026 1638 5091 ἑκλυθεὶς
1667 5044 1915 5099 προσπαρ-

411 5208 522 5287 (.19)
553 5209 754 5287 ᾼύτῆς
775 5208 999 5287 αιῖζαςο.
1023 5206 1064 5267 Β
1082 5208 1291 5287 95°!“-

412 5280 525 5347 (2η)
578 5278 1047 5349 Ἁνιίμιχιίὶεῖσιιλ·ζ
1090 5280 1131 5332 Α
1172 5280 1228 5333 in
1268 5286 1416 5349 textu
1451 5278 1799 5343 ἀνελθοῦσιν·
1857 5280 1909 5349 in

347 5350 586 5418 margine
622 5367 636 5403 :
664 5347 969 5418 ἀναχθεῖσι.
1020 5347 1059 5399 Β
1091 5348 1454 5418 ἀνασχεθεῖσι.

414 5416 523 5487 (21)
550 5422 633 5473 Οὐ
661 5416 804 5484 τήν.
825 5420 867 5470 Α
896 5417 1088 5487 Βίνούδὲ
1121 5416 1240 5485 τήνζ

417 5485 527 5547 (Ἦ.)
566 5486 980 5557 Ἅποτεέεσθῇ.
1014 5488 1055 5540 Α
1083 5485 1437 5557 ἀπετελέσθη.

420 5558 530 5627 (:23)
573 5558 692 5626 Τὴν
727 5553 859 5612 οὖν.
897 5553 956 5609 Α⁷
978 5557 1032 5627 τί
1058 5553 1171 5610 οὖν.

420 5628 528 5693 (24)
574 5626 824 5694 ’Λπὰγει.
848 5630 891 5678 Α
923 5626 1182 5694 ἀπάγειν.

572 5696 1089 5769 Ὲκδιδᾳσνέόέιξθα.
1134 5698 1175 5750 Α
1198 5696 1573 5769 διδασκόμεθα,

425 5763 533 5833 (26)
560 5769 749 5835 Ἔχει.
777 5767 820 5820 Δ
854 5763 897 5826 Β
927 5764 1061 5839 ἕξει.

2091 4212 2157 4269 G.
2187 4210 2446 4277 Quaenam
2477 4212 2642 4283 igitur
2674 4213 2740 4281 ἱιι¹
2755 4212 2861 4277 his,
2894 4214 3140 4282 inquam.
3175 4212 3442 4266 sententia
3469 4214 3590 4267 est?

2013 4333 2084 4346 —
2107 4303 2178 4357 Μ.
2203 4303 2496 4369 Quoniam,
2522 4304 2722 4372 inquit,
2751 4303 2938 4356 Lazari
2977 4303 3194 4372 quidem
3232 4305 3411 4360 anima
3439 4304 3588 4356 circa

2014 4396 2303 4466 prazsentia
2342 4404 2606 4464 occupata
2647 4403 2752 4460 est,
2776 4405 2827 4450 et
2853 4396 2917 4449 ad
2955 4396 3159 4449 nullam
3193 4410 3378 4450 earum
3405 4411 3585 4449 rerum

2015 4494 2150 4548 quas
2184 4479 2477 4546 reliquerat
2532 4494 2651 4533 sese
2680 4481 2982 4545 convertit;
3043 4482 3201 4543 dives
3226 4489 3431 4546 autem,
3462 4492 3611 4541 tan-.

2012 4583 2173 4640 quam
2206 4569 2354 4623 visco
2388 4568 2625 4633 cuidam,
2679 4572 2887 4625 carnali
2925 4571 3048 4625 vitae
3081 4572 3245 4625 etiam
3283 4584 3405 4643 post
3439 4589 3587 4629 mor-

2009 4668 2116 4716 tem
2149 4660 2326 4716 adhnc
2356 4659 2596 4715 adlucret
2630 4680 2639 4713 :
2668 4678 2832 4731 quam
2873 4678 2971 4718 nec
3002 4676 3125 4716 cum
3160 4663 3338 4718 vivere
3367 4664 3589 4733 quidem

2008 4755 2263 4811 desiisset
2317 4753 2532 4823 penitus
2575 4762 2823 4815 exuerat.
2850 4755 2943 4810 sed
2976 4754 3154 4809 adlmc
3198 4755 3248 4809 ei
3275 4770 3421 4810 cura:
3460 4771 3592 4810 caro

2009 4855 2069 4909 et
2095 4846 2455 4915 sanguiserat
2480 4848 2602 4917 (per
2622 4846 2727 4905 hoc
2755 4847 2904 4901 enim
2939 4846 3087 4915 quod
3114 4855 3266 4917 rogat
3291 4854 3347 4900 ut
3382 4848 3462 4900 illi
3492 4848 3587 4916 qui

2011 4936 2399 4992 communione
2421 4936 2637 5008 generis
2669 4950 2793 5007 eum
2830 4937 3244 5008 contingebant,
3279 4937 3438 4993 malis
3484 4939 3594 4993 exi-

2019 5037 2317 5092 merentur,
2373 5028 2718 5097 perspicuum
2774 5029 3032 5097 estquod
3090 5028 3329 5085 nonduin
3384 5028 3593 5089 carnali

2089 5212 2201 5280 (27)
2235 5214 2375 5279 Παρ*
2400 5209 2641 5266 ἑαυτοῦ.
2680 5210 2722 5280 ᾼ
2763 5210 2881 5262 κατ’
2908 5207 3087 5280 αὐτόν.

2089 5276 2201 5349 (⁷28)
2230 5276 2604 5349 Προσεκτῶν.
2630 5282 2669 5333 Α
2695 5279 2737 5333 Β
2757 5276 3161 5349 προσηκόντων.

2089 5349 2200 5419 (‘29)
2232 5352 2394 5405 Βίον.
2432 5352 2481 5405 Α
2508 5350 2598 5402 τὸν
2639 5349 2771 5418 βίον.

2090 5420 2199 5488 (50)
2234 5422 2494 5473 Δίκαιον.
2519 5421 2561 5472 Δ
2586 5420 2860 5473 πλούσιον.

2090 5493 2203 5559 (51)
2228 5490 2303 5544 Τὸ
2329 5491 2536 5559 δόγμα.
2556 5489 2603 5559 7B
2632 5489 2776 5559 delet
2803 5491 2884 5545 τό.

2094 5556 2206 5629 (52)
2236 5556 2447 5613 Οἱονεῖξ
2475 5560 2517 5612 Α
2551 5558 2592 5612 Β
2612 5556 2744 5613 οἷον.

2232 5631 2654 5703 Προσίσχετᾳλι.
2691 5629 2731 5682 Α
2762 5632 3107 5703 προσέχεται.

2095 5699 2205 5772 (54)
2240 5699 2555 5769 Σαρκικῆς.
2584 5699 2625 5761 Β
2651 5699 2933 5778 σαρκίνης.

1990 5904 2003 5909 ι
2010 5900 2070 5909 -.α-μ
