4046 6350
373 269 449 332 ει·
693 285 722 308 ο

1631 278 1689 336 5.
1744 277 2075 336 GRECORII
2113 277 2410 337 NYSSENI
3573 275 3647 334 83

373 364 572 420 atlectu
599 363 882 441 exsolutus
903 365 1068 446 erat).
1103 379 1199 437 per
1230 366 1353 433 has,
1389 365 1584 439 inquit,
1619 351 1960 427 narrationes

2072 370 2257 444 θείας),
2309 373 2375 426 ἐκ
2420 371 2646 437 τούτων,
2691 369 2845 443 φησι,
2886 369 2994 425 τῶν
3033 365 3386 441 διηγημάτων
3417 366 3646 438 οἰόμεθα

372 454 756 512 existimamus
783 470 1012 512 censere
1047 455 1346 513 Dominum
1380 460 1530 531 quod
1579 473 1830 532 oporteat
1861 477 1960 518 eos

376 546 548 616 quiin
581 548 975 616 carnevivunt,
1005 564 1170 620 quam
1200 551 1437 606 maxime
1460 553 1762 607 secundum
1787 553 1962 608 virtu-

375 646 484 694 tem
516 638 772 704 vivendo,
795 639 1200 710 quodammodo
1251 642 1493 712 separari
1529 652 1583 697 et
1612 643 1853 714 expediri
1894 645 1962 700 ab

379 731 578 786 affectu
613 733 822 796 carnis,
851 747 919 789 ne
959 739 1083 805 post
1138 744 1369 790 mortem
1409 734 1513 788 alia
1563 747 1738 790 morte
1762 752 1962 793 rursus

381 833 526 893 Opus
570 823 891 890 habeamus,
923 839 1045 895 quae
1079 825 1342 895 reliquias
1368 827 1609 881 carnalis
1629 828 1856 898 glutinis
1885 844 1966 884 se-

383 924 555 986 paret,
581 923 840 970 excernat
869 924 923 970 et
957 928 1247 987 expurget;
1300 917 1392 974 scd
1426 925 1684 988 tanquam
1730 921 1964 976 vinculis

381 1007 591 1063 circum
621 1008 856 1061 animam
893 1009 1091 1078 ruptis,
1109 1009 1256 1063 nulla
1280 1023 1536 1079 corporea
1563 1009 1810 1065 molestia
1844 1025 1964 1064 eam

383 1096 450 1150 ad
479 1111 601 1152 sese
626 1099 958 1161 attrahente,
989 1098 1138 1153 celer
1177 1105 1232 1152 et
1255 1099 1541 1169 expeditus
1563 1099 1614 1153 ei
1646 1115 1846 1156 cursus
1895 1099 1964 1153 ad

385 1188 590 1243 bonum
620 1191 922 1260 contingat.
947 1187 1082 1243 Nam
1108 1190 1153 1244 si
1175 1191 1300 1260 quis
1325 1196 1508 1245 mente
1529 1191 1770 1246 carnalis
1805 1190 1964 1260 peni-

383 1287 475 1334 tus
500 1286 648 1334 totus
679 1279 925 1335 redditus
946 1279 1129 1346 fuerit,
1158 1289 1214 1335 et
1244 1281 1392 1336 omni
1425 1281 1595 1336 animi
1622 1291 1771 1336 motu
1800 1289 1966 1352 atque

383 1369 670 1425 ellicientia
704 1371 758 1424 in
799 1370 1171 1426 voluntatibus
1198 1373 1384 1427 carnis
1424 1381 1746 1442 occupetur,
1791 1373 1836 1426 is
1863 1387 1965 1427 nec

385 1463 432 1518 si
462 1475 613 1518 extra
644 1477 865 1518 carnem
901 1461 1124 1534 quidem
1155 1467 1412 1529 evasi-rit.
1457 1467 1528 1521 ab
1582 1466 1868 1522 affectibus
1902 1481 1968 1520 ac

384 1555 890 1624 perturbationibus
929 1556 1048 1626 ejus
1083 1556 1310 1622 recedit,
1354 1557 1450 1612 sed
1506 1558 1964 1628 quemadmodum

384 1647 486 1714 illi,
525 1648 618 1718 qui
657 1649 711 1702 in
775 1648 1143 1704 fmtidioribus
1201 1649 1335 1704 locis
1383 1649 1592 1705 diutius
1641 1649 1965 1704 commorati

385 1751 535 1808 sunt,
565 1757 663 1797 nec
699 1743 743 1797 si
785 1742 838 1797 in
857 1757 1053 1812 purum
1082 1742 1323 1813 quidem,
1361 1757 1583 1797 suavem
1611 1750 1661 1796 et
1693 1756 1969 1796 amantum

386 1849 568 1888 acrem
620 1835 960 1899 transierint,
998 1834 1192 1904 integri
1219 1848 1283 1888 ac
1320 1833 1479 1888 vacui
1512 1841 1642 1888 sunt
1669 1833 1855 1887 abillo
1887 1834 1972 1887 in-

387 1931 544 1996 grato
575 1932 630 1979 et
659 1924 956 1992 iniucundo
1004 1925 1171 1981 odore
1200 1939 1360 1995 quem
1394 1935 1612 1994 propter
1660 1924 1960 1978 diuturnio-

388 2029 502 2071 rem
549 2015 612 2088 inv
663 2030 730 2071 eo
775 2019 1261 2071 commorationem
1293 2023 1695 2072 contraxerunt
1736 2016 1852 2070 :ita
1905 2031 1972 2072 ne

388 2113 502 2160 tum
535 2106 776 2176 quidem,
802 2121 925 2160 cum
955 2107 1194 2162 carnalis
1244 2107 1379 2172 vita,
1413 2122 1539 2162 cum
1577 2108 1770 2163 subtili
1801 2117 1856 2163 et
1886 2108 1972 2161 in-

387 2195 587 2250 visibili
617 2203 948 2249 commutata
975 2194 1159 2258 fuerit,
1208 2195 1323 2250 lieri
1381 2195 1557 2266 possit
1597 2196 1732 2266 quin
1785 2197 1974 2250 carnis

391 2293 638 2342 amantes
671 2301 896 2356 prorsus
933 2286 1211 2340 attrahant
1241 2287 1448 2357 aliquid
1480 2303 1546 2343 ex
1597 2288 1970 2359 graveolentia

391 2386 556 2446 atque
585 2377 776 2432 foetore
799 2371 1186 2432 carnali.Unde
1202 2378 1511 2448 gravioreis
1536 2379 1692 2436 dolor
1717 2381 1970 2444 exsistit,

391 2483 514 2523 cum
547 2483 610 2522 ex
659 2467 971 2536 huiusmodi
999 2468 1412 2522 circumstantia
1445 2468 1626 2522 anima
1657 2470 1827 2538 magis
1859 2484 1973 2523 ma-

399 2544 608 2614 terialis
638 2558 894 2613 evaserit.
945 2557 1175 2612 Videtur
1208 2566 1389 2613 autem
1428 2560 1614 2629 aliquo
1661 2559 1824 2612 modo
1847 2575 1972 2613 cum

393 2649 708 2719 huiusmodi
765 2649 1023 2719 opinione
1086 2651 1378 2706 concinere
1442 2658 1606 2721 atque
1657 2652 1972 2718 comeuire,

392 2741 536 2811 quod
563 2755 934 2810 smpcnumero
961 2758 991 2796 a
1020 2741 1294 2796 nonnullis
1318 2741 1542 2805 dicitur,
1561 2741 1804 2811 conspici
1828 2740 1976 2796 vide-

394 2835 520 2889 licet
550 2834 694 2889 circa
729 2833 1035 2888 conditoria
1092 2843 1254 2905 atque
1307 2834 1636 2905 repositoria
1678 2848 1972 2903 corporum

396 2927 708 2981 ttmbratilia
761 2926 1006 2996 quadam
1059 2934 1273 2996 spectra
1329 2933 1691 2980 mortuorum.
1744 2923 1879 2979 Nam
1925 2927 1974 2981 si

2063 463 2220 518 τοῦτο
2253 464 2364 534 (55)
2401 461 2750 535 δογματίζειν
2776 459 2866 518 τὸν
2896 461 3122 533 Κύριον,
3163 460 3224 514 τὸ
3263 459 3371 513 δεῖν
3414 458 3494 513 δτι
3538 460 3646 529 μά-

2063 557 2219 612 λιστα
2243 559 2373 624 τοὺς
2403 562 2461 613 ἐν
2489 558 2654 630 σαρκὶ
2693 556 3053 630 βιοτεύοντας,
3083 556 3171 610 διὰ
3197 557 3296 626 τῆς
3339 554 3480 608 κατά
3517 555 3648 625 ἀρε-
3723 603 3738 611 -

2062 651 2162 720 τὴν
2185 649 2329 722 ζωῆς
2350 691 2364 714 ,
2387 648 2713 723 χωρίζεσθαί
2746 667 2863 714 πως
2906 649 3001 703 καὶ
3031 647 3359 702 ἀπολύεσθαι
3386 647 3484 716 τῆς
3510 644 3648 717 πρὸς

2062 741 2234 814 αὐτὴν
2267 741 2527 812 σχέσεως,
2567 742 2655 795 ἵνα
2687 743 2824 813 μετά
2854 741 2945 795 τὸν
2986 741 3213 796 θάνατον
3241 741 3316 812 μὴ
3349 739 3512 793 πάλιν
3553 737 3650 792 ἄλ-

2064 833 2157 887 λου
2189 833 2420 889 θανάτου
2468 831 2738 906 δεώμεθα,
2767 834 2836 888 τὰ
2867 831 3096 905 λείψανα
3128 833 3240 904 (56)
3290 832 3392 901 τῆς
3438 828 3649 901 σαρκὼ-

2063 921 2188 987 δους
2243 924 2440 996 κόλλης
2503 923 2966 994 ἀποκαθαίροντος
3017 922 3164 992 (57)ο
3215 920 3352 974 ἀλλὰ
3397 919 3648 988 καθάπερ

2064 1001 2277 1084 δεσμῶν
2307 1015 2406 1083 τὴν
2431 1013 2609 1085 ψυχὴν
2648 1013 2759 1084 (58)
2789 1011 3254 1085 περιρραγέντων,
3289 1005 3486 1080 κοῦφος
3511 1012 3650 1081 αὐτῇ

2065 1108 2160 1161 καὶ
2190 1107 2379 1170 ἄνετος
2421 1107 2450 1159 ὁ
2485 1105 2622 1178 πρὸς
2662 1102 2722 1160 τὸ
2761 1101 2967 1174 ἀγαθὸν
3008 1101 3232 1173 γένηται
3261 1099 3479 1174 δρόμος,
3508 1101 3655 1154 οὐδε-

2069 1199 2198 1267 μιᾶς
2251 1192 2414 1249 αὑτὸν
2472 1195 2582 1266 (59)
2645 1197 2964 1267 σωματικῆς
3017 1193 3307 1264 ἀλγηδόνος
3352 1192 3462 1262 (40)
3513 1192 3652 1262 πρὸς

2067 1281 2264 1356 ἑαυτὴν
2313 1281 2655 1356 ἀφελκούσης
2700 1286 2834 1356 (41).
2894 1284 2982 1348 Ὦς
3022 1283 3075 1337 εἴ
3111 1301 3194 1348 τις
3248 1283 3368 1348 ὅλος
3416 1283 3483 1335 δι’
3512 1281 3652 1336 ὃλων

2066 1376 2488 1450 ἀποσαρκωθείη
2529 1380 2594 1448 τῇ
2635 1377 2860 1448 διανοίᾳ.
2895 1377 3073 1430 πᾶσαν
3119 1375 3296 1446 ψυχῆς
3339 1373 3549 1442 κίνησίν
3590 1390 3653 1426 τε

2067 1469 2161 1522 καὶ
2199 1468 2481 1540 ἐνέργειαν
2521 1469 2580 1522 ἐν
2625 1471 2737 1531 τοῖς
2783 1467 3051 1538 θελήμασι
3109 1467 3206 1538 τῆς
3250 1465 3448 1539 σαρκὸς
3490 1467 3656 1535 ἀσχο-

2067 1560 2196 1623 λῶν,
2233 1563 2261 1615 ὁ
2291 1560 2533 1624 τοιοῦτος
2571 1561 2692 1614 οὐδὲ
2719 1561 2819 1631 τῆς
2847 1559 3049 1632 σαρκὸς
3077 1559 3182 1625 ἔξω
3211 1558 3502 1629 γενόμενος
3543 1555 3656 1610 τῶν

2070 1655 2190 1707 κατ’
2231 1652 2400 1724 αὐτὴν
2445 1652 2782 1723 παθημάτων
2813 1651 3127 1723 χωρίζεται,
3159 1649 3407 1721 καθάπερ
3443 1649 3555 1721 (i2)
3600 1648 3654 1701 οἱ

2072 1746 2164 1798 ἐπὶ
2215 1743 2376 1798 πλέον
2438 1744 2877 1815 ἐνδιατρίψαντες
2918 1745 3036 1807 τοῖς
3081 1741 3498 1812 δυσωδεστέροις
3544 1739 3656 1792 τῶν

2071 1835 2277 1898 τόπων,
2327 1833 2448 1887 οὐδὲ
2481 1835 2530 1886 εἰ
2568 1834 2704 1905 πρὸς
2749 1832 2838 1886 τὸν
2886 1829 3117 1885 εὔπνουν
3161 1831 3299 1902 ἀέρα
3349 1826 3656 1899 μετέλθοιεν

2072 1923 2434 1996 καθαρεύουσι
2461 1923 2562 1992 τῆς
2586 1921 2826 1994 ἀηδείας,
2858 1922 2926 1993 ἢν
2967 1921 3054 1974 διὰ
3076 1919 3176 1990 τῆς
3202 1918 3566 1990 χρονιωτέρας
3595 1917 3655 1969 ὲν

2071 2021 2208 2091 αὐτῇ
2239 2018 2514 2088 διαγωγῆς
2541 2014 2872 2087 ἀναμίξαντο
2924 2016 3037 2086 (45)
3064 2032 3078 2046 ο
3131 2013 3305 2076 οὕτως
3353 2013 3471 2066 οὐδὲ
3518 2011 3656 2082 πρὸς

2071 2111 2163 2166 τὸν
2189 2111 2325 2182 ἀηδῆ
2351 2110 2462 2182 (44)
2494 2109 2588 2164 καὶ
2626 2109 2892 2162 ἄδλεπτον
2927 2108 3037 2179 (45)
3067 2107 3181 2178 βίον
3217 2107 3319 2176 τῆς
3354 2105 3656 2177 μεταϐολῆς

2071 2203 2406 2274 γενομένης,
2452 2199 2673 2254 δυνατὸν
2723 2199 2791 2254 ἂν
2837 2200 2922 2270 εἴη
2974 2201 3100 2263 τοὺς
3163 2197 3522 2268 φιλοσάρκους
3578 2195 3654 2268 μὴ

2073 2291 2402 2363 ἁφέλκεσθαί
2436 2289 2548 2360 (46)
2579 2308 2632 2344 τι
2668 2290 2887 2352 πάντως
2931 2289 3033 2358 τῆς
3085 2287 3355 2359 σαρκικῆς
3385 2286 3495 2357 (47)
3531 2285 3656 2338 δυσ-

2072 2383 2258 2447 ωδίας,
2303 2381 2368 2436 δι’
2399 2375 2474 2436 ὧν
2524 2380 2636 2452 (48)
2667 2379 2829 2434 πλέον
2862 2379 3044 2444 αὐτοῖς
3067 2381 3102 2449 ἡ
3141 2377 3298 2448 ὀδύνη
3343 2377 3654 2449 βαρύνεται,

2074 2472 2446 2544 ὑλωδεστέρας
2470 2473 2534 2525 ἐκ
2570 2471 2827 2541 τοιαύτης
2864 2469 2976 2541 (49)
3020 2471 3397 2540 περιστάσεως
3424 2468 3524 2538 τῆς
3555 2468 3659 2538 ψυ-

2072 2565 2172 2636 χῆς
2198 2564 2490 2635 γινομένης
2520 2563 2654 2634 (56).
2685 2565 2841 2617 Δοκεῖ
2867 2563 2926 2619 δέ
2958 2579 3077 2626 πως
3109 2560 3246 2633 πρὸς
3265 2560 3519 2631 τοιαύτην
3543 2559 3656 2631 (51)

2074 2655 2345 2726 ὑπόληψιν
2383 2655 2629 2725 συνᾴδειν
2656 2653 2684 2707 δ
2711 2654 2865 2723 παρά
2903 2669 3064 2706 τινων
3102 2652 3320 2722 λέγεται
3348 2651 3482 2722 (52),
3531 2651 3658 2704 πολ-

2072 2747 2230 2810 λάκις
2267 2747 2497 2818 ὁρᾶσθαι
2533 2748 2632 2810 τὰς
2679 2746 2806 2817 περ).
2835 2745 2950 2816 (55)
2981 2745 3091 2798 τῶν
3140 2745 3410 2816 σωμάτων
3453 2745 3654 2807 θέσεις,

2075 2838 2311 2910 σκιοειδῆ
2369 2856 2488 2893 τινα
2546 2838 2655 2891 τῶν
2711 2835 3114 2909 κατοιχομένων
3162 2837 3541 2907 φαντάσματα.
3594 2836 3659 2890 Et

2073 2931 2183 3005 γάρ
2212 2933 2352 2986 τοῖόν
2380 2949 2431 2984 τι
2453 2931 2565 3000 (54)
2585 2929 2814 2998 γίνεται,
2844 2929 3013 2994 οὕτως
3045 2929 3326 2999 ἐλέγχεται
3351 2930 3450 2998 τῆς
3476 2927 3657 2998 ψυχῆς

395 3032 582 3074 revera
613 3019 686 3073 ita
707 3019 786 3085 lit,
814 3028 1192 3088 argumentum
1219 3018 1559 3073 estaoimam
1585 3018 1726 3072 ultra
1747 3017 1971 3072 modum

2076 3026 2110 3096 ἡ
2144 3025 2286 3095 πέρα
2321 3023 2414 3077 τοῦ
2446 3023 2655 3084 δέοντος
2694 3021 2949 3093 γινομένη
2976 3021 3086 3094 (55)
3116 3021 3212 3075 νῦν
3247 3020 3381 3092 πρὸς
3403 3020 3494 3072 τὸν
3521 3037 3658 3090 σαρ-

396 3124 544 3166 nunc
597 3111 651 3165 in
681 3112 784 3166 hac
809 3113 917 3167 vita
953 3111 1126 3167 fuisse
1171 3127 1301 3181 erga
1352 3111 1628 3165 carnalem
1652 3110 1820 3165 vitam
1847 3107 1977 3166 ail‘e-

393 3211 566 3265 ctam.
588 3204 727 3260 adeo
756 3211 815 3258 ut
843 3220 911 3258 ne
929 3219 1096 3259 carne
1125 3202 1344 3272 quidem
1370 3213 1596 3259 extrusa
1626 3203 1790 3273 plane
1814 3203 1882 3258 ab
1912 3219 1978 3260 ea

395 3295 525 3348 velit
551 3294 789 3354 avolare.
814 3309 990 3365 neque
1027 3295 1328 3349 concedere
1387 3301 1446 3348 ut
1498 3293 1749 3348 absoluta
1805 3296 1978 3365 ligura

397 3385 466 3440 ad
505 3385 556 3438 id
588 3384 735 3456 quod
768 3386 1010 3454 conspici
1057 3401 1167 3440 non
1229 3392 1412 3454 potest
1454 3394 1509 3440 et
1539 3384 1730 3439 formae
1781 3400 1979 3455 expers

397 3485 504 3540 est,
538 3477 926 3532 transmutatio
960 3474 1072 3540 fiat,
1102 3476 1197 3531 sed
1234 3477 1381 3531 circa
1407 3475 1647 3545 speciem
1686 3483 1979 3546 postquam

398 3565 608 3633 species
633 3564 904 3619 dissoluta
935 3564 1098 3618 fuerit
1131 3567 1294 3619 etiam
1326 3581 1473 3621 nunc
1503 3577 1740 3631 maneat,
1773 3574 1828 3620 et
1852 3582 1979 3626 eum

394 3654 507 3722 jam
543 3663 698 3707 extra
735 3669 856 3708 eam
914 3655 1171 3720 evaserit,
1213 3655 1360 3711 illius
1415 3655 1690 3712 desiderio
1737 3658 1981 3716 materia:

401 3746 538 3802 locis
606 3746 846 3809 oberret,
878 3744 1198 3816 circumque
1259 3762 1323 3804 ea
1363 3757 1612 3804 versetur
1672 3758 1838 3821 atque
1886 3765 1982 3806 va-

395 3843 574 3907 getur.

470 3942 534 3998 (ἓ.
551 3948 664 4013 Ego
679 3956 812 4000 vero
825 3947 1103 4015 paululum
1115 3962 1506 4021 commoratus,
1520 3953 1750 4026 repetita
1763 3956 1983 4005 senten-

400 4030 475 4084 tia
505 4046 693 4086 corum
734 4049 855 4102 qute
885 4034 1031 4089 dicta
1056 4043 1235 4100 erant,
1268 4035 1521 4106 Videtur,
1568 4039 1816 4108 inquam,
1845 4041 1981 4097 mihi

398 4138 464 4178 ex
495 4123 562 4179 iis
578 4139 698 4194 quae
715 4123 878 4180 modo
900 4125 1046 4180 dicta
1080 4136 1234 4191 sunt.
1261 4128 1530 4185 exsistere
1549 4129 1815 4200 quiddam
1854 4146 1982 4188 con-

397 4216 627 4272 trarium
662 4217 730 4273 iis
779 4233 900 4288 quae
929 4219 997 4274 de
1025 4218 1314 4276 all'ectibus
1355 4236 1419 4275 ac
1469 4222 1983 4292 perturbationibus

399 4316 554 4362 antea
575 4322 807 4364 excussa
830 4319 993 4380 atque
1020 4312 1334 4365 examinata
1360 4319 1510 4366 sunt.
1545 4309 1683 4366 Nam
1715 4313 1762 4368 si
1792 4329 1858 4369 ex
1909 4330 1974 4371 ea

395 4413 516 4466 qua:
542 4412 666 4451 cum
698 4399 872 4456 brutis
897 4409 982 4457 est
1005 4404 1329 4472 cognatione
1353 4404 1489 4459 tales
1509 4404 1561 4458 in
1589 4407 1746 4463 nobis
1777 4409 1973 4464 animae
2009 4389 2054 4448 θ

395 4497 579 4545 motus
607 4489 743 4545 ellici
792 4501 1076 4562 putantur,
1121 4495 1312 4564 quales
1346 4495 1596 4566 superior
1629 4499 1971 4556 enumeravit

463 4662 578 4736 (55)
611 4661 791 4720 Τοῦτο
829 4666 971 4722 delet
1003 4671 1067 4721 Δ.

614 4736 691 4809 Τὰ
710 4737 875 4805 λείψ.
911 4740 946 4809 A_
974 4739 1069 4791 τοῦ
1098 4739 1166 4794 τὰ
1192 4737 1334 4809 λείψ.

463 4805 582 4876 (57)
623 4806 1178 4877 Ἀποκαθαίροντος.
1206 4811 1250 4863 Α
1275 4805 1328 4864 ἱή
1348 4812 1596 4884 margine
1623 4814 1973 4872 ἀποδιιστῶν·

425 4892 504 4937 ος.

465 4943 580 5023 (ἔξ)
617 4944 736 5023 Τὴν
761 4946 993 5023 ψυᾈήνε
1028 4947 1074 5023 Α
1103 4948 1146 5002 Β
1173 4951 1240 5022 τῇ
1269 4948 1440 5023 dentil-

484 5015 574 5071 59)
612 5017 827 5071 Αὐτόν.
853 5015 907 5070 Β
922 5015 1124 5074 αὐτὴν.

483 5055 576 5161 ἷῦῑ
612 5055 1000 5161 ῗλῖἐίιῖὲδῖοέῗ
1015 5055 1420 5161 ἶίξὲιχθηδόνος.

489 5153 580 5232 ﬂ)
619 5154 1045 5232 ᾎφξτικούσης)
1077 5153 1508 5232 Βῖἓφέλκρύίσηςο

463 5220 576 5305 με)
614 5220 908 5305 ξςάθάαςερ.
936 5220 983 5282 A‘
1001 5220 1051 5282 Β
1065 5220 1220 5305 γάλλᾲ
1237 5220 1510 5305 καθᾴῄρ.

617 5291 1025 5372 ﬁngi/Elpeio,
1048 5300 1162 5372 A71}
1197 5291 1555 5372 ἀνεμείξαντο.

464 5358 577 5439 (ἐξ)
617 5358 900 5439 ᾎηρἦζΑ
933 5366 975 5420 B
1002 5369 1175 5439 ἀειδῆ.

466 5431 580 5499 (45)
623 5434 690 5487 Ἀ
699 5431 978 5492 ϐλέπων.
1008 5440 1065 5501 Α,
1085 5431 1299 5495 λε’πτόν.

615 5503 1028 5608 ξιφέλκςσθαι.
1066 5511 1103 5562 Α
1131 5509 1192 5596 Β,
1210 5511 1547 5579 ἐφέλκεσθαι.

611 5590 928 5621 -anmamp-
964 5577 1005 5621 Π
1032 5596 1291 5621 «nomen.»

611 5569 934 5651 Σᾴιζκικῆς.
964 5577 1005 5630 Β
1032 5569 1309 5651 σαρκίνης.

459 5637 574 5708 (48)
597 5637 811 5700 Δι”ὧια
843 5637 902 5702 Χ
923 5648 976 5703 in
1008 5637 1343 5723 margine-66
1373 5649 1456 5713 οὗ.

391 4887 424 4929 τ

2081 3114 2222 3185 κώδη
2282 3113 2396 3184 βίον
2443 3112 2816 3184 προσπάθεια,
2861 3112 2937 3177 ὡς
2989 3113 3123 3184 μηδὲ
3175 3111 3505 3177 ὲξωσθεῑσαν
3557 3112 3658 3180 τῆς

2079 3205 2279 3277 σαρκὸς
2308 3204 2562 3276 καθαρῶς
2587 3205 2754 3276 αὐτὴν
2787 3203 2898 3275 (56)
2925 3202 3126 3257 ἐθέλειν
3157 3203 3494 3272 ἀφίπτασθαι
3519 3203 3656 3273 (57),

2082 3295 2215 3368 μηδὲ
2253 3298 2554 3368 συγχωρεῖν
2580 3295 2677 3366 τὴν
2707 3295 2939 3366 παντελῆ
2979 3295 3223 3364 γίνεσθαι
3256 3295 3368 3364 (58)
3416 3295 3552 3367 πρὸς
3595 3294 3658 3346 τὸ

2078 3385 2254 3448 ἀειδὲς
2280 3384 2374 3438 τοῦ
2410 3385 2687 3455 σχήματος
2725 3384 3102 3456 μεταποίησιν,
3139 3384 3275 3438 ἀλλά
3317 3385 3658 3466 παραμένειν

2080 3478 2160 3531 ἔτι
2203 3477 2283 3548 τῷ
2317 3478 2444 3531 είδει
2486 3478 2625 3548 μετά
2669 3476 2730 3530 τὸ
2758 3477 2982 3549 λυθῆναι
3025 3477 3089 3530 τδ
3128 3473 3291 3542 εἶδος,
3321 3477 3416 3530 καὶ
3445 3477 3548 3542 ἔξω
3572 3494 3655 3544 γε·

2081 3570 2309 3640 νομένην
2335 3569 2436 3640 ήδη
2464 3569 2653 3622 τούτου
2675 3568 2824 3640 πόθῳ
2851 3572 2962 3632 τοῖς
2988 3571 3085 3640 τῆς
3109 3568 3238 3640 ὖλης
3259 3569 3658 3623 ὲπιπλανᾶσθαι

2080 3662 2285 3725 τόποις,
2324 3662 2419 3715 καὶ
2454 3662 2583 3734 περὶ
2612 3662 2809 3726 αὐτοὺς
2845 3661 3301 3733 ἀναστρέφεσθαι.

2147 3949 2207 4007 Γ.
2241 3951 2383 4024 Ἐγὼ
2404 3955 2458 4013 δὲ
2484 3955 2675 4030 μικρὸν
2696 3953 2936 4025 ἐπισχὼν
2967 3953 3065 4010 καὶ
3086 3950 3370 4007 ἀναλαϐὼν
3401 3950 3502 4023 τὴν
3547 3949 3658 4004 τῶν

2081 4040 2388 4115 εἰρημένων
2413 4040 2672 4108 διάνοιαν,
2703 4044 2863 4098 Δοκεῖ
2897 4062 3006 4114 μοι,
3040 4039 3212 4108 εἶπον,
3244 4047 3357 4107 τοῖς
3387 4045 3516 4118 περὶ
3551 4062 3656 4098 πα-

2082 4135 2191 4191 θῶν
2217 4135 2327 4207 (59)
2373 4135 2871 4208 προεξητασμένοις
2901 4136 3232 4190 ἀνακύπτειν
3262 4139 3326 4190 ἐκ
3370 4136 3478 4190 τῶν
3516 4138 3656 4208 εἱρη·

2085 4226 2260 4298 μένων
2293 4244 2378 4289 τις
2405 4225 2736 4289 ἐναντίωσις.
2772 4227 2834 4279 El
2862 4226 2971 4297 γὰρ
3003 4229 3069 4279 ὲκ
3090 4226 3190 4297 τῆς
3217 4225 3354 4297 πρὸς
3384 4225 3452 4278 τά
3489 4225 3657 4294 ἄλογα

2084 4317 2402 4387 συγγενείας
2430 4316 2687 4388 ἐνομίσθη
2717 4317 2788 4371 τά
2827 4317 3051 4370 τοιαῦτα
3089 4317 3190 4386 τῆς
3222 4316 3400 4387 ψυχῆς
3442 4317 3498 4369 ὲν
3524 4316 3656 4386 ἡμῖν

2079 4410 2416 4482 ἐνεργεῖσθαι
2458 4410 2754 4481 κινήματα,
2797 4410 2896 4462 ὅσα
2929 4408 3254 4481 προσλαϐὼν
3284 4407 3397 4478 (60)
3430 4406 3460 4458 ὁ
3500 4405 3657 4475 λόγος

2075 4501 2522 4573 ἀπηριθμήσατο,
2557 4500 2728 4573 θυμόν
2754 4518 2815 4554 τε
2854 4502 2949 4555 καὶ
2987 4501 3174 4571 φόϐον,
3217 4500 3312 4555 καὶ
3342 4497 3533 4571 ἡδονὴν
3558 4499 3657 4553 καὶ

2137 4679 2252 4753 (49)
2290 4682 2591 4751 Τοιαύτης.
2622 4682 2664 4734 Β
2693 4681 2796 4752 τῆς
2821 4681 3100 4753 τοιαύτης.

2289 4754 2637 4824 Γινξομένης.
2668 4753 2712 4805 Δ
2735 4752 3051 4824 γενομένης.

2168 4821 2257 4894 5i)
2288 4822 2445 4890 Πρὸς
2477 4823 2774 4894 τοιαύτην.
2806 4821 3011 4894 Αξπρὸς
3043 4822 3147 4894 τὴν
3165 4821 3437 4894 τοιαύτην.

2147 4891 2262 4960 (52)
2303 4894 2364 4944 ’Ὁ
2397 4891 2559 4959 παρά
2589 4909 2767 4945 τινων
2811 4890 3066 4961 λέγεται.
3098 4890 3176 4944 “Β.
3207 4892 3267 4945 τὸ
3313 4890 3384 4946 πί
3403 4910 3456 4945 τ.
3496 4890 3652 4961 λέγε-

2075 4959 2216 5015 σθαι.
2247 4959 2289 5014 Α
2324 4962 2378 5016 iu
2409 4962 2653 5031 margine
2679 4961 2740 5016 τὸ
2764 4959 3024 5026 πολλάκις
3055 4961 3207 5032 παρά
3233 4979 3394 5016 τινων
3425 4959 3653 5034 λεγόμε-

2075 5049 2163 5085 νον
2191 5031 2444 5085 ὁρᾶσθαι.

2073 5049 2163 5086 νον
2191 5048 2444 5086 οοασυαι.

2142 5049 2163 5084 ν
2191 5048 2444 5100 ορασυαι.

2142 5101 2257 5172 (55)
2295 5103 2407 5172 Τὰς
2434 5101 2593 5172 περί.
2619 5102 2664 5154 Α
2694 5101 2736 5172 Β
2764 5103 2892 5172 περὶ
2915 5102 3032 5165 τόις.
3179 5169 3201 5172 _
3307 5150 3310 5152 ν

2139 5169 2252 5243 ί
2285 5171 2453 5243 T92151-
2473 5189 2547 5243 τι.
2581 5171 2622 5222 Β
2650 5171 2728 5243 τῷ
2756 5169 2868 5225 ὕντί
2889 5172 3115 5243 γίνεται
3144 5169 3340 5239 οὕτως.

2165 5241 2255 5314 €55)
2284 5241 2600 5314 Γινοίιένη-
2635 5243 2680 5314 Α
2701 5241 2988 5314 γενομένη·

2169 5311 2259 5380 56)
2291 5311 2518 5377 Αὐτὴν.
2556 5310 2597 5362 Β
2625 5312 2814 5381 αὐτῆς.

2145 5381 2260 5452 (57)
2303 5381 2708 5450 Ἆφιπτασθαι.
2742 5383 2787 5434 Α
2817 5381 3168 5452 ἐφίπτασθαι.

2143 5451 2257 5518 (58)
2292 5453 2596 5506 Γίνεσθαι.
2631 5453 2673 5503 Β
2708 5451 2981 5518 γενέσθαι.

2148 5522 2260 5590 (59)
2287 5520 2517 5577 Παθῶν.
2554 5524 2599 5574 Δ
2632 5522 2674 5573 Β
2696 5520 2804 5574 τῶν
2839 5521 3048 5577 παθῶν.

2149 5591 2262 5663 (60)
2288 5591 2671 5662 Προσλαϐών.
2702 5592 2747 5645 Α
2774 5590 3078 5663 προλαϐών.
