4046 6350
319 338 391 397 89
1396 341 1487 397 DE
1512 342 1728 398 ΑΝΙΜΛ
1770 338 1860 397 ET
1891 336 2495 400 RESUBRECTIONE.
3506 336 3576 392 90

316 456 637 528 ιπιθυμίαν.
667 457 759 511 καὶ
784 455 853 512 τὰ
884 455 1105 513 τοιαῦτα
1128 474 1141 488 ·
1168 458 1382 531 εἴρηται
1411 459 1471 514 δὲ
1493 462 1592 529 τὴν
1637 461 1735 530 μὲν
1760 462 1890 524 ἅγαο

2018 461 2187 526 η’τιιῖο,
2235 462 2371 515 iram
2426 455 2683 513 videlicet
2722 460 2777 509 et
2824 460 3051 517 metum,
3089 461 3143 506 et
3196 451 3572 522 cup'ditatcm,

319 551 422 624 θὴν
440 550 551 603 τῶν
590 550 846 604 τοιούτων
891 551 1083 622 χρῆσιν
1127 552 1327 624 ἀρετὴν
1369 547 1530 617 εἶναι,
1572 552 1659 606 διὰ
1702 552 1758 605 δὲ
1796 553 1897 622 τῆς

2018 552 2413 620 :trolnptatem,
2439 544 3000 616 cieteraqueejusdem
3025 543 3349 612 modi,utqui
3367 542 3573 597 dictum

320 638 668 709 ὲσφαλμένης
711 639 813 710 τὴν
856 640 1056 693 κακίαν
1099 640 1341 709 γίνεσθαι
1393 642 1536 712 (61)·
1587 641 1896 712 προσέθηκε

2018 651 2079 695 :st
2131 642 2336 695 bonmn
2390 638 2610 709 quidem
2662 636 2854 691 horum
2916 649 3077 690 usum
3124 635 3383 688 virtutem
3429 649 3574 698 csse,

317 728 378 782 δὲ
404 730 434 782 ὁ
470 728 625 797 λόγος
648 729 880 783 ἑκάστου
919 746 980 782 τε
1008 730 1115 783 τῶν
1140 730 1316 784 ἄλλων
1337 730 1436 803 τὴν
1480 730 1618 802 πρὸς
1646 732 1736 785 τὸν
1774 732 1895 785 κατ’

2018 747 2093 787 ιρι·
2150 747 2375 802 pravum
2419 744 2548 785 vero
2603 728 2793 782 vitium
2842 728 3112 785 exsistere
3145 744 3157 780 :
3190 725 3391 795 adjecit
3445 727 3573 781 item

322 818 523 892 ἀρετὴν
553 818 667 889 βίον
713 824 1093 892 συνεισφοραν,
1117 824 1200 876 ὅτι
1227 822 1297 874 δι’
1325 821 1437 892 (62)
1465 822 1757 892 ἐπιθυμίαν
1782 822 1893 892 (6⁸5)

2018 824 2173 877 natio
2207 838 2333 876 cum
2355 831 2677 877 ceterorum
2706 820 2771 875 ad
2802 835 2921 874 eam
2947 820 3115 874 vitam
3158 833 3279 888 quae
3302 833 3427 871 cum
3459 817 3576 872 vir-

320 909 459 983 πρὸς
507 910 597 964 τὸν
645 910 779 964 Θεὸν
833 912 1166 983 ἁναγὸμεθα,
1219 908 1333 965 οἶόν
1376 930 1501 967 τινα
1545 912 1732 983 σειρὰν
1782 912 1893 984 (64)

2020 928 2111 974 ute
2128 917 2524 986 transigeretur
2561 915 3025 970 contributionem
3078 922 3133 969 et
3173 912 3611 1000 adjumentum,(

318 1000 566 1056 κάτωθεν
592 1000 731 1072 πρὸς
762 1002 925 1058 αὐτὸν
962 1004 1331 1075 ἀνελκόμενοι,
1374 1004 1520 1058 δοκεῖ
1565 1022 1702 1068 πως.
1737 1005 1893 1074 ἔφην,

2022 1026 2109 1066 um
2136 1009 2280 1080 quod
2335 1024 2431 1079 per
2463 1007 2968 1076 concupiscentiam
3007 1005 3075 1059 ad
3124 1004 3295 1059 Deum
3328 1005 3576 1059 tollimur

321 1093 700 1149 ἐναντιοῦσθαι
748 1090 884 1162 πρὸς
916 1089 1005 1143 τὸν
1044 1088 1245 1142 σκοπὸν
1286 1090 1314 1142 ὀ
1349 1087 1523 1156 λόγος.
1555 1114 1627 1128 --
1658 1089 1732 1142 M.
1776 1089 1902 1155 Πῶς

2018 1111 2158 1170 itque
2184 1099 2470 1170 erigimur,
2521 1099 2688 1155 veluti
2719 1106 2912 1152 catcna
2941 1096 3176 1168 quadam
3216 1113 3281 1151 ex
3332 1095 3576 1150 inferiori

322 1184 513 1239 τοῦτον
548 1185 659 1252 (65)
692 1182 899 1252 λέγειςς
932 1182 1115 1251 φησίν.
1144 1211 1207 1221 -
1232 1181 1290 1234 Γ.
1321 1182 1440 1234 Ὀτι
1469 1198 1570 1245 τοι,
1606 1176 1777 1247 εἶπον,
1800 1186 1900 1254 τῆς

2018 1209 2115 1249 oco
2140 1208 2357 1247 sursum
2386 1192 2451 1246 ad
2501 1207 2624 1246 eum
2661 1189 2902 1253 attracti,
2924 1190 3137 1244 videtur
3172 1188 3455 1252 nimirum,
3490 1186 3577 1240 iu-

322 1274 519 1343 ἁλόγου
549 1274 730 1345 πάσης
774 1274 1041 1343 κινήσεως
1082 1273 1217 1343 μετὰ
1251 1273 1350 1343 τὴν
1376 1273 1640 1345 κάθαρσιν
1683 1276 1741 1327 ὲν
1766 1276 1898 1345 ἡμῖν

321 1364 775 1434 ἀποσϐεσθείσης,
798 1363 923 1417 οὐδὲ
955 1363 1016 1416 τὸ
1044 1362 1439 1435 ἐπιθυμητικὸν
1466 1363 1681 1427 πάντως
1706 1363 1855 1418 ἔσται
1877 1380 1890 1396 ⁸

320 1457 514 1511 τούτου
544 1456 601 1509 δὲ
637 1456 711 1526 μὴ
748 1456 898 1518 ὄντος
926 1454 1034 1507 οὐδ’
1062 1454 1127 1508 ἂν
1163 1457 1195 1524 ἡ
1232 1454 1324 1507 τοῦ
1370 1455 1674 1524 κρείττονος
1708 1456 1892 1525 ἔφεσις

321 1549 430 1620 εἴη,
463 1548 686 1618 μηδενὸς
713 1546 1124 1615 ὑπολειφθέντος
1138 1549 1202 1616 τῇ
1224 1547 1367 1617 ψυχῇ
1392 1548 1629 1601 τοιούτου
1654 1549 1890 1618 κινήμα-

318 1657 433 1702 τος.
457 1638 552 1692 τοῦ
582 1638 716 1709 πρὸς
734 1639 834 1705 τὴν
860 1637 1037 1707 ὄρεξιν
1068 1638 1176 1704 (66)
1202 1638 1309 1689 τῶν
1336 1638 1556 1707 ἀγαθῶν
1574 1639 1887 1709 ἐπεγείρον-

318 1731 599 1792 το;.-Μ.
626 1730 786 1783 Ἀλλὰ
812 1728 946 1797 πρὸς
967 1727 1145 1789 τοῦτο,
1169 1729 1330 1797 φησὶν
1344 1728 1478 1799 (67),
1494 1730 1668 1781 ἐκεῖνό
1690 1748 1887 1800 φαμεν,

318 1821 405 1873 δτι
434 1822 492 1873 τὸ
521 1820 854 1891 θεωρητικόν
877 1836 936 1873 τε
971 1820 1065 1873 καὶ
1094 1819 1429 1892 διακριτικὸν
1469 1819 1598 1872 ἴδιόν
1637 1823 1753 1873 ἐστι
1794 1823 1887 1874 τοῦ

318 1912 437 1965 θεοε
448 1912 585 1974 ιδὼς
604 1916 703 1981 τῆς
721 1911 920 1982 ψυχῆς,
946 1911 1068 1964 ἐπεὶ
1090 1911 1185 1963 καὶ⁵
1214 1911 1275 1963 τὸ
1301 1912 1453 1964 Θεῑον
1472 1912 1529 1964 ἐν
1556 1910 1766 1975 τούτοις
1799 1930 1887 1965 κα·

315 2005 756 2074 ταλαμϐάνομεν.
787 2005 850 2056 Εἰ
878 2003 1055 2056 τοίνυν
1083 2004 1193 2056 εἴτε
1214 2006 1277 2058 ὲκ
1304 2004 1403 2074 τῆς
1423 2003 1518 2056 νῦν
1544 2004 1884 2068 ἐπιμελείας.

318 2084 429 2134 εἴτε
468 2084 529 2134 ὲκ
570 2085 668 2153 τῆς
724 2084 863 2154 μετὰ
900 2085 1071 2139 ταῦτα
1122 2085 1443 2156 καθάρσεως
1476 2086 1587 2157 (68)
1635 2086 1895 2157 ἐλευθέρα

317 2174 531 2243 γένοιτο
557 2178 686 2248 ἡμῖν
718 2179 751 2249 ἡ
784 2178 930 2251 ψυχὴ
968 2180 1067 2251 τῆς
1100 2179 1235 2251 πρὸς
1263 2180 1331 2233 τὲ
1364 2179 1534 2247 ἄλογα
1564 2179 1669 2233 τῶν
1703 2181 1893 2234 παθῶν

320 2269 620 2337 συμφυΐας,
672 2269 823 2322 οὐδὲν
869 2270 1005 2341 πρὸς
1053 2271 1153 2342 τὴν
1195 2270 1288 2324 τοῦ
1327 2270 1494 2324 καλοῦ
1542 2272 1777 2342 θεωρίαν
1817 2273 1896 2325 ὲν-

318 2358 739 2431 αποδισθήσεται
768 2361 900 2432 (69).
934 2360 1007 2414 Τὸ
1036 2363 1143 2434 γὰρ
1170 2362 1334 2416 καλὸν
1367 2362 1612 2416 ὲλκτικόν
1636 2380 1752 2425 πως
1782 2364 1895 2433 (70)

320 2450 467 2504 κατὰ
493 2449 589 2522 τὴν
616 2453 808 2505 ἑαυτοῦ
841 2454 951 2522 (71)
984 2455 1145 2523 φύσιν
1188 2454 1387 2518 παντὸς
1421 2454 1515 2508 τοῦ
1546 2455 1682 2526 πρὸς
1721 2457 1898 2510 ἐκεῖνο

322 2542 633 2612 βλέποντος.
680 2546 745 2598 Εἰ
787 2541 880 2598 οὖν
914 2546 1093 2616 πάσης
1129 2546 1326 2609 κακίας
1366 2549 1399 2616 ἡ
1448 2546 1592 2617 ψυχὴ
1634 2547 1897 2618 καθαρεύο

322 2651 491 2698 σειεν,
531 2638 589 2689 ὲν
623 2635 701 2707 τῷ
730 2636 882 2708 καλῷ
906 2637 1123 2699 πάντως
1174 2639 1345 2692 ἔσται.
1384 2624 1563 2693 Καλὸν
1586 2638 1643 2691 δὲ
1680 2642 1746 2710 τῇ
1776 2642 1898 2692 ἑαυ-

320 2726 419 2779 τοῦ
444 2728 603 2796 φύσει
632 2728 696 2780 τὸ
729 2727 883 2781 Θεῖον
905 2728 1042 2800 πρὸς
1078 2728 1107 2781 ὃ
1135 2729 1221 2783 διὰ
1255 2730 1352 2800 τῆς
1389 2730 1760 2803 καθαρότητος
1798 2730 1894 2803 τὴν

324 2815 621 2883 συνάφειαν
649 2817 758 2884 ἕξει
787 2816 864 2887 τῷ
888 2817 1073 2889 οἰκείῳ
1109 2821 1507 2889 συναπτομένη.

1992 1302 2178 1354 quam,
2212 1285 2397 1353 aliquo
2425 1284 2585 1337 modo
2616 1282 2791 1336 oratio
2826 1281 2927 1335 sibi
2960 1279 3235 1333 contraria
3265 1293 3387 1333 esse
3413 1286 3578 1347 atque

2008 1364 2292 1437 proposito
2321 1364 2387 1418 ad
2399 1364 2626 1419 versari.
2651 1394 2721 1404 —
2741 1364 2807 1418 M.
2835 1365 2954 1431 Quo
2975 1374 3134 1435 pacto
3164 1366 3266 1420 hoc
3292 1367 3470 1422 dicis?
3498 1367 3583 1422 in-

2009 1457 2129 1525 quit
2161 1454 2442 1523 magistra.
2465 1483 2534 1494 --
2552 1452 2619 1509 G.
2640 1453 2906 1520 Quoniam
2929 1455 3075 1509 omni
3097 1455 3578 1527 rationisexperte,

2010 1547 2255 1616 inquam,
2287 1556 2437 1599 motu
2466 1556 2589 1616 post
2622 1548 3000 1616 purgationem
3024 1547 3077 1600 in
3106 1547 3265 1602 nobis
3285 1548 3578 1612 exstincto,

2009 1655 2078 1694 ne
2104 1638 2530 1707 concupisceudi
2561 1638 2777 1707 quidem
2800 1639 2882 1693 vis
2917 1653 3141 1708 prorsus
3168 1640 3273 1692 erit
3308 1654 3452 1708 :qua
3486 1639 3581 1694 de-

2010 1732 2249 1795 ﬁciente,
2285 1745 2553 1801 nusquam
2586 1730 2714 1785 boni
2744 1729 3079 1785 desiderium
3104 1729 3286 1792 fuerit,
3306 1744 3429 1790 cum
3460 1730 3581 1783 nul-

2011 1823 2096 1876 lus
2121 1822 2390 1891 ejusmodi
2418 1832 2598 1875 motus
2618 1822 2812 1875 animae
2837 1821 3063 1876 relictus
3093 1821 3163 1875 sit
3182 1819 3278 1889 qui
3298 1821 3499 1875 excitet
3512 1820 3580 1874 ad

2009 1915 2309 1985 appetitum
2339 1915 2629 1968 bonorum.
2656 1942 2727 1952 -—
2749 1912 2818 1966 Μ.
2850 1914 2919 1966 At
2947 1913 3207 1968 adversus
3230 1912 3353 1976 hoc,
3382 1912 3579 1983 inquit,

2012 2006 2145 2062 illud
2195 2006 2457 2071 dicimus,
2496 2004 2641 2074 quod
2668 2003 2988 2073 speculandi
3030 2018 3092 2057 ac
3129 2002 3468 2072 dijudicandi
3498 2004 3580 2061 vis

2010 2098 2234 2168 propria
2264 2107 2347 2152 est
2367 2098 2487 2167 ejus
2517 2098 2710 2151 animae
2739 2097 2910 2167 partis
2949 2111 3069 2165 quae
3103 2095 3213 2150 Deo
3245 2095 3439 2151 similis
3468 2105 3577 2160 est,

2011 2189 2270 2259 quoniam
2295 2190 2459 2242 etiam
2479 2190 2722 2243 divinum
2747 2201 2950 2241 numen
2977 2202 3073 2256 per
3094 2187 3207 2241 haec
3223 2186 3583 2255 comprehen-

2011 2279 2214 2334 dimus.
2236 2278 2312 2349 (a)
2338 2278 2396 2332 Si
2416 2294 2548 2349 ergo
2577 2279 2661 2334 vel
2679 2293 2825 2333 nunc
2853 2277 3094 2333 adhibita
3124 2291 3256 2331 cura
3276 2284 3439 2347 atque
3452 2276 3578 2332 dili-

2010 2371 2299 2440 gentia,vel
2312 2370 2542 2441 posthac
2555 2369 2791 2440 perignis
2805 2371 3179 2440 purgationem
3195 2369 3375 2423 anima
3394 2379 3579 2424 nostra

2014 2462 2185 2516 libera
2211 2461 2373 2515 fuerit
2395 2461 2462 2516 ab
2482 2476 2545 2516 ea
2569 2461 2955 2530 conjunctione
2981 2475 3086 2531 qua
3116 2475 3237 2515 cum
3251 2461 3461 2515 ratione
3489 2474 3581 2514 ca-

2013 2553 2264 2608 rentibus
2283 2552 2569 2608 aﬂectibus
2585 2553 2791 2607 coaluit
2805 2560 2966 2622 atque
2978 2551 3429 2614 concrevit,nulla
3444 2566 3500 2604 re
3512 2550 3579 2604 ad

2013 2642 2139 2697 boni
2157 2651 2212 2698 et
2235 2643 2451 2697 honesti
2470 2642 2985 2711 contemplationem
3004 2641 3330 2712 impedietur
3348 2660 3360 2695 :
3380 2641 3577 2695 bonum

2017 2745 2196 2790 autem
2226 2743 2280 2789 et
2301 2735 2586 2789 honestum
2609 2738 2729 2788 eam
2760 2734 2865 2788 vim
2892 2750 2956 2789 ex
2981 2735 3065 2789 sui
3091 2742 3285 2787 natura
3308 2733 3488 2798 habet,
3522 2739 3579 2783 ut

2016 2826 2282 2897 quidquid
2318 2828 2371 2882 in
2414 2826 2542 2880 illud
2573 2826 2868 2892 intueatur,
2900 2827 2953 2881 id
2983 2827 3049 2881 ad
3092 2843 3151 2882 se
3179 2824 3580 2897 quodammodo

337 2911 606 2966 attrahat.
660 2909 716 2962 Si
763 2908 928 2976 igitur
952 2907 1134 2958 anima
1161 2905 1229 2959 ab
1262 2907 1407 2958 omni
1444 2906 1733 2962 ritiositate
1764 2923 1899 2978 pura
1940 2910 2124 2976 fuerit,
2157 2914 2208 2967 in
2248 2914 2391 2969 bono
2412 2920 2466 2968 et
2489 2920 2716 2970 noncsto
2746 2925 2971 2983 prorstxs
3002 2918 3126 2971 erit.
3155 2920 3359 2972 Bonum
3392 2928 3570 2973 autem

336 3010 393 3057 et
419 3002 707 3056 honestum
745 3014 809 3052 ex
848 2997 930 3053 sui
973 3007 1167 3051 natura
1204 3012 1407 3052 numen
1447 2998 1691 3053 divinum
1720 3008 1825 3065 est,
1855 3016 1979 3057 cum
2020 3021 2131 3074 quo
2175 3016 2275 3077 per
2297 3006 2588 3075 puritatem
2632 3008 2813 3062 anima
2855 3009 3290 3078 conjunctionem
3328 3012 3569 3079 habebit,

336 3108 540 3162 qinppe
575 3106 697 3145 cum
730 3090 947 3159 proprio
968 3088 1248 3143 collatrens
1288 3095 1451 3156 atque
1478 3089 1809 3144 coalescens.

398 3256 458 3309 ῐοῖί
486 3253 579 3310 οὖν
604 3256 761 3311 τοῦτο
795 3257 1025 3325 γένοιτο,
1055 3258 1236 3313 οὐκέτι
1267 3258 1418 3313 ἔσται
1451 3260 1611 3331 χρεία
1650 3261 1747 3333 τῆς
1784 3262 1907 3315 κατ’

324 3348 619 3419 ἐπιθυμίαν
658 3351 952 3420 κινήσεως,
995 3350 1029 3421 ἢ
1083 3350 1219 3421 πρὸς
1248 3350 1310 3404 τὸ
1357 3350 1521 3404 καλὸν
1561 3352 1672 3422 (72)
1708 3356 1910 3424 ήγεμου

324 3440 525 3493 νεύσει.
581 3442 643 3493 'O
666 3439 776 3513 γὰρ
806 3442 863 3493 ἐν
905 3441 1084 3495 σκότει
1110 3443 1210 3512 τὴν
1244 3442 1520 3512 διαγωγὴν
1562 3442 1721 3514 ἔχων.
1758 3439 1913 3508 οὗτος

325 3531 385 3582 ἐν
429 3530 694 3602 ἐπιθυμίᾳ
746 3529 838 3584 τοῦ
891 3532 1073 3601 φωτὸς
1114 3531 1301 3586 ἔσται’
1356 3536 1404 3586 εἰ
1446 3533 1501 3586 δὲ
1542 3534 1599 3585 ὲν
1648 3532 1725 3605 τῷ
1772 3534 1913 3603 φωτὶ

325 3624 556 3690 γένοιτο,
587 3623 686 3695 τὴν
726 3624 1023 3694 ἐπιθυμίαν
1054 3625 1330 3691 ἐκδέξεται
1362 3628 1394 3696 ἠ
1435 3627 1759 3690 ἀπόλαυσις,
1788 3627 1820 3696 ή
1852 3626 1909 3679 δὲ

326 3714 546 3779 ἐξουσία
569 3718 668 3787 τῆς
691 3716 1042 3780 ἀπολαύσεως
1070 3719 1247 3788 ἀργὴν
1277 3718 1371 3770 καὶ
1398 3717 1562 3773 ἕωλον
1598 3719 1697 3788 τὴν
1732 3717 1912 3770 ἐπιθυ-

331 3807 461 3875 μίαν
483 3808 795 3877 ἐργάζεται.
827 3808 1038 3863 Οὐκοῦν
1068 3809 1185 3862 οὐδε
1194 3808 1291 3879 μία
1313 3826 1395 3872 τις
1417 3809 1568 3863 ἕτται
1594 3809 1681 3862 διὰ
1704 3808 1908 3862 τούτων

329 3898 503 3967 ζημία
551 3900 688 3969 πρὸς
728 3899 827 3971 τὴν
870 3901 963 3954 τοῦ
1014 3901 1220 3970 ἀγαθοῦ
1283 3902 1608 3972 μετουσίαν,
1650 3903 1699 3954 εί
1746 3902 1912 3954 τοιοὺ-

328 4005 438 4040 των
468 3989 579 4060 (7'5)
624 3992 657 4061 ἡ
687 3989 831 4061 ψυχὴ
867 3991 1185 4061 κινημάτων
1215 3990 1475 4061 ἐλευθέρα
1500 3990 1729 4059 γένοιτο,
1772 3989 1911 4061 πρὸς

330 4080 530 4153 ἑαυτὴν
564 4082 727 4135 πάλιν
764 4082 1153 4148 ἐπανελθοῦσα,
1186 4083 1277 4135 καὶ
1315 4081 1515 4152 ἑαυτὴν
1552 4080 1797 4152 ἀκριϐῶς
1829 4081 1909 4134 εί-

330 4173 494 4227 δοῦαα
532 4176 667 4243 (74),
689 4174 774 4227 οἵα
810 4177 877 4242 τῇ
908 4173 1066 4243 φύσει
1095 4174 1229 4235 ἐστὶ,
1266 4174 1357 4227 καὶ
1384 4168 1495 4227 οἷον
1534 4174 1592 4225 ὲν
1620 4172 1912 4244 κατόπτρῳ

335 4267 430 4321 καὶ
448 4266 613 4319 εἰκόνι
639 4266 729 4319 διὰ
755 4266 861 4319 τοῦθ
877 4266 1077 4321 οἰκείου
1101 4266 1330 4328 κάλλους
1360 4265 1496 4337 πρὸς
1530 4265 1589 4318 τὸ
1610 4264 1913 4335 ἀρχέτυπον

335 4357 628 4426 βλέπουσα.
679 4357 918 4428 Ἀληθῶς
956 4358 1063 4428 γὰρ
1102 4358 1159 4408 ὲν
1198 4357 1372 4426 τούτῳ
1416 4355 1562 4409 ἐστιν
1593 4357 1766 4408 εἰπεῖν
1813 4356 1913 4427 τὴν

2084 3259 2141 3315 Si
2168 3258 2335 3329 igitur
2371 3256 2477 3311 hoc
2515 3243 2800 3316 acciderit,
2851 3265 2957 3304 non
2991 3247 3227 3318 amplius
3280 3244 3602 3316 cupiditatis

2010 3362 2193 3409 motus
2221 3364 2359 3420 Opus
2390 3348 2516 3411 erit,
2544 3347 2637 3417 qui
2678 3344 2835 3399 nobis
2888 3348 3089 3412 praaeat
3110 3355 3173 3394 ac
3205 3338 3313 3393 dux
3343 3337 3415 3391 sit
3439 3340 3506 3393 ad
3541 3338 3593 3391 id

2011 3444 2158 3517 quod
2193 3444 2394 3498 bonum
2427 3449 2481 3495 et
2500 3440 2792 3493 honestum
2837 3442 2955 3490 est:
2993 3449 3116 3487 nam
3149 3432 3242 3502 qui
3268 3432 3323 3485 in
3360 3429 3604 3486 tenebris

2011 3538 2185 3593 vitam
2209 3534 2379 3605 degit,
2410 3534 2455 3587 is
2488 3532 2665 3585 lucem
2692 3527 3110 3591 desideraverit,
3162 3525 3252 3594 qui
3285 3524 3401 3577 siin
3427 3523 3602 3576 lucem

2016 3628 2348 3700 pervenerit,
2382 3638 2558 3694 eaque
2604 3620 2711 3675 frui
2747 3634 2810 3674 ac
2861 3618 3027 3689 potiri
3088 3616 3337 3686 coeperit.
3397 3629 3606 3669 concu-

2017 3723 2231 3792 piscere
2260 3727 2425 3789 atque
2480 3713 2797 3770 desiderare
2854 3711 3085 3766 desinet.
3154 3706 3412 3761 Facultas
3456 3706 3605 3760 enim

2020 3822 2185 3881 atque
2208 3818 2449 3882 potestas
2479 3805 2723 3879 potiendi
2754 3813 2916 3875 atque
2953 3800 3169 3856 fruendi
3204 3815 3396 3854 vanam
3438 3807 3491 3853 et
3522 3798 3609 3852 in-

2021 3903 2210 3957 utilem
2234 3900 2397 3958 cﬁicit
2428 3897 2802 3968 cupiditatem.
2835 3892 3107 3959 Quocirca
3137 3904 3233 3959 per
3253 3889 3369 3942 haec
3394 3887 3605 3941 nullum

2022 3993 2412 4049 detrimentum
2449 3986 2664 4044 accidet
2718 3985 2784 4040 ad
2820 3983 2948 4039 boni
3000 3979 3501 4053 participationem,
3558 3976 3607 4032 si

2018 4100 2216 4140 rursus
2246 4083 2312 4137 ad
2338 4097 2460 4138 sese
2482 4080 2665 4134 anima
2694 4092 2941 4137 reversa,
2961 4090 3026 4129 ac
3040 4076 3198 4144 plene
3221 4089 3342 4129 sese
3372 4087 3610 4128 noscens

2020 4190 2129 4247 qua
2160 4181 2358 4229 natura
2390 4171 2619 4242 praedita
2652 4170 2747 4234 sit,
2779 4176 2833 4223 et
2863 4168 3015 4221 velut
3038 4167 3094 4219 in
3131 4164 3359 4234 speculo
3389 4172 3442 4218 et
3466 4163 3610 4217 ima-

2018 4268 2144 4337 gine
2168 4280 2265 4336 per
2305 4263 2583 4333 propriam
2639 4257 3102 4330 pulchritudinem
3133 4255 3199 4309 ad
3251 4252 3608 4340 principalem

2019 4354 2345 4426 respiciens,
2372 4369 2403 4407 a
2430 4351 2632 4406 talibus
2688 4348 2934 4404 umoribus
2990 4346 3158 4401 libera
3189 4343 3375 4399 fuerit.
3417 4342 3477 4398 In
3504 4342 3612 4397 hoc

334 4448 536 4519 ἀκριϐῆ
568 4448 705 4519 πρὸς
733 4447 794 4501 τὸ
821 4448 974 4501 Θεῖον
1021 4444 1158 4502 εἶναι
1191 4446 1467 4519 ὁμοίωσιν,
1510 4448 1569 4500 ὲν
1609 4445 1686 4517 τῷ
1732 4449 1906 4518 μιμεῖ-

2020 4447 2165 4502 enim
2203 4461 2328 4500 vere
2346 4444 2474 4498 licet
2510 4442 2696 4498 dicere
2722 4441 2938 4511 plenam
2973 4445 3030 4493 et
3049 4436 3357 4491 absolutam
3381 4449 3504 4492 esse
3528 4434 3615 4489 di-

413 4627 526 4695 (6l)
552 4629 857 4683 Γίνεσθαι.
904 4630 943 4683 Β
974 4628 1238 4696 γενέσθαι.

413 4698 525 4765 (62)
554 4699 674 4751 Ὅτι
708 4699 804 4752 δι’.
839 4699 880 4750 Β
904 4701 997 4753 καὶ
1024 4700 1104 4751 ὅτι
1138 4699 1227 4753 δι’.
1256 4700 1299 4750 Α
1331 4701 1414 4752 ὅτι
1442 4697 1557 4751 καί.

438 4769 528 4833 65)
571 4769 943 4838 Ἐπιθυμίαν.
980 4770 1022 4820 Β
1048 4769 1362 4837 ἐπιθυμίας.

438 4838 529 4909 64)
561 4838 697 4909 Τιτὰ
722 4837 953 4906 σειρὰν.
984 4839 1029 4891 Α
1054 4838 1096 4891 Β
1122 4840 1228 4891 τινὶ
1256 4839 1430 4909 σειρᾷ.

416 4906 526 4979 (ιῑῦ)
560 4907 693 4973 Πῶς
720 4909 955 4963 τοῦτον.
994 4909 1038 4961 Α
1074 4910 1190 4979 cui);
1222 4906 1400 4963 τοῦτο.

416 4977 529 5047 (66)
566 4978 823 5046 Ὄρεξιν.
855 4979 893 5029 Β
918 4978 1095 5048 ὄρεξιν
1133 4977 1295 5045 λέγω.

416 5048 528 5118 (67)
555 5050 773 5117 Φησίν.
799 5049 846 5101 Α
866 5049 1030 5118 φησὶν
1057 5050 1093 5118 ὴ
1113 5048 1447 5110 διδάσκαλος.

418 5252 496 5323 (a)
530 5252 807 5323 Σχόλιον.
832 5249 926 5323 (Ne
951 5251 1016 5305 de
1044 5250 1284 5323 amitibus
1313 5249 1408 5303 hoc
1435 5265 1555 5303 cum
1587 5247 1788 5323 dixisse
1809 5246 1926 5323 eui-

348 5318 551 5383 stintes,
578 5318 669 5376 sed
703 5320 766 5373 de
803 5320 908 5374 illis
956 5323 1010 5373 in
1039 5320 1227 5389 quibus
1264 5335 1440 5387 parva:
1485 5320 1729 5387 quaedam
1773 5318 1931 5371 vitio—

346 5411 421 5449 sae
468 5394 588 5447 vitae
642 5393 841 5459 fuerint
877 5392 1132 5459 reliquiw,
1164 5406 1279 5458 qua:
1309 5398 1522 5458 propter
1561 5389 1930 5459 inﬁrmitatem

348 5464 524 5518 carnis
556 5458 704 5516 venia
742 5461 913 5530 digna:
944 5458 1048 5514 sint
1072 5474 1091 5511 :
1120 5476 1153 5512 a
1186 5478 1300 5530 quo
1340 5460 1547 5530 animos
1571 5460 1788 5527 purgari
1811 5458 1887 5509 ait
1910 5472 1929 5511 :

347 5528 814 5616 quemadmodum
866 5531 1027 5616 etiam
1056 5530 1150 5616 atii
1177 5528 1394 5612 quidam
1417 5599 1434 5616 Δ
1452 5528 1886 5616 Ραινεεηεεηεςιιι
1910 5540 1930 5579 :

354 5595 408 5656 in
462 5602 650 5671 quibus
704 5610 782 5655 est
840 5602 999 5654 etiam
1061 5595 1363 5671 ltiouysius
1399 5598 1760 5671 Areopagita,_
1792 5595 1930 5671 Item

353 5666 658 5726 Diadoclms
690 5670 921 5725 l’hotica:
942 5666 1213 5738 episcopus
1221 5668 1293 5721 .N
1299 5669 1364 5722 isi
1378 5670 1513 5722 enim
1538 5669 1590 5720 id
1612 5666 1934 5721 intellexeri-

355 5759 494 5810 mus,
530 5753 578 5797 et
605 5742 846 5796 omnibus
879 5742 1001 5797 aliis
1029 5740 1357 5812 doctoribus,
1385 5748 1435 5795 et
1471 5739 1571 5793 sibi
1597 5738 1696 5806 ipsi
1722 5745 1931 5793 contra-

2098 4627 2212 4698 (68)
2245 4626 2693 4698 Kaddpo'eme._A
2734 4624 2788 4678 in
2824 4619 3415 4698 margine'rra_ptb§_ew;.

2098 4689 2211 4766 (69)
2256 4689 2843 4759 Ἐναὲῑοδισθήσεται.
2873 4694 2919 4766 Α
2946 4694 2987 4766 Β
3012 4689 3491 4766 ὲᾼμποδισθήσεται.

2100 4760 2214 4835 (70)
2256 4766 2570 4819 Ἑλκτικόν
2602 4781 2746 4829 πως.
2778 4766 2827 4835 ᾼ
2856 4762 3007 4817 addit
3036 4760 3173 4814 ἐστι,

2126 4833 2214 4903 71)
2263 4835 2536 4889 Ἑαυτοῦ.
2569 4835 2611 4884 Β
2640 4833 2826 4888 αὑτοῦ.

2126 4897 2215 4969 72)
2251 4906 2406 4972 Πρός
2439 4906 2505 4957 τὸ
2539 4904 2748 4956 καλόν.
2775 4903 2817 4955 Α
2850 4907 2907 4972 et
2934 4901 2977 4952 B
3008 4899 3215 4972 addunt
3244 4897 3398 4969 ἡμῖν.

2104 4970 2215 5045 (75)
2250 4970 2535 5028 Τοιούτων
2560 4974 2809 5045 sequitur
2846 4971 2902 5025 in
2931 4970 3131 5045 AﬁﬂN.

2102 5037 2215 5117 (74)
2252 5044 2534 5098 Εἱδοῦσα.
2563 5044 2607 5095 Α
2630 5037 2673 5095 Β
2696 5041 2899 5096 ἰδοῦσα.
2919 5040 3042 5094 Ain
3075 5037 3322 5109 margine
3351 5037 3543 5091 εἰδυῖα.

2030 5245 2114 5298 ria
2156 5242 2411 5297 dicentem
2445 5242 2798 5296 ostendemus.
2833 5237 3049 5293 Dicebat
3074 5238 3214 5292 enim
3246 5243 3367 5291 ante
3389 5235 3500 5289 Ιιαεε
3534 5235 3618 5289 in-

2030 5316 2172 5368 vium
2220 5324 2269 5367 et
2300 5314 2630 5366 inaccessum
2660 5310 3019 5380 peccatoribus
3047 5316 3437 5380 essebonorum
3469 5322 3621 5380 usum

2032 5385 2287 5453 fructum,
2309 5394 2464 5451 atque
2495 5376 2669 5436 etiam'
2691 5398 2810 5435 cum
2855 5378 3239 5453 divinisuerbis
3274 5392 3509 5446 pugnare
3537 5376 3623 5453 de-

2033 5447 2417 5508 utonstrabittir
2444 5491 2457 5515 ,
2493 5452 2680 5521 quibus
2712 5452 3007 5521 ostenditur
3043 5450 3258 5521 illorum
3287 5463 3492 5516 poenam
3520 5447 3624 5514 ﬁne

2035 5529 2238 5578 carere.
2270 5522 2389 5575 Erit
2420 5518 2583 5588 igitur
2614 5520 2981 5589 peccatoribus
3000 5535 3181 5573 eorum
3203 5518 3478 5589 bonorum,
3505 5529 3623 5589 qua?

2025 5595 2190 5662 justis
2222 5585 2493 5662 recondita
2508 5585 2634 5662 sunt
2668 5608 2796 5645 usus
2825 5591 3054 5662 fructus,
3080 5588 3382 5657 expertibus
3416 5585 3621 5662 abofits

2036 5656 2321 5719 uitiositate
2366 5660 2684 5717 desiderium
2735 5656 2879 5721 boni.
2938 5656 3207 5716 Memento
3260 5673 3425 5727 supra
3446 5656 3621 5711 dicto-

2040 5750 2176 5790 rum.
