4046 6350
340 294 412 351 93
1011 274 1015 279 ’
1403 300 1491 357 οε
1528 301 1750 358 ANIMA
1791 302 1880 360 ΕΤ
1917 304 2521 365 RESURBECTIONE.
3518 314 3587 367 ει

340 407 573 480 μετοχὴν
597 406 763 462 καλοῦ
788 425 934 473 τινος
959 409 1019 464 ἐν
1039 410 1117 481 τῷ
1141 412 1289 484 καλῷ
1323 416 1611 489 κινουμένη
1641 416 1774 487 (91),
1795 417 1907 472 ἀλλ’

2036 420 2121 474 ius
2167 421 2411 491 indigeat
2455 434 2645 476 earum
2685 434 2867 475 rerum
2940 435 3060 492 qua:
3111 420 3257 476 circa
3305 422 3503 476 bonum
3537 433 3593 479 ιι
3634 450 3639 457 -

336 503 476 575 αὑτὴ
500 499 633 557 οὖσα
658 502 804 574 ἢτοῦ
836 504 1002 558 καλοῦ
1028 504 1210 576 φύσις,
1232 508 1260 561 ὅ
1302 508 1357 562 τί
1394 526 1525 562 ποτε
1559 511 1653 563 καὶ
1685 506 1826 564 εἷναι
1852 510 1915 564 τὸ

337 596 503 651 καλὸν
529 598 557 650 ό
579 595 699 659 νοῦς
727 596 1056 664 ὑποτίθεται,
1088 598 1211 652 οὔτε
1244 600 1341 672 τὴν
1371 600 1686 673 ἐλπιστικὴν
1709 602 1921 673 κίνησιν

338 689 401 740 ἐν
440 688 603 757 ἑαυτῇ
648 687 883 757 δέχεται.
931 688 1075 760 Πρὸς
1116 690 1225 759 7&9
1250 690 1312 743 τὸ
1356 691 1431 762 μὴ
1473 693 1647 762 παρὸν
1696 694 1730 763 η
1768 692 1922 756 ἐλπὶς

339 777 632 846 ἐνήργηται
655 776 768 847 (9‘2)
798 777 976 847 μόνον.
1015 780 1081 831 ’0
1106 779 1161 833 δὲ
1204 779 1316 849 ἔχει
1347 798 1451 845 τις,
1487 782 1541 834 τί
1571 782 1665 835 καὶ
1688 782 1922 848 ἐλπίζεις

340 868 507 937 φησὶν
539 870 568 921 ὁ
620 868 940 933 Ἀπόστολος
984 870 1115 940 (95).
1151 869 1288 923 Οὖτε
1334 872 1433 941 τῆς
1480 873 1919 943 μνημονευτικῆς

339 957 619 1028 ἐνεργείας
650 958 791 1028 πρδς
830 960 929 1029 τὴν
971 957 1081 1013 τῶν
1127 959 1298 1013 ὄντων
1340 961 1653 1031 ἐπιστήμην
1696 962 1917 1032 ἐπιδεής

339 1051 476 1103 ἐστι·
499 1049 561 1103 τὸ
587 1049 695 1121 7&9
724 1048 1051 1123 βλεπόμενον
1079 1050 1175 1106 τοῦ
1204 1051 1641 1124 μνημονευθῆναι
1671 1052 1782 1124 (94)
1818 1053 1920 1106 οὐκ

340 1144 367 1195 ἐ
379 1141 633 1194 πιδέεται.

2022 511 2311 565 honestum
2335 512 2739 583 intelliguntur,
2774 526 2900 567 cum
2930 512 3048 582 ipsa
3078 512 3151 568 sit
3185 512 3453 566 bonorum
3484 514 3595 581 ple-
3634 546 3637 547 ν

2023 601 2235 669 nitudo,
2272 619 2449 673 neque
2487 612 2749 674 tanquam
2784 605 3059 676 particeps
3109 605 3347 676 alicujus
3376 606 3506 661 boni
3541 614 3597 661 et

2023 693 2239 748 honesti
2272 694 2326 748 in
2370 694 2512 775 bono
2543 704 2811 760 versetur,
2847 696 2942 753 sed
2985 699 3102 768 ipsa
3145 698 3218 753 sit
3262 697 3433 767 ipsius
3465 698 3595 753 boni

2024 792 2079 840 et
2127 785 2341 839 honesti
2375 796 2571 839 natura
2603 786 2994 858 (quodcunque
3032 788 3255 844 tandem
3294 790 3460 845 etiam
3491 790 3593 843 bo-
3632 808 3635 809 '

2026 888 2155 929 num
2182 884 2238 929 et
2267 874 2557 930 honestum
2584 892 2708 931 esse
2746 892 2902 932 mens
2929 878 3302 951 ponit),neque
3331 878 3615 948 sperandi.

2024 973 2231 1019 motum
2252 963 2305 1017 in
2329 980 2451 1021 sese
2480 966 2719 1021 admittit
2750 968 2898 1038 (spes
2941 968 3088 1022 enim
3114 967 3183 1025 ad
3218 968 3275 1022 id
3302 969 3445 1039 quod
3483 980 3637 1025 non“

2024 1053 2178 1109 adest
2204 1054 2469 1109 duntaxat
2499 1057 2822 1122 adhibetur,
2879 1057 3025 1128 quod
3054 1067 3235 1114 autem
3265 1061 3388 1128 quis
3437 1059 3597 1113 habet

2026 1158 2126 1198 cur
2159 1145 2323 1201 etiam
2359 1148 2587 1216 speret?
2611 1148 2791 1218 inquit
2818 1147 3039 1205 divinus
3069 1137 3627 1222 Apostolus),nequef

342 1236 725 1292 reminiscendi
772 1251 837 1292 ac
889 1237 1215 1294 recordandi
1270 1237 1558 1296 efﬁcientia
1604 1237 1673 1294 ad
1727 1252 1910 1294 rerum
1949 1238 2236 1295 scientiam
2286 1255 2426 1311 opus
2464 1242 2646 1300 habet.
2717 1243 2875 1310 Quod
2936 1244 3082 1299 enim
3124 1244 3338 1301 videtur
3414 1260 3602 1302 recor-

339 1327 559 1383 datione
606 1344 717 1383 non
760 1328 984 1398 indiget.

427 1442 578 1496 Ἐπεὶ
606 1442 719 1512 (95)
745 1443 802 1496 δὲ
837 1441 947 1513 (96)
978 1438 1070 1496 οὖν
1108 1443 1307 1508 παντὸς
1345 1444 1549 1512 ἀγαθοῦ
1594 1445 1851 1501 ἐπέκεινα
1888 1444 1924 1516 ἡ

341 1536 467 1591 θεία
507 1534 687 1604 φύσις,
727 1534 789 1587 τὸ
820 1535 877 1587 δὲ
909 1534 1106 1603 ἀγαθὸν
1143 1534 1348 1604 ἀγαθοῦ
1380 1536 1531 1605 φίλον
1568 1537 1803 1602 πάντως,
1839 1536 1928 1591 διὰ

2099 1441 2369 1509 Quoniam
2415 1441 2581 1513 igitur
2609 1440 2814 1510 divina:
2841 1449 3041 1497 natura
3093 1456 3261 1512 supra
3301 1456 3463 1499 omne
3502 1443 3601 1499 bo-

2032 1549 2162 1588 num
2209 1542 2317 1599 est,
2369 1548 2435 1588 ac
2480 1533 2626 1588 bono
2686 1533 2890 1589 bonum
2936 1547 3166 1603 prorsus
3208 1534 3442 1587 amicum
3491 1543 3597 1600 εει,

341 1626 501 1679 τοῦτο
527 1627 585 1679 ἐν
611 1626 778 1695 ἑαυτῇ
804 1626 915 1693 (97)
957 1625 1260 1695 βλέπουσα,
1294 1628 1389 1680 xa‘t
1413 1628 1441 1680 ὃ
1477 1627 1590 1697 ἔχει
1620 1628 1795 1693 θέλει,
1831 1629 1926 1683 καὶ

2033 1624 2239 1678 idcirco
2260 1639 2381 1679 cum
2407 1624 2640 1694 seipsam
2686 1623 2952 1690 intuetur,
3004 1631 3059 1678 et
3096 1623 3242 1694 quod
3271 1623 3437 1679 habet
3469 1624 3602 1691 vult,

342 1718 374 1770 ὃ
417 1716 559 1770 θέλει
597 1716 727 1786 ἔχει,
750 1717 901 1770 οὐδὲν
922 1716 1030 1769 τῶν
1063 1717 1263 1782 ἔξωθεν
1288 1719 1368 1781 είς
1395 1718 1595 1789 ἑαυτὴν
1633 1720 1922 1790 δεχομένη,

344 1809 452 1873 ἐξω
475 1808 531 1861 δὲ
557 1808 723 1877 αὐτῆς
749 1808 920 1873 οὐδὲν,
953 1809 1034 1862 ὅτι
1068 1810 1142 1880 μὴ
1180 1810 1213 1880 ή
1247 1810 1414 1863 κακία
1461 1810 1634 1880 μόνη,
1673 1811 1828 1881 ἥτις,
1874 1811 1923 1863 εί

345 1902 449 1957 κᾶν
483 1901 591 1973 (98)
622 1902 924 1973 παράδοξον
968 1905 1161 1968 εἰπεῖν,
1197 1903 1369 1974 ἐντῷ
1410 1903 1486 1975 μὴ
1528 1901 1667 1957 εἷναι
1699 1905 1759 1957 τὸ
1784 1900 1924 1957 εἶναι

347 1993 460 2062 ἔχει
481 2010 494 2024 ο
523 1993 585 2045 ού
631 1992 737 2063 γὰρ
766 1991 898 2063 ἄλλη
932 1993 1015 2056 τίς
1053 1994 1167 2045 ἐστι
1203 1992 1297 2046 καὶ
1322 1993 1520 2055 κακίας
1551 1993 1663 2064 (99)
1681 1994 1923 2062 γένεσις,

347 2088 399 2138 εἰ
429 2084 503 2155 μὴ
540 2083 633 2138 τοῦ
672 2086 825 2148 ὄντος
851 2084 985 2154 (99⁵)
1021 2084 1294 2156 στέρησις.
1334 2086 1408 2138 Τὸ
1445 2086 1504 2139 δὲ
1546 2086 1747 2156 κυρίως
1784 2085 1843 2138 ὃν
1888 2086 1922 2156 ἠ

347 2178 442 2230 τοῦ
467 2176 671 2245 ἀγαθοῦ
695 2176 855 2246 φύσις
876 2177 1044 2232 ἐστίν.
1079 2179 1142 2230 Ὃ
1171 2172 1262 2231 οὖν
1287 2179 1344 2230 ἐν
1376 2176 1456 2246 τῷ
1486 2177 1599 2230 ὄντι
1627 2178 1728 2230 οὐκ
1756 2176 1922 2241 ἐστιν,

350 2270 411 2319 ἐν
459 2266 536 2337 τῷ
578 2266 651 2337 μὴ
692 2262 830 2320 εἶναι
871 2266 1088 2329 πάντως
1131 2266 1298 2320 ἐστίν.
1351 2267 1597 2319 Ἐπειδὰν
1625 2261 1718 2319 οὖν
1760 2266 1852 2320 καὶ
1892 2267 1926 2337 ἡ

349 2358 497 2428 ψυχὴ
528 2359 705 2412 πάντα
728 2357 795 2411 τὰ
831 2358 1051 2412 ποικίλα
1073 2358 1169 2428 τῆς
1196 2356 1409 2425 φύσεως
1433 2355 1928 2427 ἀποσκευασαμένη

350 2450 624 2519 κινήματα
666 2448 903 2519 θεοειδὴς
953 2449 1162 2518 γίνεται
1196 2450 1295 2518 (1),
1345 2449 1438 2502 καὶ
1490 2448 1776 2518 ὑπερὸἅσα
1830 2446 1928 2517 τὴν

349 2540 645 2610 ἐπιθυμίαν
688 2542 746 2594 ἐν
786 2539 979 2610 ἐκείνῳ
1013 2535 1079 2613 ᾗ,
1120 2539 1255 2608 πρὸς
1294 2538 1323 2591 ὃ
1363 2538 1467 2591 ὑπὸ
1501 2541 1602 2607 τῆς
1638 2537 1930 2607 ἐπιθυμίας

351 2632 488 2694 τέως
513 2630 749 2701 ύπῄρετο
780 2630 878 2699 (‘2),
918 2629 1100 2682 οὐκέτι
1128 2628 1269 2704 τινὰ,
1292 2630 1369 2696 (5)
1404 2629 1598 2699 σχολὴν
1630 2628 1843 2683 δίδωσιν
1871 2629 1930 2682 ἐν

354 2723 541 2791 ἑαυτῇ,
566 2720 689 2774 οὔτε
710 2722 774 2791 τῇ
797 2719 992 2783 ἐλπίδι,
1017 2718 1139 2772 οὔτε
1173 2721 1239 2789 τῇ
1271 2719 1346 2788 (4)
1382 2721 1569 2791 μνήμῃ
1591 2760 1604 2782 ,
1630 2719 1690 2772 τὸ
1712 2719 1818 2791 7&9
1852 2719 1928 2789 (5)

354 2810 702 2882 ἐλπιζόμενον
742 2810 873 2881 ἔχει·
916 2812 950 2881 ὴ
994 2809 1052 2863 δὲ
1076 2809 1151 2878 (6)
1193 2810 1323 2879 περὶ
1356 2808 1454 2878 τὴν
1488 2809 1787 2863 ἀπόλαυσιν
1822 2810 1930 2863 τῶν

355 2904 574 2973 ἀγαθῶν
610 2901 834 2972 ἀσχολία
864 2901 962 2971 τὴν
1003 2901 1222 2971 μνήμην
1258 2897 1510 2970 ἐκκρούει
1540 2900 1640 2969 τῆς
1670 2899 1928 2964 διανοίας·

2028 1726 2084 1772 ει
2121 1718 2265 1788 quod
2309 1718 2426 1771 vult
2478 1717 2664 1781 habet,
2712 1716 2851 1771 nihil
2900 1724 3188 1771 externum
3244 1716 3299 1770 in
3349 1732 3471 1771 sese
3508 1715 3605 1769 ad-

2030 1809 2276 1863 mittens.
2316 1807 2482 1862 Extra
2510 1822 2631 1862 eam
2680 1816 2861 1862 autem
2908 1806 3045 1861 nihil
3078 1814 3439 1876 praeterquam
3489 1808 3605 1861 sola

2028 1900 2298 1955 vitiositas
2322 1906 2424 1960 est,
2449 1913 2591 1969 quae,
2622 1898 2726 1953 etsi
2748 1898 2900 1953 dictu
2929 1897 3229 1954 absurdum
3261 1906 3315 1952 et
3337 1912 3369 1951 a
3394 1897 3605 1967 vulgari

2032 1991 2290 2061 Opinione
2326 1990 2562 2043 alienum
2606 1996 2712 2052 est,
2751 1990 2807 2043 in
2855 2004 2922 2044 eo
2962 1987 3109 2058 quod
3150 2004 3258 2043 non
3293 1995 3398 2054 est,
3444 2003 3604 2043 suum

2031 2097 2156 2139 esse
2187 2082 2367 2138 habet.
2400 2079 2520 2136 Non
2557 2080 2704 2136 enim
2745 2080 2853 2135 ulla
2885 2080 2991 2133 alia
3023 2079 3302 2149 generatio
3336 2079 3606 2135 vitiositas

2031 2183 2135 2239 est,
2164 2187 2327 2243 quam
2370 2173 2490 2241 ejus
2525 2172 2672 2242 quod
2722 2179 2810 2226 est
2838 2170 3072 2241 privatio
3111 2170 3211 2240 (a).
3240 2168 3393 2236 Quod
3425 2178 3606 2224 autem

2034 2265 2255 2335 proprie
2296 2271 2402 2329 est,
2440 2263 2568 2317 boni
2618 2269 2814 2316 natura
2853 2270 2961 2318 est.
2995 2262 3149 2327 Quod
3188 2263 3356 2332 igitur
3395 2262 3449 2316 in
3483 2270 3609 2317 ente

2033 2370 2142 2409 non
2164 2364 2268 2418 est,
2301 2354 2354 2407 in
2391 2370 2456 2409 eo
2483 2352 2630 2424 quod
2671 2369 2781 2408 non
2807 2360 2892 2408 est
2919 2368 3147 2424 prorsus
3179 2363 3280 2409 est.
3311 2353 3607 2425 Postquam

2035 2446 2203 2516 igitur
2257 2445 2441 2498 anima
2500 2460 2739 2515 quoque,
2796 2445 3097 2516 scgregatis
3144 2445 3398 2500 onmibus
3445 2445 3610 2499 variis

2034 2542 2246 2589 naturae
2292 2536 2551 2598 motibus,
2589 2535 2699 2590 Deo
2746 2536 2947 2592 similis
2977 2535 3166 2590 eﬂecta
3212 2534 3396 2599 fuerit,
3448 2543 3611 2604 atque

2038 2635 2294 2696 superata
2347 2628 2649 2696 cupiditate
2696 2629 2750 2681 in
2807 2628 2902 2682 illo
2944 2628 3128 2694 fuerit,
3182 2627 3250 2682 ad
3306 2627 3450 2697 quod
3480 2627 3611 2681 olim

2036 2732 2067 2771 a
2095 2719 2392 2788 cupiditate
2417 2719 2735 2789 erigebatur
2760 2728 2815 2774 et
2870 2719 3204 2774 incitabatur
3237 2734 3346 2773 non
3377 2719 3611 2789 amplius

2036 2811 2373 2866 consistendi
2418 2812 2599 2866 locum
2629 2813 2683 2865 in
2734 2827 2856 2866 sese
2885 2812 3000 2875 dat,
3035 2827 3211 2882 neque
3256 2812 3394 2881 spei,
3437 2827 3613 2881 neque

2036 2901 2401 2955 recordationi
2422 2943 2436 2966 ,
2466 2917 2591 2955 nam
2623 2902 2770 2972 quod
2796 2902 3017 2972 quidem
3050 2903 3374 2971 sperabatur
3419 2902 3611 2969 habet;

358 2993 451 3053 καὶ
471 2991 612 3046 οὕτω
638 2992 735 3062 τὴν
768 2989 1143 3061 ὑπερέχουσαν
1180 2988 1428 3058 μιμεῖται
1467 2987 1612 3058 ζωὴν
1644 2989 1756 3051 τοῖς
1800 2985 1930 3040 ίδιώ-

2037 2989 2395 3057 occupatione
2437 2997 2617 3043 autem
2668 2989 3022 3045 fruendorum
3076 2991 3343 3045 bonorum
3410 3006 3615 3045 memo-

364 3103 495 3155 μασι
536 3084 636 3154 τῆς
687 3083 837 3147 θείας
887 3080 1099 3151 φύσεως
1146 3079 1601 3151 ἐμμορφωθεῖσα,
1644 3079 1719 3143 ὡς
1766 3079 1931 3149 μηδὲν

359 3178 744 3247 ὑπολειφθῆναι
770 3175 877 3229 τῶν
896 3174 1070 3230 ἀλλων
1090 3172 1249 3247 αὐτῇ,
1288 3170 1426 3247 πλὴν
1456 3172 1555 3241 τῆς
1587 3172 1933 3242 ἀγαπητικῆς

359 3244 670 3334 διαθέσεως,
701 3267 946 3338 φυσικῶς
983 3266 1059 3337 τῷ
1092 3244 1251 3337 ἰκαλῷ
1278 3244 1718 3334 τέροσφυομένης.
1763 3260 1934 3315 Τοῦτο

360 3363 468 3433 γάρ
503 3363 649 3415 ἐστιν
679 3363 712 3432 ἡ
746 3360 933 3431 ἀγάπη
956 3360 1027 3429 ,ἡ
1066 3357 1201 3428 πρὸς
1230 3357 1293 3409 τὸ
1327 3353 1663 3425 καταθύμιόν
1696 3353 1933 3406 ἐνδιάθε-

362 3471 451 3517 τος
484 3453 684 3523 σχέσις.
727 3451 896 3505 Ὀταν
919 3446 1011 3504 οὖν
1037 3452 1070 3520 ἡ
1102 3447 1249 3517 ἁπλῆ
1288 3447 1364 3518 (7)
1395 3447 1487 3500 καὶ
1528 3445 1804 3515 μονοειδὴς
1839 3444 1935 3499 κα)ν

362 3544 604 3614 ἀκριϐῶς
626 3542 923 3605 θεοείκελος
965 3540 1040 3612 (8)
1072 3542 1106 3609 ἡ
1146 3538 1291 3608 ψυχὴ
1324 3536 1583 3608 γινομένη
1616 3535 1690 3605 (9)
1723 3534 1935 3605 εὕροιτο

362 3634 578 3704 ἀληθῶς
602 3633 805 3687 ἁπλοῦν
837 3649 899 3685 τε
920 3632 1013 3685 καῖ¹
1046 3630 1205 3685 ἀῦλον
1235 3628 1456 3696 ἀγαθὸν,
1485 3627 1658 3679 ἐκεῖνο
1680 3624 1740 3676 τὸ
1777 3624 1935 3694 μόνον

364 3723 504 3776 τοιέν
539 3739 592 3775 τι
630 3722 740 3791 (10)
773 3718 1056 3789 ἀγαπητὸν
1086 3719 1180 3771 καὶ
1212 3718 1471 3788 ἐράσμιον
1511 3713 1849 3786 προσφύεταί
1876 3730 1935 3767 τε

364 3814 511 3885 αὐτῷ
565 3814 659 3868 καὶ
724 3811 1178 3880 συνανακιρνᾶται
1217 3807 1328 3879 (11)
1373 3807 1460 3861 διὰ
1500 3807 1600 3877 τῆς
1647 3804 1935 3875 ἀγαπητῆς

366 3905 630 3976 κινήσεώς
669 3922 726 3958 τε
753 3905 847 3957 καὶ
879 3902 1175 3973 ἐνεργείας,
1212 3900 1351 3970 πρὸς
1385 3900 1448 3951 τὸ
1474 3899 1559 3951 ἀεὶ
1588 3896 1938 3968 καταλαμϐα-

368 3997 587 4069 νόμενόν
618 4014 678 4051 τε
707 3996 802 4051 καὶ
834 3994 1219 4065 εὑρισκόμενον
1258 3992 1455 4047 ἐαυτῦν
1499 3990 1801 4062 μορφοῦσα’
1845 3988 1940 4043 καὶ

439 4225 549 4293 (91)
575 4224 924 4293 Κινουμένη.
956 4226 997 4276 Α
1031 4225 1071 4276 Β
1095 4224 1371 4292 γινομένη.

441 4296 551 4363 (92)
594 4294 956 4362 Ἐνήργηται.
987 4296 1029 4346 Α
1055 4296 1095 4345 Β
1116 4296 1432 4363 ἐνεργεῖται.

441 4362 551 4431 (95)
598 4366 983 4428 Ἀπόσιόλοᾳ
1017 4363 1059 4416 Α
1096 4362 1375 4432 praemittit
1403 4362 1558 4432 θεῖος.

441 4430 551 4502 (94)
588 4430 1109 4502 Μνημονευοῆναιξ
1132 4434 1177 4485 Α
1204 4435 1245 4485 Β
1277 4430 1725 4502 μνημονεύεσθαι.

443 4450 551 4502 (tu)
588 4450 1104 4502 Μνημονευυηναι.
1132 4450 1177 4485 Α
1204 4450 1245 4485 u
1277 4450 1379 4500 μνη
1429 4450 1559 4485 ovem

443 4506 555 4569 (95)
599 4506 779 4558 Ἐπεί.
814 4505 859 4557 Δ
884 4505 937 4556 ἰιι
968 4504 1213 4573 margine
1235 4450 1427 4573 ἐπειδεηΔ
1442 4499 1559 4558 οὖν.

443 4575 554 4643 (96)
597 4574 668 4627 Δέ
700 4574 841 4628 delet
868 4576 926 4626 Β.

442 4646 553 4713 (97)
597 4647 692 4696 Ἐν
713 4643 912 4711 ἑαυτῇ.
948 4647 991 4698 A
1018 4646 1058 4697 Β
1092 4644 1306 4713 ἑαυτήν.

447 4710 559 4785 (98)
578 4716 646 4767 El
672 4714 805 4785 κᾷν.
829 4710 890 4767 Et
918 4714 1059 4770 delet
1085 4716 1141 4768 Β.
1175 4710 1540 4785 Creterumuad
1577 4710 1773 4785 verba,
1796 4710 1939 4779 ἥτις,

374 4784 424 4855 εί
449 4781 547 4855 καὶ
565 4784 861 4855 παράδοξον
890 4787 1081 4855 εἰπεῖν,
1100 4787 1153 4838 in
1176 4786 1325 4855 calce
1352 4782 1557 4855 colit-is
1580 4781 1747 4855 A_ista_
1764 4781 1939 4855 legas;

377 4852 496 4935 Ιξίσί
519 4848 670 4935 τινα,
694 4848 861 4935 ’ἅπερ
882 4856 930 4905 oi
952 4848 1243 4935 ἐξισφασὶγ
1267 4854 1325 4905 ἐν
1349 4852 1426 4921 τῷ
1446 4850 1696 4935 ,γίνεσθαι
1723 4850 1866 4929 ἔχειν
1884 4848 1944 4901 τὸ

374 4920 533 5002 εἶναι,
556 4924 656 5002 οὐκ
670 4925 748 5002 *ἐν
774 4920 1177 5002 τῷχεγονέναι,
1198 4920 1502 5002 ῶσπερίτὴν
1531 4920 1687 5002 σκιὰν
1710 4920 1818 5002 τῶν
1844 4936 1945 5002 σω·

379 4994 585 5115 Ξάτων.
621 4993 767 5064 Αὕτη
957 4990 1288 5063 χωρισθεῖσα
1326 4990 1425 5061 τῆς
1454 4990 1709 5059 ποιούσης
1747 4990 1944 5053 αἰτίας,

420 5064 589 5115 cavi):
613 5064 839 5115 γίνεται.
888 5063 949 5115 ού
980 5064 1229 5115 καθάπερ
1257 5064 1313 5115 αἱ
1354 5061 1529 5114 οὐσίαι
1572 5059 1794 5112 καὶτῶν
1826 5075 1944 5111 ποι-

420 5064 589 5136 φανὴς
613 5059 839 5136 γίνετρι,
888 5059 1229 5136 δύ’καθὰπερ
1257 5064 1314 5136 αξ
1354 5059 1529 5114 ούσίαι
1572 5059 1794 5136 καὶιτῶν
1826 5075 1947 5136 ποις

379 5129 581 5204 ούντων
626 5129 812 5204 αἰτιῶν
843 5129 1214 5204 χωρισθέντων
1249 5133 1467 5204 μένουσι
1490 5146 1503 5160 ο
1532 5129 1770 5204 τοιαύτηΛ
1795 5130 1888 5182 καὶ

380 5202 544 5272 κακία
565 5203 623 5255 ἐν
649 5202 727 5272 τῷ
759 5198 1037 5270 γίγνεσθαι
1068 5204 1167 5272 καὶᾼ
1192 5198 1524 5272 πράττεσθαι
1558 5200 1717 5270 μόνον
1746 5198 1857 5269 έχει
1886 5198 1947 5258 τὸ

381 5265 539 5337 εἶναι,
566 5265 709 5341 ὅπερ
730 5265 921 5327 ταύτόν
954 5273 1069 5326 ἐστι
1102 5270 1180 5343 τῷ
1312 5266 1473 5329 εἶναι.

2037 3076 2173 3131 riam
2204 3092 2234 3131 a
2282 3086 2463 3133 mente
2506 3086 2750 3133 removet
2779 3094 2842 3133 ac
2874 3080 3096 3134 missam
3130 3078 3297 3145 facit;
3343 3089 3506 3148 atque
3537 3080 3613 3134 ita

2035 3169 2203 3222 vitam
2267 3184 2521 3238 superam
2579 3180 2633 3225 et
2685 3173 2998 3236 excelsam‘,
3069 3171 3363 3227 informata
3416 3173 3616 3228 divine

2037 3267 2249 3314 natura:
2275 3260 2703 3329 proprietatibus
2734 3262 3005 3327 imitatur,
3036 3264 3173 3318 adeo
3207 3271 3265 3317 ut
3298 3265 3436 3319 nihil
3467 3265 3614 3319 aliud

2036 3349 2087 3405 ei
2114 3350 2454 3419 relinquatur
2486 3359 2852 3421 praeterquam
2889 3353 3205 3408 dilectionis
3240 3354 3492 3419 alfcctus,
3521 3357 3614 3424 qui

2038 3440 2364 3495 naturaliter
2430 3443 2481 3496 ei
2559 3443 2705 3512 qttod
2774 3443 2977 3498 bonum
3048 3453 3103 3498 et
3172 3445 3463 3500 honestum
3531 3459 3617 3502 est

2039 3532 2300 3587 adharet.
2352 3532 2409 3586 Id
2459 3534 2606 3588 enim
2657 3534 2881 3590 dilectio
2931 3542 3036 3599 est,
3096 3536 3300 3598 animo,
3342 3537 3613 3603 videlicet,

2040 3625 2239 3681 insitus
2276 3624 2497 3681 habitus
2541 3637 2594 3681 et
2627 3626 2857 3683 allectus
2888 3628 2953 3683 ad
2990 3628 3040 3682 id
3066 3629 3212 3698 quod
3247 3630 3425 3697 placet
3452 3638 3616 3698 atque

2039 3716 2189 3769 cordi
2216 3724 2318 3769 est.
2342 3715 2479 3770 Cum
2508 3717 2675 3785 igitur
2703 3718 2934 3788 simplex
2956 3730 3009 3773 et
3038 3720 3331 3775 uniformis
3360 3735 3423 3773 ac
3458 3720 3615 3790 plane

2041 3807 2234 3862 similis
2277 3806 2384 3860 Deo
2434 3807 2615 3860 anima
2661 3808 2828 3870 facta.
2870 3819 3031 3863 nacta
3092 3810 3257 3865 fuerit
3308 3810 3440 3865 illud
3488 3827 3615 3867 vere

2042 3897 2268 3966 simplex
2310 3908 2358 3951 et
2419 3899 2658 3952 materiae
2703 3900 2925 3969 dolique
2959 3916 3155 3969 expers
3195 3902 3422 3967 bonmn,
3469 3901 3613 3972 quod

2046 3988 2220 4043 solum
2246 4003 2430 4043 revera
2458 3989 2683 4059 dignum
2718 3990 2863 4059 quod
2888 3990 3149 4060 diligatur
3168 3999 3222 4047 et
3247 3992 3477 4050 amabile
3509 4002 3611 4059 est,

2114 4210 2226 4279 (99)
2262 4210 2365 4264 Καὶ
2388 4210 2616 4274 κακίας.
2654 4208 2762 4261 Καί
2785 4208 2925 4263 delet
2946 4211 2989 4261 Α
3022 4216 3075 4264 et
3100 4210 3165 4267 B.

2114 4281 2250 4349 (99')
2288 4280 2396 4331 Τοῦ
2427 4279 2619 4344 ὄντος.
2660 4280 2704 4349 Α
2731 4281 2762 4349 ἡ
2795 4279 2889 4331 τοῦ
2919 4279 3091 4344 ὄντος.

2142 4352 2190 4418 1)
2220 4351 2473 4402 Γίνεται.
2506 4350 2546 4399 Β
2574 4348 2883 4417 γεγένηται.

2142 4419 2188 4445 2h
2232 4420 2518 4445 σν-.ιηη-,.
2570 4418 2608 4445 ι)
2636 4417 2864 4445 ι....ἱ..---

2116 4418 2189 4489 (2)
2232 4420 2539 4486 ’Υπῂρετο.
2570 4418 2609 4469 Β
2633 4418 2880 4490 ἐπῇρε-ιο.

2226 4487 2362 4567 [Lyd
2402 4489 2464 4567 B~
2485 4488 2657 4567 delet.)
2696 4558 2736 4567 _

2116 4559 2192 4624 (4)
2225 4558 2366 4625 Τῇ...
2392 4558 2487 4625 τῇ.
2527 4558 2663 4612 delet
2696 4558 2757 4613 Β.

2118 4629 2193 4698 (5)
2224 4628 2291 4698 Τὸ
2314 4626 2442 4698 γάρ.
2476 4628 2517 4678 Β
2544 4626 2732 4698 τὸᾲμέν
2762 4628 2891 4698 γάρ.

2117 4697 2192 4765 (ti)
2235 4697 2296 4750 Ἠ
2328 4696 2414 4750 δέ.
2446 4698 2488 4765 ᾼ
2514 4696 2683 4765 τῇδέ.

2119 4768 2194 4836 (τ)
2235 4767 2305 4819 ἾΙ
2327 4764 2511 4836 ἁπλῆ.
2556 4764 2621 4818 Ἦ
2655 4767 2795 4820 delet
2824 4768 2867 4821 A
2896 4779 2950 4824 et
2991 4770 3048 4823 Β.

2120 4834 2195 4903 (8)
2235 4834 2499 4902 Ἀκριϐῶς
2532 4837 2883 4902 θεοείκελος.
2931 4839 2985 4891 In
3021 4838 3169 4892 calce
3198 4840 3401 4895 codicis
3427 4840 3471 4895 Δ
3502 4840 3614 4896 haec

2049 4906 2329 4980 amtotatio
2374 4906 2698 4980 legebatu_r:_
2733 4908 2869 4959 Καθ’
2913 4908 3168 4980 ὁμοίωσιν
3212 4909 3451 4980 δηλονότι
3518 4911 3613 4966 καὶ

2038 4972 2305 5048 μετοχὴν,
2335 4973 2396 5026 οὐ
2429 4972 2552 5048 κατ’
2581 4975 2764 5048 οὐσία-ν
2784 4972 3059 5048 γινομένη.

2121 5042 2542 5118 (9))Γξνρμένη.
2571 5045 2613 5118 ᾖ
2643 5053 2701 5118 et
2792 5042 3077 5118 γενομένη.

2153 5116 2231 5184 10)
2272 5113 2437 5166 Τοῖόν
2464 5131 2538 5167 τι.
2570 5115 2612 5165 Β
2635 5113 2712 5184 τῷ
2738 5115 2868 5169 ὄντι.

2153 5116 2211 5165 10
2272 5116 2437 5166 Τοῖόν
2464 5131 2538 5167 τι.
2570 5116 2612 5165 Β
2635 5116 2712 5184 τῷ
2738 5116 2868 5169 δντι.
2924 5116 2932 5118 ’
3044 5116 3052 5117 ί

2117 5116 2161 5253 (Ι
2180 5122 2231 5253 ιζ
2263 5182 2790 5253 Συνανακιρνᾶται.
2820 5187 2863 5238 Α
2892 5186 2933 5238 Β
2965 5188 3439 5259 συνανακίρναται.

452 5474 527 5544 (ιι)
579 5475 855 5543 Σχόλιον.
915 5473 1050 5544 Suut
1108 5472 1363 5527 uommlla
1416 5488 1531 5541 qua:
1577 5472 1824 5544 dicuntur
1872 5472 1937 5526 ab
2042 5491 2143 5527 non
2183 5475 2319 5527 sicut
2354 5472 2663 5544 subsmntiw
2709 5472 2918 5527 remotls
2958 5473 3123 5544 etiam
3166 5470 3343 5544 cautis
3375 5470 3611 5544 efﬁciens

381 5541 735 5606 externisfin
785 5560 842 5596 eo
882 5543 1019 5610 quod
1061 5544 1192 5610 ﬁant
1242 5545 1520 5596 essentiam
1557 5543 1775 5606 habere,
1832 5559 1934 5596 non
2039 5545 2177 5596 tibus
2216 5553 2446 5595 manent.
2486 5542 2632 5595 Talis
2699 5544 2858 5595 etiam
2928 5542 3186 5595 vitiositas
3233 5541 3290 5593 in
3344 5556 3404 5593 eo
3437 5608 3443 5610 _
3477 5541 3615 5605 quod

383 5616 435 5667 iu
468 5632 527 5667 eo
558 5614 692 5683 quod
720 5614 859 5680 facta
902 5615 1041 5675 sint;
1070 5612 1507 5681 quemadmodum
1553 5612 1792 5665 umbram
1821 5629 1935 5665 cor-

2037 5615 2097 5682 ﬁt
2146 5623 2193 5667 et
2240 5614 2416 5675 aqitur
2466 5611 2729 5664 duntaxat
2781 5614 3059 5666 essentiam
3104 5611 3275 5677 habet,
3308 5608 3445 5679 quod
3479 5610 3612 5663 idem

382 5682 585 5752 porum.
641 5682 767 5738 Ila'c
815 5684 952 5737 enim
973 5693 1173 5738 remota
1203 5700 1365 5737 causa
1386 5683 1630 5752 efﬁciente
1659 5683 1937 5755 evanescit,
2047 5700 2166 5738 cum
2215 5700 2275 5738 (ο
2329 5693 2403 5736 est
2453 5682 2589 5751 quod
2630 5698 2731 5737 non
2778 5692 2874 5737 est.
