  <div class='ocr_page' id='page_1' title='image "/cluster/home/n/w/nwhite01/storage/ocr_20150623/46/nnc1.0046978380/055.png"; bbox 0 0 4046 6350; ppageno 0'>
   <div class='ocr_carea' id='block_1_1' title="bbox 433 313 1997 378">
    <p class='ocr_par' dir='ltr' id='par_1_1' title="bbox 433 313 1997 378">
     <span class='ocr_line' id='line_1_1' title="bbox 433 313 1997 378; baseline 0.003 -7"><span class='ocrx_word' id='word_1_1' title='bbox 433 313 506 371; x_wconf 83' lang='grc'><strong>95</strong></span> <span class='ocrx_word' id='word_1_2' title='bbox 1689 319 1748 378; x_wconf 86' lang='lat' dir='ltr'><strong>S.</strong></span> <span class='ocrx_word' id='word_1_3' title='bbox 1787 317 1997 375; x_wconf 78' lang='grc' dir='ltr'><strong>ωιΕϐ(</strong></span> 
     </span>
    </p>
   </div>
   <div class='ocr_carea' id='block_1_2' title="bbox 2101 313 2431 378">
    <p class='ocr_par' dir='ltr' id='par_1_2' title="bbox 2101 317 2431 376">
     <span class='ocr_line' id='line_1_2' title="bbox 2101 317 2431 376; baseline 0.009 -3"><span class='ocrx_word' id='word_1_4' title='bbox 2101 318 2113 373; x_wconf 96' lang='lat' dir='ltr'><strong>l</strong></span> <span class='ocrx_word' id='word_1_5' title='bbox 2143 317 2431 376; x_wconf 76' lang='lat' dir='ltr'><strong>NYSSENI</strong></span> 
     </span>
    </p>
   </div>
   <div class='ocr_carea' id='block_1_3' title="bbox 3625 315 3693 372">
    <p class='ocr_par' dir='ltr' id='par_1_3' title="bbox 3625 315 3693 372">
     <span class='ocr_line' id='line_1_3' title="bbox 3625 315 3693 372; baseline 0 0"><span class='ocrx_word' id='word_1_6' title='bbox 3625 315 3693 372; x_wconf 81' lang='lat'><strong>96</strong></span> 
     </span>
    </p>
   </div>
   <div class='ocr_carea' id='block_1_4' title="bbox 436 431 1997 508">
    <p class='ocr_par' dir='ltr' id='par_1_4' title="bbox 436 435 1997 506">
     <span class='ocr_line' id='line_1_4' title="bbox 436 435 1997 506; baseline 0 -15"><span class='ocrx_word' id='word_1_7' title='bbox 436 449 560 491; x_wconf 84' lang='lat' dir='ltr'><strong>cum</strong></span> <span class='ocrx_word' id='word_1_8' title='bbox 595 435 836 493; x_wconf 68' lang='lat' dir='ltr'><strong>adhaeret</strong></span> <span class='ocrx_word' id='word_1_9' title='bbox 879 436 1081 504; x_wconf 82' lang='lat' dir='ltr'><strong>eidem,</strong></span> <span class='ocrx_word' id='word_1_10' title='bbox 1116 444 1232 492; x_wconf 88' lang='lat' dir='ltr'><strong>tum</strong></span> <span class='ocrx_word' id='word_1_11' title='bbox 1283 451 1390 492; x_wconf 81' lang='lat' dir='ltr'><strong>una</strong></span> <span class='ocrx_word' id='word_1_12' title='bbox 1422 437 1811 492; x_wconf 89' lang='lat' dir='ltr'><strong>commiscetur</strong></span> <span class='ocrx_word' id='word_1_13' title='bbox 1841 445 1997 506; x_wconf 83' lang='lat' dir='ltr'><strong>atque</strong></span> 
     </span>
    </p>
   </div>
   <div class='ocr_carea' id='block_1_5' title="bbox 2101 431 3691 508">
    <p class='ocr_par' dir='ltr' id='par_1_5' title="bbox 2106 431 3691 508">
     <span class='ocr_line' id='line_1_5' title="bbox 2106 431 3691 508; baseline -0.003 -18"><span class='ocrx_word' id='word_1_14' title='bbox 2106 435 2264 490; x_wconf 77' lang='grc' dir='ltr'><strong>τοῐτο</strong></span> <span class='ocrx_word' id='word_1_15' title='bbox 2286 435 2544 508; x_wconf 79' lang='grc' dir='ltr'><strong>γινομένη</strong></span> <span class='ocrx_word' id='word_1_16' title='bbox 2577 436 2670 492; x_wconf 82' lang='grc' dir='ltr'><strong>διὰ</strong></span> <span class='ocrx_word' id='word_1_17' title='bbox 2690 436 2789 508; x_wconf 87' lang='grc' dir='ltr'><strong>τῆς</strong></span> <span class='ocrx_word' id='word_1_18' title='bbox 2822 433 2918 489; x_wconf 84' lang='grc' dir='ltr'><strong>τοῦ</strong></span> <span class='ocrx_word' id='word_1_19' title='bbox 2959 431 3165 504; x_wconf 80' lang='grc' dir='ltr'><strong>ἀγαθοῦ</strong></span> <span class='ocrx_word' id='word_1_20' title='bbox 3194 432 3533 503; x_wconf 81' lang='grc' dir='ltr'><strong>ὁμοιότητος,</strong></span> <span class='ocrx_word' id='word_1_21' title='bbox 3555 433 3691 504; x_wconf 78' lang='grc' dir='ltr'><strong>ὅπερ</strong></span> 
     </span>
    </p>
   </div>
   <div class='ocr_carea' id='block_1_6' title="bbox 439 530 2011 602">
    <p class='ocr_par' dir='ltr' id='par_1_6' title="bbox 439 530 2011 602">
     <span class='ocr_line' id='line_1_6' title="bbox 439 530 2011 602; baseline 0 -19"><span class='ocrx_word' id='word_1_22' title='bbox 439 537 907 599; x_wconf 83' lang='lat' dir='ltr'><strong>contemperatur,</strong></span> <span class='ocrx_word' id='word_1_23' title='bbox 963 547 1060 602; x_wconf 88' lang='lat' dir='ltr'><strong>per</strong></span> <span class='ocrx_word' id='word_1_24' title='bbox 1103 530 1412 587; x_wconf 75' lang='lat' dir='ltr'><strong>dilectionis</strong></span> <span class='ocrx_word' id='word_1_25' title='bbox 1467 537 1676 585; x_wconf 91' lang='lat' dir='ltr'><strong>motum</strong></span> <span class='ocrx_word' id='word_1_26' title='bbox 1735 537 1792 584; x_wconf 86' lang='lat' dir='ltr'><strong>ct</strong></span> <span class='ocrx_word' id='word_1_27' title='bbox 1839 530 2011 584; x_wconf 85' lang='lat' dir='ltr'><strong>actio-</strong></span> 
     </span>
    </p>
   </div>
   <div class='ocr_carea' id='block_1_7' title="bbox 437 619 2010 692">
    <p class='ocr_par' dir='ltr' id='par_1_7' title="bbox 437 619 2010 692">
     <span class='ocr_line' id='line_1_7' title="bbox 437 619 2010 692; baseline 0.001 -20"><span class='ocrx_word' id='word_1_28' title='bbox 437 633 586 680; x_wconf 89' lang='lat' dir='ltr'><strong>nem,</strong></span> <span class='ocrx_word' id='word_1_29' title='bbox 640 619 705 674; x_wconf 92' lang='lat' dir='ltr'><strong>ad</strong></span> <span class='ocrx_word' id='word_1_30' title='bbox 763 620 818 676; x_wconf 91' lang='lat' dir='ltr'><strong>id</strong></span> <span class='ocrx_word' id='word_1_31' title='bbox 867 622 1014 692; x_wconf 90' lang='lat' dir='ltr'><strong>quod</strong></span> <span class='ocrx_word' id='word_1_32' title='bbox 1064 636 1282 692; x_wconf 85' lang='lat' dir='ltr'><strong>semper</strong></span> <span class='ocrx_word' id='word_1_33' title='bbox 1335 628 1391 677; x_wconf 89' lang='lat' dir='ltr'><strong>et</strong></span> <span class='ocrx_word' id='word_1_34' title='bbox 1427 620 1914 690; x_wconf 76' lang='lat' dir='ltr'><strong>comprehenditur</strong></span> <span class='ocrx_word' id='word_1_35' title='bbox 1954 627 2010 674; x_wconf 88' lang='lat' dir='ltr'><strong>et</strong></span> 
     </span>
    </p>
   </div>
   <div class='ocr_carea' id='block_1_8' title="bbox 437 707 2007 780">
    <p class='ocr_par' dir='ltr' id='par_1_8' title="bbox 437 707 2007 780">
     <span class='ocr_line' id='line_1_8' title="bbox 437 707 2007 780; baseline 0.001 -19"><span class='ocrx_word' id='word_1_36' title='bbox 437 707 715 764; x_wconf 75' lang='lat' dir='ltr'><strong>invenitur</strong></span> <span class='ocrx_word' id='word_1_37' title='bbox 765 724 888 765; x_wconf 88' lang='lat' dir='ltr'><strong>sese</strong></span> <span class='ocrx_word' id='word_1_38' title='bbox 924 708 1200 774; x_wconf 77' lang='lat' dir='ltr'><strong>formans,</strong></span> <span class='ocrx_word' id='word_1_39' title='bbox 1249 718 1416 780; x_wconf 90' lang='lat' dir='ltr'><strong>atque</strong></span> <span class='ocrx_word' id='word_1_40' title='bbox 1459 709 1514 764; x_wconf 89' lang='lat' dir='ltr'><strong>id</strong></span> <span class='ocrx_word' id='word_1_41' title='bbox 1557 724 1653 779; x_wconf 88' lang='lat' dir='ltr'><strong>per</strong></span> <span class='ocrx_word' id='word_1_42' title='bbox 1697 708 2007 764; x_wconf 87' lang='lat' dir='ltr'><strong>similitudi-</strong></span> 
     </span>
    </p>
   </div>
   <div class='ocr_carea' id='block_1_9' title="bbox 435 797 2006 870">
    <p class='ocr_par' dir='ltr' id='par_1_9' title="bbox 435 797 2006 870">
     <span class='ocr_line' id='line_1_9' title="bbox 435 797 2006 870; baseline -0.001 -17"><span class='ocrx_word' id='word_1_43' title='bbox 435 808 561 853; x_wconf 79' lang='lat' dir='ltr'><strong>nem</strong></span> <span class='ocrx_word' id='word_1_44' title='bbox 606 799 734 854; x_wconf 87' lang='lat' dir='ltr'><strong>boni</strong></span> <span class='ocrx_word' id='word_1_45' title='bbox 783 799 1025 854; x_wconf 85' lang='lat' dir='ltr'><strong>evadens</strong></span> <span class='ocrx_word' id='word_1_46' title='bbox 1077 798 1224 870; x_wconf 86' lang='lat' dir='ltr'><strong>quod</strong></span> <span class='ocrx_word' id='word_1_47' title='bbox 1275 800 1395 870; x_wconf 85' lang='lat' dir='ltr'><strong>ejus</strong></span> <span class='ocrx_word' id='word_1_48' title='bbox 1447 798 1594 870; x_wconf 88' lang='lat' dir='ltr'><strong>quod</strong></span> <span class='ocrx_word' id='word_1_49' title='bbox 1645 797 2006 867; x_wconf 75' lang='lat' dir='ltr'><strong>participatur</strong></span> 
     </span>
    </p>
   </div>
   <div class='ocr_carea' id='block_1_10' title="bbox 436 889 2006 960">
    <p class='ocr_par' dir='ltr' id='par_1_10' title="bbox 436 889 2006 960">
     <span class='ocr_line' id='line_1_10' title="bbox 436 889 2006 960; baseline 0.001 -17"><span class='ocrx_word' id='word_1_50' title='bbox 436 897 602 959; x_wconf 86' lang='lat' dir='ltr'><strong>atque</strong></span> <span class='ocrx_word' id='word_1_51' title='bbox 652 891 970 960; x_wconf 69' lang='lat' dir='ltr'><strong>percipitur,</strong></span> <span class='ocrx_word' id='word_1_52' title='bbox 1007 901 1205 946; x_wconf 82' lang='lat' dir='ltr'><strong>natura</strong></span> <span class='ocrx_word' id='word_1_53' title='bbox 1253 898 1378 947; x_wconf 86' lang='lat' dir='ltr'><strong>est:</strong></span> <span class='ocrx_word' id='word_1_54' title='bbox 1426 905 1554 945; x_wconf 90' lang='lat' dir='ltr'><strong>cum</strong></span> <span class='ocrx_word' id='word_1_55' title='bbox 1600 899 1780 944; x_wconf 90' lang='lat' dir='ltr'><strong>autem</strong></span> <span class='ocrx_word' id='word_1_56' title='bbox 1825 889 1880 944; x_wconf 93' lang='lat' dir='ltr'><strong>in</strong></span> <span class='ocrx_word' id='word_1_57' title='bbox 1910 889 2006 944; x_wconf 91' lang='lat' dir='ltr'><strong>illo</strong></span> 
     </span>
    </p>
   </div>
   <div class='ocr_carea' id='block_1_11' title="bbox 436 980 2002 1055">
    <p class='ocr_par' dir='ltr' id='par_1_11' title="bbox 436 980 2002 1055">
     <span class='ocr_line' id='line_1_11' title="bbox 436 980 2002 1055; baseline 0 -19"><span class='ocrx_word' id='word_1_58' title='bbox 436 982 707 1051; x_wconf 78' lang='lat' dir='ltr'><strong>cupiditas</strong></span> <span class='ocrx_word' id='word_1_59' title='bbox 746 999 854 1037; x_wconf 91' lang='lat' dir='ltr'><strong>non</strong></span> <span class='ocrx_word' id='word_1_60' title='bbox 899 983 992 1050; x_wconf 81' lang='lat' dir='ltr'><strong>sit,</strong></span> <span class='ocrx_word' id='word_1_61' title='bbox 1029 991 1312 1055; x_wconf 77' lang='lat' dir='ltr'><strong>propterea</strong></span> <span class='ocrx_word' id='word_1_62' title='bbox 1362 982 1507 1053; x_wconf 88' lang='lat' dir='ltr'><strong>quod</strong></span> <span class='ocrx_word' id='word_1_63' title='bbox 1543 996 1644 1037; x_wconf 90' lang='lat' dir='ltr'><strong>nec</strong></span> <span class='ocrx_word' id='word_1_64' title='bbox 1676 980 1840 1036; x_wconf 79' lang='lat' dir='ltr'><strong>ullius</strong></span> <span class='ocrx_word' id='word_1_65' title='bbox 1877 980 2002 1052; x_wconf 85' lang='lat' dir='ltr'><strong>qui-</strong></span> 
     </span>
    </p>
   </div>
   <div class='ocr_carea' id='block_1_12' title="bbox 436 1072 1999 1143">
    <p class='ocr_par' dir='ltr' id='par_1_12' title="bbox 436 1072 1999 1143">
     <span class='ocr_line' id='line_1_12' title="bbox 436 1072 1999 1143; baseline 0.001 -17"><span class='ocrx_word' id='word_1_66' title='bbox 436 1072 557 1128; x_wconf 86' lang='lat' dir='ltr'><strong>dem</strong></span> <span class='ocrx_word' id='word_1_67' title='bbox 596 1074 719 1128; x_wconf 89' lang='lat' dir='ltr'><strong>boni</strong></span> <span class='ocrx_word' id='word_1_68' title='bbox 767 1075 1015 1132; x_wconf 81' lang='lat' dir='ltr'><strong>defectus</strong></span> <span class='ocrx_word' id='word_1_69' title='bbox 1060 1076 1116 1130; x_wconf 90' lang='lat' dir='ltr'><strong>in</strong></span> <span class='ocrx_word' id='word_1_70' title='bbox 1161 1090 1226 1131; x_wconf 87' lang='lat' dir='ltr'><strong>eo</strong></span> <span class='ocrx_word' id='word_1_71' title='bbox 1278 1074 1372 1138; x_wconf 83' lang='lat' dir='ltr'><strong>sit,</strong></span> <span class='ocrx_word' id='word_1_72' title='bbox 1423 1087 1768 1143; x_wconf 89' lang='lat' dir='ltr'><strong>consequens</strong></span> <span class='ocrx_word' id='word_1_73' title='bbox 1815 1072 1999 1139; x_wconf 79' lang='lat' dir='ltr'><strong>fuerit,</strong></span> 
     </span>
    </p>
   </div>
   <div class='ocr_carea' id='block_1_13' title="bbox 2116 523 3692 597">
    <p class='ocr_par' dir='ltr' id='par_1_13' title="bbox 2116 523 3692 597">
     <span class='ocr_line' id='line_1_13' title="bbox 2116 523 3692 597; baseline -0.001 -17"><span class='ocrx_word' id='word_1_74' title='bbox 2116 527 2150 596; x_wconf 84' lang='grc' dir='ltr'>ή</span> <span class='ocrx_word' id='word_1_75' title='bbox 2189 525 2285 580; x_wconf 81' lang='grc' dir='ltr'><strong>τοῦ</strong></span> <span class='ocrx_word' id='word_1_76' title='bbox 2330 525 2689 597; x_wconf 75' lang='grc' dir='ltr'><strong>μετεχομένου</strong></span> <span class='ocrx_word' id='word_1_77' title='bbox 2727 525 2892 595; x_wconf 78' lang='grc' dir='ltr'><strong>φύσις</strong></span> <span class='ocrx_word' id='word_1_78' title='bbox 2936 525 3105 590; x_wconf 76' lang='grc' dir='ltr'><strong>ἐστὶν,</strong></span> <span class='ocrx_word' id='word_1_79' title='bbox 3148 523 3444 594; x_wconf 71' lang='grc' dir='ltr'><strong>ὲπιθυμίας</strong></span> <span class='ocrx_word' id='word_1_80' title='bbox 3475 523 3586 593; x_wconf 72' lang='grc' dir='ltr'><strong>(η)</strong></span> <span class='ocrx_word' id='word_1_81' title='bbox 3631 525 3692 578; x_wconf 78' lang='grc' dir='ltr'><strong>ὲν</strong></span> 
     </span>
    </p>
   </div>
   <div class='ocr_carea' id='block_1_14' title="bbox 2113 613 3691 688">
    <p class='ocr_par' dir='ltr' id='par_1_14' title="bbox 2113 613 3691 688">
     <span class='ocr_line' id='line_1_14' title="bbox 2113 613 3691 688; baseline -0.003 -18"><span class='ocrx_word' id='word_1_82' title='bbox 2113 615 2304 688; x_wconf 72' lang='grc' dir='ltr'><strong>ἐκείνῳ</strong></span> <span class='ocrx_word' id='word_1_83' title='bbox 2329 615 2404 688; x_wconf 80' lang='grc' dir='ltr'><strong>μὴ</strong></span> <span class='ocrx_word' id='word_1_84' title='bbox 2443 615 2612 687; x_wconf 72' lang='grc' dir='ltr'><strong>οὔσης</strong></span> <span class='ocrx_word' id='word_1_85' title='bbox 2643 616 2732 670; x_wconf 80' lang='grc' dir='ltr'><strong>διὰ</strong></span> <span class='ocrx_word' id='word_1_86' title='bbox 2769 616 2830 671; x_wconf 78' lang='grc' dir='ltr'><strong>τὸ</strong></span> <span class='ocrx_word' id='word_1_87' title='bbox 2862 617 2999 688; x_wconf 81' lang='grc' dir='ltr'><strong>μηδέ</strong></span> <span class='ocrx_word' id='word_1_88' title='bbox 3035 633 3179 681; x_wconf 83' lang='grc' dir='ltr'><strong>τινος</strong></span> <span class='ocrx_word' id='word_1_89' title='bbox 3210 614 3322 670; x_wconf 82' lang='grc' dir='ltr'><strong>τῶν</strong></span> <span class='ocrx_word' id='word_1_90' title='bbox 3356 613 3576 683; x_wconf 80' lang='grc' dir='ltr'><strong>ἀγαθῶν</strong></span> <span class='ocrx_word' id='word_1_91' title='bbox 3611 613 3691 667; x_wconf 75' lang='grc' dir='ltr'><strong>έν-</strong></span> 
     </span>
    </p>
   </div>
   <div class='ocr_carea' id='block_1_15' title="bbox 2112 697 3688 780">
    <p class='ocr_par' dir='ltr' id='par_1_15' title="bbox 2112 697 3688 780">
     <span class='ocr_line' id='line_1_15' title="bbox 2112 697 3688 780; baseline 0.001 -20"><span class='ocrx_word' id='word_1_92' title='bbox 2112 707 2260 762; x_wconf 84' lang='grc' dir='ltr'><strong>δειαν</strong></span> <span class='ocrx_word' id='word_1_93' title='bbox 2285 710 2344 761; x_wconf 77' lang='grc' dir='ltr'><strong>ὲν</strong></span> <span class='ocrx_word' id='word_1_94' title='bbox 2367 708 2515 778; x_wconf 84' lang='grc' dir='ltr'><strong>αὐτῷ</strong></span> <span class='ocrx_word' id='word_1_95' title='bbox 2537 697 2698 773; x_wconf 52' lang='grc' dir='ltr'><strong>εἶναις</strong></span> <span class='ocrx_word' id='word_1_96' title='bbox 2725 707 3017 762; x_wconf 86' lang='grc' dir='ltr'><strong>ἀκόλουθον</strong></span> <span class='ocrx_word' id='word_1_97' title='bbox 3053 707 3122 761; x_wconf 79' lang='grc' dir='ltr'><strong>ἂν</strong></span> <span class='ocrx_word' id='word_1_98' title='bbox 3145 707 3233 780; x_wconf 81' lang='grc' dir='ltr'><strong>εἴη</strong></span> <span class='ocrx_word' id='word_1_99' title='bbox 3260 707 3356 760; x_wconf 76' lang='grc' dir='ltr'><strong>καὶ</strong></span> <span class='ocrx_word' id='word_1_100' title='bbox 3377 706 3477 777; x_wconf 79' lang='grc' dir='ltr'><strong>τὴν</strong></span> <span class='ocrx_word' id='word_1_101' title='bbox 3511 705 3688 776; x_wconf 77' lang='grc' dir='ltr'><strong>ψυχὴν</strong></span> 
     </span>
    </p>
   </div>
   <div class='ocr_carea' id='block_1_16' title="bbox 2111 796 3687 871">
    <p class='ocr_par' dir='ltr' id='par_1_16' title="bbox 2111 796 3687 871">
     <span class='ocr_line' id='line_1_16' title="bbox 2111 796 3687 871; baseline -0.003 -19"><span class='ocrx_word' id='word_1_102' title='bbox 2111 799 2170 852; x_wconf 76' lang='grc' dir='ltr'><strong>ἐν</strong></span> <span class='ocrx_word' id='word_1_103' title='bbox 2199 798 2278 871; x_wconf 81' lang='grc' dir='ltr'><strong>τῷ</strong></span> <span class='ocrx_word' id='word_1_104' title='bbox 2307 799 2547 854; x_wconf 83' lang='grc' dir='ltr'><strong>ἀνενδεεί</strong></span> <span class='ocrx_word' id='word_1_105' title='bbox 2573 798 2861 870; x_wconf 79' lang='grc' dir='ltr'><strong>γινομένην</strong></span> <span class='ocrx_word' id='word_1_106' title='bbox 2890 798 3002 869; x_wconf 85' lang='grc'><strong>(15)</strong></span> <span class='ocrx_word' id='word_1_107' title='bbox 3039 797 3323 852; x_wconf 67' lang='grc' dir='ltr'><strong>ἐκϐάλλειν</strong></span> <span class='ocrx_word' id='word_1_108' title='bbox 3360 798 3453 867; x_wconf 78' lang='grc' dir='ltr'><strong>ἀφ’</strong></span> <span class='ocrx_word' id='word_1_109' title='bbox 3490 796 3687 866; x_wconf 76' lang='grc' dir='ltr'><strong>ἑαυτῆς</strong></span> 
     </span>
    </p>
   </div>
   <div class='ocr_carea' id='block_1_17' title="bbox 2112 885 3682 964">
    <p class='ocr_par' dir='ltr' id='par_1_17' title="bbox 2112 885 3682 964">
     <span class='ocr_line' id='line_1_17' title="bbox 2112 885 3682 964; baseline -0.004 -18"><span class='ocrx_word' id='word_1_110' title='bbox 2112 892 2207 946; x_wconf 76' lang='grc' dir='ltr'><strong>καὶ</strong></span> <span class='ocrx_word' id='word_1_111' title='bbox 2229 891 2327 963; x_wconf 82' lang='grc' dir='ltr'><strong>τὴν</strong></span> <span class='ocrx_word' id='word_1_112' title='bbox 2355 890 2754 964; x_wconf 76' lang='grc' dir='ltr'><strong>ὲπιθυμητικὴν</strong></span> <span class='ocrx_word' id='word_1_113' title='bbox 2779 889 2992 960; x_wconf 85' lang='grc' dir='ltr'><strong>κίνησίν</strong></span> <span class='ocrx_word' id='word_1_114' title='bbox 3020 906 3077 942; x_wconf 86' lang='grc' dir='ltr'><strong>τε</strong></span> <span class='ocrx_word' id='word_1_115' title='bbox 3105 889 3200 943; x_wconf 76' lang='grc' dir='ltr'><strong>καὶ</strong></span> <span class='ocrx_word' id='word_1_116' title='bbox 3219 888 3479 950; x_wconf 84' lang='grc' dir='ltr'><strong>διάθεσιν,</strong></span> <span class='ocrx_word' id='word_1_117' title='bbox 3506 888 3541 959; x_wconf 78' lang='grc' dir='ltr'><strong>ἠ</strong></span> <span class='ocrx_word' id='word_1_118' title='bbox 3572 885 3682 958; x_wconf 77' lang='grc'><strong>(14)</strong></span> 
     </span>
    </p>
   </div>
   <div class='ocr_carea' id='block_1_18' title="bbox 2109 977 3687 1054">
    <p class='ocr_par' dir='ltr' id='par_1_18' title="bbox 2109 977 3687 1054">
     <span class='ocr_line' id='line_1_18' title="bbox 2109 977 3687 1054; baseline -0.004 -17"><span class='ocrx_word' id='word_1_119' title='bbox 2109 984 2232 1038; x_wconf 86' lang='grc' dir='ltr'><strong>τότε</strong></span> <span class='ocrx_word' id='word_1_120' title='bbox 2267 983 2479 1052; x_wconf 78' lang='grc' dir='ltr'><strong>γίνεται</strong></span> <span class='ocrx_word' id='word_1_121' title='bbox 2517 983 2700 1054; x_wconf 84' lang='grc' dir='ltr'><strong>μόνον,</strong></span> <span class='ocrx_word' id='word_1_122' title='bbox 2746 982 2875 1036; x_wconf 83' lang='grc' dir='ltr'><strong>ὅταν</strong></span> <span class='ocrx_word' id='word_1_123' title='bbox 2912 981 3024 1053; x_wconf 83' lang='grc'><strong>(15)</strong></span> <span class='ocrx_word' id='word_1_124' title='bbox 3063 979 3140 1052; x_wconf 83' lang='grc' dir='ltr'><strong>μὴ</strong></span> <span class='ocrx_word' id='word_1_125' title='bbox 3193 982 3343 1052; x_wconf 75' lang='grc' dir='ltr'><strong>παρῇ</strong></span> <span class='ocrx_word' id='word_1_126' title='bbox 3392 979 3455 1032; x_wconf 85' lang='grc' dir='ltr'><strong>τὺ</strong></span> <span class='ocrx_word' id='word_1_127' title='bbox 3497 977 3687 1031; x_wconf 70' lang='lat' dir='ltr'><strong>meati-</strong></span> 
     </span>
    </p>
   </div>
   <div class='ocr_carea' id='block_1_19' title="bbox 2110 1089 2290 1145">
    <p class='ocr_par' dir='ltr' id='par_1_19' title="bbox 2110 1089 2290 1145">
     <span class='ocr_line' id='line_1_19' title="bbox 2110 1089 2290 1145; baseline 0 -18"><span class='ocrx_word' id='word_1_128' title='bbox 2110 1089 2290 1145; x_wconf 81' lang='grc' dir='ltr'><strong>μενον.</strong></span> 
     </span>
    </p>
   </div>
   <div class='ocr_carea' id='block_1_20' title="bbox 435 1159 3680 1234">
    <p class='ocr_par' dir='ltr' id='par_1_20' title="bbox 435 1159 3680 1234">
     <span class='ocr_line' id='line_1_20' title="bbox 435 1159 3680 1234; baseline -0 -17"><span class='ocrx_word' id='word_1_129' title='bbox 435 1166 596 1218; x_wconf 86' lang='lat' dir='ltr'><strong>etiam</strong></span> <span class='ocrx_word' id='word_1_130' title='bbox 633 1165 892 1229; x_wconf 84' lang='lat' dir='ltr'><strong>animam,</strong></span> <span class='ocrx_word' id='word_1_131' title='bbox 935 1181 1058 1220; x_wconf 90' lang='lat' dir='ltr'><strong>cum</strong></span> <span class='ocrx_word' id='word_1_132' title='bbox 1100 1181 1165 1220; x_wconf 92' lang='lat' dir='ltr'><strong>eo</strong></span> <span class='ocrx_word' id='word_1_133' title='bbox 1220 1165 1475 1229; x_wconf 80' lang='lat' dir='ltr'><strong>evaserit,</strong></span> <span class='ocrx_word' id='word_1_134' title='bbox 1523 1165 1615 1218; x_wconf 91' lang='lat' dir='ltr'><strong>ubi</strong></span> <span class='ocrx_word' id='word_1_135' title='bbox 1655 1164 1734 1218; x_wconf 89' lang='lat' dir='ltr'><strong>rei</strong></span> <span class='ocrx_word' id='word_1_136' title='bbox 1781 1163 1987 1218; x_wconf 88' lang='lat' dir='ltr'><strong>nullius</strong></span> <span class='ocrx_word' id='word_1_137' title='bbox 2027 1164 2241 1234; x_wconf 75' lang='lat' dir='ltr'><strong>egestas</strong></span> <span class='ocrx_word' id='word_1_138' title='bbox 2283 1171 2406 1226; x_wconf 90' lang='lat' dir='ltr'><strong>est,</strong></span> <span class='ocrx_word' id='word_1_139' title='bbox 2441 1178 2506 1217; x_wconf 76' lang='lat' dir='ltr'><strong>ex</strong></span> <span class='ocrx_word' id='word_1_140' title='bbox 2567 1177 2686 1218; x_wconf 89' lang='lat' dir='ltr'><strong>sese</strong></span> <span class='ocrx_word' id='word_1_141' title='bbox 2723 1161 2922 1232; x_wconf 87' lang='lat' dir='ltr'><strong>ejicere</strong></span> <span class='ocrx_word' id='word_1_142' title='bbox 2972 1175 3191 1232; x_wconf 90' lang='lat' dir='ltr'><strong>quoque</strong></span> <span class='ocrx_word' id='word_1_143' title='bbox 3253 1159 3680 1230; x_wconf 84' lang='lat' dir='ltr'><strong>concupiscendi</strong></span> 
     </span>
    </p>
   </div>
   <div class='ocr_carea' id='block_1_21' title="bbox 435 1253 3287 1327">
    <p class='ocr_par' dir='ltr' id='par_1_21' title="bbox 435 1253 3287 1327">
     <span class='ocr_line' id='line_1_21' title="bbox 435 1253 3287 1327; baseline -0.001 -18"><span class='ocrx_word' id='word_1_144' title='bbox 435 1264 640 1309; x_wconf 88' lang='lat' dir='ltr'><strong>motmu</strong></span> <span class='ocrx_word' id='word_1_145' title='bbox 681 1265 845 1327; x_wconf 85' lang='lat' dir='ltr'><strong>atque</strong></span> <span class='ocrx_word' id='word_1_146' title='bbox 871 1256 1144 1321; x_wconf 77' lang='lat' dir='ltr'><strong>allectum,</strong></span> <span class='ocrx_word' id='word_1_147' title='bbox 1178 1255 1271 1327; x_wconf 90' lang='lat' dir='ltr'><strong>qui</strong></span> <span class='ocrx_word' id='word_1_148' title='bbox 1295 1263 1426 1310; x_wconf 91' lang='lat' dir='ltr'><strong>tunc</strong></span> <span class='ocrx_word' id='word_1_149' title='bbox 1455 1255 1721 1310; x_wconf 80' lang='lat' dir='ltr'><strong>duntaxat</strong></span> <span class='ocrx_word' id='word_1_150' title='bbox 1753 1255 1994 1322; x_wconf 81' lang='lat' dir='ltr'><strong>exsistit,</strong></span> <span class='ocrx_word' id='word_1_151' title='bbox 2033 1271 2158 1312; x_wconf 89' lang='lat' dir='ltr'><strong>cum</strong></span> <span class='ocrx_word' id='word_1_152' title='bbox 2195 1271 2302 1311; x_wconf 89' lang='lat' dir='ltr'><strong>non</strong></span> <span class='ocrx_word' id='word_1_153' title='bbox 2347 1255 2584 1310; x_wconf 80' lang='lat' dir='ltr'><strong>adfuerit</strong></span> <span class='ocrx_word' id='word_1_154' title='bbox 2631 1255 2684 1310; x_wconf 91' lang='lat' dir='ltr'><strong>id</strong></span> <span class='ocrx_word' id='word_1_155' title='bbox 2732 1254 2878 1324; x_wconf 85' lang='lat' dir='ltr'><strong>quod</strong></span> <span class='ocrx_word' id='word_1_156' title='bbox 2927 1253 3287 1309; x_wconf 80' lang='lat' dir='ltr'><strong>desideratur.</strong></span> 
     </span>
    </p>
   </div>
   <div class='ocr_carea' id='block_1_22' title="bbox 504 1405 2004 1480">
    <p class='ocr_par' dir='ltr' id='par_1_22' title="bbox 504 1405 2004 1480">
     <span class='ocr_line' id='line_1_22' title="bbox 504 1405 2004 1480; baseline 0.004 -21"><span class='ocrx_word' id='word_1_157' title='bbox 504 1405 652 1464; x_wconf 85' lang='lat' dir='ltr'><strong>Talis</strong></span> <span class='ocrx_word' id='word_1_158' title='bbox 694 1417 877 1462; x_wconf 89' lang='lat' dir='ltr'><strong>autem</strong></span> <span class='ocrx_word' id='word_1_159' title='bbox 937 1409 1200 1464; x_wconf 69' lang='lat' dir='ltr'><strong>doctrinae</strong></span> <span class='ocrx_word' id='word_1_160' title='bbox 1239 1417 1405 1480; x_wconf 90' lang='lat' dir='ltr'><strong>atque</strong></span> <span class='ocrx_word' id='word_1_161' title='bbox 1449 1409 1736 1471; x_wconf 69' lang='lat' dir='ltr'><strong>sententia:</strong></span> <span class='ocrx_word' id='word_1_162' title='bbox 1783 1408 2004 1465; x_wconf 86' lang='lat' dir='ltr'><strong>divinus</strong></span> 
     </span>
    </p>
   </div>
   <div class='ocr_carea' id='block_1_23' title="bbox 432 1499 2001 1570">
    <p class='ocr_par' dir='ltr' id='par_1_23' title="bbox 432 1499 2001 1570">
     <span class='ocr_line' id='line_1_23' title="bbox 432 1499 2001 1570; baseline 0.001 -19"><span class='ocrx_word' id='word_1_163' title='bbox 432 1514 650 1568; x_wconf 89' lang='lat' dir='ltr'><strong>quoque</strong></span> <span class='ocrx_word' id='word_1_164' title='bbox 697 1499 856 1555; x_wconf 89' lang='lat' dir='ltr'><strong>nobis</strong></span> <span class='ocrx_word' id='word_1_165' title='bbox 913 1500 1208 1570; x_wconf 81' lang='lat' dir='ltr'><strong>Apostolus</strong></span> <span class='ocrx_word' id='word_1_166' title='bbox 1267 1509 1461 1554; x_wconf 86' lang='lat' dir='ltr'><strong>auctor</strong></span> <span class='ocrx_word' id='word_1_167' title='bbox 1512 1507 1615 1554; x_wconf 91' lang='lat' dir='ltr'><strong>est.</strong></span> <span class='ocrx_word' id='word_1_168' title='bbox 1668 1500 1805 1554; x_wconf 83' lang='lat' dir='ltr'><strong>Cum</strong></span> <span class='ocrx_word' id='word_1_169' title='bbox 1854 1499 2001 1554; x_wconf 91' lang='lat' dir='ltr'><strong>enim</strong></span> 
     </span>
    </p>
   </div>
   <div class='ocr_carea' id='block_1_24' title="bbox 431 1589 2003 1662">
    <p class='ocr_par' dir='ltr' id='par_1_24' title="bbox 431 1589 2003 1662">
     <span class='ocr_line' id='line_1_24' title="bbox 431 1589 2003 1662; baseline -0.003 -15"><span class='ocrx_word' id='word_1_170' title='bbox 431 1589 672 1647; x_wconf 88' lang='lat' dir='ltr'><strong>omnium</strong></span> <span class='ocrx_word' id='word_1_171' title='bbox 717 1607 898 1646; x_wconf 90' lang='lat' dir='ltr'><strong>rerum</strong></span> <span class='ocrx_word' id='word_1_172' title='bbox 943 1607 1173 1662; x_wconf 84' lang='lat' dir='ltr'><strong>quarum</strong></span> <span class='ocrx_word' id='word_1_173' title='bbox 1226 1606 1372 1646; x_wconf 92' lang='lat' dir='ltr'><strong>nunc</strong></span> <span class='ocrx_word' id='word_1_174' title='bbox 1417 1592 1468 1645; x_wconf 89' lang='lat' dir='ltr'><strong>in</strong></span> <span class='ocrx_word' id='word_1_175' title='bbox 1509 1591 1669 1647; x_wconf 87' lang='lat' dir='ltr'><strong>nobis</strong></span> <span class='ocrx_word' id='word_1_176' title='bbox 1693 1589 1823 1646; x_wconf 88' lang='lat' dir='ltr'><strong>boni</strong></span> <span class='ocrx_word' id='word_1_177' title='bbox 1865 1606 2003 1659; x_wconf 86' lang='lat' dir='ltr'><strong>quo-</strong></span> 
     </span>
    </p>
   </div>
   <div class='ocr_carea' id='block_1_25' title="bbox 430 1679 2000 1752">
    <p class='ocr_par' dir='ltr' id='par_1_25' title="bbox 430 1679 2000 1752">
     <span class='ocr_line' id='line_1_25' title="bbox 430 1679 2000 1752; baseline -0.001 -18"><span class='ocrx_word' id='word_1_178' title='bbox 430 1695 539 1752; x_wconf 87' lang='lat' dir='ltr'><strong>que</strong></span> <span class='ocrx_word' id='word_1_179' title='bbox 580 1696 747 1736; x_wconf 89' lang='lat' dir='ltr'><strong>causa</strong></span> <span class='ocrx_word' id='word_1_180' title='bbox 787 1681 966 1737; x_wconf 87' lang='lat' dir='ltr'><strong>studia</strong></span> <span class='ocrx_word' id='word_1_181' title='bbox 1026 1681 1211 1752; x_wconf 78' lang='lat' dir='ltr'><strong>vigent</strong></span> <span class='ocrx_word' id='word_1_182' title='bbox 1260 1680 1608 1736; x_wconf 85' lang='lat' dir='ltr'><strong>abolitionem</strong></span> <span class='ocrx_word' id='word_1_183' title='bbox 1674 1687 1728 1735; x_wconf 87' lang='lat' dir='ltr'><strong>et</strong></span> <span class='ocrx_word' id='word_1_184' title='bbox 1766 1679 2000 1750; x_wconf 79' lang='lat' dir='ltr'><strong>quietem</strong></span> 
     </span>
    </p>
   </div>
   <div class='ocr_carea' id='block_1_26' title="bbox 430 1761 2003 1843">
    <p class='ocr_par' dir='ltr' id='par_1_26' title="bbox 430 1761 2003 1843">
     <span class='ocr_line' id='line_1_26' title="bbox 430 1761 2003 1843; baseline -0.001 -18"><span class='ocrx_word' id='word_1_185' title='bbox 430 1771 724 1842; x_wconf 80' lang='lat' dir='ltr'><strong>quamdam</strong></span> <span class='ocrx_word' id='word_1_186' title='bbox 760 1781 922 1843; x_wconf 90' lang='lat' dir='ltr'><strong>atque</strong></span> <span class='ocrx_word' id='word_1_187' title='bbox 964 1772 1297 1828; x_wconf 82' lang='lat' dir='ltr'><strong>sedationem</strong></span> <span class='ocrx_word' id='word_1_188' title='bbox 1335 1782 1390 1828; x_wconf 92' lang='lat' dir='ltr'><strong>et</strong></span> <span class='ocrx_word' id='word_1_189' title='bbox 1413 1771 1572 1826; x_wconf 91' lang='lat' dir='ltr'><strong>ﬁnem</strong></span> <span class='ocrx_word' id='word_1_190' title='bbox 1603 1761 1846 1825; x_wconf 82' lang='lat' dir='ltr'><strong>futurum</strong></span> <span class='ocrx_word' id='word_1_191' title='bbox 1876 1778 2003 1824; x_wconf 86' lang='lat' dir='ltr'><strong>ante</strong></span> 
     </span>
    </p>
   </div>
   <div class='ocr_carea' id='block_1_27' title="bbox 2174 1405 3680 1479">
    <p class='ocr_par' dir='ltr' id='par_1_27' title="bbox 2174 1405 3680 1479">
     <span class='ocr_line' id='line_1_27' title="bbox 2174 1405 3680 1479; baseline -0.003 -17"><span class='ocrx_word' id='word_1_192' title='bbox 2174 1409 2281 1462; x_wconf 81' lang='grc' dir='ltr'><strong>Τοῦ</strong></span> <span class='ocrx_word' id='word_1_193' title='bbox 2310 1409 2367 1462; x_wconf 80' lang='grc' dir='ltr'><strong>δὲ</strong></span> <span class='ocrx_word' id='word_1_194' title='bbox 2398 1409 2492 1463; x_wconf 86' lang='grc' dir='ltr'><strong>τοῦ</strong></span> <span class='ocrx_word' id='word_1_195' title='bbox 2520 1409 2760 1464; x_wconf 85' lang='grc' dir='ltr'><strong>τοιούτου</strong></span> <span class='ocrx_word' id='word_1_196' title='bbox 2780 1410 3046 1479; x_wconf 85' lang='grc' dir='ltr'><strong>δόγματος</strong></span> <span class='ocrx_word' id='word_1_197' title='bbox 3067 1409 3159 1461; x_wconf 76' lang='grc' dir='ltr'><strong>καὶ</strong></span> <span class='ocrx_word' id='word_1_198' title='bbox 3187 1409 3215 1460; x_wconf 85' lang='grc' dir='ltr'>ὁ</span> <span class='ocrx_word' id='word_1_199' title='bbox 3245 1407 3385 1470; x_wconf 80' lang='grc' dir='ltr'><strong>θεῖος</strong></span> <span class='ocrx_word' id='word_1_200' title='bbox 3423 1405 3680 1459; x_wconf 80' lang='grc' dir='ltr'><strong>’Λπόστο-</strong></span> 
     </span>
    </p>
   </div>
   <div class='ocr_carea' id='block_1_28' title="bbox 2104 1484 3681 1570">
    <p class='ocr_par' dir='ltr' id='par_1_28' title="bbox 2104 1484 3681 1570">
     <span class='ocr_line' id='line_1_28' title="bbox 2104 1484 3681 1570; baseline -0.001 -20"><span class='ocrx_word' id='word_1_201' title='bbox 2104 1498 2195 1561; x_wconf 83' lang='grc' dir='ltr'><strong>λος</strong></span> <span class='ocrx_word' id='word_1_202' title='bbox 2218 1499 2349 1569; x_wconf 80' lang='grc' dir='ltr'><strong>ἡμῖν</strong></span> <span class='ocrx_word' id='word_1_203' title='bbox 2381 1499 2767 1570; x_wconf 80' lang='grc' dir='ltr'><strong>καθηγήσατο,</strong></span> <span class='ocrx_word' id='word_1_204' title='bbox 2814 1484 3032 1552; x_wconf 81' lang='grc' dir='ltr'><strong>πάντων</strong></span> <span class='ocrx_word' id='word_1_205' title='bbox 3061 1498 3171 1550; x_wconf 86' lang='grc' dir='ltr'><strong>τῶν</strong></span> <span class='ocrx_word' id='word_1_206' title='bbox 3203 1497 3297 1550; x_wconf 78' lang='grc' dir='ltr'><strong>νῦν</strong></span> <span class='ocrx_word' id='word_1_207' title='bbox 3341 1499 3399 1550; x_wconf 82' lang='grc' dir='ltr'><strong>ἐν</strong></span> <span class='ocrx_word' id='word_1_208' title='bbox 3421 1493 3552 1568; x_wconf 78' lang='grc' dir='ltr'><strong>ἡμῖν</strong></span> <span class='ocrx_word' id='word_1_209' title='bbox 3584 1496 3681 1549; x_wconf 80' lang='grc' dir='ltr'><strong>καὶ</strong></span> 
     </span>
    </p>
   </div>
   <div class='ocr_carea' id='block_1_29' title="bbox 2105 1587 3721 1662">
    <p class='ocr_par' dir='ltr' id='par_1_29' title="bbox 2105 1587 3721 1662">
     <span class='ocr_line' id='line_1_29' title="bbox 2105 1587 3721 1662; baseline -0.005 -18"><span class='ocrx_word' id='word_1_210' title='bbox 2105 1590 2199 1644; x_wconf 75' lang='grc' dir='ltr'><strong>ἐπὶ</strong></span> <span class='ocrx_word' id='word_1_211' title='bbox 2235 1588 2314 1660; x_wconf 83' lang='grc' dir='ltr'><strong>τῷ</strong></span> <span class='ocrx_word' id='word_1_212' title='bbox 2370 1591 2638 1662; x_wconf 80' lang='grc' dir='ltr'><strong>κρείττονι</strong></span> <span class='ocrx_word' id='word_1_213' title='bbox 2676 1588 3127 1660; x_wconf 79' lang='grc' dir='ltr'><strong>σπουδαζομένων</strong></span> <span class='ocrx_word' id='word_1_214' title='bbox 3171 1587 3381 1641; x_wconf 84' lang='grc' dir='ltr'><strong>παῦλάν</strong></span> <span class='ocrx_word' id='word_1_215' title='bbox 3427 1603 3550 1642; x_wconf 87' lang='grc' dir='ltr'><strong>τινα</strong></span> <span class='ocrx_word' id='word_1_216' title='bbox 3583 1587 3681 1640; x_wconf 74' lang='grc' dir='ltr'><strong>καὶ</strong></span> <span class='ocrx_word' id='word_1_217' title='bbox 3709 1629 3721 1636; x_wconf 92' lang='grc'><strong>.</strong></span> 
     </span>
    </p>
   </div>
   <div class='ocr_carea' id='block_1_30' title="bbox 2104 1678 3678 1750">
    <p class='ocr_par' dir='ltr' id='par_1_30' title="bbox 2104 1678 3678 1750">
     <span class='ocr_line' id='line_1_30' title="bbox 2104 1678 3678 1750; baseline 0.005 -18"><span class='ocrx_word' id='word_1_218' title='bbox 2104 1679 2439 1750; x_wconf 83' lang='grc' dir='ltr'><strong>καταστολὴν</strong></span> <span class='ocrx_word' id='word_1_219' title='bbox 2471 1679 2836 1750; x_wconf 73' lang='grc' dir='ltr'><strong>προαγγείλας</strong></span> <span class='ocrx_word' id='word_1_220' title='bbox 2855 1723 2870 1748; x_wconf 86' lang='grc'>,</span> <span class='ocrx_word' id='word_1_221' title='bbox 2913 1680 3080 1750; x_wconf 88' lang='grc' dir='ltr'><strong>μόνης</strong></span> <span class='ocrx_word' id='word_1_222' title='bbox 3110 1678 3167 1732; x_wconf 84' lang='grc' dir='ltr'><strong>δὲ</strong></span> <span class='ocrx_word' id='word_1_223' title='bbox 3191 1679 3304 1749; x_wconf 83' lang='grc'><strong>(16)</strong></span> <span class='ocrx_word' id='word_1_224' title='bbox 3334 1679 3432 1749; x_wconf 85' lang='grc' dir='ltr'><strong>τῆς</strong></span> <span class='ocrx_word' id='word_1_225' title='bbox 3459 1678 3678 1747; x_wconf 78' lang='grc' dir='ltr'><strong>ἀγάπης</strong></span> 
     </span>
    </p>
   </div>
   <div class='ocr_carea' id='block_1_31' title="bbox 2105 1767 3678 1841">
    <p class='ocr_par' dir='ltr' id='par_1_31' title="bbox 2105 1767 3678 1841">
     <span class='ocr_line' id='line_1_31' title="bbox 2105 1767 3678 1841; baseline -0.001 -21"><span class='ocrx_word' id='word_1_226' title='bbox 2105 1768 2201 1838; x_wconf 80' lang='grc' dir='ltr'><strong>οὐχ</strong></span> <span class='ocrx_word' id='word_1_227' title='bbox 2230 1769 2406 1840; x_wconf 81' lang='grc' dir='ltr'><strong>εὑρὼν</strong></span> <span class='ocrx_word' id='word_1_228' title='bbox 2438 1769 2550 1841; x_wconf 89' lang='grc'><strong>(17)</strong></span> <span class='ocrx_word' id='word_1_229' title='bbox 2575 1772 2663 1823; x_wconf 77' lang='grc' dir='ltr'><strong>τὸν</strong></span> <span class='ocrx_word' id='word_1_230' title='bbox 2680 1771 2824 1840; x_wconf 85' lang='grc' dir='ltr'><strong>ὅρον.</strong></span> <span class='ocrx_word' id='word_1_231' title='bbox 2844 1771 3174 1841; x_wconf 82' lang='grc' dir='ltr'><strong>Προφητεῖαι</strong></span> <span class='ocrx_word' id='word_1_232' title='bbox 3199 1768 3328 1839; x_wconf 82' lang='grc' dir='ltr'><strong>γὰρ,</strong></span> <span class='ocrx_word' id='word_1_233' title='bbox 3359 1767 3515 1837; x_wconf 73' lang='grc' dir='ltr'><strong>φησὶ,</strong></span> <span class='ocrx_word' id='word_1_234' title='bbox 3544 1783 3678 1820; x_wconf 67' lang='grc' dir='ltr'><strong>κατα</strong></span> 
     </span>
    </p>
   </div>
   <div class='ocr_carea' id='block_1_32' title="bbox 430 1847 1997 1931">
    <p class='ocr_par' dir='ltr' id='par_1_32' title="bbox 430 1862 1997 1928">
     <span class='ocr_line' id='line_1_32' title="bbox 430 1862 1997 1928; baseline -0.001 -11"><span class='ocrx_word' id='word_1_235' title='bbox 430 1863 832 1928; x_wconf 84' lang='lat' dir='ltr'><strong>dcnnntiasset,</strong></span> <span class='ocrx_word' id='word_1_236' title='bbox 893 1863 1066 1919; x_wconf 90' lang='lat' dir='ltr'><strong>solius</strong></span> <span class='ocrx_word' id='word_1_237' title='bbox 1107 1863 1420 1918; x_wconf 85' lang='lat' dir='ltr'><strong>dilectionis</strong></span> <span class='ocrx_word' id='word_1_238' title='bbox 1465 1871 1520 1917; x_wconf 87' lang='lat' dir='ltr'><strong>et</strong></span> <span class='ocrx_word' id='word_1_239' title='bbox 1564 1862 1848 1918; x_wconf 87' lang='lat' dir='ltr'><strong>charitatis</strong></span> <span class='ocrx_word' id='word_1_240' title='bbox 1889 1871 1997 1918; x_wconf 86' lang='lat' dir='ltr'><strong>ter-</strong></span> 
     </span>
    </p>
   </div>
   <div class='ocr_carea' id='block_1_33' title="bbox 2101 1847 3680 1931">
    <p class='ocr_par' dir='ltr' id='par_1_33' title="bbox 2102 1857 3680 1931">
     <span class='ocr_line' id='line_1_33' title="bbox 2102 1857 3680 1931; baseline -0.003 -17"><span class='ocrx_word' id='word_1_241' title='bbox 2102 1859 2540 1931; x_wconf 81' lang='grc' dir='ltr'><strong>αργηθήσονται,</strong></span> <span class='ocrx_word' id='word_1_242' title='bbox 2590 1861 2686 1915; x_wconf 74' lang='grc' dir='ltr'><strong>καὶ</strong></span> <span class='ocrx_word' id='word_1_243' title='bbox 2741 1860 2969 1930; x_wconf 87' lang='grc' dir='ltr'><strong>γνώσεις</strong></span> <span class='ocrx_word' id='word_1_244' title='bbox 3019 1861 3131 1930; x_wconf 83' lang='grc'><strong>(18)</strong></span> <span class='ocrx_word' id='word_1_245' title='bbox 3171 1859 3490 1913; x_wconf 85' lang='grc' dir='ltr'><strong>παύσονται·</strong></span> <span class='ocrx_word' id='word_1_246' title='bbox 3539 1858 3574 1928; x_wconf 79' lang='grc' dir='ltr'>ὴ</span> <span class='ocrx_word' id='word_1_247' title='bbox 3620 1857 3680 1910; x_wconf 74' lang='grc' dir='ltr'><strong>δὲ</strong></span> 
     </span>
    </p>
   </div>
   <div class='ocr_carea' id='block_1_34' title="bbox 431 1951 1999 2024">
    <p class='ocr_par' dir='ltr' id='par_1_34' title="bbox 431 1951 1999 2024">
     <span class='ocr_line' id='line_1_34' title="bbox 431 1951 1999 2024; baseline 0.003 -18"><span class='ocrx_word' id='word_1_248' title='bbox 431 1952 640 2006; x_wconf 87' lang='lat' dir='ltr'><strong>minum</strong></span> <span class='ocrx_word' id='word_1_249' title='bbox 689 1968 796 2007; x_wconf 91' lang='lat' dir='ltr'><strong>non</strong></span> <span class='ocrx_word' id='word_1_250' title='bbox 842 1951 1068 2008; x_wconf 83' lang='lat' dir='ltr'><strong>invenit.</strong></span> <span class='ocrx_word' id='word_1_251' title='bbox 1105 1953 1237 2007; x_wconf 84' lang='lat' dir='ltr'><strong>Nam</strong></span> <span class='ocrx_word' id='word_1_252' title='bbox 1280 1953 1576 2024; x_wconf 77' lang='lat' dir='ltr'><strong>prophetia:</strong></span> <span class='ocrx_word' id='word_1_253' title='bbox 1618 1953 1999 2010; x_wconf 86' lang='lat' dir='ltr'><strong>abolebuntnr.</strong></span> 
     </span>
    </p>
   </div>
   <div class='ocr_carea' id='block_1_35' title="bbox 429 2042 2002 2116">
    <p class='ocr_par' dir='ltr' id='par_1_35' title="bbox 429 2042 2002 2116">
     <span class='ocr_line' id='line_1_35' title="bbox 429 2042 2002 2116; baseline 0.001 -19"><span class='ocrx_word' id='word_1_254' title='bbox 429 2042 630 2114; x_wconf 87' lang='lat' dir='ltr'><strong>inquit,</strong></span> <span class='ocrx_word' id='word_1_255' title='bbox 679 2052 734 2100; x_wconf 88' lang='lat' dir='ltr'><strong>et</strong></span> <span class='ocrx_word' id='word_1_256' title='bbox 779 2045 1124 2116; x_wconf 79' lang='lat' dir='ltr'><strong>cognitiones</strong></span> <span class='ocrx_word' id='word_1_257' title='bbox 1167 2053 1223 2100; x_wconf 89' lang='lat' dir='ltr'><strong>et</strong></span> <span class='ocrx_word' id='word_1_258' title='bbox 1275 2045 1521 2100; x_wconf 79' lang='lat' dir='ltr'><strong>scientiae</strong></span> <span class='ocrx_word' id='word_1_259' title='bbox 1577 2044 1883 2114; x_wconf 84' lang='lat' dir='ltr'><strong>quiescent,</strong></span> <span class='ocrx_word' id='word_1_260' title='bbox 1945 2049 2002 2099; x_wconf 90' lang='lat' dir='ltr'><strong>et</strong></span> 
     </span>
    </p>
   </div>
   <div class='ocr_carea' id='block_1_36' title="bbox 433 2135 2002 2202">
    <p class='ocr_par' dir='ltr' id='par_1_36' title="bbox 433 2135 2002 2202">
     <span class='ocr_line' id='line_1_36' title="bbox 433 2135 2002 2202; baseline -0.001 -11"><span class='ocrx_word' id='word_1_261' title='bbox 433 2135 596 2191; x_wconf 90' lang='lat' dir='ltr'><strong>ﬁnem</strong></span> <span class='ocrx_word' id='word_1_262' title='bbox 653 2135 962 2202; x_wconf 87' lang='lat' dir='ltr'><strong>habebunt;</strong></span> <span class='ocrx_word' id='word_1_263' title='bbox 995 2137 1237 2192; x_wconf 86' lang='lat' dir='ltr'><strong>cbaritas</strong></span> <span class='ocrx_word' id='word_1_264' title='bbox 1282 2144 1464 2191; x_wconf 91' lang='lat' dir='ltr'><strong>autem</strong></span> <span class='ocrx_word' id='word_1_265' title='bbox 1495 2151 1560 2191; x_wconf 92' lang='lat' dir='ltr'><strong>ac</strong></span> <span class='ocrx_word' id='word_1_266' title='bbox 1604 2136 1826 2192; x_wconf 88' lang='lat' dir='ltr'><strong>dilectio</strong></span> <span class='ocrx_word' id='word_1_267' title='bbox 1859 2151 2002 2190; x_wconf 89' lang='lat' dir='ltr'><strong>nun-</strong></span> 
     </span>
    </p>
   </div>
   <div class='ocr_carea' id='block_1_37' title="bbox 430 2212 1997 2298">
    <p class='ocr_par' dir='ltr' id='par_1_37' title="bbox 430 2212 1997 2298">
     <span class='ocr_line' id='line_1_37' title="bbox 430 2212 1997 2298; baseline 0 -17"><span class='ocrx_word' id='word_1_268' title='bbox 430 2242 594 2298; x_wconf 85' lang='lat' dir='ltr'><strong>quam</strong></span> <span class='ocrx_word' id='word_1_269' title='bbox 639 2227 862 2284; x_wconf 81' lang='lat' dir='ltr'><strong>excidit.</strong></span> <span class='ocrx_word' id='word_1_270' title='bbox 911 2226 1066 2293; x_wconf 87' lang='lat' dir='ltr'><strong>Quod</strong></span> <span class='ocrx_word' id='word_1_271' title='bbox 1117 2226 1342 2297; x_wconf 86' lang='lat' dir='ltr'><strong>perinde</strong></span> <span class='ocrx_word' id='word_1_272' title='bbox 1393 2233 1476 2282; x_wconf 88' lang='lat' dir='ltr'><strong>est</strong></span> <span class='ocrx_word' id='word_1_273' title='bbox 1530 2241 1595 2282; x_wconf 88' lang='lat' dir='ltr'><strong>ac</strong></span> <span class='ocrx_word' id='word_1_274' title='bbox 1639 2227 1685 2283; x_wconf 90' lang='lat' dir='ltr'><strong>si</strong></span> <span class='ocrx_word' id='word_1_275' title='bbox 1745 2212 1997 2292; x_wconf 78' lang='lat' dir='ltr'><strong>dixisset,</strong></span> 
     </span>
    </p>
   </div>
   <div class='ocr_carea' id='block_1_38' title="bbox 430 2316 1997 2388">
    <p class='ocr_par' dir='ltr' id='par_1_38' title="bbox 430 2316 1997 2388">
     <span class='ocr_line' id='line_1_38' title="bbox 430 2316 1997 2388; baseline -0.001 -16"><span class='ocrx_word' id='word_1_276' title='bbox 430 2316 660 2388; x_wconf 87' lang='lat' dir='ltr'><strong>Semper</strong></span> <span class='ocrx_word' id='word_1_277' title='bbox 691 2317 879 2373; x_wconf 89' lang='lat' dir='ltr'><strong>eadem</strong></span> <span class='ocrx_word' id='word_1_278' title='bbox 910 2326 1027 2384; x_wconf 88' lang='lat' dir='ltr'><strong>est;</strong></span> <span class='ocrx_word' id='word_1_279' title='bbox 1050 2317 1182 2387; x_wconf 90' lang='lat' dir='ltr'><strong>quin</strong></span> <span class='ocrx_word' id='word_1_280' title='bbox 1212 2319 1376 2372; x_wconf 92' lang='lat' dir='ltr'><strong>etiam</strong></span> <span class='ocrx_word' id='word_1_281' title='bbox 1410 2331 1532 2372; x_wconf 92' lang='lat' dir='ltr'><strong>cum</strong></span> <span class='ocrx_word' id='word_1_282' title='bbox 1562 2316 1720 2372; x_wconf 90' lang='lat' dir='ltr'><strong>ﬁdem</strong></span> <span class='ocrx_word' id='word_1_283' title='bbox 1765 2325 1819 2372; x_wconf 93' lang='lat' dir='ltr'><strong>et</strong></span> <span class='ocrx_word' id='word_1_284' title='bbox 1849 2329 1997 2387; x_wconf 80' lang='lat' dir='ltr'><strong>Spem</strong></span> 
     </span>
    </p>
   </div>
   <div class='ocr_carea' id='block_1_39' title="bbox 429 2408 2000 2478">
    <p class='ocr_par' dir='ltr' id='par_1_39' title="bbox 429 2408 2000 2478">
     <span class='ocr_line' id='line_1_39' title="bbox 429 2408 2000 2478; baseline 0 -14"><span class='ocrx_word' id='word_1_285' title='bbox 429 2425 537 2464; x_wconf 85' lang='lat' dir='ltr'><strong>una</strong></span> <span class='ocrx_word' id='word_1_286' title='bbox 571 2424 697 2464; x_wconf 91' lang='lat' dir='ltr'><strong>cum</strong></span> <span class='ocrx_word' id='word_1_287' title='bbox 740 2409 1010 2464; x_wconf 88' lang='lat' dir='ltr'><strong>cbaritate</strong></span> <span class='ocrx_word' id='word_1_288' title='bbox 1046 2417 1208 2478; x_wconf 89' lang='lat' dir='ltr'><strong>atque</strong></span> <span class='ocrx_word' id='word_1_289' title='bbox 1245 2408 1539 2464; x_wconf 85' lang='lat' dir='ltr'><strong>dilectione</strong></span> <span class='ocrx_word' id='word_1_290' title='bbox 1570 2423 1889 2478; x_wconf 83' lang='lat' dir='ltr'><strong>permanere</strong></span> <span class='ocrx_word' id='word_1_291' title='bbox 1917 2408 2000 2464; x_wconf 87' lang='lat' dir='ltr'><strong>di-</strong></span> 
     </span>
    </p>
   </div>
   <div class='ocr_carea' id='block_1_40' title="bbox 427 2497 1999 2570">
    <p class='ocr_par' dir='ltr' id='par_1_40' title="bbox 427 2497 1999 2570">
     <span class='ocr_line' id='line_1_40' title="bbox 427 2497 1999 2570; baseline 0 -16"><span class='ocrx_word' id='word_1_292' title='bbox 427 2505 599 2562; x_wconf 88' lang='lat' dir='ltr'><strong>ceret,</strong></span> <span class='ocrx_word' id='word_1_293' title='bbox 646 2514 844 2554; x_wconf 83' lang='lat' dir='ltr'><strong>rnrsus</strong></span> <span class='ocrx_word' id='word_1_294' title='bbox 880 2513 999 2553; x_wconf 90' lang='lat' dir='ltr'><strong>eam</strong></span> <span class='ocrx_word' id='word_1_295' title='bbox 1037 2498 1201 2553; x_wconf 86' lang='lat' dir='ltr'><strong>etiam</strong></span> <span class='ocrx_word' id='word_1_296' title='bbox 1249 2499 1360 2554; x_wconf 87' lang='lat' dir='ltr'><strong>illis</strong></span> <span class='ocrx_word' id='word_1_297' title='bbox 1408 2497 1631 2570; x_wconf 57' lang='lat' dir='ltr'><strong>praefert</strong></span> <span class='ocrx_word' id='word_1_298' title='bbox 1666 2509 1827 2570; x_wconf 86' lang='lat' dir='ltr'><strong>atque</strong></span> <span class='ocrx_word' id='word_1_299' title='bbox 1861 2514 1999 2569; x_wconf 77' lang='lat' dir='ltr'><strong>pra:-</strong></span> 
     </span>
    </p>
   </div>
   <div class='ocr_carea' id='block_1_41' title="bbox 427 2588 1994 2660">
    <p class='ocr_par' dir='ltr' id='par_1_41' title="bbox 427 2588 1994 2660">
     <span class='ocr_line' id='line_1_41' title="bbox 427 2588 1994 2660; baseline 0.001 -17"><span class='ocrx_word' id='word_1_300' title='bbox 427 2590 603 2660; x_wconf 89' lang='lat' dir='ltr'><strong>ponit,</strong></span> <span class='ocrx_word' id='word_1_301' title='bbox 643 2605 823 2659; x_wconf 88' lang='lat' dir='ltr'><strong>neque</strong></span> <span class='ocrx_word' id='word_1_302' title='bbox 857 2589 1084 2658; x_wconf 85' lang='lat' dir='ltr'><strong>injuria.</strong></span> <span class='ocrx_word' id='word_1_303' title='bbox 1123 2588 1256 2644; x_wconf 78' lang='lat' dir='ltr'><strong>Nam</strong></span> <span class='ocrx_word' id='word_1_304' title='bbox 1299 2605 1425 2660; x_wconf 90' lang='lat' dir='ltr'><strong>spes</strong></span> <span class='ocrx_word' id='word_1_305' title='bbox 1467 2591 1686 2647; x_wconf 86' lang='lat' dir='ltr'><strong>interim</strong></span> <span class='ocrx_word' id='word_1_306' title='bbox 1725 2599 1994 2656; x_wconf 85' lang='lat' dir='ltr'><strong>movetur,</strong></span> 
     </span>
    </p>
   </div>
   <div class='ocr_carea' id='block_1_42' title="bbox 425 2678 1998 2749">
    <p class='ocr_par' dir='ltr' id='par_1_42' title="bbox 425 2678 1998 2749">
     <span class='ocr_line' id='line_1_42' title="bbox 425 2678 1998 2749; baseline 0 -15"><span class='ocrx_word' id='word_1_307' title='bbox 425 2678 556 2734; x_wconf 89' lang='lat' dir='ltr'><strong>dum</strong></span> <span class='ocrx_word' id='word_1_308' title='bbox 612 2694 722 2734; x_wconf 84' lang='lat' dir='ltr'><strong>non</strong></span> <span class='ocrx_word' id='word_1_309' title='bbox 778 2679 906 2733; x_wconf 90' lang='lat' dir='ltr'><strong>licet</strong></span> <span class='ocrx_word' id='word_1_310' title='bbox 949 2678 1055 2732; x_wconf 80' lang='lat' dir='ltr'><strong>frui</strong></span> <span class='ocrx_word' id='word_1_311' title='bbox 1112 2685 1276 2748; x_wconf 89' lang='lat' dir='ltr'><strong>atque</strong></span> <span class='ocrx_word' id='word_1_312' title='bbox 1318 2678 1486 2748; x_wconf 90' lang='lat' dir='ltr'><strong>potiri</strong></span> <span class='ocrx_word' id='word_1_313' title='bbox 1543 2679 1612 2735; x_wconf 89' lang='lat' dir='ltr'><strong>iis</strong></span> <span class='ocrx_word' id='word_1_314' title='bbox 1659 2679 1824 2734; x_wconf 90' lang='lat' dir='ltr'><strong>rebus</strong></span> <span class='ocrx_word' id='word_1_315' title='bbox 1877 2694 1998 2749; x_wconf 86' lang='lat' dir='ltr'><strong>quae</strong></span> 
     </span>
    </p>
   </div>
   <div class='ocr_carea' id='block_1_43' title="bbox 426 2767 1997 2841">
    <p class='ocr_par' dir='ltr' id='par_1_43' title="bbox 426 2767 1997 2841">
     <span class='ocr_line' id='line_1_43' title="bbox 426 2767 1997 2841; baseline -0.001 -16"><span class='ocrx_word' id='word_1_316' title='bbox 426 2779 735 2841; x_wconf 87' lang='lat' dir='ltr'><strong>sperantur.</strong></span> <span class='ocrx_word' id='word_1_317' title='bbox 799 2767 865 2823; x_wconf 88' lang='lat' dir='ltr'><strong>Et</strong></span> <span class='ocrx_word' id='word_1_318' title='bbox 907 2768 1094 2823; x_wconf 87' lang='lat' dir='ltr'><strong>itidem</strong></span> <span class='ocrx_word' id='word_1_319' title='bbox 1131 2769 1262 2824; x_wconf 90' lang='lat' dir='ltr'><strong>ﬁdes</strong></span> <span class='ocrx_word' id='word_1_320' title='bbox 1315 2770 1751 2824; x_wconf 87' lang='lat' dir='ltr'><strong>sustentaculum</strong></span> <span class='ocrx_word' id='word_1_321' title='bbox 1793 2783 1856 2824; x_wconf 89' lang='lat' dir='ltr'><strong>ac</strong></span> <span class='ocrx_word' id='word_1_322' title='bbox 1905 2769 1997 2823; x_wconf 89' lang='lat' dir='ltr'><strong>ﬁr-</strong></span> 
     </span>
    </p>
   </div>
   <div class='ocr_carea' id='block_1_44' title="bbox 423 2860 1996 2931">
    <p class='ocr_par' dir='ltr' id='par_1_44' title="bbox 423 2860 1996 2931">
     <span class='ocr_line' id='line_1_44' title="bbox 423 2860 1996 2931; baseline -0.002 -15"><span class='ocrx_word' id='word_1_323' title='bbox 423 2869 760 2916; x_wconf 89' lang='lat' dir='ltr'><strong>mamentum</strong></span> <span class='ocrx_word' id='word_1_324' title='bbox 800 2867 886 2916; x_wconf 90' lang='lat' dir='ltr'><strong>est</strong></span> <span class='ocrx_word' id='word_1_325' title='bbox 930 2860 1339 2916; x_wconf 89' lang='lat' dir='ltr'><strong>incertitndinis</strong></span> <span class='ocrx_word' id='word_1_326' title='bbox 1395 2875 1583 2915; x_wconf 89' lang='lat' dir='ltr'><strong>earnm</strong></span> <span class='ocrx_word' id='word_1_327' title='bbox 1635 2875 1819 2915; x_wconf 89' lang='lat' dir='ltr'><strong>rerum</strong></span> <span class='ocrx_word' id='word_1_328' title='bbox 1874 2874 1996 2931; x_wconf 85' lang='lat' dir='ltr'><strong>quae</strong></span> 
     </span>
    </p>
   </div>
   <div class='ocr_carea' id='block_1_45' title="bbox 423 2949 1992 3021">
    <p class='ocr_par' dir='ltr' id='par_1_45' title="bbox 423 2949 1992 3021">
     <span class='ocr_line' id='line_1_45' title="bbox 423 2949 1992 3021; baseline -0.001 -15"><span class='ocrx_word' id='word_1_329' title='bbox 423 2962 736 3021; x_wconf 86' lang='lat' dir='ltr'><strong>sperantur.</strong></span> <span class='ocrx_word' id='word_1_330' title='bbox 767 2949 903 3004; x_wconf 81' lang='lat' dir='ltr'><strong>Nam</strong></span> <span class='ocrx_word' id='word_1_331' title='bbox 932 2957 984 3004; x_wconf 92' lang='lat' dir='ltr'><strong>et</strong></span> <span class='ocrx_word' id='word_1_332' title='bbox 1016 2950 1089 3003; x_wconf 89' lang='lat' dir='ltr'><strong>ita</strong></span> <span class='ocrx_word' id='word_1_333' title='bbox 1127 2964 1246 3004; x_wconf 89' lang='lat' dir='ltr'><strong>eam</strong></span> <span class='ocrx_word' id='word_1_334' title='bbox 1275 2949 1543 3014; x_wconf 91' lang='lat' dir='ltr'><strong>deﬁnivit,</strong></span> <span class='ocrx_word' id='word_1_335' title='bbox 1574 2965 1696 3004; x_wconf 91' lang='lat' dir='ltr'><strong>cum</strong></span> <span class='ocrx_word' id='word_1_336' title='bbox 1744 2949 1992 3004; x_wconf 86' lang='lat' dir='ltr'><strong>diceret:</strong></span> 
     </span>
    </p>
   </div>
   <div class='ocr_carea' id='block_1_46' title="bbox 421 3039 1988 3111">
    <p class='ocr_par' dir='ltr' id='par_1_46' title="bbox 421 3039 1988 3111">
     <span class='ocr_line' id='line_1_46' title="bbox 421 3039 1988 3111; baseline 0 -17"><span class='ocrx_word' id='word_1_337' title='bbox 421 3040 519 3096; x_wconf 87' lang='lat' dir='ltr'><strong>Est</strong></span> <span class='ocrx_word' id='word_1_338' title='bbox 562 3047 738 3095; x_wconf 86' lang='lat' dir='ltr'><strong>autem</strong></span> <span class='ocrx_word' id='word_1_339' title='bbox 770 3039 903 3096; x_wconf 85' lang='lat' dir='ltr'><strong>ﬁdes</strong></span> <span class='ocrx_word' id='word_1_340' title='bbox 929 3053 1134 3104; x_wconf 90' lang='lat' dir='ltr'><strong>rerum,</strong></span> <span class='ocrx_word' id='word_1_341' title='bbox 1169 3056 1289 3111; x_wconf 73' lang='lat' dir='ltr'><strong>qua:</strong></span> <span class='ocrx_word' id='word_1_342' title='bbox 1315 3048 1625 3110; x_wconf 88' lang='lat' dir='ltr'><strong>sperantur,</strong></span> <span class='ocrx_word' id='word_1_343' title='bbox 1663 3040 1988 3095; x_wconf 87' lang='lat' dir='ltr'><strong>substantia.</strong></span> 
     </span>
    </p>
   </div>
   <div class='ocr_carea' id='block_1_47' title="bbox 421 3129 1992 3201">
    <p class='ocr_par' dir='ltr' id='par_1_47' title="bbox 421 3129 1992 3201">
     <span class='ocr_line' id='line_1_47' title="bbox 421 3129 1992 3201; baseline -0.001 -14"><span class='ocrx_word' id='word_1_344' title='bbox 421 3131 556 3187; x_wconf 89' lang='lat' dir='ltr'><strong>Cum</strong></span> <span class='ocrx_word' id='word_1_345' title='bbox 589 3140 768 3186; x_wconf 78' lang='lat' dir='ltr'><strong>autem</strong></span> <span class='ocrx_word' id='word_1_346' title='bbox 801 3131 1012 3186; x_wconf 82' lang='lat' dir='ltr'><strong>venerit</strong></span> <span class='ocrx_word' id='word_1_347' title='bbox 1036 3131 1087 3185; x_wconf 90' lang='lat' dir='ltr'><strong>id</strong></span> <span class='ocrx_word' id='word_1_348' title='bbox 1118 3129 1265 3201; x_wconf 87' lang='lat' dir='ltr'><strong>quod</strong></span> <span class='ocrx_word' id='word_1_349' title='bbox 1286 3138 1562 3201; x_wconf 85' lang='lat' dir='ltr'><strong>speratur,</strong></span> <span class='ocrx_word' id='word_1_350' title='bbox 1589 3131 1710 3186; x_wconf 88' lang='lat' dir='ltr'><strong>aliis</strong></span> <span class='ocrx_word' id='word_1_351' title='bbox 1736 3131 1992 3186; x_wconf 90' lang='lat' dir='ltr'><strong>omnibus</strong></span> 
     </span>
    </p>
   </div>
   <div class='ocr_carea' id='block_1_48' title="bbox 419 3223 1991 3295">
    <p class='ocr_par' dir='ltr' id='par_1_48' title="bbox 419 3223 1991 3295">
     <span class='ocr_line' id='line_1_48' title="bbox 419 3223 1991 3295; baseline -0.001 -16"><span class='ocrx_word' id='word_1_352' title='bbox 419 3224 854 3295; x_wconf 89' lang='lat' dir='ltr'><strong>quiescentibus,</strong></span> <span class='ocrx_word' id='word_1_353' title='bbox 912 3223 1201 3278; x_wconf 89' lang='lat' dir='ltr'><strong>charitatis</strong></span> <span class='ocrx_word' id='word_1_354' title='bbox 1259 3237 1322 3278; x_wconf 90' lang='lat' dir='ltr'><strong>ac</strong></span> <span class='ocrx_word' id='word_1_355' title='bbox 1368 3223 1681 3279; x_wconf 88' lang='lat' dir='ltr'><strong>dilectionis</strong></span> <span class='ocrx_word' id='word_1_356' title='bbox 1725 3223 1991 3278; x_wconf 81' lang='lat' dir='ltr'><strong>eﬁicentia</strong></span> 
     </span>
    </p>
   </div>
   <div class='ocr_carea' id='block_1_49' title="bbox 419 3315 1997 3386">
    <p class='ocr_par' dir='ltr' id='par_1_49' title="bbox 419 3315 1997 3386">
     <span class='ocr_line' id='line_1_49' title="bbox 419 3315 1997 3386; baseline -0.001 -14"><span class='ocrx_word' id='word_1_357' title='bbox 419 3324 624 3380; x_wconf 87' lang='lat' dir='ltr'><strong>manet,</strong></span> <span class='ocrx_word' id='word_1_358' title='bbox 666 3317 867 3386; x_wconf 88' lang='lat' dir='ltr'><strong>quippe</strong></span> <span class='ocrx_word' id='word_1_359' title='bbox 904 3331 1029 3370; x_wconf 90' lang='lat' dir='ltr'><strong>eum</strong></span> <span class='ocrx_word' id='word_1_360' title='bbox 1080 3331 1191 3370; x_wconf 90' lang='lat' dir='ltr'><strong>non</strong></span> <span class='ocrx_word' id='word_1_361' title='bbox 1246 3317 1488 3371; x_wconf 84' lang='lat' dir='ltr'><strong>inveniat</strong></span> <span class='ocrx_word' id='word_1_362' title='bbox 1535 3315 1678 3386; x_wconf 88' lang='lat' dir='ltr'><strong>quod</strong></span> <span class='ocrx_word' id='word_1_363' title='bbox 1737 3331 1859 3371; x_wconf 91' lang='lat' dir='ltr'><strong>eam</strong></span> <span class='ocrx_word' id='word_1_364' title='bbox 1901 3332 1997 3372; x_wconf 81' lang='lat' dir='ltr'><strong>ex-</strong></span> 
     </span>
    </p>
   </div>
   <div class='ocr_carea' id='block_1_50' title="bbox 419 3405 1993 3480">
    <p class='ocr_par' dir='ltr' id='par_1_50' title="bbox 419 3405 1993 3480">
     <span class='ocr_line' id='line_1_50' title="bbox 419 3405 1993 3480; baseline -0.001 -19"><span class='ocrx_word' id='word_1_365' title='bbox 419 3408 590 3480; x_wconf 89' lang='lat' dir='ltr'><strong>cipiat</strong></span> <span class='ocrx_word' id='word_1_366' title='bbox 611 3413 664 3461; x_wconf 89' lang='lat' dir='ltr'><strong>et</strong></span> <span class='ocrx_word' id='word_1_367' title='bbox 685 3407 741 3460; x_wconf 91' lang='lat' dir='ltr'><strong>in</strong></span> <span class='ocrx_word' id='word_1_368' title='bbox 771 3406 952 3460; x_wconf 93' lang='lat' dir='ltr'><strong>locum</strong></span> <span class='ocrx_word' id='word_1_369' title='bbox 976 3406 1099 3478; x_wconf 75' lang='lat' dir='ltr'><strong>ejus</strong></span> <span class='ocrx_word' id='word_1_370' title='bbox 1132 3405 1413 3461; x_wconf 87' lang='lat' dir='ltr'><strong>succedat.</strong></span> <span class='ocrx_word' id='word_1_371' title='bbox 1440 3405 1805 3471; x_wconf 86' lang='lat' dir='ltr'><strong>Quamobrem</strong></span> <span class='ocrx_word' id='word_1_372' title='bbox 1830 3406 1993 3460; x_wconf 88' lang='lat' dir='ltr'><strong>etiam</strong></span> 
     </span>
    </p>
   </div>
   <div class='ocr_carea' id='block_1_51' title="bbox 421 3495 1996 3566">
    <p class='ocr_par' dir='ltr' id='par_1_51' title="bbox 421 3495 1996 3566">
     <span class='ocr_line' id='line_1_51' title="bbox 421 3495 1996 3566; baseline -0.003 -13"><span class='ocrx_word' id='word_1_373' title='bbox 421 3498 800 3554; x_wconf 89' lang='lat' dir='ltr'><strong>universarum</strong></span> <span class='ocrx_word' id='word_1_374' title='bbox 836 3497 1115 3551; x_wconf 89' lang='lat' dir='ltr'><strong>actionum</strong></span> <span class='ocrx_word' id='word_1_375' title='bbox 1158 3512 1280 3566; x_wconf 64' lang='lat' dir='ltr'><strong>quae</strong></span> <span class='ocrx_word' id='word_1_376' title='bbox 1322 3511 1444 3551; x_wconf 91' lang='lat' dir='ltr'><strong>cum</strong></span> <span class='ocrx_word' id='word_1_377' title='bbox 1471 3497 1672 3551; x_wconf 85' lang='lat' dir='ltr'><strong>virtute</strong></span> <span class='ocrx_word' id='word_1_378' title='bbox 1701 3495 1996 3565; x_wconf 60' lang='lat' dir='ltr'><strong>perﬁciuno</strong></span> 
     </span>
    </p>
   </div>
   <div class='ocr_carea' id='block_1_52' title="bbox 421 3587 1992 3660">
    <p class='ocr_par' dir='ltr' id='par_1_52' title="bbox 421 3587 1992 3660">
     <span class='ocr_line' id='line_1_52' title="bbox 421 3587 1992 3660; baseline -0.003 -17"><span class='ocrx_word' id='word_1_379' title='bbox 421 3600 511 3645; x_wconf 91' lang='lat' dir='ltr'><strong>tur</strong></span> <span class='ocrx_word' id='word_1_380' title='bbox 558 3596 725 3660; x_wconf 89' lang='lat' dir='ltr'><strong>atque</strong></span> <span class='ocrx_word' id='word_1_381' title='bbox 781 3589 946 3643; x_wconf 90' lang='lat' dir='ltr'><strong>etiam</strong></span> <span class='ocrx_word' id='word_1_382' title='bbox 983 3589 1119 3659; x_wconf 84' lang='lat' dir='ltr'><strong>legis</strong></span> <span class='ocrx_word' id='word_1_383' title='bbox 1179 3595 1577 3658; x_wconf 68' lang='lat' dir='ltr'><strong>prmceptorum</strong></span> <span class='ocrx_word' id='word_1_384' title='bbox 1630 3587 1992 3656; x_wconf 86' lang='lat' dir='ltr'><strong>principatqu</strong></span> 
     </span>
    </p>
   </div>
   <div class='ocr_carea' id='block_1_53' title="bbox 422 3676 1995 3749">
    <p class='ocr_par' dir='ltr' id='par_1_53' title="bbox 422 3676 1995 3749">
     <span class='ocr_line' id='line_1_53' title="bbox 422 3676 1995 3749; baseline -0.003 -15"><span class='ocrx_word' id='word_1_385' title='bbox 422 3687 589 3734; x_wconf 86' lang='lat' dir='ltr'><strong>tenet.</strong></span> <span class='ocrx_word' id='word_1_386' title='bbox 643 3677 701 3732; x_wconf 90' lang='lat' dir='ltr'><strong>Si</strong></span> <span class='ocrx_word' id='word_1_387' title='bbox 745 3679 912 3749; x_wconf 80' lang='lat' dir='ltr'><strong>igitur</strong></span> <span class='ocrx_word' id='word_1_388' title='bbox 956 3677 1023 3733; x_wconf 81' lang='lat' dir='ltr'><strong>ad</strong></span> <span class='ocrx_word' id='word_1_389' title='bbox 1070 3679 1215 3732; x_wconf 81' lang='lat' dir='ltr'><strong>hunc</strong></span> <span class='ocrx_word' id='word_1_390' title='bbox 1261 3676 1423 3732; x_wconf 88' lang='lat' dir='ltr'><strong>ﬁnem</strong></span> <span class='ocrx_word' id='word_1_391' title='bbox 1475 3676 1768 3746; x_wconf 88' lang='lat' dir='ltr'><strong>aliquando</strong></span> <span class='ocrx_word' id='word_1_392' title='bbox 1814 3677 1995 3729; x_wconf 87' lang='lat' dir='ltr'><strong>anima</strong></span> 
     </span>
    </p>
   </div>
   <div class='ocr_carea' id='block_1_54' title="bbox 423 3765 1997 3842">
    <p class='ocr_par' dir='ltr' id='par_1_54' title="bbox 423 3765 1997 3842">
     <span class='ocr_line' id='line_1_54' title="bbox 423 3765 1997 3842; baseline -0.001 -19"><span class='ocrx_word' id='word_1_393' title='bbox 423 3769 752 3842; x_wconf 88' lang='lat' dir='ltr'><strong>pervenerit,</strong></span> <span class='ocrx_word' id='word_1_394' title='bbox 794 3767 1024 3822; x_wconf 90' lang='lat' dir='ltr'><strong>aliarum</strong></span> <span class='ocrx_word' id='word_1_395' title='bbox 1064 3781 1244 3821; x_wconf 88' lang='lat' dir='ltr'><strong>rerum</strong></span> <span class='ocrx_word' id='word_1_396' title='bbox 1281 3781 1390 3821; x_wconf 92' lang='lat' dir='ltr'><strong>non</strong></span> <span class='ocrx_word' id='word_1_397' title='bbox 1430 3768 1537 3821; x_wconf 83' lang='lat' dir='ltr'><strong>erit</strong></span> <span class='ocrx_word' id='word_1_398' title='bbox 1572 3781 1758 3837; x_wconf 88' lang='lat' dir='ltr'><strong>egena,</strong></span> <span class='ocrx_word' id='word_1_399' title='bbox 1796 3765 1997 3836; x_wconf 91' lang='lat' dir='ltr'><strong>quippe</strong></span> 
     </span>
    </p>
   </div>
   <div class='ocr_carea' id='block_1_55' title="bbox 423 3857 1998 3927">
    <p class='ocr_par' dir='ltr' id='par_1_55' title="bbox 423 3857 1998 3927">
     <span class='ocr_line' id='line_1_55' title="bbox 423 3857 1998 3927; baseline -0.005 -10"><span class='ocrx_word' id='word_1_400' title='bbox 423 3875 608 3918; x_wconf 89' lang='lat' dir='ltr'><strong>rerum</strong></span> <span class='ocrx_word' id='word_1_401' title='bbox 659 3858 918 3913; x_wconf 92' lang='lat' dir='ltr'><strong>nimirum</strong></span> <span class='ocrx_word' id='word_1_402' title='bbox 968 3858 1351 3912; x_wconf 89' lang='lat' dir='ltr'><strong>universarum</strong></span> <span class='ocrx_word' id='word_1_403' title='bbox 1409 3857 1801 3927; x_wconf 88' lang='lat' dir='ltr'><strong>plenitudinem</strong></span> <span class='ocrx_word' id='word_1_404' title='bbox 1847 3872 1998 3911; x_wconf 88' lang='lat' dir='ltr'><strong>eom-</strong></span> 
     </span>
    </p>
   </div>
   <div class='ocr_carea' id='block_1_56' title="bbox 424 3949 1996 4024">
    <p class='ocr_par' dir='ltr' id='par_1_56' title="bbox 424 3949 1996 4024">
     <span class='ocr_line' id='line_1_56' title="bbox 424 3949 1996 4024; baseline -0.001 -18"><span class='ocrx_word' id='word_1_405' title='bbox 424 3953 605 4024; x_wconf 79' lang='lat' dir='ltr'><strong>plexa,</strong></span> <span class='ocrx_word' id='word_1_406' title='bbox 633 3967 730 4022; x_wconf 87' lang='lat' dir='ltr'><strong>per</strong></span> <span class='ocrx_word' id='word_1_407' title='bbox 760 3966 925 4022; x_wconf 89' lang='lat' dir='ltr'><strong>quam</strong></span> <span class='ocrx_word' id='word_1_408' title='bbox 953 3951 1127 4006; x_wconf 88' lang='lat' dir='ltr'><strong>solam</strong></span> <span class='ocrx_word' id='word_1_409' title='bbox 1158 3949 1562 4020; x_wconf 89' lang='lat' dir='ltr'><strong>quodammodo</strong></span> <span class='ocrx_word' id='word_1_410' title='bbox 1602 3949 1776 4020; x_wconf 88' lang='lat' dir='ltr'><strong>ipsius</strong></span> <span class='ocrx_word' id='word_1_411' title='bbox 1798 3949 1996 4004; x_wconf 64' lang='lat' dir='ltr'><strong>divina:</strong></span> 
     </span>
    </p>
   </div>
   <div class='ocr_carea' id='block_1_57' title="bbox 423 4042 1987 4113">
    <p class='ocr_par' dir='ltr' id='par_1_57' title="bbox 423 4042 1987 4113">
     <span class='ocr_line' id='line_1_57' title="bbox 423 4042 1987 4113; baseline -0.004 -11"><span class='ocrx_word' id='word_1_412' title='bbox 423 4045 778 4102; x_wconf 86' lang='lat' dir='ltr'><strong>beatitudinis</strong></span> <span class='ocrx_word' id='word_1_413' title='bbox 827 4043 882 4100; x_wconf 91' lang='lat' dir='ltr'><strong>in</strong></span> <span class='ocrx_word' id='word_1_414' title='bbox 928 4059 1049 4099; x_wconf 87' lang='lat' dir='ltr'><strong>sese</strong></span> <span class='ocrx_word' id='word_1_415' title='bbox 1109 4058 1435 4099; x_wconf 88' lang='lat' dir='ltr'><strong>conservare</strong></span> <span class='ocrx_word' id='word_1_416' title='bbox 1491 4042 1704 4113; x_wconf 80' lang='lat' dir='ltr'><strong>insigne</strong></span> <span class='ocrx_word' id='word_1_417' title='bbox 1752 4042 1987 4097; x_wconf 89' lang='lat' dir='ltr'><strong>videtur.</strong></span> 
     </span>
    </p>
   </div>
   <div class='ocr_carea' id='block_1_58' title="bbox 422 4132 1990 4204">
    <p class='ocr_par' dir='ltr' id='par_1_58' title="bbox 422 4132 1990 4204">
     <span class='ocr_line' id='line_1_58' title="bbox 422 4132 1990 4204; baseline -0.002 -15"><span class='ocrx_word' id='word_1_418' title='bbox 422 4135 561 4190; x_wconf 89' lang='lat' dir='ltr'><strong>Nam</strong></span> <span class='ocrx_word' id='word_1_419' title='bbox 601 4143 653 4190; x_wconf 85' lang='lat' dir='ltr'><strong>et</strong></span> <span class='ocrx_word' id='word_1_420' title='bbox 700 4135 810 4189; x_wconf 89' lang='lat' dir='ltr'><strong>vita</strong></span> <span class='ocrx_word' id='word_1_421' title='bbox 857 4149 1068 4204; x_wconf 73' lang='lat' dir='ltr'><strong>supera:</strong></span> <span class='ocrx_word' id='word_1_422' title='bbox 1128 4142 1338 4190; x_wconf 80' lang='lat' dir='ltr'><strong>naturae</strong></span> <span class='ocrx_word' id='word_1_423' title='bbox 1395 4133 1634 4188; x_wconf 85' lang='lat' dir='ltr'><strong>charilas</strong></span> <span class='ocrx_word' id='word_1_424' title='bbox 1692 4142 1855 4202; x_wconf 85' lang='lat' dir='ltr'><strong>atque</strong></span> <span class='ocrx_word' id='word_1_425' title='bbox 1901 4132 1990 4187; x_wconf 86' lang='lat' dir='ltr'><strong>di-</strong></span> 
     </span>
    </p>
   </div>
   <div class='ocr_carea' id='block_1_59' title="bbox 423 4225 1989 4299">
    <p class='ocr_par' dir='ltr' id='par_1_59' title="bbox 423 4225 1989 4299">
     <span class='ocr_line' id='line_1_59' title="bbox 423 4225 1989 4299; baseline -0.004 -15"><span class='ocrx_word' id='word_1_426' title='bbox 423 4226 585 4284; x_wconf 88' lang='lat' dir='ltr'><strong>lectio</strong></span> <span class='ocrx_word' id='word_1_427' title='bbox 615 4235 718 4296; x_wconf 88' lang='lat' dir='ltr'><strong>est,</strong></span> <span class='ocrx_word' id='word_1_428' title='bbox 748 4227 1007 4299; x_wconf 85' lang='lat' dir='ltr'><strong>quoniam</strong></span> <span class='ocrx_word' id='word_1_429' title='bbox 1041 4227 1186 4297; x_wconf 82' lang='lat' dir='ltr'><strong>quod</strong></span> <span class='ocrx_word' id='word_1_430' title='bbox 1215 4226 1417 4281; x_wconf 88' lang='lat' dir='ltr'><strong>bonum</strong></span> <span class='ocrx_word' id='word_1_431' title='bbox 1447 4233 1502 4280; x_wconf 90' lang='lat' dir='ltr'><strong>et</strong></span> <span class='ocrx_word' id='word_1_432' title='bbox 1547 4225 1836 4282; x_wconf 80' lang='lat' dir='ltr'><strong>honestum</strong></span> <span class='ocrx_word' id='word_1_433' title='bbox 1879 4233 1989 4290; x_wconf 87' lang='lat' dir='ltr'><strong>est,</strong></span> 
     </span>
    </p>
   </div>
   <div class='ocr_carea' id='block_1_60' title="bbox 501 4406 1577 4478">
    <p class='ocr_par' dir='ltr' id='par_1_60' title="bbox 501 4406 1577 4478">
     <span class='ocr_line' id='line_1_60' title="bbox 501 4406 1577 4478; baseline 0.001 -17"><span class='ocrx_word' id='word_1_434' title='bbox 650 4408 1014 4477; x_wconf 81' lang='grc' dir='ltr'><strong>Ἐπιθυμίας.</strong></span> <span class='ocrx_word' id='word_1_435' title='bbox 1040 4413 1081 4462; x_wconf 79' lang='grc' dir='ltr'>Α</span> <span class='ocrx_word' id='word_1_436' title='bbox 1105 4410 1146 4461; x_wconf 90' lang='grc' dir='ltr'><strong>Β</strong></span> <span class='ocrx_word' id='word_1_437' title='bbox 1165 4408 1467 4478; x_wconf 75' lang='grc' dir='ltr'><strong>’ἐπιθυμίας</strong></span> <span class='ocrx_word' id='word_1_438' title='bbox 1499 4407 1577 4462; x_wconf 82' lang='grc' dir='ltr'><strong>δέ.</strong></span> 
     </span>
    </p>
   </div>
   <div class='ocr_carea' id='block_1_61' title="bbox 493 4477 1417 4618">
    <p class='ocr_par' dir='ltr' id='par_1_61' title="bbox 493 4477 1417 4618">
     <span class='ocr_line' id='line_1_61' title="bbox 493 4477 1417 4618; baseline 0.004 -90"><span class='ocrx_word' id='word_1_439' title='bbox 493 4477 606 4618; x_wconf 61' lang='grc'><strong>(15)</strong></span> <span class='ocrx_word' id='word_1_440' title='bbox 645 4479 998 4547; x_wconf 77' lang='grc' dir='ltr'><strong>Γινομένην.</strong></span> <span class='ocrx_word' id='word_1_441' title='bbox 1031 4481 1073 4532; x_wconf 89' lang='grc' dir='ltr'><strong>Β</strong></span> <span class='ocrx_word' id='word_1_442' title='bbox 1099 4477 1417 4550; x_wconf 84' lang='grc' dir='ltr'><strong>γενομένην.</strong></span> 
     </span>
     <span class='ocr_line' id='line_1_62' title="bbox 494 4546 871 4618; baseline 0.008 -3"><span class='ocrx_word' id='word_1_443' title='bbox 494 4546 585 4618; x_wconf 60' lang='grc'><strong>(14</strong></span> <span class='ocrx_word' id='word_1_444' title='bbox 637 4548 723 4618; x_wconf 73' lang='grc' dir='ltr'><strong>Ἦι</strong></span> <span class='ocrx_word' id='word_1_445' title='bbox 758 4548 871 4618; x_wconf 73' lang='grc' dir='ltr'><strong>Βῆ-</strong></span> 
     </span>
    </p>
   </div>
   <div class='ocr_carea' id='block_1_62' title="bbox 493 4615 1157 4686">
    <p class='ocr_par' dir='ltr' id='par_1_62' title="bbox 493 4615 1157 4686">
     <span class='ocr_line' id='line_1_63' title="bbox 493 4615 1157 4686; baseline 0.006 -18"><span class='ocrx_word' id='word_1_446' title='bbox 493 4615 608 4686; x_wconf 81' lang='grc'><strong>(15)</strong></span> <span class='ocrx_word' id='word_1_447' title='bbox 641 4615 853 4671; x_wconf 66' lang='grc' dir='ltr'><strong>’Ὁτανζ</strong></span> <span class='ocrx_word' id='word_1_448' title='bbox 877 4618 922 4670; x_wconf 83' lang='grc' dir='ltr'>Α</span> <span class='ocrx_word' id='word_1_449' title='bbox 961 4618 1038 4670; x_wconf 85' lang='grc' dir='ltr'><strong>ὅτ’</strong></span> <span class='ocrx_word' id='word_1_450' title='bbox 1072 4619 1157 4674; x_wconf 82' lang='grc' dir='ltr'><strong>ἄν.</strong></span> 
     </span>
    </p>
   </div>
   <div class='ocr_carea' id='block_1_63' title="bbox 520 4686 975 4741">
    <p class='ocr_par' dir='ltr' id='par_1_63' title="bbox 520 4686 975 4741">
     <span class='ocr_line' id='line_1_64' title="bbox 520 4686 975 4741; baseline 0.004 -3"><span class='ocrx_word' id='word_1_451' title='bbox 520 4686 605 4741; x_wconf 80' lang='grc'><strong>16)</strong></span> <span class='ocrx_word' id='word_1_452' title='bbox 630 4687 704 4740; x_wconf 86' lang='grc' dir='ltr'><em>Δέ</em></span> <span class='ocrx_word' id='word_1_453' title='bbox 733 4687 876 4741; x_wconf 82' lang='lat' dir='ltr'><strong>delet</strong></span> <span class='ocrx_word' id='word_1_454' title='bbox 911 4688 975 4740; x_wconf 84' lang='lat' dir='ltr'><strong>A.</strong></span> 
     </span>
    </p>
   </div>
   <div class='ocr_carea' id='block_1_64' title="bbox 523 4750 1464 4828">
    <p class='ocr_par' dir='ltr' id='par_1_64' title="bbox 523 4750 1464 4828">
     <span class='ocr_line' id='line_1_65' title="bbox 523 4750 1464 4828; baseline 0.002 -18"><span class='ocrx_word' id='word_1_455' title='bbox 523 4750 854 4828; x_wconf 64' lang='grc' dir='ltr'><strong>1Ἰ)Εὐρών.</strong></span> <span class='ocrx_word' id='word_1_456' title='bbox 893 4759 938 4810; x_wconf 82' lang='grc' dir='ltr'>Λ</span> <span class='ocrx_word' id='word_1_457' title='bbox 967 4759 1022 4811; x_wconf 90' lang='lat' dir='ltr'><strong>in</strong></span> <span class='ocrx_word' id='word_1_458' title='bbox 1053 4755 1298 4828; x_wconf 76' lang='lat' dir='ltr'><strong>margine</strong></span> <span class='ocrx_word' id='word_1_459' title='bbox 1315 4750 1464 4828; x_wconf 76' lang='grc' dir='ltr'><strong>εὗρε.</strong></span> 
     </span>
    </p>
   </div>
   <div class='ocr_carea' id='block_1_65' title="bbox 519 4825 1274 4894">
    <p class='ocr_par' dir='ltr' id='par_1_65' title="bbox 519 4825 1274 4894">
     <span class='ocr_line' id='line_1_66' title="bbox 519 4825 1274 4894; baseline 0.003 -16"><span class='ocrx_word' id='word_1_460' title='bbox 519 4825 606 4894; x_wconf 87' lang='grc'><strong>18)</strong></span> <span class='ocrx_word' id='word_1_461' title='bbox 635 4825 920 4894; x_wconf 84' lang='grc' dir='ltr'><strong>Γνώσεις.</strong></span> <span class='ocrx_word' id='word_1_462' title='bbox 943 4828 985 4879; x_wconf 93' lang='grc' dir='ltr'>Β</span> <span class='ocrx_word' id='word_1_463' title='bbox 1017 4827 1274 4894; x_wconf 81' lang='grc' dir='ltr'><strong>γλῶσσαι.</strong></span> 
     </span>
    </p>
   </div>
   <div class='ocr_carea' id='block_1_66' title="bbox 494 4895 1308 4966">
    <p class='ocr_par' dir='ltr' id='par_1_66' title="bbox 494 4895 1308 4966">
     <span class='ocr_line' id='line_1_67' title="bbox 494 4895 1308 4966; baseline 0.002 -19"><span class='ocrx_word' id='word_1_464' title='bbox 640 4896 868 4951; x_wconf 78' lang='grc' dir='ltr'><strong>Πίπτει.</strong></span> <span class='ocrx_word' id='word_1_465' title='bbox 897 4899 941 4950; x_wconf 85' lang='grc' dir='ltr'><strong>Α</strong></span> <span class='ocrx_word' id='word_1_466' title='bbox 970 4898 1011 4949; x_wconf 89' lang='grc' dir='ltr'><strong>Β</strong></span> <span class='ocrx_word' id='word_1_467' title='bbox 1033 4897 1308 4950; x_wconf 75' lang='grc' dir='ltr'><strong>ἐκπίπτει.</strong></span> 
     </span>
    </p>
   </div>
   <div class='ocr_carea' id='block_1_67' title="bbox 493 4965 1965 5045">
    <p class='ocr_par' dir='ltr' id='par_1_67' title="bbox 493 4965 1965 5045">
     <span class='ocr_line' id='line_1_68' title="bbox 493 4965 1965 5045; baseline 0.004 -27"><span class='ocrx_word' id='word_1_468' title='bbox 493 4965 605 5045; x_wconf 70' lang='grc'><strong>(20)</strong></span> <span class='ocrx_word' id='word_1_469' title='bbox 645 4965 1338 5045; x_wconf 57' lang='grc' dir='ltr'><strong>Συμπαραμεμενηκέναι.</strong></span> <span class='ocrx_word' id='word_1_470' title='bbox 1389 4965 1435 5020; x_wconf 82' lang='grc' dir='ltr'><strong>Α</strong></span> <span class='ocrx_word' id='word_1_471' title='bbox 1488 4968 1542 5022; x_wconf 88' lang='lat' dir='ltr'><strong>in</strong></span> <span class='ocrx_word' id='word_1_472' title='bbox 1589 4973 1833 5045; x_wconf 81' lang='lat' dir='ltr'><strong>margine</strong></span> <span class='ocrx_word' id='word_1_473' title='bbox 1869 4975 1965 5030; x_wconf 83' lang='grc' dir='ltr'><strong>σύν</strong></span> 
     </span>
    </p>
   </div>
   <div class='ocr_carea' id='block_1_68' title="bbox 421 5035 838 5106">
    <p class='ocr_par' dir='ltr' id='par_1_68' title="bbox 421 5035 838 5106">
     <span class='ocr_line' id='line_1_69' title="bbox 421 5035 838 5106; baseline 0 -16"><span class='ocrx_word' id='word_1_474' title='bbox 421 5035 794 5106; x_wconf 81' lang='grc' dir='ltr'><strong>δεδραμηκένα</strong></span> <span class='ocrx_word' id='word_1_475' title='bbox 803 5055 838 5090; x_wconf 94' lang='grc' dir='ltr'><strong>ι.</strong></span> 
     </span>
    </p>
   </div>
   <div class='ocr_carea' id='block_1_69' title="bbox 492 5105 1293 5176">
    <p class='ocr_par' dir='ltr' id='par_1_69' title="bbox 492 5105 1293 5176">
     <span class='ocr_line' id='line_1_70' title="bbox 492 5105 1293 5176; baseline 0.002 -19"><span class='ocrx_word' id='word_1_476' title='bbox 492 5106 606 5176; x_wconf 60' lang='lat' dir='ltr'><strong>(et)</strong></span> <span class='ocrx_word' id='word_1_477' title='bbox 639 5106 878 5174; x_wconf 83' lang='grc' dir='ltr'><strong>Πιιρείη.</strong></span> <span class='ocrx_word' id='word_1_478' title='bbox 915 5107 958 5157; x_wconf 81' lang='grc' dir='ltr'><strong>Α</strong></span> <span class='ocrx_word' id='word_1_479' title='bbox 986 5105 1027 5157; x_wconf 88' lang='grc' dir='ltr'><strong>Β</strong></span> <span class='ocrx_word' id='word_1_480' title='bbox 1056 5107 1204 5176; x_wconf 81' lang='grc' dir='ltr'><strong>παρῇ</strong></span> <span class='ocrx_word' id='word_1_481' title='bbox 1237 5108 1293 5176; x_wconf 86' lang='grc' dir='ltr'><strong>ἡ.</strong></span> 
     </span>
    </p>
   </div>
   <div class='ocr_carea' id='block_1_70' title="bbox 492 5174 1992 5246">
    <p class='ocr_par' dir='ltr' id='par_1_70' title="bbox 492 5174 1992 5246">
     <span class='ocr_line' id='line_1_71' title="bbox 492 5174 1992 5246; baseline 0.009 -19"><span class='ocrx_word' id='word_1_482' title='bbox 492 5174 813 5246; x_wconf 34' lang='grc' dir='ltr'><strong>(22)-Κᾳὶὴ</strong></span> <span class='ocrx_word' id='word_1_483' title='bbox 840 5177 1080 5246; x_wconf 3' lang='grc' dir='ltr'><strong>(πίστις.</strong></span> <span class='ocrx_word' id='word_1_484' title='bbox 1117 5174 1200 5229; x_wconf 83' lang='lat' dir='ltr'><strong>Ad</strong></span> <span class='ocrx_word' id='word_1_485' title='bbox 1231 5174 1344 5231; x_wconf 76' lang='lat' dir='ltr'><strong>haec</strong></span> <span class='ocrx_word' id='word_1_486' title='bbox 1386 5178 1546 5232; x_wconf 87' lang='lat' dir='ltr'><strong>verba</strong></span> <span class='ocrx_word' id='word_1_487' title='bbox 1596 5179 1648 5233; x_wconf 93' lang='lat' dir='ltr'><strong>in</strong></span> <span class='ocrx_word' id='word_1_488' title='bbox 1700 5183 1849 5238; x_wconf 89' lang='lat' dir='ltr'><strong>calce</strong></span> <span class='ocrx_word' id='word_1_489' title='bbox 1895 5200 1992 5240; x_wconf 87' lang='lat' dir='ltr'><strong>eo-</strong></span> 
     </span>
    </p>
   </div>
   <div class='ocr_carea' id='block_1_71' title="bbox 420 5242 1993 5322">
    <p class='ocr_par' dir='ltr' id='par_1_71' title="bbox 420 5242 1993 5322">
     <span class='ocr_line' id='line_1_72' title="bbox 420 5242 1993 5322; baseline 0.004 -25"><span class='ocrx_word' id='word_1_490' title='bbox 420 5242 562 5322; x_wconf 71' lang='lat' dir='ltr'><strong>dicjs</strong></span> <span class='ocrx_word' id='word_1_491' title='bbox 702 5242 810 5322; x_wconf 72' lang='lat' dir='ltr'><strong>ista</strong></span> <span class='ocrx_word' id='word_1_492' title='bbox 836 5245 1170 5322; x_wconf 68' lang='lat' dir='ltr'><strong>legebantur,</strong></span> <span class='ocrx_word' id='word_1_493' title='bbox 1209 5246 1337 5322; x_wconf 72' lang='grc' dir='ltr'><strong>Ὅτι</strong></span> <span class='ocrx_word' id='word_1_494' title='bbox 1375 5249 1546 5301; x_wconf 83' lang='grc' dir='ltr'><strong>πᾶσαι</strong></span> <span class='ocrx_word' id='word_1_495' title='bbox 1579 5251 1686 5322; x_wconf 6' lang='grc' dir='ltr'><strong>τῆς(</strong></span> <span class='ocrx_word' id='word_1_496' title='bbox 1712 5251 1891 5322; x_wconf 81' lang='grc' dir='ltr'><strong>ψυχῆς</strong></span> <span class='ocrx_word' id='word_1_497' title='bbox 1936 5256 1993 5310; x_wconf 78' lang='grc' dir='ltr'><strong>αἱ</strong></span> 
     </span>
    </p>
   </div>
   <div class='ocr_carea' id='block_1_72' title="bbox 423 5313 1989 5390">
    <p class='ocr_par' dir='ltr' id='par_1_72' title="bbox 423 5313 1989 5390">
     <span class='ocr_line' id='line_1_73' title="bbox 423 5313 1989 5390; baseline 0.007 -24"><span class='ocrx_word' id='word_1_498' title='bbox 423 5313 560 5390; x_wconf 56' lang='grc' dir='ltr'><strong>προς</strong></span> <span class='ocrx_word' id='word_1_499' title='bbox 587 5313 648 5366; x_wconf 82' lang='grc' dir='ltr'><strong>τὸ</strong></span> <span class='ocrx_word' id='word_1_500' title='bbox 677 5313 916 5390; x_wconf 64' lang='grc' dir='ltr'><strong>κρεῖττον</strong></span> <span class='ocrx_word' id='word_1_501' title='bbox 943 5313 1212 5390; x_wconf 74' lang='grc' dir='ltr'><strong>ἐνέργειαι</strong></span> <span class='ocrx_word' id='word_1_502' title='bbox 1233 5316 1554 5390; x_wconf 54' lang='grc' dir='ltr'><strong>παόσονταιῇ</strong></span> <span class='ocrx_word' id='word_1_503' title='bbox 1579 5313 1751 5383; x_wconf 71' lang='grc' dir='ltr'><strong>ἐλπὶς,</strong></span> <span class='ocrx_word' id='word_1_504' title='bbox 1784 5313 1989 5390; x_wconf 65' lang='grc' dir='ltr'><strong>ἔφεσις,</strong></span> 
     </span>
    </p>
   </div>
   <div class='ocr_carea' id='block_1_73' title="bbox 426 5383 1994 5522">
    <p class='ocr_par' dir='ltr' id='par_1_73' title="bbox 426 5383 1994 5522">
     <span class='ocr_line' id='line_1_74' title="bbox 426 5383 1994 5522; baseline 0.008 -88"><span class='ocrx_word' id='word_1_505' title='bbox 671 5383 766 5436; x_wconf 77' lang='grc' dir='ltr'><strong>καὶ</strong></span> <span class='ocrx_word' id='word_1_506' title='bbox 794 5384 916 5435; x_wconf 83' lang='grc' dir='ltr'><strong>ὅσαι</strong></span> <span class='ocrx_word' id='word_1_507' title='bbox 943 5384 1207 5449; x_wconf 85' lang='grc' dir='ltr'><strong>τοιαῦται,</strong></span> <span class='ocrx_word' id='word_1_508' title='bbox 1246 5387 1385 5457; x_wconf 82' lang='grc' dir='ltr'><strong>πλὴν</strong></span> <span class='ocrx_word' id='word_1_509' title='bbox 1409 5387 1508 5457; x_wconf 87' lang='grc' dir='ltr'><strong>τῆς</strong></span> <span class='ocrx_word' id='word_1_510' title='bbox 1533 5383 1879 5462; x_wconf 79' lang='grc' dir='ltr'><strong>ἁγαπητικῆς</strong></span> <span class='ocrx_word' id='word_1_511' title='bbox 1911 5383 1994 5448; x_wconf 57' lang='lat' dir='ltr'><strong>xi;</strong></span> 
     </span>
     <span class='ocr_line' id='line_1_75' title="bbox 426 5470 655 5506; baseline -0.009 0"><span class='ocrx_word' id='word_1_512' title='bbox 426 5470 455 5506; x_wconf 89' lang='grc' dir='ltr'><strong>ν</strong></span> <span class='ocrx_word' id='word_1_513' title='bbox 640 5491 655 5504; x_wconf 93' lang='grc'><strong>.</strong></span> 
     </span>
    </p>
   </div>
   <div class='ocr_carea' id='block_1_74' title="bbox 425 5469 655 5515">
    <p class='ocr_par' dir='ltr' id='par_1_74' title="bbox 425 5469 655 5515">
     <span class='ocr_line' id='line_1_76' title="bbox 425 5469 655 5515; baseline -0.009 -9"><span class='ocrx_word' id='word_1_514' title='bbox 425 5469 490 5515; x_wconf 88' lang='grc' dir='ltr'><strong>νη</strong></span> <span class='ocrx_word' id='word_1_515' title='bbox 498 5469 655 5515; x_wconf 87' lang='grc' dir='ltr'><strong>σεως.</strong></span> 
     </span>
    </p>
   </div>
   <div class='ocr_carea' id='block_1_75' title="bbox 496 5521 1990 5607">
    <p class='ocr_par' dir='ltr' id='par_1_75' title="bbox 496 5521 1990 5607">
     <span class='ocr_line' id='line_1_77' title="bbox 496 5521 1990 5607; baseline 0.013 -35"><span class='ocrx_word' id='word_1_516' title='bbox 496 5521 609 5607; x_wconf 45' lang='grc'><strong>(25.)</strong></span> <span class='ocrx_word' id='word_1_517' title='bbox 651 5521 1129 5607; x_wconf 60' lang='grc' dir='ltr'><strong>Εᾲτηρειιόντων.</strong></span> <span class='ocrx_word' id='word_1_518' title='bbox 1165 5521 1210 5578; x_wconf 85' lang='grc' dir='ltr'>Α</span> <span class='ocrx_word' id='word_1_519' title='bbox 1241 5524 1297 5580; x_wconf 92' lang='lat' dir='ltr'><strong>in</strong></span> <span class='ocrx_word' id='word_1_520' title='bbox 1324 5532 1472 5581; x_wconf 84' lang='lat' dir='ltr'><strong>textu</strong></span> <span class='ocrx_word' id='word_1_521' title='bbox 1507 5527 1904 5600; x_wconf 85' lang='grc' dir='ltr'><strong>ἀτρεμούντων,</strong></span> <span class='ocrx_word' id='word_1_522' title='bbox 1935 5533 1990 5592; x_wconf 87' lang='lat' dir='ltr'><strong>in</strong></span> 
     </span>
    </p>
   </div>
   <div class='ocr_carea' id='block_1_76' title="bbox 429 5605 1074 5662">
    <p class='ocr_par' dir='ltr' id='par_1_76' title="bbox 429 5605 1074 5662">
     <span class='ocr_line' id='line_1_78' title="bbox 429 5605 1074 5662; baseline 0 -16"><span class='ocrx_word' id='word_1_523' title='bbox 429 5605 672 5662; x_wconf 77' lang='lat' dir='ltr'><strong>margine</strong></span> <span class='ocrx_word' id='word_1_524' title='bbox 709 5605 1074 5662; x_wconf 80' lang='grc' dir='ltr'><strong>ηρεμουντων.</strong></span> 
     </span>
    </p>
   </div>
   <div class='ocr_carea' id='block_1_77' title="bbox 497 5660 1387 5737">
    <p class='ocr_par' dir='ltr' id='par_1_77' title="bbox 497 5660 1387 5737">
     <span class='ocr_line' id='line_1_79' title="bbox 497 5660 1387 5737; baseline 0.007 -25"><span class='ocrx_word' id='word_1_525' title='bbox 661 5660 976 5737; x_wconf 53' lang='grc' dir='ltr'><strong>Ἐνέργεια.</strong></span> <span class='ocrx_word' id='word_1_526' title='bbox 1089 5663 1387 5737; x_wconf 76' lang='grc' dir='ltr'><strong>ἐνέργειαν.</strong></span> 
     </span>
    </p>
   </div>
   <div class='ocr_carea' id='block_1_78' title="bbox 499 5729 1633 5806">
    <p class='ocr_par' dir='ltr' id='par_1_78' title="bbox 499 5729 1633 5806">
     <span class='ocr_line' id='line_1_80' title="bbox 499 5729 1633 5806; baseline 0.009 -23"><span class='ocrx_word' id='word_1_527' title='bbox 499 5729 612 5802; x_wconf 78' lang='lat'><strong>(‘25)</strong></span> <span class='ocrx_word' id='word_1_528' title='bbox 652 5729 1093 5802; x_wconf 65' lang='lat' dir='ltr'><strong>Ebpt’cfxovadr.</strong></span> <span class='ocrx_word' id='word_1_529' title='bbox 1137 5729 1193 5788; x_wconf 62' lang='lat' dir='ltr'><strong>A&#39;</strong></span> <span class='ocrx_word' id='word_1_530' title='bbox 1219 5729 1259 5788; x_wconf 86' lang='lat' dir='ltr'><strong>B</strong></span> <span class='ocrx_word' id='word_1_531' title='bbox 1293 5735 1633 5806; x_wconf 81' lang='grc' dir='ltr'><strong>εὑρίσκουσα.</strong></span> 
     </span>
    </p>
   </div>
   <div class='ocr_carea' id='block_1_79' title="bbox 2101 1949 3681 2024">
    <p class='ocr_par' dir='ltr' id='par_1_79' title="bbox 2101 1949 3681 2024">
     <span class='ocr_line' id='line_1_81' title="bbox 2101 1949 3681 2024; baseline -0.001 -20"><span class='ocrx_word' id='word_1_532' title='bbox 2101 1951 2290 2023; x_wconf 82' lang='grc' dir='ltr'><strong>ἀγάπη</strong></span> <span class='ocrx_word' id='word_1_533' title='bbox 2324 1951 2444 2005; x_wconf 80' lang='grc' dir='ltr'><strong>οὐδέ</strong></span> <span class='ocrx_word' id='word_1_534' title='bbox 2470 1969 2601 2006; x_wconf 88' lang='grc' dir='ltr'><strong>ποτε</strong></span> <span class='ocrx_word' id='word_1_535' title='bbox 2643 1953 2831 2006; x_wconf 86' lang='grc' dir='ltr'><strong>πίπτει</strong></span> <span class='ocrx_word' id='word_1_536' title='bbox 2857 1953 2991 2024; x_wconf 42' lang='grc'><strong>(19)·</strong></span> <span class='ocrx_word' id='word_1_537' title='bbox 3018 1954 3155 2024; x_wconf 81' lang='grc' dir='ltr'><strong>ὅπερ</strong></span> <span class='ocrx_word' id='word_1_538' title='bbox 3179 1952 3292 2005; x_wconf 71' lang='grc' dir='ltr'><strong>ἴσον</strong></span> <span class='ocrx_word' id='word_1_539' title='bbox 3334 1950 3449 2004; x_wconf 74' lang='grc' dir='ltr'><strong>ἐστὶ</strong></span> <span class='ocrx_word' id='word_1_540' title='bbox 3487 1949 3566 2021; x_wconf 83' lang='grc' dir='ltr'><strong>τῷ</strong></span> <span class='ocrx_word' id='word_1_541' title='bbox 3593 1949 3681 2003; x_wconf 83' lang='grc' dir='ltr'><strong>ἀεὶ</strong></span> 
     </span>
    </p>
   </div>
   <div class='ocr_carea' id='block_1_80' title="bbox 2099 2041 3678 2112">
    <p class='ocr_par' dir='ltr' id='par_1_80' title="bbox 2099 2041 3678 2112">
     <span class='ocr_line' id='line_1_82' title="bbox 2099 2041 3678 2112; baseline 0.001 -18"><span class='ocrx_word' id='word_1_542' title='bbox 2099 2041 2360 2106; x_wconf 82' lang='grc' dir='ltr'><strong>ὡσαύτως</strong></span> <span class='ocrx_word' id='word_1_543' title='bbox 2399 2042 2564 2112; x_wconf 79' lang='grc' dir='ltr'><strong>ἔχειν·</strong></span> <span class='ocrx_word' id='word_1_544' title='bbox 2595 2042 2728 2097; x_wconf 78' lang='grc' dir='ltr'><strong>ἀλλά</strong></span> <span class='ocrx_word' id='word_1_545' title='bbox 2759 2043 2852 2096; x_wconf 81' lang='grc' dir='ltr'><strong>καὶ</strong></span> <span class='ocrx_word' id='word_1_546' title='bbox 2881 2044 3062 2097; x_wconf 89' lang='grc' dir='ltr'><strong>πίστιν</strong></span> <span class='ocrx_word' id='word_1_547' title='bbox 3105 2043 3200 2097; x_wconf 85' lang='grc' dir='ltr'><strong>καὶ</strong></span> <span class='ocrx_word' id='word_1_548' title='bbox 3231 2042 3422 2096; x_wconf 68' lang='grc' dir='ltr'><strong>ἐλπίδα</strong></span> <span class='ocrx_word' id='word_1_549' title='bbox 3460 2057 3678 2112; x_wconf 80' lang='grc' dir='ltr'><strong>συμπα-</strong></span> 
     </span>
    </p>
   </div>
   <div class='ocr_carea' id='block_1_81' title="bbox 2105 2133 3678 2206">
    <p class='ocr_par' dir='ltr' id='par_1_81' title="bbox 2105 2133 3678 2206">
     <span class='ocr_line' id='line_1_83' title="bbox 2105 2133 3678 2206; baseline 0.001 -20"><span class='ocrx_word' id='word_1_550' title='bbox 2105 2134 2542 2206; x_wconf 87' lang='grc' dir='ltr'><strong>ραμεμενηκέναι</strong></span> <span class='ocrx_word' id='word_1_551' title='bbox 2573 2133 2688 2205; x_wconf 71' lang='grc'><strong>(20)</strong></span> <span class='ocrx_word' id='word_1_552' title='bbox 2715 2137 2780 2206; x_wconf 77' lang='grc' dir='ltr'><strong>τῇ</strong></span> <span class='ocrx_word' id='word_1_553' title='bbox 2807 2135 2995 2206; x_wconf 76' lang='grc' dir='ltr'><strong>ἀγάπῃ</strong></span> <span class='ocrx_word' id='word_1_554' title='bbox 3019 2133 3214 2203; x_wconf 84' lang='grc' dir='ltr'><strong>λέγων,</strong></span> <span class='ocrx_word' id='word_1_555' title='bbox 3243 2134 3403 2188; x_wconf 88' lang='grc' dir='ltr'><strong>πάλιν</strong></span> <span class='ocrx_word' id='word_1_556' title='bbox 3427 2135 3524 2188; x_wconf 80' lang='grc' dir='ltr'><strong>καὶ</strong></span> <span class='ocrx_word' id='word_1_557' title='bbox 3553 2133 3678 2187; x_wconf 82' lang='grc' dir='ltr'><strong>τού-</strong></span> 
     </span>
    </p>
   </div>
   <div class='ocr_carea' id='block_1_82' title="bbox 2099 2224 3678 2298">
    <p class='ocr_par' dir='ltr' id='par_1_82' title="bbox 2099 2224 3678 2298">
     <span class='ocr_line' id='line_1_84' title="bbox 2099 2224 3678 2298; baseline -0.001 -19"><span class='ocrx_word' id='word_1_558' title='bbox 2099 2243 2208 2280; x_wconf 87' lang='grc' dir='ltr'><strong>των</strong></span> <span class='ocrx_word' id='word_1_559' title='bbox 2238 2225 2404 2296; x_wconf 78' lang='grc' dir='ltr'><strong>αὐτὴν</strong></span> <span class='ocrx_word' id='word_1_560' title='bbox 2434 2226 2786 2298; x_wconf 78' lang='grc' dir='ltr'><strong>ὑπερτίθησιν</strong></span> <span class='ocrx_word' id='word_1_561' title='bbox 2812 2225 3056 2289; x_wconf 70' lang='grc' dir='ltr'><strong>εἰκότως.</strong></span> <span class='ocrx_word' id='word_1_562' title='bbox 3094 2226 3160 2278; x_wconf 89' lang='grc' dir='ltr'><strong>Ἦ</strong></span> <span class='ocrx_word' id='word_1_563' title='bbox 3183 2224 3292 2295; x_wconf 80' lang='grc' dir='ltr'><strong>γὰρ</strong></span> <span class='ocrx_word' id='word_1_564' title='bbox 3324 2225 3480 2288; x_wconf 74' lang='grc' dir='ltr'><strong>ἐλπὶς</strong></span> <span class='ocrx_word' id='word_1_565' title='bbox 3514 2225 3678 2295; x_wconf 85' lang='grc' dir='ltr'><strong>μέχρι</strong></span> 
     </span>
    </p>
   </div>
   <div class='ocr_carea' id='block_1_83' title="bbox 2100 2316 3675 2389">
    <p class='ocr_par' dir='ltr' id='par_1_83' title="bbox 2100 2316 3675 2389">
     <span class='ocr_line' id='line_1_85' title="bbox 2100 2316 3675 2389; baseline 0 -19"><span class='ocrx_word' id='word_1_566' title='bbox 2100 2317 2309 2371; x_wconf 84' lang='grc' dir='ltr'><strong>ἐκείνου</strong></span> <span class='ocrx_word' id='word_1_567' title='bbox 2345 2320 2592 2381; x_wconf 78' lang='grc' dir='ltr'><strong>κινεῖται,</strong></span> <span class='ocrx_word' id='word_1_568' title='bbox 2620 2317 2727 2381; x_wconf 77' lang='grc' dir='ltr'><strong>ἓως</strong></span> <span class='ocrx_word' id='word_1_569' title='bbox 2759 2316 2826 2370; x_wconf 79' lang='grc' dir='ltr'><strong>ἂν</strong></span> <span class='ocrx_word' id='word_1_570' title='bbox 2854 2319 2928 2388; x_wconf 81' lang='grc' dir='ltr'><strong>μὴ</strong></span> <span class='ocrx_word' id='word_1_571' title='bbox 2959 2317 3156 2389; x_wconf 86' lang='grc' dir='ltr'><strong>παρείη</strong></span> <span class='ocrx_word' id='word_1_572' title='bbox 3183 2317 3291 2388; x_wconf 68' lang='grc'><strong>(21)</strong></span> <span class='ocrx_word' id='word_1_573' title='bbox 3315 2317 3420 2370; x_wconf 81' lang='grc' dir='ltr'><strong>τῶν</strong></span> <span class='ocrx_word' id='word_1_574' title='bbox 3457 2317 3675 2380; x_wconf 73' lang='grc' dir='ltr'><strong>ἐλπιζο-</strong></span> 
     </span>
    </p>
   </div>
   <div class='ocr_carea' id='block_1_84' title="bbox 2103 2407 3677 2480">
    <p class='ocr_par' dir='ltr' id='par_1_84' title="bbox 2103 2407 3677 2480">
     <span class='ocr_line' id='line_1_86' title="bbox 2103 2407 3677 2480; baseline -0.002 -17"><span class='ocrx_word' id='word_1_575' title='bbox 2103 2409 2280 2480; x_wconf 84' lang='grc' dir='ltr'><strong>μένων</strong></span> <span class='ocrx_word' id='word_1_576' title='bbox 2305 2409 2622 2472; x_wconf 87' lang='grc' dir='ltr'><strong>ἀπόλαυσις,</strong></span> <span class='ocrx_word' id='word_1_577' title='bbox 2645 2410 2738 2463; x_wconf 76' lang='grc' dir='ltr'><strong>καὶ</strong></span> <span class='ocrx_word' id='word_1_578' title='bbox 2761 2410 2794 2480; x_wconf 76' lang='grc' dir='ltr'><strong>ἡ</strong></span> <span class='ocrx_word' id='word_1_579' title='bbox 2825 2409 3005 2472; x_wconf 88' lang='grc' dir='ltr'><strong>πίστις</strong></span> <span class='ocrx_word' id='word_1_580' title='bbox 3034 2409 3144 2480; x_wconf 71' lang='lat'><strong>(22)</strong></span> <span class='ocrx_word' id='word_1_581' title='bbox 3161 2409 3422 2471; x_wconf 84' lang='grc' dir='ltr'><strong>ὡσαύτως</strong></span> <span class='ocrx_word' id='word_1_582' title='bbox 3445 2407 3677 2479; x_wconf 78' lang='grc' dir='ltr'><strong>ἔρεισμα</strong></span> 
     </span>
    </p>
   </div>
   <div class='ocr_carea' id='block_1_85' title="bbox 2095 2498 3676 2573">
    <p class='ocr_par' dir='ltr' id='par_1_85' title="bbox 2095 2498 3676 2573">
     <span class='ocr_line' id='line_1_87' title="bbox 2095 2498 3676 2573; baseline -0.003 -18"><span class='ocrx_word' id='word_1_583' title='bbox 2095 2501 2197 2573; x_wconf 82' lang='grc' dir='ltr'><strong>τῆς</strong></span> <span class='ocrx_word' id='word_1_584' title='bbox 2239 2502 2347 2554; x_wconf 84' lang='grc' dir='ltr'><strong>τῶν</strong></span> <span class='ocrx_word' id='word_1_585' title='bbox 2397 2500 2769 2571; x_wconf 77' lang='grc' dir='ltr'><strong>ἐλπιζομένων</strong></span> <span class='ocrx_word' id='word_1_586' title='bbox 2819 2501 3043 2573; x_wconf 86' lang='grc' dir='ltr'><strong>ἀδηλίας</strong></span> <span class='ocrx_word' id='word_1_587' title='bbox 3087 2500 3317 2570; x_wconf 86' lang='grc' dir='ltr'><strong>γίνεται.</strong></span> <span class='ocrx_word' id='word_1_588' title='bbox 3373 2498 3530 2553; x_wconf 78' lang='grc' dir='ltr'><strong>Οὕτω</strong></span> <span class='ocrx_word' id='word_1_589' title='bbox 3565 2500 3676 2570; x_wconf 86' lang='grc' dir='ltr'><strong>γὰρ</strong></span> 
     </span>
    </p>
   </div>
   <div class='ocr_carea' id='block_1_86' title="bbox 2095 2588 3673 2662">
    <p class='ocr_par' dir='ltr' id='par_1_86' title="bbox 2095 2588 3673 2662">
     <span class='ocr_line' id='line_1_88' title="bbox 2095 2588 3673 2662; baseline -0.003 -17"><span class='ocrx_word' id='word_1_590' title='bbox 2095 2591 2266 2662; x_wconf 79' lang='grc' dir='ltr'><strong>αὐτὴν</strong></span> <span class='ocrx_word' id='word_1_591' title='bbox 2313 2593 2406 2645; x_wconf 76' lang='grc' dir='ltr'><strong>καὶ</strong></span> <span class='ocrx_word' id='word_1_592' title='bbox 2448 2591 2681 2661; x_wconf 81' lang='grc' dir='ltr'><strong>ὡρίσατο</strong></span> <span class='ocrx_word' id='word_1_593' title='bbox 2709 2591 2900 2660; x_wconf 86' lang='grc' dir='ltr'><strong>λέγων·</strong></span> <span class='ocrx_word' id='word_1_594' title='bbox 2939 2593 3095 2645; x_wconf 85' lang='grc' dir='ltr'><strong>Ἔστι</strong></span> <span class='ocrx_word' id='word_1_595' title='bbox 3131 2592 3189 2645; x_wconf 79' lang='grc' dir='ltr'><strong>δὲ</strong></span> <span class='ocrx_word' id='word_1_596' title='bbox 3231 2591 3412 2654; x_wconf 83' lang='grc' dir='ltr'><strong>πίστις</strong></span> <span class='ocrx_word' id='word_1_597' title='bbox 3458 2588 3673 2654; x_wconf 71' lang='grc' dir='ltr'><strong>ἐλπιζο-</strong></span> 
     </span>
    </p>
   </div>
   <div class='ocr_carea' id='block_1_87' title="bbox 2099 2680 3673 2753">
    <p class='ocr_par' dir='ltr' id='par_1_87' title="bbox 2099 2680 3673 2753">
     <span class='ocr_line' id='line_1_89' title="bbox 2099 2680 3673 2753; baseline -0.001 -19"><span class='ocrx_word' id='word_1_598' title='bbox 2099 2681 2275 2753; x_wconf 81' lang='grc' dir='ltr'><strong>μένων</strong></span> <span class='ocrx_word' id='word_1_599' title='bbox 2309 2683 2625 2746; x_wconf 80' lang='grc' dir='ltr'><strong>ὑπόστασις.</strong></span> <span class='ocrx_word' id='word_1_600' title='bbox 2671 2683 2918 2736; x_wconf 80' lang='grc' dir='ltr'><strong>Ἑπειδάν</strong></span> <span class='ocrx_word' id='word_1_601' title='bbox 2951 2683 3008 2735; x_wconf 85' lang='grc' dir='ltr'><strong>δὲ</strong></span> <span class='ocrx_word' id='word_1_602' title='bbox 3047 2681 3177 2753; x_wconf 78' lang='grc' dir='ltr'><strong>ἔλθῃ</strong></span> <span class='ocrx_word' id='word_1_603' title='bbox 3209 2681 3270 2734; x_wconf 79' lang='grc' dir='ltr'><strong>τὸ</strong></span> <span class='ocrx_word' id='word_1_604' title='bbox 3300 2680 3673 2751; x_wconf 69' lang='grc' dir='ltr'><strong>ἐλπιζόμενον,</strong></span> 
     </span>
    </p>
   </div>
   <div class='ocr_carea' id='block_1_88' title="bbox 2094 2769 3675 2843">
    <p class='ocr_par' dir='ltr' id='par_1_88' title="bbox 2094 2769 3675 2843">
     <span class='ocr_line' id='line_1_90' title="bbox 2094 2769 3675 2843; baseline 0.001 -20"><span class='ocrx_word' id='word_1_605' title='bbox 2094 2769 2203 2823; x_wconf 84' lang='grc' dir='ltr'><strong>τῶν</strong></span> <span class='ocrx_word' id='word_1_606' title='bbox 2237 2770 2412 2824; x_wconf 77' lang='grc' dir='ltr'><strong>ἄλλων</strong></span> <span class='ocrx_word' id='word_1_607' title='bbox 2438 2772 2847 2843; x_wconf 84' lang='grc' dir='ltr'><strong>εὺτηρεμόντων</strong></span> <span class='ocrx_word' id='word_1_608' title='bbox 2875 2773 2988 2842; x_wconf 72' lang='grc'><strong>(25)</strong></span> <span class='ocrx_word' id='word_1_609' title='bbox 3018 2771 3257 2838; x_wconf 85' lang='grc' dir='ltr'><strong>πάντων,</strong></span> <span class='ocrx_word' id='word_1_610' title='bbox 3309 2773 3343 2843; x_wconf 80' lang='grc' dir='ltr'>ἠ</span> <span class='ocrx_word' id='word_1_611' title='bbox 3395 2770 3538 2826; x_wconf 87' lang='grc' dir='ltr'><strong>κατά</strong></span> <span class='ocrx_word' id='word_1_612' title='bbox 3573 2770 3675 2842; x_wconf 79' lang='grc' dir='ltr'><strong>τὴν</strong></span> 
     </span>
    </p>
   </div>
   <div class='ocr_carea' id='block_1_89' title="bbox 2094 2862 3675 2936">
    <p class='ocr_par' dir='ltr' id='par_1_89' title="bbox 2094 2862 3675 2936">
     <span class='ocr_line' id='line_1_91' title="bbox 2094 2862 3675 2936; baseline 0.001 -20"><span class='ocrx_word' id='word_1_613' title='bbox 2094 2862 2316 2933; x_wconf 85' lang='grc' dir='ltr'><strong>ἀγάπην</strong></span> <span class='ocrx_word' id='word_1_614' title='bbox 2344 2862 2590 2934; x_wconf 80' lang='grc' dir='ltr'><strong>ἐνέργεια</strong></span> <span class='ocrx_word' id='word_1_615' title='bbox 2617 2864 2725 2935; x_wconf 73' lang='grc'><strong>(21)</strong></span> <span class='ocrx_word' id='word_1_616' title='bbox 2765 2865 2950 2936; x_wconf 85' lang='grc' dir='ltr'><strong>μένει,</strong></span> <span class='ocrx_word' id='word_1_617' title='bbox 2995 2867 3056 2920; x_wconf 83' lang='grc' dir='ltr'><strong>τὸ</strong></span> <span class='ocrx_word' id='word_1_618' title='bbox 3083 2865 3458 2936; x_wconf 81' lang='grc' dir='ltr'><strong>διαδεχόμενον</strong></span> <span class='ocrx_word' id='word_1_619' title='bbox 3496 2863 3675 2935; x_wconf 76' lang='grc' dir='ltr'><strong>αὐτὴν</strong></span> 
     </span>
    </p>
   </div>
   <div class='ocr_carea' id='block_1_90' title="bbox 2093 2953 3674 3030">
    <p class='ocr_par' dir='ltr' id='par_1_90' title="bbox 2093 2953 3674 3030">
     <span class='ocr_line' id='line_1_92' title="bbox 2093 2953 3674 3030; baseline 0.002 -23"><span class='ocrx_word' id='word_1_620' title='bbox 2093 2953 2190 3026; x_wconf 80' lang='grc' dir='ltr'><strong>οὐχ</strong></span> <span class='ocrx_word' id='word_1_621' title='bbox 2233 2955 2588 3029; x_wconf 82' lang='grc' dir='ltr'><strong>εὑρίσκουσαν</strong></span> <span class='ocrx_word' id='word_1_622' title='bbox 2631 2956 2765 3028; x_wconf 70' lang='lat'><strong>(25).</strong></span> <span class='ocrx_word' id='word_1_623' title='bbox 2811 2958 2900 3011; x_wconf 84' lang='grc' dir='ltr'><strong>Διὸ</strong></span> <span class='ocrx_word' id='word_1_624' title='bbox 2957 2958 3052 3012; x_wconf 70' lang='grc' dir='ltr'><strong>καὶ</strong></span> <span class='ocrx_word' id='word_1_625' title='bbox 3093 2957 3408 3030; x_wconf 82' lang='grc' dir='ltr'><strong>προτερεύει</strong></span> <span class='ocrx_word' id='word_1_626' title='bbox 3467 2955 3576 3010; x_wconf 86' lang='grc' dir='ltr'><strong>τῶν</strong></span> <span class='ocrx_word' id='word_1_627' title='bbox 3610 2973 3674 3010; x_wconf 86' lang='grc' dir='ltr'><strong>τε</strong></span> 
     </span>
    </p>
   </div>
   <div class='ocr_carea' id='block_1_91' title="bbox 2094 3046 3674 3118">
    <p class='ocr_par' dir='ltr' id='par_1_91' title="bbox 2094 3046 3674 3118">
     <span class='ocr_line' id='line_1_93' title="bbox 2094 3046 3674 3118; baseline 0.001 -20"><span class='ocrx_word' id='word_1_628' title='bbox 2094 3046 2215 3098; x_wconf 84' lang='grc' dir='ltr'><strong>κατ’</strong></span> <span class='ocrx_word' id='word_1_629' title='bbox 2259 3046 2459 3118; x_wconf 87' lang='grc' dir='ltr'><strong>ἀρετὴν</strong></span> <span class='ocrx_word' id='word_1_630' title='bbox 2497 3048 2947 3118; x_wconf 77' lang='grc' dir='ltr'><strong>κατορθουμένων</strong></span> <span class='ocrx_word' id='word_1_631' title='bbox 2995 3050 3273 3114; x_wconf 84' lang='grc' dir='ltr'><strong>ἁπάντων,</strong></span> <span class='ocrx_word' id='word_1_632' title='bbox 3312 3051 3405 3103; x_wconf 65' lang='grc' dir='ltr'><strong>καὶ</strong></span> <span class='ocrx_word' id='word_1_633' title='bbox 3435 3048 3543 3102; x_wconf 83' lang='grc' dir='ltr'><strong>τῶν</strong></span> <span class='ocrx_word' id='word_1_634' title='bbox 3574 3046 3674 3101; x_wconf 78' lang='grc' dir='ltr'><strong>τοῦ</strong></span> 
     </span>
    </p>
   </div>
   <div class='ocr_carea' id='block_1_92' title="bbox 2095 3135 3674 3208">
    <p class='ocr_par' dir='ltr' id='par_1_92' title="bbox 2095 3135 3674 3208">
     <span class='ocr_line' id='line_1_94' title="bbox 2095 3135 3674 3208; baseline 0.003 -20"><span class='ocrx_word' id='word_1_635' title='bbox 2095 3135 2260 3207; x_wconf 86' lang='grc' dir='ltr'><strong>νόμου</strong></span> <span class='ocrx_word' id='word_1_636' title='bbox 2290 3137 2786 3208; x_wconf 80' lang='grc' dir='ltr'><strong>παραγγελμάτων.</strong></span> <span class='ocrx_word' id='word_1_637' title='bbox 2818 3139 2881 3192; x_wconf 85' lang='grc' dir='ltr'><strong>Εἰ</strong></span> <span class='ocrx_word' id='word_1_638' title='bbox 2903 3135 2997 3193; x_wconf 80' lang='grc' dir='ltr'><strong>οὗν</strong></span> <span class='ocrx_word' id='word_1_639' title='bbox 3027 3141 3120 3193; x_wconf 69' lang='grc' dir='ltr'><strong>ἐπὶ</strong></span> <span class='ocrx_word' id='word_1_640' title='bbox 3147 3140 3305 3194; x_wconf 75' lang='grc' dir='ltr'><strong>τοῦτό</strong></span> <span class='ocrx_word' id='word_1_641' title='bbox 3335 3156 3466 3194; x_wconf 83' lang='grc' dir='ltr'><strong>ποτε</strong></span> <span class='ocrx_word' id='word_1_642' title='bbox 3496 3138 3557 3192; x_wconf 81' lang='grc' dir='ltr'><strong>τὸ</strong></span> <span class='ocrx_word' id='word_1_643' title='bbox 3580 3137 3674 3192; x_wconf 80' lang='grc' dir='ltr'><strong>τέ-</strong></span> 
     </span>
    </p>
   </div>
   <div class='ocr_carea' id='block_1_93' title="bbox 2093 3225 3748 3300">
    <p class='ocr_par' dir='ltr' id='par_1_93' title="bbox 2093 3225 3748 3300">
     <span class='ocr_line' id='line_1_95' title="bbox 2093 3225 3748 3300; baseline 0.003 -22"><span class='ocrx_word' id='word_1_644' title='bbox 2093 3225 2182 3289; x_wconf 86' lang='grc' dir='ltr'><strong>λος</strong></span> <span class='ocrx_word' id='word_1_645' title='bbox 2215 3226 2468 3295; x_wconf 83' lang='grc' dir='ltr'><strong>φθάσειεν</strong></span> <span class='ocrx_word' id='word_1_646' title='bbox 2506 3230 2540 3300; x_wconf 79' lang='grc' dir='ltr'>ἡ</span> <span class='ocrx_word' id='word_1_647' title='bbox 2570 3228 2738 3300; x_wconf 78' lang='grc' dir='ltr'><strong>ψυχὴ,</strong></span> <span class='ocrx_word' id='word_1_648' title='bbox 2777 3230 3039 3294; x_wconf 84' lang='grc' dir='ltr'><strong>ἀνενδεῶς</strong></span> <span class='ocrx_word' id='word_1_649' title='bbox 3063 3231 3172 3298; x_wconf 73' lang='grc' dir='ltr'><strong>ἕξει</strong></span> <span class='ocrx_word' id='word_1_650' title='bbox 3199 3231 3308 3284; x_wconf 85' lang='grc' dir='ltr'><strong>τῶν</strong></span> <span class='ocrx_word' id='word_1_651' title='bbox 3341 3230 3538 3296; x_wconf 78' lang='grc' dir='ltr'><strong>ἄλλων,</strong></span> <span class='ocrx_word' id='word_1_652' title='bbox 3573 3229 3673 3284; x_wconf 79' lang='grc' dir='ltr'><strong>ἆτε</strong></span> <span class='ocrx_word' id='word_1_653' title='bbox 3740 3232 3748 3246; x_wconf 93' lang='lat'>&#39;</span> 
     </span>
    </p>
   </div>
   <div class='ocr_carea' id='block_1_94' title="bbox 2094 3317 3676 3394">
    <p class='ocr_par' dir='ltr' id='par_1_94' title="bbox 2094 3317 3676 3394">
     <span class='ocr_line' id='line_1_96' title="bbox 2094 3317 3676 3394; baseline 0.004 -26"><span class='ocrx_word' id='word_1_654' title='bbox 2094 3317 2157 3387; x_wconf 87' lang='grc' dir='ltr'><strong>δὴ</strong></span> <span class='ocrx_word' id='word_1_655' title='bbox 2192 3317 2286 3370; x_wconf 80' lang='grc' dir='ltr'><strong>τοῦ</strong></span> <span class='ocrx_word' id='word_1_656' title='bbox 2321 3317 2682 3391; x_wconf 79' lang='grc' dir='ltr'><strong>πληρώματος</strong></span> <span class='ocrx_word' id='word_1_657' title='bbox 2727 3322 3192 3394; x_wconf 81' lang='grc' dir='ltr'><strong>περιδεδραγμένη</strong></span> <span class='ocrx_word' id='word_1_658' title='bbox 3216 3323 3325 3376; x_wconf 82' lang='grc' dir='ltr'><strong>τῶν</strong></span> <span class='ocrx_word' id='word_1_659' title='bbox 3353 3323 3542 3388; x_wconf 72' lang='grc' dir='ltr'><strong>ὄντων,</strong></span> <span class='ocrx_word' id='word_1_660' title='bbox 3577 3322 3676 3376; x_wconf 75' lang='grc' dir='ltr'><strong>καὶ</strong></span> 
     </span>
    </p>
   </div>
   <div class='ocr_carea' id='block_1_95' title="bbox 2094 3404 3672 3483">
    <p class='ocr_par' dir='ltr' id='par_1_95' title="bbox 2094 3404 3672 3483">
     <span class='ocr_line' id='line_1_97' title="bbox 2094 3404 3672 3483; baseline 0.004 -26"><span class='ocrx_word' id='word_1_661' title='bbox 2094 3405 2240 3458; x_wconf 85' lang='grc' dir='ltr'><strong>δοκεῖ</strong></span> <span class='ocrx_word' id='word_1_662' title='bbox 2268 3404 2380 3478; x_wconf 72' lang='grc'><strong>(26)</strong></span> <span class='ocrx_word' id='word_1_663' title='bbox 2412 3408 2545 3479; x_wconf 85' lang='grc' dir='ltr'><strong>μόνη</strong></span> <span class='ocrx_word' id='word_1_664' title='bbox 2587 3427 2703 3476; x_wconf 90' lang='grc' dir='ltr'><strong>πως</strong></span> <span class='ocrx_word' id='word_1_665' title='bbox 2741 3412 2910 3481; x_wconf 78' lang='grc' dir='ltr'><strong>αὐτῆς</strong></span> <span class='ocrx_word' id='word_1_666' title='bbox 2943 3412 3058 3483; x_wconf 77' lang='grc'><strong>(27)</strong></span> <span class='ocrx_word' id='word_1_667' title='bbox 3088 3413 3185 3482; x_wconf 83' lang='grc' dir='ltr'><strong>τῆς</strong></span> <span class='ocrx_word' id='word_1_668' title='bbox 3213 3411 3363 3475; x_wconf 84' lang='grc' dir='ltr'><strong>θείας</strong></span> <span class='ocrx_word' id='word_1_669' title='bbox 3407 3410 3672 3481; x_wconf 82' lang='grc' dir='ltr'><strong>μακαριό-</strong></span> 
     </span>
    </p>
   </div>
   <div class='ocr_carea' id='block_1_96' title="bbox 2095 3500 3673 3574">
    <p class='ocr_par' dir='ltr' id='par_1_96' title="bbox 2095 3500 3673 3574">
     <span class='ocr_line' id='line_1_98' title="bbox 2095 3500 3673 3574; baseline 0.004 -25"><span class='ocrx_word' id='word_1_670' title='bbox 2095 3515 2256 3568; x_wconf 85' lang='grc' dir='ltr'><strong>τητος</strong></span> <span class='ocrx_word' id='word_1_671' title='bbox 2275 3500 2332 3551; x_wconf 86' lang='grc' dir='ltr'><strong>ὲν</strong></span> <span class='ocrx_word' id='word_1_672' title='bbox 2353 3500 2490 3571; x_wconf 79' lang='grc' dir='ltr'><strong>αὐτῇ</strong></span> <span class='ocrx_word' id='word_1_673' title='bbox 2527 3500 2638 3572; x_wconf 73' lang='lat'><strong>(‘28)</strong></span> <span class='ocrx_word' id='word_1_674' title='bbox 2668 3501 2860 3565; x_wconf 73' lang='grc' dir='ltr'><strong>σώζειν</strong></span> <span class='ocrx_word' id='word_1_675' title='bbox 2891 3503 2982 3556; x_wconf 78' lang='grc' dir='ltr'><strong>τὸν</strong></span> <span class='ocrx_word' id='word_1_676' title='bbox 3007 3503 3437 3574; x_wconf 81' lang='grc' dir='ltr'><strong>χαρακτῆρα.”Η</strong></span> <span class='ocrx_word' id='word_1_677' title='bbox 3470 3519 3530 3555; x_wconf 85' lang='grc' dir='ltr'><strong>τε</strong></span> <span class='ocrx_word' id='word_1_678' title='bbox 3561 3501 3673 3571; x_wconf 80' lang='grc' dir='ltr'><strong>γάρ</strong></span> 
     </span>
    </p>
   </div>
   <div class='ocr_carea' id='block_1_97' title="bbox 2097 3586 3673 3664">
    <p class='ocr_par' dir='ltr' id='par_1_97' title="bbox 2097 3586 3673 3664">
     <span class='ocr_line' id='line_1_99' title="bbox 2097 3586 3673 3664; baseline 0.002 -23"><span class='ocrx_word' id='word_1_679' title='bbox 2097 3586 2211 3658; x_wconf 80' lang='grc' dir='ltr'><strong>ζωὴ</strong></span> <span class='ocrx_word' id='word_1_680' title='bbox 2240 3589 2338 3658; x_wconf 83' lang='grc' dir='ltr'><strong>τῆς</strong></span> <span class='ocrx_word' id='word_1_681' title='bbox 2383 3589 2495 3643; x_wconf 81' lang='grc' dir='ltr'><strong>ἀνω</strong></span> <span class='ocrx_word' id='word_1_682' title='bbox 2533 3590 2746 3659; x_wconf 77' lang='grc' dir='ltr'><strong>φύσεως</strong></span> <span class='ocrx_word' id='word_1_683' title='bbox 2776 3592 2964 3662; x_wconf 87' lang='grc' dir='ltr'><strong>ἀγάπη</strong></span> <span class='ocrx_word' id='word_1_684' title='bbox 2996 3594 3161 3657; x_wconf 74' lang='grc' dir='ltr'><strong>ἐστὶν,</strong></span> <span class='ocrx_word' id='word_1_685' title='bbox 3199 3593 3382 3664; x_wconf 78' lang='grc' dir='ltr'><strong>ἐπειδὴ</strong></span> <span class='ocrx_word' id='word_1_686' title='bbox 3414 3592 3476 3645; x_wconf 79' lang='grc' dir='ltr'><strong>τὸ</strong></span> <span class='ocrx_word' id='word_1_687' title='bbox 3506 3591 3673 3646; x_wconf 77' lang='grc' dir='ltr'><strong>καλὸν</strong></span> 
     </span>
    </p>
   </div>
   <div class='ocr_carea' id='block_1_98' title="bbox 2097 3680 3674 3755">
    <p class='ocr_par' dir='ltr' id='par_1_98' title="bbox 2097 3680 3674 3755">
     <span class='ocr_line' id='line_1_100' title="bbox 2097 3680 3674 3755; baseline 0.003 -23"><span class='ocrx_word' id='word_1_688' title='bbox 2097 3680 2378 3752; x_wconf 73' lang='grc' dir='ltr'><strong>ἀγαπητὸν</strong></span> <span class='ocrx_word' id='word_1_689' title='bbox 2402 3682 2514 3751; x_wconf 80' lang='lat'><strong>(‘29)</strong></span> <span class='ocrx_word' id='word_1_690' title='bbox 2539 3682 2754 3746; x_wconf 86' lang='grc' dir='ltr'><strong>πάντως</strong></span> <span class='ocrx_word' id='word_1_691' title='bbox 2781 3683 2897 3736; x_wconf 74' lang='grc' dir='ltr'><strong>ἐστὶ</strong></span> <span class='ocrx_word' id='word_1_692' title='bbox 2930 3683 3023 3755; x_wconf 85' lang='grc'><strong>(50</strong></span> <span class='ocrx_word' id='word_1_693' title='bbox 3030 3703 3044 3750; x_wconf 76' lang='grc'><strong>)</strong></span> <span class='ocrx_word' id='word_1_694' title='bbox 3071 3687 3183 3748; x_wconf 85' lang='grc' dir='ltr'><strong>τοῖς</strong></span> <span class='ocrx_word' id='word_1_695' title='bbox 3209 3683 3556 3754; x_wconf 77' lang='grc' dir='ltr'><strong>γινώσκουσιο</strong></span> <span class='ocrx_word' id='word_1_696' title='bbox 3595 3699 3674 3751; x_wconf 88' lang='grc' dir='ltr'><strong>γι⁹</strong></span> 
     </span>
    </p>
   </div>
   <div class='ocr_carea' id='block_1_99' title="bbox 2099 3769 3672 3846">
    <p class='ocr_par' dir='ltr' id='par_1_99' title="bbox 2099 3769 3672 3846">
     <span class='ocr_line' id='line_1_101' title="bbox 2099 3769 3672 3846; baseline 0.005 -23"><span class='ocrx_word' id='word_1_697' title='bbox 2099 3769 2294 3824; x_wconf 84' lang='grc' dir='ltr'><strong>νώσκει</strong></span> <span class='ocrx_word' id='word_1_698' title='bbox 2315 3771 2373 3824; x_wconf 84' lang='grc' dir='ltr'><strong>δὲ</strong></span> <span class='ocrx_word' id='word_1_699' title='bbox 2402 3771 2533 3825; x_wconf 82' lang='grc' dir='ltr'><strong>αὐτὸ</strong></span> <span class='ocrx_word' id='word_1_700' title='bbox 2553 3772 2664 3844; x_wconf 87' lang='grc'><strong>(51)</strong></span> <span class='ocrx_word' id='word_1_701' title='bbox 2689 3774 2751 3826; x_wconf 86' lang='grc' dir='ltr'><strong>τὸ</strong></span> <span class='ocrx_word' id='word_1_702' title='bbox 2781 3773 2961 3827; x_wconf 75' lang='grc' dir='ltr'><strong>Θεῖονο</strong></span> <span class='ocrx_word' id='word_1_703' title='bbox 2995 3776 3028 3846; x_wconf 82' lang='grc' dir='ltr'><strong>ἡ</strong></span> <span class='ocrx_word' id='word_1_704' title='bbox 3053 3774 3111 3828; x_wconf 80' lang='grc' dir='ltr'><strong>δὲ</strong></span> <span class='ocrx_word' id='word_1_705' title='bbox 3135 3775 3336 3843; x_wconf 83' lang='grc' dir='ltr'><strong>γνῶσις</strong></span> <span class='ocrx_word' id='word_1_706' title='bbox 3367 3773 3555 3842; x_wconf 81' lang='grc' dir='ltr'><strong>ἀγάπη</strong></span> <span class='ocrx_word' id='word_1_707' title='bbox 3582 3772 3672 3841; x_wconf 78' lang='grc' dir='ltr'><strong>γί-</strong></span> 
     </span>
    </p>
   </div>
   <div class='ocr_carea' id='block_1_100' title="bbox 2101 3862 3673 3936">
    <p class='ocr_par' dir='ltr' id='par_1_100' title="bbox 2101 3862 3673 3936">
     <span class='ocr_line' id='line_1_102' title="bbox 2101 3862 3673 3936; baseline 0.003 -22"><span class='ocrx_word' id='word_1_708' title='bbox 2101 3879 2273 3916; x_wconf 88' lang='grc' dir='ltr'><strong>νεται.</strong></span> <span class='ocrx_word' id='word_1_709' title='bbox 2309 3863 2399 3915; x_wconf 78' lang='grc' dir='ltr'><strong>Διὸ</strong></span> <span class='ocrx_word' id='word_1_710' title='bbox 2445 3863 2507 3916; x_wconf 80' lang='grc' dir='ltr'><strong>τὸ</strong></span> <span class='ocrx_word' id='word_1_711' title='bbox 2542 3862 2656 3935; x_wconf 71' lang='lat'><strong>(32)</strong></span> <span class='ocrx_word' id='word_1_712' title='bbox 2693 3864 2854 3918; x_wconf 87' lang='grc' dir='ltr'><strong>καλόν</strong></span> <span class='ocrx_word' id='word_1_713' title='bbox 2881 3866 2997 3918; x_wconf 75' lang='grc' dir='ltr'><strong>ἐστι</strong></span> <span class='ocrx_word' id='word_1_714' title='bbox 3032 3867 3097 3936; x_wconf 81' lang='grc' dir='ltr'><strong>τῇ</strong></span> <span class='ocrx_word' id='word_1_715' title='bbox 3119 3868 3277 3934; x_wconf 81' lang='grc' dir='ltr'><strong>φύσει</strong></span> <span class='ocrx_word' id='word_1_716' title='bbox 3313 3864 3375 3918; x_wconf 77' lang='grc' dir='ltr'><strong>τὸ</strong></span> <span class='ocrx_word' id='word_1_717' title='bbox 3409 3864 3673 3933; x_wconf 75' lang='grc' dir='ltr'><strong>γινωσκό-</strong></span> 
     </span>
    </p>
   </div>
   <div class='ocr_carea' id='block_1_101' title="bbox 2102 3955 3674 4030">
    <p class='ocr_par' dir='ltr' id='par_1_101' title="bbox 2102 3955 3674 4030">
     <span class='ocr_line' id='line_1_103' title="bbox 2102 3955 3674 4030; baseline 0.001 -23"><span class='ocrx_word' id='word_1_718' title='bbox 2102 3971 2279 4024; x_wconf 87' lang='grc' dir='ltr'><strong>μενον,</strong></span> <span class='ocrx_word' id='word_1_719' title='bbox 2305 3955 2398 4009; x_wconf 76' lang='grc' dir='ltr'><strong>τοῦ</strong></span> <span class='ocrx_word' id='word_1_720' title='bbox 2423 3955 2481 4010; x_wconf 80' lang='grc' dir='ltr'><strong>δὲ</strong></span> <span class='ocrx_word' id='word_1_721' title='bbox 2503 3956 2716 4028; x_wconf 82' lang='grc' dir='ltr'><strong>ἀληθῶς</strong></span> <span class='ocrx_word' id='word_1_722' title='bbox 2749 3957 2861 4030; x_wconf 90' lang='grc'><strong>(55)</strong></span> <span class='ocrx_word' id='word_1_723' title='bbox 2879 3959 3046 4014; x_wconf 74' lang='grc' dir='ltr'><strong>καλοῦ</strong></span> <span class='ocrx_word' id='word_1_724' title='bbox 3074 3961 3102 4012; x_wconf 88' lang='grc' dir='ltr'>ὁ</span> <span class='ocrx_word' id='word_1_725' title='bbox 3126 3958 3387 4029; x_wconf 73' lang='grc' dir='ltr'><strong>ὑϐριστὴς</strong></span> <span class='ocrx_word' id='word_1_726' title='bbox 3414 3959 3475 4011; x_wconf 85' lang='grc' dir='ltr'><strong>οὐ</strong></span> <span class='ocrx_word' id='word_1_727' title='bbox 3504 3973 3674 4027; x_wconf 86' lang='grc' dir='ltr'><strong>προσ-</strong></span> 
     </span>
    </p>
   </div>
   <div class='ocr_carea' id='block_1_102' title="bbox 2099 4042 3674 4119">
    <p class='ocr_par' dir='ltr' id='par_1_102' title="bbox 2099 4042 3674 4119">
     <span class='ocr_line' id='line_1_104' title="bbox 2099 4042 3674 4119; baseline 0.001 -23"><span class='ocrx_word' id='word_1_728' title='bbox 2099 4042 2325 4098; x_wconf 79' lang='grc' dir='ltr'><strong>ἅπτεται</strong></span> <span class='ocrx_word' id='word_1_729' title='bbox 2358 4045 2519 4117; x_wconf 81' lang='grc' dir='ltr'><strong>κόρος</strong></span> <span class='ocrx_word' id='word_1_730' title='bbox 2564 4046 2706 4116; x_wconf 75' lang='grc'><strong>(54)·</strong></span> <span class='ocrx_word' id='word_1_731' title='bbox 2739 4047 2900 4119; x_wconf 89' lang='grc' dir='ltr'><strong>κόρου</strong></span> <span class='ocrx_word' id='word_1_732' title='bbox 2938 4049 2996 4101; x_wconf 87' lang='grc' dir='ltr'><strong>δὲ</strong></span> <span class='ocrx_word' id='word_1_733' title='bbox 3027 4048 3127 4118; x_wconf 74' lang='grc' dir='ltr'><strong>τὴν</strong></span> <span class='ocrx_word' id='word_1_734' title='bbox 3156 4045 3502 4117; x_wconf 85' lang='grc' dir='ltr'><strong>ἀγαπητικὴν</strong></span> <span class='ocrx_word' id='word_1_735' title='bbox 3533 4044 3674 4115; x_wconf 74' lang='grc' dir='ltr'><strong>πρὸς</strong></span> 
     </span>
    </p>
   </div>
   <div class='ocr_carea' id='block_1_103' title="bbox 2094 4134 3672 4209">
    <p class='ocr_par' dir='ltr' id='par_1_103' title="bbox 2094 4134 3672 4209">
     <span class='ocr_line' id='line_1_105' title="bbox 2094 4134 3672 4209; baseline 0.003 -22"><span class='ocrx_word' id='word_1_736' title='bbox 2094 4134 2155 4187; x_wconf 73' lang='grc' dir='ltr'><strong>τὸ</strong></span> <span class='ocrx_word' id='word_1_737' title='bbox 2202 4136 2364 4190; x_wconf 83' lang='grc' dir='ltr'><strong>καλὸν</strong></span> <span class='ocrx_word' id='word_1_738' title='bbox 2408 4138 2590 4207; x_wconf 87' lang='grc' dir='ltr'><strong>σχέσιν</strong></span> <span class='ocrx_word' id='word_1_739' title='bbox 2633 4139 2743 4208; x_wconf 81' lang='grc'><strong>(55)</strong></span> <span class='ocrx_word' id='word_1_740' title='bbox 2784 4140 2845 4191; x_wconf 86' lang='grc' dir='ltr'><strong>οὐ</strong></span> <span class='ocrx_word' id='word_1_741' title='bbox 2885 4139 3299 4203; x_wconf 84' lang='grc' dir='ltr'><strong>διακόπτοντος,</strong></span> <span class='ocrx_word' id='word_1_742' title='bbox 3331 4138 3420 4193; x_wconf 76' lang='grc' dir='ltr'><strong>ἀεὶ</strong></span> <span class='ocrx_word' id='word_1_743' title='bbox 3468 4139 3503 4209; x_wconf 83' lang='grc' dir='ltr'>ἡ</span> <span class='ocrx_word' id='word_1_744' title='bbox 3548 4135 3672 4192; x_wconf 74' lang='grc' dir='ltr'><strong>θεία</strong></span> 
     </span>
    </p>
   </div>
   <div class='ocr_carea' id='block_1_104' title="bbox 2100 4225 3669 4303">
    <p class='ocr_par' dir='ltr' id='par_1_104' title="bbox 2100 4225 3669 4303">
     <span class='ocr_line' id='line_1_106' title="bbox 2100 4225 3669 4303; baseline 0.002 -23"><span class='ocrx_word' id='word_1_745' title='bbox 2100 4225 2212 4293; x_wconf 81' lang='grc' dir='ltr'><strong>ζωὴ</strong></span> <span class='ocrx_word' id='word_1_746' title='bbox 2243 4227 2309 4281; x_wconf 78' lang='grc' dir='ltr'><strong>δι’</strong></span> <span class='ocrx_word' id='word_1_747' title='bbox 2341 4228 2560 4298; x_wconf 87' lang='grc' dir='ltr'><strong>ἀγάπης</strong></span> <span class='ocrx_word' id='word_1_748' title='bbox 2588 4229 3032 4303; x_wconf 80' lang='grc' dir='ltr'><strong>ὲνεργηθήσεται,</strong></span> <span class='ocrx_word' id='word_1_749' title='bbox 3067 4232 3102 4302; x_wconf 84' lang='grc' dir='ltr'>ἢ</span> <span class='ocrx_word' id='word_1_750' title='bbox 3131 4231 3270 4303; x_wconf 83' lang='grc' dir='ltr'><strong>καλή</strong></span> <span class='ocrx_word' id='word_1_751' title='bbox 3300 4248 3360 4284; x_wconf 88' lang='grc' dir='ltr'><strong>τε</strong></span> <span class='ocrx_word' id='word_1_752' title='bbox 3391 4228 3532 4284; x_wconf 85' lang='grc' dir='ltr'><strong>κατά</strong></span> <span class='ocrx_word' id='word_1_753' title='bbox 3563 4225 3669 4283; x_wconf 75' lang='grc' dir='ltr'><strong>εού-</strong></span> 
     </span>
    </p>
   </div>
   <div class='ocr_carea' id='block_1_105' title="bbox 2030 4407 3280 4484">
    <p class='ocr_par' dir='ltr' id='par_1_105' title="bbox 2030 4407 3280 4484">
     <span class='ocr_line' id='line_1_107' title="bbox 2030 4407 3280 4484; baseline 0.005 -24"><span class='ocrx_word' id='word_1_754' title='bbox 2030 4413 2076 4468; x_wconf 86' lang='lat' dir='ltr'><strong>D</strong></span> <span class='ocrx_word' id='word_1_755' title='bbox 2174 4409 2286 4484; x_wconf 56' lang='grc' dir='ltr'><strong>(ξς)</strong></span> <span class='ocrx_word' id='word_1_756' title='bbox 2326 4408 2430 4484; x_wconf 74' lang='grc' dir='ltr'><strong>Καὶ</strong></span> <span class='ocrx_word' id='word_1_757' title='bbox 2448 4407 2649 4484; x_wconf 54' lang='grc' dir='ltr'><strong>δοκεῖ.</strong></span> <span class='ocrx_word' id='word_1_758' title='bbox 2672 4409 2714 4464; x_wconf 88' lang='grc' dir='ltr'>Α</span> <span class='ocrx_word' id='word_1_759' title='bbox 2741 4411 2793 4466; x_wconf 92' lang='lat' dir='ltr'><strong>in</strong></span> <span class='ocrx_word' id='word_1_760' title='bbox 2824 4413 3066 4484; x_wconf 82' lang='lat' dir='ltr'><strong>margine</strong></span> <span class='ocrx_word' id='word_1_761' title='bbox 3091 4411 3280 4484; x_wconf 22' lang='lat' dir='ltr'><strong>italia.</strong></span> 
     </span>
    </p>
   </div>
   <div class='ocr_carea' id='block_1_106' title="bbox 2170 4477 3426 4553">
    <p class='ocr_par' dir='ltr' id='par_1_106' title="bbox 2170 4477 3426 4553">
     <span class='ocr_line' id='line_1_108' title="bbox 2170 4477 3426 4553; baseline 0.006 -22"><span class='ocrx_word' id='word_1_762' title='bbox 2170 4477 2282 4553; x_wconf 55' lang='lat' dir='ltr'><strong>(g7)</strong></span> <span class='ocrx_word' id='word_1_763' title='bbox 2313 4477 2531 4553; x_wconf 51' lang='lat' dir='ltr'><strong>Aytﬁc.</strong></span> <span class='ocrx_word' id='word_1_764' title='bbox 2566 4481 2609 4553; x_wconf 59' lang='grc' dir='ltr'>ᾼ</span> <span class='ocrx_word' id='word_1_765' title='bbox 2639 4481 2691 4533; x_wconf 91' lang='lat' dir='ltr'><strong>in</strong></span> <span class='ocrx_word' id='word_1_766' title='bbox 2722 4477 2970 4553; x_wconf 72' lang='lat' dir='ltr'><strong>margine</strong></span> <span class='ocrx_word' id='word_1_767' title='bbox 2994 4482 3155 4552; x_wconf 79' lang='grc' dir='ltr'><strong>αὺτή.</strong></span> <span class='ocrx_word' id='word_1_768' title='bbox 3191 4483 3234 4534; x_wconf 90' lang='grc' dir='ltr'><strong>Β</strong></span> <span class='ocrx_word' id='word_1_769' title='bbox 3261 4481 3426 4553; x_wconf 82' lang='grc' dir='ltr'><strong>αὕτη.</strong></span> 
     </span>
    </p>
   </div>
   <div class='ocr_carea' id='block_1_107' title="bbox 2169 4548 3074 4624">
    <p class='ocr_par' dir='ltr' id='par_1_107' title="bbox 2169 4548 3074 4624">
     <span class='ocr_line' id='line_1_109' title="bbox 2169 4548 3074 4624; baseline 0.009 -25"><span class='ocrx_word' id='word_1_770' title='bbox 2331 4550 2427 4624; x_wconf 58' lang='grc' dir='ltr'><strong>ξΕν</strong></span> <span class='ocrx_word' id='word_1_771' title='bbox 2453 4548 2629 4624; x_wconf 79' lang='grc' dir='ltr'><strong>αὐτῇ.</strong></span> <span class='ocrx_word' id='word_1_772' title='bbox 2656 4553 2773 4624; x_wconf 86' lang='lat' dir='ltr'><strong>A_B</strong></span> <span class='ocrx_word' id='word_1_773' title='bbox 2801 4548 2863 4604; x_wconf 71' lang='grc' dir='ltr'><strong>ὲν</strong></span> <span class='ocrx_word' id='word_1_774' title='bbox 2887 4556 3074 4624; x_wconf 80' lang='grc' dir='ltr'><strong>ἑαυτῇ.</strong></span> 
     </span>
    </p>
   </div>
   <div class='ocr_carea' id='block_1_108' title="bbox 2169 4619 3220 4704">
    <p class='ocr_par' dir='ltr' id='par_1_108' title="bbox 2169 4619 3220 4704">
     <span class='ocr_line' id='line_1_110' title="bbox 2169 4619 3220 4704; baseline 0 0"><span class='ocrx_word' id='word_1_775' title='bbox 2169 4619 2280 4704; x_wconf 65' lang='grc' dir='ltr'><strong>ςὲἓῖὶ</strong></span> <span class='ocrx_word' id='word_1_776' title='bbox 2327 4620 2672 4704; x_wconf 55' lang='lat' dir='ltr'><strong>331mm?”-</strong></span> <span class='ocrx_word' id='word_1_777' title='bbox 2705 4622 2746 4704; x_wconf 64' lang='grc' dir='ltr'>β</span> <span class='ocrx_word' id='word_1_778' title='bbox 2775 4619 3060 4704; x_wconf 40' lang='lat' dir='ltr'><strong>exarare?</strong></span> <span class='ocrx_word' id='word_1_779' title='bbox 3084 4623 3220 4704; x_wconf 55' lang='grc' dir='ltr'><strong>ἔσει·</strong></span> 
     </span>
    </p>
   </div>
   <div class='ocr_carea' id='block_1_109' title="bbox 2168 4689 3213 4755">
    <p class='ocr_par' dir='ltr' id='par_1_109' title="bbox 2168 4689 3213 4755">
     <span class='ocr_line' id='line_1_111' title="bbox 2168 4689 3213 4755; baseline 0.006 -13"><span class='ocrx_word' id='word_1_780' title='bbox 2168 4689 2280 4755; x_wconf 81' lang='grc'><strong>(50)</strong></span> <span class='ocrx_word' id='word_1_781' title='bbox 2319 4689 2562 4753; x_wconf 80' lang='grc' dir='ltr'><strong>Πάντως</strong></span> <span class='ocrx_word' id='word_1_782' title='bbox 2588 4690 2740 4744; x_wconf 84' lang='grc' dir='ltr'><strong>ἐστί.</strong></span> <span class='ocrx_word' id='word_1_783' title='bbox 2791 4689 3109 4748; x_wconf 65' lang='grc' dir='ltr'><strong>Ἑστίυειει</strong></span> <span class='ocrx_word' id='word_1_784' title='bbox 3150 4691 3213 4748; x_wconf 84' lang='grc' dir='ltr'><strong>Β.</strong></span> 
     </span>
    </p>
   </div>
   <div class='ocr_carea' id='block_1_110' title="bbox 2168 4757 2768 4898">
    <p class='ocr_par' dir='ltr' id='par_1_110' title="bbox 2168 4757 2768 4898">
     <span class='ocr_line' id='line_1_112' title="bbox 2168 4757 2768 4898; baseline 0.003 -87"><span class='ocrx_word' id='word_1_785' title='bbox 2168 4757 2281 4898; x_wconf 63' lang='grc'><strong>(51)</strong></span> <span class='ocrx_word' id='word_1_786' title='bbox 2315 4761 2486 4812; x_wconf 87' lang='grc' dir='ltr'><strong>Αὐτό.</strong></span> <span class='ocrx_word' id='word_1_787' title='bbox 2524 4760 2565 4813; x_wconf 92' lang='grc' dir='ltr'><strong>Β</strong></span> <span class='ocrx_word' id='word_1_788' title='bbox 2593 4760 2768 4813; x_wconf 82' lang='grc' dir='ltr'><strong>ἑαυτό.</strong></span> 
     </span>
     <span class='ocr_line' id='line_1_113' title="bbox 2168 4828 2764 4895; baseline 0 -12"><span class='ocrx_word' id='word_1_789' title='bbox 2168 4830 2260 4895; x_wconf 69' lang='grc'><strong>(52</strong></span> <span class='ocrx_word' id='word_1_790' title='bbox 2311 4828 2406 4882; x_wconf 83' lang='grc' dir='ltr'><strong>Διὸ</strong></span> <span class='ocrx_word' id='word_1_791' title='bbox 2442 4829 2528 4882; x_wconf 88' lang='grc' dir='ltr'><strong>τό.</strong></span> <span class='ocrx_word' id='word_1_792' title='bbox 2565 4831 2606 4881; x_wconf 90' lang='grc' dir='ltr'><strong>Β</strong></span> <span class='ocrx_word' id='word_1_793' title='bbox 2630 4830 2764 4883; x_wconf 85' lang='grc' dir='ltr'><strong>διότι</strong></span> 
     </span>
    </p>
   </div>
   <div class='ocr_carea' id='block_1_111' title="bbox 2167 4828 3669 4895">
    <p class='ocr_par' dir='ltr' id='par_1_111' title="bbox 2167 4828 3669 4895">
     <span class='ocr_line' id='line_1_114' title="bbox 2167 4828 3669 4895; baseline 0.003 -12"><span class='ocrx_word' id='word_1_794' title='bbox 2167 4828 2280 4895; x_wconf 69' lang='grc'><strong>(52)</strong></span> <span class='ocrx_word' id='word_1_795' title='bbox 2311 4828 2406 4882; x_wconf 84' lang='grc' dir='ltr'><strong>Διὸ</strong></span> <span class='ocrx_word' id='word_1_796' title='bbox 2442 4829 2528 4882; x_wconf 89' lang='grc' dir='ltr'><strong>τό.</strong></span> <span class='ocrx_word' id='word_1_797' title='bbox 2565 4831 2606 4881; x_wconf 90' lang='grc' dir='ltr'><strong>Β</strong></span> <span class='ocrx_word' id='word_1_798' title='bbox 2630 4830 2784 4883; x_wconf 83' lang='grc' dir='ltr'><strong>διότι.</strong></span> <span class='ocrx_word' id='word_1_799' title='bbox 2813 4830 2894 4884; x_wconf 86' lang='lat' dir='ltr'><strong>Ad</strong></span> <span class='ocrx_word' id='word_1_800' title='bbox 2922 4831 3083 4886; x_wconf 85' lang='lat' dir='ltr'><strong>verba</strong></span> <span class='ocrx_word' id='word_1_801' title='bbox 3111 4831 3245 4884; x_wconf 88' lang='grc' dir='ltr'><strong>διότι</strong></span> <span class='ocrx_word' id='word_1_802' title='bbox 3275 4830 3438 4886; x_wconf 88' lang='grc' dir='ltr'><strong>καλόν</strong></span> <span class='ocrx_word' id='word_1_803' title='bbox 3459 4833 3574 4886; x_wconf 77' lang='grc' dir='ltr'><strong>ἐστι</strong></span> <span class='ocrx_word' id='word_1_804' title='bbox 3613 4833 3669 4888; x_wconf 85' lang='lat' dir='ltr'><strong>in</strong></span> 
     </span>
    </p>
   </div>
   <div class='ocr_carea' id='block_1_112' title="bbox 2095 4898 3666 4983">
    <p class='ocr_par' dir='ltr' id='par_1_112' title="bbox 2095 4898 3666 4983">
     <span class='ocr_line' id='line_1_115' title="bbox 2095 4898 3666 4983; baseline 0.001 -28"><span class='ocrx_word' id='word_1_805' title='bbox 2095 4898 2245 4983; x_wconf 65' lang='lat' dir='ltr'><strong>calce</strong></span> <span class='ocrx_word' id='word_1_806' title='bbox 2274 4898 2478 4983; x_wconf 54' lang='lat' dir='ltr'><strong>codicis</strong></span> <span class='ocrx_word' id='word_1_807' title='bbox 2499 4898 2535 4951; x_wconf 77' lang='grc' dir='ltr'>Α</span> <span class='ocrx_word' id='word_1_808' title='bbox 2569 4899 2970 4983; x_wconf 49' lang='grc' dir='ltr'><strong>Ιιωερριθηιμτ</strong></span> <span class='ocrx_word' id='word_1_809' title='bbox 2996 4918 3009 4952; x_wconf 93' lang='lat'><strong>:</strong></span> <span class='ocrx_word' id='word_1_810' title='bbox 3039 4902 3353 4983; x_wconf 43' lang='grc' dir='ltr'><strong>Ὀτι-κόρον</strong></span> <span class='ocrx_word' id='word_1_811' title='bbox 3373 4903 3474 4956; x_wconf 84' lang='grc' dir='ltr'><strong>οὐκ</strong></span> <span class='ocrx_word' id='word_1_812' title='bbox 3498 4903 3666 4983; x_wconf 55' lang='grc' dir='ltr'><strong>ἔχειὴ</strong></span> 
     </span>
    </p>
   </div>
   <div class='ocr_carea' id='block_1_113' title="bbox 2095 4968 3670 5043">
    <p class='ocr_par' dir='ltr' id='par_1_113' title="bbox 2095 4968 3670 5043">
     <span class='ocr_line' id='line_1_116' title="bbox 2095 4968 3670 5043; baseline 0.002 -20"><span class='ocrx_word' id='word_1_813' title='bbox 2095 4968 2232 5043; x_wconf 70' lang='grc' dir='ltr'><strong>πρὸς</strong></span> <span class='ocrx_word' id='word_1_814' title='bbox 2256 4969 2346 5022; x_wconf 84' lang='grc' dir='ltr'><strong>τὸν</strong></span> <span class='ocrx_word' id='word_1_815' title='bbox 2374 4968 2506 5043; x_wconf 66' lang='grc' dir='ltr'><strong>βεὸν</strong></span> <span class='ocrx_word' id='word_1_816' title='bbox 2537 4968 2654 5043; x_wconf 23' lang='grc' dir='ltr'><strong>*τών</strong></span> <span class='ocrx_word' id='word_1_817' title='bbox 2687 4970 2858 5043; x_wconf 81' lang='grc' dir='ltr'><strong>ἁγίων</strong></span> <span class='ocrx_word' id='word_1_818' title='bbox 2889 4971 3202 5043; x_wconf 83' lang='grc' dir='ltr'><strong>ἀγαπητικὴ</strong></span> <span class='ocrx_word' id='word_1_819' title='bbox 3225 4968 3450 5043; x_wconf 66' lang='grc' dir='ltr'><strong>σχέσις.</strong></span> 
     </span>
    </p>
   </div>
   <div class='ocr_carea' id='block_1_114' title="bbox 2093 5037 3669 5110">
    <p class='ocr_par' dir='ltr' id='par_1_114' title="bbox 2093 5037 3669 5110">
     <span class='ocr_line' id='line_1_117' title="bbox 2093 5037 3669 5110; baseline 0.002 -18"><span class='ocrx_word' id='word_1_820' title='bbox 2093 5037 2186 5094; x_wconf 79' lang='grc' dir='ltr'><strong>οὖν</strong></span> <span class='ocrx_word' id='word_1_821' title='bbox 2200 5041 2346 5091; x_wconf 77' lang='grc' dir='ltr'><strong>ἐστιν</strong></span> <span class='ocrx_word' id='word_1_822' title='bbox 2366 5040 2394 5091; x_wconf 77' lang='grc' dir='ltr'><strong>ὁ</strong></span> <span class='ocrx_word' id='word_1_823' title='bbox 2423 5040 2559 5110; x_wconf 48' lang='grc' dir='ltr'><strong>παρέ</strong></span> <span class='ocrx_word' id='word_1_824' title='bbox 2579 5039 2886 5109; x_wconf 86' lang='grc' dir='ltr'><strong>Ὠριγένους</strong></span> <span class='ocrx_word' id='word_1_825' title='bbox 2913 5037 3404 5104; x_wconf 71' lang='grc' dir='ltr'><strong>ἀναπλασθέὶςτῶν</strong></span> <span class='ocrx_word' id='word_1_826' title='bbox 3423 5037 3669 5095; x_wconf 69' lang='grc' dir='ltr'><strong>νόωνίιώο</strong></span> 
     </span>
    </p>
   </div>
   <div class='ocr_carea' id='block_1_115' title="bbox 2131 5109 3667 5183">
    <p class='ocr_par' dir='ltr' id='par_1_115' title="bbox 2131 5109 3667 5183">
     <span class='ocr_line' id='line_1_118' title="bbox 2131 5109 3667 5183; baseline 0.001 -20"><span class='ocrx_word' id='word_1_827' title='bbox 2131 5127 2208 5183; x_wconf 75' lang='grc' dir='ltr'><strong>ος,</strong></span> <span class='ocrx_word' id='word_1_828' title='bbox 2229 5110 2367 5183; x_wconf 44' lang='lat' dir='ltr'><strong>{uti}</strong></span> <span class='ocrx_word' id='word_1_829' title='bbox 2387 5112 2450 5162; x_wconf 79' lang='grc' dir='ltr'><strong>ἐκ</strong></span> <span class='ocrx_word' id='word_1_830' title='bbox 2473 5109 2660 5183; x_wconf 50' lang='lat' dir='ltr'><strong>petito];</strong></span> <span class='ocrx_word' id='word_1_831' title='bbox 2674 5111 3019 5183; x_wconf 76' lang='grc' dir='ltr'><strong>κατάπτωσις</strong></span> <span class='ocrx_word' id='word_1_832' title='bbox 3040 5111 3220 5183; x_wconf 76' lang='grc' dir='ltr'><strong>αὐτῶν</strong></span> <span class='ocrx_word' id='word_1_833' title='bbox 3239 5112 3667 5183; x_wconf 12' lang='grc' dir='ltr'><strong>καὶῄἀνάκλησις,</strong></span> 
     </span>
    </p>
   </div>
   <div class='ocr_carea' id='block_1_116' title="bbox 2132 5175 3667 5252">
    <p class='ocr_par' dir='ltr' id='par_1_116' title="bbox 2132 5175 3667 5252">
     <span class='ocr_line' id='line_1_119' title="bbox 2132 5175 3667 5252; baseline 0.002 -22"><span class='ocrx_word' id='word_1_834' title='bbox 2132 5180 2197 5252; x_wconf 64' lang='grc' dir='ltr'><strong>φ’⁸</strong></span> <span class='ocrx_word' id='word_1_835' title='bbox 2216 5175 2277 5252; x_wconf 53' lang='lat' dir='ltr'><strong>ob</strong></span> <span class='ocrx_word' id='word_1_836' title='bbox 2311 5175 2372 5252; x_wconf 70' lang='grc' dir='ltr'><strong>τὸ</strong></span> <span class='ocrx_word' id='word_1_837' title='bbox 2403 5177 2834 5252; x_wconf 62' lang='grc' dir='ltr'><strong>πλυθρρλλητον</strong></span> <span class='ocrx_word' id='word_1_838' title='bbox 2857 5179 3032 5250; x_wconf 86' lang='grc' dir='ltr'><strong>δόγμα</strong></span> <span class='ocrx_word' id='word_1_839' title='bbox 3071 5181 3172 5252; x_wconf 82' lang='grc' dir='ltr'><strong>τῆς</strong></span> <span class='ocrx_word' id='word_1_840' title='bbox 3196 5181 3302 5234; x_wconf 86' lang='grc' dir='ltr'><strong>τῶν</strong></span> <span class='ocrx_word' id='word_1_841' title='bbox 3323 5181 3511 5251; x_wconf 78' lang='grc' dir='ltr'><strong>ψυχῶν</strong></span> <span class='ocrx_word' id='word_1_842' title='bbox 3535 5175 3667 5252; x_wconf 63' lang='grc' dir='ltr'><strong>προὲ</strong></span> 
     </span>
    </p>
   </div>
   <div class='ocr_carea' id='block_1_117' title="bbox 2093 5247 3665 5321">
    <p class='ocr_par' dir='ltr' id='par_1_117' title="bbox 2093 5247 3665 5321">
     <span class='ocr_line' id='line_1_120' title="bbox 2093 5247 3665 5321; baseline 0.001 -19"><span class='ocrx_word' id='word_1_843' title='bbox 2093 5247 2379 5321; x_wconf 78' lang='grc' dir='ltr'><strong>υπάρξεώς</strong></span> <span class='ocrx_word' id='word_1_844' title='bbox 2401 5265 2460 5300; x_wconf 86' lang='grc' dir='ltr'><strong>τε</strong></span> <span class='ocrx_word' id='word_1_845' title='bbox 2487 5247 2584 5300; x_wconf 73' lang='grc' dir='ltr'><strong>καῖ</strong></span> <span class='ocrx_word' id='word_1_846' title='bbox 2600 5247 3092 5321; x_wconf 73' lang='grc' dir='ltr'><strong>ἀποκαταστάσεως</strong></span> <span class='ocrx_word' id='word_1_847' title='bbox 3119 5247 3493 5321; x_wconf 50' lang='grc' dir='ltr'><strong>ἀστάτῳίφορᾷ</strong></span> <span class='ocrx_word' id='word_1_848' title='bbox 3509 5247 3665 5318; x_wconf 81' lang='grc' dir='ltr'><strong>περι-</strong></span> 
     </span>
    </p>
   </div>
   <div class='ocr_carea' id='block_1_118' title="bbox 2094 5308 3669 5402">
    <p class='ocr_par' dir='ltr' id='par_1_118' title="bbox 2094 5308 3669 5402">
     <span class='ocr_line' id='line_1_121' title="bbox 2094 5308 3669 5402; baseline 0.003 -32"><span class='ocrx_word' id='word_1_849' title='bbox 2094 5308 2407 5402; x_wconf 62' lang='grc' dir='ltr'><strong>ιρερρμίένων</strong></span> <span class='ocrx_word' id='word_1_850' title='bbox 2432 5319 2822 5402; x_wconf 53' lang='grc' dir='ltr'><strong>κατασκευάζει</strong></span> <span class='ocrx_word' id='word_1_851' title='bbox 2847 5318 2916 5402; x_wconf 67' lang='grc' dir='ltr'><strong>τά</strong></span> <span class='ocrx_word' id='word_1_852' title='bbox 2954 5308 3240 5402; x_wconf 64' lang='grc' dir='ltr'><strong>Ἐλληνικά</strong></span> <span class='ocrx_word' id='word_1_853' title='bbox 3259 5308 3669 5402; x_wconf 46' lang='grc' dir='ltr'><strong>μυθεύματαξτῇ</strong></span> 
     </span>
    </p>
   </div>
   <div class='ocr_carea' id='block_1_119' title="bbox 2093 5387 3668 5463">
    <p class='ocr_par' dir='ltr' id='par_1_119' title="bbox 2093 5387 3668 5463">
     <span class='ocr_line' id='line_1_122' title="bbox 2093 5387 3668 5463; baseline 0.002 -21"><span class='ocrx_word' id='word_1_854' title='bbox 2093 5387 2518 5463; x_wconf 57' lang='grc' dir='ltr'><strong>ἐκκλησιαστικῇ</strong></span> <span class='ocrx_word' id='word_1_855' title='bbox 2575 5387 2799 5463; x_wconf 63' lang='grc' dir='ltr'><strong>ἀληθείᾳ</strong></span> <span class='ocrx_word' id='word_1_856' title='bbox 2850 5389 2927 5452; x_wconf 87' lang='grc' dir='ltr'><strong>ώς</strong></span> <span class='ocrx_word' id='word_1_857' title='bbox 2981 5387 3166 5445; x_wconf 86' lang='grc' dir='ltr'><strong>κακῶν</strong></span> <span class='ocrx_word' id='word_1_858' title='bbox 3219 5387 3668 5463; x_wconf 74' lang='grc' dir='ltr'><strong>παστιγκάπηλοξ</strong></span> 
     </span>
    </p>
   </div>
   <div class='ocr_carea' id='block_1_120' title="bbox 2093 5457 2756 5532">
    <p class='ocr_par' dir='ltr' id='par_1_120' title="bbox 2093 5457 2756 5532">
     <span class='ocr_line' id='line_1_123' title="bbox 2093 5457 2756 5532; baseline -0.002 -20"><span class='ocrx_word' id='word_1_859' title='bbox 2093 5458 2406 5532; x_wconf 53' lang='grc' dir='ltr'><strong>προσμῖξαι</strong></span> <span class='ocrx_word' id='word_1_860' title='bbox 2431 5457 2756 5532; x_wconf 59' lang='grc' dir='ltr'><strong>σπουδάσας.</strong></span> 
     </span>
    </p>
   </div>
   <div class='ocr_carea' id='block_1_121' title="bbox 2164 5525 2922 5598">
    <p class='ocr_par' dir='ltr' id='par_1_121' title="bbox 2164 5525 2922 5598">
     <span class='ocr_line' id='line_1_124' title="bbox 2164 5525 2922 5598; baseline -0.001 -17"><span class='ocrx_word' id='word_1_861' title='bbox 2164 5525 2277 5598; x_wconf 86' lang='grc'><strong>(55)</strong></span> <span class='ocrx_word' id='word_1_862' title='bbox 2320 5525 2659 5598; x_wconf 40' lang='grc' dir='ltr'><strong>ἈληθῶςηΒ</strong></span> <span class='ocrx_word' id='word_1_863' title='bbox 2688 5527 2922 5598; x_wconf 82' lang='grc' dir='ltr'><strong>ἀληθοῦς</strong></span> 
     </span>
    </p>
   </div>
   <div class='ocr_carea' id='block_1_122' title="bbox 2163 5596 3661 5672">
    <p class='ocr_par' dir='ltr' id='par_1_122' title="bbox 2163 5596 3661 5672">
     <span class='ocr_line' id='line_1_125' title="bbox 2163 5596 3661 5672; baseline 0.003 -22"><span class='ocrx_word' id='word_1_864' title='bbox 2163 5596 2276 5672; x_wconf 50' lang='grc'><strong>(54)</strong></span> <span class='ocrx_word' id='word_1_865' title='bbox 2308 5601 2390 5652; x_wconf 83' lang='grc' dir='ltr'><strong>Οὐ</strong></span> <span class='ocrx_word' id='word_1_866' title='bbox 2411 5596 2823 5672; x_wconf 40' lang='grc' dir='ltr'><strong>Δ,ττροσάπιτιιντ-έιι</strong></span> <span class='ocrx_word' id='word_1_867' title='bbox 2844 5615 2900 5652; x_wconf 87' lang='grc' dir='ltr'><strong>κ.</strong></span> <span class='ocrx_word' id='word_1_868' title='bbox 3001 5601 3160 5672; x_wconf 83' lang='grc' dir='ltr'><strong>κόρος</strong></span> <span class='ocrx_word' id='word_1_869' title='bbox 3187 5601 3248 5655; x_wconf 81' lang='grc' dir='ltr'><strong>οὐ</strong></span> <span class='ocrx_word' id='word_1_870' title='bbox 3273 5602 3661 5672; x_wconf 80' lang='grc' dir='ltr'><strong>προσάπτεται.</strong></span> 
     </span>
    </p>
   </div>
   <div class='ocr_carea' id='block_1_123' title="bbox 2163 5667 3666 5792">
    <p class='ocr_par' dir='ltr' id='par_1_123' title="bbox 2163 5667 3666 5792">
     <span class='ocr_line' id='line_1_126' title="bbox 2163 5667 3666 5792; baseline 0.001 -70"><span class='ocrx_word' id='word_1_871' title='bbox 2163 5670 2277 5792; x_wconf 55' lang='grc' dir='ltr'><strong>(ῑὲὅ)</strong></span> <span class='ocrx_word' id='word_1_872' title='bbox 2309 5667 2464 5738; x_wconf 75' lang='grc' dir='ltr'><strong>Πρὸς</strong></span> <span class='ocrx_word' id='word_1_873' title='bbox 2509 5667 2577 5721; x_wconf 85' lang='grc' dir='ltr'><strong>τὸ</strong></span> <span class='ocrx_word' id='word_1_874' title='bbox 2624 5669 2814 5723; x_wconf 81' lang='grc' dir='ltr'><strong>καλὸν</strong></span> <span class='ocrx_word' id='word_1_875' title='bbox 2859 5667 3096 5740; x_wconf 70' lang='grc' dir='ltr'><strong>σχέσινῖ.</strong></span> <span class='ocrx_word' id='word_1_876' title='bbox 3125 5672 3167 5724; x_wconf 89' lang='grc' dir='ltr'><strong>Β</strong></span> <span class='ocrx_word' id='word_1_877' title='bbox 3214 5667 3400 5743; x_wconf 78' lang='grc' dir='ltr'><strong>σχέσιν</strong></span> <span class='ocrx_word' id='word_1_878' title='bbox 3429 5671 3562 5743; x_wconf 72' lang='grc' dir='ltr'><strong>προς</strong></span> <span class='ocrx_word' id='word_1_879' title='bbox 3604 5671 3666 5725; x_wconf 79' lang='grc' dir='ltr'><strong>τὸ</strong></span> 
     </span>
     <span class='ocr_line' id='line_1_127' title="bbox 2163 5753 2274 5792; baseline 0.027 -3"><span class='ocrx_word' id='word_1_880' title='bbox 2163 5753 2195 5791; x_wconf 67' lang='grc' dir='ltr'><strong><em>Α</em></strong></span> <span class='ocrx_word' id='word_1_881' title='bbox 2227 5756 2274 5792; x_wconf 94' lang='grc' dir='ltr'><strong>ν.</strong></span> 
     </span>
    </p>
   </div>
   <div class='ocr_carea' id='block_1_124' title="bbox 2093 5753 2274 5795">
    <p class='ocr_par' dir='ltr' id='par_1_124' title="bbox 2093 5753 2274 5795">
     <span class='ocr_line' id='line_1_128' title="bbox 2093 5753 2274 5795; baseline 0.006 -1"><span class='ocrx_word' id='word_1_882' title='bbox 2093 5753 2274 5795; x_wconf 77' lang='grc' dir='ltr'><strong>καΑον.</strong></span> 
     </span>
    </p>
   </div>
  </div>
