4046 6350
349 306 429 368 οιι
1435 296 1523 351 oe
1562 294 1779 349 ANIMA
1828 293 1916 347 er

2036 292 2136 350 ZSU
2150 291 2562 350 RRECTIONE.
3547 292 3619 351 98

350 436 440 474 σιν
468 416 604 485 ἐστὶ,
633 414 729 471 καὶ
772 412 1130 484 ἀγαπητικιῖκ
1159 410 1294 482 πρὸς
1320 410 1380 464 τὸ
1422 410 1582 463 καλὸν
1614 410 1678 463 ὲκ
1715 409 1931 478 φύσεως

2036 424 2260 477 prorsus
2300 408 2370 462 ab
2420 408 2489 463 iis
2536 406 2630 477 qui
2685 405 2738 462 id
2796 414 3137 478 cognoscunt
3190 406 3483 465 dilectione
3527 410 3617 465 di-

353 512 491 580 ἔχει,
526 509 620 563 καὶ
648 509 774 577 ὅρον
801 506 913 576 (56)
958 506 1055 574 τῆς
1094 501 1235 556 κατά
1260 501 1358 571 τὴν
1390 501 1608 569 ἀγάπην
1654 499 1931 569 ἐνεργείας

2036 517 2201 569 gnum
2259 501 2492 554 habetur
2542 519 2554 555 :
2611 502 2967 572 cognoscitur
3022 508 3204 556 autem
3270 501 3325 555 id
3392 503 3617 558 nomine

351 603 453 655 οὐκ
492 600 602 671 ἔχει
627 640 642 665 ,
673 598 860 669 ἐπειδὴ
885 596 1004 650 ούδέ
1036 594 1130 647 τοῦ
1174 592 1339 646 καλοῦ
1369 610 1420 646 τι
1453 592 1625 663 πέρας
1650 590 1931 661 καταλαμ-

2037 591 2258 656 divino;
2315 591 2512 645 notitia
2563 606 2695 645 vero
2739 591 2794 645 in
2844 592 3195 646 dilectionem
3253 594 3613 659 convertitur,

352 693 593 755 ϐάνεται,
625 689 702 753 ὼς
739 686 1131 755 συναπολὴγειν
1163 682 1241 753 τῷ
1274 682 1467 751 πέρατι
1500 680 1592 733 τοῦ
1638 678 1805 732 καλοῦ
1836 679 1933 749 τὴν

2039 692 2323 752 propterea
2377 685 2521 755 quod
2576 694 2769 738 natura
2826 684 3031 738 bonum
3060 693 3116 737 et
3175 684 3464 738 honestum
3532 693 3615 737 est

351 784 573 852 ἀγάπην
597 795 609 809 ·
644 779 789 850 μόνῳ
820 778 928 846 γάρ
961 775 1037 843 τῷ
1069 774 1179 844 (57)
1216 773 1441 843 ἐναντίῳ
1470 772 1531 825 τὸ
1566 771 1727 824 καλὸν
1764 788 1927 841 περα-

2044 774 2098 827 id
2183 775 2328 845 quod
2397 777 2793 845 cognoscitur;
2876 776 2928 830 id
3017 784 3197 829 autem
3266 776 3409 845 quod
3488 792 3615 831 vere

350 872 559 926 τιοῦται
585 888 597 901 ·
652 863 713 921 οὗ
756 868 811 921 δὲ
862 866 971 937 ('58)
1003 868 1037 937 ἠ
1088 864 1249 933 φύσις
1286 861 1633 923 ἀνεπίδεκτός
1679 863 1794 913 ἐστι
1839 859 1933 913 τοῦ

2036 870 2237 922 bonum
2298 875 2351 921 et
2402 867 2691 921 honestum
2738 875 2842 929 est,
2882 882 2909 919 a
2956 866 3219 935 petulanti
3273 876 3437 935 atque
3487 882 3615 935 pro-

350 964 609 1035 χείρονος,
644 960 777 1030 πρὸς
808 958 869 1012 τὸ
895 956 1196 1028 ἀπέραντόν
1222 973 1280 1008 τε
1310 954 1406 1008 καὶ
1435 953 1683 1023 ἀόριστον
1709 952 1769 1006 τὸ
1796 954 1931 1021 ἀγαο

2036 966 2185 1011 terva
2234 957 2482 1011 satietate
2526 972 2632 1011 non
2690 957 2989 1027 attingitur.
3048 956 3217 1011 Porro
3254 961 3505 1011 satietate
3534 958 3616 1010 di-

352 1055 444 1107 θὸν
474 1053 857 1123 προελεύσεται
885 1050 1019 1121 (59).

2036 1048 2305 1116 lectionis.
2341 1048 2588 1102 habitum
2629 1057 2683 1102 et
2735 1048 2987 1103 affectum
3023 1048 3091 1103 ad
3133 1048 3185 1103 id
3237 1050 3380 1118 quod
3411 1049 3613 1103 bonum

351 1158 406 1204 et
453 1148 741 1201 honestum
800 1152 904 1207 est,
970 1158 1077 1196 non
1139 1141 1586 1209 interrumpente,
1626 1140 1807 1193 divina
1857 1138 1965 1194 vita
2036 1157 2252 1212 semper
2298 1158 2395 1211 per
2440 1142 2761 1197 charitatem
2813 1157 2878 1197 ac
2930 1142 3281 1198 dilectionem
3344 1145 3613 1214 exigetur,

350 1255 474 1311 qua:
503 1238 610 1290 vita
644 1251 768 1287 cum
817 1242 1009 1287 natura
1056 1232 1196 1286 bona
1237 1241 1399 1300 atque
1467 1230 1691 1285 honesta
1724 1239 1829 1292 est.
1898 1239 2011 1284 tum
2051 1247 2177 1302 erga
2225 1233 2278 1287 id
2321 1232 2465 1303 quod
2509 1234 2713 1287 bonum
2751 1241 2803 1287 et
2852 1234 3141 1288 honestum
3173 1244 3276 1297 est,
3310 1234 3617 1291 dilectionis

353 1329 549 1385 allecto
590 1337 782 1379 natura
822 1324 1046 1394 praedita
1079 1330 1182 1387 est,
1213 1337 1275 1376 ac
1307 1323 1598 1376 terminum
1624 1331 1676 1375 et
1706 1321 2010 1377 satietatem
2060 1323 2317 1394 diligendi
2372 1327 2604 1381 actionis
2642 1340 2751 1379 non
2804 1325 2988 1389 habet,
3042 1327 3301 1396 quoniam
3350 1343 3449 1381 nec
3486 1328 3612 1382 boni

349 1432 408 1478 et
452 1419 666 1475 honesti
701 1416 917 1488 quidem
959 1415 1157 1485 aliquis
1196 1414 1319 1469 finis
1347 1412 1790 1483 deprehenditur,
1829 1421 1887 1465 ut
1928 1430 2033 1467 una
2067 1431 2189 1469 eum
2228 1418 2335 1469 line
2365 1416 2492 1470 boni
2545 1425 2600 1472 et
2643 1416 2855 1470 honesti
2905 1416 3144 1473 charitas
3180 1426 3344 1488 atque
3394 1419 3615 1474 dilectio

350 1525 569 1581 quoque
611 1506 849 1561 desinat.
895 1504 1027 1559 Nam
1068 1503 1185 1557 solo
1230 1505 1507 1556 contrario
1546 1503 1746 1556 bonum
1794 1511 1957 1572 atque
2014 1504 2301 1559 honestum
2371 1506 2697 1560 terminatur
2745 1514 2908 1575 atque
2978 1506 3185 1561 ﬁnitur.
3226 1507 3396 1577 Cujus
3431 1518 3612 1563 autem

351 1599 481 1655 boni
532 1613 595 1653 ea
633 1606 829 1651 natura
865 1606 969 1659 est,
1022 1611 1142 1664 quae
1179 1594 1419 1647 deterius
1443 1608 1551 1646 non
1595 1593 1867 1657 admittat,
1903 1594 1955 1648 id
1990 1595 2042 1647 in
2074 1596 2344 1649 inﬁnitum
2383 1606 2437 1650 et
2493 1595 2972 1650 indeterminatum
3004 1611 3179 1666 usque
3216 1597 3611 1667 progredietur.

439 1735 589 1789 Ἐπεὶ
617 1730 709 1788 οὖν
749 1732 971 1802 ἑλκτικὴ
1002 1732 1109 1784 τῶν
1148 1731 1363 1784 οἰκείων
1390 1732 1541 1783 πᾶσα
1566 1730 1723 1798 φύσις
1762 1729 1930 1791 ἐστὶν,

350 1829 549 1881 οἰκεῖον
571 1825 628 1879 δέ
662 1842 777 1887 πως
816 1822 895 1892 τῷ
919 1821 1037 1891 Θεῷ
1059 1822 1119 1874 τὸ
1150 1820 1512 1891 ἀνθρώπινον,
1542 1820 1636 1873 ᾶτε
1668 1820 1733 1891 δὴ
1768 1819 1934 1891 φέρον

2106 1732 2374 1799 Quoniam
2426 1732 2595 1803 igitur
2652 1732 2920 1802 cujusque
2972 1739 3185 1787 natura;
3235 1748 3297 1786 ea
3358 1734 3442 1787 vis
3504 1742 3611 1799 est,

2036 1829 2092 1876 ut
2131 1822 2334 1888 aﬂinia,
2390 1821 2633 1891 propria,
2683 1829 2848 1892 atque
2892 1828 3125 1889 cognata
3164 1822 3427 1884 attrahat,
3487 1839 3615 1892 pro—

356 1921 418 1974 ἐν
461 1918 640 1987 ἐαυτῷ
691 1916 787 1969 τοῦ
828 1914 1134 1986 ἀρχετύπου
1190 1914 1484 1984 μιμήματα
1529 1912 1665 1983 (40),
1720 1912 1934 1965 ἕλκεται

353 2010 498 2066 κατὰ
525 2009 705 2063 πᾶσαν
736 2008 977 2075 ἀνάγκην
1008 2004 1144 2076 πρὸς
1173 2005 1235 2057 τὸ
1272 2004 1414 2057 θεῖόν
1444 2020 1503 2055 τε
1539 2003 1632 2055 καὶ
1676 2001 1934 2070 συγγενὲς

353 2105 390 2173 ἡ
424 2103 589 2173 ψυχή.
626 2103 718 2154 Δεῖ
744 2099 851 2170 γὰρ
876 2098 1054 2168 πάντη
1086 2098 1181 2150 καὶ
1214 2097 1431 2159 πάντως
1458 2096 1534 2167 τῷ
1563 2095 1682 2165 Θεῷ
1716 2097 1932 2149 ἀποσω-

357 2194 513 2265 θῆναι
564 2193 623 2245 τὸ
664 2192 814 2245 ἴδιονο
864 2190 977 2244 ἀλλ’
1034 2190 1081 2242 ει
1135 2188 1231 2257 μὲν
1280 2188 1454 2257 κούφη
1510 2187 1602 2239 καὶ
1650 2185 1934 2256 άπέριττος

354 2288 493 2355 τύχῃ
547 2283 680 2350 (4|),
741 2280 1008 2351 μηδεμιᾶς
1057 2278 1375 2348 σωματικῆς
1420 2276 1712 2347 ἀχθηδόνος
1765 2274 1934 2344 αὐτὴν

357 2374 648 2444 πιεζούσης
670 2414 685 2436 ,
733 2372 883 2443 ἡδεῖα
917 2371 1013 2424 καὶ
1053 2368 1271 2432 εὔκολος
1300 2370 1435 2438 αὐτῇ
1470 2368 1581 2437 (12)
1616 2368 1647 2436 ἡ
1684 2365 1819 2436 πρὸς
1845 2364 1935 2417 τδν

356 2466 735 2536 ἐπισπώμενον
789 2460 1174 2533 προσχώρησις
1223 2460 1450 2527 γίνεται.
1502 2459 1563 2510 Εἰ
1594 2458 1649 2510 δὲ
1690 2459 1801 2519 τοῖς
1837 2456 1935 2525 τῆς

357 2555 726 2629 προπαθείας
754 2554 904 2622 ἥλοις
930 2553 1006 2615 είς
1032 2552 1128 2621 τὴν
1158 2551 1295 2620 πρὸς
1316 2548 1385 2602 τά
1410 2547 1586 2618 ὑλώδη
1610 2546 1791 2616 σχέσιν
1815 2546 1929 2615 (45)
1967 2558 1974 2567 ‘

357 2650 648 2719 κατα-παρῇ
682 2646 816 2716 (41),
850 2639 960 2697 οἷόν
998 2660 1119 2696 τινα
1151 2643 1264 2712 (45)
1300 2640 1528 2710 πάσχειν
1556 2638 1700 2701 εἰκὸς
1722 2640 1778 2690 ἐν
1824 2638 1935 2699 τοῖς

358 2737 727 2809 συμπτώμασι
765 2735 874 2789 τῶν
907 2734 1164 2803 σεισμῶν,
1190 2732 1259 2785 τὰ
1295 2729 1656 2801 ἐμπιεσθέντα
1685 2730 1796 2792 τοῖς
1827 2726 1934 2799 χώ-

360 2847 494 2901 μασι
554 2827 817 2897 σώματα·
884 2823 1191 2894 προκείσθω
1252 2822 1307 2875 δὲ
1374 2820 1495 2873 καθ’
1564 2820 1817 2873 ὑπόθεσιν
1875 2816 1936 2871 τὸ

363 2922 438 2992 μὴ
464 2921 573 2989 (46)
616 2917 948 2989 βεϐαρῆσθαι
987 2916 1146 2985 μόνον
1194 2915 1331 2966 αύτά
1363 2915 1474 2975 τοῖς
1508 2909 1930 2981 συμπτώμασιν,

2036 1914 2301 1983 pinquum
2356 1922 2539 1967 autem
2598 1912 3002 1982 quodammodo
3051 1920 3215 1982 atque
3255 1915 3612 1982 conjunctum

2036 2005 2145 2059 Deo
2178 2021 2351 2076 genus
2387 2006 2686 2061 humanum
2730 2014 2834 2069 est,
2883 2006 3083 2076 quippe
3120 2006 3302 2062 ferens
3346 2008 3403 2062 in
3444 2022 3502 2062 se
3530 2009 3614 2063 ni-

2035 2095 2233 2148 mirum
2292 2095 2582 2165 imaginem
2627 2095 2947 2165 principalis
2986 2096 3193 2166 ﬁgurte,
3239 2100 3612 2152 necessarium

2035 2187 2192 2255 plane
2230 2195 2314 2240 est
2360 2196 2419 2240 ut
2460 2188 2641 2240 anima
2693 2189 2944 2241 trahatur
2972 2188 3038 2241 ad
3089 2188 3141 2244 id
3192 2191 3336 2258 quod
3370 2192 3610 2247 divinum

2036 2278 2195 2332 simul
2249 2287 2414 2348 atque
2458 2287 2750 2349 cognatum
2798 2289 2883 2335 est
2937 2280 3187 2350 (oportet
3237 2282 3382 2336 enim
3416 2298 3614 2352 usque-

2034 2385 2251 2439 quaque
2302 2370 2519 2439 penitus
2574 2385 2638 2423 ac
2676 2386 2901 2440 prorsus
2934 2371 3043 2426 Deo
3088 2387 3248 2427 suum
3278 2374 3610 2445 reservari);

2038 2460 2133 2515 sed
2163 2461 2210 2515 si
2241 2461 2460 2529 quidem
2494 2461 2650 2525 levis,
2691 2462 2940 2532 expedita
2972 2472 3135 2533 atque
3177 2464 3392 2519 sincera
3428 2466 3612 2530 fuerit,

2035 2562 2088 2605 et
2127 2551 2264 2604 nihil
2318 2550 2697 2605 redundantias
2742 2552 3248 2623 superﬂuitatisque
3297 2554 3352 2608 in
3409 2570 3468 2609 se
3518 2556 3614 2610 ha-

2035 2643 2244 2705 buerit,
2298 2644 2447 2696 nulla
2494 2648 2757 2713 eorp’orea
2814 2645 3062 2700 molestia
3128 2660 3248 2701 eam
3314 2659 3612 2717 premente,

2030 2734 2309 2803 jucundus
2346 2750 2411 2789 ac
2446 2734 2626 2790 facilis
2659 2736 2707 2789 ei
2736 2736 2800 2789 ad
2834 2736 3197 2795 altrahentem
3242 2752 3499 2794 accessus
3533 2738 3609 2793 fit.

2038 2825 2133 2879 Sin
2176 2833 2359 2880 autem
2398 2826 2706 2881 affectionis
2737 2826 2910 2881 clavis
2951 2827 3019 2882 ad
3060 2844 3185 2883 eum
3227 2829 3470 2885 habitum
3519 2831 3612 2900 qui

2036 2930 2161 2969 cum
2223 2917 2600 2971 materialihtts
2654 2918 2988 2988 conjunctus
3043 2928 3127 2974 est
3184 2928 3239 2974 et
3298 2920 3609 2977 aﬂinitaletn

361 3013 497 3069 ἀλλά
524 3014 616 3064 καὶ
643 3006 1134 3079 διαπεπρονῆσθαί
1158 3022 1295 3058 τισιν
1318 3002 1522 3065 ὀϐελοῖς
1556 3001 1589 3071 ἦ
1621 3001 1797 3088 ξύλοις
1820 3001 1929 3062 τοῖς

2038 3009 2199 3064 habet
2246 3011 2401 3064 allisa
2447 3010 2613 3064 fuerit
2658 3028 2671 3064 :
2721 3013 2882 3080 quale
2937 3012 3199 3081 quiddam
3251 3021 3411 3067 terra:
3463 3024 3611 3069 motu

362 3101 686 3173 ἐπυρεθείσι
733 3099 844 3168 (47)
889 3098 967 3168 τῷ
1018 3095 1232 3167 χώματι
1272 3094 1386 3165 (48‘,
1412 3108 1426 3121 ·
1476 3094 1609 3165 ὅπερ
1650 3087 1741 3144 οὖν
1782 3090 1928 3154 εἰκὸς

362 3195 646 3264 ὑπομεῖναι
688 3191 757 3246 τὰ
787 3190 930 3244 οὕτω
977 3187 1293 3256 διακείμενα
1334 3184 1597 3255 σώματα,
1632 3181 1781 3252 παρά
1822 3180 1929 3234 τῶν

359 3286 573 3339 οἰκείων
602 3285 697 3354 τῆς
731 3280 1098 3352 συμπτώσεως
1133 3278 1287 3339 ὁσίας
1322 3275 1431 3347 (49)
1478 3276 1664 3328 ἕνεκεν
1711 3273 1927 3339 ἐξελκό-

365 3393 521 3447 μενα’
554 3375 873 3439 ξανθαίβεται
905 3371 1012 3439 γὰρ
1039 3369 1254 3431 πάντως
1278 3407 1292 3431 ,
1332 3368 1426 3420 καὶ
1461 3364 1927 3437 σπαραχθήσεται,

361 3470 457 3525 καὶ
480 3471 590 3523 πᾶν
617 3467 793 3521 ὁτιοῦν
818 3465 924 3519 τῶν
956 3463 1352 3534 χαλεπωτάτων
1382 3460 1652 3523 πείσεται,
1683 3456 1776 3509 τοῦ
1823 3454 1931 3525 χώ-

364 3577 531 3634 ματος
551 3558 688 3613 αύτά
727 3556 822 3611 καὶ
846 3555 954 3608 τῶν
984 3555 1130 3624 ἥλων
1170 3553 1257 3607 διὰ
1282 3552 1379 3622 τὴν
1417 3551 1525 3604 τῶν
1557 3546 1931 3617 ἐφελκομένων

364 3652 484 3722 βίαν
516 3648 945 3712 καταξαινόντων
968 3662 982 3676 '
1012 3645 1249 3699 τοιοῦτόν
1284 3644 1335 3697 τί
1369 3659 1458 3712 μοι
1493 3641 1640 3695 δοκεί
1680 3640 1772 3693 καὶ
1805 3638 1933 3709 περὶ

360 3742 460 3814 τὴν
487 3741 663 3811 ψυχὴν
688 3738 933 3807 γίνεσθαι
964 3738 1132 3799 πάθος
1152 3776 1164 3797 ,
1199 3735 1328 3787 ὅταν
1362 3734 1395 3804 ἠ
1425 3732 1542 3785 θεία
1565 3730 1793 3799 δύναμις
1828 3728 1932 3782 ὑπὸ

361 3834 770 3905 φιλανθρωπίας
812 3834 876 3885 ἐκ
915 3832 1023 3884 τῶν
1065 3829 1273 3897 ἀλόγων
1305 3844 1365 3879 τε
1404 3824 1497 3878 καὶ
1545 3822 1745 3878 ὑλικῶν
1790 3839 1930 3892 συμ·

361 3925 670 3994 πτωμάτων
701 3922 998 3991 ἐφέλκηται
1026 3919 1136 3987 (50)
1162 3918 1224 3970 τὸ
1256 3917 1407 3971 ἴδιον.
1442 3914 1517 3967 Ού
1547 3912 1655 3984 γάρ
1682 3912 1791 3982 (51)
1839 3929 1931 3981 μισ

363 4017 472 4070 σῶν
502 4016 609 4069 οὐδ’
644 4014 982 4084 ἀμυνόμενος
1009 4011 1101 4064 ἐπὶ
1143 4013 1207 4079 τῇ
1238 4010 1379 4078 κακῇ
1412 4006 1547 4076 ζωῇ,
1575 4005 1715 4058 κατά
1745 4022 1808 4073 γε
1842 4002 1934 4057 τὸν

362 4106 494 4175 ἐμὸν
526 4106 704 4173 λόγον,
734 4105 930 4172 ἐπάγει
964 4104 1075 4164 τοῖς
1110 4097 1513 4170 ἐξημαρτηκὸσι
1538 4095 1635 4158 τὰς
1670 4092 1933 4165 ὀδυνηράς

361 4196 629 4259 διαθέσεις
655 4198 683 4249 ὁ
707 4194 859 4257 Θεὸς,
896 4194 1009 4261 (52)
1046 4196 1074 4245 ὁ
1117 4188 1559 4259 ἀντιποιούμενὰς
1589 4205 1646 4241 τε
1676 4187 1770 4240 καὶ
1798 4186 1932 4256 πρὸς

362 4286 549 4340 ἑαυτὸν
581 4287 752 4339 ἕλκων
792 4286 899 4337 πᾶν
931 4284 1119 4351 ὅτιπερ
1147 4278 1312 4333 αὑτοῦ
1353 4280 1511 4349 χάριν
1538 4274 1699 4347 ἦλθεν
1737 4278 1815 4339 είς
1842 4275 1933 4343 γέ-

2036 3101 2295 3169 collapsis
2348 3100 2609 3163 7edilieiis,
2664 3102 2990 3170 corporibus
3038 3103 3179 3156 mole
3209 3109 3373 3171 atque
3417 3117 3613 3172 aggere

2036 3192 2313 3262 Oppressis
2345 3200 2507 3261 atque
2536 3192 2774 3256 obtritis,
2823 3192 3073 3247 accidere
3108 3207 3204 3261 par
3232 3206 3295 3246 ac
3320 3194 3614 3249 verisimile

2034 3293 2118 3337 est
2186 3284 2446 3353 (ponatur
2484 3291 2663 3338 autem
2705 3284 2935 3353 exempli
2976 3284 3167 3354 gratia,
3199 3299 3308 3338 non
3342 3285 3517 3339 solum
3549 3299 3612 3339 ea

2035 3381 2258 3442 gravata
2302 3387 2426 3428 esse
2481 3373 2742 3437 molibus,
2777 3373 2955 3433 ruina.
3002 3384 3164 3444 atque
3194 3374 3312 3428 labe
3343 3375 3609 3439 locorum,

2037 3464 2392 3519 verumetiam
2424 3465 2668 3519 verubus
2708 3464 3060 3533 quibusdam,
3107 3473 3203 3519 aut
3230 3466 3402 3521 clavis
3453 3474 3507 3520 et
3543 3467 3611 3519 li-

2036 3557 2157 3628 gnis
2193 3556 2247 3609 in
2290 3557 2465 3612 ruinis
2500 3564 2554 3611 et
2583 3557 2872 3627 aggeribus
2909 3556 3149 3612 inventis
3182 3557 3408 3627 trajecta
3448 3565 3612 3627 atque

2037 3648 2296 3701 transfixa
2319 3650 2462 3717 esse)
2489 3666 2503 3715 ;
2534 3647 2675 3717 quod
2710 3647 2876 3717 igitur
2906 3650 2976 3701 ita
3004 3646 3196 3703 aﬂ‘ecta
3235 3663 3462 3719 corpora
3497 3648 3613 3703 suf-

2038 3737 2181 3794 ferre
2214 3739 2509 3795 verisimile
2560 3748 2664 3806 est,
2725 3740 2877 3806 dum,
2930 3747 2989 3793 ut
3040 3747 3360 3810 parentetur
3415 3740 3497 3794 eis
3548 3754 3613 3794 ac

2034 3831 2181 3901 justa
2219 3833 2605 3902 exsequiarum
2650 3833 3054 3902 persolvantur,
3106 3846 3137 3885 a
3188 3832 3509 3902 propinquis
3557 3838 3612 3886 et

2038 3924 2364 3981 necessariis
2395 3938 2459 3978 ex
2516 3922 2637 3977 labe
2686 3930 2851 3992 atque
2888 3922 3049 3977 ruina
3091 3922 3458 3977 extrahuntur
3502 3923 3613 3993 (la-

2036 4014 2371 4069 cerabuntur
2393 4015 2535 4069 enim
2562 4029 2789 4084 prorsus
2821 4015 3361 4085 dilaniabunturque.
3379 4024 3433 4069 et
3448 4030 3611 4084 quam

2039 4104 2383 4157 atrocissime
2428 4102 2890 4173 acerbissimeque
2954 4102 3364 4167 tractabuntur,
3418 4116 3613 4171 aggere

2039 4194 2202 4248 simul
2237 4199 2290 4246 et
2326 4193 2497 4247 clavis
2539 4201 2828 4262 eapropter
2867 4193 2975 4246 vim
3029 4192 3417 4246 attrahentium
3470 4193 3613 4247 dila-

2038 4284 2374 4349 cerantibus)
2397 4297 2411 4336 :
2436 4283 2705 4353 ejusmodi
2738 4282 3010 4353 quoddam
3034 4283 3437 4337 incommodum
3466 4284 3613 4339 circa

362 4394 507 4431 νεσιν
529 4396 542 4409 ·
576 4377 691 4430 ἀλλ’
718 4379 747 4430 ὁ
783 4376 880 4446 μὲν
907 4375 999 4427 ἐπὶ
1025 4373 1101 4443 τῷ
1137 4372 1404 4442 κρείττονι
1427 4367 1612 4439 σκοπῷ
1644 4368 1777 4440 πρὸς
1804 4368 1931 4419 ἑαυ-

2036 4374 2273 4427 animam
2314 4376 2535 4445 quoque
2575 4375 2707 4429 mihi
2762 4374 3010 4433 accidere
3061 4374 3299 4438 videtur,
3341 4390 3466 4429 cum
3508 4375 3612 4429 hu-

362 4467 475 4532 τὸν,
505 4469 563 4531 ὃς
596 4469 711 4520 ἐστι
759 4465 910 4536 πηγὴ
951 4466 1132 4533 πάσης
1178 4462 1605 4533 μακαριότητος,
1640 4460 1935 4513 ἐπισπᾶται

360 4556 459 4627 τὴν
489 4557 668 4627 ψυχήν
710 4555 855 4622 (55)’
899 4554 1279 4623 ἐπισυμδαίνει
1328 4552 1385 4604 δὲ
1435 4553 1552 4605 κατ’
1600 4551 1846 4620 ἀνάγκην
1898 4550 1930 4621 ὴ

359 4646 582 4716 ἀλγεινὴ
608 4645 843 4708 διάθεσις
869 4644 943 4714 τῷ
968 4644 1263 4714 ἑλκομένῳ.

2040 4465 2302 4521 manitate
2346 4474 2506 4533 mota,
2529 4466 2719 4519 divina
2752 4467 2996 4534 potentia
3047 4481 3115 4521 ex
3154 4466 3386 4521 rationis
3418 4481 3614 4536 exper-

2038 4555 2186 4610 tibus
2232 4562 2287 4610 et
2321 4556 2702 4613 materialibus
2732 4558 2876 4628 quod
2908 4573 3069 4611 suum
3116 4567 3200 4613 est
3240 4558 3466 4611 attrahit
3498 4558 3614 4611 rui-

2037 4646 2144 4701 nis.
2200 4644 2309 4701 Nec
2347 4647 2494 4702 enim
2550 4649 2678 4704 odio
2734 4664 2797 4705 ac
2854 4650 3199 4705 vindicanda:
3259 4667 3438 4721 prava:
3488 4652 3613 4704 vitae

361 4756 549 4805 eausa,
593 4756 709 4795 mea
750 4741 968 4810 quidem
1007 4739 1287 4809 opinione,
1326 4737 1469 4792 Deus
1538 4737 1606 4793 iis
1640 4736 1733 4807 qui
1808 4739 2154 4807 peccaverint
2196 4740 2438 4798 dolorem
2519 4743 2784 4799 facientes
2839 4744 3061 4800 adhibet
3121 4744 3453 4809 affectiones,
3520 4741 3611 4812 qui

358 4840 415 4888 et
445 4834 801 4905 apprehendit
841 4842 899 4890 et
933 4832 1193 4897 vindicat,
1241 4840 1293 4887 et
1342 4831 1407 4889 ad
1452 4847 1511 4886 se
1548 4830 1716 4884 trahit
1763 4829 2029 4900 quidquid
2059 4830 2233 4902 ipsius
2287 4834 2463 4905 gratia
2499 4836 2750 4905 provenit
2819 4835 2875 4890 in
2941 4850 3123 4891 rerum
3189 4844 3475 4902 naturam;
3516 4833 3610 4889 sed

429 5020 543 5089 (36)
571 5020 774 5085 Ὀρον.
802 5020 846 5089 Α
871 5019 912 5070 Β
940 5016 1120 5089 κρρον.

431 5084 750 5212 (Mallum)
788 5088 897 5168 γάρ
930 5084 1031 5152 τῷ.
1056 5094 1160 5140 etc.
1203 5085 1245 5137 Β
1276 5085 1433 5166 μόνον
1474 5085 1583 5158 γὰρ
1607 5084 1667 5139 τὸ
1690 5084 1933 5140 ἐναντίον

402 5161 438 5212 ὦ
456 5178 525 5212 κα
560 5179 604 5212 ω
631 5174 981 5212 πεοατουται.
1011 5156 1056 5207 Α
1090 5172 1439 5212 πεοατουται.

355 5161 438 5231 τῷ
456 5156 604 5230 καλῷ
631 5156 981 5228 περατοῦται.
1011 5156 1056 5207 Α
1090 5156 1439 5227 περατοῦται.

433 5230 537 5249 ιηοι
573 5224 650 5249 n7
688 5228 747 5249 ’Δ
805 5229 825 5249 Δ
866 5228 906 5249 1)
940 5224 1055 5249 -.ιλιι

429 5230 519 5297 (38
569 5224 651 5283 Οὔ
680 5224 767 5283 δέ.
794 5229 838 5280 Δ
866 5228 908 5278 Β
936 5224 1079 5279 οὐδέ.
1163 5224 1175 5227 ’

430 5231 541 5365 (39)
573 5298 1027 5364 Προελεύσεται.
1061 5296 1103 5347 Β
1127 5293 1567 5365 προσελεύσεται.

428 5365 541 5436 (40)
567 5367 907 5436 Μιμήματα.
940 5366 983 5436 Β
1022 5365 1267 5436 μίμημαέ

428 5434 755 5507 (413711311).
786 5438 828 5489 Α
859 5438 899 5489 Β
923 5434 1097 5507 τύχοι.
1130 5434 1396 5507 (iactuum
1437 5436 1502 5491 ad
1526 5436 1711 5501 verba,
1738 5436 1855 5490 ἀλλ’
1883 5436 1932 5491 ει

361 5508 459 5596 μὲν
481 5503 688 5596 x0691},
705 5503 774 5596 ἷξε
797 5503 1265 5596 marginecgdicis
1287 5504 1478 5596 .81
1510 5517 1660 5596 era'nt
1694 5515 1875 5596 notata
1912 5522 1926 5560 :

378 5578 428 5662 ρ
448 5575 711 5662 μακάρίος
734 5575 1010 5648 Γερμανὸς
1029 5575 1255 5629 ὠὸέλισε
1284 5576 1447 5645 μέοος
1466 5578 1574 5631 τῶν
1602 5577 1928 5649 ἔμπροσθεν,

362 5648 740 5787 υῆῖἕξῗιιῠτῇ.
778 5716 820 5769 Β
848 5714 1005 5784 αὕτη.

2024 5078 2029 5085 ,
2107 5015 2222 5150 (45)
2248 5017 2352 5081 Εἰς
2372 5014 2817 5135 τὴν....σέέσιν.
2851 5014 2894 5066 Β
2919 5017 3054 5085 τῇ...
3084 5013 3286 5085 σχέσει.

2132 5088 2219 5147 44)
2249 5090 2593 5150 Καταπαρῃ.
2694 5085 3060 5150 καταπαρεξη.

2166 5071 2219 5147 4)
2249 5071 2593 5152 Κᾰταπαρῇ.
2624 5071 2668 5135 Β
2694 5071 3060 5155 καταπαρὲξη.

2134 5157 2223 5211 45»
2257 5159 2409 5208 Τίνα.
2440 5156 2482 5206 Β
2508 5171 2580 5207 τι.

2131 5227 2220 5295 ιδ)
2254 5223 2327 5277 τὸ
2350 5223 2455 5293 μή.
2493 5224 2535 5275 B
2561 5223 2639 5295 τῷ
2670 5224 2764 5295 to.

2132 5292 2221 5361 47)
2262 5292 2682 5364 ’Efsvpcﬁefd't.
2703 5293 2745 5344 Β
2771 5292 3061 5364 εὑρεθεῖσι.

2136 5367 2220 5433 48)
2259 5362 2343 5428 Τῷ
2367 5362 2611 5432 χώματι.
2629 5366 2681 5434 ΑΛ
2712 5364 2771 5414 ἐν
2793 5362 2849 5434 τ.)
2866 5381 2917 5434 χ,

2131 5432 2222 5502 49)
2268 5434 2492 5497 '00’fae.
2520 5434 2561 5483 B
2590 5432 2691 5495 τῆς
2721 5432 2895 5494 ὁσίας.

2262 5502 2645 5574 Ἕςεέᾼκηςαι.
2666 5504 2715 5574 -ᾼ
2746 5502 3057 5574 ἐφέλκεται.
3090 5502 3132 5553 Β
3163 5500 3386 5574 ἑφέλκῃ.

2108 5570 2221 5641 (51)
2246 5570 2337 5625 Ob
2362 5570 2490 5638 γάρ.
2528 5572 2568 5622 Β
2596 5571 2714 5624 οὐδὲ
2744 5573 2871 5641 γάρ.

2108 5645 2221 5713 (se)
2265 5643 2326 5713 ἑο
2361 5644 2522 5713 Θεός-
2546 5641 2585 5693 ιι
2624 5641 2785 5713 delet.

2106 5710 2219 5783 (55)
2263 5710 2617 5768 Ἔπεσετᾶται
2648 5710 2762 5779 τὴν
2784 5715 2853 5782 ψ.
2889 5714 2928 5765 Β
2955 5731 3005 5766 τ.
3031 5712 3088 5784 ψ.
3123 5712 3311 5765 ἐπισπ.
