  <div class='ocr_page' id='page_1' title='image "/cluster/home/n/w/nwhite01/storage/ocr_20150623/46/nnc1.0046978380/057.png"; bbox 0 0 4046 6350; ppageno 0'>
   <div class='ocr_carea' id='block_1_1' title="bbox 404 239 2436 329">
    <p class='ocr_par' dir='ltr' id='par_1_1' title="bbox 404 239 2436 329">
     <span class='ocr_line' id='line_1_1' title="bbox 404 239 2436 329; baseline -0.012 -10"><span class='ocrx_word' id='word_1_1' title='bbox 404 263 476 319; x_wconf 79' lang='lat'><strong>99</strong></span> <span class='ocrx_word' id='word_1_2' title='bbox 1451 324 1458 329; x_wconf 24' lang='grc' dir='ltr'><strong><em>ο</em></strong></span> <span class='ocrx_word' id='word_1_3' title='bbox 1677 249 1736 304; x_wconf 89' lang='lat' dir='ltr'><strong>s.</strong></span> <span class='ocrx_word' id='word_1_4' title='bbox 1775 239 2105 304; x_wconf 73' lang='lat' dir='ltr'><strong>cnseonu</strong></span> <span class='ocrx_word' id='word_1_5' title='bbox 2143 239 2436 300; x_wconf 81' lang='lat' dir='ltr'><strong>NYSSENI</strong></span> 
     </span>
    </p>
   </div>
   <div class='ocr_carea' id='block_1_2' title="bbox 3577 229 3678 286">
    <p class='ocr_par' dir='ltr' id='par_1_2' title="bbox 3577 229 3678 286">
     <span class='ocr_line' id='line_1_2' title="bbox 3577 229 3678 286; baseline -0.02 0"><span class='ocrx_word' id='word_1_6' title='bbox 3577 229 3678 286; x_wconf 79' lang='grc'><strong>106</strong></span> 
     </span>
    </p>
   </div>
   <div class='ocr_carea' id='block_1_3' title="bbox 405 343 3673 445">
    <p class='ocr_par' dir='ltr' id='par_1_3' title="bbox 405 343 3673 445">
     <span class='ocr_line' id='line_1_3' title="bbox 405 343 3673 445; baseline -0.009 -16"><span class='ocrx_word' id='word_1_7' title='bbox 405 375 496 429; x_wconf 90' lang='lat' dir='ltr'><strong>ille</strong></span> <span class='ocrx_word' id='word_1_8' title='bbox 545 372 765 445; x_wconf 79' lang='lat' dir='ltr'><strong>quidem</strong></span> <span class='ocrx_word' id='word_1_9' title='bbox 807 372 1032 427; x_wconf 85' lang='lat' dir='ltr'><strong>meliore</strong></span> <span class='ocrx_word' id='word_1_10' title='bbox 1079 371 1268 425; x_wconf 90' lang='lat' dir='ltr'><strong>animo</strong></span> <span class='ocrx_word' id='word_1_11' title='bbox 1310 374 1475 439; x_wconf 85' lang='lat' dir='ltr'><strong>atque</strong></span> <span class='ocrx_word' id='word_1_12' title='bbox 1507 366 1744 421; x_wconf 88' lang='lat' dir='ltr'><strong>consilio</strong></span> <span class='ocrx_word' id='word_1_13' title='bbox 1779 365 1846 418; x_wconf 91' lang='lat' dir='ltr'><strong>ad</strong></span> <span class='ocrx_word' id='word_1_14' title='bbox 1877 378 2021 424; x_wconf 85' lang='lat' dir='ltr'><strong>sese,</strong></span> <span class='ocrx_word' id='word_1_15' title='bbox 2061 361 2155 432; x_wconf 87' lang='lat' dir='ltr'><strong>qui</strong></span> <span class='ocrx_word' id='word_1_16' title='bbox 2197 359 2381 414; x_wconf 88' lang='lat' dir='ltr'><strong>omnis</strong></span> <span class='ocrx_word' id='word_1_17' title='bbox 2410 353 2770 412; x_wconf 88' lang='lat' dir='ltr'><strong>beatitudinis</strong></span> <span class='ocrx_word' id='word_1_18' title='bbox 2806 351 2929 406; x_wconf 88' lang='lat' dir='ltr'><strong>fons</strong></span> <span class='ocrx_word' id='word_1_19' title='bbox 2970 356 3075 413; x_wconf 77' lang='lat' dir='ltr'><strong>est,</strong></span> <span class='ocrx_word' id='word_1_20' title='bbox 3144 347 3379 401; x_wconf 86' lang='lat' dir='ltr'><strong>animam</strong></span> <span class='ocrx_word' id='word_1_21' title='bbox 3414 343 3673 400; x_wconf 87' lang='lat' dir='ltr'><strong>attrahit:</strong></span> 
     </span>
    </p>
   </div>
   <div class='ocr_carea' id='block_1_4' title="bbox 405 451 2646 534">
    <p class='ocr_par' dir='ltr' id='par_1_4' title="bbox 405 451 2646 534">
     <span class='ocr_line' id='line_1_4' title="bbox 405 451 2646 534; baseline -0.01 -8"><span class='ocrx_word' id='word_1_22' title='bbox 405 486 470 526; x_wconf 84' lang='lat' dir='ltr'><strong>ex</strong></span> <span class='ocrx_word' id='word_1_23' title='bbox 509 469 837 523; x_wconf 81' lang='lat' dir='ltr'><strong>necessitate</strong></span> <span class='ocrx_word' id='word_1_24' title='bbox 880 475 1064 521; x_wconf 90' lang='lat' dir='ltr'><strong>autem</strong></span> <span class='ocrx_word' id='word_1_25' title='bbox 1119 465 1171 521; x_wconf 87' lang='lat' dir='ltr'><strong>ei</strong></span> <span class='ocrx_word' id='word_1_26' title='bbox 1221 463 1368 534; x_wconf 81' lang='lat' dir='ltr'><strong>quod</strong></span> <span class='ocrx_word' id='word_1_27' title='bbox 1402 463 1697 517; x_wconf 79' lang='lat' dir='ltr'><strong>attrahitur</strong></span> <span class='ocrx_word' id='word_1_28' title='bbox 1742 460 1942 515; x_wconf 88' lang='lat' dir='ltr'><strong>accidit</strong></span> <span class='ocrx_word' id='word_1_29' title='bbox 2015 458 2106 512; x_wconf 87' lang='lat' dir='ltr'><strong>illa</strong></span> <span class='ocrx_word' id='word_1_30' title='bbox 2185 454 2395 510; x_wconf 76' lang='lat' dir='ltr'><strong>affectio</strong></span> <span class='ocrx_word' id='word_1_31' title='bbox 2429 451 2646 506; x_wconf 87' lang='lat' dir='ltr'><strong>acerba.</strong></span> 
     </span>
    </p>
   </div>
   <div class='ocr_carea' id='block_1_5' title="bbox 479 521 2006 625">
    <p class='ocr_par' dir='ltr' id='par_1_5' title="bbox 479 521 1992 625">
     <span class='ocr_line' id='line_1_5' title="bbox 479 521 1992 625; baseline -0.005 -17"><span class='ocrx_word' id='word_1_32' title='bbox 610 521 1074 625; x_wconf 82' lang='lat' dir='ltr'><strong>quemadmodum</strong></span> <span class='ocrx_word' id='word_1_33' title='bbox 1105 552 1205 617; x_wconf 91' lang='lat' dir='ltr'><strong>illi,</strong></span> <span class='ocrx_word' id='word_1_34' title='bbox 1235 521 1328 622; x_wconf 66' lang='lat' dir='ltr'><strong>qui</strong></span> <span class='ocrx_word' id='word_1_35' title='bbox 1386 567 1524 606; x_wconf 89' lang='lat' dir='ltr'><strong>auro</strong></span> <span class='ocrx_word' id='word_1_36' title='bbox 1577 550 1861 605; x_wconf 84' lang='lat' dir='ltr'><strong>materiam</strong></span> <span class='ocrx_word' id='word_1_37' title='bbox 1891 549 1992 601; x_wconf 86' lang='lat' dir='ltr'><strong>im-</strong></span> 
     </span>
    </p>
   </div>
   <div class='ocr_carea' id='block_1_6' title="bbox 2106 521 3680 625">
    <p class='ocr_par' dir='ltr' id='par_1_6' title="bbox 2164 521 3680 625">
     <span class='ocr_line' id='line_1_6' title="bbox 2164 521 3680 625; baseline -0.016 -27"><span class='ocrx_word' id='word_1_38' title='bbox 2164 544 2275 598; x_wconf 79' lang='grc' dir='ltr'>Καὶ</span> <span class='ocrx_word' id='word_1_39' title='bbox 2307 541 2497 612; x_wconf 83' lang='grc' dir='ltr'>ὥσπερ</span> <span class='ocrx_word' id='word_1_40' title='bbox 2533 541 2633 610; x_wconf 85' lang='grc' dir='ltr'>τὴν</span> <span class='ocrx_word' id='word_1_41' title='bbox 2664 534 3028 608; x_wconf 82' lang='grc' dir='ltr'>έμμιχθεῖσαν</span> <span class='ocrx_word' id='word_1_42' title='bbox 3054 529 3133 601; x_wconf 81' lang='grc' dir='ltr'>τῷ</span> <span class='ocrx_word' id='word_1_43' title='bbox 3162 527 3370 625; x_wconf 74' lang='grc' dir='ltr'>χρυσίῳ</span> <span class='ocrx_word' id='word_1_44' title='bbox 3401 521 3512 596; x_wconf 66' lang='grc'><strong>(54)</strong></span> <span class='ocrx_word' id='word_1_45' title='bbox 3549 523 3680 592; x_wconf 83' lang='grc' dir='ltr'>ὓλην</span> 
     </span>
    </p>
   </div>
   <div class='ocr_carea' id='block_1_7' title="bbox 409 639 1994 718">
    <p class='ocr_par' dir='ltr' id='par_1_7' title="bbox 409 639 1994 718">
     <span class='ocr_line' id='line_1_7' title="bbox 409 639 1994 718; baseline -0.006 -15"><span class='ocrx_word' id='word_1_46' title='bbox 409 645 630 703; x_wconf 88' lang='lat' dir='ltr'><strong>mistam</strong></span> <span class='ocrx_word' id='word_1_47' title='bbox 659 662 761 716; x_wconf 91' lang='lat' dir='ltr'><strong>per</strong></span> <span class='ocrx_word' id='word_1_48' title='bbox 793 645 974 718; x_wconf 89' lang='lat' dir='ltr'><strong>ignem</strong></span> <span class='ocrx_word' id='word_1_49' title='bbox 1023 651 1348 714; x_wconf 75' lang='lat' dir='ltr'><strong>expurgant,</strong></span> <span class='ocrx_word' id='word_1_50' title='bbox 1397 659 1506 697; x_wconf 91' lang='lat' dir='ltr'><strong>non</strong></span> <span class='ocrx_word' id='word_1_51' title='bbox 1553 642 1730 697; x_wconf 90' lang='lat' dir='ltr'><strong>solum</strong></span> <span class='ocrx_word' id='word_1_52' title='bbox 1765 639 1819 694; x_wconf 85' lang='lat' dir='ltr'><strong>id</strong></span> <span class='ocrx_word' id='word_1_53' title='bbox 1848 639 1994 710; x_wconf 90' lang='lat' dir='ltr'><strong>quod</strong></span> 
     </span>
    </p>
   </div>
   <div class='ocr_carea' id='block_1_8' title="bbox 408 730 1997 804">
    <p class='ocr_par' dir='ltr' id='par_1_8' title="bbox 408 730 1997 804">
     <span class='ocr_line' id='line_1_8' title="bbox 408 730 1997 804; baseline -0.006 -11"><span class='ocrx_word' id='word_1_54' title='bbox 408 736 779 794; x_wconf 85' lang='lat' dir='ltr'><strong>adulterinum</strong></span> <span class='ocrx_word' id='word_1_55' title='bbox 836 742 922 792; x_wconf 89' lang='lat' dir='ltr'><strong>est</strong></span> <span class='ocrx_word' id='word_1_56' title='bbox 981 735 1110 804; x_wconf 89' lang='lat' dir='ltr'><strong>igne</strong></span> <span class='ocrx_word' id='word_1_57' title='bbox 1162 734 1560 804; x_wconf 74' lang='lat' dir='ltr'><strong>liquefaciunt,</strong></span> <span class='ocrx_word' id='word_1_58' title='bbox 1614 730 1710 788; x_wconf 92' lang='lat' dir='ltr'><strong>sed</strong></span> <span class='ocrx_word' id='word_1_59' title='bbox 1772 730 1997 785; x_wconf 80' lang='lat' dir='ltr'><strong>omnino</strong></span> 
     </span>
    </p>
   </div>
   <div class='ocr_carea' id='block_1_9' title="bbox 409 823 1998 898">
    <p class='ocr_par' dir='ltr' id='par_1_9' title="bbox 409 823 1998 898">
     <span class='ocr_line' id='line_1_9' title="bbox 409 823 1998 898; baseline -0.007 -12"><span class='ocrx_word' id='word_1_60' title='bbox 409 829 788 886; x_wconf 84' lang='lat' dir='ltr'><strong>necessarium</strong></span> <span class='ocrx_word' id='word_1_61' title='bbox 824 836 930 892; x_wconf 88' lang='lat' dir='ltr'><strong>est,</strong></span> <span class='ocrx_word' id='word_1_62' title='bbox 966 835 1024 881; x_wconf 90' lang='lat' dir='ltr'><strong>ut</strong></span> <span class='ocrx_word' id='word_1_63' title='bbox 1062 841 1261 898; x_wconf 90' lang='lat' dir='ltr'><strong>purum</strong></span> <span class='ocrx_word' id='word_1_64' title='bbox 1292 840 1514 896; x_wconf 89' lang='lat' dir='ltr'><strong>quoque</strong></span> <span class='ocrx_word' id='word_1_65' title='bbox 1543 838 1651 879; x_wconf 90' lang='lat' dir='ltr'><strong>una</strong></span> <span class='ocrx_word' id='word_1_66' title='bbox 1689 839 1812 880; x_wconf 89' lang='lat' dir='ltr'><strong>eum</strong></span> <span class='ocrx_word' id='word_1_67' title='bbox 1844 823 1998 877; x_wconf 86' lang='lat' dir='ltr'><strong>adul—</strong></span> 
     </span>
    </p>
   </div>
   <div class='ocr_carea' id='block_1_10' title="bbox 411 913 2000 994">
    <p class='ocr_par' dir='ltr' id='par_1_10' title="bbox 411 913 2000 994">
     <span class='ocr_line' id='line_1_10' title="bbox 411 913 2000 994; baseline -0.004 -19"><span class='ocrx_word' id='word_1_68' title='bbox 411 920 612 994; x_wconf 79' lang='lat' dir='ltr'><strong>terino,</strong></span> <span class='ocrx_word' id='word_1_69' title='bbox 649 917 899 988; x_wconf 90' lang='lat' dir='ltr'><strong>improbo</strong></span> <span class='ocrx_word' id='word_1_70' title='bbox 931 923 1095 986; x_wconf 90' lang='lat' dir='ltr'><strong>atque</strong></span> <span class='ocrx_word' id='word_1_71' title='bbox 1119 923 1380 986; x_wconf 89' lang='lat' dir='ltr'><strong>corrupto</strong></span> <span class='ocrx_word' id='word_1_72' title='bbox 1409 913 1670 985; x_wconf 87' lang='lat' dir='ltr'><strong>liquetiat,</strong></span> <span class='ocrx_word' id='word_1_73' title='bbox 1702 921 1865 983; x_wconf 91' lang='lat' dir='ltr'><strong>atque</strong></span> <span class='ocrx_word' id='word_1_74' title='bbox 1896 913 2000 968; x_wconf 89' lang='lat' dir='ltr'><strong>hoc</strong></span> 
     </span>
    </p>
   </div>
   <div class='ocr_carea' id='block_1_11' title="bbox 411 1006 2000 1081">
    <p class='ocr_par' dir='ltr' id='par_1_11' title="bbox 411 1006 2000 1081">
     <span class='ocr_line' id='line_1_11' title="bbox 411 1006 2000 1081; baseline -0.005 -13"><span class='ocrx_word' id='word_1_75' title='bbox 411 1017 740 1081; x_wconf 85' lang='lat' dir='ltr'><strong>consumpto</strong></span> <span class='ocrx_word' id='word_1_76' title='bbox 765 1008 899 1064; x_wconf 89' lang='lat' dir='ltr'><strong>illud</strong></span> <span class='ocrx_word' id='word_1_77' title='bbox 922 1016 1171 1065; x_wconf 85' lang='lat' dir='ltr'><strong>maneat:</strong></span> <span class='ocrx_word' id='word_1_78' title='bbox 1195 1008 1385 1062; x_wconf 89' lang='lat' dir='ltr'><strong>eodem</strong></span> <span class='ocrx_word' id='word_1_79' title='bbox 1415 1006 1578 1060; x_wconf 90' lang='lat' dir='ltr'><strong>modo</strong></span> <span class='ocrx_word' id='word_1_80' title='bbox 1598 1006 1757 1075; x_wconf 85' lang='lat' dir='ltr'><strong>plane</strong></span> <span class='ocrx_word' id='word_1_81' title='bbox 1775 1007 2000 1060; x_wconf 80' lang='lat' dir='ltr'><strong>necesse</strong></span> 
     </span>
    </p>
   </div>
   <div class='ocr_carea' id='block_1_12' title="bbox 414 1095 1995 1170">
    <p class='ocr_par' dir='ltr' id='par_1_12' title="bbox 414 1095 1995 1170">
     <span class='ocr_line' id='line_1_12' title="bbox 414 1095 1995 1170; baseline -0.005 -12"><span class='ocrx_word' id='word_1_82' title='bbox 414 1113 520 1170; x_wconf 86' lang='lat' dir='ltr'><strong>est,</strong></span> <span class='ocrx_word' id='word_1_83' title='bbox 556 1111 615 1157; x_wconf 94' lang='lat' dir='ltr'><strong>ut</strong></span> <span class='ocrx_word' id='word_1_84' title='bbox 647 1101 777 1156; x_wconf 89' lang='lat' dir='ltr'><strong>dum</strong></span> <span class='ocrx_word' id='word_1_85' title='bbox 817 1099 1093 1156; x_wconf 73' lang='lat' dir='ltr'><strong>vitiositas</strong></span> <span class='ocrx_word' id='word_1_86' title='bbox 1152 1098 1471 1170; x_wconf 89' lang='lat' dir='ltr'><strong>purgatorio</strong></span> <span class='ocrx_word' id='word_1_87' title='bbox 1503 1097 1616 1168; x_wconf 81' lang='lat' dir='ltr'><strong>igni</strong></span> <span class='ocrx_word' id='word_1_88' title='bbox 1667 1095 1995 1161; x_wconf 86' lang='lat' dir='ltr'><strong>absumitur,</strong></span> 
     </span>
    </p>
   </div>
   <div class='ocr_carea' id='block_1_13' title="bbox 416 1188 1999 1264">
    <p class='ocr_par' dir='ltr' id='par_1_13' title="bbox 416 1188 1999 1264">
     <span class='ocr_line' id='line_1_13' title="bbox 416 1188 1999 1264; baseline -0.004 -13"><span class='ocrx_word' id='word_1_89' title='bbox 416 1197 599 1251; x_wconf 85' lang='lat' dir='ltr'><strong>anima</strong></span> <span class='ocrx_word' id='word_1_90' title='bbox 641 1207 879 1264; x_wconf 89' lang='lat' dir='ltr'><strong>quoque,</strong></span> <span class='ocrx_word' id='word_1_91' title='bbox 915 1208 1037 1263; x_wconf 62' lang='lat' dir='ltr'><strong>quae</strong></span> <span class='ocrx_word' id='word_1_92' title='bbox 1083 1206 1210 1247; x_wconf 87' lang='lat' dir='ltr'><strong>cum</strong></span> <span class='ocrx_word' id='word_1_93' title='bbox 1258 1190 1559 1246; x_wconf 87' lang='lat' dir='ltr'><strong>vitiositate</strong></span> <span class='ocrx_word' id='word_1_94' title='bbox 1605 1189 1758 1244; x_wconf 85' lang='lat' dir='ltr'><strong>unita</strong></span> <span class='ocrx_word' id='word_1_95' title='bbox 1790 1197 1893 1255; x_wconf 89' lang='lat' dir='ltr'><strong>est,</strong></span> <span class='ocrx_word' id='word_1_96' title='bbox 1943 1188 1999 1244; x_wconf 91' lang='lat' dir='ltr'><strong>in</strong></span> 
     </span>
    </p>
   </div>
   <div class='ocr_carea' id='block_1_14' title="bbox 420 1281 1998 1359">
    <p class='ocr_par' dir='ltr' id='par_1_14' title="bbox 420 1281 1998 1359">
     <span class='ocr_line' id='line_1_14' title="bbox 420 1281 1998 1359; baseline -0.007 -15"><span class='ocrx_word' id='word_1_97' title='bbox 420 1290 545 1359; x_wconf 90' lang='lat' dir='ltr'><strong>igne</strong></span> <span class='ocrx_word' id='word_1_98' title='bbox 563 1286 656 1348; x_wconf 87' lang='lat' dir='ltr'><strong>sit,</strong></span> <span class='ocrx_word' id='word_1_99' title='bbox 681 1287 857 1340; x_wconf 90' lang='lat' dir='ltr'><strong>donec</strong></span> <span class='ocrx_word' id='word_1_100' title='bbox 890 1285 944 1338; x_wconf 88' lang='lat' dir='ltr'><strong>id</strong></span> <span class='ocrx_word' id='word_1_101' title='bbox 971 1284 1116 1355; x_wconf 90' lang='lat' dir='ltr'><strong>quod</strong></span> <span class='ocrx_word' id='word_1_102' title='bbox 1149 1284 1461 1352; x_wconf 89' lang='lat' dir='ltr'><strong>inspersum</strong></span> <span class='ocrx_word' id='word_1_103' title='bbox 1499 1290 1583 1337; x_wconf 90' lang='lat' dir='ltr'><strong>est</strong></span> <span class='ocrx_word' id='word_1_104' title='bbox 1609 1281 1998 1346; x_wconf 85' lang='lat' dir='ltr'><strong>adulterinum,</strong></span> 
     </span>
    </p>
   </div>
   <div class='ocr_carea' id='block_1_15' title="bbox 418 1370 2003 1444">
    <p class='ocr_par' dir='ltr' id='par_1_15' title="bbox 418 1370 2003 1444">
     <span class='ocr_line' id='line_1_15' title="bbox 418 1370 2003 1444; baseline -0.005 -14"><span class='ocrx_word' id='word_1_105' title='bbox 418 1376 706 1430; x_wconf 88' lang='lat' dir='ltr'><strong>materiale</strong></span> <span class='ocrx_word' id='word_1_106' title='bbox 742 1381 910 1444; x_wconf 88' lang='lat' dir='ltr'><strong>atque</strong></span> <span class='ocrx_word' id='word_1_107' title='bbox 939 1373 1182 1428; x_wconf 90' lang='lat' dir='ltr'><strong>fucatum</strong></span> <span class='ocrx_word' id='word_1_108' title='bbox 1222 1379 1276 1427; x_wconf 90' lang='lat' dir='ltr'><strong>et</strong></span> <span class='ocrx_word' id='word_1_109' title='bbox 1309 1381 1628 1440; x_wconf 87' lang='lat' dir='ltr'><strong>corruptum</strong></span> <span class='ocrx_word' id='word_1_110' title='bbox 1659 1377 1834 1423; x_wconf 88' lang='lat' dir='ltr'><strong>totum</strong></span> <span class='ocrx_word' id='word_1_111' title='bbox 1869 1370 2003 1423; x_wconf 89' lang='lat' dir='ltr'><strong>abo-</strong></span> 
     </span>
    </p>
   </div>
   <div class='ocr_carea' id='block_1_16' title="bbox 420 1455 2002 1533">
    <p class='ocr_par' dir='ltr' id='par_1_16' title="bbox 420 1455 2002 1533">
     <span class='ocr_line' id='line_1_16' title="bbox 420 1455 2002 1533; baseline -0.005 -16"><span class='ocrx_word' id='word_1_112' title='bbox 420 1464 599 1520; x_wconf 88' lang='lat' dir='ltr'><strong>leatur</strong></span> <span class='ocrx_word' id='word_1_113' title='bbox 659 1463 786 1533; x_wconf 88' lang='lat' dir='ltr'><strong>igne</strong></span> <span class='ocrx_word' id='word_1_114' title='bbox 818 1470 1232 1531; x_wconf 90' lang='lat' dir='ltr'><strong>consumptum.</strong></span> <span class='ocrx_word' id='word_1_115' title='bbox 1285 1460 1415 1513; x_wconf 92' lang='lat' dir='ltr'><strong>Item</strong></span> <span class='ocrx_word' id='word_1_116' title='bbox 1445 1456 1904 1528; x_wconf 89' lang='lat' dir='ltr'><strong>quemadmodum</strong></span> <span class='ocrx_word' id='word_1_117' title='bbox 1954 1455 2002 1511; x_wconf 92' lang='lat' dir='ltr'><strong>si</strong></span> 
     </span>
    </p>
   </div>
   <div class='ocr_carea' id='block_1_17' title="bbox 418 1545 2000 1618">
    <p class='ocr_par' dir='ltr' id='par_1_17' title="bbox 418 1545 2000 1618">
     <span class='ocr_line' id='line_1_17' title="bbox 418 1545 2000 1618; baseline -0.007 -10"><span class='ocrx_word' id='word_1_118' title='bbox 418 1555 508 1608; x_wconf 90' lang='lat' dir='ltr'><strong>cui</strong></span> <span class='ocrx_word' id='word_1_119' title='bbox 540 1553 786 1608; x_wconf 87' lang='lat' dir='ltr'><strong>funiculo</strong></span> <span class='ocrx_word' id='word_1_120' title='bbox 814 1552 988 1606; x_wconf 89' lang='lat' dir='ltr'><strong>lutum</strong></span> <span class='ocrx_word' id='word_1_121' title='bbox 1021 1549 1270 1605; x_wconf 87' lang='lat' dir='ltr'><strong>tenacius</strong></span> <span class='ocrx_word' id='word_1_122' title='bbox 1300 1547 1518 1618; x_wconf 85' lang='lat' dir='ltr'><strong>penitus</strong></span> <span class='ocrx_word' id='word_1_123' title='bbox 1560 1545 2000 1608; x_wconf 88' lang='lat' dir='ltr'><strong>circumlinatur,</strong></span> 
     </span>
    </p>
   </div>
   <div class='ocr_carea' id='block_1_18' title="bbox 419 1638 2002 1715">
    <p class='ocr_par' dir='ltr' id='par_1_18' title="bbox 419 1638 2002 1715">
     <span class='ocr_line' id='line_1_18' title="bbox 419 1638 2002 1715; baseline -0.006 -16"><span class='ocrx_word' id='word_1_124' title='bbox 419 1645 626 1700; x_wconf 85' lang='lat' dir='ltr'><strong>deinde</strong></span> <span class='ocrx_word' id='word_1_125' title='bbox 671 1659 768 1715; x_wconf 91' lang='lat' dir='ltr'><strong>per</strong></span> <span class='ocrx_word' id='word_1_126' title='bbox 822 1643 1092 1713; x_wconf 86' lang='lat' dir='ltr'><strong>quoddam</strong></span> <span class='ocrx_word' id='word_1_127' title='bbox 1141 1647 1433 1711; x_wconf 88' lang='lat' dir='ltr'><strong>angustum</strong></span> <span class='ocrx_word' id='word_1_128' title='bbox 1487 1638 1732 1693; x_wconf 83' lang='lat' dir='ltr'><strong>foramen</strong></span> <span class='ocrx_word' id='word_1_129' title='bbox 1785 1638 2002 1692; x_wconf 90' lang='lat' dir='ltr'><strong>initium</strong></span> 
     </span>
    </p>
   </div>
   <div class='ocr_carea' id='block_1_19' title="bbox 2096 614 3682 705">
    <p class='ocr_par' dir='ltr' id='par_1_19' title="bbox 2096 614 3682 705">
     <span class='ocr_line' id='line_1_19' title="bbox 2096 614 3682 705; baseline -0.014 -15"><span class='ocrx_word' id='word_1_130' title='bbox 2096 637 2146 690; x_wconf 81' lang='grc' dir='ltr'>οἱ</span> <span class='ocrx_word' id='word_1_131' title='bbox 2185 635 2272 689; x_wconf 88' lang='grc' dir='ltr'><strong>διά</strong></span> <span class='ocrx_word' id='word_1_132' title='bbox 2309 633 2478 705; x_wconf 75' lang='grc' dir='ltr'>πυρὸς</span> <span class='ocrx_word' id='word_1_133' title='bbox 2527 627 2958 699; x_wconf 80' lang='grc' dir='ltr'>ὲκκαθαροῦντες</span> <span class='ocrx_word' id='word_1_134' title='bbox 2988 623 3099 694; x_wconf 85' lang='grc'><strong>(55)</strong></span> <span class='ocrx_word' id='word_1_135' title='bbox 3141 621 3199 674; x_wconf 78' lang='grc' dir='ltr'><strong>οὐ</strong></span> <span class='ocrx_word' id='word_1_136' title='bbox 3238 614 3396 690; x_wconf 90' lang='grc' dir='ltr'>μόνον</span> <span class='ocrx_word' id='word_1_137' title='bbox 3428 617 3486 670; x_wconf 68' lang='grc' dir='ltr'><strong>τὺ</strong></span> <span class='ocrx_word' id='word_1_138' title='bbox 3533 616 3682 705; x_wconf 75' lang='grc' dir='ltr'>νόθον</span> 
     </span>
    </p>
   </div>
   <div class='ocr_carea' id='block_1_20' title="bbox 2097 699 3682 799">
    <p class='ocr_par' dir='ltr' id='par_1_20' title="bbox 2097 699 3682 799">
     <span class='ocr_line' id='line_1_20' title="bbox 2097 699 3682 799; baseline -0.014 -18"><span class='ocrx_word' id='word_1_139' title='bbox 2097 728 2174 799; x_wconf 77' lang='grc' dir='ltr'>τῷ</span> <span class='ocrx_word' id='word_1_140' title='bbox 2201 726 2340 798; x_wconf 68' lang='grc' dir='ltr'>πυρὶ</span> <span class='ocrx_word' id='word_1_141' title='bbox 2369 727 2648 796; x_wconf 74' lang='grc' dir='ltr'>τήκουσιν,</span> <span class='ocrx_word' id='word_1_142' title='bbox 2683 721 2818 775; x_wconf 87' lang='grc' dir='ltr'><strong>ἀλλά</strong></span> <span class='ocrx_word' id='word_1_143' title='bbox 2846 719 2985 772; x_wconf 88' lang='grc' dir='ltr'><strong>κατά</strong></span> <span class='ocrx_word' id='word_1_144' title='bbox 3015 718 3193 770; x_wconf 81' lang='grc' dir='ltr'>πᾶσαν</span> <span class='ocrx_word' id='word_1_145' title='bbox 3225 711 3468 781; x_wconf 82' lang='grc' dir='ltr'>ἀνάγκην</span> <span class='ocrx_word' id='word_1_146' title='bbox 3501 709 3596 762; x_wconf 76' lang='grc' dir='ltr'><strong>καὶ</strong></span> <span class='ocrx_word' id='word_1_147' title='bbox 3620 699 3682 760; x_wconf 74' lang='grc' dir='ltr'>τὸ</span> 
     </span>
    </p>
   </div>
   <div class='ocr_carea' id='block_1_21' title="bbox 2099 799 3680 889">
    <p class='ocr_par' dir='ltr' id='par_1_21' title="bbox 2099 799 3680 889">
     <span class='ocr_line' id='line_1_21' title="bbox 2099 799 3680 889; baseline -0.014 -15"><span class='ocrx_word' id='word_1_148' title='bbox 2099 815 2430 889; x_wconf 83' lang='grc' dir='ltr'>καθαρὸντῷ</span> <span class='ocrx_word' id='word_1_149' title='bbox 2455 813 2691 884; x_wconf 74' lang='grc' dir='ltr'>κιϐδήλῳ</span> <span class='ocrx_word' id='word_1_150' title='bbox 2716 809 3206 879; x_wconf 80' lang='grc' dir='ltr'>συγκατατήκεται,</span> <span class='ocrx_word' id='word_1_151' title='bbox 3230 803 3481 857; x_wconf 75' lang='grc' dir='ltr'>κάκείνου</span> <span class='ocrx_word' id='word_1_152' title='bbox 3494 801 3549 854; x_wconf 84' lang='grc' dir='ltr'>δὲ</span> <span class='ocrx_word' id='word_1_153' title='bbox 3565 799 3680 870; x_wconf 85' lang='grc'><strong>(56)</strong></span> 
     </span>
    </p>
   </div>
   <div class='ocr_carea' id='block_1_22' title="bbox 2097 891 3682 978">
    <p class='ocr_par' dir='ltr' id='par_1_22' title="bbox 2097 891 3682 978">
     <span class='ocr_line' id='line_1_22' title="bbox 2097 891 3682 978; baseline -0.013 -14"><span class='ocrx_word' id='word_1_154' title='bbox 2097 907 2492 978; x_wconf 75' lang='grc' dir='ltr'><strong>δαπανωμένου</strong></span> <span class='ocrx_word' id='word_1_155' title='bbox 2517 904 2676 958; x_wconf 87' lang='grc' dir='ltr'>τοῦτο</span> <span class='ocrx_word' id='word_1_156' title='bbox 2703 903 2889 973; x_wconf 73' lang='grc' dir='ltr'>μένειθ</span> <span class='ocrx_word' id='word_1_157' title='bbox 2929 891 3070 952; x_wconf 71' lang='grc' dir='ltr'>οὓτω</span> <span class='ocrx_word' id='word_1_158' title='bbox 3110 898 3205 950; x_wconf 73' lang='grc' dir='ltr'>καὶ</span> <span class='ocrx_word' id='word_1_159' title='bbox 3240 898 3340 967; x_wconf 82' lang='grc' dir='ltr'>τῆς</span> <span class='ocrx_word' id='word_1_160' title='bbox 3376 893 3574 956; x_wconf 82' lang='grc' dir='ltr'><strong>κακίας</strong></span> <span class='ocrx_word' id='word_1_161' title='bbox 3604 891 3682 961; x_wconf 84' lang='grc' dir='ltr'><strong>τῷ</strong></span> 
     </span>
    </p>
   </div>
   <div class='ocr_carea' id='block_1_23' title="bbox 2099 980 3684 1071">
    <p class='ocr_par' dir='ltr' id='par_1_23' title="bbox 2099 980 3684 1071">
     <span class='ocr_line' id='line_1_23' title="bbox 2099 980 3684 1071; baseline -0.012 -16"><span class='ocrx_word' id='word_1_162' title='bbox 2099 1001 2382 1071; x_wconf 83' lang='grc' dir='ltr'><strong>ἀκοιμήτῳ</strong></span> <span class='ocrx_word' id='word_1_163' title='bbox 2409 997 2518 1068; x_wconf 95' lang='grc'><strong>(57)</strong></span> <span class='ocrx_word' id='word_1_164' title='bbox 2551 996 2682 1068; x_wconf 79' lang='grc' dir='ltr'>πυρὶ</span> <span class='ocrx_word' id='word_1_165' title='bbox 2707 991 3132 1063; x_wconf 78' lang='grc' dir='ltr'><strong>δαπανωμένης,</strong></span> <span class='ocrx_word' id='word_1_166' title='bbox 3169 988 3382 1057; x_wconf 83' lang='grc' dir='ltr'><strong>ἀνάγκη</strong></span> <span class='ocrx_word' id='word_1_167' title='bbox 3411 986 3559 1038; x_wconf 79' lang='grc' dir='ltr'>πᾶσα</span> <span class='ocrx_word' id='word_1_168' title='bbox 3587 980 3684 1037; x_wconf 71' lang='grc' dir='ltr'><strong>καὶ</strong></span> 
     </span>
    </p>
   </div>
   <div class='ocr_carea' id='block_1_24' title="bbox 2098 1073 3683 1165">
    <p class='ocr_par' dir='ltr' id='par_1_24' title="bbox 2098 1073 3683 1165">
     <span class='ocr_line' id='line_1_24' title="bbox 2098 1073 3683 1165; baseline -0.013 -18"><span class='ocrx_word' id='word_1_169' title='bbox 2098 1093 2198 1165; x_wconf 83' lang='grc' dir='ltr'><strong>τὴν</strong></span> <span class='ocrx_word' id='word_1_170' title='bbox 2249 1091 2544 1146; x_wconf 82' lang='grc' dir='ltr'>ἐνωθεῖσαν</span> <span class='ocrx_word' id='word_1_171' title='bbox 2597 1089 2734 1158; x_wconf 83' lang='grc' dir='ltr'>αὐτῇ</span> <span class='ocrx_word' id='word_1_172' title='bbox 2770 1085 2946 1158; x_wconf 77' lang='grc' dir='ltr'>ψυχὴν</span> <span class='ocrx_word' id='word_1_173' title='bbox 2995 1085 3052 1136; x_wconf 83' lang='grc' dir='ltr'><strong>ἐν</strong></span> <span class='ocrx_word' id='word_1_174' title='bbox 3095 1081 3173 1152; x_wconf 81' lang='grc' dir='ltr'>τῷ</span> <span class='ocrx_word' id='word_1_175' title='bbox 3220 1079 3351 1152; x_wconf 76' lang='grc' dir='ltr'>πυρὶ</span> <span class='ocrx_word' id='word_1_176' title='bbox 3401 1074 3542 1130; x_wconf 76' lang='grc' dir='ltr'>εἶναι</span> <span class='ocrx_word' id='word_1_177' title='bbox 3566 1116 3580 1139; x_wconf 97' lang='grc'><strong>,</strong></span> <span class='ocrx_word' id='word_1_178' title='bbox 3605 1073 3683 1136; x_wconf 83' lang='grc' dir='ltr'>ὡς</span> 
     </span>
    </p>
   </div>
   <div class='ocr_carea' id='block_1_25' title="bbox 2101 1165 3684 1253">
    <p class='ocr_par' dir='ltr' id='par_1_25' title="bbox 2101 1165 3684 1253">
     <span class='ocr_line' id='line_1_25' title="bbox 2101 1165 3684 1253; baseline -0.015 -13"><span class='ocrx_word' id='word_1_179' title='bbox 2101 1185 2168 1239; x_wconf 82' lang='grc' dir='ltr'><strong>ἂν</strong></span> <span class='ocrx_word' id='word_1_180' title='bbox 2186 1183 2298 1253; x_wconf 85' lang='grc'><strong>(58)</strong></span> <span class='ocrx_word' id='word_1_181' title='bbox 2327 1183 2389 1237; x_wconf 82' lang='grc' dir='ltr'><strong>τὸ</strong></span> <span class='ocrx_word' id='word_1_182' title='bbox 2409 1179 2861 1250; x_wconf 86' lang='grc' dir='ltr'>κατεσπαρμένον</span> <span class='ocrx_word' id='word_1_183' title='bbox 2914 1171 3066 1230; x_wconf 90' lang='grc' dir='ltr'>νόθον</span> <span class='ocrx_word' id='word_1_184' title='bbox 3097 1173 3191 1226; x_wconf 73' lang='grc' dir='ltr'><strong>καὶ</strong></span> <span class='ocrx_word' id='word_1_185' title='bbox 3219 1170 3437 1233; x_wconf 83' lang='grc' dir='ltr'><strong>ὑλῶδες,</strong></span> <span class='ocrx_word' id='word_1_186' title='bbox 3467 1167 3563 1221; x_wconf 73' lang='grc' dir='ltr'>καὶ</span> <span class='ocrx_word' id='word_1_187' title='bbox 3598 1165 3684 1218; x_wconf 92' lang='grc' dir='ltr'>κί-</span> 
     </span>
    </p>
   </div>
   <div class='ocr_carea' id='block_1_26' title="bbox 2107 1253 3682 1347">
    <p class='ocr_par' dir='ltr' id='par_1_26' title="bbox 2107 1253 3682 1347">
     <span class='ocr_line' id='line_1_26' title="bbox 2107 1253 3682 1347; baseline -0.013 -17"><span class='ocrx_word' id='word_1_188' title='bbox 2107 1275 2300 1347; x_wconf 79' lang='grc' dir='ltr'>ϐδηλον</span> <span class='ocrx_word' id='word_1_189' title='bbox 2333 1271 2661 1342; x_wconf 80' lang='grc' dir='ltr'>ἀπαναλωθῇ</span> <span class='ocrx_word' id='word_1_190' title='bbox 2688 1270 2800 1343; x_wconf 69' lang='grc'><strong>(59)</strong></span> <span class='ocrx_word' id='word_1_191' title='bbox 2827 1268 2904 1339; x_wconf 83' lang='grc' dir='ltr'>τῷ</span> <span class='ocrx_word' id='word_1_192' title='bbox 2933 1264 3132 1335; x_wconf 84' lang='grc' dir='ltr'>αίωνίῳ</span> <span class='ocrx_word' id='word_1_193' title='bbox 3149 1262 3260 1334; x_wconf 87' lang='grc'><strong>(60)</strong></span> <span class='ocrx_word' id='word_1_194' title='bbox 3289 1261 3420 1332; x_wconf 73' lang='grc' dir='ltr'>πυρὶ</span> <span class='ocrx_word' id='word_1_195' title='bbox 3433 1253 3682 1313; x_wconf 76' lang='grc' dir='ltr'>δαπανώ-</span> 
     </span>
    </p>
   </div>
   <div class='ocr_carea' id='block_1_27' title="bbox 2105 1347 3683 1440">
    <p class='ocr_par' dir='ltr' id='par_1_27' title="bbox 2105 1347 3683 1440">
     <span class='ocr_line' id='line_1_27' title="bbox 2105 1347 3683 1440; baseline -0.013 -19"><span class='ocrx_word' id='word_1_196' title='bbox 2105 1385 2284 1440; x_wconf 86' lang='grc' dir='ltr'>μενον.</span> <span class='ocrx_word' id='word_1_197' title='bbox 2326 1367 2437 1419; x_wconf 78' lang='grc' dir='ltr'>Καὶ</span> <span class='ocrx_word' id='word_1_198' title='bbox 2478 1363 2729 1430; x_wconf 84' lang='grc' dir='ltr'>καθάπερ</span> <span class='ocrx_word' id='word_1_199' title='bbox 2759 1361 2813 1413; x_wconf 83' lang='grc' dir='ltr'><strong>εί</strong></span> <span class='ocrx_word' id='word_1_200' title='bbox 2837 1375 2941 1412; x_wconf 87' lang='grc' dir='ltr'>τινι</span> <span class='ocrx_word' id='word_1_201' title='bbox 2981 1355 3200 1428; x_wconf 84' lang='grc' dir='ltr'>σχοινίῳ</span> <span class='ocrx_word' id='word_1_202' title='bbox 3230 1352 3398 1440; x_wconf 79' lang='grc' dir='ltr'>πηλὸς</span> <span class='ocrx_word' id='word_1_203' title='bbox 3424 1350 3531 1440; x_wconf 84' lang='grc' dir='ltr'><strong>τῶν</strong></span> <span class='ocrx_word' id='word_1_204' title='bbox 3559 1347 3683 1402; x_wconf 84' lang='grc' dir='ltr'>κολ-</span> 
     </span>
    </p>
   </div>
   <div class='ocr_carea' id='block_1_28' title="bbox 2100 1438 3683 1527">
    <p class='ocr_par' dir='ltr' id='par_1_28' title="bbox 2100 1438 3683 1527">
     <span class='ocr_line' id='line_1_28' title="bbox 2100 1438 3683 1527; baseline -0.014 -15"><span class='ocrx_word' id='word_1_205' title='bbox 2100 1438 2445 1527; x_wconf 84' lang='grc' dir='ltr'>λωδεστέρων</span> <span class='ocrx_word' id='word_1_206' title='bbox 2473 1454 2560 1507; x_wconf 70' lang='grc' dir='ltr'>διὰ</span> <span class='ocrx_word' id='word_1_207' title='bbox 2590 1451 2786 1522; x_wconf 86' lang='grc' dir='ltr'>βάθους</span> <span class='ocrx_word' id='word_1_208' title='bbox 2821 1443 3215 1518; x_wconf 84' lang='grc' dir='ltr'>περιπλασθείη</span> <span class='ocrx_word' id='word_1_209' title='bbox 3238 1483 3253 1507; x_wconf 93' lang='grc'><strong>,</strong></span> <span class='ocrx_word' id='word_1_210' title='bbox 3281 1438 3400 1495; x_wconf 73' lang='grc' dir='ltr'>εἷτα</span> <span class='ocrx_word' id='word_1_211' title='bbox 3425 1439 3514 1494; x_wconf 88' lang='grc' dir='ltr'><strong>διά</strong></span> <span class='ocrx_word' id='word_1_212' title='bbox 3536 1455 3683 1527; x_wconf 80' lang='grc' dir='ltr'>τινος</span> 
     </span>
    </p>
   </div>
   <div class='ocr_carea' id='block_1_29' title="bbox 2101 1523 3682 1616">
    <p class='ocr_par' dir='ltr' id='par_1_29' title="bbox 2101 1523 3682 1616">
     <span class='ocr_line' id='line_1_29' title="bbox 2101 1523 3682 1616; baseline -0.013 -16"><span class='ocrx_word' id='word_1_213' title='bbox 2101 1545 2298 1600; x_wconf 83' lang='grc' dir='ltr'>λεπτοῦ</span> <span class='ocrx_word' id='word_1_214' title='bbox 2337 1523 2664 1616; x_wconf 54' lang='grc' dir='ltr'>γωρήματος</span> <span class='ocrx_word' id='word_1_215' title='bbox 2696 1539 2730 1612; x_wconf 77' lang='grc' dir='ltr'><strong>ἡ</strong></span> <span class='ocrx_word' id='word_1_216' title='bbox 2773 1537 2916 1611; x_wconf 82' lang='grc' dir='ltr'>ἀρχὴ</span> <span class='ocrx_word' id='word_1_217' title='bbox 2952 1531 3260 1604; x_wconf 79' lang='grc' dir='ltr'>διεξαχθείη</span> <span class='ocrx_word' id='word_1_218' title='bbox 3300 1526 3400 1602; x_wconf 83' lang='grc' dir='ltr'>τῆς</span> <span class='ocrx_word' id='word_1_219' title='bbox 3434 1523 3641 1599; x_wconf 78' lang='grc' dir='ltr'>σχοίνου</span> <span class='ocrx_word' id='word_1_220' title='bbox 3665 1568 3682 1590; x_wconf 85' lang='grc'><strong>,</strong></span> 
     </span>
    </p>
   </div>
   <div class='ocr_carea' id='block_1_30' title="bbox 2102 1619 3686 1709">
    <p class='ocr_par' dir='ltr' id='par_1_30' title="bbox 2102 1619 3686 1709">
     <span class='ocr_line' id='line_1_30' title="bbox 2102 1619 3686 1709; baseline -0.016 -17"><span class='ocrx_word' id='word_1_221' title='bbox 2102 1640 2197 1692; x_wconf 79' lang='grc' dir='ltr'><strong>καὶ</strong></span> <span class='ocrx_word' id='word_1_222' title='bbox 2229 1638 2418 1709; x_wconf 86' lang='grc' dir='ltr'>βιαίως</span> <span class='ocrx_word' id='word_1_223' title='bbox 2445 1634 2557 1706; x_wconf 77' lang='grc'><strong>(61)</strong></span> <span class='ocrx_word' id='word_1_224' title='bbox 2599 1651 2684 1697; x_wconf 92' lang='grc' dir='ltr'><strong>τις</strong></span> <span class='ocrx_word' id='word_1_225' title='bbox 2713 1632 2806 1684; x_wconf 73' lang='grc' dir='ltr'><strong>ἐπὶ</strong></span> <span class='ocrx_word' id='word_1_226' title='bbox 2839 1629 2906 1684; x_wconf 77' lang='grc' dir='ltr'><strong>τά</strong></span> <span class='ocrx_word' id='word_1_227' title='bbox 2951 1627 3102 1691; x_wconf 80' lang='grc' dir='ltr'>ἐντὸς</span> <span class='ocrx_word' id='word_1_228' title='bbox 3152 1626 3216 1679; x_wconf 89' lang='grc' dir='ltr'><strong>ἐκ</strong></span> <span class='ocrx_word' id='word_1_229' title='bbox 3253 1623 3348 1678; x_wconf 88' lang='grc' dir='ltr'><strong>τοῦ</strong></span> <span class='ocrx_word' id='word_1_230' title='bbox 3393 1622 3561 1692; x_wconf 78' lang='grc' dir='ltr'>ἄκρου</span> <span class='ocrx_word' id='word_1_231' title='bbox 3585 1619 3686 1690; x_wconf 80' lang='grc' dir='ltr'>τὴν</span> 
     </span>
    </p>
   </div>
   <div class='ocr_carea' id='block_1_31' title="bbox 420 1709 2006 1804">
    <p class='ocr_par' dir='ltr' id='par_1_31' title="bbox 420 1729 2004 1804">
     <span class='ocr_line' id='line_1_31' title="bbox 420 1729 2004 1804; baseline -0.005 -14"><span class='ocrx_word' id='word_1_232' title='bbox 420 1736 568 1790; x_wconf 85' lang='lat' dir='ltr'><strong>funis</strong></span> <span class='ocrx_word' id='word_1_233' title='bbox 612 1735 939 1804; x_wconf 87' lang='lat' dir='ltr'><strong>trajiciatur,</strong></span> <span class='ocrx_word' id='word_1_234' title='bbox 989 1747 1052 1786; x_wconf 90' lang='lat' dir='ltr'><strong>ac</strong></span> <span class='ocrx_word' id='word_1_235' title='bbox 1109 1733 1380 1786; x_wconf 87' lang='lat' dir='ltr'><strong>violenter</strong></span> <span class='ocrx_word' id='word_1_236' title='bbox 1429 1729 1630 1800; x_wconf 87' lang='lat' dir='ltr'><strong>aliquis</strong></span> <span class='ocrx_word' id='word_1_237' title='bbox 1653 1730 1939 1784; x_wconf 82' lang='lat' dir='ltr'><strong>introrsus</strong></span> <span class='ocrx_word' id='word_1_238' title='bbox 1973 1743 2004 1782; x_wconf 74' lang='grc' dir='ltr'><strong>ιι</strong></span> 
     </span>
    </p>
   </div>
   <div class='ocr_carea' id='block_1_32' title="bbox 2106 1709 3686 1804">
    <p class='ocr_par' dir='ltr' id='par_1_32' title="bbox 2106 1709 3686 1804">
     <span class='ocr_line' id='line_1_32' title="bbox 2106 1709 3686 1804; baseline -0.016 -18"><span class='ocrx_word' id='word_1_239' title='bbox 2106 1733 2313 1802; x_wconf 85' lang='grc' dir='ltr'>σχοῖνον</span> <span class='ocrx_word' id='word_1_240' title='bbox 2342 1726 2620 1797; x_wconf 76' lang='grc' dir='ltr'><strong>ἐφέλκοιτο</strong></span> <span class='ocrx_word' id='word_1_241' title='bbox 2636 1766 2651 1791; x_wconf 96' lang='grc'><strong>,</strong></span> <span class='ocrx_word' id='word_1_242' title='bbox 2683 1725 2896 1794; x_wconf 81' lang='grc' dir='ltr'><strong>ἀνάγκη</strong></span> <span class='ocrx_word' id='word_1_243' title='bbox 2923 1722 3073 1774; x_wconf 82' lang='grc' dir='ltr'>πᾶσα</span> <span class='ocrx_word' id='word_1_244' title='bbox 3100 1717 3198 1789; x_wconf 81' lang='grc' dir='ltr'>τὴν</span> <span class='ocrx_word' id='word_1_245' title='bbox 3229 1716 3327 1804; x_wconf 80' lang='grc' dir='ltr'>μὲν</span> <span class='ocrx_word' id='word_1_246' title='bbox 3342 1712 3581 1804; x_wconf 27' lang='grc' dir='ltr'>’ἕπεσθαι</span> <span class='ocrx_word' id='word_1_247' title='bbox 3607 1709 3686 1804; x_wconf 70' lang='grc' dir='ltr'>τῷ</span> 
     </span>
    </p>
   </div>
   <div class='ocr_carea' id='block_1_33' title="bbox 421 1798 2006 1889">
    <p class='ocr_par' dir='ltr' id='par_1_33' title="bbox 421 1823 2004 1886">
     <span class='ocr_line' id='line_1_33' title="bbox 421 1823 2004 1886; baseline -0.004 -4"><span class='ocrx_word' id='word_1_248' title='bbox 421 1829 734 1883; x_wconf 84' lang='lat' dir='ltr'><strong>summitate</strong></span> <span class='ocrx_word' id='word_1_249' title='bbox 773 1827 956 1880; x_wconf 87' lang='lat' dir='ltr'><strong>funem</strong></span> <span class='ocrx_word' id='word_1_250' title='bbox 983 1824 1262 1886; x_wconf 87' lang='lat' dir='ltr'><strong>attrahat,</strong></span> <span class='ocrx_word' id='word_1_251' title='bbox 1301 1823 1527 1877; x_wconf 90' lang='lat' dir='ltr'><strong>omnino</strong></span> <span class='ocrx_word' id='word_1_252' title='bbox 1558 1837 1783 1878; x_wconf 87' lang='lat' dir='ltr'><strong>necesse</strong></span> <span class='ocrx_word' id='word_1_253' title='bbox 1817 1832 1902 1878; x_wconf 90' lang='lat' dir='ltr'><strong>est</strong></span> <span class='ocrx_word' id='word_1_254' title='bbox 1944 1831 2004 1876; x_wconf 91' lang='lat' dir='ltr'><strong>ut</strong></span> 
     </span>
    </p>
   </div>
   <div class='ocr_carea' id='block_1_34' title="bbox 2106 1798 3687 1889">
    <p class='ocr_par' dir='ltr' id='par_1_34' title="bbox 2111 1798 3687 1889">
     <span class='ocr_line' id='line_1_34' title="bbox 2111 1798 3687 1889; baseline -0.018 -14"><span class='ocrx_word' id='word_1_255' title='bbox 2111 1798 2478 1889; x_wconf 66' lang='grc' dir='ltr'>ἐπισπωμένη)</span> <span class='ocrx_word' id='word_1_256' title='bbox 2498 1857 2514 1880; x_wconf 92' lang='grc'><strong>,</strong></span> <span class='ocrx_word' id='word_1_257' title='bbox 2547 1815 2640 1869; x_wconf 76' lang='grc' dir='ltr'>τὸν</span> <span class='ocrx_word' id='word_1_258' title='bbox 2681 1814 2738 1868; x_wconf 82' lang='grc' dir='ltr'><strong>δέ</strong></span> <span class='ocrx_word' id='word_1_259' title='bbox 2783 1806 3243 1882; x_wconf 83' lang='grc' dir='ltr'>παραπλασθέντα</span> <span class='ocrx_word' id='word_1_260' title='bbox 3275 1801 3386 1872; x_wconf 71' lang='grc'><strong>(62)</strong></span> <span class='ocrx_word' id='word_1_261' title='bbox 3419 1799 3590 1870; x_wconf 85' lang='grc' dir='ltr'>πηλὸν</span> <span class='ocrx_word' id='word_1_262' title='bbox 3622 1798 3687 1889; x_wconf 80' lang='grc' dir='ltr'><strong>ἐκ</strong></span> 
     </span>
    </p>
   </div>
   <div class='ocr_carea' id='block_1_35' title="bbox 426 1886 2006 1987">
    <p class='ocr_par' dir='ltr' id='par_1_35' title="bbox 426 1913 2006 1987">
     <span class='ocr_line' id='line_1_35' title="bbox 426 1913 2006 1987; baseline -0.004 -14"><span class='ocrx_word' id='word_1_263' title='bbox 426 1918 576 1974; x_wconf 90' lang='lat' dir='ltr'><strong>funis</strong></span> <span class='ocrx_word' id='word_1_264' title='bbox 619 1917 844 1987; x_wconf 84' lang='lat' dir='ltr'><strong>quidem</strong></span> <span class='ocrx_word' id='word_1_265' title='bbox 902 1924 1168 1985; x_wconf 88' lang='lat' dir='ltr'><strong>sequatur</strong></span> <span class='ocrx_word' id='word_1_266' title='bbox 1229 1915 1617 1981; x_wconf 90' lang='lat' dir='ltr'><strong>attrahentem,</strong></span> <span class='ocrx_word' id='word_1_267' title='bbox 1655 1913 1827 1968; x_wconf 89' lang='lat' dir='ltr'><strong>lutum</strong></span> <span class='ocrx_word' id='word_1_268' title='bbox 1876 1927 2006 1968; x_wconf 90' lang='lat' dir='ltr'><strong>vero</strong></span> 
     </span>
    </p>
   </div>
   <div class='ocr_carea' id='block_1_36' title="bbox 2106 1886 3684 1987">
    <p class='ocr_par' dir='ltr' id='par_1_36' title="bbox 2112 1886 3684 1987">
     <span class='ocr_line' id='line_1_36' title="bbox 2112 1886 3684 1987; baseline -0.018 -20"><span class='ocrx_word' id='word_1_269' title='bbox 2112 1910 2213 1983; x_wconf 86' lang='grc' dir='ltr'><strong>τῆς</strong></span> <span class='ocrx_word' id='word_1_270' title='bbox 2242 1886 2420 1982; x_wconf 82' lang='grc' dir='ltr'>βιαίας</span> <span class='ocrx_word' id='word_1_271' title='bbox 2449 1886 2613 1978; x_wconf 75' lang='grc' dir='ltr'>όλκῆς</span> <span class='ocrx_word' id='word_1_272' title='bbox 2644 1905 2747 1970; x_wconf 80' lang='grc' dir='ltr'>ἔξω</span> <span class='ocrx_word' id='word_1_273' title='bbox 2768 1903 2870 1974; x_wconf 84' lang='grc' dir='ltr'>τῆς</span> <span class='ocrx_word' id='word_1_274' title='bbox 2885 1899 3185 1972; x_wconf 80' lang='grc' dir='ltr'><strong>τρυμαλιᾶς</strong></span> <span class='ocrx_word' id='word_1_275' title='bbox 3207 1897 3386 1987; x_wconf 82' lang='grc' dir='ltr'>μένειν</span> <span class='ocrx_word' id='word_1_276' title='bbox 3413 1887 3684 1987; x_wconf 48' lang='grc' dir='ltr'>τῆς-σχοίζ</span> 
     </span>
    </p>
   </div>
   <div class='ocr_carea' id='block_1_37' title="bbox 426 1979 2006 2072">
    <p class='ocr_par' dir='ltr' id='par_1_37' title="bbox 426 2005 2006 2067">
     <span class='ocr_line' id='line_1_37' title="bbox 426 2005 2006 2067; baseline -0.003 0"><span class='ocrx_word' id='word_1_277' title='bbox 426 2011 798 2067; x_wconf 81' lang='lat' dir='ltr'><strong>circutnlitunt</strong></span> <span class='ocrx_word' id='word_1_278' title='bbox 838 2025 906 2064; x_wconf 81' lang='lat' dir='ltr'><strong>ex</strong></span> <span class='ocrx_word' id='word_1_279' title='bbox 951 2009 1192 2064; x_wconf 86' lang='lat' dir='ltr'><strong>violenta</strong></span> <span class='ocrx_word' id='word_1_280' title='bbox 1241 2007 1512 2062; x_wconf 90' lang='lat' dir='ltr'><strong>tractione</strong></span> <span class='ocrx_word' id='word_1_281' title='bbox 1561 2014 1715 2062; x_wconf 87' lang='lat' dir='ltr'><strong>extra</strong></span> <span class='ocrx_word' id='word_1_282' title='bbox 1762 2005 2006 2062; x_wconf 85' lang='lat' dir='ltr'><strong>foramen</strong></span> 
     </span>
    </p>
   </div>
   <div class='ocr_carea' id='block_1_38' title="bbox 2106 1979 3684 2072">
    <p class='ocr_par' dir='ltr' id='par_1_38' title="bbox 2108 1979 3684 2072">
     <span class='ocr_line' id='line_1_38' title="bbox 2108 1979 3684 2072; baseline -0.016 -13"><span class='ocrx_word' id='word_1_283' title='bbox 2108 1979 2200 2060; x_wconf 83' lang='grc' dir='ltr'><strong>νου</strong></span> <span class='ocrx_word' id='word_1_284' title='bbox 2243 1979 2634 2072; x_wconf 69' lang='grc' dir='ltr'>ἀποξυόμενον,</span> <span class='ocrx_word' id='word_1_285' title='bbox 2669 1998 2766 2052; x_wconf 75' lang='grc' dir='ltr'><strong>καὶ</strong></span> <span class='ocrx_word' id='word_1_286' title='bbox 2801 1997 2970 2048; x_wconf 84' lang='grc' dir='ltr'>αἴτιον</span> <span class='ocrx_word' id='word_1_287' title='bbox 3011 1992 3147 2062; x_wconf 77' lang='grc' dir='ltr'>αὐτῇ</span> <span class='ocrx_word' id='word_1_288' title='bbox 3176 1985 3421 2058; x_wconf 83' lang='grc' dir='ltr'>γίνεσθαι</span> <span class='ocrx_word' id='word_1_289' title='bbox 3449 1983 3562 2054; x_wconf 73' lang='lat'><strong>(65.)</strong></span> <span class='ocrx_word' id='word_1_290' title='bbox 3589 1979 3684 2034; x_wconf 87' lang='grc' dir='ltr'><strong>τοῦ</strong></span> 
     </span>
    </p>
   </div>
   <div class='ocr_carea' id='block_1_39' title="bbox 426 2076 2006 2171">
    <p class='ocr_par' dir='ltr' id='par_1_39' title="bbox 426 2101 2006 2171">
     <span class='ocr_line' id='line_1_39' title="bbox 426 2101 2006 2171; baseline -0.004 -10"><span class='ocrx_word' id='word_1_291' title='bbox 426 2112 670 2170; x_wconf 85' lang='lat' dir='ltr'><strong>maneat,</strong></span> <span class='ocrx_word' id='word_1_292' title='bbox 717 2119 748 2157; x_wconf 93' lang='lat' dir='ltr'><strong>a</strong></span> <span class='ocrx_word' id='word_1_293' title='bbox 789 2103 917 2160; x_wconf 90' lang='lat' dir='ltr'><strong>fune</strong></span> <span class='ocrx_word' id='word_1_294' title='bbox 953 2102 1228 2160; x_wconf 90' lang='lat' dir='ltr'><strong>detersum</strong></span> <span class='ocrx_word' id='word_1_295' title='bbox 1268 2112 1322 2158; x_wconf 88' lang='lat' dir='ltr'><strong>et</strong></span> <span class='ocrx_word' id='word_1_296' title='bbox 1348 2103 1629 2166; x_wconf 89' lang='lat' dir='ltr'><strong>abrasum,</strong></span> <span class='ocrx_word' id='word_1_297' title='bbox 1659 2101 1818 2171; x_wconf 89' lang='lat' dir='ltr'><strong>eique</strong></span> <span class='ocrx_word' id='word_1_298' title='bbox 1843 2115 2006 2156; x_wconf 87' lang='lat' dir='ltr'><strong>causa</strong></span> 
     </span>
    </p>
   </div>
   <div class='ocr_carea' id='block_1_40' title="bbox 2106 2076 3685 2171">
    <p class='ocr_par' dir='ltr' id='par_1_40' title="bbox 2110 2076 3685 2171">
     <span class='ocr_line' id='line_1_40' title="bbox 2110 2076 3685 2171; baseline -0.015 -21"><span class='ocrx_word' id='word_1_299' title='bbox 2110 2096 2186 2168; x_wconf 83' lang='grc' dir='ltr'><strong>μὴ</strong></span> <span class='ocrx_word' id='word_1_300' title='bbox 2221 2091 2532 2148; x_wconf 80' lang='grc' dir='ltr'>εὐοδοῦσθαι</span> <span class='ocrx_word' id='word_1_301' title='bbox 2570 2089 2712 2144; x_wconf 89' lang='grc' dir='ltr'><strong>κατά</strong></span> <span class='ocrx_word' id='word_1_302' title='bbox 2743 2088 2842 2158; x_wconf 87' lang='grc' dir='ltr'><strong>τὴν</strong></span> <span class='ocrx_word' id='word_1_303' title='bbox 2874 2085 3126 2157; x_wconf 89' lang='grc' dir='ltr'>πάροδον,</span> <span class='ocrx_word' id='word_1_304' title='bbox 3161 2080 3299 2135; x_wconf 85' lang='grc' dir='ltr'><strong>ἀλλά</strong></span> <span class='ocrx_word' id='word_1_305' title='bbox 3339 2077 3516 2171; x_wconf 57' lang='grc' dir='ltr'>βιαίαν</span> <span class='ocrx_word' id='word_1_306' title='bbox 3549 2076 3685 2171; x_wconf 59' lang='lat' dir='ltr'><strong>fam-</strong></span> 
     </span>
    </p>
   </div>
   <div class='ocr_carea' id='block_1_41' title="bbox 428 2165 2006 2261">
    <p class='ocr_par' dir='ltr' id='par_1_41' title="bbox 428 2191 2006 2261">
     <span class='ocr_line' id='line_1_41' title="bbox 428 2191 2006 2261; baseline -0.004 -7"><span class='ocrx_word' id='word_1_307' title='bbox 428 2197 668 2261; x_wconf 87' lang='lat' dir='ltr'><strong>exsistit,</strong></span> <span class='ocrx_word' id='word_1_308' title='bbox 729 2205 793 2250; x_wconf 88' lang='grc' dir='ltr'><strong>ιιι</strong></span> <span class='ocrx_word' id='word_1_309' title='bbox 849 2210 977 2249; x_wconf 92' lang='lat' dir='ltr'><strong>cum</strong></span> <span class='ocrx_word' id='word_1_310' title='bbox 1031 2210 1099 2250; x_wconf 90' lang='lat' dir='ltr'><strong>eo</strong></span> <span class='ocrx_word' id='word_1_311' title='bbox 1153 2195 1208 2249; x_wconf 90' lang='lat' dir='ltr'><strong>in</strong></span> <span class='ocrx_word' id='word_1_312' title='bbox 1263 2193 1502 2248; x_wconf 90' lang='lat' dir='ltr'><strong>transitu</strong></span> <span class='ocrx_word' id='word_1_313' title='bbox 1556 2207 1663 2247; x_wconf 86' lang='lat' dir='ltr'><strong>non</strong></span> <span class='ocrx_word' id='word_1_314' title='bbox 1726 2191 2006 2247; x_wconf 88' lang='lat' dir='ltr'><strong>commode</strong></span> 
     </span>
    </p>
   </div>
   <div class='ocr_carea' id='block_1_42' title="bbox 2106 2165 3685 2261">
    <p class='ocr_par' dir='ltr' id='par_1_42' title="bbox 2112 2165 3685 2257">
     <span class='ocr_line' id='line_1_42' title="bbox 2112 2165 3685 2257; baseline -0.015 -18"><span class='ocrx_word' id='word_1_315' title='bbox 2112 2165 2295 2257; x_wconf 76' lang='grc' dir='ltr'>μένειν</span> <span class='ocrx_word' id='word_1_316' title='bbox 2324 2184 2389 2237; x_wconf 88' lang='grc' dir='ltr'><strong>ἐκ</strong></span> <span class='ocrx_word' id='word_1_317' title='bbox 2413 2181 2504 2237; x_wconf 87' lang='grc' dir='ltr'><strong>τοῦ</strong></span> <span class='ocrx_word' id='word_1_318' title='bbox 2536 2179 2899 2250; x_wconf 81' lang='grc' dir='ltr'>ἐφελκομένου</span> <span class='ocrx_word' id='word_1_319' title='bbox 2924 2175 3021 2246; x_wconf 81' lang='grc' dir='ltr'>τὴν</span> <span class='ocrx_word' id='word_1_320' title='bbox 3055 2173 3230 2226; x_wconf 80' lang='grc' dir='ltr'>τάσιν·</span> <span class='ocrx_word' id='word_1_321' title='bbox 3258 2167 3496 2223; x_wconf 89' lang='grc' dir='ltr'>τοιοῦτόν</span> <span class='ocrx_word' id='word_1_322' title='bbox 3514 2165 3568 2218; x_wconf 91' lang='grc' dir='ltr'><strong>τί</strong></span> <span class='ocrx_word' id='word_1_323' title='bbox 3596 2180 3685 2235; x_wconf 85' lang='grc' dir='ltr'><strong>μοι</strong></span> 
     </span>
    </p>
   </div>
   <div class='ocr_carea' id='block_1_43' title="bbox 2107 2258 3686 2344">
    <p class='ocr_par' dir='ltr' id='par_1_43' title="bbox 2107 2258 3686 2344">
     <span class='ocr_line' id='line_1_43' title="bbox 2107 2258 3686 2344; baseline -0.015 -12"><span class='ocrx_word' id='word_1_324' title='bbox 2107 2278 2254 2332; x_wconf 85' lang='grc' dir='ltr'>δοκεῖ</span> <span class='ocrx_word' id='word_1_325' title='bbox 2282 2275 2376 2330; x_wconf 75' lang='grc' dir='ltr'>καὶ</span> <span class='ocrx_word' id='word_1_326' title='bbox 2420 2275 2480 2328; x_wconf 85' lang='grc' dir='ltr'><strong>τὸ</strong></span> <span class='ocrx_word' id='word_1_327' title='bbox 2508 2273 2635 2344; x_wconf 68' lang='grc' dir='ltr'>περ).</span> <span class='ocrx_word' id='word_1_328' title='bbox 2661 2271 2760 2339; x_wconf 83' lang='grc' dir='ltr'>τὴν</span> <span class='ocrx_word' id='word_1_329' title='bbox 2788 2267 2967 2340; x_wconf 71' lang='grc' dir='ltr'>ψυχὴν.</span> <span class='ocrx_word' id='word_1_330' title='bbox 2997 2266 3195 2319; x_wconf 84' lang='grc' dir='ltr'>ἐννοεῖν</span> <span class='ocrx_word' id='word_1_331' title='bbox 3234 2263 3354 2325; x_wconf 88' lang='grc' dir='ltr'>ταῖς</span> <span class='ocrx_word' id='word_1_332' title='bbox 3393 2258 3604 2320; x_wconf 78' lang='grc' dir='ltr'>ὑλικαίς</span> <span class='ocrx_word' id='word_1_333' title='bbox 3627 2272 3686 2309; x_wconf 83' lang='grc' dir='ltr'><strong>τε</strong></span> 
     </span>
    </p>
   </div>
   <div class='ocr_carea' id='block_1_44' title="bbox 2109 2349 3686 2436">
    <p class='ocr_par' dir='ltr' id='par_1_44' title="bbox 2109 2349 3686 2436">
     <span class='ocr_line' id='line_1_44' title="bbox 2109 2349 3686 2436; baseline -0.015 -13"><span class='ocrx_word' id='word_1_334' title='bbox 2109 2369 2204 2422; x_wconf 69' lang='grc' dir='ltr'><strong>καὶ</strong></span> <span class='ocrx_word' id='word_1_335' title='bbox 2264 2366 2487 2436; x_wconf 81' lang='grc' dir='ltr'>γεώδεσι</span> <span class='ocrx_word' id='word_1_336' title='bbox 2549 2360 2945 2434; x_wconf 85' lang='grc' dir='ltr'>προσπαθείαις</span> <span class='ocrx_word' id='word_1_337' title='bbox 3004 2355 3405 2425; x_wconf 85' lang='grc' dir='ltr'>ἐνειληθεῖσαν,</span> <span class='ocrx_word' id='word_1_338' title='bbox 3457 2349 3686 2420; x_wconf 80' lang='grc' dir='ltr'>κάμνειν</span> 
     </span>
    </p>
   </div>
   <div class='ocr_carea' id='block_1_45' title="bbox 2110 2437 3685 2521">
    <p class='ocr_par' dir='ltr' id='par_1_45' title="bbox 2110 2437 3685 2521">
     <span class='ocr_line' id='line_1_45' title="bbox 2110 2437 3685 2521; baseline -0.013 -11"><span class='ocrx_word' id='word_1_339' title='bbox 2110 2456 2204 2510; x_wconf 73' lang='grc' dir='ltr'>καὶ</span> <span class='ocrx_word' id='word_1_340' title='bbox 2234 2453 2594 2508; x_wconf 86' lang='grc' dir='ltr'>διατείνεσθαι</span> <span class='ocrx_word' id='word_1_341' title='bbox 2614 2490 2628 2516; x_wconf 96' lang='grc'><strong>,</strong></span> <span class='ocrx_word' id='word_1_342' title='bbox 2659 2451 2752 2505; x_wconf 89' lang='grc' dir='ltr'><strong>τοῦ</strong></span> <span class='ocrx_word' id='word_1_343' title='bbox 2781 2450 2878 2521; x_wconf 83' lang='grc' dir='ltr'><strong>μὲν</strong></span> <span class='ocrx_word' id='word_1_344' title='bbox 2905 2447 3040 2501; x_wconf 88' lang='grc' dir='ltr'>Θεοῦ</span> <span class='ocrx_word' id='word_1_345' title='bbox 3074 2446 3136 2498; x_wconf 78' lang='grc' dir='ltr'>τὸ</span> <span class='ocrx_word' id='word_1_346' title='bbox 3165 2444 3295 2497; x_wconf 81' lang='grc' dir='ltr'>ἴδιον</span> <span class='ocrx_word' id='word_1_347' title='bbox 3329 2441 3464 2511; x_wconf 78' lang='grc' dir='ltr'>πρὸς</span> <span class='ocrx_word' id='word_1_348' title='bbox 3495 2437 3685 2493; x_wconf 79' lang='grc' dir='ltr'>ἑαυτὸν</span> 
     </span>
    </p>
   </div>
   <div class='ocr_carea' id='block_1_46' title="bbox 430 2282 2009 2358">
    <p class='ocr_par' dir='ltr' id='par_1_46' title="bbox 430 2282 2009 2358">
     <span class='ocr_line' id='line_1_46' title="bbox 430 2282 2009 2358; baseline -0.004 -15"><span class='ocrx_word' id='word_1_349' title='bbox 430 2296 645 2358; x_wconf 86' lang='lat' dir='ltr'><strong>agatur,</strong></span> <span class='ocrx_word' id='word_1_350' title='bbox 689 2286 788 2342; x_wconf 90' lang='lat' dir='ltr'><strong>sed</strong></span> <span class='ocrx_word' id='word_1_351' title='bbox 821 2286 1116 2341; x_wconf 79' lang='lat' dir='ltr'><strong>violentam</strong></span> <span class='ocrx_word' id='word_1_352' title='bbox 1161 2284 1390 2340; x_wconf 73' lang='lat' dir='ltr'><strong>sufferat</strong></span> <span class='ocrx_word' id='word_1_353' title='bbox 1443 2283 1512 2337; x_wconf 90' lang='lat' dir='ltr'><strong>ab</strong></span> <span class='ocrx_word' id='word_1_354' title='bbox 1559 2282 1869 2337; x_wconf 88' lang='lat' dir='ltr'><strong>attrahente</strong></span> <span class='ocrx_word' id='word_1_355' title='bbox 1911 2299 2009 2337; x_wconf 83' lang='lat' dir='ltr'><strong>ex-</strong></span> 
     </span>
    </p>
   </div>
   <div class='ocr_carea' id='block_1_47' title="bbox 430 2372 2009 2446">
    <p class='ocr_par' dir='ltr' id='par_1_47' title="bbox 430 2372 2009 2446">
     <span class='ocr_line' id='line_1_47' title="bbox 430 2372 2009 2446; baseline -0.004 -14"><span class='ocrx_word' id='word_1_356' title='bbox 430 2378 740 2433; x_wconf 87' lang='lat' dir='ltr'><strong>tensionem</strong></span> <span class='ocrx_word' id='word_1_357' title='bbox 772 2390 786 2428; x_wconf 90' lang='lat'><strong>:</strong></span> <span class='ocrx_word' id='word_1_358' title='bbox 819 2376 928 2430; x_wconf 88' lang='lat' dir='ltr'><strong>tale</strong></span> <span class='ocrx_word' id='word_1_359' title='bbox 967 2374 1230 2446; x_wconf 85' lang='lat' dir='ltr'><strong>quiddam</strong></span> <span class='ocrx_word' id='word_1_360' title='bbox 1281 2373 1417 2428; x_wconf 92' lang='lat' dir='ltr'><strong>mihi</strong></span> <span class='ocrx_word' id='word_1_361' title='bbox 1453 2372 1670 2428; x_wconf 84' lang='lat' dir='ltr'><strong>videtur</strong></span> <span class='ocrx_word' id='word_1_362' title='bbox 1703 2373 1852 2427; x_wconf 89' lang='lat' dir='ltr'><strong>circa</strong></span> <span class='ocrx_word' id='word_1_363' title='bbox 1889 2373 2009 2426; x_wconf 88' lang='lat' dir='ltr'><strong>ani-</strong></span> 
     </span>
    </p>
   </div>
   <div class='ocr_carea' id='block_1_48' title="bbox 431 2464 2009 2538">
    <p class='ocr_par' dir='ltr' id='par_1_48' title="bbox 431 2464 2009 2538">
     <span class='ocr_line' id='line_1_48' title="bbox 431 2464 2009 2538; baseline -0.004 -14"><span class='ocrx_word' id='word_1_364' title='bbox 431 2484 578 2524; x_wconf 85' lang='lat' dir='ltr'><strong>mam</strong></span> <span class='ocrx_word' id='word_1_365' title='bbox 620 2483 840 2538; x_wconf 91' lang='lat' dir='ltr'><strong>quoque</strong></span> <span class='ocrx_word' id='word_1_366' title='bbox 881 2465 1110 2537; x_wconf 87' lang='lat' dir='ltr'><strong>cogitari</strong></span> <span class='ocrx_word' id='word_1_367' title='bbox 1143 2472 1308 2535; x_wconf 88' lang='lat' dir='ltr'><strong>atque</strong></span> <span class='ocrx_word' id='word_1_368' title='bbox 1331 2464 1560 2535; x_wconf 87' lang='lat' dir='ltr'><strong>intelligi</strong></span> <span class='ocrx_word' id='word_1_369' title='bbox 1593 2474 1866 2535; x_wconf 79' lang='lat' dir='ltr'><strong>Oportere,</strong></span> <span class='ocrx_word' id='word_1_370' title='bbox 1890 2479 2009 2519; x_wconf 88' lang='lat' dir='ltr'><strong>eam</strong></span> 
     </span>
    </p>
   </div>
   <div class='ocr_carea' id='block_1_49' title="bbox 431 2531 2006 2624">
    <p class='ocr_par' dir='ltr' id='par_1_49' title="bbox 431 2531 2006 2624">
     <span class='ocr_line' id='line_1_49' title="bbox 431 2531 2006 2624; baseline -0.006 -10"><span class='ocrx_word' id='word_1_371' title='bbox 431 2557 688 2614; x_wconf 83' lang='lat' dir='ltr'><strong>videlicet</strong></span> <span class='ocrx_word' id='word_1_372' title='bbox 734 2531 1114 2610; x_wconf 69' lang='lat' dir='ltr'><strong>materialibus</strong></span> <span class='ocrx_word' id='word_1_373' title='bbox 1145 2531 1312 2624; x_wconf 77' lang='lat' dir='ltr'><strong>atque</strong></span> <span class='ocrx_word' id='word_1_374' title='bbox 1349 2531 1584 2610; x_wconf 77' lang='lat' dir='ltr'><strong>terrenis</strong></span> <span class='ocrx_word' id='word_1_375' title='bbox 1611 2531 1898 2609; x_wconf 72' lang='lat' dir='ltr'><strong>affectibus</strong></span> <span class='ocrx_word' id='word_1_376' title='bbox 1929 2553 2006 2606; x_wconf 90' lang='lat' dir='ltr'><strong>in-</strong></span> 
     </span>
    </p>
   </div>
   <div class='ocr_carea' id='block_1_50' title="bbox 2106 2531 3687 2624">
    <p class='ocr_par' dir='ltr' id='par_1_50' title="bbox 2109 2531 3687 2612">
     <span class='ocr_line' id='line_1_50' title="bbox 2109 2531 3687 2612; baseline -0.013 -11"><span class='ocrx_word' id='word_1_377' title='bbox 2109 2547 2388 2610; x_wconf 77' lang='grc' dir='ltr'>ἒλκοντος·</span> <span class='ocrx_word' id='word_1_378' title='bbox 2419 2543 2513 2598; x_wconf 87' lang='grc' dir='ltr'><strong>τοῦ</strong></span> <span class='ocrx_word' id='word_1_379' title='bbox 2546 2544 2590 2597; x_wconf 91' lang='grc' dir='ltr'>δ’</span> <span class='ocrx_word' id='word_1_380' title='bbox 2635 2540 2947 2612; x_wconf 86' lang='grc' dir='ltr'>ἀλλοτρίου,</span> <span class='ocrx_word' id='word_1_381' title='bbox 2991 2537 3078 2590; x_wconf 75' lang='grc' dir='ltr'>διὰ</span> <span class='ocrx_word' id='word_1_382' title='bbox 3126 2534 3187 2588; x_wconf 80' lang='grc' dir='ltr'><strong>τὸ</strong></span> <span class='ocrx_word' id='word_1_383' title='bbox 3226 2531 3537 2604; x_wconf 79' lang='grc' dir='ltr'>συμφυῆναί</span> <span class='ocrx_word' id='word_1_384' title='bbox 3571 2545 3687 2590; x_wconf 83' lang='grc' dir='ltr'><strong>πως</strong></span> 
     </span>
    </p>
   </div>
   <div class='ocr_carea' id='block_1_51' title="bbox 431 2621 2006 2716">
    <p class='ocr_par' dir='ltr' id='par_1_51' title="bbox 431 2621 2006 2716">
     <span class='ocr_line' id='line_1_51' title="bbox 431 2621 2006 2716; baseline -0.004 -13"><span class='ocrx_word' id='word_1_385' title='bbox 431 2648 677 2704; x_wconf 92' lang='lat' dir='ltr'><strong>volutam</strong></span> <span class='ocrx_word' id='word_1_386' title='bbox 729 2645 983 2701; x_wconf 88' lang='lat' dir='ltr'><strong>laborare</strong></span> <span class='ocrx_word' id='word_1_387' title='bbox 1030 2653 1196 2716; x_wconf 89' lang='lat' dir='ltr'><strong>atque</strong></span> <span class='ocrx_word' id='word_1_388' title='bbox 1221 2621 1509 2708; x_wconf 28' lang='lat' dir='ltr'><strong>idistendi,</strong></span> <span class='ocrx_word' id='word_1_389' title='bbox 1545 2644 1675 2699; x_wconf 88' lang='lat' dir='ltr'><strong>dum</strong></span> <span class='ocrx_word' id='word_1_390' title='bbox 1713 2643 1856 2699; x_wconf 87' lang='lat' dir='ltr'><strong>Deus</strong></span> <span class='ocrx_word' id='word_1_391' title='bbox 1890 2643 2006 2713; x_wconf 91' lang='lat' dir='ltr'><strong>qui-</strong></span> 
     </span>
    </p>
   </div>
   <div class='ocr_carea' id='block_1_52' title="bbox 2106 2621 3727 2716">
    <p class='ocr_par' dir='ltr' id='par_1_52' title="bbox 2111 2621 3727 2709">
     <span class='ocr_line' id='line_1_52' title="bbox 2111 2621 3727 2709; baseline -0.012 -18"><span class='ocrx_word' id='word_1_392' title='bbox 2111 2639 2271 2709; x_wconf 77' lang='grc' dir='ltr'>αὐτῇ,</span> <span class='ocrx_word' id='word_1_393' title='bbox 2293 2635 2480 2707; x_wconf 89' lang='grc' dir='ltr'>βιαίως</span> <span class='ocrx_word' id='word_1_394' title='bbox 2495 2632 2902 2704; x_wconf 79' lang='grc' dir='ltr'>ἀποξυρομένου</span> <span class='ocrx_word' id='word_1_395' title='bbox 2922 2627 3166 2698; x_wconf 71' lang='grc'><strong>(64-65),</strong></span> <span class='ocrx_word' id='word_1_396' title='bbox 3197 2626 3292 2680; x_wconf 81' lang='grc' dir='ltr'>καὶ</span> <span class='ocrx_word' id='word_1_397' title='bbox 3319 2625 3415 2688; x_wconf 79' lang='grc' dir='ltr'>τὰς</span> <span class='ocrx_word' id='word_1_398' title='bbox 3439 2621 3685 2693; x_wconf 80' lang='grc' dir='ltr'>δριμείας</span> <span class='ocrx_word' id='word_1_399' title='bbox 3725 2641 3727 2643; x_wconf 58' lang='grc' dir='ltr'><strong>ί</strong></span> 
     </span>
    </p>
   </div>
   <div class='ocr_carea' id='block_1_53' title="bbox 434 2717 2006 2806">
    <p class='ocr_par' dir='ltr' id='par_1_53' title="bbox 434 2731 2006 2806">
     <span class='ocr_line' id='line_1_53' title="bbox 434 2731 2006 2806; baseline -0.004 -14"><span class='ocrx_word' id='word_1_400' title='bbox 434 2736 557 2792; x_wconf 90' lang='lat' dir='ltr'><strong>dem</strong></span> <span class='ocrx_word' id='word_1_401' title='bbox 603 2735 748 2806; x_wconf 90' lang='lat' dir='ltr'><strong>quod</strong></span> <span class='ocrx_word' id='word_1_402' title='bbox 799 2749 961 2790; x_wconf 89' lang='lat' dir='ltr'><strong>suum</strong></span> <span class='ocrx_word' id='word_1_403' title='bbox 1007 2733 1188 2788; x_wconf 85' lang='lat' dir='ltr'><strong>estad</strong></span> <span class='ocrx_word' id='word_1_404' title='bbox 1239 2748 1362 2789; x_wconf 88' lang='lat' dir='ltr'><strong>sese</strong></span> <span class='ocrx_word' id='word_1_405' title='bbox 1401 2732 1570 2786; x_wconf 87' lang='lat' dir='ltr'><strong>trahit</strong></span> <span class='ocrx_word' id='word_1_406' title='bbox 1607 2751 1621 2787; x_wconf 88' lang='lat'><strong>:</strong></span> <span class='ocrx_word' id='word_1_407' title='bbox 1656 2731 1802 2802; x_wconf 84' lang='lat' dir='ltr'><strong>quod</strong></span> <span class='ocrx_word' id='word_1_408' title='bbox 1832 2739 2006 2786; x_wconf 90' lang='lat' dir='ltr'><strong>autem</strong></span> 
     </span>
    </p>
   </div>
   <div class='ocr_carea' id='block_1_54' title="bbox 2106 2717 3665 2806">
    <p class='ocr_par' dir='ltr' id='par_1_54' title="bbox 2106 2717 3665 2802">
     <span class='ocr_line' id='line_1_54' title="bbox 2106 2717 3665 2802; baseline -0.008 -18"><span class='ocrx_word' id='word_1_409' title='bbox 2106 2731 2239 2802; x_wconf 82' lang='grc' dir='ltr'>αὐτῇ</span> <span class='ocrx_word' id='word_1_410' title='bbox 2264 2728 2359 2782; x_wconf 76' lang='grc' dir='ltr'><strong>καὶ</strong></span> <span class='ocrx_word' id='word_1_411' title='bbox 2383 2727 2789 2788; x_wconf 82' lang='grc' dir='ltr'>ἀνυποστάτους</span> <span class='ocrx_word' id='word_1_412' title='bbox 2823 2723 3123 2793; x_wconf 81' lang='grc' dir='ltr'>ἀλγηδόνας</span> <span class='ocrx_word' id='word_1_413' title='bbox 3154 2723 3472 2788; x_wconf 83' lang='grc' dir='ltr'>ἐπάγοντος.</span> <span class='ocrx_word' id='word_1_414' title='bbox 3503 2746 3571 2756; x_wconf 90' lang='lat'>—</span> <span class='ocrx_word' id='word_1_415' title='bbox 3605 2717 3665 2771; x_wconf 86' lang='grc' dir='ltr'>Γ.</span> 
     </span>
    </p>
   </div>
   <div class='ocr_carea' id='block_1_55' title="bbox 437 2810 2006 2895">
    <p class='ocr_par' dir='ltr' id='par_1_55' title="bbox 437 2821 2006 2895">
     <span class='ocr_line' id='line_1_55' title="bbox 437 2821 2006 2895; baseline -0.004 -13"><span class='ocrx_word' id='word_1_416' title='bbox 437 2828 676 2882; x_wconf 88' lang='lat' dir='ltr'><strong>alienum</strong></span> <span class='ocrx_word' id='word_1_417' title='bbox 737 2834 843 2892; x_wconf 81' lang='lat' dir='ltr'><strong>est,</strong></span> <span class='ocrx_word' id='word_1_418' title='bbox 909 2831 1202 2895; x_wconf 85' lang='lat' dir='ltr'><strong>prepterea</strong></span> <span class='ocrx_word' id='word_1_419' title='bbox 1258 2823 1404 2894; x_wconf 92' lang='lat' dir='ltr'><strong>quod</strong></span> <span class='ocrx_word' id='word_1_420' title='bbox 1452 2837 1578 2877; x_wconf 92' lang='lat' dir='ltr'><strong>cum</strong></span> <span class='ocrx_word' id='word_1_421' title='bbox 1646 2821 1828 2876; x_wconf 88' lang='lat' dir='ltr'><strong>anima</strong></span> <span class='ocrx_word' id='word_1_422' title='bbox 1875 2836 2006 2892; x_wconf 87' lang='lat' dir='ltr'><strong>quo-</strong></span> 
     </span>
    </p>
   </div>
   <div class='ocr_carea' id='block_1_56' title="bbox 2106 2810 3672 2895">
    <p class='ocr_par' dir='ltr' id='par_1_56' title="bbox 2106 2810 3672 2887">
     <span class='ocr_line' id='line_1_56' title="bbox 2106 2810 3672 2887; baseline -0.006 -12"><span class='ocrx_word' id='word_1_423' title='bbox 2106 2818 2332 2880; x_wconf 84' lang='grc' dir='ltr'>Οὐκοῦν,</span> <span class='ocrx_word' id='word_1_424' title='bbox 2354 2812 2528 2879; x_wconf 77' lang='grc' dir='ltr'>εἷπον,</span> <span class='ocrx_word' id='word_1_425' title='bbox 2551 2817 2650 2887; x_wconf 82' lang='grc' dir='ltr'>οὐχ</span> <span class='ocrx_word' id='word_1_426' title='bbox 2675 2818 2708 2887; x_wconf 84' lang='grc' dir='ltr'>ἡ</span> <span class='ocrx_word' id='word_1_427' title='bbox 2731 2815 2850 2868; x_wconf 82' lang='grc' dir='ltr'>θεία</span> <span class='ocrx_word' id='word_1_428' title='bbox 2876 2813 2990 2884; x_wconf 87' lang='grc'><strong>(66)</strong></span> <span class='ocrx_word' id='word_1_429' title='bbox 3017 2813 3216 2884; x_wconf 88' lang='grc' dir='ltr'>κρίσις,</span> <span class='ocrx_word' id='word_1_430' title='bbox 3237 2811 3312 2874; x_wconf 86' lang='grc' dir='ltr'><strong>ὡς</strong></span> <span class='ocrx_word' id='word_1_431' title='bbox 3340 2811 3505 2875; x_wconf 78' lang='grc' dir='ltr'>ἔοικε,</span> <span class='ocrx_word' id='word_1_432' title='bbox 3529 2810 3672 2866; x_wconf 81' lang='grc' dir='ltr'>κατὰ</span> 
     </span>
    </p>
   </div>
   <div class='ocr_carea' id='block_1_57' title="bbox 436 2901 2006 2985">
    <p class='ocr_par' dir='ltr' id='par_1_57' title="bbox 436 2908 2005 2985">
     <span class='ocr_line' id='line_1_57' title="bbox 436 2908 2005 2985; baseline -0.01 -10"><span class='ocrx_word' id='word_1_433' title='bbox 436 2919 729 2975; x_wconf 87' lang='lat' dir='ltr'><strong>dammodo</strong></span> <span class='ocrx_word' id='word_1_434' title='bbox 759 2913 1044 2979; x_wconf 85' lang='lat' dir='ltr'><strong>coaluerit,</strong></span> <span class='ocrx_word' id='word_1_435' title='bbox 1068 2910 1331 2967; x_wconf 75' lang='lat' dir='ltr'><strong>violenter</strong></span> <span class='ocrx_word' id='word_1_436' title='bbox 1351 2910 1635 2965; x_wconf 88' lang='lat' dir='ltr'><strong>abraditur</strong></span> <span class='ocrx_word' id='word_1_437' title='bbox 1662 2908 2005 2985; x_wconf 12' lang='lat' dir='ltr'><strong>etabstergi-l</strong></span> 
     </span>
    </p>
   </div>
   <div class='ocr_carea' id='block_1_58' title="bbox 2106 2901 3672 2985">
    <p class='ocr_par' dir='ltr' id='par_1_58' title="bbox 2106 2901 3672 2979">
     <span class='ocr_line' id='line_1_58' title="bbox 2106 2901 3672 2979; baseline -0.008 -15"><span class='ocrx_word' id='word_1_438' title='bbox 2106 2910 2164 2964; x_wconf 82' lang='grc' dir='ltr'><strong>τὸ</strong></span> <span class='ocrx_word' id='word_1_439' title='bbox 2182 2908 2292 2979; x_wconf 87' lang='grc'><strong>(67)</strong></span> <span class='ocrx_word' id='word_1_440' title='bbox 2317 2907 2748 2978; x_wconf 81' lang='grc' dir='ltr'>προηγούμενον,</span> <span class='ocrx_word' id='word_1_441' title='bbox 2763 2907 2876 2968; x_wconf 87' lang='grc' dir='ltr'>τοῖς</span> <span class='ocrx_word' id='word_1_442' title='bbox 2900 2901 3337 2973; x_wconf 78' lang='grc' dir='ltr'>ἐξημαρτηκόσιν</span> <span class='ocrx_word' id='word_1_443' title='bbox 3354 2901 3549 2969; x_wconf 80' lang='grc' dir='ltr'>ἐπάγει</span> <span class='ocrx_word' id='word_1_444' title='bbox 3573 2901 3672 2973; x_wconf 75' lang='grc' dir='ltr'>τὴν</span> 
     </span>
    </p>
   </div>
   <div class='ocr_carea' id='block_1_59' title="bbox 437 2992 2006 3082">
    <p class='ocr_par' dir='ltr' id='par_1_59' title="bbox 437 3001 1997 3082">
     <span class='ocr_line' id='line_1_59' title="bbox 437 3001 1997 3082; baseline -0.006 -14"><span class='ocrx_word' id='word_1_445' title='bbox 437 3021 552 3078; x_wconf 89' lang='lat' dir='ltr'><strong>tur,</strong></span> <span class='ocrx_word' id='word_1_446' title='bbox 582 3024 848 3080; x_wconf 87' lang='lat' dir='ltr'><strong>acresque</strong></span> <span class='ocrx_word' id='word_1_447' title='bbox 873 3011 924 3066; x_wconf 92' lang='lat' dir='ltr'><strong>ei</strong></span> <span class='ocrx_word' id='word_1_448' title='bbox 963 3016 1131 3082; x_wconf 87' lang='lat' dir='ltr'><strong>atque</strong></span> <span class='ocrx_word' id='word_1_449' title='bbox 1163 3003 1535 3061; x_wconf 90' lang='lat' dir='ltr'><strong>intolerabiles</strong></span> <span class='ocrx_word' id='word_1_450' title='bbox 1566 3001 1722 3056; x_wconf 78' lang='lat' dir='ltr'><strong>affert</strong></span> <span class='ocrx_word' id='word_1_451' title='bbox 1757 3001 1997 3058; x_wconf 83' lang='lat' dir='ltr'><strong>dolores.</strong></span> 
     </span>
    </p>
   </div>
   <div class='ocr_carea' id='block_1_60' title="bbox 2106 2992 3672 3082">
    <p class='ocr_par' dir='ltr' id='par_1_60' title="bbox 2106 2992 3672 3066">
     <span class='ocr_line' id='line_1_60' title="bbox 2106 2992 3672 3066; baseline -0.005 -11"><span class='ocrx_word' id='word_1_452' title='bbox 2106 3000 2344 3062; x_wconf 87' lang='grc' dir='ltr'>κόλασιν,</span> <span class='ocrx_word' id='word_1_453' title='bbox 2367 2997 2500 3053; x_wconf 82' lang='grc' dir='ltr'><strong>ἀλλά</strong></span> <span class='ocrx_word' id='word_1_454' title='bbox 2528 2997 2590 3050; x_wconf 84' lang='grc' dir='ltr'>τὸ</span> <span class='ocrx_word' id='word_1_455' title='bbox 2618 2996 2719 3066; x_wconf 84' lang='grc' dir='ltr'><strong>μὲν</strong></span> <span class='ocrx_word' id='word_1_456' title='bbox 2746 2995 2857 3066; x_wconf 87' lang='grc'><strong>(68)</strong></span> <span class='ocrx_word' id='word_1_457' title='bbox 2893 2995 2967 3057; x_wconf 85' lang='grc' dir='ltr'>ὡς</span> <span class='ocrx_word' id='word_1_458' title='bbox 2999 2995 3026 3046; x_wconf 84' lang='grc' dir='ltr'><strong>ό</strong></span> <span class='ocrx_word' id='word_1_459' title='bbox 3059 2993 3215 3061; x_wconf 83' lang='grc' dir='ltr'>λόγος</span> <span class='ocrx_word' id='word_1_460' title='bbox 3241 2992 3518 3057; x_wconf 81' lang='grc' dir='ltr'>ἀπέδειξεν</span> <span class='ocrx_word' id='word_1_461' title='bbox 3538 2993 3672 3063; x_wconf 90' lang='grc'><strong>(69),</strong></span> 
     </span>
    </p>
   </div>
   <div class='ocr_carea' id='block_1_61' title="bbox 434 3084 2006 3172">
    <p class='ocr_par' dir='ltr' id='par_1_61' title="bbox 434 3094 2000 3172">
     <span class='ocr_line' id='line_1_61' title="bbox 434 3094 2000 3172; baseline -0.008 -14"><span class='ocrx_word' id='word_1_462' title='bbox 434 3132 508 3145; x_wconf 92' lang='grc'><strong>-</strong></span> <span class='ocrx_word' id='word_1_463' title='bbox 532 3103 600 3157; x_wconf 86' lang='lat' dir='ltr'><strong>G.</strong></span> <span class='ocrx_word' id='word_1_464' title='bbox 627 3102 768 3172; x_wconf 85' lang='lat' dir='ltr'><strong>Ergo</strong></span> <span class='ocrx_word' id='word_1_465' title='bbox 794 3101 1084 3171; x_wconf 86' lang='lat' dir='ltr'><strong>judicium,</strong></span> <span class='ocrx_word' id='word_1_466' title='bbox 1113 3102 1356 3171; x_wconf 84' lang='lat' dir='ltr'><strong>inquam,</strong></span> <span class='ocrx_word' id='word_1_467' title='bbox 1386 3097 1654 3159; x_wconf 87' lang='lat' dir='ltr'><strong>divinum,</strong></span> <span class='ocrx_word' id='word_1_468' title='bbox 1679 3103 1739 3150; x_wconf 89' lang='lat' dir='ltr'><strong>ut</strong></span> <span class='ocrx_word' id='word_1_469' title='bbox 1765 3094 2000 3159; x_wconf 87' lang='lat' dir='ltr'><strong>videtur,</strong></span> 
     </span>
    </p>
   </div>
   <div class='ocr_carea' id='block_1_62' title="bbox 2106 3084 3674 3172">
    <p class='ocr_par' dir='ltr' id='par_1_62' title="bbox 2106 3084 3674 3161">
     <span class='ocr_line' id='line_1_62' title="bbox 2106 3084 3674 3161; baseline -0.006 -15"><span class='ocrx_word' id='word_1_470' title='bbox 2106 3090 2311 3161; x_wconf 84' lang='grc' dir='ltr'>ἀγαθὸν</span> <span class='ocrx_word' id='word_1_471' title='bbox 2339 3091 2552 3161; x_wconf 84' lang='grc' dir='ltr'>ἐνεργεῖ</span> <span class='ocrx_word' id='word_1_472' title='bbox 2593 3088 2754 3159; x_wconf 88' lang='grc' dir='ltr'>μόνον</span> <span class='ocrx_word' id='word_1_473' title='bbox 2797 3086 2892 3139; x_wconf 90' lang='grc' dir='ltr'><strong>τοῦ</strong></span> <span class='ocrx_word' id='word_1_474' title='bbox 2935 3084 3107 3139; x_wconf 85' lang='grc' dir='ltr'>κακοῦ</span> <span class='ocrx_word' id='word_1_475' title='bbox 3143 3085 3537 3156; x_wconf 81' lang='grc' dir='ltr'>ἀποκρίνουσα,</span> <span class='ocrx_word' id='word_1_476' title='bbox 3579 3084 3674 3137; x_wconf 75' lang='grc' dir='ltr'>καὶ</span> 
     </span>
    </p>
   </div>
   <div class='ocr_carea' id='block_1_63' title="bbox 435 3173 2006 3276">
    <p class='ocr_par' dir='ltr' id='par_1_63' title="bbox 435 3185 2006 3256">
     <span class='ocr_line' id='line_1_63' title="bbox 435 3185 2006 3256; baseline 0.001 -18"><span class='ocrx_word' id='word_1_477' title='bbox 435 3199 546 3239; x_wconf 89' lang='lat' dir='ltr'><strong>non</strong></span> <span class='ocrx_word' id='word_1_478' title='bbox 574 3200 641 3240; x_wconf 91' lang='lat' dir='ltr'><strong>ex</strong></span> <span class='ocrx_word' id='word_1_479' title='bbox 674 3200 837 3241; x_wconf 86' lang='lat' dir='ltr'><strong>causa</strong></span> <span class='ocrx_word' id='word_1_480' title='bbox 876 3185 1163 3256; x_wconf 85' lang='lat' dir='ltr'><strong>principali</strong></span> <span class='ocrx_word' id='word_1_481' title='bbox 1203 3193 1367 3256; x_wconf 91' lang='lat' dir='ltr'><strong>atque</strong></span> <span class='ocrx_word' id='word_1_482' title='bbox 1404 3186 1676 3256; x_wconf 66' lang='lat' dir='ltr'><strong>praecipua</strong></span> <span class='ocrx_word' id='word_1_483' title='bbox 1709 3187 2006 3241; x_wconf 87' lang='lat' dir='ltr'><strong>cruciatum</strong></span> 
     </span>
    </p>
   </div>
   <div class='ocr_carea' id='block_1_64' title="bbox 2106 3173 3681 3276">
    <p class='ocr_par' dir='ltr' id='par_1_64' title="bbox 2106 3173 3681 3253">
     <span class='ocr_line' id='line_1_64' title="bbox 2106 3173 3681 3253; baseline -0.006 -18"><span class='ocrx_word' id='word_1_484' title='bbox 2106 3181 2245 3252; x_wconf 75' lang='grc' dir='ltr'>πρὸς</span> <span class='ocrx_word' id='word_1_485' title='bbox 2272 3181 2369 3253; x_wconf 78' lang='grc' dir='ltr'>τὴν</span> <span class='ocrx_word' id='word_1_486' title='bbox 2387 3181 2487 3251; x_wconf 83' lang='grc' dir='ltr'>τῆς</span> <span class='ocrx_word' id='word_1_487' title='bbox 2513 3177 2908 3250; x_wconf 81' lang='grc' dir='ltr'>μακαριότητος</span> <span class='ocrx_word' id='word_1_488' title='bbox 2931 3173 3590 3244; x_wconf 63' lang='grc' dir='ltr'>κοινωνίαν-ἐπισπομένη</span> <span class='ocrx_word' id='word_1_489' title='bbox 3610 3189 3623 3201; x_wconf 82' lang='lat'><strong><em>°</em></strong></span> <span class='ocrx_word' id='word_1_490' title='bbox 3651 3175 3681 3226; x_wconf 85' lang='grc' dir='ltr'>ὁ</span> 
     </span>
    </p>
   </div>
   <div class='ocr_carea' id='block_1_65' title="bbox 434 3261 2006 3347">
    <p class='ocr_par' dir='ltr' id='par_1_65' title="bbox 434 3274 2006 3347">
     <span class='ocr_line' id='line_1_65' title="bbox 434 3274 2006 3347; baseline 0 -17"><span class='ocrx_word' id='word_1_491' title='bbox 434 3274 657 3330; x_wconf 88' lang='lat' dir='ltr'><strong>adhibet</strong></span> <span class='ocrx_word' id='word_1_492' title='bbox 695 3275 764 3331; x_wconf 92' lang='lat' dir='ltr'><strong>iis</strong></span> <span class='ocrx_word' id='word_1_493' title='bbox 806 3276 902 3346; x_wconf 90' lang='lat' dir='ltr'><strong>qui</strong></span> <span class='ocrx_word' id='word_1_494' title='bbox 932 3276 1302 3346; x_wconf 88' lang='lat' dir='ltr'><strong>deliquerunt,</strong></span> <span class='ocrx_word' id='word_1_495' title='bbox 1347 3276 1444 3332; x_wconf 88' lang='lat' dir='ltr'><strong>sed</strong></span> <span class='ocrx_word' id='word_1_496' title='bbox 1498 3275 1632 3330; x_wconf 86' lang='lat' dir='ltr'><strong>illud</strong></span> <span class='ocrx_word' id='word_1_497' title='bbox 1677 3276 1921 3347; x_wconf 88' lang='lat' dir='ltr'><strong>quidem,</strong></span> <span class='ocrx_word' id='word_1_498' title='bbox 1951 3287 2006 3330; x_wconf 85' lang='grc' dir='ltr'><strong>ιιι</strong></span> 
     </span>
    </p>
   </div>
   <div class='ocr_carea' id='block_1_66' title="bbox 2106 3261 3680 3347">
    <p class='ocr_par' dir='ltr' id='par_1_66' title="bbox 2107 3261 3680 3342">
     <span class='ocr_line' id='line_1_66' title="bbox 2107 3261 3680 3342; baseline -0.007 -17"><span class='ocrx_word' id='word_1_499' title='bbox 2107 3271 2163 3326; x_wconf 86' lang='grc' dir='ltr'>δὲ</span> <span class='ocrx_word' id='word_1_500' title='bbox 2191 3271 2288 3342; x_wconf 83' lang='grc' dir='ltr'>τῆς</span> <span class='ocrx_word' id='word_1_501' title='bbox 2304 3269 2580 3340; x_wconf 78' lang='grc' dir='ltr'>συμφυΐας</span> <span class='ocrx_word' id='word_1_502' title='bbox 2600 3265 2938 3335; x_wconf 83' lang='grc' dir='ltr'>διασπασμὸς</span> <span class='ocrx_word' id='word_1_503' title='bbox 2957 3263 3117 3334; x_wconf 84' lang='grc' dir='ltr'>ὀδύνη</span> <span class='ocrx_word' id='word_1_504' title='bbox 3134 3263 3212 3333; x_wconf 87' lang='grc' dir='ltr'>τῷ</span> <span class='ocrx_word' id='word_1_505' title='bbox 3240 3263 3514 3334; x_wconf 77' lang='grc' dir='ltr'>ἑλκομένῳ</span> <span class='ocrx_word' id='word_1_506' title='bbox 3533 3261 3680 3330; x_wconf 87' lang='grc' dir='ltr'>γίνε-</span> 
     </span>
    </p>
   </div>
   <div class='ocr_carea' id='block_1_67' title="bbox 432 3353 2006 3434">
    <p class='ocr_par' dir='ltr' id='par_1_67' title="bbox 432 3365 2006 3434">
     <span class='ocr_line' id='line_1_67' title="bbox 432 3365 2006 3434; baseline -0.001 -14"><span class='ocrx_word' id='word_1_507' title='bbox 432 3367 612 3420; x_wconf 92' lang='lat' dir='ltr'><strong>oratio</strong></span> <span class='ocrx_word' id='word_1_508' title='bbox 644 3366 1064 3434; x_wconf 87' lang='lat' dir='ltr'><strong>demonstravit,</strong></span> <span class='ocrx_word' id='word_1_509' title='bbox 1121 3367 1324 3422; x_wconf 91' lang='lat' dir='ltr'><strong>bonum</strong></span> <span class='ocrx_word' id='word_1_510' title='bbox 1374 3366 1663 3431; x_wconf 77' lang='lat' dir='ltr'><strong>duntaxat,</strong></span> <span class='ocrx_word' id='word_1_511' title='bbox 1694 3367 1824 3420; x_wconf 92' lang='lat' dir='ltr'><strong>dum</strong></span> <span class='ocrx_word' id='word_1_512' title='bbox 1877 3365 1930 3421; x_wconf 90' lang='lat' dir='ltr'><strong>id</strong></span> <span class='ocrx_word' id='word_1_513' title='bbox 1977 3381 2006 3419; x_wconf 89' lang='lat' dir='ltr'><strong>a</strong></span> 
     </span>
    </p>
   </div>
   <div class='ocr_carea' id='block_1_68' title="bbox 2106 3353 3682 3434">
    <p class='ocr_par' dir='ltr' id='par_1_68' title="bbox 2109 3353 3682 3428">
     <span class='ocr_line' id='line_1_68' title="bbox 2109 3353 3682 3428; baseline -0.007 -13"><span class='ocrx_word' id='word_1_514' title='bbox 2109 3379 2220 3415; x_wconf 85' lang='grc' dir='ltr'>ται.</span> <span class='ocrx_word' id='word_1_515' title='bbox 2243 3359 2399 3413; x_wconf 86' lang='grc' dir='ltr'>-Μ.</span> <span class='ocrx_word' id='word_1_516' title='bbox 2425 3357 2600 3422; x_wconf 78' lang='grc' dir='ltr'>Οὕτω,</span> <span class='ocrx_word' id='word_1_517' title='bbox 2631 3356 2792 3428; x_wconf 80' lang='grc' dir='ltr'>φησὶν</span> <span class='ocrx_word' id='word_1_518' title='bbox 2811 3356 2845 3424; x_wconf 77' lang='grc' dir='ltr'>ἠ</span> <span class='ocrx_word' id='word_1_519' title='bbox 2867 3353 3205 3416; x_wconf 86' lang='grc' dir='ltr'>διδάσκαλος,</span> <span class='ocrx_word' id='word_1_520' title='bbox 3237 3353 3328 3406; x_wconf 73' lang='grc' dir='ltr'><strong>καὶ</strong></span> <span class='ocrx_word' id='word_1_521' title='bbox 3355 3355 3384 3406; x_wconf 85' lang='grc' dir='ltr'>ὁ</span> <span class='ocrx_word' id='word_1_522' title='bbox 3408 3353 3540 3424; x_wconf 81' lang='grc' dir='ltr'>ἐμός</span> <span class='ocrx_word' id='word_1_523' title='bbox 3565 3353 3682 3404; x_wconf 88' lang='grc' dir='ltr'>ἐστι</span> 
     </span>
    </p>
   </div>
   <div class='ocr_carea' id='block_1_69' title="bbox 436 3442 2006 3520">
    <p class='ocr_par' dir='ltr' id='par_1_69' title="bbox 436 3453 2006 3520">
     <span class='ocr_line' id='line_1_69' title="bbox 436 3453 2006 3520; baseline 0 -12"><span class='ocrx_word' id='word_1_524' title='bbox 436 3453 580 3508; x_wconf 90' lang='lat' dir='ltr'><strong>malo</strong></span> <span class='ocrx_word' id='word_1_525' title='bbox 627 3455 866 3510; x_wconf 83' lang='lat' dir='ltr'><strong>secernit</strong></span> <span class='ocrx_word' id='word_1_526' title='bbox 939 3463 992 3509; x_wconf 88' lang='lat' dir='ltr'><strong>et</strong></span> <span class='ocrx_word' id='word_1_527' title='bbox 1050 3457 1260 3520; x_wconf 78' lang='lat' dir='ltr'><strong>eximit,</strong></span> <span class='ocrx_word' id='word_1_528' title='bbox 1320 3464 1376 3510; x_wconf 89' lang='lat' dir='ltr'><strong>et</strong></span> <span class='ocrx_word' id='word_1_529' title='bbox 1437 3457 1506 3510; x_wconf 91' lang='lat' dir='ltr'><strong>ad</strong></span> <span class='ocrx_word' id='word_1_530' title='bbox 1574 3456 2006 3511; x_wconf 80' lang='lat' dir='ltr'><strong>communionem</strong></span> 
     </span>
    </p>
   </div>
   <div class='ocr_carea' id='block_1_70' title="bbox 2106 3442 3682 3520">
    <p class='ocr_par' dir='ltr' id='par_1_70' title="bbox 2111 3442 3682 3519">
     <span class='ocr_line' id='line_1_70' title="bbox 2111 3442 3682 3519; baseline -0.008 -15"><span class='ocrx_word' id='word_1_531' title='bbox 2111 3451 2287 3519; x_wconf 87' lang='grc' dir='ltr'>λόγος,</span> <span class='ocrx_word' id='word_1_532' title='bbox 2310 3449 2405 3503; x_wconf 80' lang='grc' dir='ltr'>καὶ</span> <span class='ocrx_word' id='word_1_533' title='bbox 2423 3449 2505 3502; x_wconf 79' lang='grc' dir='ltr'><strong>ὅτι</strong></span> <span class='ocrx_word' id='word_1_534' title='bbox 2531 3446 2729 3518; x_wconf 82' lang='grc' dir='ltr'>μέτρον</span> <span class='ocrx_word' id='word_1_535' title='bbox 2751 3444 2855 3514; x_wconf 85' lang='grc' dir='ltr'>τῆς</span> <span class='ocrx_word' id='word_1_536' title='bbox 2883 3442 3177 3514; x_wconf 87' lang='grc' dir='ltr'>ἀλγηδόνος</span> <span class='ocrx_word' id='word_1_537' title='bbox 3208 3444 3242 3514; x_wconf 80' lang='grc' dir='ltr'><strong>ἡ</strong></span> <span class='ocrx_word' id='word_1_538' title='bbox 3271 3443 3370 3514; x_wconf 82' lang='grc' dir='ltr'>τῆς</span> <span class='ocrx_word' id='word_1_539' title='bbox 3394 3442 3590 3503; x_wconf 83' lang='grc' dir='ltr'>κακίας</span> <span class='ocrx_word' id='word_1_540' title='bbox 3623 3443 3682 3493; x_wconf 82' lang='grc' dir='ltr'><strong>ἐν</strong></span> 
     </span>
    </p>
   </div>
   <div class='ocr_carea' id='block_1_71' title="bbox 435 3531 2006 3615">
    <p class='ocr_par' dir='ltr' id='par_1_71' title="bbox 435 3542 2006 3615">
     <span class='ocr_line' id='line_1_71' title="bbox 435 3542 2006 3615; baseline 0 -17"><span class='ocrx_word' id='word_1_541' title='bbox 435 3542 792 3610; x_wconf 85' lang='lat' dir='ltr'><strong>beatitudinis</strong></span> <span class='ocrx_word' id='word_1_542' title='bbox 847 3545 1112 3610; x_wconf 90' lang='lat' dir='ltr'><strong>attrahit,</strong></span> <span class='ocrx_word' id='word_1_543' title='bbox 1175 3553 1476 3615; x_wconf 82' lang='lat' dir='ltr'><strong>operatur;</strong></span> <span class='ocrx_word' id='word_1_544' title='bbox 1529 3545 1767 3600; x_wconf 90' lang='lat' dir='ltr'><strong>divulsio</strong></span> <span class='ocrx_word' id='word_1_545' title='bbox 1830 3552 2006 3598; x_wconf 90' lang='lat' dir='ltr'><strong>autem</strong></span> 
     </span>
    </p>
   </div>
   <div class='ocr_carea' id='block_1_72' title="bbox 2106 3531 3689 3615">
    <p class='ocr_par' dir='ltr' id='par_1_72' title="bbox 2113 3531 3689 3611">
     <span class='ocr_line' id='line_1_72' title="bbox 2113 3531 3689 3611; baseline -0.009 -16"><span class='ocrx_word' id='word_1_546' title='bbox 2113 3542 2329 3611; x_wconf 88' lang='grc' dir='ltr'>ἐκάστῳ</span> <span class='ocrx_word' id='word_1_547' title='bbox 2352 3539 2587 3608; x_wconf 86' lang='grc' dir='ltr'>ποσότης</span> <span class='ocrx_word' id='word_1_548' title='bbox 2603 3535 2770 3590; x_wconf 84' lang='grc' dir='ltr'>ἐστίν.</span> <span class='ocrx_word' id='word_1_549' title='bbox 2789 3535 2864 3589; x_wconf 79' lang='grc' dir='ltr'><strong>υῦ</strong></span> <span class='ocrx_word' id='word_1_550' title='bbox 2880 3533 2988 3605; x_wconf 84' lang='grc' dir='ltr'>γὰρ</span> <span class='ocrx_word' id='word_1_551' title='bbox 3011 3534 3158 3596; x_wconf 87' lang='grc' dir='ltr'>είκδς</span> <span class='ocrx_word' id='word_1_552' title='bbox 3173 3536 3236 3587; x_wconf 91' lang='grc' dir='ltr'><strong>ἐκ</strong></span> <span class='ocrx_word' id='word_1_553' title='bbox 3255 3533 3348 3586; x_wconf 92' lang='grc' dir='ltr'><strong>τοῦ</strong></span> <span class='ocrx_word' id='word_1_554' title='bbox 3367 3534 3480 3586; x_wconf 78' lang='grc' dir='ltr'>ἴσου</span> <span class='ocrx_word' id='word_1_555' title='bbox 3498 3531 3588 3584; x_wconf 79' lang='grc' dir='ltr'><strong>τὸν</strong></span> <span class='ocrx_word' id='word_1_556' title='bbox 3611 3531 3689 3592; x_wconf 86' lang='grc' dir='ltr'>εἰς</span> 
     </span>
    </p>
   </div>
   <div class='ocr_carea' id='block_1_73' title="bbox 434 3633 2010 3706">
    <p class='ocr_par' dir='ltr' id='par_1_73' title="bbox 434 3633 2010 3706">
     <span class='ocr_line' id='line_1_73' title="bbox 434 3633 2010 3706; baseline -0.001 -18"><span class='ocrx_word' id='word_1_557' title='bbox 434 3633 745 3692; x_wconf 86' lang='lat' dir='ltr'><strong>coalitionis</strong></span> <span class='ocrx_word' id='word_1_558' title='bbox 775 3645 829 3691; x_wconf 88' lang='lat' dir='ltr'><strong>et</strong></span> <span class='ocrx_word' id='word_1_559' title='bbox 867 3636 1358 3704; x_wconf 80' lang='lat' dir='ltr'><strong>coagmentationis</strong></span> <span class='ocrx_word' id='word_1_560' title='bbox 1385 3636 1434 3691; x_wconf 91' lang='lat' dir='ltr'><strong>ei</strong></span> <span class='ocrx_word' id='word_1_561' title='bbox 1470 3636 1614 3706; x_wconf 89' lang='lat' dir='ltr'><strong>quod</strong></span> <span class='ocrx_word' id='word_1_562' title='bbox 1642 3635 1878 3689; x_wconf 88' lang='lat' dir='ltr'><strong>trahitur</strong></span> <span class='ocrx_word' id='word_1_563' title='bbox 1909 3633 2010 3687; x_wconf 83' lang='lat' dir='ltr'><strong>do-</strong></span> 
     </span>
    </p>
   </div>
   <div class='ocr_carea' id='block_1_74' title="bbox 435 3723 2014 3796">
    <p class='ocr_par' dir='ltr' id='par_1_74' title="bbox 435 3723 2014 3796">
     <span class='ocr_line' id='line_1_74' title="bbox 435 3723 2014 3796; baseline -0.001 -17"><span class='ocrx_word' id='word_1_564' title='bbox 435 3723 606 3779; x_wconf 89' lang='lat' dir='ltr'><strong>lorem</strong></span> <span class='ocrx_word' id='word_1_565' title='bbox 629 3723 938 3781; x_wconf 55' lang='grc' dir='ltr'><strong>[πλοῖα-Μ.</strong></span> <span class='ocrx_word' id='word_1_566' title='bbox 963 3725 1136 3792; x_wconf 82' lang='lat' dir='ltr'><strong>Idem,</strong></span> <span class='ocrx_word' id='word_1_567' title='bbox 1162 3724 1341 3794; x_wconf 89' lang='lat' dir='ltr'><strong>inquit</strong></span> <span class='ocrx_word' id='word_1_568' title='bbox 1363 3724 1639 3796; x_wconf 87' lang='lat' dir='ltr'><strong>magistra,</strong></span> <span class='ocrx_word' id='word_1_569' title='bbox 1663 3737 1764 3794; x_wconf 82' lang='lat' dir='ltr'><strong>ego</strong></span> <span class='ocrx_word' id='word_1_570' title='bbox 1795 3738 2014 3793; x_wconf 84' lang='lat' dir='ltr'><strong>quoque</strong></span> 
     </span>
    </p>
   </div>
   <div class='ocr_carea' id='block_1_75' title="bbox 438 3808 2014 3882">
    <p class='ocr_par' dir='ltr' id='par_1_75' title="bbox 438 3808 2014 3882">
     <span class='ocr_line' id='line_1_75' title="bbox 438 3808 2014 3882; baseline -0.003 -15"><span class='ocrx_word' id='word_1_571' title='bbox 438 3813 654 3877; x_wconf 85' lang='lat' dir='ltr'><strong>sentio,</strong></span> <span class='ocrx_word' id='word_1_572' title='bbox 709 3819 766 3866; x_wconf 91' lang='lat' dir='ltr'><strong>et</strong></span> <span class='ocrx_word' id='word_1_573' title='bbox 821 3810 966 3882; x_wconf 89' lang='lat' dir='ltr'><strong>quod</strong></span> <span class='ocrx_word' id='word_1_574' title='bbox 1009 3825 1109 3880; x_wconf 92' lang='lat' dir='ltr'><strong>pro</strong></span> <span class='ocrx_word' id='word_1_575' title='bbox 1158 3810 1463 3881; x_wconf 88' lang='lat' dir='ltr'><strong>quantitate</strong></span> <span class='ocrx_word' id='word_1_576' title='bbox 1524 3808 1836 3865; x_wconf 82' lang='lat' dir='ltr'><strong>vitiositatis</strong></span> <span class='ocrx_word' id='word_1_577' title='bbox 1893 3824 2014 3879; x_wconf 70' lang='lat' dir='ltr'><strong>quae</strong></span> 
     </span>
    </p>
   </div>
   <div class='ocr_carea' id='block_1_76' title="bbox 436 3901 2013 3974">
    <p class='ocr_par' dir='ltr' id='par_1_76' title="bbox 436 3901 2013 3974">
     <span class='ocr_line' id='line_1_76' title="bbox 436 3901 2013 3974; baseline 0 -16"><span class='ocrx_word' id='word_1_578' title='bbox 436 3903 494 3959; x_wconf 91' lang='lat' dir='ltr'><strong>in</strong></span> <span class='ocrx_word' id='word_1_579' title='bbox 544 3917 876 3974; x_wconf 87' lang='lat' dir='ltr'><strong>unoquoque</strong></span> <span class='ocrx_word' id='word_1_580' title='bbox 925 3903 1109 3968; x_wconf 88' lang='lat' dir='ltr'><strong>fuerit,</strong></span> <span class='ocrx_word' id='word_1_581' title='bbox 1143 3903 1421 3958; x_wconf 84' lang='lat' dir='ltr'><strong>cruciatus</strong></span> <span class='ocrx_word' id='word_1_582' title='bbox 1451 3917 1516 3956; x_wconf 89' lang='lat' dir='ltr'><strong>ac</strong></span> <span class='ocrx_word' id='word_1_583' title='bbox 1565 3901 1772 3956; x_wconf 91' lang='lat' dir='ltr'><strong>doloris</strong></span> <span class='ocrx_word' id='word_1_584' title='bbox 1817 3903 2013 3963; x_wconf 84' lang='lat' dir='ltr'><strong>modus</strong></span> 
     </span>
    </p>
   </div>
   <div class='ocr_carea' id='block_1_77' title="bbox 437 3993 2011 4066">
    <p class='ocr_par' dir='ltr' id='par_1_77' title="bbox 437 3993 2011 4066">
     <span class='ocr_line' id='line_1_77' title="bbox 437 3993 2011 4066; baseline -0.002 -15"><span class='ocrx_word' id='word_1_585' title='bbox 437 3995 784 4051; x_wconf 87' lang='lat' dir='ltr'><strong>adhibeatur.</strong></span> <span class='ocrx_word' id='word_1_586' title='bbox 826 3993 946 4050; x_wconf 85' lang='lat' dir='ltr'><strong>Non</strong></span> <span class='ocrx_word' id='word_1_587' title='bbox 973 3995 1118 4050; x_wconf 91' lang='lat' dir='ltr'><strong>enim</strong></span> <span class='ocrx_word' id='word_1_588' title='bbox 1150 4009 1249 4066; x_wconf 88' lang='lat' dir='ltr'><strong>par</strong></span> <span class='ocrx_word' id='word_1_589' title='bbox 1271 4003 1357 4049; x_wconf 88' lang='lat' dir='ltr'><strong>est</strong></span> <span class='ocrx_word' id='word_1_590' title='bbox 1386 4003 1702 4064; x_wconf 88' lang='lat' dir='ltr'><strong>utrumque,</strong></span> <span class='ocrx_word' id='word_1_591' title='bbox 1737 4003 1851 4050; x_wconf 92' lang='lat' dir='ltr'><strong>tum</strong></span> <span class='ocrx_word' id='word_1_592' title='bbox 1886 4009 2011 4050; x_wconf 90' lang='lat' dir='ltr'><strong>eum</strong></span> 
     </span>
    </p>
   </div>
   <div class='ocr_carea' id='block_1_78' title="bbox 435 4086 2013 4159">
    <p class='ocr_par' dir='ltr' id='par_1_78' title="bbox 435 4086 2013 4159">
     <span class='ocr_line' id='line_1_78' title="bbox 435 4086 2013 4159; baseline -0.001 -17"><span class='ocrx_word' id='word_1_593' title='bbox 435 4088 530 4159; x_wconf 88' lang='lat' dir='ltr'><strong>qui</strong></span> <span class='ocrx_word' id='word_1_594' title='bbox 581 4088 636 4142; x_wconf 91' lang='lat' dir='ltr'><strong>in</strong></span> <span class='ocrx_word' id='word_1_595' title='bbox 676 4087 835 4143; x_wconf 89' lang='lat' dir='ltr'><strong>malis</strong></span> <span class='ocrx_word' id='word_1_596' title='bbox 865 4087 1049 4142; x_wconf 84' lang='lat' dir='ltr'><strong>vetitis</strong></span> <span class='ocrx_word' id='word_1_597' title='bbox 1085 4086 1275 4141; x_wconf 91' lang='lat' dir='ltr'><strong>taudiu</strong></span> <span class='ocrx_word' id='word_1_598' title='bbox 1309 4095 1559 4142; x_wconf 87' lang='lat' dir='ltr'><strong>versatus</strong></span> <span class='ocrx_word' id='word_1_599' title='bbox 1599 4086 1692 4150; x_wconf 89' lang='lat' dir='ltr'><strong>sit,</strong></span> <span class='ocrx_word' id='word_1_600' title='bbox 1741 4092 1856 4138; x_wconf 89' lang='lat' dir='ltr'><strong>tum</strong></span> <span class='ocrx_word' id='word_1_601' title='bbox 1887 4100 2013 4140; x_wconf 91' lang='lat' dir='ltr'><strong>eum</strong></span> 
     </span>
    </p>
   </div>
   <div class='ocr_carea' id='block_1_79' title="bbox 436 4173 2016 4250">
    <p class='ocr_par' dir='ltr' id='par_1_79' title="bbox 436 4173 2016 4250">
     <span class='ocr_line' id='line_1_79' title="bbox 436 4173 2016 4250; baseline -0.004 -15"><span class='ocrx_word' id='word_1_602' title='bbox 436 4179 532 4250; x_wconf 88' lang='lat' dir='ltr'><strong>qui</strong></span> <span class='ocrx_word' id='word_1_603' title='bbox 581 4178 638 4232; x_wconf 90' lang='lat' dir='ltr'><strong>in</strong></span> <span class='ocrx_word' id='word_1_604' title='bbox 690 4176 986 4233; x_wconf 91' lang='lat' dir='ltr'><strong>mediocria</strong></span> <span class='ocrx_word' id='word_1_605' title='bbox 1033 4175 1233 4231; x_wconf 88' lang='lat' dir='ltr'><strong>delicta</strong></span> <span class='ocrx_word' id='word_1_606' title='bbox 1283 4173 1530 4244; x_wconf 67' lang='lat' dir='ltr'><strong>quaedam</strong></span> <span class='ocrx_word' id='word_1_607' title='bbox 1580 4173 1858 4238; x_wconf 90' lang='lat' dir='ltr'><strong>inciderit,</strong></span> <span class='ocrx_word' id='word_1_608' title='bbox 1916 4188 2016 4243; x_wconf 89' lang='lat' dir='ltr'><strong>per</strong></span> 
     </span>
    </p>
   </div>
   <div class='ocr_carea' id='block_1_80' title="bbox 439 4265 2010 4341">
    <p class='ocr_par' dir='ltr' id='par_1_80' title="bbox 439 4265 2010 4341">
     <span class='ocr_line' id='line_1_80' title="bbox 439 4265 2010 4341; baseline -0.004 -17"><span class='ocrx_word' id='word_1_609' title='bbox 439 4269 812 4341; x_wconf 86' lang='lat' dir='ltr'><strong>purgationem</strong></span> <span class='ocrx_word' id='word_1_610' title='bbox 855 4267 1046 4324; x_wconf 85' lang='lat' dir='ltr'><strong>vitiosi</strong></span> <span class='ocrx_word' id='word_1_611' title='bbox 1088 4267 1307 4323; x_wconf 90' lang='lat' dir='ltr'><strong>habitus</strong></span> <span class='ocrx_word' id='word_1_612' title='bbox 1355 4281 1422 4322; x_wconf 90' lang='lat' dir='ltr'><strong>ex</strong></span> <span class='ocrx_word' id='word_1_613' title='bbox 1472 4280 1629 4335; x_wconf 77' lang='lat' dir='ltr'><strong>aequo</strong></span> <span class='ocrx_word' id='word_1_614' title='bbox 1684 4265 2010 4320; x_wconf 88' lang='lat' dir='ltr'><strong>discruciari</strong></span> 
     </span>
    </p>
   </div>
   <div class='ocr_carea' id='block_1_81' title="bbox 439 4356 2016 4432">
    <p class='ocr_par' dir='ltr' id='par_1_81' title="bbox 439 4356 2016 4432">
     <span class='ocr_line' id='line_1_81' title="bbox 439 4356 2016 4432; baseline -0.001 -18"><span class='ocrx_word' id='word_1_615' title='bbox 439 4368 605 4432; x_wconf 88' lang='lat' dir='ltr'><strong>atque</strong></span> <span class='ocrx_word' id='word_1_616' title='bbox 655 4360 862 4425; x_wconf 89' lang='lat' dir='ltr'><strong>dolere,</strong></span> <span class='ocrx_word' id='word_1_617' title='bbox 913 4359 1008 4416; x_wconf 89' lang='lat' dir='ltr'><strong>sed</strong></span> <span class='ocrx_word' id='word_1_618' title='bbox 1040 4373 1139 4430; x_wconf 87' lang='lat' dir='ltr'><strong>pro</strong></span> <span class='ocrx_word' id='word_1_619' title='bbox 1186 4356 1349 4414; x_wconf 90' lang='lat' dir='ltr'><strong>modo</strong></span> <span class='ocrx_word' id='word_1_620' title='bbox 1394 4373 1460 4414; x_wconf 90' lang='lat' dir='ltr'><strong>ac</strong></span> <span class='ocrx_word' id='word_1_621' title='bbox 1494 4358 1802 4429; x_wconf 87' lang='lat' dir='ltr'><strong>quantitate</strong></span> <span class='ocrx_word' id='word_1_622' title='bbox 1842 4366 2016 4413; x_wconf 86' lang='lat' dir='ltr'><strong>mate-</strong></span> 
     </span>
    </p>
   </div>
   <div class='ocr_carea' id='block_1_82' title="bbox 2114 3621 3692 3700">
    <p class='ocr_par' dir='ltr' id='par_1_82' title="bbox 2114 3621 3692 3700">
     <span class='ocr_line' id='line_1_82' title="bbox 2114 3621 3692 3700; baseline -0.008 -16"><span class='ocrx_word' id='word_1_623' title='bbox 2114 3630 2366 3684; x_wconf 86' lang='grc' dir='ltr'>τοσοῦτον</span> <span class='ocrx_word' id='word_1_624' title='bbox 2388 3629 2500 3700; x_wconf 89' lang='grc'><strong>(70)</strong></span> <span class='ocrx_word' id='word_1_625' title='bbox 2526 3629 2584 3681; x_wconf 85' lang='grc' dir='ltr'>ὲν</span> <span class='ocrx_word' id='word_1_626' title='bbox 2608 3624 3349 3697; x_wconf 87' lang='grc' dir='ltr'>ἀπηγορευμένοιςγεγονότα</span> <span class='ocrx_word' id='word_1_627' title='bbox 3366 3623 3574 3682; x_wconf 80' lang='grc' dir='ltr'>κακοῖς,</span> <span class='ocrx_word' id='word_1_628' title='bbox 3597 3621 3692 3672; x_wconf 74' lang='grc' dir='ltr'>καὶ</span> 
     </span>
    </p>
   </div>
   <div class='ocr_carea' id='block_1_83' title="bbox 2109 3711 3689 3793">
    <p class='ocr_par' dir='ltr' id='par_1_83' title="bbox 2109 3711 3689 3793">
     <span class='ocr_line' id='line_1_83' title="bbox 2109 3711 3689 3793; baseline -0.01 -16"><span class='ocrx_word' id='word_1_629' title='bbox 2109 3723 2202 3778; x_wconf 82' lang='grc' dir='ltr'><strong>τὸν</strong></span> <span class='ocrx_word' id='word_1_630' title='bbox 2247 3721 2488 3793; x_wconf 86' lang='grc' dir='ltr'>μετρίοις</span> <span class='ocrx_word' id='word_1_631' title='bbox 2515 3720 2627 3792; x_wconf 78' lang='grc'><strong>(71)</strong></span> <span class='ocrx_word' id='word_1_632' title='bbox 2683 3715 3069 3788; x_wconf 81' lang='grc' dir='ltr'>συνενεχθέντα</span> <span class='ocrx_word' id='word_1_633' title='bbox 3113 3713 3601 3784; x_wconf 83' lang='grc' dir='ltr'>πλημμελήμασιν,</span> <span class='ocrx_word' id='word_1_634' title='bbox 3632 3711 3689 3760; x_wconf 80' lang='grc' dir='ltr'><strong>ἐν</strong></span> 
     </span>
    </p>
   </div>
   <div class='ocr_carea' id='block_1_84' title="bbox 2108 3796 3692 3884">
    <p class='ocr_par' dir='ltr' id='par_1_84' title="bbox 2108 3796 3692 3884">
     <span class='ocr_line' id='line_1_84' title="bbox 2108 3796 3692 3884; baseline -0.011 -17"><span class='ocrx_word' id='word_1_635' title='bbox 2108 3815 2176 3884; x_wconf 81' lang='grc' dir='ltr'>τῇ</span> <span class='ocrx_word' id='word_1_636' title='bbox 2207 3813 2387 3884; x_wconf 90' lang='grc' dir='ltr'>κρίσει</span> <span class='ocrx_word' id='word_1_637' title='bbox 2418 3811 2533 3881; x_wconf 74' lang='grc'><strong>(72)</strong></span> <span class='ocrx_word' id='word_1_638' title='bbox 2557 3812 2656 3882; x_wconf 79' lang='grc' dir='ltr'>τῆς</span> <span class='ocrx_word' id='word_1_639' title='bbox 2686 3808 2963 3881; x_wconf 82' lang='grc' dir='ltr'>μοχθηρᾶς</span> <span class='ocrx_word' id='word_1_640' title='bbox 2988 3805 3154 3870; x_wconf 80' lang='grc' dir='ltr'>ἐξεως</span> <span class='ocrx_word' id='word_1_641' title='bbox 3181 3802 3488 3872; x_wconf 83' lang='grc' dir='ltr'>ἀνιαθῆναι.</span> <span class='ocrx_word' id='word_1_642' title='bbox 3531 3796 3692 3850; x_wconf 85' lang='grc' dir='ltr'>Ἀλλά</span> 
     </span>
    </p>
   </div>
   <div class='ocr_carea' id='block_1_85' title="bbox 2112 3889 3691 3977">
    <p class='ocr_par' dir='ltr' id='par_1_85' title="bbox 2112 3889 3691 3977">
     <span class='ocr_line' id='line_1_85' title="bbox 2112 3889 3691 3977; baseline -0.011 -18"><span class='ocrx_word' id='word_1_643' title='bbox 2112 3905 2263 3977; x_wconf 81' lang='grc' dir='ltr'>παρὰ</span> <span class='ocrx_word' id='word_1_644' title='bbox 2292 3905 2353 3958; x_wconf 81' lang='grc' dir='ltr'><strong>τὸ</strong></span> <span class='ocrx_word' id='word_1_645' title='bbox 2380 3903 2544 3959; x_wconf 84' lang='grc' dir='ltr'>ποσὸν</span> <span class='ocrx_word' id='word_1_646' title='bbox 2574 3903 2672 3973; x_wconf 83' lang='grc' dir='ltr'>τῆς</span> <span class='ocrx_word' id='word_1_647' title='bbox 2706 3901 2837 3970; x_wconf 77' lang='grc' dir='ltr'>ὕλης</span> <span class='ocrx_word' id='word_1_648' title='bbox 2857 3940 2872 3965; x_wconf 92' lang='grc'><strong>,</strong></span> <span class='ocrx_word' id='word_1_649' title='bbox 2907 3899 2941 3970; x_wconf 82' lang='grc' dir='ltr'>ἢ</span> <span class='ocrx_word' id='word_1_650' title='bbox 2978 3897 3160 3950; x_wconf 88' lang='grc' dir='ltr'>πλεῖον</span> <span class='ocrx_word' id='word_1_651' title='bbox 3191 3895 3225 3966; x_wconf 77' lang='grc' dir='ltr'>ἢ</span> <span class='ocrx_word' id='word_1_652' title='bbox 3259 3893 3477 3948; x_wconf 77' lang='grc' dir='ltr'>ἔλαττον</span> <span class='ocrx_word' id='word_1_653' title='bbox 3503 3890 3614 3961; x_wconf 78' lang='grc'><strong>(75)</strong></span> <span class='ocrx_word' id='word_1_654' title='bbox 3655 3889 3691 3958; x_wconf 86' lang='grc' dir='ltr'>ή</span> 
     </span>
    </p>
   </div>
   <div class='ocr_carea' id='block_1_86' title="bbox 2116 3983 3694 4067">
    <p class='ocr_par' dir='ltr' id='par_1_86' title="bbox 2116 3983 3694 4067">
     <span class='ocr_line' id='line_1_86' title="bbox 2116 3983 3694 4067; baseline -0.01 -18"><span class='ocrx_word' id='word_1_655' title='bbox 2116 3995 2352 4067; x_wconf 85' lang='grc' dir='ltr'>ὀδυνηρά</span> <span class='ocrx_word' id='word_1_656' title='bbox 2381 3995 2565 4064; x_wconf 88' lang='grc' dir='ltr'>ἐκείνη</span> <span class='ocrx_word' id='word_1_657' title='bbox 2591 3991 2722 4064; x_wconf 80' lang='grc' dir='ltr'>φλὸξ</span> <span class='ocrx_word' id='word_1_658' title='bbox 2748 3991 3127 4061; x_wconf 82' lang='grc' dir='ltr'>ἐξαφθήσεται,</span> <span class='ocrx_word' id='word_1_659' title='bbox 3156 3988 3232 4050; x_wconf 82' lang='grc' dir='ltr'>ὼς</span> <span class='ocrx_word' id='word_1_660' title='bbox 3258 3986 3323 4040; x_wconf 85' lang='grc' dir='ltr'><strong>ἂν</strong></span> <span class='ocrx_word' id='word_1_661' title='bbox 3349 3985 3457 4055; x_wconf 69' lang='grc'><strong>(74)</strong></span> <span class='ocrx_word' id='word_1_662' title='bbox 3480 3983 3541 4035; x_wconf 83' lang='grc' dir='ltr'>τὸ</span> <span class='ocrx_word' id='word_1_663' title='bbox 3563 3983 3694 4034; x_wconf 84' lang='grc' dir='ltr'>ὑπο-</span> 
     </span>
    </p>
   </div>
   <div class='ocr_carea' id='block_1_87' title="bbox 2116 4076 3690 4160">
    <p class='ocr_par' dir='ltr' id='par_1_87' title="bbox 2116 4076 3690 4160">
     <span class='ocr_line' id='line_1_87' title="bbox 2116 4076 3690 4160; baseline -0.01 -19"><span class='ocrx_word' id='word_1_664' title='bbox 2116 4087 2316 4158; x_wconf 65' lang='grc' dir='ltr'>τρέφον</span> <span class='ocrx_word' id='word_1_665' title='bbox 2434 4081 2504 4158; x_wconf 86' lang='grc' dir='ltr'><strong>’ᾯ</strong></span> <span class='ocrx_word' id='word_1_666' title='bbox 2533 4086 2714 4140; x_wconf 90' lang='grc' dir='ltr'>τοίνυν</span> <span class='ocrx_word' id='word_1_667' title='bbox 2744 4084 2911 4146; x_wconf 82' lang='grc' dir='ltr'>πολὺς</span> <span class='ocrx_word' id='word_1_668' title='bbox 2939 4085 2967 4136; x_wconf 86' lang='grc' dir='ltr'>ὁ</span> <span class='ocrx_word' id='word_1_669' title='bbox 3009 4081 3216 4151; x_wconf 84' lang='grc' dir='ltr'>ὑλώδης</span> <span class='ocrx_word' id='word_1_670' title='bbox 3246 4079 3434 4131; x_wconf 73' lang='grc' dir='ltr'>ἔπεστι</span> <span class='ocrx_word' id='word_1_671' title='bbox 3461 4076 3656 4144; x_wconf 79' lang='grc' dir='ltr'>φόρτος</span> <span class='ocrx_word' id='word_1_672' title='bbox 3675 4114 3690 4136; x_wconf 95' lang='grc'><strong>,</strong></span> 
     </span>
    </p>
   </div>
   <div class='ocr_carea' id='block_1_88' title="bbox 2117 4164 3694 4245">
    <p class='ocr_par' dir='ltr' id='par_1_88' title="bbox 2117 4164 3694 4245">
     <span class='ocr_line' id='line_1_88' title="bbox 2117 4164 3694 4245; baseline -0.006 -19"><span class='ocrx_word' id='word_1_673' title='bbox 2117 4173 2318 4244; x_wconf 83' lang='grc' dir='ltr'>πολλὴν</span> <span class='ocrx_word' id='word_1_674' title='bbox 2349 4174 2561 4245; x_wconf 87' lang='grc' dir='ltr'>ἀνάγκη</span> <span class='ocrx_word' id='word_1_675' title='bbox 2601 4173 2698 4226; x_wconf 81' lang='grc' dir='ltr'><strong>καὶ</strong></span> <span class='ocrx_word' id='word_1_676' title='bbox 2726 4170 3116 4242; x_wconf 82' lang='grc' dir='ltr'>διαρκεστέραν</span> <span class='ocrx_word' id='word_1_677' title='bbox 3154 4169 3239 4221; x_wconf 80' lang='grc' dir='ltr'>ἐπ’</span> <span class='ocrx_word' id='word_1_678' title='bbox 3277 4166 3426 4237; x_wconf 86' lang='grc' dir='ltr'>αὑτῷ</span> <span class='ocrx_word' id='word_1_679' title='bbox 3465 4165 3579 4235; x_wconf 88' lang='grc'><strong>(75)</strong></span> <span class='ocrx_word' id='word_1_680' title='bbox 3608 4164 3694 4232; x_wconf 82' lang='grc' dir='ltr'>γί-</span> 
     </span>
    </p>
   </div>
   <div class='ocr_carea' id='block_1_89' title="bbox 2118 4253 3693 4335">
    <p class='ocr_par' dir='ltr' id='par_1_89' title="bbox 2118 4253 3693 4335">
     <span class='ocr_line' id='line_1_89' title="bbox 2118 4253 3693 4335; baseline -0.008 -16"><span class='ocrx_word' id='word_1_681' title='bbox 2118 4265 2304 4320; x_wconf 89' lang='grc' dir='ltr'>νεσθαι</span> <span class='ocrx_word' id='word_1_682' title='bbox 2342 4265 2438 4335; x_wconf 84' lang='grc' dir='ltr'>τὴν</span> <span class='ocrx_word' id='word_1_683' title='bbox 2469 4263 2860 4318; x_wconf 88' lang='grc' dir='ltr'>ἀναλίσκουσαν</span> <span class='ocrx_word' id='word_1_684' title='bbox 2890 4261 3082 4331; x_wconf 77' lang='grc' dir='ltr'>φλόγαο</span> <span class='ocrx_word' id='word_1_685' title='bbox 3122 4253 3167 4328; x_wconf 82' lang='grc' dir='ltr'><strong>ᾧ</strong></span> <span class='ocrx_word' id='word_1_686' title='bbox 3195 4260 3250 4313; x_wconf 82' lang='grc' dir='ltr'><strong>δὲ</strong></span> <span class='ocrx_word' id='word_1_687' title='bbox 3277 4257 3362 4311; x_wconf 82' lang='grc' dir='ltr'>ἐπ’</span> <span class='ocrx_word' id='word_1_688' title='bbox 3395 4257 3613 4310; x_wconf 78' lang='grc' dir='ltr'>ἔλαττον</span> <span class='ocrx_word' id='word_1_689' title='bbox 3657 4257 3693 4322; x_wconf 84' lang='grc' dir='ltr'>ἡ</span> 
     </span>
    </p>
   </div>
   <div class='ocr_carea' id='block_1_90' title="bbox 2118 4349 3693 4428">
    <p class='ocr_par' dir='ltr' id='par_1_90' title="bbox 2118 4349 3693 4428">
     <span class='ocr_line' id='line_1_90' title="bbox 2118 4349 3693 4428; baseline -0.006 -18"><span class='ocrx_word' id='word_1_690' title='bbox 2118 4357 2212 4411; x_wconf 89' lang='grc' dir='ltr'><strong>τοῦ</strong></span> <span class='ocrx_word' id='word_1_691' title='bbox 2239 4356 2410 4428; x_wconf 84' lang='grc' dir='ltr'>πυρὸς</span> <span class='ocrx_word' id='word_1_692' title='bbox 2430 4355 2642 4426; x_wconf 84' lang='grc' dir='ltr'>δαπάνη</span> <span class='ocrx_word' id='word_1_693' title='bbox 2671 4354 3166 4424; x_wconf 81' lang='grc' dir='ltr'>ἐγκαταμέμικται,</span> <span class='ocrx_word' id='word_1_694' title='bbox 3197 4349 3449 4404; x_wconf 88' lang='grc' dir='ltr'>τοσοῦτον</span> <span class='ocrx_word' id='word_1_695' title='bbox 3484 4351 3693 4402; x_wconf 78' lang='grc' dir='ltr'>ὑποκα-</span> 
     </span>
    </p>
   </div>
   <div class='ocr_carea' id='block_1_91' title="bbox 438 4440 2006 4524">
    <p class='ocr_par' dir='ltr' id='par_1_91' title="bbox 438 4449 2006 4524">
     <span class='ocr_line' id='line_1_91' title="bbox 438 4449 2006 4524; baseline -0.003 -16"><span class='ocrx_word' id='word_1_696' title='bbox 438 4453 556 4520; x_wconf 70' lang='lat' dir='ltr'><strong>rize,</strong></span> <span class='ocrx_word' id='word_1_697' title='bbox 585 4453 670 4510; x_wconf 87' lang='lat' dir='ltr'><strong>vel</strong></span> <span class='ocrx_word' id='word_1_698' title='bbox 701 4453 946 4524; x_wconf 83' lang='lat' dir='ltr'><strong>longiore</strong></span> <span class='ocrx_word' id='word_1_699' title='bbox 987 4451 1076 4508; x_wconf 88' lang='lat' dir='ltr'><strong>vel</strong></span> <span class='ocrx_word' id='word_1_700' title='bbox 1096 4505 1099 4508; x_wconf 89' lang='lat'>.</span> <span class='ocrx_word' id='word_1_701' title='bbox 1123 4450 1373 4510; x_wconf 87' lang='lat' dir='ltr'><strong>breviore</strong></span> <span class='ocrx_word' id='word_1_702' title='bbox 1415 4449 1680 4522; x_wconf 88' lang='lat' dir='ltr'><strong>temporis</strong></span> <span class='ocrx_word' id='word_1_703' title='bbox 1713 4450 1891 4520; x_wconf 86' lang='lat' dir='ltr'><strong>spatio</strong></span> <span class='ocrx_word' id='word_1_704' title='bbox 1922 4450 2006 4505; x_wconf 83' lang='lat' dir='ltr'><strong>illa</strong></span> 
     </span>
    </p>
   </div>
   <div class='ocr_carea' id='block_1_92' title="bbox 2106 4440 3694 4524">
    <p class='ocr_par' dir='ltr' id='par_1_92' title="bbox 2120 4440 3694 4520">
     <span class='ocr_line' id='line_1_92' title="bbox 2120 4440 3694 4520; baseline -0.006 -18"><span class='ocrx_word' id='word_1_705' title='bbox 2120 4448 2365 4504; x_wconf 81' lang='grc' dir='ltr'>ταϐαίνει</span> <span class='ocrx_word' id='word_1_706' title='bbox 2384 4447 2481 4520; x_wconf 80' lang='grc' dir='ltr'><strong>τῆς</strong></span> <span class='ocrx_word' id='word_1_707' title='bbox 2511 4444 2870 4518; x_wconf 79' lang='grc' dir='ltr'>σφοδροτέρας</span> <span class='ocrx_word' id='word_1_708' title='bbox 2886 4461 2946 4498; x_wconf 91' lang='grc' dir='ltr'><strong>τε</strong></span> <span class='ocrx_word' id='word_1_709' title='bbox 2963 4443 3056 4498; x_wconf 66' lang='grc' dir='ltr'><strong>κα)⁵</strong></span> <span class='ocrx_word' id='word_1_710' title='bbox 3070 4444 3398 4514; x_wconf 82' lang='grc' dir='ltr'>δριμυτέρας</span> <span class='ocrx_word' id='word_1_711' title='bbox 3417 4440 3694 4512; x_wconf 83' lang='grc' dir='ltr'>ἐνεργείας</span> 
     </span>
    </p>
   </div>
   <div class='ocr_carea' id='block_1_93' title="bbox 513 4695 1208 4832">
    <p class='ocr_par' dir='ltr' id='par_1_93' title="bbox 513 4695 1208 4832">
     <span class='ocr_line' id='line_1_93' title="bbox 513 4695 1208 4832; baseline 0.001 -81"><span class='ocrx_word' id='word_1_712' title='bbox 513 4695 626 4832; x_wconf 71' lang='grc'><strong>(54)</strong></span> <span class='ocrx_word' id='word_1_713' title='bbox 658 4695 912 4765; x_wconf 81' lang='grc' dir='ltr'>Χρυσίῳ.</span> <span class='ocrx_word' id='word_1_714' title='bbox 939 4695 982 4748; x_wconf 87' lang='grc' dir='ltr'>Β</span> <span class='ocrx_word' id='word_1_715' title='bbox 1002 4695 1208 4777; x_wconf 62' lang='grc' dir='ltr'>χρυσῷ.</span> 
     </span>
     <span class='ocr_line' id='line_1_94' title="bbox 513 4767 1200 4832; baseline -0.001 -11"><span class='ocrx_word' id='word_1_716' title='bbox 513 4767 604 4832; x_wconf 89' lang='grc'><strong>(55</strong></span> <span class='ocrx_word' id='word_1_717' title='bbox 678 4767 1200 4832; x_wconf 79' lang='grc' dir='ltr'>Ἔκκαθαρουντες.</span> 
     </span>
    </p>
   </div>
   <div class='ocr_carea' id='block_1_94' title="bbox 513 4763 1726 4840">
    <p class='ocr_par' dir='ltr' id='par_1_94' title="bbox 513 4763 1726 4840">
     <span class='ocr_line' id='line_1_95' title="bbox 513 4763 1726 4840; baseline 0 0"><span class='ocrx_word' id='word_1_718' title='bbox 513 4763 625 4840; x_wconf 56' lang='grc' dir='ltr'><strong>(εξ)</strong></span> <span class='ocrx_word' id='word_1_719' title='bbox 678 4763 1200 4840; x_wconf 46' lang='lat' dir='ltr'><strong>summoveat.</strong></span> <span class='ocrx_word' id='word_1_720' title='bbox 1227 4765 1270 4840; x_wconf 58' lang='grc' dir='ltr'><strong>ιι</strong></span> <span class='ocrx_word' id='word_1_721' title='bbox 1289 4763 1726 4840; x_wconf 62' lang='grc' dir='ltr'><strong>ὲκκσὲθαίροντὲςι</strong></span> 
     </span>
    </p>
   </div>
   <div class='ocr_carea' id='block_1_95' title="bbox 513 4832 2012 4909">
    <p class='ocr_par' dir='ltr' id='par_1_95' title="bbox 513 4832 2012 4909">
     <span class='ocr_line' id='line_1_96' title="bbox 513 4832 2012 4909; baseline -0.006 -16"><span class='ocrx_word' id='word_1_722' title='bbox 513 4832 626 4909; x_wconf 83' lang='grc'><strong>(56)</strong></span> <span class='ocrx_word' id='word_1_723' title='bbox 653 4835 725 4909; x_wconf 55' lang='lat' dir='ltr'><strong>Ad</strong></span> <span class='ocrx_word' id='word_1_724' title='bbox 761 4832 992 4909; x_wconf 35' lang='lat' dir='ltr'><strong>delethB,</strong></span> <span class='ocrx_word' id='word_1_725' title='bbox 1026 4832 1335 4909; x_wconf 84' lang='lat' dir='ltr'><strong>Ad_verba,</strong></span> <span class='ocrx_word' id='word_1_726' title='bbox 1367 4832 2012 4909; x_wconf 59' lang='lat' dir='ltr'><strong>xdtxsquu8s§a1ravqpé-&#39;</strong></span> 
     </span>
    </p>
   </div>
   <div class='ocr_carea' id='block_1_96' title="bbox 439 4902 2012 4972">
    <p class='ocr_par' dir='ltr' id='par_1_96' title="bbox 439 4902 2012 4972">
     <span class='ocr_line' id='line_1_97' title="bbox 439 4902 2012 4972; baseline -0.005 -10"><span class='ocrx_word' id='word_1_727' title='bbox 439 4902 556 4971; x_wconf 83' lang='grc' dir='ltr'>νου,</span> <span class='ocrx_word' id='word_1_728' title='bbox 574 4902 628 4962; x_wconf 81' lang='lat' dir='ltr'><strong>in</strong></span> <span class='ocrx_word' id='word_1_729' title='bbox 647 4907 795 4961; x_wconf 87' lang='lat' dir='ltr'><strong>calce</strong></span> <span class='ocrx_word' id='word_1_730' title='bbox 817 4905 1028 4961; x_wconf 88' lang='lat' dir='ltr'><strong>codicis</strong></span> <span class='ocrx_word' id='word_1_731' title='bbox 1059 4910 1100 4958; x_wconf 87' lang='lat' dir='ltr'><strong>A</strong></span> <span class='ocrx_word' id='word_1_732' title='bbox 1124 4905 1237 4960; x_wconf 59' lang='lat' dir='ltr'><strong>hate</strong></span> <span class='ocrx_word' id='word_1_733' title='bbox 1259 4913 1547 4959; x_wconf 89' lang='lat' dir='ltr'><strong>notantur:</strong></span> <span class='ocrx_word' id='word_1_734' title='bbox 1576 4903 1733 4956; x_wconf 82' lang='grc' dir='ltr'>Κατά</span> <span class='ocrx_word' id='word_1_735' title='bbox 1755 4902 1854 4972; x_wconf 80' lang='grc' dir='ltr'><strong>τὴν</strong></span> <span class='ocrx_word' id='word_1_736' title='bbox 1877 4902 2012 4955; x_wconf 84' lang='grc' dir='ltr'>ἀνω-</span> 
     </span>
    </p>
   </div>
   <div class='ocr_carea' id='block_1_97' title="bbox 439 4972 2011 5048">
    <p class='ocr_par' dir='ltr' id='par_1_97' title="bbox 439 4972 2011 5048">
     <span class='ocr_line' id='line_1_98' title="bbox 439 4972 2011 5048; baseline -0.003 -18"><span class='ocrx_word' id='word_1_737' title='bbox 439 4977 584 5048; x_wconf 82' lang='grc' dir='ltr'>τέρω</span> <span class='ocrx_word' id='word_1_738' title='bbox 622 4977 748 5048; x_wconf 78' lang='grc' dir='ltr'>παρ’</span> <span class='ocrx_word' id='word_1_739' title='bbox 773 4977 905 5047; x_wconf 78' lang='grc' dir='ltr'>ἡμῖν</span> <span class='ocrx_word' id='word_1_740' title='bbox 945 4975 1226 5048; x_wconf 59' lang='grc' dir='ltr'>λεχθεῖσαν</span> <span class='ocrx_word' id='word_1_741' title='bbox 1270 4975 1534 5048; x_wconf 72' lang='grc' dir='ltr'>διάταξιν,</span> <span class='ocrx_word' id='word_1_742' title='bbox 1574 4972 1702 5048; x_wconf 78' lang='grc' dir='ltr'>ἔνθα</span> <span class='ocrx_word' id='word_1_743' title='bbox 1742 4973 1886 5048; x_wconf 35' lang='grc' dir='ltr'>περὶ-</span> <span class='ocrx_word' id='word_1_744' title='bbox 1910 4972 2011 5048; x_wconf 75' lang='grc' dir='ltr'>τῆς</span> 
     </span>
    </p>
   </div>
   <div class='ocr_carea' id='block_1_98' title="bbox 438 5043 2020 5116">
    <p class='ocr_par' dir='ltr' id='par_1_98' title="bbox 438 5043 2020 5116">
     <span class='ocr_line' id='line_1_99' title="bbox 438 5043 2020 5116; baseline -0.004 -16"><span class='ocrx_word' id='word_1_745' title='bbox 438 5043 830 5116; x_wconf 58' lang='grc' dir='ltr'>ἀφανισθείσης</span> <span class='ocrx_word' id='word_1_746' title='bbox 867 5043 1066 5110; x_wconf 76' lang='grc' dir='ltr'>κακίας</span> <span class='ocrx_word' id='word_1_747' title='bbox 1113 5044 1488 5116; x_wconf 74' lang='grc' dir='ltr'>διαλαμϐάνει,</span> <span class='ocrx_word' id='word_1_748' title='bbox 1516 5043 1904 5116; x_wconf 24' lang='grc' dir='ltr'>λνοητέονμκαὶ-</span> <span class='ocrx_word' id='word_1_749' title='bbox 1941 5047 2020 5095; x_wconf 74' lang='grc' dir='ltr'><strong>τὰ·</strong></span> 
     </span>
    </p>
   </div>
   <div class='ocr_carea' id='block_1_99' title="bbox 439 5113 2009 5238">
    <p class='ocr_par' dir='ltr' id='par_1_99' title="bbox 439 5113 2009 5238">
     <span class='ocr_line' id='line_1_100' title="bbox 439 5113 2009 5238; baseline -0.003 -69"><span class='ocrx_word' id='word_1_750' title='bbox 439 5117 686 5238; x_wconf 53' lang='grc' dir='ltr'>ἱαρόντα</span> <span class='ocrx_word' id='word_1_751' title='bbox 716 5113 810 5171; x_wconf 64' lang='grc' dir='ltr'>καὶ</span> <span class='ocrx_word' id='word_1_752' title='bbox 840 5116 908 5171; x_wconf 87' lang='grc' dir='ltr'><strong>τά</strong></span> <span class='ocrx_word' id='word_1_753' title='bbox 940 5117 1086 5188; x_wconf 79' lang='grc' dir='ltr'>ἑξῆς.</span> <span class='ocrx_word' id='word_1_754' title='bbox 1125 5113 1421 5184; x_wconf 74' lang='grc' dir='ltr'>Ἀνάγνωθι</span> <span class='ocrx_word' id='word_1_755' title='bbox 1440 5114 1612 5168; x_wconf 87' lang='grc' dir='ltr'>ταῦτα</span> <span class='ocrx_word' id='word_1_756' title='bbox 1635 5113 1861 5167; x_wconf 80' lang='grc' dir='ltr'>κάκεῖνα</span> <span class='ocrx_word' id='word_1_757' title='bbox 1889 5113 2009 5165; x_wconf 89' lang='grc' dir='ltr'>ἐπι-</span> 
     </span>
     <span class='ocr_line' id='line_1_101' title="bbox 489 5203 643 5238; baseline 0 0"><span class='ocrx_word' id='word_1_758' title='bbox 489 5203 509 5214; x_wconf 84' lang='grc'><strong>·</strong></span> <span class='ocrx_word' id='word_1_759' title='bbox 547 5205 643 5238; x_wconf 78' lang='grc' dir='ltr'><strong>ως.</strong></span> 
     </span>
    </p>
   </div>
   <div class='ocr_carea' id='block_1_100' title="bbox 489 5203 643 5250">
    <p class='ocr_par' dir='ltr' id='par_1_100' title="bbox 489 5203 643 5250">
     <span class='ocr_line' id='line_1_102' title="bbox 489 5203 643 5250; baseline 0.006 -11"><span class='ocrx_word' id='word_1_760' title='bbox 489 5203 643 5250; x_wconf 73' lang='grc' dir='ltr'>ελως.</span> 
     </span>
    </p>
   </div>
   <div class='ocr_carea' id='block_1_101' title="bbox 444 5203 2010 5328">
    <p class='ocr_par' dir='ltr' id='par_1_101' title="bbox 444 5203 2010 5328">
     <span class='ocr_line' id='line_1_103' title="bbox 444 5203 2010 5328; baseline -0.004 -16"><span class='ocrx_word' id='word_1_761' title='bbox 680 5257 1010 5326; x_wconf 78' lang='grc' dir='ltr'>Ἁκοιμήτῳ.</span> <span class='ocrx_word' id='word_1_762' title='bbox 1051 5256 1099 5328; x_wconf 53' lang='grc' dir='ltr'><strong>Α</strong></span> <span class='ocrx_word' id='word_1_763' title='bbox 1129 5255 1184 5310; x_wconf 90' lang='lat' dir='ltr'><strong>in</strong></span> <span class='ocrx_word' id='word_1_764' title='bbox 1230 5262 1378 5328; x_wconf 79' lang='lat' dir='ltr'><strong>textu</strong></span> <span class='ocrx_word' id='word_1_765' title='bbox 1414 5253 1716 5324; x_wconf 75' lang='grc' dir='ltr'>καθαρσίῳ,</span> <span class='ocrx_word' id='word_1_766' title='bbox 1755 5254 1811 5310; x_wconf 88' lang='lat' dir='ltr'><strong>in</strong></span> <span class='ocrx_word' id='word_1_767' title='bbox 1863 5268 2010 5308; x_wconf 84' lang='lat' dir='ltr'><strong>mar-</strong></span> 
     </span>
    </p>
   </div>
   <div class='ocr_carea' id='block_1_102' title="bbox 443 5325 1306 5398">
    <p class='ocr_par' dir='ltr' id='par_1_102' title="bbox 443 5325 1306 5398">
     <span class='ocr_line' id='line_1_104' title="bbox 443 5325 1306 5398; baseline 0.002 -18"><span class='ocrx_word' id='word_1_768' title='bbox 443 5325 574 5398; x_wconf 73' lang='lat' dir='ltr'><strong>gine</strong></span> <span class='ocrx_word' id='word_1_769' title='bbox 594 5325 898 5398; x_wconf 73' lang='grc' dir='ltr'>ἀκοιμήτῳ.</span> <span class='ocrx_word' id='word_1_770' title='bbox 932 5328 974 5378; x_wconf 88' lang='grc' dir='ltr'><strong>Β</strong></span> <span class='ocrx_word' id='word_1_771' title='bbox 1005 5325 1306 5398; x_wconf 83' lang='grc' dir='ltr'>καθαρσίῳ.</span> 
     </span>
    </p>
   </div>
   <div class='ocr_carea' id='block_1_103' title="bbox 522 5344 1232 5464">
    <p class='ocr_par' dir='ltr' id='par_1_103' title="bbox 522 5344 1232 5464">
     <span class='ocr_line' id='line_1_105' title="bbox 522 5344 1232 5397; baseline -0.003 -17"><span class='ocrx_word' id='word_1_772' title='bbox 522 5344 568 5380; x_wconf 86' lang='lat' dir='ltr'><strong>te</strong></span> <span class='ocrx_word' id='word_1_773' title='bbox 600 5344 720 5380; x_wconf 80' lang='grc' dir='ltr'>ακυι</span> <span class='ocrx_word' id='word_1_774' title='bbox 767 5345 898 5397; x_wconf 89' lang='grc' dir='ltr'>ητῳ.</span> <span class='ocrx_word' id='word_1_775' title='bbox 932 5344 974 5378; x_wconf 72' lang='grc' dir='ltr'><strong><em>υ</em></strong></span> <span class='ocrx_word' id='word_1_776' title='bbox 1005 5344 1232 5396; x_wconf 79' lang='grc' dir='ltr'>καυαρσι</span> 
     </span>
     <span class='ocr_line' id='line_1_106' title="bbox 522 5344 1232 5464; baseline -0.004 -12"><span class='ocrx_word' id='word_1_777' title='bbox 522 5396 632 5464; x_wconf 84' lang='grc'><strong>(58)</strong></span> <span class='ocrx_word' id='word_1_778' title='bbox 683 5344 780 5463; x_wconf 53' lang='grc' dir='ltr'><strong>’δὶ-</strong></span> <span class='ocrx_word' id='word_1_779' title='bbox 808 5395 905 5450; x_wconf 82' lang='grc' dir='ltr'><strong>ἆν.</strong></span> <span class='ocrx_word' id='word_1_780' title='bbox 945 5398 990 5449; x_wconf 82' lang='grc' dir='ltr'><strong>Α</strong></span> <span class='ocrx_word' id='word_1_781' title='bbox 1014 5397 1118 5459; x_wconf 78' lang='grc' dir='ltr'>ἓως</span> <span class='ocrx_word' id='word_1_782' title='bbox 1147 5397 1232 5449; x_wconf 81' lang='grc' dir='ltr'>ἄν.</span> 
     </span>
    </p>
   </div>
   <div class='ocr_carea' id='block_1_104' title="bbox 518 5461 2013 5537">
    <p class='ocr_par' dir='ltr' id='par_1_104' title="bbox 518 5461 2013 5537">
     <span class='ocr_line' id='line_1_107' title="bbox 518 5461 2013 5537; baseline -0.005 -15"><span class='ocrx_word' id='word_1_783' title='bbox 518 5461 634 5537; x_wconf 82' lang='grc'><strong>(59)</strong></span> <span class='ocrx_word' id='word_1_784' title='bbox 685 5461 1093 5537; x_wconf 57' lang='grc' dir='ltr'><strong>’Δᾶταναλῳθῇ</strong></span> <span class='ocrx_word' id='word_1_785' title='bbox 1134 5465 1177 5518; x_wconf 85' lang='grc' dir='ltr'>Α</span> <span class='ocrx_word' id='word_1_786' title='bbox 1222 5466 1277 5520; x_wconf 89' lang='lat' dir='ltr'><strong>in</strong></span> <span class='ocrx_word' id='word_1_787' title='bbox 1317 5472 1468 5520; x_wconf 73' lang='lat' dir='ltr'><strong>textu</strong></span> <span class='ocrx_word' id='word_1_788' title='bbox 1513 5465 1657 5520; x_wconf 72' lang='grc' dir='ltr'>ἅπαν</span> <span class='ocrx_word' id='word_1_789' title='bbox 1691 5461 2013 5533; x_wconf 86' lang='grc' dir='ltr'>ἀναλωθείη,</span> 
     </span>
    </p>
   </div>
   <div class='ocr_carea' id='block_1_105' title="bbox 445 5535 1067 5606">
    <p class='ocr_par' dir='ltr' id='par_1_105' title="bbox 445 5535 1067 5606">
     <span class='ocr_line' id='line_1_108' title="bbox 445 5535 1067 5606; baseline -0.006 -12"><span class='ocrx_word' id='word_1_790' title='bbox 445 5538 502 5594; x_wconf 78' lang='lat' dir='ltr'><strong>in</strong></span> <span class='ocrx_word' id='word_1_791' title='bbox 529 5535 774 5606; x_wconf 79' lang='lat' dir='ltr'><strong>margine</strong></span> <span class='ocrx_word' id='word_1_792' title='bbox 799 5535 1067 5606; x_wconf 83' lang='grc' dir='ltr'>ἀναλωθῇ.</span> 
     </span>
    </p>
   </div>
   <div class='ocr_carea' id='block_1_106' title="bbox 515 5604 1154 5675">
    <p class='ocr_par' dir='ltr' id='par_1_106' title="bbox 515 5604 1154 5675">
     <span class='ocr_line' id='line_1_109' title="bbox 515 5604 1154 5675; baseline -0.006 -13"><span class='ocrx_word' id='word_1_793' title='bbox 515 5607 626 5675; x_wconf 83' lang='lat'><strong>(60)</strong></span> <span class='ocrx_word' id='word_1_794' title='bbox 656 5604 890 5670; x_wconf 70' lang='grc' dir='ltr'>Ἀὶωνίῳ</span> <span class='ocrx_word' id='word_1_795' title='bbox 915 5604 1058 5660; x_wconf 77' lang='lat' dir='ltr'><strong>delet</strong></span> <span class='ocrx_word' id='word_1_796' title='bbox 1088 5604 1154 5659; x_wconf 86' lang='lat' dir='ltr'><strong>A.</strong></span> 
     </span>
    </p>
   </div>
   <div class='ocr_carea' id='block_1_107' title="bbox 515 5670 2010 5742">
    <p class='ocr_par' dir='ltr' id='par_1_107' title="bbox 515 5670 2010 5742">
     <span class='ocr_line' id='line_1_110' title="bbox 515 5670 2010 5742; baseline -0.004 -10"><span class='ocrx_word' id='word_1_797' title='bbox 515 5670 625 5741; x_wconf 73' lang='lat'><strong>(61)</strong></span> <span class='ocrx_word' id='word_1_798' title='bbox 667 5677 900 5742; x_wconf 84' lang='grc' dir='ltr'>Βιαίως.</span> <span class='ocrx_word' id='word_1_799' title='bbox 958 5677 1003 5732; x_wconf 79' lang='grc' dir='ltr'><strong>Δ</strong></span> <span class='ocrx_word' id='word_1_800' title='bbox 1050 5676 1104 5730; x_wconf 90' lang='lat' dir='ltr'><strong>in</strong></span> <span class='ocrx_word' id='word_1_801' title='bbox 1148 5684 1295 5731; x_wconf 78' lang='lat' dir='ltr'><strong>textu</strong></span> <span class='ocrx_word' id='word_1_802' title='bbox 1329 5674 1616 5742; x_wconf 78' lang='grc' dir='ltr'>βεϐαἱωσις</span> <span class='ocrx_word' id='word_1_803' title='bbox 1665 5673 1771 5727; x_wconf 82' lang='grc' dir='ltr'><strong>τῶν</strong></span> <span class='ocrx_word' id='word_1_804' title='bbox 1814 5670 1925 5738; x_wconf 87' lang='grc' dir='ltr'>ἐπί,</span> <span class='ocrx_word' id='word_1_805' title='bbox 1954 5671 2010 5726; x_wconf 90' lang='lat' dir='ltr'><strong>in</strong></span> 
     </span>
    </p>
   </div>
   <div class='ocr_carea' id='block_1_108' title="bbox 2120 4691 2599 4762">
    <p class='ocr_par' dir='ltr' id='par_1_108' title="bbox 2120 4691 2599 4762">
     <span class='ocr_line' id='line_1_111' title="bbox 2120 4691 2599 4762; baseline -0.015 -12"><span class='ocrx_word' id='word_1_806' title='bbox 2120 4691 2366 4762; x_wconf 83' lang='lat' dir='ltr'><strong>margine</strong></span> <span class='ocrx_word' id='word_1_807' title='bbox 2397 4691 2599 4762; x_wconf 81' lang='grc' dir='ltr'>βιαίως.</span> 
     </span>
    </p>
   </div>
   <div class='ocr_carea' id='block_1_109' title="bbox 2214 4754 3442 4831">
    <p class='ocr_par' dir='ltr' id='par_1_109' title="bbox 2214 4754 3442 4831">
     <span class='ocr_line' id='line_1_112' title="bbox 2214 4754 3442 4831; baseline -0.004 -16"><span class='ocrx_word' id='word_1_808' title='bbox 2214 4754 2304 4831; x_wconf 60' lang='lat'><strong>69)</strong></span> <span class='ocrx_word' id='word_1_809' title='bbox 2343 4754 2876 4831; x_wconf 69' lang='grc' dir='ltr'>Πὰραπλασθέντα.</span> <span class='ocrx_word' id='word_1_810' title='bbox 2913 4761 2956 4831; x_wconf 75' lang='grc' dir='ltr'><strong>ᾼ</strong></span> <span class='ocrx_word' id='word_1_811' title='bbox 2987 4754 3442 4829; x_wconf 82' lang='grc' dir='ltr'>περιπλασθέντα.</span> 
     </span>
    </p>
   </div>
   <div class='ocr_carea' id='block_1_110' title="bbox 2213 4827 3021 4899">
    <p class='ocr_par' dir='ltr' id='par_1_110' title="bbox 2213 4827 3021 4899">
     <span class='ocr_line' id='line_1_113' title="bbox 2213 4827 3021 4899; baseline -0.007 -13"><span class='ocrx_word' id='word_1_812' title='bbox 2213 4827 2303 4899; x_wconf 76' lang='grc'><strong>65)</strong></span> <span class='ocrx_word' id='word_1_813' title='bbox 2342 4827 2642 4886; x_wconf 58' lang='grc' dir='ltr'>Γίὶνεσθαι.</span> <span class='ocrx_word' id='word_1_814' title='bbox 2682 4831 2721 4884; x_wconf 86' lang='grc' dir='ltr'><strong>Β</strong></span> <span class='ocrx_word' id='word_1_815' title='bbox 2752 4827 3021 4899; x_wconf 90' lang='grc' dir='ltr'>γενέσθαι.</span> 
     </span>
    </p>
   </div>
   <div class='ocr_carea' id='block_1_111' title="bbox 2190 4896 3523 4971">
    <p class='ocr_par' dir='ltr' id='par_1_111' title="bbox 2190 4896 3523 4971">
     <span class='ocr_line' id='line_1_114' title="bbox 2190 4896 3523 4971; baseline -0.002 -15"><span class='ocrx_word' id='word_1_816' title='bbox 2190 4896 2408 4971; x_wconf 57' lang='grc' dir='ltr'><strong>(64ἓ65)</strong></span> <span class='ocrx_word' id='word_1_817' title='bbox 2460 4896 2948 4971; x_wconf 48' lang='grc' dir='ltr'>Ἁποξυροιώοι).</span> <span class='ocrx_word' id='word_1_818' title='bbox 2980 4899 3095 4971; x_wconf 86' lang='lat' dir='ltr'><strong>A_B</strong></span> <span class='ocrx_word' id='word_1_819' title='bbox 3130 4896 3523 4968; x_wconf 78' lang='grc' dir='ltr'>ἀποξυομένου.</span> 
     </span>
    </p>
   </div>
   <div class='ocr_carea' id='block_1_112' title="bbox 2190 4969 3119 5043">
    <p class='ocr_par' dir='ltr' id='par_1_112' title="bbox 2190 4969 3119 5043">
     <span class='ocr_line' id='line_1_115' title="bbox 2190 4969 3119 5043; baseline -0.005 -15"><span class='ocrx_word' id='word_1_820' title='bbox 2190 4969 2303 5043; x_wconf 86' lang='grc'><strong>(66)</strong></span> <span class='ocrx_word' id='word_1_821' title='bbox 2345 4969 2488 5043; x_wconf 10' lang='grc' dir='ltr'><strong>Οὐχ,</strong></span> <span class='ocrx_word' id='word_1_822' title='bbox 2507 4974 2545 5041; x_wconf 76' lang='grc' dir='ltr'>ἡ</span> <span class='ocrx_word' id='word_1_823' title='bbox 2577 4973 2724 5028; x_wconf 80' lang='grc' dir='ltr'>θεία.</span> <span class='ocrx_word' id='word_1_824' title='bbox 2743 4969 2800 5043; x_wconf 13' lang='grc' dir='ltr'><strong>(Α</strong></span> <span class='ocrx_word' id='word_1_825' title='bbox 2830 4969 2974 5043; x_wconf 78' lang='lat' dir='ltr'><strong>delet</strong></span> <span class='ocrx_word' id='word_1_826' title='bbox 3000 4969 3119 5041; x_wconf 84' lang='grc' dir='ltr'>οὐχ.</span> 
     </span>
    </p>
   </div>
   <div class='ocr_carea' id='block_1_113' title="bbox 2190 5041 2990 5113">
    <p class='ocr_par' dir='ltr' id='par_1_113' title="bbox 2190 5041 2990 5113">
     <span class='ocr_line' id='line_1_116' title="bbox 2190 5041 2990 5113; baseline -0.005 -15"><span class='ocrx_word' id='word_1_827' title='bbox 2190 5041 2305 5113; x_wconf 84' lang='grc'><strong>(67)</strong></span> <span class='ocrx_word' id='word_1_828' title='bbox 2343 5041 2505 5098; x_wconf 86' lang='grc' dir='ltr'>Κατὰ</span> <span class='ocrx_word' id='word_1_829' title='bbox 2531 5045 2619 5098; x_wconf 81' lang='grc' dir='ltr'><strong>τό.</strong></span> <span class='ocrx_word' id='word_1_830' title='bbox 2658 5043 2712 5113; x_wconf 6' lang='grc' dir='ltr'>Α,</span> <span class='ocrx_word' id='word_1_831' title='bbox 2733 5041 2794 5094; x_wconf 83' lang='grc' dir='ltr'><strong>οὐ</strong></span> <span class='ocrx_word' id='word_1_832' title='bbox 2826 5041 2990 5113; x_wconf 58' lang='grc' dir='ltr'>καεά.</span> 
     </span>
    </p>
   </div>
   <div class='ocr_carea' id='block_1_114' title="bbox 2191 5110 3154 5186">
    <p class='ocr_par' dir='ltr' id='par_1_114' title="bbox 2191 5110 3154 5186">
     <span class='ocr_line' id='line_1_117' title="bbox 2191 5110 3154 5186; baseline -0.005 0"><span class='ocrx_word' id='word_1_833' title='bbox 2191 5110 2304 5186; x_wconf 70' lang='grc' dir='ltr'><strong>(σε)</strong></span> <span class='ocrx_word' id='word_1_834' title='bbox 2355 5113 2530 5186; x_wconf 62' lang='grc' dir='ltr'><strong>Ἀλλὰ</strong></span> <span class='ocrx_word' id='word_1_835' title='bbox 2556 5113 2619 5186; x_wconf 58' lang='grc' dir='ltr'><strong>τι</strong></span> <span class='ocrx_word' id='word_1_836' title='bbox 2640 5112 2787 5186; x_wconf 59' lang='grc' dir='ltr'><strong>μέν;</strong></span> <span class='ocrx_word' id='word_1_837' title='bbox 2809 5111 2855 5186; x_wconf 61' lang='grc' dir='ltr'>ᾼ</span> <span class='ocrx_word' id='word_1_838' title='bbox 2885 5110 3070 5186; x_wconf 54' lang='lat' dir='ltr'><strong>tam</strong></span> <span class='ocrx_word' id='word_1_839' title='bbox 3098 5110 3154 5180; x_wconf 74' lang='grc' dir='ltr'>ἡ.</span> 
     </span>
    </p>
   </div>
   <div class='ocr_carea' id='block_1_115' title="bbox 2192 5179 3119 5256">
    <p class='ocr_par' dir='ltr' id='par_1_115' title="bbox 2192 5179 3119 5256">
     <span class='ocr_line' id='line_1_118' title="bbox 2192 5179 3119 5256; baseline -0.008 -17"><span class='ocrx_word' id='word_1_840' title='bbox 2192 5179 2305 5256; x_wconf 86' lang='grc'><strong>(69)</strong></span> <span class='ocrx_word' id='word_1_841' title='bbox 2359 5179 2715 5256; x_wconf 62' lang='grc' dir='ltr'><strong>Ἀπέδειξᾲνο</strong></span> <span class='ocrx_word' id='word_1_842' title='bbox 2754 5179 3119 5256; x_wconf 36' lang='grc' dir='ltr'>Β-θπέδειξεν,</span> 
     </span>
    </p>
   </div>
   <div class='ocr_carea' id='block_1_116' title="bbox 2193 5251 3034 5326">
    <p class='ocr_par' dir='ltr' id='par_1_116' title="bbox 2193 5251 3034 5326">
     <span class='ocr_line' id='line_1_119' title="bbox 2193 5251 3034 5326; baseline -0.029 1"><span class='ocrx_word' id='word_1_843' title='bbox 2193 5251 2306 5326; x_wconf 80' lang='grc' dir='ltr'><strong>(⁷ο)</strong></span> <span class='ocrx_word' id='word_1_844' title='bbox 2342 5257 2443 5321; x_wconf 67' lang='grc' dir='ltr'><strong>Εἰς</strong></span> <span class='ocrx_word' id='word_1_845' title='bbox 2474 5254 2770 5326; x_wconf 67' lang='grc' dir='ltr'><strong>τοσοῦζον</strong></span> <span class='ocrx_word' id='word_1_846' title='bbox 2792 5253 2849 5326; x_wconf 71' lang='lat' dir='ltr'><strong>_l_3</strong></span> <span class='ocrx_word' id='word_1_847' title='bbox 2872 5251 3034 5326; x_wconf 76' lang='lat' dir='ltr'><strong>delet.</strong></span> 
     </span>
    </p>
   </div>
   <div class='ocr_carea' id='block_1_117' title="bbox 2193 5323 3078 5397">
    <p class='ocr_par' dir='ltr' id='par_1_117' title="bbox 2193 5323 3078 5397">
     <span class='ocr_line' id='line_1_120' title="bbox 2193 5323 3078 5397; baseline -0.001 -19"><span class='ocrx_word' id='word_1_848' title='bbox 2193 5323 2307 5397; x_wconf 83' lang='lat' dir='ltr'><strong>(7i)</strong></span> <span class='ocrx_word' id='word_1_849' title='bbox 2347 5325 2636 5397; x_wconf 55' lang='lat' dir='ltr'><strong>Metpt&#39;mg.</strong></span> <span class='ocrx_word' id='word_1_850' title='bbox 2668 5323 2709 5377; x_wconf 83' lang='grc' dir='ltr'><strong>Β</strong></span> <span class='ocrx_word' id='word_1_851' title='bbox 2741 5323 2890 5397; x_wconf 80' lang='lat' dir='ltr'><strong>addit</strong></span> <span class='ocrx_word' id='word_1_852' title='bbox 2917 5323 3078 5377; x_wconf 88' lang='grc' dir='ltr'>τισίν.</span> 
     </span>
    </p>
   </div>
   <div class='ocr_carea' id='block_1_118' title="bbox 2189 5394 2958 5465">
    <p class='ocr_par' dir='ltr' id='par_1_118' title="bbox 2189 5394 2958 5465">
     <span class='ocr_line' id='line_1_121' title="bbox 2189 5394 2958 5465; baseline -0.003 -15"><span class='ocrx_word' id='word_1_853' title='bbox 2189 5394 2303 5464; x_wconf 69' lang='grc' dir='ltr'><strong>(ἹΞ)</strong></span> <span class='ocrx_word' id='word_1_854' title='bbox 2341 5396 2566 5462; x_wconf 80' lang='grc' dir='ltr'>Κρίσει.</span> <span class='ocrx_word' id='word_1_855' title='bbox 2604 5395 2644 5446; x_wconf 91' lang='grc' dir='ltr'><strong>Β</strong></span> <span class='ocrx_word' id='word_1_856' title='bbox 2673 5394 2958 5465; x_wconf 86' lang='grc' dir='ltr'>καθάρσει.</span> 
     </span>
    </p>
   </div>
   <div class='ocr_carea' id='block_1_119' title="bbox 2191 5460 3592 5538">
    <p class='ocr_par' dir='ltr' id='par_1_119' title="bbox 2191 5460 3592 5538">
     <span class='ocr_line' id='line_1_122' title="bbox 2191 5460 3592 5538; baseline -0.005 -17"><span class='ocrx_word' id='word_1_857' title='bbox 2191 5460 2303 5538; x_wconf 81' lang='grc'><strong>(75)</strong></span> <span class='ocrx_word' id='word_1_858' title='bbox 2343 5460 2561 5538; x_wconf 47' lang='grc' dir='ltr'><strong>Πςιεῖον</strong></span> <span class='ocrx_word' id='word_1_859' title='bbox 2591 5466 2629 5538; x_wconf 74' lang='grc' dir='ltr'><strong>ἢ</strong></span> <span class='ocrx_word' id='word_1_860' title='bbox 2660 5460 2932 5538; x_wconf 45' lang='grc' dir='ltr'>ἔλαττον.</span> <span class='ocrx_word' id='word_1_861' title='bbox 2969 5464 3011 5516; x_wconf 87' lang='grc' dir='ltr'><strong>Β</strong></span> <span class='ocrx_word' id='word_1_862' title='bbox 3037 5461 3235 5517; x_wconf 84' lang='grc' dir='ltr'>πλείων</span> <span class='ocrx_word' id='word_1_863' title='bbox 3266 5463 3300 5535; x_wconf 75' lang='grc' dir='ltr'>ἢ</span> <span class='ocrx_word' id='word_1_864' title='bbox 3335 5460 3592 5517; x_wconf 78' lang='grc' dir='ltr'>ἐλάττων.</span> 
     </span>
    </p>
   </div>
   <div class='ocr_carea' id='block_1_120' title="bbox 2192 5535 2965 5608">
    <p class='ocr_par' dir='ltr' id='par_1_120' title="bbox 2192 5535 2965 5608">
     <span class='ocr_line' id='line_1_123' title="bbox 2192 5535 2965 5608; baseline -0.005 -17"><span class='ocrx_word' id='word_1_865' title='bbox 2192 5535 2304 5608; x_wconf 73' lang='grc' dir='ltr'>(τι)</span> <span class='ocrx_word' id='word_1_866' title='bbox 2354 5536 2451 5600; x_wconf 82' lang='grc' dir='ltr'>Ὠς</span> <span class='ocrx_word' id='word_1_867' title='bbox 2472 5536 2575 5608; x_wconf 15' lang='grc' dir='ltr'>γᾶν.</span> <span class='ocrx_word' id='word_1_868' title='bbox 2603 5535 2661 5608; x_wconf 42' lang='grc' dir='ltr'><strong>Α-</strong></span> <span class='ocrx_word' id='word_1_869' title='bbox 2682 5537 2723 5588; x_wconf 91' lang='lat' dir='ltr'><strong>B</strong></span> <span class='ocrx_word' id='word_1_870' title='bbox 2749 5536 2852 5608; x_wconf 54' lang='lat' dir='ltr'><strong>se;</strong></span> <span class='ocrx_word' id='word_1_871' title='bbox 2880 5537 2965 5608; x_wconf 74' lang='grc' dir='ltr'>ἄν.</span> 
     </span>
    </p>
   </div>
   <div class='ocr_carea' id='block_1_121' title="bbox 2193 5603 3186 5682">
    <p class='ocr_par' dir='ltr' id='par_1_121' title="bbox 2193 5603 3186 5682">
     <span class='ocr_line' id='line_1_124' title="bbox 2193 5603 3186 5682; baseline 0.001 -22"><span class='ocrx_word' id='word_1_872' title='bbox 2357 5607 2483 5660; x_wconf 81' lang='grc' dir='ltr'><strong>Ἐπ’</strong></span> <span class='ocrx_word' id='word_1_873' title='bbox 2516 5606 2694 5672; x_wconf 79' lang='grc' dir='ltr'>αὐτῷ.</span> <span class='ocrx_word' id='word_1_874' title='bbox 2734 5609 2775 5658; x_wconf 81' lang='grc' dir='ltr'>Α</span> <span class='ocrx_word' id='word_1_875' title='bbox 2808 5606 2850 5658; x_wconf 86' lang='grc' dir='ltr'>Β</span> <span class='ocrx_word' id='word_1_876' title='bbox 2878 5606 2964 5659; x_wconf 80' lang='grc' dir='ltr'>ἐπ’</span> <span class='ocrx_word' id='word_1_877' title='bbox 2999 5603 3186 5661; x_wconf 82' lang='grc' dir='ltr'>αὑτοῦ.</span> 
     </span>
    </p>
   </div>
  </div>
