4046 6350
349 258 436 312 lt)!
1391 248 1478 302 DE
1519 246 1730 302 ANlMA
1768 245 1857 299 ET
1897 245 1922 299 Ρ

2024 244 2497 301 .URRELTiONE.
3467 247 3586 306 10'}

349 368 629 438 ηκόλασις,
658 365 782 420 ὅσον
806 367 1111 437 ἠλάττωται
1150 365 1228 435 τῷ
1258 366 1357 434 τῆς
1409 365 1604 427 κακίας
1640 365 1823 434 μέτρῳ
1849 361 1909 415 τὸ

2024 359 2223 416 lamina
2240 361 2541 423 doloriﬁca,
2566 363 2808 432 quandiu
2843 363 3087 418 fuerit-id
3121 363 3267 434 quod
3306 379 3424 419 eam
3454 366 3582 428 alat,

346 460 707 529 ὑποκείμενον.
747 460 865 528 Χρὴ
901 458 1007 531 γὰρ
1047 458 1225 526 πάντη
1260 457 1353 510 κα.)⁹
1379 458 1599 516 πάντως
1625 453 1913 524 ἐξαιρεθή-

2024 452 2361 506 iccendetur.
2424 453 2524 505 Cui
2582 455 2748 523 igitur
2801 469 3055 523 magnum
3110 454 3386 506 inhmserit
3443 469 3588 509 onus

343 552 424 604 ναί
468 567 590 602 ποτε
623 550 684 602 τὸ
724 551 891 603 κακὸν
921 550 986 602 ἐκ
1025 549 1120 601 τοῦ
1168 548 1341 609 ὄντος,
1379 546 1474 599 καὶ
1520 547 1658 614 ὅπερ
1706 546 1763 596 ὲν
1803 546 1915 606 τοῖς

2024 545 2313 608 materialc,
2358 544 2410 597 in
2461 533 2531 598 eo
2582 559 2808 600 necesse
2847 552 2933 598 est
2973 559 3221 613 magnam
3268 559 3333 597 ac
3377 543 3586 598 diutius

343 641 596 709 φθάσασιν
615 640 848 711 εἴρηται,
876 640 937 692 τὸ
956 637 1122 702 ’ὅντως
1145 634 1257 709 (78)
1284 638 1360 708 μὴ
1391 637 1471 698 ὃν,
1497 637 1616 706 μηδ’
1643 630 1781 688 εἶναι
1804 635 1915 702 (7³7)

2024 627 2298 688 durantem
2339 649 2463 688 esse
2503 631 2798 696 ﬂammam,
2833 649 2955 703 qua:
2994 635 3276 688 materiam
3304 639 3423 688 eam
3450 649 3586 688 con-

341 731 486 801 ὅλως.
539 731 756 800 Ἐπειδὴ
811 730 916 801 γὰρ
963 729 1066 794 ἔξω
1109 730 1208 800 τῆς
1256 727 1626 798 προαιρέσεως
1671 726 1706 795 ἡ
1753 721 1919 776 κακία

2024 735 2196 776 sumat
2245 741 2258 777 :
2298 723 2352 776 in
2408 739 2474 777 eo
2519 737 2670 785 vero,
2711 723 2802 778 cui
2850 723 3048 777 minori
3097 723 3274 793 spatio
3323 724 3587 794 temporis

344 816 472 874 εἶναι
495 820 653 888 φύσιν
686 821 785 872 οὐκ
813 820 947 889 ἔχει,
977 821 1104 872 ὅταν
1133 819 1282 870 πᾶσα
1323 814 1644 884 προαίρεσις
1684 812 1800 881 (78)
1852 811 1911 864 ὲν

2024 812 2158 881 ignis
2189 811 2280 866 ille
2335 827 2667 867 consumens
2709 813 3050 879 admovetur,
3081 822 3291 868 tantum
3319 815 3388 870 de
3423 815 3586 871 vehe-

342 911 414 981 τῷ
439 909 554 980 Θεῷ
581 910 826 980 γένηται,
865 911 945 974 είς
974 904 1208 979 παντελῆ
1236 906 1540 977 ἀφανισμὸν
1561 908 1596 978 ἡ
1634 905 1801 958 κακία
1832 903 1908 975 μὴ

2024 903 2280 958 inentiore
2315 912 2478 972 atque
2525 907 2734 959 acriore
2778 906 3092 974 operatione
3135 921 3295 974 pmna
3335 907 3582 974 remittit,

342 1007 568 1076 χωρήσει
597 1005 733 1074 (79).
763 1005 841 1075 τῷ
874 1005 1038 1075 μηδὲν
1065 1003 1230 1073 αὐτῆς
1260 999 1654 1070 ὑπολειφθῆναι
1680 997 1907 1066 δοχεῖον.

2024 1001 2306 1063 quantum,
2340 993 2486 1062 quod
2518 995 2585 1048 ad
2619 995 2840 1049 modum
2874 994 3189 1053 vitiositatis
3217 997 3427 1060 attinet,
3451 998 3586 1054 sub-

337 1096 534 1164 jectum
578 1097 744 1151 luerit
782 1097 1133 1150 diminutum.
1167 1095 1394 1166 Oportet
1423 1097 1569 1149 enim
1643 1092 1866 1162 penitus
1927 1103 1991 1143 ac
2030 1103 2251 1158 prorsus
2305 1089 2599 1158 aliquando
2635 1091 2839 1144 malum
2893 1091 3055 1145 eximi
3099 1106 3164 1147 ex
3209 1105 3276 1145 eo
3312 1092 3456 1161 quod
3498 1102 3584 1150 est

339 1195 391 1242 et
429 1187 574 1257 quod
620 1189 675 1242 in
720 1188 1097 1257 superioribus
1144 1186 1349 1241 dictum
1388 1195 1493 1248 est,
1562 1186 1614 1239 id
1664 1184 1809 1254 quod
1894 1181 2072 1249 reipsa
2123 1194 2232 1233 non
2290 1189 2397 1246 est,
2461 1197 2529 1234 ne
2581 1197 2702 1237 esse
2743 1181 2961 1252 quidem
3017 1183 3263 1238 omnino.
3319 1182 3588 1248 Quoniam

340 1277 477 1331 eiiim
521 1293 583 1331 ea
632 1279 749 1332 vitii
809 1280 1172 1347 "equilia!un
1221 1285 1414 1330 natura
1461 1287 1567 1337 est,
1631 1284 1688 1328 ut
1746 1279 1900 1326 extra
1940 1271 2275 1324 voluntatem
2307 1277 2362 1324 et
2409 1272 2700 1326 arbitrium
2769 1289 2876 1326 non
2926 1274 3018 1338 sit,
3065 1288 3188 1328 cum
3261 1274 3440 1328 omnis
3493 1290 3588 1329 vo-

343 1372 516 1427 Iuntas
560 1382 614 1428 et
661 1388 822 1427 omne
856 1373 1142 1426 arbitrium
1180 1373 1232 1425 in
1285 1371 1393 1426 Deo
1426 1371 1607 1435 fuerit,
1643 1369 1708 1422 ad
1785 1366 2088 1420 absolutam
2151 1371 2316 1433 atque
2367 1363 2665 1435 perfectam
2717 1374 2772 1420 et
2851 1375 3150 1422 extremam
3235 1367 3585 1421 abolitionem

338 1468 391 1515 et
437 1460 718 1514 interitum
773 1461 1041 1514 vitiositas
1087 1459 1386 1528 redigetur,
1431 1466 1490 1512 ut
1532 1456 1742 1510 nullum
1787 1453 1909 1523 ejus
1947 1454 2355 1522 receptaculum
2399 1456 2758 1524 relinquatur.

404 1587 460 1642 Γ,
475 1587 641 1641 Ἀλλά
662 1587 713 1640 τί
742 1589 900 1662 κέρδο
909 1613 926 1657 ;
942 1591 1052 1664 (30)
1064 1595 1162 1664 τῆς
1179 1587 1422 1660 χρηστῆς
1443 1588 1653 1650 ἐλπίδος
1675 1586 1812 1658 (8|).
1831 1577 1912 1636 ei-

348 1689 440 1724 πον
467 1675 600 1741 ἐγὼ.
635 1674 712 1744 τῷ
753 1674 1084 1748 λογιζομένῳ
1113 1680 1238 1732 ὅσον
1274 1680 1391 1731 ἐστὶ
1414 1678 1580 1732 κακὸν
1609 1677 1702 1729 καὶ
1731 1679 1908 1727 ἐνιαυ-

2089 1588 2152 1642 G.
2173 1589 2276 1644 Sed
2301 1586 2443 1656 quod
2462 1587 2672 1641 lucrum
2700 1594 2755 1639 et
2777 1599 2958 1653 opera:
2973 1587 3210 1654 pretium
3235 1593 3339 1651 est,
3363 1596 3585 1652 inquam

2010 1689 2131 1744 ego,
2161 1672 2323 1742 hujus
2352 1672 2507 1726 bona:
2540 1672 2653 1742 spei
2677 1675 2940 1741 reputanti
2960 1683 3224 1744 quantum
3260 1675 3331 1728 sit
3361 1675 3584 1738 malum,

345 1762 521 1816 σιαίαν
546 1763 656 1831 (82)
690 1763 858 1836 μόνην
889 1766 1144 1838 ὑποσχεῖν
1170 1769 1464 1838 ἀλγηδόνα,
1512 1770 1560 1820 εἰ
1601 1768 1644 1820 δ’
1677 1769 1754 1828 είς
1786 1763 1914 1818 αἰώ-

2024 1764 2096 1817 vel
2134 1777 2376 1816 annuum
2428 1762 2605 1816 solum
2653 1762 2926 1817 sustinere
2979 1763 3304 1827 cruciatum,
3347 1763 3493 1832 quod
3540 1765 3586 1816 si

340 1852 451 1904 νιὸν
481 1870 536 1905 τι
555 1852 826 1924 διάστημα
846 1858 879 1926 ὴ
911 1858 1134 1928 ἄσχετος
1153 1859 1335 1927 ἐκείνη
1357 1858 1513 1927 ὀδύνη
1549 1854 1909 1928 παραταθείη,

341 1945 423 2007 τίς
445 1945 511 1997 ὲκ
539 1944 651 2014 (83)
667 1947 766 2017 τῆς
789 1948 1012 2018 ὕστερον
1037 1949 1247 2013 ἐλπίδος
1276 1949 1656 2003 ὑπολέλειπται
1681 1948 1789 2018 (8-4)
1812 1963 1915 1999 πα-

345 2036 604 2105 ραμυθία,
637 2032 681 2105 ᾧ
709 2039 842 2109 πρὸς
880 2040 1000 2094 ὅλον
1029 2039 1199 2094 αίῶνα
1227 2041 1694 2110 συνδιαμετρεῖται
1740 2041 1773 2110 η
1822 2037 1912 2090 κό-

343 2121 519 2184 λασιςς
541 2156 611 2165 —
625 2126 695 2180 M.
715 2121 874 2180 Ὥστε
896 2127 1006 2199 (85)
1029 2125 1406 2198 προνοητέονῆ
1431 2123 1660 2178 καθόλου
1681 2122 1788 2175 τῶν
1817 2124 1916 2194 τῆς

341 2211 540 2273 κακίας
567 2210 676 2280 (86)
706 2209 1063 2279 μολυσμάπων
1089 2207 1315 2276 φυλάξαι
1345 2207 1442 2278 τὴν
1458 2207 1633 2278 ψυχὴν
1663 2207 1836 2280 ἀμιγῆ
1857 2225 1916 2262 τε

345 2303 439 2355 καὶ
469 2299 837 2370 ἀκοινώνητον
861 2315 875 2329 ·
928 2299 963 2370 ἢ
1013 2301 1062 2351 εί
1105 2299 1261 2351 τοῦτο
1298 2300 1474 2370 πάντη
1520 2300 1800 2370 ἀμήχανον
1831 2300 1918 2354 διὰ

339 2392 402 2446 τὸ
436 2391 826 2463 ἑμπαθες’(8¹7)
853 2390 952 2460 τῆς
983 2388 1196 2460 φύσεως
1237 2389 1428 2459 ἡμῶν,
1459 2390 1534 2453 ὡς
1566 2391 1649 2444 ὅτι
1686 2389 1920 2460 μάλιστα

339 2484 402 2535 ἐν
452 2482 696 2553 μετρίοις
741 2483 854 2534 τισὶ
909 2482 1003 2534 καὶ
1045 2480 1460 2550 εὐθεραπεύτοις
1515 2476 1654 2534 εἶναι
1711 2479 1777 2532 τὰ
1823 2483 1919 2549 τῆς

341 2574 548 2644 ἀρετῆς
585 2572 994 2642 ἀποτεύγματα.
1040 2567 1159 2624 Οἵδε
1189 2571 1360 2642 γὰρὴ
1403 2571 1730 2640 εὑαγγελικὴ
1776 2570 1920 2622 διδα-

344 2665 546 2718 σκαλία
580 2665 672 2717 καὶ
694 2663 898 2734 μυρίων
923 2663 1202 2732 ὀφειλέτην
1223 2664 1345 2715 τινὰ
1372 2662 1647 2716 ταλάντων
1680 2662 1920 2731 (88-89).

342 2759 435 2810 καὶ
465 2756 838 2810 πεντακοσίων
859 2755 1150 2826 δηναρίων,
1185 2755 1278 2807 καὶ
1313 2755 1666 2826 πεντήκοντα,
1701 2753 1794 2806 καὶ
1827 2766 1922 2804 κο-

335 2849 572 2920 δράντου
615 2849 758 2912 τινὸς
791 2849 927 2918 (90),
977 2847 1111 2916 ὅπερ
1171 2845 1232 2899 τὸ
1264 2845 1489 2915 ἔσχατόν
1531 2847 1675 2898 ἐστιν
1721 2843 1832 2915 (91)
1866 2843 1924 2895 ὲν

345 2941 645 3012 νομίσμασι
671 2955 684 2969 ο
719 2940 820 3010 τὴν
846 2939 903 2991 δὲ
935 2936 1030 2990 τοῦ
1055 2937 1190 2990 Θεοῦ
1221 2935 1435 2990 δικαίαν
1469 2937 1650 3007 κρίσιν
1672 2935 1759 2989 διά
1788 2931 1926 2988 πάν-

343 3046 449 3085 των
477 3031 756 3094 διεξιέναι,
799 3031 892 3083 καὶ
919 3029 996 3099 τῷ
1036 3029 1191 3098 βάρει
1239 3027 1333 3080 τοῦ
1361 3029 1670 3098 ὀφλήματος
1701 3039 1924 3079 συνεπι-

341 3124 628 3176 τείνουσαν
653 3122 751 3192 τὴν
775 3121 1021 3190 ἀνάγκην
1042 3120 1138 3188 τῆς
1161 3119 1530 3188 ἀπαιτήσεως.
1560 3117 1656 3170 καὶ
1671 3116 1790 3169 οὐδὲ
1810 3115 1923 3186 (9’2)

341 3215 450 3266 τῶν
487 3211 868 3284 σμικροτάτων
908 3209 1282 3280 ὑπερορῶσαν.
1317 3205 1426 3279 Τὴν
1455 3208 1510 3261 δὲ
1539 3201 1792 3262 ἀπόδοσιν
1817 3207 1927 3261 τῶν

341 3303 674 3374 ὀφλημάτων
705 3299 768 3353 τὺ
813 3300 1142 3368 Εὐαγτὲλιον
1177 3293 1328 3351 εἶπεν
1379 3298 1478 3351 οὐκ
1525 3299 1589 3350 ὲκ
1629 3297 1925 3368 χρημάτων

343 3394 646 3455 διαλύσεως
680 3391 943 3460 γίνεσθαι.
980 3390 1117 3444 ἀλλά
1145 3387 1532 3460 παραδίδοσθαι
1559 3391 1672 3451 τοῖς
1705 3388 1926 3466 βασανι-

345 3490 493 3548 σταῖς
517 3485 612 3539 τὸν
639 3484 952 3553 ὑπόχρεων,
994 3483 1098 3546 ἓως
1142 3481 1227 3546 ἂν,
1263 3480 1424 3550 φησὶν
1448 3519 1463 3543 ,
1510 3478 1693 3550 ἀποδῷ
1724 3481 1832 3533 πᾶν
1864 3477 1925 3530 τὺ

345 3577 728 3646 ὀφειλόμενονο
760 3576 896 3644 ὅπερ
925 3574 1076 3627 οὐδὲν
1107 3572 1292 3643 ἕτερόν
1326 3573 1494 3631 ἐστιν,
1534 3571 1566 3641 ἢ
1596 3571 1684 3623 διὰ
1715 3572 1812 3640 τῆς
1836 3571 1928 3640 βα-

349 3670 512 3722 σάνου
532 3667 629 3737 τὴν
647 3664 949 3734 ἀναγκαίαν
971 3665 1192 3732 ὀφειλὴν
1214 3662 1492 3726 ἀποτῖσαι,
1513 3661 1572 3714 τὸ
1597 3662 1730 3732 mn
1740 3678 1814 3732 μα
1829 3661 1927 3732 τῆς

345 3757 452 3812 τῶν
481 3756 746 3826 λυπηρῶν
781 3756 1088 3826 μετουσίας,
1117 3746 1192 3809 ὧν
1219 3756 1330 3823 (95)
1360 3755 1510 3825 παρὰ
1535 3755 1624 3806 τὸν
1655 3754 1767 3824 βίον
1795 3753 1928 3806 ὑπό-

345 3868 524 3922 χρεως
543 3849 779 3918 ἐγένετο,
805 3849 976 3918 ἀμιγῆ
1000 3865 1061 3901 τε
1083 3848 1176 3901 καὶ
1198 3847 1432 3918 ἄκρατον
1447 3845 1541 3899 τοῦ
1564 3845 1806 3899 ἐναντίου
1829 3846 1926 3915 τὴν

345 3943 542 4014 ἡδονὴν
572 3942 679 3994 ὑπὸ
705 3941 958 4005 ἀϐουλίας
986 3941 1256 4009 ἐλόμενος,
1288 3941 1381 3992 καὶ
1410 3939 1602 4002 οὕτως,
1644 3939 1787 3993 ἅπαν
1815 3939 1925 4008 (94)

344 4033 684 4106 ἀποθέμενος
707 4032 769 4086 τὸ
798 4032 1074 4104 ἀλλότριον
1102 4031 1316 4098 ἑαυτοῦ,
1345 4032 1481 4102 ὅπερ
1516 4032 1662 4084 ἐστὶν
1696 4033 1730 4103 ἡ
1758 4032 1929 4102 ἀμαρ-

344 4126 453 4190 τία,
478 4126 580 4179 καὶ
611 4124 710 4194 τὴν
734 4127 798 4178 ὲκ
828 4122 1280 4193 τῶνδφλημάτων
1297 4123 1557 4192 αἰσχύνην
1581 4122 1926 4192 ἀποδυσάμε-

345 4231 455 4279 νος,
471 4216 534 4270 ὲν
557 4213 839 4284 ἐλευθερίᾳ
863 4230 921 4266 τε
940 4213 1034 4266 καὶ
1057 4210 1338 4283 παρρησίᾳ
1359 4212 1600 4281 γένηται.
1628 4211 1692 4264 Ἦ
1713 4210 1755 4263 δ’
1776 4210 1928 4263 ἐλευ-

347 4303 506 4372 θερία
557 4304 708 4356 ἐστιν
735 4303 768 4373 ἠ
803 4301 938 4372 πρὸς
966 4301 1027 4354 τὸ
1058 4301 1351 4354 ἀδέσποτὸν
1383 4317 1440 4353 τε
1469 4300 1562 4353 καὶ
1595 4300 1926 4370 αὐτοκρατὲς

2015 1871 2188 1926 usque
2222 1854 2288 1909 ad
2318 1863 2583 1908 aeternum
2617 1852 2888 1922 quoddam
2933 1853 3278 1908 intervallum
3327 1854 3587 1908 intolera-

2013 1946 2140 2000 bilis
2184 1945 2274 2000 ille
2321 1944 2479 1999 dolor
2511 1951 2839 2014 prorogetur
2866 1982 2882 2008 ,
2914 1957 3163 2012 quamam
3213 1958 3277 1996 ex
3311 1942 3588 2012 posterius

2015 2037 2199 2092 futura
2243 2052 2340 2106 spe
2368 2036 2675 2090 consolatio
2718 2033 3048 2104 relinquitur
3087 2033 3136 2088 ei
3171 2035 3260 2088 cui
3295 2034 3361 2088 ad
3415 2042 3586 2088 totam

2017 2119 2376 2182 aeternitatem
2426 2139 2602 2196 paenae
2647 2123 2843 2180 modus
2881 2137 2944 2178 ac
2991 2138 3249 2179 mensura
3282 2121 3589 2195 redigitur?

2032 2211 2164 2265 ——M.
2191 2211 2376 2281 Itaque
2396 2210 2796 2283 providendum
2821 2211 2986 2267 fuerit
3009 2219 3070 2265 ut
3093 2212 3178 2266 vel
3203 2212 3424 2280 penitus
3449 2222 3504 2266 et
3534 2213 3594 2266 in

2018 2303 2339 2358 universum
2392 2303 2462 2357 ab
2515 2302 2946 2371 inquinamentis
3014 2301 3329 2356 vitiositatis
3382 2299 3595 2370 integra

2019 2403 2184 2466 atque
2207 2395 2387 2450 omnis
2411 2395 2757 2464 cognationis
2777 2409 2974 2464 expers
2999 2393 3180 2446 anima
3199 2402 3594 2457 conservetur;

2021 2493 2115 2539 aut
2144 2486 2190 2540 si
2238 2487 2291 2540 id
2333 2495 2558 2555 propter
2591 2484 2818 2540 allectus
2860 2494 2914 2539 et
2955 2483 3109 2549 vitia,
3149 2483 3352 2554 quibus
3399 2492 3596 2538 natura

2023 2587 2209 2633 nostra
2235 2577 2473 2632 obnoxia
2507 2582 2612 2641 est,
2650 2577 2800 2630 nulla
2830 2577 3045 2632 ratione
3085 2591 3318 2647 prorsus
3347 2568 3596 2646 expediri

2021 2683 2084 2722 ac
2132 2668 2250 2723 ﬁeri
2290 2675 2491 2739 potest,
2552 2675 2611 2720 ut
2649 2666 2704 2722 in
2743 2682 2908 2737 quam
2943 2669 3186 2724 maxime
3225 2667 3599 2723 mediocribus

2021 2759 2351 2828 quibusdam
2389 2765 2697 2827 curatuque
2744 2749 2997 2813 facilihus
3038 2757 3256 2814 delictis
3290 2759 3600 2812 consistant

2022 2852 2247 2907 virtutis
2294 2851 2642 2906 incommoda
2673 2860 2836 2922 atque
2885 2851 3234 2906 detrimenta.
3261 2849 3424 2922 Novit
3451 2853 3597 2906 enim

2024 2941 2338 3010 evangelica
2366 2940 2620 2995 doctrina
2654 2949 2710 2996 et
2739 2939 2920 2995 decies
2959 2940 3107 2994 mille
3159 2941 3510 3007 talentorum,
3543 2949 3600 2996 et

2025 3031 2451 3099 quingentorum
2475 3029 2826 3085 denariorum
2863 3036 2917 3082 et
2938 3030 3352 3100 quinquaginta,
3380 3038 3435 3084 et
3458 3017 3599 3100 qua¥

2026 3122 2238 3177 drantis
2285 3119 2544 3190 alicujus,
2585 3121 2732 3191 quod
2783 3121 2838 3175 in
2879 3129 3097 3174 moneta
3135 3131 3440 3176 extremum
3487 3132 3597 3187 est,

2027 3207 2318 3283 quemdam
2357 3213 2698 3266 debitorem:
2732 3226 2797 3265 ac
2823 3211 3031 3281 justum
3062 3211 3153 3266 Dei
3183 3212 3450 3282 judicium
3486 3229 3602 3280 om-

2031 3303 2122 3357 nia
2152 3303 2431 3372 persequi,
2462 3317 2674 3372 proque
2710 3303 3088 3372 magnitudine
3116 3303 3242 3358 aeris
3275 3304 3437 3358 alieni
3474 3320 3600 3374 pro—

2026 3407 2222 3462 rogare
2255 3403 2310 3447 et
2338 3392 2631 3447 extendere
2665 3394 3048 3448 necessitatem
3095 3395 3404 3456 solutionis,
3441 3410 3504 3449 ac
3537 3411 3604 3450 ne

2027 3483 2256 3539 minima
2286 3483 2506 3554 quidem
2530 3485 2812 3554 despicere
2837 3501 2900 3538 ac
2931 3486 3223 3555 praatcrire.
3262 3485 3602 3543 Solutionem

2026 3586 2208 3631 autem
2244 3575 2556 3629 debitorum
2589 3591 2700 3630 non
2731 3591 2793 3630 ex
2831 3576 3186 3646 pecuniarum
3214 3577 3496 3634 decisione
3537 3594 3602 3633 ac

2025 3665 2393 3722 dissolutione
2425 3666 2545 3720 ﬁeri
2585 3665 2937 3738 Evangelium
2977 3667 3136 3730 dixit,
3177 3669 3270 3722 sed
3308 3669 3448 3723 tradi
3484 3678 3600 3724 tor—

2026 3757 2241 3812 toribus
2274 3756 2599 3820 obwratum,
2625 3756 2796 3812 donec
2829 3759 3070 3823 solverit,
3106 3759 3305 3829 inquit,
3332 3759 3599 3830 quidquid

2028 3846 2235 3918 debet(
2268 3850 2412 3918 quod
2458 3847 2596 3901 nihil
2626 3847 2772 3902 aliud
2817 3855 2921 3913 est,
2965 3850 3072 3905 nisi
3118 3865 3216 3920 per
3266 3859 3601 3908 tormentum

2029 3941 2407 3995 necessarium
2435 3955 2510 3996 :es
2538 3939 2776 3994 alienum
2805 3941 3038 4006 solvere,
3058 3941 3324 4007 debitum,
3357 3925 3599 4013 inquam,

2028 4031 2470 4100 participationis
2502 4047 2685 4087 rerum
2727 4032 2968 4086 tristium
3007 4041 3062 4087 et
3089 4035 3431 4100 acerbarum,
3463 4031 3612 4105 qua?

2028 4137 2147 4174 rum
2179 4122 2616 4192 participatiouis
2648 4137 2744 4192 per
2773 4130 2991 4192 tempus
3021 4122 3146 4177 vita:
3179 4123 3392 4180 debitor
3421 4126 3602 4182 factus

2028 4220 2131 4275 est,
2166 4226 2289 4264 cum
2317 4226 2520 4266 meram
2548 4213 2923 4282 contrariique
2948 4212 3280 4269 admistione
3318 4231 3429 4270 non
3474 4225 3602 4272 tem-

2029 4308 2269 4371 peratam
2321 4301 2658 4371 voluptatem
2711 4302 2931 4356 consilii
2987 4302 3290 4359 stoliditate
3338 4305 3602 4372 expetivit

345 4393 668 4464 ἐξομοίωσις
688 4432 703 4457 ,
753 4393 786 4463 ἡ
815 4389 933 4444 κατ’
963 4389 1136 4461 ἀρχὰς
1167 4388 1266 4460 μὲν
1296 4391 1430 4460 ἡμῖν
1465 4389 1616 4461 παρὰ
1646 4388 1780 4443 Θεοῦ
1812 4389 1922 4459 (95)

2031 4401 2194 4462 atque
2215 4391 2426 4462 elegit),
2457 4400 2623 4462 atque
2651 4391 2724 4447 ita
2767 4393 2859 4447 ubi
2890 4393 3158 4464 quidquid
3191 4409 3221 4448 a
3262 4411 3322 4451 se
3362 4397 3601 4452 alienum

345 4483 720 4554 δεδωρημένη,
739 4481 1174 4550 συγκαλυφθείσα
1188 4483 1254 4550 τῇ
1271 4481 1378 4533 τῶν
1393 4479 1720 4551 ὀφλημάτων
1740 4481 1928 4551 αἰσχύ-

347 4590 430 4646 νῃ.
469 4573 682 4628 Iliad"
709 4571 987 4641 ἐλευθερία
1027 4572 1124 4642 μία
1150 4573 1232 4635 τίς
1249 4573 1366 4624 ἐστι
1390 4574 1455 4642 τῇ
1489 4572 1648 4641 φύσει
1669 4573 1764 4626 καὶ
1789 4573 1926 4643 πρὸς

348 4666 550 4737 ἑαυτὴν
565 4666 778 4728 οἰκείως
797 4664 930 4733 ἔχει.
949 4664 1276 4728 Ἀκολούθως
1297 4661 1390 4717 οὖν
1414 4665 1522 4716 πᾶν
1544 4663 1654 4734 (96)
1684 4664 1744 4717 τὸ
1772 4663 1926 4717 ἐλεύ-

349 4755 508 4828 θερον
534 4755 612 4827 τῷ
647 4754 817 4826 ὁμοίῳ
846 4754 1349 4825 συναρμοσθήσεται
1373 4771 1388 4786 ο
1425 4754 1595 4828 ἀρετὴ
1619 4753 1673 4807 δὲ
1705 4754 1928 4808 ἀδέσποο

422 4958 538 5024 (76)
583 4956 653 5026 Td
687 4957 891 5026 ὄντως.
926 4955 1040 5026 ΑΒ
1067 4954 1144 5026 τῷ
1171 4955 1306 5008 ὄντι.

421 5023 539 5100 (ΪΠ)
574 5023 742 5100 Εἶῖαι
776 5025 916 5080 delet
940 5024 1017 5100 _B.

421 5091 536 5167 (78)
577 5096 747 5167 Πᾶσα
775 5096 1118 5167 προαίρεσις
1147 5093 1286 5148 delet
1317 5091 1376 5146 Β.

424 5163 539 5233 (79)
579 5166 672 5232 Μὴ
704 5163 982 5234 χωρήσει.
1011 5167 1054 5216 Α
1087 5165 1125 5214 Β
1165 5163 1581 5233 μεταχωρήσειε.

419 5238 536 5316 (ΨΥ)
578 5235 816 5316 (κέρδος
853 5241 894 5286 Α
925 5235 966 5316 β
995 5234 1057 5316 εδ
1083 5234 1292 5316 κέρδος·

423 5307 538 5374 (81)
591 5301 884 5369 Ἐλπίδος.
914 5306 958 5356 Α
993 5301 1265 5374 Βγταύτης
1297 5301 1530 5363 ἐλπίδος.

422 5373 536 5445 (81)
588 5375 1024 5445 Ἑνιαυσιαίαν.
1047 5373 1088 5424 Β
1120 5373 1404 5424 ἐνιαύσιον.

422 5444 535 5515 (85)
579 5446 672 5508 Τίς
695 5445 862 5515 ἐκηΑ
898 5444 1034 5513 τίςή
1069 5445 1152 5515 ἐκ.

422 5511 481 5578 (8
499 5511 536 5578 ι)
585 5516 597 5533 ⁸
612 5511 1108 5567 ΥπολέλειπταιΒ
1136 5511 1505 5565 ὑπολείπεται.

424 5583 539 5658 (βξ)
579 5586 778 5658 "Opts.
889 5584 992 5635 ὅτι.

446 5651 538 5724 815)
581 5653 693 5724 Τῆς
723 5654 954 5717 κακίας.
995 5651 1105 5721 Τῆς
1139 5651 1281 5708 delet
1308 5652 1375 5721 Α,
1421 5655 1517 5710 sed
1574 5654 1614 5708 Β
1659 5655 1818 5710 habet
1865 5656 1928 5708 ἐκ

2030 4493 2134 4547 est,
2166 4481 2222 4536 id
2251 4490 2335 4537 est
2368 4490 2649 4553 peccatum
2679 4482 2996 4554 deposuerit
3019 4492 3074 4539 et
3111 4485 3393 4555 abjecerit,
3425 4487 3602 4556 pudo-

2033 4590 2280 4645 remque,
2332 4591 2493 4646 quem
2525 4592 2590 4632 ex
2621 4575 2821 4634 debitis
2863 4586 3236 4642 contraxerat,
3279 4580 3512 4654 exuerit,
3547 4580 3600 4634 in

2033 4666 2284 4722 libertate
2318 4669 2484 4723 simul
2527 4677 2581 4725 et
2617 4669 2817 4724 ﬁducia
2850 4678 3122 4726 versetur.
3171 4673 3343 4726 Porro
3373 4671 3602 4728 libertas

2031 4765 2117 4815 est
2149 4759 2478 4816 assimilatio
2522 4769 2578 4817 et
2619 4763 2929 4834 exzequatio
2961 4779 3096 4833 cum
3129 4779 3196 4819 eo
3239 4765 3383 4834 quod
3425 4763 3602 4818 domi-

2031 4955 2248 5020 κακίας.

2234 5029 2584 5102 ΔἶΕμπαζλι·‹,-.
2614 5031 2747 5102 ΑΔΒ.
2785 5029 3044 5102 ἐμπαθές.

2127 5097 2316 5166 88-89)
2365 5099 2498 5152 Τινὰ
2528 5097 2855 5154 ταλάντων).
2888 5102 2928 5153 Β
2957 5101 3047 5153 τα)
3060 5103 3232 5154 άντων
3273 5100 3410 5154 τινά.

2129 5168 2218 5233 90)
2262 5169 2448 5233 Τινός.
2493 5169 2533 5220 Β
2573 5170 2741 5234 Ἑνὸς.

2259 5238 2434 5312 ’ρξερ
2463 5238 2530 5312 ςό
2552 5240 2694 5312 sax.
2733 5241 2782 5294 ἐ.
2820 5241 2859 5292 Β
2885 5242 3020 5311 ὅπερ
3053 5239 3168 5292 ἐστὶ
3194 5238 3254 5293 τὸ
3285 5240 3532 5312 ἔσχατον.

2099 5306 2213 5376 (92)
2253 5306 2427 5376 ρῠδέ.
2466 5306 2724 5376 ΒῌΟύδέν.

2099 5373 2212 5445 (95)
2252 5373 2384 5430 Ὧν.
2424 5376 2464 5429 Β
2496 5373 2561 5446 ᾧ.

2100 5447 2214 5517 (94)
2257 5449 2441 5518 Ὅταν
2471 5447 2610 5518 delet
2637 5450 2697 5503 Β.

2101 5513 2212 5587 (95)
2251 5513 2414 5587 Παρὰ
2443 5513 2610 5571 Θεοῦζ
2641 5521 2685 5572 Α
2716 5522 2757 5573 Β
2776 5521 2880 5576 ὑπὸ
2907 5521 2995 5575 τοῦ
3023 5519 3182 5578 Θεοῦ.

2103 5586 2213 5658 (96)
2254 5586 2382 5642 Πάν
2412 5588 2552 5641 delct
2582 5587 2641 5642 Β.
