4046 6350
330 290 423 341 105

1505 284 1569 337 ΙΝ
1612 282 2083 338 HEXAEMERON
2118 282 2341 338 LIBER.

3441 284 3542 341 I06

326 410 386 463 ἂν
418 411 542 462 πᾶσι
571 407 628 459 τὸ
665 408 950 477 γινόμενον
981 403 1070 478 ἦν,
1118 407 1206 460 διὰ
1234 406 1327 459 τοῦ
1354 405 1604 476 δέχεσθαι
1653 406 1713 458 τὸ
1746 400 1883 466 εἶδος

1989 404 2234 475 simaqne
2272 412 2467 458 natura
2496 403 2549 457 in
2586 404 2880 473 vaporibus
2899 413 2999 467 est,
3035 404 3086 456 hi
3119 419 3248 458 vero
3289 420 3352 459 eo
3380 422 3540 476 quem

324 499 662 567 δεικνύμενον.
703 498 855 550 Ἐπεὶ
882 496 939 550 δὲ
960 496 1021 549 τὸ
1044 496 1370 549 λεπτότατόν
1396 512 1454 547 τε
1480 494 1574 547 καὶ
1592 493 1881 545 διειδέστα-

326 608 409 643 τον
446 590 542 659 τῆς
571 588 676 641 τῶν
714 588 919 642 ὑδάτων
954 588 1169 657 φύσεως
1209 588 1267 639 ὲν
1289 588 1401 649 τοῖς
1436 587 1628 655 ἀτμοῖς
1652 584 1878 652 γίνεται,

324 676 453 735 οὗτοι
466 680 518 732 δὲ
539 680 674 733 κατά
704 679 793 731 τὸν
810 678 1301 749 προαποδειχθέντα
1318 678 1472 746 λόγον
1496 678 1880 748 ὲναποθέμενοι

323 773 393 841 τῷ
422 771 545 841 πυρὶ
565 772 659 841 τὴν
694 770 865 841 ὑγρὰν
895 771 1171 838 ποιότητα,
1190 770 1323 841 πρὸς
1341 770 1398 823 τὸ
1416 770 1577 841 ξηρὸν
1593 768 1883 838 ἠλλοιώθη-

326 879 429 916 σαν·
447 863 651 932 ἀνάγκη
673 864 842 925 πᾶσα,
856 860 1091 931 καθαρὸν
1115 861 1271 914 τοῦτο
1290 861 1385 914 καὶ
1405 860 1637 931 ἀερῶδες
1657 859 1880 923 οῐεσθαι,

321 955 395 1007 ὅτι
420 954 540 1006 ποτὲ
561 954 653 1006 καὶ
682 949 820 1006 εἶναι
840 954 968 1005 αὐτὸ
994 951 1398 1023 καταλαμϐάνει
1413 954 1445 1023 ή
1460 950 1704 1004 ἕννοιατὸ
1722 953 1787 1020 τῇ
1805 950 1885 1002 λε-

323 1048 529 1117 πτότητι
545 1046 834 1115 διαφεῦγον
848 1044 943 1116 τὴν
959 1045 1305 1114 κατανόησιν.
1333 1045 1396 1096 Ei
1411 1044 1467 1096 δὲ
1496 1045 1594 1113 τῆς
1607 1043 1700 1095 τοῦ
1724 1042 1882 1109 λόγου

321 1139 661 1209 καταλήψεως
693 1138 1143 1207 ἀξιοπιστοτέραν
1171 1136 1343 1190 οἴεταί
1375 1153 1458 1199 τις
1483 1136 1581 1206 τὴν
1610 1134 1882 1203 αἴσθησιν,

323 1231 406 1283 καὶ
431 1230 582 1299 ζητεί
611 1228 691 1299 τῷ
730 1228 992 1297 ὀφθαλμῷ
1021 1228 1144 1289 τοὺς
1172 1227 1398 1296 ἀμερεῖς
1433 1242 1491 1276 τε
1526 1224 1621 1276 καὶ
1653 1224 1880 1290 ἀφανεῖς

321 1321 544 1383 ἐκείνους
588 1320 783 1387 ὄγκους
842 1317 1176 1372 θεάσασθαι’
1223 1317 1399 1382 ἔξεστι
1449 1315 1526 1385 τῷ
1575 1315 1883 1385 βουλομένῳ

321 1412 495 1466 ναστὸν
515 1411 624 1465 τῶν
642 1410 897 1464 τοιούτων
927 1410 1127 1480 μορίων
1150 1409 1242 1461 τὸν
1268 1409 1407 1479 ἀέρα
1434 1408 1583 1468 ἰδεῖν,
1610 1408 1738 1461 ὅταν
1762 1409 1882 1459 εἱσ-

320 1505 522 1575 χεθεῖσα
552 1504 642 1558 διὰ
670 1504 883 1575 θυρίδος
909 1502 1072 1564 αὐτὸς
1096 1542 1110 1563 ,
1146 1500 1499 1569 ἐκδηλότερον
1541 1488 1740 1570 πῦιήσῃ
1787 1498 1880 1550 τοῦ

319 1598 468 1666 ἀέρος
507 1597 724 1656 ἐκεῖνο,
771 1595 894 1647 ὅσον
942 1594 1007 1647 ἂν
1054 1592 1141 1646 διὰ
1191 1593 1288 1662 τῆς
1322 1593 1495 1663 αὐγῆς
1532 1592 1881 1664 καταλάμψῃ.

322 1689 381 1739 Ὅ
404 1687 505 1757 γὰρ
537 1688 596 1738 ὲν
622 1684 700 1755 τῷ
733 1683 905 1754 λοιπῷ
934 1684 1053 1754 ἀέρι
1083 1685 1194 1744 τοῖς
1221 1681 1516 1751 ὀφθαλμοῖς
1545 1683 1691 1734 ἐστιν
1716 1682 1882 1749 ἀνέφ-

323 1794 493 1841 ικτον,
557 1775 717 1829 τοῦτο
770 1774 856 1826 διὰ
902 1774 1001 1842 τῆς
1060 1774 1278 1834 ἀκτῖνος
1338 1773 1527 1845 ὁρᾶται
1577 1771 1634 1821 ὲν
1691 1769 1882 1840 πλήθει

316 1868 513 1939 ἀπείρῳ
549 1868 693 1920 κατά
723 1866 815 1918 τὸν
847 1866 983 1935 ἀέρα
1021 1864 1409 1935 στρεφόμενον.
1451 1865 1510 1916 Ὀ
1532 1859 1623 1916 οὖν
1645 1862 1882 1933 ἐπισχὼν

313 1961 510 2023 τούτοις
532 1960 627 2013 τὸν
654 1956 949 2027 ὀφθαλμὸν,
982 1957 1202 2027 εὑρήσει
1230 1956 1318 2007 ἀεὶ
1356 1953 1492 2025 πρὸς
1519 1954 1580 2006 τὸ
1610 1953 1759 2006 κάτω
1786 1951 1883 2022 τὴν

315 2053 418 2105 τῶν
457 2052 674 2105 λεπτῶν
702 2050 932 2103 ἐκείνων
968 2048 1138 2119 φορὰν
1172 2046 1600 2118 καταρρέουσαν.
1641 2045 1715 2098 Τὸ
1746 2044 1801 2097 δὲ
1828 2046 1885 2097 ἐν

314 2143 387 2212 τῷ
426 2143 579 2213 μέρει
630 2140 725 2194 τοῦ
769 2140 931 2211 ἀέρος
959 2138 1305 2209 δεικνύμενον
1336 2136 1607 2201 ἀπόδειξίς
1643 2138 1761 2189 ἐστι
1789 2135 1883 2189 τοῦ

314 2251 401 2287 και
432 2236 487 2286 ὲν
520 2232 601 2302 τῷ
648 2231 812 2285 ιιταντλ⁹
841 2231 905 2283 τὸ
945 2230 1183 2283 τοιοῦτον
1222 2223 1396 2291 εἶναι,
1425 2228 1613 2299 ἐπειδὴ
1662 2226 1884 2297 συνεχές

312 2325 423 2377 ἐστι
450 2323 509 2377 τδ
538 2325 651 2376 πᾶν
694 2321 871 2391 ἑαυτῷ
892 2362 906 2385 ,
931 2321 1025 2375 καὶ
1055 2323 1119 2374 ἐκ
1148 2320 1329 2392 μερῶν
1379 2319 1796 2391 συμπληροῦται
1825 2319 1886 2372 τὸ

313 2416 447 2469 ὅλον.
490 2416 552 2468 Εἰ
584 2414 641 2467 δὲ
670 2415 900 2468 πάντοτε
944 2415 977 2484 ή
1010 2412 1119 2465 τῶν
1145 2412 1357 2465 λεπτῶν
1390 2410 1595 2465 τούτων
1638 2411 1732 2464 καὶ
1757 2410 1885 2464 ἀτό-

316 2524 428 2575 μων
450 2507 592 2575 φορά
626 2505 714 2558 διὰ
750 2504 844 2557 τοῦ
872 2504 1031 2575 ἀέρος
1057 2503 1150 2555 ἐπὶ
1175 2502 1274 2573 τὴν
1299 2502 1403 2572 γῆν
1431 2501 1743 2572 καταρρέει,
1778 2517 1885 2568 φα-

312 2598 463 2669 νερὸν
488 2598 546 2651 δὲ
576 2600 661 2651 ὅτι
693 2596 754 2649 οὐ
790 2596 850 2649 τὸ
892 2596 1127 2667 αἰθέριον
1152 2589 1289 2658 εἶδος
1328 2596 1409 2657 είς
1449 2594 1622 2647 ταῦτα
1651 2591 1887 2662 θρυπτό-

317 2705 469 2758 μενον
505 2686 878 2739 διασκίδναται
905 2685 1031 2755 (τὴν
1056 2685 1164 2754 γὰρ
1189 2686 1269 2745 εἰς
1296 2682 1366 2735 τὰ
1404 2682 1574 2734 λεπτά
1607 2680 1804 2751 θρύψιν
1825 2696 1885 2731 τε

316 2781 404 2832 καὶ
423 2779 673 2848 διάχυσιν
697 2780 730 2847 ή
754 2777 847 2830 τοῦ
872 2777 1042 2849 πυρὸς
1070 2776 1230 2845 φύσις
1253 2776 1313 2827 οὐ
1346 2775 1542 2843 πάσχει
1565 2773 1584 2843 )
1612 2789 1626 2803 ·
1668 2772 1886 2840 ἀνάγκη

315 2874 457 2924 πᾶσα
486 2871 715 2924 ἐκείνων
744 2871 842 2938 τὴν
883 2868 1013 2939 ὓλην
1060 2867 1308 2920 κατιέναι
1356 2863 1655 2926 πιστεύειν,
1685 2856 1759 2915 ὧν
1787 2861 1885 2928 τὴν

314 2959 491 3012 ἄνοδον
519 2960 548 3011 ό
576 2958 735 3024 λόγος
764 2956 853 3009 διὰ
876 2956 983 3009 τῶν
1017 2956 1206 3026 ἀτμῶν
1234 2953 1561 3026 ἐθεώρησεν,
1584 2951 1723 3004 ῶστε
1746 2948 1888 3020 ὑγρά

317 3049 413 3118 μὲν
440 3048 571 3101 ὄντα
621 3047 726 3099 ὑπὸ
768 3046 868 3115 τῆς
898 3044 1106 3116 θερμῆς
1136 3043 1459 3097 ἀνέλκεσθαι
1504 3041 1719 3111 φύσεως
1742 3079 1757 3105 ,
1788 3041 1885 3092 ὲκ-

316 3139 579 3193 καυθέντα
620 3139 677 3191 δὲ
710 3137 799 3191 καὶ
821 3136 994 3206 γεώδη
1027 3136 1315 3205 γενόμενα,
1345 3133 1541 3205 μηκέτι
1572 3135 1628 3184 ὲν
1653 3131 1729 3202 τῷ
1760 3131 1891 3201 πυρὶ

315 3230 649 3299 κρατεῖσθαι,
676 3227 809 3281 ἀλλά
832 3228 967 3299 πρὸς
982 3227 1079 3297 τὴν
1096 3230 1198 3297 γῆν
1222 3226 1380 3279 πάλιν
1405 3220 1887 3277 ἀποκαθίστασθαι.

317 3322 587 3393 Καθάπερ
621 3321 677 3374 δὲ
724 3321 823 3391 τῆς
870 3321 928 3372 ὲν
970 3321 1101 3389 ἡμῖν
1147 3318 1355 3391 τροφῆς
1405 3319 1485 3379 είς
1531 3316 1733 3386 λεπτήν
1771 3331 1892 3366 τινα

316 3414 579 3483 ποιότητα
620 3410 708 3465 διὰ
732 3411 830 3480 τῆς
864 3408 1081 3478 πέψεως
1121 3407 1525 3477 ἀλλοιωθείσης,
1554 3398 1599 3473 ᾧ
1630 3404 1695 3458 ἂν
1720 3405 1891 3473 ἐμπε-

322 3506 470 3560 λάσει
495 3505 588 3558 διὰ
620 3505 715 3574 τῆς
742 3502 1046 3563 ἀναδόσεως
1076 3500 1232 3571 μέρει
1257 3498 1351 3552 τοῦ
1379 3497 1648 3568 σώματος,
1685 3495 1891 3549 ἐκείνου

320 3592 604 3663 προσθήκη
620 3589 681 3642 τὸ
701 3588 1076 3658 ἀναδιδόμενον
1093 3588 1319 3656 γίνεται,
1350 3588 1441 3640 καὶ
1462 3584 1713 3655 ποικίλης
1726 3583 1893 3654 οῦσης

317 3684 373 3735 ἐν
397 3686 461 3753 τῇ
481 3683 741 3735 συστάσει
756 3679 850 3733 τοῦ
869 3678 1118 3749 σώματος
1128 3678 1226 3747 τῆς
1238 3678 1346 3730 τῶν
1370 3678 1545 3748 μελῶν
1558 3677 1816 3746 διαφορᾶς
1836 3677 1893 3726 ὲν

316 3773 392 3844 τῷ
407 3772 560 3843 ξηρῷ
575 3788 636 3824 τε
655 3772 746 3824 καὶ
777 3769 945 3839 ὑγρῷ,
972 3769 1062 3823 καὶ
1089 3768 1165 3839 τῷ
1184 3770 1391 3821 καίοντι
1416 3768 1509 3820 καὶ
1537 3767 1616 3837 τῷ
1636 3766 1887 3837 ψύχοντι·

317 3864 442 3935 παρ’
474 3856 552 3916 ὧν
582 3862 650 3915 ἂν
677 3862 900 3930 γένηται
925 3859 984 3913 τὸ
1015 3860 1114 3930 τῆς
1152 3860 1359 3929 τροφῆς
1396 3858 1578 3929 μέρος,
1605 3860 1778 3911 ἐκεῖνο
1809 3857 1894 3925 γί-

317 3970 485 4017 νεται,
526 3953 558 4005 ὃ
604 3952 666 4005 τὸ
709 3952 1066 4021 ὑποκείμενον
1101 3950 1241 4003 κατά
1279 3950 1440 4017 φύσιν
1473 3951 1620 4003 ἐστὶν
1659 3949 1757 4019 (τὸ
1787 3948 1894 4018 γὰρ

319 4043 653 4113 ἐπικρατοῦν
683 4043 953 4113 εὐκαίρως
994 4042 1091 4113 τὴν
1122 4040 1431 4112 λεπτότητα
1463 4042 1562 4111 τῆς
1594 4041 1895 4103 ἀναδόσεως

318 4135 492 4205 ἑαυτῷ
524 4133 950 4205 προσῳκείωσε)
974 4149 989 4164 ·
1024 4132 1116 4184 τὸν
1154 4130 1317 4185 αὑτὸν
1346 4132 1545 4202 τρόπον
1567 4130 1893 4200 ἀνεπαίσθη-

318 4243 409 4289 τος
442 4226 659 4294 γίνεται
709 4223 797 4276 διά
838 4222 945 4276 τῶν
984 4223 1207 4293 ἀμερῶν
1255 4223 1478 4275 ἐκείνων
1523 4222 1700 4291 ὄγκων
1744 4224 1777 4293 ή
1810 4222 1896 4276 ἀεὶ

317 4316 578 4385 γινομένη
599 4316 665 4384 τῇ
688 4316 758 4385 γῇ
783 4312 1088 4384 προσθήκη.
1116 4313 1260 4365 Διότι
1275 4315 1438 4365 παντὶ
1463 4313 1537 4383 τῷ
1554 4313 1895 4382 ὑποκειμένῳ

1983 512 2153 567 supra
2186 497 2426 551 diximus
2460 495 2643 562 modo,
2684 498 2736 548 in
2771 497 2893 563 igne
2909 496 3071 565 positi
3096 498 3412 566 qualitatem
3441 499 3542 551 liu-

1981 585 2182 637 midam
2205 586 2255 638 in
2274 585 2476 639 siccam
2493 593 2833 646 convertunt,
2850 600 3074 640 necesse
3088 595 3191 649 est,
3209 587 3543 657 ntquidquid

1980 675 2112 729 illud
2152 675 2336 737 fuerit,
2360 678 2503 746 quod
2534 693 2598 732 ex
2630 678 2736 732 illis
2763 678 3041 730 redactum
3072 679 3254 732 animo
3293 694 3537 748 compre-

1981 764 2351 827 benderimus,
2373 782 2565 836 purum
2598 773 2651 821 et
2672 780 2887 820 aereum
2906 765 3130 833 aliquid,
3160 766 3301 835 quod
3330 767 3544 821 subtili-

1984 864 2094 911 tate
2131 871 2229 910 sua
2265 858 2629 926 cognitionem
2660 858 2895 927 effugiat,
2926 859 3244 927 cogitemus.
3278 857 3373 913 Sin
3401 860 3548 929 quis-

1982 948 2125 1017 piam
2166 952 2350 1005 sensui
2382 951 2554 1017 magis
2583 964 2743 1019 quam
2776 948 2971 1003 rationi
3003 950 3331 1004 credendum
3370 958 3543 1021 putat,

1984 1039 2290 1109 qumritque
2323 1040 2501 1095 oculis
2529 1040 2805 1094 individua
2843 1055 2908 1093 ac
2935 1055 3076 1095 cazca
3100 1041 3189 1094 illa
3223 1043 3546 1110 corpuscula

1984 1131 2251 1194 contueri,
2290 1132 2337 1186 is
2372 1131 2569 1200 peterit
2610 1145 2786 1185 aerem
2821 1132 3022 1186 talibus
3054 1133 3334 1201 particulis
3374 1131 3544 1187 refer-

1983 1229 2098 1274 tum
2126 1223 2395 1292 aspicere,
2430 1225 2649 1291 quando
2670 1223 2807 1279 radii
2836 1223 2968 1278 solis
3000 1239 3095 1291 per
3128 1223 3421 1279 fenestram
3452 1240 3548 1279 ex-

1988 1313 2151 1382 cepti,
2215 1329 2334 1368 eam
2388 1315 2529 1369 aeris
2582 1322 2788 1384 partem
2848 1314 3131 1368 clariorem
3191 1315 3544 1381 reddiderint,

1984 1420 2106 1475 quae
2142 1407 2430 1475 splendore
2480 1405 2643 1461 fuerit
2687 1406 2977 1462 illustrata.
3014 1406 3114 1462 Hic
3151 1408 3293 1462 enim
3335 1408 3545 1463 infinita

1984 1498 2441 1566 corpusculorum
2472 1498 2525 1551 in
2556 1512 2684 1553 aere
2708 1498 3047 1552 volitantium
3083 1498 3390 1561 multitudo,
3427 1515 3547 1569 quae

1984 1587 2040 1641 in
2074 1588 2282 1658 reliquo
2316 1590 2459 1644 aeris
2487 1591 2663 1659 spatio
2700 1590 2873 1645 oculis
2902 1590 3047 1643 cerni
3082 1606 3188 1643 non
3232 1599 3426 1658 potest,
3455 1604 3545 1643 ra-

1985 1677 2197 1733 diorum
2243 1679 2505 1735 beneficio
2542 1683 2882 1751 perspicitur.
2920 1683 2976 1736 Si
3013 1683 3137 1752 quis
3169 1682 3333 1750 igitur
3373 1684 3544 1736 aciem

1982 1772 2261 1826 oculorum
2317 1772 2628 1839 intenderit,
2658 1774 2979 1842 corpuscula
3028 1774 3113 1827 illa
3153 1773 3372 1828 subtilia
3407 1773 3547 1826 assi-

1984 1863 2090 1918 due
2130 1863 2421 1919 detluentia
2450 1864 2705 1919 deorsum
2747 1864 2876 1918 ferri
2917 1866 3230 1933 conspiciet.
3267 1864 3421 1931 Quod
3451 1879 3549 1917 au-

1983 1961 2089 2009 tem
2122 1955 2175 2008 in
2208 1969 2310 2009 una
2338 1964 2489 2026 parte
2524 1955 2667 2009 aeris
2691 1955 3016 2017 ostenditur,
3045 1956 3247 2010 indicio
3267 1966 3371 2019 est,
3403 1956 3547 2009 idem

1983 2046 2037 2099 in
2071 2046 2327 2100 universo
2373 2047 2575 2100 mundo
2615 2046 2751 2109 fieri,
2791 2046 3056 2115 siquidem
3101 2048 3242 2100 inter
3277 2062 3335 2102 se
3373 2048 3551 2100 conti-

1983 2153 2125 2192 nuns
2155 2145 2259 2198 est.
2299 2148 2352 2192 et
2392 2154 2459 2193 ex
2510 2139 2757 2209 partibus
2795 2146 3135 2209 compactus.
3166 2139 3337 2194 Porro
3384 2141 3429 2195 si
3470 2149 3551 2195 te-

1983 2228 2112 2282 nuia
2144 2228 2258 2283 haec
2290 2230 2677 2300 individuaque
2710 2231 3055 2300 corpuscula,
3090 2246 3211 2301 qua:
3235 2231 3287 2286 in
3321 2246 3446 2286 aere
3465 2232 3543 2300 ja-

1983 2330 2221 2385 ctantur,
2251 2322 2304 2375 in
2341 2329 2541 2376 terram
2582 2320 2867 2376 defluunt:
2909 2330 3226 2392 certumque
3266 2331 3350 2377 est
3385 2324 3553 2378 aethe-

1983 2412 2121 2464 riam
2176 2413 2410 2481 speciem
2462 2428 2572 2466 non
2623 2413 2859 2482 discerpi
2911 2413 2967 2466 in
3013 2429 3074 2467 ea
3122 2427 3223 2469 nec
3271 2413 3550 2484 dissipari,

1984 2504 2203 2573 quando
2258 2502 2687 2560 confractionem
2732 2514 2893 2575 atque
2932 2504 3248 2560 effusionem
3282 2505 3550 2575 ejusmodi

1985 2609 2092 2647 non
2119 2596 2322 2663 patitur
2347 2596 2487 2666 ignis
2519 2604 2710 2649 natura
2736 2614 2748 2649 :
2790 2610 3014 2651 necesse
3039 2604 3119 2651 est
3156 2604 3213 2650 ut
3241 2598 3551 2662 credamus,

1985 2686 2267 2740 materiam
2306 2702 2429 2741 esse
2462 2687 2678 2741 illorum
2712 2702 2994 2757 vaporum,
3029 2703 3260 2757 quorum
3290 2689 3552 2761 digestio-

1984 2791 2108 2830 nem
2143 2784 2268 2831 ante
2300 2777 2767 2831 consideravimus
2794 2796 2807 2831 :
2844 2778 2936 2847 qui
2969 2793 3093 2831 cum
3124 2778 3331 2832 humidi
3363 2779 3494 2844 sint,
3521 2794 3553 2832 a

1985 2864 2160 2917 calida
2200 2866 2551 2919 attrahuntur
2593 2875 2811 2930 natura,
2851 2868 3141 2937 exustique
3167 2882 3232 2922 ac
3260 2877 3553 2925 terrestres

1987 2954 2187 3017 effecti,
2212 2971 2318 3010 non
2348 2958 2580 3024 amplius
2603 2957 2657 3010 in
2678 2972 2802 3013 aere
2822 2959 3190 3023 continentur,
3214 2958 3306 3014 sed
3332 2976 3552 3015 rursum

1991 3046 2047 3103 in
2078 3053 2281 3100 terram
2308 3057 2678 3102 revertuntur.
2702 3049 3164 3114 Quemadmodum
3192 3057 3370 3105 autem
3399 3052 3555 3105 cibus

1995 3136 2048 3189 in
2100 3137 2257 3190 nobis
2309 3153 2405 3206 per
2450 3138 2857 3193 concoctionem
2910 3138 2966 3192 in
3013 3146 3227 3194 tenuem
3263 3142 3553 3210 quamdam

1993 3230 2305 3298 qualitatem
2341 3230 2677 3293 immutatur,
2716 3239 2771 3286 et
2808 3233 3116 3302 cuicunque
3142 3234 3390 3304 corporis
3415 3237 3554 3304 parti

1993 3338 2090 3391 per
2120 3320 2477 3389 digestionem
2524 3323 2839 3385 accesserit,
2869 3338 2987 3377 eam
3019 3332 3200 3395 auget,
3237 3340 3467 3394 cumque
3500 3327 3555 3380 in

1992 3410 2242 3480 corporis
2272 3411 2663 3466 constitutione
2696 3413 2846 3465 varia
2881 3413 2954 3467 sit
2982 3414 3343 3468 membrorum
3372 3415 3424 3468 in
3457 3415 3559 3470 sic-

1993 3518 2059 3558 co
2089 3513 2142 3557 et
2170 3502 2417 3568 humido,
2452 3513 2505 3558 et
2532 3503 2710 3557 calido
2744 3513 2799 3558 et
2832 3502 3030 3573 frigido
3060 3505 3381 3571 differentia,
3421 3522 3556 3576 quo-

1992 3611 2207 3665 cunque
2263 3606 2562 3653 concoctus
2616 3600 2973 3667 digestusque
3029 3600 3364 3668 pervenerit,
3431 3601 3557 3655 talis

1992 3688 2192 3751 evadit,
2227 3689 2406 3759 qualis
2443 3697 2528 3744 est
2560 3703 2625 3743 ea
2667 3691 2915 3759 corporis
2942 3704 3067 3758 pars
3101 3706 3130 3743 a
3178 3707 3282 3759 qua
3326 3694 3558 3762 suscipi-

1992 3787 2102 3843 tur,
2132 3796 2253 3850 quae
2288 3780 2507 3850 quidem
2548 3790 2850 3850 opportune
2889 3783 3206 3836 tenuitatem
3241 3784 3560 3853 digestionis

1994 3871 2426 3939 comprehendit,
2452 3885 2681 3940 eamque
2708 3871 2810 3924 sibi
2833 3872 3226 3934 accommodat,
3250 3882 3303 3925 et
3329 3873 3557 3927 similem

1994 3969 2058 4006 ac
2088 3952 2362 4024 propriam
2393 3957 2566 4011 reddit
2598 3975 2611 4010 :
2640 3957 2828 4011 eodem
2856 3967 3012 4026 pacto
3039 3960 3164 4015 licet
3199 3976 3305 4013 non
3354 3962 3558 4014 sentia-

1995 4054 2103 4108 tur,
2150 4048 2370 4102 assidua
2418 4056 2575 4103 terra!
2614 4049 2671 4102 fit
2727 4050 2970 4105 accessio
3018 4065 3112 4118 per
3150 4052 3425 4105 individua
3466 4053 3558 4107 illa

1995 4138 2341 4206 corpuscula.
2384 4138 2747 4203 Quamobrem
2789 4141 3049 4209 quiidquid
3090 4142 3285 4196 alicubi
3320 4145 3563 4200 cohaese-

1996 4229 2085 4292 rit,
2125 4236 2179 4283 et
2208 4229 2494 4292 coaluerit,
2531 4230 2677 4284 illius
2711 4231 2881 4299 partis
2921 4246 2949 4283 a
2977 4246 3083 4300 qua
3113 4240 3423 4302 susceptura
3452 4245 3558 4296 cst,

2000 4329 2250 4375 naturam
2284 4322 2452 4381 subit.
2486 4321 2652 4390 fitque
2680 4322 2834 4393 gleba
2863 4322 2916 4375 in
2951 4322 3129 4391 gleba,
3168 4338 3333 4377 arena
3362 4325 3416 4378 in
3440 4340 3560 4380 are-

319 4405 658 4477 συμφυέντα,
685 4405 821 4476 ὅπερ
847 4405 913 4457 ἂν
935 4404 1055 4458 κατ’
1081 4402 1319 4476 οὐσίανῇ
1351 4404 1409 4457 τὸ
1430 4404 1732 4474 δεχόμενον,
1761 4404 1888 4474 πρὸς

2000 4428 2089 4477 na,
2129 4413 2267 4481 lapis
2314 4413 2369 4466 in
2423 4413 2620 4482 lapide,
2656 4421 2711 4467 et
2748 4413 2804 4466 in
2857 4413 3113 4468 universo
3141 4412 3477 4482 universum,
3507 4427 3560 4470 et

321 4498 540 4568 ἐκείνην
568 4496 833 4568 ἠλλοιώθη
875 4497 975 4567 τὴν
1012 4497 1199 4566 φύσιν,
1240 4498 1335 4550 καὶ
1362 4497 1578 4565 ἐγένετο
1622 4497 1793 4567 βῶλος
1836 4499 1894 4549 ὲν

321 4589 503 4660 βώλῳ,
535 4590 632 4642 καὶ
660 4588 888 4659 ψάμμος
913 4588 971 4641 ὲν
987 4588 1218 4659 ψάμμῳ,
1246 4590 1339 4641 καὶ
1366 4588 1511 4651 λίθος
1534 4590 1590 4640 έν
1615 4588 1776 4658 λίθῳ,
1804 4589 1897 4640 καὶ

321 4682 379 4733 ὲν
405 4682 573 4734 παντὶ
594 4682 723 4743 πᾶν,
752 4680 943 4750 ὅτιπερ
965 4681 1032 4733 ἂν
1052 4680 1190 4750 τύχῃ
1220 4680 1328 4731 τῶν
1360 4680 1727 4750 στερροτέρων
1747 4680 1897 4745 δεξά-

322 4789 506 4841 μενον,
546 4770 683 4842 πρδς
708 4770 770 4823 τδ
818 4770 1150 4841 ἐπικρατοῦν
1183 4769 1465 4840 μετετέθη.
1498 4770 1560 4822 Εἰ
1593 4769 1648 4821 δὲ
1689 4769 1895 4821 δυσπα-

324 4865 587 4933 ράδεκτον
622 4861 791 4915 οἴεταί
833 4879 916 4925 τις
966 4861 1060 4915 τοῦ
1108 4860 1254 4913 λίθου
1302 4862 1400 4929 τὴν
1437 4860 1758 4914 ἀντιτυπίαν
1798 4860 1897 4929 τῆς

321 4956 580 5024 τοιαύτης
620 4955 955 5024 προσθήκης,
996 4951 1098 5006 κᾶν
1124 4955 1152 5005 ό
1179 4952 1334 5021 λόγος
1357 4951 1418 5004 τὸ
1442 4951 1730 5005 ἀκόλουθον
1760 4949 1858 5022 ἔχῃ
1880 4990 1895 5010 ,

322 5048 473 5115 ὅμως
505 5046 615 5114 ἐγὼ
641 5046 778 5117 πρὸς
807 5046 932 5107 τοὺς
956 5044 1131 5098 ταῦτα
1164 5044 1492 5115 φρονοῦντας
1517 5083 1533 5107 ,
1558 5043 1710 5097 οὐδὲν
1746 5039 1897 5112 οἶμαι

322 5142 433 5194 δεῖν
459 5140 877 5212 ἀντιμάχεσθαι.
903 5140 1067 5194 Οὐδὲν
1089 5139 1197 5212 γὰρ
1225 5140 1334 5206 ἕξει
1358 5141 1420 5193 τὸ
1440 5138 1586 5200 εἰκὸς
1612 5141 1646 5210 ή
1676 5138 1896 5209 θεωρία,

322 5235 412 5287 διὰ
443 5234 775 5303 πνευμάτων
804 5232 913 5285 ἀπὸ
953 5231 1047 5284 τοῦ
1074 5232 1147 5301 μὴ
1181 5231 1599 5302 περιδεχομένου
1619 5269 1634 5292 ,
1668 5230 1803 5301 πρὸς
1841 5229 1900 5281 τὸ

326 5341 389 5376 συ
398 5323 707 5393 μφυόμενον
735 5322 833 5390 τῆς
852 5322 1060 5375 ἀνωθεν
1080 5320 1174 5374 τοῦ
1194 5320 1428 5389 γεώδους
1448 5318 1706 5390 ἐπιρροῆς
1733 5336 1900 5388 μετα-

326 5413 653 5483 πιπτούσης.
672 5413 811 5466 Ἀλλ’
832 5415 947 5483 ἐρεῖ
962 5430 1043 5476 τις
1060 5412 1188 5476 ἴσως
1205 5412 1278 5482 μὴ
1297 5412 1430 5481 πρὸς
1447 5412 1537 5464 τὸν
1557 5410 1683 5462 ἴδιον
1701 5410 1901 5463 σκοπὸν

328 5507 494 5577 βλέπε
504 5524 548 5557 ιν
566 5506 657 5559 eo"
673 5506 829 5574 λόγον
855 5505 1032 5576 ήμῶν,
1048 5504 1185 5558 ἀλλά
1200 5504 1494 5576 προθέσθαι
1512 5502 1611 5572 μὲν
1627 5501 1901 5565 ἀποδεῖξαι

325 5600 427 5668 τὴν
446 5595 613 5668 ὑγρὰν
638 5596 798 5666 φύσιν
816 5598 906 5650 ἐπὶ
922 5596 1015 5649 τοῦ
1032 5595 1092 5659 ἐξ
1116 5597 1287 5668 ἀρχῆς
1309 5596 1503 5666 μέτρου
1520 5594 1679 5665 μέχρι
1706 5594 1902 5655 παντὸς

325 5688 712 5761 διαμένουσαν,
745 5689 927 5743 λαθεῖν
959 5689 1016 5742 δὲ
1049 5690 1112 5741 τὶι
1138 5689 1376 5744 ἐναντίον
1408 5686 1898 5750 κατασκευάζοντα.

530 5782 791 5844 Parnm.
843 5783 956 5842 Gn.
999 5783 1205 5845 XLIV.

540 5924 797 5981 Μιιὶοαηὰ
826 5932 843 5994 l‘
898 5938 979 5987 ςηίρ
1013 5932 1325 5996 ,ιεειιτειι
1378 5925 1473 5968 vol.

1501 5920 1579 5961 HL:
1614 5933 1691 5956 .ιο
1832 5906 1879 5953 HJ-
2014 5902 2081 5951 se:
2130 5910 2205 5949 “tu

1994 4504 2357 4574 quodcunque
2397 4503 2559 4559 fuerit
2597 4504 2853 4567 solidum,
2885 4504 3017 4558 illud
3041 4521 3068 4557 a
3104 4519 3214 4573 quo
3238 4507 3559 4576 suscipitur,

1994 4595 2048 4647 in
2087 4594 2326 4661 ejusdem
2358 4603 2608 4648 naturam
2640 4603 3027 4649 commutatur.
3062 4594 3217 4660 Quod
3262 4596 3309 4650 si
3352 4598 3475 4665 quis
3507 4598 3558 4649 iu

1994 4683 2171 4752 lapide
2201 4693 2424 4753 propter
2456 4684 2714 4738 duritiam
2744 4694 2894 4754 putet
2924 4701 3046 4740 esse
3071 4683 3305 4749 difﬁcile,
3344 4687 3469 4740 licet
3509 4688 3560 4741 id

1995 4778 2171 4845 ipsum
2218 4777 2360 4829 ratio
2404 4777 2750 4846 persuadeat,
2796 4792 2896 4847 ego
2936 4785 3116 4830 tamen
3162 4793 3287 4831 cum
3329 4778 3421 4832 illo
3452 4793 3561 4831 non

1996 4866 2305 4921 decertabo.
2342 4864 2706 4920 Nihilominus
2738 4867 2882 4919 enim
2905 4865 3242 4927 conficietur,
3271 4864 3414 4933 quod
3438 4879 3565 4932 pro-

1997 4956 2228 5026 positum
2256 4964 2359 5019 est,
2384 4971 2507 5009 cum
2530 4956 2805 5009 terrestris
2834 4956 3061 5009 materia
3085 4955 3339 5008 deorsum
3366 4952 3559 5019 fluens,

1997 5062 2027 5100 a
2058 5047 2303 5117 partibus
2332 5061 2450 5101 eam
2491 5062 2598 5099 non
2641 5045 3065 5115 suscipientibus
3099 5044 3167 5097 ad
3197 5044 3564 5113 suscipientes

1998 5156 2027 5193 a
2054 5140 2229 5194 ventis
2254 5138 2637 5193 transferatur.
2666 5138 2732 5190 At
2762 5136 2960 5206 aliquis
2982 5134 3125 5189 dicet
3160 5134 3415 5197 fortasse,
3447 5149 3564 5187 ora-

2000 5231 2197 5285 tionem
2223 5241 2464 5284 nostram
2494 5244 2602 5283 non
2636 5244 2701 5283 eo
2737 5228 2978 5291 tendere,
3003 5242 3112 5296 quo
3134 5226 3517 5297 proposuimus
3546 5243 3559 5279 :

1999 5323 2157 5377 nobis
2203 5323 2348 5376 enim
2398 5322 2567 5377 fuisse
2624 5321 2993 5391 propositum,
3054 5328 3113 5374 ut
3152 5318 3569 5375 ostenderemus

2001 5431 2195 5485 aquam
2228 5431 2443 5484 semper
2474 5416 2527 5467 in
2551 5428 2612 5468 ea
2638 5429 2915 5477 mensura,
2944 5430 3104 5484 quam
3125 5414 3282 5468 initio
3304 5412 3561 5475 obtinuit,

2003 5520 2357 5574 permanere;
2394 5502 2765 5573 imprudenter
2792 5512 2972 5559 autem
3005 5505 3134 5559 illuc
3159 5518 3281 5560 esse
3313 5518 3565 5573 progres-

2003 5610 2114 5657 sos,
2161 5606 2219 5648 ut
2242 5596 2574 5648 contrarium
2611 5594 3099 5652 confirmaremus:
3141 5596 3256 5651 sive
3299 5595 3443 5649 enim
3482 5595 3568 5646 di-

2005 5686 2137 5756 gesti
2168 5700 2394 5754 vaporcs
2435 5684 2488 5738 in
2532 5686 2653 5755 igne
2683 5686 3026 5753 consideant,
3065 5686 3182 5741 sive
3228 5692 3570 5742 revertantur

3234 5776 3270 5836 lt

2300 5903 2371 5950 ιιιὶ
2414 5914 2511 5947 υῗιί
2556 5924 2721 5949 ⁴”ν(”ιῐ»
