4046 6350
451 282 553 339 107

1664 290 1745 343 .S.
1789 286 2112 344 GllEGORlI
2141 286 2429 342 NYSSENI

3618 292 3725 350 108

450 402 515 460 in
547 414 786 460 terram:
826 413 1055 475 utraque
1100 422 1156 461 re
1193 407 1606 463 diminutionem
1637 424 1792 478 aquae
1830 409 2019 478 pariter

2133 406 2257 459 Εἴτε
2283 406 2391 477 γὰρ
2416 409 2472 459 ἐν
2502 406 2578 477 τῷ
2612 406 2745 477 πυρὶ
2772 406 2832 459 τὸ
2865 404 3248 476 ἀναδιδόμενον
3280 406 3451 476 μένοι,
3481 408 3589 460 εἶτε
3623 410 3719 465 καὶ

460 498 636 567 sequi,
666 512 839 566 eoque
868 499 987 566 ipso
1029 498 1241 567 copiam
1286 513 1551 568 aquarum
1598 499 1836 564 ostendi,
1884 498 2031 569 quod

460 589 684 644 omnino
741 604 954 659 semper
1000 591 1379 645 absumantur.
1429 589 1813 646 Necessarium
1864 590 2031 660 igitur

460 682 585 744 erit,
619 690 677 734 ut
707 696 888 735 rerum
913 689 1164 735 naturam
1206 683 1402 741 iterum
1444 682 1876 745 consideremus,
1920 696 2031 751 quo

460 769 763 840 disputatio
801 778 988 824 nostra
1020 771 1225 827 rectius
1268 786 1364 840 per
1394 771 1566 825 insani
1602 770 1670 825 ad
1709 772 1868 825 linem
1900 786 2029 840 pro-

462 862 696 930 positum
729 862 1083 931 perducatur.

466 1174 475 1179 -
531 1136 790 1204 Quaenam
825 1137 990 1206 igitur
1017 1144 1115 1190 est
1147 1151 1329 1190 rerum
1370 1136 1604 1189 natura?
1636 1132 1777 1191 Nihil
1818 1146 2028 1202 eorum,

378 1294 381 1295 ν
461 1244 583 1297 qua:
627 1234 929 1281 cernuntur
981 1222 1174 1280 or'dine
1227 1236 1424 1279 terram
1477 1227 1704 1290 ambire,
1748 1236 2028 1290 constans.

462 1321 698 1384 lirmnm,
739 1328 793 1373 et
839 1319 1179 1373 immutabile
1229 1318 1589 1373 constitutum
1636 1326 1721 1373 est
1769 1333 1798 1371 a
1846 1334 2029 1373 rerum

459 1411 925 1482 omnium-opiﬁce
974 1409 1125 1465 Deo:
1169 1411 1265 1465 sed
1300 1410 1483 1464 omnia
1519 1413 1660 1464 inter
1691 1425 1750 1465 se
1785 1410 2030 1464 vicissim

461 1513 884 1559 commutantur.
913 1504 1060 1558 Inest
1086 1503 1230 1558 enim
1262 1501 1507 1572 quaedam
1533 1503 1639 1564 vis,
1666 1502 1825 1571 cujus
1847 1517 2035 1572 perpe-

460 1604 555 1650 tuo
583 1594 823 1664 quodam
861 1594 920 1648 in
949 1592 1140 1647 orbem
1177 1601 1327 1645 motu
1374 1599 1575 1645 cuncta
1621 1591 1734 1645 haec
1771 1592 2031 1646 inferiora

461 1687 933 1754 circumaguntur,
975 1691 1029 1738 et
1060 1688 1462 1752 permutantur.
1496 1698 1822 1752 rursumque
1859 1683 1912 1736 in
1947 1698 2029 1737 se-

2141 498 2203 568 ξη
2212 498 2402 568 ρανθὲν
2421 498 2580 551 πάλιν
2595 500 2688 552 ἐπὶ
2703 499 2801 567 τὴν
2823 499 2925 568 γῆν
2951 499 3324 568 ἐπανέρχοιτο,
3343 500 3432 568 ἴση
3455 499 3576 553 καθ’
3591 500 3720 555 ἑκά-

2136 607 2294 662 τερον
2313 593 2346 661 ἠ
2386 589 2480 642 τοῦ
2504 590 2694 653 ὓδατος
2718 590 3015 653 ἐλάττωσις
3047 588 3200 643 ἔσται
3216 607 3229 620 °
3266 590 3362 643 καὶ
3385 591 3535 645 οὐδὲν
3555 587 3718 665 ἦττον

2137 680 2225 734 διὰ
2244 682 2343 751 τῆς
2363 680 2711 750 κατασκευῆς
2738 680 2940 751 ταύτης
2966 680 3240 749 ἀναγκαία
3259 680 3531 736 δείκνυται
3563 684 3596 753 ἡ
3623 682 3717 736 τοῦ

2137 773 2304 842 ὑγροῦ
2345 773 2651 843 περιουσία,
2694 773 2782 826 διὰ
2817 773 2878 825 τὸ
2912 772 3128 835 πάντως
3160 773 3332 825 εἰσαεὶ
3355 772 3714 828 δαπανᾶσθαι.

2138 863 2345 917 Οὐκοῦν
2367 865 2659 931 ἀναγκαῖον
2674 864 2739 917 ἂν
2759 863 2843 934 εἴη
2877 864 3012 935 πρὸς
3037 863 3128 918 τὲν
3154 863 3309 933 λόγον
3324 864 3531 928 τοῦτον,
3555 868 3716 922 πάλιν

2136 955 2235 1025 τὴν
2259 954 2420 1024 φύσιν
2439 955 2547 1007 τῶν
2571 955 2739 1009 ὄντων
2765 956 3203 1024 κατανοῆσαι,ὼς
3226 956 3290 1010 ἂν
3310 957 3377 1010 δι’
3391 958 3564 1028 αὐτῆς
3583 962 3717 1030 ἡμῖν

2138 1047 2420 1117 εὑοδωθείη
2449 1048 2584 1119 πρὸς
2616 1048 2706 1100 τὸν
2729 1048 3085 1120 προκείμενον
3116 1048 3315 1102 σκοπὸν
3344 1050 3403 1102 τὸ
3431 1049 3713 1122 θεώρημα.

2208 1138 2304 1201 Τίς
2352 1135 2442 1192 οὖν
2481 1141 2515 1209 ή
2551 1139 2745 1207 φύσις;
2803 1139 2967 1192 Οὐδὲν
3005 1139 3110 1192 τῶν
3166 1139 3520 1210 στοιχειωδῶς
3559 1143 3616 1195 ὲν
3644 1146 3711 1214 τῇ

2139 1227 2395 1280 συστάσει
2446 1227 2540 1281 τοῦ
2574 1228 2852 1298 περιγείου
2884 1229 3086 1299 κόσμου
3120 1228 3508 1300 θεωρουμένων
3555 1233 3716 1305 ἄτρε-

2138 1320 2271 1372 πτόν
2325 1336 2384 1373 τε
2445 1319 2536 1373 καὶ
2591 1319 2949 1372 ἀναλλοίωτον
3005 1321 3156 1392 παρά
3211 1320 3306 1374 τοῦ
3369 1323 3714 1394 Δημιουργοῦ

2137 1412 2244 1464 τῶν
2304 1413 2440 1465 ὅλων
2505 1412 2800 1482 πεποίηται
2831 1430 2844 1443 ’
2908 1411 3046 1466 ἀλλὰ
3115 1414 3293 1468 πάντα
3350 1415 3408 1468 ὲν
3467 1415 3716 1486 ἀλλήλοις

2137 1503 2281 1563 ἐστὶ,
2324 1502 2418 1555 καὶ
2477 1504 2544 1556 δι’
2583 1503 2825 1574 ἀλλήλων
2883 1504 3288 1574 διακρατείται,
3324 1506 3424 1577 τῆς
3476 1507 3717 1578 τρεπτῆς

2136 1594 2415 1665 δυνάμεως
2473 1595 2560 1650 διά
2617 1613 2763 1659 τινος
2826 1596 3114 1665 ἐγκυκλίου
3174 1600 3476 1669 περιφορᾶς
3536 1599 3713 1653 πάντα

2139 1689 2218 1750 εἰς
2283 1687 2488 1757 ἄλληλα
2541 1686 2612 1740 τὰ
2672 1687 2847 1759 γεώδη
2911 1688 3391 1758 μεταϐαλλούσης,
3462 1690 3551 1742 xa‘
3615 1690 3715 1743 ἀπ’

462 1776 697 1847 metipsa
724 1775 1082 1830 reducuntur.
1109 1772 1241 1838 Quae
1267 1772 1487 1842 quidem
1519 1772 1871 1827 commutatio
1900 1786 2019 1826 cum

2129 1778 2369 1850 ἀλλήλων
2422 1780 2500 1840 εἰς
2556 1779 2724 1845 ἑαυτά
2772 1779 2933 1833 πάλιν
2967 1778 3380 1850 ἐπαναγοὺσης·
3432 1781 3600 1852 αὐτῆς
3653 1781 3717 1835 δὲ

462 1870 578 1923 lieri
609 1881 887 1937 nunquam
920 1871 1121 1928 cesset,
1159 1880 1388 1919 necesse
1418 1875 1524 1927 est,
1564 1865 1618 1918 in
1647 1866 1751 1918 alia
1789 1863 2028 1919 vicissim

458 1958 642 2013 omnia
673 1957 929 2020 transire,
970 1966 1024 2011 ct
1062 1972 1159 2027 per
1197 1959 1387 2012 eadem
1424 1958 1622 2011 iterum
1674 1955 1897 2026 vestigia
1946 1970 2032 2010 re-

460 2065 661 2105 meare.
690 2048 834 2103 Nihil
872 2049 1017 2103 enim
1052 2050 1245 2104 borum
1281 2065 1311 2102 a
1351 2064 1409 2103 se
1441 2049 1560 2118 ipso
1586 2055 2028 2114 conservaretur,

459 2141 566 2196 nisi
593 2155 716 2195 cum
752 2141 923 2194 altero
955 2155 1153 2210 genere
1194 2140 1543 2194 commistum
1588 2146 1839 2193 naturam
1876 2153 2030 2192 suam

457 2233 751 2287 obtineret.
785 2229 1094 2297 Quomodo,
1132 2231 1370 2300 inquies,
1407 2231 1500 2284 illa
1539 2227 1907 2284 commutandi
1948 2230 2030 2284 vis

458 2340 555 2397 per
581 2331 819 2394 quatuor
869 2324 1140 2380 elementa
1181 2325 1236 2377 in
1276 2324 1464 2377 orbem
1500 2323 1803 2378 commeat?
1846 2320 2032 2392 Neque

455 2419 600 2497 enim
631 2418 884 2487 quaelibet
918 2432 981 2471 ex
1013 2416 1346 2485 quibuslibet
1376 2415 1619 2470 vicissim
1658 2415 1812 2480 ﬁunt,
1855 2430 2030 2484 neque

457 2508 906 2564 commutationis
939 2508 1181 2562 circulus
1210 2522 1308 2576 per
1345 2521 1434 2562 res
1475 2506 1719 2576 singulas
1749 2506 2032 2575 aequaliter

454 2609 728 2670 vagatur:
767 2601 860 2655 sed
909 2615 1050 2670 aqua
1090 2597 1311 2668 quidem
1353 2613 1450 2667 per
1485 2612 1714 2667 vapores
1752 2598 1807 2651 in
1847 2612 2028 2667 aerem

454 2693 787 2757 refunditur,
818 2705 1050 2757 vapores
1080 2698 1266 2745 autem
1314 2690 1514 2759 pabulo
1556 2688 1788 2744 ﬂamma:
1822 2689 2031 2744 submi-

453 2785 685 2840 nistrato
720 2793 1008 2838 terrestres
1057 2783 1216 2847 liunt,
1248 2783 1304 2835 in
1348 2781 1585 2835 cinerem
1618 2778 2030 2860 "quodammodo

455 2879 680 2940 redacti,
728 2885 1081 2944 posteaquam
1131 2890 1256 2931 cum
1309 2876 1435 2943 igne
1486 2874 1686 2928 versati
1728 2879 1876 2929 sunt.
1932 2872 2029 2927 His

458 2983 584 3022 vero
615 2966 885 3037 susceptis
915 2975 1057 3021 terra
1101 2965 1425 3019 mutationis
1462 2965 1516 3017 in
1557 2980 1616 3018 se
1642 2964 1905 3017 circulum
1950 2962 2023 3016 si-

451 3057 565 3111 stit.
594 3054 782 3127 Neque
807 3057 954 3111 enim
988 3071 1144 3125 aquae
1190 3065 1386 3109 natura
1414 3070 1607 3110 rursus
1641 3063 1819 3107 ortum
1860 3055 2022 3108 habet

450 3166 481 3203 e
513 3158 680 3205 terra.
717 3148 836 3215 Qua
877 3149 1096 3219 quidem
1136 3150 1350 3203 ratione
1397 3146 1729 3216 relinquitur
1770 3147 2051 3203 conside-.

454 3240 703 3305 randum,
734 3250 913 3295 utrum
945 3251 1089 3293 terra
1116 3241 1170 3293 in
1210 3254 1363 3309 aquae
1386 3246 1637 3292 naturam
1663 3238 1856 3291 mutari
1891 3254 2015 3307 pos-

452 3336 546 3389 sit.
584 3332 741 3398 Quod
770 3333 901 3387 dum
942 3333 1358 3400 investigamus,
1391 3346 1554 3386 nemo
1580 3332 1881 3385 orationem
1915 3347 2018 3384 no-

453 3434 623 3481 stram
658 3434 719 3479 ut
754 3425 1054 3494 longiorem
1106 3432 1347 3478 accuset.
1382 3422 1645 3478 Videmus
1673 3438 1733 3478 ea
1772 3437 1893 3492 quae
1922 3436 2020 3490 na-

454 3527 576 3572 tura
609 3525 736 3571 sunt
777 3517 946 3581 sicca,
994 3523 1190 3586 sponte
1223 3530 1322 3569 sua
1362 3515 1601 3569 naturali
1628 3514 1860 3584 quadam
1894 3526 2020 3583 pro-

450 3607 680 3675 prietate
716 3606 1016 3660 madeﬁeri.
1056 3604 1123 3660 Ut
1159 3606 1212 3659 in
1247 3606 1360 3660 sale
1408 3606 1535 3661 licet
1574 3607 1795 3669 intueri,
1824 3607 2019 3661 metal-

453 3704 543 3767 lis,
587 3713 642 3757 et
683 3706 736 3757 in
776 3703 844 3757 iis
882 3718 1003 3771 quae
1045 3716 1108 3756 ex
1152 3701 1381 3756 humore
1426 3701 1611 3771 aliquo
1642 3699 2018 3770 conglaciante

451 3794 785 3849 consistunt.
824 3791 1024 3847 Horum
1054 3807 1179 3846 cum
1213 3791 1433 3846 siccitas
1463 3791 1683 3861 propria
1711 3790 1804 3856 sit,
1835 3799 2017 3844 tamen

450 3884 497 3936 si
527 3883 746 3952 quidam
776 3898 843 3937 ex
872 3881 1009 3950 ipsis
1033 3880 1216 3951 liquor
1245 3879 1562 3942 descendat,
1609 3876 1828 3930 humida
1860 3875 2014 3941 liunt,

451 3973 864 4040 siccitatemque
907 3985 1061 4024 suam
1105 3969 1159 4022 in
1205 3968 1479 4022 humidam
1523 3967 1839 4038 qualitatem
1886 3981 2018 4021 con-

449 4072 687 4123 vertunt.
730 4062 875 4116 Talis
918 4063 1080 4117 etiam
1122 4061 1366 4116 cernitur
1408 4059 1584 4115 mellis
1619 4066 1835 4120 natura,
1870 4058 2015 4127 quod

446 4157 629 4210 calore
650 4154 1005 4217 exsiccatum,
1035 4168 1253 4207 rursum
1276 4166 1407 4207 casu
1436 4151 1621 4220 aliquo
1648 4150 1702 4203 in
1728 4150 2013 4204 humorem

445 4246 756 4301 resolvitur.
804 4242 909 4297 Sed
951 4243 1063 4296 haec
1100 4243 1425 4297 omittantur
1455 4261 1469 4296 :
1510 4249 1730 4313 praestat
1766 4242 1914 4298 enim
1947 4258 2012 4298 ex

2130 1870 2228 1940 τῆς
2312 1868 2652 1933 ἀλλοιώσεως
2731 1870 3027 1932 ἀπαύστως
3101 1873 3158 1925 ἐν
3240 1876 3351 1936 τοῖς
3432 1873 3715 1944 στοιχείοις

2131 1960 2553 2031 ἐνεργουμένης,
2618 1961 2830 2031 ἀνάγκη
2900 1962 3079 2016 πάντα
3145 1964 3226 2027 είς
3289 1963 3494 2035 ἄλληλα
3550 1981 3712 2036 μετα-

2131 2048 2368 2112 ϐαίνειν,
2421 2048 2748 2121 ἐξιστάμενά
2810 2068 2867 2103 τε
2923 2053 3017 2105 ἀπ’
3073 2052 3353 2124 ἀλλήλων,
3406 2053 3497 2106 καὶ
3548 2054 3716 2108 πάλιν

2131 2140 2274 2194 κατά
2314 2140 2375 2194 τὸ
2408 2136 2526 2195 ἴσον
2576 2141 2827 2211 ἀλλήλοις
2858 2143 3280 2214 ἐπεμϐαίνοντα.
3311 2146 3387 2198 Οὑ
3421 2146 3529 2217 γὰρ
3559 2148 3625 2201 ἀν
3653 2165 3709 2200 τι

2130 2232 2336 2285 τούτων
2364 2232 2664 2304 φυλαχθείη
2706 2235 2790 2302 ἐφ’
2825 2233 3042 2299 ἑαυτοῦ,
3075 2237 3124 2287 el
3168 2235 3300 2307 μὴή
3339 2238 3474 2308 πρὸς
3513 2238 3574 2290 τὸ
3600 2239 3711 2291 ἐτε-

2135 2324 2353 2395 ρογενὲς
2373 2323 2629 2394 ἐπιμιξία
2660 2324 2979 2395 διακρατοίη
3012 2326 3112 2396 τὴν
3144 2325 3325 2394 φύσιν.
3365 2327 3489 2391 Πῶς
3511 2323 3605 2381 οὖν
3632 2328 3715 2380 εῖ-

2133 2433 2224 2469 ποι
2252 2433 2336 2479 τις
2365 2414 2466 2479 ἂν,
2501 2414 2590 2467 διά
2628 2414 2736 2467 τῶν
2777 2414 3058 2487 τεσσάρων
3092 2416 3192 2486 τὴν
3222 2416 3625 2489 μεταὸλητικήν
3647 2434 3707 2470 τε

2132 2507 2227 2559 καὶ
2260 2506 2615 2576 ἀλλοιωτικὴν
2642 2506 2903 2576 δύναμιν,
2936 2508 3266 2578 περιοδεύειν
3297 2508 3706 2576 κυκλεύουσαν;

2133 2601 2207 2653 Οὐ
2232 2599 2338 2671 γὰρ
2367 2582 2559 2652 πάντα
2581 2599 2647 2651 δι’
2678 2598 2925 2669 ἀλλήλων
2964 2601 3211 2668 γίνεται,
3244 2601 3365 2654 οὐδὲ
3397 2601 3464 2654 δι’
3500 2601 3705 2671 ὁμαλοῦ

2131 2693 2160 2745 ὁ
2196 2692 2294 2761 τῆς
2349 2689 2686 2753 ἀλλοιώσεως
2734 2690 2932 2752 κύκλος
2957 2730 2972 2755 ,
3007 2691 3074 2744 δι’
3122 2693 3354 2745 ἑκάστου
3385 2692 3496 2746 τῶν
3534 2692 3705 2746 ὄντων

2132 2784 2466 2852 περιχωρεῖ,
2504 2781 2641 2834 ἀλλά
2672 2781 2733 2834 τὸ
2765 2781 2862 2852 μὲν
2900 2780 3042 2853 ὕδωρ
3090 2783 3227 2851 πρὸς
3281 2783 3376 2836 τὸν
3420 2785 3559 2855 ἀέρα
3603 2783 3693 2837 διὰ

2131 2870 2239 2924 τῶν
2290 2870 2483 2941 ἀτμῶν
2533 2871 2802 2941 ἀνεχέθη,
2849 2874 2897 2925 οἱ
2930 2872 2984 2926 δὲ
3024 2874 3186 2943 ἀτμοὶ
3215 2873 3314 2945 τὴν
3357 2875 3532 2944 φλόγα
3580 2875 3706 2947 θρέ-

2128 2961 2329 3032 ψαντες
2376 2962 2536 3015 πάλιν
2579 2962 2997 3034 ἀπεγεώθησαν.
3041 2961 3153 3019 οἷόν
3206 2983 3288 3030 τις
3336 2967 3531 3021 σποδιά
3562 2967 3701 3038 μετὰ

2122 3051 2183 3103 τὸ
2211 3050 2288 3120 τῷ
2327 3052 2458 3122 πυρὶ
2491 3050 2853 3121 καθομιλῆσαι
2882 3052 3165 3123 γενόμενοι
3193 3070 3205 3084 ·
3248 3056 3281 3126 ἡ
3311 3054 3369 3107 δὲ
3409 3055 3483 3124 γῆ
3533 3056 3704 3110 ταῦτα

2125 3140 2396 3211 δεξαμένη
2443 3140 2669 3211 ἔστησεν
2718 3142 2775 3193 ἐν
2845 3143 3012 3212 ἑαυτῇ
3072 3142 3161 3196 τὸν
3208 3142 3309 3213 τῆς
3366 3143 3704 3210 ἀλλοιώσεως

2121 3222 2339 3305 δρόμον.
2407 3232 2575 3288 Οὔπω
2629 3233 2741 3302 γὰρ
2798 3234 3124 3305 ἐξήτασται,
3184 3237 3230 3289 εἰ
3278 3238 3311 3307 ἡ
3357 3234 3453 3289 τοῦ
3510 3236 3702 3301 ὓδατος

2122 3326 2285 3395 φύσις
2328 3328 2392 3379 ὲκ
2432 3326 2534 3395 γῆς
2591 3324 2703 3396 ἔχει
2728 3326 2827 3397 τὴν
2874 3328 3108 3394 γένεσιν.
3160 3327 3368 3381 Οὐκοῦν
3413 3328 3588 3399 τούτῳ
3623 3329 3703 3400 τῷ

2123 3418 2400 3488 σκέμματι
2445 3417 2728 3482 λείπεται,
2764 3419 2814 3469 εί
2859 3417 3083 3471 δυνατόν
3145 3420 3264 3471 ἐστι
3294 3418 3393 3491 τὴν
3458 3423 3562 3491 γῆν
3620 3422 3699 3485 είς

2121 3508 2312 3571 ὓδατος
2373 3509 2707 3584 μεταστῆναι
2748 3510 2930 3579 φύσιν.
2977 3510 3201 3574 Πάντως
3242 3510 3298 3564 δὲ
3353 3512 3527 3576 οὐδεὶς
3567 3517 3700 3584 ἡμῖν

2121 3582 2437 3671 ἀδολεσχίαν
2468 3601 2844 3669 ὲπεγκαλέσει,
2880 3600 2946 3653 δι’
2977 3594 3051 3655 ὧν
3083 3600 3149 3656 ἂν
3196 3598 3265 3673 ἧν
3309 3602 3529 3656 δυνατὸν
3565 3582 3697 3657 ἀνα-

2120 3691 2342 3762 ζητοῦσι
2374 3692 2434 3745 τὸ
2485 3693 2542 3745 ἐν
2576 3694 2691 3755 τοῖς
2734 3692 3048 3763 εἰρημένοις
3091 3692 3403 3746 ἀκόλουθον.
3452 3694 3699 3765 Ὀρῶμεν

2117 3782 2295 3837 τοίνυν
2322 3782 2491 3837 πολλά
2516 3783 2624 3836 τῶν
2664 3781 2863 3854 ξηρῶν,
2892 3783 3212 3853 αὐτομάτως
3256 3782 3320 3836 ἔκ
3344 3801 3489 3849 τινος
3537 3803 3697 3855 φυσι-

2119 3874 2249 3945 κῆς·
2299 3874 2560 3945 ἰδιότητος
2613 3875 3017 3947 ὑγραινόμενα,
3083 3870 3194 3928 οἷον
3246 3877 3338 3929 ἐπὶ
3393 3877 3504 3930 τῶν
3551 3878 3696 3932 ἀλῶν

2118 3967 2264 4020 ἐστιν
2311 3966 2460 4030 ἰδεῖν,
2509 3966 2620 4019 τῶν
2669 3983 2727 4019 τε
2784 3965 3279 4037 μεταλλευομένων,
3333 3968 3425 4021 καὶ
3471 3969 3579 4023 τῶν
3630 3969 3694 4023 ἐκ

2115 4071 2260 4121 τινος
2292 4058 2462 4128 ὑγροῦ
2496 4056 2983 4128 καταφρυγομένου
3027 4059 3459 4128 συνισταμένων,
3490 4053 3565 4112 ὧν
3600 4058 3693 4131 ξη-

2121 4150 2281 4221 ρότης
2311 4148 2410 4219 μέν
2435 4150 2550 4202 ἐστι
2577 4149 2637 4227 τὸ
2658 4150 2869 4219 ἰδίωμα,
2896 4150 2945 4201 εί
2975 4148 3030 4202 δέ
3061 4166 3145 4212 τις
3177 4149 3356 4202 αὐτῶν
3383 4151 3534 4203 νοτία
3559 4152 3693 4205 καθ-

2120 4242 2306 4305 ίκοιτο,
2342 4240 2589 4312 ίκμαλέοι
2614 4240 2871 4308 γίνονται,
2911 4240 3005 4293 καὶ
3036 4239 3168 4311 πρὸς
3197 4240 3294 4310 τὴν
3331 4242 3504 4313 ὑγρὰν
3541 4244 3691 4295 ποιό-

444 4337 716 4406 principio
761 4337 946 4405 aliquo
986 4337 1300 4391 necessario
1342 4334 1733 4405 disputationis
1763 4335 2011 4389 ordinem

2123 4350 2254 4405 τητα
2321 4332 2382 4386 τὸ
2446 4334 2503 4387 ἐν
2570 4331 2718 4401 σφίσι
2771 4331 2932 4403 ξηρὸν
2995 4331 3436 4401 μεταϐάλλουσιν.
3505 4335 3691 4399 Οὕτως

442 4442 855 4497 persequamur.
909 4426 1408 4481 Animadvertimus
1455 4441 1563 4480 non
1597 4441 1705 4481 una
1748 4427 2010 4496 qualitate

441 4520 707 4574 elementa
740 4518 953 4587 singula
982 4519 1264 4579 constitui.
1296 4519 1437 4572 etab
1465 4517 1586 4572 aliis
1609 4518 1894 4574 elementis
1921 4533 2007 4573 εει

443 4611 645 4679 parari,
686 4610 779 4664 sed
812 4609 977 4664 variis
1020 4609 1374 4678 qualitatibus
1415 4609 1821 4679 comprehendi,
1869 4623 2006 4679 qua-

440 4719 561 4758 rum
586 4703 704 4756 alia:
733 4705 876 4756 inter
901 4716 961 4755 se
982 4709 1240 4770 pugnant,
1279 4700 1397 4754 aliae
1422 4701 1582 4756 simul
1616 4700 2003 4770 inspiciuntur,

439 4803 495 4848 et
524 4791 890 4863 pugnantibus
932 4793 1073 4845 inter
1123 4804 1182 4845 se
1225 4790 1432 4859 pariter
1471 4791 1748 4846 cohaerent
1773 4800 1826 4845 et
1871 4805 2008 4859 qua-

441 4886 621 4940 drant.
675 4882 744 4938 Ut
791 4884 846 4937 in
892 4892 1036 4938 terra
1079 4889 1133 4936 et
1172 4896 1312 4952 aqua
1353 4883 1572 4937 siccitas
1609 4890 1663 4937 et
1706 4881 2005 4936 humiditas

439 4975 695 5045 conjungi
723 4980 1029 5042 nequeunt;
1072 4973 1263 5027 horum
1296 4980 1479 5027 tamen
1506 4972 1723 5042 utrique
1750 4987 1815 5026 ex
1849 4985 2006 5041 aequo

439 5067 707 5138 frigiditas
755 5068 918 5127 inest,
964 5080 1070 5132 qua
1114 5072 1419 5134 pugnantes
1459 5062 1861 5133 quodammodo
1906 5062 2004 5118 de-

436 5160 771 5214 vinciuntur.
813 5158 968 5227 Aqua
1003 5157 1131 5211 item
1165 5166 1218 5210 et
1256 5170 1350 5210 aer
1377 5156 1641 5225 gravitate
1678 5154 2004 5224 levitateque

438 5256 795 5321 separantur,
831 5248 926 5303 sed
982 5249 1036 5301 in
1077 5247 1162 5302 his
1207 5262 1425 5316 quoque
1474 5245 1745 5316 frigidilas
1784 5244 2003 5314 utrique

435 5340 784 5402 conveniens,
812 5345 873 5392 ut
902 5338 1135 5392 medium
1176 5336 1447 5408 quoddam
1472 5337 1752 5391 vinculum
1787 5346 2003 5406 specta-

433 5442 541 5488 tur.
591 5431 868 5500 Discrepat
905 5445 997 5485 aer
1036 5432 1105 5484 ab
1137 5431 1259 5502 igne
1298 5446 1361 5485 ea
1390 5446 1511 5500 quae
1541 5441 1627 5485 est
1658 5431 1801 5485 inter
1848 5428 2003 5499 frigi-

435 5526 566 5581 dum
616 5508 672 5578 et
699 5521 935 5577 calidum
980 5519 1308 5587 diﬂ‘erentia,
1341 5521 1437 5577 sed
1485 5520 1707 5577 levitate
1757 5520 1901 5575 inter
1942 5535 2002 5575 se

432 5614 796 5672 conciliantur
823 5621 984 5682 atque
1012 5613 1364 5668 conveniunt.
1395 5610 1539 5683 Ignis
1560 5611 1796 5681 denique
1826 5625 1857 5663 a
1889 5619 2001 5666 ter-

430 5724 492 5765 ra
520 5707 735 5764 levitate
762 5703 1088 5776 sejungitur,
1133 5704 1231 5761 sed
1278 5704 1546 5762 siccitatis
1590 5703 1999 5762 necessitudine

2117 4424 2287 4492 ἔγνων
2319 4422 2414 4476 καὶ
2452 4422 2550 4492 τὴν
2581 4420 2675 4474 τοῦ
2709 4422 2922 4491 μέλιτος
2952 4421 3112 4490 φύσιν
3141 4422 3313 4493 ξηρὰν
3343 4424 3542 4494 τρόπον
3567 4426 3689 4480 τινὰ

2114 4515 2202 4568 διὰ
2233 4514 2334 4584 τῆς
2361 4514 2642 4584 όπτήσεως
2667 4512 2977 4584 γινομένην,
3010 4513 3105 4565 καὶ
3138 4512 3300 4566 πάλιν
3330 4514 3394 4566 ὲκ
3426 4517 3687 4586 περιστὰ-

2117 4606 2252 4669 σεὼς
2282 4622 2425 4668 τινος
2447 4606 2527 4669 είς
2554 4605 2615 4658 τὸ
2639 4605 2802 4675 ὑγρὸν
2831 4605 3184 4659 ἀναλύουσαν.
3218 4604 3377 4658 Ἀλλά
3407 4607 3689 4677 παρείσθω

2111 4699 2306 4753 ταῦτα·
2332 4700 2579 4770 κρεῖττον
2600 4697 2708 4771 γὰρ
2732 4697 2790 4764 ἐξ
2819 4696 2991 4769 ἀρχῆς
3016 4713 3159 4761 τινος
3186 4697 3491 4766 ἀναγκαίας
3505 4699 3685 4754 δοῦναι

2112 4793 2211 4863 τὴν
2247 4791 2565 4845 ἀκολουθίαν
2593 4790 2671 4860 τῷ
2703 4790 3037 4862 θεωρήματι.
3072 4793 3147 4845 Οὐ
3185 4790 3313 4861 μίαν
3346 4792 3686 4865 γινώσκομεν

2111 4885 2195 4953 ἐφ’
2255 4885 2485 4938 ἑκάστου
2533 4884 2639 4936 τῶν
2678 4884 2955 4954 στοιχείων
3005 4884 3285 4955 ποιότητα,
3337 4885 3401 4937 δι’
3447 4880 3514 4956 ἧς
3548 4902 3687 4956 συμ-

2113 4976 2413 5047 πληροῦται
2456 4976 2515 5029 τὸ
2556 4977 2929 5046 ὑποκείμενον,
2966 4977 3060 5029 καὶ
3092 4975 3186 5028 τοῦ
3222 4976 3683 5047 ἀπιποιχοῦντος

2112 5065 2532 5135 ἀποχωρίζεται,
2574 5064 2689 5117 ἀλλ’
2735 5066 2792 5118 ὲν
2825 5065 3100 5135 διαφόροις
3136 5065 3365 5118 ἕκαστον
3397 5066 3681 5137 καταλαμ-

2111 5155 2330 5209 ϐάνεται
2381 5156 2502 5219 ταῖς
2558 5156 2857 5225 ποιότησιν.
2914 5148 2990 5208 ὧν
3039 5156 3095 5208 αἱ
3161 5156 3258 5224 μὲν
3307 5157 3683 5227 ἀκοινωνήτως

2110 5245 2293 5317 ἔχουσι
2338 5248 2472 5316 πρὸς
2510 5246 2761 5316 ἀλλήλας,
2788 5247 2842 5298 αἱ
2870 5245 2925 5298 δὲ
2955 5245 3097 5298 κατὰ
3120 5245 3181 5298 τὸ
3203 5241 3319 5299 ἴσον
3354 5245 3681 5317 ὲνθεωροῦν-

2070 5352 2232 5405 ἰται,
2277 5339 2493 5402 οἰκείως
2543 5355 2601 5390 τε
2653 5339 2747 5392 καὶ
2804 5337 3090 5409 ἁρμοδίως.
3122 5335 3340 5407 ἔχουσαι
3389 5336 3525 5406 πρὸς
3580 5337 3680 5401 τὰς

2112 5431 2425 5501 μαχομένας
2466 5431 2722 5502 ἀλλήλαις
2772 5428 3061 5498 ποιότητας
3084 5444 3097 5458 ·
3135 5424 3247 5481 οἷον
3290 5427 3383 5480 ἐπὶ
3431 5426 3531 5497 τῆς
3576 5428 3680 5496 γῆς

2108 5524 2202 5575 καὶ
2246 5521 2343 5575 τοῦ
2383 5522 2589 5585 ὓδατος,
2640 5522 2884 5593 ἀμίκτως
2918 5520 3016 5590 μὲν
3050 5519 3231 5590 ἔχουσι
3277 5517 3413 5589 πρὸς
3443 5517 3679 5588 ἀλλήλας

2106 5617 2140 5684 ὴ
2191 5614 2420 5685 ξηρότης
2444 5631 2504 5667 τε
2551 5614 2647 5668 καὶ
2674 5613 2927 5683 ὑγρότης,
2961 5611 3154 5680 ἐπίσης
3183 5609 3240 5662 δὲ
3289 5607 3526 5680 ἑκατέρᾳ
3554 5608 3680 5662 τοὺ-

2103 5723 2212 5762 των
2247 5704 2492 5760 σύνεστιν
2546 5708 2580 5777 ἡ
2624 5705 2921 5777 ψυχρότης,
2971 5704 3163 5759 ἐνοῦσα
3197 5702 3394 5775 τρόπον
3441 5701 3564 5757 τινὰ
3605 5704 3674 5757 δι’
