4046 6350
403 309 512 369 109

1615 312 1678 366 IN
1723 310 2189 366 IIEXAEMERON
2233 310 2443 366 LIBER.

3547 305 3647 362 ΗΟ

404 425 602 492 ἑαυτῆς
649 426 718 476 τά
765 427 1067 496 μαχόμενα.
1107 429 1275 483 Πάλιν
1309 426 1601 500 χωρίζεται
1629 423 1690 478 τὸ
1729 423 1874 492 ὕδωρ
1913 423 1975 473 ἐκ

2078 422 2421 490 copulantur,
2455 429 2507 474 et
2541 420 2718 476 lmdus
2757 421 2967 473 ineunt.
3007 417 3137 482 Quae
3179 416 3225 470 si
3258 417 3510 472 volumus
3547 417 3646 472 de-

403 516 495 567 τοῦ
526 516 705 586 ἀέρος,
737 520 801 587 τῇ
834 519 926 571 τοῦ
960 520 1252 590 ἐμϐριθοῦς
1291 521 1426 592 πρὸς
1471 519 1532 571 τὸ
1576 515 1777 584 κοῦφον
1821 515 1977 564 ἐναν-

403 610 608 677 τιὸτητι
630 625 642 638 ·
678 610 814 662 ἀλλὰ
852 612 946 664 καὶ
979 613 1186 676 τούτοις
1216 612 1488 683 μεσιτεύει
1519 608 1661 663 κατὰ
1691 607 1750 659 τὸ
1781 603 1896 658 ἶσον
1921 604 1978 656 ἐν

403 701 466 766 τῇ
524 700 784 770 ἐκατέρου
833 702 992 768 φύσει
1043 703 1104 754 τὸ
1155 703 1320 774 ὑγρὸν
1373 700 1759 771 θεωρούμενον.
1809 695 1978 747 Πάλιν

401 788 668 842 διΐσταται
699 790 792 842 τοῦ
827 792 995 862 πυρὸς
1028 795 1056 846 ὁ
1087 792 1212 864 ἀὴρ,
1247 797 1312 864 τῇ
1364 793 1456 846 τοῦ
1498 789 1700 861 θερμοῦ
1736 787 1873 857 πρὸς
1916 784 2002 836 τὸ·

401 879 603 949 ψυχρὸν
636 882 782 952 μάχῃ
814 884 1222 954 ἐναντιούμενος
1241 903 1253 913 ·
1285 885 1420 939 ἀλλά
1459 885 1700 938 κοινωνεῖ
1732 883 1799 949 τῇ
1832 877 1974 932 κατὰ

399 974 460 1023 τὸ
492 972 690 1041 κοῦφον
727 977 992 1046 ποιότητι,
1041 978 1136 1030 καὶ
1181 979 1278 1046 τῆς
1310 979 1548 1047 φυσικῆς
1589 973 1766 1028 αὐτῶν
1807 975 1973 1024 ἐναν-

2080 514 2313 574 clarare,
2340 513 2419 566 sic
2443 513 2795 566 exordiantur
2813 528 2825 563 :
2844 510 3135 581 Frigiditas
3157 511 3376 581 quidem
3418 512 3472 565 in
3499 517 3647 564 terra

2078 602 2261 665 simul,
2302 613 2355 656 et
2400 617 2563 671 aqua,
2591 613 2646 655 et
2694 617 2819 656 aere
2852 602 3198 671 perspicitur,
3241 601 3430 669 majori
3468 607 3648 655 tamen

2077 710 2144 748 ex
2174 701 2326 762 parte
2351 694 2603 763 congruit
2632 708 2804 761 aquae,
2832 703 2883 746 et
2911 693 3031 760 ejus
3061 693 3112 746 in
3151 709 3210 748 se
3250 691 3648 760 quodammodo

2076 790 2332 836 naturam
2361 790 2672 844 conservat,
2713 782 3078 850 injuriamque
3108 797 3136 834 a
3175 781 3424 836 siccitate
3455 796 3651 850 prove-
3689 778 3692 781 ’

2077 875 2314 928 nieuIem
2341 874 2612 943 propellit,
2652 889 2716 927 ea
2746 875 3102 944 repugnantia
3128 888 3287 944 quam
3329 872 3493 928 habet
3520 886 3648 926 cum

2078 965 2274 1020 calido.

398 1061 640 1131 ’πιότητος
659 1061 770 1117 οἷόν
792 1084 874 1130 τις
919 1067 1294 1139 καταλλάκτης
1319 1070 1351 1138 ἡ
1375 1067 1626 1121 κοινωνία
1651 1067 1750 1134 τῆς
1778 1062 2059 1130 ποιότητος
2085 1051 2478 1155 γίνεται.¹Εἷτα
2504 1056 2565 1108 τὸ
2595 1055 2706 1155 ⁸Ξττῦρ
2873 1057 2969 1126 τῆς
3252 1053 3412 1155 βάρει
3439 1053 3649 1155 καὶ..τῷ

399 1152 582 1222 κούφῳ
602 1154 950 1226 κεχώρισται,
986 1157 1098 1209 ἀλλ’
1124 1161 1156 1228 ὴ
1179 1157 1410 1229 ξηρότης
1436 1156 1759 1226 ἀμφοτέρων
1790 1153 1904 1205 ἐστὶ
1933 1149 2106 1221 κοινὴ,
2136 1147 2231 1200 καὶ
2257 1146 2344 1199 διὰ
2372 1146 2576 1214 ταύτης
2595 1146 2857 1200 ἔνσπονδά
2881 1164 2997 1209 πως
3023 1146 3268 1216 ἀλλήλοις
3297 1146 3364 1198 τὰ
3384 1145 3647 1198 διεστῶτα

397 1245 621 1313 γίνεται.
658 1246 722 1296 Τί
766 1247 824 1298 δὲ
866 1247 1182 1318 βουλόμενος
1212 1247 1456 1300 ἐντεῦθεν
1486 1248 1584 1317 τῆς
1617 1245 1914 1311 ἐξετάσεως
1948 1241 2215 1310 ἄρχομαι;
2249 1237 2330 1288 ὅτι
2361 1239 2394 1305 ἡ
2428 1236 2700 1308 ψυχρότης
2737 1237 2936 1304 ὁμοίως
2986 1236 3083 1306 μὲν
3119 1236 3462 1306 ὲνθεωρεῖται
3494 1238 3558 1306 τῇ
3587 1253 3646 1288 τε

395 1343 466 1409 γῇ
500 1343 594 1394 καὶ
637 1341 715 1411 τῷ
791 1341 944 1395 ὕδατι
985 1345 1078 1395 καὶ
1103 1343 1180 1413 τῷ
1234 1344 1377 1413 ἀέρι,
1414 1343 1616 1395 πλείονι
1659 1340 1714 1394 δὲ
1771 1339 1934 1409 μοίρᾳ
1985 1335 2062 1404 τῷ
2112 1331 2263 1401 ὑγρῷ
2288 1333 2724 1402 προσῳκείωται,
2757 1331 3093 1401 συντηροῦσά
3119 1349 3238 1393 πως
3264 1331 3320 1382 ὲν
3346 1331 3513 1401 ἑαυτῇ
3545 1330 3647 1400 τὴν

393 1433 489 1485 τοῦ
532 1434 719 1496 ὕδατος
749 1435 924 1502 φύσιν,
957 1434 1044 1487 διὰ
1076 1439 1175 1504 τῆς
1210 1436 1344 1505 πρὸς
1373 1435 1434 1487 τὸ
1467 1433 1664 1504 θερμὸν
1711 1428 2080 1489 ἀντιπαθείας,
2105 1426 2204 1496 τὴν
2248 1426 2311 1476 ἐκ
2356 1423 2448 1476 τοῦ
2483 1423 2644 1494 ξηροῦ
2684 1423 2885 1494 βλάϐην
2918 1424 3360 1493 ἀπαμϐλύνουσα.

478 1528 565 1590 Ὠς
612 1528 790 1580 τοίνυν
842 1528 921 1597 τῷ
971 1529 1157 1599 θερμῷ
1216 1529 1446 1601 ξηρότης
1495 1527 1816 1597 ἐμπέφυκε,
1877 1524 1971 1577 καὶ

395 1621 496 1671 οὑκ
554 1619 667 1672 ἐστι
727 1621 885 1690 μόνον
932 1624 987 1673 ἐν
1029 1622 1107 1691 τῷ
1164 1623 1336 1692 ἑτέρῳ
1384 1621 1443 1674 τὸ
1498 1621 1609 1690 πῦρ
1661 1619 1966 1688 δειχθῆναι·

395 1710 567 1772 οὕτως
625 1713 769 1774 εἰκός
821 1715 966 1766 ἐστιν
1017 1712 1252 1781 ἡνῶσθαι
1301 1713 1478 1779 λέγειν
1529 1711 1607 1781 τῷ
1668 1709 1818 1781 ὑγρῷ
1873 1708 1968 1776 τὴν
2005 1738 2045 1795 Β

393 1803 743 1872 ψυχρότητα,
798 1803 886 1855 διὰ
945 1803 1005 1855 τὺ
1052 1804 1162 1856 δεῖν
1217 1804 1464 1874 ἐκατέρῳ
1509 1805 1618 1856 τῶν
1680 1820 1738 1855 τε
1789 1804 1847 1854 ἐν
1893 1800 1971 1870 τῷ

397 1896 530 1966 πυρὶ
574 1895 965 1966 Θεωρουμένων
1005 1892 1142 1948 εἶναι
1181 1897 1273 1949 καὶ
1306 1899 1363 1950 ἐν
1394 1896 1470 1965 τῷ
1499 1897 1649 1949 ὕδατι
1690 1895 1788 1965 τὴν
1829 1896 1975 1947 ἀντι-

400 1985 716 2054 στοιχοῦσαν
765 1985 1044 2057 ποιότητα,
1080 1985 1220 2038 ῶστε
1275 1986 1540 2056 μάχεσθαι
1574 1985 1650 2056 τῷ
1695 1986 1792 2055 μὲν
1825 1982 1976 2054 ξηρῷ

396 2077 496 2145 τὴν
526 2077 820 2147 ὑγρότητα,
870 2076 948 2146 τῷ
978 2077 1035 2129 δέ
1075 2076 1266 2147 ψυχρῷ
1297 2078 1396 2146 τὴν
1426 2076 1754 2147 θερμότητα.
1791 2078 1852 2128 Εἰ
1881 2072 1975 2128 οῦν

402 2167 599 2238 ἐπίσης
648 2167 724 2237 τῷ
774 2168 927 2238 ὑγρῷ
986 2167 1446 2238 συμπληρωτικὸν
1499 2168 1599 2236 τῆς
1646 2167 1738 2219 τοῦ
1787 2166 1975 2228 ὕδατος

399 2258 613 2328 φύσεως
647 2260 744 2312 καὶ
773 2259 833 2311 τὸ
879 2259 1082 2328 ψυχρὸν
1126 2259 1440 2328 ἀπεδείχθη,
1477 2258 1764 2311 ἀκόλουθον
1792 2258 1857 2311 ἂν
1890 2258 1975 2327 εἴη

397 2349 727 2417 λογίζεσθαι,
775 2351 857 2401 ὅτι
901 2351 1000 2419 τῆς
1048 2349 1260 2420 ψυχρᾶς
1311 2351 1613 2420 ποιότητος,
1650 2350 1744 2403 κειὶ
1791 2353 1857 2420 τῇ
1901 2354 1972 2421 γῇ

399 2442 642 2509 φυσικῶς
670 2442 992 2511 ἐγκειμένης
1030 2443 1276 2514 δυνάμει,
1313 2445 1403 2497 καὶ
1439 2444 1499 2497 τὸ
1544 2441 1686 2514 ὕδωρ
1713 2444 1772 2494 ἐν
1806 2446 1871 2514 τῇ
1903 2445 1972 2513 γῇ

399 2535 537 2596 ἐστι,
575 2533 668 2584 καὶ
716 2535 746 2602 ἡ
799 2533 871 2602 γῆ
922 2535 977 2586 ἐν
1028 2534 1106 2603 τῷ
1167 2535 1341 2588 ὕδατι.
1383 2536 1448 2587 Ἤ
1492 2533 1598 2606 γὰρ
1635 2536 1833 2602 φυσικὴ
1881 2535 1973 2587 τοῦ

398 2622 564 2693 ὑγροῦ
593 2623 725 2691 πρὸς
756 2622 817 2675 τὸ
845 2623 1048 2695 ψυχρὸν
1080 2625 1308 2692 συζυγία
1354 2626 1452 2677 οὑκ
1495 2627 1558 2694 ἐᾷ
1596 2624 1974 2694 διαζευχθῆναι

397 2716 492 2767 τοῦ
520 2715 706 2786 ἐτέρου
735 2715 795 2769 τὸ
822 2715 1006 2786 ’έτερον
1035 2717 1263 2770 καθόλου
1284 2735 1298 2747 ο
1335 2717 1469 2770 ἀλλὰ
1513 2717 1614 2771 κᾶν
1649 2734 1778 2770 ποτε
1806 2733 1975 2769 κατα-

402 2812 568 2882 μόνας
592 2813 674 2878 ἐφ’
699 2809 891 2864 ἐαυτοῦ
913 2810 1048 2881 τύχῃ
1074 2811 1276 2863 τούτων
1307 2811 1464 2864 ἐκάτε
1475 2827 1586 2881 ρον,
1616 2811 1715 2862 οὐκ
1736 2809 1975 2880 ἀκριϐῶς

402 2902 564 2973 μόνον
597 2903 766 2962 ἐστὶν,
807 2901 942 2955 ἀλλὰ
987 2904 1052 2971 τῇ
1099 2902 1324 2971 δυνάμει
1362 2901 1423 2954 τὸ
1468 2900 1872 2970 συναμφότερον
1917 2900 1974 2950 ἐν

399 2995 476 3064 τῷ
509 2995 589 3046 ἐνὶ
629 2994 947 3064 καθορᾶται.
985 2994 1194 3064 Ὥσπερ
1234 2993 1342 3064 γὰρ
1383 2992 1476 3046 τοῦ
1521 2991 1688 3062 ὑγροῦ
1722 2992 1857 3064 πρὸς
1883 2991 1974 3043 τὸν

2147 1517 2615 1585 Quemadmodum
2649 1517 2813 1585 igitur
2867 1515 3020 1570 adest
3053 1516 3230 1570 calido
3281 1515 3502 1571 siccitas
3545 1530 3646 1570 na-

2074 1612 2289 1673 turalis,
2319 1625 2419 1664 nec
2463 1609 2604 1680 ignis
2649 1609 2800 1662 solus
2837 1608 2891 1660 in
2919 1609 3026 1660 alio
3065 1616 3245 1677 potest
3273 1607 3529 1662 ostendi:
3566 1607 3648 1663 sic

2076 1701 2361 1758 dicendum
2410 1708 2515 1766 est,
2555 1714 2678 1753 cum
2726 1699 2947 1753 humido
2996 1698 3342 1767 frigiditatem
3385 1699 3643 1768 conjungi

2075 1810 2137 1848 ac
2165 1793 2448 1847 devinciri.
2482 1791 2638 1856 Quod
2687 1791 2734 1844 si
2764 1791 3046 1843 humidum
3097 1790 3258 1843 simul
3307 1801 3360 1844 et
3389 1789 3644 1860 frigidum

2074 1901 2229 1955 aqua:
2262 1891 2515 1938 naturam
2553 1883 2913 1942 constituunt,
2952 1881 3142 1948 frigida
3192 1889 3374 1934 autem
3409 1882 3647 1950 qualitas

2074 1986 2234 2032 terra:
2268 1974 2591 2029 naturaliter
2627 1974 2768 2027 inest
2800 1989 2814 2023 :
2854 1973 3124 2041 sequitur,
3179 1980 3238 2026 ut
3272 1980 3542 2042 potestate
3591 1982 3646 2028 et

2075 2084 2213 2139 aqua
2245 2069 2373 2122 insit
2396 2067 2450 2120 in
2474 2075 2641 2130 terra,
2664 2074 2718 2120 et
2749 2074 2890 2119 terra
2919 2065 2973 2118 in
2995 2079 3158 2135 aqua.
3187 2064 3468 2120 Naturalis
3495 2067 3644 2121 enim

2074 2160 2282 2214 humidi
2332 2174 2455 2213 cum
2504 2158 2700 2228 frigido
2757 2157 3032 2226 copulatio
3087 2173 3194 2210 non
3252 2159 3534 2228 permittit,
3586 2167 3648 2212 ut

2074 2268 2244 2306 unum
2295 2254 2362 2305 ab
2412 2251 2584 2304 altero
2623 2249 2838 2318 penitus
2884 2249 3252 2318 sejungatur:
3304 2250 3397 2305 sed
3431 2251 3647 2305 etiamsi

2075 2343 2354 2412 contingat
2399 2342 2736 2410 aliquando,
2763 2347 2821 2393 ut
2867 2341 3096 2393 alterum
3127 2342 3177 2394 in
3212 2343 3395 2412 seipso
3423 2359 3646 2414 separa-

2078 2434 2174 2487 tim
2205 2435 2496 2496 consistat,
2530 2433 2581 2486 id
2606 2449 2712 2485 non
2737 2432 2896 2501 plane
2914 2433 3088 2485 solum
3115 2442 3219 2500 est,
3253 2436 3346 2489 sed
3376 2445 3649 2505 potestate

2078 2535 2373 2596 utrumque
2421 2528 2473 2580 in
2524 2542 2634 2580 uno
2669 2527 3017 2595 perspicitur.
3055 2527 3189 2582 Nam
3233 2539 3291 2585 ut
3335 2533 3560 2587 humido
3592 2532 3650 2587 in

2075 2635 2254 2674 aerem
2293 2619 2511 2685 diﬂ‘uso,
2556 2617 2821 2688 frigidius
2865 2633 3126 2688 vaporum
3160 2625 3455 2690 particulas
3497 2623 3648 2680 inse-

2077 2711 2296 2780 quitur:
2333 2713 2414 2767 sic
2451 2728 2482 2766 e
2510 2717 2804 2779 contrario,
2855 2717 2908 2769 in
2953 2716 3163 2771 intimis
3208 2724 3366 2770 terrae
3403 2716 3650 2785 partibus

2077 2803 2275 2872 frigido
2319 2816 2715 2869 commorante,
2751 2809 3048 2864 humiditas
3089 2817 3378 2880 cognatam
3412 2809 3649 2880 qualita-

2076 2901 2183 2947 tem
2231 2910 2339 2950 non
2385 2897 2744 2967 derelinquit;
2792 2901 2887 2953 sed
2923 2899 3116 2970 frigida
3161 2902 3263 2963 vis,
3320 2917 3441 2970 quae
3489 2909 3650 2956 terrae

2077 2987 2402 3041 naturaliter
2440 2989 2602 3052 inest,
2629 2998 2888 3058 tanquam
2925 2992 3143 3060 aliquod
3175 2993 3411 3047 humidae
3441 3001 3650 3048 natura:

400 3086 538 3156 ἀέρα
565 3085 928 3156 διαχυθέντος,
953 3087 1044 3139 καὶ
1073 3089 1104 3155 ἡ
1134 3085 1292 3155 ψύξις
1317 3088 1427 3148 τοῖς
1448 3086 1556 3137 τῶν
1577 3085 1757 3156 ὑγρῶν
1785 3083 1972 3154 ἀτμῶν

2078 3094 2259 3134 semen
2305 3079 2553 3144 edicitur,
2603 3099 2924 3152 semperque
2971 3099 3033 3138 ex
3061 3099 3120 3138 se
3150 3085 3498 3152 conjunctam
3543 3087 3650 3140 sibi

405 3179 611 3249 μορίοις
658 3179 1126 3248 ἐπηκολούθησενο
1183 3179 1325 3231 οὕτω
1371 3178 1431 3231 τὸ
1464 3178 1697 3249 ἔμπαλιν
1740 3177 1840 3246 τῆς
1881 3175 1976 3245 ψυ-

399 3271 661 3343 χρότητος
697 3272 755 3323 ἐν
786 3270 864 3341 τῷ
896 3271 1048 3339 βάθει
1085 3271 1182 3341 τῆς
1221 3271 1322 3338 γῆς
1354 3270 1730 3340 διαιτωμένης,
1779 3269 1897 3321 οὑδὲ
1942 3270 1974 3338 ή

403 3363 635 3431 ὑγρότης
680 3362 778 3431 τῆς
813 3361 1044 3428 συζύγου
1081 3360 1363 3430 ποιότητος
1392 3360 1760 3443 ἀπολείπεηαι,
1795 3359 1908 3411 ἀλλ’
1940 3360 1974 3429 ὴ

400 3453 584 3523 ψυχρὰ
625 3452 853 3522 δύναμις
902 3451 1143 3521 φυσικῶς
1185 3452 1477 3522 ἐγκειμένη
1526 3455 1592 3522 τῇ
1645 3454 1738 3520 γῇ,
1781 3445 1890 3504 οἷόν
1923 3467 1976 3502 τι

405 3543 626 3614 σπέρμα
655 3543 755 3612 τῆς
789 3542 880 3595 τοῦ
920 3541 1085 3612 ὑγροῦ
1123 3542 1335 3610 φύσεως
1367 3542 1596 3610 γίνεται,
1625 3541 1712 3593 ἀεὶ
1743 3540 1808 3592 δι’
1849 3541 1976 3593 ἐαυ-

402 3635 500 3704 τῆς
526 3635 625 3704 τὴν
656 3634 1006 3705 συνημμένην
1035 3636 1200 3704 ἐαυτῇ
1227 3634 1484 3702 ποιότητα
1519 3633 1744 3702 φύουσα,
1794 3633 1893 3703 τῆς
1920 3632 1976 3685 δὲ

405 3727 755 3797 ἀλλοιωτικῆς
780 3727 1056 3796 ἐνεργείας
1080 3725 1178 3797 τὴν
1210 3727 1332 3795 γῆν,
1358 3726 1446 3780 διὰ
1463 3728 1560 3798 τῆς
1581 3726 1719 3794 ἄγαν
1743 3725 1975 3795 ψύξεως,

405 3820 486 3882 εἰς
531 3818 722 3880 ὓδατος
769 3819 982 3886 γένεσιν
1037 3819 1494 3889 μεταϐαλλούσης.
1551 3818 1767 3871 Τούτων
1811 3819 1866 3871 δὲ
1928 3819 1976 3870 εἰ

406 3912 506 3981 μὲν
545 3911 635 3965 τὸν
661 3911 817 3980 λόγον
845 3913 988 3982 ἡμᾶς
1025 3929 1110 3974 τις
1154 3910 1431 3980 ἀπαιτοίη,
1469 3909 1587 3972 πῶς
1635 3911 1849 3980 ἐνεργεῖ
1879 3911 1978 3977 τὴν

403 4002 498 4056 τοῦ
534 4003 758 4074 στερροῦ
790 4002 924 4071 πρὸς
964 4001 1025 4054 τὸ
1052 4001 1216 4071 ὑγρὸν
1270 4000 1571 4071 μεταϐολὴν
1618 4001 1652 4068 ὴ
1696 3999 1979 4062 ἀλλοίωσις

406 4094 622 4162 ἐπίσης,
653 4094 1097 4163 ἀμηχανήσομεν,
1125 4093 1200 4156 ῶς
1232 4093 1328 4145 καὶ
1368 4092 1460 4144 ἐπὶ
1499 4091 1607 4143 τῶν
1635 4090 1808 4144 ἄλλων
1837 4091 1976 4144 πάν-

405 4203 533 4239 των.
571 4185 696 4247 Πῶς
726 4183 835 4254 γὰρ
862 4184 1125 4253 διαχεῖται
1155 4183 1214 4236 τὸ
1252 4183 1393 4254 ὕδωρ
1432 4181 1566 4253 πρὸς
1594 4182 1685 4234 τὸν
1717 4181 1874 4253 ἀέρα,
1901 4180 1978 4252 τῷ

406 4275 593 4347 κούφῳ
615 4277 676 4328 τὸ
701 4276 1016 4345 κατωφερὲς
1057 4275 1419 4345 ἐποχούμενον
1439 4292 1451 4304 ·
1495 4274 1528 4344 ἢ
1565 4274 1682 4337 πῶς
1715 4273 1775 4326 τὸ
1813 4273 1979 4343 βάρος

406 4371 488 4431 εἰς
519 4370 718 4438 κοῦφον
753 4367 1106 4438 μετεποίησεν
1134 4370 1166 4439 ἡ
1198 4367 1511 4433 ἀλλοίωσις;
1545 4367 1727 4420 Ταῦτα
1758 4367 1841 4418 ὅτι
1877 4367 1975 4436 μὲν

2080 3173 2390 3241 qualitatem
2437 3174 2628 3243 gignit,
2680 3189 2802 3227 cum
2838 3175 2928 3228 illa
2977 3177 3058 3230 vis
3087 3177 3455 3230 commutandi
3482 3178 3648 3232 vehe-

2079 3265 2246 3318 menti
2279 3264 2573 3333 frigiditate
2613 3273 2813 3319 terram
2865 3267 2918 3320 in
2952 3283 3146 3338 aquam
3192 3278 3496 3324 convertat.
3538 3270 3650 3325 lla-

2078 3370 2198 3408 rum
2243 3371 2424 3409 rerum
2483 3357 2527 3410 si
2573 3358 2696 3425 quis
2728 3372 2757 3409 a
2805 3359 2962 3414 nobis
2999 3361 3265 3415 rationem
3318 3371 3371 3415 et
3420 3377 3647 3419 causam

2079 3447 2349 3515 exquirat,
2405 3459 2664 3518 rogetque
2710 3465 2831 3519 qua:
2871 3452 2953 3505 vis
3011 3468 3078 3507 ex
3125 3468 3280 3523 :rquo
3321 3455 3550 3508 solidum
3593 3458 3649 3510 in

2079 3541 2360 3595 hmnidum
2411 3551 2729 3597 convertat:
2761 3543 2902 3613 quod
2932 3545 3007 3597 illi
3038 3547 3487 3616 respondeamus,
3537 3564 3648 3602 non

2081 3631 2423 3699 habebimus,
2474 3641 2534 3686 ut
2569 3635 2623 3687 in
2673 3636 2899 3705 reliquis
2946 3637 3108 3691 etiam
3151 3639 3424 3703 omnibus,
3456 3653 3650 3708 nempe

2081 3723 2357 3793 quomodo
2388 3739 2525 3794 aqua
2558 3725 2611 3779 in
2649 3740 2827 3781 aerem
2850 3727 3204 3792 diffundatur,
3233 3737 3287 3784 et
3322 3729 3464 3799 quod
3486 3729 3650 3784 deor-

2080 3830 2200 3870 sum
2234 3815 2425 3880 tendit,
2454 3817 2689 3872 insideat
2725 3819 2850 3885 levi,
2883 3836 3156 3890 graveque
3186 3821 3242 3874 in
3278 3821 3394 3876 leve
3419 3836 3648 3876 conver-

2081 3916 2252 3961 tatur.
2287 3907 2411 3962 Haec
2445 3910 2588 3962 enim
2626 3909 2742 3964 ﬁeri
2774 3926 2933 3966 sensu
2967 3911 3088 3982 ipso
3127 3913 3478 3983 percipimus,
3513 3927 3650 3983 quo-

2081 3999 2241 4053 modo
2294 4007 2475 4055 autem
2525 4017 2553 4055 a
2591 4010 2785 4056 natura
2845 4003 2996 4068 liant,
3041 4007 3250 4060 ratione
3296 4005 3492 4061 docere
3537 4021 3646 4061 non

2078 4107 2393 4160 possumus.
2455 4092 2550 4148 Sin
2599 4095 2868 4165 quispiam
2914 4097 3304 4166 experimentis
3351 4099 3490 4153 hanc
3526 4100 3648 4169 opi-

2080 4183 2298 4238 nionem
2348 4186 2689 4253 comprobari
2734 4187 2939 4257 cupiat,
2981 4189 3035 4242 id
3068 4189 3304 4242 adducto
3361 4199 3646 4258 puteorum

2078 4275 2326 4344 exemplo
2361 4273 2515 4330 facile
2558 4279 2955 4346 praestabimus.
2997 4279 3183 4350 Neque
3232 4281 3402 4347 enim,
3461 4282 3506 4337 si
3536 4287 3648 4336 ter-

2079 4379 2192 4418 rain
2226 4367 2428 4420 siccam
2465 4366 2709 4433 et'l'odias,
2734 4370 2982 4439 protinus
3029 4385 3223 4440 aquam
3256 4370 3514 4439 oﬂendes,
3545 4373 3645 4428 sed

406 4461 647 4528 γίνεται,
709 4463 776 4531 τῇ
842 4461 1091 4529 αἰσθήσει
1144 4459 1668 4528 καταλαμϐάνομεν,
1721 4457 1866 4528 λόγῳ
1918 4457 1973 4509 δὲ

2078 4459 2311 4526 primum
2341 4467 2488 4513 tactu
2512 4462 2698 4516 nescio
2719 4463 2848 4530 quid
2882 4463 3208 4532 uliginosum
3235 4465 3468 4532 senties;
3497 4465 3646 4535 quod

408 4549 754 4618 παραστῆσαι
800 4549 867 4600 τά
901 4547 1036 4617 ἔργα
1072 4548 1170 4617 τῆς
1219 4547 1433 4615 φύσεως
1478 4546 1863 4617 ἀδυνατοῦμεν.
1911 4548 1973 4599 Εἰ

407 4642 464 4693 δέ
491 4658 574 4703 τις
597 4642 696 4710 τὴν
722 4643 912 4709 πεῖραν
937 4641 1016 4702 είς
1049 4639 1348 4711 μαρτυρίαν
1369 4640 1468 4708 τῆς
1493 4639 1746 4709 τοιαύτης
1778 4638 1978 4708 ὑπολή-

405 4732 551 4800 ψεως
597 4732 822 4799 δέχοιτο,
871 4731 1100 4799 ἐτοίμως
1137 4730 1512 4801 ἀποδείξομεν,
1563 4732 1846 4802 μάρτυρας
1880 4733 1974 4786 τοῦ

408 4823 564 4890 λόγου
594 4825 718 4885 τοὺς
752 4821 1102 4892 φρεωρύχους
1137 4823 1492 4892 παράγοντες.
1545 4825 1696 4876 Ἐπεί¹
1734 4824 1842 4894 γὰρ
1868 4825 1977 4878 τῶν

406 4915 464 4965 ἐν
491 4912 642 4981 βάθει
678 4910 1239 4980 καταλαμϐανομένων
1262 4911 1467 4964 ὑδάτων
1500 4912 1598 4981 τὴν
1622 4913 1848 4982 ἀνικμον
1872 4913 1977 4982 γῆν

405 5003 739 5076 διορύξωσιν,
772 5002 863 5054 ἐπὶ
902 5001 963 5054 τὸ
987 5003 1138 5055 κάτω
1174 5005 1454 5072 προϊόντες
1480 5005 1544 5073 τῇ
1585 5003 1835 5075 ἐργασίᾳ,
1877 5007 1977 5058 οὐκ

408 5095 567 5157 εὐθὺς
615 5094 1000 5163 ἐντυγχάνουσι
1050 5097 1116 5165 τῇ
1158 5095 1411 5148 συστάσει
1459 5095 1551 5147 τοῦ
1601 5094 1807 5159 ὓδατος,
1841 5096 1978 5149 ἀλλά

409 5188 622 5258 πρῶτον
652 5187 750 5256 μὲν
789 5189 854 5256 τῇ
891 5188 999 5257 ἀφῇ
1046 5189 1289 5256 μετέχειν
1319 5189 1464 5251 τινὸς
1497 5188 1719 5256 ἰκμάδος
1749 5190 1849 5258 τὴν
1875 5190 1977 5259 γῆν

408 5279 796 5348 ὲστοχάσαντο·
857 5274 976 5331 εἷτα
1025 5279 1162 5350 πρὸς
1211 5280 1272 5332 τὸ
1327 5281 1524 5350 μᾶλλον
1567 5280 1977 5350 κατεψυγμένον

406 5370 493 5423 διὰ
517 5370 611 5425 τοῦ
641 5370 836 5440 βάθους
857 5371 1224 5442 χωρήσαντες,
1245 5372 1656 5442 πηλωδεστέραν
1685 5371 1784 5441 τὴν
1807 5371 1976 5440 βῶλον

408 5459 915 5529 καταλαμϐάνουσι⁸
971 5461 1110 5530 μετά
1150 5461 1308 5514 τοῦτο
1336 5462 1472 5528 πρὸς
1502 5462 1563 5514 τὸ
1604 5461 1801 5530 μᾶλλον
1845 5477 1978 5514 κατ-

408 5549 706 5619 εψυγμένον
768 5550 1137 5621 βαθυνομένης
1187 5554 1284 5623 τῆς
1338 5553 1615 5624 ἐργασίας,
1676 5551 1834 5623 ἱδρώς
1893 5569 1978 5615 τις

409 5640 645 5710 ἀμυδρὸς
681 5641 1035 5709 ἀποφαίνεται
1055 5658 1072 5674 ο
1109 5638 1227 5696 εἶτα
1255 5643 1419 5713 πόρου
1455 5643 1597 5706 τινὸς
1622 5643 1978 5713 ἐντμηθέντος

411 5731 514 5795 ὑπὸ
539 5731 626 5786 τὸν
659 5730 905 5802 πυθμένα
937 5735 1028 5788 τοῦ
1059 5735 1206 5790 λίθου
1226 5749 1239 5764 ⁸
1280 5734 1406 5788 ἔνθα
1451 5733 1649 5805 μᾶλλον
1694 5733 1838 5797 εἰκός
1863 5735 1978 5786 ἐστι

2082 4550 2126 4602 si
2183 4549 2437 4605 fodiendo
2457 4553 2621 4607 altius
2639 4554 2718 4607 ire
2745 4570 2938 4625 pergas
2965 4554 3031 4608 ad
3069 4556 3185 4610 loca
3214 4556 3515 4627 frigidiora,
3537 4559 3646 4629 gle-

2079 4639 2198 4693 bam
2219 4642 2390 4710 magis
2418 4657 2695 4699 caenosam
2724 4645 2969 4701 invenies
2999 4665 3012 4700 :
3037 4654 3091 4701 at
3108 4648 3153 4702 si
3173 4649 3239 4701 ad
3273 4649 3445 4718 magis
3466 4651 3645 4705 adhuc

2077 4730 2270 4801 frigida
2292 4732 2410 4786 loca
2430 4733 2800 4802 descenderis,
2826 4738 3040 4792 turbida
3060 4742 3306 4808 quaedam
3331 4756 3468 4810 aqua
3487 4757 3649 4812 appa-

2077 4823 2217 4878 rebit
2239 4839 2253 4876 :
2279 4824 2364 4878 sin
2415 4834 2595 4879 autem
2631 4829 2734 4882 sub
2763 4829 2871 4881 imo
2897 4845 3123 4899 prorsus
3153 4832 3292 4895 solo,
3329 4847 3438 4900 quo
3462 4834 3645 4889 minus

2077 4914 2372 4969 verisimile
2416 4916 2487 4970 sit
2519 4918 2754 4971 calorem
2792 4920 2922 4974 solis
2954 4927 3262 4988 penetrare,
3281 4923 3510 4993 lapidem
3542 4927 3646 4978 ali-

2079 5022 2239 5074 quem
2272 5007 2559 5068 incideris,
2604 5009 2729 5063 licet
2767 5009 2940 5076 ipsius
2974 5012 3171 5080 lapidis
3209 5014 3451 5068 densitas
3495 5015 3646 5071 obsi-

2080 5103 2224 5149 stere
2253 5096 2524 5159 videatur,
2551 5107 2729 5152 tamen
2761 5115 2908 5154 venae
2930 5103 3176 5170 quaedam
3205 5105 3546 5172 aperiuntur,
3577 5122 3644 5161 ex

2080 5186 2279 5254 quibus
2309 5187 2550 5254 undique
2576 5187 2828 5243 defossus
2865 5201 3059 5260 puteus
3098 5192 3255 5262 aquis
3299 5193 3645 5251 alﬂuentibus

2081 5277 2400 5346 completur.
2434 5277 2588 5344 Quod
2633 5281 2796 5350 igitur
2824 5282 2879 5335 in
2914 5282 3034 5338 loco
3079 5300 3243 5338 manu
3281 5294 3446 5356 atque
3479 5302 3646 5358 opera

2081 5366 2228 5422 facto
2256 5378 2629 5440 excavatoque
2656 5374 2957 5444 contingit,
2992 5383 3052 5429 ut
3081 5375 3276 5432 humor
3305 5379 3547 5450 undique
3590 5382 3644 5435 in

2089 5469 2311 5530 puteum
2343 5461 2614 5530 conﬂuat,
2650 5465 2704 5519 id
2735 5465 2790 5519 in
2820 5469 2968 5522 omni
2999 5470 3118 5524 loco
3147 5486 3244 5541 par
3279 5480 3361 5526 est
3391 5473 3642 5528 evenire:

2080 5567 2202 5605 cum
2253 5567 2316 5605 ea
2363 5567 2503 5622 aqua
2532 5569 2651 5622 quae
2683 5571 2779 5624 per
2825 5567 3014 5614 tenues
3047 5561 3322 5630 colligitur
3366 5562 3646 5629 humores,

2082 5661 2178 5713 per
2203 5661 2369 5698 venas
2401 5647 2667 5714 quasdam
2701 5649 2766 5701 ad
2803 5650 3023 5706 latiores
3051 5660 3261 5708 meatus
3291 5653 3643 5723 perducatur,

2081 5747 2133 5791 et
2184 5736 2382 5792 humor
2433 5755 2491 5794 se
2547 5740 2869 5795 naturaliter
2915 5741 2969 5796 in
3024 5758 3190 5798 unum
3239 5752 3434 5814 cogat,
3484 5751 3647 5813 alqtze
