4046 6350
369 305 460 358 HI

1634 311 1689 366 Β.
1735 309 2063 366 GREGORII
2103 309 2397 368 NYSSENI

3528 313 3631 370 ΗΞ

366 428 674 478 conservet.
709 423 799 477 Sic
826 437 956 494 ergo
983 437 1124 494 aqua
1147 422 1454 490 coniicitur,
1478 424 1733 496 frigidum
1762 428 1950 482 made-

2059 428 2256 499 μηκέτι
2300 427 2398 499 τὴν
2444 427 2676 500 ἡλιακὴν
2723 427 3034 500 θερμότητα
3065 429 3375 484 διαδύεσθαι
3417 433 3484 504 τῇ
3529 449 3634 485 πυ-

370 513 531 580 iacit,
565 522 621 568 et
652 513 850 568 humor
887 529 952 569 ex
989 513 1286 585 frigiditate
1311 525 1481 572 totam
1515 535 1668 589 aqua:
1696 529 1947 574 naturam

371 605 697 674 perﬁciente.
719 607 1100 662 constituitur.
1141 609 1218 662 Ex
1251 623 1391 679 aqua
1420 625 1552 664 vero
1581 620 1774 666 coacta
1815 627 1952 666 con-

368 705 703 768 gregataque
725 697 988 753 ﬂuentum
1016 709 1333 770 generatum
1359 741 1374 764 ,
1418 717 1748 773 quacunque
1795 705 1954 758 detur

370 789 584 856 aditus,
625 799 830 846 terram
877 793 1088 862 aperit,
1139 801 1194 848 et
1247 794 1368 851 fons
1422 797 1750 866 appellatur.
1793 795 1950 863 Quod

370 892 555 940 autem
594 899 862 954 aquarum
904 894 1061 940 ortus
1099 893 1293 940 auctor
1321 897 1375 940 et
1404 901 1574 942 causa
1605 888 1678 943 sit
1706 889 1825 958 ipsa
1856 887 1951 942 fri-

372 973 612 1042 giditas,
647 973 781 1028 illud
823 974 1087 1029 indicium
1127 975 1230 1038 sit,
1268 977 1416 1045 quod
1458 977 1577 1032 loca
1617 979 1953 1047 septentrio-

373 1065 538 1120 nibus
589 1068 982 1139 pr0pinquiora
1041 1066 1432 1138 frigidioraque
1464 1070 1640 1139 magis
1673 1071 1952 1125 abundant

371 1172 642 1227 aquarum
671 1159 850 1228 copia.
891 1159 1094 1228 Aprica
1125 1159 1269 1215 enim
1303 1159 1550 1230 profecto
1577 1170 1632 1216 et
1658 1177 1828 1233 opaca
1858 1162 1964 1219 de--

373 1266 672 1321 pressaque
700 1261 887 1307 essent
913 1252 1199 1323 aequaliter
1225 1255 1382 1322 aquis
1426 1254 1632 1326 irrigua
1655 1295 1671 1319 ,
1711 1257 1758 1311 si
1801 1257 1954 1328 frigi-

373 1343 562 1399 ditatis
593 1344 843 1400 absentia
892 1345 1030 1400 nihil
1075 1360 1346 1416 aquarum
1401 1355 1584 1402 ortum
1638 1349 1949 1420 impediret.

375 1436 846 1499 Quemadmodum
892 1445 1074 1492 autem
1117 1453 1184 1493 ex
1231 1438 1485 1493 imbrium
1527 1441 1694 1510 guttis
1725 1443 1951 1497 collecta

379 1542 520 1596 aqua
550 1533 823 1584 torrentes
857 1537 1184 1595 nascuntur,
1227 1530 1353 1585 licet
1388 1540 1570 1600 guttas
1601 1533 1747 1602 ipsas
1790 1549 1951 1603 sepa-

375 1619 539 1672 ratim
570 1619 844 1689 aspiciens
865 1661 880 1684 ,
911 1621 1158 1691 singulas
1190 1637 1285 1692 per
1318 1639 1377 1678 se
1406 1625 1662 1694 pusillum
1693 1626 1951 1697 quiddam

377 1720 434 1764 et
464 1726 562 1782 pro
591 1711 767 1766 nihilo
797 1712 1110 1766 habendum
1140 1714 1424 1770 existimes
1453 1731 1468 1768 :
1501 1718 1581 1772 sic
1609 1732 1676 1772 ex
1707 1718 1954 1776 humoris

378 1803 581 1858 sensim
599 1812 787 1858 eterra
821 1806 1097 1861 manantis
1113 1807 1266 1875 copia
1291 1808 1477 1864 multis
1495 1809 1715 1866 ﬂuentis
1746 1813 1952 1869 coactis

375 1895 629 1949 oriuntur
655 1894 878 1950 ﬂumina
907 1915 920 1951 :
952 1912 1184 1967 quorum
1229 1898 1274 1954 si
1323 1901 1448 1970 quis
1489 1903 1950 1974 magnitudinem,

379 2002 760 2057 perennesque
795 2002 996 2045 cursus
1029 1990 1383 2055 consideret,
1430 1993 1702 2050 undenam
1750 2010 1949 2067 suppe-

375 2075 537 2130 ditari
580 2083 788 2130 tantam
829 2092 1095 2148 aquarum
1135 2080 1528 2136 abundantiam
1575 2084 1957 2142 existimabit?

377 2165 516 2222 Num
549 2168 762 2239 aliquos
792 2169 898 2223 sibi
927 2169 982 2224 in
1010 2180 1171 2225 terrae
1205 2171 1418 2228 sinibus
1458 2173 1614 2229 lacus
1644 2175 1957 2247 couﬂnget?

376 2258 611 2326 Quinam
631 2298 647 2324 ,
673 2260 935 2327 obsecro,
965 2263 1103 2316 tanti
1137 2263 1289 2319 lacus
1316 2278 1439 2320 esse
1462 2275 1694 2334 queant,
1722 2270 1816 2339 qui
1847 2270 1953 2327 nisi

377 2365 518 2405 nova
550 2351 771 2407 assidue
804 2352 1070 2406 accedant
1107 2353 1313 2407 auxilia
1336 2395 1351 2419 ,
1386 2371 1496 2411 non
1524 2357 1673 2413 brevi
1708 2366 1955 2430 tempore

376 2441 817 2496 exhauriantur?
847 2442 917 2495 At
963 2443 1122 2506 alios,
1170 2442 1384 2514 inquis,
1437 2446 1590 2502 lacus
1619 2451 1956 2520 excogitabi-

377 2549 521 2588 nius.
552 2532 664 2603 Ego
682 2547 810 2588 vero
833 2534 1131 2602 requiram,
1155 2535 1414 2604 quidnam
1433 2537 1570 2594 alios
1589 2539 1710 2595 illos
1734 2555 1951 2596 rursum

375 2624 673 2678 exhaustos
701 2623 962 2693 explebit.
993 2623 1148 2689 Quod
1181 2626 1227 2678 si
1258 2625 1395 2680 alios
1430 2633 1596 2696 atque
1635 2629 1772 2685 alios
1802 2630 1958 2687 lacus

378 2716 678 2778 inveneris,
723 2729 827 2785 ego
874 2715 1116 2770 vicissim
1167 2716 1535 2788 interrogabo,
1571 2720 1716 2776 unde
1764 2735 1955 2779 omnes

377 2806 595 2862 tandem
621 2805 884 2862 exinaniti
907 2807 1348 2876 complebuntur.
1379 2808 1605 2882 Cogeris
1633 2811 1801 2882 igitur
1827 2829 1956 2883 pro-

378 2897 530 2970 gredi
567 2899 623 2952 in
655 2896 926 2952 inﬁnitum
947 2937 961 2961 ,
993 2907 1158 2967 atque
1186 2899 1259 2952 ita
1288 2900 1466 2954 oratio
1498 2912 1588 2955 tua
1621 2903 1774 2959 lacus
1805 2905 1957 2959 lacu-

379 2991 483 3046 bus
523 2989 919 3054 accumulans,
962 3005 1032 3046 ne
1078 2990 1322 3046 l’ontibus
1357 2993 1534 3048 desint
1576 2994 1761 3057 lacus,
1812 2997 1956 3053 unde

379 3090 657 3150 postremo
686 3095 826 3151 aqua
857 3087 1015 3137 ortus
1043 3082 1377 3152 principium
1409 3083 1605 3138 habeat
1626 3124 1641 3148 ,
1670 3100 1951 3157 nunquam

379 3172 666 3227 consistet.
697 3159 1113 3238 Quamobrem,
1155 3187 1280 3227 cum
1317 3173 1638 3243 reperienda
1673 3177 1747 3231 sit
1789 3192 1956 3233 causa

380 3279 490 3334 qua
535 3267 725 3336 prima!
771 3281 926 3336 aquae
969 3275 1165 3320 natura
1200 3267 1584 3331 constituitur,
1623 3269 1798 3339 magis
1829 3284 1962 3324 con-

382 3365 706 3413 sentaneum
732 3365 819 3412 est
838 3396 854 3421 ,
881 3373 1000 3414 eam
1030 3359 1083 3411 in
1115 3359 1264 3427 ipsos
1295 3359 1476 3414 fontes
1499 3359 1772 3423 conferre,
1795 3375 1959 3430 quam

380 3449 488 3505 sub
517 3457 663 3504 terra
691 3449 846 3506 lacus
874 3449 1222 3521 contingere,
1251 3467 1487 3522 quorum
1513 3453 1652 3507 ratio
1679 3468 1962 3508 commen-

382 3541 501 3595 titia
542 3541 728 3596 statim
755 3541 825 3596 ab
869 3556 1026 3612 aquae
1067 3553 1264 3598 natura
1311 3542 1564 3599 deorsum
1599 3545 1856 3600 tendente
1882 3546 1961 3599 la-

381 3631 714 3697 befactetur,
758 3641 812 3688 et
851 3634 1209 3689 convellatur.
1247 3633 1534 3701 Quomodo
1563 3636 1709 3690 enim
1741 3650 1960 3691 sursum

384 3721 548 3788 ﬂuet,
599 3723 780 3792 quod,
829 3723 1085 3778 deorsum
1147 3735 1207 3778 ut
1254 3725 1417 3788 ﬂuat,
1469 3732 1720 3779 naturam
1767 3726 1964 3780 habet?

383 3813 681 3876 Prazterea,
739 3830 903 3884 quam
965 3816 1211 3886 ingentes
1278 3817 1495 3871 lacuum
1556 3817 1729 3873 moles
1798 3827 1963 3872 erunt

385 3904 791 3975 echgitandaa,
855 3921 1006 3976 quae,
1062 3922 1187 3962 cum
1242 3923 1513 3978 perennes
1564 3919 1643 3965 tot
1695 3925 1960 3981 aquarum

385 3997 556 4066 copiae
584 3997 799 4052 saeculis
825 3998 1082 4053 omnibus
1118 3998 1372 4065 eﬂluant,
1425 4009 1481 4056 et
1526 4001 1662 4055 nihil
1719 4018 1962 4072 unquam

386 4097 720 4159 reponatur,
792 4105 901 4144 non
967 4091 1353 4146 exinaniantur
1430 4102 1612 4149 tamen
1689 4108 1791 4149 nec
1867 4109 1964 4149 ex-

389 4179 753 4234 hauriantur!
816 4178 1044 4236 Constat
1115 4181 1281 4251 igitur
1359 4197 1426 4236 ex
1498 4183 1566 4238 iis
1632 4199 1754 4254 quae
1817 4183 1962 4238 dicta

389 4277 551 4337 sunt,
597 4269 719 4325 ideo
760 4269 1078 4326 ﬂuminibus
1114 4286 1313 4341 aquam
1367 4287 1473 4328 non
1511 4272 1780 4340 deiicere,
1817 4274 1962 4344 quod

391 4374 536 4418 terra
563 4364 617 4418 in
644 4365 790 4418 illam
815 4372 1232 4419 transmutetur.
1261 4363 1444 4420 Terra
1464 4383 1594 4421 vero
1621 4367 1960 4437 magnitudo,

2051 521 2270 590 κνότητι
2295 519 2390 572 τοῦ
2417 519 2565 573 λίθου
2595 520 2943 593 κωλυομένην
2961 540 2976 553 ·
3003 525 3125 576 τότε
3148 523 3344 577 λεπταί
3371 540 3518 588 τινες
3538 523 3635 578 τοῦ

2053 611 2244 676 ὕδατος
2273 611 2469 680 φλέϐες
2496 610 2586 664 διὰ
2607 612 2707 682 τῆς
2732 613 2993 684 ἐργασίας
3032 614 3511 686 ἀνεστομώθησαν,
3539 616 3635 685 ἀφ’

2051 694 2126 754 ὧν
2159 701 2216 753 ἐν
2239 700 2422 771 κύκλῳ
2447 700 2574 772 περὶ
2593 701 2653 754 τὸ
2687 701 2850 772 βάθος
2868 703 2969 772 τῆς
3002 703 3298 767 συνδέσεως
3317 705 3634 776 γινομένης,

2053 789 2358 861 εὑθηνεῖται
2391 791 2452 842 τὸ
2482 791 2658 863 φρέαρ
2681 791 2758 863 τῷ
2785 791 2962 848 ῦδατι.
2989 794 3168 864 Ὅπερ
3190 795 3368 847 τοίνυν
3403 794 3635 848 ἐνταῦθα
3723 779 3744 796 ’

2053 882 2259 950 γίνεται
2284 881 2421 952 πρὸς
2457 882 2556 953 τὴν
2599 884 2973 955 χειροποίητον
3015 885 3322 954 κοιλότητα,
3367 885 3636 939 συνδοθεί·

2055 959 2155 1044 σης
2187 973 2292 1044 ’τῆς
2333 975 2667 1045 πανταχόθεν
2717 977 2844 1047 περὶ
2885 976 2946 1029 τὸ
2991 977 3168 1047 φρέαρ
3207 976 3636 1048 συνθλιϐομένης

2057 1065 2302 1136 ἰκμάδος,
2336 1066 2493 1118 τοῦτο
2522 1067 2668 1130 είκὸς
2702 1070 2759 1120 ἐν
2793 1068 2954 1132 παντί
2980 1069 3225 1136 γίνεσθαι
3249 1069 3422 1140 τόπῳ,
3457 1070 3550 1122 καὶ
3574 1072 3636 1124 τὸ

2052 1155 2140 1210 διὰ
2168 1157 2266 1228 τῆς
2291 1156 2495 1228 λεπτῆς
2530 1158 2756 1229 ἰκμάδος
2778 1147 2875 1212 ’ἀεὶ
2907 1160 3274 1231 συνδιδόμενον
3304 1160 3390 1214 διὰ
3421 1161 3636 1230 φλέδων

2053 1247 2214 1301 τινῶν
2248 1248 2342 1300 ἐπὶ
2365 1248 2856 1319 τοῦςοεύρυτέρους
2897 1249 3240 1320 όχετεύεσθαι
3285 1251 3504 1321 πόρους,
3531 1251 3633 1323 ήδη

2052 1339 2153 1409 τῆς
2175 1338 2376 1410 λεπτῆς
2422 1340 2679 1411 συρῤοίας
2703 1340 2840 1412 πρὸς
2867 1341 3062 1412 ἑαυτὴν
3107 1341 3416 1412 ἐνωθείσης.
3449 1342 3637 1405 Οὕτως

2052 1426 2146 1484 οὖν
2185 1421 2549 1499 ἀπογεννᾶται
2579 1431 2640 1484 τὸ
2683 1431 2845 1501 ὕδωρ,
2873 1433 2968 1484 τοῦ
3010 1433 3106 1502 μὲν
3137 1433 3346 1504 ψυχροῦ
3399 1434 3500 1503 τὴν
3531 1433 3636 1503 γῆν

2054 1520 2530 1594 καθυγραίνοντος,
2557 1523 2660 1592 τῆς
2691 1522 2749 1576 δὲ
2779 1523 3075 1594 ὑγρότητος
3107 1525 3204 1595 τῆς
3226 1526 3290 1578 ἐκ
3309 1522 3402 1578 τοῦ
3424 1523 3636 1594 ψυχροῦ

2057 1612 2491 1683 συνισταμένης,
2551 1613 2644 1666 καὶ
2667 1613 2795 1683 ὅλην
2840 1614 2940 1685 τὴν
2983 1614 3078 1667 τοῦ
3125 1614 3315 1679 ὓδατος
3364 1615 3527 1684 φύσιν
3574 1616 3638 1667 ἐν

2057 1704 2222 1774 ἑαυτῇ
2255 1703 2585 1775 τελειούσης.
2622 1705 2785 1759 Ὅθεν
2810 1706 3096 1777 ἀθροισθὲν
3133 1707 3258 1779 ἥδη,
3286 1708 3380 1760 καὶ
3421 1706 3638 1779 ῥεῖθρον

2053 1792 2364 1864 γενόμενον,
2412 1788 2556 1867 ᾗπερ
2607 1795 2675 1850 ἂν
2719 1797 2976 1868 εὐοδωθῇ,
3009 1799 3130 1851 κατ’
3170 1800 3346 1852 ἐκεῖνο
3385 1799 3484 1871 τὴν
3529 1802 3636 1870 γῆν

2053 1885 2450 1954 ἀνεστόμωσεν.
2486 1885 2658 1940 Τοῦτο
2684 1887 2740 1940 δὲ
2775 1889 2926 1960 πηγὴ
2955 1889 3300 1960 ὀνομάζεται.
3321 1891 3635 1960 Τεκμήριον

2053 1972 2110 2026 δέ
2140 1973 2235 2027 τοῦ
2265 1974 2624 2046 καθηγεῖσθαι
2667 1977 2766 2048 τὴν
2799 1978 3114 2050 ψυχρότητα
3160 1980 3258 2050 τῆς
3295 1980 3402 2034 τῶν
3427 1981 3637 2034 ὑδάτων

2053 2064 2340 2133 γενέσεως,
2392 2066 2452 2120 τὸ
2499 2069 2628 2132 τοὺς
2671 2069 2809 2141 πρὸς
2857 2071 3140 2140 ἀρκτῲους
3165 2072 3276 2125 τῶν
3317 2071 3499 2128 τόπων
3539 2073 3637 2126 καὶ

2058 2158 2256 2228 μᾶλλον
2299 2159 2746 2230 κατεψυγμένους
2782 2163 3125 2232 εὑθηνεῖσθαι
3158 2167 3269 2228 τοῖς
3311 2165 3520 2220 ῦδασιν.
3556 2161 3634 2218 ἾΙ

2053 2247 2163 2320 γὰρ
2197 2249 2263 2301 ἂν
2292 2249 2487 2320 ἐπίσης
2524 2250 2595 2305 τὰ
2630 2252 2926 2325 ἡλιούμενά
2970 2272 3030 2308 τε
3062 2257 3153 2310 καὶ
3181 2257 3349 2321 νότια,
3377 2257 3638 2328 διάϐροχα

2052 2341 2166 2404 τοῖς
2202 2339 2389 2395 ὕδασιν
2412 2338 2502 2413 ἦν,
2544 2345 2592 2397 εἰ
2640 2345 2806 2416 μηδὲν
2841 2347 2874 2416 ἡ
2915 2347 3153 2401 ἀπουσία
3181 2349 3282 2418 τῆς
3325 2348 3536 2418 ψύξεως
3566 2351 3636 2420 τῇ

2053 2434 2263 2502 γενέσει
2289 2433 2396 2487 τῶν
2437 2435 2622 2508 ὑγρῶν
2654 2438 2978 2504 ἐνεπόδιζεν.
3009 2441 3222 2512 Ὥσπερ
3253 2441 3309 2494 δὲ
3333 2442 3395 2495 τὸ
3437 2441 3494 2508 ἐξ
3537 2443 3640 2513 ὀμ-
3689 2477 3696 2484 -

2055 2525 2217 2596 ὁρίας
2245 2524 2388 2598 ὕδωρ
2417 2527 2702 2597 ἀθροισθὲν
2729 2530 2827 2600 μὲν
2859 2532 2923 2584 ἐκ
2940 2534 3039 2603 τῆς
3062 2532 3173 2584 τῶν
3199 2534 3475 2602 σταγόνων
3507 2538 3640 2607 συρ-

2056 2616 2225 2687 ροίας.
2256 2617 2589 2690 χειμάρρους
2617 2619 2846 2689 γίνεται,
2878 2623 2926 2674 εἰ
2947 2622 3004 2675 δὲ
3032 2622 3204 2686 αὑτὰς
3239 2625 3339 2687 τὰς
3365 2626 3634 2694 σταγόνας

2053 2702 2138 2770 ἐφ’
2159 2702 2366 2757 ἑαυτῶν
2385 2722 2470 2768 τις
2495 2704 2701 2775 βλέποι,
2722 2707 2894 2780 βραχύ
2909 2727 2961 2762 τι
2981 2710 3076 2764 καὶ
3105 2712 3219 2765 ἀντ’
3248 2713 3530 2777 ούδενὸςτὺ
3561 2717 3625 2770 ἐν

2062 2794 2270 2867 ἑκάστῃ
2295 2795 2590 2867 φανήσεται
2607 2814 2622 2829 ο
2649 2798 2792 2852 οὑτω
2807 2801 2899 2853 καὶ
2921 2803 2955 2872 ὴ
2972 2801 3074 2872 τῆς
3088 2803 3230 2857 κατὰ
3253 2802 3448 2859 λεπτὸν
3463 2807 3640 2861 κάτωρ

2058 2884 2148 2938 θεν
2190 2885 2277 2939 ἀεὶ
2331 2885 2426 2940 τοῦ
2468 2887 2636 2960 ὑγροῦ
2687 2893 3083 2964 συνισταμένης
3123 2896 3454 2968 ποσότητος·
3510 2899 3641 2954 ὅταν

2056 2974 2114 3030 ἐν
2140 2979 2206 3031 ἐκ
2243 2977 2454 3032 πολλῶν
2493 2981 2724 3053 ῥείθρων
2746 2983 2809 3036 τὸ
2835 2984 2944 3038 τῶν
2979 2984 3191 3041 λεπτῶν
3228 2988 3500 3061 ἄθροισμα
3543 2992 3639 3060 γέ-

2055 3085 2236 3138 νηται,
2270 3069 2334 3123 τὸ
2374 3071 2616 3126 τοιοῦτον
2649 3076 2730 3138 εἰς
2769 3078 3016 3147 ποταμοῦ
3047 3079 3209 3148 φύσιν
3237 3082 3524 3139 ἐκδίδοται.
3580 3083 3641 3138 '0

1982 3120 2037 3230 CI
2059 3120 2120 3214 δέ
2140 3120 2344 3226 ταύτας
2367 3163 2469 3228 τὰς
2497 3120 2790 3238 ὑπλήψέις
2830 3120 3347 3244 παέαγρῖαφόμενδς,
3381 3120 3544 3231 πόθεν
3572 3120 3642 3232 ﬁ:

2059 3255 2269 3326 οἰηθείη
2318 3257 2446 3321 τοὺς
2493 3260 2751 3324 ἀεννάους
2794 3261 2905 3316 τῶν
2947 3265 3211 3336 ποταμῶν
3257 3268 3638 3334 ἀναδίδοσθαι;

2059 3341 2207 3418 Ἀρα
2257 3350 2330 3418 μή
2355 3367 2524 3430 ’τινας
2571 3350 2766 3423 λίμνας
2801 3355 2955 3419 ἐντὸς
2992 3356 3100 3411 τῶν
3136 3359 3237 3429 τῆς
3277 3361 3383 3430 γῆς
3425 3362 3640 3416 κόλπων

2061 3425 2438 3512 ὑπονοήσειενς
2487 3443 2644 3498 Ἀλλά
2665 3444 2760 3498 καὶ
2781 3439 2940 3500 αὗται
2978 3425 3203 3514 πάντως.
3224 3453 3274 3504 εἰ
3291 3425 3382 3522 μὴ
3409 3453 3472 3506 τὸ
3492 3455 3641 3525 ἐπιρ-

2063 3534 2186 3604 ῥέον
2237 3534 2445 3605 ἔχοιεν,
2500 3537 2559 3590 ἐν
2611 3537 2802 3608 βραχεῖ
2853 3539 3279 3613 κενωθήσονται,
3336 3544 3476 3599 ὥστε
3517 3546 3639 3601 κατ’

2061 3625 2304 3696 ἀνάγκην
2349 3627 2444 3680 καὶ
2488 3627 2652 3692 ἄλλας
2701 3630 2905 3684 τούτων
2935 3632 3291 3705 ὑπερκεῖσθαι
3330 3638 3635 3712 νομίσειοὴ

2061 3715 2117 3769 δὲ
2155 3717 2442 3772 ἀκολουθία
2475 3719 2570 3772 τοῦ
2598 3720 2781 3789 λόγου,
2827 3722 2923 3776 καὶ
2971 3723 3070 3787 τὰς
3104 3725 3267 3789 ἄλλας
3294 3726 3639 3799 ἀναπληροῦν

2062 3807 2418 3879 ἀναζητήσεν
2446 3809 2550 3864 κᾶν
2590 3810 2755 3875 ἄλλας
2793 3814 3146 3883 ὑπερκεῖσθαι
3181 3815 3376 3887 λίμνας
3416 3820 3639 3874 ἐκείνων

2064 3899 2406 3970 ὑποτίθηται,
2448 3902 2543 3955 καὶ
2571 3902 2631 3956 τὸ
2660 3903 2768 3956 τῶν
2800 3904 2977 3959 ἄλλων
3021 3907 3292 3978 πλήρωμα
3330 3911 3488 3975 ποίας
3525 3912 3639 3982 ἔχει

2061 3990 2160 4052 τὰς
2206 3991 2459 4063 ἀφορμὰς
2499 3993 2809 4062 ἀναγκαίως
2855 3991 3277 4068 διερευνήσεται.
3324 4003 3433 4055 Καὶ
3464 4003 3639 4069 οὕτως

2065 4081 2144 4144 εἰς
2171 4082 2395 4153 ἄπειρον
2423 4083 2627 4154 προῖὼν
2647 4086 2676 4138 ὁ
2697 4086 2853 4155 λόγος
2872 4089 3106 4159 οὐδαμοῦ
3131 4093 3405 4163 στήσεται,
3431 4093 3639 4166 λιμνῶν

2063 4171 2258 4241 λίμνας
2291 4173 2602 4246 ὑπερτιθείς
2625 4193 2638 4207 ·
2689 4178 2774 4230 ἵνα
2802 4180 2858 4232 αἰ
2897 4181 3033 4250 πρὸς
3072 4185 3191 4245 ταῖς
3219 4187 3423 4254 πηγαῖς
3451 4185 3636 4257 λίμναι

2068 4264 2142 4335 μὴ
2179 4265 2554 4332 ἐπιλείπωσιν,
2585 4269 2690 4333 ἕως
2729 4270 2796 4324 ἂν
2832 4271 2942 4324 τῶν
2983 4274 3227 4343 ἐσχάτων
3251 4277 3349 4339 τὰς
3383 4278 3637 4350 ἀφορμὰς

2066 4355 2368 4430 καταλάϐῃ,
2409 4358 2478 4411 δι’
2523 4352 2658 4431 ὧνὴ
2697 4361 2792 4415 τοῦ
2838 4362 3029 4427 ῦδατος
3072 4367 3282 4433 γένεσις
3328 4368 3426 4439 τὴν
3465 4371 3638 4442 ἀρχὴν

394 4457 520 4511 licet
557 4463 767 4509 tantum
810 4472 874 4511 ex
918 4472 980 4510 ea
1020 4457 1176 4525 copia
1222 4473 1486 4527 aquarum
1527 4462 1808 4530 erumpat,
1855 4477 1958 4516 non

2065 4446 2351 4518 λαμϐάνει.
2392 4449 2568 4520 Ὅπερ
2612 4453 2789 4506 τοίνυν
2823 4455 2968 4518 εἰκός
2995 4457 3110 4510 ἐστι
3141 4458 3243 4528 τῆς
3283 4460 3504 4533 πρώτης
3539 4461 3633 4516 τοῦ

392 4549 754 4610 imminuitur,
787 4551 1042 4618 quoniam
1089 4549 1306 4604 assidue
1347 4551 1415 4604 ab
1459 4552 1750 4608 exsiccatis
1794 4569 1963 4623 vapo-

393 4643 548 4697 ribus
579 4641 940 4696 instauratur.
975 4641 1073 4697 llis
1103 4643 1179 4696 ita
1204 4644 1554 4708 constitutis,
1585 4661 1695 4700 non
1729 4648 1965 4717 amplius

394 4743 582 4788 mutua
638 4734 798 4788 nobis
851 4735 1245 4790 elementorum
1305 4737 1446 4792 inter
1495 4753 1555 4792 se
1605 4740 1964 4795 commutatio

393 4826 747 4881 i-laudicabit.
785 4826 1025 4896 Apparet
1053 4827 1200 4882 enim
1229 4828 1397 4892 ordo,
1429 4845 1538 4898 quo
1580 4831 1745 4886 unius
1789 4831 1843 4885 in
1887 4832 1966 4885 al-

393 4930 572 4973 terum
604 4921 963 4973 commutatio
997 4928 1082 4974 est
1111 4930 1267 4976 ortus
1302 4923 1445 4976 illius
1480 4937 1666 4977 causa.
1718 4922 1965 4995 Exempli

394 5012 568 5081 gratia
594 5027 608 5065 :
643 5025 782 5080 aqua
810 5026 905 5081 per
933 5027 1164 5082 vapores
1193 5014 1409 5068 sublata
1455 5013 1512 5067 lit
1552 5029 1667 5070 aer.
1713 5015 1822 5070 Aer
1851 5031 1968 5070 ma-

394 5101 640 5156 defactus
671 5103 726 5155 in
759 5103 1045 5172 superiore
1072 5103 1287 5158 ﬂamma
1318 5103 1645 5159 exsiccatur.
1675 5104 1831 5170 Quod
1861 5116 1968 5162 ter-

397 5207 585 5245 renum
617 5201 703 5247 est
733 5208 828 5260 per
859 5195 1003 5263 ignis
1030 5203 1283 5248 naturam
1330 5196 1399 5250 ab
1445 5196 1670 5250 humido
1718 5200 1965 5252 secerni-

395 5303 502 5358 tur,
537 5302 806 5364 terrmque
839 5295 1110 5350 redditum
1148 5312 1245 5368 per
1272 5297 1590 5368 qualitatem
1626 5300 1876 5370 frigidam
1908 5301 1965 5358 in

396 5413 592 5468 aquam
619 5409 1010 5457 commutatur.
1047 5399 1124 5454 Ex
1152 5416 1262 5472 quo
1295 5401 1388 5469 ﬁt,
1419 5413 1480 5458 ut
1511 5405 1628 5460 sine
1654 5407 1766 5461 ullo
1795 5408 1969 5479 impe-

396 5502 640 5558 dimento
683 5518 896 5574 semper
940 5503 1208 5560 elementa
1259 5505 1502 5561 vicissim
1550 5508 1691 5563 inter
1730 5525 1790 5565 se
1818 5526 1970 5565 com-

399 5613 622 5672 mecnt,
653 5615 708 5663 et
735 5607 1213 5674 circumferantur,
1253 5611 1574 5682 nullumque
1615 5629 1683 5667 ex
1725 5613 1834 5670 illis
1874 5625 1968 5671 aut

398 5719 755 5768 consumatur
784 5720 877 5768 aut
900 5711 1165 5770 redundet
1194 5724 1358 5785 atque
1388 5715 1686 5783 exuberet,
1719 5716 1816 5773 sed
1848 5733 1970 5775 om-

2069 4538 2260 4601 ὕδατος
2275 4540 2490 4612 φύσεως
2518 4544 2699 4598 αἰτίαν
2729 4545 3100 4618 ἐξευρεθῆναι,
3118 4549 3253 4603 πολὺ
3271 4551 3336 4605 ἂν
3353 4552 3641 4622 εὑλογὼτε·

2070 4649 2162 4704 ρον
2193 4633 2278 4704 εἴη
2302 4633 2462 4688 τοῦτο
2500 4635 2627 4706 περὶ
2658 4636 2879 4708 τὴντῶν
2896 4638 3090 4710 πηγῶν
3120 4640 3376 4696 σύστασιν
3416 4646 3638 4710 ἐννοεῖν,

2067 4723 2163 4776 καὶ
2199 4724 2272 4794 μὴ
2313 4724 2414 4790 τὰς
2461 4725 2748 4794 ὑπογείους
2795 4727 2990 4799 λίμνας
3025 4732 3406 4799 φαντάζεσθαι,
3439 4737 3534 4806 ἀφ’
3562 4731 3651 4792 ῶνα

2067 4812 2228 4877 εὐθὺς
2269 4815 2366 4868 καὶ
2401 4815 2462 4868 τὸ
2499 4819 2818 4888 κατωφερὲς
2847 4819 2947 4889 τῆς
2968 4821 3062 4875 τοῦ
3093 4821 3284 4888 ὕδατος
3323 4826 3534 4892 φύσεως
3578 4828 3640 4895 ἐξ

2067 4902 2309 4957 ἐναντίου
2354 4905 2490 4976 πρὸς
2529 4905 2622 4958 τὸν
2669 4906 2824 4975 λόγον
2862 4909 3094 4966 ἵσταται.
3153 4912 3278 4978 Πῶς
3307 4915 3416 4986 γὰρ
3449 4918 3541 4971 ἐπὶ
3574 4919 3639 4972 τὸ

2067 4995 2179 5052 ἀνω
2230 4997 2490 5067 ῥυήσεται
2533 4995 2595 5052 οὑ
2658 5000 2692 5070 ἡ
2740 5001 2900 5069 φύσις
2951 5002 3089 5058 ἰδίαν
3136 5005 3248 5075 ἔχει
3294 5006 3393 5078 τὴν
3437 5011 3530 5063 ἐπὶ
3577 5010 3638 5065 τὸ

2067 5087 2218 5140 κάτω
2245 5088 2450 5159 φοράν;
2504 5090 2736 5144 Ἔπειτα
2773 5092 2832 5145 δὲ
2875 5094 2970 5148 καὶ
3010 5095 3133 5148 ὅσον
3164 5095 3225 5150 τὸ
3270 5099 3500 5168 μέγεθος
3529 5103 3638 5156 τῶν

2066 5178 2274 5248 λιμνῶν
2325 5181 2550 5234 ἐκείνων
2595 5184 2628 5252 ἠ
2671 5183 2924 5258 διηνεκὴς
2969 5187 3077 5241 τῶν
3119 5189 3388 5245 τοσούτων
3431 5193 3639 5251 ὑδάτων

2067 5267 2312 5339 ἀπορροὴ
2351 5270 2706 5340 στοχάζεσθαι
2752 5274 2986 5342 δίδωσιν,
3017 5275 3156 5332 ῶστε
3202 5280 3456 5334 τοσοῦτον
3501 5301 3638 5356 προ-

2068 5359 2330 5429 χεύουσαν
2363 5361 2420 5414 ὲν
2443 5362 2719 5428 τοσούτοις
2738 5364 2970 5436 χρόνοις,
2993 5369 3262 5424 ἀκένωτον
3303 5374 3503 5442 μένειν,
3535 5395 3639 5448 μη-

2066 5449 2215 5513 δενὸς
2265 5449 2477 5504 ἔνδοθεν
2517 5454 2578 5506 τὸ
2617 5454 2758 5519 ἐξιὸν
2798 5456 3226 5528 ἁντεισάγοντος;
3279 5463 3438 5518 Ἀλλά
3481 5466 3638 5538 δῆλον

2069 5540 2138 5595 ἂν
2167 5540 2254 5612 εἴη
2285 5541 2374 5596 διά
2401 5542 2509 5597 τῶν
2539 5543 2941 5616 ἐξητασμένων,
2971 5549 3051 5603 ὅτι
3081 5550 3159 5622 τῷ
3198 5555 3425 5628 ποταμῷ
3453 5557 3552 5629 μὲν
3575 5559 3638 5614 οὐ

2067 5629 2244 5684 λείπει
2292 5633 2326 5701 ἡ
2373 5633 2603 5704 χορηγία
2647 5633 2740 5688 τοῦ
2787 5634 2996 5700 ὓδατος,
3025 5639 3126 5708 τῆς
3161 5641 3268 5710 γῆς
3305 5648 3444 5716 πρὸς
3480 5647 3638 5702 τοῦτο

2075 5721 2496 5795 μεθισταμένης.
2541 5725 2601 5778 '0
2638 5724 2695 5778 δὲ
2736 5726 2900 5796 ὄγκος
2933 5728 3034 5799 τῆς
3071 5730 3175 5802 γῆς
3201 5733 3300 5792 οὐκ
3323 5734 3636 5793 ἐλαττοῦται
