4046 6350
439 390 543 445 115

1644 404 1709 459 ΙΝ
1750 407 2021 463 ῙΙΕΧΑΕΜ

2121 410 2224 465 MN
2265 410 2326 466 LI
2340 411 2470 465 BER
3594 415 3651 468 Η
3672 416 3695 465 ι

434 508 520 559 6ιὰ
549 504 641 559 τοῦ
670 507 1000 576 ὑπεξιόντος,
1022 510 1120 583 τῆς
1140 513 1369 569 πάντοτε
1392 517 1683 588 γινομένης
1700 520 1808 572 τῶν
1830 521 2010 593 ξηρῶν

2121 524 2203 578 nia
2230 526 2283 579 in
2312 541 2417 595 qua
2450 526 2685 596 primum
2714 534 3010 581 constituta
3043 535 3464 582 suntsmensura
3497 547 3529 598 p
3565 548 3690 599 rpe-

433 596 623 666 ἀτμῶν
665 602 989 672 μεταϐολῆς,
1033 604 1094 657 τὸ
1142 607 1229 659 ἀεὶ
1278 608 1597 677 μειούμενον
1624 610 1689 663 ἐκ
1720 612 1813 665 τοῦ
1852 613 2015 681 ὄγκου

2124 628 2215 673 tuo
2247 628 2522 673 maneant.

439 687 877 763 ἀναπληρούσης.
911 688 1012 748 Ὧν
1055 696 1373 766 γινομένων,
1424 699 1601 752 οὐκέτ’
1643 700 1711 754 ἀν
1761 705 1893 773 ἡμῖν
1944 706 1976 775 η
2030 708 2108 769 εἰς
2134 708 2337 779 ἄλληλα
2386 709 2493 762 τῶν
2549 706 2824 777 στοιχείων
2877 707 3157 772 ἀλλοίωσις
3205 707 3426 769 σκάζειν
3488 708 3695 773 δοκοίισ,

433 781 569 874 ἀλλά
606 783 674 836 δι’
707 787 1001 842 ἀκολούθου
1042 791 1320 861 δεσμεῖται
1355 795 1384 846 6
1439 792 1632 863 λόγος,
1693 796 1792 867 τὴν
1837 798 2070 852 ἑκάστου
2130 803 2266 873 πρὸς
2311 803 2371 856 τὸ
2422 804 2608 874 ἕτερον
2662 800 2906 871 τροπὴν,
2951 803 3161 870 γένεσιν
3213 804 3416 855 ἐκείνου
3480 802 3575 853 τοῦ
3618 807 3695 865 εἰς

432 872 461 966 ξι
491 876 791 949 μετεϐλήθη
842 880 1071 951 βλέπων,
1106 884 1200 937 καὶ
1231 885 1331 956 τὴν
1358 887 1451 940 ἀπ’
1486 888 1694 942 ἐκείνου
1725 890 1862 961 πρὸς
1913 892 1972 944 τὸ
2023 894 2083 958 ἑξ
2109 872 2285 965 ἀρχῆς
2327 898 2487 951 πάλιν
2520 872 2982 953 ἀποκατάστασιν,
3018 892 3140 950 υἴον
3165 897 3225 950 τὸ
3256 897 3398 966 ὕδωρ
3437 896 3571 965 πρὸς
3604 897 3695 947 τὸν

436 960 570 1039 ἀέρα
596 969 682 1022 διά
712 970 819 1025 τῶν
859 973 1049 1043 ἀτμῶν
1092 977 1355 1047 ἀναχθὲν,
1403 980 1511 1050 ἀὴρ
1546 960 1794 1049 ἐγένετοέ
1836 985 1864 1036 ό
1904 982 2012 1055 ἀὴρ
2046 987 2102 1054 ὑγ
2118 960 2333 1058 ρανθεὶς
2377 992 2435 1041 ἑν
2483 991 2559 1060 τῷ
2608 991 2990 1063 ὑπερκειμένῳ
3030 988 3257 1059 φλογμῷ
3277 960 3652 1057 κατεξηράνθη
3676 1002 3692 1017 ⁸

435 1067 499 1113 τὸ
550 1062 749 1130 γεῶδες
794 1065 887 1118 τοῦ
935 1066 1104 1152 ὑγροῦ
1152 1068 1242 1121 διὰ
1295 1069 1397 1139 τῆς
1433 1070 1528 1123 τοῦ
1577 1073 1749 1143 πυρὸς
1802 1074 2017 1143 φύσεως
2076 1078 2385 1151 ἀπεκρίθη·
2434 1083 2593 1135 τοῦτο
2636 1062 2802 1153 ὲνγτῇ
2854 1085 2923 1153 γῇ
2963 1082 3250 1150 γενόμενον
3288 1079 3373 1132 διὰ
3433 1078 3529 1149 τῆς
3588 1080 3692 1148 ψυο

437 1158 570 1228 κρᾶς
616 1159 899 1229 ποιότητος
937 1164 1019 1227 εἰς
1071 1162 1214 1233 ὕδωρ
1264 1168 1631 1238 μετεποιήθη·
1681 1170 1774 1228 καὶ
1815 1169 1987 1234 οὕτως
2022 1173 2365 1240 ἀδιάλειπτος
2389 1172 2445 1242 ,⁸⁵
2474 1178 2565 1230 καὶ
2581 1180 2857 1249 ἀνωμένου
2907 1178 2999 1230 καὶ⁸
3033 1176 3245 1240 οὐδενὸς
3287 1176 3692 1241 πλεονάζοντος,

434 1250 547 1303 ἀλλ’
568 1252 626 1305 ἑν
649 1255 763 1316 τοῖς
787 1254 847 1317 ἑξ
865 1255 1038 1325 ἀρχῆς
1062 1257 1279 1333 μέτροις
1302 1260 1380 1322 είς
1402 1260 1463 1311 τὸ
1488 1260 1729 1331 διηνεκὲς
1753 1264 2119 1333 διαμένοντος.

522 1343 729 1397 Οὐκοῦν
800 1344 929 1398 ἄλλο
986 1364 1039 1400 τι
1101 1350 1252 1419 παρά
1321 1350 1423 1421 τὴν
1483 1352 1657 1422 ὑγρὰν
1725 1353 1887 1421 φύσιν
1951 1356 2021 1409 τὰ

434 1435 806 1505 ὑπερκείμενα
853 1438 947 1490 τοῦ
999 1439 1376 1511 στερεῶματος
1424 1442 1594 1496 ύδατα
1632 1444 1794 1506 νοεῖν,
1829 1447 1862 1515 ἡ
1910 1444 2019 1497 τῶν

434 1526 830 1592 ἑξετασθέντων
884 1529 1175 1584 ἀκολουθία
1235 1532 1485 1597 δίδωσιν,
1546 1533 1704 1606 εἴπερ
1780 1535 1859 1606 τῷ
1944 1535 2019 1607 μὴ

434 1620 728 1691 τρέφεσθαι
785 1623 851 1691 τῇ
914 1620 1008 1674 τοῦ
1068 1622 1236 1694 ὑγροῦ
1271 1624 1485 1697 δαπάνῃ
1561 1625 1662 1697 τὴν
1710 1625 1804 1679 τοῦ
1848 1626 2020 1697 πυρὸς

437 1710 599 1779 φύσιν
642 1712 708 1764 ἑκ
749 1711 861 1765 τῶν
903 1713 1208 1785 εἰρημένων
1254 1718 1684 1786 κατενοήσαμεν.
1740 1715 2018 1769 Δέδεικται

437 1802 547 1873 γάρ
582 1804 641 1856 ἑν
680 1805 793 1865 τοῖς
832 1803 1241 1875 ἐξητασμένοις,
1269 1806 1349 1858 ὅτι
1387 1806 1447 1858 τὸ
1477 1806 1678 1877 θερμόν
1712 1807 1790 1877 τῷ
1824 1806 2016 1877 ψυχρῷ

435 1894 560 1963 οὐχὶ
596 1894 876 1966 τρέφεται,
920 1897 1057 1950 ἀλλά
1107 1898 1425 1953 σϐέννυται·
1473 1902 1566 1953 καὶ
1610 1901 1672 1953 τὸ
1738 1901 1904 1971 ὑγρὸν
1939 1900 2017 1971 τῷ

435 1984 587 2055 ξηρῷ
630 1987 969 2054 ἀφανίζεται,
1005 1988 1068 2042 οὐ
1093 1988 1395 2051 πλεονάζει.
1449 1991 1588 2043 Ἀλλ’
1615 1992 1707 2043 ἐπὶ
1736 1992 1796 2043 τὸ
1829 1992 2016 2063 ἕτερον

2196 1353 2272 1407 Ex
2303 1354 2391 1418 iis,
2420 1369 2542 1423 quae
2565 1355 2836 1424 disputata
2860 1364 3015 1417 sunt,
3042 1352 3314 1422 sequitur,
3340 1358 3399 1405 ut
3419 1366 3573 1420 aqua:
3596 1368 3691 1405 su-

2119 1462 2215 1516 pra
2240 1447 2637 1500 firmamentum
2660 1447 2776 1502 sita:
2799 1448 2867 1501 ab
2890 1447 2991 1499 hac
3016 1445 3238 1499 humida
3262 1451 3456 1498 natura
3480 1443 3689 1497 discre-

2121 1546 2271 1608 pent.
2306 1538 2462 1591 Patet
2492 1540 2635 1591 enim
2668 1538 2877 1591 humidi
2907 1546 3067 1608 pastu
3098 1544 3354 1591 naturam
3385 1537 3528 1605 ignis
3576 1551 3686 1588 non

2119 1631 2190 1684 ali
2219 1630 2796 1700 :demonstratumque
2815 1638 2921 1695 est,
2946 1629 3182 1709 caiidum
3201 1627 3400 1697 frigido
3423 1641 3532 1681 non
3560 1641 3691 1679 euu-

2120 1721 2240 1775 triri
2260 1761 2274 1783 ,
2299 1720 2395 1777 sed
2417 1722 2687 1791 exstingui
2716 1739 2730 1775 :
2756 1728 2809 1775 et
2836 1719 3060 1775 humido
3087 1721 3294 1775 siccum
3325 1718 3531 1783 deleri,
3573 1734 3683 1770 non

2121 1813 2389 1883 adjuvari.
2417 1813 2782 1878 Quamobrem
2806 1820 3024 1882 tempus
3046 1819 3129 1865 est
3149 1850 3165 1873 ,
3190 1818 3248 1863 ut
3267 1809 3568 1863 orationem
3598 1824 3689 1861 no-

2118 1914 2289 1961 stram
2343 1906 2451 1959 alio
2489 1913 2910 1971 convertamus,
2953 1918 3376 1974 quaeramusque
3413 1901 3687 1970 quomodo

2119 1995 2281 2049 tertio
2296 1994 2386 2049 die
2404 1996 2559 2049 facta'
2577 2004 2705 2049 sunt
2723 2009 2933 2059 omnes,
2954 2010 3075 2064 qua:
3098 1995 3152 2047 in
3170 1994 3311 2047 caelo
3333 2002 3480 2057 sunt,
3496 1993 3684 2049 stellae.

435 2075 545 2129 τῶν
586 2076 935 2147 ζητουμένων
962 2079 1155 2151 καιρὸς
1188 2080 1254 2134 ἂν
1283 2081 1370 2151 εἴη
1388 2082 1586 2151 τρέψαι
1623 2083 1724 2153 τὴν
1762 2082 2015 2155 θεωρίαν,

2121 2085 2273 2152 Quod
2294 2087 2458 2155 igitur
2478 2086 2731 2140 omnibus
2756 2085 2920 2140 rebus
2947 2085 3285 2139 admirandis
3297 2099 3417 2152 quae
3434 2097 3692 2151 procrea-

437 2168 556 2232 πῶς
598 2169 738 2239 μετά
766 2170 865 2240 τὴν
899 2171 1092 2242 τρίτην
1130 2172 1346 2243 ἡμέραν
1392 2174 1592 2237 πάντες
1621 2176 1672 2228 οἱ
1713 2177 1831 2230 κατ’
1858 2176 2018 2245 οὐρα-

435 2259 529 2313 νὸν
560 2260 846 2333 φωστῆρες
874 2262 1217 2332 πεποίηνται.
1252 2264 1376 2316 Ὅτι
1405 2264 1505 2333 μὲν
1525 2260 1617 2317 οὖν
1640 2265 1871 2318 ἑκάστου
1910 2265 2019 2317 τῶν

438 2352 744 2420 γινομένων
794 2353 1088 2424 θαυμάτων
1148 2353 1308 2422 λόγος
1360 2373 1445 2418 τις
1499 2356 1641 2419 Θεῖος
1693 2357 2020 2428 καθηγεῖται

440 2444 867 2513 προστακτικὸς,
915 2444 1057 2498 οὕτω
1105 2446 1200 2499 τοῦ
1248 2448 1494 2512 Μωσέως
1542 2448 1827 2520 ίστορικῶς
1872 2451 2020 2519 ἡμᾶς

437 2532 509 2585 τά
547 2531 727 2602 ὑψηλά
770 2532 881 2585 τῶν
925 2532 1211 2603 δογμάτων
1256 2535 1629 2600 διδάσκοντος,
1650 2539 1709 2593 ἑν
1738 2540 1849 2602 τοῖς
1885 2538 2022 2607 φθά-

437 2640 598 2677 σασιν
646 2623 988 2695 ἑξητάσαμεν
1025 2626 1239 2694 λόγοις,
1272 2628 1330 2679 ἑν
1368 2624 1449 2691 οἷς
1493 2628 1651 2681 τοῦτο
1688 2631 2020 2700 κατενοήσα-

442 2733 542 2786 μεν
566 2758 584 2782 ,
610 2717 671 2769 τὺ
699 2718 774 2787 μὴ
806 2717 1134 2788 πρόσταγμα
1165 2714 1303 2772 εἷναι
1326 2716 1415 2773 διά
1447 2720 1707 2791 ῥημάτων
1739 2721 2022 2791 γινόμενον

437 2809 537 2880 τὴν
569 2808 719 2863 θείαν
759 2810 972 2881 φωνὴν,
1001 2811 1141 2864 άλλά
1177 2812 1277 2882 τὴν
1320 2814 1577 2883 τεχνικήν
1619 2830 1680 2865 τε
1717 2814 1813 2867 καὶ
1854 2813 2022 2885 σοφὴν

438 2902 667 2972 δύναμιν
695 2903 927 2956 ἑκάστου
961 2902 1069 2956 τῶν
1098 2904 1418 2974 γινομένων,
1455 2904 1578 2958 καθ’
1625 2906 1690 2976 ἦν
1718 2906 2022 2977 ἐνεργεῖται

438 2993 508 3046 τά
536 2994 594 3046 ἑν
620 2998 732 3057 τοῖς
762 2990 882 3049 οὖσι
905 2995 1179 3066 θαύματα,
1210 2995 1370 3050 τοῦτο
1401 2996 1557 3065 λόγον
1585 2997 1719 3051 Θεοῦ
1749 3001 1842 3052 καὶ
1876 2995 2018 3052 εἶναι

440 3085 535 3138 καὶ
559 3085 846 3155 λέγεσθαι,
886 3088 981 3141 καὶ
1006 3087 1089 3141 ὅτι
1121 3088 1325 3152 παντὸς
1355 3089 1566 3158 ἀθρόως
1598 3088 1693 3142 τοῦ
1742 3089 1884 3142 κατά
1922 3090 2022 3159 τὴν

442 3177 620 3231 κτίσιν
666 3178 1033 3250 πληρώματος
1080 3182 1139 3233 ἑν
1178 3179 1259 3249 τῷ
1301 3179 1505 3251 πρώτῳ
1552 3180 1647 3233 τοῦ
1682 3180 1818 3234 Θεοῦ
1867 3181 2023 3252 θελή·

444 3282 575 3335 ματι
612 3267 935 3333 συστάντος,
962 3269 996 3339 ἡ
1036 3268 1350 3337 ἀναγκαίως
1392 3269 1535 3323 κατά
1567 3269 1666 3341 τὴν
1693 3272 2022 3342 ὲγκειμένην

440 3358 555 3419 τοῖς
578 3352 697 3411 οῦσι
732 3358 927 3427 σοφίαν
964 3360 1205 3431 ἑπομένη
1240 3360 1424 3425 τάξις,
1477 3362 1614 3432 πρὸς
1656 3362 1754 3433 τὴν
1787 3363 2023 3416 ἑκάστου

443 3447 551 3500 τῶν
601 3449 881 3519 στοιχείων
922 3450 1214 3517 ἀνάδειξιν,
1249 3452 1357 3505 τῶν
1390 3452 1548 3505 θείων
1580 3453 2023 3523 προσταγμάτων

440 3538 539 3609 τὴν
561 3541 883 3596 ἀκολουθίαν
919 3543 1050 3614 ἔχει.
1090 3543 1333 3598 Συνελὼν
1360 3544 1469 3616 γὰρ
1494 3547 1553 3599 ὲν
1590 3548 1655 3616 τῇ
1702 3544 1893 3615 πρώτῃ
1925 3545 2025 3615 τῆς

444 3630 769 3702 αίσθητικῆς
803 3634 1032 3697 κτίσεως
1068 3634 1399 3699 ὑποστάσει,
1439 3635 1805 3706 περιληπτικῇ
1834 3637 1984 3706 φωνῇ
2006 3672 2022 3698 ,

443 3722 504 3775 τὺ
553 3724 662 3776 πᾶν
708 3726 737 3778 6
784 3722 987 3793 Μωσῆς
1041 3724 1345 3790 ἐνεδείξατο
1390 3726 1591 3780 εἰπών·
1661 3744 1680 3778 ι
1744 3727 1831 3780 Ἐν
1881 3727 2023 3797 ἀρχῇ

443 3813 699 3885 ἐποίησεν
736 3816 766 3868 6
793 3815 926 3883 ρεαδς
959 3817 1051 3870 τὸν
1089 3818 1315 3889 οὐρανὸν
1348 3818 1441 3871 καὶ
1476 3816 1575 3887 τὴν
1604 3817 1732 3888 γῆν.
1773 3835 1792 3868 ι
1829 3816 1904 3869 Τὸ
1930 3813 2025 3870 οὖν

447 3903 722 3976 πλήρωμα
748 3907 857 3960 τῶν
882 3908 1052 3962 ὄντων
1088 3907 1258 3963 εἰπὼν
1282 3910 1364 3962 ὃτι
1392 3908 1670 3978 ἐποίησεν,
1695 3906 1929 3978 καθεξῆς
1967 3908 2026 3961 ἑν

443 3994 595 4059 τάξει
620 3998 731 4050 τινὶ
777 4003 979 4071 φυσικῇ
1008 3999 1105 4070 τὴν
1143 4000 1435 4069 γινομένην
1464 4001 1697 4054 ἑκάστου
1726 3999 1835 4053 τῶν
1857 4000 2025 4053 όντων

443 4087 711 4154 ἀνάδειξιν
766 4091 1183 4160 ἑπισημειοῦται
1236 4090 1314 4161 τῷ
1374 4091 1537 4160 λόγῳ.
1597 4092 1793 4160 Γέγονε
1844 4091 2025 4145 τοίνυν

447 4183 584 4253 μετά
617 4183 835 4236 πάντων
872 4183 934 4236 τὸ
968 4183 1113 4251 φῶς,
1142 4183 1257 4236 ἀλλ’
1285 4183 1386 4235 οὐκ
1415 4182 1576 4245 εὐθὺς
1608 4181 1893 4253 προεφάνη
1916 4180 2025 4234 τῶν

445 4275 695 4339 πάντων,
719 4275 824 4338 ἕως
863 4273 934 4327 τά
960 4274 1178 4344 ἀφεγγῆ
1204 4277 1303 4345 τῆς
1341 4273 1571 4337 κτίσεως
1599 4273 1739 4345 μέρη
1768 4273 1865 4344 τῆς
1912 4290 2026 4341 φωο

444 4370 689 4440 τιπικῆς
718 4369 1153 4439 ἐπιπροσθοῦντα
1183 4368 1464 4439 δυνάμεως
1501 4368 1692 4439 ἔμενεν
1713 4383 1727 4398 ⁶
1782 4366 1916 4438 ὁμοῦ
1966 4367 2023 4419 δὲ

2118 2185 2188 2231 ta:
2230 2185 2399 2239 sunt,
2429 2177 2676 2230 divinum
2717 2174 2989 2245 quoddam
3021 2175 3336 2228 mandatum
3368 2173 3691 2243 imperium-

2119 2282 2225 2338 que
2268 2269 2544 2339 sigillatim
2596 2266 2975 2338 praecesserit,
3020 2282 3086 2321 ex
3131 2264 3296 2320 Mosis
3344 2265 3570 2319 historia
3613 2264 3694 2317 sic

2118 2361 2333 2415 excelsa
2374 2360 2491 2413 haec
2534 2358 2751 2414 decreta
2790 2358 3189 2427 complectente
3218 2359 3273 2410 in
3309 2355 3690 2426 superioribus

2119 2453 2637 2515 animadvertimus,
2691 2450 3140 2520 didicimusque,
3194 2448 3439 2502 divinam
3496 2461 3691 2501 vocem

2120 2559 2231 2598 non
2287 2558 2411 2599 esse
2444 2544 2760 2597 mandatum
2794 2543 2977 2598 verbis
3023 2555 3368 2611 expressum,
3416 2548 3471 2593 et
3514 2538 3693 2608 expli-

2120 2637 2329 2696 catum,
2364 2630 2459 2685 sed
2483 2631 2748 2685 artiticem
2770 2645 2835 2684 ac
2862 2632 3163 2699 sapientem
3189 2630 3244 2682 in
3272 2630 3435 2683 rebus
3459 2627 3692 2697 singulis

2120 2729 2477 2791 potestatem,
2515 2738 2623 2792 qua
2656 2736 2742 2786 ea,
2772 2737 2895 2792 quae
2929 2722 2983 2775 in
3017 2722 3150 2791 ipsis
3179 2730 3485 2775 cernuntur
3514 2720 3691 2772 admi-

2120 2815 2346 2879 rabilia,
2396 2813 2641 2883 perfecta
2686 2824 2849 2876 sunt,
2909 2816 3198 2884 primaque
3246 2812 3341 2868 Dei
3409 2812 3693 2866 voluntate

2122 2907 2308 2961 statim
2338 2907 2563 2960 omnino
2596 2921 2780 2961 rerum
2811 2906 3224 2960 universitatem
3259 2905 3564 2969 exstitisse,
3602 2919 3697 2958 or-

2122 2997 2421 3068 dinemque
2479 2999 2771 3068 sapientia:
2830 2999 2887 3052 in
2944 2998 3081 3069 ipsis
3148 2997 3327 3051 insitae
3377 2996 3697 3051 necessario

2050 3136 2091 3192 Ο
2125 3098 2534 3161 permanentem
2554 3091 2866 3144 divinorum
2887 3090 3273 3144 mandatorum
3295 3088 3401 3143 vim
3420 3098 3474 3143 et
3496 3088 3697 3143 seriem

2125 3182 2393 3236 obtinere.
2443 3180 2687 3235 Breviter
2732 3181 2877 3235 enim
2930 3196 3141 3242 rerum,
3190 3194 3316 3248 quae
3366 3194 3535 3234 sensu
3571 3193 3695 3248 per-

2123 3272 2425 3341 cipiuutur,
2481 3272 2926 3341 procreationem
2988 3273 3383 3341 complectens,
3432 3272 3697 3325 mundum

2126 3364 2442 3417 universum
2468 3363 2728 3426 ostendit,
2762 3382 2781 3415 ι
2802 3363 2858 3417 ln
2882 3363 3176 3434 principio,
3212 3384 3229 3415 ι
3268 3364 3549 3433 inquiens,
3571 3383 3586 3413 ι
3619 3363 3699 3417 t‘e—

2124 3454 2199 3507 cit
2232 3451 2379 3507 Deus
2420 3452 2622 3507 caelum
2654 3461 2708 3505 et
2736 3461 2961 3507 terram.
2987 3472 3005 3503 ι
3043 3452 3256 3518 Quibus
3294 3451 3474 3505 verbis
3508 3465 3696 3505 rerum

2125 3543 2491 3599 universitate
2540 3543 2979 3613 comprehensa,
3048 3543 3315 3612 deinceps
3383 3543 3696 3595 naturalem

2126 3634 2414 3705 quemdam
2442 3635 2788 3705 singulorum
2821 3636 3073 3691 ordinem
3108 3634 3479 3705 persequitur.
3518 3631 3698 3686 Simul

2125 3726 2293 3797 igitur
2335 3740 2461 3779 cum
2513 3725 2746 3794 reliquis
2794 3725 2960 3779 rebus
3014 3724 3273 3778 omnibus
3329 3728 3587 3793 generata
3617 3728 3700 3771 est

2126 3819 2242 3881 lux,
2288 3816 2384 3872 sed
2429 3831 2539 3871 non
2588 3817 2861 3885 extemplo
2913 3816 3080 3870 rebus
3128 3814 3386 3870 omnibus
3421 3812 3697 3882 praelusit,

2125 3909 2369 3980 quandiu
2408 3918 2591 3977 partes
2620 3923 2803 3962 rerum
2835 3907 3086 3962 obscurae
3118 3907 3225 3960 vim
3260 3906 3381 3975 ejus
3416 3905 3699 3958 illustran-

2126 4008 2236 4053 tem
2272 3996 2710 4066 impediverunt;
2757 4005 2811 4049 at
2844 3997 3008 4051 simul
3063 4007 3230 4066 atque
3266 3996 3409 4049 ratio
3435 4010 3698 4048 concessa

2125 4093 2212 4142 est
2264 4101 2294 4139 a
2327 4085 2461 4152 Deo,
2501 4086 2658 4158 ignea
2688 4086 2772 4141 vis
2797 4086 3114 4141 illustrandi
3142 4080 3696 4154 prmfulsitomnibus,

2127 4179 2343 4249 sibique
2388 4189 2595 4233 natura:
2633 4178 2872 4243 levitate,
2924 4192 2989 4231 ac
3043 4177 3369 4242 mobilitate,
3419 4172 3695 4243 patefacta

2126 4272 2236 4336 via,
2287 4271 2580 4342 prosilivit.
2641 4271 2719 4325 Ac
2767 4278 2901 4325 tunc
2958 4269 3180 4339 quidem
3224 4270 3478 4323 universa
3528 4266 3584 4318 in
3640 4281 3700 4318 se

2126 4371 2321 4419 coacta
2357 4363 2622 4417 mundum
2650 4363 2840 4417 obibat
2871 4380 2885 4417 :
2918 4377 3043 4416 mox
3097 4367 3281 4414 autem
3315 4356 3555 4428 propriis
3585 4371 3712 4425 par-

443 4460 522 4531 τῷ
558 4461 777 4531 δοθῆναι
824 4461 977 4532 παρά
1012 4460 1104 4514 τοῦ
1145 4459 1281 4513 Θεοῦ
1308 4463 1374 4531 τῇ
1403 4460 1577 4513 κτίσει
1606 4458 1743 4530 πρὸς
1774 4458 1872 4530 τὴν
1903 4458 2021 4511 δια-

2127 4455 2275 4510 tibus
2307 4455 2360 4508 in
2386 4470 2472 4520 ea,
2498 4469 2621 4523 qua:
2664 4453 2768 4509 sibi
2806 4461 3041 4523 cognata
3074 4451 3485 4520 conjunctaque
3519 4455 3698 4507 erant,

446 4552 713 4621 κόσμησιν
755 4552 923 4622 αὐτῆς
962 4552 1023 4604 τὸ
1074 4551 1371 4621 ἐνδόσιμον,
1415 4552 1449 4619 η
1507 4550 1763 4621 πυρώδης
1818 4566 1878 4602 τε
1924 4551 2021 4602 καὶ¹

446 4642 743 4713 φωτιστικὴ
789 4642 1017 4712 δύναμις
1068 4643 1169 4712 τῆς
1217 4642 1448 4703 κτίσεως
1506 4642 1787 4713 προεφάνη
1831 4642 1891 4693 ἑν
1944 4639 2023 4711 τῷ

445 4731 631 4801 κούφῳ
684 4734 777 4786 καὶ
825 4735 1091 4803 εὐκινήτῳ
1139 4734 1240 4804 τῆς
1280 4732 1528 4803 φύσεως,
1577 4732 2021 4804 προεξαλλομένη

443 4823 551 4875 τῶν
582 4823 776 4878 ἄλλων.
828 4825 940 4877 Καὶ
990 4828 1129 4888 τέως
1177 4826 1274 4897 μὲν
1335 4821 1405 4897 ἦν
1443 4826 1595 4879 πᾶσα
1638 4824 1766 4895 περὶ
1813 4825 2021 4894 ἑαυτὴν

444 4914 775 4987 ἠθροισμένη
807 4917 900 4969 καὶ
928 4916 1295 4991 περιπολοῦσα
1322 4918 1383 4971 τὸ
1416 4919 1524 4971 πᾶν
1544 4932 1557 4946 ·
1590 4916 1728 4988 μετὰ
1759 4914 1917 4969 τοῦτο
1959 4915 2019 4969 δὲ

447 5005 608 5059 πάλιν
659 5010 772 5071 τοῖς
820 5008 969 5072 ίδίοις
1017 5009 1225 5080 μορίοις
1274 5007 1411 5079 πρὸς
1453 5007 1523 5061 τά
1549 5008 1787 5079 συγγενῆ
1833 5024 1892 5060 τε
1924 5006 2020 5060 καὶ

447 5099 757 5171 κατάλληλα
793 5100 1145 5173 διακρίνεται.
1183 5102 1349 5172 Δῆλον
1388 5100 1496 5172 γάρ
1537 5102 1602 5153 ἑκ
1654 5099 1763 5152 τῶν
1803 5098 2017 5170 ὁρωμέ-

446 5211 571 5257 νων,
610 5195 692 5247 ὂτι
736 5194 797 5247 οὐ
836 5196 933 5266 μία
962 5197 1060 5265 τῆς
1084 5196 1414 5266 φωτιστικῆς
1442 5192 1655 5264 φύσεώς
1695 5194 1839 5244 ἑστιν
1864 5193 1899 5261 ἡ
1927 5190 2021 5243 δύο

2126 4548 2298 4603 divisa
2339 4556 2442 4604 est.
2498 4547 2653 4614 Quod
2703 4554 2888 4601 autem
2934 4545 3057 4614 ejus
3106 4552 3305 4597 natura
3348 4558 3459 4596 non
3511 4544 3582 4596 sit
3636 4558 3701 4596 ex

2123 4641 2213 4704 iis,
2243 4654 2366 4709 qua:
2396 4638 2668 4701 videntur,
2704 4637 3057 4707 perspicuum
3094 4646 3201 4690 est.
3248 4632 3305 4686 Si
3350 4632 3477 4702 quis
3516 4641 3699 4685 taiuuu

2125 4733 2303 4787 lucem
2330 4747 2395 4787 ex
2432 4730 2692 4786 omnibus
2724 4737 2973 4783 coactam
3007 4742 3173 4781 unam
3209 4742 3335 4781 esse
3375 4740 3575 4794 genere
3618 4724 3700 4776 di-

2125 4832 2236 4889 cat,
2294 4839 2406 4878 non
2466 4823 2697 4887 errabit,
2761 4822 2984 4892 quando
3031 4821 3254 4874 divinus
3306 4819 3472 4873 etiam
3517 4832 3700 4873 sermo

2128 4916 2397 4986 singulari
2447 4930 2582 4970 voce
2638 4916 2953 4969 universam
3004 4914 3296 4984 signiﬁcat,
3351 4912 3697 4982 prazcipiens,

2129 5017 2189 5062 ut
2215 5008 2340 5072 lux,
2377 5022 2486 5061 non
2518 5015 2721 5071 autem,
2767 5014 2826 5060 ut
2861 5007 3045 5077 plures
3075 5008 3229 5060 iiant.
3264 5005 3461 5060 Verum
3498 5004 3545 5058 si
3576 5006 3700 5072 quis

2128 5113 2214 5165 ea,
2235 5112 2355 5168 qua:
2385 5097 2665 5161 videntur,
2698 5097 2996 5166 aspexerit,
3028 5097 3387 5165 multiplicem
3420 5096 3701 5149 illustran-

2128 5191 2198 5245 tis
2230 5191 2486 5261 potentiae
2516 5189 2883 5245 differentiam
2934 5191 2989 5244 in
3025 5192 3194 5245 rebus
3244 5189 3662 5244 animadvertet.

444 5300 642 5355 ναμις·
682 5285 820 5339 ἀλλά
857 5286 934 5356 τῷ
979 5287 1075 5357 μὲν
1128 5284 1331 5356 γενικῷ
1366 5284 1508 5354 λόγῳ
1552 5283 1609 5336 ἓν
1662 5300 1744 5346 τις
1793 5282 2073 5352 ὀνομάζων
2112 5283 2228 5352 φῶς
2267 5283 2329 5337 τὸ
2368 5286 2433 5337 ἑκ
2475 5284 2694 5338 πάντων
2738 5282 3156 5354 ἀθροιζόμενον,
3199 5281 3300 5334 οὐκ
3328 5279 3394 5333 ἂν
3434 5280 3702 5351 ἁμάρτοι,

446 5379 566 5432 ἐπεὶ
591 5379 687 5432 καὶ
706 5382 735 5432 6
765 5378 906 5442 θεῖος
934 5379 1088 5447 λόγος
1115 5382 1181 5451 τῇ
1214 5379 1364 5448 ἑνικῇ
1400 5378 1551 5447 φωνῇ
1581 5376 1862 5447 καταρχὰς
1883 5376 1945 5428 τὸ
1977 5376 2084 5427 πᾶν
2111 5376 2486 5447 διασημαίνει,
2531 5376 2666 5445 φῶς,
2713 5377 2832 5447 οὐχὶ
2862 5376 3015 5453 φῶτα
3049 5374 3345 5446 γενηθῆναι
3372 5376 3701 5445 προστάξας.

448 5474 508 5526 Εἰ
541 5472 599 5524 δὲ
620 5471 757 5543 πρὸς
786 5471 855 5524 τὰ
884 5472 1182 5542 φαινόμενα
1211 5470 1397 5542 βλέποι
1422 5484 1524 5536 τις,
1566 5467 1766 5539 πολλὴν
1796 5469 1893 5538 τὴν
1920 5467 2021 5538 τῆς
2048 5469 2383 5539 φωτιστικῆς
2417 5469 2696 5541 δυνάμεως
2728 5469 2987 5540 διαφοράν
3016 5470 3072 5521 ἑν
3101 5470 3213 5531 τοῖς
3244 5463 3363 5519 οὖσι
3385 5468 3586 5537 κατόψε
3601 5486 3697 5521 ται.

518 5564 678 5618 Ὅθεν
718 5564 813 5617 καὶ
868 5566 897 5618 6
926 5563 1232 5635 Ψαλμῳδός
1286 5580 1476 5635 φησιν·
1539 5580 1557 5613 ι
1593 5560 1684 5630 Τῷ
1740 5562 2023 5632 ποιήσαντι

447 5657 600 5726 φῶτα
652 5657 866 5728 μεγάλα
916 5658 1078 5729 μόνῳ.
1116 5679 1150 5713 ν»
1182 5658 1330 5723 Καὶ,
1367 5676 1387 5710 ι
1440 5655 1609 5726 ’Ἄλλη
1639 5655 1765 5720 δόξα
1799 5656 1973 5726 ἡλίου,
1999 5676 2017 5708 δ

517 5841 564 5873 ⁸³
589 5840 735 5897 Psal.
764 5857 960 5904 ωιτν,
986 5843 1037 5898 ι.

2198 5560 2542 5631 Quapropter
2590 5562 2754 5615 etiam
2805 5560 3076 5631 Propheta
3130 5560 3315 5616 dicit:
3355 5579 3373 5610 ι
3415 5559 3518 5627 Qui
3571 5560 3698 5613 lacit

2131 5655 2422 5710 luminaria
2452 5668 2646 5724 magna
2680 5653 2914 5709 solus“.
2945 5672 2965 5705 ›
2994 5652 3058 5708 Ει
3078 5653 3372 5724 Apostolus
3405 5670 3418 5705 :
3450 5670 3469 5705 ι
3504 5651 3645 5717 Alia,
3676 5670 3694 5703 ι
