4046 6350
352 377 449 436 H5

1574 374 1628 430 S.
1665 369 1997 429 'GREGOBII
2035 364 2327 423 NYSSENI

3481 348 3586 409 116

347 494 546 563 inquit,
595 509 614 542 ι
642 497 728 548 est
761 491 988 548 claritas
1014 491 1172 557 solis,
1205 491 1309 546 alia
1342 490 1567 547 claritas
1612 493 1777 556 lunae,
1803 491 1910 545 alia

2026 488 2174 558 ρησὶν
2206 487 2235 539 ό
2262 482 2611 543 Ἀπόστολος,
2669 495 2689 529 σ
2718 475 2813 531 καὶ
2859 471 2993 563 ἄλλη
3035 466 3161 563 δόξα
3185 467 3450 563 σελήνης,
3486 468 3588 563 ,καὶ

352 581 577 638 claritas
626 583 911 638 stellarum
945 602 960 638 :
996 583 1157 639 stella
1196 584 1343 638 enim
1385 581 1569 638 differt
1602 598 1633 637 a
1670 582 1827 638 stella
1858 581 1916 639 in

350 670 602 731 claritate
644 675 723 744 3‘;
773 695 806 740 ι,
840 676 1030 745 itaque
1076 676 1247 732 multa
1305 675 1449 732 lucis
1509 673 1735 729 omnino
1790 681 1919 728 sunt

348 766 693 821 discrimina.
722 766 788 821 Et
818 782 1132 837 quanquam
1156 767 1363 831 omnia,
1389 781 1511 836 qure
1533 765 1739 820 Paulus
1773 779 1916 819 enu-

350 857 603 922 meravit,
627 856 937 912 illustrandi
957 859 1067 913 vim
1097 858 1321 923 habent,
1345 865 1401 913 et
1443 872 1543 912 sua
1567 854 1917 926 unumquod-

350 963 458 1018 que
522 956 795 1020 potestate
856 950 1217 1021 claritateque
1283 948 1799 1019 comprehenditur,
1859 957 1920 1003 ut

351 1051 551 1097 cuncta
603 1043 881 1098 communi
932 1044 1155 1098 nomine
1197 1042 1290 1096 lux
1338 1055 1451 1096 una
1507 1049 1659 1096 recte
1705 1040 1921 1111 possint

350 1131 639 1203 appellari,
685 1141 849 1188 certae
893 1141 1076 1188 tamen
1125 1132 1179 1186 in
1223 1132 1311 1186 his
1344 1131 1733 1200 distinctaeque
1761 1128 1918 1186 diffe-

351 1223 542 1277 rentiae
585 1231 927 1292 spectantur.
964 1220 1095 1288 Quae
1126 1236 1252 1276 cum
1277 1222 1353 1276 ita
1382 1237 1443 1277 se
1473 1222 1723 1283 habeant,
1757 1236 1858 1277 nos
1886 1236 1918 1275 a

354 1327 484 1368 vero
505 1313 730 1368 minime
758 1327 1079 1369 recessuros
1106 1311 1379 1376 existimo,
1411 1311 1457 1367 si
1495 1312 1818 1376 dixerimus,
1843 1310 1919 1366 ita

351 1403 555 1460 Mosem
608 1404 948 1461 intellexisse
1007 1420 1022 1458 :
1089 1404 1253 1458 initio
1310 1404 1529 1474 quidem
1578 1411 1750 1457 totam
1807 1403 1915 1456 vim

351 1493 668 1549 illustrandi
717 1494 773 1549 in
818 1509 988 1549 unum
1027 1501 1413 1565 congregatam
1455 1493 1630 1549 fuisse
1663 1507 1917 1555 :verum,

351 1597 478 1638 cum
529 1584 717 1639 multae
759 1591 945 1641 essent
992 1585 1048 1639 in
1114 1584 1422 1642 subtilitate
1465 1583 1914 1654 mobilitateque,

350 1683 619 1745 quantum
684 1673 752 1730 ad
800 1674 1064 1744 majorem
1113 1676 1494 1744 minoremque
1544 1674 1917 1744 praestantiam
1956 1710 1976 1729 ι

352 1764 612 1834 pertinet,
651 1764 705 1818 in
735 1763 1109 1819 universitatis
1150 1774 1347 1818 natura
1384 1763 1727 1829 differentiae,
1754 1764 1920 1818 trium

2016 554 2149 649 άλλη
2202 574 2331 640 δόξα
2383 571 2657 641 ἀστέρων·
2707 563 2882 635 ἀστὴρ
2935 560 3046 630 γὰρ
3069 556 3296 649 ἀστέρς
3331 554 3588 649 διαφέρει

2015 671 2075 723 ἐν
2098 643 2223 739 δόξῃ
2241 706 2256 732 ,
2292 684 2311 715 ι
2344 663 2419 726 ὡς
2444 660 2647 730 πολλῆς
2675 656 2892 717 πάντως
2909 652 3008 722 τῆς
3039 646 3260 739 κατὰτὸ
3280 645 3397 714 φῶς
3421 643 3589 739 οίισης

2015 736 2295 829 διαφοράς.
2341 754 2404 807 Ei
2423 752 2533 824 γὰρ
2559 750 2655 804 καί⁵
2680 747 2861 801 πάντα
2887 742 3144 813 φωτίζειν
3166 738 3409 829 πέφυκεν
3439 736 3541 790 ὅσα
3559 737 3590 789 ό

2016 828 2225 914 Παῦλος
2258 846 2699 918 ἀπηριθμήσατο,
2727 840 2823 894 καὶ
2838 838 3067 891 ἕκαστον
3092 836 3148 887 ἐν
3178 828 3450 900 ίδιαζούσῃ
3478 829 3590 882 τινὶ

2015 941 2240 1013 δυνάμει
2262 940 2357 993 καὶ
2389 936 2513 1008 δόξῃ
2543 929 3026 1002 καταλαμϐάνεται
3044 941 3058 954 °
3105 920 3287 986 καλῶς
3338 922 3406 1013 ἂν
3451 919 3587 1013 έχοι,

2017 1034 2075 1087 ἓν
2112 1010 2227 1103 φῶς
2266 1029 2334 1084 τὰ
2358 1028 2532 1082 πάντα
2568 1022 2713 1078 κατὰ
2746 1022 2838 1074 τὸν
2867 1018 3083 1088 γενικὸν
3115 1011 3478 1085 ὀνομάζεσθαι
3504 1010 3589 1064 λό-

2016 1141 2133 1194 γον,
2155 1122 2456 1192 ἀσύγχυτον
2486 1119 2542 1172 δέ
2563 1117 2657 1171 καὶ
2682 1111 3019 1185 διῃρημένην
3037 1108 3139 1178 τὴν
3158 1109 3216 1159 ἐν
3239 1105 3448 1167 τούτοις
3471 1103 3588 1157 δια-

2019 1213 2191 1286 φορὰν
2227 1212 2471 1282 θεωρεῖν.
2512 1209 2575 1261 Εἰ
2608 1205 2667 1259 δὲ
2691 1204 2863 1257 ταῦτα
2884 1199 3073 1255 τοῦτον
3103 1196 3215 1267 ἔχει
3242 1195 3335 1249 τὸν
3365 1194 3586 1286 τρόπον,

2017 1283 2116 1358 οὐκ
2138 1304 2205 1357 ἂν
2221 1297 2374 1372 οἶμαι
2389 1297 2708 1369 διαμαρτεῖν
2731 1295 2830 1364 τῆς
2850 1288 3168 1350 ἀκολουθίας
3186 1287 3285 1356 τὴν
3302 1283 3481 1356 ’ἡμετέ
3490 1300 3589 1355 ραν

2019 1392 2306 1464 ὑπόληψιν,
2319 1395 2366 1445 εἰ
2377 1389 2535 1444 τοῦτο
2550 1385 2808 1442 ὑπολάὸοι
2816 1399 2914 1455 μεν
2925 1379 3241 1448 νενοηκέναι
3257 1378 3349 1431 τὸν
3368 1376 3586 1430 Μωσέα·

2017 1487 2100 1540 ὅτι
2126 1482 2406 1553 καταρχὰς
2421 1481 2518 1550 μὲν
2536 1481 2684 1535 πᾶσα
2699 1480 2732 1548 ἠ
2753 1472 3054 1546 φωτιστικὴ
3074 1470 3300 1540 δύναμις
3323 1469 3459 1540 πρὸς
3473 1470 3593 1521 ἐαυ-

2018 1576 2116 1648 τὴν
2131 1572 2479 1646 ἀθροισθεῖσα
2502 1571 2560 1624 ἓν
2576 1570 2791 1638 ἐγένετο
2806 1567 2944 1636 φῶς·
2962 1565 3085 1618 ἐπεὶ
3096 1564 3150 1617 δὲ
3167 1560 3334 1632 πολλή
3352 1578 3434 1623 τις
3444 1556 3511 1630 ῆν
3533 1561 3591 1611 ἐν

2018 1666 2097 1737 τῷ
2117 1663 2295 1735 λεπτῷ
2314 1681 2374 1717 τε
2401 1663 2494 1716 καὶ
2522 1662 2790 1732 εὑκινήτῳ
2818 1659 2968 1731 παρὰ
2999 1658 3062 1713 τὸ
3096 1657 3293 1729 μᾶλλον
3314 1653 3406 1707 καὶ
3429 1648 3589 1724 ἧττον

2020 1760 2054 1830 ὴ
2072 1756 2304 1828 διαφορὰ
2353 1757 2410 1808 ἐν
2432 1756 2497 1824 τῇ
2518 1753 2624 1806 τῶν
2643 1752 2779 1806 ὅλων
2810 1751 2969 1822 φύσει
2997 1747 3365 1822 θεωρουμένη,
3388 1746 3590 1816 ἢρκεσε

352 1857 563 1912 dierum
597 1856 834 1926 spatium
871 1855 1047 1912 fuisse
1073 1860 1210 1912 satis
1246 1855 1313 1912 ad
1349 1872 1469 1912 eam
1506 1871 1633 1928 vera
1665 1864 1921 1926 certaque

2026 1851 2079 1904 τὸ
2110 1851 2405 1922 τριήμερον
2442 1846 2632 1916 χρόνου
2656 1843 2956 1916 διάστημα,
2988 1844 3090 1911 τὴν
3126 1842 3356 1896 ἑκάστου
3385 1837 3590 1890 τούτων

351 1946 568 2003 ratione
599 1947 1064 2018 distinguendam,
1111 1958 1191 2014 ut,
1235 1948 1381 2018 quod
1425 1950 1481 2001 in
1527 1957 1726 2001 natura
1765 1948 1923 2019 ignea

354 2036 592 2092 maxime
633 2044 752 2092 erat
795 2036 1015 2103 subtile,
1061 2053 1126 2094 ac
1158 2038 1293 2105 leve,
1344 2044 1400 2092 et
1449 2053 1586 2108 pure
1619 2054 1651 2093 a
1695 2039 1925 2094 materia

355 2137 648 2193 remotum,
680 2144 955 2185 summum
996 2145 1201 2198 rerum,
1250 2146 1372 2202 quae
1414 2132 1519 2186 Sllb
1564 2146 1786 2187 sensum
1827 2147 1922 2186 C3-

353 2217 514 2281 dunt,
549 2215 831 2286 fastigium
864 2216 1137 2272 obtineret
1166 2234 1180 2270 :
1207 2216 1310 2271 hoc
1337 2231 1466 2271 vero
1492 2216 1846 2286 intelligibilis
1868 2223 1924 2273 et

355 2305 681 2375 incorporea
710 2311 907 2359 natura
950 2304 1228 2359 admittit:
1257 2305 1404 2372 quod
1450 2313 1629 2359 autem
1670 2305 1921 2371 inertius,

356 2410 423 2450 ac
444 2395 692 2466 segnius,
724 2395 866 2449 intra
898 2394 1204 2450 subtilioris
1230 2393 1562 2463 leviorisque
1583 2395 1921 2463 complexum

354 2486 720 2552 consisteret;
764 2490 820 2540 et
855 2486 959 2539 hoc
994 2499 1216 2540 rursum
1254 2499 1321 2540 ex
1362 2484 1539 2539 insitze
1575 2482 1924 2554 proprietatis

355 2576 661 2633 differentia
692 2577 749 2632 in
790 2587 995 2647 septem
1030 2577 1170 2632 lucis
1200 2584 1384 2647 partes
1419 2575 1776 2641 divideretur,
1807 2590 1926 2629 om-

355 2683 455 2722 nes
496 2667 639 2723 inter
678 2682 739 2723 se
782 2668 989 2724 similes
1084 2677 1249 2738 atque
1299 2674 1595 2738 cognatas,
1649 2667 1926 2736 sejunctas

355 2773 540 2819 autem
571 2780 603 2819 a
631 2764 816 2831 rebus,
837 2780 958 2834 qua:
973 2765 1173 2820 diversi
1195 2764 1411 2835 generis
1436 2763 1630 2817 forent.
1656 2760 1926 2817 Omnibus

353 2869 485 2924 ergo
515 2854 819 2923 particulis,
852 2869 972 2924 qua:
1000 2854 1055 2908 in
1090 2854 1224 2909 solis
1272 2853 1638 2908 illustrantem
1672 2861 1924 2905 naturam

354 2944 623 3015 conjecta:
669 2953 839 3009 sunt,
882 2943 1343 3000 concurrentibus
1372 2983 1388 3008 ,
1448 2957 1618 2997 unum
1665 2940 1926 3011 quiddam

353 3051 614 3107 magnum
641 3037 890 3093 effectum
930 3045 1034 3094 est.
1068 3036 1227 3104 Quod
1262 3035 1449 3091 itidem
1481 3034 1661 3090 evenit
1685 3034 1738 3088 in
1775 3033 1925 3097 luna,

354 3130 679 3197 ceterisque
692 3138 804 3182 tum
821 3126 1132 3182 errantibus
1150 3134 1264 3179 tum
1280 3140 1387 3178 non
1404 3124 1713 3179 errantibus
1729 3123 1924 3185 stellis,

2020 1943 2290 2012 διάκρισιν
2327 1937 2543 2009 τρανῶς
2580 1954 2642 1990 τε
2688 1938 2782 1991 καὶ
2819 1934 3140 2005 άσυγχύτως
3197 1932 3293 1985 ἀπ’
3347 1928 3590 1999 ἀλλήλων

2022 2032 2368 2104 ποιήσασθαι,
2417 2030 2556 2082 ὥστε
2593 2028 2654 2082 τὸ
2697 2028 2795 2099 μὲν
2818 2027 3003 2098 ἄκρως
3031 2024 3226 2077 λεπτόν
3246 2039 3308 2076 τε
3343 2022 3438 2075 καὶ
3462 2018 3589 2073 κοῦ-

2023 2141 2122 2193 φον
2142 2123 2241 2192 τῆς
2268 2118 2767 2193 πυρώδουςοωίας,
2785 2117 2880 2170 καὶ
2907 2112 3161 2185 καθαρῶς
3193 2112 3353 2165 άῦλον
3371 2150 3385 2174 ,
3417 2113 3473 2164 ἐν
3511 2108 3590 2177 τῷ

2022 2214 2308 2286 ἀκροτάτῳ
2345 2210 2594 2280 γενέσθαι
2629 2208 2727 2276 τῆς
2772 2207 3035 2278 αἰσθητῆς
3079 2206 3310 2265 κτίσεως
3358 2202 3524 2273 (ὅπερ
3554 2201 3599 2277 ἡ.

2022 2305 2184 2375 νοητή
2231 2319 2290 2353 τε
2325 2301 2419 2353 καὶ
2457 2297 2748 2368 ἀσώματος
2797 2296 3098 2364 διαδέχεται
3141 2291 3333 2363 φύσις)
3356 2309 3371 2322 ο
3423 2291 3484 2343 τὸ
3531 2289 3589 2342 δὲ

2023 2392 2318 2465 ἀργότερον
2375 2408 2435 2442 τε
2473 2389 2569 2442 καὶ
2607 2386 3042 2457 ναρκωδέστερον
3092 2384 3270 2449 ἅπαν,
3315 2382 3465 2445 ἐντὸς
3490 2379 3592 2449 τῆς

2024 2485 2286 2559 περιοχῆς
2334 2483 2428 2537 τοῦ
2470 2479 2668 2534 λεπτοῦ
2720 2494 2781 2531 τε
2820 2478 2917 2530 καὶ
2954 2475 3157 2544 κούφου
3190 2473 3317 2543 περὶ
3395 2472 3588 2526 ἑαυτοῦ

2025 2577 2311 2646 συστῆναι·
2351 2573 2510 2628 τοῦτο
2548 2570 2605 2624 δὲ
2665 2568 2826 2623 πάλιν
2869 2570 3010 2621 κατά
3050 2567 3147 2635 τὴν
3188 2560 3453 2633 διαφορὰν
3492 2560 3591 2627 τῆς

2025 2667 2350 2739 ἐγκειμένης
2383 2663 2530 2734 αὐτῷ
2555 2662 2811 2731 ἰδιότητος
2842 2660 3050 2728 ἑπταχῆ
3078 2655 3420 2729 μερισθῆναι·
3453 2653 3591 2706 πάν-

2025 2780 2133 2818 των
2176 2761 2284 2814 τῶν
2327 2757 2670 2828 καταλλήλων
2711 2771 2773 2806 τε
2813 2752 2908 2806 καὶ
2946 2749 3230 2821 ὁμοφύλων
3272 2745 3367 2799 τοῦ
3417 2742 3592 2813 φωτὸς

2031 2856 2232 2927 μορίων
2280 2851 2526 2922 ἀλλήλοις
2548 2847 2691 2902 κατά
2711 2846 2772 2899 τὸ
2793 2843 3051 2913 συγγενὲς
3074 2859 3136 2893 συ
3146 2839 3426 2910 μφυέντων
3443 2876 3474 2927 ,μ
3497 2834 3594 2888 καὶ

2028 2924 2135 3003 ἀπδ
2167 2944 2274 2999 τῶν
2310 2940 2639 3013 ἐτερογενῶς
2674 2937 2906 3009 ἐχόντων
2948 2930 3355 3001 διακριθέντων.
3407 2924 3593 2987 Οὕτως

2028 3035 2120 3094 οὖν
2142 3039 2264 3091 ὅσον
2299 3038 2356 3087 ἐν
2386 3037 2453 3105 τῇ
2487 3030 2788 3101 φωτιστικῇ
2816 3025 2971 3095 οὐσίᾳ
3001 3025 3097 3094 τῆς
3121 3019 3351 3093 ἡλιακῆς
3382 3016 3594 3105 φόσεως

2029 3101 2452 3194 ἐνεσπαρμένων-
2476 3118 2692 3170 πάντων
2721 3115 2830 3167 τῶν
2871 3111 3074 3182 μορίων
3110 3106 3312 3161 τούτων
3344 3104 3480 3174 πρὸς
3501 3101 3610 3194 ἆλέ.

356 3227 418 3272 ιιι
441 3218 701 3273 similium
725 3218 995 3288 cujusque
1020 3216 1413 3288 particularum
1431 3230 1738 3270 concursus
1759 3229 1923 3269 unam

2026 3217 2163 3288 ληλα
2184 3211 2614 3282 συνδραμόντων,
2638 3205 2694 3260 ἓν
2739 3205 2883 3275 μέγα
2938 3201 3151 3269 ἐγένετο
3172 3213 3187 3231 ⁸
3217 3193 3596 3288 ὼσαύτωςκαὶ

357 3307 599 3377 aliquam
628 3322 818 3362 earum
846 3306 1111 3374 efficeret;
1141 3312 1304 3375 atque
1331 3304 1409 3362 ita
1441 3319 1632 3359 omnes
1665 3303 1929 3358 confectae

358 3405 512 3453 sunt.
555 3397 860 3453 Contentus
900 3405 1080 3453 autem
1103 3397 1303 3469 Moses,
1331 3413 1396 3453 ex
1423 3396 1490 3452 iis
1517 3396 1786 3451 luminare
1806 3406 1928 3449 tan-

357 3496 474 3543 tum
503 3487 682 3557 majus
709 3496 764 3544 et
803 3488 1069 3544 luminare
1104 3490 1288 3544 minus
1336 3487 1673 3549 nominasse,
1703 3495 1929 3541 caeteras

357 3593 550 3635 omnes
583 3580 859 3634 communi
919 3580 1139 3635 nomine
1181 3580 1369 3635 stellas
1419 3578 1729 3647 appellavit.
1771 3577 1928 3644 Quod

367 3678 552 3728 autem
581 3669 843 3743 fatigetur
871 3688 1027 3728 mens
1055 3680 1263 3739 nostra,
1284 3680 1339 3726 et
1361 3673 1600 3741 pondere
1620 3685 1720 3725 suo
1739 3686 1929 3740 pressa

366 3779 480 3819 non
514 3764 688 3834 possit
733 3764 930 3819 divinae
978 3765 1259 3834 sapientia:
1287 3764 1653 3820 subtilitatem
1686 3764 1927 3833 assequi,

356 3872 520 3912 nemo
564 3855 898 3920 admiretur,
957 3856 1052 3911 sed
1108 3863 1314 3909 naturae
1358 3862 1559 3909 nostrae
1608 3853 1928 3908 tenuitatem

356 3936 629 4015 excuset;
676 3961 801 4002 cum
837 3960 945 4017 qua
986 3947 1247 4016 praeclare
1289 3948 1489 4017 agitur,
1539 3960 1649 3998 non
1690 3944 1736 3998 si
1778 3944 1929 3997 nulla

357 4042 499 4095 inte
550 4039 913 4106 aberraverit,
960 4039 1058 4096 sed
1104 4041 1152 4095 si
1196 4041 1279 4096 vel
1330 4055 1494 4093 unam
1537 4038 1798 4109 consequi
1833 4053 1931 4108 po-

358 4131 547 4185 tuerit.
590 4130 719 4186 Haec
766 4139 948 4187 autem
981 4131 1128 4197 dico,
1164 4132 1294 4187 illuc
1324 4131 1649 4200 respiciens,
1689 4145 1810 4199 qua:
1860 4130 1930 4183 sit

357 4222 499 4276 ratio
546 4221 712 4293 hujus
735 4224 902 4276 trium
953 4222 1170 4279 dierum
1206 4222 1390 4292 spatii,
1426 4222 1573 4291 quod
1604 4221 1739 4277 satis
1767 4219 1931 4274 fuerit

357 4312 426 4366 ad
478 4328 541 4368 ea
590 4312 1003 4385 distinguenda,
1037 4330 1159 4385 quae
1192 4314 1312 4368 luce
1358 4312 1583 4384 praedita
1641 4320 1791 4366 sunt.
1834 4309 1930 4365 Est

356 4404 502 4458 enim
534 4405 717 4475 aliqua
760 4405 1024 4460 nimirum
1065 4406 1236 4470 ratio,
1280 4406 1408 4460 licet
1446 4404 1797 4473 praestantior
1835 4403 1927 4467 sit,

2028 3285 2122 3362 ἐπὶ
2153 3309 2253 3377 τῆς
2294 3303 2523 3373 σελήνης
2549 3300 2642 3353 καὶ
2664 3299 2750 3366 ἐφ’
2773 3295 3002 3348 ἑκάστου
3028 3291 3134 3345 τῶν
3162 3289 3338 3344 ἄλλων
3364 3285 3472 3339 τῶν
3492 3301 3593 3336 πε-

2028 3396 2386 3469 πλανημένων
2434 3389 2663 3447 καὶτῶν
2697 3383 3211 3455 κατεστηριγμένων
3247 3379 3523 3469 άστέρωι,
3560 3377 3594 3445 ἡ

2028 3492 2164 3564 πρὸς
2192 3468 2261 3542 τὰ
2281 3484 2514 3558 ὁμογενῆ
2539 3482 2647 3536 τῶν
2668 3479 2898 3534 ἑκάστου
2921 3476 3124 3547 μορίων
3143 3468 3515 3564 συνδρομὴ,ᾼ’ἐν
3541 3485 3594 3519 τι

2027 3560 2134 3637 τῶν
2156 3578 2490 3649 φαινομένων
2512 3573 2784 3643 ἐποίησενο
2809 3570 2902 3622 καὶ
2920 3568 3060 3620 οὓτω
3080 3565 3147 3618 τά
3162 3567 3339 3621 πάντα
3354 3560 3591 3629 ἐγένετο.

2041 3673 2101 3727 Ἡ
2111 3672 2309 3745 ρκέσθη
2324 3669 2379 3723 δὲ
2400 3670 2429 3721 ὁ
2452 3667 2621 3738 μέγας
2641 3662 2848 3734 Μωσῆς
2864 3660 2933 3713 τά
2944 3655 3339 3729 γνωριμώτερα
3360 3652 3518 3745 μόνον
3537 3651 3596 3745 έν

2027 3740 2239 3828 τοότοις
2272 3758 2675 3829 κατονομάσας,
2719 3755 2811 3808 τὸν
2851 3752 3023 3824 μέγαν
3059 3747 3320 3823 φωστῆρα
3370 3743 3465 3797 καλ⁵
3503 3740 3595 3794 τὸν

2028 3859 2267 3922 ἐλάσσω,
2296 3854 2364 3908 τά
2387 3853 2520 3907 ἄλλα
2563 3850 2738 3904 πάντα
2769 3846 3002 3916 γενικῶς
3030 3841 3356 3912 προσειπεῖν
3388 3834 3467 3904 τῷ
3486 3832 3596 3887 τῶν

2029 3947 2271 4019 ἀστέρων
2297 3944 2536 4014 ὀνόματι.
2560 3942 2623 3993 El.
2640 3940 2697 3992 δὲ
2717 3938 2901 4007 κάμνῃ
2917 3932 3074 4004 ἡμῶν
3106 3931 3140 4001 ἡ
3178 3928 3273 3983 τοῦ
3295 3927 3386 3980 νού
3419 3923 3595 4019 παχύ-

2027 4057 2147 4110 της,
2168 4015 2246 4109 μὴ
2269 4035 2543 4105 δυναμένη
2571 4034 2636 4102 τῇ
2659 4028 2947 4098 λεπτότητι
2973 4021 3305 4110 συνεξελθεῖν
3326 4019 3423 4087 τῆς
3446 4015 3594 4110 θείας

2032 4105 2256 4193 σοφίας,
2292 4119 2579 4189 ξενιζέσθω
2620 4118 2718 4188 μὲν
2768 4115 2955 4202 μηδεὶς
2994 4112 3130 4202 πρὸς
3172 4109 3269 4180 τὴν
3321 4105 3594 4202 πτωχείαν

2027 4217 2125 4287 τῆς
2159 4214 2370 4285 φύσεως
2401 4211 2556 4284 ἡμῶν
2583 4197 2903 4262 ἀποϐλέπων
2921 4210 2960 4269 ⁶,
3056 4201 3337 4272 ἀγαπητόν
3366 4201 3511 4253 ἐστιν
3533 4197 3596 4251 οὐ

2029 4310 2089 4362 τὸ
2125 4306 2350 4377 μηδενὸς
2393 4304 2730 4373 διαμαρτεῖν,
2760 4299 2895 4354 ἀλλὰ
2923 4298 2983 4350 τὸ
3006 4297 3121 4359 ἐνὸς
3153 4293 3281 4363 γοῦν
3320 4292 3597 4362 ἐπιτυχεῖν

1990 4446 1993 4449 λ
2030 4400 2344 4471 δυνηθῆναι.
2379 4395 2565 4450 Ταῦτα
2602 4395 2660 4447 δέ
2693 4410 2833 4462 φημι
2881 4389 3015 4461 πρὸς
3037 4389 3213 4440 ἐκεῖνο
3251 4384 3483 4454 βλέπων,
3513 4382 3597 4471 τίς

358 4508 522 4562 quam
560 4503 620 4547 ut
650 4510 769 4549 eam
802 4511 903 4551 nos
927 4496 1233 4564 intelligere
1258 4467 1559 4557 valeamus,
1591 4511 1696 4565 qua
1718 4503 1926 4564 tempo-

2031 4494 2060 4545 ὁ
2080 4467 2235 4559 λόγος
2270 4487 2363 4542 τοῦ
2399 4483 2698 4557 τριημέρου
2718 4480 2908 4534 τούτου
2935 4476 3317 4545 διαστήματος,
3343 4470 3483 4523 ὥστε
3506 4467 3597 4520 τὸν

2164 4580 2186 4588 ⁸
2420 4578 2431 4588 ¹
2578 4576 2590 4588 ⁸
2690 4573 2701 4588 ν
2855 4568 2947 4588 _-\
2970 4585 2985 4588 -
3020 4566 3113 4588 _.‘_-.
3146 4565 3372 4588 1.-..'.__-..
3403 4560 3508 4588 -.ἶ-ι
3541 4560 3597 4588 ι..

358 4584 438 4638 ris
490 4584 654 4653 hujus
702 4600 962 4641 mensura
990 4588 1155 4642 rebus
1185 4587 1386 4641 lucidis
1409 4587 1765 4657 disponendis
1794 4602 1930 4656 prae-

361 4677 565 4740 scripta
593 4684 699 4741 est,
746 4676 996 4733 adhibito
1038 4680 1305 4749 temporis
1338 4679 1499 4733 modo
1543 4687 1598 4734 et
1628 4681 1931 4749 quantitate

363 4768 601 4822 actionis
633 4767 777 4837 ignis
798 4768 853 4823 in
877 4776 1051 4834 motu,
1085 4770 1337 4840 factaque
1367 4772 1505 4827 lucis
1535 4770 1809 4826 divisione
1832 4787 1930 4841 pro

363 4874 553 4913 carum
583 4869 812 4923 natura,
852 4858 989 4915 adeo
1033 4868 1127 4928 ut,
1158 4877 1283 4916 cum
1324 4862 1437 4917 sint
1471 4863 1527 4917 in
1561 4865 1641 4917 eis
1674 4862 1927 4916 innume-

364 4948 564 5004 rabiles
601 4948 938 5015 differentiae,
980 4953 1037 5006 in
1088 4968 1189 5008 suo
1233 4962 1415 5009 tamen
1460 4954 1691 5023 singulae
1738 4953 1848 5008 situ
1901 4969 1930 5007 a

366 5040 602 5094 naturali
647 5045 981 5113 proprietate
1024 5044 1304 5100 collocata:
1349 5045 1479 5110 sint,
1525 5061 1635 5114 quo
1670 5046 1930 5099 nimirum

366 5139 575 5185 naturae
616 5131 700 5188 vis
751 5133 913 5189 insita
957 5135 1200 5206 singulas
1243 5136 1419 5191 duxit.
1474 5135 1587 5191 Nec
1641 5136 1751 5189 ulla
1800 5150 1933 5189 con—

367 5230 555 5276 secuta
600 5223 852 5281 confusio
895 5234 1001 5290 est,
1048 5235 1144 5281 aut
1167 5228 1525 5298 perturbatio,
1564 5236 1787 5297 propter
1839 5241 1931 5279 or-

367 5313 548 5368 dinem
596 5328 627 5367 a
675 5313 859 5370 divina
911 5317 1180 5387 sapientia
1236 5333 1333 5387 pro
1380 5316 1619 5371 naturali
1666 5315 1935 5385 cujusque

371 5404 698 5473 proprietate
740 5407 969 5477 singulis
1022 5407 1351 5475 adhibitum,
1418 5408 1834 5473 immutabilem,
1876 5412 1937 5460 ut

368 5494 706 5563 superiorem
745 5499 1023 5567 regionem
1057 5499 1298 5553 circulus
1346 5499 1643 5570 obliquus,
1705 5515 1800 5554 seu
1862 5497 1938 5551 si-

368 5584 545 5655 guifer
590 5598 909 5659 occuparet,
962 5591 1020 5647 in
1067 5589 1173 5645 hoc
1235 5600 1419 5649 autem
1482 5600 1686 5647 certam
1741 5602 1937 5645 unum-

438 5749 482 5781 "
519 5747 681 5804 lCor.
716 5764 768 5815 ν,
810 5747 894 5802 Η.

2034 4580 2286 4635 τοσοῦτον
2336 4578 2526 4648 χρόνον
2568 4573 2799 4645 ἀρκέσαι
2848 4568 2986 4640 πρὸς
3019 4566 3114 4636 τὴν
3143 4565 3373 4616 ἑκάστου
3403 4560 3508 4613 τῶν
3540 4560 3598 4612 ἐν

2035 4672 2112 4742 τῷ
2135 4670 2274 4741 φωτὶ
2297 4666 2680 4739 θεωρουμένων
2702 4662 2991 4733 διάκρισιν.
3030 4658 3196 4727 Δῆλον
3225 4654 3334 4725 γὰρ
3361 4653 3443 4705 ὅτι
3466 4650 3601 4742 πάν-

2033 4740 2155 4824 τως
2181 4760 2295 4813 ἐστί
2329 4776 2412 4820 τις
2445 4756 2629 4823 λόγος,
2674 4751 2776 4806 κᾶν
2815 4749 3073 4821 κρείττων
3182 4744 3279 4815 τῆς
3329 4740 3603 4814 ἡμετέρας

2036 4851 2311 4921 ἐπόψεως,
2353 4846 2473 4901 καθ’
2524 4845 2583 4898 ὃν
2618 4841 2904 4912 συμϐαίνει
2932 4839 2992 4891 τὸ
3027 4839 3243 4909 μέτριον
3273 4832 3365 4886 τοῦ
3408 4831 3599 4902 χρόνον

2038 4944 2224 4998 τούτου
2277 4940 2410 5008 πρὸς
2454 4937 2552 5006 τὴν
2597 4935 2864 5004 διάκρισιν
2893 4932 2991 5002 τῆς
3029 4925 3359 4998 φωτιστικῆς
3391 4921 3602 4984 οὐσίας,

2036 5036 2103 5105 τῇ
2130 5028 2512 5103 μεμετρημένῃ
2543 5023 2841 5094 παρατάσει
2861 5019 2953 5074 τοῦ
2981 5019 3192 5090 χρόνου,
3220 5016 3313 5068 καὶ
3347 5013 3427 5105 τῶ
3451 5010 3604 5105 ποσῷ

2035 5101 2283 5195 τῆςήκατὰ
2298 5123 2395 5190 τὴν
2416 5119 2622 5187 κίνησιν
2641 5115 2734 5168 τοῦ
2753 5114 2921 5184 πυρὸς
2937 5109 3229 5181 ἐνεργείας,
3247 5107 3343 5176 τῆς
3361 5103 3470 5158 τῶν
3494 5101 3606 5172 φώ-

2041 5236 2143 5270 των
2157 5214 2437 5283 διαστολῆς
2488 5214 2544 5263 ἐν
2577 5214 2642 5280 τῇ
2684 5208 2792 5261 τῶν
2829 5206 3130 5277 φωστήρων
3158 5200 3379 5269 ἰδιότητι
3398 5197 3605 5266 διαιρε-

2043 5309 2248 5378 θείσης,
2277 5305 2414 5360 ὥστε
2438 5304 2535 5364 τὰς
2560 5301 2821 5372 ἀπείρους
2848 5296 3048 5367 ταύτας
3068 5292 3177 5346 τῶν
3199 5290 3391 5361 φώτων
3413 5288 3605 5356 διαφο-

2045 5399 2143 5470 ράς
2175 5374 2311 5468 πρὸς
2332 5397 2429 5466 τὴν
2448 5394 2653 5446 οἰκείαν
2681 5390 2827 5443 θέσιν
2844 5387 3077 5456 ἐκάστην
3099 5381 3479 5453 ἀποκριθῆναι,
3501 5374 3608 5430 ὑπὸ

2040 5491 2138 5559 τῆς
2161 5487 2397 5558 φυσικῆς
2444 5485 2702 5555 ἰδιότητος
2756 5483 2873 5535 ἐκεῖ
2916 5477 3229 5549 ταχθείσας,
3272 5475 3405 5528 ὅπου
3444 5473 3479 5541 ὴ
3510 5472 3605 5536 ἐγ-

2044 5581 2272 5653 κειμένη
2309 5579 2510 5649 φυσικὴ
2533 5576 2759 5647 δύναμις
2817 5571 3055 5641 ἑκάστην
3081 5571 3307 5642 ἢγαγεν,
3338 5561 3608 5638 μηδεμιᾶς
