4046 6350
385 381 482 436 H7

1626 388 1694 444 IN
1735 389 2209 447 HEXAEMERON
2252 389 2478 444 LIBER.

3546 384 3644 440 H8

384 505 441 554 ἑν
466 504 678 568 τούτοις
722 507 968 573 ἀταξίας,
1011 509 1044 581 ἢ
1090 511 1402 581 συγχύσεως
1438 512 1756 583 γενομένης,
1783 513 1868 574 διά
1901 515 1962 566 τὸ

2079 514 2315 585 ιυοιιιιυε
2366 513 2584 582 signum
2627 511 2809 566 sedem
2858 507 3168 570 obtineret,
3219 505 3274 558 in
3319 501 3490 572 signis
3519 514 3648 554 vero

385 594 668 669 κεκρίσθαι
708 601 769 652 ὲν
798 602 981 664 αὐτοῖς
1025 605 1089 654 ἐκ
1120 602 1268 667 θείας
1311 605 1523 674 σοφίας,
1567 606 1707 658 κατά
1754 606 1850 677 τὴν
1879 608 1964 660 ἑν-

383 689 626 743 τεθεῖσαν
651 692 867 764 ἑκάστῳ
902 695 1133 766 φυσικὴν
1166 697 1423 766 ἰδιότητα,
1467 697 1566 766 τὴν
1609 698 1966 768 ἀπαράϐατον

315 769 338 792 ’
383 780 556 845 τάξιν,
592 780 732 835 ὥστε
760 783 858 854 τὴν
883 786 981 855 μὲν
1009 787 1272 840 ἀνωτάτω
1297 785 1482 859 χώραν
1506 789 1752 860 ἐπισχεῖν
1784 791 1970 843 ἑκεῖνα

383 871 453 924 τά
479 874 660 945 πάσης
692 877 1006 947 ἀνωφεροῦς
1034 878 1220 941 οὐσίας
1282 880 1706 950 ἁνωφερέστερα
1727 896 1740 909 ’
1773 880 1868 932 καὶ
1909 883 1966 933 ἑν

2072 607 2302 676 singulis
2349 606 2520 659 stellae
2552 619 2662 657 nou
2707 602 2953 664 fortuito,
2988 598 3081 655 sed
3120 596 3312 651 ordine
3357 593 3473 648 suis
3500 606 3649 660 quie-

2073 713 2178 766 que
2211 696 2347 749 locis
2376 695 2806 754 collocarentur,
2851 689 3216 761 mquabilique
3239 701 3302 740 ac
3332 681 3569 737 naturali
3598 681 3650 733 vl

2078 801 2177 840 sua
2203 786 2468 848 adductae,
2503 783 2811 837 immobiles
2833 797 2896 836 ac
2929 782 3096 834 lii-mae
3122 781 3525 847 permanerent,
3556 770 3651 825 ubi

2075 878 2439 946 procreatoris
2483 876 2749 946 sapientia
2779 872 3189 944 praescribebat.

382 961 612 1027 ἐκείνοις
634 964 862 1037 πάλινῆ
899 970 957 1021 ἑν
999 968 1077 1037 τῷ
1107 970 1254 1039 μέσῳ
1302 969 1585 1039 ταχθῆναι,
1623 970 1654 1039 ἢ
1695 969 1845 1023 νότια
1875 987 1966 1038 γε-

381 1055 570 1110 νέσθαι
593 1058 737 1123 τινὰ,
769 1060 804 1130 ἢ
832 1061 968 1131 πρὸς
1014 1061 1231 1131 ἀρκτια,
1290 1063 1323 1132 ἢ
1375 1061 1476 1132 τὴν
1523 1060 1722 1132 μεταξὺ
1750 1059 1933 1133 χώραν
1988 1061 2403 1132 καταλαϐεῖν,ἢ
2455 1063 2546 1116 τὸν
2595 1061 2878 1131 γαλαξίαν,
2935 1061 2968 1130 ἢ
3013 1060 3102 1112 τὸν
3147 1056 3403 1123 ζωδιακὸν
3456 1051 3650 1108 κύκλον

384 1147 795 1220 ἀναπληρῶσαι,
826 1152 921 1204 καὶ
980 1153 1140 1204 πάλιν
1181 1155 1240 1207 ὲν
1287 1152 1483 1222 τούτῳ,
1525 1153 1558 1223 ἢ
1592 1153 1852 1222 ταύτηνῆ
1885 1152 1983 1222 τὴν
2010 1153 2202 1224 ἑτέραν
2248 1153 2340 1206 τοῦ
2384 1154 2582 1224 ἄστρου
2616 1151 2959 1225 περιγραφὴν
3005 1147 3438 1221 ἀπεργάσασθαι,
3471 1146 3564 1198 καὶ
3593 1146 3651 1196 ἐν

382 1243 461 1313 τῷ
486 1243 667 1315 ἄστρῳ
703 1246 882 1312 πάλιν,
911 1246 984 1317 μὴ
1014 1248 1155 1303 κατά
1183 1248 1242 1300 τὸ
1263 1249 1567 1317 αὐτόματον
1610 1249 1840 1301 ἕκαστον
1895 1247 2000 1299 τῶν
2032 1249 2089 1299 ἐν
2127 1247 2205 1318 τῷ
2239 1249 2475 1318 σχήματι
2520 1248 2786 1318 κειμένων
2845 1247 3078 1316 ἄστρων,
3122 1245 3154 1314 ἦ
3190 1237 3289 1296 ὦδε
3320 1243 3352 1313 ἢ
3395 1235 3496 1294 ὦδε
3551 1240 3652 1308 τὴν

381 1337 532 1390 θέσιν
578 1338 740 1409 ἔχειν,
777 1340 912 1394 ἀλλά
944 1341 1211 1412 ίσομερῶς
1253 1343 1543 1412 ἐγκειμένη
1586 1342 1732 1412 αύτῷ
1769 1341 1968 1411 ἰδιότης
1996 1343 2302 1412 ἀπήγαγεν,
2359 1344 2476 1395 ἐκεῖ
2529 1343 2710 1412 μένειν
2742 1344 2800 1394 ἑν
2844 1340 3162 1412 ἀμεταθέτῳ
3211 1341 3283 1408 τῇ
3336 1336 3648 1406 παγιότητι,

380 1432 448 1502 τῇ
490 1431 590 1501 τῆς
634 1433 770 1495 ίδίας
802 1433 1014 1501 φύσεως
1043 1434 1290 1505 δυνάμει,
1335 1435 1476 1488 κατά
1508 1435 1606 1505 τὴν
1646 1435 1737 1488 τοῦ
1777 1436 2139 1504 πεποιηκότος
2200 1436 2392 1504 σοφίαν
2446 1435 2963 1507 περικρατούμενον.

453 1521 638 1575 Ταῦτά
663 1524 778 1575 ἑστι
808 1525 902 1577 καὶ
929 1524 997 1578 τά
1027 1525 1269 1592 τοιαῦτα,
1301 1528 1438 1598 πρὸς
1464 1527 1499 1582 ἃ
1533 1527 1747 1598 βλέπων
1776 1531 1804 1580 ὁ
1848 1527 1972 1591 νοῦς

387 1614 642 1685 ἱλλιγγιᾷ,
664 1617 756 1669 καὶ
784 1617 882 1687 τῆς
907 1617 1040 1682 ἰδίας
1060 1619 1286 1684 νωθείας
1311 1619 1767 1691 καταψηφίζεται,
1791 1622 1864 1690 μὴ
1884 1619 1974 1672 δυ-

384 1704 610 1776 νάμενος
623 1705 863 1777 ἐξευρεῖν
877 1708 967 1761 τὸν
982 1709 1157 1778 λόγον,
1175 1712 1292 1775 πῶς
1308 1713 1339 1782 ἡ
1357 1714 1479 1782 τριή
1491 1730 1555 1782 με
1565 1730 1651 1782 ρος
1668 1711 1762 1764 τοῦ
1779 1713 1970 1781 χρόνου

388 1792 692 1862 παράτασις
707 1795 842 1866 πρὸς
853 1795 952 1867 τὴν
966 1799 1234 1852 τοσούτων
1255 1802 1499 1870 ἀστέρων
1519 1801 1789 1871 διάκρισιν
1806 1801 1972 1872 ἦρκε-

389 1900 501 1947 σεν,
526 1884 559 1955 ἢ
586 1885 703 1949 πῶς
718 1886 806 1939 διὰ
823 1888 922 1959 τὴν
943 1889 1171 1960 ἄπειρον
1193 1891 1292 1960 τῆς
1312 1893 1584 1957 ἀπλανοῦς
1605 1894 1838 1964 σφαίρας
1864 1894 1975 1948 τῶν

387 1975 680 2042 περιγείων
701 1976 996 2032 ὑπόστασιν
1017 1981 1074 2031 ἑν
1099 1979 1246 2050 μέσῳ
1264 1981 1355 2034 τοῦ
1375 1984 1572 2046 παντὸς
1588 1983 1972 2054 διαστήματος,

385 2064 486 2135 τὴν
514 2065 742 2138 ἡλιακὴν
770 2067 929 2136 φύσιν
987 2072 1022 2140 η
1066 2072 1274 2140 μεγάλη
1316 2073 1408 2126 τοῦ
1450 2074 1584 2127 Θεοῦ
1642 2075 1802 2144 σοφία
1843 2088 1975 2128 κατ-

387 2157 596 2226 έταξεν,
629 2159 705 2222 ὡς
749 2160 816 2214 ἂν
857 2161 931 2232 μὴ
973 2165 1193 2227 τελείως
1239 2170 1297 2220 ἑν
1334 2166 1412 2236 τῷ
1451 2169 1626 2239 σκότῳ
1653 2167 1970 2238 διαὸιῶμεν,

387 2252 489 2321 τῆς
520 2253 585 2305 ἑκ
608 2252 717 2306 τῶν
743 2255 956 2324 ἄστρων
983 2256 1448 2328 ἀπαυγαζομένης
1477 2259 1820 2331 λαμπηδόνος
1846 2261 1975 2331 πρὶν

389 2344 423 2415 ἢ
447 2346 523 2406 είς
545 2345 692 2415 ἡμᾶς
726 2345 898 2399 ἐλθεῖν
926 2348 1381 2420 ἑνδαπανωμένης
1414 2351 1490 2421 τῷ
1515 2352 1714 2422 μεταξὺ
1751 2354 1975 2424 διαστή-

392 2454 545 2506 ματι.
581 2430 655 2490 οὗ
678 2438 838 2508 χάριν
859 2440 958 2510 τὴν
988 2441 1366 2515 ἑκλαμπτικὴν
1389 2444 1486 2514 τῆς
1506 2445 1741 2515 ἡλιακῆς
1763 2445 1976 2514 φύσεως

387 2527 617 2599 δύναμιν
665 2531 918 2584 τοσοῦτον
992 2534 1149 2604 ἡμῶν
1199 2536 1570 2607 ὑπερέθηκεν,
1639 2537 1778 2590 ὥστε
1839 2540 1973 2608 μήτε

389 2619 772 2689 ἀμαυροῦσθαι
795 2623 895 2693 τὴν
923 2625 1114 2678 ἀκτῖνα
1135 2626 1213 2696 τῷ
1245 2625 1424 2698 πολλῷ
1456 2629 1804 2700 διαστήματι,
1837 2633 1974 2699 μήτε

388 2710 471 2781 τῷ
495 2713 632 2780 ἀγαν
661 2717 1052 2787 προσεγγισμῷ
1084 2717 1331 2790 λυπηρὰν
1363 2717 1520 2786 εἶναι,
1556 2721 1589 2791 ἢ
1632 2723 1750 2783 πῶς
1782 2721 1840 2774 τὸ
1866 2721 1976 2773 ὑλι-

392 2806 630 2877 κώτερόν
658 2825 718 2860 τε
749 2807 845 2861 καὶ
880 2810 1187 2881 παχύτερον
1219 2817 1282 2865 ἐκ
1321 2813 1428 2866 τῶν
1453 2813 1883 2884 ὑπερκειμένων,
1915 2815 1976 2865 τὸ

393 2898 672 2969 σεληναῖον
702 2901 863 2972 σῶμά
897 2920 1058 2972 φημι,
1101 2905 1237 2975 πρὸς
1265 2905 1326 2958 τὸ
1356 2906 1665 2975 κατώτερον
1702 2907 1975 2960 κατεσπάο

393 2989 517 3060 σθη,
540 2990 742 3044 καὶτὸν
767 2993 1043 3063 περίγειον
1062 2994 1237 3064 χῶρον
1260 2997 1548 3064 περιπολεῖ
1566 3013 1578 3026 ’
1607 2989 1666 3048 οὗ
1699 2997 1836 3066 μέση
1860 3014 1975 3059 πως

395 3080 678 3151 θεωρεῖται
717 3084 751 3154 ἡ
782 3084 963 3153 φύσις,
993 3087 1093 3156 τῆς
1113 3103 1174 3139 τε
1213 3087 1518 3158 ἀλαμποῦς,
1554 3089 1648 3141 καὶ
1675 3090 1772 3158 τῆς
1804 3107 1974 3158 φωτι-

394 3175 584 3244 στικῆς
611 3176 892 3246 δυνάμεως
935 3178 1076 3231 κατά
1117 3179 1178 3231 τὸ
1215 3180 1324 3234 ἴσον
1371 3178 1692 3249 μετέχουσα.
1727 3181 1839 3250 Τὴν
1878 3182 1975 3250 μὲν

2148 1529 2274 1584 Haec
2311 1541 2363 1585 et
2404 1531 2601 1584 similia
2636 1538 2764 1583 sunt
2799 1544 2862 1582 ea
2892 1543 3014 1597 quze
3047 1542 3202 1579 mens
3231 1524 3504 1594 aspiciens
3540 1523 3647 1578 lia:-

2079 1621 2229 1683 sitat,
2268 1630 2321 1676 et
2348 1621 2781 1676 imbecillitatem
2809 1634 2872 1674 ac
2907 1619 3189 1688 segnitiem
3220 1631 3376 1672 suam
3404 1623 3647 1678 accusat,

2078 1712 2224 1780 quod
2273 1713 2539 1766 ratiOnem
2584 1711 2895 1781 excogitare
2950 1726 3057 1764 non
3109 1708 3304 1778 possit,
3351 1722 3462 1776 qua
3507 1721 3650 1775 prae-

2077 1805 2290 1859 ﬁnitum
2344 1805 2504 1857 trium
2551 1803 2766 1858 dierum
2817 1801 3053 1871 spatium
3106 1799 3175 1853 ad
3232 1806 3315 1852 tot
3370 1797 3649 1852 stellarum

2077 1896 2487 1952 distinctionem
2524 1895 2658 1950 satis
2688 1893 2849 1948 fuerit
2875 1913 2888 1947 :
2919 1901 3012 1947 aut
3042 1890 3335 1960 quomodo,
3369 1905 3494 1944 cum
3528 1889 3652 1942 inﬁ-

2075 1988 2187 2043 nita
2218 1995 2362 2044 esset
2391 1987 2685 2042 inerrantis
2714 1985 2936 2056 spbwrae
2967 1985 3034 2039 ab
3075 1984 3141 2038 iis
3184 2000 3303 2052 quae
3341 1990 3468 2037 sunt
3501 1983 3651 2036 circa

2075 2089 2274 2135 terram
2297 2079 2576 2144 distantia,
2604 2079 2660 2132 in
2685 2077 2868 2131 medio
2896 2075 3083 2130 mundi
3116 2077 3291 2144 spatio
3328 2089 3523 2143 magna
3558 2072 3649 2127 Dei

2076 2171 2348 2241 sapientia
2399 2170 2568 2225 solem
2617 2167 2993 2230 constituerit,
3053 2182 3141 2229 ne,
3192 2180 3315 2219 cum
3364 2163 3648 2218 stellarum

2077 2263 2336 2332 splendor
2369 2273 2592 2332 propter
2639 2261 2966 2314 immensum
3009 2258 3357 2312 intervallum
3411 2264 3537 2310 ante
3561 2255 3650 2308 de-

2078 2357 2244 2416 liciat,
2277 2369 2442 2422 quam
2470 2352 2534 2406 ad
2582 2368 2684 2406 nos
2719 2351 3005 2420 pervenire
3053 2350 3250 2419 possit,
3286 2349 3341 2402 in
3369 2347 3649 2418 perpetuis

2079 2447 2321 2503 tenebris
2361 2445 2690 2499 viveremus.
2743 2442 3130 2512 Splendentem
3169 2441 3338 2510 igitur
3369 2438 3505 2494 solis
3537 2439 3648 2492 vim

2078 2537 2154 2590 ita
2194 2552 2362 2606 supra
2414 2553 2516 2592 nos
2556 2536 2867 2598 collocavit,
2909 2550 2980 2590 ne
3023 2534 3415 2588 obscuraretur
3458 2529 3650 2583 radius

2075 2643 2188 2698 prae
2241 2627 2406 2698 longo
2452 2626 2781 2690 iutervallo,
2830 2640 2966 2680 neve
3021 2621 3431 2693 prOpinquitate
3478 2619 3650 2672 nimia

2074 2719 2383 2774 molestiam
2417 2717 2669 2777 afferret,
2717 2725 2811 2770 aut
2864 2713 3139 2785 quomodo
3186 2711 3428 2766 materiae
3474 2707 3650 2777 magis

2075 2809 2392 2863 immersum
2415 2809 2698 2877 magisque
2723 2821 2972 2860 crassum
3005 2806 3147 2857 lunae
3175 2817 3376 2870 corpus
3408 2797 3642 2852 inferius

2077 2899 2438 2953 constitutum
2471 2899 2566 2960 sit,
2596 2899 2924 2965 oberretque
2955 2903 3115 2948 terra:
3140 2896 3442 2962 proximam
3472 2887 3650 2960 regio-

2077 3007 2199 3046 nem
2237 3011 2249 3044 :
2282 2998 2375 3044 aut
2405 2991 2530 3045 talis
2561 2990 2633 3044 sit
2657 2989 2916 3058 splendor
2947 2987 3088 3055 ejus,
3115 3001 3236 3055 qua:
3257 2998 3380 3054 cum
3415 2983 3650 3037 obscura

2078 3083 2170 3145 sit,
2207 3080 2521 3136 illustrandi
2574 3088 2759 3133 tamen
2806 3078 3003 3132 habeat
3050 3077 3388 3130 facultatem.
3432 3071 3652 3126 Natura:

2077 3173 2221 3227 enim
2248 3172 2422 3241 ipsius
2451 3170 2762 3225 crassitudo
2796 3169 3078 3238 proprium
3109 3167 3340 3220 nitorem
3375 3164 3649 3226 obtundit,

392 3265 504 3337 γάρ
535 3267 745 3320 οἴκοθεν
774 3268 1096 3340 λαμπηδόνα
1119 3271 1150 3340 ἡ
1175 3270 1273 3338 τῆς
1298 3269 1485 3334 οὐσίας
1516 3271 1762 3340 παχύτης
1785 3273 1896 3342 ἀπή
1908 3290 1974 3341 μ-

2080 3259 2175 3315 sed
2203 3260 2456 3330 opposito
2490 3261 2622 3315 solis
2655 3260 2932 3328 radiorum
2979 3257 3184 3311 lumine
3225 3257 3293 3310 ab
3340 3257 3653 3311 illustrandi

395 3355 574 3419 σλυνε,
588 3356 664 3428 τῷ
677 3357 732 3410 δὲ
745 3359 1130 3430 ἀντιφωτισμῷ
1144 3361 1478 3432 τῆςὴλιακῆς
1494 3363 1708 3425 ἀκτῖνος
1724 3363 1783 3414 ού
1799 3364 1974 3434 πάντη

393 3448 494 3518 τῆς
523 3450 852 3520 φωτιστικῆς
885 3451 1238 3522 ἠλλοτρίωται
1279 3452 1512 3522 φύσεως.
1559 3454 1717 3507 Ἀλλά
1753 3457 1844 3508 τὸν
1881 3458 1977 3526 μὲν

394 3538 552 3605 λόγον
578 3541 675 3611 τῆς
701 3543 757 3594 ἑν
793 3542 1004 3612 ἑκάστῳ
1048 3542 1155 3595 τῶν
1203 3544 1372 3597 ὄντων
1413 3547 1744 3617 φαινομένης
1788 3549 1978 3616 σοφίας

400 3630 528 3684 ἰδεῖν
576 3633 608 3702 ή
639 3633 881 3703 πτωχεία
920 3635 1017 3704 τῆς
1047 3635 1260 3704 φύσεως
1281 3631 1437 3706 ἡμῶν
1465 3638 1735 3703 ἀδυνατεῖ,
1771 3640 1832 3692 τὸ
1861 3639 1980 3710 μέν·

396 3740 478 3776 τοι
515 3724 655 3778 κατὰ
682 3725 781 3793 τὴν
827 3725 1136 3780 ἑκτεθεῖσαν
1180 3728 1330 3798 παρά
1371 3729 1466 3781 τοῦ
1504 3730 1792 3800 νομοθέτου
1821 3731 1971 3795 τάξιν

398 3813 492 3866 ἐπὶ
530 3815 630 3882 τῆς
671 3817 781 3868 τῶν
826 3816 995 3869 ὄντων
1045 3821 1295 3885 κτίσεως,
1342 3821 1660 3875 ἀκολουθίαν
1705 3825 1825 3876 τινὰ
1863 3826 1973 3887 τοῖς

396 3905 678 3974 γεγονόσιν
710 3907 1063 3978 ἑνθεωρῆσαι,
1111 3911 1319 3975 τούτοις
1366 3908 1520 3983 οἶμαι
1554 3914 1776 3966 δυνατὸν
1810 3913 1969 3980 εἷναι,

399 3995 463 4048 τὸ
491 3996 724 4066 μετρίως
758 3999 894 4068 πρὸς
920 3999 978 4051 τὸ
1011 4000 1300 4053 ἀκόλουθον
1330 4003 1712 4072 ἐπισταμένοις
1734 4003 1970 4072 βλέπειν,

395 4087 488 4141 διά
530 4107 691 4142 τινων
731 4092 1050 4162 ποχασμῶν
1097 4093 1342 4146 ὁπωσοῦν
1383 4095 1730 4165 κατανοῆσαι.

475 4180 684 4234 Οὐκοῦν
709 4183 1064 4255 ἀναλάϐωμεν
1079 4186 1176 4254 τὴν
1193 4186 1297 4239 τῶν
1315 4188 1612 4255 γεγονότων
1632 4189 1976 4244 ἀκολουθίαν.

406 4275 562 4327 Ἐστι
578 4275 634 4327 δὲ
658 4275 794 4347 αὓτη
814 4292 829 4306 ο
855 4277 946 4329 τοῦ
965 4277 1250 4332 καθολικοῦ
1267 4297 1324 4332 τε
1348 4282 1441 4332 καὶ
1453 4281 1668 4349 γενικοῦ
1700 4283 1876 4350 φωτὸς
1893 4284 1978 4336 διά

401 4367 463 4420 τὸ
494 4368 774 4438 εὐκίνητον
813 4369 1176 4440 προφανέντος
1207 4371 1314 4423 τῶν
1353 4371 1546 4437 ἄλλων,
1569 4373 1976 4443 ἐπηκολούθησε

401 4458 495 4512 τοῦ
525 4458 901 4530 στερεώματος
929 4463 1266 4533 περιγραφὴ,
1300 4465 1365 4531 τῇ
1405 4462 1719 4532 κυκλοτερεῖ
1745 4463 1976 4533 περιόδῳ

403 4548 496 4601 τοῦ
525 4550 697 4620 πυρὸς
720 4549 1014 4620 ὀρισθεῖσα.
1040 4552 1149 4620 Τῆς
1176 4552 1232 4604 δὲ
1266 4553 1471 4624 κούφης
1502 4552 1712 4621 φύσεως
1738 4553 1844 4606 τῶν
1879 4554 1973 4624 βας

404 4641 649 4714 ρυτέρων
690 4643 1095 4714 ἀποκριθείσης,
1116 4643 1420 4708 ἀκολούθως
1449 4645 1845 4698 διαστέλλονται
1882 4645 1979 4698 ἀπ’

405 4732 648 4803 ἀλλήλων
699 4736 752 4787 αἱ
794 4735 1004 4806 βαρεῖαι
1057 4737 1355 4806 ποιότητες,
1386 4739 1443 4790 ἐν
1485 4740 1554 4807 γῇ
1587 4755 1646 4789 τε
1691 4738 1784 4789 καὶ
1828 4736 1978 4791 ὕδατι

399 4823 783 4895 διακριθεῖσαι.
821 4827 934 4896 Τῆς
963 4827 1018 4879 δὲ
1053 4828 1199 4881 κάτω
1241 4827 1455 4896 φύσεως
1498 4827 1977 4898 διακοσμηθείσης,

405 4916 439 4983 ἡ
472 4914 642 4988 λεπτή
683 4935 742 4970 τε
785 4918 878 4970 καὶ
919 4919 1094 4989 κούφη
1128 4919 1220 4971 καὶ
1266 4919 1534 4990 μετέωρος
1573 4921 1748 4982 οὐσία,
1796 4920 1883 4972 διά
1919 4918 1980 4972 τὸ

407 5011 483 5080 μὴ
518 5011 698 5063 πᾶσαν
729 5010 897 5079 αὐτὴν
927 5009 1180 5077 ὁμοφυῶς
1202 5010 1337 5080 πρὸς
1370 5011 1567 5080 ἑαυτὴν
1596 5010 1759 5081 ἔχειν,
1789 5013 1846 5063 ἑν
1879 5028 1976 5079 με-

405 5101 536 5165 ταξὺ
560 5101 886 5170 διαστήματι
914 5101 1006 5153 τοῦ
1041 5101 1429 5172 παρῳχηκότος
1457 5103 1672 5173 χρόνου,
1714 5103 1849 5173 πρὸς
1880 5102 1979 5166 τὰς

404 5193 686 5260 ὁμογενεῖς
716 5191 979 5262 ἰδιότητας
1014 5193 1078 5245 ἑκ
1105 5192 1199 5244 τοῦ
1237 5192 1414 5246 κοινοῦ
1461 5194 1816 5265 διακρίνεται,
1852 5198 1910 5248 ὲν

403 5282 465 5335 τὸ
489 5285 714 5354 ἄπειρον
743 5283 849 5336 τῶν
874 5285 1087 5355 ἄστρων
1121 5285 1323 5355 πλῆθος
1345 5287 1675 5352 ἑξαπλωθὲν,
1712 5287 1854 5342 κατά
1879 5288 1978 5359 τὴν

405 5375 730 5446 ἑγκειμέεθην
773 5376 987 5445 ἑκάστῳ
1021 5376 1175 5447 μέρει
1225 5378 1459 5448 φυσικὴν
1500 5378 1756 5449 ἰδιότητα,
1785 5379 1879 5430 ἐπὶ
1917 5380 1978 5432 τὸ

404 5462 705 5532 ἀκρότατον
749 5467 848 5535 τῆς
893 5466 1122 5529 κτίσεως
1167 5465 1474 5537 ἀνατρέχει,
1506 5467 1600 5520 καὶ
1635 5467 1692 5520 ἐν
1740 5466 1817 5538 τῷ
1863 5467 1976 5537 ἰδίῳ

404 5553 634 5608 ’ἑκαστον
659 5555 868 5624 γίνεται
903 5557 1072 5627 τόπῳ,
1108 5557 1231 5610 οὔτε
1266 5559 1569 5628 παυόμενον
1607 5558 1706 5628 τῆς
1737 5559 1982 5630 ἀεικινή-

405 5660 500 5696 του
535 5649 724 5718 φορᾶς,
765 5647 890 5700 οὔτε
926 5648 1384 5720 μετακινούμενον
1413 5649 1519 5704 ἀπὸ
1553 5651 1650 5721 τῆς
1688 5653 1745 5704 ἑν
1771 5643 1816 5717 ᾧ
1869 5652 1985 5702 ἑστι

405 5735 629 5801 θέσεως.
683 5739 821 5792 Ἀλλ’
862 5742 895 5810 ή
943 5741 1040 5811 μὲν
1079 5740 1234 5806 τάξις
1278 5745 1336 5795 ἐν
1386 5743 1596 5806 τούτοις
1626 5743 1688 5794 τὸ
1727 5743 1982 5813 ἀκίνητον

405 5826 539 5895 ἔχει,
575 5831 606 5900 ἠ
635 5830 689 5884 δὲ
721 5831 879 5900 φύσις
912 5833 972 5886 τὸ
1009 5834 1332 5905 ἀεικίνητον.
1379 5833 1603 5907 Ἑφεξῆς
1636 5834 1692 5888 δὲ
1733 5834 1767 5905 ὴ
1808 5833 1982 5886 δευτε-

2080 3351 2132 3405 vi
2165 3367 2273 3404 non
2304 3360 2386 3405 est
2418 3366 2642 3421 prorsus
2690 3351 2891 3404 aliena.
2923 3349 3192 3403 Cazterum
3225 3346 3504 3415 sapientiae
3537 3348 3654 3400 sin—

2079 3443 2222 3515 gulis
2253 3445 2309 3497 iu
2338 3443 2503 3497 rebus
2530 3443 2849 3512 conspicuae
2895 3442 3162 3494 rationem
3211 3450 3420 3494 naturae
3452 3447 3655 3494 nostra:

2079 3534 2369 3588 inﬁrmitas
2403 3533 2602 3588 intueri
2627 3549 2736 3586 non
2761 3541 2959 3602 potest,
2984 3533 3272 3601 quemdam
3293 3541 3470 3585 tamen
3496 3547 3654 3584 mun-

2079 3625 2134 3678 di
2172 3627 2341 3679 totius
2375 3624 2623 3680 ordinem
2657 3625 2710 3678 in
2744 3625 2812 3678 iis
2835 3640 2954 3692 qua:
2984 3624 3127 3677 facta
3153 3635 3302 3688 sunt,
3337 3641 3402 3678 ex
3430 3623 3642 3677 descri-

2081 3715 2267 3784 ptione
2315 3715 2667 3786 legislatoris,
2705 3717 2774 3770 ab
2817 3715 2884 3770 iis
2914 3717 3008 3785 qui
3051 3713 3398 3769 mediocriter
3449 3719 3654 3767 norunt

2079 3804 2368 3875 dispicere,
2403 3821 2523 3874 quae
2551 3821 2615 3860 ex
2649 3806 2850 3874 quibus
2883 3815 3316 3874 consequantur,
3353 3818 3448 3872 per
3478 3817 3650 3872 quas-

2079 3896 2206 3950 dam
2253 3897 2641 3966 conjecturas,
2695 3908 2973 3967 utcunque
3033 3896 3292 3967 cognosci
3355 3910 3514 3964 posse
3561 3909 3652 3947 ar-

2082 3986 2276 4041 bitror.

2150 4189 2514 4255 Quamobrem
2589 4195 2903 4258 repetamus
2969 4189 3214 4243 ordinem
3279 4201 3467 4241 eorum
3528 4203 3648 4256 qua!

2080 4282 2223 4336 facta
2263 4292 2392 4336 sunt
2437 4299 2451 4335 :
2505 4280 2586 4335 sic
2625 4289 2808 4334 autem
2854 4281 3018 4335 habet
3051 4279 3289 4332 :Lucem
3339 4279 3648 4334 universam

2082 4373 2386 4427 mobilitate
2405 4387 2506 4427 sua
2533 4379 2660 4426 ante
2685 4372 2794 4424 alia
2817 4358 3177 4441 prodeuntem
3206 4369 3530 4424 ﬁrmamenti
3564 4371 3650 4424 ab-

2084 4465 2285 4519 solutio
2316 4464 2384 4517 ab
2426 4463 2570 4533 ignis
2605 4463 2814 4518 circulo
2844 4463 3067 4518 deﬁnita
3107 4463 3484 4532 consequitur.
3523 4462 3651 4515 Levi

2083 4563 2263 4610 autem
2299 4562 2495 4608 natura
2536 4570 2565 4608 τι
2595 4554 2943 4624 gravioribus
2975 4565 3247 4622 separata,
3282 4568 3472 4623 graves
3511 4554 3653 4607 inter

2092 4660 2152 4699 se
2186 4645 2479 4712 qualitates
2527 4643 2963 4713 distinguuntur,
2994 4645 3047 4696 in
3077 4651 3220 4698 terra
3264 4653 3317 4698 et
3349 4659 3486 4712 aqua
3520 4659 3652 4696 cou-

2089 4735 2297 4788 stitutm
2333 4753 2344 4788 :
2393 4733 2652 4788 inferiore
2683 4749 2814 4788 vero
2847 4743 3041 4788 natura
3078 4741 3362 4798 exornata,
3409 4735 3649 4791 subtilis.

2081 4835 2135 4880 et
2167 4827 2323 4889 levis,
2355 4826 2703 4894 excelsaque,
2741 4825 2998 4894 quoniam
3027 4841 3135 4879 non
3163 4827 3340 4880 omnis
3366 4833 3483 4880 erat
3509 4828 3652 4880 inter

2082 4931 2142 4970 se
2182 4916 2400 4979 similis,
2447 4916 2719 4986 interiecti
2755 4917 3018 4986 temporis
3063 4917 3241 4986 spatio
3273 4932 3336 4970 ex
3372 4917 3463 4969 illa
3501 4932 3652 4970 com-

2082 5009 2350 5063 munitate
2376 5009 2432 5062 in
2454 5019 2714 5079 cognatas
2744 5009 3008 5063 dividitur
3045 5010 3438 5078 proprietates:
3465 5009 3516 5060 in
3543 5023 3649 5076 qua

2084 5101 2501 5157 innumerabilis
2559 5103 2840 5158 stellarum
2892 5101 3182 5153 multitudo
3230 5100 3499 5168 explicata
3552 5115 3652 5169 pro

2083 5197 2248 5251 insita
2279 5197 2482 5266 cuique
2514 5198 2734 5267 prepria
2761 5197 2836 5261 vi,
2867 5195 3056 5249 mundi
3092 5194 3368 5264 fastigium
3400 5200 3650 5262 occupat,

2084 5298 2246 5359 atque
2274 5291 2348 5343 ita
2379 5291 2434 5344 in
2465 5306 2564 5347 sua
2597 5305 2825 5360 quicque
2857 5289 2988 5344 sede
3023 5289 3211 5351 haeret,
3250 5293 3309 5340 ut
3353 5301 3478 5339 cum
3510 5299 3653 5340 sem»

2083 5399 2181 5453 per
2205 5382 2644 5448 circumferatur,
2670 5397 2949 5452 nunquam
2974 5389 3154 5436 tamen
3178 5381 3357 5433 locum
3380 5379 3653 5448 relinquat

2082 5489 2262 5528 suum.
2294 5472 2498 5527 Horum
2542 5475 2687 5528 enim
2734 5482 2794 5527 ut
2833 5473 2968 5527 ordo
3012 5471 3366 5526 immutabilis
3407 5463 3521 5532 est,
3571 5470 3652 5523 sic

2081 5570 2275 5614 natura
2309 5577 2524 5630 semper
2554 5562 2792 5616 mobilis.
2840 5561 2971 5616 Post
3001 5560 3404 5615 velocissimum
3441 5566 3642 5612 motum

2083 5654 2332 5722 sequitur
2361 5653 2607 5708 secundo
2627 5654 2768 5715 loco,
2799 5669 2920 5722 quae
2949 5653 3242 5706 velocitate
3275 5649 3521 5720 proxima
3543 5661 3626 5702 esr

2082 5743 2515 5813 subeuntemque
2566 5744 2833 5798 circulum
2885 5743 3126 5806 obtinet,
3181 5740 3344 5795 tertio
3394 5738 3649 5804 deinceps

2081 5837 2206 5901 alia,
2254 5844 2305 5892 ct
2343 5847 2562 5908 quarto,
2615 5836 2680 5892 ad
2727 5835 3018 5906 septimum
3064 5848 3236 5902 usque
3294 5845 3392 5900 pro
3440 5828 3651 5883 ratione
