4046 6350
331 285 436 348 H9

1556 287 1613 343 S.
1645 285 1973 344 GREGORH
2015 285 2310 343 NYSSENI

3472 283 3576 340 120

332 401 654 458 velocitatis.
699 400 875 456 Tanto
929 401 1074 458 enim
1111 416 1456 474 unaquaeque
1489 403 1706 474 longius
1747 402 1900 457 abest

2017 402 2234 457 πονοῦσα
2277 402 2354 474 (a)
2390 400 2529 472 μετά
2557 400 2659 472 τὴν
2701 399 2966 472 ὀξυτάτην
3013 399 3224 478 κίνησιν
3255 398 3314 450 έν
3354 400 3421 470 τῇ
3472 399 3577 472 ἰδίᾳ

332 511 362 549 a
412 494 716 565 superiore,
745 503 951 565 quanto
982 494 1072 548 illa
1107 495 1172 548 ad
1209 495 1531 550 movendum
1563 502 1757 548 natura
1789 504 1900 549 tar-

331 581 452 637 dior
478 589 582 638 est.
635 580 761 636 Haec
808 582 975 651 igitur
1029 591 1230 651 quarto
1272 581 1358 637 die
1402 581 1541 636 facta
1589 591 1735 646 sunt,
1791 597 1898 636 non

331 673 478 742 quod
501 681 632 726 tunc
664 671 827 727 fuerit
853 673 945 726 lux
979 680 1289 742 procreata,
1319 672 1412 727 sed
1443 671 1590 742 quod
1621 673 1902 727 illustran-

331 763 463 818 divi
489 779 588 834 pro
621 773 818 818 natura
839 780 939 819 sua
977 764 1138 818 simul
1163 771 1374 828 coacta,
1401 764 1752 833 apparuerint
1775 780 1900 818 cum

332 854 556 924 reliquae
589 855 775 916 stellae,
820 861 934 907 tum
973 854 1077 909 illa;
1113 869 1235 924 quae
1278 853 1656 924 magnitudine
1691 855 1903 909 caeteris

349 951 632 1016 praestant,
660 945 741 1000 sol
771 953 826 1000 et
859 945 1006 1010 luna,
1031 960 1267 1014 quorum
1301 953 1455 1000 ortus
1490 945 1709 1015 quidem
1739 960 1902 1001 occa-

337 1037 423 1091 sio
457 1036 669 1091 exstitit
695 1037 836 1092 lucis
885 1037 940 1091 in
975 1037 1372 1107 procreatione,
1403 1037 1693 1107 utriusque
1722 1044 1900 1091 autem

337 1128 661 1182 constitutio
719 1127 958 1198 (quando
989 1137 1240 1182 movetur
1276 1126 1332 1182 in
1359 1135 1604 1198 tempore
1639 1128 1902 1198 quidquid

335 1225 606 1282 movetur,
643 1226 951 1275 etmutuus
1001 1217 1393 1288 particularum
1427 1231 1735 1273 concursus
1783 1226 1905 1288 eget

335 1311 519 1381 aliquo
558 1309 818 1379 temporis
865 1309 1178 1378 intervallo)
1222 1308 1399 1364 tribus
1428 1307 1622 1364 diebus
1661 1309 1904 1380 perfecta

335 1406 444 1452 est.
489 1397 670 1467 Quare
717 1413 826 1452 non
868 1397 1106 1452 absurde
1151 1397 1407 1453 conditus
1439 1397 1590 1452 orbis
1628 1413 1658 1452 a
1708 1413 1906 1469 magno

340 1488 490 1544 Mose
548 1489 622 1541 ita
669 1489 1024 1550 describitur,
1076 1496 1137 1541 ut
1193 1495 1458 1558 quantum
1499 1489 1564 1543 ad
1620 1489 1903 1543 materiam

335 1581 590 1648 pertinet,
612 1578 776 1633 simul
801 1579 983 1632 omnia
1017 1578 1271 1633 dicantur
1317 1579 1515 1633 virtute
1535 1578 1747 1649 Opiﬁcis
1770 1594 1904 1633 con-

335 1671 527 1723 stituta
570 1686 586 1724 :
630 1669 926 1739 singularis
967 1677 1148 1724 autem
1193 1685 1404 1737 eorum,
1445 1685 1565 1740 qua:
1602 1670 1657 1723 in
1701 1671 1904 1724 mundo

1999 495 2161 565 φορᾷ,
2189 493 2280 545 τὸν
2314 492 2692 563 ὑποϐεϐηκότα
2724 491 2921 545 κύκλον
2949 489 3331 561 διαλαμϐάνειο
3363 490 3455 544 καὶ
3474 491 3577 544 πά-

1998 587 2080 640 λιν
2114 589 2177 640 ὲκ
2224 585 2408 658 τρίτου
2451 586 2545 638 καὶ
2571 585 2834 654 τετάρτου
2881 584 2977 636 καὶ
3018 582 3123 646 ἕως
3165 581 3394 652 ἑϐδόμου
3441 582 3577 652 πρὸς

1999 675 2156 744 λόγον
2175 674 2273 744 τῆς
2302 674 2441 727 κατὰ
2461 675 2522 727 τὸ
2550 673 2712 742 τάχος
2746 670 2980 740 φύσεως.
3009 669 3274 723 Τοσοῦτον
3302 670 3578 723 ὑποκατα-

2000 765 2178 819 6αίνει
2210 766 2303 818 τοῦ
2331 765 2591 837 ἀνωτέρω
2620 764 2870 830 ἕκαστον,
2897 763 3020 816 ὅσον
3057 761 3206 833 αὑτῷ
3231 761 3579 832 σχολαιοτέρα

2000 857 2108 910 τῶν
2153 857 2560 928 ὑπερκειμένων
2590 858 2624 926 ή
2665 854 2826 924 φύσις
2867 855 2984 908 ἐστὶ
3021 855 3156 926 πρὸς
3197 854 3296 927 τὴν
3339 855 3572 926 κίνησιν.

2001 949 2185 1004 Ταῦτα
2204 946 2295 1002 οὖν
2317 949 2522 1017 γίνεται
2545 947 2685 1002 κατὰ
2707 947 2804 1018 τὴν
2827 948 3090 1019 τετάρτην
3116 948 3348 1019 ἡμέραν,
3372 949 3435 1002 οὑ
3455 949 3577 1001 τότε

2001 1045 2095 1100 τοῦ
2137 1045 2314 1115 φωτὸς
2359 1043 2875 1116 δημιουργηθέντος,
2920 1043 3057 1097 ἀλλά
3101 1045 3200 1114 τῆς
3252 1046 3581 1116 φωτιστικῆἶ

2007 1137 2268 1208 ἰδιότητος
2297 1136 2428 1208 περὶ
2463 1135 2524 1188 τὸ
2562 1134 2703 1188 κατά
2732 1133 2892 1204 φύσιν
2926 1135 3090 1206 ἑαυτῇ
3121 1135 3218 1189 καὶ
3253 1134 3583 1206 κατάλληλον

2003 1227 2410 1300 ἀθροισθείσης·
2438 1226 2507 1280 τά
2535 1242 2594 1279 τε
2615 1225 2749 1279 ἄλλα
2783 1225 3016 1296 ἐξεφάνη
3045 1225 3153 1278 τῶν
3193 1227 3460 1298 ἀστέρων,
3491 1228 3586 1280 καὶ

2003 1315 2054 1366 oi.
2099 1315 2157 1365 ὲν
2198 1312 2401 1384 μείζονι
2449 1313 2598 1383 όγκῳ
2631 1313 2758 1383 περὶ
2803 1312 2873 1366 τὰ
2921 1312 3082 1366 λοιπά
3133 1314 3526 1386 καθορώμενοι,
3553 1317 3586 1369 ό

2004 1404 2152 1474 ἥλιός
2177 1420 2236 1456 τε
2265 1403 2355 1457 καὶ
2383 1403 2418 1473 ή
2435 1403 2650 1474 σελήνη,
2679 1397 2754 1457 ὧν
2784 1405 2817 1474 ή
2841 1405 2938 1474 μὲν
2963 1403 3196 1472 γένεσις,
3218 1407 3276 1458 ὲν
3298 1407 3363 1476 τῇ
3394 1405 3584 1477 πρώτῃ

2005 1496 2297 1568 καταϐολῇ,
2345 1497 2438 1548 τοῦ
2471 1497 2647 1565 φωτὸς
2681 1496 2780 1560 τάς
2817 1497 3070 1568 ἀφορμὰς
3109 1497 3288 1567 ἔσχεν,
3314 1500 3348 1570 ἠ
3397 1497 3456 1551 δὲ
3495 1497 3588 1550 σύ-

2008 1604 2193 1652 στασις
2213 1585 2442 1640 ἑκάστου
2467 1587 2669 1659 (ἐπειδὴ
2691 1588 2908 1652 πάντως
2932 1591 2989 1641 έν
3018 1590 3194 1662 χρόνῳ
3217 1594 3445 1645 κινεῖται
3480 1593 3587 1644 πᾶν

2005 1677 2069 1731 τὸ
2107 1677 2442 1748 κινούμενον,
2476 1679 2570 1732 καὶ
2606 1678 2686 1731 δεῖ
2709 1677 2943 1749 τὴντῶν
2989 1682 3192 1753 μορίων
3217 1682 3353 1754 πρὸς
3384 1681 3588 1748 ἄλληλα

332 1757 610 1824 videntur,
653 1759 934 1814 distinctio
985 1759 1176 1814 ordine
1202 1761 1437 1829 quodam
1474 1775 1538 1815 ac
1565 1760 1706 1815 serie
1746 1767 1909 1814 natu-

2017 1770 2339 1842 συνδρομήν,
2369 1771 2462 1824 καὶ
2494 1769 2745 1842 χρονικοῦ
2762 1789 2906 1835 τινος
2934 1773 3323 1846 διαστήματος)
3395 1775 3455 1827 ὲν
3470 1777 3588 1838 sui;

333 1851 463 1916 rali,
497 1865 563 1906 eo
608 1852 786 1921 spatio
829 1851 976 1922 quod
1027 1853 1232 1907 dictum
1263 1859 1371 1918 est,
1430 1852 1701 1906 absoluta.
1755 1850 1908 1908 Tunc

336 1946 503 2003 simul
539 1946 797 2002 universa
841 1945 930 1998 lux
974 1944 1206 2010 exstitit,
1238 1950 1368 1998 tunc
1405 1944 1586 1999 omnis
1615 1959 1797 1998 rerum
1842 1943 1910 1997 il-

338 2036 698 2092 lustrantium
745 2043 939 2089 natura
991 2035 1228 2105 propriis
1285 2033 1546 2088 distincta
1589 2033 1910 2090 (litierentiis

338 2133 617 2204 apparuit,
663 2146 896 2202 quarum
937 2145 968 2186 e
1001 2145 1232 2186 numero
1290 2133 1370 2187 sol
1415 2141 1520 2193 est,
1547 2138 1601 2186 et
1639 2131 1789 2185 luna.
1830 2133 1910 2187 Ac

337 2220 803 2292 quemadmodum
841 2234 903 2274 ea
936 2234 1058 2290 quae
1100 2218 1356 2275 ﬂuentem
1402 2223 1512 2275 vim
1543 2221 1766 2286 habent,
1799 2237 1908 2277 non

339 2319 473 2369 sunt
517 2313 681 2368 unius
712 2314 928 2384 generis
964 2311 1171 2380 omnia,
1215 2312 1309 2368 sed
1339 2312 1643 2368 differentia
1672 2315 1910 2384 quadam

337 2404 482 2459 inter
503 2419 564 2460 se
591 2403 832 2459 vicissim
862 2403 1197 2474 discrepant,
1225 2411 1285 2457 ut
1309 2404 1497 2459 videre
1521 2404 1648 2460 licet
1677 2405 1732 2459 in
1763 2406 1907 2468 oleo,

337 2502 391 2552 et
421 2510 582 2566 aqua,
614 2505 668 2551 et
700 2502 924 2566 argento
953 2496 1099 2560 vivo,
1141 2511 1264 2566 qua:
1302 2495 1349 2550 si
1381 2496 1508 2565 quis
1536 2495 1716 2549 omnia
1747 2497 1910 2550 simul

337 2587 397 2641 in
424 2602 535 2642 uno
571 2601 702 2642 vase
734 2585 1056 2649 confundat,
1092 2601 1258 2656 parva
1292 2586 1576 2655 interjecta
1616 2602 1768 2642 mora
1798 2589 1913 2656 pri—

336 2693 486 2736 mum
521 2678 752 2750 aspiciet
778 2685 1060 2749 argentum
1096 2679 1281 2733 vivum
1312 2679 1384 2734 ob
1416 2680 1723 2748 graviorem
1749 2680 1911 2736 deor-

337 2783 571 2840 sumque
610 2769 920 2824 tendentem
968 2778 1220 2823 naturam
1270 2769 1327 2825 in
1362 2770 1532 2826 fundo
1571 2778 1749 2825 totum
1779 2787 1912 2828 cons-

339 2861 540 2929 sidere,
586 2861 718 2918 licet
748 2862 933 2917 omnia
983 2861 1268 2918 commista
1312 2861 1682 2928 sint;deinde
1715 2878 1911 2934 aquam

340 2953 504 3009 simul
547 2961 796 3008 coactam
841 2967 1057 3008 omnem
1100 2952 1433 3020 succedere;
1489 2964 1766 3024 postremo
1807 2955 1913 3010 olei

340 3053 700 3116 congregatas
732 3046 1032 3116 particulas
1061 3053 1423 3116 supernatare
1466 3055 1520 3101 et
1555 3062 1719 3117 super
1749 3055 1914 3102 utro-

2012 1863 2189 1934 τρισὶν
2214 1861 2451 1934 ἡμέραις
2475 1862 2760 1934 ἐτελειώθη
2777 1881 2791 1894 ·
2815 1863 2890 1926 ὡς
2917 1864 3079 1934 μηδὲν
3103 1864 3206 1931 ἔξω
3230 1868 3329 1935 τῆς
3359 1866 3588 1920 ἀκολου-

2015 1954 2138 2019 θίας
2187 1955 2338 2026 παρὰ
2383 1954 2476 2007 τοῦ
2516 1954 2752 2024 μεγάλου
2780 1955 3022 2018 Μωσέως
3066 1957 3125 2009 ὲν
3159 1958 3226 2027 τῇ
3276 1956 3385 2010 τῶν
3419 1958 3590 2012 ὄντων

2013 2046 2268 2118 διασκευῇ
2298 2045 2625 2117 γεγράφθαι,
2651 2048 2700 2099 ιί
2729 2046 2944 2100 πάντων
2972 2047 3112 2102 κατά
3135 2048 3196 2100 τὸ
3221 2047 3417 2118 ἀθρόον
3441 2048 3591 2120 παρά

2015 2139 2113 2210 τῆς
2144 2137 2236 2191 τοῦ
2255 2137 2599 2210 Δημιουργοῦ
2623 2137 2908 2210 δυνάμεως
2925 2138 3122 2202 ὑλικῶς
3145 2139 3592 2210 προκαταδεϐλησ

2019 2230 2218 2301 μένων,
2241 2230 2377 2300 πρὸς
2398 2230 2496 2302 τὴν
2528 2229 2634 2284 τῶν
2659 2229 2829 2284 ὄντων
2859 2229 3138 2295 σύστασιν,
3176 2232 3210 2303 ἡ
3244 2232 3443 2304 μερικὴ
3484 2233 3595 2285 τῶν

2016 2322 2073 2373 ἐν
2116 2319 2194 2391 τῷ
2243 2319 2431 2390 κόσμῳ
2467 2319 2894 2392 τεθεωρημένων
2949 2320 3239 2388 ἀνάδειξις,
3297 2321 3449 2386 τάξει
3487 2323 3594 2375 τινὶ⁵

2017 2413 2218 2482 φυσικῇ
2246 2410 2338 2464 καὶ
2362 2410 2652 2482 ἀκολουθίᾳ
2676 2412 2733 2463 ἐν
2757 2411 2905 2484 ῥητῷ
2923 2412 3253 2482 διαστήματι
3284 2411 3593 2482 ἐτελειώθηο

2014 2502 2136 2554 τότε
2158 2502 2257 2572 μὲν
2285 2501 2482 2572 ἀθρόου
2509 2501 2603 2554 τοῦ
2643 2503 2818 2571 φωτὸς
2844 2503 3192 2573 ὲκφανέντος,
3221 2502 3315 2557 νῦν
3337 2503 3394 2557 δὲ
3419 2503 3598 2574 πάσης

2015 2595 2114 2664 τῆς
2145 2593 2482 2663 φωτιστικῆς
2515 2591 2732 2662 φύσεως
2771 2594 2953 2658 Ξδικῶς
2984 2595 3356 2668 διαφανείσης,
3385 2589 3460 2651 ὧν
3483 2599 3601 2651 ἐστι

2017 2685 2113 2740 καὶ
2147 2686 2176 2738 ό
2203 2684 2372 2756 ἥλιος,
2402 2684 2496 2736 καὶ
2522 2684 2556 2754 ή
2599 2684 2818 2756 σελήνη.
2845 2686 2954 2741 Καὶ
2983 2687 3170 2758 ὥσπερ
3202 2688 3296 2741 ἐπὶ
3339 2687 3447 2740 τῶν
3473 2687 3599 2759 ῥευ-

2020 2775 2150 2844 στήν
2185 2791 2307 2828 τινα
2336 2771 2565 2843 δύναμιν
2602 2771 2853 2844 ἐχόντων,
2891 2774 2993 2829 κᾶν
3022 2777 3201 2830 πάντα
3227 2777 3346 2847 ῥέῃ,
3377 2776 3436 2830 οὑ
3464 2776 3599 2829 πάν-

2017 2881 2125 2929 τως
2155 2864 2429 2936 όμογενῶς
2459 2865 2570 2936 ἔχει
2603 2864 2738 2937 πρὸς
2769 2865 2994 2936 ἄλληλα,
3019 2867 3154 2921 ἀλλά
3182 2867 3262 2931 τίς
3290 2870 3436 2921 ἐστιν
3472 2868 3602 2921 ἑκάε-

2021 2973 2132 3027 στῳ
2177 2955 2410 3026 διαφορά
2466 2955 2603 3026 πρὸς
2656 2955 2716 3008 τὸ
2767 2955 2973 3028 ἕτερον,
3021 2953 3132 3010 οἷον
3175 2959 3234 3012 ὲν
3296 2959 3462 3029 ἐλαίῳ
3509 2959 3604 3011 καὶ

2021 3047 2346 3120 ὑδραργύρῳ
2392 3049 2484 3100 καὶ
2534 3046 2707 3111 ὕδατι,
2752 3047 2896 3119 ἅπερ
2947 3049 2998 3101 εῐ
3035 3066 3120 3111 τις
3151 3050 3386 3120 ἀναχέας
3425 3051 3603 3103 πάντα

342 3154 453 3210 que
483 3139 787 3195 consistere
816 3155 831 3195 :
863 3139 1054 3194 eodem
1083 3147 1245 3208 pacto
1267 3137 1336 3193 de
1366 3153 1426 3194 re
1452 3139 1613 3195 nobis
1634 3141 1700 3194 ad
1731 3139 1920 3211 dispu-

2021 3141 2154 3212 πρὸς
2192 3138 2395 3210 ἄλληλα
2451 3139 2532 3192 ἐνὶ
2580 3138 2861 3210 περιϐάλοι
2905 3141 3132 3209 ἀγγείῳ,
3183 3141 3410 3212 βραχέος
3445 3143 3608 3210 ἐγγε-

343 3229 570 3285 tandum
610 3230 890 3301 proposita
918 3243 1217 3301 possumus
1253 3230 1551 3300 conjicere,
1580 3230 1714 3286 illud
1751 3247 1920 3286 unum

2019 3231 2244 3304 νομένου
2271 3230 2489 3301 χρόνου,
2521 3228 2735 3300 πρῶτον
2765 3229 2956 3299 ὄψεται
2995 3231 3091 3301 τὴν
3123 3232 3482 3304 ὑδράργυρον,
3511 3231 3602 3285 διὰ

343 3321 402 3376 in
451 3321 700 3392 exemplo
750 3328 967 3376 tantum
1015 3329 1445 3387 commutantes,
1502 3331 1564 3378 ut
1618 3323 1766 3394 quod
1814 3325 1920 3379 illic

2020 3321 2082 3376 τὸ
2115 3320 2422 3393 βαρυτέραν
2457 3335 2518 3372 τε
2547 3319 2639 3372 καὶ
2680 3322 3166 3392 κατωφερεστέραν
3199 3319 3338 3376 εἶναι
3380 3322 3487 3377 τῶν
3512 3323 3607 3376 άλ-

347 3419 571 3483 propter
613 3412 962 3482 gravitatem.
1016 3411 1106 3467 hic
1153 3421 1346 3467 contra
1393 3421 1617 3484 propter
1651 3415 1920 3472 levitatem

2020 3415 2148 3481 λων,
2175 3416 2288 3476 τοῖς
2328 3413 2480 3476 ἰδίοις
2511 3413 2903 3483 συμφυομένην
2949 3413 3181 3484 μορίοις,
3217 3413 3320 3467 κᾶν
3357 3413 3607 3484 πανταχῆ

344 3506 580 3562 eveniat.
622 3505 680 3560 In
712 3505 889 3576 prima
929 3505 1077 3559 enim
1108 3519 1294 3558 rerum
1335 3504 1752 3566 constitutione.
1806 3523 1920 3577 qua:

2021 3505 2194 3558 ταῦτα
2251 3502 2674 3573 διεσκεδασμένα
2727 3501 2896 3574 τύχῃ·
2948 3501 3138 3556 ἔπειτα
3173 3502 3234 3556 τὸ
3283 3501 3428 3573 ὕδωρ
3471 3502 3609 3573 πρὸς

344 3596 571 3652 levitate
620 3611 842 3652 sursum
884 3594 1203 3659 tendebant,
1241 3594 1488 3665 quandiu
1521 3596 1590 3650 ob
1615 3599 1918 3652 naturalem

2030 3595 2190 3650 ἑαυτὸ
2231 3594 2622 3664 συναγόμενον·
2656 3589 2776 3648 εἶτα
2809 3593 2902 3646 τοῦ
2934 3593 3114 3647 ἐλαίου
3157 3595 3226 3648 τά
3267 3595 3434 3665 μόρια
3471 3596 3606 3648 πᾶσι

346 3684 457 3740 vim
492 3685 714 3740 insitam
749 3683 1027 3740 celeritate
1052 3684 1322 3746 valebant,
1347 3685 1552 3754 pariter
1576 3687 1762 3740 omnia
1792 3702 1920 3742 con-

2027 3688 2138 3748 τοῖς
2165 3685 2546 3755 ὑποκειμένοις
2574 3684 2991 3748 ἐπιπολάζοντα,
3019 3686 3112 3738 καὶ
3141 3687 3268 3756 περὶ
3294 3684 3462 3738 έαυτά
3485 3701 3612 3738 συν-

348 3785 663 3840 currerunt,
694 3782 808 3829 tum
837 3789 902 3830 ex
935 3774 1242 3831 velocitatis
1283 3776 1603 3846 priestantia
1633 3777 1749 3848 ipsa
1784 3795 1920 3851 quo-

2032 3779 2324 3849 ιστάμεναο
2381 3776 2552 3840 οὕτως
2598 3771 2752 3847 οἶμαι
2791 3776 2901 3830 δεῖν
2933 3777 3027 3830 καὶ
3073 3777 3202 3848 περὶ
3240 3777 3340 3848 τῆς
3387 3793 3612 3849 προκει-

347 3878 456 3935 que
494 3863 638 3918 inter
676 3878 736 3918 se
766 3863 1027 3918 distincta
1061 3871 1210 3919 sunt.

2031 3871 2198 3941 μένης
2229 3869 2459 3940 θεωρίας
2508 3868 2884 3939 στοχάζεσθαι,
2915 3867 3168 3922 τοσοῦτον
3200 3868 3610 3932 ὑπαλλάξαντας

352 3958 512 4030 μόνον
552 3955 647 4009 τοῦ
684 3954 1111 4025 ὑποδείγματος,
1160 3955 1300 4010 ὥστε
1339 3955 1400 4008 τὸ
1427 3956 1484 4009 έν
1531 3960 1644 4020 τοῖς
1690 3961 1935 4028 ρευστοῖς
1972 3956 2072 4016 ὧδε
2104 3959 2190 4014 διὰ
2239 3959 2330 4012 τοῦ
2398 3958 2598 4028 βάρους
2655 3957 2971 4028 γινόμενον,
3019 3958 3111 4011 ἐπὶ
3153 3957 3251 4027 τῆς
3297 3957 3611 4029 ἀνωφεροῦς

351 4050 567 4118 φύσεως
619 4048 760 4102 κατά
806 4049 866 4101 τὸ
918 4048 1152 4119 ἔμπαλιν
1209 4049 1501 4120 θεωρῆσαι.
1561 4051 1786 4106 Πάντων
1837 4055 1944 4125 γὰρ
1984 4054 2406 4125 ἀναφερομένων
2465 4052 2570 4104 ὑπὸ
2609 4051 2939 4121 κουφότητος
2972 4050 3088 4120 ἅμα
3135 4053 3202 4122 τῇ
3249 4049 3441 4121 πρώτῃ
3498 4048 3610 4103 τῶν

353 4146 518 4200 όντων
565 4142 858 4214 καταϐολῇ,
899 4143 975 4207 ὡς
1018 4139 1130 4214 εἶχε
1179 4144 1375 4214 τάχους
1424 4143 1654 4198 ἕκαστον
1709 4147 1852 4200 κατά
1896 4149 1993 4220 τήν
2022 4148 2347 4219 ὲγκειμένην
2374 4149 2483 4209 τοῖς
2524 4147 2688 4199 πᾶσιν
2715 4147 2780 4199 έκ
2805 4144 3018 4216 φύσεως
3044 4143 3289 4216 δύναμιν,
3320 4143 3612 4198 ἀκόλουθον

349 4235 419 4311 ἦν
440 4237 520 4308 τῷ
548 4234 915 4306 ίσοδρομοῦντι
941 4235 1192 4307 ἀλλήλοις
1229 4236 1405 4288 πάντα
1448 4235 1793 4307 συνδραμεῖν,
1823 4239 1918 4292 καὶ
1945 4239 2087 4293 οὕτω
2137 4238 2481 4310 διακριθῆναι
2539 4236 2682 4290 κατά
2713 4236 2812 4308 τήν
2847 4235 2942 4290 τοῦ
2969 4237 3166 4306 τάχους
3212 4236 3476 4307 διαφορὰν
3511 4235 3609 4290 ἀπ’

349 4332 615 4404 ἀλλήλων,
643 4331 751 4386 τῶν
793 4330 1054 4394 ὡσαύτως
1083 4332 1402 4400 πεφυκότων
1444 4349 1502 4386 τε
1547 4329 1641 4385 καὶ
1682 4334 2013 4405 δυναμένων.

423 4421 495 4479 Ut
525 4423 691 4493 igitur
718 4422 774 4476 in
806 4421 1056 4493 exemplo
1095 4425 1375 4492 proposito
1422 4438 1604 4478 rerum
1639 4423 1920 4479 ﬂuentium

2101 4425 2312 4493 Ὠσπερ
2358 4416 2449 4475 οὖν
2513 4418 2606 4472 ἐπὶ
2666 4418 2758 4470 τοῦ
2800 4417 3195 4488 ὑποδείγματος
3250 4417 3284 4488 ἡ
3343 4416 3452 4470 τῶν
3487 4418 3610 4488 ῥευ-

356 4515 587 4570 secretio
607 4519 662 4568 et
690 4513 964 4582 separatio
987 4512 1271 4566 materiam
1303 4513 1635 4584 singularem
1663 4529 1770 4567 non
1802 4529 1930 4568 con-

355 4605 553 4669 stituit,
581 4604 676 4660 sed
703 4603 817 4674 jam
847 4604 1044 4658 factam
1067 4602 1340 4668 distinxit,
1373 4605 1796 4676 distinctamque
1833 4608 1929 4662 de—

355 4697 723 4753 monstravit:
761 4695 842 4752 sic
871 4696 927 4749 in
976 4696 1141 4749 trium
1171 4695 1382 4750 dierum
1417 4697 1595 4766 spatio
1651 4698 1930 4753 illustrans

357 4788 492 4844 solis
513 4796 730 4854 natura,
759 4795 1111 4858 potestasque
1148 4786 1288 4842 facta
1315 4802 1421 4843 non
1456 4795 1561 4852 est,
1590 4789 1685 4846 sed
1719 4806 1842 4844 cum
1875 4790 1928 4844 iu

359 4879 711 4935 universitate
762 4893 946 4933 rerum
991 4877 1185 4933 diﬂ'usa
1215 4887 1380 4942 esset,
1418 4878 1581 4935 simul
1631 4888 1822 4934 coacta
1851 4891 1935 4935 est

358 4980 415 5028 et
464 4971 776 5041 conjuncta.
812 4967 871 5025 Si
903 4970 1026 5039 quis
1052 4979 1232 5024 autem
1261 4983 1292 5022 a
1325 4969 1484 5024 nobis
1513 4977 1568 5025 et
1620 4970 1767 5025 tertii
1807 4970 1932 5025 οωιί

362 5063 633 5119 rationem
687 5069 856 5133 petat,
920 5062 1067 5132 quod
1131 5061 1309 5118 Moses
1366 5077 1475 5116 non
1536 5063 1780 5132 scripsit,
1839 5062 1934 5117 sed

361 5153 564 5211 Paulus
591 5153 748 5215 vidit,
770 5161 826 5209 et
850 5153 905 5208 in
941 5155 1060 5224 ipso
1083 5163 1339 5223 tanquam
1371 5154 1425 5207 in
1454 5153 1632 5225 adytis
1656 5154 1936 5224 sapientia:

365 5244 675 5300 consistens
704 5257 907 5298 arcana
937 5242 1144 5297 audivit
1168 5241 1235 5307 ³⁵,
1281 5242 1352 5296 ab
1389 5242 1498 5297 illis
1544 5256 1664 5312 qua:
1693 5241 1938 5310 exposita

367 5341 517 5397 sunt,
544 5334 767 5389 tertium
822 5331 956 5387 illud
985 5333 1184 5388 cmlum
1218 5347 1326 5386 non
1358 5332 1551 5387 abesse
1579 5330 1938 5400 respondebi-

2038 4516 2177 4569 στῶν
2198 4513 2402 4567 τούτων
2432 4511 2700 4581 διάκρισις
2741 4509 2840 4561 οὑκ
2878 4509 3099 4578 ἐποίησε
3134 4507 3222 4561 διὰ
3261 4507 3362 4578 τῆς
3400 4506 3612 4560 διαστο·

2035 4605 2134 4675 λῆς
2158 4603 2256 4666 τὰς
2284 4601 2436 4665 ὕλας,
2466 4600 2601 4654 ἀλλά
2628 4601 2726 4662 τὰς
2761 4597 3130 4668 γεγενημένας
3151 4596 3245 4650 καὶ
3274 4598 3331 4649 ὲν
3353 4596 3609 4666 ἀλλήλαις

2037 4694 2340 4766 κεχυμένας
2385 4690 2641 4762 καθαρῶς
2679 4690 2916 4760 ἑκάστην
2940 4689 3047 4741 ἀπὸ
3083 4689 3179 4758 τῆς
3207 4687 3374 4758 ἀλλης
3401 4687 3614 4758 διακρι-

2037 4783 2221 4836 θεῖσαν
2268 4779 2554 4845 ἁνέδειξεν’
2594 4776 2737 4830 οὕτω
2775 4778 2869 4832 καὶ
2910 4776 3045 4848 μετά
3087 4777 3148 4828 τὸ
3178 4779 3473 4848 τριήμερον
3513 4777 3610 4830 τοῦ

2037 4877 2228 4946 χρόνου
2250 4873 2523 4942 διάστημα
2554 4871 2673 4941 οὐχὶ
2697 4871 2912 4938 ἐγένετο
2936 4871 2969 4939 ή
3001 4869 3300 4939 φωτιστικὴ
3332 4867 3426 4921 τοῦ
3455 4868 3608 4939 ήλίου

2039 4966 2200 5034 φύσις
2237 4964 2330 5017 καὶ
2370 4963 2616 5032 δύναμις,
2661 4961 2796 5014 ἀλλά
2826 4959 3190 5031 διακεχυμένη
3232 4959 3369 5029 πρὸς
3408 4960 3468 5012 τὸ
3504 4960 3612 5012 πᾶν

2043 5057 2178 5128 πρὸς
2211 5053 2408 5125 ἑαυτὴν
2455 5051 2720 5122 διεκρίθη.
2754 5052 2816 5104 Εἰ
2844 5051 2901 5104 δέ
2931 5068 3016 5112 τις
3045 5051 3190 5120 ἡμᾶς
3239 5050 3487 5121 ὲπαιτοίη
3521 5049 3614 5103 καὶ

2045 5150 2172 5220 περὶ
2204 5146 2299 5200 τοῦ
2327 5146 2508 5217 τρίτου
2539 5143 2769 5215 οὐρανοῦ
2794 5143 2972 5211 λόγον,
3015 5141 3074 5194 ὃν
3103 5142 3129 5194 ὁ
3158 5143 3362 5211 Μωσῆς
3396 5141 3495 5212 μὲν
3515 5142 3616 5193 οὐκ

2047 5235 2302 5308 ἔγραψεν,
2335 5233 2541 5295 Παῦλος
2569 5231 2624 5284 δὲ
2674 5227 2834 5292 εἶδεν,
2873 5230 2966 5282 καὶ
2993 5231 3052 5282 ἐν
3079 5228 3227 5300 αὑτῷ
3266 5229 3516 5300 καθάπερ
3556 5229 3616 5281 ὲν

2047 5328 2259 5390 ἀδύτοις
2287 5327 2397 5379 τισὶ
2419 5325 2520 5394 τῆς
2541 5322 2731 5390 σοφίας
2751 5312 3060 5391 γενόμενος,
3087 5321 3196 5374 τῶν
3230 5321 3481 5392 ἀρρήτων
3525 5320 3616 5370 έπ-

369 5443 511 5484 tuus.
564 5424 792 5480 Videtur
819 5425 964 5478 enim
1015 5423 1149 5477 mihi
1188 5438 1415 5494 magnus
1450 5423 1608 5479 etiam
1647 5421 1920 5493 Apostbltv

2053 5414 2382 5488 nxoodaato‘,
2403 5415 2560 5471 τοῦτό
2590 5432 2790 5487 φαμεν,
2815 5414 2898 5468 ὅτι
2929 5413 3030 5467 οὑκ
3058 5412 3161 5479 ἔξω
3181 5413 3290 5467 τῶν
3318 5409 3620 5482 ἐξητασμέ-

440 5564 485 5598 ³¹
514 5561 555 5616 ll
585 5563 711 5619 Cor.
755 5579 845 5625 xu,
878 5560 998 5616 2-4.

444 5695 663 5768 (a)Vox
722 5703 993 5766 suspecta.
1045 5691 1355 5762 Legendum
1407 5691 1658 5764 δεύτερον
1719 5684 1874 5744 οὖσα.
1929 5686 2085 5742 Enn.
