4046 6350
334 383 427 441 121

1580 390 1645 446 ΙΝ
1686 392 2159 451 ΙΙΕΧΑΕΜΕΒΟΝ
2198 396 2419 454 LIBER.

3490 400 3597 454 122

336 520 442 556 νων
469 501 499 552 6
523 498 707 571 τρίτος
746 499 948 563 ἐκεῖνος
981 495 1210 572 οὐρανός
1233 502 1369 554 ὲστι.
1416 504 1574 557 Δοκεῖ
1616 504 1723 576 γάρ
1772 524 1861 577 μοι
1883 509 1912 559 6

2034 512 2239 565 vincens
2262 525 2453 565 omnes
2484 512 2796 581 superiores
2819 514 2989 570 totius
3009 521 3238 576 naturae,
3275 526 3396 581 quae
3426 527 3591 567 sensu

341 592 513 661 μέγας
578 589 901 653 ’Λπόστολος
946 592 975 643 6
1020 591 1155 643 πᾶσι
1204 594 1316 655 τοῖς
1361 592 1672 665 ἔμπροσθεν
1719 597 1914 651 ἑαυτὸν

340 680 687 744 ἑπεκτείνων,
716 679 909 743 διαϐάς
931 681 1109 752 πάσης
1137 681 1237 752 τῆς
1264 684 1524 754 αἰσθητῆς
1546 683 1763 753 φύσεως
1788 688 1915 751 τοὺς

340 774 519 843 ὄρους,
559 772 639 835 είς
671 772 771 843 τὴν
808 772 1004 842 νοητὴν
1047 773 1379 827 κατάστασιν
1421 775 1795 846 παρεισδῦναι,
1852 779 1913 831 ού

342 865 662 935 σωματικῆς
682 865 925 936 ἀκριϐῶς
949 867 1242 937 γινομένης
1268 866 1416 937 αὐτῷ
1440 854 1538 936 τῆς
1568 867 1677 921 τῶν
1710 869 1916 939 νοητῶν

340 957 593 1029 θεωρίας.
628 955 800 1011 Τοῦτο
832 957 941 1028 γὰρ
984 959 1078 1011 καὶ
1108 959 1273 1022 αὐτὸς
1301 957 1379 1028 τῷ
1415 958 1530 1030 ίδίῳ
1560 960 1704 1031 λόγῳ
1738 978 1918 1033 παρα-

344 1050 663 1120 σημαίνεται
693 1048 886 1115 εἰπὼν,
907 1051 987 1104 ὅτι
1010 1070 1028 1101 ι
1061 1051 1171 1105 εἴτε
1202 1054 1260 1106 ὲν
1287 1050 1499 1122 σώματι
1522 1053 1623 1106 οὐκ
1647 1050 1782 1116 οἶδα,
1807 1054 1917 1107 εἴτε

341 1145 496 1209 ἐκτὸς
518 1143 611 1199 τοῦ
638 1145 887 1214 σώματος
911 1146 1010 1200 οὐκ
1023 1143 1168 1201 οἶδα⁶
1198 1148 1227 1199 6
1249 1146 1383 1210 Θεὸς
1421 1143 1561 1200 οἶδεν
1602 1148 1917 1220 ἁρπαγέντα

339 1239 432 1292 τὸν
454 1238 693 1293 τοιοῦτον
724 1238 830 1303 ἕως
860 1239 1044 1311 τρίτου
1077 1238 1328 1311 οὐρανοῦ.
1358 1258 1377 1290 ι
1399 1239 1473 1292 Τὸ
1499 1234 1591 1293 οὖν
1622 1240 1919 1311 ἀκρότατον

339 1329 433 1383 τοῦ
462 1329 721 1399 αίσθητοῦ
756 1331 962 1401 κόσμου
998 1331 1182 1401 τρίτον
1209 1327 1363 1401 οἶμαι
1401 1330 1631 1400 οὐρανὸν
1662 1345 1921 1401 προειρη·

341 1422 496 1476 κέναι
523 1422 615 1476 τὸν
634 1423 868 1489 Παῦλον,
894 1424 1053 1495 τριχῆ
1078 1424 1175 1494 μὲν
1194 1424 1428 1494 τεμόντα
1450 1424 1556 1476 πᾶν
1570 1422 1632 1475 16
1662 1422 1920 1492 φαινόμε-

340 1532 453 1580 νον,
490 1514 631 1568 κατά
672 1514 729 1567 δὲ
784 1515 885 1585 τὴν
933 1516 1218 1586 συνήθειαν
1256 1516 1356 1585 τῆς
1398 1514 1643 1586 Γραφῆς,
1690 1513 1921 1568 ἕκαστον

340 1607 449 1659 τῶν
481 1608 787 1678 τμημάτων
813 1610 1019 1661 τούτων
1054 1608 1284 1680 οὐρανὸν
1320 1608 1683 1679 ὀνομάσαντα.
1722 1608 1782 1660 '0
1812 1607 1921 1678 γὰρ

339 1700 440 1769 τῆς
466 1700 687 1770 Γραφῆς
720 1701 897 1769 λόγος,
928 1706 985 1755 ὲν
1013 1702 1351 1772 καταχρήσει
1378 1700 1486 1754 τινὶ
1515 1701 1794 1772 ῥημάτων,
1825 1699 1923 1752 ’ἐνα

346 1792 446 1861 μὲν
468 1791 692 1861 οὐρανὸν
729 1791 1006 1861 ὀνομάζει,
1034 1791 1125 1845 τὸν
1153 1793 1279 1864 ὅρον
1319 1792 1413 1845 τοῦ
1441 1790 1921 1863 παχυμερεστέρου

341 1884 525 1955 ἀέρος,
582 1885 772 1956 μέχρις
810 1880 871 1940 οὗ
906 1887 1000 1939 καὶ
1042 1885 1176 1957 νέφη
1217 1886 1311 1938 καὶ⁴
1356 1885 1544 1955 ἄνεμοι
1588 1885 1683 1938 καὶ
1731 1885 1765 1955 ἡ
1815 1884 1923 1938 τῶν

340 1974 620 2043 ὑψιπετῶν
656 1974 859 2045 ὀρνέων
892 1977 1115 2047 φέρεται
1153 1974 1336 2044 φύσις.
1366 1974 1475 2027 Καὶ⁵
1502 1973 1610 2045 γὰρ
1639 1974 1733 2026 καὶ
1760 1972 1921 2040 νεφέ-

342 2065 441 2129 λας
473 2066 700 2137 ούρανοῦ
742 2066 910 2135 λέγει,
960 2068 1054 2121 καὶ
1101 2066 1322 2120 πετεινά
1372 2065 1641 2136 οὐρανοῦ·
1684 2063 1776 2118 καὶ
1826 2065 1925 2133 οὐχ

340 2157 531 2221 ἀπλῶς
582 2157 811 2230 οὐρανὸν
862 2158 1011 2227 λέγει
1060 2158 1268 2223 τοῦτον,
1323 2156 1459 2210 ἀλλά
1504 2158 1599 2209 καὶ
1649 2155 1788 2226 μετὰ
1829 2154 1925 2207 τοῦ

344 2250 745 2323 αερεὼματος.
796 2251 958 2320 Λέγει
1008 2250 1137 2320 γὰρ,
1175 2270 1193 2301 ι
1247 2248 1592 2318 Ἐξαγαγέτω
1635 2248 1707 2302 τά
1759 2248 1928 2301 ὕδατα

344 2348 553 2416 ἑρπετά
579 2345 766 2416 ψυχῶν
793 2342 1005 2409 ζωσῶν,
1034 2343 1126 2395 καὶ
1165 2344 1387 2395 πετεινά
1420 2342 1696 2412 πετόμενα
1717 2341 1807 2395 ἐπὶ
1827 2340 1927 2409 τῆς

344 2435 449 2502 γῆς
479 2434 618 2488 κατά
642 2433 704 2486 16
751 2432 1038 2503 στερέωμα
1070 2431 1165 2484 τοῦ
1197 2431 1447 2502 ούρανοῦ.
1490 2450 1508 2481 ι
1548 2427 1679 2484 Εἶτα
1711 2429 1772 2482 16
1811 2429 1931 2482 ἓτε-

346 2542 462 2596 ρον,
486 2525 713 2594 οὐρανόν
737 2540 796 2577 τε
840 2525 934 2576 καί⁵
974 2522 1261 2593 στερέωμα
1294 2522 1673 2592 κατονομάζει,
1702 2524 1765 2575 16
1792 2521 1931 2593 μετὰ

343 2618 444 2685 τὴν
469 2614 683 2685 ἀπλανῆ
714 2616 952 2684 σφαῖραν
994 2614 1122 2684 περὶ
1160 2613 1221 2665 16
1254 2613 1404 2676 ἐντὸς
1435 2614 1830 2685 θεωρούμενον.
1871 2616 1931 2668 ὲν

341 2701 389 2774 ᾧ
420 2708 470 2759 οἱ
522 2707 790 2777 πλανῆται
833 2704 941 2759 τῶν
977 2700 1221 2775 ἀστέρων
1284 2704 1717 2776 διαπορεύονται.
1767 2705 1930 2773 Λέγει

344 2802 477 2871 γάρ,
526 2800 609 2853 ὅτι
640 2819 657 2851 ι
709 2797 996 2868 Ἐποίησεν
1040 2798 1068 2849 6
1114 2796 1246 2859 Θεὸς
1283 2796 1411 2859 τοὺς
1461 2799 1757 2867 φωστῆρας
1805 2797 1932 2860 τοὺς

349 2892 638 2965 μεγάλους,
683 2892 776 2945 καὶ
815 2889 969 2944 έθετο
1003 2890 1201 2953 αὐτοὺς
1237 2890 1296 2941 ὲν
1340 2888 1418 2959 τῷ
1457 2890 1796 2960 στερεώματι
1834 2888 1930 2941 τοῦ

345 2984 599 3056 ούρανοῦ,
629 2984 770 3039 ὥστε
815 2982 1028 3052 φαίνειν
1058 2982 1151 3034 ἐπὶ
1178 2981 1277 3051 τῆς
1306 2981 1430 3051 γῆς.
1474 3000 1491 3030 ι
1518 2982 1690 3033 Παντὶ
1722 2981 1777 3033 δὲ
1802 2982 1934 3051 πρό-

344 3078 507 3149 δηλον
521 3078 598 3148 τῷ
614 3075 859 3130 ὁπωσοῦν
877 3078 1123 3143 ὲπεσκεμ
1130 3073 1274 3143 μένῳ
1290 3072 1384 3142 τὴν
1402 3071 1495 3124 τοῦ
1513 3072 1713 3135 παντὸς
1728 3072 1935 3125 διακόσ-

352 3190 538 3243 μησιν,
551 3173 673 3225 ὅσον
692 3168 1033 3235 ὑποϐέϐληκε
1052 3166 1225 3220 ταῦτα
1241 3170 1370 3236 περὶ
1384 3167 1483 3236 τὴν
1495 3166 1606 3220 άνω
1626 3165 1815 3235 φορὰν,
1840 3166 1933 3218 καὶ

346 3264 483 3317 αὐτὸ
500 3263 556 3316 δὲ
574 3262 635 3314 τὸ
647 3262 945 3331 ἀκρότατον
963 3257 1059 3311 τοῦ
1088 3255 1349 3327 αἰσθητοῦ
1373 3257 1601 3327 κόσμου,
1631 3256 1658 3308 ὃ
1681 3257 1932 3327 μεθόριον

348 3356 451 3426 τῆς
466 3354 661 3425 νοητῆς
678 3352 904 3415 κτίσεως
915 3391 928 3415 ,
945 3367 1034 3404 στε
1042 3348 1148 3421 ρέω
1156 3350 1229 3420 μά
1244 3367 1302 3401 τε
1316 3349 1409 3402 καὶ
1420 3350 1479 3402 ού
1488 3349 1645 3420 ρανδν
1657 3350 1745 3401 ὀνο
1750 3350 1859 3419 ad:
1862 3367 1886 3402 ε
1895 3368 1929 3402 ι.

438 3446 495 3497 ’0
540 3439 633 3497 οὖν
680 3440 1023 3511 ἐπιθυμητὴς
1052 3438 1161 3491 τῶν
1208 3438 1347 3509 ὑπὲρ
1375 3437 1555 3504 λόγον,
1589 3437 1686 3490 καὶ
1716 3437 1934 3489 σκοπῶν

352 3536 537 3600 καθὼς
602 3535 696 3588 καὶ
746 3534 880 3603 ἡμῖν
940 3530 1285 3599 ὲγκελεύεται
1349 3529 1517 3599 μηδὲν
1578 3527 1690 3581 τῶν
1743 3528 1936 3598 βλεπο-

360 3631 569 3701 μένωνο
621 3628 702 3680 ὅτι
753 3624 821 3677 τὰ
876 3624 972 3694 μὲν
1016 3622 1321 3693 βλεπόμενα
1366 3621 1707 3693 πρόσκαιρα,
1758 3620 1829 3673 τὰ
1880 3619 1937 3673 δὲ

359 3722 435 3793 μὴ
499 3719 804 3791 βλεπόμενα
860 3714 1052 3769 αἰώνια
1080 3731 1091 3743 ·
1159 3715 1292 3767 ὃπου
1355 3714 1516 3766 αὑτὸν
1572 3714 1606 3783 ὴ
1666 3710 1936 3782 ἐπιθυμία

355 3815 582 3887 ἐπῆρεν,
630 3813 747 3865 ἐκεῖ
800 3810 1015 3877 ἐγένετο
1064 3807 1299 3876 ὑψωθεὶς
1349 3810 1414 3877 τῇ
1472 3806 1720 3877 δυνάμει.
1766 3804 1939 3857 Τοῦτο

356 3903 693 3975 ἐπιθυμητὸν
745 3900 892 3971 αὐτῷ
941 3898 1373 3970 προδεικνύντος,
1416 3899 1510 3951 κα)⁸
1559 3898 1680 3951 ἀντὶ
1742 3899 1936 3964 εἰπεῖν,

356 3991 487 4049 Οἶδα
510 3996 794 4065 ἄνθρωπον
825 3994 1005 4045 πᾶσαν
1032 3992 1130 4061 τὴν
1160 3990 1424 4061 αἰσθητὴν
1452 3989 1709 4043 διαϐάντα
1741 3990 1938 4053 κτίσιν,

357 4091 452 4143 καὶ
490 4091 548 4142 ἐν
592 4090 703 4150 ⁴τοῖς
735 4086 948 4147 ἀδύτοις
985 4084 1083 4154 τῆς
1128 4083 1325 4154 νοητῆς
1372 4083 1661 4152 γενόμενον
1696 4080 1936 4152 φύσεωςο

356 4181 548 4252 ἐπειδὴ
579 4182 643 4233 ὲκ
674 4178 864 4241 παιδὸς
886 4177 955 4229 τὰ
996 4174 1118 4246 ίερά
1141 4176 1442 4245 γράμματα
1478 4170 1636 4237 οἶδεν,
1661 4176 1782 4236 ταῖς
1806 4189 1943 4243 γρα-

360 4277 548 4344 φικαῖς
582 4273 783 4342 φωναῖς
824 4267 1170 4340 διασημαίνει
1220 4267 1280 4319 16
1320 4266 1512 4335 ὄνομα,
1553 4265 1733 4336 τρίτον
1777 4264 1941 4335 ούρα-

360 4373 451 4420 νον
503 4364 775 4433 ὀνομάσας
828 4362 926 4432 τὴν
975 4359 1084 4412 τῶν
1121 4358 1290 4430 τριῶν
1344 4358 1547 4411 τούτων
1599 4355 1709 4409 τῶν
1761 4356 1819 4407 ἐν
1864 4353 1943 4424 τῷ

365 4458 527 4511 παντὶ
578 4454 966 4526 θεωρουμένων
1016 4453 1321 4523 τμημάτων
1371 4448 1631 4512 διέξοδον·
1686 4446 1942 4499 κατέλιπε

362 4551 473 4619 γάρ
504 4548 594 4600 τὸν
636 4546 809 4617 ἀέρα·
844 4543 1160 4615 παρέδραμε
1215 4542 1307 4595 καὶ
1342 4541 1441 4611 τὴν
1487 4540 1574 4593 διὰ
1622 4539 1788 4609 μέσου
1835 4536 1943 4589 τῶν

2017 603 2334 672 percipitur,
2385 605 2650 660 terminos
2696 609 3118 672 transcendisse,
3155 607 3220 660 ad
3250 620 3481 675 eamque
3510 606 3595 659 in-

2014 711 2261 764 gressum
2315 710 2459 761 esse,
2495 713 2614 767 quae
2645 700 2830 754 animo
2859 708 3149 770 menteque
3177 699 3594 769 comprehendi-

2016 798 2127 852 tur,
2187 804 2311 843 cum
2372 791 2748 860 spectaculum
2801 792 2934 846 illud
2993 793 3215 847 minime
3270 804 3592 859 corporeum

2017 880 2201 946 fuerit,
2230 889 2290 936 ut
2321 881 2551 951 ipsemet
2574 882 2862 954 signiﬁcat,
2893 902 2912 936 ι
2945 884 3060 939 sive
3086 883 3141 937 in
3172 898 3421 953 corpore,
3454 900 3471 933 ι
3510 881 3595 934 in-

2016 973 2230 1043 quiens,
2271 991 2289 1023 ι
2327 973 2515 1030 nescio
2555 992 2569 1028 :
2606 976 2721 1030 sive
2766 984 2919 1030 extra
2962 991 3183 1045 corpus,
3208 973 3423 1029 nescio:
3448 972 3595 1026 Deus

2018 1063 2123 1117 scit
2170 1071 2385 1134 raptum
2410 1065 2679 1134 ejusmodi
2729 1066 3004 1123 hominem
3054 1082 3229 1136 usque
3268 1067 3334 1120 ad
3370 1065 3592 1120 tertium

2017 1155 2238 1209 caelum.
2278 1174 2297 1207 ι
2358 1153 2643 1210 Summum
2700 1158 2867 1227 igitur
2913 1158 3045 1213 illud
3099 1159 3315 1213 culmen
3365 1156 3597 1225 hujusce

2019 1246 2230 1311 mundi,
2261 1262 2422 1317 quem
2449 1247 2708 1312 dicimus,
2728 1249 2967 1303 arbitror
2986 1265 3015 1304 a
3038 1248 3209 1303 Paulo
3234 1249 3453 1304 tertium
3480 1262 3596 1302 ca:-

2019 1339 2130 1392 lum
2165 1339 2425 1409 appellari
2461 1359 2473 1393 :
2514 1340 2804 1409 tripliciter
2834 1341 2979 1395 enim
3010 1340 3206 1395 dividit
3246 1354 3407 1393 omne
3451 1337 3597 1408 quod

2020 1429 2286 1494 cernitur,
2334 1438 2388 1483 et
2413 1446 2478 1485 ex
2543 1428 2840 1501 Scriptura:
2888 1432 3287 1486 consuetudine
3354 1430 3599 1500 singulas

2021 1528 2203 1589 partes
2250 1521 2451 1575 coelum
2487 1528 2665 1576 vocat.
2699 1523 2945 1577 Ahutens
2971 1523 3113 1576 enim
3146 1522 3381 1592 quodam
3439 1521 3601 1575 modo

2020 1612 2419 1682 signiﬁcatione
2478 1614 2789 1679 verborum,
2853 1617 3086 1683 Spatium
3127 1614 3258 1668 illud
3310 1614 3601 1667 crassioris

2022 1706 2165 1761 aeris
2216 1721 2324 1775 quo
2350 1714 2403 1760 et
2455 1707 2649 1771 nubes,
2682 1717 2735 1761 et
2768 1707 2933 1769 venti,
2979 1716 3033 1761 et
3062 1706 3260 1761 excelsi
3322 1708 3601 1760 volucrum

2024 1798 2236 1852 volatus
2260 1797 2604 1866 perveniunt,
2644 1800 2843 1853 coelum
2876 1816 3043 1852 unum
3080 1799 3343 1859 nominat,
3386 1813 3509 1851 cum
3552 1806 3606 1850 et

2023 1890 2147 1944 caeli
2182 1891 2357 1945 nubes
2409 1889 2545 1944 dicit
2581 1898 2635 1946 et
2667 1891 2915 1946 volucres
2945 1890 3092 1945 coeli.
3127 1889 3238 1945 Nec
3287 1888 3608 1959 simpliciter

2024 1981 2223 2034 cmlum
2303 1981 2409 2035 hoc
2485 1994 2679 2046 vocat,
2755 1983 2849 2037 sed
2936 1982 3183 2052 adjungit
3249 1982 3409 2036 etiam
3487 1981 3606 2035 illas

2024 2087 2206 2137 voces,
2244 2072 2347 2127 sub
2384 2072 2747 2127 ﬁrmamento.
2774 2072 2915 2127 Dicit
2970 2074 3115 2129 enim
3158 2094 3169 2128 :
3220 2092 3238 2124 ι
3298 2072 3609 2127 Producant

2027 2180 2179 2234 aqua:
2203 2165 2414 2234 reptilta
2452 2166 2758 2219 animarum
2790 2166 3087 2227 viventium
3133 2174 3188 2220 ct
3242 2166 3482 2219 volatilia
3511 2181 3609 2219 vo-

2027 2258 2197 2312 lantia
2252 2274 2418 2328 super
2458 2265 2696 2320 terram,
2739 2259 2842 2313 sub
2902 2260 3247 2312 ﬁrmamento
3311 2258 3436 2311 cmli
3472 2257 3539 2310 ³⁸.
3585 2277 3604 2308 ι

2028 2348 2233 2404 Deinde
2285 2352 2513 2403 alterum
2561 2349 2761 2402 caelum
2810 2356 2864 2403 et
2920 2350 3322 2402 ﬁrmamentum
3375 2348 3613 2417 appellat

2029 2441 2262 2511 spatium
2318 2440 2473 2505 illttd,
2539 2438 2684 2509 quod
2743 2440 3006 2494 inerranti
3060 2440 3289 2509 sphaera:
3336 2439 3609 2493 inclusum

2029 2535 2436 2597 consideratur,
2496 2533 2548 2586 in
2582 2547 2691 2602 quo
2746 2533 2938 2593 stellae.
2972 2547 3110 2601 quas
3141 2542 3390 2586 errantes
3442 2531 3615 2584 nomi-

2031 2635 2185 2689 nant,
2219 2632 2601 2694 pervagantur.
2634 2622 2726 2678 Sic
2755 2624 2868 2677 ait:
2906 2642 2923 2674 ι
2957 2622 3107 2676 Fecit
3145 2621 3288 2676 Deus
3321 2621 3613 2675 luminaria

2031 2732 2248 2786 magna,
2282 2722 2335 2771 et
2366 2715 2546 2785 posuit
2584 2730 2647 2770 ea
2691 2716 2746 2769 in
2795 2716 3137 2768 ﬁrmamento
3176 2714 3325 2773 caeli.
3359 2723 3417 2767 ut
3464 2714 3615 2767 luce-

2032 2816 2153 2862 rent
2178 2821 2343 2875 super
2380 2815 2580 2861 terram
2604 2806 2670 2858 ³⁷.
2706 2824 2724 2857 ι
2758 2805 2943 2859 Cuivis
2983 2804 3303 2859 distinctum
3345 2803 3496 2857 orbis
3528 2819 3592 2856 or

2032 2906 2219 2951 natum
2247 2906 2525 2966 utcunque
2563 2894 2936 2950 consideranti
2970 2894 3319 2964 perspicuum
3367 2902 3473 2957 est,
3502 2895 3618 2948 [nec

2034 2986 2175 3041 infra
2219 3000 2533 3056 supremum
2577 2984 2710 3039 illud
2758 2984 3036 3054 fastigium
3086 2984 3401 3054 contigisse,
3467 2982 3616 3052 quod

2035 3080 2217 3136 omnia
2242 3078 2500 3134 sensibus
2538 3078 2773 3133 obnoxia
2796 3077 3187 3147 complectens,
3220 3092 3391 3145 eaque
3432 3078 3619 3143 sejun-

2036 3185 2169 3241 gens
2196 3184 2225 3222 a
2256 3168 2421 3223 rebus
2448 3167 2557 3222 illis
2601 3166 2927 3236 procreatis,
2970 3180 3091 3235 qua:
3124 3172 3305 3220 mente
3335 3166 3533 3231 solum,
3564 3173 3620 3218 ct

2040 3262 2394 3334 intelligentia
2458 3259 3016 3331 comprehenduntur,
3083 3258 3506 3322 ﬁrmamentum,
3565 3268 3621 3313 et

2036 3357 2235 3413 coelum
2267 3352 2519 3425 appellat.

2105 3447 2180 3501 Ea
2209 3447 2394 3518 igitur,
2427 3461 2548 3515 quae
2578 3445 2760 3500 verbis
2788 3444 3054 3515 explicari
3086 3459 3192 3499 non
3230 3448 3484 3514 possunt,
3517 3456 3618 3495 eu-

2034 3543 2192 3613 piens
2227 3542 2546 3610 Apostolus,
2586 3548 2641 3595 et
2682 3538 3140 3609 quemadmodum
3182 3551 3283 3591 nos
3334 3538 3459 3588 item
3491 3535 3623 3588 hor-

2036 3640 2203 3695 tatur,
2240 3631 2375 3684 nihil
2406 3638 2866 3699 eoruntspectans
2899 3645 3019 3699 qua:
3035 3628 3185 3683 cerni
3223 3636 3453 3697 queunt,
3491 3641 3617 3679 cum

2035 3738 2100 3778 ea
2137 3738 2259 3793 quae
2285 3722 2561 3788 videntur,
2596 3721 2924 3793 temporaria
2967 3720 3101 3785 sint,
3146 3734 3264 3789 quae
3300 3725 3481 3773 autem
3510 3731 3621 3771 non

2037 3813 2314 3877 videntur,
2357 3822 2558 3867 aeterna
2610 3814 2697 3879 ’3;
2737 3814 2921 3867 divina
2970 3812 3172 3866 virtute
3202 3810 3458 3865 sublatus
3501 3824 3626 3878 per-

2039 3908 2186 3961 venit
2211 3922 2277 3961 eo
2308 3923 2417 3974 quo
2447 3905 2718 3960 desiderio
2761 3904 3039 3959 ferebatur
3065 3942 3079 3967 ,
3140 3917 3376 3969 cumque
3436 3914 3628 3956 sacras

2040 3997 2274 4051 Litteras
2304 4014 2331 4050 a
2355 3997 2585 4067 pueritia
2614 3995 2923 4061 didicisset,
2965 3994 3145 4050 verbis
3173 3992 3473 4063 Scriptura:
3509 3992 3627 4046 usi-

2042 4086 2169 4142 tatis
2196 4102 2304 4140 rem
2337 4086 2510 4155 ipsam
2533 4085 2825 4155 expressit,
2856 4084 3077 4139 tertium
3108 4084 3308 4137 cmlum
3344 4082 3628 4152 appellans

2043 4179 2235 4232 harum
2268 4179 2430 4231 trium
2476 4178 2805 4243 sectionum,
2854 4191 2977 4246 qum
3027 4176 3082 4229 in
3116 4174 3317 4227 mundo
3350 4173 3629 4232 videntur,

2040 4277 2363 4324 extremam.
2404 4267 2616 4324 Relicto
2663 4270 2809 4324 enim
2850 4282 2996 4334 aere,
3030 4273 3397 4337 superatoque
3450 4263 3635 4317 medio

2043 4363 2138 4417 illo
2176 4362 2374 4432 spatio,
2407 4364 2461 4416 in
2506 4378 2617 4432 quo
2660 4362 2963 4417 errantium
3005 4361 3287 4415 stellarum
3332 4358 3494 4413 orbes
3519 4374 3633 4412 ver-

2044 4461 2275 4516 santur,
2336 4469 2610 4509 summum
2690 4452 3039 4508 artheriorum
3112 4452 3300 4505 ﬁnium
3366 4451 3634 4505 ambitum

2044 4546 2406 4610 transcendit,
2447 4556 2502 4600 et
2552 4546 2619 4599 ad
2651 4546 2861 4599 ﬁrmam
2916 4545 3082 4608 illam,
3138 4560 3258 4614 quae
3292 4544 3406 4597 sola
3455 4557 3635 4596 mente

361 4638 610 4708 ἀστέρων
637 4634 999 4705 κυκλοφορίαν
1020 4653 1032 4665 ·
1058 4632 1295 4702 ἐπέρασε
1318 4630 1373 4683 δὲ
1396 4629 1490 4683 καὶ
1515 4630 1611 4700 τὴν
1636 4630 1810 4700 ἄκραν
1835 4628 1933 4679 τῶν

2045 4631 2383 4701 percipitur,
2457 4641 2708 4687 naturain
2772 4635 3128 4702 perVenieus,
3196 4632 3434 4702 paradisi
3496 4631 3633 4685 vidit

366 4731 621 4801 αἰθερίων
653 4729 793 4799 ὅρων
847 4724 1155 4796 περιϐολὴν,
1202 4722 1294 4775 καὶ
1337 4722 1394 4773 ἐν
1432 4722 1497 4791 τῇ
1556 4719 1804 4789 στασίμῳ
1848 4718 1943 4771 καὶ

365 4826 532 4894 νοητῇ
556 4821 715 4892 φύσει
744 4820 1053 4890 γενόμενος,
1071 4814 1176 4870 οἶδε
1198 4815 1268 4869 τὰ
1289 4814 1383 4868 τοῦ
1407 4812 1731 4884 παραδείσου
1751 4811 1943 4882 κάλλη,

370 4917 464 4968 καὶ
488 4916 717 4984 ἠκουσεν
744 4911 780 4965 ἃ.
806 4910 1118 4982 ἀνθρωπίνη
1148 4908 1309 4977 φύσις
1336 4908 1397 4960 οὐ
1423 4906 1737 4975 φθέγγεται.
1762 4904 1949 4957 Ταῦτὰ

372 5026 477 5073 σοι,
511 5002 557 5061 ὦ
596 5008 851 5077 ἄνθρωπε
891 5003 985 5057 τοῦ
1019 5001 1180 5067 Θεοῦ,
1220 5003 1348 5074 περὶ
1390 4999 1498 5055 τῶν
1529 4998 1949 5071 προϐληθέντων

373 5104 506 5173 1ἡμῖν
548 5100 699 5171 παρὰ
740 5099 843 5167 τῆς
882 5093 1153 5160 συνέσεώς
1190 5112 1281 5148 σου
1331 5091 1763 5163 ἀπεκρινάμεθα,
1815 5090 1953 5161 μήτε

373 5211 428 5247 τι
466 5192 566 5263 τῆς
616 5188 894 5261 γραφικῆς
928 5187 1126 5252 λέξεως
1173 5186 1254 5248 είς
1298 5181 1563 5253 τροπικὴν
1626 5178 1954 5251 ἀλληγορίαν

380 5284 863 5356 μεταποιήσαντες,
925 5281 1061 5350 μήτε
1117 5276 1431 5347 παριδόντες
1479 5291 1533 5326 τι
1586 5271 1695 5326 τῶν
1747 5273 1957 5325 ἀντιτε-

378 5378 577 5431 θέντων
631 5376 764 5445 ἡμῖν
827 5372 1208 5438 ἀνεξέταστον·
1281 5368 1396 5421 ἀλλ’
1457 5366 1533 5429 ὡς
1592 5360 1661 5436 ἦν
1730 5363 1956 5417 δυνατὸν

382 5466 648 5537 μενούσης
703 5466 801 5535 τῆς
854 5464 1052 5528 λέξεως
1118 5461 1210 5514 ἐπὶ
1274 5461 1372 5529 τῆς
1440 5459 1577 5521 ιδίας
1640 5457 1954 5527 ἐμφάσεως,

376 5560 456 5630 τῷ
486 5560 585 5629 τῆς
622 5559 837 5627 φύσεως
879 5555 1053 5626 είρμῷ
1093 5553 1182 5607 διὰ
1212 5553 1311 5622 τῆς
1359 5551 1591 5622 θεωρίας
1622 5548 1731 5601 τῶν
1759 5550 1955 5619 ὀνομά-

377 5670 489 5707 των
524 5652 965 5723 ἠκολουθήσαμέν
987 5692 1003 5715 ,
1053 5649 1121 5701 δι’
1171 5640 1248 5701 ὧν
1295 5645 1355 5698 16
1410 5644 1574 5715 μηδὲν
1622 5642 1956 5707 ὑπεναντίως

456 5829 500 5863 ³⁸
529 5828 666 5886 Gen.
706 5844 743 5893 ι,
772 5825 866 5882 20.
942 5826 983 5857 ³⁷
1018 5824 1150 5880 ibid.
1188 5823 1269 5877 16.
1347 5821 1393 5853 ³⁸
1420 5820 1462 5874 ιι
1494 5819 1617 5874 Cor.
1645 5835 1717 5884 Iv,
1757 5818 1841 5874 18.

2045 4724 2529 4793 pulchritudinem,
2564 4734 2617 4780 et
2659 4726 2866 4779 audivit
2894 4742 2955 4779 ea
2979 4742 3099 4796 quae
3148 4725 3385 4778 humana
3436 4733 3635 4777 natura

2048 4830 2157 4869 non
2202 4815 2463 4885 loquitur.
2509 4815 2632 4871 Haec
2661 4817 2777 4881 tibi,
2818 4817 2901 4871 vir
2937 4816 3053 4881 Dei,
3082 4816 3148 4869 ad
3186 4817 3491 4886 propositas
3529 4831 3632 4868 no--

2050 4906 2135 4961 bis
2158 4922 2187 4960 a
2220 4907 2509 4976 prudentia
2533 4919 2625 4962 tua
2656 4910 2988 4979 quaestiones
3019 4908 3428 4978 respondimus,
3460 4905 3637 4960 nullis

2050 4999 2317 5053 orationis
2344 4999 2633 5069 pigmentis
2653 5002 2885 5056 moralcs
2908 5000 3193 5070 allegorias
3210 4998 3628 5067 conquirentes:

2054 5108 2157 5146 nec
2207 5093 2604 5162 inexploratum
2666 5101 3057 5163 prsetereuntes
3100 5090 3399 5161 quidquam
3444 5104 3633 5143 eorum

2052 5198 2173 5252 quae
2232 5183 2391 5238 nobis
2426 5184 2864 5253 opponebantur,
2900 5183 2998 5238 sed
3061 5183 3281 5253 prepria
3341 5179 3633 5234 verborum

2055 5278 2454 5348 signiﬁcatione
2479 5286 2717 5342 servata,
2752 5284 2961 5331 natura:
3014 5275 3260 5330 ordinem
3308 5270 3636 5342 disputando

2057 5367 2336 5435 persecuti
2354 5381 2566 5427 sumus,
2590 5374 2644 5421 et
2668 5365 2802 5418 nihil
2823 5380 3039 5427 eorum,
3065 5378 3185 5433 quae
3213 5362 3390 5432 primo
3414 5368 3636 5430 aspectu

2057 5460 2331 5512 contraria
2398 5456 2742 5520 videbuntur,
2783 5457 2851 5511 ab
2877 5457 2999 5511 aliis
3034 5456 3347 5524 discrepare
3373 5468 3471 5523 pro
3510 5453 3638 5506 viri-

2060 5548 2164 5603 bus
2201 5547 2713 5603 demonstravimus.
2752 5544 2810 5600 ln
2848 5546 3073 5615 reliquis
3108 5554 3287 5599 autem
3340 5542 3407 5596 ad
3446 5541 3631 5595 mundi

2064 5641 2493 5713 procreationem
2570 5639 3002 5711 pertinentibus.
3070 5654 3193 5709 quzc
3262 5651 3367 5691 scit
3425 5633 3637 5689 dierum
