4046 6350
411 375 522 433 125
1634 382 1692 438 S.
1734 381 2009 439 (ΞΒΕοοΠ

2093 372 2386 436 NYSSENI
3576 369 3679 429 124

404 493 585 562 spatio
641 491 783 549 facta
818 505 970 561 sunt,
1007 497 1288 553 immorari
1326 514 1790 571 supervacaneum
1826 501 1985 556 duxi-

2162 517 2232 552 ειν
2264 498 2373 552 τῶν
2399 496 2698 552 δοκούντων
2729 492 2874 550 κατὰ
2909 492 3008 563 τὴν
3045 489 3496 561 ἐπιπολαιοτέραν
3537 487 3667 544 ἀνά·
3750 504 3760 509 ‘

404 600 549 648 mus,
587 600 710 640 cum
746 589 996 645 sublimis
1030 591 1121 646 illa
1168 594 1520 662 praeceptoris
1551 609 1655 648 vox
1688 594 1825 648 nihil
1849 594 1988 649 omi-

2090 608 2311 658 γνωσιν,
2339 589 2375 644 ἃ
2427 589 2740 660 συμφωνεῖν
2772 583 3041 655 ἀλλήλοις,
3088 580 3268 644 καθὼς
3315 576 3384 652 ἧν
3426 579 3666 644 δυνατὸν,

405 676 539 729 serit
571 678 712 746 quod
735 678 802 732 ad
832 695 952 735 eam
981 681 1401 751 disputationem
1428 685 1746 754 pertineret,
1763 695 1990 754 excepto

2092 683 2451 754 ἀπεδείξαμεν
2480 698 2494 711 ’
2529 683 2645 744 τοῖς
2681 678 2740 734 δὲ
2798 676 3006 739 λοιποῖς
3057 673 3332 738 ἐπεξιέναι
3385 672 3494 726 τῶν
3531 673 3670 726 κατὰ

405 763 643 822 hominis
667 769 905 838 opilicio,
936 772 1079 839 quod
1121 774 1344 841 praprio
1373 774 1530 836 libro,
1559 790 1718 843 quem
1752 776 1867 836 tibi,
1908 775 1989 831 vir.

2112 777 2188 847 ςὴν
2264 774 2566 847 ἑξαήμερον
2612 771 2976 841 κοσμογονίαν
3008 766 3413 837 πεποιημένων,
3443 766 3670 836 μάταιον
3707 768 3710 772 ’

405 860 628 928 Optime,
669 869 795 915 ante
834 862 980 917 hunc
1010 862 1280 928 misimus,
1338 880 1437 918 nos
1468 866 1880 933 explicavimus.
1913 865 1990 921 Te

2091 867 2441 939 ἐνομίσαμεν,
2467 866 2568 937 τῆς
2598 865 2811 937 ὑψηλῆς
2836 862 2932 917 τοῦ
2960 858 3282 914 διδασκάλου
3322 858 3507 926 φωνῆς
3565 874 3668 927 μη-

405 959 608 1018 autem,
636 960 690 1007 et
719 968 911 1008 omnes
951 954 1016 1008 ad
1052 970 1281 1025 quorum
1319 972 1516 1012 manus
1549 957 1605 1010 hi
1642 956 1764 1012 libri
1795 974 1986 1028 perve-

2090 959 2178 1011 δὲν
2212 958 2321 1012 τῶν
2375 958 2722 1030 ζητουμένων
2764 957 2846 1019 εἰς
2895 952 3127 1023 θεωρίαν
3180 948 3623 1022 παραλειπούσης
3649 964 3665 978 ·

405 1042 610 1109 nerint,
640 1051 863 1115 rogatos
917 1047 1192 1111 volumus,
1236 1054 1295 1102 ut
1327 1048 1383 1102 in
1416 1057 1614 1103 neutro
1649 1050 1868 1104 illorum
1905 1066 1989 1104 me

2092 1051 2233 1121 πλὴν
2265 1051 2366 1120 τῆς
2413 1049 2509 1103 τοῦ
2559 1047 2847 1121 ἀνθρώπου
2900 1047 3272 1115 κατασκευῆς,
3307 1043 3376 1114 ἣν
3421 1043 3580 1113 ήμεῖς
3610 1043 3668 1093 ἐν

405 1136 590 1190 studio
623 1140 978 1208 praeceptoris
1009 1141 1212 1209 putetis
1248 1141 1526 1197 adversari
1560 1162 1573 1197 :
1602 1142 1696 1198 sed
1729 1145 1782 1197 in
1808 1143 1990 1212 priore

2095 1138 2344 1204 ἰδιάζοντι
2377 1137 2566 1207 βιϐλίῳ
2596 1137 2703 1207 πρδ
2721 1135 2927 1189 τούτων
2960 1134 3317 1205 πονήσαντες,
3349 1129 3669 1185 ἀπεστείλα-

401 1226 622 1295 quidem
660 1229 907 1283 relictum
956 1240 1338 1301 argumentum
1369 1234 1779 1303 suscipientem,
1833 1236 1989 1290 addi-

2095 1231 2195 1301 μέν
2231 1246 2323 1282 σου
2351 1232 2416 1300 τῇ
2444 1227 2764 1298 τελειότητι,
2787 1226 2945 1279 τοῦτο
2971 1224 3066 1278 καὶ
3110 1224 3168 1276 ἐν
3196 1222 3388 1293 ἐκείνῳ
3413 1221 3492 1292 τῷ
3522 1221 3668 1290 λόγῳ

402 1317 551 1372 disse
585 1317 1009 1388 disputationem
1052 1322 1119 1377 de
1149 1324 1392 1388 homine,
1425 1326 1493 1381 iis
1538 1342 1660 1397 quae
1689 1328 1742 1380 in
1776 1326 1986 1383 llexaeo

2092 1323 2185 1375 καὶ¹
2218 1321 2275 1374 ἐν
2300 1320 2652 1392 τῷ-παρόντι,
2691 1319 2751 1372 σέ
2784 1336 2846 1372 τε
2879 1318 2976 1372 καὶ
3006 1317 3216 1379 πάντας
3257 1315 3384 1378 τοὺς
3408 1313 3669 1384 ἐντυγχά-

402 1424 590 1463 meron
645 1412 713 1464 ab
769 1428 835 1465 eo
886 1413 1105 1467 fuerant
1154 1415 1475 1471 elaborata:
1517 1418 1572 1471 in
1629 1418 1731 1472 hoc
1777 1429 1983 1482 autem,

2090 1435 2279 1481 νοντας
2307 1416 2767 1489 παραιτούμενοι,
2796 1415 2856 1469 τὸ
2901 1415 2977 1485 μὴ
3009 1412 3218 1467 οἴεσθαι
3247 1412 3395 1482 ἡμᾶς
3427 1407 3669 1476 ἀντεγεί-

401 1511 623 1570 propter
671 1518 767 1559 eos
802 1505 894 1574 qui
928 1508 979 1559 in
1014 1505 1310 1576 Scriptura:
1338 1510 1708 1565 monumentis
1739 1509 1985 1564 ordinem

2095 1527 2206 1579 ρειν
2229 1510 2455 1574 ἑαυτοὺς
2476 1513 2598 1573 ταῖς
2618 1508 2712 1562 τοῦ
2745 1505 3065 1581 διδασκάλου
3103 1503 3361 1566 σπουδαῖς
3376 1521 3387 1532 ·
3408 1500 3522 1555 ἀλλ’
3551 1502 3668 1554 ἐκεῖ

400 1595 709 1663 requirunt,
740 1598 805 1650 ad
841 1598 956 1652 haec
987 1599 1278 1654 scribenda
1305 1601 1385 1655 sic
1414 1603 1654 1655 animum
1684 1602 1986 1672 appulisse,

2094 1601 2192 1670 μὲν
2224 1599 2670 1671 ἀναπληροῦντας
2706 1598 2782 1661 ὡς
2824 1593 2892 1668 ἦν
2940 1595 3164 1649 δυνατὸν
3213 1592 3281 1646 τὰ
3309 1590 3664 1660 ἐλλείμματα,

399 1692 459 1737 ιιι
479 1686 768 1741 verborum
795 1690 877 1743 vis
911 1691 964 1744 in
999 1691 1066 1745 iis
1092 1706 1212 1759 quae
1245 1693 1448 1761 scripta
1473 1700 1621 1756 sunt,
1654 1702 1985 1757 servaretur,

2091 1690 2407 1763 προσθεῖναι
2435 1692 2533 1762 τὴν
2574 1691 2654 1754 εἰς
2693 1688 2785 1742 τὸν
2814 1687 3099 1759 ἄνθρωπον
3126 1683 3358 1754 θεωρίαν
3387 1685 3497 1744 τοῖς
3528 1680 3667 1734 κατὰ

395 1785 452 1828 et
476 1778 741 1833 naturalis
775 1782 1164 1837 commentatio
1207 1798 1237 1835 a
1272 1783 1452 1838 verbis
1506 1801 1615 1838 non
1645 1785 1981 1841 dissentiret.

2090 1784 2188 1853 τὴν
2228 1784 2561 1855 Ἑξαήμερον
2606 1780 2917 1852 πονηθεῖσιν
2968 1776 3116 1847 αὐτῷ
3142 1794 3155 1807 ·
3198 1773 3431 1828 ἐνταῦθα
3480 1773 3538 1825 δὲ
3580 1772 3668 1825 διὰ

400 1866 457 1920 Si
492 1869 621 1938 quid
652 1878 833 1923 autem
863 1872 1128 1926 omissum
1153 1873 1337 1939 fuerit,
1374 1891 1442 1930 ne
1468 1891 1631 1947 grave
1661 1877 1753 1939 sit,
1774 1878 1857 1932 vel
1884 1878 1979 1932 tibi

2084 1847 2212 1939 τοίθς
2239 1847 2629 1945 saxiﬁcam;
2661 1847 2856 1933 91.10:;
2883 1871 3172 1940 γραφικοῖς
3196 1868 3428 1938 νοήμασι
3460 1864 3521 1917 τὸ
3546 1862 3670 1917 ἀκό-

398 1975 500 2029 pro
547 1960 816 2030 sapientia
872 1962 986 2027 tua,
1018 1967 1100 2021 vel
1130 1967 1447 2038 quicunque
1494 1969 1609 2023 haec
1659 1970 1870 2040 legerit,
1916 1988 1981 2026 ea

2083 1968 2292 2031 λουθον,
2326 1967 2497 2021 ταῦτα
2521 1965 2734 2036 γράψαι
2759 1960 3200 2034 προθυμηθῆναι,
3224 1959 3298 2022 ὡς
3318 1956 3454 2029 ὁμοῦ
3482 1973 3542 2009 τε
3568 1955 3667 2024 τὴν

396 2051 658 2121 perlicere
690 2068 812 2122 qua:
836 2054 1027 2110 deesse
1055 2056 1341 2125 judicabit.
1379 2060 1569 2131 Neque
1608 2062 1752 2117 enim
1786 2063 1879 2116 illa
1902 2065 1984 2117 vi-

2081 2059 2226 2125 λέξιν
2281 2060 2373 2112 ἐπὶ
2408 2059 2518 2111 τῶν
2555 2055 2962 2127 γεγραμμένων
3008 2050 3396 2122 φυλάττεσθαι,
3433 2048 3527 2102 καὶ
3569 2046 3667 2115 τὴν

396 2141 518 2198 duae
561 2143 794 2200 duorum
829 2147 1121 2202 obolorum
1175 2150 1381 2205 oblatio
1440 2151 1703 2209 divitibus
1748 2154 1979 2216 obstitit,

2083 2153 2321 2223 φυσικὴν
2352 2151 2585 2223 θεωρίαν
2627 2148 3010 2218 συναγορεύειν
3047 2145 3125 2217 τῷ
3158 2143 3466 2215 γράμματι.
3504 2141 3568 2193 Εἰ
3608 2140 3667 2193 δὲ

395 2248 509 2302 quo
542 2235 724 2293 minus
759 2239 938 2307 ampla
976 2240 1077 2311 ipsi
1129 2258 1228 2297 sua
1265 2260 1494 2300 munera
1525 2245 1786 2302 oﬂ'errent
1827 2267 1840 2303 :
1878 2264 1983 2305 nec

2081 2244 2343 2308 ἐλλειπῶς
2371 2243 2483 2313 ἔχει
2514 2242 2583 2295 τὰ
2627 2241 2918 2311 εἰρημένα,
2952 2237 3145 2307 φθόνος
3195 2235 3371 2298 οὐδεὶς
3421 2232 3575 2303 παρά
3605 2249 3667 2285 τε

394 2326 489 2396 qui
543 2327 707 2394 pelles
733 2338 788 2385 et
819 2331 983 2402 ligna,
1016 2344 1070 2387 et
1099 2333 1240 2403 pilos
1289 2334 1426 2391 Mosi
1455 2336 1522 2391 ad
1564 2338 1978 2395 tabernaculum

2079 2337 2178 2408 τῆς
2222 2336 2319 2406 σῆς
2370 2335 2656 2399 συνέσεως,
2687 2332 2783 2386 καὶ
2815 2330 2966 2403 παρὰ
2996 2331 3227 2384 ἑκάστου
3256 2326 3366 2381 τῶν
3405 2327 3668 2396 ἐντυγχα-

393 2417 843 2476 exaediﬁcandum
896 2423 1233 2492 obtulerunt,
1265 2443 1482 2492 aurum,
1513 2437 1567 2484 et
1598 2438 1904 2503 argentum,
1924 2441 1980 2488 et

2081 2431 2279 2485 νόντων
2327 2428 2718 2500 ἐξεργασθῆναι
2749 2425 2819 2479 τὰ
2876 2424 3152 2477 λείποντα.
3205 2419 3341 2475 Οὐδὲ
3391 2418 3502 2490 γὰρ
3553 2417 3666 2471 τῶν

395 2506 598 2576 lapides
620 2513 891 2580 pretiosos
919 2514 1274 2574 oll‘erentibus
1308 2518 1532 2575 fuerunt
1565 2521 1976 2593 impedimento.

2080 2522 2352 2577 πλουσίων
2378 2520 2478 2592 τὴν
2508 2516 2844 2590 δωροφορίαν
2873 2514 3145 2569 ἐκώλυσεν
3175 2514 3208 2584 ή
3236 2515 3348 2566 τοῖν
3377 2511 3522 2565 δυοῖν
3545 2508 3666 2562 ὀϐο-

390 2598 687 2657 Nobiscum
737 2605 902 2676 igitur
941 2609 1382 2668 existimabimus
1431 2613 1571 2670 bene
1608 2624 1789 2671 actum
1830 2633 1975 2684 esse,

2077 2615 2193 2669 λοῖν
2214 2612 2554 2684 γεγενημένη
2583 2609 2734 2682 παρὰ
2763 2609 2865 2680 τῆς
2888 2610 3066 2680 χήρας
3100 2605 3342 2669 ἐπίδοσις
3360 2618 3377 2635 ⁸
3405 2603 3518 2657 οὐθ’
3549 2603 3664 2657 ὅσοι

392 2690 439 2745 si
472 2701 660 2747 nostra
716 2693 832 2750 haec
885 2700 1210 2754 munuscula
1250 2702 1304 2755 in
1354 2703 1588 2772 pilorum
1619 2722 1849 2761 numero
1880 2708 1979 2764 ha-

2077 2707 2148 2761 τὰ
2177 2707 2443 2777 δέρματα,
2477 2704 2573 2757 καὶ
2598 2703 2669 2756 τὰ
2708 2701 2862 2768 ξύλα.
2892 2703 2987 2755 καὶ
3012 2700 3113 2764 τὰς
3156 2699 3347 2770 τρίχας
3378 2695 3457 2767 τῷ
3488 2697 3659 2765 Μωσῇ

390 2778 644 2849 beantur,
702 2786 866 2841 modo
903 2803 999 2857 per
1026 2799 1265 2845 vestram
1318 2808 1452 2849 auro
1492 2805 1806 2852 contextam
1848 2815 1975 2867 pur-

2080 2800 2217 2872 πρὸς
2248 2799 2347 2868 τὴν
2372 2794 2727 2866 σκηνοποιίαν
2760 2793 3105 2864 εἰσήνεγκαν,
3133 2789 3388 2860 ἐμπόδιον
3430 2788 3541 2849 τοῖς
3571 2784 3663 2837 τὸν

392 2883 585 2937 puram
618 2874 857 2928 orationi
898 2875 1212 2947 imponatur
1261 2883 1833 2951 superindumentum,
1882 2889 1975 2943 cui

2081 2893 2278 2966 χρυσὸν
2308 2888 2513 2944 καὶτὸν
2555 2888 2816 2959 ἄργυρον,
2844 2885 2939 2938 καὶ
2964 2884 3092 2946 τοὺς
3126 2880 3337 2951 τιμίους
3366 2877 3473 2931 τῶν
3500 2876 3662 2930 λίθων

391 2973 591 3016 nomen
617 2972 721 3030 est,
752 2963 1059 3033 Rationale,
1090 2979 1144 3025 et
1167 2970 1494 3043 Declaratio,
1525 2984 1579 3032 ct
1602 2977 1837 3046 Veritas,
1871 2983 1976 3037 sic-

2079 2963 2411 3038 άνατιθεῖσιν
2442 2977 2709 3046 ἐγένοντο.
2745 2975 2854 3029 Καὶ
2885 2976 3049 3044 ἡμεῖς
3094 2972 3274 3025 τοίνυν
3303 2968 3662 3037 ἀγαπήσομεν

391 3061 452 3107 ιιι
488 3056 724 3125 appellat
780 3057 982 3125 Moses,
1046 3064 1139 3133 qui
1203 3065 1340 3122 tales
1404 3070 1641 3127 amictus
1701 3075 1973 3129 sacerdoti

2079 3077 2128 3129 εἰ
2160 3077 2219 3127 ἐν
2270 3071 2471 3143 τριχῶν
2515 3069 2667 3134 τάξει
2714 3066 2784 3120 τὰ
2833 3067 2963 3138 παρ’
3010 3064 3169 3135 ἡμῶν
3225 3059 3461 3132 κριθείη,
3501 3057 3661 3129 μόνον

389 3143 631 3200 confecit
674 3148 934 3206 mandato
978 3151 1072 3208 Dei
1105 3172 1119 3208 :
1157 3154 1245 3209 cui
1276 3171 1402 3210 cum
1433 3159 1713 3231 unigenito
1755 3162 1892 3216 Filio
1920 3173 1975 3218 et

2076 3166 2287 3237 γένοιτο
2317 3161 2407 3215 διὰ
2436 3161 2536 3231 τῆς
2571 3160 2844 3229 ὑμετέρας
2887 3155 3195 3228 πορφύρας,
3455 3150 3662 3247 χρυσίῳ

392 3233 600 3306 Spiritu
623 3248 816 3298 sancto
838 3243 1013 3315 gloria
1035 3253 1091 3302 et
1122 3246 1411 3319 imperium
1442 3250 1497 3305 in
1521 3254 1720 3308 saecula
1751 3256 1975 3310 saculo-

2082 3233 2555 3327 συμπλεκομένης,
2576 3248 2892 3319 ἐπιτεθῆναι
2925 3247 3002 3318 τῷ
3035 3247 3177 3316 λόγῳ
3208 3245 3300 3299 τὸν
3340 3241 3658 3310 ἐπενδύτην,

390 3344 533 3383 ram.
569 3329 763 3387 Amen.
2078 3343 2122 3418 ᾧ
2149 3344 2321 3417 ὄνομά
2367 3343 2506 3405 ἐστι,
2533 3340 2730 3409 Λόγιόν
2760 3356 2819 3392 τε
2863 3339 2958 3393 καὶ
2982 3339 3223 3410 Δήλωσις
3252 3337 3346 3390 καὶ
3386 3332 3659 3404 Ἀλήθεια,

388 3421 570 3510 τλαθώς
598 3441 730 3495 φησι
772 3426 864 3480 καὶ
892 3429 921 3480 ὁ
948 3432 1153 3503 Μωσῆς
1181 3434 1210 3486 ὁ
1237 3435 1307 3490 τὰ
1360 3436 1590 3494 τοιαῦτα
1619 3441 2046 3504 κατασκευάζων
2079 3438 2157 3510 τῷ
2186 3437 2322 3509 ίερεί
2348 3432 2690 3505 περιϐόλαια,
2731 3429 2873 3486 κατὰ
2909 3430 3007 3501 τὴν
3048 3430 3326 3500 ὑφήγησιν
3363 3425 3458 3478 τοῦ
3502 3421 3662 3490 θεοῦ,

385 3507 435 3582 ᾧ
465 3514 664 3585 πρέπει
694 3518 727 3588 ὴ
752 3518 898 3585 δόξα,
925 3525 1020 3577 καὶ
1066 3526 1129 3580 τὸ
1179 3529 1380 3601 κράτος
1427 3532 1526 3587 σὺν
1574 3532 1656 3604 τῷ
1696 3537 1975 3605 μονογενεί
2025 3507 2140 3606 Υἰῷ
2188 3507 2283 3590 καὶ
2313 3534 2390 3604 τῷ
2438 3528 2690 3598 παναγίῳ
2725 3526 3003 3596 Πνεύματι
3050 3525 3130 3588 εἰς
3155 3521 3283 3586 τοὺς
3325 3520 3526 3582 αἰῶνας
3551 3516 3661 3571 τῶν

386 3607 624 3665 αἰώνων.
665 3612 859 3685 Ἀμήν.

427 3781 677 3795 —

946 3787 3651 3822 Ἠ

690 3795 766 3797 W7

1762 3928 1902 3988 ΤΟΥ
1935 3936 2029 3990 ΕΝ
2061 3936 2286 3990 ΔΓΙΟΙΣ

1454 4102 2079 4193 ΓΡΗΓΟΡΙΟΥ
2148 4107 2224 4192 Ν
2228 4106 2578 4193 ΥΣΣΗΣ

749 4292 1147 4407 ΠΕΡΙ.
1197 4294 2297 4412 ΚΑΤΑΣΚΕΥΗΣ
2338 4293 3295 4415 ΑΝΘΡΩΠΟΥ.

1355 4685 1447 4775 S.
1520 4686 2102 4778 GREGORII
2180 4690 2689 4778 NYSSENI

1064 4894 1265 5007 DE
1364 4895 2062 5011 HOMINIS
2154 4899 2960 5016 OPIFICIO.

1712 5122 1754 5170 J.
1782 5122 2105 5172 Lewsscuio
2130 5121 2313 5183 interp.

485 5498 570 5553 DE
615 5498 672 5554 S.
713 5498 1065 5556 GREGORIU
1104 5499 1507 5557 EPIGRAMMA
1544 5502 1845 5561 NICETAE.
1986 5516 2029 5573 ί)
2227 5504 2335 5560 ΕΙΣ
2368 5505 2505 5560 TON
2532 5505 2739 5559 AI‘IUN
2771 5506 3159 5562 I‘PHFOPION
3188 5507 3400 5561 ΝΙΚΗΊ

376 5587 690 5670 Gregorius“
719 5590 884 5658 frater
916 5593 1127 5670 _m_agni
1177 5593 1323 5670 illius
1366 5592 1559 5670 Basilii

2064 5597 2282 5670 Βίϐλος
2333 5597 2448 5670 ἐγὼ
2493 5597 2779 5670 μεγάλοιο
2824 5599 3105 5670 ἀδελφοῦ
3156 5600 3285 5670 τοῦί
3320 5602 3438 5654 Βαο

453 5661 605 5713 Hunc
632 5661 823 5740 librum
840 5664 1049 5740 eximia:
1080 5662 1315 5717 condidit
1357 5667 1490 5740 artis
1515 5681 1664 5740 opas.
1721 5738 1729 5740 _

2138 5661 2472 5740 Γρήγορῖου
2493 5661 2727 5723 ⁷τεζ1έθω
2770 5661 3058 5739 τέρματος
3102 5669 3378 5740 εὐφυέος.

377 5727 522 5809 Nam
544 5747 662 5809 cum
683 5731 934 5809 doctrina:
955 5750 1191 5809 currunt,
1208 5744 1329 5809 post
1357 5727 1555 5809 funera
1570 5736 1781 5804 fratris,

2069 5727 2295 5809 Afir-[led
2325 5727 2435 5808 γὰρ
2463 5741 2790 5808 μετόπισθε
2821 5727 3192 5809 ξᾶτηῃλὲγέοξ
3213 5727 3510 5805 (Ιανὶίτοιο,

447 5802 555 5868 Qui
587 5803 967 5873 moderaretur,
993 5806 1171 5862 nullus
1202 5807 1260 5861 in
1286 5805 1407 5861 orbe
1429 5805 1563 5874 foret
1598 5823 1617 5861 ς
1770 5802 1775 5804 ⁷

1770 5802 1775 5804 ⁷
2140 5804 2246 5862 0ἶά
2289 5802 2675 5879 τίς’ὴὶνίοχος
2709 5810 2929 5876 ἅρμασι
2955 5802 3089 5880 ’τῆς
3144 5802 3364 5881 σοφίης
