4046 6350
336 423 444 477 125

315 536 508 602 Αὐτρς
555 532 931 602 ἐπεμϐεϐαὼς
965 533 1245 600 ὡχήσατο
1301 533 1534 597 ίσόθεος
1577 533 1722 601 φὼς,

393 601 472 658 Οὗ
501 603 598 656 καὶ
637 601 982 670 ἀνεπλήρου
1031 604 1286 672 τέρματα
1333 603 1687 671 εὐφραδέως.

327 677 593 742 "Experto
637 675 746 742 γὰρ
778 673 1008 726 πλάσιν
1031 672 1382 740 ἀνθρώποιο,
1417 674 1800 739 κατασκευήν
1837 691 1900 726 τε

398 741 468 811 ᾟ
517 741 1072 811 πολυφραδμοσύνῃ
1122 743 1383 810 ἐξερέειν
1423 743 1704 810 κοσμίως.

327 798 443 882 Τοῇ
467 814 564 865 καὶ
586 798 703 866 dab
716 798 1029 882 ’στόματος
1043 798 1459 867 ’καταλείϐεται
1483 798 1678 882 ojpov'
1694 813 1900 866 ἔλαιον

395 879 545 938 Ἦκα
585 883 749 951 μάλα
794 879 1072 952 προχέον,
1120 883 1407 952 ἄφθονον,
1439 881 1766 935 τἰδύπλεον.

329 1064 416 1131 Τῷ
464 1065 704 1136 ἀδελρῷ
743 1066 940 1129 δούλῳ
970 1066 1116 1120 Θεοῦ
1174 1066 1375 1133 Πέτρῳ
1423 1065 1752 1135 Γρηγόριος
1780 1065 1900 1117 ἐπί-

836 1152 1067 1202 σκοπος
1118 1137 1392 1203 Νύσσης.

396 1251 458 1304 Ei
498 1253 616 1313 ταῖς
641 1251 727 1304 διὰ
757 1250 865 1304 τῶν
913 1250 1210 1320 χρημάτων
1259 1251 1448 1319 τιμαῖς
1495 1249 1600 1301 ἔδει
1620 1249 1899 1319 γεραίρειν

321 1344 450 1405 τοὺς
491 1343 610 1395 κατ’
664 1343 865 1413 ἀρετὴν
922 1341 1293 1412 διαφέροντας,
1344 1342 1539 1412 μικρὸς
1587 1342 1682 1400 ἂν.
1717 1342 1900 1405 καθώς

324 1450 487 1503 φησιν
509 1434 537 1485 6
565 1431 836 1503 Σολομὼν,
851 1433 970 1497 ὅλος
994 1436 1022 1486 6
1039 1434 1240 1503 κόσμος
1271 1432 1379 1486 τῶν
1405 1433 1697 1504 χρημάτων
1725 1433 1898 1503 ἐφάνη

325 1526 464 1597 πρὸς
492 1525 554 1578 τὸ
577 1525 830 1593 γενέσθαι
858 1525 958 1594 τῆς
985 1525 1084 1594 σῆς
1129 1526 1330 1596 ἀρετῆς
1357 1526 1684 1588 ἰσοστάσιοςο
1714 1525 1897 1596 ἐπειδὴ

323 1615 622 1686 κρεῖττονῆ
669 1616 811 1668 κατά
856 1616 1084 1670 πλούτου
1119 1617 1282 1688 τιμὴν
1318 1620 1350 1686 ἡ
1381 1617 1796 1688 χρεωστουμένη
1831 1621 1896 1688 τῇ

323 1706 613 1776 σεμνότητί
675 1723 768 1758 σου
820 1707 976 1777 χάρις
1013 1708 1178 1760 ἐστίν.
1237 1709 1484 1760 Ἀπαιτεῖ
1532 1707 1588 1760 δὲ
1631 1709 1693 1760 τὸ
1744 1706 1899 1775 ἅγιον

323 1795 516 1864 Πάσχα
539 1794 636 1865 τὴν
662 1795 864 1866 συνήθη
885 1798 984 1866 τῆς
1010 1797 1230 1866 ἀγάπης
1260 1796 1613 1867 δωροφορίαν,
1639 1798 1704 1867 ἣν
1729 1813 1899 1864 προσ-

1587 420 1674 473 DE
1712 419 1994 476 HOMINIS
2033 417 2346 474 OPIFICIO.

1929 545 1974 596 Α
2009 535 2284 604 Gregorius
2325 549 2510 601 magno
2541 531 2812 584 succedens
2838 533 3058 604 pectoris
3098 549 3249 597 ausu,

3473 403 3576 474 126

2075 603 2301 667 Perfecit
2343 604 2554 670 propria
2597 604 2782 670 [ratris
2809 603 2874 654 ab
2910 613 3023 656 arte
3059 604 3268 664 librum,

2005 674 2247 728 Suaviter
2301 688 2610 725 enumerans
2666 674 2767 724 isto
2817 689 3050 724 sermone
3105 673 3298 725 diserto

2072 744 2458 796 Admirandum
2491 742 2714 795 hominis
2756 741 2957 808 fabrica
2983 742 3232 810 quidquid
3260 743 3434 798 habet.

2110 812 2313 880 Nempe
2365 812 2468 864 olei
2502 813 2680 879 largus
2722 821 2970 879 tanquam
3001 813 3062 864 de
3092 813 3232 879 fonte
3257 814 3469 880 perenni

2235 882 2393 936 Rivus
2419 883 2634 950 facundi
2664 881 2836 935 stillat
2868 883 2931 934 ab
2965 899 3054 936 ore
3079 883 3198 936 viri.

2003 1062 2287 1135 Gregorius
2329 1065 2598 1132 episcopus
2635 1064 2826 1134 Nyssa:
2857 1063 2916 1118 S.
2966 1063 3032 1117 D.
3080 1063 3240 1118 Petro
3281 1064 3440 1132 fratri
3481 1061 3576 1116 Dei

2709 1152 2875 1188 servo.

2073 1244 2126 1299 Si
2154 1252 2318 1309 esset,
2343 1245 2498 1300 Petre
2525 1244 2712 1308 frater,
2743 1248 2797 1298 in
2825 1260 2975 1301 more
3004 1245 3243 1314 positum
3278 1251 3441 1314 atque
3475 1244 3572 1296 ho-

2001 1337 2206 1393 minum
2267 1339 2556 1403 instituto,
2606 1346 2665 1391 ut
2720 1339 3004 1392 excellenti
3053 1339 3255 1391 virtute
3318 1336 3576 1406 praeditos

2001 1432 2146 1484 viros
2175 1446 2336 1498 opum
2367 1431 2522 1498 quasi
2544 1431 2868 1499 quibusdam
2897 1431 3136 1499 praemiis
3159 1430 3436 1483 ornandos
3469 1445 3574 1498 pn-

2000 1528 2238 1576 taremus
2263 1539 2276 1574 :
2315 1521 2458 1574 haud
2473 1522 2636 1576 dubie
2659 1537 2726 1575 ne
2746 1523 2982 1576 mundus
3003 1521 3224 1592 quidem
3252 1521 3573 1575 divitiarum

1999 1615 2252 1668 virtutem
2278 1622 2426 1666 tuam
2453 1614 2768 1683 aequaverit.
2793 1614 2978 1668 Liceat
2999 1614 3142 1667 enim
3169 1613 3300 1666 mihi
3325 1611 3574 1666 Salomo-

1999 1705 2084 1758 nis
2103 1704 2205 1758 hoc
2221 1704 2342 1758 loco
2363 1704 2543 1760 verbis
2573 1705 2648 1757 uti
2686 1703 2901 1773 quando
2913 1703 3094 1756 debita
3111 1703 3204 1756 tibi
3229 1701 3576 1756 sanctissimo

1999 1794 2116 1846 viro
2133 1796 2306 1863 gratia
2330 1795 2504 1861 major
2521 1802 2791 1864 est,quam
2813 1809 2934 1862 quae
2949 1793 3228 1862 ulloopum
3243 1793 3417 1862 pretio
3429 1793 3576 1847 aesti—

322 1886 528 1957 ἀγομέν
563 1903 654 1938 σου
696 1889 762 1957 τῇ
801 1887 1246 1958 μεγαλοφροσύνῃ
1268 1928 1282 1951 ,
1319 1887 1524 1956 δῶρον,
1558 1882 1602 1940 ὦ
1645 1888 1896 1960 ἄνθρωπε

2001 1886 2196 1938 manda
2244 1886 2442 1940 veniat.
2483 1885 2588 1940 Sed
2621 1900 2750 1940 cum
2777 1892 3191 1939 sacrosanctum
3230 1883 3440 1940 Pascha
3480 1899 3577 1953 po-

321 1977 479 2040 Θεοῦ,
500 1979 818 2047 μικρότερον
846 1979 945 2047 μὲν
972 1978 1004 2048 ἢ
1039 1980 1114 2041 ὼς
1147 1978 1293 2042 ἄξιον
1315 1973 1453 2030 εἷναί
1483 1996 1564 2031 σοι
1594 1981 1894 2051 προσκομί-

320 2068 532 2131 ζεσθαι,
563 2069 660 2137 τῆς
682 2086 746 2137 γε
777 2068 882 2139 μὴν
903 2071 1184 2140 δυνάμεως
1215 2069 1367 2140 ἡμῶν
1405 2071 1506 2124 οὐκ
1534 2071 1892 2143 ἐνδεέστερον.

319 2160 397 2212 Τὸ
427 2159 484 2212 δὲ
513 2159 686 2230 δῶρον
737 2159 892 2226 λόγος
925 2162 1072 2213 ἐστὶν
1095 2201 1108 2225 ,
1139 2155 1250 2214 οἷον
1298 2162 1512 2231 ἱμάτιόν
1552 2180 1606 2215 τι
1645 2164 1898 2235 πενιχρὸν

319 2253 388 2303 ὲκ
416 2254 512 2320 τῆς
545 2252 766 2321 πτωχῆς
822 2253 977 2322 ἡμῶν
1029 2254 1266 2317 διανοίας
1310 2257 1409 2308 οὐκ
1455 2257 1668 2319 ἀπόνως
1698 2257 1899 2326 ἐξυφα-

321 2342 541 2409 σμὲνον.
582 2341 646 2394 Ἢ
679 2342 738 2395 δὲ
760 2344 853 2396 τοῦ
881 2343 1039 2412 λόγου
1086 2345 1337 2409 ὑπόθεσις
1368 2347 1614 2418 τολμηρά
1643 2347 1741 2418 μὲν
1771 2349 1898 2412 ἴσως

319 2435 434 2496 τοῖς
456 2432 666 2497 πολλοῖς
693 2428 832 2487 εἶναι
852 2435 1011 2499 δόξει,
1045 2436 1180 2508 πλὴν
1200 2437 1299 2490 οὐκ
1331 2437 1436 2504 ἔξω
1475 2437 1568 2491 τοῦ
1599 2440 1899 2508 πρέποντος

323 2521 605 2591 ἐνομίσθη.
628 2523 804 2587 Μόνος
830 2522 939 2594 γὰρ
958 2523 1123 2588 ἀξίως
1145 2525 1244 2595 τὴν
1264 2527 1441 2580 κτίσιν
1467 2527 1560 2579 τοῦ
1584 2528 1718 2582 Θεοῦ
1742 2545 1902 2581 κατε-

320 2610 536 2679 νόησεν,
559 2612 588 2662 ό
613 2611 756 2664 κατά
777 2612 909 2665 Θεὸν
932 2613 1170 2677 κτισθεὶς
1199 2615 1387 2682 ὄντως,
1416 2617 1510 2668 καὶ
1532 2619 1589 2668 ὲν
1619 2616 1788 2670 εἰκόνι
1807 2617 1899 2670 τοῦ

319 2702 604 2764 κτίσαντος
628 2702 726 2772 τὴν
758 2703 936 2776 ψυχὴν
966 2707 1392 2776 μεμορφωμένος
1419 2708 1715 2772 Βασίλειος,
1737 2712 1766 2762 6
1785 2727 1902 2763 κοι-

317 2792 410 2856 νὸς
437 2793 592 2864 ἡμῶν
625 2795 806 2866 πατὴρ
842 2797 932 2848 καὶ
967 2797 1314 2863 διδάσκαλος,
1338 2798 1396 2862 ὃς
1434 2800 1532 2869 τὴν
1567 2800 1774 2871 ὑψηλὴν
1806 2801 1900 2854 τοῦ

317 2884 523 2946 παντὸς
538 2885 894 2958 διακόσμησιν
910 2886 1174 2958 εὔληπτον
1193 2891 1306 2950 τοῖς
1320 2890 1531 2953 πολλοῖς
1549 2891 1636 2944 διὰ
1649 2893 1746 2962 τῆς
1770 2893 1903 2956 ἰδίας

318 2976 557 3046 θεωρίας
581 2978 824 3048 ἐποίησε,
854 2980 948 3031 καὶ
985 2979 1074 3033 τὸν
1107 2981 1164 3032 ἐν
1204 2983 1268 3051 τῇ
1296 2980 1522 3053 ἀληθινῇ
1557 2983 1718 3052 σοφίᾳ
1755 2983 1904 3053 παρά

314 3066 416 3119 τοῦ
465 3066 599 3120 Θεοῦ
631 3070 898 3123 συστάντα
950 3071 1153 3140 κόσμον
1177 3073 1454 3143 γνώριμον
1509 3078 1620 3137 τοῖς
1669 3075 1756 3128 διὰ
1807 3076 1902 3147 τῆς

321 3157 588 3224 συνέσεως
616 3161 779 3214 αὑτοῦ
809 3166 873 3234 τῇ
905 3163 1108 3236 θεωρίᾳ
1137 3167 1566 3237 προσαγομένοις
1590 3170 1842 3239 ποιήσας.

2000 1979 2185 2043 stu-let,
2208 1987 2266 2032 ut
2288 1994 2352 2032 ex
2378 1994 2526 2033 more
2557 1979 2651 2032 tibi
2683 1980 2928 2032 muneris
2953 1979 3176 2048 aliquid,
3209 1978 3275 2032 de
3297 1994 3407 2047 quo
3427 1992 3578 2030 amne

1999 2084 2113 2123 rem
2145 2086 2270 2139 erga
2299 2078 2350 2124 te
2380 2085 2556 2124 meum
2585 2071 2904 2140 perspicias,
2924 2073 3196 2125 tribuam:
3231 2070 3397 2126 affero
3420 2072 3579 2140 quid-

1999 2161 2121 2212 dam
2148 2161 2216 2214 ad
2239 2169 2292 2215 te
2319 2161 2590 2215 hominem
2614 2163 2935 2230 praeclarum
2958 2203 2972 2225 ,
2997 2162 3214 2232 Deoque
3257 2171 3538 2232 acceptum
3559 2203 3576 2226 ,

2001 2267 2111 2307 non
2157 2253 2291 2307 illud
2329 2253 2544 2323 quidem
2580 2261 2636 2308 te
2675 2254 2918 2323 dignum,
2957 2269 3076 2308 mea
3106 2265 3285 2309 tamen
3317 2254 3579 2308 facultate

2002 2363 2167 2418 prope
2198 2347 2392 2416 majus.
2421 2345 2511 2401 Est
2533 2357 2710 2400 autem
2737 2361 2939 2402 munus
2965 2346 3069 2401 hoc
3097 2354 3346 2401 nostrum
3378 2347 3577 2410 oratio,

2000 2439 2155 2509 quasi
2178 2438 2282 2492 vile
2312 2437 2583 2507 quoddam
2620 2438 3005 2491 vestimentum
3035 2436 3089 2490 in
3111 2450 3346 2505 paupere
3376 2436 3580 2505 ingenii

2002 2530 2173 2584 nostri
2192 2528 2421 2590 ofﬁcina,
2441 2543 2548 2582 non
2573 2539 2752 2582 tamen
2775 2528 2925 2581 nullo
2951 2527 3136 2581 labore
3155 2533 3491 2582 contextum.
3516 2526 3582 2581 Et

2002 2635 2313 2688 quanquam
2356 2619 2570 2674 futuros
2630 2620 2896 2682 arbitror,
2929 2620 3022 2688 qui
3060 2619 3342 2675 audaciam
3374 2619 3429 2673 in
3468 2619 3584 2674 ela-

2003 2712 2246 2766 borando
2297 2712 2388 2765 tali
2444 2725 2609 2778 opere
2645 2711 2758 2765 sint
2808 2711 3211 2779 reprehensuri,
3251 2726 3355 2766 nos
3398 2719 3580 2766 tamen

2005 2805 2139 2857 nihil
2169 2804 2225 2856 in
2280 2803 2385 2856 hoc
2437 2803 2704 2856 committi
2755 2798 3020 2857 adversus
3072 2802 3254 2858 decori
3309 2803 3576 2857 rationem

2005 2895 2250 2964 persuasi
2305 2909 2514 2948 sumus.
2566 2893 2798 2948 Basilius
2839 2897 3022 2958 enim,
3075 2909 3186 2964 quo
3235 2901 3462 2963 uterque
3523 2881 3582 2947 ut

2005 2998 2158 3057 patre
2189 2987 2557 3056 magistroque
2592 2989 2674 3041 usi
2724 3002 2939 3053 sumus,
2992 2987 3168 3041 factus
3221 2987 3367 3040 haud
3414 2986 3582 3040 dubie

2008 3080 2117 3135 Deo
2150 3079 2479 3141 simillimus,
2510 3087 2563 3133 et
2591 3079 2777 3133 animo
2835 3079 2902 3132 ad
2944 3092 3260 3148 expressam
3311 3077 3580 3132 creatoris

2008 3173 2297 3242 imaginem
2349 3168 2742 3234 conformatus,
2799 3169 2948 3224 solus
2977 3169 3219 3238 profecto
3263 3175 3445 3223 creata
3484 3167 3581 3222 Dei

317 3267 418 3320 pro
471 3252 715 3321 ipsorum
773 3259 1081 3324 praestantia
1137 3258 1506 3313 consideravit
1551 3271 1606 3314 et
1663 3262 1893 3316 arduum
1956 3263 2059 3318 hoc
2115 3261 2486 3317 universitatis
2550 3276 2736 3316 rerum
2792 3261 3373 3331 elegantissimumqne
3424 3260 3580 3330 Opili-

313 3342 467 3399 cium
521 3345 958 3401 consideratione
1016 3363 1114 3402 sua
1167 3349 1250 3402 sic
1304 3349 1639 3414 illustravit,
1696 3362 1755 3406 ut
1790 3352 1923 3406 illud
1960 3354 2071 3423 jam
2128 3353 2517 3423 comprehendi
2579 3353 2790 3407 ratione
2857 3351 3102 3420 cujusvis
3156 3352 3364 3422 possit;
3417 3358 3581 3420 atque

313 3435 460 3490 adeo
511 3436 698 3491 mundi
747 3437 934 3506 hujus,
971 3455 1100 3494 vera
1135 3440 1230 3495 Dei
1270 3443 1537 3512 sapientia
1590 3445 1816 3511 conditi,
1875 3449 2240 3518 cognitionem
2289 3447 2571 3501 hominum
2611 3446 2813 3502 animis
2852 3445 3082 3512 indidit,
3137 3461 3278 3516 quos
3331 3444 3582 3500 doctrina

315 3545 420 3584 sua
443 3529 510 3582 ad
543 3546 725 3587 rerum
757 3532 1276 3602 contemplationem
1309 3534 1554 3589 adduxit.

399 3621 586 3692 Ἡμεῖς
637 3622 694 3675 δὲ
748 3624 842 3676 καὶ
889 3622 982 3676 τοῦ
1034 3624 1333 3693 θαυμάζειν
1376 3627 1538 3681 αὐτὸν
1570 3630 1691 3682 κατ’
1740 3628 1895 3694 ἀξίαν
1922 3631 1966 3690 C

315 3713 514 3776 ἐνδεῶς
542 3713 776 3783 ἔχοντες,
801 3713 936 3783 ὁμοῦ
981 3712 1044 3765 τὸ
1095 3713 1276 3766 λεῖπον
1322 3718 1434 3778 τοῖς
1470 3717 1896 3788 τεθεωρημένοις

313 3803 398 3875 τῷ
449 3806 668 3876 μεγάλῳ
713 3803 1030 3875 προσθεῖναι
1083 3805 1435 3877 διενοήθημεν
1464 3847 1479 3872 ,
1537 3809 1635 3880 οὐχ
1686 3810 1761 3872 ὡς
1805 3827 1892 3864 νο-

317 3896 569 3960 θεύοντες
627 3898 694 3950 δι’
758 3897 1025 3968 ὑποϐολῆς
1085 3897 1176 3951 τὸν
1238 3900 1446 3953 ἐκείνου
1520 3902 1678 3955 πόνον
1735 3903 1894 3969 (οὐδὲ

313 3989 429 4058 γὰρ
475 3987 633 4058 θέμις
680 3988 742 4041 τὸ
793 3989 996 4061 ὑψηλὸν
1055 3991 1232 4043 ἐκεῖνο
1285 3991 1714 4062 καθυϐρισθῆναι
1773 3993 1895 4046 στό-

321 4095 401 4147 μα
455 4080 568 4141 τοῖς
615 4079 903 4150 ἡμετέροις
953 4082 1417 4152 ἐπιφημιξόμενον
1474 4082 1722 4150 λόγοις),
1778 4083 1893 4136 ἀλλ’

315 4167 395 4232 ὡς
437 4168 514 4240 μὴ
563 4170 737 4223 δοκεῖν
786 4171 980 4242 ἐλλιπῆ
1027 4171 1121 4224 τοῦ
1156 4172 1476 4225 διδασκάλου
1508 4173 1607 4243 τὴν
1651 4172 1806 4237 δόξαν
1836 4174 1894 4227 ἐν

316 4261 433 4321 τοῖς
481 4259 749 4330 μαθηταῖς
796 4263 960 4315 αὐτοῦ
1009 4257 1169 4316 εἶναι.
1207 4265 1269 4315 Εί
1323 4263 1431 4334 γὰρ
1469 4262 1760 4334 λειπούσης
1796 4264 1895 4336 τῆς

329 4349 665 4422 Ἑξαημὲρου
700 4353 798 4423 τῆς
847 4357 928 4418 εἰς
959 4355 1051 4409 τὸν
1085 4355 1370 4426 ἄνθρωπον
1414 4354 1664 4425 θεωρίας,
1706 4356 1894 4427 μηδεὶς

318 4442 426 4497 τῶν
451 4443 909 4514 μαθητευσάντων
938 4448 1085 4518 αὐτῷ
1110 4448 1346 4513 σπουδήν
1369 4465 1491 4502 τινα
1523 4449 1658 4516 πρὸς
1679 4448 1776 4519 τὴν
1798 4448 1891 4500 τοῦ

316 4533 595 4600 λείποντος
631 4538 1014 4610 ἀναπλήρωσιν
1067 4540 1454 4608 εἰσενέγκαιτο,
1486 4539 1641 4609 ἔσχεν
1700 4538 1766 4592 ἂν
1814 4541 1892 4591 εί-

320 4627 493 4691 κάτως
523 4629 659 4683 κατά
696 4631 798 4700 τῆς
847 4631 1086 4702 μεγάλης
1119 4632 1284 4686 αὑτοῦ
1335 4632 1490 4702 δόξης
1513 4634 1541 4684 ὁ
1570 4632 1757 4702 μῶμος
1795 4629 1890 4683 λα-

319 4719 442 4790 ϐὴν,
474 4720 551 4784 ὡς
580 4721 654 4793 μὴ
685 4722 1038 4794 βουληθέντος
1069 4723 1182 4789 ἕξιν
1211 4723 1332 4777 τινὰ
1354 4723 1751 4793 κατανοητικὴν
1777 4723 1891 4785 τοῖς

319 4810 618 4880 ἀκροαταῖς
638 4812 1054 4883 ἐνεργάσασθαι.
1073 4815 1210 4868 Νυνὶ
1237 4814 1294 4866 δὲ
1320 4814 1460 4867 κατὰ
1483 4813 1712 4884 δύναμιν
1734 4812 1890 4884 ἡμῶν

319 4898 802 4972 ὲπιτολμησάντων
827 4907 894 4974 τῇ
942 4903 1198 4975 ἐξηγήσει
1237 4904 1330 4956 τοῦ
1381 4903 1676 4968 λείποντος,
1707 4907 1753 4956 εἰ
1789 4904 1908 4974 μέν·

2069 3624 2226 3678 Hunc
2260 3638 2360 3678 nos
2389 3638 2515 3678 cum
2546 3623 2808 3678 admirari
2850 3623 2984 3679 satis
3020 3623 3175 3677 nullo
3199 3623 3360 3678 modo
3390 3641 3580 3694 posse-

2002 3731 2145 3779 mus,
2204 3714 2382 3769 visum
2419 3723 2505 3770 est
2557 3715 2804 3784 quaedam
2843 3715 2911 3768 ad
2943 3730 3006 3770 ea
3048 3730 3170 3785 quae
3217 3730 3448 3786 magnus
3489 3719 3580 3772 ille

1998 3807 2083 3860 vir
2117 3803 2422 3875 indagando
2460 3805 2908 3875 pervestigasset,
2961 3804 3198 3875 adjicere
3234 3824 3248 3860 :
3279 3821 3388 3861 non
3430 3809 3578 3877 quod

2000 3898 2171 3969 ipsius
2219 3899 2457 3952 laborem
2493 3907 2651 3967 partu
2699 3898 3045 3967 supposititio
3090 3900 3463 3956 contaminare
3509 3902 3580 3956 sit

2002 3992 2236 4056 animus,
2262 3987 2480 4060 quando
2515 3991 2670 4046 nefas
2724 3990 2890 4045 fuerit
2919 3990 3395 4059 praeclarissimum
3443 3993 3578 4047 illud

2001 4103 2065 4141 os
2092 4087 2227 4140 affici
2255 4087 2476 4156 injuria,
2509 4085 2843 4139 celebratum
2874 4082 3120 4136 oratione
3146 4090 3355 4146 nostra,
3389 4083 3485 4138 sed
3519 4094 3579 4137 ιιι

2000 4178 2246 4243 magistri
2275 4179 2501 4248 gloriam
2529 4178 2584 4232 in
2614 4175 2899 4245 discipulis
2927 4188 3269 4244 nequaquam
3309 4174 3579 4231 defecisse

2001 4270 2340 4325 ostendatur.
2389 4269 2524 4323 Nam
2563 4283 2686 4323 cum
2720 4269 2774 4321 in
2815 4267 3162 4321 enarratione
3195 4281 3420 4336 operum
3455 4283 3578 4338 qua:

2000 4357 2142 4414 Deus
2202 4376 2298 4414 sex
2353 4359 2546 4414 diebus
2597 4359 2854 4422 absolvit,
2908 4357 3146 4412 hominis
3210 4358 3576 4414 consideratio

1999 4452 2173 4517 desit;
2225 4451 2271 4507 si
2321 4451 2717 4522 discipulorum
2768 4464 2926 4503 nemo
2977 4449 3078 4502 hac
3119 4448 3174 4501 in
3220 4457 3374 4518 parte
3414 4453 3576 4520 perli-

1999 4543 2190 4600 cienda
2221 4560 2445 4614 operam
2481 4542 2837 4612 impendisset
2867 4557 3045 4607 suam,
3084 4542 3366 4596 habuisset
3393 4557 3574 4597 causa:

2000 4637 2247 4690 nonnihil
2288 4636 2552 4691 adversus
2588 4635 2845 4690 eximiam
2875 4635 2976 4688 viri
3023 4633 3248 4704 gloriam
3283 4634 3575 4703 reprehen-

1999 4741 2182 4780 sorum
2229 4725 2412 4788 libido,
2449 4724 2607 4795 quasi
2656 4724 2748 4794 qui
2792 4723 2858 4778 ad
2904 4739 2992 4778 res
3023 4725 3204 4777 animo
3239 4724 3574 4793 indagandos

1997 4816 2278 4871 auditores
2329 4831 2459 4871 suos
2488 4814 2873 4871 consuefacere
2924 4815 3206 4869 noluisset.
3247 4813 3404 4868 Nunc
3449 4829 3572 4868 cum

1997 4924 2059 4961 ea
2116 4923 2216 4962 nos
2277 4922 2399 4976 quae
2452 4908 2688 4974 desunt,
2734 4905 3072 4976 explananda
3122 4905 3402 4974 suscipere
3452 4909 3573 4960 ausi

318 5007 370 5044 τι
413 4992 654 5046 τοιοῦτον
711 4996 770 5047 ὲν
823 4997 936 5059 τοῖς
981 4996 1271 5066 ἡμετέροις
1315 4995 1598 5066 εὑρεθείη,
1629 4991 1741 5049 οἷον
1791 4996 1892 5066 τῆς

2000 5002 2194 5064 simus,
2227 5007 2491 5069 quantum
2513 5000 2729 5069 quidem
2763 5000 2818 5052 in
2854 4998 3012 5053 nobis
3041 4997 3177 5065 erit;
3223 4997 3268 5052 si
3302 4997 3433 5067 quid
3468 4999 3573 5051 hac

319 5085 528 5138 ἐκείνου
573 5086 922 5152 διδασκαλίας
957 5090 1032 5160 μὴ
1068 5089 1282 5154 ἀνάξιον
1325 5085 1484 5156 εἶναι,
1517 5091 1596 5151 είς
1631 5090 1720 5142 τὸν
1748 5089 1893 5143 διδά-

319 5176 512 5230 σκαλον
555 5178 774 5243 πάντως
822 5180 920 5251 τὴν
970 5181 1246 5253 ἀναφορὰν
1283 5180 1429 5245 ἕξει·
1462 5182 1511 5233 εἰ
1543 5181 1599 5233 δὲ
1639 5182 1712 5251 μὴ
1752 5180 1890 5233 καθ-

320 5268 486 5321 ίκοιτο
515 5269 619 5340 τῆς
648 5272 1024 5342 μεγαλοφυοῠς
1061 5274 1292 5344 θεωρίας
1321 5276 1349 5326 ὁ
1400 5274 1664 5344 ἡμέτερος
1711 5273 1887 5340 λόγος,

315 5360 345 5411 6
373 5359 473 5430 μὲν
505 5360 610 5427 ἔξω
654 5362 755 5433 τῆς
791 5364 1046 5435 τοιαύτης
1086 5365 1238 5418 ἔσται
1275 5364 1642 5436 κατηγορίας,
1675 5365 1769 5418 ἰτοὗ
1815 5367 1890 5437 μὴ

319 5450 602 5520 βούλεσθαι
637 5453 813 5508 δοκεῖν
847 5457 959 5518 τοῖς
976 5455 1255 5526 ’μαθηταῖς
1282 5456 1594 5524 ἐγγενέσθαι
1619 5474 1670 5508 τι
1697 5456 1888 5522 δεξιὸν,

317 5543 570 5610 ἐκφυγὼν
602 5545 698 5615 τὴν
730 5546 954 5616 μέμψιν,
992 5548 1150 5617 ἡμεῖς
1184 5548 1227 5600 δ’
1255 5547 1320 5600 ἂν
1347 5549 1570 5611 εἰκότως
1603 5547 1890 5602 ὑπεύθυνοι

315 5633 556 5704 δόξωμεν
590 5639 702 5699 τοῖς
739 5638 1191 5708 μωμοσκοποῦσιν
1211 5680 1224 5701 ,
1253 5639 1328 5701 ὼς
1361 5639 1419 5692 o6
1455 5640 1803 5710 χωρήσαντες
1832 5640 1890 5692 ἐν

208 5792 224 5807 ⁸
316 5723 396 5793 τῷ
429 5730 722 5798 μικροφυεῖ
749 5729 849 5799 τῆς
877 5730 1101 5800 καρδίας
1133 5730 1292 5801 ἡμῶν
1327 5731 1420 5784 τοῦ
1451 5732 1762 5802 καθηγητοῦ
1790 5733 1888 5802 τὴν

320 5817 531 5887 σοφίαν.
567 5819 719 5872 Ἔστι
747 5820 792 5874 δ’
838 5821 899 5873 ού
950 5823 1142 5894 μικρὸς
1187 5826 1214 5876 ὁ
1248 5825 1599 5896 προκείμενος
1641 5827 1770 5896 ἡμῖν
1809 5827 1886 5889 είς

1998 5097 2186 5144 nostra
2234 5090 2290 5144 in
2335 5090 2794 5144 commentatione
2839 5088 3158 5157 reperietur,
3205 5087 3350 5156 quod
3398 5089 3572 5157 ipsius

1997 5182 2249 5235 doctrina
2283 5196 2392 5235 non
2431 5181 2503 5235 sit
2534 5180 2834 5249 indignum,
2869 5179 2922 5232 id
2955 5195 3116 5234 omne
3159 5180 3370 5234 scilicet
3401 5180 3570 5248 magi-

1998 5280 2113 5326 stro
2163 5268 2770 5339 acceptum-ferendum
2823 5270 2962 5333 erit;
3032 5269 3118 5323 sin
3168 5277 3346 5323 autem
3393 5270 3570 5323 oratio

1995 5372 2181 5415 nostra
2208 5361 2711 5430 praestantissimum
2749 5359 2922 5428 ipsius
2949 5358 3003 5412 in
3031 5359 3429 5415 considerando
3457 5360 3565 5414 vim

1999 5469 2105 5506 non
2145 5460 2490 5522 assequetur,
2535 5449 2782 5505 accusari
2828 5451 2916 5506 ille
2959 5466 3298 5521 nequaquam
3328 5452 3566 5514 debebit,
3640 5489 3645 5495 -

1994 5545 2151 5614 quasi
2188 5545 2546 5598 eruditionem
2586 5543 2871 5612 discipulis
2900 5543 3236 5606 inviderit,va
3272 5559 3378 5614 qua
3410 5545 3569 5614 culpa

1996 5637 2365 5692 alienissimus
2395 5635 2702 5690 censendus
2731 5635 2855 5698 erit,
2892 5645 3052 5705 atque
3071 5636 3206 5690 adeo
3235 5651 3334 5690 nos
3372 5637 3568 5690 merito

1997 5737 2186 5784 nostro
2213 5730 2280 5783 ab
2310 5729 2541 5783 curiosis
2568 5728 2686 5782 istis
2717 5728 3205 5810 reprehensorihus
3233 5729 3308 5781 rei
3345 5744 3566 5796 perage-

1998 5838 2152 5889 mur,
2215 5822 2306 5891 qui
2370 5829 2598 5892 angusto
2659 5829 2880 5893 pectore
2934 5820 3181 5890 magistri
3245 5820 3562 5889 sapientiam
