4046 6350
456 391 555 448 127

1655 394 1716 453 S.
1755 397 2083 456 GREGORII
2120 399 2413 457 NYSSENI

3606 396 3714 452 ηε

449 525 646 578 capere
673 494 782 566 non
819 511 1182 583 potuerimus.
1225 509 1335 569 Res
1361 513 1601 584 quidem,
1637 515 1692 571 in
1719 519 2032 574 considera-

2155 521 2362 594 lewpiav
2395 519 2614 584 σκοπὸς,
2648 518 2768 572 οὐδέ
2803 534 2944 582 τινος
2979 515 3088 571 τῶν
3123 518 3181 570 ἐν
3206 517 3394 588 κόσμῳ
3419 515 3709 586 θαυμάτων

453 604 654 656 tionem
709 617 830 670 qua:
889 605 1056 668 venit,
1119 619 1227 658 non
1285 605 1482 675 exigua
1537 615 1644 670 est,
1707 623 1885 679 neque
1937 611 2032 666 ulli

451 707 640 747 earum
679 695 878 751 cedens
911 711 1048 766 quas
1075 696 1164 750 hic
1192 696 1430 752 mundus
1459 696 1810 756 admirandas
1842 703 2034 756 conti-

456 794 546 840 net
575 805 588 840 :
621 797 782 857 atque
837 787 981 841 haud
1025 788 1141 844 scio
1195 803 1263 842 an
1312 803 1420 843 non
1461 790 1704 844 omnium
1731 829 1748 855 ,
1796 807 2030 862 quarum

456 880 822 948 cognitionem
863 883 1193 952 expetimus,
1242 881 1502 937 maxima.
1540 880 1658 936 Non
1690 883 1835 938 enim
1879 885 2033 956 quid-

457 985 620 1040 quam
667 987 856 1027 eorum
900 973 1166 1039 omnium,
1207 989 1330 1043 quae
1364 974 1420 1027 in
1448 980 1645 1028 natura
1674 991 1855 1030 rerum
1889 977 2036 1032 exsi-

457 1069 628 1125 stunt,
663 1061 758 1118 Dei
801 1062 868 1118 ad
915 1063 1204 1134 imaginem
1243 1061 1444 1118 factum
1481 1073 1584 1129 est,
1631 1071 1830 1135 praeter
1867 1081 2033 1120 unum

457 1155 561 1208 hoe
589 1163 855 1221 creatum,
886 1153 1032 1226 quod
1075 1154 1350 1208 hominem
1379 1152 1636 1210 dicimus.
1684 1154 1897 1210 Idcirco
1936 1155 2034 1210 be-

458 1245 655 1316 nignos
685 1245 963 1302 auditores
1001 1246 1346 1316 perlubenter
1379 1245 1536 1300 nobis
1567 1245 1780 1300 veniam
1808 1245 2035 1301 daturos

458 1335 804 1400 conﬁdimus,
841 1335 1056 1391 etiamsi
1094 1335 1254 1406 longe
1303 1333 1446 1388 intra
1491 1334 1810 1403 dignitatem
1849 1335 1964 1390 haec
2005 1349 2035 1388 a

459 1427 617 1481 nobis
672 1434 1034 1497 exponantur.
1085 1425 1219 1481 Nam
1263 1427 1317 1482 in
1366 1427 1488 1490 hac,
1543 1427 1760 1498 opinor.
1813 1427 2036 1498 inquisi-

457 1518 604 1573 tione
633 1525 824 1572 nostra
843 1517 977 1572 nihil
1005 1519 1248 1572 omnium
1269 1533 1460 1574 eorum
1490 1532 1610 1587 qua:
1642 1517 1848 1572 homini
1881 1517 2038 1572 initio

456 1607 726 1664 accidisse
765 1609 1060 1672 credimus,
1099 1617 1154 1663 et
1181 1617 1442 1664 eventura
1464 1609 1725 1679 deinceps
1748 1617 2039 1679 exspecta-

458 1715 621 1766 mus,
670 1707 838 1772 atque
897 1701 1064 1756 etiam
1109 1715 1256 1756 nune
1319 1701 1718 1772 perspicimus,
1784 1701 2039 1757 omitten-

2131 611 2200 664 τὰ
2245 609 2474 681 δεύτερα
2503 607 2818 680 φερόμενος,
2849 608 2989 678 τάχα
3013 606 3070 660 δὲ
3117 607 3214 659 καὶ
3246 606 3445 676 μείζων
3477 607 3707 659 ἑκάστου

2132 700 2242 754 τῶν
2267 699 2742 771 γιγνωσκομένων,
2771 698 2906 752 διότι
2947 697 3098 751 οὐδὲν
3138 697 3326 767 ἕτερον
3359 695 3481 766 Θεῷ
3507 697 3573 749 ἐκ
3601 696 3710 749 τῶν

2133 793 2301 848 ὀντων
2348 791 2645 864 ὡμοίωται,
2669 791 2808 861 πλὴν
2836 790 2939 861 τῆς
2974 790 3115 845 κατά
3141 789 3234 842 τὸν
3269 773 3555 860 ἄνθρωπον
3592 789 3711 842 κτί-

2136 902 2294 950 σεως,
2311 884 2450 938 ὥστε
2470 886 2620 955 παρά
2642 885 2757 948 τοῖς
2783 881 3086 954 εὐγνώμοσι
3115 881 3225 934 τῶν
3257 879 3542 952 ἀκροατῶν
3578 881 3712 950 πρό-

2133 989 2314 1045 χειρον
2336 975 2467 1044 ἡμῖν
2484 974 2582 1043 τὴν
2607 974 2699 1027 ἐπὶ
2717 975 2832 1037 τοῖς
2857 972 3169 1044 λεγομένοις
3194 969 3522 1042 συγγνώμην
3547 963 3711 1034 εἶναι,

2135 1065 2240 1119 κάν
2282 1065 2416 1119 πολὺ
2446 1065 2673 1118 κατόπιν
2700 1063 2800 1135 τῆς
2827 1062 2982 1128 ἀξίας
3015 1065 3044 1117 ὀ
3070 1063 3224 1131 λόγος
3262 1062 3425 1117 ἔλθοι.
3460 1063 3551 1115 Δεῖ
3581 1061 3710 1130 γάρ,

2135 1153 2288 1228 οἶμαι
2306 1198 2321 1221 ,
2346 1157 2453 1210 τῶν
2472 1157 2602 1228 περὶ
2627 1156 2720 1210 τὸν
2751 1157 3035 1227 ἄνθρωπον
3064 1156 3339 1216 ἀπάντων,
3358 1153 3468 1208 τῶν
3490 1170 3550 1207 τε
3580 1169 3713 1223 προ·

2138 1245 2468 1317 γεγενῆσθαι
2503 1245 2976 1316 πεπιστευμένων,
3003 1244 3098 1297 καὶ
3146 1242 3254 1296 τῶν
3279 1241 3592 1313 είσύστερον
3617 1242 3714 1293 ἐκ-

2136 1337 2401 1409 ϐήσεσθαι
2425 1335 2908 1408 προσδοκωμένων,
2944 1336 3038 1388 καὶ
3069 1334 3179 1387 τῶν
3198 1333 3293 1387 νῦν
3324 1333 3716 1404 θεωρουμένων

2139 1427 2304 1499 μηδὲν
2351 1427 2682 1498 παραλιπεῖν
2719 1425 3090 1491 ἀνεξέταστον.
3126 1421 3206 1478 Ἦ
3250 1424 3359 1496 γὰρ
3399 1423 3466 1478 ἀν
3503 1424 3717 1476 ἐλλιπε-

2139 1518 2305 1587 στέρα
2337 1517 2431 1570 τοῦ
2481 1517 2895 1588 ἐπαγγέλματος
2924 1519 2957 1590 ή
3006 1517 3210 1588 σπουδὴ
3265 1517 3592 1587 διελέγχοιτο
3618 1557 3634 1582 ,
3667 1517 3717 1567 εἱ

2136 1610 2232 1664 τοῦ
2265 1608 2550 1681 ἀνθρώπου
2584 1610 2947 1683 προκειμένου
2985 1613 3050 1683 τῇ
3091 1610 3330 1682 θεωρίᾳ,
3363 1609 3625 1680 παρεθείη
3661 1625 3715 1660 τι

2135 1701 2246 1754 τῶν
2274 1702 2655 1756 συντεινόντων
2703 1701 2841 1774 πρὸς
2876 1700 2975 1772 τὴν
3020 1701 3298 1754 ὑπόθεσιν.
3338 1699 3499 1753 Ἀλλά
3523 1700 3617 1752 καὶ
3645 1697 3716 1751 τά

457 1790 586 1846 dum
615 1791 740 1845 erit.
791 1790 1042 1846 Profecto
1073 1793 1218 1847 enim
1271 1792 1468 1847 merito
1510 1792 1750 1847 studium
1786 1801 2036 1848 nostrum

2155 1790 2395 1846 ἱοκοῦντα
2450 1793 2579 1864 περὶ
2607 1793 2766 1848 αὐτὸν
2795 1794 3052 1856 ἐναντίως
3098 1792 3263 1863 ἐχειν,
3306 1790 3394 1844 διὰ
3425 1791 3486 1844 τὸ
3521 1790 3596 1861 μὴ
3647 1789 3717 1843 τὰ

462 1884 940 1956 reprehensionem
984 1885 1309 1949 incurreret,
1350 1892 1608 1954 tanquam
1645 1884 2038 1955 pollicitatione

2155 1884 2277 1938 ιύτά
2312 1886 2426 1947 τοῖς
2449 1884 2510 1949 ἐξ
2537 1886 2712 1957 ἀρχῆς
2740 1886 3156 1956 γεγενημένοις,
3184 1885 3277 1938 καὶ
3315 1885 3409 1938 νῦν
3451 1885 3579 1955 περὶ
3618 1883 3718 1954 τὴν

461 1990 562 2031 sua
598 1976 757 2047 longe
793 1975 1047 2042 inferius,
1083 1976 1130 2033 si
1157 1977 1396 2032 hominis
1421 1977 1699 2047 proposita
1729 1975 2041 2031 considera-

461 2067 610 2123 tione
633 2067 1038 2138 relinqueretur
1064 2067 1288 2138 aliquid,
1316 2067 1460 2138 quod
1491 2067 1558 2122 ad
1589 2066 1902 2122 institutum
1935 2066 2038 2120 hoc

461 2168 714 2216 nostrum
748 2159 974 2217 faceret.
1023 2159 1312 2215 Enimvero
1339 2168 1394 2215 et
1424 2160 1514 2214 illa
1555 2175 1677 2230 quae
1717 2160 1773 2214 in
1802 2158 2042 2215 hominis

461 2261 658 2306 natura
688 2267 835 2306 nunc
858 2267 903 2306 .a
931 2252 1105 2321 primo
1133 2251 1382 2319 ejusdem
1423 2259 1569 2307 statu
1619 2251 2039 2321 conditioneque

462 2343 681 2400 diversa
715 2359 861 2411 esse,
898 2345 1062 2400 rebus
1110 2343 1186 2398 ita
1233 2357 1356 2400 sese
1389 2339 1711 2406 ferentibus,
1744 2343 1988 2398 videmus
2019 2359 2036 2397 :

463 2452 586 2492 cum
614 2451 681 2493 ex
730 2452 1014 2492 sacrarum
1045 2435 1372 2490 Litterarum
1424 2433 1772 2498 auctoritate,
1803 2444 1917 2488 tum
1950 2449 2041 2487 ra-

465 2527 886 2583 tiocinationum
943 2527 1193 2582 acumine
1237 2524 1542 2595 adjicienda
1572 2533 1733 2578 erunt
1761 2533 1859 2579 :ut
1908 2538 2041 2577 con-

469 2629 627 2692 gruat
665 2621 917 2676 universa
952 2619 1209 2674 tractatio
1248 2618 1314 2672 ad
1360 2615 1555 2673 seriem
1585 2624 1751 2685 atque
1791 2613 2038 2669 ordinem

468 2727 676 2777 rerum,
724 2727 846 2783 quae
891 2711 1142 2768 videntur
1197 2725 1322 2767 esse
1369 2709 1475 2764 illae
1515 2707 1737 2778 quidem
1784 2707 1929 2761 inter
1982 2720 2043 2760 se

471 2802 721 2869 diversae,
744 2802 988 2858 eamdem
1022 2809 1204 2857 tamen
1232 2801 1301 2855 ad
1337 2810 1536 2856 metam
1563 2799 1829 2854 tendunt:
1858 2797 2043 2852 divina

471 2896 731 2951 nimirum
757 2903 1027 2968 potestate
1063 2910 1214 2965 spem
1258 2895 1421 2950 rebus
1458 2900 1612 2948 extra
1641 2905 1856 2946 omnem
1892 2903 2044 2959 spem

2139 1973 2302 2044 φύσιν
2340 1976 2571 2048 ὁρᾶσθαι
2611 1976 2700 2030 διά
2737 1993 2880 2040 τινος
2918 1976 3223 2045 ἀναγκαίας
3265 1975 3586 2038 ἀκολουθίας
3616 1992 3630 2006 ο
3654 1974 3717 2026 ἐκ

2137 2085 2197 2122 τε
2246 2067 2347 2138 τῆς
2377 2068 2654 2138 γραφικῆς
2688 2065 3014 2137 ύφηγήσεως
3039 2064 3134 2119 καὶ
3176 2065 3240 2116 ἐκ
3271 2063 3371 2133 τῆς
3403 2062 3556 2134 παρὰ
3606 2061 3720 2114 τῶν

2136 2155 2413 2228 λογισμῶν
2442 2156 2841 2227 εύρισκομένης
2884 2154 3127 2218 ἐπινοίας
3161 2153 3495 2223 συναρτῆσαι
3549 2166 3720 2221 προσ-

2136 2252 2286 2322 ήκει,
2317 2249 2394 2313 ὡς
2434 2249 2501 2304 ἂν
2541 2249 2830 2320 συμϐαίνοι
2857 2250 3008 2302 πᾶσα
3037 2249 3071 2317 ὴ
3120 2246 3376 2310 ὑπόθεσις
3416 2242 3593 2316 είρμῷ
3625 2243 3720 2295 καὶ

2139 2343 2290 2409 τάξει
2326 2341 2436 2395 τῶν
2467 2340 2723 2404 ἐναντίως
2777 2339 2920 2411 ἔχειν
2958 2338 3258 2392 δοκούντων
3289 2337 3424 2409 πρὸς
3449 2336 3508 2388 ἐν
3536 2335 3628 2388 καὶ
3659 2333 3721 2386 τὸ

2141 2428 2274 2482 αὐτὸ
2302 2428 2475 2499 πέρας
2507 2426 3116 2499 συμφερομένων,οὖτω
3146 2428 3240 2481 καὶ
3263 2427 3360 2497 τῆς
3385 2425 3535 2488 θείας
3562 2423 3721 2477 δυνά·-

2145 2535 2291 2590 μεως
2316 2518 2508 2573 ἐλπίδα
2537 2521 2650 2581 τοῖς
2683 2518 2821 2589 ὑπὲρ
2868 2517 3077 2583 ἐλπίδα,
3103 2517 3199 2570 καὶ⁵
3246 2517 3412 2587 πόρον
3444 2517 3554 2578 τοῖς
3578 2514 3722 2583 ἀμη-

2143 2611 2327 2682 χάνοις
2367 2608 2818 2681 ἐφευρισκούσης.
2855 2609 3159 2678 Σαφηνείας
3217 2607 3276 2660 δέ
3325 2606 3484 2678 χάριν
3542 2603 3720 2666 καλῶς

2146 2703 2293 2773 ἔχειν
2322 2701 2528 2773 ᾠήθην,
2547 2701 2638 2754 ἐπὶ
2663 2699 2972 2770 κεφαλαίων
3001 2717 3082 2753 σοι
3109 2699 3390 2771 προθεῖναι
3421 2697 3511 2751 τὸν
3543 2695 3720 2764 λόγον,

2149 2795 2226 2858 ὼς
2249 2792 2316 2847 ἂν
2348 2792 2491 2864 έχοις
2542 2791 2724 2863 πάσης
2773 2792 2873 2863 τῆς
2911 2790 3292 2862 πραγματείας
3334 2791 3391 2843 ἐν
3423 2787 3589 2858 ὀλίγῳ
3615 2785 3725 2840 τῶν

2151 2885 2483 2940 καθέκαστον
2508 2883 2953 2956 ἐπιχειρημάτων
2975 2883 3176 2936 εἰδέναι
3198 2883 3300 2952 τὴν
3334 2880 3616 2935 ὑπόθεσιν.

467 2989 692 3061 positis,
737 2998 792 3046 et
829 2990 1036 3046 exitum
1077 2989 1345 3062 perplexis
1394 2987 1723 3044 inveniente.
1771 2985 2036 3040 Caterum
2102 2981 2244 3037 lucis
2286 2996 2352 3036 ac
2391 2977 2800 3052 perspicuitatis
2843 2981 3018 3050 gratia
3053 2980 3228 3033 visum
3277 2987 3361 3032 est
3399 2975 3590 3046 paucis
3643 2986 3727 3028 ca-

474 3085 685 3160 pitibus
733 3099 846 3143 rem
879 3100 1096 3142 omnem
1149 3085 1246 3140 tibi
1286 3083 1578 3154 subjicere,
1617 3097 1728 3153 quo
1779 3080 2118 3151 singulorum
2153 3087 2596 3150 argumentorum
2645 3076 2815 3132 totius
2861 3073 3336 3130 eommentationis
3381 3072 3507 3134 vim,
3551 3067 3728 3123 brevi-

473 3181 578 3238 bus
601 3179 782 3237 verbis
801 3177 1251 3250 comprehensam
1277 3176 1590 3246 perspicere
1615 3172 1825 3246 liquido
1847 3169 2050 3244 possis.

984 3290 1215 3349 CAPUT
1251 3289 1542 3346 PRIMUM.

477 3384 544 3442 In
563 3403 664 3456 quo
705 3387 771 3440 de
815 3385 1011 3440 mundo
1049 3384 1410 3454 particulatim
1457 3381 1757 3443 disseritur,
1795 3379 2057 3448 jucunde-

543 3474 645 3526 que
671 3473 732 3510 ea
761 3473 879 3528 qua:
911 3456 1136 3510 hominis
1172 3465 1346 3509 ortum
1375 3468 1704 3523 prwcesscre,
1747 3466 2056 3504 commemo-

546 3536 756 3580 rantur.
819 3561 825 3565 -

548 3619 650 3675 llic
668 3627 774 3683 est,
800 3619 1054 3689 inquiunt
1071 3615 1289 3672 Litterae
1319 3629 1508 3680 sacrae,
1537 3613 1675 3670 liber
1697 3611 1765 3667 de
1779 3619 1902 3666 ortu
1929 3610 2054 3666 οωιί

479 3725 545 3765 ac
581 3719 760 3765 term.
796 3707 871 3762 Eo
901 3707 1161 3762 nimirum
1186 3714 1447 3776 tempore,
1495 3703 1758 3776 quidquid
1788 3701 2052 3764 cernitur,

479 3802 784 3874 perfectum
817 3799 924 3855 fuit
953 3819 966 3854 :
1000 3811 1163 3870 atque
1201 3806 1383 3854 creata
1416 3797 1631 3866 singula
1669 3802 1880 3852 secreta
1917 3794 2059 3847 inter

478 3911 564 3958 se,
615 3910 774 3950 suum
811 3893 1066 3963 quaelibet
1107 3892 1164 3945 in
1208 3891 1386 3945 locum
1437 3889 1889 3959 commigrarunt,
1940 3900 2056 3940 cm-

482 3987 724 4056 lcsteque
751 3999 952 4055 corpus
983 3984 1117 4038 orbe
1157 3997 1258 4038 suo
1285 3982 1538 4036 universa
1563 3979 2055 4050 complectebatur;

478 4079 741 4152 gravibus
770 4092 833 4132 ac
871 4077 1126 4132 deorsum
1154 4075 1502 4145 vergentibus
1528 4074 1874 4144 corporibus,
1911 4079 2058 4127 terra

480 4181 540 4228 et
579 4186 741 4242 aqua,
774 4168 1012 4225 medium
1042 4169 1099 4224 in
1139 4182 1324 4223 rerum
1367 4165 1721 4220 universitate
1757 4164 1935 4218 locum
1963 4178 2060 4218 oc-

483 4266 833 4335 cupantibus,
880 4263 1243 4331 amplexuque
1287 4267 1478 4314 mutuo
1524 4273 1584 4314 se
1627 4257 2054 4312 continentibus.

487 4357 659 4412 Indita
683 4364 796 4410 tum
827 4362 912 4409 est
944 4362 1152 4408 natura:
1179 4367 1359 4408 rerum
1387 4349 1573 4404 divina
1603 4347 1851 4420 quaedam
1879 4363 1972 4402 ars
1994 4361 2059 4402 ac

486 4449 754 4512 facultas,
803 4463 927 4518 qua:
970 4460 1060 4500 res
1119 4441 1368 4498 conditas
1415 4441 1574 4511 quasi
1622 4454 1763 4494 nexu
1823 4439 2059 4509 quodam

484 4536 756 4592 stabilitas
794 4541 1158 4604 perpetuaret,
1193 4530 1507 4601 duplicique
1547 4531 1600 4584 vi
1632 4536 1830 4584 cuneta
1877 4527 2062 4583 mode-

2567 3277 2964 3331 ΚΕΦΑΛΑΙΟΝ
3015 3273 3310 3328 ΠΡΩΤΟΝ.

2169 3360 2343 3446 Ἐνῌῷ
2373 3367 2862 3446 τίς-ἐστιλέεριθςὴ
2891 3367 3024 3446 περ)
3046 3367 3153 3421 τοῦ
3176 3367 3409 3446 κόσμρυ
3428 3367 3730 3446 φυσιολο-

2229 3442 2347 3510 για,
2382 3441 2482 3494 καί
2500 3457 2590 3510 τις
2611 3436 2893 3510 ἁδροτέρα
2916 3437 3198 3510 διήγησις
3217 3436 3349 3510 περὶ
3382 3436 3500 3489 τῶν
3524 3453 3733 3506 προτε-

2226 3507 2492 3581 γονότων
2523 3508 2634 3578 τῆς
2661 3509 2770 3562 τοῦ
2798 3507 3114 3576 ἀνθρώπου
3135 3508 3448 3577 γενέσεως.

2226 3598 2375 3670 Αὖτη
2402 3600 2436 3670 ἡ
2467 3597 2646 3669 βίῦλος
2674 3598 2940 3668 γενέσεως
2967 3599 3197 3669 οὐρανοῦ
3232 3598 3323 3650 καὶ
3343 3597 3468 3667 γῆς,
3501 3594 3666 3665 φησὶν
3697 3597 3732 3666 ἡ
3827 3593 3832 3596 ’

2156 3689 2366 3760 Γραφή’
2390 3690 2479 3742 ὅτε
2501 3687 2854 3757 συνετελέσθη
2885 3689 2992 3741 πᾶν
3021 3687 3083 3739 τὸ
3109 3686 3447 3756 φαινόμενον,
3477 3689 3572 3740 καὶ
3596 3685 3732 3758 πρὸς

2154 3778 2253 3850 τὴν
2289 3777 2496 3832 οἰκείαν
2529 3777 2680 3832 θέσιν
2706 3777 2935 3832 ἕκαστον
2962 3777 3073 3831 τῶν
3104 3778 3271 3832 ὄντων
3303 3780 3599 3850 ἀποκριθὲν
3633 3781 3734 3833 ἀνα

2156 3871 2463 3944 εχὼρησεν’
2495 3873 2584 3925 ὅτε
2614 3871 2904 3944 περιέσχεν
2934 3871 2990 3924 ἐν
3019 3870 3206 3942 κύκλῳ
3241 3871 3310 3924 τά
3339 3873 3517 3927 πάντα
3546 3873 3608 3925 τὸ
3638 3873 3733 3925 οὖ-

2159 3966 2340 4037 ράνιον
2363 3963 2538 4036 σῶμα,
2562 3964 2662 4036 τὴν
2681 3963 2738 4017 δὲ
2768 3963 2936 4034 μέσην
2951 3962 3044 4015 τοῦ
3069 3961 3267 4026 παντὸς
3286 3962 3525 4016 ἀπέλαϐε
3548 3961 3732 4033 χώραν

2157 4057 2227 4111 τὰ
2265 4055 2436 4128 βαρέα
2467 4056 2561 4109 καὶ
2601 4056 2892 4126 κατωφερῆ
2925 4053 3034 4107 τῶν
3067 4055 3356 4124 σωμάτων,
3408 4054 3479 4125 γῆ
3527 4071 3587 4106 τε
3638 4054 3734 4108 καὶ
3793 4085 3802 4090 -

2158 4148 2322 4219 ὕδωρ,
2357 4151 2416 4203 ἐν
2444 4149 2690 4221 ἀλλήλοις
2719 4148 3172 4221 διακρατούμενα.
3218 4146 3519 4217 Σύνδεσμος
3557 4145 3613 4198 δέ
3653 4161 3736 4208 τις

2159 4241 2252 4295 καὶ
2277 4241 2564 4312 βεὸαιότης
2588 4242 2697 4296 τῶν
2725 4241 3106 4311 γεγενημένων
3135 4242 3168 4310 ἡ
3191 4239 3310 4292 θεία
3336 4239 3499 4309 τέχνη
3525 4238 3620 4292 καὶ
3647 4235 3737 4288 δύ-

2159 4349 2324 4402 ναμις
2353 4335 2417 4403 τῇ
2444 4331 2604 4402 φύσει
2638 4332 2744 4387 τῶν
2773 4331 2941 4386 ὄντων
2974 4331 3293 4401 ἐναπετέθη,
3327 4331 3541 4394 διπλαῖς
3579 4332 3736 4402 ὲνερ-

2160 4423 2334 4492 γείαις
2370 4423 2656 4494 ήνιοχοῦσα
2686 4423 2756 4477 τά
2783 4424 2977 4477 πάντα.
3012 4425 3205 4477 Στάσει
3237 4423 3346 4490 γὰρ
3387 4422 3483 4475 καὶ
3527 4422 3737 4488 κινήσει

2161 4513 2261 4584 τὴν
2285 4513 2496 4582 γένεσιν
2517 4515 2627 4577 τοῖς
2658 4514 2731 4584 μὴ
2760 4509 2900 4577 οὖσι,
2931 4513 3025 4565 καὶ
3049 4512 3146 4588 τὴν
3166 4511 3425 4581 διαμονὴν
3452 4513 3566 4574 τοῖς
3589 4505 3738 4563 οὖσιν

483 4637 723 4686 raretur.
773 4601 908 4681 Nam
944 4626 1125 4696 quiete
1161 4639 1226 4680 ac
1267 4632 1417 4678 motu
1441 4621 1694 4678 cﬂ‘ectum
1746 4628 1849 4685 est,
1880 4629 1941 4675 ut
1978 4636 2051 4677 re:

2167 4606 2575 4676 ἐμηχανήσατο,
2627 4605 2756 4676 περὶ
2810 4604 2870 4658 τὸ
2923 4603 3062 4674 βαρὺ
3113 4603 3211 4658 καὶ
3258 4602 3590 4672 ἀμετάθετον
3640 4601 3740 4669 τῆς

491 4721 724 4776 necdum
766 4719 1094 4774 exsistentes
1138 4717 1434 4775 orirentur,
1487 4721 1542 4768 et
1590 4719 1724 4767 ortae
1771 4727 2064 4767 conservae

493 4819 704 4873 rentur,
739 4823 864 4862 cum
912 4806 1058 4860 eirea
1091 4819 1180 4860 res
1231 4805 1495 4874 gravitate
1537 4801 1744 4868 ﬁrmas,
1791 4816 1855 4856 ac
1886 4809 2066 4857 motus

492 4901 674 4956 omnis
736 4906 1029 4968 expertes,
1065 4896 1230 4951 veluti
1275 4898 1422 4950 circa
1477 4893 1713 4950 solidum
1774 4893 2066 4964 quemdam

494 5007 676 5056 axem,
706 4989 1026 5046 celerrimus
1054 4987 1164 5058 poli
1205 4994 1386 5041 motus
1430 4985 1605 5040 instar
1631 4993 1766 5039 rota:
1813 4983 2066 5052 ferretur,

494 5095 551 5140 et
583 5091 771 5139 mutua
803 5082 961 5154 quasi
1013 5095 1115 5151 ope
1163 5088 1337 5135 semet
1369 5079 1484 5133 haec
1526 5086 1786 5149 perpetuo
1821 5079 2070 5134 contine-

496 5184 652 5241 rent;
681 5182 876 5229 natura
908 5188 1029 5243 qua:
1057 5172 1114 5225 in
1145 5172 1332 5227 orbem
1361 5170 1563 5241 agitur,
1594 5169 1765 5225 veloci
1795 5181 1944 5224 motu
1971 5185 2073 5226 suo

497 5275 658 5322 terra;
705 5264 1034 5320 densitatem
1079 5263 1323 5333 undique
1365 5262 1668 5332 complexa,
1720 5275 1785 5315 ac
1829 5261 2072 5317 vicissim

499 5357 663 5413 rebus
697 5356 868 5411 firmis
901 5356 1162 5426 nullaque
1198 5369 1268 5410 ex
1303 5362 1456 5424 parte
1483 5352 1830 5418 cedentibus,
1879 5353 2076 5407 immo-

503 5447 598 5502 bili
646 5445 924 5502 soliditate
950 5459 1050 5499 sua
1085 5443 1496 5500 conversionem
1519 5442 1837 5499 volubilium
1873 5461 2075 5518 auge“-

498 5539 670 5594 tibus.
725 5540 904 5609 Atque
951 5537 1039 5593 his
1085 5536 1249 5592 rebus
1307 5535 1523 5590 diversa
1571 5535 1624 5589 vi
1653 5547 1708 5590 et
1759 5537 2079 5599 eliicacitate

497 5631 767 5703 preditis,
809 5638 1019 5686 natura:
1042 5629 1295 5684 videlicet
1337 5629 1622 5692 immobili,
1662 5639 1717 5684 et
1738 5631 1893 5686 alteri
1925 5635 2080 5703 quie-

502 5726 576 5780 tis
601 5723 835 5794 experti,
876 5737 976 5792 par
1003 5722 1224 5792 quidem
1257 5721 1398 5776 inest
1444 5731 1734 5792 utramque
1776 5723 1829 5776 in
1867 5733 2076 5791 partem

503 5835 785 5878 excessus.
809 5820 942 5877 Nam
968 5832 1143 5875 neque
1169 5825 1314 5873 terra
1339 5833 1580 5888 unquam
1607 5835 1634 5872 a
1657 5817 1954 5874 stabilitate
1980 5835 2078 5874 sua

2167 4698 2424 4766 ἀκινήτου
2464 4695 2707 4766 φύσεως,
2735 4691 2846 4749 οόν
2885 4695 3012 4766 περί
3049 4711 3172 4747 τινα
3199 4695 3395 4760 πάγιον
3421 4691 3607 4758 ἄξονα,
3642 4693 3742 4762 τὴν

2167 4788 2430 4858 ὀξυτάτην
2460 4786 2554 4840 τοῦ
2585 4787 2750 4840 πόλου
2783 4787 2998 4857 κίνησιν
3049 4785 3246 4858 τροχοῦ
3276 4785 3432 4856 δίκην
3467 4785 3525 4838 ἐν
3559 4783 3743 4853 κύκλῳ

2169 4878 2628 4950 περιελαύνουσα,
2661 4878 2756 4932 καὶ
2791 4877 2859 4932 δι’
2892 4878 3140 4949 ἀλλήλων
3176 4877 3508 4948 ἀμφοτέροις
3553 4892 3745 4945 συντη-

2173 4972 2342 5045 ροῦσα
2373 4971 2436 5025 τὺ
2467 4971 2746 5026 ἀδιάλυτον
2765 4989 2778 5001 ·
2817 4969 2914 5041 τῆς
2937 4987 2998 5022 τε
3027 4968 3534 5039 κυκλοφορουμένης
3561 4967 3746 5030 οὐσίας

2176 5063 2264 5117 διὰ
2291 5062 2389 5133 τῆς
2423 5061 2599 5127 ὀξείας
2631 5062 2896 5133 κινήσεως
2917 5061 2980 5114 τὸ
3002 5059 3194 5113 ναστὸν
3222 5059 3318 5128 τῆς
3351 5059 3453 5128 γῆς
3481 5059 3538 5110 ἐν
3565 5056 3749 5126 κύκλῳ

2179 5155 2643 5229 περισφιγγούσης
2664 5194 2680 5220 ,
2717 5153 2812 5208 τοῦ
2862 5170 2924 5206 τε
2959 5151 3187 5222 στερῥοῦ
3218 5151 3314 5205 καὶ
3345 5149 3626 5204 ἀνενδότου
3663 5149 3750 5202 διά

2176 5250 2275 5320 τῆς
2301 5247 2636 5321 ἀμεταθέτου
2662 5245 2991 5316 παγιότητος
3013 5243 3370 5306 ἀδιαλείπτως
3393 5241 3752 5303 ἐπιτείνοντος

2175 5344 2284 5398 τῶν
2320 5343 2446 5415 περὶ
2488 5341 2658 5414 αὐτὴν
2698 5339 3083 5410 κυκλουμένων
3129 5336 3229 5408 τὴν
3266 5336 3494 5406 δίνησιν.
3539 5336 3659 5404 ἰση
3693 5333 3752 5386 δέ

2178 5436 2298 5490 καθ’
2343 5435 2598 5504 ἑκάτερον
2646 5431 2755 5485 τῶν
2803 5433 2923 5496 ταῖς
2974 5429 3272 5501 ἐνεργείαις
3313 5426 3672 5498 διεστηκότων
3720 5426 3753 5493 ἡ

2183 5527 2454 5600 ὑπερϐολὴ
2479 5525 2901 5597 ὲναπειργάσθη,
2926 5526 2995 5595 τῇ
3022 5541 3082 5577 τε
3105 5523 3353 5593 στασίμῳ
3381 5520 3538 5589 φύσει
3565 5519 3660 5573 καὶ
3685 5521 3752 5588 τῇ

2184 5621 2400 5688 ἀστάτῳ
2430 5619 2722 5690 περιφορᾷ.
2761 5616 2896 5670 υῦτε
2926 5616 3033 5687 γὰρ
3061 5617 3095 5686 ἠ
3131 5615 3200 5685 γῆ
3243 5615 3344 5683 τῆς
3375 5612 3506 5676 ἰδίας
3547 5609 3755 5680 βάσεως

2189 5712 2563 5780 μετατίθεται,
2597 5709 2721 5763 οὕτε
2753 5710 2782 5761 ὀ
2823 5708 3050 5778 οὐρανός
3091 5724 3222 5760 ποτε
3262 5707 3324 5758 τὸ
3364 5703 3590 5774 σφοδρὸν
3622 5701 3756 5756 ἐνδί-

2187 5806 2317 5859 δωσι
2343 5805 2434 5858 καὶ
2458 5801 2702 5872 ύποχαλᾷ
2726 5801 2822 5870 τῆς
2852 5800 3133 5870 κινήσεως.
3159 5797 3343 5852 Ταῦτα
3365 5795 3420 5850 δὲ
3447 5795 3539 5848 καί⁵
3567 5791 3758 5866 πρῶτα
