4046 6350
332 281 435 339 l2!)

1546 289 1631 342 DE
1672 290 1952 347 IIOMINIS
1990 294 2301 353 OPlFlCIO.

3487 301 3586 358 130

326 403 470 457 κατά
500 404 597 476 τὴν
626 404 720 458 τοῦ
757 407 1117 479 πεποιηκότος
1152 408 1362 477 σοφίαν,
1391 402 1501 461 οἶόν
1530 427 1614 473 τις
1637 410 1777 482 ἀρχὴ
1806 411 1902 464 τοῦ

2008 414 2269 472 dimoveri
2314 426 2522 488 potest;
2560 432 2737 487 neque
2771 416 2969 471 cmlum
3018 415 3084 471 de
3115 416 3433 471 vehemente
3475 436 3583 471 nui-

295 497 527 576 ὲπαντὸς
576 501 966 570 μηχανήματος
1005 501 1521 573 προκατεσκευάσθη
1565 502 1673 555 τῶν
1713 502 1902 564 όντων,

320 585 642 652 δεικνύντος,
679 584 855 659 οἶμαι,
889 590 980 643 τοῦ
1032 591 1265 661 μεγάλου
1313 592 1556 655 Μωσέως
1595 592 1682 644 διά
1708 591 1803 645 τοῦ
1844 593 1903 644 ἐν

319 676 463 747 ἀρχῇ
497 678 587 730 τὸν
626 680 853 749 οὐρανὸν
883 681 977 734 καὶ
1021 682 1119 753 τὴν
1149 682 1253 751 γῆν
1279 682 1427 751 παρά
1456 682 1549 735 τοῦ
1580 682 1713 735 Θεοῦ
1743 699 1905 750 γεγε-

320 768 517 837 νῆσθαι
544 771 750 833 εἰπεῖν,
786 772 867 824 ὅτι
910 771 1174 842 κινήσεώς
1201 790 1262 825 τε
1292 774 1385 826 καὶ
1422 774 1661 837 στάσεως
1705 774 1901 842 ἔκγονα

318 860 389 913 τά
416 864 474 913 ἐν
502 864 568 933 τῇ
604 863 779 916 κτίσει
815 864 1112 933 φαινόμενα
1147 866 1352 928 πάντα,
1386 866 1455 919 τὰ
1489 867 1629 920 κατά
1658 867 1719 919 τὸ
1762 868 1902 921 θεῖον

320 950 570 1022 βούλημα
602 954 951 1024 παραχθέντα
995 956 1074 1019 είς
1109 955 1341 1023 γένεσιν.
1387 955 1493 1008 Τοῦ
1531 956 1709 1011 τοίνυν
1734 957 1899 1029 οὐρα-

318 1042 411 1095 νοῦ
446 1045 539 1097 καὶ
565 1048 662 1115 τῆς
698 1046 802 1115 γῆς
832 1046 896 1099 ἐκ
927 1046 1217 1118 διαμέτρου
1263 1048 1398 1117 πρδς
1427 1048 1630 1118 ἄλληλα
1668 1048 1810 1102 κατὰ
1840 1050 1901 1103 τὸ

317 1135 559 1188 ἐναντίον
592 1136 688 1205 τῆς
729 1137 1006 1206 ἐνεργείας
1046 1136 1423 1205 διεστηκότων,
1461 1139 1493 1207 ἡ
1539 1137 1742 1208 μεταξὺ
1783 1139 1899 1192 τῶν

317 1228 573 1279 ἐναντίων
612 1228 788 1291 κτίσις
828 1230 885 1279 ἐν
939 1228 1095 1299 μέρει
1135 1228 1243 1280 τῶν
1301 1230 1718 1301 παρακειμένων
1770 1247 1899 1300 μετ-

316 1318 536 1386 έχουσα,
563 1318 628 1369 δι’
652 1320 852 1390 ἑαυτῆς
877 1318 1147 1389 μεσιτεύει
1163 1322 1275 1382 τοῖς
1295 1321 1503 1390 ἄκροις,
1528 1322 1603 1385 ὡς
1626 1322 1691 1375 ἂν
1713 1321 1899 1392 ἐπίδη-

316 1408 408 1460 λον
436 1410 686 1476 γενέσθαι
722 1413 822 1480 τὴν
852 1411 989 1481 πρὸς
1017 1410 1220 1482 ἄλληλα
1264 1412 1370 1465 τῶν
1399 1414 1659 1467 ἐναντίων
1688 1413 1775 1467 διὰ
1802 1414 1896 1467 τοῦ

318 1501 487 1569 μέσου
519 1503 833 1569 συνάφειαν.
875 1504 947 1555 Τὸ
978 1504 1086 1575 γὰρ
1120 1505 1427 1575 ἀεικίνητον
1456 1508 1547 1558 καὶ
1575 1506 1770 1559 λεπτὸν
1797 1508 1899 1577 τῆς

314 1592 600 1661 πυρώδους
626 1595 811 1658 οὐσίας
848 1598 1092 1666 μιμεῖται
1132 1598 1229 1667 μέν
1262 1614 1379 1661 πως
1418 1598 1446 1650 ὁ
1476 1598 1602 1670 ἀὴρ,
1637 1599 1695 1651 ἐν
1730 1616 1787 1651 τε
1816 1598 1897 1669 τῷ

315 1685 505 1756 κούφῳ
543 1687 640 1757 τῆς
668 1688 881 1755 φύσεως
916 1689 1011 1741 καὶ
1038 1688 1116 1759 τῷ
1150 1690 1285 1760 πρὸς
1312 1690 1408 1760 τὴν
1454 1691 1666 1761 κίνησιν
1710 1692 1897 1761 ἐπιτη-

2011 512 2100 559 tus
2127 506 2329 576 impetu
2366 508 2664 578 quidquam
2706 506 2950 562 remittit.
2986 505 3109 559 llaec
3141 507 3311 575 prima
3346 508 3588 562 omnium

2010 598 2271 652 exstitere
2306 600 2359 653 in
2394 608 2515 652 ortu
2555 614 2759 661 rerum,
2795 600 3009 652 volente
3032 596 3296 651 creatoris
3322 599 3588 667 sapientia

2009 706 2132 745 esse
2152 707 2213 745 ea
2268 693 2540 761 quoddam
2578 692 2791 745 initium
2840 690 3038 761 opiﬁcii
3088 693 3194 745 sui.
3234 690 3418 760 Itaque
3474 707 3588 745 ma-

2008 798 2172 852 gnum
2211 782 2361 836 illiilli
2403 783 2611 845 Mosen,
2651 799 2774 838 cum
2819 785 2895 837 ait
2931 783 3087 837 initio
3129 783 3326 837 coelum
3358 800 3421 838 ac
3476 793 3591 837 ter-

2009 887 2123 926 ram
2162 871 2326 926 Deum
2366 874 2697 937 condidisse,
2756 872 2862 927 hoc
2910 872 3153 926 indicare
3197 872 3436 926 voluisse
3474 874 3590 925 exi-

2010 962 2175 1016 Stimo
2210 980 2223 1015 :
2257 978 2345 1017 res
2385 963 2693 1026 universas,
2725 978 2846 1032 qua:
2877 962 3018 1015 inter
3046 970 3228 1016 creata
3263 972 3585 1025 cernuntur,

2007 1049 2182 1118 deque
2241 1050 2518 1105 voluntate
2578 1067 2642 1105 ac
2694 1054 2961 1105 sententia
3027 1050 3119 1105 Dei
3169 1063 3369 1105 exorta:
3422 1060 3585 1116 sunt,

2006 1154 2035 1191 a
2072 1151 2219 1193 motu
2254 1150 2301 1194 et
2347 1143 2529 1210 quiete
2575 1141 2847 1211 profectas
2894 1158 3037 1197 csse.
3073 1142 3248 1212 Atque
3295 1144 3397 1196 hoc.
3428 1154 3588 1213 pacto

2006 1231 2147 1285 caelo
2197 1240 2249 1284 et
2285 1239 2427 1285 terra
2459 1248 2525 1286 ex
2572 1232 2838 1286 diametro
2882 1233 3023 1286 inter
3056 1248 3115 1287 se
3142 1233 3421 1286 contraria
3457 1232 3588 1287 all‘e—

2005 1322 2188 1375 etione
2215 1322 2634 1387 dissidentibus,
2668 1331 2849 1378 creata
2889 1333 3104 1386 caetera,
3138 1339 3260 1393 qum
3288 1323 3375 1379 his
3416 1324 3581 1377 inter-

2000 1412 2141 1480 jecta
2172 1423 2323 1475 sunt,
2360 1428 2483 1465 cum
2527 1414 2774 1467 nonnihil
2807 1429 2930 1467 cum
2965 1415 3128 1467 rebus
3170 1414 3273 1468 sibi
3314 1413 3586 1483 contiguis

2004 1522 2297 1561 conmmne
2332 1508 2586 1569 habeant,
2630 1508 2771 1562 inter
2796 1516 3037 1561 extrema
3088 1507 3178 1560 illa
3219 1516 3392 1561 semet
3424 1508 3582 1575 quasi

2004 1598 2380 1669 interponunt,
2430 1608 2489 1652 ut
2539 1600 2696 1653 facile
2746 1607 3004 1669 appareat
3052 1614 3159 1667 quo
3194 1607 3352 1667 pacto
3386 1614 3480 1668 per
3521 1614 3582 1653 ea

2003 1702 2125 1754 qua:
2185 1688 2362 1740 media
2416 1690 2557 1741 inter
2618 1687 2733 1742 haec
2772 1688 3107 1748 consistunt,
3148 1703 3234 1741 res
3289 1690 3581 1755 caeteroqui

311 1778 468 1841 δείως
492 1777 654 1847 ἔχειν.
684 1780 758 1833 Οὐ
786 1781 891 1850 μὴν
920 1781 1159 1846 τοιοῦτός
1195 1785 1361 1847 ἐστιν,
1401 1777 1512 1847 οἷος
1539 1785 1636 1855 τῆς
1665 1784 1801 1855 πρὸς
1825 1786 1894 1838 τά

2008 1776 2327 1832 dissidentes
2394 1787 2585 1831 mutuo
2628 1785 3044 1831 eonnectantur.
3092 1775 3227 1830 Nam
3285 1792 3379 1831 aer
3423 1778 3585 1830 modo

314 1871 489 1936 πάγια
539 1872 859 1939 συγγενείας
910 1872 1355 1943 ἀλλοτριούσθαι,
1406 1873 1529 1926 οὕτε
1578 1873 1664 1927 ἀεὶ
1719 1874 1895 1944 μένων

312 1964 585 2033 ἀκίνητος,
621 1964 745 2018 οὔτε
793 1965 1084 2029 διαπαντὸς
1123 1967 1261 2037 ῥέων
1295 1967 1388 2020 καὶ
1435 1966 1853 2037 σκεδαννύμενος
1877 1984 1893 1999 ·

312 2052 452 2105 ἀλλά
470 2056 535 2123 τῇ
551 2053 684 2124 πρὸς
702 2054 787 2106 ἓτε
796 2072 889 2125 ρον
900 2056 1189 2125 οἰκειότητι
1212 2052 1321 2109 οἷόν
1342 2074 1393 2108 τι
1414 2056 1661 2127 μεθόριον
1672 2057 1769 2127 τῆς
1789 2056 1897 2109 τῶν

312 2143 606 2213 ἐνεργειῶν
631 2145 1001 2216 ἐναντιότητος
1031 2146 1258 2213 γίνεται,
1280 2146 1473 2214 μιγνὺς
1501 2147 1616 2216 ἅμα
1646 2147 1740 2199 καὶ
1759 2147 1896 2199 διαι-

317 2234 425 2303 ρῶν
437 2236 494 2286 ἐν
510 2234 659 2304 αὐτῷ
669 2236 737 2289 τὰ
746 2236 1003 2289 διεστῶτα
1016 2240 1080 2308 τῇ
1097 2238 1271 2305 φύσει.
1282 2236 1429 2290 Κατά
1440 2238 1530 2291 τὸν
1544 2238 1701 2290 αὑτὸν
1716 2237 1895 2305 λόγον,

316 2327 415 2379 καὶ
437 2328 469 2397 ἡ
501 2328 643 2397 ὑγρὰ
669 2328 823 2381 οὐσία
844 2328 1054 2391 διπλαῖς
1078 2330 1319 2399 ποιότησι
1343 2331 1479 2401 πρὸς
1501 2330 1757 2402 ἑκάτερον
1786 2328 1896 2382 τῶν

314 2419 575 2470 ἐναντίων
606 2420 925 2490 ἁρμόζεται.
953 2419 1043 2489 Τῷ
1081 2421 1177 2491 μὲν
1194 2421 1301 2491 γὰρ
1322 2421 1512 2492 βαρεῖά
1532 2439 1591 2475 τε
1614 2423 1704 2475 xai
1718 2438 1895 2474 κατω-

315 2503 862 2579 φερὴςεῐναι,πολλὴν
877 2510 1013 2579 πρὸς
1023 2510 1082 2563 τὸ
1097 2511 1295 2578 γεῶδες
1306 2512 1403 2582 τὴν
1421 2513 1738 2581 συγγένειαν
1756 2512 1842 2581 ἔχε
1853 2529 1888 2565 ι.

2004 1867 2241 1938 quodam
2312 1869 2671 1921 mobilitatem
2716 1876 3055 1938 perpetuam,
3117 1867 3585 1936 subtilitatemque

2005 1961 2179 2031 igneae
2216 1969 2427 2016 natura:
2466 1963 2728 2015 imitatur.
2771 1961 2863 2016 Est
2905 1962 3049 2014 enim
3081 1968 3135 2015 et
3167 1960 3381 2014 levitate
3420 1968 3582 2013 natu-

2000 2053 2100 2105 rali
2133 2053 2419 2122 praeditus,
2453 2064 2506 2107 et
2544 2053 2610 2107 ad
2655 2062 2860 2107 motum
2898 2054 3180 2123 aptissime
3207 2062 3580 2122 comparatus.

2000 2140 2186 2211 Neque
2224 2152 2404 2197 tamen
2436 2144 2643 2199 ideirco
2674 2146 2832 2214 plane
2878 2152 2960 2199 est
2991 2144 3058 2197 ab
3096 2142 3581 2197 omni‘solidorum

2001 2234 2324 2301 cognatione
2369 2235 2613 2295 alienus,
2661 2251 2784 2289 nam
2828 2243 2885 2288 ut
2917 2250 3131 2304 semper
3171 2243 3349 2288 motus
3389 2250 3585 2304 expets

2000 2339 2109 2377 non
2141 2334 2260 2389 est,
2298 2326 2368 2379 ita
2406 2342 2621 2396 semper
2651 2327 2814 2381 etiam
2860 2343 2967 2381 non
3006 2326 3120 2381 fluit
3160 2336 3253 2382 aut
3286 2328 3583 2397 spargitur,

1998 2415 2093 2468 sed
2144 2417 2201 2470 ﬁt
2230 2419 2463 2487 quadam
2501 2418 2566 2471 ad
2615 2427 2908 2487 utrumque
2950 2420 3296 2489 cognatione,
3334 2427 3394 2473 ut
3444 2419 3587 2472 inter

1995 2526 2085 2565 res
2122 2509 2500 2565 eﬂ‘ectionibus
2532 2510 2763 2565 diversis
2798 2510 3149 2565 adversantes
3193 2510 3296 2565 sibi
3337 2511 3581 2581 quidam,

316 2602 473 2671 quasi
521 2601 676 2657 limes
724 2604 822 2668 sit;
863 2612 1028 2674 atque
1071 2606 1207 2659 adeo
1264 2616 1461 2661 natura
1515 2610 1655 2662 inter
1711 2624 1770 2663 se
1804 2609 2125 2664 dissidentia
2160 2622 2283 2660 eum
2317 2605 2619 2669 consociet,
2662 2612 2777 2658 tum
2831 2616 3099 2659 secernat.
3160 2604 3362 2659 Eodem
3425 2607 3586 2659 modo

315 2704 371 2750 et
404 2697 602 2750 humor
629 2697 831 2769 duplici
860 2700 1124 2769 qualitate
1154 2702 1218 2755 ad
1252 2711 1543 2773 utrumque
1598 2704 1793 2758 horum
1851 2702 2257 2758 adversantium
2312 2709 2575 2769 perpetuo
2639 2699 2742 2754 sibi
2804 2709 2975 2753 semet
3018 2698 3414 2754 accommodat.
3450 2696 3584 2753 Nam
3683 2704 3691 2710 '

319 2810 427 2848 non
453 2794 646 2864 exigua
678 2810 801 2848 cum
834 2804 979 2849 terra
1008 2799 1331 2867 cognatione
1362 2809 1597 2861 tenetur,
1641 2815 1748 2870 qua
1783 2800 1965 2870 gravis
2002 2807 2111 2861 est,
2142 2805 2196 2851 et
2230 2811 2336 2867 qua
2372 2797 2628 2850 deorsum
2662 2794 2854 2850 fertur.

390 2886 482 2957 Τῷ
535 2887 593 2941 δὲ
649 2890 896 2959 μετέχειν
942 2891 1174 2961 ροώδους
1218 2893 1363 2956 τινὸς
1418 2896 1512 2947 καὶ
1574 2895 1903 2966 πορευτικῆς

321 2980 642 3048 ἐνεργείας,
695 2983 755 3034 οὐ
793 2983 969 3055 πάντη
1022 2984 1123 3055 τῆς
1180 2986 1502 3056 κινουμένης
1548 2987 1902 3058 ἠλλοτρίωται

2079 2894 2347 2947 Czeterum
2376 2906 2483 2962 qua
2520 2890 2680 2945 etiam
2728 2888 2953 2943 fluidum
3006 2888 3263 2958 quiddam
3309 2890 3358 2945 ei
3420 2889 3585 2950 inest,

2007 2988 2199 3057 visque
2232 2984 2577 3056 permeabilis
2609 3000 2625 3038 :
2659 2998 2766 3036 non
2804 2998 3032 3051 prorsus
3067 2997 3095 3035 a
3129 2982 3294 3037 rebus
3332 2983 3421 3046 iis,
3467 3000 3589 3054 qua-

324 3072 570 3139 φύσεως,
626 3072 761 3127 ἀλλά
791 3076 875 3137 τίς
921 3077 1038 3128 ἐστι
1096 3078 1189 3129 καὶ
1231 3077 1320 3130 διά
1369 3079 1558 3131 τούτου
1600 3080 1742 3149 μίξις
1794 3080 1902 3135 τῶν

2008 3094 2095 3133 res
2151 3086 2412 3147 perpetuo
2472 3084 2797 3137 moventur,
2864 3074 3077 3143 sejungi
3129 3082 3343 3144 potest;
3404 3076 3589 3145 itaque

322 3161 581 3213 ἐναντίων
630 3162 722 3213 καὶ
767 3162 1003 3227 σύνοδος,
1044 3166 1142 3236 τῆς
1170 3184 1228 3218 τε
1257 3166 1555 3238 βαρύτητος
1582 3171 1659 3232 είς
1690 3168 1901 3239 κίνησιν

327 3252 733 3323 μετατεθείσης,
788 3255 1023 3325 καὶτῆς
1077 3259 1341 3329 κινήσεως
1391 3260 1553 3331 ἐντῷ
1612 3259 1765 3331 βάρει
1828 3259 1902 3332 μὴ

326 3344 689 3415 πεδηθείσης,
748 3346 890 3400 ὥστε
964 3348 1282 3419 συμϐαίνειν
1360 3352 1497 3422 πρὸς
1566 3353 1767 3423 ἄλληλα
1836 3352 1903 3406 τὰ

325 3438 468 3491 κατά
512 3439 572 3491 τὸ
615 3440 919 3513 ἀκρότατον
971 3445 1037 3513 τῇ
1091 3444 1251 3511 φύσει
1298 3445 1617 3516 διεστηκότα
1664 3446 1751 3500 διὰ
1794 3446 1903 3498 τῶν

331 3532 721 3599 μεσιτευόντων
743 3532 990 3605 ἀλλήλοις
1018 3535 1302 3606 ἐνούμενα.
1330 3538 1545 3591 Μᾶλλον
1570 3540 1625 3592 δὲ
1649 3538 1787 3592 κατὰ
1813 3540 1903 3593 τὸν

326 3622 528 3692 ἀκριϐῆ
564 3622 719 3692 λόγον
750 3624 869 3677 οὐδὲ
898 3626 1036 3696 αὐτὴ
1084 3627 1191 3679 τῶν
1227 3629 1617 3699 ἀντικειμένων
1655 3632 1687 3701 ή
1743 3630 1905 3700 φύσις

327 3712 574 3781 ἀμίκτως
598 3714 770 3782 πάντη
804 3714 939 3786 πρὸς
961 3716 1058 3787 τὴν
1097 3717 1290 3787 ἑτέραν
1316 3722 1429 3781 τοῖς
1462 3718 1745 3789 ίδιώμασιν
1771 3721 1903 3791 ἔχει,

323 3803 404 3866 ὡς
440 3804 524 3869 ἀν,
553 3799 704 3875 οἶμαι
722 3848 735 3871 ,
766 3808 941 3859 πάντα
970 3808 1106 3878 πρὸς
1130 3809 1333 3881 ἄλληλα
1375 3810 1519 3863 νεύοι
1547 3811 1617 3863 τὰ
1648 3812 1789 3865 κατὰ
1815 3813 1906 3865 τὸν

326 3897 531 3967 κόσμον
562 3900 863 3969 φαινόμενα
884 3940 898 3963 ,
924 3899 1018 3953 καὶ
1043 3901 1304 3971 ξυμπνέοι
1340 3904 1475 3974 πρὸς
1506 3904 1703 3975 ἑαυτὴν
1731 3906 1764 3976 ἡ
1791 3905 1909 3957 aut.

327 4004 414 4051 σις
495 3990 553 4042 ἐν
624 3993 736 4053 τοῖς
808 3990 919 4043 τῶν
995 3993 1385 4063 ἀντικειμένων
1465 3995 1747 4066 ἰδιώμασιν
1817 3997 1908 4048 εὑ-

328 4081 648 4152 ρισκομένη.
696 4082 809 4152 Τῆς
840 4082 949 4154 γάρ
995 4087 1262 4153 κινήσεως
1304 4086 1364 4138 οὐ
1420 4086 1578 4155 μόνον
1628 4087 1767 4140 κατά
1813 4086 1909 4158 τὴν

324 4172 554 4243 τοπικὴν
603 4174 932 4241 μετάστασιν
982 4177 1296 4247 νοουμένης.
1332 4179 1467 4231 ἀλλά
1509 4181 1601 4232 καὶ
1635 4182 1693 4232 ἐν
1734 4182 1907 4251 τροπῇ

326 4264 422 4314 καὶ
482 4264 761 4317 ἀλλοιώσει
831 4266 1243 4340 θεωρουμένης·
1313 4270 1475 4324 πάλιν
1537 4271 1582 4323 δ’
1650 4267 1749 4337 αὖ,
1810 4274 1910 4344 τῆς

327 4355 659 4423 ἀμεταθέτου
726 4356 940 4424 φύσεως
980 4360 1079 4429 τὴν
1114 4360 1253 4413 κατά
1286 4361 1347 4433 τὸ
1382 4362 1722 4416 ἀλλοιοῦσθαι
1756 4365 1908 4435 κίνη-

2001 3179 2056 3223 et
2102 3169 2157 3223 in
2202 3168 2431 3222 humore
2482 3167 2595 3221 haec
2630 3170 2909 3220 contraria
2942 3167 3086 3220 inter
3145 3182 3205 3221 se
3261 3168 3585 3222 consocian-

2001 3269 2123 3328 tur,
2161 3269 2215 3317 et
2271 3262 2428 3330 quasi
2474 3268 2707 3323 coeunt,
2753 3275 2876 3312 cum
2927 3258 3071 3328 quod
3126 3274 3291 3329 grave
3337 3266 3421 3313 est
3471 3275 3586 3313 mo-

2003 3361 2116 3406 tum
2161 3352 2411 3421 recipiat,
2460 3360 2513 3405 et
2559 3357 2749 3404 contra
2796 3358 2977 3405 motus
3022 3366 3051 3403 a
3082 3349 3320 3419 p0ndere
3347 3366 3454 3405 non
3488 3352 3589 3404 im-

2004 3444 2272 3513 pediatur.
2322 3442 2435 3496 Hoc
2486 3441 2622 3496 adeo
2668 3448 2827 3511 pacto
2876 3453 3070 3494 natura
3110 3441 3357 3509 partibus
3400 3449 3585 3495 extre»

2007 3535 2114 3591 mis
2160 3534 2508 3595 dissidentia,
2558 3550 2652 3605 per
2702 3548 2765 3588 ea
2815 3549 2938 3602 quae
2979 3532 3217 3586 medium
3268 3533 3409 3587 inter
3470 3535 3591 3602 ipsa

2005 3625 2187 3680 locum
2235 3624 2500 3685 obtinent,
2530 3624 2961 3693 coniunguntur.
2993 3622 3058 3676 Et
3085 3638 3213 3677 vero
3248 3624 3291 3677 si
3325 3634 3595 3678 accurate

2006 3733 2119 3772 rem
2152 3716 2553 3778 existimemus,
2592 3715 2999 3770 adversantium
3036 3715 3139 3770 sibi
3175 3723 3390 3777 natura,
3422 3716 3591 3769 etiam

2008 3810 2229 3880 propria
2256 3807 2437 3878 quoad
2486 3807 2825 3876 singulorum
2860 3808 3122 3862 attributa
3158 3809 3372 3868 attinet,
3421 3807 3587 3876 quid—

2006 3903 2130 3957 dam
2169 3904 2313 3954 inter
2341 3916 2401 3955 se
2441 3915 2731 3954 commune
2780 3899 2980 3954 habet:
3032 3914 3150 3952 eam
3206 3899 3463 3952 nimirum
3517 3898 3593 3951 ob

2008 4008 2258 4055 causam,
2287 4003 2344 4045 ut
2374 3992 2611 4046 arbitror
2647 3990 2790 4060 quod
2823 4006 2910 4045 res
2946 3990 3049 4045 hoc
3107 3990 3159 4044 in
3204 3990 3411 4043 inundo
3462 3992 3588 4043 uni-

2009 4101 2182 4140 versae
2228 4085 2293 4137 ad
2344 4091 2590 4136 mutuam
2639 4082 2935 4153 quamdam
2985 4082 3336 4137 concordiam
3393 4091 3589 4134 natura

2009 4175 2321 4229 ducantur:
2373 4182 2428 4226 et
2476 4188 2597 4241 qum
2633 4172 2929 4226 atlributis
2989 4172 3225 4241 propriis
3280 4187 3594 4239 repugnare

2011 4265 2114 4319 sibi
2170 4271 2352 4317 creata
2410 4262 2714 4319 sentimus.
2765 4262 2955 4316 eadem
3015 4260 3258 4315 vicissim
3325 4262 3469 4315 inter
3528 4278 3592 4316 se

2013 4355 2359 4424 conspirent.
2424 4352 2557 4406 Nam
2611 4368 2735 4406 eum
2788 4368 2893 4406 non
2948 4368 3053 4406 una
3114 4351 3226 4406 ha‘c
3282 4363 3464 4407 motus
3516 4355 3590 4408 sit

330 4463 415 4498 σιν
469 4447 527 4499 οὐ
577 4449 971 4520 προσιεμένης·
1020 4450 1353 4515 ἐναλλάξασα
1403 4454 1500 4515 τὰς
1555 4454 1819 4525 ἰδιότητας
1873 4458 1904 4525 ἠ

2015 4448 2247 4517 species,
2278 4461 2403 4499 cum
2449 4444 2576 4515 quid
2620 4444 2842 4498 deloco
2890 4447 2955 4497 ad
3006 4445 3181 4498 locum
3219 4446 3584 4511 transfertur;

327 4536 422 4590 τοῦ
464 4538 597 4592 Θεοῦ
645 4541 825 4607 σοφία,
863 4540 941 4609 τῷ
975 4541 1070 4610 μὲν
1105 4542 1395 4613 ἀεικινήτῳ
1428 4544 1489 4596 τὸ
1521 4544 1805 4614 ἄτρεπτον,
1834 4545 1913 4615 τῷ

326 4631 386 4683 δὲ
431 4632 670 4702 ἀκινήτῳ
719 4633 818 4702 τὴν
866 4634 1073 4704 τροπὴν
1118 4635 1421 4704 ἐνεποίησε,
1469 4637 1775 4708 προμηθείᾳ
1810 4640 1913 4691 τινὶ

328 4723 466 4791 τάχα
510 4724 571 4774 τὸ
617 4722 857 4775 τοιοῦτον
902 4725 1324 4795 οἱκονομήσασα,
1367 4725 1443 4788 ὡς
1480 4724 1546 4779 ἂν
1592 4727 1665 4796 μὴ
1719 4727 1779 4779 τὸ
1816 4727 1914 4795 τῆς

330 4813 545 4882 φύσεως
578 4814 729 4877 ἴδιον,
762 4815 898 4885 ὅπερ
940 4815 1056 4867 ἐστὶ
1096 4816 1156 4868 τὸ
1204 4816 1468 4885 ἀτρεπτόν
1496 4834 1553 4870 τε
1589 4819 1681 4871 καὶ
1708 4819 1915 4888 ἀμετά-

330 4902 502 4968 θετον,
534 4903 625 4955 ἐπί
657 4920 799 4966 τινος
842 4904 951 4956 τῶν
998 4905 1140 4958 κατά
1186 4907 1286 4977 τὴν
1332 4906 1507 4959 κτίσιν
1548 4906 1910 4976 βλεπομένων,

330 4990 461 5043 θεὸν
506 4992 820 5060 νομίζεσθαι
859 4992 920 5044 τὸ
964 4994 1169 5063 κτίσμα
1221 4996 1515 5064 ποιήσειεν.
1562 4997 1633 5049 Οὐ
1687 4996 1794 5066 γὰρ
1836 4997 1915 5049 ἔτι

333 5077 581 5151 θεότητος
628 5081 893 5150 ὑπόληψιν
954 5084 1142 5153 σχοίη,
1198 5085 1333 5156 ὅπερ
1392 5085 1458 5139 ἂν
1514 5087 1827 5157 κινούμενον
1877 5088 1911 5160 ἦ

334 5170 707 5242 ἀλλοιούμενον
748 5173 905 5245 τύχῃ.
962 5176 1061 5229 Διὰ
1110 5176 1267 5230 τοῦτο
1313 5180 1346 5248 ἡ
1401 5179 1498 5249 μὲν
1541 5181 1611 5250 γῆ
1655 5179 1915 5249 στάσιμός

333 5263 469 5327 ἐστι,
515 5266 607 5317 καὶ
645 5266 745 5319 οὐκ
788 5268 1081 5339 ἄτρεπτος·
1116 5270 1145 5321 ὁ
1186 5270 1242 5323 δὲ
1272 5271 1499 5343 οὐρανὸς
1538 5271 1631 5326 τοῦ
1674 5272 1913 5326 ἐναντίου

332 5355 392 5407 τὸ
423 5357 656 5426 τρεπτδν
682 5360 781 5411 οὐκ
810 5358 967 5430 ἔχων,
1002 5362 1119 5415 οὐδὲ
1155 5365 1413 5434 στάσιμον
1443 5364 1575 5435 ἔχει,
1607 5365 1693 5418 ἴνα
1718 5367 1782 5435 τῇ
1818 5365 1916 5435 μὲν

334 5447 492 5514 φύσει
523 5449 735 5522 ἑστώσῃ
767 5452 866 5521 τὴν
907 5454 1134 5524 τροπὴν,
1166 5458 1231 5525 τῇ
1266 5455 1321 5508 δὲ
1364 5456 1439 5527 μὴ
1476 5457 1787 5530 τρεπομένῃ
1818 5457 1916 5529 τὴν

335 5540 609 5613 κίνησινή
647 5542 766 5596 θεία
811 5545 1163 5615 συμπλέξασα
1205 5545 1452 5617 δύναμις,
1511 5549 1605 5602 καὶ
1660 5550 1915 5620 ἀλλήλαις

333 5634 645 5704 ἀμφοτέρας
704 5638 769 5705 τῇ
826 5636 1101 5701 ἐναλλάξει
1172 5637 1281 5691 τῶν
1343 5640 1645 5711 ἰδιωμάτων
1702 5662 1916 5715 προσοι-

587 5728 679 5781 xci
706 5727 806 5798 τῆς
837 5730 962 5801 περὶ
996 5730 1055 5782 τὸ
1087 5729 1227 5783 θεῖον
1264 5730 1580 5803 ὑπολήψεως
1625 5735 1913 5808 ἀλλοτριὼ-

2014 4554 2203 4593 verum
2232 4538 2401 4592 etiam
2441 4552 2565 4590 cum
2597 4536 2728 4604 quid
2762 4535 2842 4589 vel
2884 4544 3151 4596 mutatur,
3188 4536 3271 4589 vel
3308 4537 3587 4589 converti-

2015 4641 2142 4699 tur;
2194 4640 2391 4686 natura
2433 4646 2598 4700 porro
2685 4629 3155 4682 incommutabilis
3231 4644 3350 4683 eam
3405 4638 3592 4683 motus

2015 4724 2275 4795 speciem,
2299 4738 2405 4793 qua
2446 4722 2576 4791 quid
2603 4731 2865 4782 mutatur,
2910 4738 3016 4774 nnn
3058 4721 3311 4773 adrrittat
3340 4739 3353 4784 ;
3382 4721 3591 4774 idcirco

2015 4819 2198 4872 divina
2249 4815 2519 4885 sapientia
2570 4814 2896 4884 permutatis
2942 4814 3202 4881 utrinque
3242 4814 3589 4883 proprietati-

2016 4912 2138 4969 bus.
2173 4919 2425 4963 naturam
2466 4924 2645 4963 rerum
2677 4924 2894 4978 semper
2923 4908 3205 4963 mobilium
3243 4909 3376 4961 nulli
3413 4919 3559 4961 muta

2017 5003 2152 5057 tioni
2203 5002 2528 5071 subjectam,
2580 5000 2809 5055 alteram
2844 5016 2992 5064 vero,
3051 5009 3232 5054 motus
3284 5003 3587 5068 expertium

2018 5094 2332 5149 mutabilem
2389 5109 2513 5147 esse
2570 5093 2765 5146 voluit.
2825 5092 3005 5161 Atque
3064 5093 3167 5146 hoc
3224 5092 3366 5146 haud
3426 5092 3591 5144 dubie

2016 5187 2305 5256 prudentia
2337 5185 2602 5254 singulari
2637 5184 2897 5245 instituit,
2928 5200 2994 5237 ne
3042 5183 3291 5239 homines
3341 5183 3394 5236 in
3426 5184 3592 5237 rebus

2017 5279 2237 5333 creatis.
2285 5292 2423 5346 quas
2448 5278 2747 5338 cernimus,
2773 5292 2895 5331 esse
2936 5275 3143 5344 aliquid
3191 5286 3453 5345 perpetua
3485 5275 3588 5327 im-

2018 5372 2279 5425 mutabile
2309 5370 2820 5432 animadvertentes,
2856 5378 3050 5423 natura
3081 5370 3181 5423 hoc
3208 5370 3255 5424 ei
3290 5370 3590 5432 tribuente,

2018 5463 2161 5517 idem
2205 5479 2304 5533 pro
2336 5463 2446 5517 Deo
2493 5464 2754 5519 colerent.
2812 5462 2929 5516 Non
2962 5463 3106 5516 enim
3142 5477 3271 5517 vero
3303 5471 3590 5514 consenta-

2020 5570 2180 5609 neum
2217 5554 2387 5607 videri
2425 5562 2603 5624 potest
2635 5556 2684 5609 ei
2720 5554 2797 5608 rei
2843 5554 3186 5607 divinitatem
3234 5554 3437 5615 inesse,
3470 5568 3594 5622 qua

2020 5663 2108 5700 res
2140 5646 2221 5701 vel
2270 5647 2441 5699 motui
2470 5646 2552 5698 vel
2603 5647 2891 5700 mutationi
2941 5647 3179 5701 obnoxia
3240 5647 3332 5701 sit.
3380 5646 3592 5699 Idcirco

2023 5749 2219 5794 terram
2256 5739 2473 5809 quidem
2509 5740 2720 5792 firmam
2753 5754 2875 5795 esse
2924 5738 3193 5806 videmus,
3226 5747 3280 5793 at
3326 5746 3587 5791 mutatio-
