4046 6350
398 223 499 283 151

1605 208 1662 262 S.
1696 201 2025 261 GliliGORll
2061 197 2357 255 NYSSENI

3554 187 3660 243 152

398 338 563 400 nibus
607 330 920 387 obnoxiam.
972 327 1184 383 Caelum
1238 334 1451 392 contra,
1489 339 1612 380 eum
1668 325 1738 379 sit
1786 323 1967 377 oumis

2090 331 2164 388 τῃ.
2207 312 2501 384 Οὐδέτερον
2532 308 2639 383 γὰρ
2687 311 2755 364 ἂν
2790 308 3016 371 τούτων,
3065 303 3248 369 καθὼς
3290 304 3527 376 εἴρηται,
3559 303 3659 373 τῆς

372 438 598 497 'expers
624 420 971 483 mutationis,
995 434 1281 489 nunquam
1307 417 1563 489 quiescit.
1591 414 1778 470 Voluit
1808 415 1971 469 nimi-

398 535 520 574 rum
557 517 723 581 Deus,
767 529 895 569 cum
943 511 1210 567 immobili
1262 516 1472 564 naturae
1523 509 1971 569 mutabilitatem,

399 616 707 675 contraque
733 603 1121 659 mutabilitatis
1144 602 1357 672 experti
1391 608 1598 655 motum
1630 600 1971 670 adiungeret,

401 709 696 769 utramque
728 698 875 751 inter
910 710 969 751 se
994 711 1092 765 per
1125 694 1268 749 hanc
1320 694 1715 764 proprietatum
1756 706 1978 761 permu-

401 794 688 858 tationem,
717 790 952 861 quadam
1003 788 1163 859 quasi
1218 788 1545 858 cognatione
1571 785 1865 847 devincire,
1896 793 1978 837 at-

400 901 510 955 que
541 884 704 940 etiam
736 882 1002 952 impedire
1037 882 1333 950 quominus
1367 880 1552 935 inesse
1583 893 1787 933 numen
1825 877 1979 932 hisce

402 979 567 1034 rebus
593 975 1026 1032 existimaretur.
1061 972 1220 1038 Nam,
1254 975 1334 1027 uti
1381 973 1544 1028 modo
1577 972 1889 1042 expositum
1945 986 1976 1025 a

402 1066 564 1121 nobis
598 1073 705 1122 est.
735 1079 917 1132 neque
948 1079 1036 1118 res
1082 1063 1281 1134 quietis
1314 1063 1494 1118 omnis
1535 1077 1752 1133 expers,
1803 1077 1980 1131 neque

402 1158 531 1214 item
561 1172 624 1211 ea
656 1172 779 1226 quae
812 1155 1107 1210 mutationi
1139 1154 1378 1209 obnoxia
1410 1165 1515 1218 est,
1548 1153 1753 1208 habere
1779 1152 1981 1207 divini.

405 1251 538 1305 tatis
590 1247 800 1317 aliquid
850 1247 1067 1302 censeri
1115 1253 1318 1315 potest.
1377 1247 1556 1315 Atque
1606 1245 1710 1299 hoc
1759 1244 1980 1315 quidem

404 1340 568 1394 modo
586 1354 677 1395 res
708 1339 977 1394 universae
1000 1337 1390 1407 perfectionem
1417 1354 1572 1395 suam
1600 1339 1811 1409 adeptae
1831 1348 1978 1394 sunt.

407 1432 497 1487 Sic
519 1433 661 1486 enim
689 1431 872 1486 Moses
902 1432 1145 1500 loquitur
1171 1449 1182 1484 :
1214 1430 1572 1501 Perfectaque
1602 1439 1731 1486 sunt
1753 1432 1979 1495 coelum,

403 1535 572 1589 terra,
597 1534 651 1580 et
680 1540 768 1579 res
800 1540 990 1580 eorum
1027 1524 1080 1577 in
1114 1522 1293 1579 medio
1326 1523 1737 1594 comprehensae
1767 1540 1981 1592 omnes,

404 1632 471 1673 ac
503 1614 913 1687 pulchritudine
944 1616 1177 1686 singulis
1218 1618 1577 1672 conveniente
1622 1627 1822 1672 cuncta
1854 1624 1984 1671 sunt

405 1716 669 1765 exornata
699 1727 712 1762 :
748 1709 1203 1779 cmlumquidem
1249 1710 1556 1765 lucidorum
1586 1709 1827 1766 siderum
1872 1709 1983 1764 ful-

405 1817 577 1875 gore,
638 1818 790 1858 mare
857 1817 988 1857 vero
1049 1811 1103 1857 et
1163 1816 1257 1856 aer
1329 1802 1665 1858 animalibus
1742 1802 1985 1856 natando

410 1896 753 1965 volandoque
788 1903 1086 1964 utrumque
1106 1895 1543 1964 permeantihus,
1569 1903 1717 1949 terra
1747 1894 1985 1964 denique

407 1988 590 2042 omnis
647 1986 866 2056 generis
920 1987 1233 2056 plantarum
1291 2001 1355 2040 ac
1413 1994 1603 2056 pastus
1675 1986 1983 2050 varietate,

407 2080 593 2134 omnia
658 2079 849 2134 isthaec
920 2077 1138 2133 abunde
1195 2075 1384 2132 eodem
1461 2076 1618 2144 quasi
1707 2085 1986 2130 momento

408 2172 650 2241 pariens,
701 2171 932 2240 benigna
981 2168 1070 2223 Dei
1107 2169 1390 2223 voluntate
1426 2167 1570 2222 vires
1612 2167 1733 2236 ejus
1784 2166 1987 2221 confir-

411 2270 616 2317 mante.
649 2259 837 2331 Itaque
868 2275 1051 2315 rerum
1080 2261 1128 2315 ei
1158 2260 1651 2330 pulcherrimarum
1681 2259 1838 2327 copia
1875 2273 1984 2311 non

410 2354 620 2418 deerat,
651 2367 776 2406 eum
810 2360 865 2405 et
914 2351 1076 2406 ﬂores
1120 2361 1174 2406 et
1218 2350 1430 2405 fructus
1478 2366 1583 2404 una
1637 2351 1985 2421 produceret.

413 2443 542 2498 Erat
565 2452 621 2498 et
666 2443 719 2497 in
766 2444 938 2512 pratis
981 2458 1169 2497 earum
1221 2458 1400 2497 rerum
1429 2443 1611 2512 copia.
1658 2457 1779 2512 quae
1810 2457 1898 2495 res
1931 2443 1986 2495 in

411 2535 492 2589 eis
546 2533 895 2604 proveniunt.
943 2530 1211 2587 Praeterea
1246 2546 1412 2600 rupes
1466 2530 1664 2593 editas,
1692 2530 1989 2584 montium-

411 2642 519 2695 que
546 2626 823 2690 vertices,
878 2633 932 2679 et
985 2625 1106 2678 loca
1165 2624 1219 2677 in
1277 2623 1365 2678 his
1424 2625 1509 2676 vel
1564 2624 1732 2678 latera
1793 2637 1988 2678 versus

413 2716 666 2779 declivia,
715 2716 797 2771 vel
846 2716 1084 2786 supina;
1150 2715 1299 2785 ipsas
1328 2715 1565 2785 denique
1627 2715 1799 2769 valles
1870 2721 1990 2767 erat

412 2823 639 2863 cernere
670 2806 1057 2862 venustissime
1078 2806 1355 2861 redimitas
1392 2805 1575 2860 herbis
1605 2812 1720 2858 tum
1752 2805 1989 2874 primum

413 2896 590 2956 natis,
624 2896 992 2965 arborumque
1020 2894 1170 2949 varia
1218 2894 1533 2964 elegantia:
1588 2908 1712 2963 quae
1771 2892 1988 2947 tametsi

2075 406 2348 478 θειοτέρας
2380 404 2597 474 φύσεως
2625 401 2909 474 νομισθείη
2929 418 2941 430 ·
2984 400 3107 453 οὔτε
3150 398 3211 451 τὸ
3254 396 3505 459 ἄστατον,
3533 392 3658 447 οὔτε

2062 488 2135 551 τὸ
2159 496 2368 551 ἀλλοιού
2379 512 2555 567 μενον.
2589 495 2727 566 Ἤδη
2761 494 2939 547 τοίνυν
2967 491 3037 545 τά
3066 490 3243 544 πάντα
3275 488 3410 561 πρὸς
3439 487 3501 540 τὸ
3528 487 3658 541 ῖδιον

2075 590 2278 660 ἔφθασε
2310 589 2479 652 τέλος.
2529 585 2889 656 Συνετελὲσθη
2921 585 3050 656 γὰρ,
3096 581 3278 646 καθώς
3320 596 3454 652 φησι
3493 580 3659 634 Μωῦ-

2079 686 2199 754 σῆς,
2236 684 2266 736 ὅ
2288 700 2348 736 τε
2376 682 2604 753 οὐρανὸς
2638 681 2730 734 καὶ
2756 683 2788 751 ἢ
2820 680 2893 749 γῆ
2922 679 3016 732 καὶ
3044 677 3113 731 τὰ
3134 676 3222 729 διὰ
3257 675 3425 745 μέσου
3457 673 3657 731 πάντα.

2064 776 2173 839 ,καὶ
2202 773 2281 846 τῷ
2306 774 2625 844 καταλλήλῳ
2644 772 2828 827 κάλλει
2852 771 2918 825 τὰ
2938 770 3273 825 καθέκαστον
3300 763 3655 835 διεκοσμήθηο

2076 869 2106 920 ὁ
2137 867 2364 939 οὐρανὸς
2399 865 2497 936 μὲν
2526 868 2647 929 ταῖς
2681 865 2790 918 τῶν
2824 864 3124 934 φωστήρων
3169 861 3383 928 αὐγαῖς,
3423 856 3661 911 θάλαττα

2078 960 2135 1014 δὲ
2174 960 2267 1014 καὶ
2308 957 2415 1030 ἀὴρ
2439 960 2551 1020 τοῖς
2582 960 2797 1028 νηκτοῖς
2831 974 2891 1010 τε
2927 957 3021 1009 καὶ
3049 953 3311 1024 ὲναερίοις
3347 949 3455 1003 τῶν
3482 946 3658 1013 ζώων,

2080 1053 2152 1122 γῆ
2182 1052 2239 1105 δὲ
2260 1054 2381 1114 ταῖς
2410 1050 2688 1115 παντοίαις
2719 1050 2827 1102 τῶν
2853 1049 3034 1118 φυτῶν
3064 1064 3126 1099 τε
3166 1046 3259 1099 καὶ
3300 1041 3661 1114 βοσκημάτων

2079 1143 2382 1215 διαφοραῖς,
2416 1141 2558 1213 άπερ
2590 1142 2798 1213 ἁθρόως
2828 1143 3041 1195 ἅπαντα
3083 1138 3210 1208 θείῳ
3238 1136 3536 1206 βουλήματι
3567 1133 3661 1187 δυ-

2081 1236 2391 1310 ναμωθεῖσα
2428 1235 2564 1288 κατὰ
2598 1235 2793 1288 ταύτὸν
2835 1232 3133 1302 ἀπεκύησε,
3171 1231 3281 1284 Καὶ
3318 1228 3528 1299 πλήρης
3563 1224 3663 1297 μὲν

2079 1326 2148 1402 ἧν
2175 1330 2283 1384 τῶν
2312 1329 2526 1400 ὡραίων
2557 1331 2589 1400 ἡ
2620 1329 2714 1397 γῆ,
2749 1325 2884 1398 ὁμοῦ
2913 1327 3024 1388 τοῖς
3054 1323 3238 1379 ἄνθεσι
3267 1322 3391 1387 τοὺς
3420 1318 3665 1391 καρποὺς

2083 1421 2496 1492 ὲκὸλαστήσασα
2514 1435 2530 1451 ο
2561 1420 2789 1490 πλήρεις
2813 1419 2868 1472 δὲ
2892 1420 2939 1472 οἱ
2962 1416 3223 1488 λειμῶνες
3248 1414 3377 1479 τῶν,
3409 1414 3510 1467 ὅσα
3538 1411 3666 1475 τοὺς

2082 1511 2351 1583 λειμῶνας
2377 1511 2684 1582 ἐπέρχεται.
2717 1509 2895 1563 Πᾶσαί
2924 1526 2982 1562 τε
3010 1508 3194 1579 ραχίαι
3222 1505 3315 1560 καὶ
3343 1502 3663 1576 ἀκρώρειαι,

2084 1609 2178 1660 καί
2223 1608 2329 1659 πᾶν
2390 1607 2512 1659 ὅσον
2551 1604 2778 1672 πλάγιόν
2818 1620 2876 1656 τε
2921 1603 3016 1656 καὶ
3064 1601 3273 1664 ὓπτιον,
3303 1598 3396 1652 καὶ⁸
3444 1598 3567 1651 ὅσον
3606 1595 3665 1648 ὲν

2085 1698 2302 1761 κοίλοις,
2327 1700 2393 1768 τῇ
2428 1697 2666 1750 νεοθαλεῖ
2690 1696 2798 1767 πόᾳ,
2826 1696 2919 1749 καὶ
2946 1697 3012 1766 τῇ
3049 1692 3266 1764 ποικίλῃ
3306 1691 3415 1745 τῶν
3435 1689 3666 1760 δένδρων

2085 1788 2204 1861 ὥρᾳ
2250 1790 2714 1857 κατεστεφάνωτο,
2760 1786 2884 1858 ἄρτι
2921 1787 3019 1857 μὲν
3056 1787 3155 1856 τῆς
3182 1785 3287 1854 γῆς
3318 1783 3664 1854 ἀνισχόντων.

2085 1880 2244 1943 εὐθὺς
2269 1880 2325 1933 δὲ
2350 1879 2486 1952 πρὸς
2511 1879 2572 1932 τὸ
2602 1879 2804 1932 τέλειον
2831 1878 3025 1941 κάλλος
3051 1875 3491 1947 ἀναδραμόντων.
3524 1874 3668 1942 Ἐγε-

2086 1971 2244 2042 γήθει
2289 1971 2345 2024 δὲ
2395 1971 2573 2025 πάντα
2619 1970 2759 2024 κατὰ
2807 1969 2869 2023 τὸ
2921 1970 3095 2033 εἰκὸς,
3153 1970 3246 2022 καί¹
3290 1966 3570 2038 διεσκίρτα
3600 1966 3669 2019 τά

2085 2064 2162 2133 τῷ
2190 2064 2566 2136 προστάγματι
2609 2062 2702 2116 τοῦ
2744 2063 2876 2116 Θεοῦ
2907 2061 3310 2133 ζωογονηθέντα
3348 2058 3499 2131 βοτὰ,
3538 2057 3672 2113 κατ’

2086 2156 2285 2225 ἀγέλας
2310 2174 2373 2209 τε
2403 2157 2496 2210 καὶ
2530 2157 2667 2210 κατά
2698 2158 2830 2226 γένη
2876 2159 2996 2219 ταῖς
3037 2155 3266 2226 λόχμαις
3310 2151 3669 2207 ἐνδιαθέοντα.

2087 2250 2219 2311 Ταῖς
2243 2248 2299 2302 δὲ
2322 2249 2427 2302 τῶν
2456 2248 2728 2318 μουσικῶν
2756 2247 2983 2320 ὀρνίθων
3016 2247 3179 2317 ᾠδαῖς
3209 2247 3494 2317 ἅπανταχῆ
3521 2262 3673 2315 περι-

2085 2342 2269 2411 ηχεῖτο
2307 2341 2435 2402 πᾶν,
2478 2340 2602 2393 ὅσον
2648 2339 2957 2410 κατηρεφές
3002 2356 3059 2390 τε
3096 2339 3190 2392 καὶ⁵
3223 2338 3462 2390 σύσκιον.
3496 2338 3569 2390 Ἦ
3610 2351 3673 2388 τε

2088 2432 2228 2485 κατά
2254 2431 2521 2486 θάλατταν
2559 2431 2700 2501 ὄψις,
2733 2433 2808 2496 ὡς
2839 2431 3006 2497 εἰκὸς,
3042 2431 3175 2499 ἄλλη
3212 2429 3435 2500 τοιαύτη
3473 2445 3558 2492 τις
3582 2423 3672 2499 ἦν,

2089 2523 2212 2595 ἄρτι
2238 2523 2376 2595 πρὸς
2404 2522 2631 2594 ἡσυχίαν
2668 2541 2728 2576 τε
2772 2525 2865 2579 καὶ
2899 2524 3139 2595 γαλήνην
3174 2524 3233 2576 ὲν
3271 2525 3392 2585 ταῖς
3430 2537 3675 2589 συναγω-

2089 2619 2214 2681 γαῖς
2260 2615 2368 2669 τῶν
2417 2615 2612 2668 κοίλων
2656 2616 3061 2687 καθισταμένη,
3108 2615 3227 2669 καθ’
3267 2616 3334 2687 ἣν
3375 2615 3532 2688 ὅρμοι
3582 2614 3676 2669 καὶ

2090 2708 2306 2779 λιμένες
2334 2707 2455 2779 θεία
2488 2709 2734 2779 βουλήσει
2774 2710 2894 2773 ταῖς
2923 2710 3117 2772 ἀκταῖς
3144 2708 3464 2779 αὐτομάτως
3494 2709 3674 2775 ἐγκοι-

2092 2799 2394 2863 λανθέντες,
2422 2830 2425 2831 ν
2452 2800 2835 2872 προσημέρουν
2882 2803 2948 2872 τῇ
2983 2801 3197 2872 ήπείρῳ
3245 2799 3345 2871 τὴν
3387 2798 3673 2855 θάλατταν.

2094 2886 2162 2939 Δῖ
2191 2903 2250 2939 τε
2290 2888 2551 2958 ήρεμαῖαι
2608 2889 2717 2942 τῶν
2765 2890 3025 2960 κυμάτων
3072 2891 3313 2958 κινήσεις
3367 2888 3444 2959 τῷ
3492 2889 3678 2944 κάλλει

416 3001 609 3042 recens
640 3001 673 3041 e
721 2995 864 3040 terra
896 2993 1085 3040 essent
1126 2992 1351 3047 exortae,
1397 2982 1659 3036 continuo
1705 2990 1889 3035 tamen
1922 2979 1989 3033 ad

2094 2977 2201 3032 τῶν
2244 2978 2522 3049 λειμώνων
2557 2981 2970 3051 ἀνθωραῖζοντο,
3016 2982 3122 3036 ὑπὸ
3153 2982 3376 3046 λεπταῖς
3411 2981 3503 3035 καὶ
3535 2982 3680 3051 ἀπή-

417 3072 879 3146 pulchritudinem
911 3072 1168 3126 eximiam
1199 3080 1575 3127 excreverant.
1614 3071 1790 3139 Atque
1840 3068 1990 3123 haud

2102 3087 2255 3141 μοσιν
2298 3070 2492 3142 αὔραις
2535 3075 2654 3126 κατ’
2689 3073 2863 3145 ἄκραν
2906 3075 3004 3145 τὴν
3042 3076 3360 3145 ἐπιφάνειαν
3388 3073 3682 3146 γλαφυρῶς

419 3169 586 3226 dubie
660 3169 917 3223 universa
1009 3174 1125 3219 tum
1214 3171 1503 3227 armenta,
1583 3163 1786 3233 quibus
1854 3172 1990 3217 nutu

2100 3161 2537 3233 ἐπιφρίσσουσαι.
2575 3163 2686 3218 Καὶ
2720 3163 2864 3228 ἅπας
2901 3167 2929 3218 6
2967 3166 3108 3220 κατά
3156 3167 3255 3236 τὴν
3298 3165 3475 3220 κτίσιν
3516 3165 3682 3219 πλοῦ-

418 3273 519 3315 suo
558 3257 702 3314 Deus
733 3258 899 3315 vitam
927 3255 1155 3327 largitus
1180 3267 1330 3322 erat,
1376 3252 1639 3322 singulari
1715 3253 1990 3322 voluptate

2098 3270 2210 3316 τος,
2235 3252 2378 3306 κατά
2415 3255 2518 3324 γῆν
2554 3272 2615 3308 τε
2648 3257 2742 3309 κα)⁵
2791 3255 3060 3313 θάλατταν
3105 3258 3321 3329 ἕτοιμος
3363 3254 3451 3331 ἦν,
3489 3258 3604 3312 ex):
3651 3257 3681 3311 6

418 3349 612 3406 affecta
660 3348 1059 3414 exsultabant,
1120 3346 1496 3417 gregatimque
1549 3361 1672 3400 cum
1724 3344 1847 3399 aliis
1906 3344 1990 3398 sui

2102 3344 2341 3415 μετέχων
2371 3346 2469 3398 οὐκ
2494 3341 2586 3418 ἦν.

419 3441 636 3511 generis
681 3456 778 3511 per
833 3440 1000 3497 silvas
1050 3438 1482 3508 obvagabautur.
1536 3437 1845 3492 Accedebat
1895 3438 2076 3492 avium
2118 3438 2450 3493 musicarum
2504 3448 2825 3506 concentus,
2871 3457 2980 3512 quo
3024 3443 3143 3498 loca
3195 3449 3398 3516 passim
3449 3453 3591 3502 tecta
3628 3456 3684 3502 et

419 3544 590 3599 opaca
641 3529 1028 3600 personabant.
1084 3529 1277 3584 Fuisse
1331 3537 1385 3583 et
1434 3528 1599 3582 maris
1651 3535 1930 3598 aspectum
1981 3536 2407 3583 consentaneum
2454 3541 2538 3585 est
2583 3531 2896 3600 huiusmodi
2953 3536 3276 3605 quemdam,
3323 3551 3384 3590 ut
3430 3537 3561 3592 illud
3614 3538 3679 3592 ad

421 3621 659 3686 quietem
708 3622 1268 3691 tranquillitatemque
1316 3620 1679 3691 compositum
1726 3631 1910 3683 esset,
1967 3620 2036 3674 iis
2076 3622 2348 3692 praecipue
2406 3623 2461 3677 in
2505 3624 2662 3691 locis,
2696 3626 2751 3679 in
2782 3626 2982 3697 quibus
3016 3630 3242 3683 concavi
3275 3630 3495 3700 quidam
3528 3632 3683 3687 sinus

424 3710 736 3780 frequentes
776 3721 973 3777 erant;
1026 3722 1326 3782 portusque
1380 3722 1435 3769 et
1489 3713 1755 3767 stationes
1806 3714 2032 3765 marinae
2078 3722 2273 3782 sponte
2306 3729 2404 3768 sua
2436 3730 2504 3770 ex
2537 3716 2630 3771 Dei
2681 3726 2815 3772 nutu
2866 3719 3145 3775 littoribus
3183 3721 3481 3792 impressae,
3533 3738 3685 3778 mare
3745 3776 3749 3779 _

422 3807 579 3877 quasi
628 3806 1064 3862 mansuefactum
1122 3808 1425 3862 continenti
1489 3816 1650 3862 terrae
1708 3807 2027 3877 iungebant.
2089 3807 2195 3878 lpsi
2253 3809 2513 3865 fluctuum
2572 3822 2755 3869 motus
2808 3830 3071 3884 perquam
3130 3817 3343 3883 sedati,
3400 3829 3683 3889 pratorum

425 3899 698 3953 venustati
753 3899 1193 3969 respondebant,
1271 3900 1478 3955 teneris
1542 3908 1592 3954 et
1642 3899 1884 3954 innoxiis
1932 3899 2082 3954 auris
2139 3915 2234 3955 eos
2293 3911 2533 3957 extrema
2596 3906 2648 3959 in
2716 3908 3004 3977 superficie
3068 3909 3261 3963 leviter
3322 3912 3682 3982 erigentibus.

424 3989 663 4061 Denique
717 3990 1007 4047 universus
1057 3999 1367 4046 creator-um
1422 3991 1716 4047 thesaurus
1776 3990 1882 4045 iam
1915 3997 2062 4044 terra
2111 3993 2357 4048 mariaue
2389 4002 2613 4063 paratus
2649 4004 2788 4062 erat,
2825 4013 2949 4054 cum
2985 4000 3034 4056 is
3067 4002 3246 4057 solum
3279 4003 3687 4061 desideraretur

422 4081 516 4153 qui
546 4097 613 4137 eo
649 4081 750 4136 frui
776 4090 982 4152 posset.

1045 4242 1274 4299 CAPUT
1316 4244 1376 4299 ll.

2641 4250 3037 4304 ΚΕΦΛΛΑΙΟΝ
3075 4252 3148 4305 B’.

428 4356 782 4422 Quamobrem
817 4358 1008 4443 creatis
1042 4360 1194 4412 rebus
1245 4361 1470 4443 caeteris,
1498 4359 1717 4413 ultmms
1763 4359 1990 4411 omnium

2106 4359 2209 4413 Δία
2240 4359 2300 4412 τί
2332 4357 2480 4430 μετὰ
2506 4360 2632 4431 ¹τὴν·
2662 4362 2864 4419 κτίσιν
2893 4368 3232 4433 τελευταῖος
3275 4371 3308 4421 ό
3357 4368 3683 4437 ἅνθρωπος.

935 4429 1088 4482 homo
1125 4430 1366 4484 conditus
1402 4432 1492 4483 sit.

499 4558 750 4614 Nondum
777 4561 1036 4615 eximium
1063 4562 1193 4616 illud
1221 4570 1273 4615 et
1296 4563 1515 4616 maximi
1546 4563 1705 4631 pretii
1732 4570 2000 4631 creatum,

435 4655 581 4726 quod
619 4656 899 4711 hominem
932 4657 1191 4723 dicimus,
1220 4659 1274 4713 in
1303 4659 1408 4714 hoc
1440 4659 1815 4715 universitatis
1839 4674 2007 4713 orna-

418 4753 658 4810 .tissimo
712 4752 994 4810 domicilio
1043 4755 1386 4811 versabatur.
1450 4755 1661 4825 Quippe
1711 4766 2008 4810 consents-

434 4864 596 4904 neum
625 4863 738 4904 non
758 4858 900 4914 erat,
931 4851 1315 4921 imperatorem
1344 4853 1612 4909 exsistere
1639 4853 1813 4923 prius,
1840 4868 2005 4922 quam

431 4959 551 5008 eos,
575 4944 777 5014 quibus
800 4955 945 5001 esset
966 4962 1091 5001 cum
1114 4955 1389 5019 potestate
1412 4948 1766 5018 praefuturus.
1791 4947 2011 5018 Praepa-

435 5048 558 5094 rato
601 5040 864 5096 nimirum
925 5052 1053 5099 ante
1103 5046 1288 5099 omnia
1332 5045 1587 5116 imperio,
1644 5055 1758 5100 tum
1813 5045 2012 5102 deinde

434 5137 745 5205 proximum
776 5148 895 5194 erat
931 5156 1116 5213 regem
1145 5142 1448 5213 designari.
1488 5141 1704 5198 Idcirco
1740 5145 2014 5200 universi-

435 5234 566 5289 tatis
621 5235 788 5305 huius
844 5248 1102 5307 creator,
1155 5240 1207 5295 ei
1263 5240 1356 5311 qui
1420 5244 1788 5313 imperaturus
1850 5252 2010 5306 erat,

444 5330 730 5398 quamdam
756 5333 941 5389 sedem
968 5337 1175 5406 regiam
1204 5341 1541 5408 praestruxit.
1575 5340 1649 5395 Ea
1704 5356 1835 5397 vero
1868 5349 2015 5397 terra

435 5435 576 5493 erat,
612 5435 667 5483 et
697 5428 911 5497 insula',
945 5439 999 5485 et
1030 5447 1204 5495 mare,
1228 5442 1283 5489 et
1305 5435 1482 5506 ipsum
1516 5437 1737 5501 coelum,
1766 5451 1876 5508 quo
1901 5438 2015 5492 lucc

438 5524 618 5577 omnia
649 5531 908 5595 tanquam
943 5535 1084 5582 lecto
1112 5540 1589 5587 concamerantur.
1619 5531 1796 5603 Atque
1829 5533 1917 5588 bis
1959 5532 2012 5588 in

442 5619 659 5689 palatiis
684 5623 866 5679 omnis
920 5626 1136 5694 generis
1182 5643 1313 5696 opes
1366 5629 1598 5685 condita:
1631 5639 1781 5687 sunt.
1835 5630 2012 5702 Opum

2175 4561 2341 4616 Οὔπω
2387 4562 2495 4635 γὰρ
2535 4564 2596 4618 τὸ
2624 4566 2765 4637 μέγα
2800 4568 2958 4621 τοῦτο
2993 4568 3086 4623 καὶ
3109 4570 3287 4641 τίμιον
3324 4572 3510 4643 χρῆμα
3541 4577 3569 4629 ὀ
3597 4574 3689 4627 ἄν·

2107 4660 2323 4732 θρωπος
2344 4660 2423 4732 τῷ
2449 4662 2638 4735 κόσμῳ
2664 4663 2772 4718 τῶν
2799 4665 2967 4720 ὄντων
2996 4669 3387 4739 ὲπεχωρίαζεν.
3420 4671 3555 4725 Οὐδὲ
3581 4673 3690 4746 γὰρ

2107 4751 2174 4826 ἦν
2207 4756 2352 4820 εἰκὸς
2382 4757 2472 4811 τὸν
2506 4759 2739 4831 ἄρχοντα
2764 4762 2872 4833 πρὸ
2918 4762 3026 4817 τῶν
3062 4764 3379 4835 ἀρχομένων
3410 4767 3690 4838 ἀναφανῆ-

2109 4869 2218 4917 ναι,
2241 4852 2374 4907 ἀλλὰ
2403 4854 2498 4924 τῆς
2535 4855 2710 4927 ἀρχῆς
2753 4858 3019 4929 πρότερον
3071 4861 3519 4933 ὲτοιμασθείσης,
3564 4864 3694 4916 ἀκό-

2109 4949 2297 5005 λουθον
2348 4947 2416 5022 ἦν
2477 4953 2856 5025 ἀναδειχθῆναι
2906 4956 3017 5009 τὸν
3062 4956 3445 5027 βασιλεύοντα,
3506 4961 3692 5032 ἐπειδὴ

2110 5049 2288 5106 τοίνυν
2321 5046 2432 5104 οἷόν
2480 5069 2603 5106 τινα
2640 5052 2908 5125 βασίλειον
2958 5057 3287 5129 καταγωγὴν
3330 5057 3407 5129 τῷ
3448 5054 3695 5129 μέλλοντι

2115 5147 2415 5219 βασιλεύειν
2459 5150 2487 5203 6
2533 5150 2626 5203 τοῦ
2683 5152 2883 5216 παντὸς
2937 5154 3166 5225 ποιητὴς
3237 5157 3693 5229 προηυτρέπισεν.

2113 5245 2262 5317 Αὕτη
2286 5247 2343 5300 δὲ
2366 5243 2432 5316 ἦν
2455 5247 2527 5318 γῆ
2550 5264 2608 5300 τε
2633 5249 2725 5302 καὶ
2742 5249 2912 5320 νῆσοι,
2943 5251 3038 5305 καὶ
3061 5251 3319 5320 θάλαττα,
3348 5254 3440 5307 καὶ
3471 5254 3695 5327 οὐρανὸς

2116 5342 2255 5413 ὑπὲρ
2274 5342 2477 5395 τούτων
2492 5343 2688 5413 ὀρόφου
2706 5344 2860 5417 δίκην
2882 5348 3174 5420 ὲπικυρτού
3183 5367 3340 5422 μενος
3356 5368 3369 5382 ν
3397 5350 3627 5414 πλοῦτος
3640 5350 3697 5402 δὲ

2118 5439 2455 5504 παντοδαπὸς
2486 5444 2598 5505 τοῖς
2634 5442 2921 5512 βασιλείοις
2952 5447 3159 5513 τούτοις
3178 5449 3495 5520 ὲναπετέθη.
3534 5448 3696 5502 Πλοῦ-

2117 5556 2208 5591 τον
2228 5537 2283 5591 δὲ
2306 5537 2446 5607 λέγω
2462 5540 2645 5594 πᾶσαν
2679 5542 2778 5613 τὴν
2800 5545 2995 5611 κτίσιν,
3012 5546 3134 5598 ὅσον
3170 5548 3227 5601 ὲν
3258 5548 3441 5616 φυτοῖς
3457 5545 3552 5600 καὶ
3580 5545 3678 5616 βλα

2122 5636 2218 5708 στή
2228 5652 2378 5707 μασι,
2393 5637 2485 5690 καὶ
2506 5638 2629 5693 ὅσον
2645 5639 2957 5712 αἰσθητικόν
2973 5659 3029 5695 τε
3049 5642 3143 5698 καὶ
3159 5642 3396 5714 ἔμπνουν
3414 5644 3508 5698 καὶ
3522 5641 3693 5714 ἐμψυ-
