4046 6350
377 289 488 344 1ῗὸ

1607 284 1695 338 DE
1736 283 2022 338 llOMlNlS
2061 279 2371 338 OPIFICIO.

3517 267 3624 323 134

375 421 487 474 χον.
523 403 583 455 Εἰ
604 402 659 456 δὲ
693 401 798 472 χρὴ
833 400 925 453 καὶ
955 400 1050 463 τὰς
1080 400 1209 463 ὔλας
1248 399 1328 462 εἰς
1358 399 1583 453 πλοῦτον
1610 399 1838 470 καταριο
1849 401 1951 470 μή-

2057 412 2186 451 vero
2217 397 2433 449 nomine
2465 399 2644 447 creata
2683 391 2938 444 universa
2975 388 3240 456 intelligo,
3266 402 3386 441 cum
3409 386 3624 457 plantas

327 543 336 550 .
378 493 591 554 σασθαι,
621 493 740 545 ὅσαι
765 491 853 544 διά
886 507 1028 553 τινος
1069 489 1320 561 εύχροίας
1341 491 1514 561 τίμιαι
1548 493 1656 554 τοῖς
1683 491 1954 560 ἀνθρωπί-

375 603 486 648 νοις
512 583 810 654 ὀφθαλμοῖς
835 583 1218 654 ἐνομίσθησαν,
1251 580 1361 636 οἷον
1387 583 1606 654 χρυσίον
1631 601 1689 636 τε
1728 585 1824 637 καὶ
1857 585 1954 653 ἀρ-

376 673 581 744 γύριον,
632 673 725 726 καὶ
769 672 876 725 τῶν
916 673 1078 726 λίθων
1116 671 1178 743 δὴ
1225 671 1427 725 τούτων
1471 672 1536 737 ἂς
1581 673 1866 740 ἀγαπῶσιν
1902 676 1951 726 οἱ

377 763 676 833 ἅνθρωποι·
696 762 791 815 καὶ
817 761 1017 815 τούτων
1049 762 1262 815 πάντων
1285 761 1383 833 τὴν
1417 762 1674 832 ἀφθονίαν
1705 764 1952 834 καθάπερ

378 853 486 905 τισὶ
523 852 820 922 βασιλικοῖς
848 852 1138 923 θησαυροῖς
1166 855 1278 916 τοῖς
1319 853 1418 922 τῆς
1463 842 1565 922 γῆς
1607 855 1826 917 κόλποις
1859 857 1952 923 ἐγ-

379 941 754 1013 κατακρύψας,
787 942 960 1006 οὕτως
995 942 1366 996 ἀναδείκνυσιν
1399 945 1456 996 ἐν
1499 944 1576 1014 τῷ
1623 944 1812 1014 κόσμῳ
1860 945 1951 997 τὸν

377 1034 682 1105 ἄνθρωπον,
714 1033 821 1087 τῶν
846 1035 904 1086 ἐν
930 1033 1101 1104 τούτῳ
1133 1034 1443 1105 θαυμάτων,
1475 1036 1584 1088 τῶν
1625 1037 1722 1106 μέν
1756 1036 1952 1107 θεατὴν

378 1129 652 1196 ἐσόμενον,
678 1126 786 1180 τῶν
813 1127 870 1179 δὲ
899 1126 1103 1197 κύριον,
1136 1127 1211 1190 ὼς
1236 1127 1322 1179 διὰ
1355 1127 1450 1196 μὲν
1473 1128 1570 1196 τῆς
1602 1126 1952 1190 ἀπολαύσεως

377 1215 475 1285 τὴν
504 1216 716 1268 σύνεσιν
738 1215 832 1268 τοῦ
860 1215 1221 1287 χορηγοῦντος
1262 1215 1425 1284 ἔχειν,
1468 1216 1555 1268 διὰ
1591 1217 1647 1269 δὲ
1685 1216 1777 1269 τοῦ
1819 1217 1952 1271 κάλ-

378 1308 501 1371 λους
533 1324 591 1359 τε
617 1308 710 1360 καὶ
741 1307 996 1376 μεγέθους
1028 1306 1136 1360 τῶν
1169 1306 1460 1378 ὁρωμένων
1501 1307 1599 1376 τὴν
1633 1307 1866 1378 ἀρῤητόν
1895 1326 1953 1361 τε

379 1400 471 1452 καὶ
501 1399 640 1469 ὑπὲρ
667 1399 822 1466 λόγον
859 1397 951 1450 τοῦ
988 1399 1345 1468 πεποιηκότος
1377 1398 1602 1468 δύναμιν
1630 1398 1947 1467 ἀνιχνεύειν.

378 1491 476 1545 Διά
519 1491 693 1544 ταῦτα
735 1489 1039 1553 τελευταῖος
1095 1489 1234 1559 μετά
1283 1490 1377 1560 τὴν
1427 1490 1603 1542 κτίσιν
1649 1489 1876 1560 εἰσήχθη
1924 1492 1952 1542 6

377 1584 679 1654 ἄνθρωπος,
710 1583 808 1652 οὐχ
831 1582 905 1642 ὡς
927 1581 1230 1651 ἀπόϐλητος
1253 1581 1310 1632 ἐν
1336 1582 1583 1651 ἐσχάτοις
1609 1582 1950 1652 ἀπορριφεὶς,

376 1675 491 1727 ἀλλ’
528 1673 603 1736 ὡς
641 1673 754 1743 ἅμα
783 1675 848 1743 τῇ
888 1671 1096 1740 γενέσει
1139 1671 1390 1740 βασιλεὺς
1421 1667 1558 1724 εἶναι
1595 1672 1700 1724 τῶν
1731 1672 1953 1742 ὑποχει-

380 1770 510 1836 ρίων
555 1766 860 1836 προσήκων.
910 1762 1018 1814 Καὶ
1059 1762 1248 1832 ὥσπερ
1305 1779 1388 1824 τις
1438 1761 1640 1830 ἀγαθὸς
1688 1763 1953 1832 ἑστιάτωρ

375 1859 440 1912 οὐ
467 1858 572 1927 πρὸ
596 1859 692 1926 τῆς
729 1855 1079 1924 παρασκευῆς
1119 1853 1226 1906 τῶν
1257 1854 1528 1923 ἐδωδίμων
1560 1854 1650 1906 τὸν
1690 1855 1952 1923 ἐστιὼμε-
1985 1842 2022 1895 Β

378 1967 468 2002 νον
496 1946 858 2008 εἰσοικίζεται,
889 1944 1000 1996 ἀλλ’
1026 1944 1275 2016 εὐπρεπῆ
1296 1945 1365 1996 τὰ
1403 1944 1578 1996 πάντα
1610 1945 1954 2015 παρασκευά·

381 2058 499 2104 σας,
536 2041 627 2092 καὶ
671 2037 965 2106 φαιδρύνας
1010 2038 1120 2098 τοῖς
1153 2035 1448 2105 καθήκουσι
1497 2035 1720 2105 κόσμοις
1755 2037 1843 2088 τὸν
1875 2033 1953 2090 οἷ-

378 2150 493 2195 κον,
529 2132 626 2200 τὴν
671 2130 882 2183 κλισίαν
909 2168 923 2191 ,
979 2126 1076 2196 τὴν
1109 2125 1403 2196 τράπεζαν,
1449 2126 1534 2195 ἐφ’
1574 2127 1810 2196 ἑτοίμοις
1854 2126 1953 2197 ἤδη

377 2227 490 2285 τοῖς
519 2222 649 2292 πρὸς
692 2221 789 2290 τὴν
831 2219 1033 2290 τροφὴν
1074 2217 1417 2288 ἐπιτηδείοις,
1445 2216 1688 2286 ἐφέστιον
1726 2220 1954 2270 ποιεῖται

377 2314 470 2368 τόν
499 2313 795 2383 δαιτυμόνα
815 2329 828 2341 ο
857 2311 996 2364 κατά
1028 2311 1116 2362 τὸν
1139 2309 1298 2362 αὑτὸν
1329 2310 1527 2380 τρόπον
1557 2311 1584 2362 6
1620 2307 1872 2370 πλούσιός
1893 2325 1954 2360 τε

379 2407 475 2460 καί⁵
494 2403 787 2472 πολυτελὴς
815 2402 912 2471 τῆς
947 2401 1159 2468 φύσεως
1197 2399 1350 2470 ἡμῶν
1389 2400 1655 2470 ἑστιάτωρ
1685 2400 1956 2464 παντοίοις

379 2497 600 2551 κάλλεσι
624 2494 1048 2562 κατακοσμήσεις
1073 2491 1170 2561 τὴν
1197 2491 1427 2560 οἴκησιν,
1452 2492 1545 2542 καὶ
1585 2489 1682 2561 τὴν
1713 2490 1953 2560 μεγάλην

377 2587 584 2657 ταύτην
634 2585 729 2639 καὶ
775 2583 1088 2651 παντοδαπῆ
1140 2580 1457 2634 πανδαισίαν
1509 2582 1952 2650 ἑτοιμασάμενος,

378 2677 551 2739 οὕτως
579 2675 788 2744 εἰσάγει
813 2674 902 2726 τὸν
933 2671 1026 2725 άνο
1037 2689 1236 2742 ρωπον,
1275 2671 1431 2740 ἔργον
1453 2671 1600 2740 αὐτῷ
1627 2671 1749 2734 δοὺς
1774 2671 1833 2724 ού
1858 2670 1954 2741 τὴν

379 2769 573 2838 κτῆσιν
609 2767 716 2819 τῶν
745 2766 816 2836 μὴ
847 2765 1174 2834 προσόντων,
1205 2763 1340 2815 ἀλλά
1381 2762 1481 2833 τὴν
1514 2761 1809 2814 ἀπόλαυσιν
1847 2762 1954 2814 τῶν

378 2861 683 2931 παρόντων.
739 2859 850 2910 Καὶ
892 2855 980 2908 διὰ
1029 2855 1184 2907 τοῦτο
1232 2855 1424 2916 διπλᾶς
1461 2853 1610 2923 αύτῷ
1656 2854 1754 2923 τῆς
1797 2871 1956 2906 κατα-

382 2949 582 3018 σκευῆς
605 2949 702 3010 τὰς
723 2945 974 3017 ἀφορμὰς
997 2944 1408 3007 καταϐάλλεται,
1435 2942 1510 3014 τῷ
1530 2945 1701 3014 γηΐνῳ
1731 2943 1790 2996 τὸ
1815 2945 1956 2997 θεῖον

381 3038 776 3109 ἐγκαταμίξας·
830 3039 916 3090 ἵνα
963 3035 1031 3088 δι’
1071 3035 1392 3104 ἀμφοτέρων
1448 3033 1721 3102 συγγενῶς
1761 3052 1818 3087 τε
1862 3037 1955 3088 καὶ

380 3135 593 3197 οἰκείως
637 3133 771 3203 πρὸς
808 3128 1072 3200 ἑκατέραν
1110 3128 1404 3180 ἀπόλαυσιν
1434 3126 1532 3200 ἔχῃ
1567 3127 1660 3180 τοῦ
1692 3127 1825 3180 Θεοῦ
1855 3128 1952 3198 μὲν

377 3228 466 3280 διὰ
485 3227 581 3296 τῆς
605 3223 878 3292 θειοτέρας
902 3220 1132 3290 φύσεως,
1160 3218 1268 3271 τῶν
1297 3218 1352 3271 δὲ
1390 3217 1530 3271 κατὰ
1559 3219 1660 3288 τὴν
1685 3220 1788 3288 γῆν
1815 3219 1951 3286 ἀγα-

380 3318 487 3372 υῶν
513 3315 601 3370 διὰ
621 3315 717 3385 τῆς
739 3308 1030 3384 ὁμογενοῦς
1060 3309 1360 3380 αἰσθήσεως
1387 3308 1694 3362 ἀπολαύων.

2061 500 2113 541 et
2141 489 2409 558 germina,
2441 494 2554 537 tum
2588 492 2783 538 caetera
2813 497 3004 542 sensu,
3030 481 3139 533 vita
3179 489 3234 533 et
3267 480 3449 532 animo
3486 494 3625 549 prae-

2054 580 2185 633 dita.
2207 579 2360 643 Quod
2385 577 2431 631 si
2453 578 2616 631 etiam
2649 591 2737 628 res
2761 574 2880 628 alite
2901 574 3042 627 inter
3068 573 3166 625 has
3191 587 3322 641 epes
3346 566 3621 625 recenseri

2054 679 2354 729 merentur,
2393 684 2530 738 quas
2571 667 2641 721 ob
2697 665 3021 734 elegantiam
3084 662 3377 731 quamdam
3442 663 3623 733 magni

2054 764 2212 831 pretii
2236 779 2359 816 esse
2383 760 2662 814 hominum
2688 757 2828 811 oculi
2850 757 3128 825 judicant:
3150 754 3297 809 verbi
3318 755 3512 823 gratia.
3529 769 3626 806 au-

2054 869 2195 916 rum,
2253 860 2561 922 argentum,
2596 849 2788 917 lapilli,
2826 862 2964 916 quos
3007 847 3254 900 homines
3288 861 3462 914 usque
3491 845 3627 900 adeo

2053 952 2312 1014 expetunt
2340 965 2350 999 :
2377 944 2570 997 horum
2608 941 2767 996 etiam
2806 943 2858 992 in
2898 947 3058 991 terrm
3088 939 3242 992 sinus
3276 937 3502 991 intimos
3535 952 3629 991 co-

2052 1036 2218 1104 piam.
2250 1035 2400 1090 velut.
2435 1035 2487 1087 in
2530 1024 2819 1086 thesauros
2850 1031 3028 1098 regios
3060 1027 3290 1082 abdidit.
3330 1027 3404 1080 Ita
3429 1027 3629 1081 deinde

2055 1127 2330 1179 hominem
2386 1123 2696 1192 designavit
2749 1122 2943 1174 horum
2997 1119 3187 1172 mundi
3236 1119 3626 1172 miraculorum

2056 1218 2251 1286 partim
2278 1225 2660 1285 spectatorem,
2688 1212 2887 1283 partim
2914 1210 3324 1278 dominum,qui
3344 1209 3411 1264 de
3431 1209 3626 1262 horum

2059 1309 2319 1362 fruitione
2369 1307 2696 1376 sapientiam
2751 1305 2889 1373 ejus,
2927 1304 3020 1373 qui
3056 1303 3169 1358 haec
3213 1303 3630 1358 subministras-

2055 1409 2158 1460 sct,
2203 1410 2562 1467 agnosceret:
2596 1399 2662 1451 de
2695 1395 3106 1462 pulchritudine
3131 1409 3260 1449 vero
3293 1394 3629 1464 magnitudi-

2056 1507 2230 1560 neque
2262 1492 2599 1551 eorumdem,
2630 1490 2899 1544 creatoris
2932 1497 3253 1559 potestatem
3279 1487 3629 1556 investigaret

2057 1583 2350 1651 illam,qu:e
2369 1597 2545 1650 neque
2563 1581 2952 1649 comprehendi
2979 1582 3398 1648 ratione,neque
3425 1579 3628 1648 exponi

2053 1673 2361 1728 enarrando
2380 1682 2572 1742 potest.
2595 1672 2684 1724 lla-
2710 1673 2874 1742 igitur
2895 1689 3077 1728 causas
3099 1682 3250 1736 sunt,
3271 1672 3626 1741 quamobrem

2055 1773 2176 1832 post
2227 1774 2410 1818 creata
2447 1772 2640 1817 caetera
2695 1765 2953 1818 conditus
3003 1764 3167 1819 homo
3195 1766 3286 1820 sit.
3325 1763 3441 1817 Non
3481 1763 3627 1818 enim

2053 1855 2355 1922 putandum
2385 1861 2488 1918 est,
2515 1853 2722 1907 idcirco
2753 1855 2819 1906 ad
2851 1862 3096 1908 extrema
3139 1855 3403 1923 rejectum
3435 1852 3628 1917 fuisse,

2055 1947 2197 2017 quod
2232 1946 2356 1999 vilis
2385 1953 2551 2004 esset.
2586 1945 2681 1998 sed
2714 1945 2858 2012 quod
2895 1960 3017 1999 eum
3049 1945 3235 1998 statim
3275 1944 3342 1996 ab
3373 1955 3497 1997 ortu
3529 1959 3631 1999 suo

2054 2036 2389 2104 reliquorum
2420 2037 2667 2089 omnium
2708 2043 2969 2104 tanquam
3021 2036 3392 2101 subditorum,
3447 2053 3628 2106 regem

2053 2141 2177 2181 esse
2230 2127 2542 2194 oportebat.
2615 2128 2792 2194 Atque
2857 2137 2915 2178 ut
2963 2128 3216 2197 egregius
3269 2129 3627 2191 convivator,

2054 2225 2346 2286 antequam
2375 2217 2483 2270 cibi
2520 2218 2694 2286 parati
2729 2218 2860 2279 sint,
2893 2220 3178 2272 convivam
3212 2220 3432 2273 domum
3468 2235 3625 2274 suam

2055 2323 2164 2361 non
2232 2307 2492 2371 deducit;
2569 2307 2661 2362 sed
2725 2309 2982 2363 omnibus
3049 2310 3286 2379 primum
3354 2311 3632 2380 eleganter

2056 2400 2363 2462 instructis,
2415 2401 2661 2465 aedibus,
2719 2402 3042 2462 ctenamtlo,
3105 2416 3296 2455 mensa
3347 2402 3632 2471 splendide

2053 2493 2357 2554 exornatis,
2415 2493 2579 2546 rebus
2623 2492 2862 2561 denique
2896 2493 2960 2545 ad
3039 2494 3242 2546 vietum
3297 2495 3634 2548 necessariis

2054 2583 2308 2636 omnibus
2327 2583 2682 2650 comparatis,
2707 2592 2820 2636 tum
2849 2582 3045 2638 deinde
3070 2584 3356 2638 convivam
3382 2585 3585 2653 excipit
3615 2604 3630 2639 :

2057 2673 2130 2726 ita
2206 2675 2501 2742 0pu|entus
2572 2673 2696 2736 ille,
2771 2683 3242 2745 sumptuosnsque
3309 2676 3635 2730 convivator

2058 2772 2269 2826 noster,
2305 2763 2470 2816 domo
2503 2763 2655 2833 prius
2692 2765 2862 2817 variis
2903 2765 3070 2818 rebus
3101 2766 3382 2835 eleganter
3415 2775 3630 2826 ornata,

2055 2855 2327 2923 epuloque
2377 2869 2576 2922 magno
2633 2855 2925 2917 instructo,
2984 2855 3130 2924 quod
3178 2857 3359 2911 omnis
3414 2856 3632 2926 generis

2055 2945 2282 2999 delicias
2314 2945 2559 3008 haberet,
2594 2953 2706 2998 tum
2741 2945 2958 2999 demum
2993 2947 3268 3001 hominem
3309 2947 3628 3012 introducit,

2057 3037 2216 3102 cuius
2247 3046 2393 3090 esset
2418 3051 2575 3104 opus,
2612 3051 2721 3089 non
2760 3051 2822 3090 ea
2851 3052 2971 3106 quae
3010 3037 3264 3096 abessent
3293 3053 3510 3108 parare,
3534 3038 3630 3094 sed

2058 3125 2256 3181 oblatis
2285 3125 2413 3179 frui.
2436 3128 2730 3194 Propterea
2755 3126 2970 3183 duabus
2993 3137 3050 3180 ut
3072 3129 3236 3184 rebus
3251 3128 3491 3184 hominis
3511 3129 3632 3198 opi-

2058 3218 2238 3273 ﬁcium
2259 3227 2555 3281 constaret,
2574 3219 2720 3283 fecit,
2743 3221 2989 3275 commisi
3003 3224 3047 3275 is
3062 3221 3321 3276 nimirum
3341 3220 3545 3276 divinis
3565 3235 3632 3275 ac

2056 3309 2386 3370 terrenis,ut
2403 3310 2504 3379 ipsi
2526 3320 2634 3364 tam
2651 3310 2742 3365 Dei
2763 3327 2922 3380 quam
2939 3313 3281 3367 terrestrium
3305 3329 3486 3368 rerum
3506 3312 3634 3368 frui-

2056 3401 2257 3456 tionem
2289 3410 2496 3456 natura:
2531 3418 2642 3456 sum
2671 3413 3094 3458 consentaneam
3126 3419 3189 3459 ac
3217 3407 3490 3477 propriam
3519 3413 3636 3460 διας

382 3504 558 3549 tueret
577 3513 592 3549 :
609 3493 826 3563 Deoquc
843 3506 939 3562 per
955 3497 1201 3542 naturam
1223 3487 1545 3542 diviniorem
1557 3529 1571 3554 ,
1585 3487 1742 3544 bonis
1755 3498 1932 3546 autem
1953 3496 2185 3552 terrenis
2198 3512 2294 3567 per
2307 3498 2649 3568 sensum,qui
2668 3498 2912 3568 ejusdem
2932 3509 3079 3554 esset
3097 3502 3632 3569 generis,frueretur.

909 3664 1303 3721 ΚΕΦΛΛΛΙΟΝ
1347 3663 1421 3717 Γ’.

381 3805 512 3862 ’Ὁτι
555 3802 857 3873 τιμιωτέρα
905 3799 1110 3873 arcian
1159 3797 1271 3873 τῆς
1302 3798 1666 3873 φαινομένης
1701 3799 1952 3867 κτίσεως

779 3869 818 3939 ἦ
851 3870 956 3924 τοῦ
1006 3869 1318 3936 ἀνθρώπου
1351 3869 1554 3936 φύσις.

456 3989 638 4054 ’Λξιον
663 3986 718 4039 δὲ
751 3985 886 4056 μηδέ
913 3983 1067 4036 τοῦτο
1096 3982 1342 4052 παριδεῖν
1385 3981 1712 4052 ἀθεώρητον,
1747 3984 1826 4036 ὅτι
1858 3984 1951 4037 τοῦ

381 4080 696 4149 τηλικούτου
735 4079 938 4146 κόσμου
985 4077 1079 4130 καὶ
1110 4077 1218 4128 τῶν
1251 4075 1367 4128 κατ’
1405 4077 1567 4127 αὑτὸν
1604 4076 1782 4146 μερῶν
1815 4094 1954 4129 στοι-

382 4171 619 4242 χειωδῶς
649 4169 781 4240 πρὸς
811 4169 908 4237 τὴν
950 4167 1044 4220 τοῦ
1093 4166 1289 4229 παντὸς
1337 4166 1593 4220 σύστασιν
1627 4167 1955 4237 ὑποϐληθέν-

381 4279 511 4321 των,
542 4256 986 4328 ἀποσχεδιάζεταί
1034 4274 1148 4320 πως
1198 4258 1229 4327 ή
1280 4257 1454 4320 κτίσις
1500 4257 1604 4310 ὑπὸ
1649 4259 1746 4327 τῆς
1806 4258 1956 4322 θείας

383 4351 663 4419 δυνάμεως
703 4348 836 4417 όμοῦ
887 4347 964 4416 τῷ
1005 4347 1383 4417 προστάγματι
1428 4349 1786 4420 ὑφισταμένη.
1843 4349 1954 4421 Τῆς

385 4442 442 4495 δὲ
477 4441 569 4494 τοῦ
605 4439 887 4510 ἀνθρώπου
917 4440 1257 4509 κατασκευῆς
1292 4439 1451 4510 βουλὴ
1496 4445 1834 4512 προηγεῖται,
1862 4443 1956 4496 καὶ

385 4528 754 4600 προτυποῑηαι
800 4527 948 4596 παρὰ
986 4527 1078 4579 τοῦ
1129 4527 1518 4597 τεχνιτεύοντος
1581 4530 1667 4582 διὰ
1713 4531 1810 4600 τῆς
1860 4532 1954 4584 τοῦ

384 4621 540 4688 λόγου
578 4622 794 4690 γραφῆς
829 4621 888 4673 τὸ
929 4622 1202 4690 ἐσόμενον,
1237 4625 1332 4676 καὶ
1366 4619 1477 4675 οἷον
1501 4619 1638 4676 εἶναι
1668 4629 1954 4695 προσήκει,

384 4713 478 4764 καὶ
511 4712 646 4781 πρὸς
675 4714 824 4762 ποῖον
854 4712 1156 4781 ἀρχέτυπον
1193 4712 1288 4783 τὴν
1318 4714 1605 4783 ὁμοιότητα
1632 4715 1836 4784 φέρειν,
1863 4716 1955 4767 καὶ

384 4803 475 4856 ἐπὶ
509 4803 614 4854 τίνι
643 4803 945 4872 γενήσεται,
973 4801 1066 4855 καὶ
1107 4803 1159 4854 τί
1205 4805 1482 4874 ἐνεργήσει
1516 4807 1802 4874 γενόμενον
1863 4808 1958 4859 καὶ

382 4895 542 4946 τίνων
572 4893 949 4963 ἡγεμονεύσει·
981 4894 1156 4946 πάντα
1195 4894 1670 4964 πρώιασκοπείται
1712 4895 1738 4944 6
1779 4895 1951 4962 λόγος,

2668 3674 2896 3730 CAPUT
2939 3675 3028 3732 Ill.

2160 3807 2404 3861 Hominis
2433 3818 2679 3860 naturam
2715 3810 2858 3860 omni
2890 3823 3064 3862 creato
3094 3811 3231 3877 quod
3263 3815 3524 3868 cernimus

2545 3883 2972 3946 prtestantiorem
3008 3898 3138 3934 esse.

2064 4007 2070 4014 ’
2124 3985 2260 4040 llltttl
2313 3989 2474 4042 etiam
2525 3991 2962 4043 consideratione
3005 4001 3187 4045 nostra
3233 3994 3459 4063 dignum
3509 4006 3632 4060 est,

2056 4075 2199 4144 quod
2236 4092 2359 4128 cum
2397 4079 2634 4130 mundus
2664 4078 2752 4130 hic
2795 4079 2920 4132 talis
2968 4095 3030 4134 ac
3079 4089 3291 4146 lautus,
3335 4099 3630 4154 omnesque

2055 4166 2174 4235 ejus
2205 4175 2386 4236 partes
2416 4169 2480 4221 ad
2531 4168 2836 4222 machinam
2873 4170 3247 4227 universitatis
3278 4189 3459 4228 rerum
3493 4191 3629 4230 con-

2055 4260 2385 4314 stituendam
2419 4262 2610 4315 ordine
2642 4272 2914 4331 congestae
2945 4273 3128 4318 essent
3155 4307 3169 4329 ,
3220 4268 3400 4332 nullo,
3450 4277 3508 4322 ut
3555 4271 3630 4324 ita

2054 4351 2230 4405 dicam
2256 4391 2271 4414 ,
2304 4353 2519 4420 negotio
2546 4361 2738 4407 natura
2773 4370 2956 4407 rermn
3001 4371 3030 4408 a
3073 4355 3183 4409 Deo
3213 4369 3396 4412 creata
3442 4361 3546 4423 sit,
3577 4369 3632 4416 et

2057 4445 2320 4498 continuo
2353 4444 2418 4497 ad
2457 4444 2701 4514 ejusdem
2742 4458 2930 4499 nutum
2965 4450 3253 4504 exstiterit.
3294 4452 3360 4504 At
3393 4453 3630 4510 hominis

2054 4535 2472 4590 fabricationem
2501 4537 2823 4590 deliberatio
2851 4541 3141 4606 praecedit,
3172 4551 3226 4596 et
3257 4542 3422 4597 futuri
3450 4546 3633 4614 operis

2057 4634 2126 4683 ab
2153 4630 2362 4684 artiﬁce
2394 4631 2566 4684 forma
2601 4634 2868 4687 orationis
2898 4637 3109 4703 pictura
3138 4635 3464 4696 delineatur.
3489 4637 3630 4704 Qua-

2053 4718 2159 4772 lem
2210 4719 2468 4773 videlicet
2515 4721 2792 4776 hominem
2839 4741 2962 4780 esse
3009 4736 3294 4794 oporteat,
3342 4730 3634 4799 qualisque

2055 4811 2381 4880 exemplaris
2427 4813 2714 4883 imaginem
2764 4816 3002 4880 referre,
3036 4821 3389 4888 quamobrem
3433 4836 3628 4875 crean-

2055 4905 2192 4966 dus,
2242 4911 2295 4958 ct
2333 4906 2502 4959 creati
2549 4923 2666 4975 qua:
2708 4908 2904 4965 futurae
2949 4913 3059 4965 sint
3103 4914 3382 4977 actiones,
3428 4914 3630 4984 quibus

383 4985 458 5046 ὡς
484 4984 855 5054 πρεσϐυτέραν
894 4983 1054 5035 αὐτὸν
1083 4984 1180 5052 τῆς
1222 4984 1484 5051 γενέσεως
1535 4983 1635 5053 τὴν
1664 4984 1819 5047 ἀξίαν
1855 4983 1948 5036 λα-

2054 5008 2174 5046 cum
2200 4994 2431 5062 imperio
2459 4997 2529 5049 sit
2559 4999 2890 5067 prtel'uturus
2918 5022 2931 5054 :
2965 5003 3032 5056 de
3063 5004 3148 5059 his
3181 5005 3345 5074 igitur
3371 4983 3630 5064 omnibus

383 5077 518 5144 χεῖν,
555 5075 682 5144 πρὶν
708 5072 994 5143 παρελθεῖν
1019 5075 1099 5136 εἰς
1122 5073 1183 5124 τὸ
1212 5068 1351 5127 εἶναι
1387 5074 1484 5145 τὴν
1506 5074 1611 5126 τῶν
1639 5073 1805 5126 ὄντων
1830 5075 1956 5143 ἡγε-

387 5167 572 5234 μονίαν
585 5163 946 5232 κτησάμενον.
966 5183 981 5212 t
995 5161 1162 5218 Εἷπε»
1191 5164 1319 5236 γάρ,
1334 5167 1518 5236 φησιν,
1539 5185 1556 5215 t
1581 5166 1770 5230 ὀΘεὸς,
1790 5166 1952 5235 Ποιή-

383 5274 561 5326 σωμεν
587 5256 866 5324 ἄνθρωπον
887 5257 1006 5308 κατ’
1029 5256 1210 5309 εἰκόνα
1231 5256 1523 5326 ἡμετέραν,
1556 5257 1648 5308 καὶ
1675 5253 1950 5325 ὁμοίωσιν,

379 5348 474 5399 καὶ
493 5346 807 5417 ἀρχέτωσαν
827 5347 932 5398 τῶν
955 5346 1149 5415 ἰχθύων
1169 5347 1263 5417 τῆς
1291 5347 1580 5417 θαλάσσης,
1613 5349 1706 5400 καὶ
1733 5348 1839 5400 τῶν
1862 5347 1955 5418 θη-

382 5436 510 5508 ρίων
538 5439 633 5508 τῆς
653 5437 776 5506 γῆς,
801 5439 894 5508 καὶ
917 5438 1024 5490 τῶν
1049 5438 1306 5516 πετεινῶν
1327 5439 1418 5492 τοῦ
1453 5438 1701 5509 ούρανοῦ,
1723 5439 1820 5493 καὶ
1846 5439 1953 5494 τῶν

380 5528 611 5598 κτηνῶν,
639 5530 730 5581 καὶ
753 5530 931 5600 πάσης
956 5529 1051 5599 τῆς
1071 5531 1191 5600 γῆς.
1221 5549 1237 5580 ι
1262 5531 1324 5582 Ὢ
1356 5531 1446 5583 τοῦ
1470 5532 1772 5601 θαύματοςί
1802 5533 1953 5602 ἣλιος

380 5619 859 5685 κατασκευάζεται,
878 5622 970 5674 καὶ
994 5620 1213 5690 οὐδεμία
1239 5625 1554 5692 προηγεῖται
1581 5623 1741 5693 βουλή
1759 5641 1772 5652 ·
1796 5624 1952 5693 ούρα-

384 5711 468 5777 *ὶς
487 5710 762 5778 ὡσαύτως,
781 5705 853 5768 ὧν
871 5710 1020 5766 οὐδέν
1032 5729 1084 5766 τι
1101 5711 1208 5765 τῶν
1224 5713 1361 5767 κατά
1377 5713 1469 5784 τὴν
1489 5715 1662 5768 κτίσιν
1682 5714 1794 5768 ἴσον
1810 5716 1947 5783 ἐστὶ,

2051 5084 2362 5157 dispicitur,
2421 5099 2480 5141 ut
2535 5093 2904 5160 praastautian'i
2965 5093 3129 5146 homo
3193 5094 3632 5166 dignitatemque

2050 5192 2206 5231 suam
2239 5181 2544 5266 obtineret,
2579 5194 2634 5239 et
2664 5186 2815 5252 prius
2844 5186 3004 5239 etiam
3033 5204 3212 5240 rerum
3247 5189 3626 5245 universarum

2021 5267 2412 5346 [principatum
2445 5285 2894 5342 consequeretur.
2931 5293 3096 5344 quam
3133 5288 3288 5333 ortus
3330 5289 3499 5334 esset.
3544 5280 3628 5335 ld-

2049 5359 2198 5414 circo
2239 5359 2415 5418 Moses
2456 5365 2569 5427 ait,
2622 5364 2784 5419 Deum
2843 5368 2946 5422 hoc
3001 5371 3238 5438 quodam
3280 5373 3443 5426 modo
3477 5374 3629 5428 locu-

2060 5460 2174 5503 tum
2204 5466 2366 5507 esse:
2396 5471 2415 5504 ‹
2447 5453 2740 5512 Faciamus
2775 5459 3048 5515 hominem
3081 5461 3148 5514 ad
3191 5463 3482 5530 imaginem
3525 5481 3626 5520 no-

2058 5542 2157 5593 stri
2209 5557 2272 5596 ac
2323 5544 2768 5610 similitudinem,
2815 5559 3048 5620 estoque
3097 5553 3415 5609 hominibus
3457 5557 3629 5625 impe-

2057 5631 2199 5684 rium
2245 5634 2299 5687 in
2335 5635 2501 5690 maris
2533 5638 2744 5706 pisces,
2781 5651 2892 5694 tum
2925 5651 3084 5698 terra
3113 5644 3343 5709 belluas,
3374 5647 3629 5716 aerisque

2057 5724 2338 5794 volucres,
2373 5727 2426 5784 in
2464 5729 2741 5800 jumenta,
2780 5733 2833 5788 in
2875 5743 3074 5790 terram
3121 5737 3358 5808 denique
3408 5739 3627 5793 univcr-
