4046 6350
268 238 371 298 ιδτ

1324 233 1415 294 DE
1453 232 1669 292 ANIMA
1695 227 1787 290 ET
1813 223 2418 288 RESURRECTIONE.

266 360 374 426 γὰρ
416 354 478 408 ιν
509 354 621 417 τοῖς
651 347 1023 414 ὲπιθανασίοις
1069 350 1187 421 (58)
1228 348 1340 404 τῶν
1390 349 1714 421 νοσημάτων
1757 347 1856 419 τὴν

1972 342 2351 413 propinquiora
2381 350 2530 410 sunt,
2557 339 2828 415 quibusve
2879 342 3015 399 fides
3054 338 3237 400 minus
3275 342 3529 415 abrogari

269 446 529 513 ξωοποιδν
558 426 797 498 δέίκνυσι
836 442 1087 514 δύναμιν,
1120 442 1441 497 ἀπελαύνων
1474 441 1855 513 προστάγματι

271 540 360 593 καὶ
383 538 527 608 λόγῳ
560 535 676 609 (59)
714 535 786 588 τὰ
813 534 982 605 πάθη’
1024 530 1144 589 εἶτα
1176 532 1465 605 ἀρτιθανὲς
1500 534 1703 604 ἐγείρει
1742 531 1855 602 (60)

273 630 502 696 παιδίον,
532 627 651 683 εἶτα
679 628 895 683 νεανίαν
924 631 1038 691 τοῖς
1064 628 1256 697 τάφοις
1286 627 1387 698 ήδη
1415 625 1858 697 προσκομιζόμε-

274 738 361 773 νον
388 720 488 790 τῆς
536 718 698 791 σοροῦ
725 718 1204 788 διαναστήσαςντῇ
1249 716 1419 787 μητρὶ
1463 715 1682 769 δίδωσιο
1719 713 1859 783 μετά

275 810 430 864 τοῦτο
447 808 869 863 διαπεπτωκότα
908 807 1008 878 ἤδη
1038 806 1402 877 τετραημέρῳ
1430 807 1604 877 χρόνῳ
1629 803 1722 860 τὸν
1745 804 1857 858 Aci-

277 899 439 970 ζαρον
470 898 662 969 νεκρὸν
697 897 882 966 ἐξάγει
925 896 1165 967 (61)τοῦ
1189 895 1363 964 τάφου
1409 893 1523 965 (62)
1562 897 1714 965 φωνῇ
1743 892 1855 963 (65)

280 989 371 1043 καὶ
394 987 777 1058 προστάγματι
805 985 1148 1056 ζωοποιήσας
1174 983 1265 1038 τὸν
1304 984 1556 1054 κείμενον
1574 998 1589 1013 ’
1613 980 1734 1035 εἶτα
1768 982 1859 1035 τὸν

280 1077 474 1132 ἐαυτοῦ
507 1076 794 1148 ἄνθρωπον
817 1075 927 1147 (64)
967 1074 1119 1144 ἥλοις
1155 1074 1251 1126 καὶ
1286 1072 1453 1143 λόγχῃ
1482 1072 1858 1143 διαπεπαρμέ-

281 1187 370 1224 νον
416 1170 481 1222 ὲκ
526 1166 735 1238 νεκρῶν
775 1167 863 1221 διὰ
907 1166 1096 1237 τρίτης
1129 1163 1343 1237 ἡμέρας
1378 1164 1679 1235 διανίστησι
1722 1164 1857 1234 (65),

282 1261 407 1323 τοὺς
435 1259 636 1322 τύπους
676 1258 786 1312 τῶν
810 1257 955 1328 ἥλων
998 1257 1093 1310 καὶ
1126 1256 1226 1326 τὴν
1274 1254 1490 1326 πληγὴν
1527 1256 1627 1325 τῆς
1662 1254 1860 1324 λόγχης

286 1351 363 1415 είς
394 1349 697 1422 μαρτυρίαν
728 1348 839 1419 (66)
861 1348 961 1419 τῆς
988 1346 1335 1409 ἀναστάσεως
1363 1345 1698 1415 ἑπαγόμενος
1726 1345 1859 1414 (67).

288 1441 421 1512 Περὶ
451 1434 527 1492 ὢν
560 1438 711 1491 οὐδὲν
743 1433 898 1507 οἶμαι
930 1436 1126 1508 χρῆναι
1164 1432 1437 1498 διεξιέναι,
1477 1430 1551 1503 μῆ
1582 1432 1711 1503 μιᾶς
1750 1431 1862 1502 (68)

286 1529 608 1601 ἀμφιϐολίας
642 1530 699 1580 ἐν
724 1529 836 1589 τοῖς
863 1527 933 1579 τά
972 1523 1438 1598 προγεγραμμένα
1476 1522 1588 1593 (69)
1626 1521 1863 1593 παραδε-

284 1621 584 1692 δειγμὲνοις
617 1618 874 1688 εἰπούσης
900 1616 1034 1688 (70).

362 1799 420 1851 Γ.
451 1792 656 1848 Ἀλλ“ού
671 1790 830 1846 τοῦτο
842 1794 976 1864 (Ἡ),
1005 1787 1160 1846 εἷπον
1174 1782 1303 1863 ἐγὼ,
1327 1796 1389 1848 τὸ
1404 1796 1734 1869 ζητούμενον
1774 1792 1863 1867 ἦν’
1902 1810 1942 1863 ιι

289 1891 350 1944 τὸ
376 1890 486 1962 γάρ
514 1888 732 1943 ἔσεσθαί
767 1905 898 1943 ποτε
934 1888 1033 1959 τὴν
1069 1888 1386 1951 ἀνάστασιν,
1418 1889 1511 1939 καὶ
1540 1887 1600 1940 τὸ
1625 1887 1867 1959 ύπαχθή-

292 1980 479 2034 σεσθαι
508 1982 573 2051 τῇ
600 1979 881 2050 ἀδεξιάστῳ
920 1979 1096 2050 κρίσει
1128 1979 1218 2031 τὸν
1246 1978 1550 2048 ἄνθρωπον,
1571 1979 1661 2032 διά
1679 1996 1738 2032 τε
1764 1979 1869 2031 τῶν

290 2070 576 2141 γραφικιῖη
605 2068 951 2135 ἀποδείξεων,
983 2068 1205 2122 καὶτῶν
1237 2068 1339 2139 ήδη
1359 2066 1866 2137 προεξητασμένων,

290 2163 341 2214 οι
363 2160 549 2213 πολλοὶ
562 2159 670 2212 τῶν
685 2158 1384 2229 ἀκονόντωνσυνθήσονται.
1417 2158 1736 2211 Ὑπόλοιπον
1757 2158 1868 2229 (72)

291 2252 359 2305 ἂν
383 2252 468 2321 εἴη
527 2253 770 2315 σκοπεῖν,
817 2251 999 2320 φησὶν,
1025 2251 1073 2303 εἰ
1116 2251 1308 2319 ὥσπερ
1339 2250 1399 2303 τὸ
1428 2249 1521 2302 νῦν
1551 2251 1662 2321 (75)
1698 2251 1871 2304 καὶτὸ

290 2342 645 2413 ἐλπιζόμενον
691 2343 863 2395 ἔσται.
898 2343 1074 2411 Ὅπερ
1133 2342 1183 2394 εἰ
1221 2341 1389 2405 ὅντως
1435 2340 1547 2411 (74)
1594 2340 1701 2411 εἴη,
1743 2358 1872 2410 φευ-

295 2436 422 2488 κτὸν
446 2436 557 2506 (75)
587 2431 740 2489 εἶπον
763 2437 876 2498 τοῖς
926 2433 1234 2505 ἀνθρώποις
1270 2434 1369 2505 τὴν
1400 2433 1586 2490 ἐλπίδα
1620 2434 1716 2503 τῆς
1742 2436 1871 2487 ἀναε-

295 2527 538 2589 στάσεως
600 2521 739 2579 εἶναι
796 2526 928 2595 (76).
961 2527 1024 2579 Εἰ
1055 2527 1163 2595 γὰρ
1196 2520 1285 2578 οἷα
1305 2524 1532 2593 γίνεται,
1561 2525 1687 2578 ὃταν
1711 2525 1873 2594 λήγε-

294 2635 383 2669 ται
420 2617 531 2687 (77)
564 2616 656 2669 τοῦ
682 2615 783 2687 ζῇν
824 2616 891 2669 τὰ
926 2616 1238 2685 ἀνθρώπινα
1278 2616 1523 2685 σώματα,
1557 2614 1779 2668 τοιαῦτα
1807 2618 1871 2685 τῇ

294 2710 409 2780 ζωῇ
440 2710 603 2764 πάλιν
649 2710 1081 2764 ἀποκαθίσταται
1113 2728 1126 2741 ³
1163 2710 1273 2781 ἄρα
1302 2728 1383 2772 τις
1412 2709 1697 2773 ἀτέλεστος
1736 2728 1871 2780 συμ-

296 2805 439 2873 φορά
474 2804 563 2857 διὰ
600 2804 701 2874 τῆς
724 2804 1072 2867 ἀναστάσεως
1108 2807 1221 2865 τοῖς
1246 2803 1553 2874 ἀνθρώποις
1578 2803 1874 2868 ὲλπίζεται.

1961 447 2029 488 ac
2057 431 2274 487 detrahi
2312 432 2511 502 possit,
2537 433 2704 504 hujus
2726 433 2942 488 mirifici
2972 433 3157 505 operis
3178 432 3337 488 initio
3363 435 3526 489 facto.

1960 521 2096 577 Nam
2130 524 2367 593 primum
2397 524 2620 593 quidem
2656 525 2711 578 in
2750 522 3050 580 mortiferis
3092 523 3299 579 morbis
3357 523 3530 577 viviti-

1958 628 2079 672 cam
2105 618 2213 671 vim
2247 617 2611 682 demonstrat,
2642 617 2803 687 jussu
2839 631 2905 671 ac
2942 617 3113 672 verbo
3137 616 3364 688 abigens
3394 615 3529 673 alic-

1956 710 2212 776 ctiones;
2245 708 2444 764 deinde
2484 709 2647 780 paulo
2697 717 2823 763 ante
2855 717 3127 764 mortuam
3171 708 3407 778 puellam
3442 723 3531 762 rc-

1958 801 2215 864 suseitat,
2257 807 2447 870 postea
2494 800 2897 856 adolescentem
2932 800 3025 870 qui
3051 800 3165 870 jam
3214 799 3281 855 ad
3340 800 3530 869 sepulé

1958 908 2115 947 crum
2168 893 2499 947 efferebatur
2547 893 2843 948 excitatum
2878 907 2909 947 e
2950 893 3133 947 loculo
3188 892 3347 946 matri
3395 892 3527 957 dat;

1959 992 2084 1054 post
2114 984 2281 1048 hunc,
2316 982 2585 1038 Lazarum
2628 983 2722 1053 qui
2774 983 2886 1052 jam
2946 982 3228 1054 quatridui
3284 990 3531 1053 tempore

1964 1084 2217 1130 mortuus
2249 1074 2526 1129 difﬂuebat
2554 1082 2609 1128 et
2630 1075 2831 1137 olebat,
2863 1073 3041 1129 vivum
3095 1074 3283 1129 educit
3332 1089 3399 1129 ex
3447 1086 3534 1129 sc-

1960 1166 2172 1235 pulcro,
2200 1180 2333 1221 voce
2368 1166 2574 1235 pariter
2611 1180 2675 1219 ac
2696 1165 2857 1235 jussu
2899 1165 3183 1221 viviticans
3218 1166 3531 1235 jacentem;

1962 1266 2149 1328 postea
2190 1273 2351 1313 suum
2415 1257 2588 1326 ipsius
2655 1258 2930 1312 hominem
2984 1258 3158 1312 clavis
3216 1272 3279 1311 ac
3346 1257 3531 1313 lancea

1963 1348 2285 1405 transfixum
2322 1350 2487 1404 tertio
2514 1349 2603 1404 die
2635 1351 2957 1415 resuscitat,
2986 1351 3215 1421 vestigia
3251 1352 3531 1405 clavorum

1963 1455 2027 1494 ac
2055 1440 2258 1495 lancea:
2286 1440 2340 1495 in
2382 1442 2761 1496 testimonium
2794 1443 3221 1498 resurrectionis
3252 1441 3535 1497 adducen-

1965 1540 2094 1587 tem.
2133 1532 2207 1586 De
2235 1532 2436 1601 quibus
2486 1518 2620 1587 nihil
2678 1533 2918 1588 arbitror
2977 1549 3116 1604 opus
3154 1550 3275 1590 esse
3330 1535 3532 1597 dicere,

1964 1636 2090 1677 cum
2120 1624 2267 1677 nulla
2300 1625 2476 1680 subsit
2507 1624 2836 1695 ambiguitas
2877 1626 3018 1680 inter
3043 1642 3137 1681 eos
3171 1627 3267 1695 qui
3296 1641 3359 1681 ea
3414 1640 3535 1696 qum

1965 1714 2168 1785 scripta
2200 1724 2329 1771 sunt
2357 1725 2685 1787 acceperunt
2712 1724 2765 1771 et
2790 1718 3252 1787 approbavernnt.

2035 1808 2099 1863 G.
2127 1806 2327 1859 Verum
2354 1821 2461 1861 non
2486 1805 2587 1861 huc
2610 1817 2748 1874 erat,
2777 1809 2995 1878 inquam
3020 1808 3298 1875 ego,qnnd
3324 1818 3538 1871 quaere-

1970 1894 2131 1948 batur
2163 1908 2231 1947 an
2265 1894 2601 1948 resurrectio
2636 1893 2933 1963 aliquando
2965 1891 3145 1946 futura
3181 1892 3272 1949 sit.
3308 1901 3361 1945 et
3392 1891 3536 1960 quod

1972 1988 2135 2041 homo
2190 1987 2511 2055 incorrupto
2564 1984 2775 2055 judicio
2824 1984 3071 2046 sistetur,
3135 1998 3256 2038 cum
3320 1988 3541 2052 propter

1973 2074 2384 2145 Scripturarum
2440 2076 2974 2139 demonstrationes,
3025 2083 3428 2145 tum-.propter
3474 2090 3537 2129 ea

1971 2180 2093 2236 qua:
2128 2167 2242 2235 jam
2274 2175 2401 2222 ante
2439 2166 2710 2236 exquisita
2741 2174 2906 2235 atque
2942 2180 3179 2220 excussa
3224 2175 3371 2230 sunt,
3426 2165 3540 2235 ple-

1972 2247 2130 2327 riqué
2170 2257 2508 2312 audientium
2552 2258 2965 2323 assentientur;
3027 2255 3295 2324 reliquum
3357 2268 3538 2309 autem

1974 2349 2139 2404 fuerit
2170 2350 2523 2406 considerare
2559 2364 2626 2402 an
2663 2356 2823 2419 prout
2862 2354 2946 2402 est
2991 2346 3042 2399 id
3075 2345 3219 2415 quod
3256 2360 3403 2400 nunc
3434 2355 3536 2406 est,

1974 2441 2049 2495 ita
2088 2441 2251 2496 etiam
2284 2422 2715 2510 quod'speratur
2742 2440 2984 2493 futurum
3041 2439 3131 2492 sit.
3168 2436 3322 2505 Quod
3360 2438 3405 2493 si
3466 2438 3542 2491 ita

1978 2532 2159 2598 fuerit,
2213 2532 2526 2603 fugiendam
2585 2531 2816 2586 dixerint
2860 2530 3174 2585 hominibus
3221 2544 3344 2584 esse
3391 2543 3541 2597 spem

1976 2624 2426 2681 resurrectionis.
2488 2622 2621 2679 Nam
2682 2624 2729 2678 si
2782 2622 2964 2692 qualia
3009 2621 3247 2677 evadunt
3308 2622 3543 2674 humana

1975 2733 2209 2787 corpora
2255 2718 2385 2772 dum
2428 2718 2608 2772 vivere
2651 2717 2932 2777 desinunt,
2985 2714 3113 2768 talia
3169 2728 3388 2769 rursum
3421 2714 3545 2768 vitai

1978 2806 2383 2861 restituuntur:
2424 2806 2681 2859 nimirum
2718 2814 2976 2874 perpetua
3019 2801 3265 2872 quaedam
3319 2802 3544 2856 calami-

296 2897 364 2949 Τί
391 2896 499 2966 γάρ
524 2896 589 2949 ἂν
629 2895 990 2966 ἐλεεινότερον
1042 2895 1248 2963 γένοιτο
1311 2894 1509 2967 θέαμα,
1560 2897 1593 2967 ἢ
1639 2898 1766 2950 ὅταν
1820 2898 1870 2949 ἐν

1980 2908 2063 2954 tas
2099 2898 2167 2953 ab
2197 2899 2452 2953 omnibus
2481 2912 2579 2967 per
2610 2898 3066 2953 resurrectionem
3095 2903 3365 2965 speratur.
3392 2897 3545 2961 Quod

295 2988 512 3059 ἐσχάτῳ
535 2989 679 3059 γήρᾳ
709 2987 1207 3059 καταῤῥιγνυθέντα
1235 2987 1346 3057 (78)
1372 2987 1442 3041 τὰ
1465 2988 1692 3058 σώματα
1721 3006 1879 3059 μετα-

1978 2986 2123 3039 enim
2158 2986 2469 3042 miserabile
2506 2989 2677 3056 magis
2728 2985 3102 3055 spectaculum
3144 2985 3327 3049 fuerit,
3379 3000 3543 3054 quam

298 3078 499 3149 ποιηθῇ
538 3078 681 3149 πρὸς
706 3078 767 3132 τὸ
799 3078 1038 3148 εἰδεχθὲς
1078 3097 1137 3132 τε
1189 3080 1282 3133 καὶ
1317 3080 1582 3151 ἄμορφον,
1638 3081 1740 3151 τῆς
1780 3081 1870 3151 μὲν

1978 3092 2102 3131 cum
2140 3078 2192 3130 in
2218 3086 2460 3132 extrema
2495 3084 2777 3132 senectute
2818 3077 3097 3131 incurvata
3132 3084 3296 3146 atque
3327 3085 3548 3131 contra.

297 3143 502 3240 capite;
526 3143 694 3239 αύτῆς
732 3170 845 3241 (79)
881 3143 1249 3242 ἀναλωθείσης
1279 3143 1585 3243 ’τῷ-χρόνῳ,
1626 3143 1792 3243 ῥυσού
1820 3174 1870 3227 δὲ

1983 3178 2067 3221 cta
2093 3181 2323 3236 corpora
2356 3167 2422 3221 ad
2457 3167 2853 3236 turpitudinem
2888 3182 2952 3221 ac
2995 3143 3398 3223 deformitatem
3459 3182 3547 3220 re-

297 3264 410 3323 τοῖς
430 3260 637 3325 ὀστέοις
666 3262 1121 3333 περιεσκληκότος
1160 3264 1272 3333 (80)
1301 3263 1394 3316 τοῦ
1429 3264 1722 3335 δέρματος;
1753 3265 1874 3319 Τῶν

294 3354 357 3406 δὲ
396 3353 459 3422 δὴ
505 3352 709 3422 νεύρων
754 3355 1210 3424 συνεσπασμένων
1237 3354 1324 3408 διὰ
1361 3355 1421 3407 τὸ
1453 3356 1651 3426 μηκέτι
1678 3359 1744 3428 τῇ
1776 3375 1875 3426 φυ-

301 3446 428 3514 σικῇ
452 3443 637 3514 ἰκμάδι
660 3444 1096 3511 ύποπιαίνεσθαι,
1125 3447 1219 3500 καὶ
1233 3446 1322 3499 διὰ
1347 3445 1505 3499 τοῦτο
1535 3450 1733 3511 παντὸς
1756 3465 1876 3501 συν-

298 3534 595 3604 ελκομένου
621 3535 712 3589 τοῦ
733 3535 1006 3606 σώματος,
1028 3536 1226 3597 ἄτοπόν
1250 3555 1303 3590 τι
1328 3537 1421 3590 καὶ
1443 3538 1675 3593 ἐλεεινὸν
1697 3539 1876 3608 θέαμα

299 3623 530 3689 γίνεται,
557 3627 656 3693 τῆς
678 3623 777 3694 μὲν
806 3625 1045 3695 κεφαλῆς
1065 3625 1158 3678 ἐπὶ
1174 3626 1235 3679 τὸ
1257 3626 1387 3694 γόνυ
1408 3627 1839 3698 συγκεκλιμένης
1860 3645 1873 3656 ·

300 3716 402 3784 τῆς
432 3715 488 3768 δὲ
515 3717 695 3787 χειρὸς
720 3715 870 3770 ἐνθεν
899 3718 993 3771 καὶ
1016 3717 1167 3772 ἔνθεν
1193 3719 1329 3790 πρὸς
1361 3720 1460 3790 μὲν
1482 3718 1579 3791 τὴν
1610 3720 1749 3773 κατά
1776 3720 1877 3788 φύ-

303 3823 391 3858 σιν
420 3808 699 3875 ἐνέργειαν
750 3809 1155 3880 άπρακτούσης,
1202 3811 1467 3883 ὲντρομῆς
1501 3812 1610 3881 (81)
1646 3810 1703 3864 δὲ
1736 3810 1877 3864 κατά

300 3898 362 3951 τὸ
410 3898 664 3952 ἀκούσιον
721 3899 834 3970 (89.)
875 3901 963 3955 dei.
998 3901 1443 3973 κραδαινομένης.
1494 3897 1597 3956 Οἴα
1630 3903 1687 3957 δὲ
1716 3902 1877 3957 πάλιν

301 3990 414 4044 τῶν
439 3993 559 4054 ταῖς
605 3993 848 4065 χρονίαις
890 3994 1068 4053 νόσοις
1094 3994 1464 4064 ὲκτετηκὸτων
1500 3995 1569 4048 τὰ
1608 3994 1876 4066 σώματα;

307 4084 375 4135 ’Δ
397 4083 646 4137 τοσοῦτον
668 4085 910 4154 διαφέρει
937 4084 1045 4137 τῶν
1082 4085 1471 4155 γυμνωθέντων
1504 4086 1726 4150 ὀστέων,
1754 4087 1876 4141 ὅσον

220 4205 238 4217 ο
303 4175 671 4243 ὲπικαλύφθαι
698 4176 844 4230 δοκεῖ
892 4176 1093 4248 λεπτῷ,
1128 4178 1223 4231 καὶ
1267 4177 1751 4248 ἐκδεδαπανημένῳ
1774 4179 1873 4249 ἤδη

300 4264 381 4334 τῷ
400 4264 627 4335 δέρματι
666 4264 800 4336 (83).
833 4263 935 4320 Οἷα
959 4268 1015 4320 δὲ
1043 4266 1154 4337 (84)
1193 4267 1285 4320 καὶ
1315 4265 1422 4319 τῶν
1454 4266 1512 4318 ἐν
1545 4268 1666 4328 ταῖς
1703 4265 1876 4337 ὑδερι-

375 4469 490 4539 (58)
527 4470 987 4533 Ἔπιθανασίοις.
1012 4471 1055 4522 Λ
1084 4468 1467 4539 ὲπιθανατίοις.

378 4538 494 4607 (59)
522 4544 629 4594 Καὶ
661 4541 840 4606 λόγῳ.
867 4542 910 4593 Α
939 4540 1032 4592 καὶ
1060 4539 1217 4607 λόγου
1272 4540 1311 4589 Β
1345 4538 1523 4605 λόγου.

380 4611 493 4679 (66)
544 4611 810 4678 Ἐγειζρει.
844 4611 884 4662 A
922 4610 974 4661 in
1002 4612 1245 4679 margine
1269 4609 1557 4678 ἀνεγείρει.

380 4678 495 4749 (61)
537 4679 779 4747 Ἐξάγει.
806 4680 849 4731 Δ
876 4679 915 4730 Β
940 4678 1123 4745 ἐξάγει
1151 4678 1344 4743 ζῶντα.

380 4750 493 4820 (ti?)
523 4751 630 4803 Τοῦ
668 4749 878 4820 τάφου.
910 4753 953 4800 Α
983 4750 1091 4801 τῶν
1116 4751 1321 4817 τάφων.

383 4818 497 4887 (65)
528 4818 720 4888 tiranii.
742 4822 781 4870 Α
806 4821 955 4888 φωνῇ
990 4835 1069 4870 τε.

384 4885 499 4958 (οι)
523 4885 665 4942 Εἶτα
695 4888 801 4941 τὸν
822 4885 1045 4941 ἑαυτοῦ
1078 4889 1408 4956 ἄνθρωπον.
1443 4887 1499 4941 1η
1526 4888 1697 4958 calce
1724 4887 1880 4941 codi-

307 4962 392 5015 ris
434 4955 602 5011 A'ista
641 4960 809 5026 leges,
839 4959 959 5009 ’Ὁτι
984 4958 1071 5011 διά
1103 4960 1336 5021 πίστεως
1364 4959 1464 5027 τῆς
1502 4957 1597 5009 τοῦ
1634 4955 1881 5025 σώματος

306 5029 658 5091 ἀναστάσεως
684 5029 752 5080 τά
787 5030 988 5098 σημεῖα
1017 5028 1110 5081 τοῦ
1138 5029 1265 5080 ἰδίου
1293 5029 1497 5091 πάθους
1519 5028 1700 5081 εἴασεν
1726 5029 1783 5079 ἐν
1807 5027 1884 5094 τῷ

306 5101 427 5162 ἰδίῳ
454 5099 664 5167 σώματι
683 5100 711 5150 ό
733 5097 953 5167 Κύριος.

380 5169 495 5235 (liii)
525 5168 897 5233 Διανίστησι.
931 5167 972 5216 Β
992 5167 1262 5234 ἀνίστησι.

380 5241 493 5307 (titi)
527 5239 887 5305 Μηρτυρίαν.
923 5236 963 5287 Β
998 5237 1313 5307 μαρτύριον.

386 5308 495 5375 (67)
533 5308 956 5378 Ἐπαγρμειτοᾳ
986 5309 1027 5359 Α
1128 5306 1481 5378 ἐπαγόμενον.

383 5378 495 5448 ((³8)
525 5378 621 5443 Μὴ
649 5375 811 5445 μιᾶς-
836 5376 879 5428 Α
976 5377 1264 5448 μηδεμιᾶς.
1310 5375 1320 5378 ⁷
1422 5380 1425 5383 ’

382 5445 495 5518 (61))
526 5445 1043 5518 "por-smne”!
1064 5448 1109 5498 Λ
1146 5447 1186 5496 Β
1208 5447 1585 5518 γεγραμμένα-

378 5515 495 5589 (70)
513 5515 1073 5589 Παραβερειγμρνοις
1086 5519 1191 5589 int.
1215 5518 1296 5569 ΙΙα
1305 5515 1484 5589 ραδεδε
1492 5534 1546 5586 ιγ
1553 5517 1717 5587 μένης
1730 5516 1891 5570 ὑπού-

304 5585 432 5655 σης.
462 5585 503 5637 Β
526 5585 990 5656 παραδεδειγμένα
1005 5587 1281 5656 Αύπούσης.

382 5656 497 5727 (7|)
530 5654 615 5710 Οὔ
648 5655 840 5707 τοῦτο.
866 5655 907 5705 Β
932 5654 1055 5707 οὐδὲ
1075 5654 1251 5709 τοῦτο.

642 5746 911 5806 ΡΑτιιοι.
959 5746 1077 5807 Gn.
1127 5747 1342 5810 XLVI.

1982 3257 2139 3312 dacta
2175 3257 2400 3321 fuerint,
2438 3273 2607 3313 carne
2641 3257 2866 3327 quidem
2901 3272 3090 3313 eorum
3125 3266 3370 3328 tempore
3414 3273 3548 3312 con-

1981 3354 2276 3411 summata,
2328 3361 2528 3417 rugosa
2588 3356 2769 3401 autem
2807 3354 2863 3402 et
2928 3347 3082 3402 arida
3144 3358 3272 3403 cute
3329 3348 3548 3403 ossibus

1982 3438 2337 3493 adhaerente?
2367 3438 2575 3494 Etenim
2600 3439 2805 3504 nervis,
2838 3441 2982 3510 quod
3020 3440 3258 3496 naturali
3290 3441 3547 3495 nimirum

1978 3545 2091 3585 non
2141 3531 2375 3600 amplius
2430 3531 2657 3586 humore
2703 3533 3021 3587 imbuantur
3076 3546 3142 3587 ac
3188 3533 3545 3603 pingueliant,

1976 3623 2281 3687 convulsis,
2341 3632 2395 3677 et
2423 3622 2630 3677 idcirco
2665 3634 2778 3679 toto
2832 3639 3061 3695 corpore
3097 3631 3404 3689 contracto,
3460 3641 3549 3681 res

1977 3713 2225 3784 quaedam
2276 3714 2486 3769 inﬁrma
2517 3731 2582 3770 ac
2623 3726 2869 3786 spectatu
2919 3717 3253 3774 miserabilis
3298 3717 3547 3782 exsistit,

1979 3819 2103 3859 cum
2140 3812 2305 3874 caput
2330 3805 2551 3874 quidem
2580 3807 2631 3860 in
2655 3821 2832 3876 genua
2854 3807 3177 3861 inclinatum
3213 3809 3320 3874 sit;
3353 3823 3549 3863 manus

1979 3903 2161 3950 autem
2205 3897 2463 3966 utrinque
2492 3899 2558 3951 ad
2588 3899 2891 3953 naturalem
2918 3900 3139 3969 quidem
3184 3910 3344 3955 usum
3393 3900 3548 3954 inva-

1976 3992 2099 4048 lidae
2128 3994 2260 4060 sint,
2286 4010 2395 4063 pne
2428 4004 2664 4051 tremore
2695 4010 2825 4051 vero
2865 4011 3080 4066 semper
3118 3997 3299 4051 invitae
3344 3999 3550 4052 micent

1983 4099 2048 4139 ac
2083 4094 2431 4140 moveantur.
2466 4085 2662 4152 Qualia
2690 4102 2821 4141 vero
2856 4100 3049 4141 rursus
3079 4101 3268 4140 eorum
3318 4101 3547 4155 corpora

1982 4186 2111 4230 sunt
2140 4176 2233 4246 qni
2272 4177 2550 4232 diuturnis
2583 4192 2650 4232 ac
2680 4176 2997 4246 longinquis
3040 4176 3246 4232 morbis
3288 4177 3549 4232 cxtabue-

1983 4268 2150 4321 runt?
2178 4284 2299 4338 qum
2328 4283 2559 4339 corpora
2588 4269 2692 4323 hoc
2713 4268 2972 4323 differunt
3002 4283 3031 4320 a
3062 4267 3280 4321 nudatis
3303 4268 3547 4333 ossibus,

2052 4464 2164 4533 (72)
2200 4465 2581 4521 'Y‘xo’lomor.
2611 4468 2653 4519 Β
2682 4466 2970 4521 ὑπόλοιπον
2991 4467 3034 4519 δ’
3055 4468 3138 4521 ἄν.
3169 4466 3292 4521 [lare
3323 4468 3373 4522 in
3402 4469 3551 4521 calce

1978 4536 2191 4607 codicis
2222 4536 2368 4607 Aiita
2404 4538 2857 4590 illustraliantnr:
2903 4537 3094 4589 Ἔνθεν
3130 4538 3354 4607 ἄρχεται
3381 4539 3455 4601 ὡς
3491 4538 3551 4603 ἐξ

1977 4605 2173 4679 ἑαυτοῦ
2200 4606 2598 4679 ἀνθυποφέρειν
2626 4608 2723 4671 τὰς
2749 4607 2876 4678 περὶ
2903 4607 3011 4660 τῶν
3037 4608 3103 4677 τῇ
3124 4605 3415 4661 ἀναστάσει
3447 4625 3550 4679 μα-

1978 4675 2219 4745 χομένων
2252 4676 2348 4729 ἀντ
2356 4675 2569 4737 ιθέσεις.

2049 4744 2161 4817 (75)
2200 4747 2426 4814 ’Ὠσπερ
2452 4746 2516 4798 τὸ
2546 4748 2680 4817 νῦν.
2713 4747 2756 4798 Α
2791 4747 2923 4817 πρὸς
2952 4746 3013 4800 τὸ
3036 4746 3130 4800 νῦν
3157 4747 3233 4801 ὃν.

2049 4815 2161 4885 (Ἠ)
2201 4817 2438 4880 Ὄντως.
2475 4817 2517 4867 Α
2549 4814 2741 4876 οὕτως.

2052 4885 2165 4952 (75)
2195 4888 2480 4954 Φευκτόν.
2512 4887 2557 4937 Α
2597 4887 2637 4936 Β
2665 4886 2923 4954 φευκτήν.

2052 4955 2165 5023 (76)
2194 4952 2379 5008 Εἶναι.
2418 4956 2563 5007 Ι>ρΙυι
2592 4957 2650 5008 Β.

2053 5026 2166 5089 (77)
2208 5025 2681 5093 “(narum-stat.
2710 5027 2753 5078 A
2783 5025 2823 5075 Β
2848 5024 3121 5095 λήγονται.

2053 5095 2163 5167 (78)
2194 5096 2763 5167 Κατᾳρῤιγνινθέντα.
2801 5095 2844 5146 Δ
2866 5094 2906 5145 Β
2936 5097 3425 5167 καταρικνωθέντα.

2054 5163 2166 5234 (79)
2195 5163 2405 5231 Αὐτῆς.
2440 5167 2482 5215 Α
2518 5165 2558 5215 Β
2585 5168 2784 5228 αὐτοῖς.

2056 5236 2167 5310 (84))
2206 5238 2738 5310 ηεριεσχξηκότος.
2777 5236 2816 5286 Β
2846 5237 3289 5310 περισκληκότος.

2054 5302 2167 5380 <8!)
2209 5302 2545 5380 ,Ἐντρομῆςο
2575 5307 2625 5380 ἐκ
2650 5308 2710 5380 ἐν
2742 5302 2948 5380 796M5-
2984 5310 3025 5360 Β
3053 5302 3110 5360 Et?
3144 5308 3351 5378 τρόπῳο

2057 5376 2168 5448 (8‘2)
2199 5376 2531 5448 ῘΑκούσιον.
2574 5376 2614 5425 Β
2642 5376 2906 5432 excocto»;

2058 5444 2170 5516 (85)
2196 5447 2386 5518 Ὅσον⁴
2407 5444 2897 5518 ἐίτῃικερςαλύερθαι.
2930 5448 3114 5518 Usque
3136 5446 3201 5500 ad
3231 5446 3308 5517 τῷ
3330 5445 3557 5517 δέρματι

1986 5513 2160 5589 deleta
2194 5516 2404 5589 suntin
2584 5516 2624 5567 A
2664 5525 2717 5569 et
2738 5513 2805 5572 Vin
2844 5513 3089 5589 margine
3123 5513 3315 5589 legitur
3352 5513 3557 5589 σχόλια.

2060 5586 2169 5655 (84)
2195 5580 2300 5637 Οἷα
2319 5585 2407 5637 δέ.
2438 5585 2515 5637 Ad
2552 5586 2664 5638 haec
2692 5589 2853 5640 verba
2883 5589 2935 5642 in
2965 5580 3113 5643 dulce
3140 5580 3347 5642 codicis
3374 5580 3417 5640 Ᾰ
3446 5588 3558 5641 haec

1991 5666 2119 5710 nota
2161 5656 2401 5725 ascripta
2441 5664 2581 5720 erat,
2628 5656 2852 5729 ζήτησις
2884 5659 3010 5730 περὶ
3058 5658 3165 5711 τῶν
3204 5656 3557 5712 ἀνθρωπίνων

3164 5750 3205 5808 5
