4046 6350
287 225 371 282 Nl

1344 224 1431 282 DE
1465 216 1679 283 ANIMA
1717 219 1803 280 ET
1846 220 2447 285 liESURIlECTl'ONE.

3422 233 3526 291 112

286 343 533 407 τσιοῦτον,
558 361 836 417 εντυχοιμι
858 346 985 417 νέῳ,
1012 347 1229 419 κομήτῃ
1255 345 1353 417 (4),
1390 346 1607 417 γρυπῷ.
1630 348 1856 417 μελανο-

1967 349 2113 408 verbi
2145 350 2321 420 gratia
2356 350 2403 404 is
2442 363 2567 405 esse
2587 362 2714 405 raro
2754 350 2977 421 capillo,
3010 349 3171 405 iabiis
3214 352 3531 420 prominen-

286 431 399 501 χροῖ
456 432 560 501 (5),
610 434 704 486 καὶ
734 434 803 488 τὰ
844 436 1003 489 λοιπὰ
1028 437 1203 490 πάντα
1224 436 1319 487 τοῦ
1354 436 1492 489 κατὰ
1514 436 1611 506 τὴν
1642 436 1855 507 μορφὴν

286 524 619 594 χαρακτῆρος
663 518 866 597 ἑτέρως
906 527 1101 597 ἔχοντι.
1159 523 1306 599 Ἀρα
1349 527 1538 580 τοῦτον
1582 528 1736 591 εἰδὼς
1780 528 1857 597 ((ι)

286 614 483 667 ἐκεῖνον
505 616 759 686 οἰήσομαι
778 634 793 682 ;
811 619 1014 687 μᾶλλον
1034 617 1091 671 δὲ
1119 618 1170 671 τί
1200 618 1305 689 χρὴ
1330 623 1449 681 ταῖς
1478 601 1722 673 ἐλάττοσι
1747 620 1858 673 τῶν

286 704 577 758 ὲνστὰσεων
622 694 975 780 ἐνδιατρίϐειν
1015 708 1105 761 τὸν
1148 709 1490 779 ἰσχυρότερον
1516 694 1596 780 (7)
1629 709 1859 778 ἀφιέμε-

287 810 369 848 νον
406 794 521 865 (8);
556 796 653 860 Τίς
693 798 801 869 γὰρ
836 800 936 853 οὐκ
963 795 1123 863 οἶδεν,
1154 800 1236 852 ὅτι
1263 800 1362 869 ῥοῇ
1400 816 1504 852 τινι
1539 799 1857 869 προσέοικεν

287 885 319 957 ἡ
367 881 677 960 ἀνθρωπίνη
723 889 904 959 φύσις,
954 878 1061 943 ἀπὸ
1091 891 1357 955 γενέσεως
1401 890 1481 954 είς
1515 890 1743 945 θάνατον
1769 890 1856 943 ἀεὶ

284 976 368 1031 διὰ
396 994 538 1042 τινος
559 981 827 1052 κινήσεως
846 980 1132 1052 προϊοῦσα,
1162 981 1284 1034 τότε
1325 982 1425 1052 τῆς
1458 982 1722 1053 κινήσεως
1758 982 1855 1051 λή-

287 1084 468 1137 γουσα,
500 1070 626 1125 ὅταν
649 1072 744 1126 καὶ
767 1072 862 1126 τοῦ
886 1068 1026 1125 εἶναι
1057 1073 1323 1127 παύσεται
1356 1074 1430 1143 (9)
1455 1090 1469 1138 ;

293 1160 614 1216 instantium
663 1162 1105 1233 oppositionibus
1178 1162 1511 1218 immorari?

1960 439 2104 493 libus
2163 446 2328 508 atque
2363 438 2644 505 demissis,
2703 441 2926 494 naribus
2976 440 3226 494 nonnihil
3293 441 3523 509 pressis.

1959 530 2139 594 albus,
2171 531 2350 587 caesiis
2396 532 2594 593 oculis.
2618 545 2758 586 cano
2786 533 3007 600 capillo,
3035 547 3268 601 corpore
3290 547 3524 601 rugoso;

1959 620 2157 691 deinde
2188 622 2233 676 si
2258 636 2513 691 quarens
2535 636 2661 677 eum
2695 621 2933 676 incidam
2957 622 3008 675 in
3039 622 3319 689 juvenem,
3359 622 3528 690 capil-

1954 678 2153 777 'atum,
2192 713 2409 768 adunco
2437 727 2594 779 naso,
2629 714 2867 783 nigrum.
2917 713 3054 769 etin
3082 715 3300 770 caeteris
3358 714 3531 767 omni-

1963 804 2086 865 bus,
2123 805 2268 874 quod
2312 806 2507 861 attinet
2548 806 2614 860 ad
2651 805 2837 860 forma:
2873 805 3098 876 liguram
3133 820 3199 861 ac
3237 805 3530 860 lineamen-

1963 902 2039 959 ta,
2098 894 2377 949 diversum
2409 936 2423 958 ,
2476 896 2724 966 nunquid
2757 896 2903 950 hunc
2962 896 3316 967 conspicatus
3374 895 3527 949 illum

1960 1000 2085 1040 esse
2123 986 2366 1055 putabo?
2395 984 2683 1041 Enimvero
2714 986 2847 1057 quid
2875 1002 3012 1057 opus
3043 995 3148 1051 est,
3172 986 3529 1042 validioribus

1961 1073 2224 1135 omissis.
2273 1075 2579 1130 minoribus
2630 1091 2694 1131 ac
2742 1077 3037 1133 levioribus
3107 1078 3412 1149 urgentium
3474 1087 3529 1130 et

1585 1162 1853 1229 Quisnam
1894 1163 2038 1219 enim
2074 1164 2289 1234 ignorat
2322 1164 2467 1234 quod
2494 1163 2705 1218 ﬂumini
2756 1165 2996 1235 cuipiam
3038 1166 3275 1220 humana
3336 1177 3529 1221 natura

287 1251 637 1317 assimiletur,
672 1252 745 1307 ab
775 1253 1063 1307 nativitate
1092 1252 1158 1306 ad
1203 1264 1433 1309 mortem
1495 1269 1593 1325 per
1643 1260 1851 1309 motum
1914 1255 2204 1326 quemdam
2267 1269 2484 1325 semper
2535 1255 2913 1326 progrediens,
2969 1264 3102 1312 tunc
3148 1256 3353 1312 moveri
3384 1256 3533 1311 desi-

287 1357 438 1407 nens.
460 1358 585 1397 cum
626 1343 789 1399 etiam
823 1359 946 1399 esse
978 1343 1246 1398 desierit?

341 1432 405 1486 Ἦ
424 1431 480 1487 δὲ
496 1434 708 1504 κίνησις
726 1424 864 1505 αὕτη
883 1435 945 1487 οὐ
966 1434 1159 1507 τοπική
1174 1434 1255 1499 τίς
1267 1434 1383 1487 ἐστι
1397 1434 1724 1505 μετάστασις
1740 1434 1851 1504 (10)

285 1526 367 1597 (οὐ
392 1526 499 1597 γὰρ
515 1525 753 1579 ἐκϐαίνει
772 1519 979 1597 ἑαυτὴν
998 1526 1031 1596 ἡ
1059 1524 1260 1596 φύσις),
1283 1511 1421 1580 ἀλλὰ
1435 1526 1502 1578 δι’
1519 1524 1852 1589 ἀλλοιώσεως

286 1618 394 1688 ἔχει
445 1617 545 1687 τὴν
592 1616 836 1689 πρόοδον.
881 1615 949 1669 Ἦ
980 1606 1036 1669 δὲ
1077 1615 1364 1680 ἀλλοίωσις
1399 1616 1505 1679 ἕως
1535 1616 1601 1670 ἂν
1628 1612 1662 1688 ᾗ
1696 1615 1854 1670 τοῦτο

285 1708 315 1761 ὃ
339 1708 574 1776 λέγεται,
609 1706 863 1761 οὐδέποτε
907 1706 1000 1760 ἐπὶ
1032 1707 1126 1761 τοῦ
1166 1706 1329 1761 αὑτοῦ
1362 1707 1513 1778 μένει
1536 1724 1551 1739 ·
1588 1706 1728 1778 (πῶς
1748 1705 1856 1777 γὰρ

283 1799 349 1853 ἂν
399 1800 460 1852 ὲν
505 1798 795 1868 ταύτότητι
845 1797 1147 1869 φυλαχθείη
1173 1798 1235 1852 τὸ
1263 1797 1642 1869 ἀλλοιούμενον
1667 1797 1858 1865 nam

282 1890 470 1961 ὥσπερ
494 1890 556 1943 τὸ
597 1890 690 1944 ἐπὶ
722 1890 822 1960 τῆς
859 1889 1175 1960 θρυαλλίδος
1224 1889 1360 1960 πῦρ,
1421 1889 1498 1959 τῷ
1546 1889 1644 1959 μὲν
1684 1888 1860 1941 δοκεῖν

282 1984 459 2039 ἀεὶτὸ
494 1983 627 2038 αὐτὸ
679 1984 926 2052 φαίνεται
961 1984 1043 2052 (τὸ
1075 1985 1185 2056 γὰρ
1222 1983 1444 2053 συνεχὲς
1474 1982 1559 2036 ds‘t
1586 1982 1687 2053 τῆς
1710 1982 1860 2052 κινή-

286 2092 424 2139 σεως
452 2074 816 2129 ἀδιάσπαστον
846 2076 1111 2146 (11)αὑτὸ
1133 2076 1226 2129 καὶ
1260 2075 1535 2146 ἡνωμένον
1563 2074 1698 2143 πρὺς
1736 2073 1863 2124 ἑαυ-

284 2165 347 2219 ab
366 2166 477 2238 (12)
494 2166 777 2232 δείκνυσι),
812 2169 879 2236 τῇ
908 2167 966 2220 δὲ
989 2166 1215 2238 ἀληθεία
1238 2166 1453 2229 πάντως
1489 2166 1601 2235 (13)
1634 2166 1861 2218 πάντοτε

285 2252 475 2309 ἑαυτὸν
504 2256 615 2326 (14)
649 2255 783 2309 αὐτὸ
818 2254 931 2325 (15)
980 2255 1375 2325 διαδεχόμενον,
1435 2253 1687 2307 οὐδέποτε
1732 2251 1863 2306 αὐτὸ

284 2348 439 2419 μένει
457 2348 515 2417 (ἡ
531 2346 638 2416 γὰρ
668 2346 1049 2410 ἐξελκυσθεῖσα
1068 2346 1156 2400 διὰ
1181 2347 1281 2417 τῆς
1314 2345 1646 2416 θερμότητος
1674 2343 1861 2414 ἰκμὰς,

282 2438 421 2509 ὁμοῦ
449 2455 507 2492 τε
541 2437 882 2508 ἐξεφλογώθη
912 2438 1008 2492 καὶ
1048 2439 1128 2502 είς
1167 2435 1354 2507 λίγνην
1389 2435 1501 2505 (16)
1536 2436 1864 2487 ἐκκαυθείσα

286 2531 645 2603 μετεποιήθη,
690 2533 789 2585 καὶ
836 2530 927 2584 ἀεὶ
961 2532 1029 2601 τῇ
1074 2529 1399 2598 ἀλλοιωτικῇ
1443 2526 1670 2597 δυνάμει
1702 2528 1737 2595 ἡ
1764 2525 1863 2593 τῆς

286 2624 486 2694 φλογὸς
540 2623 753 2693 κίνησις
791 2622 903 2690 (17)
934 2622 1258 2692 ἐνεργεῖται,
1308 2622 1387 2682 είς
1434 2616 1756 2689 λίγνην(18)
1796 2614 1865 2668 δι’

286 2715 489 2782 ἑαυτῆς
512 2711 801 2768 ἀλλοιοῦσα
835 2712 948 2784 (19)
984 2711 1048 2765 τὸ
1094 2711 1474 2782 ὑποκείμενον)
1496 2727 1511 2742 σ
1538 2708 1726 2779 ὥσπερ
1753 2707 1866 2761 τοί·

285 2824 383 2860 νυν
407 2804 520 2876 (20)
549 2805 631 2869 δὶς
681 2804 824 2859 κατὰ
871 2795 1067 2858 ταύτὸν
1124 2805 1226 2874 τῆς
1263 2802 1457 2872 φλογὸς
1496 2800 1739 2869 θίγοντα,
1768 2798 1867 2852 οὑκ

285 2896 407 2949 ἐστι
431 2897 529 2967 τῆς
557 2895 726 2966 αὐτῆς
757 2895 819 2948 τὺ
849 2894 932 2959 δὶς
956 2893 1200 2964 ἅψασθαι
1223 2910 1236 2922 ·
1273 2892 1356 2961 (τὸ
1391 2891 1501 2963 γὰρ
1537 2890 1631 2956 ὀξὺ
1656 2891 1753 2961 τῆς
1775 2888 1868 2943 ἀλ-

2040 1434 2208 1490 Porro
2261 1444 2441 1491 motus
2476 1435 2563 1491 hie
2609 1449 2715 1490 non
2769 1442 2854 1491 est
2907 1435 2975 1490 de
3028 1436 3150 1490 loco
3206 1436 3274 1490 ad
3349 1436 3528 1491 locum

1959 1527 2225 1583 transitus
2248 1534 2413 1596 atque
2457 1526 2745 1581 translatio
2777 1525 2796 1595 (
2825 1540 2931 1581 non
2974 1528 3117 1581 enim
3150 1534 3343 1581 natura
3381 1528 3528 1597 seip-

1888 1634 2075 1706 Bsam
2119 1617 2407 1688 excedit),
2464 1616 2559 1673 sed
2606 1631 2704 1687 per
2755 1616 3134 1673 alterationcm
3220 1633 3284 1671 ac
3343 1627 3525 1671 muta-

1962 1710 2164 1765 tionem
2217 1723 2568 1780 progressum
2641 1709 2822 1764 habet.
2877 1710 2945 1763 At
3003 1712 3234 1764 mutatio
3284 1710 3527 1779 quandiu

1962 1801 2017 1856 id
2060 1801 2224 1856 fuerit
2276 1801 2420 1871 quod
2466 1802 2706 1865 dicitur,
2761 1816 3035 1872 nunquam
3091 1803 3145 1856 in
3192 1803 3381 1857 eodem
3414 1818 3533 1856 ma—

1961 1902 2052 1948 net
2081 1898 2098 1961 (
2130 1909 2251 1948 nam
2279 1909 2390 1964 quo
2431 1903 2593 1964 pacto
2650 1895 2703 1948 in
2761 1894 2950 1950 eodem
2999 1902 3144 1949 statu
3211 1896 3527 1950 conservari

1962 1986 2157 2055 poterit
2193 1984 2245 2039 id
2300 1985 2446 2055 quod
2526 1985 2789 2040 alteratur
2862 1995 2915 2041 et
2978 1986 3398 2057 immutatur?)
3434 1987 3529 2041 sed

1961 2072 2418 2142 quemadmodum
2453 2074 2628 2144 ignis,
2684 2075 2892 2145 quiest
2934 2075 2988 2129 in
3034 2075 3329 2146 ellyebnio,
3370 2086 3534 2145 prout

1962 2164 2175 2217 videtur
2213 2164 2453 2232 quidem,
2487 2180 2701 2235 semper
2745 2166 2884 2221 idem
2930 2172 3192 2235 apparet(
3235 2165 3532 2219 continuus

1962 2254 2108 2308 enim
2194 2268 2409 2324 semper
2482 2262 2707 2320 motus,
2780 2255 2929 2309 nullo
3006 2255 3296 2309 intervallo
3369 2254 3533 2308 didu-

1964 2352 2114 2400 ctum
2172 2353 2336 2416 atque
2365 2345 2712 2415 diremptum,
2771 2346 2865 2401 sed
2917 2360 3261 2401 cumsecum
3321 2346 3534 2400 unitum

1966 2436 2222 2507 reddit),
2265 2450 2451 2491 revera
2511 2443 2690 2492 autem
2748 2436 2864 2505 ipse
2919 2451 3039 2491 sese
3118 2451 3333 2505 semper
3384 2437 3536 2491 exei-

1966 2528 2145 2598 piens,
2197 2544 2473 2598 nunquam
2528 2528 2666 2583 idem
2723 2528 3171 2599 manet(liumor
3202 2529 3387 2592 enim,
3437 2529 3532 2596 qui

1970 2637 2063 2692 per
2102 2621 2337 2676 calorem
2390 2628 2668 2676 extractus
2718 2620 2921 2687 fuerit,
2957 2620 3120 2675 simul
3172 2628 3225 2674 ct
3272 2621 3323 2673 in
3384 2618 3537 2673 ﬂam-

1968 2725 2113 2765 mam
2168 2710 2523 2773 convertitur,
2587 2717 2814 2766 exustus
2849 2709 2902 2765 in
2970 2710 3177 2764 fumum
3234 2726 3298 2765 ac
3349 2710 3540 2779 fuligi-

1969 2816 2091 2856 nem
2164 2800 2477 2872 redigitur;
2532 2816 2595 2856 ac
2627 2815 2843 2870 semper
2910 2800 3189 2855 alterativa
3243 2802 3293 2854 vi
3357 2808 3537 2855 motus

1970 2891 2198 2947 ﬂamma:
2230 2891 2509 2963 peragitur
2575 2893 2627 2946 in
2670 2889 2879 2945 fumium
2912 2906 2975 2945 ac
3021 2891 3296 2962 fuliginem
3331 2907 3425 2962 per
3450 2908 3538 2947 se-

285 2988 561 3052 λοιώσεως
590 2988 692 3041 οὐκ
739 2988 1002 3059 ἀναμένει
1043 2986 1137 3041 τὸν
1188 2987 1254 3041 ὲκ
1276 2985 1531 3054 δευτέρου
1565 2983 1725 3037 πάλιν
1750 2984 1867 3035 ἐπι-

1971 2999 2030 3041 se
2071 2985 2377 3055 subjectum
2436 2984 2807 3053 immutans):
2858 2982 3317 3053 quemadmodum
3372 2984 3541 3053 igitur

284 3080 636 3149 θιγγάνοντα,
685 3078 787 3133 κᾶν
828 3078 907 3143 ὡς
954 3078 1186 3149 τάχιστα
1228 3076 1386 3130 τοῦτο
1434 3074 1608 3145 ποιῇ),
1640 3073 1755 3127 ἀλλ’
1784 3072 1871 3127 ἀεὶ

286 3173 453 3241 καινή
477 3190 536 3225 τε
558 3172 653 3226 καὶ
680 3170 993 3243 πρόσφατός
1025 3172 1173 3224 ἐστιν
1217 3171 1251 3240 ή
1302 3168 1433 3238 φλὸξ
1471 3167 1701 3221 πάντοτε
1729 3182 1872 3233 τινο-

291 3265 433 3334 μένη
462 3264 598 3334 (21),
638 3262 732 3316 καὶ
759 3261 848 3316 ἀεὶ
870 3260 1072 3330 ἑαυτὴν
1102 3258 1478 3330 διαδεχομένη,
1503 3258 1596 3311 καὶ
1618 3256 1871 3311 οὐδέποτε

287 3355 387 3407 ἐπὶ
404 3353 498 3407 τοῦ
536 3352 699 3407 αὐτοῦ
734 3351 1003 3423 μένουσαθ
1035 3348 1276 3404 τοιοῦτόν
1301 3362 1357 3402 τι
1377 3348 1472 3403 καὶ
1500 3347 1631 3418 περὶ
1660 3345 1759 3416 τὴν
1779 3343 1873 3397 τοῦ

290 3445 546 3517 σώματος
577 3443 735 3514 ἡμῶν
790 3442 952 3512 φύσιν
980 3442 1114 3495 ὲστί.
1166 3439 1241 3493 Τὸ
1269 3439 1379 3510 γὰρ
1424 3438 1714 3509 ἐπίρρυτον
1763 3435 1874 3506 (22)

286 3542 393 3610 τῆς
425 3537 641 3608 φύσεως
663 3535 844 3607 ἡμῶν,
874 3535 968 3588 καὶ
990 3534 1049 3587 τὸ
1084 3533 1389 3602 ἀπόρρυτον
1416 3529 1506 3583 διὰ
1532 3527 1633 3599 τῆς
1662 3527 1878 3581 ἀλλοιω-

287 3631 454 3701 τικῆς
485 3630 752 3700 κινήσεως
782 3627 871 3681 ἀεὶ
910 3625 1273 3698 πορευόμενον
1316 3621 1455 3691 (25),
1479 3621 1598 3674 τότε
1633 3617 1878 3687 κινούμε-

288 3740 387 3777 νον
412 3722 647 3783 ἵσταται,
667 3719 801 3775 ὅταν
842 3718 936 3772 καὶ
966 3717 1067 3785 τῆς
1107 3714 1253 3785 ζωῆς
1281 3711 1527 3783 ἀπολήξει
1545 3728 1560 3742 ·
1606 3710 1711 3772 ἕως
1738 3707 1782 3761 δ’
1811 3709 1878 3762 ἂν

290 3817 356 3869 ἐν
388 3812 467 3883 τῷ
494 3812 593 3884 ζῇν
630 3808 693 3884 ᾖ,
731 3810 921 3864 στάσιν
949 3809 1050 3862 οὐκ
1084 3807 1219 3877 ἔχει.
1249 3806 1322 3858 ’Ἢ
1355 3803 1463 3875 γὰρ
1486 3800 1809 3872 πληροῦται,
1842 3798 1877 3869 ἢ

286 3903 607 3959 ἄαπνέεται
631 3900 769 3971 (24),
796 3899 831 3972 ἢ
860 3899 931 3953 δι’
950 3898 1226 3969 ἑκατέρων
1250 3895 1468 3957 πάντως
1499 3891 1673 3945 εἰσαεὶ
1704 3888 1880 3955 διεξά-

288 4012 475 4066 γεται.
503 3994 569 4048 Ei
591 3993 773 4047 τοίνυν
794 3990 920 4045 οὐδὲ
939 3988 1017 4061 τῷ
1036 3987 1208 4060 χθιζῷ
1229 4003 1312 4051 τις
1333 3985 1363 4039 ὁ
1387 3983 1547 4046 αὐτός
1570 3983 1739 4047 ἔστιν,
1764 3980 1879 4035 ἀλλ’

289 4088 486 4158 ἔτερος
517 4086 585 4156 τῇ
627 4082 917 4152 ἀπαλλαγῇ
948 4080 1064 4152 (25)
1110 4078 1337 4147 γίνεται,
1387 4075 1514 4129 ὅταν
1559 4071 1882 4145 ὲπαναγάγῃ

289 4180 463 4235 πάλιν
521 4177 583 4232 τὸ
630 4175 789 4248 σῶμα
808 4173 968 4246 ἡμῶν
992 4172 1132 4245 πρὸς
1157 4170 1256 4241 τὴν
1297 4167 1443 4240 ζωὴν
1487 4169 1522 4238 ἡ
1564 4165 1880 4229 ἀνάστασις,

288 4271 469 4342 δῆμός
520 4285 607 4333 τις
633 4264 941 4338 ἀνθρώπων
963 4264 1180 4361 πάντως
1204 4262 1236 4315 ὁ
1263 4257 1676 4361 είςζτενήσεται,
1707 4258 1787 4361 ti);
1814 4257 1881 4312 ἂν
1912 4304 1958 4361 D

294 4361 472 4434 μηδὲν
495 4359 732 4414 tantum
748 4355 846 4411 τοῦ
860 4354 1222 4427 ἀνισταμένου
1250 4351 1313 4406 τὸ
1343 4350 1562 4424 βρέφος,
1577 4350 1640 4404 τὺ
1665 4349 1880 4420 νήπιον,

287 4454 325 4505 ὁ
356 4452 510 4515 παῖς,
544 4450 606 4502 τὸ
634 4447 939 4520 μειράκιον,
965 4443 1149 4516 ὀάνὴρ
1168 4484 1184 4511 ,
1210 4443 1243 4497 ὁ
1273 4441 1479 4512 πατὴρ,
1502 4438 1878 4511 ὁπρεσὸύτης,

292 4544 398 4598 καὶ
426 4541 499 4595 τὰ
513 4540 605 4594 διὰ
637 4539 804 4610 μέσον
836 4538 1037 4593 πάντα.
1075 4533 1435 4608 Σωφροσύνης
1478 4532 1537 4586 δὲ
1559 4533 1654 4586 καὶ
1679 4529 1880 4586 ἀκολα-

292 4632 531 4698 σίαςδιᾶ
555 4631 759 4703 σαρκὸς
804 4628 1225 4701 ἐνεργουμένης,
1268 4624 1379 4679 τῶν
1426 4624 1485 4679 δὲ
1518 4624 1633 4694 (26)
1667 4623 1877 4693 ὑπομε-

371 4791 452 4860 μ)
482 4790 740 4860 Helaira.
770 4787 811 4842 A
842 4789 898 4860 in
924 4786 1174 4860 margine
1199 4783 1461 4860 κομῶντι.

308 4874 315 4881 '
371 4855 455 4930 (5)
485 4855 880 4930 neaeram;
906 4858 950 4910 Α
1051 4855 1389 4930 μελανόχροῖ.

484 4928 688 4995 Εἰδὼς.
712 4920 912 4981 Χίδὼν
969 4920 1173 4979 ἐκεῖνον
1222 4920 1383 4979 εἶναι.
1434 4922 1476 4974 Β
1508 4920 1635 4975 ἰδὼν
1678 4921 1883 4974 ἐκεῖνον

291 5017 576 5056 νοήσαιμι.

362 5002 597 5139 (διῖᾚῶ
622 5066 1032 5139 ἰσχυρότερον.
1054 5066 1105 5139 ’Δ
1141 5066 1183 5115 Β
1211 5063 1319 5115 τῶν
1352 5062 1730 5134 ἰσχυροτέρων.

372 5135 457 5217 ἒξ)
496 5139 869 5217 ’έφςέμενονι
892 5135 1252 5217 εάφέιιενον·

372 5210 456 5278 (9)
495 5206 812 5261 Παύσεται.
841 5207 885 5258 Α
912 5206 954 5257 Β
978 5206 1273 5278 παύσηται.

373 5273 396 5345 (
408 5280 493 5345 10)
525 5278 932 5340 Μετάστασις.
972 5278 1012 5326 Δ
1040 5275 1073 5345 ὴ
1112 5273 1457 5345 μετάστασις.

373 5342 428 5417 (1
445 5342 494 5409 1)
535 5347 1003 5417 Ἀδιάσπαστον.
1017 5344 1077 5417 _A
1097 5342 1435 5397 ἀδιάστατον.

411 5418 496 5485 12)
539 5416 773 5471 Ἐαυτό.
801 5417 847 5485 ᾼ
872 5412 1073 5485 ἑαυτῷ.

414 5482 497 5550 l3)
524 5486 787 5550 Πάντως.
817 5483 1029 5538 Delent.
1051 5482 1095 5534 Δ
1121 5482 1181 5537 Β.

379 5552 499 5622 (ll)
538 5556 807 5610 'lt‘avtdr.
829 5554 873 5605 Α
901 5554 942 5605 Β
968 5552 1149 5608 ἑαυτό.

298 5630 301 5631 ⁷
378 5623 691 5687 (15)Αὐτό.
719 5625 761 5676 Β
783 5625 845 5677 τὸ
866 5623 1016 5678 αὐτό.

1972 3078 2017 3132 si
2046 3077 2171 3147 quis
2232 3077 2315 3132 bis
2373 3075 2537 3131 simul
2567 3074 2839 3128 ﬂammam
2888 3073 3202 3143 contingat,
3248 3090 3353 3129 non
3412 3091 3540 3145 pns-

1972 3167 2044 3222 sit
2089 3166 2333 3221 eamdem
2386 3174 2610 3235 tangere
2670 3163 2754 3218 bis
2802 3163 3095 3234 (celeritas
3144 3165 3290 3219 enim
3343 3167 3541 3221 altera-

1972 3256 2139 3311 tionis
2198 3263 2359 3326 atque
2425 3255 2744 3310 mutationis
2784 3268 2891 3309 non
2950 3262 3235 3325 exspectat
3279 3271 3404 3311 cum
3444 3258 3540 3327 qui

1972 3345 2244 3401 ﬂammam
2281 3347 2474 3401 iterum
2538 3359 2729 3400 rursus
2789 3344 3052 3415 attingat,
3109 3345 3324 3401 etiamsi
3379 3361 3542 3415 quam

1974 3437 2260 3492 celerrime
2296 3436 2350 3492 id
2397 3434 2613 3506 faciat);
2653 3434 2749 3490 sed
2794 3434 3009 3489 ﬂamma
3065 3448 3280 3505 semper
3311 3451 3450 3490 nova
3479 3450 3543 3491 ac

1978 3543 2169 3583 recens
2191 3535 2295 3589 ρει,
2350 3528 2496 3582 omni
2557 3536 2799 3596 tempore
2873 3540 3146 3591 nascens,
3206 3541 3271 3582 ac
3329 3542 3545 3597 semper

1977 3624 2211 3692 seipsam
2250 3621 2564 3691 excipiens,
2597 3629 2652 3675 et
2684 3633 2960 3691 nunquam
2989 3619 3044 3673 in
3077 3619 3266 3675 eodem
3296 3635 3542 3675 manens:

1980 3711 2291 3783 huiusmodi
2321 3711 2580 3792 quiddam
2629 3710 2773 3764 circa
2820 3717 3067 3763 naturam
3108 3710 3284 3766 nostri
3328 3724 3547 3780 quoque

1978 3804 2227 3875 corporis
2279 3812 2382 3858 est.
2415 3801 2548 3856 Nam
2597 3816 2719 3856 cum
2774 3810 2885 3854 tum
2939 3799 3195 3865 inﬂuens,
3254 3808 3367 3855 tum
3400 3801 3548 3857 cﬂlu-

1978 3911 2078 3952 ens
2132 3903 2328 3949 natura
2387 3901 2575 3947 nostra
2634 3906 2731 3962 per
2786 3891 3049 3947 alteraudi
3083 3899 3289 3948 motum
3333 3908 3549 3964 semper

1979 3997 2035 4044 ct
2091 3986 2333 4042 ambulet
2407 3992 2462 4040 et
2523 3993 2839 4049 moveatur,
2908 3991 3042 4039 tunc
3083 3985 3389 4048 consistet,
3419 3998 3547 4038 cum

1981 4080 2146 4136 etiam
2198 4078 2380 4133 vivere
2421 4075 2686 4141 desierit;
2719 4073 2961 4144 quandiu
3003 4088 3130 4129 vero
3170 4075 3222 4128 in
3281 4074 3388 4128 vita
3428 4075 3548 4130 l'ue-

1982 4170 2076 4235 rit,
2110 4175 2313 4225 statum
2357 4176 2411 4221 et
2450 4167 2629 4221 locum
2674 4163 3010 4221 consistendi
3059 4178 3166 4219 non
3229 4164 3411 4220 habet.
3447 4166 3550 4218 Aut

1983 4258 2129 4312 enim
2173 4255 2427 4325 impletur
2458 4264 2551 4308 aut
2589 4251 2828 4308 diiﬂalur
2859 4261 3023 4323 atque
3071 4255 3351 4309 evanescit
3382 4262 3435 4310 et
3465 4270 3552 4310 ex-

1987 4347 2252 4412 inanitur,
2301 4354 2396 4401 aut
2448 4361 2546 4416 per
2599 4353 2888 4417 utrumque
2929 4346 2984 4401 in
3024 4354 3345 4417 perpetuum
3397 4360 3552 4415 prora

1988 4452 2085 4493 sus
2132 4436 2477 4508 transigitur.
2530 4435 2590 4490 Si
2633 4436 2803 4505 igitur
2856 4452 2955 4493 nec
2993 4439 3086 4507 qui
3140 4448 3299 4493 natus
3334 4438 3552 4509 quidem

1986 4537 2092 4594 est,
2138 4529 2356 4584 interim
2415 4528 2542 4583 dum
2586 4529 2752 4593 vivit,
2785 4530 2925 4585 idem
2976 4540 3082 4593 est.
3129 4545 3230 4585 nee
3268 4531 3314 4587 is
3372 4537 3554 4585 manet

1985 4619 2078 4689 qui
2102 4618 2222 4674 heri
2268 4617 2485 4681 fuisset,
2539 4617 2634 4673 sed
2668 4633 2765 4688 per
2805 4618 3238 4675 immutationem
3268 4619 3408 4674 alius
3437 4633 3554 4674 eva-

2198 4776 2444 4844 Λίγνην.
2618 4776 2825 4842 λιγνῦν.

2057 4845 2172 4915 (17)
2204 4847 2474 4912 Κίνησις.
2502 4845 2646 4899 Delet
2679 4847 2739 4899 Β.

2058 4915 2172 4985 (181
2196 4915 2439 4981 Λίγνην.
2466 4915 2520 4985 Β
2543 4915 2747 4981 λιγνῦν.

2062 4984 2170 5053 (19)
2215 4984 2589 5038 'AJJocof'Ua.
2618 4985 2656 5034 Β
2682 4984 3051 5054 ἀλλοτριοῦσα.

2066 5055 2182 5121 (20)
2215 5056 2428 5107 Τοίνυν
2458 5054 2571 5119 δίς.
2598 5055 2640 5105 Α
2673 5056 2777 5106 τινί
2801 5072 2897 5117 τις.

2064 5123 2511 5196 (21)1Ϊινομρνη.
2538 5126 2576 5176 Α
2598 5126 2655 5196 in
2683 5132 2831 5179 textu
2853 5127 3213 5196 γενησομένη,
3236 5126 3290 5180 in
3319 5126 3560 5192 margine

1986 5191 2346 5263 γεννωμένη,
2367 5191 2409 5245 Β
2444 5193 2748 5262 γενωμένη.

2215 5263 2587 5335 Ἐπίρῤντον.
2620 5263 3012 5335 Λλὲτείῤῥητον.

2084 5267 2147 5315 22
2215 5267 2587 5330 Ἐπίρῤυτον.
2620 5267 2664 5314 Λ
2699 5267 3012 5335 ὲπίρῤητον.

2082 5267 2177 5453 25)
2214 5332 2643 5401 Πορευόμενον.
2667 5332 2710 5385 Δ
2752 5332 2793 5385 Β
2820 5336 2873 5387 in
2906 5335 3150 5405 margine
3198 5330 3560 5407 πορευόμενόν

2083 5419 2154 5453 κα
2208 5400 2524 5453 κινούμενον
2552 5401 2673 5453 τότε
2711 5404 2946 5453 ἵσταται.

1989 5419 2049 5454 τε
2074 5400 2177 5453 καὶ
2208 5400 2524 5471 κινούμενον
2552 5401 2673 5453 τότε
2711 5404 2946 5456 ἵσταται.

2063 5472 2179 5542 (24)
2211 5470 2575 5542 Διαπνέεται.
2628 5470 2669 5524 Β
2702 5472 3022 5542 διαπνείται.

2226 5540 2596 5614 “gratim-ﬁ,
2629 5541 2742 5614 ΔΑΒ
2771 5542 3077 5614 ὑπαλλαγῇ.

2075 5610 2189 5681 (26)
2228 5611 2349 5666 Τῶν
2373 5611 2458 5665 δέ.
2495 5612 2538 5664 Α
2570 5612 2607 5663 Ii
2633 5612 2741 5665 τῶν
2781 5630 2857 5666 τε.
