4046 6350
462 257 567 312 145

1713 256 1767 311 S.
1811 251 2134 310 GREGORII
2169 253 2464 311 NYSSENI

3640 256 3737 312 Nl

462 367 542 429 dit
607 387 786 429 zeum
849 373 1185 429 resurrectio
1272 388 1478 444 corpus
1556 384 1802 429 nostrum
1860 386 2054 427 rursus

2157 373 2356 427 νὸντων
2399 375 2538 446 ὑπὲρ
2590 390 2689 443 της
2730 372 3007 437 εὐσεϐείας
3053 371 3152 436 τάς
3190 372 3444 442 ἀλγεινὰς
3474 372 3586 445 (27)
3633 374 3737 428 τῶν

464 469 530 522 ad
575 467 742 520 vitam
795 466 1110 532 reduxerit,
1168 465 1403 536 populus
1478 466 1700 536 quidam
1764 465 2044 519 hominum

463 567 693 625 prorsus
736 567 881 608 unus
930 551 1158 617 evadet,
1221 561 1281 607 ut
1318 553 1456 608 nihil
1502 555 1646 610 absit
1711 555 1781 608 ab
1841 569 1909 609 co
1952 554 2046 624 qui

465 644 723 714 resurgit,
765 643 950 698 iul'ans
972 642 1257 707 videlicet,
1291 645 1474 714 pusio,
1534 660 1692 715 puer,
1727 642 2049 700 adolescen-

464 737 637 801 tulus,
676 735 797 799 vir,
835 742 1023 805 pater,
1059 749 1247 799 senex,
1283 742 1337 789 ct
1380 735 1563 790 omnia
1595 751 1716 805 quae
1765 736 1904 789 inter
1935 735 2048 789 haec

466 827 832 880 intercedunt.
876 823 1047 879 Porro
1099 839 1223 879 cum
1287 826 1626 879 continentia
1661 835 1828 896 atque
1860 825 2046 879 incon-

463 917 694 970 tinentia
778 930 876 986 per
920 930 1141 970 carnem
1211 924 1564 980 exerceatur,
1637 924 1752 971 tum
1828 923 2050 986 propter

468 1009 720 1079 pietatem
757 1006 942 1078 gravia
997 1014 1160 1078 atque
1209 1008 1407 1063 acerba
1451 1008 1718 1078 supplicia
1772 1009 2048 1065 sustinen-

464 1103 627 1158 tium.
660 1109 802 1155 .tum
843 1101 1015 1155 animi
1087 1100 1317 1155 mollitia
1378 1102 1767 1173 refugientium
1819 1103 1934 1157 [nec
1965 1111 2047 1156 at-

465 1209 572 1263 que
610 1193 899 1247 vitantium
930 1232 945 1257 ,
996 1202 1050 1247 et
1081 1207 1178 1263 per
1224 1207 1447 1247 sensum
1484 1209 1809 1263 corporeum
1856 1196 2048 1250 horum

468 1294 765 1355 utrumque
830 1284 1279 1355 designantium:
1320 1286 1411 1354 qui
1473 1286 1585 1339 ﬁeri
1634 1296 1845 1356 potest,
1907 1297 1963 1340 ut
1998 1288 2048 1341 id

465 1375 611 1444 quod
664 1375 875 1445 justum
926 1383 1030 1437 est,
1078 1376 1131 1429 in
1166 1374 1378 1445 judicio
1429 1376 1735 1431 servetur?
1774 1378 1882 1430 Aut
1925 1392 2048 1431 cum

466 1468 611 1522 idem
660 1481 807 1522 nunc
851 1466 1070 1537 quidem
1132 1468 1479 1537 peccaverit,
1526 1477 1712 1537 postea
1768 1483 1900 1523 vero
1956 1484 2051 1538 per

464 1557 845 1627 paenitentiam
889 1571 1011 1613 sese
1042 1556 1375 1625 expiaverit,
1402 1570 1467 1609 ac
1503 1555 1736 1630 fortasse
1768 1572 1958 1612 rursus
1995 1557 2061 1612 in'

465 1655 748 1719 peccatum
801 1663 867 1703 ac
904 1648 1166 1703 delictum
1207 1648 1394 1717 lapsus
1446 1647 1541 1710 sit,
1609 1662 1734 1701 cum
1788 1648 1915 1703 item
1954 1663 2052 1719 per

2152 465 2446 530 κολάσεων,
2481 465 2593 520 τῶν
2621 483 2678 519 τε
2695 461 2764 519 αὖ
2799 464 3252 535 μαλακιζομένων
3279 464 3416 536 πρὸς
3434 464 3607 517 ταῦτα
3629 466 3738 533 (‘38)

2148 556 2237 611 διὰ
2266 556 2367 626 τῆς
2394 556 2716 628 σωματικῆς
2736 555 3066 626 αἰσθήσεως,
3097 554 3374 625 ἑκατέρων
3401 553 3513 624 (29)
3537 554 3738 608 τούτων

2151 648 2629 718 ἐπιδεικνυμένων,
2664 646 2782 709 πῶς
2820 645 2935 699 ἔστι
2965 645 3115 717 παρὰ
3146 645 3246 717 τὴν
3278 644 3393 717 (50)
3421 645 3606 715 κρίσιν
3626 645 3736 700 δια-

2151 734 2388 805 σωθῆναι
2417 735 2479 789 τὸ
2502 734 2712 789 δίκαιον
2742 734 2856 807 (51)
2884 752 2899 801 ;
2938 736 3006 788 Ἦ
3051 734 3146 788 τοῦ
3179 733 3296 805 (52)
3323 732 3487 788 αὐτοῦ
3515 733 3612 788 νῦν
3641 736 3739 806 μὲν

2150 826 2702 899 πεπλημμεληκότος,
2734 823 2894 891 αὖθις
2933 826 2990 880 δὲ
3017 827 3106 882 διὰ
3138 827 3503 898 μεταμελείας
3549 829 3740 882 ἑαυτὸν

2150 917 2560 988 ὲκκαθάραντος
2619 916 2769 988 (55),
2829 915 2934 970 κᾶν
2979 914 3124 968 οὕτω
3158 915 3299 986 τύχῃ
3352 914 3513 969 πάλιν
3556 917 3648 970 ἐπὶ
3679 917 3741 969 τὸ

2151 1006 2470 1078 πλημμελὲς
2491 1008 2898 1080 ὀλισθήσαντος,
2927 1006 3367 1078 ὑπαμειφθέντος
3386 1006 3444 1061 δὲ
3476 991 3617 1062 κατὰ
3638 1008 3743 1078 τὴν

2149 1098 2469 1153 ἀκολουθίαν
2505 1100 2605 1171 τῆς
2638 1099 2874 1170 φύσεως,
2912 1098 3008 1152 καὶ
3044 1098 3142 1152 τοῦ
3186 1099 3600 1170 μεμολυσμένου
3644 1100 3741 1152 καὶ

2150 1189 2241 1242 τοῦ
2265 1188 2567 1261 άμολύντου
2613 1189 2883 1260 σώματος,
2915 1191 3010 1244 καὶ¹
3043 1189 3170 1262 μήθ’
3193 1186 3381 1261 ἐτέρου
3395 1189 3507 1260 (54)
3538 1189 3742 1244 τούτων

2151 1282 2229 1344 εἰς
2266 1281 2328 1332 τὸ
2363 1281 2607 1353 διηνεκὲς
2660 1281 3058 1354 ὲξαρκέσαντος
3084 1322 3099 1344 ,
3154 1282 3305 1333 ποῖον
3338 1280 3419 1351 τῷ
3457 1279 3743 1350 ἀκολάστῳ

2154 1370 2313 1442 σῶμα
2351 1371 2873 1443 συγκολασθήσεται,
2929 1372 2990 1426 τὸ
3041 1371 3307 1445 ῥικνωθὲν
3364 1373 3424 1425 ὲν
3472 1371 3551 1442 τῷ
3594 1373 3741 1443 γήρᾳ

2153 1463 2289 1534 πρὸς
2308 1462 2386 1533 τῷ
2408 1462 2658 1535 θανάτῳ;
2705 1464 2845 1517 Ἀλλ’
2878 1464 3066 1536 ἕτερον
3104 1459 3173 1536 ἦν
3194 1465 3353 1518 τοῦτο
3376 1463 3530 1535 παρὰ
3554 1463 3617 1516 τὸ
3643 1465 3744 1535 τὴν

2151 1555 2430 1626 ἁμαρτίαν
2468 1557 2934 1627 κατειργασμένον
2979 1546 3115 1629 (55),
3168 1557 3284 1612 ἀλλ’
3333 1559 3471 1627 ὅπερ
3501 1573 3740 1626 κατεμο-

2152 1645 2316 1717 λύνθη
2344 1645 2421 1717 τῷ
2453 1646 2648 1715 πάθει;
2681 1648 2774 1701 καὶ
2803 1649 2906 1702 ποῦ
2940 1652 2972 1704 ό
2991 1650 3340 1721 πρεσϐύτηςς
3371 1649 3442 1701 Ἤ
3487 1648 3596 1719 γὰρ
3641 1647 3741 1700 οὐκ

467 1747 675 1794 natura:
732 1739 1198 1803 vicissitudinem,
1248 1746 1362 1792 tum
1400 1738 1766 1809 inquinatum,
1831 1748 1947 1792 tum
1979 1739 2049 1794 ab

2157 1713 2526 1809 ἀναστήσεται
2575 1713 2749 1804 οὗτος,
2785 1742 2878 1793 καὶ
2908 1743 3010 1795 οὐκ
3038 1713 3314 1812 ένεργδςνὴ
3344 1713 3672 1802 ἀνάστασις⁸
3703 1738 3739 1810 ἦ

465 1831 847 1901 inquinatione
886 1845 1119 1885 vacuum
1181 1844 1385 1901 corpus
1424 1831 1770 1885 immutatum
1835 1829 1998 1885 fuerit
2030 1847 2045 1896 ;

465 1931 519 1976 ct
561 1930 815 1977 neutrum
858 1924 1051 1976 horum
1108 1921 1162 1975 in
1234 1931 1554 1993 perpetuum
1633 1921 1911 1976 sull‘ecerit
1960 1929 2047 1975 at-

2153 1822 2308 1893 οὗτος
2333 1828 2712 1900 ἐγερθήσεται,
2743 1833 2837 1885 καὶ
2876 1832 3222 1902 διαφεύξεται
3246 1833 3345 1904 τὴν
3362 1832 3531 1909 (δίκην
3561 1832 3738 1885 δὺπο-

2156 1921 2428 1991 κείμενος.

465 2030 572 2083 que
620 2014 928 2076 duraverit,
991 2012 1277 2083 qualenam
1350 2028 1548 2082 corpus
1606 2028 1714 2067 una
1785 2027 1911 2067 cum
1966 2013 2387 2083 intemperante,
2455 2021 2619 2083 atque
2671 2012 3045 2070 inconttncitte
3101 2016 3395 2084 punietur;
3438 2023 3622 2082 utrum
3685 2014 3738 2066 id

464 2107 612 2178 quod
664 2107 719 2159 in
781 2113 1066 2160 senectute
1106 2103 1267 2157 morti
1319 2104 1557 2159 vicinum
1608 2110 1956 2157 contractum
1991 2111 2046 2157 et
2100 2104 2449 2157 incurvatum
2507 2103 2671 2158 fuerit
2714 2106 2737 2156 ζ’
2786 2105 2855 2158 At
2931 2105 3033 2159 hoc
3085 2103 3233 2158 aliud
3273 2115 3423 2159 esset
3474 2117 3636 2174 atque
3685 2102 3740 2156 id

465 2198 609 2269 quod
672 2205 953 2265 peccatum
1020 2194 1413 2264 perpetraverit
1454 2208 1522 2248 an
1591 2194 1644 2248 id
1704 2195 1849 2264 quod
1903 2195 2035 2250 vitio
2116 2195 2533 2266 coinquinatum
2577 2192 2882 2250 fueritiEt
2912 2194 3004 2249 tibi
3053 2195 3268 2251 senex?
3329 2193 3463 2248 Nam
3503 2201 3597 2248 aut
3652 2194 3742 2248 hic

466 2305 575 2345 non
615 2295 888 2357 resurget,
915 2294 969 2341 et
999 2284 1336 2340 resurrectio
1377 2300 1486 2339 non
1518 2285 2043 2354 repraesentabitur,
2104 2301 2205 2341 nec
2239 2285 2306 2339 ad
2381 2283 2636 2339 elfeetum
2685 2284 3024 2349 deducetur,
3098 2286 3195 2341 sed
3251 2285 3499 2342 ineﬂicax
3568 2286 3672 2341 erit
3721 2303 3734 2349 ;

467 2396 561 2440 aut
606 2385 694 2437 hic
727 2390 1027 2451 resurget,
1092 2388 1145 2437 et
1194 2381 1459 2451 judicium
1514 2395 1577 2435 ac
1637 2395 1853 2451 pronam
1902 2379 2122 2453 cﬂ‘ugiet
2159 2381 2436 2437 obnoxius
2481 2388 2646 2452 atque
2701 2380 3007 2452 subjectus.

536 2523 723 2596 Dicam
780 2524 945 2579 etiam
1019 2520 1226 2591 aliquid
1282 2534 1347 2576 ex
1402 2521 1467 2576 iis
1535 2535 1657 2591 qua:
1721 2519 2057 2589 objiciuntur

468 2616 626 2671 nobis
665 2615 733 2669 ab
783 2614 890 2669 illis
924 2614 1017 2684 qui
1055 2612 1199 2667 hanc
1236 2611 1542 2667 doctrinam
1582 2628 1691 2668 non
1727 2613 2054 2683 approbant.

380 2774 391 2781 ’
467 2704 633 2768 lt‘iihil,
684 2701 960 2773 inquiunt,
1017 2716 1085 2756 ex
1124 2699 1373 2770 partibus
1405 2706 1460 2754 et
1499 2699 1764 2755 membris
1805 2699 2053 2770 corporis

467 2798 701 2850 otiosum
748 2803 802 2849 et
851 2794 968 2849 sine
996 2792 1181 2862 aliquo
1204 2790 1381 2845 oﬂicio
1420 2799 1583 2862 atque
1605 2807 1707 2846 usu
1756 2801 1952 2846 natura
1976 2790 2055 2845 fe-

468 2887 562 2959 t:_'tl.
615 2883 750 2939 Nam
810 2884 916 2938 alia
960 2881 1179 2954 quidem
1229 2881 1446 2937 vivendi
1506 2896 1729 2937 causam
1782 2883 1838 2937 in
1893 2883 2054 2940 nobis

470 2998 534 3039 ac
590 2978 697 3032 vim
739 2977 1041 3043 continent,
1083 2975 1203 3030 sine
1260 2973 1463 3042 quibus
1504 2973 1617 3029 ﬂeri
1666 2989 1774 3028 non
1831 2984 2053 3045 potest,

472 3084 531 3143 ut
570 3074 680 3127 vita
728 3084 892 3140 quam
932 3067 984 3121 iu
1035 3077 1201 3120 carne
1266 3065 1623 3134 transigimus
1666 3067 1967 3123 consistat:
2005 3077 2061 3123 ut

470 3182 585 3229 cor,
642 3164 839 3235 jecur,
894 3157 1213 3220 cerebrum,
1278 3157 1486 3227 pulmo,
1547 3168 1756 3223 venter,
1825 3168 1879 3215 et
1935 3160 2061 3215 relio

470 3274 578 3330 qua
616 3258 873 3321 viscera;
905 3251 1008 3305 alia
1044 3263 1172 3306 vero
1234 3248 1506 3305 sentiendi
1559 3251 1733 3306 motui
1776 3252 2061 3309 destinata

473 3359 636 3416 atque
675 3344 934 3400 attributa
970 3348 1134 3396 sunt-
1202 3337 1306 3394 alia
1350 3339 1479 3394 item
1527 3341 1721 3411 agendi
1780 3357 1845 3398 ac
1883 3350 2061 3400 trans-

472 3439 635 3494 eundi
674 3436 851 3492 ollieio
880 3434 1201 3504 funguntur;
1229 3431 1332 3487 alia
1373 3431 1503 3487 item
1545 3432 1611 3488 ad
1654 3435 2061 3492 successionem

472 3539 817 3602 posterorum
874 3525 1068 3594 idonea
1106 3532 1270 3595 atque
1338 3525 1752 3581 accommodata
1790 3539 1936 3583 sunt.
2000 3527 2057 3584 Si

473 3625 637 3694 igitur
678 3636 773 3692 per
829 3619 1017 3675 eadem
1057 3615 1277 3687 quidem
1337 3616 1496 3672 nobis
1550 3617 1662 3672 vita
1690 3657 1705 3683 ,
1744 3633 1866 3690 quae
1934 3628 2058 3690 post

474 3715 578 3768 hac
618 3713 744 3778 erit,
782 3709 1163 3767 excercebitur
1197 3717 1361 3778 atque
1395 3708 1760 3781 transigetur,
1824 3712 1893 3767 ad
1922 3712 2058 3766 nihil

475 3804 748 3859 traductio
782 3810 967 3870 atque
1022 3798 1327 3857 immutatio
1370 3802 1469 3863 lit;
1534 3801 1619 3854 sin
1692 3809 1872 3856 autem
1930 3818 2062 3859 vera

474 3904 559 3950 est
607 3893 784 3949 oratio
815 3893 918 3963 (ut
949 3892 1208 3947 nimirum
1240 3898 1367 3944 vera
1401 3892 1530 3960 est)
1584 3906 1705 3961 quze
1747 3908 1921 3962 neque
1946 3910 2062 3949 ma-

476 3985 792 4042 trimonium
840 3984 894 4037 iu
961 3998 1027 4037 ea
1070 3981 1177 4036 vita
1230 3996 1351 4052 qua:
1391 3982 1852 4038 resurrectionem
1903 4000 2060 4041 exce-

483 4088 643 4151 ptura
688 4077 760 4133 sit
792 4076 1027 4145 amplius
1077 4074 1255 4131 locum
1307 4073 1513 4130 habere
1560 4072 1830 4143 allii-mat,
1884 4091 2060 4148 neque

476 4172 602 4226 cibo
639 4185 703 4225 ac
736 4168 957 4240 porione
1004 4182 1126 4221 eam
1165 4166 1328 4220 vitam
1379 4179 1501 4236 quae
1569 4172 1700 4221 tunc
1742 4165 1927 4222 futura
1988 4169 2060 4224 sit

481 4260 836 4317 conservari:
876 4259 1001 4329 quis
1049 4256 1156 4312 erit
1196 4271 1330 4312 usus
1358 4256 1611 4327 corporis
1650 4257 1906 4328 partium,
1931 4274 2056 4314 cum

478 4368 584 4407 non
646 4352 880 4421 amplius
932 4364 998 4405 ea
1060 4356 1282 4419 propter
1322 4363 1445 4419 qua:
1499 4363 1646 4403 nunc
1686 4351 1927 4404 membra
1959 4350 2055 4405 lia-

477 4442 668 4497 bumus
718 4411 813 4510 per
867 4440 1013 4493 illam
1072 4439 1236 4493 vitam
1267 4439 1625 4508 sperentur?
1679 4437 1815 4495 Nam
1863 4440 1907 4497 si
1961 4457 2060 4496 nu-
2091 4411 2132 4467 ί)

478 4533 718 4602 ptiarum
762 4545 930 4585 causa
992 4537 1121 4587 sunt
1153 4545 1216 4585 ea
1272 4529 1542 4596 membra,
1587 4547 1709 4602 quae
1738 4529 1804 4586 ad
1865 4534 2056 4588 matri-

480 4623 723 4677 monium
763 4622 1059 4690 pertinent,
1088 4635 1210 4674 cum
1242 4620 1443 4690 nuptiae
1498 4635 1603 4675 non
1656 4618 1891 4688 fuerint,
1921 4623 2056 4677 nihil

477 4729 617 4784 opus
657 4712 923 4767 habemus
975 4711 1041 4764 iis
1090 4725 1211 4779 qua:
1268 4711 1334 4764 ad
1377 4711 1498 4767 illas
1549 4719 1736 4780 parata
1777 4721 1927 4768 sunt.
1964 4714 2056 4769 Sic

478 4807 544 4861 ad
578 4820 715 4875 opus
753 4819 968 4869 manus,
1012 4803 1077 4857 ad
1146 4816 1368 4857 cursum
1424 4802 1611 4871 pedes,
1656 4803 1722 4855 ad
1781 4806 2050 4875 sumptio-

548 5000 662 5071 (27)
705 4999 1035 5070 Ἀλγεινάς.
1079 4998 1120 5071 [1
1148 4998 1466 5071 ἀλγηδόνας.

549 5068 667 5144 (28)
699 5068 908 5144 Ταῦτα.
942 5073 983 5122 Λ
1014 5069 1185 5144 ταύτα
1215 5068 1325 5144 καί.
1373 5068 1414 5121 li
1441 5068 1666 5132 ταύτας.

547 5140 661 5211 (9.9)
696 5140 1040 5211 Ἑκατέρῳν.
1073 5142 1123 5211 A7
1138 5140 1424 5211 ἑκάτερον.

549 5210 662 5284 (511)
688 5210 1015 5284 Πειρᾷ-τήν.
1043 5210 1169 5284 A_in
1201 5210 1448 5284 margine
1476 5210 1606 5279 περὶ
1633 5210 1754 5280 τήν.

550 5278 663 5352 (51)
700 5280 770 5333 Τὸ
807 5281 1061 5352 δίκαιον.
1085 5279 1135 5352 VB
1168 5279 1259 5352 τὸν
1283 5278 1511 5352 δέκαιον.

548 5347 662 5420 (δε)
691 5353 759 5406 Ἠ
788 5347 916 5406 rei}.
946 5349 1014 5420 711.
1048 5351 1098 5402 εί
1119 5350 1212 5403 ἐπὶ
1235 5348 1352 5402 τοῦ.

571 5418 662 5490 55)
708 5419 1192 5488 Ἐκκαθίίραντος.
1223 5422 1288 5475 Α.
1318 5418 1743 5490 έκκᾳθήραντος.

572 5489 661 5553 54)
684 5490 834 5556 Μήθ’
865 5490 1090 5558 ἐτέρου.
1120 5490 1161 5543 Β
1218 5490 1343 5560 μηδ’
1364 5489 1573 5561 ἐτέρου.

687 5561 1224 5641 [ςαθειργᾳσμένον.
1326 5559 1826 5641 κατεργασάμενον.

574 5630 663 5702 56)
698 5632 911 5697 φησιν.
924 5631 981 5702 _A
1023 5630 1077 5702 in
1106 5631 1351 5702 margine
1385 5631 1568 5700 φασίν.

578 5699 813 5770 57)Δ1ά.
853 5703 898 5752 Α
922 5699 962 5753 11
991 5699 1088 5771 τὴν
1121 5700 1228 5754 δμά.

2229 2521 2389 2574 Εἴπω
2418 2537 2474 2573 τι
2515 2520 2610 2574 καὶ
2662 2520 2791 2575 ἄλλο
2831 2519 2942 2575 τῶν
2974 2520 3398 2593 προφερομένων
3431 2522 3564 2592 ἡμῖν
3589 2518 3744 2589 παρὰ

2154 2613 2263 2667 τῶν
2318 2613 2379 2665 οὐ
2430 2610 2765 2682 δεδεγμένων
2811 2611 2908 2665 τὸν
2952 2612 3130 2682 λόγον.
3175 2612 3365 2677 Οὐδὲν,
3398 2611 3563 2683 φησὶν
3604 2612 3740 2682 (511),

2155 2704 2438 2775 ἄπρακτον
2456 2702 2566 2757 τῶν
2593 2703 2650 2757 ἐν
2676 2701 2756 2773 τῷ
2787 2702 3007 2774 σώματι
3034 2703 3240 2775 μορίων
3262 2702 3470 2774 ἡφύσις
3494 2702 3739 2772 ἐποίησε.

2156 2788 2238 2843 Τὰ
2268 2789 2367 2860 μὲν
2398 2788 2506 2860 γὰρ
2522 2788 2621 2861 τὴν
2651 2789 2747 2843 τοῦ
2793 2789 2895 2861 ζῇν
2932 2791 3113 2846 αίτίαν
3153 2790 3248 2847 καὶ
3271 2790 3498 2863 δύναμιν
3526 2793 3586 2846 ἑν
3608 2793 3745 2863 ἡμῖν

2160 2877 2297 2949 ἔχει,
2312 2873 2386 2933 ὧν
2402 2879 2530 2933 ἄνευ
2550 2880 2809 2952 συστῆναι
2823 2880 2912 2935 διὰ
2922 2879 3037 2953 (57)
3055 2880 3259 2953 σαρκὸς
3273 2880 3418 2953 ζωὴν
3431 2882 3589 2955 ἡμῶν
3604 2883 3743 2953 (58).

2162 2972 2262 3025 ούκ
2294 2968 2741 3042 ἐνδέχεται,οἷον,
2788 2972 3004 3044 καρδία,
3030 2968 3207 3047 ἧπαρ,
3240 2975 3556 3045 ἐγκέφαλος,
3589 2974 3747 3029 πνεύ-

2167 3082 2304 3135 μων,
2323 3065 2556 3136 γαστὴρ,
2588 3066 2682 3120 καὶ
2708 3065 2776 3119 τὰ
2821 3065 2985 3119 λοιπὰ
3023 3066 3308 3137 σπλάγχνα
3330 3083 3344 3098 ’
3372 3066 3441 3120 τὰ
3471 3067 3529 3120 δὲ
3561 3069 3636 3139 τῇ
3659 3068 3746 3122 αἰ·-

2164 3155 2394 3227 σθητικῇ
2420 3157 2631 3228 κινήσει
2670 3156 3125 3229 ἀποκεκλήρωται
3146 3175 3161 3190 ο
3186 3158 3255 3212 τὰ
3276 3157 3334 3211 δὲ
3352 3161 3453 3229 τῆς
3483 3176 3743 3227 παρεκτι-

2163 3248 2265 3318 κῆς
2296 3248 2406 3320 (59)
2437 3250 2531 3315 κα),
2560 3249 2932 3320 μεταϐατικῆς
2962 3249 3242 3320 ἐνεργείας
3297 3249 3465 3304 ἐστίν·
3517 3250 3651 3307 ἄλλα
3687 3250 3747 3305 δέ

2163 3339 2300 3410 πρὸς
2320 3339 2418 3410 τὴν
2442 3339 2694 3412 διαδοχὴν
2709 3340 2818 3395 τῶν
2843 3340 3239 3412 ἐπιγινομένων
3262 3340 3583 3411 ἐπιτηδείως
3608 3341 3743 3411 ἔχει.

2163 3431 2225 3483 Εἰ
2256 3430 2356 3500 μὲν
2408 3426 2501 3486 οὖν
2549 3433 2609 3485 ὲν
2660 3434 2773 3496 τοῖς
2819 3432 3003 3496 αὐτοῖς
3025 3433 3158 3503 ἡμῖν
3183 3433 3212 3487 ὁ
3248 3432 3388 3503 μετὰ
3422 3431 3594 3486 ταῦτα
3631 3432 3743 3502 βίος

2164 3521 2336 3587 ἔσται,
2371 3522 2508 3594 πρὸς
2534 3524 2688 3577 οὐδὲν
2709 3525 2743 3595 ἡ
2765 3524 3095 3595 μετάστασις
3116 3523 3325 3593 γίνεται
3341 3539 3356 3556 ο
3390 3523 3512 3578 εἰδὲ
3539 3523 3747 3596 ἀληθὴς

2161 3615 2190 3666 ὁ
2211 3613 2367 3682 λόγος
2395 3614 2605 3685 (ὥσπερ
2636 3610 2730 3669 οὖν
2755 3617 2905 3670 ἐστιν
2932 3615 3181 3688 ἀληθὴς),
3213 3617 3243 3671 ὁ
3274 3615 3412 3687 μήτε
3437 3615 3616 3686 γάμον
3642 3617 3746 3685 ὲμ-

2167 3703 2548 3759 πολιτεύεσθαι
2580 3705 2657 3777 τῷ
2690 3705 2830 3778 μετὰ
2856 3705 2955 3779 τὴν
2982 3707 3280 3763 ἀνάστασιν
3310 3705 3413 3778 βιῳ
3435 3706 3748 3778 διοριζόμε-

2163 3814 2271 3861 νος,
2301 3800 2437 3868 μήτε
2464 3796 2554 3851 διὰ
2587 3797 2841 3870 βρώσεως
2870 3799 2964 3853 καὶ
2990 3798 3209 3863 πόσεως
3236 3797 3334 3870 τὴν
3360 3798 3486 3857 τότε
3510 3797 3744 3871 διακρα-

2161 3887 2367 3942 τεῖσθαι
2396 3887 2564 3961 ζωὴν,
2584 3889 2667 3954 τίς
2695 3888 2846 3945 ἔσται
2874 3889 3068 3962 χρῆσις
3097 3889 3207 3947 τῶν
3239 3888 3421 3963 μερῶν
3441 3887 3538 3944 τοῦ
3559 3888 3749 3961 σώμα-

2162 3995 2273 4043 τος,
2295 3979 2477 4034 οὐκέτι
2502 3979 2612 4034 τῶν
2636 3979 2702 4034 δι’
2733 3979 2772 4035 ἃ.
2804 3977 2901 4034 νῦν
2927 3979 3135 4036 ἐστιτὰ
3157 3979 3294 4051 μέλη
3319 3979 3462 4036 κατὰ
3482 3978 3749 4052 τὴνζωὴν

2161 4071 2374 4141 ἐκείνην
2391 4070 2758 4143 ἐλπιζομένων
2775 4087 2791 4138 ;
2819 4072 2883 4126 Εἰ
2905 4070 3014 4143 γάρ
3026 4069 3122 4124 τοῦ
3145 4070 3323 4141 γάμου
3337 4071 3498 4143 χάριν
3514 4070 3586 4126 τὰ
3603 4070 3745 4143 πρὸς

2158 4163 2251 4217 τὸν
2287 4163 2464 4234 γάμον
2511 4165 2628 4218 ἐστὶ
2683 4164 2821 4236 μέλη
2852 4164 2991 4233 (10),
3013 4164 3143 4218 ὅταν
3183 4163 3296 4234 (41)
3324 4165 3532 4229 ἐκεῖνος
3568 4164 3645 4236 μὴ
3680 4159 3741 4238 ᾗ.

2159 4254 2279 4308 οὐδὲ
2315 4255 2424 4310 τῶν
2448 4255 2583 4327 πρὸς
2618 4256 2823 4309 ἐκεῖνον
2845 4255 2958 4327 (42)
2987 4255 3235 4327 δεόμεθα.
3268 4255 3427 4311 Οὕτω
3470 4256 3583 4327 (45)
3606 4257 3744 4329 πρὸς

2159 4345 2220 4398 τὸ
2241 4345 2401 4417 ἔργον
2418 4347 2476 4401 αἱ
2508 4350 2707 4419 χεῖρες,
2747 4347 2842 4402 καὶ
2862 4348 2999 4419 πρὸς
3023 4347 3116 4403 τὸν
3143 4348 3346 4420 δρόμον
3365 4349 3415 4403 oi
3435 4348 3614 4413 πόδες,
3647 4349 3744 4403 καὶ

2166 4437 2300 4508 πρὸς
2334 4437 2436 4510 τὴν
2484 4438 2798 4511 παραδοχὴν
2830 4439 2946 4512 (44)
2981 4438 3092 4495 τῶν
3121 4440 3306 4496 σιτίων
3333 4439 3626 4512 τδυστόμα,
3647 4441 3745 4496 καὶ

2165 4534 2217 4585 οἱ
2247 4532 2456 4598 ὀδόντες
2486 4534 2624 4605 πρὸς
2643 4533 2743 4605 τὴν
2758 4533 2857 4605 τῆς
2891 4533 3102 4605 τροφῆς
3126 4533 3456 4606 ὑπηρεσίαν,
3482 4532 3742 4606 καὶπρὸς

2163 4623 2264 4696 τὴν
2298 4625 2462 4695 πέψιν
2488 4625 2558 4679 τά
2581 4625 2884 4696 σπλάγχνα,
2933 4625 3028 4680 καὶ
3051 4624 3188 4697 πρὸς
3210 4624 3311 4696 τὴν
3344 4623 3614 4696 ἀποϐολὴν
3633 4624 3747 4679 τῶν

2165 4715 2573 4786 άχρειωθέντων
2595 4717 2649 4769 οἱ
2670 4715 2902 4783 ἐξοδικοὶ
2926 4716 3040 4787 (45)
3058 4714 3168 4770 τῶν
3188 4715 3371 4787 πόρων
3411 4713 3545 4786 (46).
3574 4715 3745 4769 Ὅταν

2160 4803 2253 4861 οὖν
2280 4807 2393 4877 (47)
2438 4809 2622 4863 ἐκεῖνα
2663 4809 2738 4881 μὴ
2763 4805 2821 4883 ᾖ,
2848 4810 2918 4865 τὰ
2933 4810 3000 4864 δι’
3031 4812 3214 4866 ἐκεῖνα
3236 4808 3496 4880 γινομένα
3558 4807 3676 4872 πῶς
3704 4806 3743 4877 ἢ

2237 5004 2353 5075 (58)
2395 5005 2600 5075 Ἠμῶν.
2636 5005 2790 5061 Delet
2817 5006 2878 5060 Β.

2233 5076 2344 5148 es»
2381 5077 2777 5148 παρεκτεκῆς.
2815 5077 2859 5131 Α
2883 5076 2938 5148 B_
2964 5075 3297 5148 πρακτικῆς.

2255 5144 2346 5213 40)
2375 5145 2564 5213 Μέλη.
2614 5146 2804 5201 Delcnt
2834 5148 2876 5200 Λ
2908 5146 2969 5200 Β.

2252 5214 2343 5270 41)
2377 5214 2545 5269 Οὺὸἐ.
2576 5219 2618 5269 Α
2653 5216 2825 5270 οὐδέν.

2230 5286 2345 5353 (42)
2391 5286 2680 5340 Ἐκεῖνον.
2714 5286 2756 5340 Α
2794 5285 2834 5338 Β
2865 5288 3067 5342 ἐκεῖνο.

2256 5354 2346 5411 45)
2382 5355 2570 5411 Οὕτω.
2613 5357 2657 5410 Α
2683 5355 2722 5409 Β
2750 5356 2896 5411 οὕτω
2921 5355 3035 5410 καί.

2256 5357 2325 5407 45
2382 5357 2570 5411 Οὕτω.
2613 5357 2657 5410 Α
2683 5357 2722 5409 Β
2750 5357 2896 5411 οὕτω
2921 5357 3035 5410 καί.

2231 5357 2346 5498 illi
2380 5425 2762 5498 Παραβοχήντ
2804 5425 2845 5498 l}
2870 5425 3254 5498 παραδρομὴν·

2235 5495 2350 5564 (45)
2394 5495 2701 5559 Ἐξοδικοι.
2736 5495 2783 5548 Α
2812 5496 2854 5548 Β
2874 5495 3187 5564 διεξοδίκόν.

2238 5563 2355 5637 (46)
2388 5565 2618 5637 Πέρωνυ
2646 5565 2691 5637 β
2722 5566 2965 5637 naevum

2237 5630 2352 5706 (ιτ)
2390 5630 2534 5689 οὖν,
2567 5630 2804 5691 aciein;
