4046 6350
296 396 404 462 115

1377 395 1469 451 DE
1499 395 1717 452 ANIMA
1756 397 1845 482 ΕΤ
1887 398 2490 458 RESURRECTIONE.

3475 400 3576 458 116

292 507 439 580 ὑπὲρ
463 507 609 573 τίνος
662 506 837 574 ἔσται,
882 507 958 573 ὡς
986 507 1231 580 ἀνάγκην
1259 503 1420 574 εἶναι,
1452 511 1500 564 εί
1526 510 1625 581 μὲν
1654 509 1766 581 (48)
1796 511 1882 582 εἴη

2001 528 2111 567 mem
2145 514 2397 570 ciborum
2431 529 2530 577 os,
2571 512 2766 568 dentes
2793 510 2861 567 ad
2903 512 3267 570 ministerium
3307 513 3576 579 alimenti,

289 598 526 670 περιττά
557 598 629 654 τά
655 599 884 673 σώματα
921 600 1060 673 πρὸς
1085 600 1236 654 οὐδὲν
1271 600 1406 672 πρὸς
1443 602 1541 673 τῆν
1569 601 1712 673 ζωὴν
1743 603 1883 664 ὲκείτ

291 709 394 763 νην
424 695 704 763 συνεργεῖν
740 693 1021 765 μέλλοντα,
1062 695 1198 766 μηδὲ
1229 692 1342 765 (40)
1383 689 1523 749 εἷναί
1552 713 1606 749 τι
1639 696 1747 751 τῶν
1767 696 1884 765 (50)

289 783 390 837 νῦν
411 783 876 855 συμπληρούντων
903 785 1032 855 ἡμῖν
1063 785 1175 855 (51)
1205 786 1268 838 τὸ
1288 784 1448 857 σῶμα
1473 785 1554 853 (ὲν
1571 785 1750 850 ἄλλοις
1772 785 1882 856 γάρ

291 876 329 946 ἡ
363 874 520 946 ζωὴ),
551 875 646 928 καὶ
694 875 887 928 ,οὐκέτι
917 875 1030 948 (52)
1054 875 1114 929 τὸ
1148 875 1390 930 τοιοῦτον
1431 876 1728 931 ἀνάστασιν
1760 878 1879 930 ὀνο-

292 969 512 1040 μάσειε,
544 967 652 1022 τῶν
686 967 807 1023 καθ’
833 968 1064 1023 ἕκαστον
1095 967 1273 1040 μελῶν
1301 968 1390 1023 διὰ
1420 969 1518 1040 τὴν
1549 969 1734 1042 ἐκείνῃ
1766 969 1880 1040 (55)

289 1065 364 1133 τῇ
401 1059 516 1132 ζωῇ
552 1060 855 1132 ἀχρηστίαν
893 1060 955 1114 οὐ
1003 1059 1476 1131 συνανισταμὲνων
1513 1057 1591 1130 τῷ
1636 1057 1878 1130 aditum;

292 1153 361 1208 Et
385 1154 441 1208 δὲ
455 1153 542 1208 διὰ
566 1154 783 1208 πάντων
804 1153 956 1208 ἔσται
978 1153 1183 1208 τούτων
1203 1152 1438 1225 ἐναργὴς
1457 1153 1570 1223 (54)
1591 1153 1624 1223 ή
1647 1152 1880 1208 ἀνάστα-

294 1262 407 1309 σις,
445 1244 649 1315 μάταια
688 1245 824 1315 ἡμῖν
855 1243 949 1298 καὶ
973 1243 1208 1315 ἀνόνητα
1256 1244 1368 1315 (55)
1425 1242 1562 1315 πρὸς
1605 1241 1703 1314 τὴν
1735 1242 1882 1315 ζωὴν

294 1339 516 1409 ἐκείνην
541 1338 981 1410 δημιουργήσειό
1007 1337 1244 1410 ὲνεργῶν
1274 1339 1373 1408 τὴν
1389 1336 1706 1392 ἀνάστασιν.
1724 1336 1882 1390 ’Λλλά

299 1430 409 1501 μὴν
433 1431 527 1483 καὶ
575 1425 716 1483 εἶναι
747 1427 1022 1483 πιστεύειν
1059 1428 1165 1500 χρὴ
1206 1426 1302 1498 τὴν
1331 1426 1648 1490 ἀνάστασιν,
1682 1427 1778 1480 κα).
1807 1427 1882 1498 μὴ

301 1524 540 1593 ματαίαν
561 1518 724 1578 εἶναι.
741 1521 950 1576 Οὐκοῦν
975 1519 1304 1592 προσεκτέον
1323 1519 1401 1591 τῷ
1426 1519 1589 1591 λόγῳ,
1603 1521 1750 1584 ὅπως
1768 1520 1881 1588 (56)

296 1609 368 1662 ἄν
412 1610 548 1680 ἡμῖν
585 1609 673 1664 διά
705 1608 925 1666 πάντων
956 1611 1015 1664 ἐν
1045 1607 1121 1681 τῷ
1155 1609 1386 1680 δόγματι
1415 1610 1476 1662 τὸ
1511 1609 1656 1674 εἰκὸς
1682 1610 1882 1664 διασώ-

299 1699 472 1762 Com).

1984 604 2054 658 ad
2113 605 2528 661 concoctionem
2577 613 2745 676 atque
2797 604 3164 676 digestionem
3211 605 3426 662 viscera
3457 645 3475 670 ,
3518 612 3578 661 et

1981 696 2050 750 ad
2115 697 2468 768 rejectionem
2501 706 2553 753 et
2603 697 2976 755 excretionem
3038 715 3229 755 eorum
3282 715 3404 770 qua:
3450 716 3579 754 cor-

1977 797 2140 858 rupta
2194 799 2360 860 atque
2405 790 2620 845 inutilia
2666 791 2811 846 facta
2889 799 3065 859 sunt,
3107 800 3321 848 meatus
3368 793 3443 846 illi
3478 807 3577 864 per

1977 897 2115 954 quos
2164 893 2452 940 transeunt
2506 893 2562 940 et
2615 892 3008 941 excernuntur.
3085 885 3222 940 Cum
3273 884 3440 955 igitur
3479 885 3573 938 illa

1977 989 2086 1030 non
2123 974 2327 1031 fuerint
2367 991 2432 1032 ea
2489 993 2613 1048 qua:
2646 985 2871 1048 propter
2911 977 3005 1032 illa
3056 977 3205 1031 facta
3266 983 3414 1041 sunt,
3436 992 3580 1048 quo-

1978 1063 2144 1120 modo
2173 1063 2401 1134 cujusve
2435 1066 2609 1136 gratia
2634 1074 2828 1130 erunt,
2869 1074 2930 1120 ut
2965 1080 3192 1122 necesse
3237 1065 3330 1130 sit,
3385 1065 3432 1119 si
3465 1063 3580 1135 qui—

1937 1217 1947 1224 ,
1977 1153 2102 1210 dem
2141 1156 2290 1211 circa
2315 1171 2515 1227 corpus
2565 1173 2676 1211 non
2717 1156 2919 1212 fuerint
2949 1171 3012 1212 ea
3036 1197 3051 1222 ,
3079 1172 3202 1226 qua)
3233 1156 3370 1211 nihil
3417 1156 3582 1225 adju-

1979 1247 2146 1302 menti
2197 1247 2265 1303 iis
2316 1265 2438 1318 quze
2470 1248 2538 1301 ad
2579 1249 2729 1302 illam
2782 1247 2946 1302 vitam
3007 1247 3284 1317 pertinent
3339 1247 3576 1300 allatura

1981 1338 2111 1403 sint,
2163 1339 2300 1394 nihil
2349 1340 2466 1396 fore
2497 1355 2686 1396 eorum
2728 1355 2849 1410 quae
2894 1355 3099 1409 corpus
3155 1351 3402 1396 nostrum
3432 1355 3579 1394 nunc

1989 1431 2335 1484 constituunt
2379 1441 2434 1486 et
2489 1432 2767 1502 complent
2799 1431 2819 1501 (
2852 1432 2906 1485 in
2956 1431 3083 1486 aliis
3133 1431 3279 1485 enim
3327 1430 3440 1482 vita
3496 1429 3581 1482 fu-

1988 1522 2176 1592 erit),
2211 1523 2374 1593 idque
2422 1539 2531 1577 non
2561 1523 2799 1594 amplius
2871 1523 3069 1595 aliquis
3119 1523 3578 1576 resurrectionem

1991 1616 2357 1672 nominaverit
2396 1657 2412 1682 ,
2456 1632 2580 1671 cum
2664 1617 2964 1687 singularia
3032 1631 3265 1685 qumque
3300 1614 3582 1672 .memhra

1993 1715 2216 1778 prOpter
2254 1723 2446 1765 eorum
2489 1711 2543 1763 in
2595 1710 2686 1762 illa
2735 1709 2844 1763 vita
2885 1707 3263 1769 inutilitatem,
3332 1719 3441 1760 non
3474 1721 3582 1758 una

299 1806 430 1844 tum
504 1804 742 1862 corpore
809 1791 1149 1862 resurgant?
1218 1789 1316 1846 Sin
1396 1798 1577 1846 autem
1636 1807 1732 1862 per
1800 1792 1917 1849 haec
1982 1798 2166 1852 omnia
2224 1801 2560 1855 resurrectio
2645 1799 3160 1871 repraesentabitur,
3237 1806 3293 1853 et
3356 1811 3582 1852 exerce-

301 1886 477 1949 bitur,
514 1900 653 1941 vana
705 1885 870 1943 nobis
922 1894 977 1942 et
1017 1884 1232 1940 inutilia
1297 1885 1364 1940 ad
1423 1886 1571 1941 illam
1628 1886 1792 1942 vitam
1847 1893 2158 1959 procreabit
2221 1893 2268 1949 is
2318 1894 2411 1963 qui
2479 1893 2940 1950 resurrectionem
2995 1897 3217 1946 exercet
3281 1896 3444 1959 atque
3495 1903 3586 1942 re-

303 1989 622 2050 praesentat.
698 1967 882 2050 Atqui.
917 1985 975 2034 et
1011 1992 1136 2034 esse
1193 1977 1654 2034 resurrectionem
1702 1986 1756 2034 et
1788 1995 1896 2035 non
1942 1981 2140 2037 frustra
2194 1999 2312 2039 eam
2390 2001 2513 2041 esse
2555 1984 2781 2039 credere
2834 1992 3068 2054 oportet.
3151 1983 3291 2050 Ergo
3348 1979 3582 2034 orationi

303 2073 595 2145 diligenter
652 2071 872 2127 animus
923 2068 1289 2125 attendendus
1352 2069 1509 2136 erit,
1559 2084 1668 2140 quo
1732 2084 1828 2140 per
1903 2073 2092 2128 omnia
2151 2075 2309 2131 nobis
2369 2077 2423 2130 in
2477 2078 2581 2131 hac
2638 2075 2908 2131 sententia
2965 2087 3106 2142 aque
3184 2069 3434 2124 doctrina
3503 2069 3582 2122 id-

306 2165 458 2235 quod
521 2163 802 2233 probabile
851 2171 907 2217 et
975 2167 1410 2217 consentaneum
1469 2168 1593 2226 est,
1659 2171 2042 2221 conservetur.

398 2253 444 2305 Μ
455 2297 467 2308 .
494 2252 656 2322 Ἑμοῦ
671 2252 726 2306 δὲ
740 2250 911 2308 ταῦτα
926 2251 1300 2318 διεξελθόντος,
1317 2253 1430 2308 Οὐκ
1443 2253 1704 2324 ἀγεννῶς,
1733 2269 1807 2322 φη
1815 2252 1899 2304 civ
1931 2261 1973 2317 Β

309 2355 344 2422 ἡ
369 2347 706 2411 διδάσκαλος,
726 2344 868 2399 κατά
899 2345 999 2415 τὴν
1023 2342 1324 2414 λεγομένην
1354 2341 1649 2413 ῥητορικὴν
1671 2343 1778 2396 τῶν
1804 2343 1901 2414 τῆς

309 2441 658 2504 ἀναστάσεως
685 2437 969 2508 δογμάτων
999 2423 1467 2506 κατεπεχείρησας
1492 2433 1628 2505 (57),
1655 2433 1900 2497 πιθανῶς

309 2539 424 2599 τοῖς
436 2532 916 2594 άνασκευαστικοῖς
934 2528 1040 2581 τῶν
1061 2527 1235 2594 λόγων
1256 2528 1314 2580 ὲν
1336 2526 1521 2597 κύκλῳ
1546 2525 1902 2598 περιδραμὼν

309 2630 412 2701 τὴν
444 2627 724 2697 ἀλήθειαν,
778 2623 920 2676 ὥστε
945 2623 1070 2685 τοὺς
1105 2620 1178 2691 μὴ
1209 2619 1330 2673 λίαν
1375 2618 1820 2690 ὲπεσκεμμένους
1845 2618 1903 2671 τὸ

311 2723 411 2792 τῆς
438 2718 692 2790 ἀληθείας
733 2716 1031 2786 μυστήριον
1057 2711 1249 2765 παθεῖν
1278 2710 1342 2764 ἄν
1376 2727 1492 2773 πως
1523 2709 1638 2780 (58)
1671 2709 1731 2761 τὺ
1759 2708 1902 2762 κατά

311 2812 376 2866 τὸ
405 2810 551 2873 εἰκὸς
585 2808 722 2879 πρὸς
747 2807 839 2860 τὸν
859 2805 1038 2873 λόγον,
1057 2803 1151 2857 καὶ
1165 2801 1412 2872 οἰηθῆναι
1433 2800 1506 2872 μὴ
1525 2799 1627 2866 ἔξω
1642 2801 1734 2853 τοῦ
1755 2801 1871 2853 δέον
1893 2831 1900 2836 -

312 2920 406 2966 τες
427 2900 661 2972 ἐπῆχθαι
679 2898 791 2969 (59)
813 2899 925 2960 τοῖς
945 2894 1255 2966 εἰρημένοις
1282 2893 1380 2965 τὴν
1405 2893 1743 2963 ἑπαπόρησιν
1767 2893 1899 2960 (00).

319 2996 474 3064 Ἔχει
507 2993 563 3046 δὲ
592 2991 690 3061 οὐχ
723 2988 886 3052 οὕτω,
919 2987 1162 3058 (patrimi)
1203 2983 1448 3055 ἀλήθεια,
1488 2982 1591 3036 κᾶν
1623 2981 1902 3045 ἀδυνάτως

315 3088 529 3157 ἔχωμεν
551 3087 614 3138 ὲκ
641 3083 748 3137 τῶν
785 3080 986 3152 ὁμοίων
1009 3075 1450 3149 ἀντιρητορεύειν
1479 3074 1556 3144 τῷ
1585 3074 1750 3142 λόγῳ.
1783 3071 1900 3126 ἀλλ’

314 3181 345 3232 ὁ
373 3178 474 3248 μὲν
498 3175 704 3246 ἀληθὴς
752 3174 882 3244 περὶ
910 3171 1114 3225 τούτων
1145 3170 1301 3236 λόγος
1331 3168 1390 3220 ἐν
1417 3169 1528 3230 τοῖς
1566 3164 1905 3236 ἁποκρύφοις

320 3272 514 3340 σοφίας
549 3269 659 3337 (Gl)
689 3268 984 3339 θησαυροῖς
1038 3264 1412 3335 τεταμίευται,
1446 3262 1564 3314 τότε
1597 3262 1676 3324 εἰς
1698 3261 1760 3314 τὸ
1801 3262 1904 3329 ἐμ-

317 3360 485 3429 φανὲς
510 3358 674 3429 ἥξων,
696 3357 826 3410 ὅταν
843 3356 989 3427 ἔργῳ
1004 3354 1065 3407 τὸ
1086 3353 1185 3423 τῆς
1207 3352 1554 3414 ἀναστάσεως
1571 3350 1906 3421 διδαχθῶμεν

323 3452 640 3524 μυστήριον,
673 3450 764 3503 ὅτε
794 3448 975 3501 οὐκέτι
1000 3446 1182 3516 δεήσει
1208 3444 1468 3517 ῥημάτων
1493 3446 1626 3512 ἡμῖν
1645 3445 1780 3516 πρὸς
1801 3444 1902 3514 τὴν

321 3542 689 3612 ἐλπιζομένων
719 3539 832 3610 (62)
861 3542 1185 3610 φανέρωσιν.
1249 3536 1388 3589 Ἀλλ’
1423 3535 1611 3606 ὥσπερ
1662 3538 1719 3588 ὲν
1751 3536 1907 3588 νυκτὶ

2064 2261 2117 2313 Μ
2125 2303 2136 2315 .
2157 2259 2250 2316 llis
2268 2276 2296 2314 a
2317 2275 2401 2315 me
2419 2259 2702 2332 expositis,
2723 2262 2947 2336 Egregie
2968 2261 3101 2318 satis
3123 2269 3284 2332 atque
3303 2253 3588 2324 praeclaro.

2003 2356 2177 2426 inquit
2225 2357 2509 2425 magistra,
2555 2371 2651 2426 per
2694 2370 2817 2412 eam
2850 2361 3047 2416 artem,
3085 2365 3206 2421 quae
3232 2351 3472 2405 oratoria
3499 2346 3585 2401 di-

2001 2447 2166 2511 citur,
2219 2448 2544 2503 sententiam
2597 2455 2760 2518 atque
2810 2445 3114 2502 doctrinam
3161 2441 3587 2499 resurrectionis

2002 2554 2295 2610 aggressus
2351 2549 2514 2610 atque
2565 2540 2793 2595 adortus
2841 2553 2922 2601 es,
2979 2534 3445 2607 probabiliterque
3496 2547 3586 2586 re-

2004 2630 2278 2684 futatoriis
2309 2631 2491 2684 verbis
2541 2639 2595 2685 et
2625 2631 2966 2702 argumentis
3001 2627 3248 2696 undique
3299 2625 3586 2680 veritatem

2003 2721 2396 2776 circumeundo
2437 2723 2684 2786 tentasti,
2732 2730 2788 2775 ut
2837 2736 2945 2775 non
2995 2720 3194 2774 mirum
3237 2716 3420 2780 fuerit,
3463 2716 3509 2770 si
3553 2715 3587 2768 ii

2003 2813 2093 2882 qui
2131 2828 2241 2867 non
2271 2814 2564 2868 admodum
2612 2813 2856 2869 veritatis
2903 2812 3222 2883 mysterium
3270 2807 3591 2864 considera-

2005 2912 2119 2958 tqu
2150 2913 2316 2974 atque
2349 2914 2698 2975 perspectum
2743 2903 3054 2965 habuerint,
3087 2902 3271 2971 aliquo
3305 2900 3466 2955 modo
3497 2913 3592 2968 per

2005 2997 2109 3050 ista
2155 2997 2318 3052 verba
2372 3005 2537 3065 atque
2595 3003 2913 3064 argumenta
2968 3010 3066 3064 pro
3117 3008 3307 3046 eorum
3341 2990 3592 3060 probabi—

2007 3085 2158 3139 litate
2189 3095 2352 3154 atque
2385 3083 2864 3139 verisimilitudine
2897 3093 3364 3140 commm'eantur.
3397 3097 3458 3134 ac
3492 3097 3591 3148 pu-

2007 3183 2122 3231 tent
2163 3192 2270 3230 non
2302 3177 2538 3231 absurde
2575 3191 2751 3245 neque
2788 3175 2886 3229 abs
2912 3189 2968 3226 re
2998 3174 3085 3238 iis,
3111 3188 3232 3242 quae
3261 3174 3405 3226 dieta
3439 3181 3587 3235 sunt,

2008 3265 2287 3319 inductam
2317 3281 2438 3320 esse
2461 3265 2876 3319 dubitationem.
2915 3261 3134 3318 Veritas
3159 3270 3365 3325 autem,
3393 3262 3585 3330 inquit,

2009 3371 2114 3410 non
2149 3356 2222 3409 ita
2252 3371 2374 3410 sese
2414 3355 2596 3420 habet,
2647 3352 2861 3409 etiamsi
2896 3362 3091 3406 contra
3147 3369 3255 3406 non
3318 3352 3592 3423 possimus

2011 3461 2040 3499 a
2099 3445 2375 3500 similibus
2434 3444 2779 3512 argumentis
2850 3443 3032 3496 cilicio
3085 3444 3324 3498 oratoris
3383 3443 3436 3495 in
3494 3442 3592 3494 hae

2009 3536 2406 3605 disceptatione
2437 3535 2611 3604 fungi,
2667 3533 2762 3588 sed
2794 3549 2921 3587 vera
2971 3533 3191 3602 quidem
3235 3535 3372 3588 ratio
3401 3532 3591 3586 barum

323 3592 537 3688 mllio;
587 3592 920 3702 κινοόμένων
973 3592 1086 3693 τιοῖς
1125 3627 1516 3699 διαγρυττνοῦσι
1570 3592 1749 3694 λόγοις
1791 3626 1900 3694 (65)

2013 3641 2194 3679 rerum
2243 3625 2295 3678 in
2341 3624 2541 3678 abditis
2581 3630 2635 3677 et
2664 3623 2894 3677 occultis
2946 3624 3273 3691 arcanisque
3317 3623 3598 3690 sapientiae

324 3724 451 3795 περ).
507 3723 605 3792 τῆς
659 3721 752 3774 τοῦ
799 3720 951 3792 ἡλίου
1008 3717 1366 3790 λαμπηδόνος,
1406 3717 1494 3770 οἵα
1528 3718 1696 3779 ἐστὶν,
1731 3717 1904 3787 ἀργὴν

324 3815 586 3887 ποιεῖτὴν
609 3814 703 3869 τοῦ
729 3814 889 3883 λόγου
912 3812 1239 3882 ὑπογραφὴν
1263 3812 1601 3881 προφανεῖσα
1622 3809 1781 3880 μόνον
1806 3809 1906 3879 τῆς

324 3914 541 3974 ἀκτῖνος
567 3913 600 3980 ἡ
631 3909 813 3981 χάρις,
855 3907 998 3962 οὕτω
1033 3907 1209 3961 πάντα
1247 3905 1503 3974 λογισμὸν
1541 3903 1908 3974 στοχαστικῶς

325 4006 425 4076 τῆς
459 4003 761 4074 μελλούσης
783 4000 1166 4062 καταστάσεως
1185 3996 1584 4068 ἐφαπτόμενον,
1615 3995 1732 4049 ἀντ’
1764 3994 1913 4048 οὐδε-

327 4096 416 4159 νὸς
437 4094 830 4157 ὑποδείκνυσιν,
865 4091 954 4145 ὅτε
994 4090 1104 4161 (64)
1131 4089 1356 4159 γένηται
1395 4089 1526 4158 ἡμῖν
1569 4088 1624 4139 ὲν
1653 4089 1718 4156 τῇ
1750 4086 1914 4156 πείρα

328 4189 389 4241 τὸ
417 4184 885 4258 προσδοκώμενον.
921 4182 1136 4252 Ἐπειδὴ
1165 4181 1274 4252 (05)
1308 4181 1366 4234 δὲ
1403 4179 1650 4252 χρὴ’(66’)
1686 4177 1760 4249 μὴ
1782 4195 1916 4231 παν-

329 4281 565 4333 τάπασιν
626 4274 1011 4342 ἀνεξετάστους
1066 4270 1179 4342 (67)
1225 4271 1450 4341 ὲαθῆναι
1494 4269 1594 4333 τὰς
1661 4269 1916 4322 ἀντυπεν.

330 4367 583 4438 εχθείσας
613 4366 746 4436 ἡμῖν
773 4362 1072 4425 ἐνστάσεις,
1110 4359 1309 4414 οὑτωσὶ
1329 4358 1419 4411 τὸν
1436 4359 1566 4430 περ).
1599 4357 1802 4410 τούτων
1829 4355 1915 4408 λό-

339 4477 426 4528 γον
442 4455 812 4527 διαληψόμεθα
844 4452 978 4526 (68).
1000 4452 1210 4522 Νοῆσαι
1241 4451 1347 4522 χρὴ
1386 4449 1602 4522 πρῶτον
1631 4449 1756 4512 τίςό
1787 4464 1914 4500 σκο-

329 4552 431 4616 πὸς
460 4550 554 4604 τοῦ
583 4549 724 4604 κατά
751 4549 851 4618 τὴν
884 4547 1180 4604 ἀνάστασιν
1223 4545 1510 4613 δόγματος,
1533 4541 1626 4596 καὶ
1648 4541 1757 4612 (69)
1791 4541 1912 4594 ὅτου

330 4644 493 4716 χάριν
522 4643 614 4697 καὶ
638 4640 854 4712 εἴρηται
891 4639 1048 4692 τοῦτο
1081 4636 1234 4708 παρά
1264 4639 1364 4706 τῆς
1395 4635 1554 4703 ἁγίας
1585 4632 1769 4702 φωνῆς
1798 4632 1910 4702 (70)

331 4736 428 4790 καὶ
477 4735 855 4788 πεπίστευται.
906 4729 1137 4794 Οὐκοῦν,
1195 4729 1272 4792 ὡς
1317 4729 1382 4782 ἄν
1423 4745 1508 4791 τις
1562 4727 1673 4796 ὅρῳ
1712 4725 1821 4778 τιν).
1851 4725 1912 4778 τὸ

331 4824 571 4880 τοιοῦτον
618 4825 732 4895 (71)
777 4821 1088 4895 περιλαῦὼν
1123 4819 1516 4892 ὑπογράψειεν,
1543 4818 1714 4882 οὕτως
1756 4817 1911 4889 ἐροῦ-

423 5004 553 5086 (18)⁸
571 5007 640 5086 ξι
853 5003 896 5056 Α
915 5003 972 5086 ιεί
1023 5003 1122 5086 μὲν
1139 5002 1242 5086 ’μὴ
1271 5000 1518 5086 εῖηηπερ).
1651 4996 1811 5086 tribuat

336 5067 474 5156 πρός
503 5067 801 5129 όύδὲνπῶν
835 5073 972 5144 πρὸς
1001 5067 1100 5143 τὴν
1133 5067 1302 5142 ζωήν.
1348 5067 1405 5123 Β
1433 5073 1482 5124 εί
1517 5069 1616 5137 μὲν
1655 5068 1728 5138 μὴ
1757 5067 1908 5120 οὐδὲν

339 5162 419 5198 τω

421 5163 472 5198 ν.

412 5215 524 5306 £222
556 5215 760 5306 res-
778 5213 1039 5306 Αηιτιξέἵε

411 5281 526 5351 (50)
556 5287 616 5340 Τί
636 5281 780 5343 ἡτῶν.
813 5281 879 5337 Τί
907 5281 1050 5339 delet
1078 5281 1140 5335 Β.

410 5350 526 5417 (51)
564 5355 752 5424 Ἡμῖν.
787 5354 833 5409 Α
867 5353 922 5424 in
956 5353 1199 5418 margine
1223 5350 1394 5422 ὑμῶν.

410 5426 524 5492 (52)
556 5423 786 5480 οὐκέτι.
812 5427 859 5478 A
890 5423 929 5476 Β
959 5424 1059 5477 οὐκ
1093 5423 1168 5476 ἐτ’
1202 5424 1267 5478 ἄν
1294 5438 1398 5485 τις.

412 5493 526 5564 (55)
566 5497 819 5563 Ἐκείνῃ.
864 5495 906 5548 Δ
932 5494 1214 5564 ὲνὲκείνῃ.

415 5549 527 5632 (5b)
567 5549 872 5634 Ἔναργῖός.
914 5567 957 5618 Α
982 5549 1224 5634 ἐνεργός.

415 5634 528 5703 (55)
573 5632 884 5702 ’Ardrhra.
926 5634 968 5688 Α
1000 5632 1233 5702 ἀνόνητα
1259 5632 1313 5685 ἆ.

416 5705 532 5777 (56)
558 5707 777 5771 ”0;τως.
821 5705 945 5777 Agin
968 5706 1220 5777 margine
1247 5704 1342 5777 ὡς.

418 5773 531 5844 (57)
561 5775 938 5843 Κατεπεχείρ.
957 5773 1007 5845 11
1040 5773 1519 5845 κατενεχείρησας.

417 5843 532 5911 (58)
568 5847 680 5900 Ἂν
704 5862 847 5912 πως.
885 5845 926 5898 Α
955 5844 994 5898 Β
1018 5845 1080 5898 ἄν
1109 5863 1159 5898 τι
1185 5843 1344 5900 κατά.

2013 3717 2289 3772 thesauris
2336 3714 2618 3771 recondita
2667 3723 3053 3779 conservatur,
3105 3724 3236 3769 tunc
3288 3715 3341 3768 in
3400 3730 3585 3784 propa-

2014 3811 2186 3864 tulum
2229 3817 2284 3864 et
2313 3817 2560 3881 apertum
2595 3815 2848 3873 ventura,
2880 3823 3003 3861 eum
3029 3808 3209 3877 rcipsa
3238 3807 3592 3861 didicerimus

2016 3902 2336 3973 mysterium
2382 3900 2824 3961 resurrectionis,
2879 3915 3002 3954 cum
3051 3897 3233 3952 verbis
3279 3897 3436 3954 nobis
3487 3913 3591 3951 non

2011 3995 2247 4064 aiuplins
2287 4009 2427 4063 opus
2474 3991 2662 4056 fuerit,
2718 3991 2785 4045 ad
2835 4008 3025 4047 earum
3069 4007 3250 4046 rerum
3308 4006 3428 4060 quae
3467 4005 3591 4059 spe-

2013 4094 2206 4141 rantur
2229 4085 2751 4140 manifestationem.
2781 4083 2886 4138 Sed
2911 4082 3370 4152 quemadmodum
3395 4083 3592 4135 multas

2011 4177 2349 4246 quaastioncs
2401 4175 2470 4231 de
2522 4174 2812 4246 splendore
2844 4175 3000 4239 solis,
3032 4174 3214 4244 qualis
3272 4173 3318 4229 is
3345 4174 3435 4239 sit,
3471 4190 3592 4226 mo-

2013 4269 2270 4324 ventibus
2299 4268 2366 4324 iis
2390 4268 2484 4338 qui
2518 4275 2734 4323 noctem
2763 4268 3078 4338 pervigilem
3110 4267 3421 4332 traducunt,
3455 4267 3549 4320 rad
3578 4268 3590 4320 i

2015 4362 2181 4415 decor
2215 4360 2405 4430 procul
2428 4360 2695 4414 duntaxat
2727 4375 2996 4431 apparens
3028 4359 3349 4421 frustratur,
3379 4374 3594 4412 vanath

2014 4467 2121 4520 que
2159 4460 2209 4506 et
2265 4451 2500 4506 otiosam
2546 4459 2710 4521 atque
2762 4452 3009 4508 inutilem
3057 4451 3218 4506 ellicit
3260 4451 3592 4520 propositam

2016 4543 2441 4612 disputationem
2476 4562 2491 4597 :
2521 4543 2712 4598 eodem
2749 4543 2911 4598 modo
2941 4543 3120 4599 onmis
3153 4543 3292 4596 ratio
3327 4558 3422 4611 per
3463 4559 3594 4596 cou-

2015 4636 2263 4705 jecturas
2296 4635 2542 4690 futurum
2571 4642 2774 4690 statum
2806 4637 3105 4707 attingens,
3137 4651 3237 4705 pro
3273 4637 3444 4690 nihilo
3475 4652 3595 4689 esse

2019 4728 2364 4792 ostendetur,
2403 4743 2528 4783 cum
2561 4729 2742 4798 reipsa
2771 4729 2979 4798 experti
3035 4727 3326 4792 fuerimus,
3364 4727 3415 4780 id
3447 4729 3595 4795 qnntl

2019 4827 2388 4890 exspectatur.
2432 4819 2704 4884 Quoniam
2761 4827 2940 4875 autem
2983 4835 3050 4876 ex
3099 4819 3330 4874 adverso
3383 4819 3595 4887 objecta

2089 4996 2200 5065 (59)
2241 4998 2544 5067 Ἐπῆχθηι.
2585 4999 2624 5050 Α
2660 4999 2986 5068 ἐπαχθῆναι.

2090 5068 2204 5140 (60)
2256 5071 2684 5140 Ἐπαπύρησιν.
2722 5069 3069 5140 Βάπόρησιν.

2089 5139 2201 5208 (61)
2233 5139 2347 5208 Τῆς
2377 5141 2617 5205 σοφίας.
2664 5139 2816 5192 Delet
2846 5139 2906 5193 Β.

2089 5207 2201 5280 (ὕὲ)
2251 5207 2548 5277 Ἐλπιζομ.
2579 5208 2758 5280 βμτῶν
2788 5209 3041 5280 ὲλπιζομ.

2092 5279 2202 5344 (65)
2231 5281 2460 5348 Λόγοις.
2499 5279 2541 5332 Λ
2579 5277 2618 5331 Β
2645 5278 2835 5346 λόγων.

2087 5349 2202 5415 (Gl)
2243 5349 2705 5402 ’Υπσδείκνυσιν
2728 5349 2844 5401 ὅτε.
2871 5349 2914 5403 Λ
2942 5350 2997 5404 Β.
3023 5352 3401 5406 ἀποδείκνυσιν
3445 5353 3595 5405 ὅταν.

2093 5420 2207 5485 (65)
2252 5419 2504 5485 Ἐπειδὴ.
2539 5419 2580 5471 Λ
2611 5419 2751 5471 ὲπεί.

2096 5491 2209 5550 (66)
2238 5490 2311 5543 Δὲ
2337 5489 2474 5558 χρή.
2521 5488 2673 5542 υυιρι
2707 5489 2763 5542 Β.

2093 5559 2204 5628 (67)
2240 5559 2722 5625 Ἀνεξετὰστους.
2758 5561 2796 5612 Α
2825 5560 3212 5626 ἀνεξετάστως.

2095 5631 2204 5702 (68)
2230 5630 2670 5702 Atalante/(eda.
2707 5630 2746 5682 Δ
2774 5631 3179 5702 διαληψὼμεθα.

2100 5701 2214 5768 (b9)
2242 5702 2371 5753 Καί.
2405 5701 2552 5754 llelct
2580 5699 2638 5754 Β.

2099 5771 2209 5844 (Ῐο)
2235 5770 2462 5844 Φωνῆς.
2514 5769 2555 5822 Λ
2587 5771 2640 5844 in
2675 5771 2930 5844 margine
2947 5772 3180 5844 γραφῆς.
3217 5771 3264 5844 _B
3291 5770 3454 5825 deiet.

2098 5840 2212 5912 (71)
2254 5841 2546 5899 Τοιοῦτον.
2577 5841 2622 5896 Δ
2652 5843 2876 5898 τοιοῦτο.
2915 5843 2956 5896 Β
2986 5840 3330 5911 mmmam.
