4046 6350
226 964 231 969 ,
302 910 305 911 ⁷
341 916 732 980 καταστάσεως
755 921 897 974 κατὰ
918 921 1015 991 τὴν
1048 922 1345 993 μέλλουσαν
1370 924 1514 994 ζωὴν
1539 922 1923 993 ἐλπιζομένης,

332 421 446 495 ‘m
1406 437 1495 493 nr:
1532 422 1751 493 mna
1790 435 1882 492 ET
1911 431 2519 493 nrzsunnstzrtous.
3508 420 3612 501 {so

338 551 580 623 ποίησις,
628 554 661 623 ἡ
718 555 837 608 κατ’
880 555 1058 626 ὀλίγον
1109 557 1206 611 ἐπὶ
1246 557 1309 611 τὸ
1343 559 1547 611 τέλειον
1603 556 1852 625 αὔξησις,
1893 557 1928 627 ὴ

2032 564 2213 612 autem
2258 556 2513 620 audiens,
2556 553 2784 625 figuram
2829 567 2893 608 ae
2943 552 3191 609 habitum
3222 551 3457 607 .ratione
3512 567 3610 611 ca.-

338 643 519 713 ἀκμὴν
562 642 625 696 τδ
681 648 881 716 γῆρας,
925 650 958 716 ή
1004 648 1179 715 νόσος,
1215 651 1244 703 ὁ
1293 648 1522 713 θάνατος
1550 648 1684 719 (97).
1733 649 1797 700 El
1838 643 1929 700 οὖν

2028 648 2201 702 rentis
2250 654 2482 708 naturae,
2534 660 2645 715 quo
2699 658 2825 698 eum
2868 642 3163 697 aliectione
3212 655 3277 695 ac
3322 641 3455 696 vitio
3486 656 3614 713 eon-

308 796 309 799 η
340 734 521 786 ἐκεῖνο
542 734 671 806 περὶ
698 737 846 807 ἡμᾶς
876 738 976 792 οὖκ
1017 740 1189 802 ἔσται,
1222 741 1341 804 πῶς
1373 742 1506 812 ἡμῖν
1537 740 1605 794 τὰ
1629 740 1688 807 ἐξ
1718 739 1929 793 ἐκείνου

2028 738 2200 808 juncti
2243 746 2409 809 atque
2442 737 2754 793 consociati
2805 734 3130 789 circumdati
3189 734 3419 798 fuimus,
3475 735 3611 789 mihi

300 810 806 903 ξὺπολειφθήσεται
854 831 1012 901 (98);
1068 833 1229 886 Ὥστε
1284 810 1514 904 μάταιον
1564 833 1731 902 ἄλλης
1784 831 1929 895 τινὸς

2028 830 2214 885 videor
2272 829 2626 899 intelligere),
2676 828 2840 882 etiam
2893 827 3102 888 omnia,
3157 840 3501 895 quaecunque
3544 826 3614 881 de

2025 920 2256 975 rationis
2295 926 2520 989 experte
2564 917 2707 989 pelle
2744 917 2891 972 circa
2939 930 3044 971 nos
3086 924 3264 980 erant,
3330 929 3438 968 una
3481 928 3609 968 cum

341 1002 430 1055 διὰ
460 1005 568 1057 τῶν
600 1007 766 1077 μηδὲν
808 1010 944 1081 αὐτῇ
998 1014 1394 1068 κοινωνούντων
1441 1013 1754 1068 ἐνίστασθαι
1789 1015 1927 1086 πρὸς

2031 1012 2290 1068 exutione
2336 1011 2535 1065 tunicae
2578 1010 2742 1065 simul
2785 1019 3075 1063 exuentur.
3109 1005 3250 1060 Sunt
3277 1014 3458 1060 autem
3495 1005 3611 1058 lucc

344 1093 406 1144 τὺ
428 1094 606 1165 δόγμα
630 1097 730 1167 τῆς
759 1099 1131 1168 ἀναστάσεως.

2032 1116 2098 1157 ea
2139 1118 2262 1172 quze
2307 1100 2646 1171 sumpsimus
2670 1114 2702 1154 a
2740 1098 2882 1170 pelle
2901 1096 3133 1152 rationis
3152 1103 3396 1166 experte,
3427 1093 3611 1149 mist-io

344 1197 659 1252 corporum,
723 1190 1033 1260 conceptio.
1102 1200 1312 1263 partus,
1368 1195 1583 1261 sordes,
1650 1207 1911 1257 mamma,
1973 1192 2165 1258 cibus,
2243 1192 2489 1263 cgestio,
2556 1190 2705 1260 quod
2762 1188 3024 1260 paulatim
3080 1188 3172 1249 ﬁt,
3243 1185 3309 1239 ad
3369 1184 3608 1239 adultam

346 1283 509 1344 atque
569 1277 895 1347 perfectam.
941 1290 1156 1339 artatem
1214 1287 1634 1351 incrementum,
1695 1298 1946 1341 summus
2009 1283 2165 1353 vigor
2218 1283 2414 1345 aetatis,
2470 1288 2752 1345 senectus,
2805 1280 3051 1344 morbus,
3111 1292 3282 1331 mors.
3332 1277 3391 1331 Si
3444 1276 3613 1346 igitur

345 1364 501 1431 pellis
543 1366 634 1422 illa
674 1368 822 1425 circa
864 1385 965 1428 nos
1012 1388 1123 1428 non
1158 1374 1297 1440 erit,
1352 1376 1628 1447 quomodo
1662 1377 1719 1431 in
1767 1374 1947 1439 nobis,
1993 1388 2115 1444 qua
2137 1388 2201 1428 ex
2237 1374 2329 1427 illa
2358 1373 2711 1435 exstiterunt,
2760 1368 3185 1441 relinquentur?
3245 1369 3451 1438 Itaque,
3484 1380 3611 1421 cum

346 1456 486 1513 alius
518 1459 739 1527 quidem
794 1469 975 1518 status
1022 1464 1078 1518 in
1150 1464 1336 1519 futura
1409 1468 1521 1520 vita
1569 1473 1847 1536 speretur,
1911 1463 1960 1519 si
2023 1463 2148 1533 quis
2190 1478 2287 1533 per
2331 1477 2397 1517 ea
2454 1476 2575 1531 quae
2623 1460 2759 1515 nihil
2814 1475 2941 1515 cum
3007 1460 3098 1515 illa
3153 1460 3262 1512 vita
3318 1473 3612 1513 commune

345 1544 566 1611 habent,
617 1559 809 1603 contra
851 1551 1157 1608 doctrinam
1202 1556 1623 1613 resurrectionis
1693 1556 1922 1617 nitetur,
1974 1551 2180 1607 frustra
2224 1561 2280 1608 et
2326 1552 2382 1606 in
2421 1552 2622 1607 vanum
2674 1551 2966 1606 laborabit.

362 1660 369 1667 ο
409 1638 481 1691 Τί
512 1640 620 1710 γὰρ
650 1642 827 1696 κοινὸν
856 1642 968 1714 ἔχει
994 1647 1028 1716 ἡ
1060 1647 1311 1718 ῥικνότης
1331 1649 1442 1719 (99)
1466 1651 1559 1703 καὶ
1586 1650 1927 1722 πολυσαρκία

2099 1645 2241 1713 Quid
2304 1646 2450 1700 enim
2497 1646 2809 1700 ineurvatio
2862 1653 2919 1699 et
2975 1646 3341 1716 corpulentia,
3406 1648 3613 1703 macies

347 1733 439 1785 καὶ
466 1734 729 1803 τηκεδὼν,
760 1738 855 1791 καὶ
881 1738 1162 1810 πληθώρα,
1195 1744 1290 1796 καὶ
1320 1741 1373 1795 εί
1394 1760 1447 1797 τι
1473 1743 1601 1798 ἄλλο
1624 1746 1691 1816 τῇ
1725 1747 1924 1817 ρενστῇ

2029 1747 2083 1794 et
2122 1739 2297 1801 tabes,
2324 1746 2379 1794 et
2403 1739 2737 1794 abundantia
2776 1738 3087 1800 lntmorum,
3128 1752 3193 1792 ac
3222 1738 3267 1793 si
3299 1738 3433 1809 quid
3458 1739 3607 1793 aliud

344 1820 507 1891 φύσει
544 1824 653 1881 τῶν
698 1830 965 1899 σωμάτων
1008 1831 1393 1903 ὲπισυμϐαίνει
1443 1835 1582 1905 πρὸς
1625 1835 1727 1906 τὴν
1783 1832 1929 1907 ζωὴν

2028 1829 2188 1885 ﬂuxae
2221 1845 2513 1900 corporum
2570 1829 2774 1884 accidit
2828 1836 3059 1890 natura,
3101 1842 3393 1885 commune
3450 1830 3613 1885 habet

344 1916 581 1988 ἐκείνην,
611 1918 645 1989 ἢ
672 1920 773 1990 τῆς
801 1920 880 1992 (1)
911 1922 1145 1993 ροὠδους
1167 1942 1227 1978 τε
1257 1926 1353 1980 καὶ
1376 1927 1675 1999 παροδικῆς
1694 1928 1788 1981 τοῦ
1811 1929 1927 1999 βίου

2028 1937 2151 1976 cum
2189 1922 2279 1977 illa
2335 1922 2445 1977 vita
2498 1937 2620 1991 qua:
2673 1936 2704 1975 a
2752 1920 2912 1975 ﬂuxa:
2950 1920 3157 1989 pariter
3197 1930 3362 1991 atque
3406 1923 3613 1978 transi-

344 2008 623 2081 διαγωγῆς
648 2012 1040 2085 ὴλλοτρίωταις
1094 2016 1192 2070 Ἐν
1236 2018 1392 2090 ζητεῖ
1417 2020 1577 2091 μόνον
1602 2023 1630 2074 ὁ
1659 2023 1758 2093 τῆς
1794 2023 1928 2076 ἀνα-

346 2100 590 2166 στάσεως
628 2103 816 2173 λόγος,
866 2105 927 2159 τὸ
956 2111 1156 2178 φυῆναι
1195 2110 1284 2164 διὰ
1312 2112 1580 2180 γενέσεως
1609 2114 1686 2185 (2)
1718 2115 1928 2186 άνθρω·

344 2210 447 2246 πον
467 2211 482 2226 ο
520 2195 720 2265 μᾶλλον
752 2197 831 2262 δὲ,
866 2200 960 2253 καὶ
993 2199 1174 2265 καθώς
1206 2203 1282 2272 (3)
1316 2220 1450 2274 φησι
1476 2204 1538 2258 τὸ
1576 2205 1925 2279 Εὑαγγέλιον,

344 2286 395 2337 εί
426 2287 656 2357 ἐγενήθη
687 2288 765 2358 (4)
814 2288 1099 2362 ἄνθρωπος
1145 2293 1225 2356 είς
1252 2293 1343 2347 τὸν
1382 2294 1606 2365 κόσμον,
1646 2297 1706 2349 τὸ
1735 2296 1792 2349 δὲ
1820 2315 1928 2367 μα-

345 2378 561 2447 κρόϐιον
580 2380 612 2450 ἦ
632 2380 939 2451 ὠκύμορον,
967 2382 1001 2453 ἢ
1031 2383 1121 2436 τὸν
1146 2383 1239 2438 τοῦ
1268 2384 1498 2441 θανάτου
1526 2388 1725 2459 τρόπον
1744 2390 1929 2454 τοιῶςο

342 2468 400 2519 δε
436 2468 511 2537 (5)
540 2468 573 2539 ἢ
609 2468 812 2540 ἑτέρως
848 2470 1268 2543 συμϐεϐηκέναι,
1304 2475 1534 2545 μάταιον
1566 2476 1643 2547 τῷ
1674 2479 1773 2549 τῆς
1805 2480 1929 2532 ἀνα-

346 2559 589 2623 στάσεως
636 2560 779 2631 λόγῳ
827 2562 1219 2627 συνεξετάζειν.
1273 2565 1461 2629 Ὅπως
1505 2566 1614 2638 γὰρ
1660 2568 1727 2622 ἂν
1770 2569 1930 2622 τοῦτο

343 2649 525 2718 δῶμεν
548 2649 668 2703 καθ’
691 2650 945 2705 ὑπόθεσιν
965 2651 1129 2722 ἔχειν,
1152 2655 1210 2706 ὲν
1230 2654 1307 2724 τῷ
1328 2655 1498 2727 ὁμοίῳ
1522 2658 1737 2722 πάντως
1756 2659 1927 2725 ἐστὶν,

344 2736 470 2791 οὔτε
498 2739 806 2804 δυσκολίας,
850 2740 972 2795 οὔτε
1000 2741 1077 2811 (6)
1109 2744 1391 2815 ῥᾳστώνης
1423 2746 1488 2799 ὲκ
1528 2747 1628 2817 τῆς
1675 2749 1927 2819 τοιαύτης

344 2831 607 2901 διαφορᾶς
653 2834 783 2903 περὶ
835 2832 935 2904 τὴν
962 2833 1257 2889 ἀνάστασιν
1305 2835 1491 2908 οῦσης.
1538 2839 1642 2894 Τὸν
1679 2840 1787 2911 γὰρ
1829 2841 1925 2895 τοῦ

345 2922 445 3036 Eii:
477 2922 803 3036 ἀρξάῆμενρν,
838 2925 1033 3036 ζῆσαιε
1047 2927 1157 3036 ἔρὴ
1188 2926 1429 3035 πάντως,
1454 2929 1553 3001 τῆς
1581 2932 1639 2983 ἐν
1669 2930 1746 3002 τῷ
1776 2932 1926 3003 μέσῳ
1952 2978 1997 3036 C

344 3012 433 3065 διὰ
467 3011 561 3065 τοῦ
606 3012 836 3067 θανάτου
890 3014 1175 3086 συμϐάσης
1224 3016 1374 3088 αὐτῷ
1419 3018 1713 3084 διαλύσεως
1758 3022 1815 3074 ὲν
1858 3025 1924 3092 τῇ

344 3106 639 3159 ἀναστάσει
663 3105 1068 3176 διορῦωοείσης.
1105 3108 1179 3161 Τὸ
1205 3109 1263 3163 δὲ
1309 3109 1426 3173 πῶς
1456 3111 1488 3181 ἤ
1520 3111 1651 3165 πότε
1680 3114 1713 3183 ἡ
1742 3112 1927 3167 διάλυ-

347 3214 433 3259 σις
476 3197 703 3264 γίνεται,
748 3198 801 3250 τί
850 3197 1009 3251 τοῦτο
1058 3199 1196 3269 πρὸς
1241 3201 1340 3271 τὴν
1384 3200 1723 3268 ἀνάστασιν;
1783 3206 1927 3276 Πρὸς

344 3288 532 3358 ἕτερον
554 3288 662 3358 γὶρ
689 3287 892 3341 σκοπόν
926 3288 1112 3358 βλέπει
1138 3291 1171 3359 ἡ
1201 3290 1329 3362 περὶ
1353 3290 1541 3344 τούτου
1574 3293 1785 3364 σκέψις,
1816 3290 1928 3348 οἷον

346 3379 467 3431 καθ’
498 3378 690 3448 ἡδονήν
736 3395 820 3442 τις
862 3378 1014 3445 ἐϐίω,
1060 3379 1093 3450 ἢ
1141 3380 1458 3451 ἀνιώμενος,
1492 3382 1610 3435 κατ’
1661 3384 1923 3456 ἁρετὴνῆ

348 3469 566 3536 κακίαν,
594 3469 875 3533 ἐπαινετὸς
903 3470 979 3540 (7)
1009 3469 1042 3539 ἢ
1069 3471 1316 3535 ὑπαίτιος
1349 3470 1447 3543 (8),
1476 3474 1722 3538 ἐλεεινῶς
1755 3476 1787 3547 ἢ
1822 3494 1927 3547 μα·-

348 3559 555 3629 καρίως
590 3559 835 3630 παρῆλθε
866 3558 957 3611 τὸν
986 3559 1195 3630 χρόνον.
1243 3561 1430 3616 Ταῦτα
1469 3563 1579 3634 γὰρ
1614 3563 1791 3619 πάντα
1836 3567 1927 3619 καὶ

344 3647 416 3700 τὰ
456 3647 679 3702 τοιαῦτα
720 3648 786 3701 ὲκ
807 3647 903 3701 τοῦ
936 3649 1134 3719 μέτρου
1165 3652 1265 3719 τῆς
1296 3648 1443 3720 ζωῆς
1485 3651 1579 3704 καὶ
1610 3654 1674 3705 ἐκ
1716 3652 1809 3705 τοῦ
1849 3653 1928 3706 εἴ·

344 3741 469 3802 δους
503 3740 579 3809 (9)
616 3740 757 3793 κατὰ
796 3739 889 3792 τὸν
934 3739 1045 3797 βίον
1071 3741 1418 3813 εὑρίσκεται,
1469 3743 1563 3796 καὶ
1610 3742 1751 3797 οὕτω
1790 3744 1927 3815 πρὸς

345 3831 446 3901 τὴν
495 3830 675 3901 κρίσιν
714 3830 826 3884 τῶν
875 3830 1242 3901 βεϐιωμένων,
1295 3832 1588 3901 ἀναγκαῖον
1620 3835 1685 3887 ἂν
1731 3836 1816 3905 εἴη
1849 3835 1927 3907 τῷ

348 3924 509 3991 κριτῇ
554 3920 724 3984 πάθος
757 3921 853 3975 καὶ
886 3920 1087 3991 λώϐην,
1139 3922 1233 3976 καὶ
1274 3922 1449 3991 νόσον,
1482 3924 1576 3977 καὶ
1604 3925 1805 3997 γῆρας,
1834 3928 1928 3981 καὶ

345 4014 552 4083 ἀκμὴν,
582 4013 677 4066 κα)⁸
704 4013 953 4084 νεότητα,
985 4013 1081 4066 καὶ
1109 4012 1356 4080 πλοῦτον,
1383 4015 1476 4068 καὶ
1502 4016 1692 4069 πενίαν
1718 4016 1927 4088 διερευ-

348 4103 541 4156 victim.
567 4118 581 4133 -
614 4104 761 4167 ὅπως
806 4121 889 4167 τις
930 4104 996 4156 δι’
1040 4104 1271 4158 ἑκάστου
1308 4104 1513 4161 τούτων
1546 4108 1857 4178 γενόμενος’
1890 4108 1924 4179 ἢ

346 4194 408 4248 εὗ
443 4196 475 4265 ἢ
505 4194 692 4259 κακῶς
718 4195 810 4248 τὸν
840 4195 1293 4267 συγκληρωθέντα
1320 4194 1434 4265 βίον
1460 4198 1799 4268 παρέδραμε,
1832 4200 1927 4251 καὶ

2029 2012 2185 2065 toriae
2227 2010 2351 2065 vita:
2420 2011 2634 2065 ratione
2684 2010 2861 2064 aliena
2923 2010 3051 2065 est?
3108 2008 3290 2064 Unum
3346 2011 3612 2066 duntaxat

2029 2100 2171 2155 ratio
2217 2100 2641 2156 resurrectionis
2695 2101 2917 2170 quaerit,
2966 2108 3025 2153 ιιι
3086 2100 3394 2170 productus
3446 2102 3612 2156 homo

2027 2190 2283 2247 videlicet
2320 2206 2417 2261 per
2464 2190 2806 2245 nativitatem
2853 2191 2925 2245 sit
2963 2210 2973 2243 :
3008 2189 3116 2244 imo
3150 2206 3301 2256 vero,
3335 2199 3397 2245 ut
3434 2191 3611 2261 inquit

2030 2283 2411 2352 Evangelium,
2455 2290 2515 2337 ut
2567 2284 2729 2337 homo
2779 2291 2943 2338 natus
2990 2283 3062 2338 sit
3106 2284 3160 2336 in
3207 2283 3434 2348 mundo,
3491 2285 3611 2339 lon-

2028 2375 2391 2444 ginquitatem
2427 2380 2608 2429 autem
2648 2375 2793 2429 vitae.
2848 2381 2942 2428 aut
2980 2374 3175 2431 mortis
3212 2389 3276 2430 ae
3320 2374 3416 2430 fati
3466 2377 3612 2432 cele-

2030 2467 2269 2531 ritatem,
2317 2473 2409 2520 aut
2464 2466 2686 2520 modum
2736 2465 2932 2522 mortis
2977 2480 3045 2520 an
3089 2466 3274 2521 taliter
3326 2466 3410 2521 vel
3452 2469 3611 2521 aliter

2028 2552 2344 2628 contigerit,
2393 2572 2503 2611 una
2540 2571 2665 2611 cum
2714 2557 2930 2612 ratione
2964 2557 3393 2613 resurrectionis
3417 2560 3610 2629 exqui-

2028 2664 2172 2712 rere,
2207 2664 2408 2704 vanum
2452 2656 2507 2703 ct
2551 2654 2793 2717 Ineptum
2839 2656 2945 2712 est,
2982 2662 3045 2702 ac
3087 2647 3221 2702 nihil
3268 2650 3506 2718 pertinet
3540 2650 3607 2703 ad

2028 2754 2167 2792 rem.
2218 2738 2354 2793 Nam
2392 2740 2892 2810 quomodocunque
2937 2740 2990 2794 id
3023 2755 3145 2796 sese
3171 2740 3401 2812 exempli
3434 2741 3607 2810 gratia

2027 2830 2341 2886 dederimus
2400 2830 2621 2894 habere,
2668 2832 2723 2885 in
2767 2832 2909 2886 idem
2950 2832 3176 2887 omnino
3214 2847 3304 2886 rcs
3348 2832 3511 2895 redit,
3543 2847 3609 2887 ae

2030 2921 2167 2975 nihil
2198 2921 2387 2987 refert,
2433 2938 2559 2977 cum
2604 2937 2785 2992 neque
2812 2921 3106 2978 dimcultas
3145 2930 3199 2977 et
3245 2923 3608 2978 incommodi-

2031 3024 2137 3077 tas,
2194 3029 2373 3084 neque
2434 3014 2797 3069 commoditas
2858 3024 3021 3083 atque
3092 3014 3330 3070 facilitas
3389 3030 3455 3069 cx
3509 3015 3606 3070 tali

2030 3107 2335 3162 differentia
2366 3106 2513 3161 circa
2554 3105 3019 3161 resurrectionem
3046 3105 3139 3161 sit.
3170 3105 3305 3159 Nam
3348 3121 3472 3162 eum
3511 3106 3604 3178 qui

2029 3199 2212 3253 vivere
2275 3198 2526 3267 cmperit,
2587 3198 2773 3252 vivere
2827 3211 3057 3266 prorsus
3107 3203 3343 3267 oportet,
3391 3212 3454 3251 ea
3485 3210 3608 3265 qua

2028 3288 2209 3342 medio
2257 3293 2503 3355 tempore
2551 3301 2649 3356 per
2702 3294 2932 3341 mortem
2966 3285 3014 3339 ei
3046 3284 3339 3356 contigerit
3368 3284 3607 3339 dissolu-

2030 3380 2177 3433 tione
2208 3393 2306 3449 per
2327 3378 2794 3433 resurrectionem
2829 3387 3075 3433 correcta
3106 3383 3271 3446 atque
3294 3375 3600 3431 emendata.

2028 3469 2301 3524 Caeterum
2347 3484 2455 3538 qua
2503 3468 2717 3523 ratione
2769 3475 2864 3521 aut
2897 3466 3118 3536 quando
3150 3466 3440 3522 dissolutio
3490 3466 3602 3529 ﬁat,

2028 3561 2157 3631 quid
2184 3561 2288 3615 hoc
2314 3560 2382 3614 ad
2414 3559 2911 3615 resurrectionem?
2941 3558 3020 3613 Ad
3051 3558 3199 3613 aliud
3231 3557 3373 3613 enim
3404 3572 3604 3628 propo-

2028 3653 2192 3707 situm
2233 3658 2443 3720 spectat
2485 3649 2649 3719 hujus
2685 3650 2762 3704 rei
2802 3649 3190 3712 consideratio,
3220 3648 3373 3704 verbi
3401 3650 3601 3718 gratia,

2028 3745 2083 3799 in
2123 3746 2423 3815 voluptate,
2471 3743 2555 3798 vel
2588 3743 2642 3796 in
2680 3741 2906 3797 tristitia
2960 3749 3124 3811 atque
3173 3741 3360 3796 dolore
3400 3741 3603 3810 aliquis

2028 3837 2188 3903 vixit,
2243 3833 2548 3892 secundum
2586 3833 2846 3887 virtutem
2890 3831 2975 3886 vel
3014 3830 3227 3895 vitiose,
3258 3845 3382 3885 cum
3421 3830 3601 3893 laude,

2027 3928 2113 3983 vel
2146 3926 2363 3981 crimini
2408 3923 2705 3989 obnoxius,
2740 3922 3149 3989 miserabiliter,
3182 3922 3266 3977 vel
3290 3923 3445 3978 beate
3467 3932 3605 3977 tem-

2027 4034 2132 4090 pus
2170 4017 2457 4088 transegit.
2514 4015 2641 4070 llaze
2682 4015 2829 4070 enim
2880 4022 3045 4085 atque
3093 4014 3364 4084 ejusmodi
3415 4014 3600 4070 omnia

2027 4125 2095 4165 ex
2133 4123 2393 4164 mensura
2424 4107 2696 4175 modoque
2729 4114 2895 4176 atque
2929 4121 2993 4161 ex
3028 4121 3226 4177 genere
3257 4107 3381 4160 vitae
3411 4105 3605 4175 depre-

2029 4199 2367 4264 henduntur,
2400 4208 2457 4253 ct
2486 4205 2755 4267 quantum
2804 4196 2998 4251 attinet
3028 4195 3095 4250 ad
3134 4194 3442 4251 faciendum
3470 4203 3604 4251 acta:

346 4289 382 4358 ἢ
399 4288 514 4358 (10)
540 4287 745 4340 πολλῶν
768 4287 983 4354 ἐγένετο
1001 4286 1245 4351 δεκτικὸς
1266 4288 1502 4356 ἀγαθῶν,
1525 4289 1557 4358 ἢ
1581 4289 1767 4344 κακῶν
1790 4288 1924 4359 (id),

2030 4292 2156 4348 vita:
2184 4291 2477 4362 judicium,
2512 4289 2886 4347 necessarium
2925 4287 3098 4359 judici
3132 4286 3319 4350 fuerit,
3348 4286 3416 4341 de
3446 4287 3600 4352 vitio,

347 4379 407 4430 ὲν
434 4377 629 4450 μακρῷ
656 4377 731 4448 τῷ
763 4376 962 4448 χρόνῳ,
990 4378 1024 4447 ἢ
1052 4376 1173 4431 οὐδὲ
1195 4376 1292 4447 τὴν
1318 4377 1491 4449 ἀρχὴν
1510 4378 1645 4443 ὅλως
1664 4380 1926 4451 ἐκατέρου

2028 4384 2095 4439 de
2126 4382 2342 4452 jactura
2370 4396 2433 4435 ac
2463 4381 2816 4444 detrimento,
2849 4380 2918 4434 de
2944 4378 3158 4441 morbo,
3199 4378 3267 4433 de
3297 4385 3600 4443 senectute,

347 4466 553 4519 τούτων
586 4464 851 4535 ἐφήψατο,
888 4465 945 4517 ὲν
969 4464 1149 4519 ἀτελεῖ
1174 4468 1241 4537 τῇ
1274 4464 1483 4537 διανοίᾳ
1530 4467 1624 4521 τοῦ
1654 4466 1753 4539 ζῇν
1790 4488 1929 4525 παυ..

2028 4475 2093 4531 de
2139 4475 2319 4530 aetatis
2380 4473 2591 4543 vigore,
2652 4472 2720 4528 de
2761 4470 3073 4542 iuventute,
3120 4470 3190 4526 de
3247 4469 3477 4535 divitiis,
3535 4469 3605 4524 de

348 4561 611 4630 σάμενος;
646 4558 818 4613 Ὅταν
863 4558 918 4611 δὲ
948 4558 1088 4630 πρὸς
1118 4557 1215 4628 τὴν
1247 4557 1469 4627 πρώτην
1511 4559 1607 4612 τοῦ
1635 4560 1924 4632 ἀνθρώπου

2028 4573 2343 4635 paupertate
2388 4563 2668 4633 inquirere
2710 4570 2877 4633 atque
2924 4561 3198 4619 sciscitari
3236 4578 3250 4616 :
3296 4575 3406 4631 quo
3439 4568 3603 4630 pacto

348 4650 692 4722 κατασκευὴν
721 4650 788 4703 δι’
818 4649 1167 4713 ἀναστάσεως
1197 4650 1225 4702 ὁ
1248 4649 1375 4713 Θεὸς
1409 4651 1657 4721 ἐπανάγῃ
1682 4651 1795 4723 (12)
1826 4652 1924 4723 τὴν

2028 4653 2148 4724 quis
2196 4668 2292 4723 per
2334 4654 2530 4708 horum
2574 4651 3009 4723 unumquodque
3052 4657 3309 4707 versatus
3345 4649 3485 4705 bene
3531 4664 3601 4703 an

348 4744 528 4813 φύσιν,
573 4742 741 4813 ἀργὸν
774 4741 885 4811 (15)
920 4740 985 4795 ἂν
1030 4741 1116 4811 εἴη
1145 4740 1214 4793 τὰ
1244 4740 1467 4797 τοιαῦτα
1507 4742 1705 4811 λέγειν,
1740 4744 1921 4799 καὶτὸ

2028 4745 2168 4801 male
2206 4745 2349 4808 vitae,
2386 4760 2548 4815 quant
2607 4744 2837 4799 sortitus
2874 4743 2967 4806 sit,
3007 4757 3229 4797 cursum
3277 4739 3601 4802 confecerit,

344 4836 433 4888 διὰ
464 4834 573 4886 τῶν
618 4832 874 4886 τοιούτων
919 4832 1224 4887 ὲνστάσεων
1268 4834 1380 4902 (li)
1430 4834 1638 4887 οἴεσθαι
1678 4834 1777 4907 τὴν
1822 4836 1917 4890 τοῦ

2028 4848 2079 4893 et
2131 4854 2199 4892 an
2250 4838 2547 4891 multorum
2597 4850 2767 4904 capax
2828 4835 3121 4899 bonorum,
3180 4832 3265 4887 vel
3327 4831 3597 4885 malorqu

344 4928 479 4981 Θεοῦ
503 4926 732 4996 δύναμιν
756 4926 894 4997 πρὸς
918 4925 1009 4979 τὸν
1042 4925 1241 4979 σκοπὸν
1268 4926 1673 4996 ἐμποδίζεσθαι.

2028 4930 2211 4994 fuerit,
2241 4939 2480 4998 tempore
2508 4925 2827 4996 longinquo,
2862 4939 2933 4979 an
2964 4939 3063 4978 nec
3089 4922 3156 4977 ab
3187 4921 3344 4975 initio
3374 4919 3595 4990 quidem

346 5033 573 5087 prorsus
606 5018 801 5071 horum
827 5025 1123 5085 utrumque
1156 5017 1419 5087 attigerit,
1442 5018 1642 5088 quippe
1674 5020 1914 5075 nondum
1981 5028 2162 5076 mente
2198 5029 2363 5088 atque
2397 5017 2613 5086 ingenio
2649 5014 2890 5085 perfecto
2917 5015 3027 5068 vita
3084 5010 3414 5067 defunctus?
3457 5010 3595 5064 Cum

347 5120 525 5165 autem
566 5109 633 5165 ad
685 5108 921 5179 primam
956 5108 1368 5165 fabricationem
1394 5119 1449 5167 et
1494 5112 1947 5170 constitutionem
1989 5112 2231 5169 hominis
2286 5126 2383 5180 per
2436 5106 2897 5164 resurrectionem
2991 5103 3133 5159 Deus
3201 5109 3457 5157 naturam
3509 5116 3597 5156 re-

414 5294 527 5362 (97)
567 5296 637 5348 'II
664 5293 825 5361 ἀκμή
849 5324 887 5335 -
909 5296 942 5347 ό
962 5290 1236 5360 θάνατος.
1275 5294 1427 5351 Dolet
1462 5299 1519 5354 li.

413 5365 525 5438 (98)
567 5363 1138 5438 ξΥποτλῑιειφρήοἰτςίτςιι.⁸
1235 5366 1521 5438 ἀπολειφα

415 5436 524 5501 (99)
564 5436 637 5487 'Il
679 5435 1012 5504 ﬁterch
1032 5434 1076 5485 Δ
1107 5433 1253 5490 delet
1279 5435 1333 5504 ἡ.

413 5504 489 5570 (1)
528 5506 605 5558 ’Ἡ
628 5502 758 5570 τῆς.
787 5506 826 5555 Α
860 5503 931 5553 Ἥ
952 5501 1049 5570 τῆς
1074 5520 1178 5567 τις.

414 5572 491 5635 t9.)
524 5572 851 5638 Ιένέσεως.
873 5572 913 5624 Δ
947 5575 1274 5643 γεννήσεως.

414 5643 488 5705 (ἦ)
523 5643 627 5695 Καὶ
662 5642 876 5705 καθώς.
909 5640 1015 5693 Καί
1042 5640 1185 5698 delet
1216 5648 1277 5698 Δ.

408 5714 481 5779 (1)
521 5715 588 5765 El
616 5710 891 5779 ἐγενήθη.
924 5712 968 5763 Α
996 5712 1051 5767 in
1094 5718 1339 5779 margine
1371 5715 1473 5767 ὅτι.

413 5782 689 5902 (arguam
716 5779 800 5837 δέ.
852 5783 893 5835 A
926 5780 981 5835 in
1009 5785 1255 5853 margine
1295 5784 1342 5837 εί
1381 5783 1603 5839 τοιῶσδε
1645 5785 1676 5854 ἧ
1708 5784 1910 5848 ἐτέοως

417 5868 511 5902 υ.λέ
557 5869 670 5902 ηκε.

352 5868 406 5903 tu
415 5868 547 5919 μοεο
557 5869 650 5921 ηκε
659 5891 670 5903 .

2097 5295 2175 5365 (6)
2211 5296 2358 5348 Οὔτε
2385 5325 2407 5334 -
2430 5296 2589 5365 οὔτε.
2618 5295 2653 5344 Α
2681 5294 2812 5365 ⁸οὐδὲ
2834 5322 2857 5332 -
2886 5291 3027 5365 οὐδέ.

2097 5361 2173 5431 (7)
2218 5363 2580 5430 Ἐπαινετιὶς.
2614 5365 2653 5417 Α
2681 5362 2720 5416 Β
2747 5361 3066 5431 ἐπαινετῶς.

2095 5434 2173 5498 (8)
2211 5435 2532 5499 ’Υπαίτιος.
2565 5435 2607 5487 Α
2641 5432 2679 5485 Β
2705 5430 2990 5492 ὑπαιτίως.

2095 5504 2172 5572 (9)
2201 5505 2437 5569 Εἷδοινς.
2469 5507 2509 5557 Α
2543 5502 2693 5557 addit
2716 5502 2830 5555 τοῦ.

2091 5574 2337 5641 (10)Καὶ
2361 5574 2421 5641 ἦ.
2459 5577 2501 5626 Α
2535 5572 2631 5626 καὶ
2668 5574 2738 5626 εί.

2091 5640 2205 5711 (ιι)
2236 5646 2309 5696 Ἦ
2332 5640 2553 5697 κακῶν.
2584 5641 2734 5695 Delet
2763 5640 2823 5694 Β.

2091 5714 2202 5777 (12)
2246 5711 2650 5784 fE1¢z1«°ti;-gj._!\
2688 5712 2740 5765 in
2774 5711 3015 5782 margine
3048 5711 3390 5784 ὲπαναγάγῃ.

2089 5784 2202 5848 (15)
2243 5783 2469 5849 ’Λργόνκ
2508 5783 2546 5835 ll
2577 5781 2757 5852 ἔργον.

2091 5854 2137 5923 (1
2157 5855 2201 5924 1)
2246 5851 2639 5907 Ἐνστάσεων.
2670 5851 2710 5903 13
2742 5851 3077 5905 συστάσεων.
