4046 6350
407 369 518 438 161

1645 362 1706 421 8.
1732 357 2071 422 6118601111
2107 356 2406 423 NYSSENI

3569 352 3675 411 962

410 495 650 560 duxerit,
677 490 948 557 otiosum,
985 505 1189 557 vanum
1222 496 1279 547 et
1312 487 1510 547 inutile
1536 486 1703 544 fuerit
1741 484 1868 542 talia
1899 480 2085 538 dicere
2115 494 2183 536 ac
2210 487 2430 552 putare,
2454 474 2604 549 quod
2686 489 2782 547 per
2853 469 3173 541 huiusmodi
3230 468 3448 541 objecta
3506 482 3691 542 argu-

412 590 598 641 menta
642 585 889 655 potentia
918 582 1015 640 Dei
1052 599 1086 640 a
1125 597 1230 640 suo
1256 581 1542 653 preposito
1578 587 1742 650 atque
1761 572 1997 634 consilio
2047 570 2405 641 prohibeatur
2452 578 2617 641 atque
2665 567 3016 655 impediatur.

484 651 660 732 Porro
686 673 1026 746 propositum
1056 680 1219 744 atque
1247 651 1536 727 consilium
1552 668 1675 739 ejus
1700 668 1805 722 hoc
1824 680 1994 722 unum

2166 662 2377 727 Σκοπὸς
2406 662 2465 717 δέ
2506 659 2659 732 αὐτῷ
2686 652 2792 722 εἷς,
2837 656 2901 711 τδ
2929 653 3305 718 τελειωθέντος
3346 652 3382 724 ἢ
3420 651 3512 707 διά
3561 651 3678 723 (15)

412 779 520 834 est,
544 775 608 824 ut
637 766 790 824 omni
816 772 1026 823 natura:
1056 772 1257 820 nostra:
1283 759 1627 834 plenitudine
1669 757 2005 829 singulatim

416 876 515 933 per
533 871 787 932 quosque
817 856 1071 913 homines
1100 853 1215 925 iam
1243 853 1485 925 perlecta
1533 858 1702 922 atque
1723 848 1994 912 absoluta,

416 962 542 1003 cum
568 946 661 1002 alii
690 943 911 1016 quidem
932 943 1045 1014 jam
1072 940 1259 999 statim
1289 955 1385 1012 per
1414 939 1557 996 hanc
1584 939 1751 994 vitam
1784 953 1814 992 a
1836 936 1998 993 vitio-

418 1038 579 1097 sitate
624 1035 852 1108 espiati,
910 1035 1003 1090 alii
1051 1048 1185 1090 vero
1248 1032 1499 1102 posthac,
1545 1028 1999 1086 convenientibus

422 1129 762 1199 temporibus
798 1143 895 1199 per
924 1128 1102 1198 ignem
1127 1124 1306 1181 curati
1336 1122 1564 1188 fuerint,
1604 1122 1695 1177 alii
1721 1129 1902 1177 autem
1931 1134 2000 1177 ex

419 1235 582 1292 aquo
614 1220 745 1277 boni
800 1218 966 1277 simul
997 1233 1064 1275 ac
1096 1216 1224 1272 mali
1279 1216 1565 1277 scientiam
1621 1223 1788 1289 atque
1836 1228 2003 1285 expe-

419 1312 675 1370 rientiam
704 1325 801 1383 per
841 1309 987 1371 hane
1025 1309 1190 1364 vitam
1234 1323 1343 1364 non
1398 1306 1711 1372 habuerint,
1740 1306 2002 1364 omnibus

423 1410 695 1477 proponat
746 1401 1221 1475 participationem
1252 1410 1309 1459 et
1337 1415 1497 1457 usum
1527 1400 1837 1465 bonorum,
1880 1412 2005 1467 qua:

339 1526 347 1531 -
424 1497 478 1550 in
507 1497 627 1566 ipso
649 1501 802 1557 sunt,
861 1509 986 1565 quae
1034 1494 1177 1555 bona
1206 1492 1491 1563 Scriptura
1547 1498 1727 1563 neque
1779 1491 2002 1548 oculum

422 1588 654 1653 vidisse,
713 1601 892 1657 neque
938 1601 1101 1644 aures
1141 1584 1446 1656 accepisse,
1485 1598 1663 1657 neque
1713 1583 2002 1655 cogitatio-

424 1679 588 1737 nibus
613 1688 671 1736 et
697 1677 1215 1735 ratiocinationibus
1268 1674 1487 1746 assequi
1545 1682 1713 1745 atque
1757 1689 2007 1745 compreo

427 1770 591 1826 hendi
622 1784 789 1840 posse
810 1769 967 1826 dicit.
1001 1766 1059 1823 ld
1098 1774 1281 1825 autem
1315 1767 1453 1823 nihil
1484 1774 1569 1823 est
1599 1766 1771 1832 aliud,
1804 1773 1864 1820 ut
1887 1779 2006 1821 mea

425 1861 644 1929 quidem
674 1860 862 1932 opinio
895 1859 1022 1924 fert,
1050 1873 1214 1930 quam
1246 1858 1300 1913 in
1331 1858 1451 1928 ipso
1482 1856 1590 1913 Deo
1617 1871 1773 1918 esse;
1803 1855 2005 1911 bonum

427 1950 578 2009 enim
608 1950 756 2023 quod
786 1958 1012 2022 superat
1044 1948 1290 2005 auditum
1330 1955 1385 2005 et
1421 1948 1643 2005 oculum
1681 1955 1737 2002 et
1784 1961 1902 2011 eor,
1953 1944 2006 2000 id

431 2042 595 2100 fuerit
621 2041 767 2112 quod
799 2042 852 2096 in
884 2041 1101 2111 superis
1129 2047 1340 2095 natura:
1372 2053 1557 2097 rerum
1592 2037 1844 2109 praesidet
1885 2036 2008 2091 uni-

429 2148 622 2190 versm.
657 2132 829 2188 Porro
859 2131 1166 2187 dill’erentia
1201 2131 1345 2195 vitae,
1373 2146 1498 2202 qua:
1535 2130 1619 2187 vel
1662 2144 1787 2184 cum
1833 2128 2008 2182 virtu-

431 2231 505 2289 te,
535 2224 618 2279 vel
659 2238 783 2279 cum
824 2222 1069 2293 nequitia
1099 2222 1341 2292 vitioque
1391 2219 1735 2290 transigitur,
1777 2218 2009 2289 posthac

433 2317 669 2373 maxime
723 2332 819 2387 per
866 2318 971 2372 hoc
996 2315 1324 2379 ostenditur,
1355 2312 1499 2386 quod
1554 2312 1720 2369 citius
1765 2320 1861 2369 aut
1899 2320 2010 2377 tar-

433 2408 556 2466 dius
588 2410 714 2481 quis
740 2409 1094 2467 beatitudinis
1120 2421 1244 2477 qute
1275 2415 1549 2476 speratur,
1580 2406 1856 2476 particeps
1895 2404 2007 2461 ﬁet.

435 2499 568 2553 Nam
626 2514 724 2570 pro
757 2499 919 2554 modo
937 2498 1233 2569 unicuique
1254 2498 1431 2553 insita;
1450 2496 1769 2552 vitiositatis
1781 2510 2011 2566 prepar-

435 2592 582 2648 tiune
609 2591 952 2661 respondens
1000 2584 1509 2645 accommodabitur
1565 2600 1794 2658 prorsus
1848 2587 2011 2642 etiam

438 2682 727 2755 productio
786 2681 1092 2737 medicinae.
1126 2678 1394 2735 Medicina
1428 2688 1608 2735 autem
1658 2678 1851 2732 animae
1898 2677 2013 2730 fue-

438 2773 512 2829 rit
560 2770 875 2827 vitiositatis
932 2769 1212 2840 expiatio;
1273 2784 1338 2824 ea
1400 2783 1530 2823 vero
1567 2769 1687 2824 sine
1731 2766 2012 2823 doloriﬁca

439 2863 725 2929 adfectione
771 2863 960 2934 perﬁci
1022 2879 1134 2919 non
1185 2871 1388 2934 potest,
1446 2863 1908 2933 quemadmodum
1956 2861 2015 2916 in

439 2954 816 3025 superioribus
840 2954 1130 3026 quaesitum
1163 2962 1331 3026 atque
1367 2967 1652 3012 osmnsum
1700 2962 1807 3011 cst.
1843 2953 2016 3024 Magis

440 3059 618 3104 autem
639 3047 1092 3119 superﬂuitatem,
1118 3046 1534 3118 iueptiludinem
1557 3054 1612 3102 et
1633 3047 2018 3102 inconvenien-

440 3139 569 3192 tiam
600 3138 941 3208 objectorum
976 3147 1428 3209 argumentorum
1458 3137 1766 3209 agnoverit,
1808 3137 1855 3192 si
1892 3138 2019 3207 quis

442 3226 869 3301 profunditatem
924 3228 1240 3298 apostolicae
1265 3228 1549 3298 sapientiae
1612 3226 2018 3296 contemplatus

2095 755 2205 815 τῶν
2232 753 2353 809 καθ’
2381 753 2612 815 Ξκαστον
2633 749 2962 822 ἀνθρώπων,
2979 746 3179 810 παντὸς
3218 743 3313 799 τοῦ
3340 744 3438 814 τῆς
3462 742 3676 815 φύσεως

2098 849 2258 927 ημῶν
2304 848 2671 921 πληρώματος
2694 886 2713 914 ,
2760 843 2872 903 τῶν
2927 843 3027 914 μὲν
3073 838 3236 905 εὐθὺς
3281 838 3381 910 ῖιδη
3415 837 3556 892 κατὰ
3581 837 3679 893 τδν

2101 942 2216 1012 βίον
2242 940 2433 996 τοῦτον
2461 938 2570 995 ἀπὸ
2601 936 2802 1003 κακίας
2830 931 3281 1007 κεκαθαρμένων,
3318 930 3428 985 τῶν
3451 929 3510 984 δὲ
3538 928 3695 1000 μεται

2097 1032 2271 1088 ταῦτα
2313 1030 2403 1087 διὰ
2433 1031 2529 1085 τοῦ
2573 1029 2745 1102 πυρὸς
2788 1026 2903 1097 (16)
2954 1027 3067 1089 τοῖς
3117 1023 3415 1094 καθήκουσι
3468 1019 3680 1092 χρόνοις

2104 1124 2515 1197 ίατρευθέντων,
2561 1121 2673 1176 τῶν
2700 1119 2758 1174 δέ
2789 1117 2988 1188 ἐπίσης
3012 1116 3108 1172 καὶ
3136 1115 3232 1170 τοῦ
3260 1112 3428 1173 καλοῦ
3456 1113 3553 1168 καὶ
3583 1110 3682 1166 τοῦ

2101 1216 2270 1274 κακοῦ
2297 1217 2398 1286 τὴν
2430 1215 2625 1287 πεῖραν
2655 1211 2808 1286 παρὰ
2833 1210 2925 1267 τδν
2954 1210 3084 1282 τῇδε
3131 1208 3244 1278 βίον
3274 1204 3680 1276 ἀγνοησάντων,

2102 1309 2240 1364 πᾶσι
2268 1305 2550 1379 προθεῖναι
2590 1303 2693 1376 τὴν
2738 1299 3030 1374 μετουσίαν
3076 1297 3187 1353 τῶν
3214 1297 3273 1351 ἐν
3302 1292 3451 1364 αὐτῷ
3477 1292 3682 1358 καλῶν,

2102 1399 2248 1471 άπερ
2294 1396 2462 1467 φησιν
2502 1396 2537 1466 ἡ
2581 1392 2796 1466 Γραφὴ,
2837 1391 2972 1462 μήτε
3011 1386 3289 1458 ὀφθαλμὸν
3341 1385 3490 1450 ίδεῖν,
3542 1384 3684 1454 μήτε

2103 1489 2271 1563 ἀκοὴν
2318 1485 2599 1554 δέξασθαι,
2637 1485 2774 1556 μήτε
2814 1481 3095 1551 λογισμοῖς
3125 1476 3345 1549 ἐφικτὸν
3383 1475 3496 1545 (17)
3528 1472 3684 1544 γενέ-

2107 1583 2252 1639 σθαι.
2297 1580 2469 1639 Τοῦτο
2507 1578 2566 1633 δὲ
2597 1576 2752 1632 οὺδέν
2791 1573 2920 1630 ἄλλο
2951 1571 3091 1635 ἐστὶ,
3124 1569 3266 1624 κατά
3307 1584 3371 1637 γε
3414 1566 3507 1620 τὸν
3551 1564 3687 1635 ἐμὸν

2104 1675 2284 1744 λόγον,
2317 1672 2352 1744 ἢ
2379 1671 2442 1725 τὸ
2472 1671 2530 1724 ἐν
2554 1666 2706 1739 αὐτῷ
2733 1664 2812 1736 τῷ
2840 1661 2960 1734 Θεῷ
2987 1659 3244 1731 γενέσθαι
3269 1677 3282 1691 ·
3321 1657 3384 1712 τὸ
3405 1657 3515 1729 γὰρ
3547 1656 3689 1725 ἀγα-

2106 1769 2199 1823 θὸν
2241 1767 2304 1820 τὸ
2343 1765 2485 1835 ὑπὲρ
2510 1760 2679 1832 ἀκοὴν
2717 1760 2811 1816 καὶ
2841 1754 3119 1828 ὀφθαλμὸν
3150 1754 3245 1808 κα)⁸
3275 1750 3523 1822 καρδίαν,
3551 1748 3689 1804 αὐτὸ

2107 1861 2174 1916 ἂν
2204 1861 2289 1931 εἴη
2319 1857 2382 1913 τὸ
2411 1855 2507 1911 τοῦ
2534 1853 2736 1917 παντὸς
2779 1848 3192 1922 ὑπερκείμενον.
3245 1846 3310 1898 Ἢ
3350 1844 3408 1899 δὲ
3437 1841 3533 1897 τοῦ
3563 1840 3687 1896 κατ’

2109 1952 2310 2023 ἀρετὴν
2334 1950 2370 2022 ἥ
2392 1946 2592 2004 κακίαν
2615 1945 2731 2018 βίου
2751 1941 2983 2015 διαφορὰ
3009 1943 3068 1996 ἐν
3090 1939 3170 2011 αἶ)
3197 1937 3334 2009 μετὰ
3352 1935 3526 1990 ταῦτα
3545 1932 3689 1988 κατὰ

2105 2044 2264 2102 τοῦτο
2292 2040 2631 2113 δειχθήσεται
2672 2036 2928 2109 μάλιστα,
2974 2035 3033 2087 ἐν
3058 2030 3137 2103 τῷ
3163 2031 3356 2085 θᾶττον
3381 2028 3415 2101 ἢ
3446 2026 3689 2099 σχολαιό-

2105 2155 2263 2210 τερον
2293 2137 2405 2208 (18)
2437 2132 2726 2206 μετασχεῖν
2749 2129 2851 2200 τῆς
2877 2125 3237 2195 ἐλπιζομένης
3267 2120 3686 2193 μακαριότητος.

2108 2229 2201 2301 Τῷ
2229 2227 2335 2299 γὰρ
2364 2224 2547 2298 μέτρῳ
2569 2223 2670 2293 τῆς
2695 2219 3060 2291 ἐγγενομένης
3091 2216 3204 2289 (19)
3237 2215 3455 2283 ἑκάστῳ
3490 2210 3689 2273 κακίας

2111 2320 2512 2390 ἀναλογήσεται
2541 2314 2654 2386 (‘20)
2685 2313 2903 2376 πάντως
2928 2310 3024 2365 καὶ
3046 2312 3081 2381 ὴ
3109 2308 3208 2379 τῆς
3244 2305 3482 2378 ἰατρείας
3512 2301 3689 2373 παρά-

2107 2428 2288 2476 τασις.
2324 2407 2558 2480 Ἰατρεία
2588 2406 2649 2460 δὲ
2690 2404 2757 2459 ἂν
2787 2404 2873 2475 είη
2901 2400 3082 2472 ψυχῆς
3112 2399 3175 2452 τὺ
3205 2398 3304 2467 τῆς
3330 2395 3443 2466 (9.1)
3490 2393 3691 2456 κακίας

2110 2504 2406 2575 καθάρσιον
2432 2514 2445 2529 ’
2476 2498 2636 2554 τοῦτο
2660 2497 2721 2551 δέ
2748 2497 2878 2552 ἄνευ
2906 2493 3161 2562 άλγεινῆς
3184 2488 3477 2549 διαθέσεως
3497 2501 3691 2575 κατορ-

2113 2574 2351 2665 θωθῆναι
2397 2591 2497 2661 οὐχ
2541 2585 2654 2643 οἷόν
2696 2602 2791 2651 τε,
2836 2582 3021 2646 καθὼς
3066 2584 3125 2637 ἐν
3168 2582 3299 2643 τοῖς
3326 2574 3692 2649 προλαϐοῦσιν

2113 2687 2426 2758 ἐξήτασται.
2453 2681 2669 2737 Μᾶλλον
2689 2679 2747 2734 δέ
2767 2678 2834 2733 άν
2860 2693 2945 2749 τις
2977 2672 3227 2743 ἐπιγνοίη
3257 2670 3364 2726 τῶν
3390 2668 3691 2723 ἐνστάσεων

2113 2778 2174 2831 τὸ
2201 2775 2453 2846 περιττὸν
2483 2772 2577 2825 καὶ
2610 2768 2897 2832 ἀνοίκειον,
2946 2768 3026 2830 εἰς
3058 2765 3122 2819 τὸ
3152 2763 3314 2835 βάθος
3335 2762 3435 2832 τῆς
3463 2761 3693 2815 ἀποστο-

2113 2868 2272 2938 λικῆς
2303 2865 2571 2935 διακύψας
2598 2861 2809 2931 σοφίας.
2848 2860 2975 2923 Τοῖς
3001 2856 3112 2929 γὰρ
3140 2855 3447 2927 Κορινθίοις
3473 2852 3537 2907 τὸ
3564 2849 3697 2921 περὶ

2114 2961 2319 3014 τούτων
2369 2955 2679 3028 σαφηνίζων
2744 2952 3038 3023 μυστήριον
3062 2988 3079 3012 ,
3145 2949 3287 3017 τάχα
3347 2944 3521 2999 ταῦτα
3579 2942 3693 3012 (9.2)

2116 3048 2502 3122 προτεινόντων
2531 3046 2683 3117 αὐτῷ
2718 3043 3012 3105 κάκείνων,
3040 3041 3077 3096 ἃ
3103 3037 3255 3109 παρὰ
3290 3037 3397 3091 τῶν
3430 3036 3526 3088 νῦν
3564 3051 3696 3088 κατ-

2117 3141 2540 3214 επιχειρούντων
2586 3137 2681 3192 τοῦ
2711 3136 2983 3207 δόγματος
3015 3133 3110 3187 ἐπὶ
3140 3131 3420 3200 ἀνατροπῇ
3449 3126 3559 3180 τῶν
3601 3144 3696 3180 πε-

2118 3232 2494 3303 πιστευμένων
2529 3228 2885 3300 προφέρεται,
2931 3225 3009 3295 τῷ
3045 3223 3160 3293 ἰδίῳ
3189 3219 3459 3289 ἀξιώματι
3505 3217 3567 3270 τὸ
3598 3218 3699 3286 τῆς

442 3320 624 3376 fuerit.
656 3319 791 3375 Nam
820 3320 1124 3377 Corinthiis
1154 3320 1476 3391 mysterium
1508 3318 1671 3388 hujus
1715 3318 1794 3373 rei
1831 3319 2013 3374 decla-

2120 3322 2363 3395 ἀμαθίας
2389 3319 2570 3374 αὐτῶν
2592 3316 2903 3373 ἐπικόπτων
2926 3312 3038 3383 (25)
3060 3312 3280 3383 θράσος,
3305 3309 3503 3363 οὑτωσὶ
3526 3306 3695 3375 λέγει.

446 3427 598 3478 rans,
632 3426 760 3467 cum
790 3419 847 3466 et
881 3411 959 3467 illi
994 3410 1096 3480 ipsi
1140 3411 1331 3466 eadem
1393 3409 1629 3466 forsitan
1688 3409 2018 3479 objicereut,

444 3517 565 3574 qua:
594 3518 741 3558 nunc
764 3503 831 3559 ab
862 3502 973 3557 illis
1012 3501 1106 3572 qui
1137 3501 1280 3556 hanc
1333 3500 1643 3556 doctrinam
1678 3510 2021 3571 oppugnant,

445 3595 512 3653 ad
540 3596 880 3653 eversionem
906 3594 1031 3651 ﬁdei
1069 3608 1258 3650 eorum
1292 3594 1387 3663 qui
1421 3592 1679 3658 credunt,
1729 3592 2022 3663 proferun-

445 3698 557 3749 tur.
585 3702 684 3743 sua
723 3687 1054 3743 auctoritate
1098 3686 1321 3741 illorum
1378 3683 1667 3754 imperitiae
1717 3692 1881 3755 atque
1935 3685 2023 3740 iu-

448 3781 620 3837 sriiim
647 3795 910 3841 coercens
953 3777 1261 3843 audaciam,
1292 3779 1366 3834 ita
1389 3776 1557 3832 dicit:
1613 3776 1810 3833 «Dices
1856 3777 2027 3849 igitur

449 3873 615 3928 mihi:
651 3872 773 3939 Quo
825 3872 991 3928 modo
1045 3870 1248 3925 mortui
1302 3871 1644 3941 resurgunt?
1699 3870 1849 3940 quali
1896 3871 2024 3925 item

448 3980 678 4035 corpore
704 3963 962 4020 venient?
986 3960 1218 4028 Stulte,»
1241 3961 1441 4033 inquit,
1470 3981 1488 4010 ι
1512 3973 1567 4016 ιιι
1596 3962 1741 4032 quod
1760 3961 2024 4025 scminas,

454 4072 560 4117 non
607 4055 934 4122 viviileatur,
973 4054 1080 4112 nisi
1120 4061 1398 4110 mortuum
1449 4052 1637 4119 fuerit,
1669 4063 1719 4109 et
1773 4053 1825 4107 id
1879 4052 2027 4123 quod

454 4148 716 4212 smuinas,
748 4162 856 4203 non
884 4145 1029 4217 quod
1058 4155 1340 4211 nascetur,
1372 4159 1575 4215 corpus
1619 4144 1885 4208 seminas,
1930 4143 2028 4198 sed

458 4238 661 4294 nudum
695 4251 953 4309 granum,
988 4236 1141 4291 verbi
1178 4235 1375 4306 gratia,
1430 4234 1624 4298 tritici,
1674 4242 1770 4289 aut
1798 4233 2031 4303 alicujus

456 4344 522 4386 ex
556 4329 769 4385 czcteris
792 4328 1117 4385 seminibus.
1152 4327 1298 4384 Deus
1331 4335 1514 4383 autem
1569 4328 1666 4382 dat
1704 4327 1755 4383 ei
1806 4342 2032 4398 corpus,

2120 3435 2140 3468 ι
2164 3416 2339 3486 Ἐρεῖς
2360 3408 2454 3467 οὖν
2476 3428 2566 3482 μοι
2583 3426 2595 3438 ·
2614 3407 2738 3471 Πῶς
2762 3406 3064 3477 ἐγείρονται
3085 3404 3136 3457 ei
3164 3400 3347 3472 νεκροί
3366 3418 3382 3466 ;
3399 3400 3465 3467 (‘)
3486 3398 3699 3469 Ποίῳδέ

2119 3504 2331 3576 σώματι
2356 3503 2605 3573 ἔρχονται
2624 3515 2643 3565 ;
2665 3497 2909 3568 Ἄφρων,
2937 3514 2958 3548 ι
2987 3493 3144 3565 φησι,
3170 3512 3189 3544 ι
3220 3492 3283 3546 σὺ
3312 3491 3341 3545 δ
3370 3488 3611 3560 σπείρεις
3635 3486 3701 3540 οὐ

2120 3595 2466 3661 ζωοποιεῖται
2498 3589 2594 3644 ἐὰν
2629 3588 2706 3659 μὴ
2749 3585 3019 3658 ἀποθάνῃ,
3049 3584 3145 3638 καὶ
3175 3583 3205 3637 ὃ
3242 3580 3506 3651 σπείρεις,
3540 3578 3603 3631 οὐ
3637 3577 3700 3631 τὸ

2123 3687 2283 3758 σῶμα
2313 3684 2374 3739 τὸ
2399 3680 2764 3752 γενησόμενον
2792 3678 3057 3748 σπείρεις,
3085 3675 3223 3730 ἀλλὰ
3252 3673 3458 3744 γυμνὸν
3478 3672 3699 3731 κόκκον,

2121 3777 2347 3847 εἰτύχοι
2379 3774 2527 3828 σίτου
2548 3811 2564 3836 ,
2603 3770 2637 3841 ἢ
2668 3770 2828 3826 ἄλλου
2857 3769 3001 3831 τινὸς
3034 3767 3141 3821 τῶν
3175 3765 3505 3837 σπερμάτων
3529 3781 3543 3796 ο
3587 3764 3617 3815 ὁ
3643 3762 3701 3815 δὲ

2121 3869 2253 3932 Θεὸς
2279 3866 2493 3922 δίδωσιν
2518 3863 2667 3933 αὐτῷ
2692 3861 2854 3932 σῶμα
2877 3859 3058 3924 καθὼς
3088 3858 3403 3928 ἠθέλησεν.)
3437 3851 3702 3908 Ἐνταῦθα

2124 3961 2230 4032 γὰρ
2252 3954 2623 4027 ἐπιστομίζειν
2650 3972 2741 4026 μοι
2761 3953 2909 4007 δοκεῖ
2931 3951 3060 4014 τοὺς
3084 3948 3411 4020 ἀγνοοῦντας
3438 3946 3505 4000 τὰ
3523 3946 3700 3999 οἰκεῖα

2127 4052 2302 4122 μέτρα
2331 4051 2433 4120 τῆς
2465 4047 2700 4117 φύσεως,
2733 4043 2831 4099 καὶ
2858 4042 2996 4114 πρὸς
3036 4040 3136 4112 τὴν
3169 4039 3375 4094 ἑαυτῶν
3410 4039 3563 4108 ἰσχὺν
3602 4036 3704 4107 τὴν

2127 4142 2278 4196 θείαν
2306 4137 2758 4204 ἀντεξετάζοντας
2786 4132 3038 4203 δύναμιν,
3074 4131 3186 4185 ’καὶ
3211 4128 3489 4197 οἰομένους
3513 4125 3703 4181 τοσοῦ-

2127 4250 2218 4288 τον
2243 4228 2483 4301 εἶναιτῷ
2505 4227 2624 4300 Θεῷ
2647 4226 2891 4289 δυνατὸν,
2925 4225 3049 4278 ὅσον
3074 4223 3187 4294 (24)
3210 4223 3378 4292 χωρεῖ
3407 4220 3503 4273 καὶ
3527 4219 3641 4288 (‘25)
3670 4220 3707 4288 ἠ

2130 4321 2442 4393 ἀνθρωπίνη
2467 4318 2769 4389 κατάληψις
2791 4333 2807 4348 ⁸
2854 4316 2917 4369 τὸ
2937 4314 2997 4369 δέ
3025 4314 3166 4383 ὑπὲρ
3199 4313 3344 4383 ἡμᾶς
3371 4309 3455 4371 ὃν.
3488 4309 3582 4364 καὶ
3612 4305 3708 4362 τοῦ

458 4428 520 4477 ut
540 4419 725 4476 vult".
747 4419 847 4476 llic
858 4420 1004 4476 enim
1029 4421 1163 4476 mihi
1186 4437 1251 4477 os
1271 4421 1555 4485 obturare,
1572 4428 1736 4494 atque
1753 4420 2015 4477 silentiun

2130 4419 2266 4473 Θεοῦ
2307 4414 2564 4487 παριέναι
2590 4414 2691 4484 τὴν
2717 4410 2965 4481 δύναμιν.
3029 4409 3089 4461 '0
3139 4406 3248 4477 γὰρ
3292 4404 3580 4494 ἐρωτήσας
3617 4400 3715 4494 tow

461 4514 743 4581 imponere
772 4512 841 4567 iis
870 4510 1106 4576 videtur,
1142 4513 1235 4581 qui
1269 4512 1521 4582 proprias
1557 4527 1849 4567 mensuras
1871 4521 2035 4567 natu-

2146 4508 2468 4563 ’Λπόστολον
2515 4505 2577 4558 τὸ
2625 4505 2743 4566 πῶς
2790 4502 2904 4573 (26)
2957 4498 3260 4569 ἐγείρονται
3306 4497 3355 4549 oi
3389 4493 3596 4565 νεκροὶ,
3634 4490 3712 4557 ὡς

464 4621 539 4662 ne
565 4606 842 4676 ignorant,
875 4612 932 4660 et
947 4620 1073 4660 cum
1091 4606 1209 4662 suis
1228 4606 1439 4661 viribus
1451 4606 1689 4660 divinam
1714 4623 1779 4661 ex
1804 4606 2015 4665 adversc

2140 4603 2416 4673 ἀμήχανον
2437 4598 2497 4652 ὃν
2523 4597 2584 4651 τὸ
2606 4593 3015 4664 ἐσκεδασμένων
3042 4590 3147 4643 τῶν
3174 4589 3268 4642 τοῦ
3295 4587 3544 4659 σώματος
3571 4600 3712 4676 στοιξ

463 4705 789 4769 comparant
838 4698 1160 4770 potentiam,
1222 4707 1387 4768 atque
1442 4699 1762 4753 existimant
1822 4707 2037 4754 tantum

465 4790 636 4845 Deum
667 4804 852 4861 posse,
886 4798 1154 4860 quantum
1180 4790 1479 4845 humanum
1512 4788 1790 4860 ingenium
1839 4805 2035 4860 capere

464 4891 630 4953 atque
677 4882 1143 4953 comprehendere
1167 4881 1374 4951 possit:
1433 4879 1582 4950 quod
1640 4889 1823 4934 autem
1865 4894 2036 4948 supra

464 4988 569 5030 nos
591 4974 684 5039 sit,
707 4973 873 5029 etiam
918 4973 1158 5028 divinam
1191 4972 1486 5044 potentiam
1525 4956 1831 5042 praecedere
1873 4981 2039 5043 atque

467 5079 747 5132 superare.
773 5062 879 5131 Qui
903 5063 1049 5120 enim
1072 5061 1905 5135 interrogaveramApostolum,
1925 5076 2033 5134 qua

537 5156 584 5187 ³ο
621 5156 634 5206 l
666 5156 796 5210 Cor.
825 5171 915 5210 xv.
947 5155 1016 5209 35
1045 5169 1166 5224 sqq.

537 5244 652 5316 (151
686 5248 761 5299 Ἢ
782 5246 901 5300 διά.
945 5246 987 5299 Α
1013 5248 1056 5301 li
1083 5247 1184 5316 ἥδη
1215 5245 1324 5300 διά.

542 5313 657 5380 (lii)
707 5316 809 5369 Διὰ
836 5316 942 5369 τοῦ
969 5313 1183 5383 πυρός(
1242 5316 1281 5367 Α
1320 5315 1375 5367 in
1425 5314 1668 5383 margine
1710 5313 1805 5383 1dr
1834 5314 2039 5383 αἰωνίῳ

470 5385 607 5455 πυρὶ
633 5382 1135 5439 καταδικασθέντων
1164 5385 1356 5455 τῶνδὲ
1383 5382 1581 5455 ἐπίσης
1608 5383 1703 5438 τοῦ
1724 5382 1890 5437 καλοῦ
1918 5400 1999 5438 τε.

570 5454 656 5519 17)
695 5455 991 5524 Ἐφικτόν.
1027 5457 1069 5510 Α
1102 5454 1318 5523 ἐφικτὰ.

542 5523 655 5594 (l8)
681 5523 1130 5594 Σχολαιότερον.
1168 5527 1206 5576 Λ
1234 5527 1287 5577 in
1318 5524 1563 5594 margine
1598 5523 1960 5594 σχολαίτερον.

540 5593 656 5661 (l9)
696 5593 979 5663 'Errérop
1025 5593 1065 5647 Β
1089 5597 1336 5662 ἐγγινομ.

543 5663 658 5733 (20)
700 5664 1183 5734 Ἄναλοινῇσεται.
1220 5666 1256 5716 A
1286 5665 1329 5734 11
1359 5663 1698 5734 ἁναλογήσει.

546 5734 658 5795 (⁸21)
692 5736 760 5787 Τὸ
789 5733 918 5800 τῆς.
948 5734 989 5787 Α
1018 5734 1078 5788 τὸ
1107 5735 1214 5789 ἀπὸ
1247 5733 1365 5799 τῆς.

548 5802 660 5875 ('32)
693 5806 848 5881 Τάχα
877 5805 1077 5861 ταῦτα.
1115 5806 1156 5861 Α
1184 5801 1228 5866 Β
1259 5806 1400 5872 τάχα
1425 5803 1491 5857 τὰ
1514 5804 1671 5857 αὐτὰ.

2143 4693 2305 4764 χείων
2338 4694 2418 4753 είς
2448 4687 2751 4761 συνδρομὴν
2775 4685 2934 4740 πάλιν
2965 4683 3139 4737 ἐλθεῖν
3170 4678 3529 4750 ἀποφαίνεται
3554 4693 3570 4709 ο
3620 4674 3719 4729 καὶ

2143 4785 2218 4849 ὡς
2238 4783 2428 4839 τούτου
2460 4779 2536 4852 μὴ
2555 4777 2873 4850 δυναμένου,
2895 4775 3054 4830 ἄλλου
3071 4774 3130 4827 δὲ
3156 4772 3268 4841 (27)
3294 4770 3544 4842 σώματος
3563 4765 3716 4838 παρὰ

2143 4877 2239 4949 τὴν
2263 4875 2372 4944 (‘28)
2395 4870 2697 4945 συνδρομὴν
2722 4868 2832 4931 τῶν
2855 4865 3132 4936 στοιχείων
3151 4863 3249 4933 οὐχ
3268 4859 3713 4930 ὑπολειπομένου,

2142 4967 2332 5023 τοῦτόν
2373 4980 2507 5037 φησι
2566 4960 2709 5016 κατὰ
2757 4958 2888 5022 τοὺς
2930 4955 3137 5018 δεινοὺς
3169 4953 3281 5007 τῶν
3323 4949 3719 5020 διαλεγομένων

2143 5057 2498 5131 συμπεράνας
2528 5053 2642 5127 (39)
2666 5052 2756 5107 διά
2774 5067 2918 5114 τινος
2942 5045 3260 5111 ἀκολουθίας
3289 5046 3435 5117 άπερ
3457 5042 3716 5098 ὑπέθετο’

2215 5239 2330 5312 (25)
2369 5237 2755 5312 Ἑπιζιόπτων.
2802 5234 2842 5286 Λ
2877 5232 2931 5312 in
2959 5229 3211 5312 margine
3232 5226 3611 5298 ἐπισκήπτων.

2270 5298 2337 5379 (
2377 5306 2559 5375 Ἐρεῖς
2584 5308 2699 5379 -Αοζ
2721 5301 2943 5379 νεκροί.
2974 5298 3128 5356 Dolet
3155 5298 3216 5354 Β.

2216 5372 2332 5443 (21)
2365 5372 2574 5436 Ὅσον,
2607 5376 2647 5428 Α
2673 5375 2797 5427 ὅσον
2823 5372 2936 5427 καί.

2237 5444 2330 5503 ‘25)
2371 5448 2500 5502 Καί.
2540 5445 2689 5500 Delet
2712 5444 2772 5498 li.

2237 5449 2330 5515 ‘25)
2371 5449 2500 5502 Καί.
2540 5449 2689 5500 [lelet
2712 5449 2772 5498 li.

2213 5449 2330 5586 (26)
2370 5518 2441 5570 Τὸ
2469 5515 2684 5586 πῶςηᾼ
2722 5515 2775 5586 in
2808 5525 3056 5586 margine
3079 5512 3247 5575 ὅπως.

2238 5590 2335 5649 ‘27)
2359 5588 2591 5640 Ἀλλου
2614 5584 2700 5636 δέ.
2732 5583 2772 5635 li
2794 5582 2910 5636 ἀλλ’
2934 5580 3079 5633 οὐδέ.

2239 5658 2332 5716 ‘28)
2364 5656 2529 5724 Παρὰ
2559 5652 2690 5724 τήν.
2734 5654 2776 5705 Β
2804 5652 2940 5724 πρὸς
2970 5651 3086 5724 silv.

2218 5718 2333 5798 (‘29)
2362 5718 2776 5796 Συλιπεράνας.
2814 5718 2880 5776 Α.
2921 5719 3074 5776 addit
3108 5718 3250 5787 λόγῳ
3282 5754 3297 5772 .
