4046 6350
425 406 532 465 I53

1499 427 1588 483 DE
1606 427 1818 485 ANIMA
1854 428 1942 486 E?
1981 429 2580 492 RESURRECTIONE.

3573 442 3674 498 ιξςι

405 528 490 610 ,Εί
523 530 844 628 σῶμά-,ἑστι
873 539 1145 614 συνδρομὴ
1193 549 1489 618 στοιχείων.
1513 551 1746 604 τούτων
1773 551 1829 605 δὲ
1859 553 1990 623 άμήη

2108 557 2318 612 ratione
2339 556 2546 612 mortui
2573 556 2944 627 resurgemnt,
2990 555 3162 628 quasi
3189 556 3304 611 fieri
3355 554 3463 611 non
3512 568 3676 626 posse

425 639 586 694 χανος
621 624 736 696 (50)
777 629 844 683 ἐκ
887 630 1139 706 δευτέρου
1184 640 1218 709 ἡ
1263 639 1499 706 σύνοδος,
1531 641 1668 713 ποίῳ
1711 645 2004 714 χρήσονται

427 715 640 785 σώματι
669 720 719 773 οί
758 720 1106 796 ἀνιστάμενοι
1131 747 1147 795 ;
1195 730 1366 785 Τοῦτο
1393 732 1573 789 τοίνυν
1607 734 1671 788 τὸ
1693 735 1885 790 δοκοῦν
1914 735 2004 791 διά

424 823 568 915 novo;
591 813 849 915 τεχνικῆς
882 818 1074 886 σοφίας
1117 821 1302 886 αὐτοῖς
1341 824 1781 896 συμπεπλέχθαι,
1825 827 2001 898 ἀφρο-

424 904 592 972 σύνην
631 904 905 976 ὠνόμασε,
955 909 1066 964 τῶν
1111 912 1186 984 μὴ
1231 915 1566 971 κατιδόντων
1611 918 1671 971 ὲν
1715 920 1782 989 τῇ
1837 917 2000 990 λοιπῇ

425 991 596 1048 κτίσει
624 997 686 1051 τὸ
711 997 978 1071 ὑπερέχον
1003 1005 1103 1075 τῆς
1134 1005 1287 1070 θείας
1308 1007 1622 1080 δυνάμεως.
1670 1010 2001 1066 Καταλιπὼν

426 1083 534 1176 γάρ
558 1086 628 1140 τά
648 1087 955 1165 ὑψηλότερα
977 1095 1072 1158 τοῦ
1103 1097 1238 1152 Θεοῦ
1270 1099 1525 1171 θαύματα
1551 1103 1687 1173 (51),
1724 1104 1792 1156 δι’
1822 1097 1908 1159 ὧνί
1930 1101 2000 1176 ἦν

427 1175 506 1239 εἰς
545 1178 778 1252 ἀπορίαν
815 1183 1044 1254 ἀγαγεῖν
1070 1188 1161 1244 τὸν
1181 1190 1472 1256 ἀκούοντα,
1510 1187 1643 1258 οἷον,
1669 1195 1726 1247 τί
1750 1193 1812 1248 τὸ
1830 1175 2000 1266 οὐρά-

425 1283 537 1321 νιον
558 1269 738 1340 σῶμα,
755 1274 850 1328 καὶ
869 1275 1051 1342 πόθεν,
1069 1280 1192 1334 τίδὲ
1210 1282 1272 1336 τὸ
1291 1283 1536 1354 ἡλιακὸν,
1557 1284 1590 1355 ἢ
1614 1285 1674 1338 τὸ
1696 1285 1997 1356 σεληναῖον,

426 1359 459 1429 ἢ
483 1361 544 1414 τὺ
569 1362 628 1416 ἐν
659 1366 773 1430 τοῖς
797 1368 1015 1439 ἄστροις
1041 1373 1384 1444 φαινόμενον,
1423 1376 1452 1428 ὁ
1477 1375 1659 1447 αἰθὴρ,
1700 1378 1730 1429 ὁ
1771 1378 1899 1448 ἀὴρ,
1933 1380 1995 1434 τὸ

426 1449 586 1522 ὕδωρ,
621 1456 654 1525 ἡ
687 1455 758 1529 γῆ
787 1476 802 1525 ;
837 1457 950 1512 ἀλλ’
983 1463 1049 1515 ἐκ
1077 1463 1188 1533 (52)
1232 1464 1341 1518 τῶν
1369 1466 1681 1535 συντρόφων
1728 1467 1879 1538 ἡμῖν’
1900 1468 1993 1521 καὶ

423 1543 743 1615 κοινοτέρων
803 1547 1014 1621 ἐλέγχει
1071 1552 1180 1609 τῶν
1240 1556 1605 1628 ἐνισταμένων
1665 1557 1728 1610 τὸ
1803 1558 1993 1612 ἀνεπί-

423 1646 676 1690 σκεπτον.

2099 655 2416 712 censerent,
2451 655 2511 703 ut
2540 648 2793 718 corporis
2827 649 3098 704 elementa
3141 649 3405 717 dissipata
3457 665 3673 703 rursum

2098 739 2320 794 veniant
2340 737 2409 794 ad
2434 755 2804 807 concursum;
2834 748 2890 794 et
2913 753 3036 795 cum
3065 739 3168 793 hoc
3198 739 3358 809 quasi
3380 739 3512 793 'lieri
3565 755 3673 792 non

2099 837 2306 896 posset,
2342 843 2444 884 nec
2507 828 2656 883 aliud
2711 837 2910 900 praeter
2967 829 3021 884 id
3073 829 3221 898 quod
3273 844 3338 884 ex
3394 843 3670 884 concursu
3717 845 3720 848 ί

2097 915 2368 972 conﬂ‘etur
2453 917 2878 981 elementorum,
2947 931 3154 987 corpus
3242 916 3671 986 relinqueretur,

2102 1022 2497 1064 inore-eorum
2544 1009 2638 1080 qui
2704 1009 2986 1065 subtiliter
3038 1015 3094 1064 et
3142 1007 3342 1064 callide
3387 1007 3674 1062 disserunt

2101 1116 2165 1154 ac
2199 1100 2509 1170 disputant,
2538 1116 2636 1172 per
2663 1101 2957 1171 quamdam
2985 1101 3440 1172 consequentiam
3466 1114 3530 1153 ca
3553 1114 3673 1167 qme

2101 1201 2479 1266 proposuerat,
2529 1193 2779 1248 oratione
2831 1193 3187 1256 concludens,
3242 1192 3347 1247 hoc
3396 1190 3564 1245 dicit:
3613 1189 3670 1243 Si

2097 1300 2303 1356 corpus
2328 1293 2415 1340 est
2463 1299 2772 1341 concursus
2799 1284 3219 1349 elementorum,
3274 1297 3338 1337 ac
3386 1282 3526 1337 ﬁeri'
3563 1291 3672 1335 nun

2099 1386 2315 1448 potest,
2349 1388 2410 1431 ut
2438 1378 2636 1432 iterum
2666 1391 2730 1432 ea
2749 1385 2945 1432 coeant
2969 1375 3396 1431 et'courcniant:
3421 1384 3534 1442 quo
3551 1387 3672 1425 cor—

2099 1483 2229 1538 pore
2262 1475 2486 1521 utentur
2508 1467 2546 1520 ii
2575 1467 2668 1535 qui
2697 1464 3027 1534 resurgunt?
3060 1461 3173 1518 lloc
3204 1461 3392 1532 igitur,
3411 1458 3557 1530 quod
3577 1473 3672 1527 p-r

2097 1554 2759 1625 artiﬁciosum-quamdam
2779 1553 3129 1608 calliditatem
3160 1552 3230 1607 ab
3267 1551 3340 1605 iis
3360 1551 3668 1605 connexum

2095 1657 2150 1702 et
2191 1647 2579 1704 concinnatum
2631 1645 2952 1710 videbatur,
3000 1644 3289 1700 stultitiam
3345 1639 3667 1703 nominavit,

420 1726 516 1792 qui
556 1743 664 1781 non
682 1730 1275 1794 animadvertissentin
1295 1739 1502 1810 reliqua
1521 1743 2163 1812 creaturaprmstantiam
2189 1753 2240 1798 et
2261 1741 2643 1797 excellentiam
2675 1739 2933 1810 potentiae
2988 1738 3202 1792 divinat.
3255 1736 3489 1792 Omissis
3521 1734 3666 1789 enim

422 1820 1134 1924 sublimioribusmiraculis
1150 1833 1504 1908 Dei,pcrqu:e
1559 1837 1628 1892 ad
1668 1838 2061 1894 dubitationem
2091 1853 2154 1893 ac
2187 1838 2601 1908 perplexitatem
2659 1835 2854 1892 adduci
2905 1839 3119 1904 poterat
3153 1831 3372 1885 auditor
3400 1865 3434 1893 ,»
3479 1828 3667 1890 veluti,

420 1913 680 1981 quidnam
709 1920 782 1973 sit
813 1937 1014 1993 corpus
1039 1927 1288 1993 caeleste,
1321 1940 1415 1984 aut
1441 1933 1585 1986 unde
1614 1934 1707 1996 sit,
1728 1933 1989 2002 quidnam
2047 1933 2174 1987 item
2199 1947 2400 2002 corpus
2432 1931 2566 1986 solis
2599 1938 2695 1984 aut
2721 1930 2884 1992 lunae,
2917 1934 3012 1980 aut
3064 1924 3117 1979 id
3155 1923 3302 1994 quod
3370 1921 3425 1975 in
3461 1919 3668 1976 sideri—

423 2004 526 2060 bus
566 2020 810 2080 apparet,
843 2017 974 2085 quid
1030 2021 1222 2086 aztlter,
1276 2026 1410 2093 quid
1462 2041 1580 2090 aer,
1637 2027 1770 2097 quid
1832 2042 1996 2098 aqua,
2038 2038 2204 2090 terra,
2241 2043 2336 2098 per
2394 2042 2480 2090 ea,
2533 2035 2655 2095 qua}
2707 2023 2978 2094 frequenti
3033 2017 3431 2076 consuetudine
3507 2014 3669 2071 nobis

421 2110 545 2156 nota
577 2105 858 2177 magisque
885 2113 1198 2166 communia
1229 2124 1380 2179 sunt,
1411 2118 1594 2188 arguit
1625 2119 1682 2173 in
1737 2120 2204 2175 considerantium
2239 2111 2706 2175 adversariorum.

489 2215 622 2269 Οὐδὲ
653 2220 694 2289 ἡ·
718 2223 962 2293 γεωργία
1008 2243 1066 2280 σε
1109 2228 1368 2293 διδάσκει,
1404 2232 1589 2304 φησὶν,
1637 2235 1719 2287 ὅτι
1769 2234 1990 2305 μάταιός

2165 2234 2246 2287 An
2285 2249 2383 2288 nec
2447 2233 2782 2304 agricultura
2841 2228 3061 2298 quidem
3126 2237 3179 2283 te
3223 2226 3404 2288 docet,
3458 2221 3663 2292 inquit,

418 2305 612 2415 εστινοό
643 2310 776 2380 πρὸς
804 2313 863 2367 τὸ
891 2315 1083 2415 ἑαυτοῦ
1110 2319 1310 2391 μέτρον
1333 2322 1433 2392 τῆς
1457 2323 1606 2388 θείας
1629 2317 1911 2396 δυνάμεως
1932 2327 1990 2379 τὸ

2095 2330 2238 2396 quod
2271 2329 2471 2381 stultus
2495 2337 2549 2381 et
2584 2326 2800 2396 ineptus
2822 2326 2892 2378 sit
2920 2324 2967 2392 is
2998 2322 3089 2394 qui
3115 2337 3189 2400 ex
3215 2319 3378 2373 modo
3412 2331 3476 2392 ac
3497 2331 3668 2390 men-

418 2397 685 2472 ὑπερέχον
729 2405 1190 2479 στοχαζόμενος;’
1224 2414 1388 2468 πόθεν
1435 2419 1548 2479 τοῖς
1601 2393 1879 2489 σπέρμασι
1923 2416 1990 2471 τὰ

2095 2435 2220 2473 sura
2247 2434 2468 2486 suarum
2501 2418 2700 2470 virimn
2727 2416 2926 2470 divina:
2952 2412 3204 2488 potentia:
3233 2410 3468 2464 azslimat
3491 2405 3667 2462 excel-

419 2495 795 2596 περιφυόμενα
821 2498 1070 2596 arb-pata;
1105 2502 1158 2555 τί
1185 2503 1242 2556 δὲ
1273 2504 1598 2575 καθηγεῖται
1633 2485 1730 2577 τῆς
1749 2485 1990 2577 *βλάστης

2095 2489 2358 2562 leutiam?
2402 2495 2547 2559 unde
2579 2504 2884 2560 seminibus
2935 2485 2998 2557 ea
3025 2485 3146 2570 qua:
3174 2507 3494 2558 nascuntur,
3543 2509 3668 2547 cor-

417 2580 634 2646 αὐτῶν;
685 2585 805 2654 οὐχὶ
849 2587 1102 2657 Θάνατος,
1153 2593 1312 2664 εἴπερ
1359 2595 1585 2660 θάνατός
1628 2599 1774 2650 ἐστιν
1819 2599 1851 2669 ἡ
1902 2589 1990 2651 τοῦ

2094 2588 2416 2674 pora?quid
2463 2597 2590 2651 item
2639 2595 2898 2665 praecedit
2957 2580 3146 2649 eorum
3177 2586 3669 2662 germinationom?

420 2675 806 2744 συνεστηκότος
844 2678 1117 2747 statum;
1177 2685 1252 2738 Τὸ
1304 2689 1413 2758 γὰρ
1453 2688 1674 2758 σπέρμα
1723 2689 1796 2757 μὴ
1829 2681 1996 2743 ’ἀνὲλὲ

417 2763 499 2816 θοι
541 2764 653 2835 (33)
683 2769 761 2832 είς
793 2769 1018 2840 ἔκφυσιν
1067 2775 1142 2845 μὴ
1175 2775 1420 2832 διαλυθὲν
1456 2781 1514 2832 ὲν
1555 2781 1620 2850 τῇ
1656 2779 1811 2850 βώλῳ
1855 2778 1988 2850 (³54),

419 2853 513 2906 καὶ
559 2858 847 2927 γενόμενον
905 2864 1096 2935 ἀραιὸν
1147 2867 1258 2936 ('55)
1306 2869 1401 2921 καὶ
1449 2869 1753 2940 πολύπορον
1779 2910 1793 2931 ,
1849 2869 1991 2923 ὥστε

417 2948 812 3019 καταμιχοῆναι
859 2955 996 3024 πρὸς
1053 2957 1153 3028 τὴν
1211 2960 1622 3030 παρακειμένην
1679 2961 1881 3031 ἰκμάδα
1924 2964 1988 3033 τῇ

416 3039 590 3111 οίκείᾳ
637 3043 903 3114 ποιότητι,
956 3049 1047 3101 καὶ
1094 3049 1264 3114 οὕτως
1308 3053 1387 3114 είς
1435 3052 1590 3121 ῥίζαν
1625 3053 1720 3105 καὶ
1755 3052 1989 3124 βλάστην

419 3135 865 3204 μεταποιηθῆναι,
898 3139 990 3191 καὶ
1018 3139 1149 3210 μηδὲ
1182 3142 1240 3193 ἐν
1271 3142 1443 3211 τούτῳ
1475 3143 1586 3213 (56)
1624 3147 1824 3213 μεῖναι,
1855 3145 1990 3199 ἀλλὰ

417 3224 739 3290 μεταϐαλεῖν
786 3229 866 3292 είς
909 3231 1184 3302 καλάμην,
1230 3236 1342 3297 τοῖς
1394 3233 1481 3288 διὰ
1533 3235 1698 3304 μέσου
1744 3235 1986 3304 γόνασιν,

413 3305 524 3364 οἶόν
555 3330 664 3367 τισι
691 3317 1006 3388 συνδέσμοις
1032 3322 1444 3393 ὑπεζωσμένην,
1474 3326 1607 3396 πρὸς
1636 3328 1696 3379 τὺ
1731 3326 1988 3382 δύνασθαι

415 3403 599 3473 φέρειν
645 3405 702 3460 ἐν
744 3407 910 3478 ὀρθίῳ
938 3410 1012 3480 τῷ
1043 3413 1279 3482 σχήματι
1317 3415 1407 3468 τὸν
1455 3417 1656 3487 στάχυν
1684 3417 1761 3487 τῷ
1792 3419 1988 3490 καρπῷ

417 3491 796 3565 βαρυνόμενον.
841 3499 950 3552 Ποῦ
998 3502 1177 3556 τοίνυν
1217 3505 1389 3558 ταῦτα
1422 3505 1552 3577 περὶ
1596 3507 1688 3559 τὸν
1743 3510 1886 3560 σῖτον
1919 3503 1985 3578 ἦν

415 3584 521 3655 πρὸ
563 3588 663 3656 τῆς
707 3590 766 3642 ἐν
814 3593 878 3661 τῇ
915 3590 1069 3663 βώλῳ
1098 3594 1263 3648 αὐτοῦ
1305 3595 1628 3662 διαλύσεως;
1691 3598 1848 3651 Ἀλλὰ
1881 3598 1985 3669 μὴν

413 3677 620 3730 ἐκεῖθεν
647 3678 804 3734 τοῦτό
828 3682 997 3740 ἐστιν.
1048 3685 1109 3749 Ei
1153 3685 1261 3758 γὰρ
1291 3687 1366 3758 μὴ
1394 3690 1569 3741 ἐκεῖνο
1602 3689 1864 3759 πρότερον
1895 3685 1984 3760 ἦν,

412 3766 518 3818 οὐδ’
542 3766 608 3821 ἂν
635 3769 745 3839 (57)
772 3772 801 3823 ὁ
831 3773 1026 3843 στάχυς
1055 3774 1289 3842 ἐγένετο.
1325 3778 1531 3848 Ὥσπερ
1555 3778 1733 3832 τοίνυν
1760 3779 1820 3831 τὸ
1841 3779 1986 3832 κατὰ

412 3857 504 3911 τὸν
548 3861 747 3930 στάχυν
800 3863 958 3932 σῶμα
1008 3866 1120 3936 (58)
1173 3868 1238 3920 ἐκ
1287 3868 1380 3921 τοῦ
1436 3871 1748 3941 σπέρματος
1797 3871 1986 3940 φαίνε-

412 3966 502 4002 ται
534 3949 664 4024 (59),
695 3954 792 4023 τῆς
823 3954 970 4019 θείας
998 3957 1278 4028 δυνάμεως
1309 3960 1368 4025 ἐξ
1401 3961 1564 4015 αὐτοῦ
1593 3962 1800 4015 ἐκείνου
1831 3961 1986 4015 τοῦτο

412 4040 826 4115 φιλοτεχνούσης
851 4087 866 4111 ,
916 4048 1008 4100 καὶ
1052 4048 1176 4101 οὔτε
1226 4050 1292 4104 δι’
1322 4052 1443 4105 ὅλου
1481 4053 1596 4122 (40)
1647 4053 1840 4107 ταύτόν
1869 4056 1985 4107 ἐστι

411 4128 490 4198 τῷ
520 4131 813 4203 σπέρματι,
842 4134 963 4189 οὗτε
990 4139 1332 4193 παντάπασιν
1366 4141 1551 4213 ἕτερον
1574 4160 1589 4176 ’
1632 4143 1795 4208 οὕτω,
1825 4145 1983 4214 φησὶ,

413 4220 509 4273 καὶ
549 4221 610 4274 τὸ
658 4227 1084 4298 μυστήριονιτῆς
1117 4230 1462 4297 ἀναστάσεως
1494 4234 1595 4305 ἤδη
1631 4251 1712 4288 σοι
1740 4235 1829 4288 διὰ
1873 4235 1984 4288 τῶν

412 4311 474 4364 ὲν
513 4315 624 4376 τοῖς
669 4315 946 4388 σπέρμασι
989 4319 1574 4394 θαυματοποιουμένων
1607 4325 1986 4397 προερμηνεύη

410 4417 530 4456 εται
564 4403 695 4473 (ﬂ),
721 4407 797 4470 ὡς
820 4408 920 4478 τῆς
947 4409 1096 4474 θείας
1129 4411 1408 4484 δυνάμεως
1437 4417 1494 4468 ὲν
1520 4417 1598 4486 τῷ
1623 4417 1864 4486 περιόντι
1885 4417 1984 4488 τῆς

410 4491 676 4562 ἐξουσίας,
702 4498 762 4550 οὐ
799 4499 957 4569 μόνον
981 4503 1153 4556 ἐκεῖνο
1185 4504 1245 4556 τὸ
1267 4503 1513 4559 διαλυθέν
1547 4524 1630 4561 σοι
1659 4508 1818 4563 πάλιν
1848 4509 1985 4562 ἀπο-

408 4585 675 4658 διδωῖσης,
717 4588 854 4643 ἀλλὰ
885 4591 996 4661 (42)
1026 4594 1236 4662 μεγάλα
1262 4613 1323 4649 τε
1357 4597 1452 4650 καὶ
1498 4598 1638 4652 καλὰ
1678 4599 1984 4670 προστιθεί·

412 4693 532 4780 σης,
567 4678 634 4731 δι’
662 4671 739 4732 ὧν
783 4697 865 4736 σοι
910 4684 1045 4780 πρὸς
1076 4685 1136 4738 τὸ
1185 4686 1294 4755 (45)
1343 4689 1918 4762 μεγαλοπρεπέστερον
1946 4693 1980 4762 ἡ

412 4773 573 4835 φύσις
621 4773 1105 4837 κατασκευάζεται.
1176 4796 1193 4828 ι
1235 4777 1545 4849 Σπείρεται,
1592 4799 1611 4832 ι
1651 4779 1835 4850 φησὶν,
1877 4799 1896 4832 ι
1923 4783 1981 4834 ἐν

411 4857 603 4962 Eclio-pi,
625 4862 902 4962 ἐγείρεται
916 4866 973 4919 ὲν
991 4866 1298 4939 ἀφθαρσίᾳ.⁹
1326 4871 1608 4941 σπείρεται
1629 4874 1687 4925 ὲν
1707 4871 1980 4942 ἀσθενείᾳ,
2015 4907 2058 4962 D

411 4950 680 5022 ἐγείρεται
702 4955 762 5008 ὲν
780 4955 1024 5027 δυνάμει·
1048 4961 1329 5030 σπείρεται
1345 4963 1457 5034 (44)
1475 4964 1533 5017 ὲν
1544 4963 1754 5035 ἀτιμίᾳ,
1781 4964 1982 5035 ἐγείρε-

409 5057 500 5095 ται
526 5044 583 5097 ἐν
596 5044 720 5115 δόξῃ
744 5063 758 5076 ·
785 5048 1064 5120 σπείρεται
1095 5051 1254 5122 σῶμα
1270 5053 1517 5123 ψυχικὸν,
1532 5053 1979 5124 ἐγείρεταισῶμα

413 5137 800 5206 πνευματικόν.
863 5139 950 5204 Ὠς
999 5141 1108 5213 γάρ
1149 5143 1462 5198 καταλιπὼν
1505 5145 1644 5215 μετὰ
1690 5144 1753 5198 τὺ
1797 5145 1978 5200 διαλυ-

636 5332 984 5412 ᾉιίήζανρς,
1021 5334 1062 5388 Α
1089 5335 1240 5412 ξιμρἰ
1266 5337 1489 5412 ὲηὶνᾼὴ.

479 5397 592 5466 (51)
636 5397 746 5456 Τοῦ
776 5397 838 5456 Θ.
874 5397 1050 5474 θάύμ.
1092 5405 1216 5459 Τῶν
1261 5405 1358 5460 τοῦ
1407 5397 1542 5462 Θεοῦ
1592 5408 1903 5479 θαυμάτων.
1938 5409 1979 5464 Β

407 5466 714 5537 δογμάτων.
1237 5516 1240 5518 -

511 5485 714 5534 ματων.
1237 5516 1240 5518 ,

479 5538 590 5605 152)
639 5541 798 5595 Ἀλλ’
824 5543 911 5596 ἐκ.
954 5543 1102 5598 Delet
1145 5545 1207 5598 Α.

481 5609 595 5668 (33)
625 5609 719 5674 Μὴ
748 5611 1010 5667 ἀνέλθοι.
1048 5614 1088 5666 Α
1123 5613 1161 5666 Β
1187 5616 1287 5668 οὐκ
1319 5616 1385 5669 ἂν
1419 5616 1581 5671 ἔλθοι.

481 5676 810 5756 sapae».
849 5680 888 5756 β
917 5681 1091 5756 seu»

837 5745 930 5830 dp:
965 5751 1015 5830 ΙίΔ
1029 5745 1337 5830 γεινόμενον
1366 5757 1572 5827 ἀραιόν.

481 5817 594 5882 (36)
627 5815 957 5885 Ἐντούξῳ.
989 5815 1052 5876 Α⁷
1074 5825 1132 5874 ἐν
1162 5815 1367 5888 τούτοις

2091 2699 2158 2744 an
2191 2706 2297 2744 non
2335 2705 2501 2754 mors,
2534 2689 2580 2743 si
2609 2679 2830 2757 quidem
2867 2679 3014 2739 mors
3053 2693 3158 2748 est,
3190 2682 3461 2755 compacti
3501 2688 3667 2750 atque

2090 2783 2453 2852 euagrncntati
2480 2781 2817 2836 dissolutio?
2840 2777 2974 2832 Nam
3011 2793 3195 2832 semen
3220 2792 3326 2830 non
3357 2772 3666 2846 perveniret

2089 2875 2156 2929 ad
2181 2873 2652 2942 germinatioucm,
2684 2871 2790 2927 nisi
2814 2870 2870 2924 in
2899 2870 3054 2939 gleba
3083 2869 3435 2927 dissolutum,
3480 2863 3663 2917 molli-

2089 2974 2202 3023 tum
2222 2973 2275 3020 et
2311 2980 2492 3018 rarum
2527 2963 2799 3024 eilectum,
2827 2970 2989 3030 atque
3015 2961 3069 3014 in
3105 2960 3288 3028 plures
3317 2965 3528 3010 meatus
3549 2954 3663 3008 dif—

2090 3043 2271 3112 fusum
2298 3056 2480 3120 fuerit,
2509 3064 2566 3108 ut
2599 3069 2697 3109 sua
2724 3053 2942 3123 propria
2980 3051 3242 3119 qualitate
3270 3047 3664 3117 permisceatur

2087 3163 2212 3215 cum
2241 3145 2527 3214 adjacente
2572 3143 2822 3207 humore,
2870 3149 3033 3210 atque
3072 3140 3144 3192 ita
3188 3137 3241 3190 in
3305 3135 3540 3189 radicem
3609 3141 3663 3186 et

2087 3254 2308 3307 germen
2387 3242 2802 3295 transmutetur,
2861 3247 2925 3286 ac
2999 3246 3068 3284 ne
3146 3229 3199 3282 in
3275 3227 3362 3282 liis
3437 3225 3660 3295 quidem

2086 3340 2325 3392 maneat,
2394 3329 2489 3384 sed
2547 3328 2601 3381 in
2659 3325 2840 3380 medio
2913 3323 3090 3377 enatis
3149 3320 3432 3390 geniculis,
3493 3316 3660 3370 veluti

2085 3421 2416 3493 quibusdam
2496 3417 2658 3474 nodis
2740 3425 2794 3471 et
2868 3414 3125 3476 vinculis,
3187 3413 3529 3466 succinctum
3605 3408 3659 3460 in

2086 3515 2329 3570 culmum
2412 3519 2677 3575 mutetur,
2754 3517 2815 3563 ut
2885 3507 2939 3560 in
3027 3506 3197 3576 ﬁgura
3271 3502 3442 3556 ardua
3497 3509 3662 3567 atque

2085 3612 2267 3659 erecta
2299 3603 2504 3672 spicam
2566 3601 2721 3671 fruge
2771 3609 3052 3670 gravatam
3116 3596 3257 3650 ferre
3296 3592 3490 3662 possit.
3554 3591 3659 3646 Ubi

2083 3697 2252 3766 igitur
2318 3695 2433 3748 btet:
2483 3709 2605 3762 qua:
2647 3693 2794 3745 circa
2862 3689 3194 3744 frmncntum
3247 3683 3662 3754 conspiciuntur

2083 3795 2260 3848 erant,
2285 3792 2572 3854 antequam
2603 3783 2656 3836 id
2689 3783 2742 3835 in
2769 3781 2921 3852 gleba
2945 3778 3268 3852 dissolutum
3303 3792 3366 3830 ac
3397 3773 3656 3827 diffusum

2084 3879 2270 3935 esset?
2297 3877 2461 3946 Atqui
2494 3874 2773 3929 illinclioc
2805 3881 2987 3927 ortum
3032 3877 3138 3925 est.
3187 3867 3318 3921 Nam
3373 3865 3479 3940 pisi
3527 3864 3658 3916 illud

2082 3962 2234 4043 prius
2269 3973 2486 4034 fuisset,
2525 3985 2594 4024 ne
2649 3969 2804 4039 spica
2838 3965 3058 4036 quidem
3113 3970 3237 4036 nata
3263 3967 3431 4014 esset.
3453 3956 3658 4022 Quem-

2084 4061 2374 4117 admodum
2440 4060 2604 4130 igitur
2641 4071 2841 4126 corpus
2890 4054 3056 4124 spicae
3097 4067 3162 4106 ex
3217 4050 3422 4106 semine
3469 4062 3659 4116 prove-

2083 4156 2184 4219 nit,
2221 4154 2405 4208 divina
2437 4151 2677 4222 potentia
2706 4165 2770 4204 ex
2803 4148 2896 4202 illo
2938 4147 3056 4215 ipso
3088 4144 3193 4196 lioc
3249 4140 3539 4202 efﬁciente,
3594 4154 3658 4191 ae
3713 4127 3719 4132 ’

2085 4260 2262 4314 neque
2297 4244 2518 4314 penitus
2566 4241 2706 4295 idem
2757 4254 2882 4294 cum
2930 4237 3160 4301 semine,
3211 4249 3388 4303 neque
3433 4231 3662 4286 omnino

2083 4336 2153 4390 ab
2187 4350 2253 4390 eo
2284 4335 2560 4390 diversum
2583 4340 2701 4386 est:
2750 4328 2941 4384 eodeni
3003 4326 3184 4387 modo,
3217 4324 3413 4394 inquit,
3453 4328 3656 4392 myste-

2083 4425 2224 4480 rium
2266 4438 2486 4494 quoque
2518 4420 2935 4477 resurrectionis
2973 4421 3088 4488 jam
3134 4418 3229 4472 tibi
3263 4432 3359 4487 per
3390 4430 3475 4480 ea,
3535 4430 3659 4482 qiue

2084 4515 2408 4570 mirabiliter
2427 4514 2562 4568 fiunt
2594 4513 2648 4567 in
2676 4511 2982 4568 seminibus
3007 4509 3488 4586 prmsiguiiicatur,
3511 4507 3656 4575 quod

2082 4602 2267 4657 divina
2299 4601 2555 4655 nimirum
2589 4599 2827 4669 potentia
2859 4613 2954 4668 per
2981 4612 3095 4652 sum
3139 4595 3427 4666 potestatis
3474 4593 3653 4647 excel-

2083 4692 2306 4748 lentiam
2336 4705 2445 4747 non
2484 4691 2662 4746 solum
2691 4688 2822 4744 illud
2853 4688 3180 4744 dissolutum
3216 4686 3509 4740 tibidenuo
3532 4683 3654 4737 red-

2083 4782 2198 4846 dat,
2237 4780 2596 4836 verumetiam
2637 4780 2743 4833 alia
2792 4779 2890 4834 tibi
2921 4792 3115 4848 magna
3170 4784 3332 4845 atque
3390 4774 3653 4844 praeclara

2085 4874 2329 4943 adjiciat,
2359 4887 2456 4941 per
2481 4886 2602 4940 qua:
2648 4871 2748 4925 tibi
2782 4877 2978 4923 natura
3033 4868 3100 4922 ad
3172 4867 3543 4937 augustiorem
3597 4876 3655 4919 et

2087 4964 2402 5034 ampliorem
2438 4962 2689 5018 decorent
2732 4962 3025 5017 instruitur
3051 4969 3106 5015 et
3137 4967 3452 5015 exornatur.
3508 4977 3525 5009 ι
3552 4958 3651 5012 Se-

2085 5057 2328 5112 minatur
2356 5055 2556 5116 enim”
2604 5054 2805 5123 inquit.
2842 5053 2940 5106 «in
2991 5053 3363 5122 corruptione,
3417 5049 3653 5119 resurgit

2086 5147 2140 5202 in
2166 5147 2720 5218 incorruptibilitate;
2762 5144 3065 5199 seminatur
3113 5143 3166 5198 in
3192 5142 3530 5206 inlirmitate,
3567 5157 3654 5198 rc-

2156 5340 2268 5408 (37)
2293 5340 2429 5394 Οὐδ’
2456 5339 2550 5393 ἄν.
2590 5340 2632 5391 Λ
2668 5337 2840 5408 οὐδέν.

2155 5406 2266 5479 (58)
2313 5410 2382 5463 Τὸ
2415 5408 2606 5476 σῶμα.
2636 5408 2674 5458 ιι
2699 5407 2773 5479 τὰ
2810 5406 3056 5479 σώματα.

2155 5477 2266 5545 (59)
2296 5479 2588 5532 Φαίνεται.
2620 5480 2662 5530 Α
2698 5477 2738 5528 Β
2766 5477 2978 5540 φύεται.

2153 5550 2265 5618 (41))
2296 5548 2374 5601 Δι’
2408 5549 2572 5600 ὅλου.
2607 5547 2738 5618 Βδϋ
2769 5547 2926 5618 ὅλων.
2992 5580 2996 5584 ~

2152 5616 2263 5683 (JH)
2296 5617 2816 5684 ΙΙροερμηνεύι-τται.
2853 5616 2891 5666 ll
2921 5619 3386 5686 προηρμήνευται.
3659 5677 3664 5681 ι
3712 5654 3720 5662 .

2151 5689 2264 5758 (4'2)
2308 5687 2491 5758 Ἀλλά
2519 5696 2632 5758 etc,
2654 5687 2715 5758 Α,
2748 5687 2786 5758 Ι)
2814 5685 2948 5758 ἀλλά
2969 5685 3186 5740 ίσοιίκαὶ
3222 5687 3381 5758 ἕτερα
3414 5686 3644 5756 μεγάλα.

2153 5757 2265 5825 (45)
2301 5757 2454 5820 Πρὸς
2482 5756 2565 5807 τό.
2593 5757 2665 5807 Τό
2687 5757 2821 5808 delet
2858 5755 2918 5806 Λ.

2156 5825 2267 5890 (Li)
2309 5826 2631 5889 Σπεῲίιται.
2661 5825 2698 5876 Α
2733 5825 2879 5878 addit
2912 5825 3036 5894 γάρ.
