4046 6350
384 349 506 413 iss
1633 350 1693 410 s.
1731 351 2062 411 cnsconn
2095 329 2389 412 nassam
3522 316 3656 409 'tse

399 464 576 536 surgit
605 464 658 520 in
691 467 966 536 potentia;
1002 467 1303 524 seminatur
1337 468 1392 525 in
1419 467 1741 540 ignominia,
1780 488 1970 530 resur—

2094 475 2233 546 )ἦναι
2267 475 2378 546 (45)
2411 475 2470 530 έν
2511 475 2578 545 τῇ
2617 460 2773 544 βώλῳ
2803 472 2946 534 σῖτος
2974 469 3073 542 τὴν
3105 471 3164 524 ὲν
3208 467 3287 540 τῷ
3327 467 3479 538 ποσῷ
3521 469 3658 536 βρα.

399 557 480 624 git
549 557 604 611 in
678 559 889 628 gloria;
951 561 1255 618 sctninatur
1309 577 1510 632 corpus
1578 564 1836 629 animale,
1889 581 1977 622 re-

2094 565 2303 637 (ύτητα,
2340 566 2435 619 καὶ
2481 564 2583 637 τὴν
2626 565 2684 618 ὲν
2726 563 2805 634 τῷ
2835 562 2974 633 ποιῷ
3019 563 3297 633 σχήματος
3326 561 3439 632 (46)
3489 559 3656 612 αὑτοῦ

403 645 579 715 surgit
661 663 864 717 corpus
940 651 1250 720 spirituale.
1291 671 1310 704 ι
1356 653 1402 685 ⁸⁸
1456 652 1523 708 Ut
1555 655 1702 710 enim
1757 664 1980 726 postea-

2094 653 2340 726 ἰδιότητα,
2368 655 2558 710 ἑαυτὸν
2578 654 2678 708 οὐκ
2698 655 2930 724 ἀφῆκεν,
2951 652 3065 708 ἀλλ’
3091 655 3149 704 ἐν
3169 649 3319 721 αύτῷ
3341 649 3453 719 (47)
3481 647 3658 720 μένων

397 753 566 806 quam
610 738 664 792 in
715 741 872 809 gleba
923 743 1255 798 dissolutum
1321 759 1385 799 ac
1429 745 1688 802 diﬁ‘usum
1735 747 1980 802 triticum

2094 745 2283 815 πάχυς
2341 745 2550 813 γίνεται
2574 785 2591 812 ,
2658 741 2956 814 πάμπολλα
3001 740 3116 812 (48)
3165 739 3437 810 διαφέρων
3494 735 3658 798 αὐτὸς

402 826 590 890 fuerit,
650 829 838 884 relicta
892 845 957 886 ea
1008 847 1132 903 quae
1179 833 1240 888 in
1307 835 1610 903 quantitate
1662 835 1983 892 considera-

402 929 493 972 tur
537 919 862 990 exiguitate,
920 931 978 978 et
1033 939 1099 980 ea
1173 940 1296 996 qua:
1350 926 1406 981 in
1451 926 1713 998 qualitate
1768 935 1983 999 specta-

401 1014 494 1060 tur
549 1008 735 1078 ﬁgurze
753 1024 868 1064 sum
901 1013 1257 1080 proprietate,
1306 1013 1546 1084 seipsum
1585 1029 1695 1070 non
1733 1016 1980 1086 dimittit,

403 1097 497 1152 sed
530 1097 585 1152 in
619 1099 806 1170 seipso
843 1117 1072 1158 manens
1107 1104 1258 1173 spica
1322 1104 1531 1172 evadit,
1593 1106 1753 1178 longe
1813 1107 1982 1178 pluri-

404 1203 555 1242 nium
585 1189 702 1260 ipse
737 1205 858 1248 sese
893 1199 947 1246 et
989 1194 1388 1265 magnitudine,
1441 1202 1496 1251 et
1551 1197 1981 1265 pulchritudine,

405 1287 462 1334 et
498 1282 788 1348 varietate,
816 1290 873 1339 et
905 1284 1080 1355 ﬁgura
1108 1301 1380 1357 superans
1420 1297 1585 1358 atque
1616 1289 1930 1358 przecedens
1966 1308 1982 1347 :

386 1371 482 1426 ita
505 1381 699 1427 natura
720 1389 944 1445 quoque
971 1375 1212 1432 humana
1238 1378 1494 1436 omnibus
1534 1380 1654 1437 suis
1715 1380 1771 1436 in
1810 1388 1988 1438 morte

406 1461 614 1518 relictis
641 1465 1087 1535 proprietatibus,
1108 1483 1248 1538 quas
1275 1483 1374 1539 per
1402 1468 1750 1526 aﬁectionem
1779 1484 1847 1525 ac
1875 1470 1988 1527 dis-

393 1554 740 1623 .positionem
771 1557 1151 1627 passionibus,
1179 1560 1531 1632 motibusque
1563 1569 1620 1617 et
1651 1561 1819 1618 animi
1861 1578 1989 1633 per-

404 1645 827 1704 turbationibus
871 1648 1169 1705 obnoxiam
1229 1651 1622 1722 acquisiverat,
1697 1652 1986 1722 dedecore,

409 1735 656 1806 inquam,
707 1746 764 1793 et
819 1740 1146 1810 ignominia,
1204 1743 1585 1814 corruptione,
1643 1745 1988 1814 inﬁrmitate,

2081 836 2294 902 ἑαυτοῦ,
2327 837 2566 907 μεγέθει,
2594 836 2689 891 καὶ
2733 834 2940 900 κάλλει,
2976 835 3071 889 καὶ
3101 831 3364 903 ποικιλίᾳ,
3395 831 3489 884 καὶ
3526 829 3659 899 σχή-

2084 944 2215 997 ματι
2246 927 2358 997 (19)
2383 943 2398 958 ·
2442 927 2587 982 κα.τά
2617 927 2709 982 τὸν
2737 926 2900 980 αὑτὸν
2929 926 3128 997 τρόπον
3163 923 3257 978 καὶ
3281 925 3314 994 ἡ
3342 920 3658 993 ἀνθρωπίνη

2083 1015 2244 1083 φύσις
2269 1017 2527 1086 ὲναφεῖσα
2553 1015 2631 1088 τῷ
2653 1016 2872 1088 Θανάτῳ
2901 1016 3082 1070 πάντα
3109 1014 3179 1068 τὰ
3207 1013 3335 1085 περὶ
3353 1012 3522 1084 αὐτὴν
3543 1012 3656 1082 (50)

2087 1107 2369 1179 ἰδιώματα,
2399 1110 2498 1163 ὅσα
2523 1109 2611 1164 διὰ
2646 1109 2747 1180 τῆς
2784 1107 3064 1179 ἑμπαθοῦς
3094 1107 3387 1170 διαθέσεως
3424 1104 3659 1174 ἐπεκτή-

2085 1217 2236 1266 σατο,
2271 1201 2368 1272 τὴν
2393 1201 2616 1272 ἀτιμίαν
2645 1200 2808 1269 λέγω,
2834 1199 2934 1272 τὴν
2971 1198 3197 1270 φθοράν,
3224 1197 3323 1268 τὴν
3354 1195 3658 1259 ἀσθένειαν,

2083 1291 2186 1364 τὴν
2228 1291 2368 1346 κατὰ
2399 1293 2498 1361 τῆς
2538 1291 2652 1363 (51)
2703 1291 2921 1363 ἡλικίας
2967 1290 3258 1362 διαφορὰν,
3317 1287 3514 1359 ἑαυτὴν
3561 1287 3663 1341 ούκ

2087 1383 2332 1454 ἀφίησιν,
2362 1383 2475 1438 ἀλλ’
2494 1383 2681 1456 ὥσπερ
2707 1386 2787 1448 εἰς
2805 1384 3005 1453 στάχυν
3029 1383 3151 1437 τινὰ
3175 1381 3312 1453 πρὸς
3337 1379 3434 1452 τὴν
3456 1379 3663 1449 ἀφθαρ-

2089 1471 2210 1527 σίαν
2235 1472 2576 1544 μεθίσταται,
2623 1473 2720 1528 καὶ
2753 1472 2854 1545 τὴν
2887 1472 3066 1538 δόξαν,
3098 1471 3192 1526 καὶ
3218 1470 3315 1541 τὴν
3345 1469 3531 1542 τιμὴν,
3567 1470 3666 1524 καὶ

2087 1562 2186 1636 τὴν
2217 1563 2468 1635 δύναμιν,
2513 1563 2609 1618 καὶ
2653 1563 2753 1635 τὴν
2797 1565 2855 1616 ὲν
2901 1562 3066 1617 παντὶ
3101 1561 3429 1632 τελειότητα,
3466 1559 3560 1613 καὶ
3602 1559 3666 1612 τὺ

2094 1655 2290 1728 μηκέτι
2317 1655 2418 1728 τὴν
2449 1656 2595 1728 ζωὴν
2626 1656 2797 1726 αὐτῆς
2839 1654 3240 1726 οἰκονομεῖσθαι
3268 1656 3382 1717 τοῖς
3415 1653 3666 1722 φυσικοῖς

2094 1747 2398 1819 ίδιώμασιν,
2423 1748 2537 1804 ἀλλ’
2565 1749 2646 1813 είς
2675 1749 3050 1820 πνευματικήν
3086 1764 3207 1801 τινα
3231 1745 3326 1800 καὶ
3356 1743 3537 1814 ἀπαθῆ
3569 1759 3666 1814 με·

405 1834 626 1882 tetatum
654 1829 984 1900 differentia,
1006 1832 1244 1902 seipsam
1275 1849 1385 1890 non
1429 1834 1679 1902 dimittit,
1715 1835 1811 1893 sed
1866 1846 1990 1892 tan-

2094 1839 2322 1909 ταϐἧναι
2354 1839 2708 1894 κατάστασιν.
2751 1838 2900 1910 Αὕτη
2932 1819 3041 1910 γάρ
3069 1839 3219 1892 ἐστιν
3246 1839 3280 1908 ἡ
3309 1835 3406 1890 τοῦ
3430 1834 3664 1905 ψυχικοῦ

397 1934 574 1988 quam
605 1920 660 1974 in
699 1922 908 1991 spicam
949 1922 1269 1992 quamdam,
1300 1924 1356 1979 in
1411 1923 1987 1998 incorruptibilitatem

409 2007 754 2074 immutatttr,
775 2010 831 2065 in
854 2011 1110 2082 gloriam,
1144 2013 1201 2069 in
1245 2014 1532 2081 honorem,
1563 2016 1619 2072 in
1665 2019 1984 2088 potentiam,

407 2107 464 2154 ct
494 2099 547 2154 in
579 2101 728 2156 omni
753 2117 812 2158 re
832 2102 1247 2174 perfectionem,
1277 2115 1332 2161 ct
1363 2107 1416 2162 in
1447 2122 1566 2162 eam
1591 2109 1985 2177 conditionem,

410 2197 470 2244 ut
499 2191 610 2246 vita
640 2195 762 2263 ejus
789 2209 900 2250 non
952 2196 1188 2266 amplius
1229 2197 1578 2255 naturalibus
1619 2201 1980 2272 proprietati-

409 2282 515 2338 bus
543 2282 984 2353 administretur,
1013 2285 1110 2342 sed
1138 2286 1193 2342 in
1225 2287 1568 2358 spiritualem
1593 2289 1906 2361 quemdam,
1929 2299 1984 2348 et

410 2390 437 2424 ει
466 2373 886 2444 passionibuset
905 2376 1076 2431 animi
1099 2377 1340 2434 motibus
1366 2379 1988 2451 perturbationibusque

2092 1929 2342 2001 σώματος
2380 1929 2600 2002 ίδίοτης,
2645 1930 2733 1984 ἀεὶ
2765 1930 2880 2002 (52)
2908 1929 2997 1983 διά
3033 1945 3178 1991 τινος
3221 1927 3351 1999 ῥοῆς
3389 1925 3485 1979 καὶ
3515 1923 3667 1994 κινή⁴

2092 2036 2233 2084 σεως
2263 2019 2372 2074 ἀπὸ
2411 2020 2505 2075 τοῦ
2531 2021 2590 2076 ὲν
2617 2013 2662 2089 ᾧ
2694 2021 2842 2076 ἐστιν
2871 2018 3230 2084 ἀλλοιοῦσθαι,
3269 2016 3364 2071 καὶ
3398 2013 3657 2086 μεταϐάλο

2090 2109 2203 2164 λειν
2246 2111 2326 2174 εἱς
2358 2109 2565 2180 ἕτερον.
2621 2109 2690 2164 ’Δ
2735 2109 2842 2182 γὰρ
2878 2107 2972 2164 οὖν
3003 2108 3118 2180 (55)
3151 2108 3255 2160 οὐκ
3298 2103 3385 2158 ἐπ’
3419 2102 3534 2176 (54)
3572 2101 3666 2155 ἀν-

2091 2199 2331 2273 θρώποις
2371 2201 2532 2272 μόνον
2571 2202 2811 2274 ὁρῶμεν,
2851 2200 2987 2256 ἀλλά
3016 2199 3113 2254 καὶ⁹
3154 2198 3212 2251 ὲν
3246 2197 3431 2268 φυτοῖς
3477 2193 3573 2248 καὶ
3607 2191 3666 2244 ἐν

2092 2291 2403 2364 βοσκήμασι
2432 2293 2566 2364 (55),
2616 2292 2824 2347 τούτων
2850 2293 3003 2347 οὐδὲν
3044 2292 3104 2344 ὲν
3141 2288 3221 2362 τῷ
3257 2287 3393 2360 τῷδε
3425 2284 3537 2358 (56)
3567 2283 3668 2356 βίῳ

2092 2383 2578 2456 ύπολειφθήσεται.

409 2470 704 2525 immunem
735 2478 938 2527 statum
973 2480 1236 2530 transeat.
1262 2471 1388 2529 "me
1432 2482 1518 2531 est
1543 2475 1691 2531 enim
1720 2477 1977 2534 animalis
2025 2480 2276 2550 corporis
2299 2479 2629 2550 proprietas,
2667 2485 2729 2533 ut
2772 2491 2991 2547 semper
3054 2489 3151 2546 per
3217 2471 3424 2527 ﬁuxum
3471 2481 3666 2539 qllem'

407 2567 534 2634 dum
574 2576 628 2622 et
669 2576 879 2622 tnotum
923 2569 1104 2626 αι).εο
1141 2569 1198 2626 in
1229 2586 1342 2641 quo
1377 2580 1657 2642 versatur,
1717 2572 1998 2629 diversum
2028 2574 2144 2642 ﬁat,
2185 2575 2328 2632 etin
2389 2575 2538 2632 aliud
2591 2575 2928 2630 immutetur.
2997 2571 3130 2626 Nam
3183 2584 3304 2641 qua:
3358 2580 3506 2622 nunc
3563 2578 3668 2619 non

408 2660 586 2716 solum
621 2661 677 2718 in
708 2662 1048 2731 hominibus,
1077 2665 1174 2722 sed
1196 2666 1362 2723 etiam
1392 2668 1450 2723 in
1475 2669 1680 2739 plantis
1703 2681 1760 2727 et
1788 2670 2058 2742 stirpibus
2077 2681 2251 2745 atque
2285 2673 2578 2744 pecoribus
2605 2672 2749 2728 bona
2807 2670 3079 2733 videmus,
3121 2667 3317 2723 horum
3378 2661 3517 2720 nihil
3601 2659 3659 2714 in

409 2753 504 2808 illa
540 2770 664 2826 qua:
689 2762 820 2810 tunc
849 2755 958 2812 erit
983 2756 1096 2812 vita
1124 2755 1498 2828 relinquetur-

480 2885 707 2942 Videtur
754 2893 935 2944 autem
982 2888 1118 2944 mihi
1174 2905 1272 2960 per
1315 2889 1502 2946 omnia
1544 2907 1728 2949 sermo
1768 2909 1992 2966 quoque

410 2977 743 3045 apostolicus
791 2992 918 3032 cum
959 2987 1152 3035 nostra
1180 2980 1250 3036 de
1295 2981 1700 3040 resurrectione
1735 2985 1994 3055 opinione

408 3065 768 3130 concordare,
799 3075 963 3138 atque
995 3068 1050 3124 id
1078 3069 1391 3137 ostendere,
1431 3071 1579 3141 quod
1607 3073 1770 3128 etiam
1800 3083 1992 3131 nostra

409 3159 653 3215 continet
690 3159 956 3226 deﬁnitio,
1005 3176 1128 3231 quae
1174 3161 1331 3229 dicit,
1371 3162 1506 3217 nihil
1537 3163 1687 3220 aliud
1731 3182 1855 3222 esse
1901 3182 1989 3222 re—
2017 3151 2060 3210 (ἶ

409 3251 832 3314 surrectionem,
863 3266 1026 3322 quam
1058 3253 1110 3305 in
1144 3251 1429 3322 antiquunm
1476 3261 1678 3308 statum
1706 3264 1762 3309 ct
1799 3257 1994 3311 condi-

409 3345 616 3398 tionem
683 3353 894 3399 naturre
959 3352 1164 3398 nostra:
1223 3345 1648 3400 restitutionem.
1721 3346 1994 3413 Quoniam

411 3436 558 3491 enim
595 3436 648 3488 in
678 3435 855 3505 prima
891 3436 1103 3507 origine
1136 3435 1346 3501 mundi,
1377 3436 1483 3492 hoc
1512 3452 1543 3492 a
1579 3437 1866 3509 Scriptura
1907 3442 1960 3496 di
1982 3473 1994 3482 -

411 3529 672 3589 dicimus,
704 3526 851 3598 quod
883 3529 1120 3598 primum
1153 3528 1419 3599 graminis
1445 3529 1668 3586 herbam
1699 3539 1842 3586 terra
1871 3548 1998 3602 pro-

413 3620 592 3683 duxit,
626 3628 684 3672 ut
717 3620 771 3674 in
801 3619 1120 3675 narratione
1151 3621 1489 3687 continetur,
1535 3621 1733 3678 deinde
1769 3637 1835 3677 ex
1869 3639 1995 3693 ger-

415 3710 563 3765 mine
606 3726 792 3765 scmcn
830 3710 1117 3780 provenit:
1151 3712 1297 3780 quod
1355 3720 1644 3784 postquam
1698 3712 1755 3767 in
1794 3720 1995 3768 terram

416 3800 754 3865 deduxisset,
805 3801 996 3856 eadem
1056 3817 1250 3858 rursus
1301 3802 1514 3872 species
1562 3803 1684 3873 ejus
1735 3804 1879 3874 quod
1927 3803 1998 3859 ab

417 3890 576 3944 initio
612 3896 960 3960 provenerat,
1011 3899 1171 3944 enata
1223 3900 1343 3946 est:
1377 3891 1432 3945 id
1473 3891 1734 3946 nimirum
1779 3892 1996 3948 divinus

416 3980 712 4050 Apostolus
763 3979 817 4034 in
854 3972 1255 4035 resurrectione
1285 3995 1503 4050 quoque
1537 3981 1654 4037 ﬁeri
1686 3981 1841 4036 dicit.
1876 3981 1997 4037 Non

417 4073 596 4127 solum
649 4077 830 4126 autem
864 4070 972 4124 hoc
1004 4069 1073 4125 ab
1117 4084 1185 4126 eo
1225 4070 1507 4135 docemur,
1552 4071 1806 4127 videlicet
1849 4071 1995 4142 quod

417 4165 718 4218 humanum
749 4178 922 4234 genus
956 4161 1024 4216 ad
1056 4162 1580 4233 magniﬁcentiorcm
1620 4172 1674 4219 et
1717 4164 1998 4234 augustio-

419 4272 533 4312 rem
559 4265 761 4311 statum
779 4264 834 4312 et
857 4255 1226 4312 conditionem
1253 4255 1598 4322 immutetur;
1626 4271 1814 4310 verum
1832 4256 1996 4310 etiam

419 4351 564 4419 quod
601 4349 735 4404 nihil
759 4349 908 4404 aliud
937 4348 1009 4403 sit
1034 4347 1088 4402 id
1118 4347 1266 4418 quod
1303 4356 1576 4419 speratur,
1622 4348 1725 4403 nisi
1767 4348 1820 4402 id
1850 4348 1996 4419 quod

417 4449 538 4496 erat
585 4442 641 4495 in
694 4441 984 4512 principio.
1033 4440 1302 4507 Quoniam
1358 4440 1505 4495 enim
1543 4441 1614 4494 ab
1670 4440 1827 4495 initio
1886 4457 1992 4495 non

419 4528 573 4598 spica
597 4544 662 4583 ex
697 4530 927 4594 semine,
957 4530 1052 4585 sed
1079 4545 1148 4585 ex
1173 4529 1262 4583 illa
1282 4543 1466 4585 semen
1496 4530 1778 4599 provenit:
1809 4539 1993 4600 postea

418 4635 551 4675 vero
576 4621 835 4690 deinceps
862 4620 1059 4676 semini
1095 4621 1246 4690 spica
1291 4621 1580 4684 accrescit,
1607 4623 1997 4692 consequentia

421 4710 799 4766 similitudinis
852 4717 1037 4782 aperte
1080 4710 1340 4774 ostendit,
1382 4713 1528 4783 quod
1559 4713 1649 4766 ubi
1683 4713 1863 4769 omnis
1903 4729 1998 4783 per

420 4805 879 4861 resurrectionem
935 4803 1094 4860 nobis
1138 4805 1418 4861 beatitudo
1463 4807 1894 4877 rcpullulavcrit,
1940 4808 1996 4862 in

425 4898 702 4968 antiquam
735 4897 965 4969 gratiam
1008 4908 1171 4969 atque
1208 4897 1456 4954 decorem
1488 4897 1825 4955 restituetur.
1858 4898 1996 4955 Cum

493 5035 538 5067 °°
579 5033 745 5091 lCor.
780 5053 868 5102 xv,
901 5036 992 5093 42.

494 5168 608 5240 (15)
633 5169 1014 5240 Διαλυθῆναι.
1047 5173 1092 5221 Λ
1119 5169 1436 5240 διαλυθῆναι
1463 5171 1512 5224 6.

493 5238 610 5307 (46)
647 5239 979 5308 Σχήματος.
1013 5241 1054 5292 Α
1080 5239 1173 5292 τοῦ
1205 5257 1293 5308 σχ.

519 5309 610 5380 47)
654 5311 751 5380 Ἐν
776 5307 965 5373 αὐτῷ.
992 5311 1041 5380 A7
1061 5307 1100 5360 Β
1127 5310 1183 5380 ὲν
1219 5307 1420 5380 ἑαυτῷ.

522 5379 610 5440 48)
638 5378 986 5448 Πὰμπολλα.
1020 5379 1061 5430 Α
1093 5377 1374 5448 πάμπολυ.

495 5446 607 5520 (⁷19)
649 5446 1007 5520 Σχήματα-Α
1036 5451 1090 5520 in
1119 5446 1267 5520 textu
1300 5450 1501 5520 χάριτι.

495 5519 609 5590 (50)
635 5517 784 5590 Περὶ-
811 5515 1020 5590 αἱζτήν.
1051 5517 1107 5590 Ah
1120 5519 1248 5586 περὶ
1267 5515 1491 5590 ἑαυτήν.

495 5587 606 5654 (51)
641 5587 798 5640 Κατὰ
828 5585 958 5652 τῆς.
995 5587 1039 5639 Α
1075 5585 1113 5637 Β
1150 5585 1290 5642 κατὰ
1314 5585 1432 5653 τάς.

498 5659 610 5754 159.)
653 5657 790 5710 ’Λεί.
826 5655 871 5708 Α
895 5655 933 5708 ll
960 5657 1020 5708 τὸ
1049 5656 1153 5710 ἀεί.

500 5730 587 5754 19.".
656 5723 780 5754 ΛΞ..
839 5727 863 5754 Α
901 5726 993 5754 ...‘...

498 5723 611 5792 (55‘.
655 5723 780 5780 (ὶῦν
831 5727 873 5777 Λ
901 5726 1012 5779 νῦν.

497 5798 588 5861 (ξ’-5
657 5797 772 5850 Ἐπ’
837 5795 872 5848 Α
904 5795 942 5848 Β
1064 5795 1302 5867 φῶμεν.
1338 5797 1377 5852 Α
1409 5799 1557 5854 addit
1593 5801 1748 5853 καλά.

2165 2893 2325 2945 Δοκεῖ
2349 2891 2407 2945 δέ
2433 2909 2520 2962 μοι
2554 2891 2650 2944 καὶ
2677 2889 2766 2945 διὰ
2795 2889 3014 2943 πάντων
3041 2885 3430 2956 συναγορεύειν
3470 2885 3500 2936 6
3532 2884 3670 2937 ἀπο-

2097 2983 2342 3046 στολικὸς
2386 2983 2544 3051 λόγος
2593 2984 2660 3052 τῇ
2715 2980 2838 3035 καθ’
2901 2981 3048 3050 ἡμᾶς
3088 2977 3351 3048 ὑπολήψει
3401 2977 3500 3046 τῆς
3544 2977 3673 3028 ἀνα.

2100 3075 2360 3139 στάσεως,
2411 3075 2505 3128 καὶ
2532 3073 2692 3126 τοῦτο
2721 3073 2985 3126 δεικνύειν
3019 3072 3156 3141 ὅπερ
3188 3071 3218 3122 6
3265 3068 3531 3140 ἡμέτερος
3562 3069 3673 3136 ὁρι-

2095 3166 2231 3236 σμὸς
2260 3167 2504 3236 περιέχει
2535 3166 2730 3234 λέγων,
2770 3164 2951 3234 Μηδὲν
2981 3163 3168 3234 ἕτερον
3197 3156 3334 3214 εἶναι
3359 3159 3672 3221 ἀνάστασιν,

2095 3256 2129 3326 ἢ
2164 3257 2262 3328 τὴν
2306 3258 2385 3319 είς
2431 3260 2494 3309 τὸ
2541 3256 2764 3326 ἀρχαῖον
2810 3255 2909 3324 τῆς
2951 3255 3165 3322 φύσεως
3201 3251 3358 3323 ἡμῶν
3401 3249 3674 3304 ἀποκατά-

2097 3366 2303 3404 στασιν.
2350 3347 2570 3417 Ἐπειδὴ
2595 3347 2704 3418 γὰρ
2733 3348 2790 3400 ὲν
2819 3348 2886 3417 τῇ
2919 3344 3110 3416 πρώτῃ
3157 3341 3484 3413 κοσμογονίᾳ
3519 3341 3676 3393 τοῦτο

2097 3439 2246 3510 παρά
2277 3439 2376 3510 τῆς
2425 3439 2646 3509 Γραφῆς
2683 3437 3105 3508 μεμαθήκαμεν,
3139 3437 3220 3489 ὅτι
3262 3435 3477 3506 πρῶτον
3511 3433 3675 3486 ἐϐλά-

2097 3548 2291 3599 στησεν
2321 3531 2355 3600 ἡ
2386 3529 2458 3598 γῆ
2493 3527 2722 3599 βοτάνην
2753 3528 2969 3600 χόρτου,
3004 3525 3185 3589 καθὼς
3235 3527 3264 3578 6
3303 3525 3458 3593 λόγος
3489 3524 3674 3592 φησὶν,

2097 3617 2215 3673 εἶτα
2259 3621 2322 3672 ὲκ
2365 3619 2466 3688 τῆς
2515 3618 2750 3688 βλάστης
2813 3617 3038 3687 σπέρμα
3069 3615 3182 3684 (57)
3228 3614 3464 3683 ἐγένετο,
3507 3608 3675 3681 οὗπερ

2096 3712 2190 3765 ἐπὶ
2217 3711 2314 3781 τὴν
2359 3711 2461 3780 γῆν
2493 3707 2893 3780 καταρρυέντος
2911 3746 2927 3773 ,
2973 3706 3034 3759 τὸ
3063 3705 3195 3759 αὐτὸ
3228 3705 3391 3758 πάλιν
3418 3700 3557 3766 εἶδος
3579 3703 3676 3756 τοῦ

2097 3803 2158 3869 ἐξ
2177 3803 2352 3874 ἀρχῆς
2375 3804 2596 3871 φυέντος
2618 3801 2888 3872 ἀνέδραμε
2910 3817 2922 3830 ·
2952 3799 3086 3870 φησι
3103 3798 3161 3851 δὲ
3179 3797 3335 3851 τοῦτο
3352 3799 3381 3850 6
3401 3797 3541 3860 θεῖος
3563 3796 3676 3865 (58)

2110 3894 2429 3956 ’Λπόστολος
2469 3894 2564 3946 καὶ
2607 3892 2701 3945 ἐπὶ
2746 3891 2845 3961 τῆς
2890 3889 3238 3952 ἀναστάσεως
3269 3887 3534 3957 γίνεσθαι.
3597 3888 3674 3940 Ού

2100 3987 2260 4056 μόνον
2287 3985 2346 4038 δὲ
2376 3985 2489 4052 (59)
2517 3984 2674 4038 τοῦτο
2701 3983 2828 4053 παρ’
2864 3981 3029 4037 αὐτοῦ
3054 3979 3436 4050 διδασκόμεθα,
3458 3979 3519 4032 τὸ
3543 3977 3676 4050 πρὸς

2095 4078 2158 4132 τὸ
2188 4076 2768 4149 μεγαλοπρεπέστατον
2796 4073 2908 4144 (60)
2960 4071 3315 4142 μεθίστασθαι
3360 4070 3420 4124 τὸ
3466 4069 3676 4142 ἀνθρὼι
3756 4096 3761 4100 τ

2098 4187 2273 4233 πινον,
2317 4169 2430 4222 ἀλλ’
2463 4169 2544 4222 ὅτι
2576 4167 2638 4220 τὸ
2669 4166 3020 4235 ἐλπιζόμενον
3053 4163 3203 4217 οὐδὲν
3228 4163 3413 4235 ἔτερόν
3446 4164 3610 4226 ἐστιν,
3639 4160 3674 4231 ἢ

2095 4259 2234 4330 ὅπερ
2263 4259 2320 4312 ἐν
2349 4257 2584 4327 πρώτοις
2613 4253 2700 4328 ἦν.
2744 4255 2964 4326 Ἐπειδὴ
2995 4254 3103 4325 γὰρ
3133 4253 3195 4308 τὸ
3235 4255 3354 4308 κατ’
3383 4253 3555 4324 ἀρχάς
3579 4253 3676 4322 οὐχ

2098 4352 2175 4415 ὡς
2204 4350 2316 4420 (61)
2353 4349 2552 4420 στάχυς
2579 4349 2689 4403 ἀπὸ
2725 4348 2819 4401 τοῦ
2851 4347 3185 4418 σπέρματος,
3229 4344 3346 4399 ἀλλ’
3379 4343 3588 4398 ἐκεῖθεν
3616 4343 3678 4397 τὸ

2099 4443 2355 4514 σπέρμαο
2413 4441 2551 4512 μετά
2593 4439 2768 4494 ταῦτα
2809 4439 2867 4492 δὲ
2912 4432 3066 4502 οὗτος
3099 4436 3177 4508 τῷ
3201 4437 3478 4509 σπέρματι
3519 4455 3676 4508 περι-

2102 4534 2318 4604 φύεται,
2345 4535 2379 4605 ἠ
2407 4533 2500 4587 τοῦ
2529 4532 2922 4603 ὑποδείγματος
2955 4530 3244 4585 ἀκολουθία
3272 4529 3456 4599 σαφῶς
3483 4529 3670 4582 ἐπιδεί-

2103 4641 2257 4677 κνυσι
2284 4624 2420 4690 (6‘2),
2467 4622 2528 4676 τὸ
2569 4624 2749 4676 πᾶσαν
2781 4621 2878 4692 τὴν
2906 4621 2995 4675 διὰ
3039 4621 3139 4690 τῆς
3167 4622 3514 4682 ἀναστάσεως
3545 4618 3678 4673 ἀνα-

2102 4715 2506 4784 ϐλαστήσουσαν
2531 4715 2661 4784 ἡμῖν
2690 4712 3090 4784 μακαριότητα,
3121 4711 3256 4782 πρὸς
3284 4712 3382 4777 τὴν
3413 4710 3472 4776 ἐξ
3507 4712 3679 4780 ἀρχῆς

2103 4807 2381 4862 ἐπανιέναι
2426 4806 2604 4878 χάριν.
2651 4805 2861 4876 Στάχυς
2898 4804 3008 4875 γὰρ
3061 4803 3212 4868 ὄντες
3260 4802 3540 4874 καταρχὰς
3569 4802 3680 4873 (63)

2103 4899 2303 4970 τρόπον
2328 4898 2450 4952 τινὰ
2482 4897 2577 4952 καὶ
2617 4897 2798 4968 ἡμεῖς,
2830 4895 3018 4967 ἐπειδὴ
3047 4895 3159 4967 (64)
3191 4895 3269 4968 τῷ
3311 4895 3552 4952 καύσωνι
3581 4893 3680 4965 τῆς

2166 5169 2282 5240 (55)
2303 5169 2754 5240 Ερϐοοήκήμασι.
2789 5169 2837 5223 R
2865 5169 3033 5226 delet.

2167 5239 2280 5307 (56)
2316 5239 2400 5304 Τῷ
2439 5239 2532 5293 δέ.
2562 5241 2607 5293 Α
2639 5239 2784 5293 τότε.
3029 5247 3034 5250 ’

2171 5310 2286 5374 (57)
2322 5308 2580 5378 Σπέρμα.
2621 5309 2663 5379 ᾼ
2695 5308 2736 5361 Β
2762 5309 2823 5362 τὸ
2857 5311 3095 5379 σπέρμα.

2171 5381 2285 5446 (58)
2328 5379 2383 5430 '0
2426 5379 2600 5444 θεῖος.
2629 5377 2672 5432 Β
2706 5379 2800 5432 καὶ
2823 5379 2852 5431 6
2878 5377 3042 5442 θεῖος.

2172 5447 2285 5516 (59)
2319 5447 2411 5502 Δέ.
2442 5449 2586 5504 delet
2611 5448 2676 5502 A.

2175 5516 2288 5583 (60)
2314 5516 2986 5586 Μεγαλοπρεπέστατον.
3018 5517 3059 5569 Β
3068 5517 3553 5639 ι[λιεγαλοττρειιιέστε
3562 5537 3674 5591 ρον.

2177 5587 2290 5639 1611
2324 5589 2445 5639 Οὑγ
2475 5587 2574 5639 ὡς.
2606 5589 2650 5639 Λ
2682 5587 2778 5639 οὺγ
2805 5589 2850 5639 6.
2891 5587 2942 5638 B‘
2967 5588 3063 5639 οὖν
3096 5629 3107 5639 .

2177 5587 2290 5658 (61)
2324 5589 2445 5655 Οὐχ
2606 5589 2650 5640 Λ
2682 5587 2780 5657 οὐχ
2805 5589 2850 5640 6.
2891 5587 2942 5638 B’
2967 5587 3107 5658 οὐχῖ.

2179 5656 2292 5722 (62⁷)
2336 5656 2758 5710 Ἐπιδείκνυσι.
2792 5658 2832 5708 Α
2872 5656 3231 5712 ὑποδείκνυσι.

2179 5728 2291 5793 (65)
2323 5725 2652 5797 Καταρχάς)
2685 5727 2727 5797 Δ
2760 5726 2892 5797 Βᾲτὺ
2923 5744 3155 5797 καταρχ.

2185 5797 2296 5864 (Ui)
2342 5795 2590 5860 Ἐπειδὴ.
2632 5795 2780 5852 υριυι
2812 5795 2868 5850 Β.
