4046 6350
391 388 495 475 ἰδ-ι

1430 414 1518 470 DE
1556 411 1773 468 ANIMA
1812 409 1900 466 ET
1934 408 2535 466 RESURRECTIONE.

3540 378 3658 466 815s

396 535 592 599 κακίας
623 534 1122 608 κατεξηράνθημεν,
1152 532 1500 589 ὑπολαϐοῦσα
1527 531 1641 601 (65)
1692 530 1842 602 ἡμᾶς·
1865 528 1976 599 (66)

2104 528 2225 582 :nim
2255 529 2405 598 spica
2434 527 2839 599 quodammodo
2870 543 2972 586 nos
2998 493 3220 600 quoque
3243 529 3312 585 ab
3331 488 3661 586 initioessc-

398 630 430 695 ἡ
460 628 528 696 γῆ
563 626 649 679 διά
678 626 771 680 τοῦ
803 628 1031 682 θανάτου
1065 613 1179 699 (67)
1204 626 1486 688 λυθέντας,
1524 623 1686 676 πάλιν
1730 620 1870 674 κατά
1920 621 1981 673 τὺ

400 716 496 785 ξαρ
536 717 635 785 τῆς
680 718 1025 780 ἀναστάσεως
1076 716 1277 787 στάχυν
1327 712 1593 777 ἀναδείξει
1640 712 1734 765 τὸν
1777 710 1983 782 γυμνὸν

399 805 588 859 τοῦτον
613 808 812 860 κόκκον
847 807 940 860 τοῦ
968 807 1241 878 σώματος,
1278 803 1551 875 εὐμεγέθη
1582 819 1641 854 τε
1690 801 1784 854 καὶ
1817 802 1985 870 ἀμφι-

403 897 546 967 λαφῆ
583 899 677 951 καὶ
703 898 1034 968 δρθιονβκαὶ
1064 899 1143 962 είς
1168 898 1229 950 τὸ
1257 896 1505 967 οὐράνιον
1539 893 1671 962 ὕψος
1713 889 1986 945 ἀνατεινό-

408 1004 587 1056 μενον,
617 987 739 1041 ἀντὶ
768 987 1022 1058 καλάμης
1064 989 1098 1059 ἢ
1133 986 1419 1057 ἀνθέρικος
1449 984 1563 1055 (68)
1611 985 1676 1054 τῇ
1707 982 1986 1053 ἀφθαρσίᾳ

408 1079 501 1130 καὶ
523 1080 635 1140 τοῖς
663 1076 870 1142 λοιποῖς
908 1076 1018 1131 τῶν
1054 1076 1372 1149 θεοπρεπῶν
1398 1074 1792 1146 γνωρισμάτων
1821 1073 1986 1143 ὡραῖ-

409 1168 655 1238 ζόμενον.
691 1186 711 1220 ι
740 1171 832 1222 Δεῖ
861 1167 970 1239 γὰρ
998 1167 1108 1235 (69)
1133 1168 1193 1221 τδ
1220 1165 1459 1238 φθαρτὸν
1481 1165 1641 1219 τοῦτο
1667 1163 1987 1219 ἐνδύσασθαι

411 1259 740 1329 ἀφθαρσίαν.
771 1279 790 1310 ι
853 1260 918 1312 Ἦ
960 1259 1017 1313 δὲ
1047 1259 1342 1330 ἀφθαρσία,
1386 1255 1479 1311 καὶ
1527 1258 1561 1327 ἡ
1611 1255 1759 1323 δόξα,
1809 1255 1906 1309 καὶ
1950 1256 1985 1324 ἡ

413 1352 569 1421 τιμὴ.
614 1350 709 1403 καὶ
757 1352 791 1421 ἡ
823 1349 1072 1421 δύναμις,
1125 1351 1231 1404 ίδια
1271 1351 1370 1421 τῆς
1415 1348 1565 1411 θείας
1609 1347 1822 1418 φύσεως
1848 1342 1990 1399 εἶναι

414 1441 774 1510 ὁμολογεῖται,
822 1441 967 1511 άπερ
999 1440 1263 1513 πρότερόν
1289 1458 1349 1494 τε
1379 1440 1507 1513 περὶ
1538 1440 1629 1495 τὸν
1657 1441 1780 1493 κατ’
1805 1439 1991 1492 είκόνα

415 1531 703 1601 γενόμενον
726 1527 816 1603 ἦν,
847 1532 941 1586 καὶ
970 1526 1211 1597 εἰσαῦθις
1229 1531 1527 1595 ὲλπίζεται.
1570 1532 1630 1585 '0
1647 1531 1756 1601 γὰρ
1778 1530 1993 1603 πρῶτος

417 1618 617 1690 στάχυς
671 1622 700 1675 ὁ
744 1621 956 1690 πρῶτος
1002 1620 1285 1694 ἄνθρωπος
1330 1616 1399 1691 ἦν
1451 1620 1623 1691 ’Δδάμ
1659 1623 1673 1676 ί
1683 1620 1796 1689 70).
1851 1617 1992 1672 Ἀλλ’

419 1709 605 1781 ἐπειδὴ
649 1712 716 1782 τῇ
762 1712 862 1782 τῆς
908 1710 1107 1775 κακίας
1153 1712 1342 1783 εἰσόδῳ
1386 1712 1468 1775 είς
1518 1711 1722 1781 πλῆθος
1767 1711 1801 1781 ἡ
1834 1708 1995 1778 φύσις

420 1801 811 1873 κατεμερίσθη,
843 1802 1025 1865 καθὼς
1054 1803 1264 1872 γίνεται
1288 1804 1317 1855 ὁ
1351 1804 1560 1875 καρπὸς
1583 1805 1642 1857 ὲν
1662 1801 1741 1872 τῷ
1770 1802 1992 1872 στάχυϊ·

420 1890 592 1956 οὕτως
640 1893 691 1946 οί
736 1892 857 1947 καθ’
901 1894 1130 1947 ἕκαστον
1160 1893 1536 1965 γυμνωθὲύτες
1576 1894 1671 1949 τοῦ
1721 1895 1861 1949 κατά
1902 1894 1998 1948 τὸν

425 1983 624 2051 στάχυν
673 1983 879 2036 ἐκεῖνον
929 1984 1122 2049 εἴδους,
1167 1985 1263 2039 καὶ
1306 1987 1373 2057 τῇ
1420 1987 1491 2057 γῇ
1541 1984 1996 2056 καταμιχθέντες,

424 2073 587 2127 πάλιν
618 2074 676 2126 ὲν
719 2078 785 2147 τῇ
819 2077 1111 2131 ἀναστάσει
1159 2077 1300 2131 κατά
1340 2077 1403 2130 τὸ
1454 2077 1752 2148 ἀρχέγονον
1804 2076 1999 2140 κάλλος

423 2163 796 2234 άναφυόμεθα,
828 2166 948 2218 ἀντὶ
991 2166 1110 2229 ἑνὸς
1142 2166 1235 2220 τοῦ
1267 2166 1483 2237 πρώτου
1514 2166 1741 2236 στάχυος
1770 2167 2000 2221 ἀνάπει-

425 2272 510 2325 ροι
541 2256 653 2328 (71)
689 2257 949 2329 μυριάδες
973 2257 1079 2311 τῶν
1109 2258 1277 2329 ληϊων
1311 2258 1592 2329 γενόμενοι
1626 2258 1771 2330 (72)-

508 2440 569 2496 Ὀ
597 2441 654 2494 δὲ
684 2443 804 2494 κατ’
833 2441 1032 2513 ἀρετὴν
1066 2442 1178 2513 βίος
1210 2445 1268 2498 ὲν
1298 2444 1473 2515 τούτῳ
1504 2446 1642 2517 πρὸς
1678 2444 1776 2517 τὴν
1809 2463 2003 2501 κακιαν

428 2531 491 2583 τὸ
519 2531 773 2601 διάφορον
808 2531 921 2601 ἔχει
948 2532 1080 2603 (75),
1110 2533 1191 2586 ὃτι
1224 2534 1273 2587 οἱ
1305 2535 1404 2604 μὲν
1447 2535 1681 2590 ἐνταῦθα
1717 2536 1869 2606 παρὰ
1914 2538 2005 2591 τὸν

433 2622 547 2691 βίον
590 2622 658 2675 δι’
706 2623 911 2693 ἀρετῆς
960 2624 1185 2687 ἑαυτοὺς
1245 2625 1682 2696 γεωργήσαντες,
1732 2626 1893 2693 εὐθὺς
1947 2629 2007 2683 ὲν

430 2713 618 2782 τελείῳ
646 2712 724 2782 τῷ
752 2712 945 2782 στάχυῖ
985 2714 1264 2783 φαίνονται
1301 2715 1412 2785 (74)
1438 2732 1454 2748 ο
1504 2711 1586 2779 οἷς
1614 2717 1672 2769 δὲ
1697 2716 1784 2771 διά
1810 2718 2009 2782 κακίας

432 2804 673 2872 ἐξίτηλος
703 2821 763 2856 τε
793 2804 907 2875 (75)
955 2806 1048 2858 καὶ
1079 2806 1451 2877 ἀνεμόφθορος
1499 2808 1527 2860 ὁ
1566 2808 1764 2872 κόκκος
1816 2809 2008 2878 γέγονε

436 2895 586 2964 παρὰ
610 2895 699 2947 τὸν
729 2894 843 2964 βίον
862 2894 1049 2949 τοῦτον
1072 2899 1105 2966 ἡ
1136 2898 1193 2949 ὲν
1212 2896 1292 2967 τῷ
1312 2894 1530 2969 ¹ψυχικῷ
1554 2901 1825 2971 σπέρματι
1853 2901 2011 2954 δύνα-

439 3004 560 3056 μις,
612 2987 862 3057 καθάπερ
903 2988 1013 3058 (76)
1063 2989 1131 3042 τὰ
1173 2989 1439 3059 λεγόμενα
1482 2991 1786 3061 κεράσδολα
1819 2993 1928 3062 (77)
1961 2991 2014 3045 οῖ

435 3081 544 3133 τῶν
572 3080 830 3134 τοιούτων
861 3082 1225 3152 ἐπιστήμονες
1272 3081 1487 3151 λέγουσι
1532 3083 1775 3152 γίνεσθαι
1802 3098 1817 3114 ⁶
1870 3084 2012 3138 οὕτω

2083 635 2225 684 mus,
2264 628 2619 691 posteaquam
2655 629 2792 677 :estu
2820 622 3134 678 vitiositatis
3177 621 3519 687 exaruimus,
3564 637 3661 676 exn

2083 720 2269 778 ceptos
2308 723 2407 763 nos
2448 717 2593 763 terra
2623 724 2721 778 per
2758 716 2987 763 mortem
3018 709 3323 764 dissolutos
3370 723 3567 764 rursus
3604 709 3659 761 in

2085 814 2209 854 vere
2248 799 2690 863 resurrectionis,
2739 800 2844 856 hoc
2892 800 3100 855 nudum
3134 800 3383 870 corporis
3427 814 3661 870 granum

2084 890 2293 959 spicam
2324 888 2518 945 elﬁciet
2568 906 2873 961 proceram,
2935 890 3205 962 ingentem
3253 898 3307 946 et
3353 891 3660 960 copiosam,

2084 978 2311 1033 arduam
2355 986 2410 1034 et
2444 986 2706 1046 erectam,
2758 988 2814 1036 et
2847 981 2913 1035 ad
2950 980 3293 1037 altitudinem
3322 996 3499 1051 usque
3537 980 3663 1039 cmli

2088 1071 2505 1140 pertingentem,
2546 1085 2645 1140 pro
2673 1071 2856 1125 culmo
2889 1072 2974 1126 vel
3023 1072 3229 1137 aristis,
3271 1071 3666 1143 incorruptibi-

2088 1162 2238 1215 litate
2262 1160 2602 1232 reliquisque
2621 1161 2823 1218 divinis
2845 1171 2896 1217 et
2923 1164 3172 1232 angustis
3201 1163 3505 1235 insignibus
3532 1179 3667 1219 con-

2087 1249 2335 1321 spicuam
2403 1257 2457 1306 et
2520 1259 2793 1306 ornatam.
2840 1250 3108 1323 «Oportet
3170 1252 3339 1321 enim,
3370 1270 3390 1305 ι
3463 1253 3666 1323 inquit,

2090 1341 2444 1412 corruptibile
2463 1341 2571 1398 hoc
2592 1342 2822 1398 induere
2844 1342 3441 1413 incorruptibilitatem.
3476 1363 3495 1397 ›
3529 1343 3670 1399 Con-

2089 1442 2201 1487 stat
2256 1441 2441 1489 autem
2498 1434 2644 1504 quod
2694 1435 3210 1505 incorruptibilitas,
3264 1443 3320 1491 et
3369 1435 3572 1513 honor,
3611 1443 3670 1490 et

2089 1525 2285 1595 gloria,
2339 1534 2393 1581 et
2449 1527 2715 1596 potentia,
2770 1527 2991 1597 propria
3025 1526 3225 1582 divina:
3280 1534 3494 1581 natura:
3537 1527 3672 1589 sint,

2090 1631 2214 1688 quae
2250 1631 2374 1671 cum
2405 1617 2561 1687 prius
2589 1617 2817 1672 aderant
2847 1618 2920 1683 ei,
2952 1618 3051 1688 qui
3079 1618 3146 1672 ad
3168 1617 3455 1688 imaginem
3493 1616 3673 1673 factus

2092 1715 2199 1773 est,
2263 1717 2377 1763 tum
2442 1709 2499 1763 in
2547 1715 2833 1780 posterum
2894 1710 3141 1765 reditura
3191 1716 3506 1779 sperantur.
3534 1705 3672 1761 Nam

2096 1801 2270 1870 prima
2305 1801 2477 1872 spica,
2510 1800 2720 1872 primus
2748 1801 2913 1857 homo
2938 1802 3109 1856 Adam
3136 1810 3294 1861 erat;
3326 1799 3419 1855 sed
3452 1807 3675 1870 postca-

2097 1908 2258 1964 quam
2308 1908 2405 1963 per
2456 1893 2740 1949 introitum
2791 1893 3107 1950 vitiositatis
3160 1892 3215 1948 in
3265 1890 3672 1948 multitudinem

2100 1990 2295 2038 natura
2328 1983 2505 2040 divisa
2551 1992 2660 2051 est,
2713 1984 2859 2040 sicut
2908 1983 2963 2038 in
2997 1985 3147 2054 spica
3192 1983 3406 2038 fructus
3432 1981 3673 2047 exsistit,

2099 2074 2173 2128 ita
2199 2075 2514 2146 singulatim
2537 2076 2920 2146 unusquisque
2943 2075 3109 2131 immo
3137 2075 3285 2130 illius
3314 2074 3481 2145 spicae
3498 2073 3677 2129 forma

2099 2162 2291 2218 nudati
2334 2169 2390 2218 et
2429 2178 2553 2218 cum
2585 2172 2730 2219 terra
2762 2163 3060 2227 commisti,
3097 2179 3291 2219 rursus
3319 2164 3375 2217 in
3422 2178 3675 2219 resurre~

2100 2255 2282 2310 ctione
2312 2255 2366 2309 in
2393 2256 2672 2325 antiquam
2701 2254 3162 2326 pulchritudinem
3188 2257 3551 2318 renascimur,
3578 2270 3681 2325 pro

2104 2362 2211 2402 una
2263 2347 2355 2402 illa
2394 2347 2572 2419 prima
2619 2348 2790 2419 spica,
2832 2347 3046 2403 inﬁnita
3098 2348 3268 2403 millia
3306 2356 3552 2419 segetum
3591 2345 3677 2402 ef-

2104 2436 2252 2492 fecti.

2175 2526 2346 2581 Porro
2372 2527 2485 2585 vita
2511 2544 2632 2599 qua:
2661 2544 2759 2600 per
2783 2529 3043 2586 virtutem
3087 2530 3433 2601 transigitur,
3487 2531 3541 2585 in
3575 2530 3683 2587 hoc

2106 2618 2287 2676 differt
2321 2635 2352 2675 a
2381 2620 2581 2676 vitiosa
2607 2621 2739 2686 vita,
2771 2621 2918 2693 quod
2963 2623 3040 2677 illi
3070 2624 3163 2693 qui
3214 2624 3269 2677 in
3303 2624 3405 2678 hac
3436 2623 3545 2677 vita
3585 2639 3683 2693 per

2106 2713 2360 2767 virtutem
2391 2728 2511 2769 sese
2542 2713 2904 2779 exeoluerint,
2941 2716 3128 2769 statim
3162 2714 3218 2769 in
3252 2715 3490 2785 perfecta
3528 2717 3681 2786 spica

2109 2811 2375 2873 apparent
2401 2820 2414 2857 :
2445 2805 2649 2874 quibus
2674 2812 2855 2859 autem
2879 2813 3101 2876 prOpter
3124 2806 3474 2862 vitiositatcm
3498 2808 3684 2869 exilis,

2109 2896 2359 2956 evanida.
2396 2895 2727 2962 adulterina,
2782 2898 2999 2968 ignava,
3036 2907 3435 2968 ventorumque
3469 2899 3688 2968 injuriae

2111 2987 2349 3040 obnoxia
2380 2986 2466 3041 vis
2503 3002 2601 3056 per
2626 2987 2765 3041 hanc
2791 2989 2957 3042 vitam
2988 2988 3042 3041 in
3076 2987 3299 3041 animali
3335 2988 3542 3043 semine
3561 2987 3689 3055 fuit,

2112 3078 2565 3149 quemadmodum
2597 3094 2682 3143 ea,
2717 3096 2840 3150 quae
2868 3079 3193 3151 κεράσϐολα,
3230 3079 3286 3135 id
3328 3087 3414 3137 est
3438 3082 3575 3136 dura
3604 3090 3691 3136 at-

440 3174 531 3226 κα)⁹
554 3166 699 3225 οὗτοι
726 3173 862 3242 (78),
895 3172 996 3226 κᾶν
1026 3173 1201 3242 φύωσι
1236 3172 1348 3244 (79)
1401 3172 1490 3227 διὰ
1512 3174 1610 3243 τῆς
1642 3176 2003 3240 ἀναστάσεως,

2116 3189 2220 3241 que
2272 3172 2498 3225 immitia
2536 3172 2818 3240 dicuntur,
2876 3172 3064 3228 talium
3111 3189 3294 3228 rermn
3340 3174 3499 3244 periti
3535 3175 3689 3231 nasci

439 3263 635 3333 πολλὴν
667 3264 802 3333 (79⁸)
836 3264 1140 3333 ἀποτομίαν
1170 3265 1318 3335 παρά
1359 3263 1436 3335 τῷ
1465 3269 1623 3336 κριτῇ
1657 3266 1886 3330 ἕξουσιν,
1919 3268 2014 3321 άτε

442 3355 502 3425 δὴ
531 3355 629 3407 οὐκ
681 3354 954 3424 ἰσχύοντες
981 3355 1313 3426 ἀναδραμεῖν
1356 3355 1449 3409 ἐπὶ
1489 3356 1551 3410 τὸ
1591 3353 1727 3421 εῐδος
1752 3357 1845 3412 τοῦ
1889 3361 2017 3414 στά-

444 3463 588 3515 χυος,
630 3447 722 3498 καὶ
764 3445 1014 3514 γενέσθαι
1045 3447 1220 3500 ἐκεῖνο
1262 3447 1373 3517 (80)
1421 3449 1558 3518 ὅπερ
1586 3444 1729 3519 ἦμεν
1767 3449 1873 3520 πρὸ
1916 3450 2018 3517 τῆς

444 3540 537 3590 ἐπὶ
561 3538 659 3604 τὴν
684 3538 787 3607 γῆν
830 3537 1252 3601 κατα-πτώσεως.
1298 3537 1364 3591 Ἦ
1392 3538 1449 3591 δὲ
1495 3538 1759 3609 θεραπεία
1783 3539 1873 3593 τοῦ
1902 3543 2021 3593 ὲπι-

447 3627 765 3689 στατοῦντος
788 3627 898 3679 τῶν
931 3627 1307 3697 γεννημάτων,
1342 3628 1375 3698 ἡ
1402 3627 1512 3681 τῶν
1545 3628 1799 3692 ζιζανίων
1832 3646 1891 3682 τε
1927 3629 2021 3683 καὶ

445 3720 553 3772 τῶν
580 3718 828 3773 ἀκανθῶν
856 3719 974 3780 ἐστι
1008 3719 1274 3789 συλλογὴ,
1324 3720 1433 3773 τῶν
1464 3721 1913 3789 συναναφυέντων
1944 3720 2022 3791 τῷ

450 3816 742 3884 σπέρματι,
774 3813 952 3883 πάσης
990 3813 1087 3883 τῆς
1116 3811 1527 3883 ὑποτρεφούσης
1555 3811 1654 3883 τὴν
1680 3813 1835 3881 ῥίζαν
1864 3810 2025 3865 δυνά-

452 3922 592 3973 μεως
626 3904 764 3975 πρὸς
790 3906 881 3958 τὸν
908 3904 1058 3958 νόθον
1085 3904 1198 3975 (81)
1230 3903 1646 3975 μεταῤῥυείσης,
1672 3904 1737 3957 δι’
1758 3897 1833 3958 ὧν
1861 3904 2022 3973 ἀτρο-

450 3996 548 4064 φύν
574 4013 631 4049 τε
669 3997 762 4049 καὶ
788 3996 1214 4068 ἀτελεσφόρητον
1244 3994 1309 4049 τὸ
1332 3996 1553 4066 γνήσιον
1578 3994 1761 4067 ἔμεινε
1804 3997 2025 4068 σπέρμα

451 4090 516 4157 τῇ
567 4088 714 4158 παρά
745 4088 908 4156 φύσιν
950 4088 1151 4161 βλαστῇ
1198 4089 1313 4158 (82)
1359 4088 1843 4159 συμπεπλεγμένον
1890 4088 2023 4159 (85).

464 4178 711 4232 Ἐπειδὰν
741 4175 836 4233 οὖν
862 4181 969 4233 πᾶν
991 4180 1118 4234 ὅσον
1163 4179 1317 4236 νόθον
1353 4196 1416 4233 τε
1453 4179 1547 4233 καὶ
1578 4179 1855 4250 ἀλλότριον
1882 4180 2030 4233 ὲκτι-

2116 3263 2307 3317 dicunt
2333 3279 2348 3315 :
2380 3262 2434 3316 hi
2464 3263 2679 3317 etiamsi
2713 3280 2810 3333 per
2839 3264 3296 3320 resurrectionem
3329 3266 3438 3319 nati
3467 3264 3690 3330 fuerint,

2117 3369 2369 3424 magnam
2402 3353 2660 3408 duritiam
2691 3365 2745 3410 et
2792 3356 3136 3411 severitatem
3167 3356 3371 3426 judicis
3405 3356 3694 3427 experien-

2118 3451 2229 3507 tur,
2264 3450 2323 3496 nt
2348 3444 2440 3513 qui
2473 3443 2732 3498 nimirum
2761 3460 2871 3499 non
2903 3446 3117 3500 valeant
3140 3460 3459 3502 excrescere
3483 3452 3536 3501 et
3563 3460 3693 3501 sur-

2119 3551 2247 3606 gere
2286 3538 2351 3590 ad
2383 3535 2612 3589 formam
2655 3537 2838 3605 spicae,
2874 3546 2927 3591 et
2972 3537 3203 3592 evadere
3234 3537 3366 3591 illud
3396 3537 3541 3606 quod
3571 3550 3700 3592 erae

2121 3644 2244 3683 mus
2277 3636 2568 3698 antequam
2619 3628 2674 3682 in
2723 3638 2920 3682 terram
2962 3629 3172 3699 delapsi
3214 3645 3481 3685 essemus.
3524 3627 3703 3683 Porro

2121 3727 2378 3773 curatura
2409 3727 2571 3789 atque
2600 3720 2919 3783 remedium,
2947 3721 3091 3789 quod
3123 3722 3343 3777 adhibet
3374 3722 3422 3778 is
3456 3722 3549 3790 qui
3575 3736 3699 3793 ger-

2126 3811 2367 3865 minibus
2396 3817 2611 3879 praeest,
2644 3811 2747 3865 hoc
2776 3819 2888 3879 (est,
2920 3821 2979 3866 ut
3015 3813 3269 3867 nimirum
3299 3814 3509 3868 zizania
3535 3812 3702 3869 simul

2124 3918 2190 3958 ac
2242 3902 2431 3972 spinas
2485 3903 2726 3973 colligat,
2784 3888 2908 3974 (qua:
2956 3921 3062 3959 una
3108 3921 3231 3959 cum
3280 3906 3487 3960 semine
3530 3916 3705 3960 enata:

2126 3995 2352 4059 fuerint,
2390 3996 2538 4049 omni
2564 3997 2615 4050 vi
2648 3996 2889 4050 radicem
2929 3996 3124 4052 subtus
3150 3998 3327 4053 alente
3353 3998 3406 4051 in
3439 3998 3706 4052 adulteri-

2128 4102 2253 4141 nam
2285 4094 2537 4140 naturam
2574 4087 2887 4142 transfusa:
2920 4088 3123 4156 quibus
3148 4088 3310 4143 rebus
3338 4088 3539 4143 accidit
3569 4096 3629 4143 ut
3650 4095 3707 4144 et

2129 4176 2425 4247 genuinum
2461 4190 2525 4229 ac
2567 4190 2887 4246 germanum
2921 4192 3106 4231 semen
3156 4192 3264 4231 non
3294 4177 3617 4241 nutriretur,
3651 4186 3708 4233 ct

454 4270 519 4343 λῇ
555 4270 667 4339 (84)
712 4269 804 4324 τοῦ
852 4271 1136 4343 τροφίμου,
1186 4271 1278 4324 καὶ
1308 4272 1388 4334 είς
1414 4269 1717 4341 ἀφανισμὸν
1753 4270 1903 4343 ἔλθῃ,
1933 4270 2003 4324 τοί

2130 4268 2360 4332 idcirco,
2390 4267 2536 4337 quod
2568 4267 2637 4321 ab
2662 4282 2729 4321 eo
2764 4267 3007 4337 germine
3046 4268 3189 4337 quod
3220 4280 3416 4338 prmter
3454 4276 3706 4323 naturam

454 4363 625 4434 πυρὸς
662 4363 726 4417 τὸ
771 4363 925 4435 παρά
972 4363 1135 4433 φύσιν
1185 4363 1657 4433 ὲκδαπανήσαντος
1703 4362 1781 4432 τῷ
1826 4362 2003 4431 αίωνίς

2127 4362 2284 4432 juxta
2308 4369 2525 4417 enatum
2551 4366 2717 4425 esset,
2750 4358 3129 4425 suﬂ‘ocaretur,
3156 4359 3292 4413 nihil
3323 4375 3562 4429 unquam
3582 4375 3707 4428 per-

456 4452 589 4521 πυρὶ
614 4452 919 4523 παραδοθὲν
956 4453 1090 4522 (85),
1120 4452 1241 4505 τότε
1271 4452 1365 4505 καὶ
1394 4451 1606 4515 τούτοις
1632 4451 1956 4523 εὐτροφήσει
1992 4456 2003 4503 1‘

2134 4452 2258 4509 fet-ti
2285 4452 2588 4522 producere
2621 4461 2824 4522 posset.
2858 4450 3215 4521 Posteaquam
3247 4450 3413 4522 igitur
3440 4449 3708 4521 quidquid

458 4542 636 4610 φύσις,
687 4544 781 4597 καὶ
828 4544 909 4606 εἰς
954 4543 1165 4614 καρπὸν
1208 4541 1594 4613 ἁδρυνθήσεται
1639 4540 1751 4612 (86)
1795 4542 1886 4595 διὰ.
1929 4542 1999 4612 τῆ

2104 4542 2244 4599 ἠοη
2298 4544 2571 4599 sincerum
2615 4558 2681 4597 ac
2715 4556 3055 4613 germanum,
3097 4541 3193 4597 sed
3244 4541 3612 4596 adulterinum
3651 4547 3714 4595 et

458 4631 711 4702 τοιαύτης
765 4631 1118 4702 ἐπιμελείας,
1175 4633 1413 4701 μακραῖς
1478 4647 1607 4683 ποτε
1661 4632 1929 4701 περιόδοις
1969 4649 2002 4684 τ

2137 4639 2373 4693 alienum
2403 4645 2508 4699 est,
2534 4653 2598 4690 ex
2639 4650 2705 4691 eo
2735 4635 2877 4705 quod
2907 4635 3183 4689 sincerum
3214 4641 3318 4698 est,
3354 4646 3419 4687 ac
3462 4632 3570 4689 vim
3603 4648 3713 4687 nu-

460 4722 636 4777 κοινὸν
664 4720 801 4787 εἶδος
833 4724 896 4776 τὸ
923 4723 981 4789 ἐξ
1003 4726 1173 4795 ἀρχῆς
1206 4724 1337 4793 ἡμῖν
1369 4720 1551 4775 θεόθεν
1584 4722 1871 4792 ὲπιὸληθὲν
1895 4723 2003 4776 ἀπο

2137 4730 2339 4786 triendi
2371 4730 2556 4793 habet,
2602 4729 2854 4783 evulsum
2883 4740 2937 4782 et
2981 4727 3047 4781 ad
3097 4726 3375 4781 interitum
3426 4724 3709 4781 redactum

459 4814 712 4869 λαϐοῦσα.
743 4816 1020 4886 Μακάριοι
1045 4816 1103 4870 δέ
1128 4817 1265 4869 εἰσιν
1299 4814 1412 4884 (87)
1443 4811 1523 4877 οἷς
1553 4815 1714 4879 εὐθὺς
1741 4815 1804 4869 τὸ
1829 4816 2002 4870 τέλειο

2138 4822 2325 4888 fuerit,
2356 4830 2518 4892 atque
2538 4820 2680 4891 ignis
2708 4820 2759 4873 id
2788 4819 2934 4890 quod
2965 4818 3213 4872 naturate
3238 4824 3469 4882 nonest,
3495 4832 3715 4873 assunt-

534 4926 647 4995 (65)
679 4926 1106 4993 Ὑπολασοῦσα.
1145 4927 1187 4980 Β
1217 4926 1443 4982 ὑπολαό.
1477 4928 1555 4982 δέ.

534 4998 646 5061 (se)
687 4996 892 5065 mae.
927 4997 1079 5053 Dolet
1104 4997 1167 5054 Β.

532 5066 643 5134 (67)
669 5066 937 5121 Θανάτου
978 5067 1291 5136 λυθέντας.
1324 5070 1366 5122 Β
1392 5067 1776 5132 ἀναλυθέντας.

534 5136 647 5213 (68)
688 5136 1114 5213 ΪΑΥθέρικος.-Λ
1147 5138 1542 5213 ἀνθερίκων.

535 5206 646 5279 (99)
673 5206 945 5279 semp;
962 5208 1013 5279 Α,
1034 5206 1073 5259 Β
1105 5209 1313 5273 addunt
1352 5206 1505 5279 ἱρησεο

538 5276 650 5348 (Ψ)
685 5275 888 5348 ῘΑὸᾴμ.
914 5276 955 5329 Β
982 5276 1146 5348 delet.
1172 5279 1215 5332 A
1245 5282 1275 5332 ὁ
1306 5275 1497 5348 Ἀδάμ.

685 5344 1045 5421 ᾉνάξτειρον.
1147 5348 1198 5400 ot
1234 5344 1451 5421 άποροιξ
1491 5347 1534 5401 Β
1562 5349 1619 5402 αἱ
1656 5347 1892 5421 ἄπειροι.

686 5416 1026 5488 saetiger-0t,
1138 5414 1431 5488 γινόμενοι.

2136 4935 2316 5022 (ptigit
2462 4934 2561 5003 τῆς
2594 4932 2941 5022 ἀναστάσεως
2975 4929 3174 4999 πολλὴν
3208 4927 3533 4998 ἀποτομίαν.

2207 5005 2320 5077 (79)
2348 5006 2567 5057 Φύωσι.
2598 5003 2638 5054 Β
2666 5003 2861 5070 φυῶσι.
3682 5063 3705 5074 η

2207 5073 2632 5148 (79⁸)ῌΠολλῂν
2656 5104 2670 5110 -
2690 5074 2951 5148 κρῷνοις.
3004 5071 3059 5148 ΒΔ
3077 5066 3295 5148 ,Πολλῆς
3320 5066 3419 5148 τῇς
3444 5065 3592 5148 παρά
3613 5080 3717 5148 τοι)

2138 5135 2509 5217 γεὼργὸῦντος
2552 5135 2850 5212 θεραπείας
2893 5135 3407 5212 προσδέονταιπρδς
3444 5135 3711 5207 τδήμόλις

2139 5216 2270 5268 ποτὲ
2299 5217 2409 5268 τοῖς
2443 5212 2741 5268 καθήκουσι
2775 5210 3009 5268 γρὸνοις.

2139 5228 2270 5269 ποτε
2299 5228 2409 5269 τοις
2443 5228 2741 5269 καυηκουσι
2775 5228 3009 5269 γρονοις.

2235 5227 2270 5268 τε
2299 5227 2409 5277 τοῖς
2443 5227 2741 5284 καυηκουσι
2775 5227 2989 5281 χρονοις

2235 5284 2322 5352 80)
2365 5282 2613 5338 Ἐκεῖνο.
2644 5280 2684 5334 Β
2710 5282 2936 5352 ἐκεῖνον.

2235 5353 2325 5421 81)
2363 5353 2476 5407 Τὸν
2501 5353 2701 5421 νόθον.
2725 5352 2769 5403 Λ
2800 5351 2837 5403 Β
2865 5351 2925 5405 τὸ
2953 5353 3125 5407 νόθον.

2235 5419 2326 5491 82)
2354 5420 2620 5489 ἕλκησε-ᾔ.
2656 5419 2695 5472 Β
2730 5421 2954 5493 βλάστῃ.

701 5479 880 5563 ςιςχεὶ.
909 5487 953 5538 Α
992 5479 1201 5563 Β-ξξεί.
1262 5479 1276 5488 ’
2212 5479 2324 5563 (83)
2354 5479 2991 5563 ΣυμπεᾷιίξγλὶένανῗΛ
3027 5492 3066 5547 Β
3098 5509 3479 5563 συμπεπνιγμ.

540 5554 653 5631 (Ζί)
682 5557 1017 5631 (θεμέναν-ξφ·
1046 5555 1089 5607 Β
1117 5556 1369 5631 φύογμτφεο,
1440 5627 1452 5631 _
1485 5626 1496 5631 _
2213 5554 2323 5631 (se
2359 5554 2620 5629 vitam.
2651 5554 2944 5630 Βῖἒκταλῇ,

694 5624 1263 5699 ᾞξίζηιιός-τεςᾼβ
1289 5626 1527 5699 ὲξίτηλός
1562 5643 1662 5688 τις.
2213 5624 2325 5699 (85)
2361 5631 2445 5696 Τῷ
2465 5648 2522 5684 α.
2549 5624 2611 5684 σέ.
2638 5647 2702 5683 π.
2738 5624 2923 5685 delent
2949 5630 2991 5684 Λ
3021 5631 3081 5684 Β.

542 5695 654 5769 (Ξίὶ)
683 5693 983 5769 Minima
1011 5694 1050 5746 Β
1076 5695 1324 5769 ξμοάπερ
1340 5693 1476 5769 χᾴρο

2216 5693 2328 5769 (86)
2370 5693 2628 5768 Ἄδρλυνθ.
2676 5700 2950 5769 ’Δνδρυνθ.

684 5764 1047 5845 ιξεράσϐολςι-
1083 5765 1127 5845 If
1156 5764 1533 5845 κεραᾲὸᾴλὰια.
1619 5837 1627 5845 _
1774 5830 1798 5845 τ
1984 5837 2002 5845 __
2223 5764 2334 5845 (87)
2372 5764 2648 5826 Δέέὶσιν.
2685 5770 2729 5825 Α
2764 5764 3007 5826 Βόυίωι
3042 5772 3198 5824 εἰσιν.

546 5830 659 5905 (78)
700 5834 863 5887 Οὕτω
906 5834 1002 5887 καὶ
1056 5830 1237 5891 οὗτοιζ
1280 5835 1324 5890 Α
1362 5837 1418 5890 in
1462 5837 1705 5907 margine
1745 5830 1889 5889 οὗτοι
1941 5837 2043 5889 κᾶν
