  <div class='ocr_page' id='page_1' title='image "/cluster/home/n/w/nwhite01/storage/ocr_20150623/46/nnc1.0046978380/088.png"; bbox 0 0 4046 6350; ppageno 0'>
   <div class='ocr_carea' id='block_1_1' title="bbox 460 249 3704 326">
    <p class='ocr_par' dir='ltr' id='par_1_1' title="bbox 460 249 3704 326">
     <span class='ocr_line' id='line_1_1' title="bbox 460 249 3704 326; baseline -0.008 0"><span class='ocrx_word' id='word_1_1' title='bbox 460 271 553 326; x_wconf 71' lang='lat' dir='ltr'><strong>itit</strong></span> <span class='ocrx_word' id='word_1_2' title='bbox 1238 262 1324 316; x_wconf 85' lang='lat' dir='ltr'><strong>DE</strong></span> <span class='ocrx_word' id='word_1_3' title='bbox 1363 258 1780 317; x_wconf 80' lang='lat' dir='ltr'><strong>INFANTIBUS</strong></span> <span class='ocrx_word' id='word_1_4' title='bbox 1824 257 1941 326; x_wconf 89' lang='lat' dir='ltr'><strong>QUl</strong></span> <span class='ocrx_word' id='word_1_5' title='bbox 1969 251 2427 311; x_wconf 71' lang='lat' dir='ltr'><strong>PR/EMATURE</strong></span> <span class='ocrx_word' id='word_1_6' title='bbox 2466 251 2963 307; x_wconf 70' lang='lat' dir='ltr'><strong>ABRIPIUNTUR.</strong></span> <span class='ocrx_word' id='word_1_7' title='bbox 3598 249 3704 303; x_wconf 71' lang='lat'><strong>162</strong></span> 
     </span>
    </p>
   </div>
   <div class='ocr_carea' id='block_1_2' title="bbox 528 442 775 452">
    <p class='ocr_par' dir='ltr' id='par_1_2' title="bbox 528 442 775 452">
     <span class='ocr_line' id='line_1_2' title="bbox 528 442 775 452; baseline -0.008 0"><span class='ocrx_word' id='word_1_8' title='bbox 528 442 775 452; x_wconf 68' lang='grc' dir='ltr'><strong>..ν--ι-ο-</strong></span> 
     </span>
    </p>
   </div>
   <div class='ocr_carea' id='block_1_3' title="bbox 1710 558 2731 663">
    <p class='ocr_par' dir='ltr' id='par_1_3' title="bbox 1710 558 2731 663">
     <span class='ocr_line' id='line_1_3' title="bbox 1710 558 2731 663; baseline -0.012 0"><span class='ocrx_word' id='word_1_9' title='bbox 1710 575 1940 663; x_wconf 88' lang='grc' dir='ltr'><strong>ΤΟΥ</strong></span> <span class='ocrx_word' id='word_1_10' title='bbox 2013 558 2388 659; x_wconf 84' lang='grc' dir='ltr'>ΑΥΤΟΥ</span> <span class='ocrx_word' id='word_1_11' title='bbox 2622 646 2731 651; x_wconf 45' lang='grc' dir='ltr'>η,</span> 
     </span>
    </p>
   </div>
   <div class='ocr_carea' id='block_1_4' title="bbox 1203 735 2941 889">
    <p class='ocr_par' dir='ltr' id='par_1_4' title="bbox 1203 735 2941 889">
     <span class='ocr_line' id='line_1_4' title="bbox 1203 735 2941 889; baseline -0.006 0"><span class='ocrx_word' id='word_1_12' title='bbox 1203 775 1632 889; x_wconf 81' lang='grc' dir='ltr'><strong>ΠΕΡΙ</strong></span> <span class='ocrx_word' id='word_1_13' title='bbox 1754 771 2105 886; x_wconf 78' lang='grc' dir='ltr'><strong>ΤΩΝ</strong></span> <span class='ocrx_word' id='word_1_14' title='bbox 2244 735 2941 881; x_wconf 78' lang='grc' dir='ltr'><strong>ΝΗΠΙΩΝ</strong></span> 
     </span>
    </p>
   </div>
   <div class='ocr_carea' id='block_1_5' title="bbox 1584 980 2605 1046">
    <p class='ocr_par' dir='ltr' id='par_1_5' title="bbox 1584 980 2605 1046">
     <span class='ocr_line' id='line_1_5' title="bbox 1584 980 2605 1046; baseline -0.013 -2"><span class='ocrx_word' id='word_1_15' title='bbox 1584 990 1720 1044; x_wconf 85' lang='grc' dir='ltr'><strong>ΠΡΟ</strong></span> <span class='ocrx_word' id='word_1_16' title='bbox 1766 987 1941 1040; x_wconf 85' lang='grc' dir='ltr'><strong>ΩΡΛΣ</strong></span> <span class='ocrx_word' id='word_1_17' title='bbox 1962 980 2605 1046; x_wconf 75' lang='grc' dir='ltr'><strong>’ΛΦΛΡΠΛΖΟΜΕΝΩΝ,</strong></span> 
     </span>
    </p>
   </div>
   <div class='ocr_carea' id='block_1_6' title="bbox 1849 1139 2341 1195">
    <p class='ocr_par' dir='ltr' id='par_1_6' title="bbox 1849 1139 2341 1195">
     <span class='ocr_line' id='line_1_6' title="bbox 1849 1139 2341 1195; baseline -0.01 0"><span class='ocrx_word' id='word_1_18' title='bbox 1849 1142 2047 1195; x_wconf 83' lang='grc' dir='ltr'><strong>ΠΡΟΣ</strong></span> <span class='ocrx_word' id='word_1_19' title='bbox 2094 1140 2164 1193; x_wconf 82' lang='lat' dir='ltr'><strong>1E</strong></span> <span class='ocrx_word' id='word_1_20' title='bbox 2170 1139 2341 1193; x_wconf 79' lang='lat' dir='ltr'><strong>PION</strong></span> 
     </span>
    </p>
   </div>
   <div class='ocr_carea' id='block_1_7' title="bbox 1793 1283 2332 1477">
    <p class='ocr_par' dir='ltr' id='par_1_7' title="bbox 1793 1384 2329 1477">
     <span class='ocr_line' id='line_1_7' title="bbox 1793 1384 2329 1477; baseline -0.004 -2"><span class='ocrx_word' id='word_1_21' title='bbox 1793 1384 2329 1477; x_wconf 88' lang='lat' dir='ltr'><strong>EJUSDEM</strong></span> 
     </span>
    </p>
   </div>
   <div class='ocr_carea' id='block_1_8' title="bbox 1559 1556 2834 1747">
    <p class='ocr_par' dir='ltr' id='par_1_8' title="bbox 1559 1556 2834 1747">
     <span class='ocr_line' id='line_1_8' title="bbox 1559 1556 2834 1747; baseline -0.002 -33"><span class='ocrx_word' id='word_1_22' title='bbox 1559 1605 1739 1714; x_wconf 88' lang='lat' dir='ltr'><strong>DE</strong></span> <span class='ocrx_word' id='word_1_23' title='bbox 1821 1600 2733 1716; x_wconf 63' lang='lat' dir='ltr'><strong>INFANTIBUS&#39;</strong></span> <span class='ocrx_word' id='word_1_24' title='bbox 2820 1656 2834 1747; x_wconf 51' lang='grc' dir='ltr'>κ</span> 
     </span>
    </p>
   </div>
   <div class='ocr_carea' id='block_1_9' title="bbox 1458 1818 2711 1887">
    <p class='ocr_par' dir='ltr' id='par_1_9' title="bbox 1458 1818 2711 1887">
     <span class='ocr_line' id='line_1_9' title="bbox 1458 1818 2711 1887; baseline -0.002 -12"><span class='ocrx_word' id='word_1_25' title='bbox 1458 1820 1575 1887; x_wconf 79' lang='lat' dir='ltr'><strong>QUI</strong></span> <span class='ocrx_word' id='word_1_26' title='bbox 1661 1818 2117 1875; x_wconf 73' lang='lat' dir='ltr'><strong>PR/EMATURE</strong></span> <span class='ocrx_word' id='word_1_27' title='bbox 2217 1818 2711 1883; x_wconf 70' lang='lat' dir='ltr'><strong>ABllll’lUNTllli,</strong></span> 
     </span>
    </p>
   </div>
   <div class='ocr_carea' id='block_1_10' title="bbox 1861 1976 2362 2033">
    <p class='ocr_par' dir='ltr' id='par_1_10' title="bbox 1861 1976 2362 2033">
     <span class='ocr_line' id='line_1_10' title="bbox 1861 1976 2362 2033; baseline 0 -4"><span class='ocrx_word' id='word_1_28' title='bbox 1861 1980 1898 2029; x_wconf 88' lang='grc' dir='ltr'><strong><em>Λ</em></strong></span> <span class='ocrx_word' id='word_1_29' title='bbox 1917 1978 1959 2029; x_wconf 81' lang='grc' dir='ltr'>ι)</span> <span class='ocrx_word' id='word_1_30' title='bbox 2023 1976 2362 2033; x_wconf 77' lang='lat' dir='ltr'><strong>&quot;IERIUM.</strong></span> 
     </span>
    </p>
   </div>
   <div class='ocr_carea' id='block_1_11' title="bbox 1661 2136 2497 2205">
    <p class='ocr_par' dir='ltr' id='par_1_11' title="bbox 1661 2136 2497 2205">
     <span class='ocr_line' id='line_1_11' title="bbox 1661 2136 2497 2205; baseline -0.001 -16"><span class='ocrx_word' id='word_1_31' title='bbox 1661 2136 1944 2190; x_wconf 72' lang='lat' dir='ltr'><strong>Laurentio</strong></span> <span class='ocrx_word' id='word_1_32' title='bbox 1985 2137 2171 2205; x_wconf 74' lang='lat' dir='ltr'><strong>Sifano</strong></span> <span class='ocrx_word' id='word_1_33' title='bbox 2205 2140 2497 2204; x_wconf 66' lang='lat' dir='ltr'><strong>interprete.</strong></span> 
     </span>
    </p>
   </div>
   <div class='ocr_carea' id='block_1_12' title="bbox 536 2352 2134 2443">
    <p class='ocr_par' dir='ltr' id='par_1_12' title="bbox 536 2367 2112 2443">
     <span class='ocr_line' id='line_1_12' title="bbox 536 2367 2112 2443; baseline 0.002 -18"><span class='ocrx_word' id='word_1_34' title='bbox 536 2374 624 2425; x_wconf 77' lang='grc' dir='ltr'>Σοὶ</span> <span class='ocrx_word' id='word_1_35' title='bbox 658 2373 777 2442; x_wconf 82' lang='grc' dir='ltr'>μὲν,</span> <span class='ocrx_word' id='word_1_36' title='bbox 825 2367 870 2425; x_wconf 81' lang='grc' dir='ltr'>ὧ</span> <span class='ocrx_word' id='word_1_37' title='bbox 900 2373 1103 2443; x_wconf 71' lang='grc' dir='ltr'>ἄριστε,</span> <span class='ocrx_word' id='word_1_38' title='bbox 1152 2372 1351 2435; x_wconf 84' lang='grc' dir='ltr'>πάντες</span> <span class='ocrx_word' id='word_1_39' title='bbox 1386 2374 1633 2441; x_wconf 84' lang='grc' dir='ltr'>σοφισταί</span> <span class='ocrx_word' id='word_1_40' title='bbox 1663 2392 1719 2426; x_wconf 86' lang='grc' dir='ltr'><strong>τε</strong></span> <span class='ocrx_word' id='word_1_41' title='bbox 1759 2374 1854 2427; x_wconf 73' lang='grc' dir='ltr'><strong>καὶ</strong></span> <span class='ocrx_word' id='word_1_42' title='bbox 1884 2374 2039 2442; x_wconf 83' lang='grc' dir='ltr'>λογο-</span> <span class='ocrx_word' id='word_1_43' title='bbox 2068 2380 2112 2437; x_wconf 80' lang='grc' dir='ltr'>Α</span> 
     </span>
    </p>
   </div>
   <div class='ocr_carea' id='block_1_13' title="bbox 2117 2352 3715 2443">
    <p class='ocr_par' dir='ltr' id='par_1_13' title="bbox 2216 2368 3715 2440">
     <span class='ocr_line' id='line_1_13' title="bbox 2216 2368 3715 2440; baseline 0.002 -17"><span class='ocrx_word' id='word_1_44' title='bbox 2216 2370 2438 2425; x_wconf 79' lang='lat' dir='ltr'><strong>Dicendi</strong></span> <span class='ocrx_word' id='word_1_45' title='bbox 2482 2369 2703 2439; x_wconf 80' lang='lat' dir='ltr'><strong>quidem</strong></span> <span class='ocrx_word' id='word_1_46' title='bbox 2736 2369 2868 2433; x_wconf 80' lang='lat' dir='ltr'><strong>vim,</strong></span> <span class='ocrx_word' id='word_1_47' title='bbox 2904 2384 3009 2439; x_wconf 90' lang='lat' dir='ltr'><strong>qua</strong></span> <span class='ocrx_word' id='word_1_48' title='bbox 3046 2368 3277 2440; x_wconf 90' lang='lat' dir='ltr'><strong>quisque</strong></span> <span class='ocrx_word' id='word_1_49' title='bbox 3304 2368 3564 2439; x_wconf 66' lang='lat' dir='ltr'><strong>praeditus</strong></span> <span class='ocrx_word' id='word_1_50' title='bbox 3602 2371 3715 2426; x_wconf 79' lang='lat' dir='ltr'><strong>fue-</strong></span> 
     </span>
    </p>
   </div>
   <div class='ocr_carea' id='block_1_14' title="bbox 467 2462 2065 2535">
    <p class='ocr_par' dir='ltr' id='par_1_14' title="bbox 467 2462 2036 2535">
     <span class='ocr_line' id='line_1_14' title="bbox 467 2462 2036 2535; baseline 0.001 -20"><span class='ocrx_word' id='word_1_51' title='bbox 467 2465 664 2534; x_wconf 81' lang='grc' dir='ltr'>γράφοι</span> <span class='ocrx_word' id='word_1_52' title='bbox 698 2465 796 2535; x_wconf 83' lang='grc' dir='ltr'>τὴν</span> <span class='ocrx_word' id='word_1_53' title='bbox 828 2462 920 2516; x_wconf 85' lang='grc' dir='ltr'>τοῦ</span> <span class='ocrx_word' id='word_1_54' title='bbox 954 2464 1131 2531; x_wconf 79' lang='grc' dir='ltr'>λέγειν</span> <span class='ocrx_word' id='word_1_55' title='bbox 1164 2464 1376 2525; x_wconf 78' lang='grc' dir='ltr'>πάντως</span> <span class='ocrx_word' id='word_1_56' title='bbox 1407 2465 1763 2529; x_wconf 79' lang='grc' dir='ltr'>ἐπιδείξονται</span> <span class='ocrx_word' id='word_1_57' title='bbox 1788 2466 2036 2534; x_wconf 87' lang='grc' dir='ltr'>δύναμιν,</span> 
     </span>
    </p>
   </div>
   <div class='ocr_carea' id='block_1_15' title="bbox 2113 2462 3711 2535">
    <p class='ocr_par' dir='ltr' id='par_1_15' title="bbox 2144 2463 3711 2532">
     <span class='ocr_line' id='line_1_15' title="bbox 2144 2463 3711 2532; baseline 0.002 -17"><span class='ocrx_word' id='word_1_58' title='bbox 2144 2464 2236 2527; x_wconf 84' lang='lat' dir='ltr'><strong>rit,</strong></span> <span class='ocrx_word' id='word_1_59' title='bbox 2282 2476 2471 2515; x_wconf 82' lang='lat' dir='ltr'><strong>omnes</strong></span> <span class='ocrx_word' id='word_1_60' title='bbox 2511 2470 2565 2514; x_wconf 84' lang='lat' dir='ltr'><strong>et</strong></span> <span class='ocrx_word' id='word_1_61' title='bbox 2612 2469 2860 2515; x_wconf 88' lang='lat' dir='ltr'><strong>oratores</strong></span> <span class='ocrx_word' id='word_1_62' title='bbox 2894 2472 2947 2514; x_wconf 90' lang='lat' dir='ltr'><strong>et</strong></span> <span class='ocrx_word' id='word_1_63' title='bbox 3000 2477 3182 2515; x_wconf 88' lang='lat' dir='ltr'><strong>rerum</strong></span> <span class='ocrx_word' id='word_1_64' title='bbox 3234 2463 3528 2532; x_wconf 87' lang='lat' dir='ltr'><strong>scriptores</strong></span> <span class='ocrx_word' id='word_1_65' title='bbox 3571 2464 3711 2518; x_wconf 84' lang='lat' dir='ltr'><strong>haud</strong></span> 
     </span>
    </p>
   </div>
   <div class='ocr_carea' id='block_1_16' title="bbox 467 2551 2065 2625">
    <p class='ocr_par' dir='ltr' id='par_1_16' title="bbox 467 2552 2045 2625">
     <span class='ocr_line' id='line_1_16' title="bbox 467 2552 2045 2625; baseline -0.001 -17"><span class='ocrx_word' id='word_1_66' title='bbox 467 2552 574 2608; x_wconf 75' lang='grc' dir='ltr'>οἷόν</span> <span class='ocrx_word' id='word_1_67' title='bbox 598 2573 702 2608; x_wconf 91' lang='grc' dir='ltr'>τινι</span> <span class='ocrx_word' id='word_1_68' title='bbox 736 2555 931 2625; x_wconf 79' lang='grc' dir='ltr'>σταδίῳ</span> <span class='ocrx_word' id='word_1_69' title='bbox 959 2554 1035 2623; x_wconf 79' lang='grc' dir='ltr'>τῷ</span> <span class='ocrx_word' id='word_1_70' title='bbox 1065 2556 1255 2607; x_wconf 82' lang='grc' dir='ltr'>πλάτει</span> <span class='ocrx_word' id='word_1_71' title='bbox 1273 2556 1380 2608; x_wconf 87' lang='grc' dir='ltr'><strong>τῶν</strong></span> <span class='ocrx_word' id='word_1_72' title='bbox 1412 2556 1518 2606; x_wconf 85' lang='grc' dir='ltr'><strong>σῶν</strong></span> <span class='ocrx_word' id='word_1_73' title='bbox 1551 2555 1842 2624; x_wconf 80' lang='grc' dir='ltr'><strong>θαυμάτων</strong></span> <span class='ocrx_word' id='word_1_74' title='bbox 1872 2556 2045 2607; x_wconf 68' lang='grc' dir='ltr'>ἐνδιαι-</span> 
     </span>
    </p>
   </div>
   <div class='ocr_carea' id='block_1_17' title="bbox 2114 2551 3712 2625">
    <p class='ocr_par' dir='ltr' id='par_1_17' title="bbox 2143 2551 3712 2624">
     <span class='ocr_line' id='line_1_17' title="bbox 2143 2551 3712 2624; baseline -0.001 -18"><span class='ocrx_word' id='word_1_75' title='bbox 2143 2553 2432 2607; x_wconf 84' lang='lat' dir='ltr'><strong>dillicnlter</strong></span> <span class='ocrx_word' id='word_1_76' title='bbox 2463 2551 2580 2613; x_wconf 80' lang='lat' dir='ltr'><strong>tibi,</strong></span> <span class='ocrx_word' id='word_1_77' title='bbox 2617 2565 2651 2605; x_wconf 81' lang='grc' dir='ltr'><strong>ο</strong></span> <span class='ocrx_word' id='word_1_78' title='bbox 2681 2552 2760 2603; x_wconf 86' lang='lat' dir='ltr'><strong>vir</strong></span> <span class='ocrx_word' id='word_1_79' title='bbox 2803 2552 3028 2620; x_wconf 87' lang='lat' dir='ltr'><strong>optime,</strong></span> <span class='ocrx_word' id='word_1_80' title='bbox 3060 2553 3224 2606; x_wconf 84' lang='lat' dir='ltr'><strong>veluti</strong></span> <span class='ocrx_word' id='word_1_81' title='bbox 3263 2553 3315 2605; x_wconf 92' lang='lat' dir='ltr'><strong>in</strong></span> <span class='ocrx_word' id='word_1_82' title='bbox 3359 2552 3534 2608; x_wconf 89' lang='lat' dir='ltr'><strong>stadio</strong></span> <span class='ocrx_word' id='word_1_83' title='bbox 3575 2570 3712 2624; x_wconf 88' lang='lat' dir='ltr'><strong>quo-</strong></span> 
     </span>
    </p>
   </div>
   <div class='ocr_carea' id='block_1_18' title="bbox 469 2640 2067 2716">
    <p class='ocr_par' dir='ltr' id='par_1_18' title="bbox 469 2640 2045 2716">
     <span class='ocr_line' id='line_1_18' title="bbox 469 2640 2045 2716; baseline 0 -18"><span class='ocrx_word' id='word_1_84' title='bbox 469 2646 699 2708; x_wconf 82' lang='grc' dir='ltr'>θέοντες.</span> <span class='ocrx_word' id='word_1_85' title='bbox 739 2646 849 2698; x_wconf 76' lang='grc' dir='ltr'><strong>Καὶ</strong></span> <span class='ocrx_word' id='word_1_86' title='bbox 878 2644 987 2713; x_wconf 87' lang='grc' dir='ltr'><strong>γάρ</strong></span> <span class='ocrx_word' id='word_1_87' title='bbox 1026 2662 1140 2706; x_wconf 89' lang='grc' dir='ltr'><strong>πως</strong></span> <span class='ocrx_word' id='word_1_88' title='bbox 1170 2640 1306 2696; x_wconf 83' lang='grc' dir='ltr'>οἶδεν</span> <span class='ocrx_word' id='word_1_89' title='bbox 1336 2645 1843 2716; x_wconf 85' lang='grc' dir='ltr'>μεγαλοφωνότερον</span> <span class='ocrx_word' id='word_1_90' title='bbox 1872 2648 2045 2698; x_wconf 86' lang='grc' dir='ltr'>ποιεῖν</span> 
     </span>
    </p>
   </div>
   <div class='ocr_carea' id='block_1_19' title="bbox 2116 2640 3714 2716">
    <p class='ocr_par' dir='ltr' id='par_1_19' title="bbox 2145 2643 3714 2713">
     <span class='ocr_line' id='line_1_19' title="bbox 2145 2643 3714 2713; baseline 0.002 -16"><span class='ocrx_word' id='word_1_91' title='bbox 2145 2644 2267 2697; x_wconf 88' lang='lat' dir='ltr'><strong>dam</strong></span> <span class='ocrx_word' id='word_1_92' title='bbox 2323 2658 2417 2713; x_wconf 88' lang='lat' dir='ltr'><strong>per</strong></span> <span class='ocrx_word' id='word_1_93' title='bbox 2454 2643 2869 2710; x_wconf 67' lang='lat' dir='ltr'><strong>amplitudinem</strong></span> <span class='ocrx_word' id='word_1_94' title='bbox 2917 2643 3307 2697; x_wconf 77' lang='lat' dir='ltr'><strong>miraculorum</strong></span> <span class='ocrx_word' id='word_1_95' title='bbox 3348 2653 3565 2699; x_wconf 87' lang='lat' dir='ltr'><strong>tuorum</strong></span> <span class='ocrx_word' id='word_1_96' title='bbox 3602 2645 3714 2700; x_wconf 86' lang='lat' dir='ltr'><strong>dis-</strong></span> 
     </span>
    </p>
   </div>
   <div class='ocr_carea' id='block_1_20' title="bbox 468 2732 2066 2805">
    <p class='ocr_par' dir='ltr' id='par_1_20' title="bbox 468 2734 2047 2805">
     <span class='ocr_line' id='line_1_20' title="bbox 468 2734 2047 2805; baseline -0.001 -16"><span class='ocrx_word' id='word_1_97' title='bbox 468 2738 557 2789; x_wconf 83' lang='grc' dir='ltr'><strong>τὸν</strong></span> <span class='ocrx_word' id='word_1_98' title='bbox 588 2736 741 2804; x_wconf 83' lang='grc' dir='ltr'>λόγον</span> <span class='ocrx_word' id='word_1_99' title='bbox 770 2736 991 2803; x_wconf 80' lang='grc' dir='ltr'>γενναία</span> <span class='ocrx_word' id='word_1_100' title='bbox 1020 2753 1103 2797; x_wconf 88' lang='grc' dir='ltr'><strong>τις</strong></span> <span class='ocrx_word' id='word_1_101' title='bbox 1131 2735 1450 2805; x_wconf 81' lang='grc' dir='ltr'>ἀμφιλαφὴς</span> <span class='ocrx_word' id='word_1_102' title='bbox 1478 2734 1799 2805; x_wconf 84' lang='grc' dir='ltr'>προτεθεῖσα</span> <span class='ocrx_word' id='word_1_103' title='bbox 1823 2738 1935 2799; x_wconf 87' lang='grc' dir='ltr'>τοῖς</span> <span class='ocrx_word' id='word_1_104' title='bbox 1959 2736 2047 2788; x_wconf 89' lang='grc' dir='ltr'>δυ-</span> 
     </span>
    </p>
   </div>
   <div class='ocr_carea' id='block_1_21' title="bbox 2119 2732 3717 2805">
    <p class='ocr_par' dir='ltr' id='par_1_21' title="bbox 2145 2732 3717 2804">
     <span class='ocr_line' id='line_1_21' title="bbox 2145 2732 3717 2804; baseline 0.001 -15"><span class='ocrx_word' id='word_1_105' title='bbox 2145 2742 2433 2789; x_wconf 88' lang='lat' dir='ltr'><strong>currentes</strong></span> <span class='ocrx_word' id='word_1_106' title='bbox 2490 2733 2678 2801; x_wconf 88' lang='lat' dir='ltr'><strong>utique</strong></span> <span class='ocrx_word' id='word_1_107' title='bbox 2719 2732 3174 2787; x_wconf 79' lang='lat' dir='ltr'><strong>demenstrahunt</strong></span> <span class='ocrx_word' id='word_1_108' title='bbox 3210 2751 3225 2788; x_wconf 89' lang='lat'><strong>:</strong></span> <span class='ocrx_word' id='word_1_109' title='bbox 3255 2736 3457 2789; x_wconf 88' lang='lat' dir='ltr'><strong>etenim</strong></span> <span class='ocrx_word' id='word_1_110' title='bbox 3500 2737 3717 2804; x_wconf 72' lang='lat' dir='ltr'><strong>pra-cla-</strong></span> 
     </span>
    </p>
   </div>
   <div class='ocr_carea' id='block_1_22' title="bbox 470 2824 2068 2899">
    <p class='ocr_par' dir='ltr' id='par_1_22' title="bbox 470 2824 2046 2896">
     <span class='ocr_line' id='line_1_22' title="bbox 470 2824 2046 2896; baseline -0.001 -17"><span class='ocrx_word' id='word_1_111' title='bbox 470 2827 718 2895; x_wconf 83' lang='grc' dir='ltr'>ναμένοις</span> <span class='ocrx_word' id='word_1_112' title='bbox 754 2826 1028 2888; x_wconf 81' lang='grc' dir='ltr'>ὑπόθεσις,</span> <span class='ocrx_word' id='word_1_113' title='bbox 1060 2826 1188 2895; x_wconf 77' lang='grc' dir='ltr'>περὶ</span> <span class='ocrx_word' id='word_1_114' title='bbox 1216 2825 1285 2894; x_wconf 82' lang='grc' dir='ltr'>ἢν</span> <span class='ocrx_word' id='word_1_115' title='bbox 1319 2824 1545 2894; x_wconf 74' lang='grc' dir='ltr'>ὑψοῦται</span> <span class='ocrx_word' id='word_1_116' title='bbox 1571 2826 1599 2875; x_wconf 89' lang='grc' dir='ltr'>ὁ</span> <span class='ocrx_word' id='word_1_117' title='bbox 1636 2826 1810 2894; x_wconf 84' lang='grc' dir='ltr'>λόγος,</span> <span class='ocrx_word' id='word_1_118' title='bbox 1843 2825 1922 2895; x_wconf 85' lang='grc' dir='ltr'>τῷ</span> <span class='ocrx_word' id='word_1_119' title='bbox 1952 2843 2046 2896; x_wconf 83' lang='grc' dir='ltr'>με-</span> 
     </span>
    </p>
   </div>
   <div class='ocr_carea' id='block_1_23' title="bbox 2117 2824 3715 2899">
    <p class='ocr_par' dir='ltr' id='par_1_23' title="bbox 2146 2826 3715 2899">
     <span class='ocr_line' id='line_1_23' title="bbox 2146 2826 3715 2899; baseline 0.001 -18"><span class='ocrx_word' id='word_1_120' title='bbox 2146 2843 2268 2881; x_wconf 88' lang='lat' dir='ltr'><strong>rum</strong></span> <span class='ocrx_word' id='word_1_121' title='bbox 2300 2834 2353 2878; x_wconf 74' lang='lat' dir='ltr'><strong>cl.</strong></span> <span class='ocrx_word' id='word_1_122' title='bbox 2381 2827 2662 2895; x_wconf 80' lang='lat' dir='ltr'><strong>egregium</strong></span> <span class='ocrx_word' id='word_1_123' title='bbox 2690 2827 3086 2894; x_wconf 80' lang='lat' dir='ltr'><strong>copiosumque</strong></span> <span class='ocrx_word' id='word_1_124' title='bbox 3116 2826 3332 2880; x_wconf 88' lang='lat' dir='ltr'><strong>dicendi</strong></span> <span class='ocrx_word' id='word_1_125' title='bbox 3366 2827 3558 2897; x_wconf 89' lang='lat' dir='ltr'><strong>peritis</strong></span> <span class='ocrx_word' id='word_1_126' title='bbox 3590 2845 3715 2899; x_wconf 81' lang='lat' dir='ltr'><strong>pro-</strong></span> 
     </span>
    </p>
   </div>
   <div class='ocr_carea' id='block_1_24' title="bbox 471 2916 2069 2990">
    <p class='ocr_par' dir='ltr' id='par_1_24' title="bbox 471 2916 2046 2987">
     <span class='ocr_line' id='line_1_24' title="bbox 471 2916 2046 2987; baseline 0 -18"><span class='ocrx_word' id='word_1_127' title='bbox 471 2917 622 2985; x_wconf 85' lang='grc' dir='ltr'>γέθει</span> <span class='ocrx_word' id='word_1_128' title='bbox 666 2917 773 2969; x_wconf 89' lang='grc' dir='ltr'><strong>τῶν</strong></span> <span class='ocrx_word' id='word_1_129' title='bbox 811 2916 1151 2987; x_wconf 81' lang='grc' dir='ltr'>πραγμάτων</span> <span class='ocrx_word' id='word_1_130' title='bbox 1198 2916 1675 2987; x_wconf 83' lang='grc' dir='ltr'>συνεπαιρόμενος.</span> <span class='ocrx_word' id='word_1_131' title='bbox 1754 2916 1945 2985; x_wconf 84' lang='grc' dir='ltr'><strong>Ἡμεῖς</strong></span> <span class='ocrx_word' id='word_1_132' title='bbox 1989 2917 2046 2969; x_wconf 86' lang='grc' dir='ltr'>δὲ</span> 
     </span>
    </p>
   </div>
   <div class='ocr_carea' id='block_1_25' title="bbox 2115 2916 3713 2990">
    <p class='ocr_par' dir='ltr' id='par_1_25' title="bbox 2151 2918 3713 2990">
     <span class='ocr_line' id='line_1_25' title="bbox 2151 2918 3713 2990; baseline 0.001 -19"><span class='ocrx_word' id='word_1_133' title='bbox 2151 2919 2391 2988; x_wconf 90' lang='lat' dir='ltr'><strong>positum</strong></span> <span class='ocrx_word' id='word_1_134' title='bbox 2431 2923 2808 2987; x_wconf 82' lang='lat' dir='ltr'><strong>argumentum</strong></span> <span class='ocrx_word' id='word_1_135' title='bbox 2842 2918 3073 2986; x_wconf 82' lang='lat' dir='ltr'><strong>erigere,</strong></span> <span class='ocrx_word' id='word_1_136' title='bbox 3106 2925 3159 2971; x_wconf 90' lang='lat' dir='ltr'><strong>et</strong></span> <span class='ocrx_word' id='word_1_137' title='bbox 3193 2933 3298 2971; x_wconf 90' lang='lat' dir='ltr'><strong>una</strong></span> <span class='ocrx_word' id='word_1_138' title='bbox 3343 2934 3465 2972; x_wconf 90' lang='lat' dir='ltr'><strong>cum</strong></span> <span class='ocrx_word' id='word_1_139' title='bbox 3501 2923 3713 2990; x_wconf 84' lang='lat' dir='ltr'><strong>magni-</strong></span> 
     </span>
    </p>
   </div>
   <div class='ocr_carea' id='block_1_26' title="bbox 472 3005 2070 3082">
    <p class='ocr_par' dir='ltr' id='par_1_26' title="bbox 472 3005 2046 3078">
     <span class='ocr_line' id='line_1_26' title="bbox 472 3005 2046 3078; baseline -0.001 -18"><span class='ocrx_word' id='word_1_140' title='bbox 472 3009 612 3061; x_wconf 73' lang='grc' dir='ltr'>κατὰ</span> <span class='ocrx_word' id='word_1_141' title='bbox 634 3009 759 3072; x_wconf 78' lang='grc' dir='ltr'>τοὺς</span> <span class='ocrx_word' id='word_1_142' title='bbox 786 3010 1043 3078; x_wconf 76' lang='grc' dir='ltr'>γηραιοὺς</span> <span class='ocrx_word' id='word_1_143' title='bbox 1088 3008 1196 3060; x_wconf 87' lang='grc' dir='ltr'><strong>τῶν</strong></span> <span class='ocrx_word' id='word_1_144' title='bbox 1237 3008 1420 3061; x_wconf 84' lang='grc' dir='ltr'>ἵππων</span> <span class='ocrx_word' id='word_1_145' title='bbox 1453 3006 1556 3071; x_wconf 71' lang='grc' dir='ltr'>ἔξω</span> <span class='ocrx_word' id='word_1_146' title='bbox 1583 3005 1677 3058; x_wconf 82' lang='grc' dir='ltr'><strong>τοῦ</strong></span> <span class='ocrx_word' id='word_1_147' title='bbox 1708 3007 1920 3059; x_wconf 79' lang='grc' dir='ltr'>σταδίου</span> <span class='ocrx_word' id='word_1_148' title='bbox 1948 3007 2046 3077; x_wconf 76' lang='grc' dir='ltr'><strong>τῆς</strong></span> 
     </span>
    </p>
   </div>
   <div class='ocr_carea' id='block_1_27' title="bbox 2115 3005 3713 3082">
    <p class='ocr_par' dir='ltr' id='par_1_27' title="bbox 2147 3008 3713 3082">
     <span class='ocr_line' id='line_1_27' title="bbox 2147 3008 3713 3082; baseline 0.003 -19"><span class='ocrx_word' id='word_1_149' title='bbox 2147 3013 2340 3064; x_wconf 88' lang='lat' dir='ltr'><strong>tudine</strong></span> <span class='ocrx_word' id='word_1_150' title='bbox 2388 3025 2571 3064; x_wconf 85' lang='lat' dir='ltr'><strong>rerum</strong></span> <span class='ocrx_word' id='word_1_151' title='bbox 2617 3008 2776 3078; x_wconf 86' lang='lat' dir='ltr'><strong>quasi</strong></span> <span class='ocrx_word' id='word_1_152' title='bbox 2834 3010 2888 3061; x_wconf 91' lang='lat' dir='ltr'><strong>in</strong></span> <span class='ocrx_word' id='word_1_153' title='bbox 2952 3010 3121 3063; x_wconf 90' lang='lat' dir='ltr'><strong>altum</strong></span> <span class='ocrx_word' id='word_1_154' title='bbox 3169 3011 3396 3073; x_wconf 90' lang='lat' dir='ltr'><strong>tollere,</strong></span> <span class='ocrx_word' id='word_1_155' title='bbox 3438 3019 3493 3066; x_wconf 91' lang='lat' dir='ltr'><strong>et</strong></span> <span class='ocrx_word' id='word_1_156' title='bbox 3538 3014 3713 3082; x_wconf 79' lang='lat' dir='ltr'><strong>magis</strong></span> 
     </span>
    </p>
   </div>
   <div class='ocr_carea' id='block_1_28' title="bbox 474 3093 2072 3169">
    <p class='ocr_par' dir='ltr' id='par_1_28' title="bbox 474 3093 2047 3169">
     <span class='ocr_line' id='line_1_28' title="bbox 474 3093 2047 3169; baseline -0.003 -18"><span class='ocrx_word' id='word_1_157' title='bbox 474 3099 778 3162; x_wconf 80' lang='grc' dir='ltr'>ὑποθέσεως</span> <span class='ocrx_word' id='word_1_158' title='bbox 812 3099 1086 3169; x_wconf 86' lang='grc' dir='ltr'>μένοντες,</span> <span class='ocrx_word' id='word_1_159' title='bbox 1124 3100 1185 3150; x_wconf 77' lang='grc' dir='ltr'><strong>τὸ</strong></span> <span class='ocrx_word' id='word_1_160' title='bbox 1230 3093 1324 3160; x_wconf 83' lang='grc' dir='ltr'><strong>οὖς</strong></span> <span class='ocrx_word' id='word_1_161' title='bbox 1357 3098 1515 3167; x_wconf 89' lang='grc' dir='ltr'>μόνον</span> <span class='ocrx_word' id='word_1_162' title='bbox 1554 3098 1675 3159; x_wconf 86' lang='grc' dir='ltr'>ταῖς</span> <span class='ocrx_word' id='word_1_163' title='bbox 1706 3097 1797 3148; x_wconf 83' lang='grc' dir='ltr'>ἐπὶ</span> <span class='ocrx_word' id='word_1_164' title='bbox 1836 3098 1917 3148; x_wconf 77' lang='grc' dir='ltr'><strong>σοὶ</strong></span> <span class='ocrx_word' id='word_1_165' title='bbox 1940 3096 2047 3148; x_wconf 86' lang='grc' dir='ltr'><strong>τῶν</strong></span> 
     </span>
    </p>
   </div>
   <div class='ocr_carea' id='block_1_29' title="bbox 2118 3093 3716 3169">
    <p class='ocr_par' dir='ltr' id='par_1_29' title="bbox 2146 3099 3716 3169">
     <span class='ocr_line' id='line_1_29' title="bbox 2146 3099 3716 3169; baseline 0.003 -18"><span class='ocrx_word' id='word_1_166' title='bbox 2146 3100 2551 3169; x_wconf 80' lang='lat' dir='ltr'><strong>quodanunodo</strong></span> <span class='ocrx_word' id='word_1_167' title='bbox 2583 3099 3005 3169; x_wconf 82' lang='lat' dir='ltr'><strong>grandiloquanr</strong></span> <span class='ocrx_word' id='word_1_168' title='bbox 3028 3109 3191 3169; x_wconf 89' lang='lat' dir='ltr'><strong>atque</strong></span> <span class='ocrx_word' id='word_1_169' title='bbox 3221 3115 3475 3155; x_wconf 85' lang='lat' dir='ltr'><strong>sonoram</strong></span> <span class='ocrx_word' id='word_1_170' title='bbox 3501 3102 3716 3156; x_wconf 85' lang='lat' dir='ltr'><strong>ellicere</strong></span> 
     </span>
    </p>
   </div>
   <div class='ocr_carea' id='block_1_30' title="bbox 471 3175 2069 3262">
    <p class='ocr_par' dir='ltr' id='par_1_30' title="bbox 471 3175 2047 3259">
     <span class='ocr_line' id='line_1_30' title="bbox 471 3175 2047 3259; baseline -0.002 -17"><span class='ocrx_word' id='word_1_171' title='bbox 471 3190 641 3258; x_wconf 72' lang='grc' dir='ltr'>λόγων</span> <span class='ocrx_word' id='word_1_172' title='bbox 674 3175 925 3259; x_wconf 81' lang='grc' dir='ltr'><strong>ἁμίλλαις</strong></span> <span class='ocrx_word' id='word_1_173' title='bbox 946 3190 1393 3259; x_wconf 84' lang='grc' dir='ltr'>διαναστήσομεν,</span> <span class='ocrx_word' id='word_1_174' title='bbox 1422 3188 1475 3240; x_wconf 76' lang='grc' dir='ltr'>εἴ</span> <span class='ocrx_word' id='word_1_175' title='bbox 1493 3187 1596 3241; x_wconf 89' lang='grc' dir='ltr'><strong>πού</strong></span> <span class='ocrx_word' id='word_1_176' title='bbox 1620 3204 1703 3250; x_wconf 88' lang='grc' dir='ltr'><strong>τις</strong></span> <span class='ocrx_word' id='word_1_177' title='bbox 1732 3189 1827 3241; x_wconf 71' lang='grc' dir='ltr'><strong>καὶ</strong></span> <span class='ocrx_word' id='word_1_178' title='bbox 1858 3188 2047 3258; x_wconf 79' lang='grc' dir='ltr'>μέχρις</span> 
     </span>
    </p>
   </div>
   <div class='ocr_carea' id='block_1_31' title="bbox 2115 3175 3713 3262">
    <p class='ocr_par' dir='ltr' id='par_1_31' title="bbox 2149 3189 3713 3262">
     <span class='ocr_line' id='line_1_31' title="bbox 2149 3189 3713 3262; baseline 0 -16"><span class='ocrx_word' id='word_1_179' title='bbox 2149 3193 2287 3246; x_wconf 84' lang='lat' dir='ltr'><strong>solet</strong></span> <span class='ocrx_word' id='word_1_180' title='bbox 2338 3192 2663 3244; x_wconf 82' lang='lat' dir='ltr'><strong>orationem.</strong></span> <span class='ocrx_word' id='word_1_181' title='bbox 2714 3189 2826 3246; x_wconf 78' lang='lat' dir='ltr'><strong>Nos</strong></span> <span class='ocrx_word' id='word_1_182' title='bbox 2866 3205 2997 3244; x_wconf 87' lang='lat' dir='ltr'><strong>vero</strong></span> <span class='ocrx_word' id='word_1_183' title='bbox 3049 3201 3306 3259; x_wconf 81' lang='lat' dir='ltr'><strong>tanquam</strong></span> <span class='ocrx_word' id='word_1_184' title='bbox 3367 3192 3495 3262; x_wconf 82' lang='lat' dir='ltr'><strong>equi</strong></span> <span class='ocrx_word' id='word_1_185' title='bbox 3549 3193 3713 3247; x_wconf 85' lang='lat' dir='ltr'><strong>veluti</strong></span> 
     </span>
    </p>
   </div>
   <div class='ocr_carea' id='block_1_32' title="bbox 474 3278 2072 3352">
    <p class='ocr_par' dir='ltr' id='par_1_32' title="bbox 474 3278 2050 3352">
     <span class='ocr_line' id='line_1_32' title="bbox 474 3278 2050 3352; baseline -0.003 -18"><span class='ocrx_word' id='word_1_186' title='bbox 474 3282 630 3352; x_wconf 73' lang='grc' dir='ltr'>ἡμῶν</span> <span class='ocrx_word' id='word_1_187' title='bbox 675 3282 930 3351; x_wconf 76' lang='grc' dir='ltr'>φθάσειεν</span> <span class='ocrx_word' id='word_1_188' title='bbox 980 3278 1147 3351; x_wconf 71' lang='grc' dir='ltr'>ἦχος,</span> <span class='ocrx_word' id='word_1_189' title='bbox 1198 3280 1273 3350; x_wconf 78' lang='grc' dir='ltr'>τῷ</span> <span class='ocrx_word' id='word_1_190' title='bbox 1313 3279 1527 3351; x_wconf 78' lang='grc' dir='ltr'>σφοδρῷ</span> <span class='ocrx_word' id='word_1_191' title='bbox 1571 3296 1633 3333; x_wconf 87' lang='grc' dir='ltr'><strong>τε</strong></span> <span class='ocrx_word' id='word_1_192' title='bbox 1665 3279 1758 3331; x_wconf 80' lang='grc' dir='ltr'><strong>καὶ</strong></span> <span class='ocrx_word' id='word_1_193' title='bbox 1800 3296 2050 3331; x_wconf 88' lang='grc' dir='ltr'>συντετα-</span> 
     </span>
    </p>
   </div>
   <div class='ocr_carea' id='block_1_33' title="bbox 2116 3278 3714 3352">
    <p class='ocr_par' dir='ltr' id='par_1_33' title="bbox 2147 3281 3714 3351">
     <span class='ocr_line' id='line_1_33' title="bbox 2147 3281 3714 3351; baseline 0.001 -16"><span class='ocrx_word' id='word_1_194' title='bbox 2147 3291 2302 3335; x_wconf 76' lang='lat' dir='ltr'><strong>extra</strong></span> <span class='ocrx_word' id='word_1_195' title='bbox 2350 3282 2585 3335; x_wconf 82' lang='lat' dir='ltr'><strong>stadium</strong></span> <span class='ocrx_word' id='word_1_196' title='bbox 2626 3281 2929 3351; x_wconf 87' lang='lat' dir='ltr'><strong>argumenti</strong></span> <span class='ocrx_word' id='word_1_197' title='bbox 2979 3290 3282 3345; x_wconf 89' lang='lat' dir='ltr'><strong>manentes,</strong></span> <span class='ocrx_word' id='word_1_198' title='bbox 3332 3297 3520 3337; x_wconf 90' lang='lat' dir='ltr'><strong>aurem</strong></span> <span class='ocrx_word' id='word_1_199' title='bbox 3573 3284 3714 3337; x_wconf 76' lang='lat' dir='ltr'><strong>dun-</strong></span> 
     </span>
    </p>
   </div>
   <div class='ocr_carea' id='block_1_34' title="bbox 426 3368 2024 3445">
    <p class='ocr_par' dir='ltr' id='par_1_34' title="bbox 426 3370 2024 3445">
     <span class='ocr_line' id='line_1_34' title="bbox 426 3370 2024 3445; baseline -0.004 -17"><span class='ocrx_word' id='word_1_200' title='bbox 426 3440 429 3445; x_wconf 26' lang='grc' dir='ltr'><strong>λ</strong></span> <span class='ocrx_word' id='word_1_201' title='bbox 478 3376 623 3444; x_wconf 82' lang='grc' dir='ltr'>μένῳ</span> <span class='ocrx_word' id='word_1_202' title='bbox 668 3375 743 3444; x_wconf 80' lang='grc' dir='ltr'><strong>τῷ</strong></span> <span class='ocrx_word' id='word_1_203' title='bbox 776 3374 981 3444; x_wconf 72' lang='grc' dir='ltr'>ἅρματι</span> <span class='ocrx_word' id='word_1_204' title='bbox 1022 3373 1109 3426; x_wconf 81' lang='grc' dir='ltr'><strong>διὰ</strong></span> <span class='ocrx_word' id='word_1_205' title='bbox 1146 3372 1255 3425; x_wconf 90' lang='grc' dir='ltr'><strong>τῶν</strong></span> <span class='ocrx_word' id='word_1_206' title='bbox 1289 3372 1396 3424; x_wconf 85' lang='grc' dir='ltr'><strong>σῶν</strong></span> <span class='ocrx_word' id='word_1_207' title='bbox 1429 3370 1724 3441; x_wconf 83' lang='grc' dir='ltr'>θαυμάτων</span> <span class='ocrx_word' id='word_1_208' title='bbox 1772 3370 1862 3425; x_wconf 76' lang='grc' dir='ltr'><strong>τὸν</strong></span> <span class='ocrx_word' id='word_1_209' title='bbox 1894 3370 2024 3435; x_wconf 89' lang='grc' dir='ltr'>λόγο·</span> 
     </span>
    </p>
   </div>
   <div class='ocr_carea' id='block_1_35' title="bbox 2110 3368 3708 3445">
    <p class='ocr_par' dir='ltr' id='par_1_35' title="bbox 2150 3368 3708 3440">
     <span class='ocr_line' id='line_1_35' title="bbox 2150 3368 3708 3440; baseline 0.003 -18"><span class='ocrx_word' id='word_1_210' title='bbox 2150 3378 2301 3423; x_wconf 88' lang='lat' dir='ltr'><strong>taxat</strong></span> <span class='ocrx_word' id='word_1_211' title='bbox 2331 3370 2399 3425; x_wconf 91' lang='lat' dir='ltr'><strong>iis</strong></span> <span class='ocrx_word' id='word_1_212' title='bbox 2427 3385 2549 3439; x_wconf 81' lang='lat' dir='ltr'><strong>quae</strong></span> <span class='ocrx_word' id='word_1_213' title='bbox 2586 3377 2808 3440; x_wconf 87' lang='lat' dir='ltr'><strong>propter</strong></span> <span class='ocrx_word' id='word_1_214' title='bbox 2835 3378 2888 3424; x_wconf 88' lang='lat' dir='ltr'><strong>te</strong></span> <span class='ocrx_word' id='word_1_215' title='bbox 2912 3368 3078 3433; x_wconf 14' lang='lat' dir='ltr'><strong>etiant,</strong></span> <span class='ocrx_word' id='word_1_216' title='bbox 3107 3371 3417 3425; x_wconf 88' lang='lat' dir='ltr'><strong>orationqu</strong></span> <span class='ocrx_word' id='word_1_217' title='bbox 3451 3375 3708 3426; x_wconf 87' lang='lat' dir='ltr'><strong>certami-</strong></span> 
     </span>
    </p>
   </div>
   <div class='ocr_carea' id='block_1_36' title="bbox 477 3460 2075 3533">
    <p class='ocr_par' dir='ltr' id='par_1_36' title="bbox 477 3461 2048 3533">
     <span class='ocr_line' id='line_1_36' title="bbox 477 3461 2048 3533; baseline -0.004 -14"><span class='ocrx_word' id='word_1_218' title='bbox 477 3465 733 3519; x_wconf 83' lang='grc' dir='ltr'>ἐλαύνων.</span> <span class='ocrx_word' id='word_1_219' title='bbox 802 3463 1018 3533; x_wconf 83' lang='grc' dir='ltr'>Ἐπειδὴ</span> <span class='ocrx_word' id='word_1_220' title='bbox 1055 3464 1112 3516; x_wconf 81' lang='grc' dir='ltr'><strong>δὲ</strong></span> <span class='ocrx_word' id='word_1_221' title='bbox 1149 3463 1434 3533; x_wconf 80' lang='grc' dir='ltr'>συμϐαίνει</span> <span class='ocrx_word' id='word_1_222' title='bbox 1466 3461 1567 3516; x_wconf 83' lang='grc' dir='ltr'><strong>κᾶν</strong></span> <span class='ocrx_word' id='word_1_223' title='bbox 1592 3462 1697 3515; x_wconf 83' lang='grc' dir='ltr'>ὑπὸ</span> <span class='ocrx_word' id='word_1_224' title='bbox 1724 3462 1912 3532; x_wconf 86' lang='grc' dir='ltr'>γήρως</span> <span class='ocrx_word' id='word_1_225' title='bbox 1944 3462 2048 3527; x_wconf 78' lang='grc' dir='ltr'>ἔξω</span> 
     </span>
    </p>
   </div>
   <div class='ocr_carea' id='block_1_37' title="bbox 2118 3460 3716 3533">
    <p class='ocr_par' dir='ltr' id='par_1_37' title="bbox 2149 3460 3716 3533">
     <span class='ocr_line' id='line_1_37' title="bbox 2149 3460 3716 3533; baseline 0.003 -19"><span class='ocrx_word' id='word_1_226' title='bbox 2149 3461 2311 3516; x_wconf 90' lang='lat' dir='ltr'><strong>nibus</strong></span> <span class='ocrx_word' id='word_1_227' title='bbox 2359 3461 2746 3530; x_wconf 74' lang='lat' dir='ltr'><strong>pnehebimus,</strong></span> <span class='ocrx_word' id='word_1_228' title='bbox 2796 3460 2841 3516; x_wconf 90' lang='lat' dir='ltr'><strong>si</strong></span> <span class='ocrx_word' id='word_1_229' title='bbox 2880 3460 3020 3516; x_wconf 76' lang='lat' dir='ltr'><strong>forte</strong></span> <span class='ocrx_word' id='word_1_230' title='bbox 3069 3461 3236 3515; x_wconf 88' lang='lat' dir='ltr'><strong>etiam</strong></span> <span class='ocrx_word' id='word_1_231' title='bbox 3284 3461 3351 3515; x_wconf 92' lang='lat' dir='ltr'><strong>ad</strong></span> <span class='ocrx_word' id='word_1_232' title='bbox 3403 3476 3503 3518; x_wconf 88' lang='lat' dir='ltr'><strong>nos</strong></span> <span class='ocrx_word' id='word_1_233' title='bbox 3542 3479 3716 3533; x_wconf 90' lang='lat' dir='ltr'><strong>usque</strong></span> 
     </span>
    </p>
   </div>
   <div class='ocr_carea' id='block_1_38' title="bbox 478 3551 2076 3627">
    <p class='ocr_par' dir='ltr' id='par_1_38' title="bbox 478 3553 2049 3627">
     <span class='ocr_line' id='line_1_38' title="bbox 478 3553 2049 3627; baseline -0.005 -16"><span class='ocrx_word' id='word_1_234' title='bbox 478 3558 610 3627; x_wconf 80' lang='grc' dir='ltr'>μένῃ</span> <span class='ocrx_word' id='word_1_235' title='bbox 630 3556 739 3610; x_wconf 87' lang='grc' dir='ltr'><strong>τῶν</strong></span> <span class='ocrx_word' id='word_1_236' title='bbox 760 3556 984 3625; x_wconf 85' lang='grc' dir='ltr'>ἀγώνων</span> <span class='ocrx_word' id='word_1_237' title='bbox 1012 3557 1040 3608; x_wconf 87' lang='grc' dir='ltr'>ὁ</span> <span class='ocrx_word' id='word_1_238' title='bbox 1065 3556 1247 3619; x_wconf 81' lang='grc' dir='ltr'>ἵππος,</span> <span class='ocrx_word' id='word_1_239' title='bbox 1274 3555 1533 3618; x_wconf 82' lang='grc' dir='ltr'>πολλάκις</span> <span class='ocrx_word' id='word_1_240' title='bbox 1554 3553 1716 3608; x_wconf 81' lang='grc' dir='ltr'>αὑτὸν</span> <span class='ocrx_word' id='word_1_241' title='bbox 1745 3553 1823 3624; x_wconf 82' lang='grc' dir='ltr'>τῷ</span> <span class='ocrx_word' id='word_1_242' title='bbox 1858 3553 2049 3623; x_wconf 82' lang='grc' dir='ltr'>κτύπῳ</span> 
     </span>
    </p>
   </div>
   <div class='ocr_carea' id='block_1_39' title="bbox 2121 3551 3719 3627">
    <p class='ocr_par' dir='ltr' id='par_1_39' title="bbox 2147 3551 3719 3622">
     <span class='ocr_line' id='line_1_39' title="bbox 2147 3551 3719 3622; baseline 0 -17"><span class='ocrx_word' id='word_1_243' title='bbox 2147 3551 2453 3606; x_wconf 83' lang='lat' dir='ltr'><strong>vehementi</strong></span> <span class='ocrx_word' id='word_1_244' title='bbox 2488 3552 2689 3621; x_wconf 83' lang='lat' dir='ltr'><strong>impetu</strong></span> <span class='ocrx_word' id='word_1_245' title='bbox 2729 3559 2782 3605; x_wconf 88' lang='lat' dir='ltr'><strong>et</strong></span> <span class='ocrx_word' id='word_1_246' title='bbox 2820 3552 3052 3605; x_wconf 90' lang='lat' dir='ltr'><strong>incitato</strong></span> <span class='ocrx_word' id='word_1_247' title='bbox 3078 3566 3243 3605; x_wconf 91' lang='lat' dir='ltr'><strong>curru</strong></span> <span class='ocrx_word' id='word_1_248' title='bbox 3276 3566 3374 3622; x_wconf 88' lang='lat' dir='ltr'><strong>per</strong></span> <span class='ocrx_word' id='word_1_249' title='bbox 3424 3560 3515 3606; x_wconf 89' lang='lat' dir='ltr'><strong>tua</strong></span> <span class='ocrx_word' id='word_1_250' title='bbox 3550 3556 3719 3607; x_wconf 81' lang='lat' dir='ltr'><strong>mira-</strong></span> 
     </span>
    </p>
   </div>
   <div class='ocr_carea' id='block_1_40' title="bbox 473 3642 2071 3717">
    <p class='ocr_par' dir='ltr' id='par_1_40' title="bbox 473 3645 2045 3717">
     <span class='ocr_line' id='line_1_40' title="bbox 473 3645 2045 3717; baseline -0.001 -18"><span class='ocrx_word' id='word_1_251' title='bbox 473 3647 580 3701; x_wconf 86' lang='grc' dir='ltr'><strong>τῶν</strong></span> <span class='ocrx_word' id='word_1_252' title='bbox 619 3647 1116 3717; x_wconf 87' lang='grc' dir='ltr'>κατακροαινόντων</span> <span class='ocrx_word' id='word_1_253' title='bbox 1152 3648 1232 3710; x_wconf 85' lang='grc' dir='ltr'><strong>είς</strong></span> <span class='ocrx_word' id='word_1_254' title='bbox 1284 3645 1592 3717; x_wconf 83' lang='grc' dir='ltr'>προθυμίαν</span> <span class='ocrx_word' id='word_1_255' title='bbox 1625 3645 2045 3715; x_wconf 83' lang='grc' dir='ltr'>διεγειρόμενον,</span> 
     </span>
    </p>
   </div>
   <div class='ocr_carea' id='block_1_41' title="bbox 2121 3642 3719 3717">
    <p class='ocr_par' dir='ltr' id='par_1_41' title="bbox 2150 3642 3719 3714">
     <span class='ocr_line' id='line_1_41' title="bbox 2150 3642 3719 3714; baseline 0.003 -17"><span class='ocrx_word' id='word_1_256' title='bbox 2150 3644 2273 3697; x_wconf 86' lang='lat' dir='ltr'><strong>cuia</strong></span> <span class='ocrx_word' id='word_1_257' title='bbox 2329 3645 2544 3713; x_wconf 86' lang='lat' dir='ltr'><strong>agitans</strong></span> <span class='ocrx_word' id='word_1_258' title='bbox 2604 3642 2909 3697; x_wconf 89' lang='lat' dir='ltr'><strong>orationem</strong></span> <span class='ocrx_word' id='word_1_259' title='bbox 2956 3642 3158 3714; x_wconf 86' lang='lat' dir='ltr'><strong>aliquis</strong></span> <span class='ocrx_word' id='word_1_260' title='bbox 3206 3658 3375 3698; x_wconf 86' lang='lat' dir='ltr'><strong>sonus</strong></span> <span class='ocrx_word' id='word_1_261' title='bbox 3432 3645 3719 3714; x_wconf 70' lang='lat' dir='ltr'><strong>pervenire</strong></span> 
     </span>
    </p>
   </div>
   <div class='ocr_carea' id='block_1_42' title="bbox 462 3734 2060 3810">
    <p class='ocr_par' dir='ltr' id='par_1_42' title="bbox 462 3737 2049 3810">
     <span class='ocr_line' id='line_1_42' title="bbox 462 3737 2049 3810; baseline -0.002 -18"><span class='ocrx_word' id='word_1_262' title='bbox 462 3741 575 3810; x_wconf 64' lang='grc' dir='ltr'>’τήν</span> <span class='ocrx_word' id='word_1_263' title='bbox 602 3757 662 3792; x_wconf 89' lang='grc' dir='ltr'><strong>τε</strong></span> <span class='ocrx_word' id='word_1_264' title='bbox 699 3739 939 3810; x_wconf 77' lang='grc' dir='ltr'>κεφαλὴν</span> <span class='ocrx_word' id='word_1_265' title='bbox 967 3740 1197 3808; x_wconf 77' lang='grc' dir='ltr'>ἀνέχειν,</span> <span class='ocrx_word' id='word_1_266' title='bbox 1244 3738 1335 3790; x_wconf 80' lang='grc' dir='ltr'><strong>καὶ</strong></span> <span class='ocrx_word' id='word_1_267' title='bbox 1361 3739 1493 3809; x_wconf 78' lang='grc' dir='ltr'>ὁρᾷν</span> <span class='ocrx_word' id='word_1_268' title='bbox 1524 3737 1835 3805; x_wconf 86' lang='grc' dir='ltr'>ἐναγώνιον,</span> <span class='ocrx_word' id='word_1_269' title='bbox 1867 3737 2049 3789; x_wconf 79' lang='grc' dir='ltr'>πνέειν</span> 
     </span>
    </p>
   </div>
   <div class='ocr_carea' id='block_1_43' title="bbox 2120 3734 3718 3810">
    <p class='ocr_par' dir='ltr' id='par_1_43' title="bbox 2150 3734 3718 3807">
     <span class='ocr_line' id='line_1_43' title="bbox 2150 3734 3718 3807; baseline -0.001 -15"><span class='ocrx_word' id='word_1_270' title='bbox 2150 3738 2343 3807; x_wconf 83' lang='lat' dir='ltr'><strong>possit.</strong></span> <span class='ocrx_word' id='word_1_271' title='bbox 2378 3736 2487 3791; x_wconf 87' lang='lat' dir='ltr'><strong>Sed</strong></span> <span class='ocrx_word' id='word_1_272' title='bbox 2527 3736 2785 3806; x_wconf 81' lang='lat' dir='ltr'><strong>quoniam</strong></span> <span class='ocrx_word' id='word_1_273' title='bbox 2830 3734 3031 3790; x_wconf 87' lang='lat' dir='ltr'><strong>accidit</strong></span> <span class='ocrx_word' id='word_1_274' title='bbox 3078 3744 3160 3801; x_wconf 88' lang='lat' dir='ltr'><strong>ut,</strong></span> <span class='ocrx_word' id='word_1_275' title='bbox 3193 3736 3357 3791; x_wconf 89' lang='lat' dir='ltr'><strong>etiam</strong></span> <span class='ocrx_word' id='word_1_276' title='bbox 3409 3738 3455 3793; x_wconf 77' lang='lat' dir='ltr'><strong>si</strong></span> <span class='ocrx_word' id='word_1_277' title='bbox 3496 3747 3718 3807; x_wconf 82' lang='lat' dir='ltr'><strong>propter</strong></span> 
     </span>
    </p>
   </div>
   <div class='ocr_carea' id='block_1_44' title="bbox 476 3827 2074 3901">
    <p class='ocr_par' dir='ltr' id='par_1_44' title="bbox 476 3827 2050 3901">
     <span class='ocr_line' id='line_1_44' title="bbox 476 3827 2050 3901; baseline -0.003 -16"><span class='ocrx_word' id='word_1_278' title='bbox 476 3850 533 3885; x_wconf 86' lang='grc' dir='ltr'><strong>τε</strong></span> <span class='ocrx_word' id='word_1_279' title='bbox 577 3832 823 3901; x_wconf 86' lang='grc' dir='ltr'>θυμῶδες</span> <span class='ocrx_word' id='word_1_280' title='bbox 861 3832 955 3885; x_wconf 73' lang='grc' dir='ltr'><strong>καὶ</strong></span> <span class='ocrx_word' id='word_1_281' title='bbox 1004 3831 1277 3884; x_wconf 86' lang='grc' dir='ltr'>ὑποκινεῖν</span> <span class='ocrx_word' id='word_1_282' title='bbox 1324 3830 1450 3892; x_wconf 84' lang='grc' dir='ltr'>τοὺς</span> <span class='ocrx_word' id='word_1_283' title='bbox 1500 3830 1668 3893; x_wconf 83' lang='grc' dir='ltr'>πόδας</span> <span class='ocrx_word' id='word_1_284' title='bbox 1709 3829 1928 3892; x_wconf 84' lang='grc' dir='ltr'>πυκνῶς</span> <span class='ocrx_word' id='word_1_285' title='bbox 1972 3827 2050 3898; x_wconf 82' lang='grc' dir='ltr'>τῷ</span> 
     </span>
    </p>
   </div>
   <div class='ocr_carea' id='block_1_45' title="bbox 2118 3827 3716 3901">
    <p class='ocr_par' dir='ltr' id='par_1_45' title="bbox 2152 3828 3716 3898">
     <span class='ocr_line' id='line_1_45' title="bbox 2152 3828 3716 3898; baseline 0 -15"><span class='ocrx_word' id='word_1_286' title='bbox 2152 3834 2488 3883; x_wconf 86' lang='lat' dir='ltr'><strong>senectutem</strong></span> <span class='ocrx_word' id='word_1_287' title='bbox 2528 3836 2682 3882; x_wconf 88' lang='lat' dir='ltr'><strong>extra</strong></span> <span class='ocrx_word' id='word_1_288' title='bbox 2716 3828 3020 3882; x_wconf 85' lang='lat' dir='ltr'><strong>certamina</strong></span> <span class='ocrx_word' id='word_1_289' title='bbox 3063 3834 3282 3882; x_wconf 89' lang='lat' dir='ltr'><strong>maneat</strong></span> <span class='ocrx_word' id='word_1_290' title='bbox 3324 3842 3524 3898; x_wconf 88' lang='lat' dir='ltr'><strong>equus,</strong></span> <span class='ocrx_word' id='word_1_291' title='bbox 3573 3844 3716 3898; x_wconf 67' lang='lat' dir='ltr'><strong>saepe</strong></span> 
     </span>
    </p>
   </div>
   <div class='ocr_carea' id='block_1_46' title="bbox 476 3914 2074 3991">
    <p class='ocr_par' dir='ltr' id='par_1_46' title="bbox 476 3914 2046 3991">
     <span class='ocr_line' id='line_1_46' title="bbox 476 3914 2046 3991; baseline -0.003 -15"><span class='ocrx_word' id='word_1_292' title='bbox 476 3923 659 3991; x_wconf 77' lang='grc' dir='ltr'>ἐδάφει</span> <span class='ocrx_word' id='word_1_293' title='bbox 680 3924 778 3986; x_wconf 84' lang='grc' dir='ltr'>τὰς</span> <span class='ocrx_word' id='word_1_294' title='bbox 803 3922 971 3985; x_wconf 81' lang='grc' dir='ltr'>ὁπλὰς</span> <span class='ocrx_word' id='word_1_295' title='bbox 1001 3922 1364 3988; x_wconf 86' lang='grc' dir='ltr'>ἐπαύσσοντα,</span> <span class='ocrx_word' id='word_1_296' title='bbox 1388 3914 1433 3988; x_wconf 84' lang='grc' dir='ltr'>ᾧ</span> <span class='ocrx_word' id='word_1_297' title='bbox 1453 3920 1731 3991; x_wconf 85' lang='grc' dir='ltr'>προθυμία</span> <span class='ocrx_word' id='word_1_298' title='bbox 1756 3920 1889 3991; x_wconf 85' lang='grc' dir='ltr'>μόνη</span> <span class='ocrx_word' id='word_1_299' title='bbox 1911 3919 2046 3991; x_wconf 85' lang='grc' dir='ltr'>πρὸς</span> 
     </span>
    </p>
   </div>
   <div class='ocr_carea' id='block_1_47' title="bbox 2117 3914 3715 3991">
    <p class='ocr_par' dir='ltr' id='par_1_47' title="bbox 2153 3915 3715 3987">
     <span class='ocr_line' id='line_1_47' title="bbox 2153 3915 3715 3987; baseline 0.001 -16"><span class='ocrx_word' id='word_1_300' title='bbox 2153 3926 2330 3971; x_wconf 89' lang='lat' dir='ltr'><strong>tamen</strong></span> <span class='ocrx_word' id='word_1_301' title='bbox 2373 3915 2591 3970; x_wconf 75' lang='lat' dir='ltr'><strong>fremitu</strong></span> <span class='ocrx_word' id='word_1_302' title='bbox 2630 3916 2904 3987; x_wconf 84' lang='lat' dir='ltr'><strong>pulsuque</strong></span> <span class='ocrx_word' id='word_1_303' title='bbox 2953 3931 3017 3972; x_wconf 90' lang='lat' dir='ltr'><strong>ac</strong></span> <span class='ocrx_word' id='word_1_304' title='bbox 3065 3917 3251 3974; x_wconf 83' lang='lat' dir='ltr'><strong>sonitu</strong></span> <span class='ocrx_word' id='word_1_305' title='bbox 3308 3918 3715 3973; x_wconf 83' lang='lat' dir='ltr'><strong>lascivientium</strong></span> 
     </span>
    </p>
   </div>
   <div class='ocr_carea' id='block_1_48' title="bbox 476 4006 2074 4081">
    <p class='ocr_par' dir='ltr' id='par_1_48' title="bbox 476 4008 2049 4081">
     <span class='ocr_line' id='line_1_48' title="bbox 476 4008 2049 4081; baseline -0.001 -17"><span class='ocrx_word' id='word_1_306' title='bbox 476 4013 599 4074; x_wconf 79' lang='grc' dir='ltr'>τοὺς</span> <span class='ocrx_word' id='word_1_307' title='bbox 632 4011 847 4080; x_wconf 83' lang='grc' dir='ltr'>ἀγῶνας</span> <span class='ocrx_word' id='word_1_308' title='bbox 877 4010 1051 4074; x_wconf 73' lang='grc' dir='ltr'>ἐστὶν,</span> <span class='ocrx_word' id='word_1_309' title='bbox 1082 4012 1115 4080; x_wconf 82' lang='grc' dir='ltr'><strong>ἡ</strong></span> <span class='ocrx_word' id='word_1_310' title='bbox 1143 4010 1199 4063; x_wconf 86' lang='grc' dir='ltr'><strong>δέ</strong></span> <span class='ocrx_word' id='word_1_311' title='bbox 1226 4009 1321 4063; x_wconf 83' lang='grc' dir='ltr'>τοῦ</span> <span class='ocrx_word' id='word_1_312' title='bbox 1355 4008 1568 4080; x_wconf 86' lang='grc' dir='ltr'>τρέχειν</span> <span class='ocrx_word' id='word_1_313' title='bbox 1599 4008 1826 4081; x_wconf 88' lang='grc' dir='ltr'>δύναμις</span> <span class='ocrx_word' id='word_1_314' title='bbox 1854 4028 2049 4080; x_wconf 89' lang='grc' dir='ltr'>προαν-</span> 
     </span>
    </p>
   </div>
   <div class='ocr_carea' id='block_1_49' title="bbox 2121 4006 3719 4081">
    <p class='ocr_par' dir='ltr' id='par_1_49' title="bbox 2151 4006 3719 4078">
     <span class='ocr_line' id='line_1_49' title="bbox 2151 4006 3719 4078; baseline 0.001 -18"><span class='ocrx_word' id='word_1_315' title='bbox 2151 4006 2643 4075; x_wconf 87' lang='lat' dir='ltr'><strong>insultantiumque</strong></span> <span class='ocrx_word' id='word_1_316' title='bbox 2699 4006 2773 4060; x_wconf 86' lang='lat' dir='ltr'><strong>ad</strong></span> <span class='ocrx_word' id='word_1_317' title='bbox 2822 4007 3161 4063; x_wconf 90' lang='lat' dir='ltr'><strong>alacritatem</strong></span> <span class='ocrx_word' id='word_1_318' title='bbox 3210 4015 3434 4063; x_wconf 86' lang='lat' dir='ltr'><strong>erectus</strong></span> <span class='ocrx_word' id='word_1_319' title='bbox 3469 4014 3524 4062; x_wconf 89' lang='lat' dir='ltr'><strong>et</strong></span> <span class='ocrx_word' id='word_1_320' title='bbox 3554 4018 3719 4078; x_wconf 86' lang='lat' dir='ltr'><strong>caput</strong></span> 
     </span>
    </p>
   </div>
   <div class='ocr_carea' id='block_1_50' title="bbox 476 4097 2074 4175">
    <p class='ocr_par' dir='ltr' id='par_1_50' title="bbox 476 4101 2051 4175">
     <span class='ocr_line' id='line_1_50' title="bbox 476 4101 2051 4175; baseline 0.001 -21"><span class='ocrx_word' id='word_1_321' title='bbox 476 4101 656 4173; x_wconf 75' lang='grc' dir='ltr'>ηλώθη</span> <span class='ocrx_word' id='word_1_322' title='bbox 688 4101 767 4171; x_wconf 82' lang='grc' dir='ltr'><strong>τῷ</strong></span> <span class='ocrx_word' id='word_1_323' title='bbox 806 4102 981 4172; x_wconf 86' lang='grc' dir='ltr'>χρόνῳ</span> <span class='ocrx_word' id='word_1_324' title='bbox 1002 4118 1016 4133; x_wconf 85' lang='grc'>·</span> <span class='ocrx_word' id='word_1_325' title='bbox 1069 4101 1161 4153; x_wconf 84' lang='grc' dir='ltr'><strong>τὸν</strong></span> <span class='ocrx_word' id='word_1_326' title='bbox 1188 4102 1350 4156; x_wconf 81' lang='grc' dir='ltr'>αὑτὸν</span> <span class='ocrx_word' id='word_1_327' title='bbox 1375 4102 1576 4174; x_wconf 86' lang='grc' dir='ltr'>τρόπον</span> <span class='ocrx_word' id='word_1_328' title='bbox 1609 4102 1704 4156; x_wconf 63' lang='grc' dir='ltr'><strong>καὶ⁵</strong></span> <span class='ocrx_word' id='word_1_329' title='bbox 1729 4102 1758 4154; x_wconf 86' lang='grc' dir='ltr'><strong>ὁ</strong></span> <span class='ocrx_word' id='word_1_330' title='bbox 1782 4102 2051 4175; x_wconf 82' lang='grc' dir='ltr'>ἡμέτερος</span> 
     </span>
    </p>
   </div>
   <div class='ocr_carea' id='block_1_51' title="bbox 2120 4097 3718 4175">
    <p class='ocr_par' dir='ltr' id='par_1_51' title="bbox 2151 4097 3718 4166">
     <span class='ocr_line' id='line_1_51' title="bbox 2151 4097 3718 4166; baseline 0.001 -15"><span class='ocrx_word' id='word_1_331' title='bbox 2151 4099 2324 4163; x_wconf 88' lang='lat' dir='ltr'><strong>tollat,</strong></span> <span class='ocrx_word' id='word_1_332' title='bbox 2361 4106 2429 4166; x_wconf 61' lang='grc' dir='ltr'>,ει</span> <span class='ocrx_word' id='word_1_333' title='bbox 2473 4097 2639 4152; x_wconf 87' lang='lat' dir='ltr'><strong>veluti</strong></span> <span class='ocrx_word' id='word_1_334' title='bbox 2675 4097 2732 4151; x_wconf 83' lang='lat' dir='ltr'><strong>in</strong></span> <span class='ocrx_word' id='word_1_335' title='bbox 2768 4098 3073 4152; x_wconf 82' lang='lat' dir='ltr'><strong>certamine</strong></span> <span class='ocrx_word' id='word_1_336' title='bbox 3108 4111 3356 4158; x_wconf 81' lang='lat' dir='ltr'><strong>versans.</strong></span> <span class='ocrx_word' id='word_1_337' title='bbox 3395 4105 3511 4152; x_wconf 91' lang='lat' dir='ltr'><strong>tum</strong></span> <span class='ocrx_word' id='word_1_338' title='bbox 3556 4100 3718 4153; x_wconf 88' lang='lat' dir='ltr'><strong>ardo-</strong></span> 
     </span>
    </p>
   </div>
   <div class='ocr_carea' id='block_1_52' title="bbox 475 4187 2073 4263">
    <p class='ocr_par' dir='ltr' id='par_1_52' title="bbox 475 4191 2050 4263">
     <span class='ocr_line' id='line_1_52' title="bbox 475 4191 2050 4263; baseline 0 -20"><span class='ocrx_word' id='word_1_339' title='bbox 475 4192 631 4260; x_wconf 79' lang='grc' dir='ltr'>λόγος</span> <span class='ocrx_word' id='word_1_340' title='bbox 658 4191 946 4261; x_wconf 80' lang='grc' dir='ltr'>ὲξαγὼνιος</span> <span class='ocrx_word' id='word_1_341' title='bbox 972 4192 1146 4262; x_wconf 86' lang='grc' dir='ltr'>μένων</span> <span class='ocrx_word' id='word_1_342' title='bbox 1176 4191 1263 4244; x_wconf 81' lang='grc' dir='ltr'><strong>διὰ</strong></span> <span class='ocrx_word' id='word_1_343' title='bbox 1287 4191 1347 4245; x_wconf 85' lang='grc' dir='ltr'>τὸ</span> <span class='ocrx_word' id='word_1_344' title='bbox 1372 4191 1569 4262; x_wconf 84' lang='grc' dir='ltr'>γῆρας,</span> <span class='ocrx_word' id='word_1_345' title='bbox 1592 4192 1687 4246; x_wconf 77' lang='grc' dir='ltr'><strong>καὶ</strong></span> <span class='ocrx_word' id='word_1_346' title='bbox 1707 4192 2050 4263; x_wconf 83' lang='grc' dir='ltr'>παραχωρῶν</span> 
     </span>
    </p>
   </div>
   <div class='ocr_carea' id='block_1_53' title="bbox 2121 4187 3719 4263">
    <p class='ocr_par' dir='ltr' id='par_1_53' title="bbox 2152 4187 3719 4258">
     <span class='ocr_line' id='line_1_53' title="bbox 2152 4187 3719 4258; baseline 0.003 -17"><span class='ocrx_word' id='word_1_347' title='bbox 2152 4202 2264 4242; x_wconf 89' lang='lat' dir='ltr'><strong>rem</strong></span> <span class='ocrx_word' id='word_1_348' title='bbox 2323 4187 2379 4241; x_wconf 91' lang='lat' dir='ltr'><strong>in</strong></span> <span class='ocrx_word' id='word_1_349' title='bbox 2438 4187 2636 4251; x_wconf 87' lang='lat' dir='ltr'><strong>oculis,</strong></span> <span class='ocrx_word' id='word_1_350' title='bbox 2688 4194 2802 4241; x_wconf 88' lang='lat' dir='ltr'><strong>tum</strong></span> <span class='ocrx_word' id='word_1_351' title='bbox 2852 4188 2909 4242; x_wconf 92' lang='lat' dir='ltr'><strong>in</strong></span> <span class='ocrx_word' id='word_1_352' title='bbox 2956 4188 3153 4257; x_wconf 83' lang='lat' dir='ltr'><strong>spiritu</strong></span> <span class='ocrx_word' id='word_1_353' title='bbox 3210 4189 3455 4258; x_wconf 84' lang='lat' dir='ltr'><strong>ﬂatuque</strong></span> <span class='ocrx_word' id='word_1_354' title='bbox 3502 4189 3719 4245; x_wconf 85' lang='lat' dir='ltr'><strong>animos</strong></span> 
     </span>
    </p>
   </div>
   <div class='ocr_carea' id='block_1_54' title="bbox 476 4276 2074 4354">
    <p class='ocr_par' dir='ltr' id='par_1_54' title="bbox 476 4282 2050 4354">
     <span class='ocr_line' id='line_1_54' title="bbox 476 4282 2050 4354; baseline 0.001 -20"><span class='ocrx_word' id='word_1_355' title='bbox 476 4282 567 4334; x_wconf 73' lang='grc' dir='ltr'>τοῦ</span> <span class='ocrx_word' id='word_1_356' title='bbox 597 4282 809 4336; x_wconf 84' lang='grc' dir='ltr'>σταδίου</span> <span class='ocrx_word' id='word_1_357' title='bbox 842 4284 956 4345; x_wconf 87' lang='grc' dir='ltr'>τοῖς</span> <span class='ocrx_word' id='word_1_358' title='bbox 979 4282 1234 4352; x_wconf 85' lang='grc' dir='ltr'>ἀκμαίοις</span> <span class='ocrx_word' id='word_1_359' title='bbox 1257 4282 1398 4337; x_wconf 84' lang='grc' dir='ltr'>κατὰ</span> <span class='ocrx_word' id='word_1_360' title='bbox 1420 4283 1517 4354; x_wconf 78' lang='grc' dir='ltr'><strong>τὴν</strong></span> <span class='ocrx_word' id='word_1_361' title='bbox 1550 4284 1850 4349; x_wconf 86' lang='grc' dir='ltr'>παίδευσιν,</span> <span class='ocrx_word' id='word_1_362' title='bbox 1885 4284 2050 4352; x_wconf 83' lang='grc' dir='ltr'>μόνην</span> 
     </span>
    </p>
   </div>
   <div class='ocr_carea' id='block_1_55' title="bbox 2119 4276 3717 4354">
    <p class='ocr_par' dir='ltr' id='par_1_55' title="bbox 2150 4276 3717 4349">
     <span class='ocr_line' id='line_1_55' title="bbox 2150 4276 3717 4349; baseline 0.005 -21"><span class='ocrx_word' id='word_1_363' title='bbox 2150 4284 2414 4339; x_wconf 82' lang='lat' dir='ltr'><strong>ostentet,</strong></span> <span class='ocrx_word' id='word_1_364' title='bbox 2444 4284 2499 4332; x_wconf 89' lang='lat' dir='ltr'><strong>et</strong></span> <span class='ocrx_word' id='word_1_365' title='bbox 2528 4276 2726 4331; x_wconf 87' lang='lat' dir='ltr'><strong>crebro</strong></span> <span class='ocrx_word' id='word_1_366' title='bbox 2755 4286 2904 4331; x_wconf 91' lang='lat' dir='ltr'><strong>motu</strong></span> <span class='ocrx_word' id='word_1_367' title='bbox 2929 4278 3126 4348; x_wconf 90' lang='lat' dir='ltr'><strong>pedum</strong></span> <span class='ocrx_word' id='word_1_368' title='bbox 3156 4280 3390 4349; x_wconf 80' lang='lat' dir='ltr'><strong>ungulas</strong></span> <span class='ocrx_word' id='word_1_369' title='bbox 3410 4280 3717 4349; x_wconf 72' lang='lat' dir='ltr'><strong>identidem</strong></span> 
     </span>
    </p>
   </div>
   <div class='ocr_carea' id='block_1_56' title="bbox 476 4367 2074 4444">
    <p class='ocr_par' dir='ltr' id='par_1_56' title="bbox 476 4370 2050 4444">
     <span class='ocr_line' id='line_1_56' title="bbox 476 4370 2050 4444; baseline 0.002 -20"><span class='ocrx_word' id='word_1_370' title='bbox 476 4389 560 4425; x_wconf 90' lang='grc' dir='ltr'><strong>σοι</strong></span> <span class='ocrx_word' id='word_1_371' title='bbox 598 4372 838 4426; x_wconf 88' lang='grc' dir='ltr'>δείκνυσι</span> <span class='ocrx_word' id='word_1_372' title='bbox 876 4372 974 4443; x_wconf 87' lang='grc' dir='ltr'><strong>τὴν</strong></span> <span class='ocrx_word' id='word_1_373' title='bbox 1025 4373 1330 4444; x_wconf 82' lang='grc' dir='ltr'>προθυμίαν</span> <span class='ocrx_word' id='word_1_374' title='bbox 1379 4372 1473 4427; x_wconf 81' lang='grc' dir='ltr'>τοῦ</span> <span class='ocrx_word' id='word_1_375' title='bbox 1506 4370 1707 4428; x_wconf 76' lang='grc' dir='ltr'>ἐθέλειν</span> <span class='ocrx_word' id='word_1_376' title='bbox 1739 4375 1807 4428; x_wconf 84' lang='grc' dir='ltr'><strong>ἂν</strong></span> <span class='ocrx_word' id='word_1_377' title='bbox 1835 4374 1927 4427; x_wconf 76' lang='grc' dir='ltr'>καὶ</span> <span class='ocrx_word' id='word_1_378' title='bbox 1957 4374 2050 4427; x_wconf 77' lang='grc' dir='ltr'><strong>ἐπὶ</strong></span> 
     </span>
    </p>
   </div>
   <div class='ocr_carea' id='block_1_57' title="bbox 2114 4367 3712 4444">
    <p class='ocr_par' dir='ltr' id='par_1_57' title="bbox 2151 4367 3712 4437">
     <span class='ocr_line' id='line_1_57' title="bbox 2151 4367 3712 4437; baseline -0.001 -13"><span class='ocrx_word' id='word_1_379' title='bbox 2151 4369 2272 4424; x_wconf 90' lang='lat' dir='ltr'><strong>solo</strong></span> <span class='ocrx_word' id='word_1_380' title='bbox 2305 4368 2501 4432; x_wconf 86' lang='lat' dir='ltr'><strong>illidat,</strong></span> <span class='ocrx_word' id='word_1_381' title='bbox 2534 4367 2623 4421; x_wconf 90' lang='lat' dir='ltr'><strong>cui</strong></span> <span class='ocrx_word' id='word_1_382' title='bbox 2658 4367 2776 4423; x_wconf 89' lang='lat' dir='ltr'><strong>sola</strong></span> <span class='ocrx_word' id='word_1_383' title='bbox 2816 4369 3078 4423; x_wconf 84' lang='lat' dir='ltr'><strong>alacritas</strong></span> <span class='ocrx_word' id='word_1_384' title='bbox 3111 4370 3177 4424; x_wconf 92' lang='lat' dir='ltr'><strong>ad</strong></span> <span class='ocrx_word' id='word_1_385' title='bbox 3208 4370 3507 4425; x_wconf 82' lang='lat' dir='ltr'><strong>certamina</strong></span> <span class='ocrx_word' id='word_1_386' title='bbox 3535 4371 3712 4437; x_wconf 85' lang='lat' dir='ltr'><strong>adest,</strong></span> 
     </span>
    </p>
   </div>
   <div class='ocr_carea' id='block_1_58' title="bbox 478 4460 2076 4535">
    <p class='ocr_par' dir='ltr' id='par_1_58' title="bbox 478 4463 2049 4535">
     <span class='ocr_line' id='line_1_58' title="bbox 478 4463 2049 4535; baseline 0.001 -20"><span class='ocrx_word' id='word_1_387' title='bbox 478 4464 572 4516; x_wconf 88' lang='grc' dir='ltr'><strong>σοῦ</strong></span> <span class='ocrx_word' id='word_1_388' title='bbox 603 4463 994 4531; x_wconf 86' lang='grc' dir='ltr'>ἀγωνίσασθαι,</span> <span class='ocrx_word' id='word_1_389' title='bbox 1020 4464 1179 4535; x_wconf 76' lang='grc' dir='ltr'>εἴπερ</span> <span class='ocrx_word' id='word_1_390' title='bbox 1203 4464 1409 4534; x_wconf 73' lang='grc' dir='ltr'>ἡϐῶσιν</span> <span class='ocrx_word' id='word_1_391' title='bbox 1428 4466 1477 4519; x_wconf 78' lang='grc' dir='ltr'>οἱ</span> <span class='ocrx_word' id='word_1_392' title='bbox 1504 4465 1646 4518; x_wconf 86' lang='grc' dir='ltr'><strong>κατά</strong></span> <span class='ocrx_word' id='word_1_393' title='bbox 1667 4464 1793 4528; x_wconf 84' lang='grc' dir='ltr'>τοὺς</span> <span class='ocrx_word' id='word_1_394' title='bbox 1822 4464 1915 4518; x_wconf 84' lang='grc' dir='ltr'>νῦν</span> <span class='ocrx_word' id='word_1_395' title='bbox 1938 4467 2049 4527; x_wconf 81' lang='grc' dir='ltr'>τοῖς</span> 
     </span>
    </p>
   </div>
   <div class='ocr_carea' id='block_1_59' title="bbox 2119 4460 3717 4535">
    <p class='ocr_par' dir='ltr' id='par_1_59' title="bbox 2153 4460 3717 4534">
     <span class='ocr_line' id='line_1_59' title="bbox 2153 4460 3717 4534; baseline 0.001 -18"><span class='ocrx_word' id='word_1_396' title='bbox 2153 4461 2384 4517; x_wconf 82' lang='lat' dir='ltr'><strong>facultas</strong></span> <span class='ocrx_word' id='word_1_397' title='bbox 2433 4469 2616 4516; x_wconf 89' lang='lat' dir='ltr'><strong>autem</strong></span> <span class='ocrx_word' id='word_1_398' title='bbox 2651 4460 2907 4516; x_wconf 87' lang='lat' dir='ltr'><strong>currendi</strong></span> <span class='ocrx_word' id='word_1_399' title='bbox 2959 4470 3086 4517; x_wconf 90' lang='lat' dir='ltr'><strong>ante</strong></span> <span class='ocrx_word' id='word_1_400' title='bbox 3124 4462 3291 4532; x_wconf 84' lang='lat' dir='ltr'><strong>lapso</strong></span> <span class='ocrx_word' id='word_1_401' title='bbox 3324 4470 3571 4534; x_wconf 84' lang='lat' dir='ltr'><strong>tempore</strong></span> <span class='ocrx_word' id='word_1_402' title='bbox 3619 4464 3717 4517; x_wconf 86' lang='lat' dir='ltr'><strong>ab-</strong></span> 
     </span>
    </p>
   </div>
   <div class='ocr_carea' id='block_1_60' title="bbox 478 4553 2076 4628">
    <p class='ocr_par' dir='ltr' id='par_1_60' title="bbox 478 4553 2050 4627">
     <span class='ocr_line' id='line_1_60' title="bbox 478 4553 2050 4627; baseline 0.001 -21"><span class='ocrx_word' id='word_1_403' title='bbox 478 4553 654 4622; x_wconf 83' lang='grc' dir='ltr'>λόγοις</span> <span class='ocrx_word' id='word_1_404' title='bbox 679 4554 1038 4625; x_wconf 80' lang='grc' dir='ltr'>ἀκμάζοντες.</span> <span class='ocrx_word' id='word_1_405' title='bbox 1080 4557 1218 4625; x_wconf 80' lang='grc' dir='ltr'><strong>Ὅση</strong></span> <span class='ocrx_word' id='word_1_406' title='bbox 1242 4553 1301 4609; x_wconf 83' lang='grc' dir='ltr'><strong>δέ</strong></span> <span class='ocrx_word' id='word_1_407' title='bbox 1337 4572 1426 4625; x_wconf 89' lang='grc' dir='ltr'><strong>μοι</strong></span> <span class='ocrx_word' id='word_1_408' title='bbox 1442 4556 1540 4627; x_wconf 84' lang='grc' dir='ltr'>τῆς</span> <span class='ocrx_word' id='word_1_409' title='bbox 1568 4555 1876 4626; x_wconf 84' lang='grc' dir='ltr'>προθυμίας</span> <span class='ocrx_word' id='word_1_410' title='bbox 1903 4556 2050 4608; x_wconf 76' lang='grc' dir='ltr'>ἐστὶν</span> 
     </span>
    </p>
   </div>
   <div class='ocr_carea' id='block_1_61' title="bbox 2118 4553 3716 4628">
    <p class='ocr_par' dir='ltr' id='par_1_61' title="bbox 2151 4554 3716 4628">
     <span class='ocr_line' id='line_1_61' title="bbox 2151 4554 3716 4628; baseline -0.001 -19"><span class='ocrx_word' id='word_1_411' title='bbox 2151 4562 2366 4625; x_wconf 87' lang='lat' dir='ltr'><strong>sumpta</strong></span> <span class='ocrx_word' id='word_1_412' title='bbox 2404 4565 2505 4609; x_wconf 86' lang='lat' dir='ltr'><strong>est</strong></span> <span class='ocrx_word' id='word_1_413' title='bbox 2538 4573 2550 4609; x_wconf 95' lang='lat'>:</span> <span class='ocrx_word' id='word_1_414' title='bbox 2586 4554 2775 4609; x_wconf 90' lang='lat' dir='ltr'><strong>eodem</strong></span> <span class='ocrx_word' id='word_1_415' title='bbox 2825 4554 2985 4609; x_wconf 89' lang='lat' dir='ltr'><strong>modo</strong></span> <span class='ocrx_word' id='word_1_416' title='bbox 3034 4564 3221 4610; x_wconf 86' lang='lat' dir='ltr'><strong>nostra</strong></span> <span class='ocrx_word' id='word_1_417' title='bbox 3271 4570 3494 4628; x_wconf 89' lang='lat' dir='ltr'><strong>quoque</strong></span> <span class='ocrx_word' id='word_1_418' title='bbox 3537 4557 3716 4611; x_wconf 87' lang='lat' dir='ltr'><strong>oratio</strong></span> 
     </span>
    </p>
   </div>
   <div class='ocr_carea' id='block_1_62' title="bbox 473 4644 2071 4718">
    <p class='ocr_par' dir='ltr' id='par_1_62' title="bbox 473 4644 2047 4716">
     <span class='ocr_line' id='line_1_62' title="bbox 473 4644 2047 4716; baseline 0.001 -19"><span class='ocrx_word' id='word_1_419' title='bbox 473 4646 510 4716; x_wconf 71' lang='grc' dir='ltr'><strong>ἡ</strong></span> <span class='ocrx_word' id='word_1_420' title='bbox 532 4644 807 4711; x_wconf 83' lang='grc' dir='ltr'>ἐπίδειξις,</span> <span class='ocrx_word' id='word_1_421' title='bbox 826 4646 926 4699; x_wconf 85' lang='grc' dir='ltr'><strong>οὐκ</strong></span> <span class='ocrx_word' id='word_1_422' title='bbox 949 4646 1007 4699; x_wconf 87' lang='grc' dir='ltr'><strong>ἐν</strong></span> <span class='ocrx_word' id='word_1_423' title='bbox 1032 4644 1110 4716; x_wconf 82' lang='grc' dir='ltr'>τῷ</span> <span class='ocrx_word' id='word_1_424' title='bbox 1132 4644 1439 4715; x_wconf 85' lang='grc' dir='ltr'>διηγεῖσθαί</span> <span class='ocrx_word' id='word_1_425' title='bbox 1466 4663 1520 4699; x_wconf 88' lang='grc' dir='ltr'><strong>τι</strong></span> <span class='ocrx_word' id='word_1_426' title='bbox 1550 4645 1660 4699; x_wconf 87' lang='grc' dir='ltr'><strong>τῶν</strong></span> <span class='ocrx_word' id='word_1_427' title='bbox 1688 4647 1817 4699; x_wconf 89' lang='grc' dir='ltr'>σῶν.</span> <span class='ocrx_word' id='word_1_428' title='bbox 1845 4646 2047 4699; x_wconf 82' lang='grc' dir='ltr'>Τούτου</span> 
     </span>
    </p>
   </div>
   <div class='ocr_carea' id='block_1_63' title="bbox 2119 4644 3717 4718">
    <p class='ocr_par' dir='ltr' id='par_1_63' title="bbox 2150 4647 3717 4718">
     <span class='ocr_line' id='line_1_63' title="bbox 2150 4647 3717 4718; baseline 0.001 -19"><span class='ocrx_word' id='word_1_429' title='bbox 2150 4654 2374 4718; x_wconf 88' lang='lat' dir='ltr'><strong>propter</strong></span> <span class='ocrx_word' id='word_1_430' title='bbox 2396 4655 2729 4701; x_wconf 88' lang='lat' dir='ltr'><strong>senectutem</strong></span> <span class='ocrx_word' id='word_1_431' title='bbox 2755 4653 2909 4701; x_wconf 81' lang='lat' dir='ltr'><strong>extra</strong></span> <span class='ocrx_word' id='word_1_432' title='bbox 2936 4647 3238 4701; x_wconf 86' lang='lat' dir='ltr'><strong>certamina</strong></span> <span class='ocrx_word' id='word_1_433' title='bbox 3263 4662 3511 4711; x_wconf 88' lang='lat' dir='ltr'><strong>manens,</strong></span> <span class='ocrx_word' id='word_1_434' title='bbox 3538 4649 3717 4703; x_wconf 86' lang='lat' dir='ltr'><strong>stadio</strong></span> 
     </span>
    </p>
   </div>
   <div class='ocr_carea' id='block_1_64' title="bbox 475 4735 2073 4810">
    <p class='ocr_par' dir='ltr' id='par_1_64' title="bbox 475 4735 2048 4810">
     <span class='ocr_line' id='line_1_64' title="bbox 475 4735 2048 4810; baseline 0.002 -22"><span class='ocrx_word' id='word_1_435' title='bbox 475 4736 584 4807; x_wconf 78' lang='grc' dir='ltr'>γὰρ</span> <span class='ocrx_word' id='word_1_436' title='bbox 606 4736 761 4806; x_wconf 84' lang='grc' dir='ltr'>μόγις</span> <span class='ocrx_word' id='word_1_437' title='bbox 785 4735 851 4790; x_wconf 79' lang='grc' dir='ltr'><strong>ἂν</strong></span> <span class='ocrx_word' id='word_1_438' title='bbox 877 4738 970 4790; x_wconf 76' lang='grc' dir='ltr'>καὶ</span> <span class='ocrx_word' id='word_1_439' title='bbox 983 4739 1012 4790; x_wconf 84' lang='grc' dir='ltr'><strong>ό</strong></span> <span class='ocrx_word' id='word_1_440' title='bbox 1033 4738 1280 4810; x_wconf 87' lang='grc' dir='ltr'>σφριγῶν</span> <span class='ocrx_word' id='word_1_441' title='bbox 1300 4755 1359 4791; x_wconf 88' lang='grc' dir='ltr'><strong>τε</strong></span> <span class='ocrx_word' id='word_1_442' title='bbox 1376 4737 1471 4792; x_wconf 78' lang='grc' dir='ltr'>καὶ</span> <span class='ocrx_word' id='word_1_443' title='bbox 1491 4738 1880 4808; x_wconf 86' lang='grc' dir='ltr'>συντεταμένος</span> <span class='ocrx_word' id='word_1_444' title='bbox 1895 4738 2048 4808; x_wconf 83' lang='grc' dir='ltr'>τύχοι</span> 
     </span>
    </p>
   </div>
   <div class='ocr_carea' id='block_1_65' title="bbox 2119 4735 3717 4810">
    <p class='ocr_par' dir='ltr' id='par_1_65' title="bbox 2146 4736 3717 4805">
     <span class='ocr_line' id='line_1_65' title="bbox 2146 4736 3717 4805; baseline 0 -12"><span class='ocrx_word' id='word_1_445' title='bbox 2146 4739 2353 4794; x_wconf 77' lang='lat' dir='ltr'><strong>cedens</strong></span> <span class='ocrx_word' id='word_1_446' title='bbox 2392 4737 2701 4793; x_wconf 86' lang='lat' dir='ltr'><strong>eruditione</strong></span> <span class='ocrx_word' id='word_1_447' title='bbox 2739 4736 3081 4805; x_wconf 80' lang='lat' dir='ltr'><strong>ﬂorentibus,</strong></span> <span class='ocrx_word' id='word_1_448' title='bbox 3114 4739 3287 4795; x_wconf 89' lang='lat' dir='ltr'><strong>solam</strong></span> <span class='ocrx_word' id='word_1_449' title='bbox 3318 4740 3415 4795; x_wconf 90' lang='lat' dir='ltr'><strong>tibi</strong></span> <span class='ocrx_word' id='word_1_450' title='bbox 3458 4740 3717 4795; x_wconf 86' lang='lat' dir='ltr'><strong>alacrita-</strong></span> 
     </span>
    </p>
   </div>
   <div class='ocr_carea' id='block_1_66' title="bbox 476 4826 2074 4899">
    <p class='ocr_par' dir='ltr' id='par_1_66' title="bbox 476 4826 2045 4899">
     <span class='ocr_line' id='line_1_66' title="bbox 476 4826 2045 4899; baseline 0.002 -21"><span class='ocrx_word' id='word_1_451' title='bbox 476 4827 650 4895; x_wconf 79' lang='grc' dir='ltr'>λόγος,</span> <span class='ocrx_word' id='word_1_452' title='bbox 680 4826 756 4889; x_wconf 83' lang='grc' dir='ltr'>ὡς</span> <span class='ocrx_word' id='word_1_453' title='bbox 792 4827 866 4898; x_wconf 77' lang='grc' dir='ltr'>μὴ</span> <span class='ocrx_word' id='word_1_454' title='bbox 896 4829 1031 4881; x_wconf 81' lang='grc' dir='ltr'>πολὺ</span> <span class='ocrx_word' id='word_1_455' title='bbox 1067 4827 1294 4881; x_wconf 87' lang='grc' dir='ltr'>κατόπιν</span> <span class='ocrx_word' id='word_1_456' title='bbox 1321 4828 1420 4899; x_wconf 83' lang='grc' dir='ltr'>τῆς</span> <span class='ocrx_word' id='word_1_457' title='bbox 1452 4827 1609 4894; x_wconf 80' lang='grc' dir='ltr'>ἀξίας</span> <span class='ocrx_word' id='word_1_458' title='bbox 1634 4828 2045 4898; x_wconf 83' lang='grc' dir='ltr'>ἀπολειφθῆναι,</span> 
     </span>
    </p>
   </div>
   <div class='ocr_carea' id='block_1_67' title="bbox 2119 4826 3717 4899">
    <p class='ocr_par' dir='ltr' id='par_1_67' title="bbox 2150 4828 3717 4898">
     <span class='ocr_line' id='line_1_67' title="bbox 2150 4828 3717 4898; baseline 0.003 -16"><span class='ocrx_word' id='word_1_459' title='bbox 2150 4837 2259 4883; x_wconf 85' lang='lat' dir='ltr'><strong>tem</strong></span> <span class='ocrx_word' id='word_1_460' title='bbox 2286 4837 2338 4884; x_wconf 89' lang='lat' dir='ltr'><strong>et</strong></span> <span class='ocrx_word' id='word_1_461' title='bbox 2365 4828 2698 4883; x_wconf 77' lang='lat' dir='ltr'><strong>voluntatem</strong></span> <span class='ocrx_word' id='word_1_462' title='bbox 2730 4828 2784 4882; x_wconf 93' lang='lat' dir='ltr'><strong>in</strong></span> <span class='ocrx_word' id='word_1_463' title='bbox 2818 4830 3047 4898; x_wconf 86' lang='lat' dir='ltr'><strong>gratiam</strong></span> <span class='ocrx_word' id='word_1_464' title='bbox 3084 4837 3232 4885; x_wconf 88' lang='lat' dir='ltr'><strong>tuam</strong></span> <span class='ocrx_word' id='word_1_465' title='bbox 3261 4830 3505 4885; x_wconf 83' lang='lat' dir='ltr'><strong>certandi</strong></span> <span class='ocrx_word' id='word_1_466' title='bbox 3530 4838 3717 4887; x_wconf 87' lang='lat' dir='ltr'><strong>osten-</strong></span> 
     </span>
    </p>
   </div>
   <div class='ocr_carea' id='block_1_68' title="bbox 475 4917 2073 4993">
    <p class='ocr_par' dir='ltr' id='par_1_68' title="bbox 475 4917 2045 4991">
     <span class='ocr_line' id='line_1_68' title="bbox 475 4917 2045 4991; baseline 0.002 -22"><span class='ocrx_word' id='word_1_467' title='bbox 475 4921 503 4969; x_wconf 82' lang='grc' dir='ltr'>ὁ</span> <span class='ocrx_word' id='word_1_468' title='bbox 532 4917 630 4987; x_wconf 83' lang='grc' dir='ltr'>τὴν</span> <span class='ocrx_word' id='word_1_469' title='bbox 675 4918 955 4988; x_wconf 84' lang='grc' dir='ltr'>ἀμήχανον</span> <span class='ocrx_word' id='word_1_470' title='bbox 1007 4918 1211 4988; x_wconf 87' lang='grc' dir='ltr'>ταύτην</span> <span class='ocrx_word' id='word_1_471' title='bbox 1260 4918 1523 4991; x_wconf 82' lang='grc' dir='ltr'>ἁρμονίαν</span> <span class='ocrx_word' id='word_1_472' title='bbox 1560 4918 1654 4972; x_wconf 82' lang='grc' dir='ltr'>τοῦ</span> <span class='ocrx_word' id='word_1_473' title='bbox 1693 4919 1856 4990; x_wconf 70' lang='grc' dir='ltr'>ἤθους</span> <span class='ocrx_word' id='word_1_474' title='bbox 1901 4920 2045 4990; x_wconf 82' lang='grc' dir='ltr'>διερ-</span> 
     </span>
    </p>
   </div>
   <div class='ocr_carea' id='block_1_69' title="bbox 2118 4917 3716 4993">
    <p class='ocr_par' dir='ltr' id='par_1_69' title="bbox 2150 4918 3716 4993">
     <span class='ocr_line' id='line_1_69' title="bbox 2150 4918 3716 4993; baseline 0.003 -19"><span class='ocrx_word' id='word_1_475' title='bbox 2150 4920 2252 4985; x_wconf 91' lang='lat' dir='ltr'><strong>dit,</strong></span> <span class='ocrx_word' id='word_1_476' title='bbox 2302 4919 2574 4990; x_wconf 87' lang='lat' dir='ltr'><strong>siquidem</strong></span> <span class='ocrx_word' id='word_1_477' title='bbox 2612 4919 2687 4975; x_wconf 88' lang='lat' dir='ltr'><strong>ita</strong></span> <span class='ocrx_word' id='word_1_478' title='bbox 2715 4918 2953 4985; x_wconf 81' lang='lat' dir='ltr'><strong>ﬂoreret,</strong></span> <span class='ocrx_word' id='word_1_479' title='bbox 2987 4928 3047 4974; x_wconf 87' lang='lat' dir='ltr'><strong>ut</strong></span> <span class='ocrx_word' id='word_1_480' title='bbox 3094 4921 3189 4991; x_wconf 89' lang='lat' dir='ltr'><strong>qui</strong></span> <span class='ocrx_word' id='word_1_481' title='bbox 3226 4936 3373 4976; x_wconf 91' lang='lat' dir='ltr'><strong>nunc</strong></span> <span class='ocrx_word' id='word_1_482' title='bbox 3402 4922 3716 4993; x_wconf 80' lang='lat' dir='ltr'><strong>eloquentia</strong></span> 
     </span>
    </p>
   </div>
   <div class='ocr_carea' id='block_1_70' title="bbox 478 5008 2076 5082">
    <p class='ocr_par' dir='ltr' id='par_1_70' title="bbox 478 5008 2044 5082">
     <span class='ocr_line' id='line_1_70' title="bbox 478 5008 2044 5082; baseline 0.003 -22"><span class='ocrx_word' id='word_1_483' title='bbox 478 5008 726 5079; x_wconf 79' lang='grc' dir='ltr'>μηνεύων</span> <span class='ocrx_word' id='word_1_484' title='bbox 762 5010 827 5063; x_wconf 83' lang='grc' dir='ltr'><strong>ἐκ</strong></span> <span class='ocrx_word' id='word_1_485' title='bbox 854 5009 962 5063; x_wconf 89' lang='grc' dir='ltr'><strong>τῶν</strong></span> <span class='ocrx_word' id='word_1_486' title='bbox 994 5011 1250 5064; x_wconf 82' lang='grc' dir='ltr'>ἐναντίων</span> <span class='ocrx_word' id='word_1_487' title='bbox 1271 5012 1740 5082; x_wconf 84' lang='grc' dir='ltr'>συγκεκραμένην.</span> <span class='ocrx_word' id='word_1_488' title='bbox 1787 5010 1912 5074; x_wconf 87' lang='grc' dir='ltr'>Πῶς</span> <span class='ocrx_word' id='word_1_489' title='bbox 1945 5028 2044 5065; x_wconf 86' lang='grc' dir='ltr'>κα-</span> 
     </span>
    </p>
   </div>
   <div class='ocr_carea' id='block_1_71' title="bbox 2117 5008 3715 5082">
    <p class='ocr_par' dir='ltr' id='par_1_71' title="bbox 2149 5008 3715 5081">
     <span class='ocr_line' id='line_1_71' title="bbox 2149 5008 3715 5081; baseline 0.003 -17"><span class='ocrx_word' id='word_1_490' title='bbox 2149 5010 2356 5081; x_wconf 83' lang='lat' dir='ltr'><strong>vigent.</strong></span> <span class='ocrx_word' id='word_1_491' title='bbox 2416 5008 2523 5065; x_wconf 89' lang='lat' dir='ltr'><strong>Sed</strong></span> <span class='ocrx_word' id='word_1_492' title='bbox 2572 5025 2735 5079; x_wconf 88' lang='lat' dir='ltr'><strong>quam</strong></span> <span class='ocrx_word' id='word_1_493' title='bbox 2776 5010 3008 5067; x_wconf 79' lang='lat' dir='ltr'><strong>ostendo</strong></span> <span class='ocrx_word' id='word_1_494' title='bbox 3057 5016 3307 5081; x_wconf 80' lang='lat' dir='ltr'><strong>prompta</strong></span> <span class='ocrx_word' id='word_1_495' title='bbox 3355 5010 3613 5068; x_wconf 80' lang='lat' dir='ltr'><strong>voluntas</strong></span> <span class='ocrx_word' id='word_1_496' title='bbox 3660 5022 3715 5068; x_wconf 84' lang='lat' dir='ltr'><strong>et</strong></span> 
     </span>
    </p>
   </div>
   <div class='ocr_carea' id='block_1_72' title="bbox 477 5070 2075 5173">
    <p class='ocr_par' dir='ltr' id='par_1_72' title="bbox 477 5070 2075 5173">
     <span class='ocr_line' id='line_1_72' title="bbox 477 5070 2075 5173; baseline 0.003 -22"><span class='ocrx_word' id='word_1_497' title='bbox 477 5070 652 5169; x_wconf 72' lang='grc' dir='ltr'>θάπερ</span> <span class='ocrx_word' id='word_1_498' title='bbox 688 5102 807 5164; x_wconf 86' lang='grc' dir='ltr'>ταῖς</span> <span class='ocrx_word' id='word_1_499' title='bbox 845 5101 955 5153; x_wconf 90' lang='grc' dir='ltr'><strong>τῶν</strong></span> <span class='ocrx_word' id='word_1_500' title='bbox 999 5101 1281 5172; x_wconf 82' lang='grc' dir='ltr'>βλεφάρων</span> <span class='ocrx_word' id='word_1_501' title='bbox 1316 5070 1605 5173; x_wconf 70' lang='grc' dir='ltr'>προϐόλαῖς</span> <span class='ocrx_word' id='word_1_502' title='bbox 1642 5070 1702 5156; x_wconf 56' lang='lat' dir='ltr'><strong>{ei</strong></span> <span class='ocrx_word' id='word_1_503' title='bbox 1748 5101 1856 5156; x_wconf 85' lang='grc' dir='ltr'><strong>τῶν</strong></span> <span class='ocrx_word' id='word_1_504' title='bbox 1891 5070 2075 5156; x_wconf 45' lang='grc' dir='ltr'>ἀκτίέ</span> 
     </span>
    </p>
   </div>
   <div class='ocr_carea' id='block_1_73' title="bbox 2120 5070 3718 5173">
    <p class='ocr_par' dir='ltr' id='par_1_73' title="bbox 2150 5070 3718 5170">
     <span class='ocr_line' id='line_1_73' title="bbox 2150 5070 3718 5170; baseline 0.005 -18"><span class='ocrx_word' id='word_1_505' title='bbox 2150 5070 2319 5154; x_wconf 75' lang='lat' dir='ltr'><strong>animi</strong></span> <span class='ocrx_word' id='word_1_506' title='bbox 2350 5070 2667 5170; x_wconf 80' lang='lat' dir='ltr'><strong>propensio,</strong></span> <span class='ocrx_word' id='word_1_507' title='bbox 2700 5115 2809 5155; x_wconf 90' lang='lat' dir='ltr'><strong>non</strong></span> <span class='ocrx_word' id='word_1_508' title='bbox 2844 5115 2910 5155; x_wconf 91' lang='lat' dir='ltr'><strong>eo</strong></span> <span class='ocrx_word' id='word_1_509' title='bbox 2941 5070 3197 5169; x_wconf 75' lang='lat' dir='ltr'><strong>pertinet,</strong></span> <span class='ocrx_word' id='word_1_510' title='bbox 3216 5070 3289 5154; x_wconf 57' lang='grc' dir='ltr'><strong>ἰιι</strong></span> <span class='ocrx_word' id='word_1_511' title='bbox 3316 5114 3381 5155; x_wconf 84' lang='lat' dir='ltr'><strong>ex</strong></span> <span class='ocrx_word' id='word_1_512' title='bbox 3409 5101 3522 5158; x_wconf 80' lang='lat' dir='ltr'><strong>tuis</strong></span> <span class='ocrx_word' id='word_1_513' title='bbox 3550 5103 3718 5160; x_wconf 83' lang='lat' dir='ltr'><strong>rebus</strong></span> 
     </span>
    </p>
   </div>
   <div class='ocr_carea' id='block_1_74' title="bbox 477 5190 2075 5266">
    <p class='ocr_par' dir='ltr' id='par_1_74' title="bbox 477 5190 2047 5263">
     <span class='ocr_line' id='line_1_74' title="bbox 477 5190 2047 5263; baseline 0.003 -22"><span class='ocrx_word' id='word_1_514' title='bbox 477 5206 580 5243; x_wconf 88' lang='grc' dir='ltr'><strong>νων</strong></span> <span class='ocrx_word' id='word_1_515' title='bbox 627 5191 866 5262; x_wconf 84' lang='grc' dir='ltr'>ἄκρατον</span> <span class='ocrx_word' id='word_1_516' title='bbox 914 5193 949 5263; x_wconf 81' lang='grc' dir='ltr'>ἡ</span> <span class='ocrx_word' id='word_1_517' title='bbox 998 5192 1158 5261; x_wconf 85' lang='grc' dir='ltr'>φύσις</span> <span class='ocrx_word' id='word_1_518' title='bbox 1206 5190 1636 5257; x_wconf 79' lang='grc' dir='ltr'>ἐπισκιάζουσα,</span> <span class='ocrx_word' id='word_1_519' title='bbox 1706 5193 2047 5263; x_wconf 85' lang='grc' dir='ltr'>κεκραμένον</span> 
     </span>
    </p>
   </div>
   <div class='ocr_carea' id='block_1_75' title="bbox 2120 5190 3718 5266">
    <p class='ocr_par' dir='ltr' id='par_1_75' title="bbox 2152 5191 3718 5266">
     <span class='ocr_line' id='line_1_75' title="bbox 2152 5191 3718 5266; baseline 0.004 -23"><span class='ocrx_word' id='word_1_520' title='bbox 2152 5191 2357 5261; x_wconf 90' lang='lat' dir='ltr'><strong>aliquid</strong></span> <span class='ocrx_word' id='word_1_521' title='bbox 2390 5207 2662 5262; x_wconf 78' lang='lat' dir='ltr'><strong>exponere</strong></span> <span class='ocrx_word' id='word_1_522' title='bbox 2689 5194 2871 5247; x_wconf 85' lang='lat' dir='ltr'><strong>velim.</strong></span> <span class='ocrx_word' id='word_1_523' title='bbox 2903 5192 2955 5245; x_wconf 87' lang='lat' dir='ltr'><strong>ld</strong></span> <span class='ocrx_word' id='word_1_524' title='bbox 3001 5193 3146 5247; x_wconf 89' lang='lat' dir='ltr'><strong>enim</strong></span> <span class='ocrx_word' id='word_1_525' title='bbox 3178 5194 3499 5259; x_wconf 87' lang='lat' dir='ltr'><strong>vehemens,</strong></span> <span class='ocrx_word' id='word_1_526' title='bbox 3526 5196 3718 5266; x_wconf 89' lang='lat' dir='ltr'><strong>copio-</strong></span> 
     </span>
    </p>
   </div>
   <div class='ocr_carea' id='block_1_76' title="bbox 477 5278 2075 5357">
    <p class='ocr_par' dir='ltr' id='par_1_76' title="bbox 477 5278 2048 5352">
     <span class='ocr_line' id='line_1_76' title="bbox 477 5278 2048 5352; baseline 0.003 -23"><span class='ocrx_word' id='word_1_527' title='bbox 477 5279 738 5349; x_wconf 82' lang='grc' dir='ltr'>προσάγει</span> <span class='ocrx_word' id='word_1_528' title='bbox 783 5278 846 5334; x_wconf 78' lang='grc' dir='ltr'>τὸ</span> <span class='ocrx_word' id='word_1_529' title='bbox 888 5281 1090 5349; x_wconf 76' lang='grc' dir='ltr'>φέγγος</span> <span class='ocrx_word' id='word_1_530' title='bbox 1148 5282 1260 5345; x_wconf 87' lang='grc' dir='ltr'>τοῖς</span> <span class='ocrx_word' id='word_1_531' title='bbox 1302 5281 1575 5351; x_wconf 83' lang='grc' dir='ltr'>δμμασιν,</span> <span class='ocrx_word' id='word_1_532' title='bbox 1643 5281 1719 5344; x_wconf 83' lang='grc' dir='ltr'><strong>ὡς</strong></span> <span class='ocrx_word' id='word_1_533' title='bbox 1754 5281 1823 5334; x_wconf 83' lang='grc' dir='ltr'>ἃν</span> <span class='ocrx_word' id='word_1_534' title='bbox 1879 5298 2048 5352; x_wconf 89' lang='grc' dir='ltr'>προσ-</span> 
     </span>
    </p>
   </div>
   <div class='ocr_carea' id='block_1_77' title="bbox 2118 5278 3716 5357">
    <p class='ocr_par' dir='ltr' id='par_1_77' title="bbox 2151 5282 3716 5357">
     <span class='ocr_line' id='line_1_77' title="bbox 2151 5282 3716 5357; baseline 0.002 -20"><span class='ocrx_word' id='word_1_535' title='bbox 2151 5297 2322 5354; x_wconf 89' lang='lat' dir='ltr'><strong>saque</strong></span> <span class='ocrx_word' id='word_1_536' title='bbox 2376 5291 2431 5337; x_wconf 89' lang='lat' dir='ltr'><strong>et</strong></span> <span class='ocrx_word' id='word_1_537' title='bbox 2483 5282 2759 5337; x_wconf 84' lang='lat' dir='ltr'><strong>elaborata</strong></span> <span class='ocrx_word' id='word_1_538' title='bbox 2812 5284 2899 5337; x_wconf 88' lang='lat' dir='ltr'><strong>vix</strong></span> <span class='ocrx_word' id='word_1_539' title='bbox 2946 5294 3274 5354; x_wconf 85' lang='lat' dir='ltr'><strong>assequatur</strong></span> <span class='ocrx_word' id='word_1_540' title='bbox 3322 5286 3522 5352; x_wconf 89' lang='lat' dir='ltr'><strong>oratio,</strong></span> <span class='ocrx_word' id='word_1_541' title='bbox 3582 5287 3716 5357; x_wconf 80' lang='lat' dir='ltr'><strong>quin</strong></span> 
     </span>
    </p>
   </div>
   <div class='ocr_carea' id='block_1_78' title="bbox 478 5370 2076 5450">
    <p class='ocr_par' dir='ltr' id='par_1_78' title="bbox 478 5370 2047 5444">
     <span class='ocr_line' id='line_1_78' title="bbox 478 5370 2047 5444; baseline -0.01 -2"><span class='ocrx_word' id='word_1_542' title='bbox 478 5370 608 5441; x_wconf 78' lang='grc' dir='ltr'>ηνὴς</span> <span class='ocrx_word' id='word_1_543' title='bbox 651 5372 681 5424; x_wconf 80' lang='grc' dir='ltr'><strong>ὁ</strong></span> <span class='ocrx_word' id='word_1_544' title='bbox 732 5371 883 5442; x_wconf 77' lang='grc' dir='ltr'>ἥλιος</span> <span class='ocrx_word' id='word_1_545' title='bbox 923 5372 1136 5441; x_wconf 87' lang='grc' dir='ltr'>γένοιτο</span> <span class='ocrx_word' id='word_1_546' title='bbox 1159 5412 1175 5438; x_wconf 96' lang='grc'><strong>,</strong></span> <span class='ocrx_word' id='word_1_547' title='bbox 1204 5372 1339 5443; x_wconf 85' lang='grc' dir='ltr'>πρὸς</span> <span class='ocrx_word' id='word_1_548' title='bbox 1376 5371 1477 5443; x_wconf 78' lang='grc' dir='ltr'>τὴν</span> <span class='ocrx_word' id='word_1_549' title='bbox 1514 5372 1581 5424; x_wconf 83' lang='grc' dir='ltr'><strong>ἐκ</strong></span> <span class='ocrx_word' id='word_1_550' title='bbox 1620 5371 1728 5425; x_wconf 87' lang='grc' dir='ltr'><strong>τῶν</strong></span> <span class='ocrx_word' id='word_1_551' title='bbox 1762 5372 2047 5444; x_wconf 79' lang='grc' dir='ltr'>βλεφάρων</span> 
     </span>
    </p>
   </div>
   <div class='ocr_carea' id='block_1_79' title="bbox 2118 5370 3716 5450">
    <p class='ocr_par' dir='ltr' id='par_1_79' title="bbox 2150 5375 3716 5450">
     <span class='ocr_line' id='line_1_79' title="bbox 2150 5375 3716 5450; baseline 0.004 -24"><span class='ocrx_word' id='word_1_552' title='bbox 2150 5375 2322 5427; x_wconf 91' lang='lat' dir='ltr'><strong>multa</strong></span> <span class='ocrx_word' id='word_1_553' title='bbox 2361 5388 2470 5428; x_wconf 93' lang='lat' dir='ltr'><strong>non</strong></span> <span class='ocrx_word' id='word_1_554' title='bbox 2513 5382 2841 5445; x_wconf 86' lang='lat' dir='ltr'><strong>assequatur</strong></span> <span class='ocrx_word' id='word_1_555' title='bbox 2879 5390 3002 5446; x_wconf 72' lang='lat' dir='ltr'><strong>qua:</strong></span> <span class='ocrx_word' id='word_1_556' title='bbox 3035 5391 3137 5447; x_wconf 82' lang='lat' dir='ltr'><strong>pro</strong></span> <span class='ocrx_word' id='word_1_557' title='bbox 3186 5377 3453 5450; x_wconf 83' lang='lat' dir='ltr'><strong>dignitate</strong></span> <span class='ocrx_word' id='word_1_558' title='bbox 3484 5378 3562 5433; x_wconf 89' lang='lat' dir='ltr'><strong>rei</strong></span> <span class='ocrx_word' id='word_1_559' title='bbox 3605 5392 3716 5432; x_wconf 83' lang='lat' dir='ltr'><strong>non</strong></span> 
     </span>
    </p>
   </div>
   <div class='ocr_carea' id='block_1_80' title="bbox 479 5463 2077 5542">
    <p class='ocr_par' dir='ltr' id='par_1_80' title="bbox 479 5463 2047 5536">
     <span class='ocr_line' id='line_1_80' title="bbox 479 5463 2047 5536; baseline 0.001 -20"><span class='ocrx_word' id='word_1_560' title='bbox 479 5463 635 5516; x_wconf 75' lang='grc' dir='ltr'>σκιάν</span> <span class='ocrx_word' id='word_1_561' title='bbox 670 5463 998 5536; x_wconf 83' lang='grc' dir='ltr'>συμμέτρως</span> <span class='ocrx_word' id='word_1_562' title='bbox 1028 5465 1095 5535; x_wconf 76' lang='grc' dir='ltr'>τῇ</span> <span class='ocrx_word' id='word_1_563' title='bbox 1138 5463 1298 5535; x_wconf 72' lang='grc' dir='ltr'>χρείᾳ</span> <span class='ocrx_word' id='word_1_564' title='bbox 1333 5464 1830 5536; x_wconf 83' lang='grc' dir='ltr'>κατακιρνάμενος,</span> <span class='ocrx_word' id='word_1_565' title='bbox 1873 5464 2047 5528; x_wconf 76' lang='grc' dir='ltr'>οὕτως</span> 
     </span>
    </p>
   </div>
   <div class='ocr_carea' id='block_1_81' title="bbox 2118 5463 3716 5542">
    <p class='ocr_par' dir='ltr' id='par_1_81' title="bbox 2150 5467 3716 5542">
     <span class='ocr_line' id='line_1_81' title="bbox 2150 5467 3716 5542; baseline 0.003 -24"><span class='ocrx_word' id='word_1_566' title='bbox 2150 5472 2368 5528; x_wconf 86' lang='lat' dir='ltr'><strong>tractet,</strong></span> <span class='ocrx_word' id='word_1_567' title='bbox 2418 5481 2540 5537; x_wconf 68' lang='lat' dir='ltr'><strong>qua</strong></span> <span class='ocrx_word' id='word_1_568' title='bbox 2572 5467 2896 5521; x_wconf 88' lang='lat' dir='ltr'><strong>immensam</strong></span> <span class='ocrx_word' id='word_1_569' title='bbox 2928 5476 2984 5524; x_wconf 90' lang='lat' dir='ltr'><strong>et</strong></span> <span class='ocrx_word' id='word_1_570' title='bbox 3019 5468 3169 5525; x_wconf 88' lang='lat' dir='ltr'><strong>omni</strong></span> <span class='ocrx_word' id='word_1_571' title='bbox 3219 5470 3524 5526; x_wconf 81' lang='lat' dir='ltr'><strong>imitatione</strong></span> <span class='ocrx_word' id='word_1_572' title='bbox 3554 5486 3716 5542; x_wconf 83' lang='lat' dir='ltr'><strong>supe-</strong></span> 
     </span>
    </p>
   </div>
   <div class='ocr_carea' id='block_1_82' title="bbox 477 5554 2075 5631">
    <p class='ocr_par' dir='ltr' id='par_1_82' title="bbox 477 5554 2047 5627">
     <span class='ocr_line' id='line_1_82' title="bbox 477 5554 2047 5627; baseline 0.002 -21"><span class='ocrx_word' id='word_1_573' title='bbox 477 5555 540 5606; x_wconf 79' lang='grc' dir='ltr'>τὺ</span> <span class='ocrx_word' id='word_1_574' title='bbox 564 5555 759 5625; x_wconf 82' lang='grc' dir='ltr'>σεμνόν</span> <span class='ocrx_word' id='word_1_575' title='bbox 789 5572 849 5609; x_wconf 84' lang='grc' dir='ltr'><strong>τε</strong></span> <span class='ocrx_word' id='word_1_576' title='bbox 878 5555 973 5610; x_wconf 82' lang='grc' dir='ltr'>καὶ</span> <span class='ocrx_word' id='word_1_577' title='bbox 1003 5555 1341 5625; x_wconf 53' lang='grc' dir='ltr'>μεγώοφυές</span> <span class='ocrx_word' id='word_1_578' title='bbox 1370 5556 1465 5610; x_wconf 81' lang='grc' dir='ltr'>τοῦ</span> <span class='ocrx_word' id='word_1_579' title='bbox 1498 5554 1661 5626; x_wconf 77' lang='grc' dir='ltr'>ῆθους</span> <span class='ocrx_word' id='word_1_580' title='bbox 1695 5557 1761 5627; x_wconf 76' lang='grc' dir='ltr'>τῇ</span> <span class='ocrx_word' id='word_1_581' title='bbox 1788 5556 2047 5627; x_wconf 78' lang='grc' dir='ltr'>ἐμμέτρῳ</span> 
     </span>
    </p>
   </div>
   <div class='ocr_carea' id='block_1_83' title="bbox 2120 5554 3718 5631">
    <p class='ocr_par' dir='ltr' id='par_1_83' title="bbox 2153 5557 3718 5631">
     <span class='ocr_line' id='line_1_83' title="bbox 2153 5557 3718 5631; baseline 0.002 -20"><span class='ocrx_word' id='word_1_582' title='bbox 2153 5557 2356 5612; x_wconf 90' lang='lat' dir='ltr'><strong>riorem</strong></span> <span class='ocrx_word' id='word_1_583' title='bbox 2397 5558 2539 5614; x_wconf 85' lang='lat' dir='ltr'><strong>hanc</strong></span> <span class='ocrx_word' id='word_1_584' title='bbox 2569 5573 2787 5613; x_wconf 91' lang='lat' dir='ltr'><strong>morum</strong></span> <span class='ocrx_word' id='word_1_585' title='bbox 2832 5566 2888 5614; x_wconf 91' lang='lat' dir='ltr'><strong>et</strong></span> <span class='ocrx_word' id='word_1_586' title='bbox 2920 5558 3128 5631; x_wconf 86' lang='lat' dir='ltr'><strong>ingenii</strong></span> <span class='ocrx_word' id='word_1_587' title='bbox 3174 5561 3621 5617; x_wconf 84' lang='lat' dir='ltr'><strong>concordantiam</strong></span> <span class='ocrx_word' id='word_1_588' title='bbox 3663 5568 3718 5614; x_wconf 74' lang='lat' dir='ltr'><strong>rt</strong></span> 
     </span>
    </p>
   </div>
   <div class='ocr_carea' id='block_1_84' title="bbox 478 5646 2076 5722">
    <p class='ocr_par' dir='ltr' id='par_1_84' title="bbox 478 5646 2047 5721">
     <span class='ocr_line' id='line_1_84' title="bbox 478 5646 2047 5721; baseline 0.002 -22"><span class='ocrx_word' id='word_1_589' title='bbox 478 5647 942 5721; x_wconf 80' lang='grc' dir='ltr'>ταπεινοφροσύνῃ</span> <span class='ocrx_word' id='word_1_590' title='bbox 966 5646 1452 5719; x_wconf 83' lang='grc' dir='ltr'>καταμιγνύμενον,</span> <span class='ocrx_word' id='word_1_591' title='bbox 1475 5648 1576 5701; x_wconf 80' lang='grc' dir='ltr'><strong>οὐκ</strong></span> <span class='ocrx_word' id='word_1_592' title='bbox 1597 5647 1925 5717; x_wconf 69' lang='grc' dir='ltr'>ἀποστρέφει</span> <span class='ocrx_word' id='word_1_593' title='bbox 1948 5647 2047 5711; x_wconf 83' lang='grc' dir='ltr'>τὰς</span> 
     </span>
    </p>
   </div>
   <div class='ocr_carea' id='block_1_85' title="bbox 2132 5646 3730 5722">
    <p class='ocr_par' dir='ltr' id='par_1_85' title="bbox 2154 5651 3730 5722">
     <span class='ocr_line' id='line_1_85' title="bbox 2154 5651 3730 5722; baseline 0.003 -19"><span class='ocrx_word' id='word_1_594' title='bbox 2154 5651 2574 5709; x_wconf 86' lang='lat' dir='ltr'><strong>consonantiam</strong></span> <span class='ocrx_word' id='word_1_595' title='bbox 2619 5667 2684 5707; x_wconf 86' lang='lat' dir='ltr'><strong>ex</strong></span> <span class='ocrx_word' id='word_1_596' title='bbox 2729 5653 3023 5709; x_wconf 89' lang='lat' dir='ltr'><strong>contrariis</strong></span> <span class='ocrx_word' id='word_1_597' title='bbox 3060 5653 3224 5710; x_wconf 83' lang='lat' dir='ltr'><strong>rebus</strong></span> <span class='ocrx_word' id='word_1_598' title='bbox 3255 5652 3628 5722; x_wconf 77' lang='lat' dir='ltr'><strong>compositam</strong></span> <span class='ocrx_word' id='word_1_599' title='bbox 3660 5660 3730 5707; x_wconf 46' lang='lat' dir='ltr'><strong>et&quot;</strong></span> 
     </span>
    </p>
   </div>
  </div>
