4046 6350
353 218 455 280 163

1600 217 1659 273 8.
1682 213 2013 274 GREGORII
2051 210 2348 274 NYSSENI

3520 217 3613 272 161

347 341 819 405 contemperatam
867 331 1176 404 susceperit
1221 330 1623 402 explicandam.
1667 329 1790 398 Quo
1829 346 1924 402 pa-

2032 331 2185 402 ὕψεις
2221 331 2332 384 τῶν
2376 329 2790 402 προσορῶντων,
2847 330 2980 384 ἀλλὰ
3033 331 3098 383 δι’
3148 330 3338 401 ἡδονῆς
3397 329 3615 399 βλέπειν

349 431 462 487 cto,
509 425 657 478 sicut
691 420 1076 494 palpebrarum
1116 421 1555 492 prominentibus
1586 421 1735 491 pilis,
1767 420 1928 492 quasi

349 514 495 568 vallo
523 514 764 583 objecto,
798 514 1095 584 puritatem
1127 521 1184 566 et
1207 512 1605 568 vehementiam
1643 511 1928 567 radiorum

351 614 551 661 natura
576 606 918 662 obumbrans
956 614 1010 660 et
1039 604 1320 674 frangens,
1351 610 1715 674 temperatum
1743 617 1808 658 ac
1845 603 1929 658 di-

354 698 534 753 lutum
582 697 934 769 splendorem
972 696 1154 752 oculis
1185 694 1375 764 infert,
1410 709 1520 766 quo
1560 693 1813 765 placidus
1846 694 1931 751 sol

351 805 452 860 pro
485 805 551 846 co
583 791 747 845 modo
787 804 948 859 quem
983 803 1118 844 usus
1147 786 1346 857 Poscit,
1373 801 1499 842 cum
1532 785 1724 842 umbra
1765 801 1929 856 quam

352 879 625 949 palpebrae
660 877 888 945 faciunt,
928 883 1376 946 contemperatus
1406 876 1659 940 exsistat,
1702 875 1778 929 ita
1801 867 1930 930 Amo-

352 987 474 1026 rum
509 970 752 1043 gravitas
796 977 962 1040 atque
989 967 1252 1039 maiestas
1282 981 1408 1023 cum
1444 965 1722 1022 moderata
1759 967 1930 1022 animi

347 1063 687 1119 demissione
726 1061 1039 1127 commista,
1089 1075 1201 1116 non
1237 1066 1448 1117 avertat
1475 1059 1671 1115 oculos
1718 1059 1932 1114 intuen-

347 1161 510 1223 tium,
575 1157 670 1213 sed
712 1155 1020 1228 jucundum
1072 1153 1274 1210 efﬁciat
1321 1153 1594 1218 obtutum,
1643 1159 1704 1206 ut
1753 1166 1932 1222 neque

347 1250 639 1322 gravitatis
670 1262 738 1303 ac
777 1245 1091 1304 severitatis
1135 1245 1402 1316 splendor
1435 1244 1793 1309 obscuretur,
1830 1257 1933 1300 ne-

348 1357 459 1410 que
489 1341 668 1396 latens
707 1339 764 1393 in
813 1338 999 1392 animo
1031 1337 1113 1393 vis
1165 1345 1388 1407 propter
1416 1336 1784 1392 humilitatem
1829 1333 1930 1392 de-

349 1429 638 1498 spiciatur,
687 1427 783 1484 sed
828 1428 1062 1482 alterum
1095 1426 1382 1497 aequaliter
1419 1427 1474 1481 in
1505 1435 1763 1498 utroque,
1811 1433 1928 1482 tum

352 1521 406 1574 in
435 1519 764 1575 celsitudine
809 1534 874 1574 ac
916 1519 1255 1576 sublimitate
1285 1520 1520 1578 comitas
1570 1528 1626 1578 et
1674 1521 1931 1577 humani-

349 1615 458 1673 tas,
493 1615 610 1662 tum
661 1608 718 1663 in
768 1608 1076 1665 lmmilitale
1108 1610 1225 1665 vice
1271 1624 1432 1666 versa
1463 1611 1705 1683 gravitas
1736 1619 1795 1667 et
1840 1626 1930 1668 se-

2030 422 2460 492 παρασκευάζει,
2491 423 2568 486 ὡς
2592 424 2728 493 μήτε
2757 421 2858 493 τῆς
2895 422 3221 492 σεμνότητος
3243 423 3344 492 τὴν
3390 435 3613 491 μαρμαυ

2031 512 2203 584 ρυγὴν
2243 512 2648 584 ἀμαυροῦσθαι,
2707 515 2844 586 μήτε
2890 514 2980 566 διά
3020 513 3410 586 ταπεινότητος
3445 531 3611 566 κατα-

2029 595 2347 675 φρονεῖσθαι
2374 605 2436 658 τὸ
2472 605 2798 670 ἐνδιάθετον,
2828 604 2966 660 ἀλλὰ
2988 604 3131 660 κατὰ
3156 605 3219 658 τὸ
3247 606 3362 659 ἴσον
3397 607 3455 658 ἐν
3484 606 3612 658 ἐκα-

2029 695 2174 767 τέρῳ
2198 696 2522 768 θεωρεῖσθαι
2547 696 2609 750 τὸ
2633 695 2840 768 ἕτερον,
2867 696 2926 750 ἐν
2950 713 3011 749 τε
3037 695 3118 766 τῷ
3146 695 3336 767 ὑψηλῷ
3364 695 3464 766 τὴν
3497 714 3613 749 κοι-

2029 786 2248 858 νότητα,
2271 790 2367 843 καὶ
2386 790 2444 844 ἐν
2463 788 2541 860 τῷ
2569 788 2810 860 ταπεινῷ
2830 787 2892 843 τὸ
2915 787 3148 859 ἔμπαλιν
3170 788 3270 860 τὴν
3289 789 3609 859 σεμνότητα.

2036 878 2226 941 Ἀλλος
2260 876 2436 931 ταῦτα
2469 877 2848 950 διεξερχέοθω,
2888 877 2982 930 καὶ
3008 877 3070 931 τὸ
3101 876 3482 948 πολυόμματον
3512 878 3612 946 τῆς

2028 969 2207 1040 ψυχῆς
2257 969 2585 1041 άνυμνείτω.
2636 969 2934 1041 Ἰσάριθμοι
2974 971 3095 1032 ταῖς
3148 968 3292 1040 θριξὶ
3337 969 3480 1040 τάχα
3514 972 3612 1041 τῆς

2030 1061 2272 1132 κεφαλῆς
2303 1062 2353 1115 οἱ
2382 1061 2484 1132 τῆς
2510 1061 2686 1133 ψυχῆς
2716 1059 3008 1132 ὀφθαλμοὶ,
3041 1061 3378 1138 πανταχόθεν
3415 1061 3610 1132 ἐπίσης

2029 1152 2123 1218 ὀξύ
2167 1171 2229 1206 τε
2258 1154 2356 1209 καὶ
2403 1153 2639 1218 ἀπλανὲς
2688 1151 3018 1224 δεδορκότες,
3046 1151 3187 1204 ὥστε
3238 1151 3520 1224 πόρῥωθέν
3551 1171 3610 1208 τε

2030 1244 2266 1316 προῖδεῖν
2296 1261 2311 1276 ο
2370 1244 2468 1299 καὶ
2523 1243 2598 1316 μὴ
2640 1244 2855 1313 ἀγνοεῖν
2905 1243 2971 1296 ἐκ
3005 1241 3100 1295 τοῦ
3148 1241 3432 1310 σύνεγγυς,
3478 1245 3611 1314 μηδὲ

2029 1335 2128 1408 τὴν
2155 1337 2349 1404 πεῖραν
2376 1335 2668 1406 ἀναμένειν
2694 1333 2787 1388 τοῦ
2819 1331 3221 1396 λυσιτελοῦντος
3251 1334 3569 1388 διδάσκαλον
3595 1351 3605 1364 ·

2029 1428 2168 1482 ἀλλὰ
2190 1428 2252 1482 τὸ
2287 1428 2387 1499 μὲν
2417 1431 2529 1492 τοῖς
2555 1427 2664 1481 τῶν
2687 1427 2917 1482 ἐλπίδων
2942 1427 3241 1500 ὀφθαλμοῖς
3263 1428 3524 1500 προορᾷν,
3550 1427 3611 1480 τὸ

2028 1521 2088 1576 δὲ
2115 1519 2340 1592 θεωρεῖν
2367 1520 2456 1574 διὰ
2485 1522 2586 1591 τῆς
2617 1521 2860 1592 μνήμης,
2894 1520 3022 1576 ἄλλο
3047 1538 3108 1574 τε
3143 1520 3201 1574 δέ
3235 1520 3376 1574 κατὰ
3407 1519 3469 1572 τὸ
3498 1521 3609 1572 ἐνέ-

2034 1610 2174 1674 στὼς
2202 1613 2261 1665 ἐν
2287 1611 2473 1684 κύκλῳ
2493 1611 2831 1686 περιαθρεῖν,
2855 1611 3031 1667 πάντα
3051 1612 3110 1667 δὲ
3137 1611 3280 1666 κατὰ
3306 1610 3501 1665 ταύτὸν
3527 1613 3609 1663 ἐν-

345 1701 553 1755 veritas
596 1699 1090 1756 animadvertatur.
1154 1701 1311 1757 Alius
1362 1703 1479 1758 haec
1535 1713 1811 1774 exponat,
1869 1711 1924 1760 et

2031 1706 2214 1776 εργεῖν
2246 1703 2568 1774 άσυγχύτως
2619 1705 2824 1768 πάσαις
2853 1706 2974 1769 ταῖς
2999 1704 3281 1768 τοιαύταις
3309 1704 3609 1776 ἐνεργείαις

345 1791 590 1846 animum
651 1793 815 1846 istum
867 1793 1247 1862 compluribus
1312 1795 1491 1851 oculis
1552 1796 1921 1867 insignitum,

2030 1796 2122 1851 τὸν
2149 1794 2274 1849 νοῦν
2304 1795 2654 1866 καταλλήλως
2683 1794 3095 1868 ἐπιμερίζοντα.

345 1884 602 1940 laudibus
631 1892 1016 1955 prosequatur.
1062 1885 1315 1941 Forsitan
1354 1887 1502 1941 enim
1540 1888 1683 1958 pilos
1717 1889 1916 1960 capitis
1957 1903 2190 1944 numero
2213 1896 2434 1959 aequant
2464 1889 2636 1943 animi
2671 1889 2840 1954 oculi,
2873 1889 3128 1959 undique
3197 1889 3406 1960 pariter
3431 1897 3484 1945 et
3543 1904 3606 1942 es

345 1993 505 2048 aequo
548 1986 762 2034 certum
801 1988 856 2035 et
890 1987 1112 2035 acutum
1152 1991 1485 2047 cernentes,
1542 1991 1604 2038 ut
1639 1991 1695 2039 et
1726 1999 1792 2039 cx
1831 1984 2133 2056 longinquo
2215 1981 2581 2054 prospiciant,
2637 1983 2891 2054 nihilque
2930 1982 3109 2054 fugiat
3167 1998 3233 2038 ac
3297 1982 3464 2038 lateat
3514 1997 3609 2036 cos

351 2090 421 2129 ex
458 2072 790 2143 propinquo,
845 2089 948 2129 nec
981 2073 1373 2143 experientiam
1428 2074 1684 2132 utilitatis
1725 2083 1780 2132 c:
1855 2077 2124 2133 commodi
2176 2076 2496 2147 magistram
2559 2082 2913 2146 exspectent;
2973 2073 3072 2132 sed
3161 2073 3309 2129 aliud
3387 2073 3608 2144 quidem

340 2165 522 2220 oculis
559 2163 677 2234 spei
729 2164 1070 2234 provideant,
1120 2165 1270 2220 aliud
1299 2181 1430 2222 vero
1455 2181 1552 2237 per
1591 2167 1912 2223 memoriam
1955 2178 2209 2232 cernant,
2254 2166 2404 2222 aliud
2433 2168 2567 2224 item
2617 2168 2671 2222 in
2713 2168 3004 2238 praesentia
3066 2166 3309 2238 undique
3368 2167 3607 2221 circum-

355 2274 470 2332 que
503 2260 653 2314 circa
683 2259 1150 2328 animadvertant,
1183 2262 1370 2316 omnia
1400 2277 1532 2318 vero
1572 2263 1736 2319 simul
1767 2270 1822 2319 et
1853 2264 2046 2320 eodem
2108 2273 2357 2335 tempore
2389 2264 2646 2319 omnibus
2721 2263 3034 2333 hujusmodi
3099 2263 3410 2319 actionibus
3486 2263 3601 2318 alis

352 2365 461 2423 que
507 2350 836 2405 confusione
887 2351 1280 2406 convenienter
1329 2358 1385 2405 et
1429 2358 1557 2421 apte
1609 2366 1765 2407 mens
1805 2367 1930 2406 sese
1974 2351 2314 2408 distribuens
2357 2351 2891 2422 accommodansque
2961 2349 3158 2406 efficiat
3198 2361 3254 2406 et
3330 2358 3606 2421 operetur.

415 2445 775 2502 Venerandas
838 2446 968 2502 item
1032 2446 1374 2517 paupertatis
1427 2445 1648 2502 divitias
1698 2447 1924 2503 admire-

2103 2446 2207 2502 Τόν
2239 2464 2300 2502 τε
2334 2447 2528 2518 σεμνὸν
2550 2446 2651 2516 τῆς
2672 2446 2861 2510 πενίας
2895 2444 3125 2500 πλοῦτον
3151 2443 3479 2517 θαυμαζέτω
3506 2445 3601 2496 πά-

346 2545 459 2602 tur,
491 2538 537 2592 si
561 2537 686 2607 quis
718 2544 909 2591 nostra
937 2543 1099 2592 aetate
1123 2543 1209 2591 est
1235 2537 1330 2606 qui
1357 2535 1630 2606 ejusmodi
1663 2551 1777 2590 rem
1802 2551 1924 2591 cum

2030 2543 2113 2596 λιν
2141 2544 2364 2607 ἐκεῖνος,
2412 2542 2468 2594 εί
2491 2541 2575 2604 τίς
2607 2542 2755 2594 ἐστιν
2779 2542 2838 2594 ἐν
2877 2538 2957 2609 τῷ
2991 2537 3112 2592 καθ’
3143 2539 3290 2609 ἡμᾶς
3326 2537 3427 2608 βίῳ
3455 2537 3607 2598 εἰδὼς

345 2629 508 2684 laude
536 2637 591 2683 et
625 2627 990 2684 admiratione
1037 2626 1319 2681 celebrare
1363 2625 1525 2681 sciat.
1572 2625 1653 2679 Ac
1695 2623 1924 2681 forsitan

2030 2629 2090 2683 τὸ
2118 2628 2360 2684 τοιοῦτον
2388 2631 2445 2684 ἐν
2475 2629 2684 2699 ἐπαίνῳ
2719 2627 2990 2681 ποιεῖσθαι
3021 2629 3116 2681 καὶ
3159 2626 3420 2696 θαύματι.
3457 2628 3605 2695 Τάχα

347 2720 570 2777 etiamsi
603 2720 760 2790 prius
788 2735 899 2774 non
917 2729 1057 2782 erat,
1095 2725 1152 2771 at
1179 2733 1328 2772 nunc
1357 2727 1579 2788 propter
1611 2723 1666 2771 te
1694 2730 1932 2786 pauper-

346 2817 476 2872 tatis
519 2828 739 2884 quoque
795 2811 1136 2867 desiderium
1183 2810 1435 2874 ﬂorcbit,
1494 2819 1699 2880 tuaque
1752 2807 1928 2863 termi-

345 2917 434 2963 tas
459 2916 627 2977 atque
662 2904 953 2975 frugalitas
989 2903 1308 2974 ingentibus
1339 2901 1518 2957 Crtesi
1557 2902 1677 2954 auri
1713 2900 1924 2971 ponde-

345 2998 500 3054 ribus
541 2997 749 3052 bcatior
789 2994 1100 3050 habebitur.
1140 2994 1445 3060 Quemnam
1475 2993 1620 3046 enim
1653 2993 1735 3046 vel
1779 3000 1927 3046 terra

345 3090 431 3144 vel
469 3103 620 3143 mare
650 3087 812 3142 ambo
841 3100 975 3141 suos
1008 3093 1307 3156 proventus
1343 3084 1576 3154 benigne
1605 3082 1930 3152 impartien-

346 3187 432 3234 tes
458 3179 532 3232 ita
563 3180 780 3233 beatum
810 3176 1192 3239 reddiderunt,
1239 3182 1298 3228 ut
1327 3180 1476 3227 tuam
1508 3173 1672 3226 vitam
1712 3172 1927 3223 animus

347 3269 453 3324 iste
480 3265 844 3325 materialium
877 3264 1198 3320 facultatum
1233 3271 1288 3318 et
1317 3261 1725 3317 mundauarum
1760 3274 1927 3328 opum

345 3361 730 3430 contemptor?
776 3359 849 3417 Ut
897 3359 1046 3416 enim
1095 3359 1173 3414 illi
1206 3357 1301 3429 qui
1341 3373 1374 3412 a
1427 3357 1576 3412 ferro
1619 3356 1927 3427 rubiginem

347 3453 678 3523 abstergunt
709 3461 764 3509 et
813 3452 1112 3519 abradunt,
1160 3449 1506 3522 splendidum
1547 3447 1601 3502 id
1631 3457 1685 3504 et
1726 3446 1794 3501 ad
1836 3461 1924 3500 ar-

345 3546 498 3618 genti
551 3545 723 3602 decus
768 3543 1040 3621 accedens
1079 3541 1342 3608 alliciunt,
1399 3541 1476 3595 ita
1522 3539 1620 3595 tibi
1671 3537 1796 3592 vita:
1837 3551 1927 3591 ra-

343 3640 494 3706 dius,
525 3638 656 3695 dum
690 3652 909 3708 semper
944 3650 977 3691 a
1011 3635 1266 3706 rubigine
1304 3632 1663 3704 pecuniarum
1696 3629 1928 3700 diligen-

346 3739 434 3786 ter
465 3737 828 3802 expurgatur,
874 3727 1083 3783 clarior
1132 3725 1330 3782 evasit.
1393 3723 1519 3780 llaec
1543 3736 1768 3796 quoque
1810 3721 1928 3780 elo-

346 3822 650 3894 quentibus
677 3835 745 3875 ac
778 3817 1008 3876 dicendi
1035 3816 1301 3874 facultate
1329 3814 1573 3887 praeditis
1605 3813 1925 3884 relinquan-

357 3921 486 3979 tur;
532 3920 592 3968 et
628 3909 779 3982 quod
810 3909 1044 3981 pulchre
1087 3908 1281 3975 calles,
1323 3907 1380 3962 in
1413 3905 1616 3977 quibus
1665 3906 1830 3964 rebus
1855 3919 1924 3961 ex

347 4002 667 4074 corruptione
719 4009 777 4058 et
829 4000 1187 4072 acceptione,
1247 4013 1413 4070 quam
1461 4013 1530 4054 ex
1588 3995 1926 4061 abstinentia

346 4095 489 4151 lucri
535 4093 664 4165 plus
694 4091 879 4149 laudis
925 4105 992 4148 ac
1021 4090 1209 4163 gloriae
1233 4089 1359 4161 quis
1405 4087 1548 4145 ferre
1595 4087 1795 4159 possit.
1833 4085 1926 4141 Li-

2028 2720 2086 2774 δέ
2115 2722 2164 2774 εί
2197 2721 2292 2776 καὶ
2310 2721 2385 2791 μὴ
2414 2720 2678 2792 πρότερον
2701 2715 2792 2790 ἦν,
2826 2718 2964 2774 ἀλλὰ
2993 2717 3087 2772 νῦν
3106 2719 3193 2772 διά
3219 2719 3279 2772 σὲ
3304 2719 3397 2772 καὶ
3425 2721 3608 2780 πενίας

2028 2814 2252 2884 ἀνθήσει
2276 2813 2460 2876 πόθος,
2491 2814 2579 2866 καὶ
2609 2812 2716 2882 πρὸ
2741 2812 2850 2864 τῶν
2880 2811 3299 2866 πολυταλάντων
3333 2810 3426 2864 τοῦ
3445 2812 3598 2883 Κροί-

2029 2919 2124 2955 σου
2154 2902 2409 2969 πλίνθων,
2444 2902 2478 2972 ή
2525 2901 2592 2971 σὴ
2621 2901 2912 2970 πλινθότης
2941 2900 3436 2971 μακαρισθήσεται.
3474 2901 3606 2953 Τίνα

2027 2990 2136 3061 γάρ
2164 2990 2498 3062 μακαριστὸν
2535 2990 2709 3054 οὑτως
2735 2989 2983 3055 ἀπέδειξε
3013 2991 3083 3060 γῆ
3115 3007 3177 3042 τε
3213 2989 3310 3042 καὶ
3344 2988 3607 3052 θάλασσα,

2026 3085 2146 3146 ταῖς
2181 3082 2339 3147 ἰδίαις
2371 3083 2606 3153 ἑκατέρα
2643 3081 2923 3153 προσόδοις
2967 3081 3307 3152 δεξιουμένη,
3349 3080 3382 3150 ἢ
3411 3080 3487 3142 ὡς
3517 3080 3608 3132 τὸν

2029 3173 2120 3227 σὺν
2151 3173 2264 3243 βίον
2296 3175 2330 3243 ἡ
2363 3173 2500 3244 πρὸς
2527 3173 2624 3244 τὴν
2663 3172 2852 3244 ὑλικὴν
2878 3171 3198 3244 περιουσίαν
3227 3170 3605 3234 άποδιάθεσις;

2039 3265 2126 3329 Ὦς
2174 3264 2284 3337 γὰρ
2327 3267 2376 3318 οἱ
2423 3263 2518 3318 τοῦ
2565 3264 2784 3336 σιδήρου
2821 3263 2914 3318 τὸν
2965 3262 3043 3316 ίδν
3080 3261 3422 3327 ἀποξέοντες,
3460 3260 3606 3312 στιλ-

2026 3355 2160 3411 πνὸν
2183 3354 2344 3408 αὑτδν
2371 3355 2466 3408 καὶ
2486 3355 2815 3427 ἀργυροειδῆ
2841 3353 3300 3426 κατεργάζονται,
3329 3351 3502 3415 οὑτως
3527 3352 3606 3404 σοὶ

2027 3447 2378 3520 φανερωτέρα
2409 3447 2632 3517 γέγονεν
2661 3448 2697 3519 ὴ
2727 3446 2822 3501 τοῦ
2853 3445 2970 3516 βίου
2997 3445 3176 3510 ἀκτὶς,
3208 3445 3298 3499 ἀεὶ
3319 3445 3387 3500 δι’
3415 3445 3600 3515 ἐπιμε-

2024 3538 2173 3602 λείας
2194 3537 2288 3591 τοῦ
2319 3538 2398 3591 ἰοῦ
2421 3537 2530 3592 τῶν
2557 3539 2854 3610 χρημάτων
2882 3536 3272 3608 καθαιρομένη.
3303 3537 3414 3590 Καὶ
3434 3536 3605 3589 ταῦτα

2026 3630 2308 3702 παρείσθω
2328 3632 2442 3694 τοῖς
2464 3631 2638 3684 εἰπεῖν
2668 3629 3008 3701 δυναμένοις,
3034 3629 3129 3683 καὶ
3160 3629 3242 3683 ὅτι
3276 3628 3456 3691 καλῶς
3479 3629 3599 3680 ἐπί-

2027 3736 2223 3773 στασαι
2251 3718 2312 3772 ἐν
2346 3718 2488 3772 τίσιν
2510 3719 2627 3772 ἐστὶ
2663 3717 2723 3772 τὸ
2747 3717 2931 3772 λαϐεῖν
2967 3718 3063 3772 τοῦ
3097 3717 3435 3793 καθαρεῦσαι
3467 3718 3604 3789 λήμ-

2029 3827 2200 3882 ματος
2219 3807 2576 3882 ἐνδοξότερον.
2621 3808 2722 3874 Δὸς
2752 3808 2861 3882 γάρ
2891 3827 2981 3881 μοι
3012 3808 3151 3880 μετὰ
3189 3809 3502 3880 παρρησίας
3529 3811 3604 3861 εί-

2025 3903 2171 3965 πεϊν,
2196 3901 2280 3956 ὅτι
2309 3901 2372 3956 οὑ
2413 3901 2630 3957 πάντων
2657 3901 2933 3974 ὑπερορᾷς
2976 3901 3086 3956 τῶν
3117 3900 3442 3974 λημμάτων,
3487 3901 3604 3954 ἀλλ’

2025 3986 2101 4046 ὧν
2125 3989 2279 4045 οὔπω
2305 4007 2390 4055 τις
2432 3990 2673 4061 ἅψασθαι
2718 3991 2828 4046 τῶν
2876 3990 3258 4063 προλαϐόντων
3301 3991 3603 4062 δεδύνηται,

2028 4083 2190 4155 μόνος
2212 4081 2554 4156 περιεδράξω
2585 4081 2747 4154 διπλῇ
2774 4084 2843 4154 τῇ
2871 4083 3035 4154 χειρί.
3073 4083 3220 4136 Ἀντὶ
3246 4082 3356 4154 γὰρ
3377 4082 3603 4152 ἐσθῆτός

346 4194 474 4245 ceat
514 4187 664 4244 enim
697 4185 834 4242 mihi
865 4198 994 4240 cum
1034 4183 1178 4239 bona
1217 4183 1374 4239 venia
1403 4189 1501 4238 tua
1540 4179 1749 4248 dicere,
1773 4177 1923 4250 quod

2025 4192 2173 4257 τινος
2195 4175 2248 4254 ᾗ.
2268 4174 2616 4248 ἀνδραπόδων
2643 4175 2676 4246 ἢ
2704 4175 3020 4247 χρημάτων,
3049 4174 3220 4238 αὑτὰς
3246 4174 3355 4228 τῶν
3391 4174 3602 4244 ἀνθρώ-

268 4343 278 4352 ,
346 4294 460 4335 non
487 4277 674 4356 omnia
700 4277 856 4332 lucra
881 4275 1122 4347 despicis
1144 4283 1308 4346 atque
1330 4271 1660 4340 contemnis,
1678 4269 1774 4327 sed
1801 4285 1924 4342 qua

347 4385 511 4439 nemo
559 4369 912 4440 superiorum
943 4366 1126 4422 adhuc
1169 4365 1440 4438 attingere
1479 4371 1537 4420 et
1577 4363 1798 4435 assequi
1828 4377 1924 4434 po-

344 4459 472 4527 tuit,
501 4474 566 4515 ea
599 4459 870 4515 ambabus
892 4458 1150 4516 manibus
1178 4458 1332 4515 solus
1359 4456 1679 4528 complexus
1704 4471 1786 4512 es.
1814 4455 1924 4510 Pro

347 4560 499 4609 veste
547 4551 696 4608 enim
745 4551 932 4622 aliqua
984 4550 1251 4622 pretiosa,
1308 4563 1408 4620 pro
1453 4546 1768 4619 mancipiis,
1820 4561 1922 4617 pro

346 4641 599 4712 pecuniis
645 4641 797 4711 ipsas
836 4640 1120 4695 hominum
1160 4640 1372 4696 animas
1414 4647 1626 4710 captas,
1674 4647 1730 4695 et
1761 4638 1817 4694 in
1843 4639 1923 4694 di-

346 4731 598 4787 lectionis
627 4729 890 4786 tbesauro
928 4727 1208 4799 depositas
1238 4735 1410 4782 tenes.
1462 4725 1590 4782 Haec
1621 4725 1920 4796 scriptores

341 4831 398 4880 et
457 4830 730 4888 oratores,
785 4821 987 4892 quibus
1041 4818 1356 4889 huiusmodi
1409 4833 1498 4874 res
1547 4817 1772 4888 pulchre
1821 4817 1918 4870 de-

343 4913 588 4970 scribere
629 4918 958 4990 ornamento
999 4917 1106 4974 est,
1150 4918 1458 4979 exponant;
1501 4917 1691 4962 nostra
1735 4912 1918 4960 autem

341 4989 755 5061 scnilisioratio
791 4989 1004 5058 tantum
1058 5016 1184 5059 sese
1236 5008 1454 5056 moveat
1499 5008 1555 5055 et
1592 4999 1816 5062 excitet,
1858 5005 1920 5052 ut

343 5096 674 5166 pedetentim
713 5101 1081 5166 persequatur
1106 5107 1139 5147 a
1171 5099 1267 5148 tua
1301 5091 1571 5162 sapientia
1601 5089 1762 5146 nobis
1791 5103 1919 5158 pro-

343 5185 577 5255 positam
612 5186 996 5256 quaestionem,
1031 5175 1236 5253 nempe
1253 5181 1386 5252 quid
1415 5189 1656 5237 statuere
1686 5185 1743 5236 et
1766 5178 1918 5250 judi-

339 5291 468 5331 care
499 5284 750 5347 oporteat
778 5276 846 5331 de
875 5275 946 5332 iis
975 5275 1070 5347 qui
1100 5281 1425 5346 praemature
1454 5273 1824 5344 abripiuntur,
1858 5273 1914 5327 in

341 5366 543 5438 quibus
588 5365 849 5421 nativitas
881 5366 1058 5434 ;morti
1108 5363 1503 5436 propemodum
1537 5363 1912 5434 conjungitur.

342 5459 491 5522 Quas
524 5470 611 5511 res
660 5456 824 5510 etiam
875 5458 1096 5527 sapiens
1130 5457 1220 5513 ille
1270 5456 1414 5511 inter
1440 5463 1698 5511 externos
1735 5454 1911 5520 Plato,

341 5563 468 5602 cum
514 5548 686 5600 multa
715 5561 782 5601 ex
817 5563 1050 5617 persona
1081 5549 1221 5618 ejus,
1254 5550 1347 5619 qui
1399 5547 1708 5611 revixisset,
1741 5547 1910 5616 deju'-

336 5638 498 5695 diciis
528 5654 647 5712 qua:
675 5638 786 5696 illic
819 5639 960 5711 apud
1003 5640 1212 5698 inferos
1253 5650 1631 5704 exerceantur,
1671 5639 1906 5712 philoso-

2024 4283 2146 4325 πων
2164 4267 2266 4341 τὰς
2283 4265 2463 4338 ψυχάς
2489 4264 2669 4322 λαϐὼν
2691 4265 2857 4338 ἔχεις,
2881 4265 2961 4337 τῷ
2983 4263 3242 4336 θησαυρῷ
3257 4267 3358 4336 τῆς
3380 4265 3603 4334 ἀγάπης

2023 4357 2440 4429 ἐναποθέμενος.
2476 4356 2664 4413 Ταῦτα
2677 4356 3012 4430 λογογράφοι
3041 4357 3136 4411 καὶ
3157 4357 3411 4425 σοφισταὶ
3440 4355 3602 4422 διεξί-

2023 4465 2225 4514 τωσαν,
2256 4444 2341 4513 οἷς
2373 4448 2577 4517 κόσμος
2605 4447 2788 4511 καλῶς
2826 4447 2896 4501 τά
2925 4445 3149 4501 τοιαῦτα
3179 4445 3442 4519 γράφειν·
3486 4447 3516 4499 ὁ
3543 4445 3602 4500 δὲ

2021 4541 2245 4610 γήρειος
2288 4539 2446 4611 ἡμῶν
2490 4539 2680 4608 λόγος,
2727 4539 2982 4593 τοσοῦτον
3021 4536 3214 4592 ἐαυτὸν
3254 4537 3598 4601 ὑποκινείτω,

2020 4630 2145 4684 ὅσον
2178 4630 2344 4702 βάδην
2369 4629 2677 4695 ἐπεξελθεῖν
2707 4629 2785 4700 τῷ
2809 4629 3120 4701 προτεθέντι
3153 4629 3290 4701 ἡμῖν
3322 4627 3475 4700 παρὰ
3499 4630 3600 4700 τῆς

2021 4721 2123 4793 σῆς
2169 4721 2362 4790 σοφίας
2393 4720 2762 4792 προϐλήματι,
2795 4720 2850 4774 τί
2885 4720 2994 4792 χρὴ
3017 4720 3307 4790 γινώσκειν
3336 4721 3466 4792 περὶ
3487 4719 3600 4773 τῶν

2022 4813 2129 4884 πρὸ
2153 4812 2300 4883 ὥρας
2332 4810 2819 4883 άναρπαζομένων,
2855 4812 2941 4881 ἐφ’
2971 4806 3048 4866 ὧν
3083 4811 3281 4884 μικροῦ
3308 4812 3418 4866 δεῖν
3445 4813 3480 4883 ἡ
3507 4811 3600 4880 γέ-

2018 4922 2166 4969 νεσις
2207 4904 2286 4976 τῷ
2315 4905 2530 4974 θανάτῳ
2574 4906 2905 4960 συνάπτεται
2926 4923 2939 4937 °
2989 4907 3083 4959 καὶ
3123 4907 3154 4959 ό
3200 4905 3361 4974 σοφὸς
3395 4905 3454 4958 ἐν
3486 4907 3598 4966 τοῖς

2019 4997 2124 5062 ἔξω
2173 4996 2398 5051 Πλάτων
2449 4996 2649 5062 πολλάς
2691 5000 2757 5052 ἐκ
2818 4997 3112 5070 προσώπου
3170 4998 3598 5060 άναϐεϐιωκότος

2019 5091 2148 5162 περὶ
2170 5091 2278 5144 τῶν
2303 5091 2513 5145 ἐκεῖθεν
2552 5090 2918 5163 δικαστηρίων
2947 5091 3335 5162 φιλοσοφήσας,
3383 5090 3598 5160 ἀφῆκεν

2015 5181 2430 5254 άπόρῤητα,·ὡς
2474 5181 2761 5252 κρείττονα
2805 5180 3200 5252 ὅντα-δηλαδὴ,
3243 5181 3278 5252 ἢ
3311 5179 3454 5235 ὥστε
3491 5181 3598 5232 ὑπὸ

2016 5269 2274 5341 λογισμὸν
2299 5270 2643 5342 ἀνθρώπινον
2680 5270 2878 5327 ἐλθεῖν.
2917 5271 2993 5325 ‘El
3028 5269 3130 5343 μὲν
3156 5265 3326 5324 οὖνητι
3356 5267 3597 5323 τοιοῦτον

2015 5361 2076 5416 ἐν
2098 5363 2212 5424 τοῖς
2229 5361 2619 5434 ἐξητασμένοις
2642 5361 2904 5427 ἐστὶν,ὡς
2931 5361 3083 5418 λύειν
3111 5360 3209 5425 τὰς
3232 5358 3327 5415 τοῦ
3355 5359 3595 5431 προϐλή-

2019 5470 2187 5524 ματος
2215 5453 2565 5525 ἀμφιϐολίας,
2589 5455 2719 5528 δέξῃ
2749 5456 2952 5527 δηλαδὴ
2977 5455 3069 5510 τὸν
3093 5443 3385 5527 εὑρεθέντα
3403 5453 3590 5521 λόγον·

2019 5548 2068 5600 εί
2085 5547 2139 5599 δὲ
2163 5547 2259 5618 μὴ,
2274 5545 2564 5619 συγγνὼσῃ
2585 5549 2801 5611 πάντως
2819 5547 2897 5618 τῷ
2911 5549 2980 5618 γή
2990 5547 3262 5618 ρᾳ,”μόνην
3279 5545 3378 5615 τὴν
3394 5542 3595 5615 προθυ-

2019 5640 2146 5711 μίαν
2171 5640 2325 5712 ἡμῶν
2352 5643 2431 5705 είς
2458 5642 2518 5696 τὸ
2547 5643 2848 5712 παρασχεῖν
2871 5641 2922 5695 τί
2947 5657 3027 5695 σοι
3048 5641 3155 5693 τῶν
3187 5635 3594 5708 κεχαρισμένων
