4046 6350
441 236 545 293 165

1116 234 1207 290 DE
1264 232 1687 289 INFANTIBUS
1740 233 1861 299 QUI
1907 230 2364 291 PR/EMATURE
2411 236 2905 298 ABRIPIUNTUR.

3581 243 3686 301 {66

434 352 847 421 ἀποδεξάμενος.
877 353 987 405 Καὶ
1017 353 1124 422 γὰρ
1150 353 1238 405 τὸν
1258 352 1462 422 Ξέρξην
1485 352 1688 403 ἐκεῖνον
1714 350 1804 401 τὸν
1829 351 2006 402 πᾶσαν

2111 349 2273 420 phico
2322 366 2471 406 more
2516 352 2892 417 disseruisset,
2938 354 3158 424 rcliquit
3202 355 3585 427 inetpflicatas,
3626 367 3685 414 ut

434 444 533 515 τὴν
548 447 635 513 ὕφ’
658 445 793 514 ἡλίῳ
818 445 1015 516 μικροῦ
1035 446 1146 498 δεῖν
1168 446 1228 497 ἓν
1250 443 1604 512 στρατόπεδον
1624 441 2007 511 ποιησάμενον,

437 536 530 587 καὶ
581 537 756 588 πᾶσαν
786 536 962 606 ἑαυτῷ
1002 535 1356 604 συγκινοῦντα
1394 535 1494 603 τὴν
1537 532 1878 602 οἰκουμένην,
1920 532 2008 584 ὅτε

436 625 574 676 κατά
595 625 702 677 τῶν
730 625 997 695 Ἐλλήνων
1024 627 1372 695 ἐστράτευσε,
1399 622 1515 693 μεθ’
1541 623 1733 693 ἡδονῆς
1760 620 2008 685 δέξασθαί

436 731 599 784 φησιν
620 718 649 767 ό
664 715 821 781 λόγος
844 714 1073 784 πένητός
1093 732 1236 779 τινος
1254 714 1446 786 δῶρον.
1471 713 1657 783 ’Υδωρ
1682 711 1737 764 δὲ
1756 712 1819 764 τὸ
1841 710 2009 775 ξένιον

433 802 522 875 ἦν,
553 808 647 859 καὶ
675 806 831 860 τοῦτο
865 807 967 859 οὐκ
996 808 1055 861 ὲν
1083 806 1311 876 κεράμῳ
1348 806 1668 875 φερόμενον,
1704 802 1819 857 ἀλλ’
1848 802 1906 855 ὲν
1930 799 2008 870 τῷ

436 896 597 968 κοίλῳ
626 900 725 967 τῆς
755 898 862 950 τῶν
884 897 1081 969 χειρῶν
1104 896 1361 965 παλάμης
1382 894 1788 965 περιεχόμενον.
1822 890 2008 955 Οὕτως

432 985 527 1041 οὖν
574 988 668 1042 καὶ
718 990 783 1041 σύ
828 989 968 1041 κατά
1023 990 1123 1059 τὴν
1172 988 1478 1059 προσοῦσάν
1518 1004 1599 1039 σοι
1642 985 2007 1056 μεγαλοφυῖαν

436 1080 649 1148 μιμήσῃ
679 1078 895 1140 πάντως
925 1079 1149 1141 ἐκεῖνον,
1176 1070 1221 1144 ᾧ
1242 1076 1415 1146 δῶρον
1444 1076 1660 1143 ἐγένετο
1687 1077 1722 1146 ἡ
1751 1074 2009 1145 προαίρε-

436 1186 538 1231 σις,
570 1168 726 1238 εἴπερ
755 1168 911 1237 ἡμῶν
940 1168 1113 1238 βραχύ
1142 1184 1201 1220 τε
1242 1168 1335 1219 καὶ
1359 1166 1625 1228 ὑδατῶδες
1657 1165 1908 1236 εὑρεθείη
1946 1165 2007 1217 τὸ

431 1260 621 1331 δῶρον.
659 1261 869 1329 Ὥσπερ
902 1260 993 1311 ἐπὶ
1032 1258 1137 1311 τῶν
1162 1258 1432 1329 οὐρανίων
1466 1256 1756 1326 θαυμάτων
1776 1258 1879 1327 ὁρᾷ
1907 1255 2006 1326 μὲν

432 1349 625 1417 ἐπίσης
645 1347 715 1400 τά
744 1349 1038 1418 φαινόμενα
1070 1347 1260 1416 κάλλη,
1294 1346 1396 1399 κᾶν
1425 1347 1873 1417 πεπαιδευμένος,
1900 1347 2004 1402 κᾶν

441 1438 654 1509 ἰδιώτης
685 1438 821 1509 τύχῃ
852 1456 934 1498 τις
959 1437 1034 1491 ὢν
1068 1438 1097 1488 ὁ
1128 1439 1264 1509 πρὸς
1296 1438 1386 1491 τὸν
1411 1438 1637 1508 οὐρανὸν
1661 1437 1999 1491 ἀναϐλέπων

428 1532 714 1584 διανοεῖται
754 1530 810 1582 δὲ
854 1530 923 1582 τὰ
962 1531 1091 1600 περὶ
1139 1529 1316 1582 αὐτῶν
1359 1530 1455 1598 οὐχ
1504 1528 1737 1598 ὁμοίως,
1771 1528 1852 1580 ὅτι
1896 1527 2005 1581 ἀπὸ

430 1621 745 1691 φιλοσοφίας
782 1621 1101 1691 ὁρμώμενος
1122 1660 1137 1685 ,
1170 1622 1263 1674 καὶ
1303 1623 1332 1673 ό
1360 1622 1548 1690 μόναις
1569 1621 1690 1684 ταῖς
1719 1619 2002 1689 αἰσθήσεσι

2108 455 2231 509 qua:
2277 441 2517 511 majores
2562 443 2815 496 videlicet
2856 450 3062 507 essent,
3095 459 3259 514 quam
3295 461 3417 514 quae
3448 450 3553 502 sub
3599 463 3684 501 ra~

2109 530 2517 586 tiocinationem
2583 540 2637 585 ct
2690 531 3062 601 conjecturam
3126 535 3421 589 humanam
3488 540 3684 590 cadere

2106 630 2354 692 possent.
2401 623 2459 677 Si
2513 624 2684 693 igitur
2722 624 2927 692 aliquid
2963 624 3183 693 quidem
3219 626 3326 681 tale
3376 638 3461 682 est
3518 629 3572 683 in
3616 631 3684 684 iis

2107 728 2230 784 qua:
2261 714 2649 783 perpendimus
2684 722 2848 784 atque
2879 716 3108 769 scrutati
3137 732 3349 784 sumus,
3384 720 3532 788 quod
3567 722 3683 773 Sol-

2106 812 2196 858 vat
2227 805 2521 875 proposita:
2565 805 2890 875 quaestionis
2937 808 3355 877 ambiguitates,’
3388 811 3682 879 amplecte-

2107 895 2185 951 ris
2234 907 2287 951 et
2338 897 2705 966 approbabis,
2740 897 3000 952 nimirum
3058 899 3332 952 inventam
3373 900 3679 955 rationem:

2106 988 2192 1043 sin
2237 988 2442 1050 minus,
2503 990 2768 1043 senectuti
2812 1004 3040 1059 prorsus
3074 989 3349 1059 ignosces,
3401 991 3682 1061 solamque

2105 1079 2272 1133 animi
2306 1079 2477 1134 nostri
2506 1081 2954 1149 propensionem,
2986 1094 3094 1150 qua
3124 1081 3221 1133 tibi
3254 1088 3468 1150 gratum
3502 1082 3683 1136 facere

2104 1170 2377 1238 cupimus,
2431 1170 2782 1239 approbabis.
2836 1171 3049 1225 Etenim
3090 1170 3325 1225 Xerxem
3370 1172 3546 1238 illum,
3583 1176 3677 1243 qui

2106 1260 2418 1313 universam
2470 1260 2858 1329 propemodum
2891 1276 3013 1329 qua!
3045 1262 3151 1317 sub
3190 1262 3306 1317 sole
3340 1271 3426 1316 est
3471 1271 3677 1317 terram

2108 1366 2215 1405 una
2263 1358 2447 1404 castra
2486 1351 2635 1415 fecit,
2682 1358 2736 1405 et
2786 1366 3003 1405 omnem
3054 1360 3326 1407 terrarum
3363 1355 3552 1406 orbem
3591 1370 3677 1409 sc-

2103 1455 2229 1495 cum
2283 1442 2472 1506 movit,
2530 1456 2653 1496 cum
2698 1441 2963 1497 adversus
3005 1441 3232 1497 Graecos
3271 1445 3677 1513 expeditionem

2105 1528 2254 1594 fecit,
2288 1537 2437 1584 tenet
2482 1530 2626 1583 fama
2674 1532 2931 1600 pauperis
2968 1531 3257 1600 cujusdam
3306 1548 3509 1586 munus
3552 1548 3678 1586 cum

2104 1620 2380 1690 voluptate
2426 1620 2727 1688 accepisse.
2782 1620 2838 1674 ld
2876 1630 3057 1676 autem
3086 1623 3290 1676 donum
3345 1638 3487 1692 aqua
3535 1634 3678 1687 erat,

427 1714 489 1765 τὸ
536 1712 857 1783 φαινόμενον
905 1712 1235 1782 ἐπιτρέπων.
1292 1706 1458 1774 Οὗτος
1511 1710 1609 1781 μὲν
1644 1709 1752 1779 γὰρ
1803 1711 1836 1781 ἢ
1885 1711 2006 1772 ταῖς

2108 1724 2276 1778 eaque
2309 1723 2419 1762 non
2468 1709 2522 1763 in
2582 1709 2731 1763 ﬁctili
2764 1724 2892 1765 vase
2940 1710 3237 1775 ferebatur,
3286 1713 3382 1767 scd
3437 1714 3491 1766 in
3544 1728 3679 1766 cava

431 1805 645 1857 ἀκτῖσιν
675 1804 863 1873 ἥδεται
906 1803 998 1856 τοῦ
1044 1804 1218 1873 ἡλίου,
1258 1804 1292 1876 ἦ
1329 1804 1390 1855 τὸ
1421 1803 1617 1865 κάλλος
1658 1802 1764 1854 τῶν
1790 1802 2005 1871 ἄστρων

430 1895 705 1964 θαύματος
732 1894 882 1959 ἄξιον
905 1895 1099 1966 κρίνει,
1133 1895 1167 1965 ἢ
1190 1895 1279 1948 τὸν
1310 1893 1540 1965 ἀριθμὸν
1574 1892 1666 1945 τοῦ
1697 1890 2000 1960 σεληνιαίου

427 1985 627 2055 δρόμου
653 1985 743 2037 ἐπὶ
769 1982 862 2037 τοῦ
899 1984 1069 2054 μηνὸς
1099 1985 1499 2055 παρετήρησεν.

2111 1814 2371 1853 manuum
2409 1800 2585 1868 palma
2618 1801 3004 1855 continebatur
3033 1819 3048 1855 :
3080 1802 3161 1855 sic
3196 1816 3327 1872 ergo
3357 1810 3415 1856 tu
3461 1819 3681 1873 quoque

2108 1906 2209 1960 pro
2236 1904 2323 1956 ea,
2358 1905 2465 1960 qua
2496 1891 2756 1961 praeditus
2785 1906 2846 1945 es
2886 1892 3055 1945 animi
3101 1893 3500 1961 magnitudine,
3526 1911 3682 1963 ιιι-οι·-

2105 1995 2200 2035 sus
2223 1981 2374 2035 illum
2408 1981 2731 2045 imitaberis,
2764 1980 2853 2035 cui
2887 1996 2984 2051 pro
3016 1997 3244 2038 munere
3269 1984 3522 2038 voluntas
3550 1986 3677 2049 fuit,

432 2081 479 2134 si
527 2090 777 2135 nostrum
813 2083 1017 2135 donum
1064 2089 1118 2133 et
1166 2081 1421 2150 exiguum
1460 2086 1514 2131 et
1552 2092 1790 2147 aqueum
1839 2076 2007 2131 fuerit
2066 2076 2370 2131 inventum.
2405 2074 2872 2140 Quemadmodum
2920 2076 2974 2129 in
3015 2077 3335 2133 coelestibus
3401 2079 3679 2133 miraculis

432 2182 758 2239 apparentes
794 2171 1236 2243 pulchritudines
1274 2186 1338 2225 ex
1369 2184 1525 2239 mque
1562 2169 1782 2239 quidem
1834 2168 2003 2234 videt,
2079 2168 2195 2223 sive
2223 2168 2498 2231 eruditus,
2533 2168 2647 2223 sive
2677 2168 2832 2223 rudis
2870 2175 2924 2222 et
2954 2168 3124 2223 idiota
3154 2168 3355 2236 fuerit,
3402 2171 3450 2225 is
3479 2172 3570 2240 qui
3624 2173 3678 2226 in

434 2266 635 2319 uelum
684 2268 919 2335 suspicit
950 2284 963 2319 :
999 2264 1093 2319 sed
1136 2265 1291 2318 aliter
1318 2265 1385 2317 de
1414 2263 1524 2318 illis
1568 2264 1843 2332 cogitatis,
1873 2263 1966 2332 qui
2010 2277 2039 2315 a
2072 2260 2514 2330 philosophiaad
2563 2262 3073 2331 contemplationem
3104 2276 3291 2316 earum
3346 2264 3515 2327 venit,
3575 2264 3678 2317 ali-

436 2366 522 2410 ter
549 2357 674 2421 item
722 2358 771 2411 is
796 2358 884 2426 qui
930 2358 1064 2411 solis
1101 2356 1357 2410 sensibus
1385 2356 1436 2409 id
1463 2354 1608 2426 quod
1641 2363 1867 2425 apparet
1894 2355 2178 2424 permittit.
2234 2354 2334 2407 llic
2422 2353 2569 2408 enim
2622 2353 2708 2407 vel
2796 2354 2988 2409 radiis
3032 2354 3166 2409 solis
3213 2354 3535 2419 delectatur,
3598 2356 3682 2410 vel

440 2448 911 2516 pttlt'hriltttlillem
946 2448 1186 2501 siderum
1236 2447 1501 2516 miraculo
1531 2446 1748 2515 dignam
1785 2444 2015 2513 jndicat,
2042 2444 2126 2499 vcl
2161 2458 2446 2498 numerum
2486 2443 2696 2497 lunaris
2722 2456 2922 2497 cursus
2956 2443 3011 2496 in
3044 2458 3232 2499 mense
3258 2444 3536 2498 observat.

514 2544 571 2594 ὐ
603 2544 657 2596 δὲ
689 2544 992 2613 διορατικὸς
1035 2543 1133 2612 τὴν
1179 2542 1376 2611 ψυχὴν,
1424 2542 1517 2594 καὶ
1559 2541 1644 2593 διὰ
1674 2541 2007 2603 παιδεύσεως

430 2632 566 2703 πρὸς
592 2632 689 2699 τὴν
734 2631 1057 2699 κατανόησιν
1107 2631 1213 2683 τῶν
1260 2630 1524 2699 οὐρανίων
1577 2629 2003 2699 κεκαθαρμένος,

430 2720 742 2774 καταλιπὼν
769 2720 940 2772 ταῦτα
961 2720 1026 2773 δι’
1047 2715 1120 2773 ὧν
1143 2721 1493 2789 εὐφραίνεται
1522 2719 1630 2771 τῶν
1653 2719 2007 2788 ἀλογωτέρων

430 2813 463 2880 ἡ
493 2810 760 2880 αἴσθησις,
810 2810 946 2880 πρὸς
991 2811 1090 2879 τὴν
1132 2812 1223 2864 τοῦ
1267 2810 1465 2874 παντὸς
1493 2810 1757 2880 ἁρμονίαν
1800 2808 2003 2877 βλέπει,

430 2902 525 2955 καὶ
555 2904 618 2954 ὲκ
641 2903 737 2972 τῆς
771 2902 1057 2970 ἐγκυκλίου
1094 2903 1357 2971 κινήσεως
1385 2901 1482 2971 τὴν
1511 2901 1575 2953 ἐκ
1599 2900 1708 2951 τῶν
1747 2899 2005 2953 ἐναντίων

430 2992 797 3063 εὐαρμοστίαν
820 2994 1125 3055 ἐπισκοπεῖ,
1153 2991 1268 3054 πῶς
1302 2994 1371 3062 τῇ
1396 2990 1625 3044 ἀπλανεῖ
1654 2992 1921 3060 περιφορᾷ
1952 2990 2001 3042 οἱ

431 3083 578 3145 ἐντὸς
606 3083 795 3136 κύκλοι
829 3084 964 3154 πρὸς
991 3084 1052 3137 τὸ
1090 3083 1323 3154 ἔμπαλιν
1364 3082 1733 3136 ἀνελίσσονται
1753 3098 1766 3111 ·
1799 3082 1914 3143 πῶς
1935 3081 2004 3134 τὰ

430 3176 490 3226 ὲν
520 3175 699 3237 αὐτοῖς
731 3174 1073 3244 θεωρούμενα
1093 3175 1199 3228 τῶν
1228 3174 1444 3244 ἄστρων
1476 3176 1770 3240 πολυειδῶς
1799 3192 2005 3246 σχημα-

429 3265 636 3328 τίζεται
661 3266 718 3318 ὲν
740 3267 1164 3337 προσεγγισμοίς
1194 3282 1255 3318 τε
1286 3266 1379 3319 καὶ
1398 3267 1750 3333 ἀποστάσεσι,
1769 3268 1862 3321 καὶ
1881 3268 2005 3321 ὐποο

430 3355 657 3425 δρομαῖς
680 3372 740 3407 τε
769 3356 861 3408 καὶ
882 3356 1174 3425 ἐκλείψεσι,
1200 3356 1293 3408 καὶ
1314 3358 1432 3419 ταῖς
1456 3357 1547 3409 ἐπὶ
1570 3358 1639 3411 τά
1668 3358 1873 3426 πλάγια
1900 3374 2005 3410 παο

434 3444 769 3516 ραδρομαῖς,
819 3446 916 3517 τὴν
963 3445 1303 3499 ἀδιάλειπτον
1353 3447 1567 3517 ἐκείνην
1615 3448 1877 3519 ἁρμονίαν
1917 3448 2005 3501 ἀεὶ

434 3538 572 3590 κατά
599 3538 668 3591 τὰ
708 3536 845 3590 αὐτά
883 3538 977 3591 καὶ
1013 3536 1272 3601 ὡσαύτως
1317 3538 1739 3610 ὲξεργαζόμενα,
1772 3535 1852 3603 οἷς
1884 3539 2004 3593 οὐδὲ

435 3628 529 3682 τοῦ
556 3629 889 3700 βραχυτάτου
917 3629 1024 3682 τῶν
1046 3629 1261 3698 ἄστρων
1289 3630 1323 3700 ἡ
1345 3629 1493 3693 θέσις
1522 3629 1829 3701 ἀθεώρητος
1851 3647 2005 3700 περι-

435 3722 647 3791 ορᾶται,
680 3720 815 3773 ἀλλά
846 3719 1024 3774 πάντα
1053 3720 1151 3789 τὴν
1195 3719 1317 3790 ἴσην
1345 3719 1571 3792 παρέχει
1615 3721 1865 3791 φροντίδα
1893 3722 2003 3783 τοῖς

436 3814 527 3867 διὰ
554 3813 652 3883 τῆς
677 3812 867 3881 σοφίας
899 3812 992 3866 ἐπὶ
1018 3813 1087 3866 τά
1108 3812 1220 3866 ἀνω
1245 3812 1340 3865 τὸν
1371 3813 1494 3868 νοῦν
1518 3813 1876 3884 μετοικίσασι.
1900 3812 2004 3866 Τὸν

435 3902 597 3958 αὐτὸν
631 3904 831 3973 τρόπον
862 3903 956 3956 καί⁵
992 3903 1078 3968 σύ,
1117 3896 1163 3957 ὦ
1208 3902 1367 3973 τιμία
1416 3920 1506 3973 μοι
1540 3903 1769 3974 κεφαλὴ,
1811 3903 1909 3974 τὴν
1946 3903 2004 3955 ὲν

433 3995 546 4057 τοῖς
572 3988 691 4046 οὖσι
718 3992 811 4046 τοῦ
847 3991 981 4046 Θεοῦ
1020 3992 1331 4063 οίκονομίαν
1373 3990 1603 4061 βλέπων,
1637 3993 1794 4063 ἀφεὶς
1824 3994 2005 4047 ἐκεῖνα

436 4084 565 4155 περὶ
589 4083 625 4137 ἀ
650 4081 757 4136 τῶν
790 4082 998 4135 πολλῶν
1028 4081 1252 4152 ἄσχολός
1280 4084 1426 4137 ἐστιν
1446 4085 1481 4154 ἡ
1505 4083 1710 4138 διάνοια
1744 4083 2004 4154 (πλοῦτον

439 4173 583 4242 λέγω
606 4174 695 4226 καὶ
714 4173 902 4243 τύφον,
931 4174 1022 4227 καὶ
1046 4172 1202 4244 δόξης
1230 4172 1525 4244 ἐπιθυμίαν
1548 4174 1729 4245 κενῆς,
1758 4174 1898 4244 άπερ
1920 4175 2007 4229 ἄν·

436 4282 628 4336 τικρυς
653 4265 887 4319 ἀκτίνων
918 4264 1072 4336 δίκην
1112 4265 1621 4336 περιαστράπτοντα
1647 4267 1773 4330 τοὺς
1799 4265 2005 4333 ἀλογωο
2034 4297 2083 4355 υ

434 4356 625 4427 τέρους
640 4357 957 4427 ἐκπλήττειν
972 4354 1181 4417 εἴωθεν)
1192 4397 1205 4420 ,
1218 4355 1336 4408 οὐδὲ
1350 4356 1417 4409 τὰ
1434 4356 1688 4410 δοκοῦντα
1710 4357 2005 4428 μικρότερα

435 4444 545 4497 τῶν
574 4446 631 4498 ἐν
664 4448 773 4509 τοῖς
806 4440 926 4499 οὖσι
959 4444 1346 4516 θεωρουμένων
1396 4444 1724 4509 ἀνεξέταστα
1752 4446 2003 4499 καταλεί-

435 4553 503 4589 πε
512 4555 579 4601 ις,
595 4537 683 4591 ἀνε
691 4537 894 4608 ρευνῶν
908 4553 966 4591 τε
988 4537 1079 4590 καὶ
1098 4536 1555 4607 διασκοπούμενος
1576 4536 1673 4607 τὴν
1690 4534 2003 4606 ἀνωμαλίαν

438 4627 534 4698 τῆς
564 4628 908 4697 ἀνθρωπίνης
956 4627 1100 4698 ζωῆς
1121 4642 1136 4656 ⁶
1170 4628 1231 4681 οὐ
1267 4628 1424 4697 μόνον
1452 4626 1549 4697 τὴν
1593 4626 1732 4680 κατά
1776 4627 2004 4681 πλοῦτον

426 4719 531 4771 καὶ
559 4716 747 4772 πενίαν
772 4718 1217 4789 θεωρουμένην,ἢ
1240 4718 1336 4780 τὰς
1357 4717 1498 4771 κατά
1517 4716 1586 4769 τά
1604 4717 1885 4787 ἀξιώματα
1912 4718 2004 4771 καὶ

436 4808 502 4860 τά
526 4810 655 4879 γένη
684 4808 945 4879 διαφορὰς
968 4804 1148 4875 (οἶδας
1172 4809 1279 4881 γάρ
1302 4807 1414 4861 ἀντ’
1431 4806 1643 4869 οὐδενὸς
1669 4801 1806 4859 εἶναι
1828 4807 2002 4861 ταῦτα

437 4896 517 4963 οἷς
548 4900 611 4953 τὸ
641 4896 779 4954 εἶναι
809 4901 867 4952 οὐ
894 4898 1014 4951 καθ’
1045 4900 1340 4952 ὑπόστασιν
1368 4899 1573 4951 οἰκείαν
1606 4898 1772 4963 ἐστὶν,
1799 4897 1913 4951 ἀλλ’
1946 4898 2003 4950 ἐν

436 4993 501 5060 τῇ
541 4990 740 5060 ματαίᾳ
769 4989 1027 5059 ὑπολήψει
1056 4989 1163 5041 τῶν
1198 4991 1309 5050 τοῖς
1350 4990 1422 5059 μὴ
1446 4984 1593 5042 οὖσιν
1622 4990 1697 5052 ὡς
1732 4990 2002 5059 ὑφεστῶσι

440 5082 886 5152 προσκεχηνότων
912 5097 924 5108 ’
960 5082 1006 5132 εἰ
1051 5076 1143 5135 οὖν
1179 5098 1263 5143 τις
1295 5080 1542 5150 ἀφέλοιτο
1568 5079 1661 5132 τοῦ
1690 5080 2004 5150 λαμπρυνο-

443 5172 600 5240 μένου
648 5174 714 5241 τῇ
744 5171 870 5244 δόξῃ
901 5170 1008 5223 τῶν
1038 5170 1116 5233 εἰς
1158 5169 1297 5223 αὐτά
1328 5170 1627 5239 βλεπόντων
1660 5170 1755 5241 τὴν
1785 5170 2001 5240 μύησιν,

439 5263 586 5315 οὐδὲν
612 5250 1069 5332 ὑπολειφθήσεταί
1083 5262 1160 5331 τῷ
1187 5261 1671 5331 μεγαλοφρονοῦντι
1695 5261 1785 5313 ἐπὶ
1803 5260 1880 5331 τῷ
1900 5262 2005 5314 δια·

440 5352 580 5422 κένῳ
628 5354 931 5423 φυσήματι,
980 5350 1081 5404 κᾶν
1128 5354 1279 5405 πάσα
1328 5352 1621 5421 χρημάτων
1673 5353 1707 5422 ἡ
1745 5351 1843 5422 ὐλη
1874 5353 2004 5421 παρ’

441 5442 587 5511 αὐτῷ
616 5443 1076 5513 κατορωρυγμὲνη
1103 5442 1302 5513 τύχῃ),
1335 5442 1473 5495 ἀλλά
1502 5460 1581 5495 σοι
1609 5442 1697 5494 διά
1728 5443 2003 5513 φροντίδος

440 5534 556 5585 ἐστὶ
575 5534 772 5601 γνῶναι
800 5535 869 5587 τά
895 5551 953 5586 τε
994 5534 1126 5587 ἄλλα
1167 5536 1264 5604 τῆς
1295 5534 1443 5598 θείας
1476 5534 1781 5603 οἰκονομίας
1815 5536 1950 5605 πρὸς
1974 5532 2006 5587 ὅ

440 5638 492 5675 τι
527 5623 630 5677 τῶν
652 5624 949 5693 γινομένων
975 5623 1206 5678 ἕκαστον
1233 5623 1437 5694 βλέπει,
1466 5624 1559 5679 καὶ
1582 5624 1721 5686 τίνος
1751 5622 1906 5693 χάριν
1928 5624 2006 5693 τῷ

2185 2541 2253 2593 At
2284 2542 2338 2594 is
2358 2540 2451 2607 qui
2482 2540 2666 2593 animo
2698 2540 2988 2608 perspicax
3020 2550 3074 2594 et
3098 2555 3194 2609 per
3220 2541 3581 2595 eruditionem
3610 2554 3679 2595 au

2110 2632 2623 2700 contemplationem
2675 2630 2979 2684 cmlestittnt
3026 2638 3292 2700 purgatus
3339 2642 3394 2686 et
3426 2633 3680 2687 excultus

2109 2731 2215 2784 est,
2269 2723 2492 2777 omissis
2537 2722 2624 2776 his
2681 2722 2884 2791 quibus
2931 2722 3141 2777 ratione
3188 2722 3372 2778 minus
3410 2724 3679 2777 utentium

2111 2825 2308 2865 sensus
2336 2810 2659 2874 delectatur,
2694 2824 2874 2864 rerum
2900 2810 3282 2866 universarum
3312 2812 3677 2878 harmoniam,

2113 2903 2215 2958 hoc
2241 2910 2326 2958 est
2368 2903 2799 2958 consentientem
2830 2912 2884 2957 et
2918 2905 3076 2973 quasi
3128 2905 3508 2961 concinentem
3544 2922 3677 2961 con-

2108 2980 2491 3065 spirationem,
2519 2995 2920 3064 copulationem
2956 3004 3120 3065 atque
3150 3000 3678 3066 coagmentationem

2108 3086 2371 3150 intuetur,
2410 3094 2465 3139 ct
2495 3101 2561 3140 ct
2597 3086 2853 3139 circulari
2885 3095 3050 3156 atque
3089 3087 3142 3141 in
3177 3088 3363 3142 orbem
3409 3089 3678 3144 redeunte

2110 3186 2257 3231 motu
2302 3191 2424 3232 eam
2476 3192 2597 3246 qua:
2636 3192 2702 3232 ex
2736 3178 3034 3233 contrariis
3083 3178 3163 3245 tit,
3220 3180 3580 3250 aptitudinem
3626 3189 3683 3235 et

2108 3267 2521 3338 congruentiam
2551 3268 2956 3338 contemplatur
2989 3288 3002 3324 :
3030 3284 3141 3340 quo
3162 3278 3321 3340 pacto
3343 3271 3506 3326 orbes
3538 3272 3680 3325 inte-

2106 3359 2283 3413 riores
2320 3358 2665 3412 revolutione
2692 3366 2954 3427 motuque
2994 3360 3292 3425 contrario,
3326 3368 3491 3429 atque
3536 3361 3679 3414 iner-

2109 3448 2352 3503 rantium
2398 3448 2651 3517 caeloque
2698 3447 3079 3504 inhaerentium
3120 3457 3176 3505 et
3220 3450 3510 3506 inﬁxarum
3546 3453 3682 3507 stel-

2110 3537 2283 3591 larum
2341 3534 2581 3590 ambitus
2632 3536 2921 3604 rotundus,
2977 3545 3126 3593 retro
3181 3546 3472 3594 versentur
3514 3547 3680 3609 atque

2110 3627 2401 3694 ferantur;
2445 3627 2726 3696 quomodo
2759 3627 2940 3684 sidera
2968 3644 3090 3699 qua:
3137 3630 3193 3684 in
3225 3630 3293 3684 iis
3321 3630 3681 3700 conspiciun-

2108 3728 2222 3783 tnr,
2255 3719 2671 3775 multiformiter
2699 3718 3021 3790 ﬁgurentur,
3051 3722 3242 3776 tumin
3272 3721 3678 3792 appropinqua-

2108 3810 2374 3872 tionibus.
2414 3811 2755 3875 accessibus,
2786 3812 3261 3882 eongrcssibusve,
3290 3820 3407 3867 tum
3447 3815 3681 3869 recessi.

2108 3900 2617 3970 bus,digressibus,
2646 3901 2948 3969 distantiis,
2994 3903 3520 3974 elongationibusve,
3562 3912 3677 3959 tum

2108 3992 2549 4062 subjectionibus
2585 4000 2749 4063 atque
2780 3992 3106 4058 defectibus,
3136 4002 3191 4049 et
3230 3994 3470 4066 obliquis
3500 4005 3680 4050 trans-

2111 4082 2369 4137 cursibus
2434 4081 2859 4148 indelicieutem,
2922 4083 3346 4150 indesinentcm,
3400 4085 3679 4147 stabilem.

2110 4179 2537 4242 perpetuamque
2575 4170 2729 4225 illam
2757 4173 3208 4228 concordantiam
3251 4182 3307 4229 et
3335 4175 3677 4231 harmoniam

2109 4280 2323 4335 semper
2347 4263 2632 4333 aequaliter
2661 4271 2716 4319 et
2742 4265 2931 4319 eodem
2966 4265 3131 4320 modo
3159 4264 3467 4328 ellicientia,
3492 4280 3523 4319 a
3558 4268 3682 4335 qni-

2106 4357 2209 4412 bus
2239 4372 2307 4412 ne
2338 4355 2549 4410 minimi
2575 4355 2794 4425 quidem
2832 4355 3031 4412 sideris
3061 4356 3202 4411 situs
3223 4371 3384 4426 quem
3408 4370 3518 4410 non
3546 4370 3678 4410 con-

2106 4446 2399 4517 templetur
2447 4445 2902 4515 prmtermittitur,
2958 4447 3055 4503 sed
3106 4446 3292 4501 omnia
3341 4461 3527 4516 parem
3582 4462 3682 4501 cu-

2106 4551 2221 4590 ram
2277 4537 2519 4607 praebent
2586 4536 2654 4592 iis
2698 4537 2792 4607 qui
2849 4552 2948 4608 per
2984 4538 3310 4609 sapientiam
3363 4538 3429 4592 ad
3482 4553 3680 4609 supera

2106 4637 2346 4681 mentem
2395 4626 2758 4683 traduxerunt
2801 4646 2816 4683 :
2852 4628 3042 4683 eodem
3096 4628 3260 4682 modo
3307 4638 3364 4684 tu
3424 4644 3677 4700 quoque,

2108 4731 2142 4769 ο
2167 4716 2395 4769 charum
2430 4715 2562 4769 mihi
2604 4725 2916 4786 caput,cum
2947 4716 3474 4772 administrationem
3506 4716 3595 4773 Dei
3626 4720 3680 4772 in

2110 4806 2272 4861 rebus
2310 4806 2582 4861 universis
2620 4807 2937 4862 consideras
2997 4807 3222 4864 omissis
3260 4808 3368 4864 illis
3390 4808 3533 4864 circa
3562 4825 3682 4877 qua:

2108 4897 2253 4967 vulgi
2284 4911 2437 4951 mens
2472 4908 2736 4966 occupata
2758 4906 2841 4952 est
2862 4896 2951 4965 (de
2984 4897 3187 4952 divitiis
3211 4898 3422 4967 loquor.
3458 4907 3512 4952 et
3543 4898 3679 4952 deli-

2109 4990 2234 5050 ciis,
2275 4997 2329 5042 et
2365 5003 2517 5043 vame
2546 4988 2731 5058 gloria:
2769 4989 3091 5058 cupiditate,
3126 5005 3248 5059 qua:
3286 5005 3374 5045 res
3407 4990 3564 5059 plane
3594 5008 3681 5045 ra-

2113 5077 2326 5131 diorum
2350 5076 2404 5130 in
2430 5076 2648 5130 modum
2677 5079 2833 5147 quasi
2859 5076 3071 5146 fulgure
3105 5079 3544 5149 praestringentes
3585 5096 3681 5134 eos

2112 5166 2203 5237 qui
2226 5167 2435 5222 ratione
2458 5167 2637 5223 minus
2663 5177 2910 5227 utuntur.
2928 5170 3359 5240 obstupefaccrc,
3380 5180 3542 5241 atque
3564 5187 3682 5240 per.

2112 5258 2325 5317 culsos,
2373 5256 2631 5311 attonitos
2661 5265 2715 5309 et
2768 5264 3149 5312 consternatos
3206 5256 3431 5313 reddere
3462 5258 3682 5325 solent),

2113 5364 2215 5402 nec
2242 5362 2303 5401 ea
2350 5348 2591 5417 quidem,
2641 5363 2761 5416 quae
2791 5347 3015 5401 minima
3065 5348 3341 5416 videntur,
3373 5365 3438 5404 ex
3471 5350 3538 5404 iis
3566 5365 3685 5419 qua:

2113 5443 2167 5495 in
2200 5440 2362 5495 rebus
2412 5440 2684 5494 universis
2713 5438 3151 5503 considerantur,
3186 5443 3472 5495 inexcussa
3519 5442 3684 5494 relin-

2113 5530 2261 5600 quis,
2294 5530 2675 5593 considerans,
2711 5528 3009 5598 dispiciens
3032 5538 3085 5585 et
3117 5539 3373 5586 scrutans
3406 5532 3687 5601 inaequali-

2113 5629 2280 5677 tatem
2309 5622 2559 5677 humanae
2595 5623 2716 5678 vitae
2743 5638 2754 5673 :
2778 5637 2888 5677 non
2927 5636 3047 5677 cum
3080 5622 3366 5687 duntaxat,
3390 5638 3510 5694 qua:
3536 5623 3684 5685 circa
