4096 6354
413 225 514 282 167

1659 215 1718 272 S.
1762 211 2090 271 GREGORII
2131 210 2426 269 NYSSENI

3578 212 3681 269 ιοιι

409 341 633 396 divitias
661 347 717 394 et
751 345 1132 410 paupertatem
1163 337 1576 402 consideratur,
1608 336 1693 392 vel
1752 335 1996 408 dignita-

2105 334 2205 406 μὲν
2231 335 2312 398 είς
2339 334 2518 406 γῆρας
2546 333 2760 405 μακρὸν
2791 334 3178 404 παρεκτείνεται
3210 332 3245 404 ἡ
3277 330 3413 402 ζωὴ,
3442 330 3473 383 ὁ
3507 329 3566 384 δὲ
3590 346 3682 385 το-

413 441 530 485 tum
561 437 618 484 et
647 443 915 498 generum
962 416 1302 484 diﬂ‘erentias
1332 426 1501 496 (nosti
1544 426 1692 481 enim
1750 426 1865 480 bare
1899 439 2000 495 pro

409 523 584 578 nihilo
608 535 753 587 esse,
777 520 982 591 quibus
1011 516 1255 576 essentia
1284 534 1396 573 non
1425 527 1510 574 est
1539 517 1842 574 secundum
1877 531 2000 586 pro-

409 615 584 683 priam
608 613 1051 681 subsistentiam,
1089 611 1186 667 sed
1248 611 1304 665 in
1342 626 1482 665 vana
1515 611 1775 680 Opinione
1808 623 1998 663 eorum

405 707 503 777 qui
537 707 698 762 rebus
726 721 834 760 non
849 705 1090 771 entibus,
1112 705 1272 774 quasi
1293 703 1730 760 subsistentibus
1749 699 1994 754 inhiant:

408 815 535 855 nam
570 800 616 856 si
644 800 774 868 quis
804 798 1014 854 adimat
1041 799 1091 854 ei
1122 798 1221 868 qui
1245 797 1435 868 gloriae
1455 794 1751 868 splendore
1777 794 2000 848 inlla‘us

405 901 514 957 est,
562 893 877 963 opinionem
931 899 986 947 et
1017 889 1482 945 existimationem
1525 903 1717 944 eorum
1769 887 1862 956 qui
1899 886 1998 941 has

409 1000 499 1040 res
533 985 732 1040 intueri
770 983 974 1047 solent,
1001 981 1140 1041 nihil
1185 981 1535 1050 relinquetur
1563 978 1614 1034 ei
1647 979 1742 1048 qui
1771 992 1999 1047 magnos

406 1076 512 1131 sibi
535 1077 607 1130 ob
639 1091 728 1132 res
757 1089 925 1128 vanas
957 1073 1189 1143 spiritus
1229 1074 1420 1136 sumit,
1448 1083 1502 1126 et
1532 1071 1714 1141 inepte
1778 1071 1998 1125 intlatus

406 1177 528 1233 est,
595 1168 808 1224 etiamsi
877 1167 961 1222 vel
1031 1166 1286 1221 universa
1347 1165 1706 1234 pecuniarqu
1772 1166 1998 1219 materia

408 1277 574 1330 penes
645 1276 770 1317 eum
862 1258 1081 1314 defossa
1154 1257 1282 1328 sit).
1350 1256 1457 1311 Sed
1544 1256 1642 1310 tibi
1701 1270 1850 1310 curre
1914 1262 2001 1310 est

405 1354 571 1419 seire,
606 1369 732 1408 cum
802 1353 1019 1422 reliqua
1051 1351 1252 1406 divina:
1298 1349 1826 1412 administrationis,
1888 1363 2000 1418 quo

405 1447 651 1516 quidque
677 1454 885 1515 spectet
910 1460 1100 1500 eorum
1127 1459 1250 1515 qua:
1280 1444 1436 1508 ﬁunt,
1459 1451 1575 1497 tum
1601 1458 1708 1511 qua
1737 1443 1804 1496 de
1831 1455 2000 1495 causa
2043 1456 2046 1458 ‘

405 1544 498 1597 alii
521 1542 742 1612 quidem
770 1540 822 1593 in
853 1540 1068 1608 longam
1121 1545 1459 1593 senectutem
1490 1536 1600 1590 vita
1654 1541 1998 1605 prorogetur,

405 1634 547 1687 alius
568 1647 696 1686 vero
745 1631 1011 1684 hactenus
1049 1631 1176 1684 vitae
1239 1630 1514 1700 particeps
1569 1632 1661 1688 sit.
1729 1635 1999 1697 quatenus

2103 428 2293 481 σοῦτον
2325 427 2543 498 μετέχει
2572 425 2666 479 τοῦ
2697 425 2818 498 ζῇν,
2859 426 2986 480 ὅσον
3017 425 3090 478 δι’
3121 423 3398 494 ἀναπνοῆς
3427 422 3522 476 τὸν
3546 423 3686 494 ἀέρα

2103 521 2332 584 σπάσαι,
2361 518 2458 573 καὶ
2489 518 2652 583 εὐθὺς
2687 517 2986 589 καταλῆξαι
3009 518 3101 572 τὸν
3137 517 3272 588 βίον.
3304 517 3367 569 Et
3399 515 3508 590 γὰρ
3535 515 3689 570 οὐδὲν

2101 614 2252 667 ἁοεεὶ
2275 614 2386 668 τῶν
2412 613 2472 666 ἐν
2500 613 2691 683 κόσμῳ
2711 611 2847 676 ἐστὶ,
2875 611 3054 665 πάντα
3077 610 3133 662 δὲ
3153 609 3251 678 τῆς
3281 608 3434 671 θείας
3456 607 3687 677 ἐξῆπται

2105 707 2430 777 βουλήσεως,
2458 705 2620 775 σοφὸν
2657 704 2716 757 δὲ
2749 704 2845 757 καὶ
2874 702 3230 775 προνοητικὸν
3257 701 3320 755 τὸ
3351 701 3515 766 θεῖον,
3547 699 3688 754 πάν-

2101 817 2208 863 τως
2236 817 2322 863 τις
2369 799 2556 852 ἔπεστι
2589 799 2683 851 καὶ
2731 796 2942 860 τούτοις
2971 796 3148 866 λόγος,
3187 795 3288 866 τῆς
3332 794 3525 864 σοφίας
3568 794 3686 864 ἅμα

2099 891 2196 945 τοῦ
2227 891 2363 944 Θεοῦ
2406 891 2502 946 καὶ
2527 890 2627 960 τῆς
2679 890 3042 960 προωητικῆς
3091 887 3404 959 ἐπιμελείας
3443 887 3512 941 τὰ
3543 903 3687 956 γνω-

2107 984 2350 1056 ρίσματα
2374 983 2576 1054 φέρων.
2592 981 2666 1034 Τὸ
2687 981 2796 1052 γὰρ
2817 982 2938 1053 είκῆ
2954 998 3014 1034 τε
3033 983 3126 1035 καὶ
3142 980 3353 1050 ἀλόγως
3381 979 3684 1050 γινόμενον.

2100 1078 2200 1130 οὐκ
2231 1075 2478 1147 ἄνεργον
2511 1071 2597 1143 εἴη
2629 1071 2786 1125 Θεοῦ.
2813 1071 2948 1125 Θεοῦ
2981 1072 3090 1143 γὰρ
3133 1072 3284 1134 ἴδιον,
3313 1068 3495 1134 καθώς
3519 1085 3686 1139 φησιν

2101 1170 2134 1240 ἡ
2171 1168 2383 1240 Γραφὴ,
2415 1167 2476 1220 τὸ
2501 1167 2680 1219 πάντα
2707 1165 2763 1216 ἐν
2797 1164 2960 1235 σοφίᾳ
2988 1167 3180 1218 ποιεῖν.
3217 1163 3296 1216 Τί.
3314 1159 3410 1216 οὖν
3434 1161 3496 1216 τὺ
3522 1160 3686 1231 σοφὸν

2101 1262 2159 1314 ἐν
2205 1258 2440 1329 ὲκείνῳς
2491 1259 2743 1330 Παρῆλθε
2776 1258 2863 1312 διὰ
2904 1257 3211 1327 γεννήσεως
3255 1257 3338 1318 εἰς
3377 1254 3471 1307 τὸν
3516 1253 3630 1324 βίον
3657 1254 3687 1306 ὁ

2101 1352 2410 1422 ἄνθρωπος,
2461 1351 2666 1405 ἔσπασε
2707 1350 2796 1404 τὸν
2835 1351 3009 1422 ἀέρα,
3064 1348 3173 1402 ἀπὸ
3208 1346 3456 1419 οἰμωγῆς
3488 1346 3550 1399 τὸ
3585 1344 3687 1416 ζῇν

2102 1445 2325 1517 ἤρξατο,
2355 1448 2736 1519 ἐλειτούργησε
2767 1448 2829 1518 τῇ
2855 1447 3015 1516 φύσει
3041 1446 3102 1500 τὸ
3125 1445 3380 1514 δάκρυον,
3404 1441 3688 1512 ἀπὴρξατο

2101 1535 2180 1606 τῷ
2208 1537 2307 1608 βίῳ
2335 1537 2441 1590 τῶν
2475 1537 2710 1609 θρήνων,
2750 1539 2880 1608 πρίν
2905 1553 3049 1598 τινος
3077 1535 3370 1606 μετασχεῖν
3408 1532 3518 1586 τῶν
3543 1531 3684 1584 κατὰ

2102 1630 2192 1682 τὸν
2236 1630 2348 1700 βίον
2380 1630 2572 1700 ἡδέων,
2619 1630 2749 1700 πρὶν
2795 1628 3098 1698 τονωθῆναι
3141 1626 3241 1697 τὴν
3284 1623 3557 1695 αἴσθησιν,
3605 1623 3686 1675 ἔτι

406 1738 504 1792 νυι·
550 1721 968 1790 respirationem
1007 1735 1189 1774 acrem
1230 1719 1493 1782 hauriat,
1525 1727 1579 1772 et
1627 1718 1881 1788 protinus
1914 1717 1998 1769 vi-

2105 1685 2677 1791 ).slujiévo;'raig’rtbu
2715 1721 2892 1791 μελῶν
2926 1685 3232 1791 ἁρμονίαις,
3262 1685 3469 1781 ἁπαλός
3499 1685 3557 1768 τε
3591 1716 3687 1768 καὶ

404 1827 514 1869 tam
546 1815 717 1869 ﬁniat.
750 1813 883 1867 Nam
907 1813 951 1867 si
982 1811 1118 1865 nihil
1150 1821 1340 1865 eorum
1368 1824 1488 1879 qum
1519 1808 1812 1863 inmundo
1845 1815 1996 1874 sunt,

406 1927 514 1963 non
548 1925 577 1961 a
611 1908 720 1962 Deo
744 1916 847 1966 est.
878 1904 973 1961 sed
1009 1903 1195 1957 omnia
1230 1917 1259 1956 a
1292 1902 1476 1956 divina
1524 1901 1804 1955 volantate
1863 1913 1998 1968 pcn-

404 2002 557 2067 dent,
599 2015 663 2052 ac
709 1998 975 2068 sapientia
1015 1995 1450 2065 providendique
1477 1994 1677 2047 virtute
1711 1992 1997 2062 praeditum

408 2110 608 2148 illllllt‘ll
644 2093 892 2146 divinum
919 2099 1025 2148 est,
1054 2103 1282 2159 prorsus
1313 2087 1479 2143 etiam
1515 2086 1602 2141 his
1643 2086 1827 2155 aliqua
1859 2086 2000 2138 ratio

405 2180 617 2241 subest,
654 2195 773 2247 quze
808 2178 1093 2247 sapientia:
1120 2175 1212 2230 Dei
1247 2177 1408 2230 simul
1443 2184 1498 2231 ct
1525 2176 1646 2245 ejus
1690 2190 1857 2239 curm,
1893 2190 2000 2244 qua

406 2273 740 2342 prospicitur
779 2285 843 2324 ac
877 2270 1196 2339 providetur
1232 2271 1399 2324 rebus
1423 2269 1698 2323 universis
1721 2309 1734 2329 ,
1762 2268 1999 2338 insignia

407 2368 564 2418 furat.
601 2363 756 2428 Quod
786 2363 931 2416 enim
993 2371 1195 2416 temere
1219 2375 1283 2416 ac
1323 2364 1444 2416 sine
1499 2351 1714 2415 ratiune
1742 2360 1822 2423 ﬁt,
1859 2376 2000 2429 opus

407 2457 500 2509 Dei
535 2472 643 2509 non
679 2454 861 2509 fuerit.
891 2453 982 2507 Dei
1014 2468 1254 2522 namque
1283 2453 1561 2523 proprium
1592 2461 1700 2517 est,
1735 2462 2000 2522 quemad—

407 2549 625 2602 modum
679 2545 856 2614 inquit
916 2543 1224 2613 Scriptura,
1290 2545 1476 2597 omnia
1537 2558 1664 2596 cum
1727 2544 1998 2612 sapientia

407 2643 606 2695 facere.
651 2637 809 2704 Quod
860 2636 1038 2707 igitur
1058 2637 1335 2706 sapienter
1379 2635 1588 2689 factum
1623 2636 1678 2689 in
1708 2635 2000 2690 illo?Pro-

404 2733 508 2786 diit
543 2733 706 2784 homo
739 2744 834 2800 per
870 2728 1210 2782 nativitatem
1253 2727 1308 2780 in
1341 2728 1544 2793 vitam;
1587 2727 1770 2783 hausit
1796 2744 1997 2794 aerem,

403 2842 435 2880 a
457 2825 660 2894 gemitu
691 2824 855 2877 vitam
887 2811 1187 2886 inchoavit,
1226 2821 1499 2894 lacrymas
1522 2830 1734 2876 natura:
1758 2823 2002 2879 muneris

404 2892 524 2973 vice
583 2915 875 2987 impendit,
939 2913 1215 2984 primitias
1242 2913 1367 2966 vita:
1416 2892 1582 2969 solvit
1635 2921 1689 2967 et
1738 2905 2002 2969 libamina

2103 1815 2514 1886 διακεχυμένος,
2555 1816 2650 1868 καὶ
2693 1813 3079 1887 ἁδιάρϐρωτος,
3123 1813 3216 1865 καὶ
3252 1810 3312 1864 τὸ
3335 1811 3455 1864 ὅλον
3492 1811 3684 1869 εἰπεῖν.

2106 1909 2236 1980 πρὶν
2279 1907 2530 1976 γενέσθαι
2563 1907 2848 1978 ἄνθρωπος
2905 1905 3102 1975 (εἴπερ
3145 1902 3432 1975 ἀνθρώπου
3475 1902 3605 1955 ῖδιον
3650 1901 3685 1970 ἡ

2103 1999 2294 2070 λογικὴ
2334 1998 2494 2070 χάρις
2540 1999 2720 2051 ἐστίν’
2770 2000 2798 2051 ὁ
2841 1997 2898 2050 δὲ
2928 1996 3081 2050 οὔπω
3119 1998 3177 2050 ὲν
3208 1995 3386 2066 ἑαυτῷ
3413 1996 3506 2049 τὸν
3529 1995 3686 2064 λόγον

2105 2089 2430 2162 ἐχώρησεν),
2457 2084 2610 2153 οὗτος
2642 2091 2672 2143 ὁ
2707 2090 2872 2162 μηδὲν
2903 2089 3062 2144 πλέον
3091 2087 3251 2159 ἔχων,
3279 2086 3373 2141 τοῦ
3399 2088 3456 2141 ὲν
3482 2089 3548 2157 τῇ
3582 2103 3687 2157 μηο

2105 2183 2257 2255 τρώᾳ
2282 2182 2433 2253 νηδΰι
2461 2181 2840 2252 συνεχομένου,
2874 2181 3014 2252 πλὴν
3039 2181 3099 2234 τὸ
3146 2182 3204 2234 ὲν
3254 2181 3375 2243 ἀέρι
3412 2177 3686 2248 γενέσθαι,

2105 2276 2165 2328 ὲν
2193 2275 2367 2344 τούτῳ
2400 2275 2499 2344 τῆς
2530 2273 2745 2344 ἡλικίας
2779 2273 2875 2337 ὢν,
2917 2273 3006 2326 διὰ
3041 2271 3269 2326 θανάτου
3297 2271 3502 2336 λύεται,
3533 2271 3566 2341 ἢ
3592 2273 3686 2324 ὲκο

2104 2363 2302 2429 τεθεὶς,
2336 2363 2780 2434 ἢκαταπνιγεὶς,
2815 2363 2848 2434 ῆ
2889 2363 3034 2417 κατὰ
3066 2363 3128 2417 τὸ
3160 2362 3464 2434 αὐτόματον
3497 2361 3564 2414 δι’
3589 2363 3690 2433 ἀρ-

2108 2455 2340 2526 ρωστίας
2388 2454 2480 2507 τοῦ
2515 2455 2616 2525 ζῇν
2666 2455 3046 2524 παυσάμενος,
3102 2454 3156 2507 τί
3205 2454 3312 2525 χρὴ
3365 2453 3493 2524 περὶ
3523 2453 3690 2505 αὑτοῦ

2106 2549 2306 2600 ἐννοεῖν
2331 2563 2345 2609 ;
2383 2545 2508 2609 Πῶς
2537 2547 2666 2616 περὶ
2699 2548 2806 2600 τῶν
2833 2546 2976 2600 οὕτω
3021 2545 3483 2616 τετελευτηκότων
3507 2545 3688 2616 ἔχειν;

2109 2641 2336 2708 Ὀψεται
2365 2634 2473 2709 ἆρα
2495 2639 2726 2708 κάκείνη
2748 2637 2948 2709 ἡψυχὴ
2979 2638 3070 2692 τὸν
3097 2638 3312 2709 κριτὴν,
3341 2637 3691 2709 παραστήσε-

2107 2747 2197 2784 ται
2236 2730 2374 2800 μετὰ
2398 2729 2508 2783 τῶν
2537 2729 2712 2784 ἄλλων
2739 2729 2817 2800 τῷ
2857 2729 3085 2802 βήματι,
3135 2730 3322 2798 ὑφέξει
3345 2729 3453 2784 τῶν
3494 2730 3690 2800 βεϐιω-

2112 2821 2288 2892 μένων
2314 2821 2411 2892 τὴν
2443 2821 2643 2892 κρίσιν,
2675 2821 2908 2893 λήψεται
2944 2822 3044 2893 τὴν
3066 2824 3189 2875 κατ’
3214 2821 3372 2886 ἀξίαν
3401 2821 3689 2888 ἀντίδοσιν,

2107 2913 2143 2983 ἢ
2172 2912 2303 2982 πυρὶ
2334 2911 2739 2984 καθαιρουμένη
2772 2911 2915 2965 κατὰ
2946 2913 3045 2976 τάς
3082 2912 3177 2965 τοῦ
3215 2913 3549 2982 Εὐαγγελίου
3576 2931 3690 2983 (pw-

405 3011 612 3066 l'ecitde
639 3007 1124 3078 ﬂetuupriusquam
1158 3005 1394 3075 alicujus
1413 3006 1488 3060 rei
1525 3006 1577 3060 in
1607 3007 1716 3061 vita
1741 3007 2002 3076 jucumltc

2105 3006 2223 3070 νὰς,
2259 3005 2292 3077 ἢ
2319 3008 2383 3076 τῇ
2408 3004 2584 3076 δρόσῳ
2617 3005 2714 3076 τῆς
2740 3006 2991 3074 εὐλογίας
3017 3005 3463 3077 ἐναποψύχουσας

405 3105 684 3174 particeps
719 3103 935 3163 fuisset,
976 3101 1296 3171 priusquam
1339 3100 1594 3154 sensibus
1628 3111 1908 3172 vegetatus
1942 3113 1994 3158 et
2031 3093 2284 3158 ﬁrmatus
2311 3093 2460 3156 esset
2498 3120 2511 3156 ε
2548 3101 2713 3158 etiam
2779 3117 2926 3159 nunc
3000 3103 3368 3157 membrorum
3433 3117 3693 3179 compagc

405 3206 571 3268 atque
642 3195 1114 3266 coagmentatione
1176 3192 1413 3255 solutus,
1467 3201 1624 3247 tener
1655 3210 1720 3248 ac
1777 3196 2032 3263 ditl‘usus,
2111 3194 2522 3260 inarticulatus,
2572 3194 2804 3250 artubus
2856 3194 3100 3260 nondum
3161 3196 3479 3266 compositis
3533 3206 3694 3266 atque

407 3292 676 3357 formatis,
706 3299 835 3346 etut
863 3288 1175 3345 summatim
1198 3287 1734 3358 dicam,priusquam
1767 3289 1929 3344 homo
1952 3290 2128 3346 factus
2147 3298 2314 3355 esset,
2349 3290 2618 3360 siquidem
2645 3289 2886 3346 hominis
2917 3291 3198 3361 proprium
3219 3290 3422 3347 donum
3467 3293 3694 3349 rationis

405 3391 526 3449 est;
557 3389 612 3434 at
675 3381 762 3434 hic
815 3378 1048 3434 rationis
1087 3378 1328 3432 nondum
1375 3393 1549 3448 capax
1580 3389 1721 3445 erat,
1751 3381 1840 3436 hic
1893 3383 1986 3452 qui
2027 3382 2199 3437 nihilo
2224 3383 2347 3451 plus
2377 3382 2610 3436 habebat
2633 3397 2798 3452 quam
2826 3381 2874 3437 is
2900 3380 2994 3452 qui
3016 3392 3271 3437 materno
3340 3393 3496 3439 utero
3562 3402 3692 3441 eon-

407 3481 635 3537 tiuetur,
674 3480 1037 3544 prmterquam
1065 3471 1212 3541 quod
1247 3471 1299 3525 in
1341 3486 1466 3526 aere
1509 3472 1630 3537 fuit,
1659 3473 1713 3526 in
1741 3489 1804 3527 ea
1834 3481 1994 3530 aetate
2021 3489 2146 3529 cum
2189 3475 2262 3529 sit
2311 3489 2408 3544 per
2465 3483 2698 3529 mortem
2751 3475 3009 3536 solvitur,
3087 3476 3175 3530 vel
3237 3478 3545 3547 expositus,
3614 3484 3695 3537 vel
3735 3532 3738 3536 ,

407 3573 730 3634 sutl‘oeatus,
768 3569 850 3622 vel
883 3575 1078 3638 sponte
1100 3581 1197 3637 per
1238 3566 1611 3622 infirmitatem
1637 3570 1822 3625 vivere
1853 3571 2138 3636 desinens,
2185 3571 2316 3642 quid
2353 3571 2423 3626 de
2469 3586 2536 3626 eo
2588 3573 2831 3642 cogitare
2886 3571 3144 3642 oportet?
3211 3571 3499 3638 Quomodo
3567 3577 3692 3630 item

408 3669 476 3720 de
509 3666 579 3719 iis
597 3664 691 3733 qui
723 3661 870 3715 hunc
898 3660 1104 3714 exitum
1140 3659 1264 3713 vitae
1295 3659 1606 3740 habuerunt
1633 3663 1882 3717 sentire?
1907 3663 1992 3717 An
2055 3663 2147 3716 illa
2197 3678 2415 3734 quoque
2451 3663 2633 3718 anima
2689 3663 2926 3733 judicent
2962 3663 3188 3732 videbit,
3246 3666 3502 3721 tribunali
3568 3685 3692 3723 eum

407 3758 530 3812 aliis
561 3757 807 3818 sistetur,
838 3751 1044 3808 subibit
1090 3759 1227 3806 acta:
1265 3753 1387 3806 vita:
1437 3751 1757 3830 judicium.)
1782 3755 2015 3824 accipiet
2042 3768 2142 3824 pro
2171 3758 2368 3809 merito
2391 3756 2810 3811 retributionem
2835 3764 2889 3810 et
2911 3758 3440 3826 compensationem,
3468 3760 3550 3815 vel
3583 3761 3690 3832 igni

410 3855 662 3922 purgata,
701 3846 856 3917 juxta
890 3841 1171 3914 Evangelii
1201 3845 1391 3906 verba.
1415 3846 1500 3901 vel
1541 3845 1596 3901 iu
1618 3862 1742 3903 rore
1767 3848 2172 3904 benedictionis
2189 3847 2513 3921 refrigerata
2542 3861 2704 3921 atque
2733 3850 3038 3906 relocillata
3063 3850 3086 3905 ?

972 3935 1410 3994 EXPLICA'I‘IO.

489 4033 533 4087 11
543 4034 625 4086 inc
655 4030 812 4099 plane
827 4028 1166 4098 manifestum
1188 4030 1418 4101 estquod
1432 4033 1800 4102 purgatorium
1834 4035 2005 4104 ignem

411 4122 575 4178 Pater
596 4122 679 4176 hic
726 4130 986 4175 tormenta
1031 4122 1402 4191 cruciatusque
1440 4120 1590 4187 dicit,
1648 4124 1836 4194 quibus
1888 4135 2007 4190 post

411 4226 630 4272 mortem
661 4199 1097 4286 quisqueeorum
1128 4214 1218 4285 qui
1256 4225 1598 4283 peccaverunt
1635 4226 1682 4270 et
1713 4227 1834 4273 ante
1861 4236 2006 4274 mor-

411 4319 535 4370 tem,
574 4325 677 4362 non
710 4317 766 4361 ut
824 4306 1045 4378 dignum
1097 4315 1147 4361 et
1185 4322 1287 4374 par
1326 4316 1464 4368 erat,
1499 4309 2004 4382 patuitentiamege-

413 4413 534 4458 runt
569 4404 620 4456 in
653 4402 874 4471 ﬂamma
905 4399 1240 4469 afﬁciuntur,
1259 4399 1422 4469 juxta
1443 4400 1755 4469 parabolam
1778 4401 2008 4474 Evange-
2042 4402 2048 4410 ’

2194 3943 2510 3998 Ἐντεῦθεν
2552 3943 2746 4013 δῆλον
2790 3944 3041 4014 τρανῶς,
3081 3947 3172 4001 ὅτι
3220 3945 3548 4016 καθάρσιον
3573 3949 3694 4017 πῑιο

2111 4038 2145 4088 ό
2174 4034 2399 4104 Πατὴρ,
2443 4036 2552 4104 τὰς
2580 4036 2729 4105 μετὰ
2767 4036 2882 4106 τὴν
2927 4037 3223 4107 τελευτὴν
3266 4039 3526 4094 ἑκάστου
3573 4040 3694 4095 τῶν

2105 4127 2555 4197 ἡμαρτηκότων,
2588 4128 2689 4182 καὶ
2709 4129 2796 4198 μὴ
2832 4130 3339 4200 μετανοησάντων
3368 4131 3553 4198 ἀξίως
3576 4134 3689 4201 πρὸ

2106 4217 2413 4287 τελευτῆς,
2439 4219 2510 4272 ἐν
2541 4220 2719 4288 φλογί
2739 4220 3058 4288 βασάνους
3080 4223 3236 4291 φησι
3259 4238 3273 4253 ·
3301 4222 3453 4277 κατὰ
3491 4223 3606 4292 τὴν
3622 4224 3693 4277 ἐν

2105 4309 2186 4375 τῷ
2213 4312 2557 4381 libant-aliqu
2582 4312 2959 4380 παραϐολὴν,
2979 4313 3117 4382 περί
3143 4330 3207 4366 τε
3233 4313 3340 4368 τοῦ
3364 4314 3691 4380 πλουσίου,

2109 4402 2334 4457 καὶτοῦ
2355 4403 2640 4472 Λαζάρου.
2667 4401 2866 4472 Δῆλον
2882 4404 2994 4474 γὰρ
3013 4405 3104 4458 ὅτι
3125 4401 3315 4461 ταῦτα
3335 4401 3451 4461 ὦδε
3474 4407 3694 4476 μέμνη-

413 4497 572 4548 licam
601 4495 664 4545 de
687 4477 848 4545 diuite
903 4499 955 4543 et
1012 4487 1224 4543 Lazaro
1283 4490 1324 4542 ⁸.
1385 4489 1734 4558 Perspicuum
1756 4501 1833 4544 cst
1863 4494 1998 4546 enim

2107 4510 2200 4546 ται
2221 4491 2330 4560 τῆς
2354 4491 2699 4562 παραϐολῆς
2721 4493 2802 4560 τῷ
2829 4495 3093 4564 sucini)
3124 4496 3266 4565 πυρί
3297 4498 3692 4570 καθαιρομένη

411 4588 549 4656 quod
573 4583 729 4651 hujus
749 4581 833 4635 hic
861 4581 1133 4651 parabole:
1165 4581 1400 4635 meminit
1441 4583 1566 4636 dum
1600 4583 1751 4646 dicit,
1783 4586 1858 4639 rei
1887 4587 2003 4656 igne

414 4684 634 4746 purgata
663 4673 779 4745 (hoc
793 4681 1004 4742 propter
1021 4671 1279 4743 divitem),
1305 4673 1382 4727 vel
1412 4673 1464 4727 in
1482 4691 1598 4730 rore
1627 4676 2003 4742 benedictionis

415 4769 754 4838 refrigerata,
776 4765 895 4836 (hoc
914 4775 1126 4834 propter
1141 4762 1452 4835 Lazarum).
1468 4767 1535 4819 At
1554 4767 1650 4821 illa
1662 4769 1798 4836 justi
1808 4768 2005 4839 judicii

415 4857 695 4921 sententia,
733 4872 752 4908 ι
787 4853 1017 4909 Abibunt
1075 4853 1130 4907 bi
1154 4853 1368 4923 quidem
1424 4855 1493 4908 ad
1525 4868 1779 4911 wternum
1805 4859 2008 4928 suppli-

414 4951 576 5012 cium,
597 4945 733 5015 justi
755 4960 872 4999 vero
895 4943 963 4997 ad
992 4945 1152 4998 vitam
1179 4953 1431 4998 retentam
1460 4961 1480 5000 :
1520 4948 1573 4999 ’r
1621 4947 1855 5002 nondum
1885 4960 2007 5006 ante

405 5040 672 5111 judicium
705 5037 875 5091 locum
901 5035 1054 5088 habet
1088 5036 1141 5088 in
1177 5035 1256 5088 bis

487 5129 594 5185 Sed
641 5130 786 5186 haud
817 5129 934 5185 scio
976 5127 1254 5198 quomodo
1284 5127 1397 5184 huic
1421 5129 1488 5184 de
1541 5130 1856 5200 hujusmodi
1890 5135 2005 5188 ani-

418 5238 502 5276 ma
535 5221 780 5293 cogitare
809 5229 1095 5292 oporteat.
1120 5219 1327 5276 Nomen
1353 5222 1498 5276 enim
1538 5223 1920 5281 retributionis
1955 5234 2009 5280 et

419 5311 884 5366 remunerationis
933 5299 1139 5382 aliquid
1178 5319 1433 5382 epos-tere
1463 5327 1690 5383 prorsus
1724 5324 1852 5369 ante
1880 5332 2009 5386 prae-

418 5405 592 5460 bitum
609 5404 1120 5480 essesignitieatmt
1151 5403 1200 5460 ei
1229 5405 1322 5474 qui
1349 5405 1572 5460 munino
1593 5421 1701 5462 non
1735 5407 1868 5462 vixit
1883 5415 2006 5462 ‘mao

419 5497 554 5552 teria
567 5497 772 5567 aliquid
798 5497 1067 5567 praebendi
1102 5507 1368 5570 pra-.reota
1393 5509 1498 5555 est.
1520 5499 1580 5554 ln
1597 5499 1800 5572 quibus
1823 5511 2003 5558 autem

494 5672 512 5705 ⁸
544 5670 676 5727 Luc.
714 5687 824 5736 xvi,
868 5670 932 5725 i9
968 5685 1090 5742 sqq.
1167 5672 1188 5703 ’
1228 5668 1418 5727 Matth.
1456 5688 1583 5739 xxv,
1617 5672 1706 5728 ιθ.

2111 4585 2309 4654 (τοῦτο
2343 4585 2440 4640 διὰ
2472 4584 2580 4639 τὸν
2612 4588 2956 4656 πλούσιον),
2984 4588 3024 4656 ἢ
3053 4587 3129 4662 τῇ
3164 4588 3364 4658 δρόσῳ
3387 4589 3498 4658 τῆς
3518 4593 3696 4646 εὐλο-

2111 4677 2245 4748 γίας
2292 4678 2775 4747 ἐναποψύχουσα
2819 4679 3032 4751 (τοῦτο
3079 4681 3178 4736 διὰ
3225 4682 3334 4736 τὸν
3376 4684 3690 4755 Λάζαρον).
3750 4663 3757 4669 ’

2123 4769 2183 4822 Ἡ
2209 4767 2278 4821 δὲ
2299 4769 2607 4839 ἀπόφασις
2625 4770 2733 4824 τοῦ
2752 4769 2988 4826 δικαίου
3003 4772 3229 4842 κριτοῦ.
3262 4792 3281 4825 ι
3305 4774 3695 4830 Ἀπελεύσον-

2111 4877 2206 4913 ται
2231 4856 2398 4915 οὗτοι
2420 4861 2540 4930 μὲν
2559 4863 2647 4928 εὶς
2674 4861 2916 4918 αιώνιον
2933 4865 3216 4931 κόλασιν,
3267 4868 3324 4921 οἱ
3369 4864 3439 4919 δὲ
3475 4865 3694 4924 δίκαιοι

2107 4955 2194 5018 είς
2226 4951 2380 5020 ζωὴν
2403 4953 2645 5008 αἰώνιον
2661 4969 2674 4984 ο
2705 4974 2724 5007 ι
2746 4955 2912 5010 οὔπω
2933 4957 3046 5026 πρὸ
3074 4957 3186 5027 τῆς
3221 4959 3477 5028 κρίσεως
3497 4959 3699 5030 χώραν

2108 5043 2138 5096 ἕ
2141 5060 2235 5111 χει
2264 5044 2334 5097 ἐν
2371 5046 2628 5112 τούτοις.
2653 5031 2656 5034 ’

2194 5134 2332 5188 Ἀλλ’
2366 5137 2466 5189 οὐκ
2501 5132 2618 5191 οἶδα
2643 5138 2761 5203 πῶς
2809 5139 2916 5211 χρὴ
2939 5138 3112 5194 ταῦτα
3144 5141 3273 5213 περὶ
3316 5141 3417 5210 τῆς
3443 5132 3711 5213 τοιαύτηςξ

2107 5224 2361 5297 ἐννοῆσαι
2403 5226 2605 5298 ψυχῆς.
2639 5229 2715 5282 Τὸ
2753 5229 2864 5302 γὰρ
2905 5231 3007 5302 τῆς
3029 5231 3348 5295 ἀντιδόσεως
3397 5233 3590 5303 ὄνομα,
3639 5249 3669 5284 τ

2105 5319 2304 5388 χρῆναί
2331 5337 2382 5373 τι
2411 5319 2629 5385 πάντως
2649 5323 3171 5395 προπαρασχεθῆναι
3199 5323 3476 5394 σημαίνει,
3506 5321 3601 5376 τοῦ
3639 5323 3698 5376 δὲ

2107 5409 2182 5480 μὴ
2200 5407 2525 5478 βεϐιωκότος
2541 5409 2701 5476 ὅλως,
2721 5413 2755 5483 ὴ
2775 5411 2876 5484 ὕλη
2897 5412 2993 5468 τοῦ
3022 5430 3075 5467 τι
3105 5415 3408 5485 παρασχεῖν
3437 5412 3695 5484 παραφῄ·

2108 5518 2284 5572 ρηται.
2304 5501 2420 5572 Ἐφ’
2437 5494 2514 5558 ὧν
2528 5502 2586 5558 δὲ
2599 5503 2746 5569 δόσις
2763 5505 2864 5560 οὐκ
2877 5504 3045 5572 ἐστιν,
3064 5504 3187 5560 οὐδὲ
3207 5505 3476 5570 ἀντίδοσις
3495 5505 3697 5578 κυρίως
