4096 6354
340 324 443 381 169

1097 332 1181 385 DE
1218 334 1630 389 INFANTIBUS
1676 335 1796 401 QUI
1834 334 2293 391 PRIEMATURE
2341 332 2830 391 ABRIPIUNTUR.

3492 332 3594 388 170

339 444 787 514 όνομασθήσεται.
813 447 903 517 Μὴ
918 446 976 498 οὗ
986 464 1082 517 σῆς
1101 449 1157 501 δὲ
1172 450 1270 519 τῆς
1282 449 1622 513 ἀντιδόσεως,
1642 450 1763 503 οὔτε
1781 452 1919 518 ἀγα-

2044 450 2171 503 Iatio
2210 464 2316 503 non
2357 456 2459 511 est,
2495 463 2593 502 nec
2614 449 2990 517 compensatio
3018 447 3239 516 quidem
3276 455 3328 501 et
3359 446 3600 501 retribu~

342 538 432 590 θόν
466 539 613 589 ἐστιν
635 537 756 591 οὔτε
782 539 949 591 κακὸν
973 540 1035 592 τὸ
1060 543 1177 593 κατ’
1208 542 1399 596 ἐλπίδα
1427 544 1806 612 προκείμενον.
1847 542 1920 593 Τὸ

342 630 448 702 γὰρ
481 630 653 700 ὄνομα
684 630 862 693 τοῦτο,
898 631 1005 685 τῶν
1046 633 1167 686 καθ’
1193 635 1452 705 ἑκάτερον
1475 636 1777 705 νοουμένων
1823 634 1920 705 τὴν

344 721 575 792 ἀμοιϐὴν
613 723 1003 790 ἐπαγγέλλεται
1021 741 1035 754 ο
1066 724 1129 776 τὸ
1161 725 1215 777 δὲ
1246 728 1382 797 μήτε
1411 726 1468 778 ἐν
1496 724 1683 794 ἀγαθῷ
1707 726 1841 795 μήτε
1862 727 1921 777 ὲν

347 816 500 885 κακῴ
533 816 939 886 εὑρισκόμενον,
971 819 1029 870 ὲν
1063 818 1237 872 οὐδενὶ
1258 820 1475 883 πάντως
1508 819 1654 871 ἐστίν
1677 836 1690 849 ·
1718 819 1922 888 ἄμεσος

346 907 454 975 γὰρ
476 908 507 976 ή
526 906 623 974 τῆς
640 905 894 975 τοιαύτης
912 906 1239 970 ἀντιθέσεως
1259 909 1588 978 ἐναντιότης,
1612 908 1646 978 ἡ
1672 907 1763 959 τοῦ
1785 908 1922 974 ἀγα-

349 998 441 1048 θοῦ
474 998 566 1048 καὶ
590 996 681 1048 τοῦ
708 996 897 1057 κακοῦ.
927 996 1088 1065 λέγω,
1121 992 1197 1050 ὧν
1221 999 1503 1071 οὐθέτερον
1531 999 1679 1052 ἔσται
1700 1041 1715 1064 ,
1743 998 1820 1069 τῷ
1847 999 1923 1069 μὴ

349 1089 574 1159 [θατέρου
598 1089 1025 1160 κατάρξαντι.Τὸ
1040 1088 1205 1156 οὖνέν
1227 1092 1415 1162 μηδενὶ
1434 1093 1667 1146 ὃνούδὲν
1684 1088 1817 1145 εἶναί
1842 1108 1924 1153 τις

348 1182 488 1232 εῖποι
522 1180 680 1244 ὅλως,
710 1181 773 1234 Ei
803 1182 859 1235 δέ
886 1201 969 1245 τις
1002 1183 1062 1235 τὸ
1089 1185 1326 1237 τοιοῦτον
1356 1185 1450 1238 καὶ
1471 1180 1611 1237 εἶναι
1641 1182 1807 1251 λέγοι,
1831 1182 1926 1235 καὶ

350 1272 407 1320 ἐν
438 1270 659 1336 ἀγαθοῖς
692 1268 852 1334 εἶναι,
886 1272 1137 1337 διδόντος,
1171 1275 1269 1327 οὐκ
1310 1274 1647 1336 ἀποδιδόντος
1668 1272 1763 1326 τοῦ
1789 1270 1925 1325 Θεοῦ

352 1362 421 1413 τά
445 1362 626 1430 ἀγαθά
649 1366 761 1427 τοῖς
788 1364 1067 1427 τοιούτοις,
1111 1367 1269 1419 ποίαν
1295 1366 1441 1435 λέγει
1471 1367 1570 1436 τῆς
1602 1362 1927 1435 ἀποκληριὶμ

357 1471 495 1517 σεως
542 1455 747 1525 ταύτης
801 1457 1022 1523 αἰτίαν;
1082 1458 1193 1512 Ποῦ
1239 1457 1526 1511 τὸδίκαιον
1562 1455 1930 1520 συναποδείξει

352 1550 429 1619 τῷ
454 1548 594 1619 λόγῳ
618 1567 632 1613 ;
668 1551 790 1612 Πῶς
812 1550 869 1604 δὲ
900 1554 1019 1614 ταῖς
1043 1550 1437 1619 Εὑαγγελικαῖς
1465 1553 1668 1619 φωναῖς
1707 1550 1931 1618 σύμφω-

354 1659 441 1693 νον
473 1640 634 1704 δείξει
659 1642 720 1693 τὸ
748 1642 956 1712 νόημα;
990 1644 1135 1696 Ἐκεῖ
1158 1642 1666 1712 συναλλαγματικήν
1690 1658 1811 1693 τινα
1830 1640 1931 1709 τῆς

357 1731 635 1799 βασιλείας
648 1731 745 1800 τὴν
765 1732 1033 1802 ἐμπορίαν
1053 1735 1165 1795 τοῖς
1189 1732 1527 1802 ἀξιουμένοις
1540 1728 1931 1801 προσγενέσθαι

356 1821 521 1888 λέγει.
568 1823 783 1893 Ἐπειδὴ
805 1822 914 1893 γάρ
941 1824 1001 1875 τὸ
1028 1824 1121 1875 καὶ
1148 1823 1227 1886 τὸ,
1259 1824 1411 1893 φησὶ,
1440 1822 1798 1889 πεποιήκατε,
1828 1818 1928 1888 τὴν
1964 1804 2006 1861 Β

360 1913 635 1983 βασιλείαν
660 1915 965 1967 ἀντιλαϐεῖν
992 1918 1115 1968 ἐστε
1140 1915 1354 1968 δίκαιοι.
1400 1913 1659 1966 Ἐνταῦθα
1688 1913 1743 1965 δὲ
1770 1912 1932 1983 μηδε-

362 2008 510 2074 μιᾶς,
531 2009 667 2076 μήτε
690 2007 962 2077 πράξεως,
989 2007 1125 2077 μήτε
1143 2007 1509 2077 προαιρέσεως
1533 2004 1793 2074 ὑπούσης,
1814 2005 1933 2056 τίνα

359 2099 550 2168 καιρδν
578 2099 689 2169 ἔχει
720 2100 814 2151 καὶ
851 2098 1060 2161 τούτοις
1090 2098 1243 2169 παρά
1271 2096 1363 2150 τοῦ
1394 2098 1528 2150 Θεοῦ
1569 2096 1813 2165 γίνεσθαι
1842 2094 1935 2146 λέ-

360 2201 475 2251 γειν
511 2183 572 2235 τὸ
610 2184 670 2246 ἐξ
698 2185 933 2254 ἀμοιϐῆς
965 2184 1353 2253 ὲλπιζόμενον;
1397 2184 1445 2235 εἰ
1483 2183 1541 2235 δέ
1570 2200 1651 2245 τις
1674 2180 1936 2234 ἀϐασανί-

362 2292 500 2338 στως
526 2273 617 2327 τὸν
647 2275 886 2327 τοιοῦτον
915 2274 1124 2340 δέξεται
1153 2274 1330 2341 λόγον,
1357 2274 1431 2336 ὡς
1469 2274 1684 2336 πάντως
1712 2274 1769 2325 ἐν
1798 2272 1936 2339 ἀγα-

362 2366 473 2426 θοῖς
522 2364 782 2435 ἐσομένου
816 2364 908 2417 τοῦ
954 2364 1314 2435 παρελθόντος
1357 2364 1527 2428 οὕτως
1556 2364 1648 2417 ἐπὶ
1679 2363 1771 2416 τὸν
1800 2362 1934 2431 βίον,

362 2457 426 2508 ἐκ
473 2456 659 2508 τούτου
697 2456 1162 2526 μακαριστότερον
1210 2457 1613 2527 ἀναφανήσεται
1656 2456 1756 2525 τῆς
1794 2454 1938 2525 ζωῆς

364 2549 424 2600 τὸ
452 2549 525 2617 μὴ
558 2548 805 2619 μετέχειν
836 2548 1000 2619 ζωῆς,
1039 2550 1194 2617 εἴπερ
1225 2548 1416 2617 ἐκείνῳ
1452 2549 1548 2618 μὲν
1573 2547 1938 2618 ἀναμφίϐολος

363 2640 398 2707 η
426 2639 534 2691 τῶν
563 2638 782 2707 ἀγαθῶν
806 2639 1084 2709 μετουσία,
1112 2638 1213 2693 κᾶν
1237 2638 1525 2709 βαρϐάρων
1543 2637 1679 2709 τύχῃ
1714 2637 1937 2706 γονέων,

364 2733 459 2784 καὶ
503 2732 577 2803 μὴ
606 2732 979 2803 νενομισμένῳ
1013 2732 1188 2803 κυηθῇ
1234 2734 1395 2802 γάμῳ
1420 2749 1431 2760 ·
1461 2731 1539 2803 τῷ
1564 2732 1620 2785 δὲ
1655 2732 1941 2801 βεϐιωκότι

364 2823 457 2877 τὸν
485 2826 729 2895 χωρητόν
778 2842 837 2877 τε
882 2826 974 2877 καί
1002 2825 1231 2895 νόμιμον
1271 2829 1338 2896 τῇ
1373 2825 1530 2895 φύσει
1564 2825 1772 2897 χρόνον,
1809 2826 1944 2879 πάν-

366 2933 475 2978 τως
518 2916 737 2986 ἢπλέον
775 2916 807 2987 ἢ
854 2916 1078 2969 ἔλασσον
1112 2918 1139 2969 ὁ
1168 2918 1269 2986 τῆς
1312 2917 1511 2982 κακίας
1568 2917 1843 2987 μολυσμὸς
1874 2920 1942 2988 τῇ

369 3008 481 3078 ζωῇ
514 3008 913 3078 καταμίγνυται
936 3026 949 3038 ο
981 3009 1036 3080 ἢ,
1068 3010 1116 3061 εἰ
1144 3009 1330 3078 μέλλοι
1366 3010 1643 3073 παντελῶς
1680 3010 1780 3079 τῆς
1810 3010 1945 3080 πρὸς

367 3099 429 3150 τὸ
476 3100 646 3152 κακὸν
681 3102 962 3164 κοινωνίας
995 3102 1150 3164 ἐκτὸς
1188 3098 1347 3160 εἶναι,
1373 3100 1582 3154 πολλῶν
1614 3101 1763 3171 αὐτῷ
1788 3100 1943 3171 δεῖ[ν]

372 3188 611 3260 ἱδρώτων
639 3192 775 3263 πρὸς
804 3192 936 3245 αὐτὸ
965 3194 1121 3245 τοῦτο
1155 3194 1248 3246 καὶ
1274 3194 1469 3248 πόνων.
1499 3192 1575 3248 Οὐ
1602 3192 1710 3261 γάρ
1740 3192 1948 3261 ἀκμητὶ

370 3282 728 3352 κατορθοῦται
751 3286 861 3347 τοῖς
888 3283 1160 3353 μετιοῦσιν
1181 3287 1214 3338 ἀ
1223 3283 1457 3356 ρετὴ[ν],
1475 3284 1595 3337 οὐδὲ
1616 3284 1811 3346 ἄπονός
1834 3285 1950 3334 ἐστι

368 3379 481 3437 τοῖς
496 3374 801 3443 ἀνθρώποις
816 3378 848 3445 ἡ
866 3375 972 3429 τῶν
990 3375 1309 3443 καθ’ήδονὴν
1325 3373 1693 3442 ἀλλοτρίωσις,
1712 3374 1853 3425 ὥστε
1871 3374 1951 3424 ὲν).

369 3466 479 3517 τῶν
504 3466 739 3534 ἀνιαρῶν
762 3467 821 3527 ἐξ
844 3465 1169 3535 ἀμφοτέρων
1194 3463 1575 3535 συνενεχθῆναι
1598 3464 1708 3517 δεῖν
1736 3464 1951 3525 πάντως

372 3558 463 3611 τὸν
483 3558 816 3627 μετασχόντα
826 3556 917 3609 τοῦ
935 3559 1289 3627 χρονιωτέρου
1311 3556 1448 3626 βίου,
1462 3556 1493 3625 ἦ
1510 3556 1603 3609 νῦν
1619 3555 1696 3626 τῷ
1710 3555 1952 3624 ὲπιπόνῳ

374 3649 470 3716 τῆς
502 3648 702 3718 ἀρετῆς
726 3646 1068 3707 ὲναθλοῦντα,
1095 3647 1126 3715 ῆ
1154 3647 1274 3699 τότε
1303 3646 1389 3699 διὰ
1409 3646 1506 3715 τὴν
1526 3647 1583 3698 ὲν
1610 3645 1781 3715 κακίᾳ
1807 3644 1950 3715 ζωὴν

374 3742 439 3809 τῇ
471 3739 736 3793 ἀντιδόσει
781 3738 888 3791 τῶν
917 3736 1180 3805 ἀλγεινῶν
1210 3736 1541 3806 ὀδυνώμενον
1565 3753 1578 3766 ·
1635 3738 1730 3789 ἐπὶ
1757 3737 1813 3789 δὲ
1845 3738 1953 3789 τῶν

376 3830 570 3900 ἀώρων
608 3829 848 3883 τοιοῦτόν
884 3831 1029 3881 ἐστιν
1071 3829 1257 3882 οὐδέν·
1313 3828 1426 3881 ἀλλ’
1459 3829 1659 3892 εὐθέως
1702 3829 1736 3899 ἡ
1774 3829 1952 3899 ἀγαθὴ

376 3924 525 3994 λῆξις
568 3924 695 3985 τοὺς
722 3924 780 3974 ὲν
822 3922 999 3993 ἀωρίᾳ
1041 3922 1413 3991 μεταστάντας
1439 3922 1745 3991 ἐκδέχεται,
1798 3923 1955 3992 εῐπερ

378 4014 627 4086 ἀληθεύει
652 4014 759 4066 τῶν
786 4013 958 4078 οὓτως
983 4013 1355 4083 ὑπειληφότων
1381 4015 1410 4067 ὀ
1452 4012 1625 4081 λόγος.
1657 4013 1866 4066 Οὐκοῦν
1892 4015 1957 4067 ὲκ

378 4109 474 4161 τοῦ
502 4108 794 4162 ἀκολούθου
841 4109 935 4159 καὶ
967 4106 1061 4159 τοῦ
1093 4105 1251 4173 λόγου
1279 4104 1646 4176 προτιμοτέρα
1680 4103 1957 4175 δειχθήσε-

378 4221 467 4256 ται
504 4206 537 4273 ὴ
575 4202 785 4268 ἀλογία,
836 4202 931 4252 καὶ
960 4202 993 4270 ή
1032 4198 1199 4270 ἀρετὴ
1237 4198 1447 4261 οὐδενὸς
1478 4197 1603 4263 ἀξία
1635 4197 1722 4251 διὰ
1752 4196 1957 4250 τούτων

381 4297 803 4364 ἀναφανήσεται.
863 4294 923 4344 ΕΞ
963 4292 1071 4362 γὰρ
1113 4290 1351 4360 μηδεμία
1389 4290 1581 4359 γέγονε
1611 4290 1784 4359 ζημία
1820 4290 1957 4360 πρὸς

379 4389 478 4457 τὴν
514 4386 622 4438 τῶν
664 4383 883 4454 ἀγαθῶν
920 4382 1208 4453 μετουσίαν
1250 4380 1327 4451 τῷ
1377 4380 1452 4452 μὴ
1503 4382 1825 4451 μετασχόντι
1859 4383 1958 4451 τῆς

380 4480 579 4551 ἀρετῆς
599 4519 613 4539 ,
672 4480 900 4548 μάταιον
947 4476 1011 4529 ἂν
1044 4474 1126 4546 εἴη
1158 4474 1218 4527 τὸ
1254 4474 1382 4543 περὶ
1419 4473 1623 4543 ταύτην
1656 4476 1837 4526 πονεῖν
1864 4473 1957 4525 καὶ

380 4572 655 4641 ἀνόνητον,
691 4572 787 4640 τῆς
828 4568 1025 4635 ἀλόγου
1064 4566 1447 4629 καταστάσεως
1480 4566 1537 4618 ὲν
1580 4567 1647 4637 τῇ
1693 4565 1787 4618 τοῦ
1821 4565 1956 4619 Θεοῦ

382 4665 559 4734 κρίσει
593 4661 1044 4735 προτερευούσης.

2022 545 2099 597 tio
2127 545 2347 612 pr0prie
2396 542 2786 597 nominabitur.
2822 540 2924 595 Ubi
2952 551 3129 595 autem
3159 540 3448 594 retributio
3487 555 3597 593 non

2020 643 2126 695 est,
2162 649 2340 703 neque
2368 634 2570 687 bonum
2624 648 2801 697 neque
2843 633 3064 692 malum,
3116 632 3262 700 quod
3298 634 3381 684 vel
3414 646 3601 700 spere-

2021 733 2133 789 tur,
2172 725 2255 779 vel
2286 732 2581 786 metuatur,
2615 727 2955 794 propositum
2992 732 3095 789 est.
3133 724 3190 777 Id
3213 724 3357 777 enim
3401 739 3598 777 nomen

2022 831 2233 878 eorum,
2257 831 2375 885 quae
2399 817 2452 869 in
2475 816 2789 869 alterutram
2810 823 3012 883 partem
3039 814 3435 881 intelliguntur,
3457 830 3602 867 com-

2026 902 2399 968 pensationem
2428 909 2483 957 et
2516 902 2929 955 retributionem
2979 903 3285 972 promittit;
3319 902 3464 971 quod
3503 917 3603 954 au-

2026 1003 2133 1049 tem
2154 1010 2328 1063 neque
2354 996 2405 1047 in
2436 995 2579 1049 bono
2604 1011 2778 1064 neque
2802 996 2855 1048 in
2887 995 3338 1057 maloinvenitur,
3372 995 3427 1049 in
3455 996 3603 1049 nulla

2026 1102 2085 1140 re
2113 1102 2341 1155 prorsus
2363 1098 2445 1142 est
2474 1105 2486 1140 :
2520 1087 2643 1141 sine
2681 1088 2857 1141 medio
2882 1096 2965 1141 est
2986 1087 3127 1141 enim
3147 1087 3603 1157 ejusmodioppo-

2028 1178 2244 1233 sitionis
2271 1180 2651 1242 contrarietas,
2692 1179 2817 1234 boni
2849 1192 2901 1232 et
2934 1179 3060 1232 mali
3101 1179 3342 1248 inquam,
3374 1193 3604 1247 quorum

2027 1274 2285 1321 neutrum
2353 1267 2636 1335 continget
2665 1267 2712 1320 ei
2768 1267 2860 1334 qui
2894 1281 3000 1319 non
3038 1267 3269 1321 alterius
3294 1267 3605 1336 exemplum

2029 1364 2083 1411 et
2127 1358 2403 1427 specimen
2422 1358 2733 1427 praebuerit.
2761 1357 2919 1422 Quod
2951 1357 3117 1426 igitur
3144 1357 3195 1410 in
3228 1357 3378 1409 nulla
3407 1372 3466 1411 re
3498 1366 3606 1417 est,

2030 1466 2100 1504 ne
2119 1465 2241 1505 esse
2270 1451 2489 1519 quidem
2521 1465 2748 1518 prorsus
2769 1448 2970 1518 aliquis
2995 1450 3216 1503 dixerit.
3238 1448 3393 1514 Quod
3414 1449 3458 1502 si
3483 1450 3609 1517 quis

2033 1543 2142 1595 tale
2169 1551 2222 1595 et
2258 1558 2381 1597 esse
2406 1552 2460 1597 et
2488 1543 2543 1596 in
2593 1543 2754 1596 bouis
2780 1557 2907 1596 esse
2952 1540 3122 1603 dicat,
3158 1542 3269 1595 Deo
3317 1544 3457 1595 bona
3486 1541 3609 1594 tali-

2031 1635 2136 1691 bus
2167 1635 2349 1701 dante,
2389 1652 2496 1689 non
2531 1636 2808 1698 reddente,
2841 1651 3003 1704 quam
3045 1636 3209 1704 hujus
3234 1635 3610 1688 attributionis

2034 1741 2258 1781 cauSam
2314 1726 2549 1781 atteret?
2579 1729 2667 1781 ubi
2719 1728 2986 1797 justitiam
3026 1728 3078 1781 in
3107 1728 3209 1781 hac
3256 1727 3611 1781 attributione

2034 1816 2197 1870 simul
2230 1817 2411 1871 inesse
2441 1818 2691 1872 oratione
2736 1818 3171 1873 demonstrabit?
3201 1817 3486 1882 Quomodo
3514 1831 3613 1870 au-

2033 1920 2138 1962 tem
2169 1910 2309 1963 hanc
2349 1911 2661 1979 opinionem
2692 1927 2816 1964 cum
2860 1911 3198 1981 Evangt-licis
3231 1911 3458 1965 vocibus
3481 1925 3612 1966 con-

2034 2000 2347 2056 eordantem
2381 2004 2666 2057 05tendet?
2694 2002 2808 2056 Illic
2836 2004 3053 2072 quidem
3081 2014 3335 2072 tanquam
3362 2018 3425 2057 ex
3448 2018 3613 2073 nego-

2036 2094 2115 2147 tio
2148 2102 2434 2148 contracto
2468 2112 2689 2165 regnum
2730 2112 2825 2151 eos
2852 2097 2941 2165 qui
2998 2095 3145 2163 digiti
3174 2096 3447 2150 habentur
3477 2111 3613 2150 ron-

2038 2196 2327 2240 secuturos
2349 2203 2471 2241 esse
2496 2188 2646 2241 dicit.
2681 2188 2950 2253 Quoniam
2974 2190 3120 2242 enim
3150 2189 3252 2243 hoc
3290 2201 3342 2243 et
3369 2190 3492 2255 hoc,
3525 2190 3614 2245 in-

2037 2278 2175 2345 quit.
2204 2277 2431 2341 fecistis,
2458 2295 2672 2348 aequum
2702 2288 2809 2342 est,
2864 2288 2920 2333 ut
2949 2295 3174 2348 regnum
3208 2281 3330 2335 loco
3368 2297 3617 2337 remune-

2038 2370 2269 2425 rationis
2295 2372 2600 2441 accipiatis.
2635 2371 2733 2426 llic
2757 2388 2886 2427 vero
2930 2388 3053 2425 cum
3091 2374 3298 2427 nullum
3326 2390 3502 2443 neque
3532 2374 3617 2428 fa-

2040 2471 2189 2515 ctum
2220 2479 2395 2532 neque
2450 2464 2703 2519 voluntas
2739 2465 2933 2523 subsit.
2965 2480 3072 2535 qua
3120 2467 3334 2521 ratione
3379 2476 3434 2522 et
3457 2482 3617 2522 occa-

2043 2557 2196 2609 sione
2224 2556 2350 2625 quis
2376 2556 2517 2611 dicet
2544 2557 2708 2611 etiam
2739 2558 2823 2611 his
2847 2573 2875 2611 a
2907 2557 3015 2612 Deo
3040 2559 3359 2629 contingere
3391 2560 3441 2613 id
3472 2559 3617 2629 quod

2042 2662 2105 2700 ex
2173 2647 2531 2701 retributione
2557 2658 2609 2702 et
2640 2651 3084 2717 compensatione
3143 2650 3430 2720 speratur?
3460 2649 3619 2714 Quod

2045 2739 2092 2791 si
2116 2739 2239 2807 quis
2268 2741 2385 2793 sine
2414 2740 2521 2792 ulla
2548 2741 2872 2794 excussione
2904 2750 2957 2794 ct
2983 2742 3385 2795 examinatione
3432 2741 3625 2812 hujus—

2046 2828 2192 2880 modi
2244 2828 2554 2899 Opinionem
2585 2830 2964 2899 amplectetur,
3003 2831 3160 2899 quasi
3190 2846 3417 2900 prorsus
3447 2832 3501 2885 in
3533 2833 3625 2886 bo-

2047 2922 2133 2973 nis
2164 2918 2379 2973 futurus
2416 2921 2487 2973 sit
2516 2920 2563 2973 is
2595 2921 2687 2988 qui
2715 2920 2815 2973 hoc
2840 2922 3003 2974 modo
3031 2921 3293 2990 prodierit
3346 2922 3402 2975 in
3433 2922 3622 2988 vitam,

2047 3023 2110 3062 ex
2132 3008 2234 3061 hac
2268 3007 2528 3076 opinione
2558 3010 2782 3062 meliore
2812 3010 3126 3063 conditione
3157 3010 3476 3079 beatiorque
3505 3026 3629 3066 esse

2050 3098 2328 3153 videbitur
2361 3102 2452 3168 qui
2478 3100 2599 3153 vita:
2626 3102 2899 3170 particeps
2931 3103 3158 3155 omnino
3191 3111 3433 3167 nonest,
3462 3117 3627 3173 quam

2055 3189 2147 3259 qui
2184 3190 2335 3255 vivit,
2370 3192 2414 3245 si
2446 3191 2661 3258 quidem
2696 3192 2783 3244 ille
2801 3192 3173 3261 proculdubio
3204 3194 3468 3247 bonorum
3500 3210 3629 3264 par-

2058 3282 2230 3351 ticeps
2257 3283 2382 3341 erit.
2445 3282 2609 3335 etiam
2645 3284 2689 3336 si
2725 3282 2993 3338 Barbaros
3047 3293 3300 3354 parentes
3328 3285 3527 3341 habeat
3576 3297 3631 3341 et

2052 3371 2222 3440 justis
2246 3371 2613 3442 legitimisque
2635 3374 2842 3442 nuptiis
2869 3384 3169 3445 conceptus
3201 3391 3312 3430 non
3347 3376 3455 3443 sit;
3484 3377 3631 3431 illius

2058 3473 2240 3519 autem
2268 3464 2416 3526 vitae.
2450 3466 2542 3535 qui
2578 3464 2631 3519 id
2683 3466 2827 3536 quod
2882 3474 3077 3521 natura
3122 3470 3267 3538 capit
3310 3478 3473 3540 atque
3502 3485 3637 3525 con-

2058 3560 2256 3623 suevit,
2279 3560 2511 3613 vivendo
2545 3571 2760 3629 tempus
2802 3563 3064 3630 exegerit,
3092 3578 3318 3631 prorsus
3350 3564 3433 3619 vel
3459 3564 3637 3633 major

2058 3648 2143 3701 vel
2200 3649 2381 3701 minor
2426 3649 2805 3719 coinquinatio
2857 3650 3173 3705 vitiositatis
3211 3653 3633 3718 admiscebitur;

2060 3747 2154 3793 aut
2175 3739 2219 3794 si
2238 3741 2453 3808 penitus
2476 3756 2506 3793 a
2532 3742 3055 3796 communionemali
3091 3758 3296 3797 vacuus
3325 3745 3449 3806 erit,
3493 3745 3638 3798 mul-

2061 3835 2133 3887 tis
2173 3834 2222 3887 ei
2284 3834 2351 3888 ad
2382 3834 2486 3887 hoc.
2541 3834 2719 3903 ipsum
2765 3835 3060 3891 sudoribus
3083 3843 3136 3889 et
3168 3836 3448 3891 laboribus
3499 3850 3638 3905 opus

2059 3926 2181 3981 erit.
2210 3924 2327 3979 Non
2360 3926 2505 3979 enim
2534 3926 2740 3995 absque
2791 3928 3007 3996 negotio
3058 3928 3148 3997 qui
3198 3928 3383 3981 virtuti
3416 3928 3640 3983 student

2061 4033 2180 4072 eam
2213 4026 2618 4086 assequuntur;
2663 4034 2839 4086 neque
2870 4019 3077 4088 absque
3104 4020 3287 4073 labore
3322 4020 3639 4074 hominibus

2061 4108 2355 4176 contingit,
2393 4118 2451 4161 ut
2479 4124 2508 4161 a
2539 4108 2694 4164 malis
2748 4109 3121 4178 voluptatibus
3155 4110 3315 4163 alieni
3339 4110 3470 4171 sint,
3503 4111 3642 4164 adeo

2062 4211 2121 4253 ut
2152 4214 2379 4269 prorsus
2408 4207 2658 4268 oporteat
2690 4215 2812 4253 eum
2844 4201 2936 4269 qui
2963 4200 3171 4255 diutius
3200 4202 3252 4254 in
3283 4202 3392 4254 vita
3422 4201 3641 4255 futurus

2060 4292 2153 4355 sit,
2185 4291 2354 4345 altero
2382 4307 2447 4344 ex
2516 4292 2729 4345 duobus
2780 4292 3025 4346 molestis
3065 4292 3407 4361 implicatum
3444 4292 3641 4346 conﬂi-

2061 4384 2218 4447 ctari,
2252 4383 2333 4437 vel
2368 4398 2516 4437 nunc
2549 4384 2603 4436 in
2630 4383 2901 4438 laborioso
2919 4385 3181 4437 exercitio
3207 4386 3427 4439 virtutis
3454 4384 3644 4441 decer-

2064 4473 2397 4539 tantem,vel
2422 4482 2550 4527 tunc
2578 4487 2799 4542 propter
2829 4473 2990 4525 vitam
3023 4490 3117 4542 per
3150 4476 3413 4529 malitiam
3454 4486 3507 4530 et
3542 4493 3643 4531 ne-

2065 4565 2295 4636 quitiam
2358 4574 2715 4628 transactam,
2780 4565 2832 4617 in
2885 4566 3247 4621 retributione
3304 4568 3542 4623 tristium
3590 4577 3644 4623 et

1986 4653 2029 4708 D
2058 4658 2377 4712 acerbarum
2417 4671 2599 4711 rerum
2631 4657 2915 4710 cruciatus
2938 4664 2992 4711 et
3010 4657 3228 4711 dolores
3270 4660 3590 4715 tolerantem
3629 4680 3640 4714 :

383 4759 439 4810 in
481 4756 828 4827 praematuris
854 4764 1033 4808 autem
1066 4753 1204 4807 nihil
1228 4761 1315 4807 est
1344 4751 1637 4821 ejusmodi.
1666 4750 1772 4805 Sed
1806 4750 2058 4820 protinus
2076 4766 2193 4814 eos,
2228 4750 2321 4819 qui
2354 4750 2640 4802 immatura
2668 4756 2829 4803 aetate
2856 4764 2921 4802 ex
2952 4749 3057 4803 hac
3078 4752 3188 4802 vita
3216 4751 3465 4807 translati
3492 4763 3642 4813 sunt,

384 4856 429 4909 si
488 4854 647 4911 modo
689 4870 820 4908 vera
855 4868 1047 4905 eorum
1100 4851 1195 4921 qui
1255 4850 1330 4903 ita
1384 4850 1739 4919 suspicantur
1787 4857 1841 4902 et
1870 4848 2123 4911 credunt,
2155 4847 2341 4915 opinio
2374 4856 2488 4907 est,
2526 4845 2667 4898 bona
2717 4859 2839 4898 sors
2888 4852 3050 4914 atque
3100 4845 3342 4899 conditio
3411 4848 3637 4917 excipit.

384 4944 525 5016 Ergo
578 4959 642 4997 ex
695 4941 1055 5009 consequenti
1120 4940 1353 4994 rationis
1420 4938 1665 4991 carentia
1709 4936 1872 4990 etiam
1920 4938 2037 5006 ipsa
2074 4937 2285 4989 ratione
2320 4951 2444 4990 esse
2488 4936 2835 5004 praestantior
2865 4944 2919 4988 et
2957 4935 3254 5004 optabilior
3289 4939 3642 5003 ostendetur,

382 5054 436 5093 et
470 5042 647 5094 virtus
677 5038 884 5092 nullius
914 5036 1072 5106 pretii
1136 5051 1234 5105 per
1274 5036 1389 5089 haec
1448 5033 1751 5103 apparebit.
1807 5032 1941 5085 Nam
1979 5035 2024 5087 si
2075 5034 2285 5087 nullum
2325 5033 2585 5086 damnum
2654 5046 2717 5085 ac
2772 5031 3186 5095 detrimentum,
3236 5038 3502 5100 quantum
3579 5035 3646 5087 ad

386 5147 544 5186 usum
568 5138 622 5184 et
655 5128 1128 5200 participationem
1172 5126 1439 5179 bonorum
1486 5126 1703 5186 attinet,
1753 5124 1953 5177 accidit
1980 5125 2030 5177 ei
2067 5125 2159 5195 qui
2196 5124 2471 5193 particeps
2503 5122 2720 5176 virtutis
2778 5137 2886 5175 non
2941 5120 3063 5185 fuit,
3104 5137 3305 5175 vanum
3358 5130 3413 5177 et
3456 5123 3649 5179 inutile

383 5224 503 5290 ejus
532 5222 773 5276 studium
801 5218 984 5276 fuerit,
1029 5231 1152 5269 cum
1187 5223 1364 5270 status
1422 5225 1475 5267 et
1536 5215 1671 5267 ordo
1698 5214 1933 5269 rationis
1967 5230 2164 5284 expers
2196 5215 2408 5284 priores
2431 5221 2615 5283 partes
2648 5214 2701 5266 in
2726 5212 2935 5281 judicio
2965 5210 3057 5266 Dei
3099 5212 3366 5267 obtineat.

453 5320 637 5373 Ταῦτα
693 5321 757 5371 σὺ
812 5318 991 5370 πάντα
1043 5316 1138 5367 καὶ
1186 5314 1255 5366 τὰ
1300 5313 1524 5367 τοιαῦτα
1560 5313 1962 5381 διανοούμενος,

381 5415 627 5478 ἐξετάσαι
668 5414 758 5466 τὸν
792 5413 921 5482 περὶ
971 5410 1158 5463 τούτου
1192 5408 1347 5476 λόγον
1396 5405 1738 5469 διεκελεύσω,
1769 5405 1845 5468 ὡς
1897 5404 1965 5458 ἂν

381 5510 511 5577 ἡμῖν
555 5505 643 5558 διὰ
674 5506 771 5573 τῆς
804 5502 1096 5557 ἀκολούθου
1132 5500 1407 5570 ζητήσεως
1435 5497 1526 5549 ἐπί
1564 5514 1708 5559 τινος
1749 5495 1965 5564 βεϐαίου

380 5600 649 5669 νοήματος
691 5599 723 5667 ἡ
761 5596 889 5665 περί
922 5592 1087 5647 αὑτοῦ
1140 5590 1407 5662 ίδρυνθείη
1450 5589 1675 5642 διάνοια.
1722 5586 1864 5655 Ἐγὼ
1909 5588 1968 5640 δὲ

381 5692 517 5759 πρὸς
549 5690 607 5742 τὸ
631 5688 999 5758 δυσθεώρητον
1030 5685 1123 5739 τοῦ
1157 5684 1509 5755 προτεθέντος
1538 5682 1668 5750 ἡμῖν
1712 5679 1967 5749 σκέμμα-

378 5801 471 5846 τος
510 5783 741 5854 βλέπων,
787 5780 1046 5851 ἁρμόζειν
1098 5780 1195 5847 μὲν
1246 5772 1396 5847 οἶμαι
1435 5775 1529 5830 καὶ
1549 5774 1649 5847 τὴν
1681 5773 1775 5826 τοῦ
1809 5774 1969 5826 Ἀπο-

617 5878 887 5937 ΡΑτιιοι.
927 5877 1044 5936 Gn.
1086 5872 1305 5935 XLVI.

2140 5312 2266 5367 Haac
2300 5322 2353 5367 et
2392 5311 2663 5380 ejusmodi
2698 5312 2903 5372 omnia,
2956 5325 3079 5364 cum
3142 5310 3326 5363 animo
3392 5317 3648 5380 agitares,

2069 5403 2322 5458 hortatus
2353 5416 2411 5456 es
2431 5416 2535 5463 me,
2573 5410 2631 5453 ut
2661 5400 2821 5469 hujus
2845 5400 2922 5454 rei
2958 5400 3225 5454 rationem
3259 5407 3557 5468 scrutarer,
3590 5408 3651 5454 ut

2070 5509 2169 5566 per
2204 5502 2632 5561 consequentem
2663 5499 2717 5544 et
2738 5498 3164 5544 consentaneam
3197 5490 3557 5559 quaestionem
3585 5506 3652 5545 ac

2072 5583 2500 5654 disputationem
2530 5582 2688 5636 nobis
2714 5581 2767 5634 in
2791 5582 2969 5650 aliqua
2991 5582 3147 5635 ﬁrma
3168 5581 3425 5651 opinione
3454 5578 3521 5635 de
3552 5578 3654 5634 hac

2075 5694 2132 5733 re
2155 5692 2307 5732 mens
2329 5685 2681 5731 statueretur.
2712 5674 2820 5744 Ego
2834 5690 2961 5729 vero
2990 5674 3433 5728 animadvertetis
3453 5685 3656 5743 quanta

2075 5769 2365 5826 dilﬁcultas
2394 5785 2455 5825 ac
2490 5768 2824 5839 perplexitas
2860 5768 2997 5823 insit
3055 5768 3108 5822 in
3146 5783 3208 5824 ea
3241 5783 3362 5834 Quae
3402 5768 3558 5824 nobis
3589 5765 3657 5820 ad

3261 5868 3300 5926 6
