4096 6354
457 317 553 376 ΠΙ

1688 302 1746 359 S.
1787 291 2114 356 CREGORII
2152 292 2446 350 NYSSENI

3613 277 3635 331 1
3649 279 3715 333 7‘2

451 427 910 488 considerandum
961 432 1017 481 et
1064 420 1545 493 contemplandum
1579 417 1856 490 proposita
1879 430 2029 485 quas-

2155 411 2318 463 ττόλου
2353 407 2534 478 φωνὴν
2580 404 2657 476 τῷ
2693 404 2916 476 παρόντι
2948 401 3110 470 λόγῳ,
3150 399 3216 470 ἥν
3245 396 3338 450 ἐπὶ
3390 395 3497 448 τῶν
3546 395 3716 464 ἀνεφ-

454 523 561 578 stio
589 529 695 583 est,
731 517 1021 574 convenire
1071 516 1292 586 quidem
1323 513 1520 584 opinor
1578 511 1745 566 etiam
1774 506 2030 579 praasenti

453 611 902 670 commentationi
948 609 1304 680 apostolicam
1339 620 1552 668 vocem,
1593 618 1702 673 qua
1750 602 1842 674 ille
1897 615 2032 654 usus

454 715 536 761 est
562 707 615 760 in
646 703 835 758 arduis
867 710 922 757 et
955 701 1154 756 mentis
1191 697 1511 768 cogitationi
1543 693 1840 751 inaccessis
1865 701 1920 745 et
1946 691 2032 743 in-

454 796 1044 869 comprehensibilibus
1099 791 1564 863 quaestionibus:
1622 785 1946 844 Oaltitudo,
2010 803 2029 836 ι

456 892 731 960 inquiens,
767 907 786 939 ‹
825 887 1140 942 divitiarum
1196 894 1249 940 et
1291 882 1573 954 sapientia:
1607 888 1662 934 et
1705 878 2037 949 cognitionis

461 983 548 1038 Dei
578 984 592 1037 l
627 981 799 1049 Quam
835 977 1215 1035 inscrutabilia
1272 975 1478 1046 judicia
1510 974 1650 1042 ejus.
1681 983 1736 1028 et
1757 972 2038 1040 investiga-

457 1074 594 1128 biles
621 1073 721 1127 vim
756 1071 875 1140 ejus
921 1072 934 1123 !
982 1068 1119 1136 Quis
1173 1067 1319 1123 enim
1358 1064 1613 1136 cognovit
1645 1070 1881 1117 mentem
1932 1061 2038 1115 Do-

457 1167 590 1220 mini
623 1167 686 1220 8?
721 1184 740 1218 ι
767 1163 872 1219 Sed
899 1166 1156 1234 quoniam
1185 1176 1380 1217 rursus
1406 1159 1702 1230 Apostolus
1732 1157 1807 1210 ait
1838 1156 1881 1218 ⁸,
1911 1169 2040 1226 pro-

457 1261 638 1331 prium
691 1258 992 1328 spiritualis
1025 1272 1148 1311 esse
1196 1255 1380 1309 omnia
1441 1253 1701 1314 scrutari,
1749 1248 2034 1318 indagare,

458 1349 748 1421 exquirere
769 1355 823 1404 et
852 1349 1164 1402 examinare
1182 1387 1196 1410 ,
1223 1354 1384 1416 atque
1408 1343 1753 1400 commendat
1768 1357 1863 1395 eos
1892 1341 1984 1409 qui
2009 1355 2040 1394 a

459 1440 646 1494 divina
685 1439 858 1509 gratia
891 1439 944 1491 in
1005 1441 1153 1492 omni
1206 1437 1414 1490 ratione
1447 1434 1708 1503 omnique
1729 1431 2042 1502 cognitione

463 1530 621 1585 ditati
687 1539 838 1592 sunt,
869 1537 1015 1583 recte
1079 1544 1163 1580 Ine
1210 1527 1484 1581 facturum
1530 1541 1654 1580 esse
1719 1538 1938 1584 censeo,
1971 1523 2038 1581 si,

459 1622 639 1692 quoad
669 1620 790 1689 ejus
838 1619 952 1675 ﬁeri
995 1620 1216 1688 poterit,
1265 1617 1674 1687 inquisitionem
1731 1623 1785 1670 et
1819 1613 2042 1667 investi-

461 1714 731 1783 gationem
786 1726 894 1765 non
930 1710 1219 1780 negligam,
1281 1725 1455 1780 neque
1493 1708 1635 1777 quod
1670 1707 1725 1760 in
1761 1707 1845 1759 his
1893 1720 2040 1774 quae.

2137 503 2297 556 ίκτων
2334 502 2540 562 ἐκεῖνος
2577 495 2870 566 πεποίηται
2903 493 3106 560 λέγων⁹
3141 509 3159 540 ι
3182 491 3246 543 Ὦ
3292 487 3452 558 βάθος
3487 486 3716 539 πλούτου

2134 596 2229 650 καὶ
2255 594 2446 664 σοφίας
2469 592 2562 645 καὶ
2593 588 2847 659 γνώσεως
2877 585 3011 639 Θεοῦ
3041 586 3053 638 !
3104 584 3190 644 Ὡς
3222 579 3618 650 ἀνεξερεύνητα
3647 577 3717 630 τὰ

2134 689 2378 760 κρίματα
2406 682 2590 746 αὑτοῦ,
2623 683 2717 735 καὶ
2743 676 3135 748 ἀνεξιχνίαστοι
3161 675 3215 727 ai
3245 673 3353 726 ὁδοὶ
3385 669 3583 725 αὑτοῦῑ
3623 667 3720 730 Τίς

2135 784 2244 854 γὰρ
2271 781 2409 849 ἔγνω
2454 777 2577 831 νοῦν
2603 773 2845 845 Κυρίου;
2892 791 2910 822 ι
2960 767 3178 839 Ἐπειδὴ
3207 767 3264 819 δὲ
3299 763 3460 818 πάλιν
3561 761 3719 854 Ἀπόξ

2137 851 2322 936 στόλος
2351 871 2480 924 ἴδιον
2513 866 2605 921 τοῦ
2643 860 3012 934 πνευματικοῦ
3044 876 3175 928 φησι
3219 857 3280 910 τὸ
3312 853 3621 925 ἀνακρίνειν
3650 851 3719 904 τὰ

2137 959 2335 1020 πάντα,
2371 958 2464 1010 καὶ
2493 953 2811 1024 ἀπώέχεται
2838 951 2964 1011 τοὺς
2995 949 3146 1019 παρὰ
3173 947 3270 1016 τῆς
3313 944 3465 1006 θείας
3497 943 3720 1014 χάριτος

2138 1049 2555 1111 πλουτισθέντας
2588 1049 2646 1099 ἐν
2675 1044 2838 1097 παντὶ
2875 1043 3017 1111 λόγῳ
3043 1039 3138 1093 καὶ
3167 1037 3313 1108 πάσῃ
3340 1033 3570 1105 γνώσει·
3614 1050 3719 1087 κα-

2136 1144 2245 1208 λῶς
2289 1143 2432 1213 ἔχειν
2477 1142 2620 1209 φημὶ
2655 1137 2728 1208 μὴ
2762 1133 3200 1204 κατολιγωρῆσαι
3234 1129 3332 1196 τῆς
3365 1129 3593 1197 δυνατῆς
3633 1127 3720 1193 ἐξ·

2140 1238 2394 1300 ετάσεως,
2452 1233 2586 1304 μηδὲ
2633 1229 2893 1300 περιιδεῖν
2919 1226 2980 1278 τὸ
3024 1223 3353 1294 ζητούμενον
3402 1223 3458 1273 ὲν
3512 1219 3721 1282 τούτοις

2140 1325 2493 1399 ἀνερεύνητόν
2550 1341 2608 1376 τε
2661 1322 2754 1375 καὶ
2819 1317 3161 1388 ἀθεώρητον,
3219 1314 3296 1375 ὼς
3343 1314 3409 1366 ἂν
3463 1312 3536 1384 μὴ
3599 1309 3719 1364 καθ’

2139 1419 2431 1489 ὁμοιότητα
2475 1415 2574 1484 τῆς
2618 1411 2713 1465 τοῦ
2760 1409 3142 1481 προϐλήματος
3187 1405 3516 1467 ὑποθέσεως,
3552 1404 3645 1457 καὶ
3691 1404 3721 1454 ό

2142 1508 2270 1579 περί
2316 1503 2479 1559 αὑτοῦ
2527 1503 2681 1571 λόγος
2713 1501 2908 1570 ἀτελὴς
2939 1497 3284 1567 ἁφανισθείη,
3325 1498 3357 1564 ἦ
3397 1498 3490 1550 καὶ
3520 1498 3717 1567 ἄωρος,

2141 1599 2394 1669 καθάπερ
2435 1614 2487 1649 τι
2527 1597 2718 1666 νήπιον
2772 1593 2882 1645 τῶν
2939 1591 3239 1661 ἀρτιτόκων
3288 1591 3417 1660 πρὶν
3471 1590 3550 1651 εξς
3606 1588 3722 1657 φῶς

2145 1691 2426 1764 προελθεῖν
2470 1690 2564 1744 καὶ
2597 1686 2944 1758 ἁδρυνθῆναι,
2975 1678 3086 1737 οἷόν
3112 1700 3217 1735 τινι
3265 1682 3478 1752 θανάτῳ
3513 1683 3577 1751 τῇ
3622 1683 3723 1749 ρᾳ-

464 1770 622 1866 ;itur,
657 1802 732 1856 ita
764 1801 1059 1870 despiciam
1091 1810 1253 1871 atque
1277 1807 1645 1863 contemnam,
1671 1805 1728 1851 ut
1757 1797 1810 1850 id
1833 1797 2042 1865 absque

2155 1784 2314 1855 θυμία
2346 1782 2453 1836 τῶν
2486 1781 2622 1851 πρὸς
2650 1779 2747 1849 τὴν
2783 1777 3007 1848 ζήτησιν
3035 1776 3132 1845 τῆς
3175 1774 3430 1844 ἀληθείας
3475 1773 3724 1825 ἀτονούν-

463 1896 798 1951 scrutatione
859 1903 1023 1964 atque
1092 1893 1549 1962 contemplatione
1600 1889 2040 1961 praetermittam;

464 2001 534 2042 ne
564 1986 630 2040 ad
674 1985 1086 2041 similitudinem
1122 1984 1423 2054 argumenti
1467 1982 1759 2053 propositae
1789 1981 2045 2051 quastio-

467 2078 576 2140 nis,
612 2077 789 2131 oratio
814 2091 1032 2146 quoque
1071 2075 1137 2129 de
1164 2090 1227 2130 ea
1256 2090 1316 2128 re
1360 2072 1675 2140 imperfecta
1730 2082 2042 2135 evanescat,

466 2169 551 2223 vel
582 2168 746 2222 etiam
773 2175 899 2224 ante
951 2176 1167 2238 tempus
1199 2167 1367 2222 veluti
1412 2166 1594 2222 infans
1626 2167 1826 2236 aliquis
1881 2165 2046 2220 modo

470 2268 652 2323 natus,
714 2260 1033 2330 priusquam
1087 2259 1141 2313 in
1177 2260 1350 2314 lucem
1405 2259 1633 2330 prodeat
1674 2269 1728 2314 et
1763 2269 2044 2330 augescat,

467 2359 727 2421 tauquam
785 2359 959 2406 morte
1015 2350 1272 2421 quadam,
1336 2351 1391 2405 in
1435 2353 1739 2421 quaestione
1798 2353 2046 2408 veritatis

468 2442 840 2497 deﬁcientium
882 2443 1097 2514 ignavia
1148 2450 1311 2513 atque
1367 2443 1619 2498 socordia
1675 2445 1907 2499 intereat
1961 2452 2046 2496 at-

467 2547 576 2602 que
603 2541 1006 2602 corrumpatur.
1038 2531 1189 2586 Haud
1224 2533 1388 2603 igitur
1416 2533 1822 2586 incommodum
1853 2532 2046 2587 existi-

447 2613 580 2684 ‘mo,
612 2637 720 2676 non
771 2624 957 2678 statim
993 2638 1022 2676 a
1082 2621 1230 2678 fonte
1292 2631 1346 2678 et
1400 2622 1558 2677 initio
1587 2639 1738 2678 more
1765 2631 2046 2677 oratorum

471 2712 526 2768 in
553 2713 783 2782 judiciis
817 2714 1212 2768 decertantium
1243 2729 1366 2768 cum
1401 2715 1836 2784 appositionibus
1865 2715 2049 2784 impli-

470 2806 584 2858 cari
618 2814 782 2874 atque
812 2804 1124 2875 conﬂigere,
1141 2806 1234 2859 sed
1271 2806 1506 2876 quodam
1528 2806 1759 2860 orationi
1795 2806 2052 2876 imposilo

471 2897 685 2961 ordine,
723 2913 818 2966 per
871 2898 1317 2966 consequentiam
1383 2899 1674 2968 proposita:
1732 2900 2052 2969 quaestionis

473 2987 776 3057 producere
801 2987 1334 3042 commentationem.
1362 2987 1623 3053 Quisnam
1656 2989 1822 3059 igitur
1847 2999 1931 3044 est
1966 2991 2052 3044 ille

2144 1893 2253 1928 των
2303 1872 2765 1942 διαφθειρόμενος.
2812 1867 2958 1938 Φημὶ
3008 1867 3186 1919 τοίνυν
3235 1865 3415 1926 καλῶς
3456 1863 3601 1933 ἔχειν
3651 1863 3724 1934 μὴ

2147 1963 2451 2039 ῥητορικῶς
2497 1981 2556 2016 τε
2605 1961 2701 2016 καὶ
2736 1957 3109 2028 ἀγωνιστικῶς
3159 1955 3320 2018 εὐθὺς
3369 1955 3509 2008 κατὰ
3551 1955 3726 2039 στόμα

2148 2033 2295 2132 atpch
2342 2057 2637 2120 ἀντιθέσεις
2699 2052 3140 2124 συμπλέκεσθαι,
3196 2049 3332 2102 ἀλλά
3393 2066 3510 2101 τινα
3571 2033 3724 2110 τάξιν

2147 2149 2433 2212 ἐπιθέντας
2461 2147 2538 2217 τῷ
2575 2147 2737 2217 λόγῳ,
2765 2145 2831 2198 δι’
2862 2141 3153 2196 ἀκολούθου
3184 2140 3445 2208 προάγειν
3473 2138 3570 2209 τήν
3597 2137 3726 2206 περὶ

2148 2239 2240 2293 τοῦ
2287 2238 2670 2309 προϐλήματος
2725 2234 2978 2305 θεωρίαν.
3033 2233 3130 2294 Τὶς
3180 2227 3272 2284 οὖν
3325 2232 3357 2300 ή
3413 2229 3598 2294 τάξιςς
3652 2229 3725 2281 Τὸ

2148 2329 2350 2400 γνῶναι
2397 2327 2612 2399 πρῶτον
2654 2327 2775 2381 ὅθεν
2822 2328 2853 2396 ή
2901 2324 3212 2395 ἀνθρωπίνη
3255 2322 3434 2390 φύσις,
3471 2324 3564 2374 καὶ
3602 2323 3724 2374 ὅτου

2149 2423 2309 2494 χάριν
2339 2417 2503 2493 ἦλθεν
2529 2421 2610 2482 εἰς
2639 2419 2869 2486 γένεσιν.
2904 2417 2965 2468 Εἰ
2999 2417 3106 2486 γὰρ
3143 2415 3346 2468 τούτων
3380 2413 3452 2485 μή
3492 2414 3726 2486 διαμάρ-

2148 2530 2356 2585 τοιμεν,
2400 2511 2520 2564 οὑδὲ
2555 2510 2652 2579 τῆς
2693 2507 3061 2580 προκειμένης
3107 2509 3236 2578 ἡμῖν
3283 2506 3515 2576 θεωρίας
3543 2509 3726 2576 ήμαρ-

2149 2605 2375 2676 τηκότες
2424 2602 2678 2673 ἐσόμεθα.
2709 2601 2782 2654 Τὸ
2821 2601 2918 2671 μὲν
2950 2595 3042 2652 οῦν
3076 2601 3136 2650 ἐκ
3163 2598 3296 2650 Θεοῦ
3326 2600 3433 2651 πᾶν
3463 2599 3490 2650 ὅ
3531 2597 3581 2650 τί
3622 2599 3727 2668 πέρ

2151 2700 2266 2750 ἐστι
2302 2695 2418 2766 μετ’
2452 2694 2611 2748 αὐτὸν
2642 2696 2699 2746 ἐν
2729 2696 2839 2755 τοῖς
2873 2687 3024 2745 οὖσιν
3058 2693 3114 2744 ὲν
3142 2693 3208 2762 τῇ
3243 2690 3398 2759 φύσει
3440 2690 3728 2760 νοούμενόν

2151 2807 2211 2842 τε
2258 2788 2353 2841 καὶ
2405 2786 2677 2859 ὁρώμενον
2731 2784 2793 2837 τὸ
2826 2781 2964 2836 εἶναι
3015 2783 3177 2852 ἔχειν,
3231 2791 3479 2853 περιττόν
3524 2780 3589 2833 ἂν
3639 2779 3726 2851 εἴη

2152 2883 2296 2950 λόγῳ
2323 2876 2849 2942 κατασκευάζεσθαι,
2880 2875 3114 2938 οὐδενὸς,
3145 2871 3317 2945 οἶμαι,
3350 2873 3456 2925 τῶν
3483 2872 3730 2926 ὁπωσοῦν

2155 2971 2581 3042 ἐπεσκεμμένων
2631 2968 2730 3040 τὴν
2780 2967 2886 3020 τῶν
2923 2966 3091 3020 ὄντων
3143 2967 3400 3036 ἀλήθειαν
3451 2963 3586 3033 πρὸς
3631 2962 3730 3033 τὴν

473 3080 652 3133 ordo?
673 3077 847 3133 Nosse
871 3079 1106 3147 primum
1131 3078 1276 3132 unde
1306 3090 1498 3132 natura
1527 3080 1785 3141 humana,
1819 3089 1874 3134 et
1893 3081 2052 3148 cujus

2156 3064 2410 3134 τοιαύτην
2459 3061 2724 3130 ὑπόληψιν
2767 3057 3133 3129 ἐνισταμένου.
3199 3057 3565 3127 Ὀμολογείται
3622 3054 3730 3124 γὰρ

472 3171 550 3226 rei
588 3173 763 3240 gratia
798 3177 1087 3240 procreata
1139 3170 1230 3224 sit.
1264 3169 1321 3223 Si
1352 3171 1497 3225 enim
1531 3172 1644 3224 haec
1691 3188 1794 3226 nos
1833 3189 1940 3225 non
1973 3171 2056 3225 fu-

475 3263 675 3332 gerint,
701 3277 799 3316 nec
825 3276 854 3312 a
874 3261 1150 3330 proposita
1169 3261 1390 3330 quidem
1414 3262 1573 3316 nobis
1594 3264 2056 3318 commentatione

476 3351 933 3405 aberraverimus.
968 3348 1086 3403 Jam
1120 3365 1250 3405 vero
1297 3366 1707 3420 supervacuum
1743 3352 1906 3406 fuerit
1936 3368 2057 3405 ora-

477 3443 623 3496 tione
654 3442 904 3511 probare,
953 3441 1099 3510 quod
1134 3442 1399 3511 quidquid
1448 3442 1750 3496 secundum
1780 3442 1950 3498 Deum
2003 3444 2058 3498 in

476 3548 660 3587 rerum
692 3540 911 3594 natura,
943 3540 1057 3586 tum
1115 3541 1298 3588 mente
1328 3534 1649 3603 percipitur,
1683 3543 1794 3587 tum
1821 3534 2058 3600 videtur,

475 3637 542 3677 ex
569 3621 688 3692 ipso
724 3621 834 3676 Deo
861 3621 1158 3676 essentiam
1195 3622 1391 3677 habeat
1425 3641 1437 3674 :
1470 3637 1592 3676 cum
1626 3637 1808 3688 nemo,
1841 3623 2059 3692 opinor,

476 3727 667 3768 eorum
699 3711 793 3782 qui
828 3719 1108 3780 utcunque
1156 3726 1339 3766 rerum
1371 3713 1656 3767 veritatem
1704 3710 2060 3778 contemplati

482 3803 708 3869 fuerint,
767 3802 1079 3872 hujusmodi
1139 3803 1452 3872 Opinionem
1500 3813 1916 3875 Oppugnaturus
1967 3805 2060 3858 sit.

478 3893 707 3951 Constat
743 3894 887 3948 enim
922 3893 1064 3947 inter
1107 3908 1300 3948 omnes
1362 3911 1424 3947 ex
1477 3911 1581 3947 una
1631 3911 1794 3950 causa
1830 3895 2065 3965 pendere

479 4001 570 4042 res
604 3986 914 4048 universas,
947 3986 1262 4055 nullamque
1293 4001 1405 4040 rem
1431 3987 1601 4054 ipsam
1639 4002 1703 4040 ex
1737 4001 1856 4040 sese
1872 4001 2064 4041 essen-

482 4078 614 4133 tiam
668 4077 889 4140 habere,
922 4091 1099 4146 neque
1151 4076 1235 4131 sui
1268 4076 1442 4146 ipsius
1480 4077 1804 4147 principium
1841 4085 1895 4131 et
1940 4091 2068 4131 cau-

483 4183 598 4225 sam
624 4184 780 4233 esse,
828 4167 924 4224 sed
954 4183 1116 4222 unam
1164 4168 1382 4237 quidem
1453 4184 1576 4222 esse
1638 4177 1886 4222 naturam
1956 4184 2066 4223 non

483 4267 722 4316 creatam
796 4268 851 4315 et
923 4260 1340 4330 sempiternam,
1391 4275 1512 4328 quae
1547 4275 1764 4330 semper
1815 4260 2068 4314 similiter

487 4358 542 4405 et
574 4351 764 4406 eodem
799 4350 962 4405 modo
1016 4333 1139 4405 sese
1165 4350 1386 4412 habeat,
1427 4351 1573 4402 omni
1611 4351 1945 4404 iutervallari
1983 4351 2068 4404 in-

2159 3154 2311 3225 παρὰ
2353 3153 2591 3214 πάντων,
2648 3152 2774 3221 μιᾶς
2807 3148 2982 3212 αἰτίας
3013 3146 3238 3217 ὲξῆιρθαι
3271 3146 3330 3198 τὸ
3361 3147 3488 3208 πᾶν,
3521 3145 3610 3196 καὶ
3642 3145 3734 3196 οὐ-

2157 3245 2246 3296 δὲν
2277 3243 2382 3296 τῶν
2407 3243 2574 3293 ὄντων
2607 3241 2772 3294 αὑτοῦ
2802 3240 2860 3302 ἐξ
2891 3239 3083 3293 ἑαυτοῦ
3127 3238 3190 3292 τὸ
3238 3234 3376 3291 εἶναι
3407 3236 3568 3308 ἔχειν,
3611 3236 3733 3290 οὑδὲ

2161 3333 2352 3387 ἑαυτοῦ
2382 3329 2519 3385 εἶναι
2561 3332 2736 3402 ἀρχὴν
2762 3331 2855 3383 καὶ
2898 3331 3094 3393 αἰτίαν,
3128 3331 3262 3384 ἀλλὰ
3292 3331 3418 3398 μίαν
3449 3330 3545 3398 μὲν
3575 3328 3734 3397 φύσιν

2162 3422 2300 3478 εἶναι
2341 3424 2591 3477 ἄκτιστον
2647 3423 2737 3474 καί
2786 3420 2973 3482 ἀΐδιον,
3007 3421 3092 3472 ἀεὶ
3145 3419 3285 3473 κατὰ
3338 3419 3404 3471 τὰ
3459 3417 3598 3471 αύτά
3643 3419 3737 3471 καὶ

2161 3515 2420 3577 ὡσαύτως
2452 3514 2699 3584 ἔχουσαν,
2731 3513 2950 3574 παντὸς
2993 3509 3421 3581 διαστηματικοῦ
3469 3511 3736 3580 νοήματος

2165 3606 2585 3679 ὑπερκειμένην,
2631 3603 2835 3673 ἀναυξῆ
2866 3621 2986 3656 τινα
3029 3603 3120 3656 καί
3152 3602 3438 3670 ἀμείωτον,
3468 3601 3562 3655 καὶ
3599 3618 3736 3653 παν-

2163 3701 2254 3764 τὸς
2285 3701 2411 3770 ὅρου
2441 3698 2694 3750 ἐπέκεινα
2728 3694 3136 3767 θεωρουμένην’
3177 3689 3244 3764 ἦς
3277 3693 3456 3764 ἔργον,
3493 3693 3587 3746 καὶ
3615 3693 3741 3762 χρό-

2165 3809 2274 3854 νος,
2309 3790 2403 3843 καὶ
2433 3789 2616 3852 τόπος,
2649 3789 2742 3842 καὶ
2769 3788 2838 3839 τὰ
2880 3787 2972 3839 ἐπὶ
3005 3786 3212 3847 τούτοις
3244 3786 3434 3847 πάντα,
3485 3784 3579 3837 καὶ
3607 3785 3660 3836 εἴ
3685 3799 3739 3836 τι

2169 3883 2273 3954 πρὸ
2318 3882 2520 3936 τούτων
2553 3878 2958 3948 καταλαμὸἀνει
3002 3879 3035 3948 ή
3079 3877 3252 3930 ἔννοια
3297 3877 3484 3947 νοητόν
3536 3893 3596 3928 τε
3645 3876 3738 3928 καὶ

2169 3974 2555 4046 ὑπερκόσμιον.
2598 3973 2692 4024 Ἓν
2720 3972 2777 4025 δὲ
2817 3971 2923 4023 τῶν
2952 3970 3250 4038 γεγονότων
3285 3969 3378 4021 καί
3409 3967 3504 4038 τὴν
3532 3966 3740 4037 ιιινθρω⁴

2169 4071 2330 4138 πίνην
2359 4066 2518 4133 φύσιν
2544 4059 2682 4117 εἷναί
2712 4079 2914 4134 φαμεν,
2941 4061 3083 4132 λόγῳ
3115 4063 3219 4115 τινὶ
3243 4062 3341 4131 τῆς
3381 4060 3738 4114 θεοπνεύστου

2167 4159 2512 4222 διδασκαλίας
2533 4157 2710 4228 όδηγῷ
2738 4156 2873 4229 πρὸς
2901 4155 3057 4208 τοῦτο
3089 4154 3463 4224 συγχρώμενοι
3481 4170 3495 4185 ο
3525 4155 3584 4217 ὃς
3607 4171 3739 4224 φησι

2169 4254 2388 4307 πάντων
2412 4251 2562 4317 παρὰ
2586 4248 2679 4302 τοῦ
2703 4247 2836 4301 Θεοῦ
2865 4246 3252 4318 παραχθέντων
3282 4247 3362 4307 εἰς
3387 4245 3620 4312 γένεσιν,
3647 4244 3743 4296 καὶ

2167 4346 2258 4398 τὸν
2289 4343 2571 4414 ἄνθρωπον
2605 4340 2696 4393 ἐπὶ
2728 4341 2824 4410 τῆς
2868 4339 2972 4408 γῆς
3025 4336 3424 4406 ἀναδειχθῆναι,
3458 4335 3515 4402 ἐξ
3558 4338 3741 4407 ἑτερο-

488 4441 708 4496 tellectu
761 4439 1034 4509 superior,
1085 4437 1405 4492 incrementi
1452 4437 1940 4506 diminutionisque
1969 4453 2052 4491 ev-

2170 4437 2344 4504 γενῶν
2395 4432 2838 4504 συγκεκραμένον
2884 4432 2982 4501 τὴν
3018 4429 3197 4498 φύσιν,
3232 4429 3333 4498 τῆς
3363 4428 3513 4492 θείας
3559 4447 3617 4482 τε
3650 4430 3743 4482 καὶ

492 4547 638 4602 pars,
667 4544 787 4600 quae
814 4530 955 4584 ultra
980 4543 1196 4582 omnem
1231 4527 1521 4581 terminum
1544 4542 1666 4580 esse
1695 4528 2068 4597 conspiciatur

490 4631 546 4678 et
591 4622 926 4690 intelligatur
960 4638 973 4675 :
1006 4619 1165 4688 cujus
1210 4635 1348 4688 0pus
1384 4621 1452 4671 sit
1486 4629 1537 4670 et
1566 4628 1777 4686 tempus
1823 4629 1878 4672 et
1917 4621 2066 4674 locus

491 4724 548 4770 et
587 4715 674 4769 his
704 4712 1092 4782 consequentia
1123 4712 1328 4773 omnia,
1377 4727 1438 4762 ac
1466 4712 1508 4763 si
1543 4710 1672 4779 quid
1697 4719 1820 4764 ante
1840 4711 1950 4765 haec
1975 4727 2069 4763 co-

493 4807 682 4876 gitatio
719 4803 1153 4874 comprehendit,
1187 4810 1300 4856 tum
1349 4803 1461 4855 sola
1502 4810 1680 4855 mente
1709 4803 2068 4871 comprehen-

491 4897 667 4960 sibile,
704 4905 819 4949 tum
863 4893 1387 4964 supramundanum.
1448 4892 1621 4944 Unum
1673 4905 1852 4948 autem
1902 4910 1964 4947 es
2002 4895 2068 4949 iis

491 5004 610 5058 quae
661 4987 804 5042 facta
838 4994 987 5048 sunt,
1027 4994 1276 5039 naturam
1335 5000 1554 5055 quoque
1603 4986 1891 5038 humanam
1943 5002 2066 5041 esse

489 5081 746 5144 dicimus,
803 5080 1052 5132 oratione
1100 5077 1336 5146 quadam
1398 5078 1596 5132 divinae
1626 5078 1888 5130 doctrinae,
1928 5077 2068 5131 duce

490 5172 558 5226 ad
581 5173 683 5227 hoc
705 5180 920 5226 utentes
944 5190 956 5225 :
983 5186 1106 5240 quae
1133 5171 1229 5235 ait,
1253 5171 1510 5225 omnibus
1541 5186 1571 5223 a
1610 5170 1716 5224 Deo
1740 5170 1804 5223 ad
1835 5186 2066 5239 genera-

492 5265 693 5319 tionem
742 5263 1046 5332 productis,
1099 5263 1373 5317 hominem
1406 5278 1624 5332 quoque
1667 5276 1832 5332 super
1864 5269 2067 5316 terram

491 5362 735 5409 creatum
776 5369 918 5412 esse.
945 5353 1104 5423 cujus
1126 5363 1325 5408 natura
1348 5369 1412 5408 ex
1431 5353 1629 5409 diversi
1650 5354 1867 5423 generis
1900 5354 2065 5408 rebus

492 5452 897 5510 contemperata
929 5443 1020 5507 sit,
1061 5443 1243 5498 divina
1277 5443 1740 5514 intellectualique
1769 5451 1962 5498 natura
1997 5444 2066 5499 ad

492 5547 612 5589 eam
654 5549 776 5605 qua:
803 5534 1070 5604 cujusque
1098 5535 1350 5590 elementi
1390 5535 1440 5590 ei
1468 5536 1778 5592 contributa
1806 5545 1910 5601 est,
1943 5551 2069 5608 por-

595 5707 784 5766 ‘Rom.
816 5726 868 5766 ιι
893 5750 908 5778 ,
939 5711 1026 5767 55.
1103 5713 1124 5744 ⁸
1162 5712 1336 5768 lCor.
1371 5728 1445 5779 ιι,
1483 5713 1576 5769 10.

2170 4531 2362 4600 νοερᾶς
2391 4528 2596 4591 οὑσίας,
2617 4526 2750 4597 πρὸς
2775 4525 2872 4596 τὴν
2907 4525 3133 4578 ἑκάστου
3158 4523 3263 4575 τῶν
3299 4522 3575 4591 στοιχείων
3597 4521 3744 4590 αὑτῷ

2172 4623 2644 4692 συνερανισθεῖσαν
2676 4620 2869 4689 μοῖραν
2907 4613 3335 4685 καταμιχθείσης
3356 4630 3367 4641 ·
3407 4612 3656 4680 γενέσθαι
3687 4613 3743 4666 δὲ

2170 4715 2356 4768 τοῦτον
2406 4712 2556 4784 παρὰ
2600 4710 2692 4763 τοῦ
2739 4707 3135 4776 πεποιηκότος,
3182 4706 3266 4773 ἐφ’
3319 4698 3422 4772 ᾧτε
3475 4701 3609 4757 εἶναι
3647 4706 3744 4774 τῆς

2169 4807 2316 4868 θείας
2366 4823 2425 4857 τε
2477 4803 2570 4856 καὶ
2615 4799 3015 4872 ὑπερκειμένης
3071 4796 3351 4866 δυνάμεως
3403 4796 3641 4866 ἔμψυχόν
3689 4811 3743 4846 τι

2169 4897 2434 4966 ὁμοίωμα.
2482 4894 2698 4947 Βέλτιον
2745 4893 2788 4945 δ’
2838 4892 2904 4945 ἂν
2953 4891 3036 4961 εἴη
3077 4890 3170 4942 καὶ
3210 4889 3378 4959 αὑτὴν
3407 4884 3745 4951 παραθέσθαι

2169 4987 2266 5057 τὴν
2310 4984 2452 5051 λέξιν
2482 4984 2708 5054 ἔχουσαν
2750 4979 2958 5042 οὑτως*
2996 4998 3014 5030 ι
3063 4981 3172 5031 Καὶ
3219 4977 3464 5045 ἐποίησε,
3507 4994 3524 5025 ι
3560 4975 3742 5043 φησιν,

2177 5095 2195 5127 ‹
2231 5078 2260 5128 ὁ
2295 5077 2424 5140 Θεὸς
2467 5076 2560 5128 τὸν
2607 5073 2892 5146 ἄνθρωπον
2917 5089 2930 5102 ·
2976 5072 3093 5124 κατ’
3120 5069 3300 5123 εἰκόνα
3326 5067 3459 5120 Θεοῦ
3493 5067 3745 5134 ἐποίησεν

2171 5170 2352 5224 αὑτόνε
2393 5190 2411 5223 ι
2446 5171 2557 5240 Τὴν
2598 5169 2656 5222 δὲ
2693 5167 2870 5221 αἰτίαν
2914 5167 3013 5235 τῆς
3043 5164 3136 5217 τοῦ
3180 5161 3319 5226 ζώου
3353 5160 3540 5214 τούτου
3587 5176 3748 5212 κατα-

2175 5264 2392 5334 σκευῆς,
2425 5262 2534 5316 τῶν
2565 5260 2671 5332 πρὸ
2718 5259 2873 5330 ήμῶν
2901 5275 3043 5320 τινες
3078 5255 3280 5326 ταύτην
3323 5251 3744 5308 ἀποδεδώκασιν.

2173 5356 2254 5409 ὅτι
2298 5354 2420 5424 διχῆ
2471 5353 2804 5423 διῃρημένης
2854 5349 2954 5418 τῆς
3007 5348 3237 5410 κτίσεως
3299 5345 3510 5413 πάσης.
3568 5341 3748 5406 καθώς

2175 5449 2386 5518 φησινό
2418 5445 2760 5509 Ἀπόστολος,
2796 5446 2874 5507 εἰς
2903 5443 2963 5496 τὸ
3003 5441 3195 5512 ὁρατόν
3238 5457 3298 5492 τε
3342 5437 3436 5491 καὶ
3484 5435 3745 5507 ἀόρατον·

2176 5538 2495 5609 σημαίνεται
2510 5535 2598 5590 διὰ
2624 5540 2722 5608 μὲν
2746 5534 2836 5590 τοῦ
2853 5532 3182 5607 ἀοράτου,τὸ
3201 5531 3388 5603 νοητὸν
3411 5528 3505 5582 καὶ
3521 5525 3746 5599 ἁσώμτι·
