4096 6354
358 378 462 435 173
1122 372 1214 426 "DE
1250 369 1660 428 INFANTIBUS
1696 366 1817 435 QUI
1849 365 2303 422 PRIEMATURE
2331 363 2826 422 ABRIPIUNTUR.
3140 365 3142 367 ’
3504 363 3604 418 17!.

355 509 468 549 τον⁶
485 493 572 548 διὰ
599 490 655 546 δὲ
681 491 771 545 τοῦ
800 489 1080 562 ὁρατοῦ,τὸ
1101 489 1356 560 αἰσθητόν
1381 505 1440 541 τε
1474 488 1565 541 καὶ
1596 485 1941 556 σωματῶδες.

2059 488 2249 540 Lionem
2306 479 2538 534 adtnista
2574 499 2587 535 :
2622 480 2768 534 hunc
2803 488 2980 532 antem
3032 477 3234 532 idcirco
3263 477 3461 532 factum
3488 494 3612 535 esse

359 607 389 645 a
419 589 702 651 Creatore,
753 595 812 642 ut
853 596 1006 642 esset
1052 586 1254 640 divinae
1286 596 1448 655 atque
1489 600 1705 655 superae
1740 585 1960 640 virtutis
1991 584 2294 638 animatum
2322 576 2595 647 quoddam
2643 575 3019 630 simulacrum.
3045 571 3402 628 Commodius
3428 581 3610 626 autem

360 684 522 739 fuerit
550 683 713 738 etiam
740 682 914 752 ipsam
941 682 996 736 in
1025 681 1262 736 medium
1291 682 1485 736 alIerre
1504 681 1820 748 dictionem,
1856 696 1977 751 qua:
2007 679 2133 732 talis
2163 683 2248 730 est
2282 693 2294 729 :
2327 692 2344 724 ι
2381 672 2444 726 Ει
2474 671 2621 736 fecit,
2665 691 2684 722 ›
2723 670 2923 740 inquit,
2965 688 2983 721 ι
3016 669 3160 725 Deus
3198 670 3493 735 hominem,
3527 684 3615 724 se-

359 777 599 832 cundmn
632 775 922 845 imaginem
955 772 1049 829 Dei
1083 774 1208 828 fecit
1231 789 1354 827 eum
1389 774 1431 827 ³.
1467 793 1485 826 ι
1526 771 1698 828 Porro
1720 787 1942 828 Causam
1983 768 2278 826 creationis
2314 765 2478 834 hujus
2512 763 2786 830 animalis,
2825 762 3043 831 quidam
3089 777 3276 816 eorum
3327 762 3420 831 qui
3484 768 3614 814 ante

361 883 463 923 nos
496 866 736 930 fuerunt,
772 866 912 920 hanc
940 865 1318 928 reddiderunt,
1353 867 1498 936 quod
1532 883 1656 920 cum
1699 863 1951 920 bifariam
2015 862 2189 916 divisa
2242 860 2312 914 sit
2358 856 2538 911 omnis
2593 864 2865 916 creatura,
2915 852 3372 923 quemadmodum
3436 853 3615 924 inquit

362 960 684 1030 Apostolus.
717 959 770 1012 in
804 958 1021 1013 visibile
1047 959 1260 1014 scilicet
1283 969 1337 1015 et
1381 960 1657 1015 invisibile
1689 975 1702 1010 :
1743 973 1838 1028 per
1862 955 2140 1011 invisibile
2187 953 2428 1024 quidem,
2462 949 2514 1004 id
2591 949 2734 1019 quod
2805 955 2984 1002 mente
3008 947 3212 1018 percipi
3287 955 3485 1019 potest,
3557 953 3614 1014 et

366 1053 790 1121 incorporeum;
825 1065 919 1119 per
943 1051 1158 1106 visibile
1185 1059 1366 1106 autem
1392 1053 1654 1107 sensibile
1678 1059 1732 1107 et
1760 1064 2084 1120 corporeum
2125 1045 2486 1126 signiﬁcatur.

430 1148 524 1211 Εἰς
551 1147 642 1201 δύο
670 1147 846 1200 τοίνυν
873 1145 1042 1200 ταῦτα
1071 1147 1414 1219 διῃρημένων
1456 1149 1676 1203 πάντων
1708 1151 1814 1202 τῶν
1843 1151 1932 1203 δν-

361 1254 487 1297 των.
516 1237 594 1298 εἷς
617 1254 675 1290 τε
703 1236 762 1290 τὸ
790 1237 1064 1307 αἰσθητὸν,
1085 1237 1248 1306 λέγω,
1277 1239 1371 1291 καὶ
1393 1241 1473 1302 είς
1496 1243 1558 1293 τὸ
1584 1241 1699 1293 κατ’
1729 1240 1936 1294 ἔννοιαν

363 1327 761 1398 θεωρούμενον·
792 1328 886 1380 καὶ
913 1328 1012 1396 τῆς
1043 1328 1140 1398 μὲν
1170 1329 1464 1400 ἀγγελικῆς
1494 1347 1554 1383 τε
1584 1332 1677 1385 καὶ
1711 1333 1938 1402 ἀσωμά-

363 1437 455 1473 του
489 1419 721 1490 φύσεως.
752 1422 873 1491 ἥτις
897 1421 1003 1474 τῶν
1029 1421 1294 1492 ἀοράτων,
1325 1424 1383 1474 ἐν
1410 1426 1520 1486 τοῖς
1547 1424 1936 1498 ὑπερκοσμίοις

365 1529 425 1566 τε
449 1514 543 1566 καὶ
570 1515 976 1585 ὑπερουρανίοις
1006 1514 1385 1585 διαιτωμένης,
1408 1516 1494 1570 διὰ
1520 1517 1580 1569 τὸ
1607 1518 1939 1586 κατάλληλον

368 1597 506 1656 εἶναι
541 1605 608 1674 τῇ
637 1603 796 1673 φύσει
825 1605 886 1656 τὸ
915 1604 1230 1673 ἐνδιαίτημα
1261 1605 1316 1674 (ἦ
1356 1622 1413 1658 τε
1444 1605 1552 1676 γὰρ
1583 1605 1743 1676 νοερά
1781 1606 1940 1673 φύσις

2113 1145 2246 1197 Cum
2289 1143 2455 1213 igitur
2499 1142 2554 1195 in
2600 1141 2711 1194 hzec
2758 1139 2866 1194 duo
2899 1137 3074 1192 divisa
3116 1137 3228 1192 sint
3275 1137 3457 1191 omnia
3495 1153 3618 1208 quae

2045 1245 2196 1302 sunt,
2251 1236 2305 1290 in
2365 1235 2646 1298 sensibile,
2701 1234 2946 1302 inquam,
3007 1239 3061 1284 et
3110 1231 3164 1284 in
3213 1230 3267 1284 id
3318 1230 3463 1301 quod
3521 1247 3619 1301 per

2046 1325 2249 1381 mentis
2309 1325 2664 1395 agitationem
2700 1331 2756 1378 et
2810 1323 3199 1392 cogitationem
3233 1322 3620 1378 consideratur

2045 1425 2100 1472 et
2125 1415 2476 1486 intelligitur,
2512 1421 2678 1484 atque
2718 1413 2960 1483 angelica
3001 1411 3221 1482 quidem
3268 1420 3325 1468 et
3358 1413 3620 1483 incorpo-

2047 1522 2138 1562 rea
2182 1515 2413 1570 natura,
2454 1519 2576 1574 quae
2623 1519 2690 1558 ex
2744 1501 3114 1558 invisibilibus
3162 1512 3268 1567 est,
3323 1503 3378 1556 in
3429 1518 3624 1572 supra-

2048 1596 2345 1652 mundanis
2373 1605 2430 1651 et
2459 1593 2948 1666 supercmlestlbus
2980 1593 3229 1663 partibus
3282 1593 3623 1649 domicilium

366 1693 537 1766 λεπτή
586 1713 668 1758 τις
701 1697 793 1750 καὶ
831 1695 1045 1767 καθαρά
1100 1698 1193 1750 καὶ
1242 1697 1452 1770 ἀϐαρὴς
1497 1699 1590 1751 καὶ
1637 1699 1938 1770 εὐκίνητος,

2059 1692 2267 1756 habeat,
2313 1697 2601 1758 propterea
2645 1687 2790 1758 qttod
2822 1701 2884 1741 ea
2925 1686 3084 1742 sedes
3113 1686 3190 1740 illi
3250 1693 3460 1742 naturae
3488 1702 3624 1742 con-

365 1787 426 1840 τό
472 1804 532 1840 τε
564 1787 810 1858 οὐράνιον
855 1788 1014 1858 σῶμα
1056 1788 1251 1841 λεπτόν
1277 1806 1335 1841 τε
1366 1788 1460 1842 καὶ
1485 1789 1683 1858 κοῦφον
1716 1791 1810 1844 καὶ
1832 1791 1944 1844 ἀει-

367 1878 610 1950 κίνητον)
635 1897 649 1910 ·
681 1879 777 1950 τῆς
814 1880 870 1933 δὲ
895 1880 1018 1949 γῆς,
1044 1879 1072 1932 ὃ
1096 1879 1158 1950 δὴ
1175 1879 1283 1932 τῶν
1310 1880 1580 1950 αἰσθητῶν
1607 1883 1751 1934 ἐστιν
1781 1881 1942 1952 ἔσχα-

367 1985 477 2033 τον,
510 1969 723 2030 οἰκείως
753 1987 810 2022 τε
833 1970 926 2022 καὶ
963 1968 1306 2039 καταλλήλως
1332 1970 1467 2037 πρὸς
1490 1971 1588 2043 τὴν
1613 1971 1721 2024 τῶν
1741 1971 1944 2041 νοητῶν

369 2061 427 2113 ἐν
461 2061 598 2132 αὐτῇ
625 2061 898 2131 διαγωγὴν
927 2061 1026 2113 οῦκ
1056 2060 1314 2131 ἐχούσηςο
1348 2063 1452 2131 (τίς
1489 2063 1597 2135 γὰρ
1627 2062 1692 2117 ἂν
1737 2064 1946 2133 γένοιτο

368 2152 463 2205 τοῦ
500 2153 811 2222 ἀνωφεροῦς
843 2170 901 2204 τε
942 2155 1035 2206 καὶ
1083 2152 1286 2220 κούφου
1335 2155 1472 2224 πρὸς
1500 2154 1562 2207 τὸ
1591 2155 1729 2226 βαρυ
1764 2173 1822 2208 τε
1853 2157 1947 2209 καὶ

371 2241 626 2313 ἐμϐριθὲς
662 2242 980 2309 κοινωνία;)
1021 2243 1096 2307 ὡς
1135 2243 1201 2297 ἂν
1243 2245 1317 2314 μὴ
1357 2245 1578 2308 τελείως
1618 2247 1842 2318 ἄμοιρός
1887 2265 1946 2301 τε

371 2335 466 2388 καὶ
497 2334 800 2406 ἀπῦκληρος
829 2336 862 2404 ἠ
895 2334 968 2404 γῆ
997 2335 1098 2404 τῆς
1124 2337 1316 2406 νοερᾶς
1341 2354 1398 2389 τε
1430 2337 1524 2390 καὶ
1552 2339 1840 2408 ἀσωμάτου
1871 2341 1948 2394 δι-

379 2425 600 2494 αγωγῆς
635 2425 742 2495 εἴη,
772 2426 958 2478 τούτου
1006 2426 1160 2495 χάριν
1201 2427 1511 2498 προμηθείᾳ
1554 2429 1818 2498 κρείττονι
1852 2430 1949 2501 τὴν

373 2515 719 2586 ἀνθρωπίνην
751 2515 1007 2586 συστῆναι
1040 2520 1282 2582 γένεσιν,
1315 2519 1380 2587 τῇ
1418 2519 1578 2587 νοερᾷ
1614 2536 1671 2570 τε
1709 2521 1799 2572 καὶ
1832 2519 1951 2591 θείᾳ

373 2609 472 2676 τῆς
503 2609 677 2679 ψυχῆς
703 2607 858 2679 οὐσίᾳ
881 2608 981 2672 τῆς
1006 2610 1200 2679 γηΐνης
1229 2609 1423 2680 μοίρας
1466 2610 1946 2679 περιπλασθείσης,

374 2700 449 2763 ὡς
471 2699 536 2752 ἂν
558 2702 624 2770 τῇ
659 2699 794 2770 πρὸς
815 2698 873 2751 τὸ
907 2698 1160 2769 ἐμϐριθές
1172 2716 1230 2751 τε
1247 2700 1335 2752 καὶ
1366 2699 1688 2770 σωματῶδες
1708 2717 1770 2752 συ
1778 2701 1952 2771 μφυῖᾳ

376 2790 724 2862 καταλλήλως
754 2789 950 2861 ἡψυχὴ
979 2789 1057 2861 τῷ
1081 2791 1324 2860 στοιχείῳ
1361 2792 1460 2861 τῆς
1492 2791 1594 2862 γῆς
1626 2791 1949 2862 ὲμϐιοτεύοι,

379 2881 606 2952 ἐχούσης
646 2899 700 2934 τι
759 2881 896 2952 πρὸς
938 2881 1036 2953 τὴν
1085 2881 1184 2951 τῆς
1223 2882 1420 2952 σαρκὸς
1466 2883 1652 2936 οὐσίαν
1694 2882 1952 2951 συγγενὲς

378 2975 472 3027 καί
503 2973 792 3045 ὁμόφυλον.
827 2974 1034 3036 Σκοπὸς
1077 2973 1133 3027 δὲ
1161 2973 1268 3027 τῶν
1301 2974 1595 3044 γινομένων
1637 2976 1772 3036 ἐστὶ,
1811 2975 1871 3028 τὸ
1895 2978 1952 3029 ὲν

378 3067 526 3139 πάσῃ
574 3070 662 3138 τῇ·
689 3066 861 3121 κτίσει
913 3066 1001 3121 διὰ
1051 3069 1149 3138 τῆς
1196 3069 1388 3139 νοερᾶς
1435 3068 1648 3138 φύσεως
1712 3070 1813 3140 τὴν
1858 3069 1952 3123 τοῦ

376 3159 576 3222 παντὸς
625 3161 1026 3231 ὑπερκειμένην
1077 3158 1390 3227 δοξάζεσθαι
1446 3161 1692 3231 δύναμιν,
1737 3161 1844 3216 τῶν
1889 3179 1949 3214 τε

378 3252 712 3323 ἐπουρανίων
741 3254 832 3306 καὶ
882 3253 991 3306 τῶν
1017 3252 1336 3324 ἐπιχθονίων
1363 3253 1451 3308 διὰ
1481 3255 1579 3324 τῆς
1605 3254 1771 3325 αὐτῆς
1801 3255 1952 3323 ἐνερ-

378 3344 531 3411 γείας
561 3343 723 3414 (λέγω
749 3344 806 3396 δὲ
831 3345 920 3398 διὰ
949 3343 1044 3398 τοῦ
1079 3344 1215 3415 πρὸς
1246 3344 1336 3396 τὸν
1360 3343 1489 3396 Θεὸν
1521 3343 1757 3415 βλέπειν)
1789 3344 1950 3414 ἀλλήο

379 3433 493 3497 λοις
542 3433 678 3505 πρὸς
717 3433 809 3486 τὸν
842 3435 1004 3488 αὑτὸν
1053 3433 1254 3487 σκοπὸν
1290 3435 1724 3503 συναπτομένων.
1781 3435 1845 3487 'H
1895 3436 1951 3488 δὲ

379 3523 476 3576 τοῦ
534 3523 746 3594 βλέπειν
795 3525 932 3595 πρὸς
980 3524 1070 3578 τὸν
1127 3526 1258 3578 Θεὸν
1331 3526 1579 3596 ἐνέργεια
1632 3527 1782 3579 οὐδὲν
1826 3526 1953 3581 ἄλλο

383 3615 552 3677 ἐστὶν,
582 3613 615 3685 ἢ
648 3614 758 3684 ζωὴ
791 3616 856 3686 τῇ
900 3615 1060 3685 νοερᾷ
1091 3615 1249 3683 φύσει
1291 3617 1498 3670 ὲοικυίἀ
1542 3633 1601 3670 τε
1629 3618 1724 3670 καὶ
1755 3617 1951 3671 κατάλ-

383 3705 559 3776 ληλος.
617 3705 828 3776 Ὥσπερ
875 3705 981 3776 γὰρ
1027 3706 1096 3760 τά
1144 3706 1370 3776 σώματα
1419 3709 1583 3779 γήϊνα
1629 3709 1775 3772 ὄντα,
1831 3712 1953 3774 ταῖς

381 3796 595 3866 γηϊναις
656 3797 1024 3868 διακρατεῖται
1070 3801 1331 3868 τροφαῖς,
1384 3800 1476 3852 καί
1531 3817 1580 3853 τι
1631 3801 1955 3872 σωματῶδες

383 3887 527 3958 ζωῆς
570 3884 706 3952 εἶδος
747 3890 804 3940 ἐν
851 3888 1062 3950 τούτοις
1105 3889 1616 3960 καταλαμϐάνομεν,
1650 3893 1849 3960 ὁμοίιος
1897 3894 1954 3945 ἐν

383 3979 596 4047 ἀλόγοις
641 3997 699 4032 τε
749 3981 840 4034 καὶ
881 3979 1116 4048 λογικοῖς
1163 3981 1582 4052 ἐνεργούμενον·
1618 3982 1790 4046 οὕτως
1817 3979 1954 4036 εἷναί

381 4087 502 4124 τινα
533 4070 637 4141 χρὴ
661 4073 752 4126 καὶ
783 4071 976 4142 νοητὴν
1019 4072 1162 4142 ζωὴν
1193 4071 1559 4136 ὑποτίθεσθαι,
1584 4073 1652 4126 δι’
1698 4070 1766 4146 ἦς
1793 4076 1850 4127 ὲν
1879 4073 1957 4144 τῷ

383 4159 494 4213 ὄντι
526 4162 865 4231 συντηρεῖται
897 4162 928 4230 ἡ
960 4159 1136 4229 φύσις.
1169 4159 1234 4213 El
1265 4162 1320 4214 δὲ
1343 4163 1375 4233 ἠ
1400 4161 1501 4231 τῆς
1545 4163 1742 4234 σαρκὸς
1762 4163 1955 4234 τροφὴ,

385 4252 672 4325 ὲπίῤῥυτὸς
705 4270 788 4315 τις
815 4247 949 4306 οῦσα
985 4255 1077 4305 καὶ
1109 4255 1470 4325 ἀπορρέουσα,
1510 4255 1577 4307 δι’
1614 4254 1782 4324 αὐτῆς
1813 4271 1956 4324 παρ-

383 4343 504 4396 όδου
528 4343 755 4414 δύναμίν
779 4361 899 4397 τινα
921 4343 1155 4416 ζωτικὴν
1195 4345 1566 4398 ἐναποτίθεται
1597 4342 1677 4410 οἷς
1706 4346 1772 4399 ἂν
1799 4347 1958 4417 γένη-

2049 1785 2277 1837 veniens
2325 1788 2380 1836 et
2430 1778 2845 1834 accommodata
2890 1777 2963 1831 sit
3020 1776 3188 1840 (nam
3237 1777 3377 1832 sicut
3429 1785 3626 1834 natura

2052 1871 2436 1928 intellectualis
2466 1871 2647 1926 tenuis
2673 1869 2942 1939 quaedam,
2974 1882 3128 1938 pura,
3153 1868 3410 1938 ponderis
3432 1885 3627 1940 expers

2051 1976 2106 2020 et
2157 1965 2315 2038 agilis
2363 1973 2469 2028 est,
2524 1964 2601 2018 ita
2653 1977 2857 2032 corpus
2901 1976 3120 2031 quoque
3154 1962 3398 2029 caeleste,
3441 1970 3624 2026 tenue,

2053 2059 2167 2113 leve
2201 2068 2253 2112 et
2287 2072 2501 2126 semper
2532 2055 2730 2110 mobile
2770 2054 2876 2120 est)
2911 2070 2924 2106 :
2962 2061 3105 2107 terra
3142 2061 3344 2118 autem,
3386 2069 3508 2124 quae
3532 2070 3630 2110 ex-

2055 2161 2288 2204 tremum
2325 2150 2583 2202 nimirum
2622 2161 2688 2200 ex
2725 2145 3082 2201 sensibilibus
3114 2156 3219 2208 est,
3269 2161 3392 2198 cum
3425 2145 3493 2199 ad
3525 2145 3630 2200 hoc

2055 2253 2181 2313 apta
2234 2251 2398 2310 atque
2428 2237 2842 2293 accommodata
2875 2252 2984 2290 non
3029 2237 3120 2296 sit,
3155 2247 3214 2291 ut
3251 2238 3305 2291 in
3338 2252 3399 2292 ea
3429 2239 3631 2309 degant

2053 2349 2117 2387 ea
2147 2348 2266 2403 quae
2294 2332 2409 2388 sola
2450 2339 2630 2384 mente
2661 2327 3202 2398 comprehenduntur
3227 2344 3241 2380 :
3274 2330 3456 2399 (quam
3482 2331 3630 2385 enim

2055 2423 2496 2477 communionem
2531 2421 2729 2475 habeat
2759 2418 2812 2472 id
2843 2419 2990 2489 quod
3041 2419 3157 2474 leve
3195 2428 3280 2474 est
3322 2434 3386 2474 ac
3411 2435 3628 2476 sursum

2058 2515 2248 2578 fertur,
2296 2528 2420 2568 cum
2469 2527 2536 2567 eo
2573 2513 2716 2583 quod
2768 2526 2932 2584 grave
2970 2525 3033 2566 ac
3072 2511 3439 2581 ponderosum
3470 2513 3630 2583 est?)

2057 2621 2126 2660 ne
2167 2613 2313 2658 terra
2375 2603 2595 2674 penitus
2648 2620 2845 2674 expers
2894 2620 2960 2660 ac
3001 2622 3173 2662 vacua
3225 2619 3372 2664 esset
3423 2609 3491 2663 ab
3543 2610 3631 2664 in-

2060 2696 2348 2752 tellectuali
2413 2703 2467 2750 et
2537 2696 2859 2765 incorporea
2914 2700 3367 2765 conversatione,
3425 2701 3633 2756 idcirco

2057 2787 2398 2858 providentia
2453 2787 2686 2848 meliori.
2737 2802 2860 2842 cum
2916 2789 3274 2845 intellectuali
3327 2793 3635 2863 divinaeque

2059 2880 2254 2933 animae
2301 2886 2508 2932 natura:
2555 2885 2770 2932 terrena
2821 2881 2999 2948 portio
3051 2882 3387 2937 circumdata
3432 2895 3485 2939 et
3533 2886 3637 2940 ob-

2059 2970 2223 3025 ducta
2268 2977 2445 3035 esset,‘
2487 2970 2641 3024 aiunt
2683 2973 2975 3023 humanam
3022 2972 3314 3027 conﬂatam
3369 2989 3494 3032 esse
3536 2992 3636 3030 na-

2061 3070 2264 3126 turam,
2331 3069 2388 3114 ut
2449 3075 2546 3130 per
2597 3076 2715 3113 eam
2773 3076 2880 3130 qua
2919 3077 3043 3117 cum
3101 3067 3338 3133 pondere
3387 3069 3637 3136 corporis

2062 3153 2270 3206 coaluit
2321 3152 2788 3221 conjunctionem,
2833 3162 2960 3224 apte
3010 3163 3173 3224 atque
3226 3159 3638 3214 accommodate

2058 3249 2264 3298 viveret
2309 3245 2492 3297 anima
2556 3243 2612 3298 in
2671 3245 2945 3300 elemento
2989 3259 3168 3310 terras,
3221 3266 3342 3318 quae
3387 3252 3638 3306 nonnihil

2057 3336 2404 3404 coanationis
2437 3346 2490 3390 et
2522 3333 2803 3392 affinitatis
2834 3338 2997 3393 habet
3027 3357 3150 3394 cum
3199 3350 3397 3397 natura
3427 3345 3638 3400 carnis.

2058 3425 2184 3481 llaec
2223 3437 2404 3482 autem
2455 3428 2641 3482 omnia
2691 3428 2797 3482 huc
2843 3438 3128 3498 spectant,
3180 3443 3237 3485 ut
3281 3435 3539 3489 nimirum
3582 3437 3637 3490 in

2057 3519 2205 3573 omni
2247 3528 2501 3574 creatura
2550 3535 2645 3588 per
2688 3519 3111 3577 intellectualem
3154 3532 3405 3578 naturam
3465 3527 3638 3598 glori-

2060 3613 2316 3667 licaretur
2361 3619 2414 3666 et
2459 3612 2832 3667 celebraretur
2866 3631 2930 3668 ca
2959 3617 3136 3671 virtus
3168 3627 3221 3671 et
3250 3626 3490 3686 potestas
3518 3635 3641 3688 quae

2059 3717 2224 3770 supra
2280 3701 2536 3771 praesidet
2571 3702 2736 3758 rebus
2778 3703 3070 3766 universis,
3127 3714 3239 3758 tum
3299 3708 3645 3768 cmlestibtts‘

2058 3804 2173 3849 tum
2222 3796 2595 3860 terrestribus,
2655 3812 2753 3866 per
2798 3798 3046 3852 eamdem
3103 3797 3446 3854 eﬂicientiam
3492 3803 3642 3870 (dico

2061 3898 2237 3942 autem
2279 3903 2376 3956 per
2413 3888 2536 3952 hoc,
2593 3897 2651 3940 ut
2691 3888 2758 3942 ad
2812 3887 2978 3943 Deum
3017 3891 3336 3961 reSpiciant)
3400 3893 3468 3946 ad
3496 3909 3644 3947 eam-

2060 3979 2182 4034 dem
2219 3981 2576 4034 intentionem
2622 3980 2762 4035 inter
2798 3995 2919 4036 sese
2957 3981 3286 4050 conjunctis.
3323 3982 3493 4038 Porro
3527 3985 3642 4042 elli-

2061 4073 2263 4128 cientia
2312 4074 2640 4142 respiciendi
2671 4075 2736 4127 ad
2775 4072 2965 4137 Deum,
2999 4075 3136 4128 nihil
3178 4085 3264 4130 est
3295 4077 3440 4130 aliud
3475 4093 3638 4146 quam

2059 4165 2174 4216 vita
2225 4164 2579 4218 intellectuali
2629 4173 2839 4218 naturae
2872 4166 3203 4219 conveniens
3245 4176 3298 4221 et
3328 4182 3641 4222 accommo-

2063 4255 2210 4310 data.
2233 4256 2702 4322 Quemadmodum
2727 4257 2872 4310 enim
2906 4263 3119 4310 terrena
3150 4271 3378 4326 corpora
3409 4260 3643 4316 terrenis

2065 4355 2470 4401 conservantur
2499 4347 2660 4409 cibis,
2686 4361 2750 4400 ac
2777 4361 3098 4416 corpoream
3147 4347 3436 4415 quamdam
3467 4349 3520 4403 in
3556 4352 3639 4406 his

385 4451 508 4487 ται⁶
544 4434 697 4504 πόσῳ
727 4435 923 4504 μᾶλλον
954 4438 988 4507 ἡ
1038 4437 1294 4506 μετουσία
1337 4435 1431 4490 τοῦ
1464 4437 1630 4501 ὅντως
1665 4437 1836 4502 ὄντος,
1866 4437 1952 4490 τοῦ

2066 4439 2188 4493 vita:
2217 4439 2452 4507 speciem
2477 4437 2955 4506 deprehendimus,
2987 4452 3108 4506 qua:
3140 4445 3193 4492 in
3229 4440 3402 4494 brutis
3438 4443 3640 4510 pariter

387 4527 476 4579 ἀεὶ
512 4527 760 4596 μένοντος
802 4527 895 4579 καὶ
938 4528 1168 4582 πάντοτε
1209 4530 1471 4592 ὡσαύτως
1515 4531 1748 4600 ἔχοντος,
1783 4533 1839 4582 ἐν
1882 4530 1961 4600 τῷ

385 4613 526 4670 εἶναι
558 4615 818 4686 φυλάσσει
849 4617 940 4671 τὸν
983 4621 1348 4691 μετασχόνταῐ
1403 4622 1464 4674 Εἰ
1501 4617 1593 4674 οὖν
1632 4621 1769 4692 αὓτη
1813 4623 1964 4674 ἐστὶν

390 4707 425 4776 ἡ
454 4706 626 4759 οἰκεία
655 4723 715 4760 τε
749 4709 842 4761 καὶ
869 4709 1199 4778 κατάλληλος
1241 4715 1306 4783 τῇ
1343 4714 1502 4782 νοερᾷ
1534 4712 1692 4781 φύσει
1722 4714 1857 4783 ζωὴ,
1902 4713 1962 4765 τὸ

387 4797 482 4851 τοῦ
510 4798 645 4851 Θεοῦ
685 4801 953 4870 μετέχειν,
995 4804 1092 4855 οὐκ
1118 4803 1183 4856 ἂν
1209 4803 1294 4856 διὰ
1321 4804 1429 4856 τῶν
1456 4806 1710 4858 ἐναντίων
1751 4805 1961 4872 γένοιτο

387 4890 420 4958 ή
455 4890 730 4958 μετουσία,
764 4893 812 4943 εἰ
859 4892 932 4962 μὴ
956 4894 1152 4964 τρόπον
1184 4895 1301 4948 τινὰ
1337 4897 1592 4965 συγγενὲς
1624 4899 1708 4968 εἴη
1741 4895 1818 4966 τῷ
1839 4897 1963 4967 ὀρε-

388 4981 602 5050 γομένῳ
633 4981 693 5033 τὸ
737 4983 1113 5054 μετεχὸμενον.
1173 4987 1258 5048 Ὡς
1297 4987 1404 5056 γάρ
1451 4985 1714 5057 ὀφθαλμῴ
1752 4986 1959 5054 γίνεται

387 5074 486 5140 τῆς
525 5072 697 5143 αὐγῆς
725 5074 758 5144 ἡ
790 5075 1084 5138 ἀπόλαυσις
1111 5077 1187 5146 τῷ
1215 5079 1447 5149 φυσικὴν
1483 5078 1656 5150 αὐγὴν
1683 5081 1740 5133 ὲν
1785 5074 1962 5149 ἑαυτῷ

389 5163 523 5231 πρὸς
567 5164 666 5234 τὴν
707 5164 801 5218 τοῦ
848 5167 1140 5236 ὁμογενοῦς
1173 5169 1450 5241 ἀντίληψιν
1494 5169 1658 5242 ἔχειν,
1703 5171 1799 5224 καὶ
1839 5169 1962 5224 οὔτε

386 5249 666 5317 δάκτυλος,
717 5254 840 5308 οὕτε
903 5256 1033 5310 ἄλλο
1080 5274 1132 5310 τι
1180 5257 1288 5311 τῶν
1341 5258 1518 5329 μελῶν
1562 5259 1657 5313 τοῦ
1713 5257 1964 5330 σώματος

387 5342 599 5414 ἐνεργεῖ
629 5346 728 5416 τὴν
763 5348 974 5419 ὅρασιν,
1015 5348 1103 5403 διὰ
1135 5350 1195 5402 τὸ
1225 5352 1493 5421 μηδεμίαν
1521 5352 1585 5405 ὲκ
1619 5351 1831 5421 φύσεως
1861 5354 1963 5406 αὑ-

388 5433 488 5504 γὴν
519 5437 576 5488 ὲν
604 5437 748 5508 ἄλλῳ
789 5439 895 5492 τινὶ
923 5438 1032 5494 τῶν
1065 5440 1241 5512 μελῶν
1283 5444 1710 5498 κατεσκευάσθαι
1731 5461 1746 5476 ο
1790 5444 1962 5509 οὕτως

386 5526 601 5597 ἀνάγκη
636 5531 784 5583 πᾶσα
813 5533 906 5585 καὶ
949 5532 1041 5586 ἐπὶ
1083 5534 1182 5604 τῆς
1221 5535 1313 5588 τοῦ
1340 5535 1474 5590 Θεοῦ
1506 5537 1792 5607 μετουσίας
1820 5532 1959 5591 εἷναί

385 5633 439 5672 τι
481 5621 735 5690 συγγενὲς
777 5625 910 5694 πρὸς
949 5625 1014 5678 τὸ
1053 5627 1411 5700 μετεχομενον
1449 5631 1505 5682 ἐν
1543 5631 1609 5702 τῇ
1661 5630 1820 5699 φύσει
1864 5629 1957 5684 τοῦ

466 5803 490 5834 ⁸
529 5803 666 5860 Gen.
703 5820 758 5873 ι,
789 5806 878 5860 27.

2064 4540 2119 4586 et
2163 4532 2373 4584 ratione
2415 4529 2658 4598 praeditis
2695 4540 2982 4584 exercetur
3019 4551 3031 4585 :
3084 4532 3156 4583 ita
3196 4546 3398 4600 ponere
3428 4543 3640 4603 oportet

2065 4638 2188 4678 esse
2215 4621 2508 4690 quamdam
2543 4621 2706 4673 etiam
2753 4621 2954 4676 mentis
2981 4621 3257 4675 intellectu
3285 4623 3641 4692 comprehen-

2067 4713 2281 4768 sibilem
2341 4719 2394 4765 et
2430 4710 2760 4766 invisibilem
2805 4712 2994 4776 vitam,
3049 4729 3148 4782 per
3195 4730 3358 4782 quam
3423 4717 3478 4768 in
3541 4733 3640 4771 sua

2065 4805 2306 4858 essentia
2348 4811 2543 4856 natura
2591 4812 2972 4858 conservatur.
3004 4805 3162 4870 Quod
3198 4807 3242 4860 si
3295 4808 3478 4863 carnis
3537 4809 3639 4861 ali-

2066 4902 2312 4948 mentum
2357 4893 2580 4950 aﬂluere
2613 4909 2680 4949 ac
2718 4894 2956 4950 deﬂuere
3008 4897 3250 4962 solitum,
3301 4913 3396 4968 per
3439 4902 3642 4953 transi-

2068 4994 2184 5039 tum
2238 4985 2419 5055 ipsum
2468 4987 2571 5040 vim
2638 4988 2930 5057 quamdam
2991 4988 3208 5043 vitalem
3255 4990 3641 5046 subministrat

2069 5078 2274 5147 quibus
2323 5078 2595 5148 ingestum
2641 5078 2826 5142 fuerit,
2873 5087 3082 5147 quanto
3128 5084 3300 5149 magis
3348 5081 3642 5152 participa-

2071 5170 2148 5224 tio
2199 5171 2320 5239 ejus
2369 5170 2463 5240 qui
2510 5180 2699 5224 revera
2742 5179 2847 5235 est,
2880 5170 2974 5239 qui
3024 5184 3240 5240 semper
3265 5183 3450 5226 manet
3476 5180 3640 5242 atque

2071 5260 2262 5314 eodem
2312 5259 2477 5314 modo
2531 5274 2751 5330 semper
2800 5274 2861 5315 se
2919 5259 3101 5326 habet,
3149 5260 3204 5314 in
3253 5276 3352 5316 sua
3398 5265 3637 5318 essentia

2070 5359 2360 5407 conservat
2400 5368 2524 5406 eum
2555 5351 2647 5421 qui
2679 5351 2950 5421 particeps
2985 5352 3103 5421 ejus
3135 5353 3334 5407 fuerit!
3381 5353 3438 5408 Si
3472 5354 3639 5424 igitur

2068 5443 2186 5500 haec
2213 5445 2434 5515 propria
2457 5445 2900 5514 conveniensque
2923 5444 3272 5499 intellectuali
3290 5454 3507 5501 natura:
3529 5449 3638 5499 vita

2067 5546 2171 5602 est,
2203 5536 2250 5592 si
2280 5535 2373 5591 Dei
2418 5535 2688 5606 particeps
2717 5537 2810 5598 sit,
2866 5551 3206 5612 nequaquam
3241 5554 3336 5606 per
3361 5540 3636 5593 contraria

2065 5630 2413 5702 participatio
2461 5628 2777 5700 contigerit,
2821 5628 2930 5686 nisi
2977 5629 3160 5689 aliuuo
3203 5631 3365 5686 modo
3394 5631 3447 5686 id
3477 5631 3639 5700 cujus
