4096 6354
472 420 578 474 175

1746 419 1802 472 S.
1839 417 2169 474 GREGORII
2198 418 2489 476 NYSSENI

3629 417 3732 471 176

470 537 818 607 ικυιίεἰρειιίο
863 544 948 590 est
999 548 1294 608 cognatum
1343 545 1507 591 luerit
1544 553 1593 592 Cl
1633 538 1779 606 quod
1833 539 2040 608 appetit

2147 539 2526 602 ἀπολαύοντος.
2561 543 2657 592 Διά
2687 535 2845 590 τοῦτό
2883 552 3045 607 φησιν
3079 536 3112 606 ἡ
3144 532 3354 604 Γραφὴ,
3394 532 3516 585 κατ’
3551 531 3734 584 είκόνα

466 638 520 681 et
568 629 843 698 particeps
875 643 997 682 esse
1029 629 1202 698 cupit.
1240 627 1312 682 Ut
1345 630 1489 683 enim
1519 629 1681 684 oculo
1713 644 1848 684 usus
1891 638 2055 698 atque

468 718 656 771 fruitin
716 720 1028 788 splendoris
1077 721 1348 790 contingit
1397 735 1464 773 ex
1527 736 1592 772 eo
1638 720 1786 789 quod
1831 729 2054 773 natura-

465 813 570 866 lem
606 813 658 865 in
716 827 838 866 sese
876 813 1219 882 splendorem
1268 813 1431 867 habet
1460 811 1525 865 ad
1559 813 2049 884 apprehensionem

465 920 530 960 ac
579 908 988 976 perceptionem
1031 906 1153 975 ejus
1209 905 1356 975 quod
1394 905 1642 974 ejusdem
1689 907 1906 974 generis
1936 913 2051 972 est;

465 1012 530 1052 ac
591 1014 769 1067 neque
828 997 1062 1068 digitus,
1123 1013 1301 1068 neque
1365 997 1509 1050 aliud
1573 997 1742 1050 ullum
1796 997 2048 1066 corporis

468 1089 776 1142 membrum
829 1089 1013 1145 visum
1053 1097 1294 1152 exercet,
1349 1096 1631 1158 propterea
1669 1089 1813 1158 quod
1857 1090 2047 1146 nullus

468 1181 520 1234 in
569 1180 678 1233 alio
707 1180 964 1250 quopiam
996 1180 1366 1234 membrorum
1414 1194 1444 1231 a
1494 1187 1690 1232 natura
1735 1179 1942 1234 inditus
1977 1180 2048 1234 sit

465 1273 727 1342 splendor
763 1292 776 1326 :
812 1273 886 1326 ita
928 1273 1087 1341 plane
1130 1287 1358 1327 necesse
1399 1280 1485 1326 est
1522 1274 1686 1326 etiam
1736 1273 1787 1326 in
1823 1274 2048 1341 partici-

465 1365 682 1433 patione
727 1363 817 1417 Dei
869 1363 1129 1432 quiddam
1171 1379 1294 1417 cum
1348 1378 1413 1417 eo
1459 1363 1623 1432 cujus
1667 1364 1854 1418 fruitio
1883 1373 2046 1434 atque

463 1457 812 1524 participatio
847 1462 933 1509 est
958 1462 1249 1524 cognatum
1293 1469 1417 1509 esse
1449 1455 1501 1507 in
1546 1463 1742 1508 natura
1786 1456 2040 1510 l'ruentis.

466 1545 674 1599 Idcirco
725 1545 1010 1614 Scriptura
1048 1545 1204 1608 dicit,
1249 1547 1552 1599 secundum
1610 1546 1902 1615 imaginem
1943 1546 2040 1602 Dei

463 1639 738 1692 hominem
782 1653 907 1693 esse
935 1636 1166 1700 factum,
1207 1647 1264 1690 ut
1307 1653 1403 1707 per
1443 1638 1497 1690 id
1538 1638 1684 1708 quod
1713 1640 1901 1696 simile
1929 1649 2037 1706 est,

462 1731 664 1794 simile,
709 1731 925 1802 Opinor,
954 1729 1199 1784 videret.
1251 1729 1420 1784 Deum
1455 1743 1636 1784 autem
1675 1732 1882 1795 videre,
1929 1734 2040 1788 vita

2156 631 2291 684 Θεοῦ
2325 631 2652 700 γεγενῆσθαι
2698 630 2788 683 τὸν
2843 629 3164 699 ἀνθρωπον⁸
3195 625 3271 689 ὡς
3315 624 3403 683 ἂν,
3439 620 3612 690 οἶμαι,
3657 621 3735 692 τῷ

2154 725 2325 796 ὁμοίῳ
2371 724 2590 796 βλέπειν
2628 724 2689 784 τὸ
2736 725 2937 791 ὅμοιον.
2973 721 3047 774 Τὸ
3090 720 3147 774 δὲ
3188 719 3404 788 βλέπειν
3444 716 3534 770 τὸν
3580 715 3734 772 Θεὸν.

2155 818 2300 870 ἐστὶν
2341 818 2374 887 ἡ
2427 815 2540 886 ζωὴ
2589 816 2687 886 τῆς
2721 814 2921 884 ψυχῆς,
2956 811 3137 876 καθὼς
3193 813 3252 864 ἐν
3297 813 3411 875 τοῖς
3465 808 3737 879 φθάσασιν

2154 911 2385 980 εἴρηται.
2429 907 2582 962 Ἐπεὶ
2609 906 2666 960 δέ
2691 923 2808 970 πως
2853 907 2887 977 ἡ
2931 903 3024 958 τοῦ
3051 904 3266 973 ἀληθῶς
3311 901 3515 970 ἀγαθοῦ
3545 901 3738 970 ἄγνοια

2154 1000 2404 1072 καθάπερ
2449 1017 2536 1064 τις
2575 998 2770 1070 ὁμίχλη
2816 998 2893 1066 τῷ
2939 995 3234 1068 διορατικῷ
3277 997 3376 1060 τῆς
3418 993 3597 1064 ψυχῆς
3640 996 3738 1047 ἐπ-

2151 1092 2465 1163 εσκότησεν,
2506 1091 2840 1162 παχυνθεῖσα
2881 1090 2937 1143 δέ
2978 1092 3011 1160 ἡ
3059 1088 3254 1159 ὁμίχλη
3301 1088 3459 1156 νέφος
3496 1086 3732 1154 ἐγένετο,

2150 1183 2291 1236 ὥστε
2329 1183 2418 1237 διά
2463 1183 2557 1236 τοῦ
2607 1181 2803 1252 βάθους
2843 1181 2942 1252 τῆς
2988 1180 3233 1248 ἀγνοίας,
3277 1179 3374 1250 τὴν
3401 1180 3594 1233 ἀκτῖνα
3633 1178 3735 1247 τῆς

2149 1274 2404 1345 ἀληθείας
2437 1273 2512 1345 μὴ
2541 1272 2852 1328 διαδύεσθαι
2871 1289 2885 1303 ⁸
2917 1271 3229 1340 ἀναγκαίως
3253 1271 3330 1341 τῷ
3356 1269 3620 1340 χωρισμῷ
3641 1269 3733 1322 τοῦ

2150 1365 2327 1434 φωτὸς
2371 1367 2465 1418 καὶ
2512 1367 2544 1436 ἡ
2594 1365 2708 1434 ζωὴ
2743 1363 2914 1434 αὐτῆς
2947 1362 3308 1428 συνεξέλιπεν.
3361 1363 3591 1432 Εἴρηται
3625 1361 3734 1432 γὰρ

2147 1457 2247 1528 τὴν
2273 1456 2449 1528 ἀληθῆ
2480 1456 2624 1526 ζωὴν
2650 1456 2750 1525 τῆς
2781 1455 2958 1526 ψυχῆς
2997 1457 3055 1508 ἐν
3084 1457 3150 1526 τῇ
3185 1454 3444 1525 μετουσίᾳ
3470 1451 3562 1505 τοῦ
3599 1453 3735 1521 ἀγα-

2149 1547 2243 1600 θοῦ
2300 1547 2673 1618 ἐνεργεῖσθαι,
2720 1547 2821 1616 τῆς
2869 1547 2924 1599 δὲ
2971 1547 3192 1614 ἀγνοίας
3239 1545 3376 1615 πρὸς
3427 1544 3526 1615 τὴν
3586 1544 3735 1598 θείαν

2149 1640 2476 1710 κατανόησιν
2525 1639 2923 1710 ἐμποδιζούσης
2984 1639 3236 1690 ἐκπεσεῖν
3287 1637 3385 1706 τῆς
3441 1635 3586 1705 ζωῆς
3634 1634 3735 1706 τὴν

2147 1733 2325 1805 ψυχὴν
2380 1733 2478 1805 τὴν
2506 1733 2600 1785 τοῦ
2631 1732 2764 1785 Θεοῦ
2798 1731 2873 1802 μὴ
2904 1731 3254 1801 μετέχουσαν.

461 1825 659 1876 animae
692 1831 798 1886 est,
836 1821 1300 1890 quemadmodum
1356 1822 1407 1873 in
1458 1821 1896 1890 prtecedentibus
1955 1824 2164 1878 dictum
2214 1834 2300 1878 est
2350 1823 2624 1889 Quoniam
2701 1830 2884 1876 autem
2951 1822 3092 1888 ejus,
3147 1817 3294 1889 quod
3352 1832 3483 1871 vere
3530 1815 3734 1868 bonum

461 1925 565 1975 cst,
621 1914 950 1985 ignorantia,
980 1913 1144 1966 veluti
1175 1913 1370 1966 nebula
1393 1915 1640 1982 quoniam
1684 1917 2038 1985 perspectivre
2078 1917 2277 1970 animm
2321 1915 2569 1970 facultati
2605 1915 2861 1968 tenebras
2885 1912 3114 1976 oil‘udit;
3182 1911 3381 1964 nebula
3430 1922 3563 1962 vero
3601 1907 3737 1962 den-

463 2020 580 2062 sata
637 2008 811 2060 nubes
853 2006 992 2059 facta
1035 2016 1138 2066 est,
1183 2006 1320 2060 adeo
1363 2014 1421 2058 ut
1478 2022 1576 2076 per
1613 2007 2042 2077 profunditatem
2084 2009 2406 2079 ignorantia
2457 2007 2650 2061 radius
2718 2006 2964 2060 veritatis
3011 2011 3301 2072 penetrare
3353 2017 3464 2056 non
3534 2002 3731 2072 possit,

461 2102 776 2154 necessario
833 2114 940 2150 una
1023 2113 1145 2150 cum
1199 2097 1507 2166 privatione
1584 2098 1723 2152 lueis
1769 2099 1932 2152 etiam
1995 2100 2104 2153 vita
2157 2100 2333 2169 ipsius
2388 2098 2614 2152 defecit.
2680 2095 2896 2150 Dictum
2957 2103 3042 2149 est
3098 2095 3242 2148 enim
3300 2109 3484 2148 veram
3537 2092 3733 2145 animze

462 2192 630 2243 vitam
669 2205 765 2260 per
793 2189 918 2242 boni
958 2190 1437 2258 participationem
1476 2191 1748 2255 exerceri,
1787 2193 2099 2262 ignorantia
2175 2208 2308 2248 vero
2370 2192 2467 2247 Dei
2529 2189 2981 2259 contemplationi
3029 2197 3197 2257 atque
3269 2187 3570 2258 cognitioni
3641 2187 3728 2241 of—

464 2285 681 2337 lieienle
714 2284 820 2336 vita
869 2283 1146 2337 excidisse
1192 2285 1432 2336 animam
1477 2300 1599 2354 qua:
1631 2283 1724 2338 Dei
1775 2286 2052 2354 particeps
2090 2303 2196 2339 non
2249 2287 2340 2340 sit.

533 2371 705 2427 Porro
731 2387 890 2426 nemo
911 2373 1070 2427 nobis
1097 2375 1483 2428 necessitatem
1513 2376 1757 2444 imponat
1781 2376 2047 2445 originem
2084 2384 2124 2436 Β

462 2465 786 2535 ignorantiae
802 2465 1137 2534 exponendi,
1164 2465 1309 2519 unde
1334 2465 1448 2519 haec
1475 2465 1751 2534 inquiens,
1774 2474 1872 2520 eta
1898 2483 2038 2536 qun);

464 2557 558 2612 sed
593 2574 658 2611 ex
707 2559 823 2627 ipsa
871 2557 1276 2626 signiﬁcatione
1317 2559 1555 2612 nominis
1598 2558 1866 2627 intelligat
1897 2559 2042 2628 quod

463 2651 696 2704 scientia
735 2660 898 2720 atque
943 2651 1254 2718 ignorantia
1303 2649 1546 2705 indicent
1584 2653 1823 2705 animam
1857 2653 2042 2721 aliquo

463 2742 628 2798 modo
681 2758 804 2798 sese
844 2743 910 2796 ad
952 2743 1158 2811 aliquid
1207 2741 1430 2798 habere.
1463 2742 1606 2797 Nihil
1637 2754 1820 2798 autem
1851 2760 2040 2798 eorum

463 2850 586 2904 qua:
632 2833 698 2887 ad
750 2833 958 2903 aliquid
992 2841 1046 2887 et
1081 2833 1460 2902 intelliguntur
1497 2843 1554 2888 et
1595 2835 1878 2899 dicuntur,
1909 2836 2042 2890 sub-

463 2925 725 2982 stantiam
743 2926 1000 2994 exprimit
1041 2933 1204 2994 atque
1235 2925 1600 2982 demonstrat.
1631 2929 1751 2981 Alia
1783 2929 1926 2982 enim
1958 2937 2041 2983 est

461 3019 583 3088 ejus
623 3017 768 3087 quod
813 3017 900 3071 ad'
931 3017 1135 3086 aliquid
1189 3019 1412 3080 dicitur,
1468 3027 1523 3072 et
1579 3020 1686 3073 alia
1720 3021 2042 3075 substantia).

461 3111 625 3163 ratio.
663 3108 721 3162 Si
769 3109 937 3176 igitur
987 3111 1214 3164 scientia
1267 3111 1577 3165 substantia
1633 3127 1740 3166 non
1793 3119 1897 3174 est,
1944 3113 2038 3166 sed

462 3201 664 3256 mentis
683 3202 830 3255 circa
863 3201 1103 3270 aliquam
1125 3217 1236 3254 rem
1257 3203 1420 3266 actio,
1441 3204 1612 3256 multo
1639 3219 1811 3273 magis
1829 3213 2039 3258 certum

460 3302 620 3362 atque
636 3300 790 3346 extra
817 3294 1249 3346 controversiam
1266 3301 1349 3346 est
1380 3293 1750 3362 ignorantiam
1767 3294 1926 3364 longe
1945 3296 2042 3349 ab-

460 3399 584 3438 esse
617 3384 686 3437 ab
707 3397 773 3436 eo
804 3383 1186 3436 utsuhstantia
1207 3382 1296 3435 sit.
1334 3381 1490 3446 Quod
1523 3390 1705 3436 autem
1735 3383 2038 3438 secundum

461 3475 823 3531 substantiam
845 3489 951 3527 non
966 3482 1071 3533 est.
1088 3487 1189 3527 nec
1211 3473 1438 3526 omnino
1466 3474 1685 3542 quidem
1711 3466 2042 3530 cst.Absur¥

459 3567 591 3623 dum
633 3568 799 3637 igitur
850 3574 904 3621 et
956 3581 1155 3619 vanum
1196 3565 1359 3619 fuerit
1399 3564 1467 3620 de
1496 3581 1561 3620 eo
1593 3565 1744 3635 quod
1789 3581 1900 3620 non
1928 3577 2038 3631 est,

459 3659 610 3714 unde
659 3658 752 3724 sit,
781 3658 1000 3711 curiose
1031 3656 1332 3727 inquirere.
1371 3656 1640 3721 Quoniam
1671 3657 1838 3726 igitur
1872 3658 2036 3712 vitam

2241 2377 2444 2448 Μηδεὶς
2503 2376 2558 2429 δὲ
2613 2373 2955 2444 γενεαλογεῖν
3019 2372 3167 2442 ἡμᾶς
3219 2369 3574 2438 ἀναγκαζέτω
3628 2370 3730 2441 τὴν

2145 2470 2386 2536 ἄγνοιαν,
2424 2468 2586 2520 πόθεν
2625 2467 2762 2538 αὕτη
2809 2467 2981 2534 λέγων
3009 2465 3104 2518 καὶ
3147 2464 3254 2517 ἀπὸ
3283 2464 3430 2526 τίνος
3457 2480 3470 2492 ⁸
3521 2463 3636 2516 ἀλλ’
3669 2462 3730 2529 ἐξ

2144 2563 2314 2633 αὐτῆς
2339 2561 2525 2614 νοείτω
2551 2561 2649 2631 τῆς
2673 2560 2766 2612 τοῦ
2796 2559 3057 2628 ὀνόματος
3091 2557 3383 2628 σημασίας,
3413 2557 3494 2608 ὅτι
3521 2557 3554 2626 ἡ
3585 2554 3728 2624 γνῶ-

2145 2673 2228 2718 σις
2255 2657 2346 2708 καὶ
2388 2656 2422 2726 ἡ
2465 2655 2656 2723 ἄγνοια
2687 2653 2795 2705 τῶν
2839 2652 2975 2722 πρός
3007 2651 3059 2702 τί
3105 2668 3220 2712 πως
3253 2649 3394 2719 ἔχειν
3424 2649 3521 2720 τὴν
3548 2647 3728 2718 ψυχὴν

2143 2745 2490 2798 ἐνδείκνυται.
2539 2745 2705 2797 Οὐδὲν
2745 2743 2801 2797 δὲ
2830 2743 2938 2795 τῶν
2971 2742 3105 2813 πρός
3139 2760 3189 2794 τι
3214 2742 3517 2811 νοουμένων
3543 2758 3601 2793 τε
3632 2741 3726 2794 καὶ

2142 2831 2468 2904 λεγομένων,
2491 2835 2678 2886 οὐσίαν
2708 2834 3055 2904 παρίστησιν.
3080 2832 3269 2896 Ἀλλος
3289 2832 3396 2904 γὰρ
3419 2834 3447 2884 ό
3471 2832 3563 2885 τοῦ
3591 2833 3727 2904 πρός

2141 2941 2214 2987 τι,
2257 2926 2350 2978 καὶ
2380 2925 2566 2996 ἕτερος
2594 2927 2622 2978 ό
2655 2925 2754 2995 τῆς
2783 2926 2971 2989 οὐσίας
3014 2926 3191 2994 λόγος.
3244 2926 3309 2978 Ei
3336 2921 3429 2978 οῦν
3463 2927 3494 2994 ἡ
3526 2924 3725 2993 γνῶσις

2141 3017 2298 3070 οὐσία
2321 3018 2420 3069 οὐκ
2444 3017 2609 3081 ἐστιν,
2636 3017 2771 3070 ἀλλά
2805 3017 3029 3088 περιττὴ
3055 3018 3155 3086 τῆς
3177 3017 3415 3080 διανοίας
3441 3017 3721 3090 ἐνέργειαν

2145 3109 2277 3163 πολὺ
2320 3110 2519 3180 μᾶλλον
2559 3113 2591 3180 ἡ
2639 3111 2829 3177 ἄγνοια
2859 3111 3048 3182 πόρρω
3085 3110 3178 3162 τοῦ
3223 3110 3343 3163 κατ’
3369 3111 3556 3163 οὐσίαν
3585 3106 3723 3163 εἶναι

2143 3201 2505 3271 ὡμολόγηται.
2561 3200 2634 3253 Τὸ
2666 3201 2721 3253 δὲ
2773 3201 2846 3271 μὴ
2887 3203 3006 3253 κατ’
3034 3201 3222 3254 ούσίαν
3272 3199 3364 3264 ὃν,
3412 3200 3531 3252 οωὲ
3576 3199 3723 3252 ἐστιν

2141 3293 2297 3354 ὅλως.
2349 3292 2591 3344 Μάταιον
2629 3291 2808 3344 τοίνυν
2836 3291 2901 3344 ἂν
2933 3291 3017 3361 εἴη
3052 3290 3179 3360 περὶ
3209 3290 3303 3344 τοῦ
3341 3291 3412 3361 μὴ
3457 3289 3626 3353 ὄντος,
3664 3289 3723 3341 τὸ

2107 3455 2116 3462 ο
2145 3381 2268 3434 ὅθεν
2301 3382 2418 3434 ἐστὶ
2449 3381 2925 3452 περιεργάζεσθαι.
2973 3381 3191 3452 Ἐπειδὴ
3233 3380 3412 3434 τοίνυν
3447 3379 3590 3452 ζωὴν
3624 3381 3724 3451 μὲν

2143 3473 2318 3544 ψυχῆς
2351 3473 2448 3544 τὴν
2475 3473 2570 3526 τοῦ
2613 3473 2747 3526 Θεοῦ
2801 3472 3090 3543 μετουσίαν
3129 3473 3158 3523 ὁ
3193 3472 3349 3540 λόγος
3381 3467 3518 3525 εἶναί
3567 3490 3720 3542 φησι,

2143 3565 2344 3633 γνῶσις
2369 3565 2425 3618 δὲ
2459 3562 2600 3617 κατὰ
2624 3563 2684 3615 τὸ
2709 3562 2988 3632 ἐγχωροῦν
3019 3563 3169 3614 ἐστιν
3200 3565 3234 3631 ἡ
3269 3563 3526 3632 μετουσία
3553 3579 3567 3592 ⁸
3610 3565 3642 3634 ἡ
3665 3564 3722 3616 δὲ

2144 3659 2336 3725 ἄγνοια
2362 3655 2482 3726 οὐχί
2521 3655 2665 3718 τινός
2706 3657 2853 3708 ἐστιν
2881 3654 3134 3725 ὕπαρξις,
3168 3654 3304 3708 ἀλλά
3325 3655 3426 3724 τῆς
3454 3656 3592 3708 κατά
3621 3657 3722 3728 τὴν

461 3752 683 3821 quidem
738 3751 934 3803 animae
981 3748 1070 3803 Dei
1129 3747 1605 3818 participationem
1667 3764 1791 3803 esse
1849 3764 2036 3804 sermo

2141 3751 2341 3818 γνῶσιν
2395 3750 2675 3819 ἐνεργείας
2709 3749 2986 3817 ἀναίρεσις
3014 3767 3028 3781 ⁸
3067 3749 3145 3820 τῷ
3181 3749 3238 3801 δὲ
3275 3749 3347 3821 μὴ
3381 3727 3718 3820 ἐνεργεῖσθαι

459 3843 618 3906 dicit,
669 3857 842 3911 eaque
881 3841 1227 3911 partieipatio
1259 3840 1407 3893 ineo
1451 3847 1725 3906 versatur,
1767 3849 1825 3893 ut
1861 3855 2037 3910 quan-

461 3947 576 3989 tum
624 3934 674 3988 ei
714 3934 844 3986 licet
885 3943 938 3986 et
973 3933 1140 4001 capit,
1191 3931 1420 3984 scientia
1469 3930 1694 4000 praedita
1741 3931 1842 3998 sit;
1879 3933 2038 4002 igno-

461 4025 638 4080 rantia
673 4033 854 4078 autem
891 4039 999 4077 non
1026 4023 1260 4090 alicujus
1285 4021 1620 4084 substantia,
1651 4022 1746 4076 sed
1772 4023 1894 4092 ejus
1915 4037 2037 4092 qua:

461 4131 558 4186 per
605 4113 891 4168 scientiam
927 4112 1004 4176 lit,
1056 4111 1291 4165 actionis
1332 4111 1589 4166 interitus
1629 4119 1792 4182 atque
1823 4127 2037 4181 perem-

459 4206 576 4276 ptlo
623 4214 734 4270 est;
789 4219 854 4258 ac
894 4205 1207 4258 necessario
1254 4204 1638 4272 consequitur,
1685 4212 1744 4257 ut
1780 4204 1868 4257 ubi
1913 4218 2038 4272 par-

462 4297 707 4368 ticipatio
758 4295 853 4350 Dei
890 4310 1001 4348 non
1052 4301 1361 4359 exercetur,
1413 4295 1646 4363 privatio
1677 4297 1744 4350 'et
1776 4295 2038 4350 alienatio

460 4391 584 4444 vitae
629 4389 699 4445 sit
725 4388 800 4460 (id
855 4395 1035 4442 autem
1095 4387 1364 4439 malorum
1413 4385 1577 4466 fuerit
1632 4387 1964 4457 extremum)
2017 4403 2033 4440 :

462 4491 868 4551 consequenter
915 4479 1096 4533 omnis
1138 4479 1264 4532 boui
1312 4478 1490 4533 factor
1525 4480 1871 4535 curationem
1909 4480 2037 4534 mali

460 4575 516 4628 in
561 4572 718 4627 nobis
761 4581 1037 4639 operatur.
1087 4569 1236 4624 Bona
1285 4571 1428 4623 enim
1461 4585 1549 4625 res
1583 4572 1799 4626 curatio
1834 4581 1947 4636 est;
1983 4581 2037 4625 at

459 4663 682 4718 modum
717 4663 1022 4716 curationis
1054 4677 1282 4732 prorsus
1316 4663 1552 4731 ignorat,
1589 4665 1682 4733 qui
1715 4679 1826 4718 non
1861 4665 2038 4734 reSpi-

459 4757 534 4810 cit
570 4755 637 4809 ad
665 4755 984 4824 mysterium
1024 4753 1430 4823 Evangelicum.
1463 4753 1600 4807 Cum
1640 4754 1805 4824 igitur
1834 4755 2034 4808 malum
2069 4781 2074 4784 -

457 4863 580 4903 esse
627 4848 1066 4902 demonstratum
1117 4845 1207 4910 sit,
1252 4846 1298 4900 si
1341 4861 1369 4898 a
1433 4844 1561 4908 Deo,
1623 4847 1714 4916 qui
1765 4853 1851 4900 est
1896 4847 2033 4911 vita,

457 4941 678 4995 alienati
707 4940 901 5003 simus,
929 4939 1142 4994 curatio
1166 4938 1502 5007 ejuscemodi
1529 4938 1867 4993 inﬁrmitatis
1891 4947 2032 5003 erat,

2135 3841 2230 3894 τοῦ
2280 3841 2414 3894 Θεοῦ
2451 3842 2549 3912 τὴν
2600 3841 2889 3911 μετουσίαν
2943 3843 2975 3911 ὴ
3023 3841 3122 3911 τῆς
3178 3839 3324 3910 ζωῆς
3369 3839 3718 3908 ἀλλοτρίωσις

2137 3934 2449 4001 ἀναγκαίως
2477 3933 2908 4004 ἐπηκολούθησεν
2934 3934 3108 4005 (τοῦτο
3136 3935 3180 3986 δ’
3207 3934 3270 3987 ἂν
3295 3933 3378 4004 εἴη
3405 3933 3510 3986 τῶν
3533 3934 3720 3988 κακῶν

2135 4023 2197 4074 τὸ
2230 4022 2502 4093 ἔσχατον)⁸
2528 4023 2835 4088 ἀκολούθως
2856 4027 2884 4077 ό
2907 4025 3000 4077 τοῦ
3032 4027 3230 4090 παντὸς
3254 4028 3458 4095 ἀγαθοῦ
3489 4032 3719 4103 ποιητὴς

2137 4115 2236 4185 τὴν
2284 4114 2378 4167 τοῦ
2427 4115 2595 4168 κακοῦ
2645 4113 2938 4186 θεραπείαν
2995 4120 3052 4170 ἐν
3116 4120 3245 4188 ἡμῖν
3301 4121 3714 4192 κατεργάζεται.

2151 4206 2376 4273 Ἀγαθὸν
2421 4206 2528 4277 γὰρ
2557 4208 2590 4277 ἡ
2622 4207 2905 4276 θεραπεία,
2951 4209 3042 4261 τὸν
3091 4210 3147 4262 δὲ
3189 4211 3389 4282 τρόπον
3430 4215 3528 4283 τῆς
3561 4214 3719 4286 θερα-

2140 4297 2300 4361 πείας
2332 4298 2516 4366 ἀγνοεῖ
2561 4300 2776 4362 πάντως
2800 4302 2828 4352 ό
2853 4299 2928 4370 μὴ
2959 4300 3094 4370 πρὸς
3121 4301 3182 4354 τὸ
3206 4303 3572 4373 Εὐαγγελικὸν
3601 4308 3721 4379 βλέ-

2140 4406 2256 4442 πων
2293 4392 2607 4462 μυστήριον.
2633 4390 2818 4443 Κακοῦ
2849 4393 3027 4445 τοίνυν
3061 4394 3468 4466 ἀποδειχθέντος
3495 4400 3589 4452 τοῦ
3619 4401 3717 4454 ἀλ-

2137 4478 2496 4552 λοτριωθῆναι
2534 4481 2856 4546 Θεοῦ,ὅστις
2885 4485 3032 4536 ἐστὶν
3060 4487 3091 4555 ἡ
3121 4486 3255 4557 ζωὴ,
3288 4489 3320 4558 ή
3345 4487 3606 4560 θεραπεία
3625 4493 3716 4546 τοῦ

2136 4570 2376 4624 τοιούτου
2452 4574 2883 4646 ἀρρωστήματος
2932 4571 2999 4646 ἦν
3065 4577 3126 4630 τὸ
3165 4579 3324 4634 πάλιν
3370 4585 3717 4654 οίκειωθῆναι

2137 4661 2278 4732 Θεῷ,
2310 4663 2406 4715 καὶ
2435 4665 2492 4716 ἐν
2533 4667 2598 4736 τῇ
2629 4665 2740 4736 ζωῇ
2766 4666 3040 4734 γενέσθαι.
3082 4669 3299 4742 Ταύτης
3325 4668 3417 4725 οὖν
3443 4675 3542 4745 τῆς
3571 4675 3716 4747 ζωῆς

2139 4755 2261 4806 κατ’
2309 4754 2496 4807 ἐλπίδα
2541 4758 2906 4828 προκειμένης
2953 4761 3016 4830 τῇ
3053 4761 3366 4835 ἀνθρωπίνῃ
3406 4765 3584 4834 φύσει,
3615 4770 3714 4821 ούκ

2138 4845 2285 4898 ἔστιν
2319 4847 2492 4899 εἰπεῖν
2539 4849 2743 4918 κυρίως
2794 4851 3057 4904 ἀντίδοσιν
3111 4854 3218 4906 τῶν
3270 4853 3329 4909 εὖ
3377 4857 3713 4927 βεϐιωκότων

2137 4938 2390 5004 γενέσθαι
2428 4940 2526 5008 τὴν
2553 4941 2649 5010 τῆς
2691 4939 2836 5008 ζωῆς
2869 4946 3180 5012 μετουσίαν,
3229 4949 3322 5000 καὶ
3351 4950 3621 5019 τιμωρίαν
3651 4951 3713 5003 τὸ

456 5035 572 5088 Deo
615 5047 807 5088 rursus
852 5031 1110 5101 conjungi
1159 5042 1323 5100 atque
1367 5031 1675 5092 conciliari,
1726 5039 1779 5084 et
1833 5030 1886 5084 iu
1919 5034 2031 5084 vita

2141 5032 2393 5102 ἔμπαλιν.
2437 5033 2578 5086 Ἀλλ’
2605 5035 2788 5104 ὅμοιόν
2821 5037 2936 5088 ἐστι
2968 5037 3044 5106 τῷ
3069 5038 3208 5091 κατά
3247 5041 3373 5103 τοὺς
3401 5041 3711 5112 ὀφθαλμοὺς

455 5123 687 5179 versari.
745 5122 880 5176 Cum
924 5137 1055 5191 ergo
1100 5121 1218 5175 haec
1261 5120 1373 5175 vita
1422 5136 1519 5190 per
1572 5137 1722 5189 spem
1781 5121 2032 5175 humanae

455 5227 670 5272 naturae
713 5214 990 5284 proposita
1035 5215 1124 5275 sit,
1177 5229 1286 5267 non
1337 5213 1556 5282 proprie
1600 5211 1709 5265 dici
1734 5219 1914 5281 potest
1948 5227 2033 5266 re-

455 5307 888 5362 munerationem
936 5322 1125 5359 eorum
1163 5306 1255 5375 qui
1305 5306 1441 5360 bene
1481 5305 1753 5367 vixerunt,
1800 5303 2028 5373 partici-

455 5399 733 5464 pationem
779 5406 834 5450 et
881 5412 1039 5449 usum
1091 5397 1217 5450 vita:
1263 5397 1400 5461 fore,
1433 5404 1488 5449 et
1533 5395 1862 5465 supplicium
1909 5396 2031 5449 vice

453 5504 633 5543 versa.
685 5485 791 5542 Sed
844 5488 988 5556 quod
1035 5487 1238 5541 dicitur
1282 5488 1464 5542 simile
1510 5497 1595 5542 est
1649 5489 1699 5543 ei
1753 5503 1914 5558 quam
1961 5487 2029 5541 de

453 5581 630 5636 oculis
675 5580 729 5633 in
771 5580 1011 5633 medium
1071 5578 1347 5634 efferimus
1410 5579 1780 5633 similitudini.
1846 5580 2026 5650 Neque

451 5675 596 5728 enim
633 5672 682 5728 ei
711 5672 802 5742 qui
827 5671 1016 5726 oculos
1041 5679 1298 5740 purgatos
1322 5671 1506 5734 habet,
1535 5673 1813 5740 praemium
1848 5672 2022 5742 quod-

451 5769 574 5822 dam
612 5775 667 5822 et
707 5764 1056 5820 honorarium
1087 5778 1208 5818 esse
1238 5759 1473 5817 dicimus
1496 5779 1685 5817 eorum
1717 5781 1837 5833 qua:
1872 5765 2022 5819 cerui

450 5872 682 5934 possunt
699 5860 1221 5918 animadversionem
1249 5879 1260 5914 :
1289 5867 1384 5915 aut
1407 5862 1582 5918 oculis
1602 5862 1867 5918 laboranti
1889 5878 2019 5917 con-

2141 5126 2494 5196 ὐποδείγματι
2518 5127 2578 5178 τὸ
2596 5126 2899 5197 λεγόμενον.
2930 5129 3062 5183 Ούδέ
3087 5133 3196 5202 γὰρ
3219 5131 3296 5202 τῷ
3319 5132 3712 5206 κεκαθαρμένῳ

2139 5217 2236 5280 τὰς
2261 5218 2410 5288 ὄψεις
2442 5217 2675 5271 ἐπαθλόν
2721 5219 2775 5272 τί
2805 5236 2985 5291 φαμεν
3014 5218 3148 5276 εἶναι
3177 5225 3269 5276 καὶ
3300 5225 3584 5296 πρεσϐεῖον
3612 5227 3711 5299 τὴν

2137 5311 2246 5363 τῶν
2271 5311 2478 5380 ὁρατῶν
2507 5313 2849 5384 κατανόησιν,
2880 5313 2913 5384 ἢ
2945 5314 3022 5386 τῷ
3063 5315 3322 5380 νοσοῦντι,
3362 5317 3423 5370 τὸ
3453 5316 3706 5388 ἔμπαλιν,

2139 5402 2433 5471 καταδίκην
2480 5403 2602 5456 τινά
2660 5405 2753 5457 καὶ
2801 5409 3178 5478 τιμωρητικὴν
3229 5408 3496 5462 ἀπόϐασιν
3536 5410 3594 5464 τὸ
3634 5413 3708 5484 μὴ

2141 5494 2387 5564 μετέχειν
2406 5494 2505 5563 τῆς
2526 5498 2779 5567 ὁρατικῆς
2810 5498 3106 5568 ἐνεργείας.
3143 5499 3279 5551 Ἀλλ’
3303 5500 3378 5564 ᾡς
3401 5501 3710 5569 ἀναγκαίως

2132 5583 2321 5637 ἕπεται
2353 5585 2431 5654 τῷ
2462 5586 2601 5639 κατά
2633 5588 2791 5656 φύσιν
2821 5589 3146 5660 διακειμένῳ
3173 5591 3233 5644 τὸ
3263 5591 3501 5660 βλέπειν,
3535 5593 3613 5664 τῷ
3648 5612 3706 5647 τε

2131 5675 2239 5727 ἀπὸ
2276 5674 2480 5738 πάθους
2510 5677 2894 5747 παρενεχθέντι
2925 5679 3024 5746 τῆς
3063 5679 3297 5747 φύσεως,
3333 5681 3392 5734 τὸ
3435 5681 3509 5752 μὴ
3557 5686 3708 5754 ἐνερ-

2132 5766 2248 5833 γεῖν
2275 5765 2373 5837 τὴν
2418 5769 2640 5838 ὅρασιν⁸
2688 5770 2778 5822 τὸν
2825 5771 2985 5823 αὑτὸν
3026 5772 3224 5842 τρόπον
3266 5774 3418 5845 καὶὴ
3465 5777 3708 5846 μακαρία

2132 5859 2244 5933 ζωὴ
2282 5865 2529 5934 συμφυής
2557 5866 2670 5918 ἐστι
2705 5866 2796 5918 καὶ
2824 5865 2997 5919 οἰκεία
3026 5869 3138 5931 τοῖς
3170 5867 3602 5940 κεκαθαρμένοις
3640 5868 3708 5925 τά
