4096 6354
422 318 521 371 177

1227 319 1313 377 DE
1340 323 1760 384 INFANTIBUS
1789 328 1906 396 QUI
1929 327 2386 388 PREMATURE
2403 332 2895 392 ABRIPIUNTUR.

3567 331 3670 386 178

415 431 513 522 τῆς
540 430 716 503 ψυχῆς
751 434 1078 508 αἰσθητήρια
1105 453 1120 469 ο
1154 439 1240 508 ἐφ’
1274 433 1347 494 ὧν
1373 441 1430 494 δὲ
1453 443 1701 515 καθάπερ
1729 462 1812 509 τις
1841 445 1989 516 λήμη
2020 493 2027 508 η

2109 462 2199 508 .ra,
2247 449 2754 509 condemnationem
2791 451 3083 522 quamdam
3134 459 3185 503 et
3232 449 3500 519 poenalem
3547 463 3673 504 sen-

413 521 475 572 τὸ
501 523 640 574 κατὰ
667 523 765 594 τὴν
791 526 1010 592 ἄγνοιαν
1038 528 1208 593 πάθος
1236 531 1487 600 ἐμπόδιον
1510 533 1644 604 πρὸς
1679 535 1777 605 τὴν
1807 553 1992 604 μετου-

417 613 536 667 σίαν
557 615 652 667 τοῦ
689 616 942 684 ἀληθινοῦ
980 620 1156 686 φωτὸς
1183 621 1412 688 γίνεται,
1449 625 1762 694 ἀναγκαίως
1798 627 1990 681 ἕπεται

415 705 476 756 τὸ
500 705 574 777 μὴ
605 708 852 777 μετέχειν
875 711 1105 774 ἐκείνου,
1138 707 1198 764 οὗ
1226 713 1326 784 τὴν
1361 717 1650 785 μετουσίαν
1678 717 1822 788 ζωὴν
1853 713 1990 772 εἷναί

418 814 596 868 φαμεν
620 799 714 852 τοῦ
738 803 1073 872 μετέχοντος.

2097 540 2346 606 tentiam,
2386 543 2534 612 quod
2565 560 2672 599 non
2704 559 2931 614 compos
2976 552 3061 599 est
3093 541 3396 597 efﬁcientia:
3429 540 3672 594 videndi.

2098 628 2208 685 Sed
2235 636 2628 690 utnecessario
2657 635 3034 705 consequitur,
3059 642 3117 688 ut
3155 634 3200 687 is
3230 634 3324 699 qui
3367 632 3671 688 secundum

2099 729 2353 777 naturam
2385 726 2685 796 dispositus
2727 736 2813 782 est
2856 727 3056 789 videat,
3113 726 3160 781 is
3212 739 3343 780 vero
3386 723 3547 792 cujus
3603 739 3669 775 ex

2101 815 2296 868 morbo
2343 826 2536 871 natura
2589 819 2778 873 vitiata
2813 831 2878 873 ac
2925 818 3220 887 depravata
3256 824 3362 882 est,
3402 816 3670 870 visionem

420 907 527 945 non
575 905 827 950 exerceat
869 916 882 950 :
935 899 1124 952 eodem
1195 899 1358 958 modo
1412 903 1568 956 beata
1609 919 1830 974 quoque
1883 905 1994 959 vita
2033 916 2266 975 cognata
2298 925 2362 964 ac
2394 913 2619 982 propria
2674 928 2863 968 eorum
2933 921 3018 968 est
3047 911 3248 983 quibus
3310 911 3507 964 animae
3547 923 3674 962 sen-

420 987 567 1039 soria
623 996 852 1058 purgata
895 997 1025 1044 sunt
1070 992 1171 1044 :in
1207 993 1410 1061 quibus
1453 1004 1633 1050 autem
1677 998 2001 1067 ignorantiae
2033 998 2432 1070 vitium,quasi
2467 1004 2718 1072 qumdam
2751 1004 3018 1075 lippitudo
3083 1001 3490 1075 participationi
3560 999 3674 1054 veri

420 1079 644 1134 luminis
697 1079 898 1149 officit,
944 1087 1262 1138 necessario
1310 1086 1590 1154 sequitur,
1639 1097 1699 1142 ut
1747 1105 1855 1142 non
1913 1087 2210 1160 participes
2273 1095 2387 1148 sint
2449 1096 2572 1164 ejus
2623 1097 2785 1165 cujus
2839 1097 3317 1167 participationem
3391 1101 3445 1148 et
3513 1107 3674 1147 usum

419 1172 584 1226 vitam
617 1189 740 1228 esse
762 1175 998 1231 dicimus
1033 1180 1432 1249 participantis.

491 1263 707 1316 Τούτων
733 1268 911 1320 τοίνυν
935 1269 1108 1330 οὕτως
1133 1274 1264 1342 ημῖν
1291 1273 1634 1345 διῃρημένων
1654 1316 1669 1341 ,
1715 1278 1906 1348 καιρὸς
1933 1279 1998 1332 ἂν

422 1357 505 1426 εἴη
540 1357 843 1423 διεξετάσαι
871 1361 947 1431 τῷ
979 1362 1122 1433 λόγῳ
1140 1365 1200 1416 τὸ
1223 1366 1482 1435 προτεθὲν
1503 1370 1636 1438 ἡμῖν
1667 1371 1874 1440 πρόόλη
1885 1388 1962 1440 μα
1983 1388 1996 1401 ⁸

422 1449 660 1501 τοιοῦτον
687 1451 742 1502 δέ
771 1468 824 1502 τι
855 1451 1144 1523 λεγόμενον
1175 1451 1260 1525 ἦν’
1298 1457 1360 1509 Εἰ
1404 1460 1545 1511 κατά
1575 1460 1635 1512 τὸ
1676 1460 1882 1514 δίκαιον
1911 1461 1998 1529 γί-

424 1555 574 1591 νεται
605 1541 709 1593 τῶν
737 1543 957 1608 ἀγαθῶν
985 1546 1016 1614 ή
1041 1547 1416 1612 ἀνταπόδοσις,
1449 1551 1507 1602 ἐν
1542 1550 1680 1604 τίσιν
1709 1552 1860 1606 ἔσται
1888 1556 1917 1605 6
1943 1555 2001 1606 ἐν

423 1631 603 1736 νηπίῳ
644 1634 974 1736 τελευτῆσας
1018 1637 1106 1689 τὸν
1150 1639 1285 1708 βίον,
1330 1641 1465 1710 μήτε
1501 1642 1669 1696 κακὸν
1695 1644 1751 1696 ἐν
1779 1646 1844 1713 τῇ
1886 1645 1997 1714 ζωῇ
2036 1681 2078 1736 Β

425 1721 595 1794 ταύτῃ
625 1725 1080 1796 καταϐαλόμενος,
1115 1731 1248 1800 μήτε
1271 1733 1494 1800 ἀγαθὸν,
1529 1734 1668 1788 ὥστε
1693 1731 1783 1789 διά
1800 1729 2002 1790 τούτων

427 1815 677 1882 γενέσθαι
713 1817 860 1888 αὐτῷ
903 1818 1001 1890 τὴν
1050 1823 1169 1873 κατ’
1203 1823 1361 1889 ἀξίαν
1405 1825 1702 1894 ἀντίδοσιν;
1754 1823 1826 1900 ⁷ῼ
1869 1829 2003 1898 πρὸς

426 1906 524 1977 τὴν
544 1907 862 1961 ἀκολουθίαν
880 1909 988 1962 τῶν
1018 1911 1398 1984 ἐξητασμένων
1423 1917 1657 1987 ὁρῶντες
1682 1919 2006 1990 ἀποκρινού-

431 1998 568 2067 μεθα
597 1999 764 2050 ὅτιτὸ
798 2002 1238 2071 προσδοκώμενον
1263 2005 1487 2073 ἀγαθὸν,
1516 2009 1714 2062 οἰκεῖον
1750 2010 1850 2080 μέν
1888 2014 2004 2064 ἐστι

429 2090 566 2142 κατά
602 2089 766 2158 φύσιν
795 2092 873 2162 τῷ
900 2091 1226 2166 ἀνθρωπίνῳ
1267 2097 1452 2162 γένει,
1508 2099 1722 2167 λέγεται
1771 2102 1826 2154 δὲ
1863 2104 2005 2156 κατά

428 2199 547 2235 τινα
593 2183 826 2237 διάνοιαν
872 2185 932 2237 τὸ
983 2187 1114 2239 αὐτὸ
1162 2189 1255 2240 καὶ
1301 2191 1602 2253 ἀντίδοσις⁸
1651 2191 1730 2262 τῷ
1760 2192 1814 2244 δὲ
1857 2194 2005 2264 αὐτῷ

427 2272 781 2344 ὑποδείγματι
819 2275 980 2328 πάλιν
1023 2277 1082 2328 τὸ
1114 2278 1291 2348 νόημα
1323 2279 1480 2332 τοῦτο
1522 2282 2003 2352 σαφηνισθήσεται.

428 2367 530 2420 Δύο
570 2369 677 2438 γάρ
722 2386 863 2434 τινες
895 2370 1303 2423 ὑποκείσθωσαν
1331 2372 1408 2442 τῷ
1437 2372 1580 2442 λόγῳ
1613 2375 2006 2445 ἀῤῥωστήματί

427 2475 530 2512 τινι
565 2459 704 2512 κατά
733 2461 832 2522 τὰς
859 2460 1008 2530 ὄψεις
1058 2464 1482 2534 συνενεχθέντες,
1528 2465 1733 2519 τούτων
1763 2466 1819 2520 δὲ
1850 2469 1878 2520 6
1907 2467 2005 2538 μὲν

430 2552 841 2623 σπουδαιότερον
869 2553 1058 2605 ἑαυτὸν
1090 2555 1370 2607 ὲπιδιδότω
1397 2559 1462 2626 τῇ
1511 2557 1802 2629 θεραπεία,
1831 2559 2005 2612 πάντα

428 2641 712 2712 ὑπομένων
741 2643 809 2696 τὰ
842 2645 990 2714 παρά
1038 2647 1135 2714 τῆς
1179 2648 1427 2718 ἰατρικῆς
1463 2650 1867 2720 προσαγόμενα,
1905 2651 2006 2705 κᾶν

427 2733 768 2808 ἐπίπονα·
815 2740 844 2790 6
891 2737 946 2790 δὲ
982 2739 1118 2808 πρὸς
1165 2739 1366 2812 λουτρά
1412 2759 1471 2794 τε
1520 2743 1614 2796 καὶ
1658 2745 2006 2813 οἰνοφλυγίας

429 2828 824 2900 ἀκρατέστερον
868 2829 1175 2893 διακείσθω,
1227 2833 1499 2903 μηδεμίαν
1535 2834 1629 2887 τοῦ
1669 2836 2007 2906 ἰατρεύοντος

399 2922 740 2993 συμϐουλὴν
787 2923 922 2993 πρὸς
967 2923 1065 2996 τὴν
1095 2925 1203 2977 τῶν
1245 2927 1536 2998 ὀφθαλμῶν
1571 2931 1781 2998 ὑγίειαν
1831 2950 2006 3003 παρα-

2175 1277 2270 1333 llis
2297 1279 2464 1349 igitur
2505 1295 2534 1332 a
2567 1280 2727 1335 nobis
2770 1281 2875 1335 hoc
2909 1281 3070 1336 modo
3099 1280 3376 1336 distinctis
3411 1287 3465 1334 et
3499 1278 3676 1346 expli-

2101 1372 2260 1430 catis,
2286 1375 2664 1441 tempestivum
2691 1373 2851 1428 fuerit
2875 1375 3206 1444 propositam
3243 1374 3402 1426 nobis
3430 1372 3676 1426 oratione

2101 1470 2340 1515 tractare
2385 1472 2547 1530 atque
2599 1463 2877 1519 discutere
2926 1465 3280 1534 qttzestionem
3323 1462 3677 1532 :hujusmodi

2105 1557 2284 1603 autem
2329 1550 2589 1620 quiddam
2640 1561 2760 1606 erat
2795 1556 2939 1622 quod
2981 1556 3430 1624 proponebatur:
3473 1553 3529 1607 Si
3581 1568 3678 1622 pro

2103 1655 2170 1695 eo
2203 1641 2348 1710 quod
2389 1643 2602 1712 justum
2646 1651 2752 1706 est,
2789 1645 3056 1699 bonorum
3105 1647 3473 1701 renumeratio
3503 1657 3679 1714 atque

2106 1735 2392 1788 retributio
2431 1735 2511 1796 fit,
2564 1735 2617 1790 in
2677 1737 2877 1807 quibus
2925 1737 3235 1792 versabitur
3270 1737 3316 1791 is
3351 1739 3444 1808 qui
3497 1738 3679 1792 infans

2105 1823 2160 1877 in
2205 1833 2390 1879 tenera
2437 1834 2595 1880 aetate
2639 1828 2808 1880 vitam
2858 1827 3051 1888 finivit,
3098 1842 3275 1896 neque
3321 1826 3448 1880 boni
3494 1825 3546 1879 in
3580 1825 3680 1880 hac

2104 1915 2214 1967 vita
2262 1930 2440 1984 neque
2468 1916 2596 1972 mali
2634 1917 2929 1986 quidquam
2971 1925 3202 1970 conatus
3231 1925 3285 1970 et
3319 1931 3570 1980 exorsus,
3621 1923 3680 1968 ut

2105 2021 2202 2074 per
2237 2009 2350 2060 hare
2383 2008 2430 2062 ei
2470 2021 2568 2077 pro
2607 2008 2803 2062 merito
2839 2009 3124 2063 retributio
3156 2008 3282 2062 fiat?
3322 2007 3421 2062 Cui
3459 2008 3524 2061 ad
3555 2024 3683 2062 con-

2107 2100 2450 2166 sequentiam
2481 2115 2673 2155 eorum
2698 2117 2820 2170 quae
2841 2101 3149 2154 examinata
3175 2108 3303 2155 sunt
3322 2100 3681 2169 respicientes

2107 2189 2561 2259 respondebimus
2615 2192 2759 2261 quod
2823 2192 3048 2253 bonum,
3108 2191 3254 2260 quod
3313 2200 3678 2260 exspectatur,

2107 2283 2406 2337 secundum
2465 2291 2714 2337 naturam
2763 2283 2982 2354 quidem
3031 2284 3254 2337 bumani
3293 2283 3509 2355 generis
3556 2299 3681 2352 pro.-

2106 2375 2286 2442 prium
2333 2382 2468 2429 est:
2529 2375 2730 2430 dicitur
2789 2385 2971 2429 autem
3023 2375 3327 2430 secundum
3391 2376 3679 2445 quemdam

2107 2467 2468 2530 intellectum,
2515 2468 2656 2522 idem
2703 2469 2867 2523 etiam
2925 2469 3212 2522 retributio
3247 2487 3259 2521 :
3293 2477 3456 2537 atque
3493 2469 3680 2524 eadem

2109 2575 2305 2614 rursus
2354 2559 2716 2614 similitudine
2765 2575 2963 2615 sensus
3007 2560 3095 2614 hic
3128 2559 3515 2629 explicabitur.
3579 2559 3682 2613 Ροτ

2108 2661 2314 2704 nantur
2355 2652 2499 2706 enim
2533 2653 2587 2706 in
2633 2653 2881 2706 oratione
2939 2660 3126 2706 nostra
3171 2652 3283 2706 duo
3313 2653 3555 2722 quidam,
3589 2653 3680 2721 qui

2109 2743 2163 2796 in
2183 2743 2432 2797 morbum
2462 2744 2751 2811 quemdam
2783 2743 3074 2798 inciderint
3107 2744 3416 2806 oculorum,
3447 2759 3681 2812 quorum

2108 2848 2254 2887 unus
2304 2833 2499 2902 majori
2562 2849 2686 2892 eum
2742 2832 2925 2888 studio
2979 2833 3262 2902 magisque
3309 2832 3502 2888 sedulo
3560 2849 3684 2887 sese

2107 2923 2382 2978 curationi
2438 2924 2740 2992 permittat,
2790 2924 2975 2977 omnia
3014 2939 3136 2992 quae
3199 2923 3267 2977 ab
3316 2933 3434 2978 arte
3473 2925 3682 2978 medica

427 3011 736 3084 δεξάμενος.
786 3015 970 3084 Φαμὲν
1018 3015 1215 3081 τοίνυν,
1260 3019 1396 3088 πρὸς
1442 3021 1500 3073 τὸ
1537 3023 1707 3091 πέρας
1752 3026 2009 3096 ἐκατέρου

2116 3016 2504 3080 adhibeantur,
2535 3018 2889 3086 quantumvis
2925 3017 3088 3071 etiam
3129 3017 3371 3070 dolorem
3407 3017 3680 3072 facientia.

433 3104 735 3173 βλέποντες,
768 3107 932 3172 ἀξίως
975 3111 1282 3166 ἀντιλαϐεῖν
1326 3112 1586 3182 ἑκάτερον
1615 3115 1715 3185 τῆς
1749 3118 2009 3188 προαιρέ-

432 3212 567 3259 σεως
614 3197 778 3250 αὑτοῦ
821 3199 947 3260 τοὺς
995 3201 1238 3272 καρπούς
1265 3217 1276 3229 ·
1329 3202 1420 3254 τὸν
1477 3203 1575 3272 μὲν
1607 3205 1706 3276 τὴν
1755 3207 2011 3278 στέρησιν

429 3283 524 3335 τοῦ
560 3286 760 3352 φωτὸς,
787 3287 879 3339 τὸν
909 3289 965 3340 δὲ
989 3290 1089 3360 τὴν
1111 3290 1427 3344 ἀπόλαυσιν.
1459 3294 1532 3346 Τὸ
1559 3297 1668 3364 γὰρ
1696 3297 2012 3364 ἀναγκαίως

432 3373 692 3444 ἑπόμενον
721 3417 734 3439 ,
792 3379 1058 3432 ἀντίδοσιν
1104 3381 1168 3433 ἐκ
1218 3385 1607 3452 καταχρήσεως
1650 3387 2006 3458 ὀνομάζομεν.

433 3466 617 3519 Ταῦτα
644 3469 736 3521 καὶ
763 3470 853 3522 ἐπὶ
879 3471 986 3524 τῶν
1011 3473 1219 3542 νηπίων
1251 3471 1598 3543 ζητουμένων
1625 3476 1773 3529 ἐστιν
1813 3481 2006 3544 εἰπεῖν,

434 3557 515 3608 ὅτι
540 3559 573 3627 ή
603 3560 703 3628 τῆς
723 3560 864 3630 ζωῆς
887 3563 1100 3632 ἐκείνης
1131 3566 1446 3630 ἀπόλαυσις,
1473 3568 1646 3620 οίκεία
1674 3571 1772 3638 μέν
1803 3572 1917 3624 ἐστι
1944 3576 2009 3644 τῇ

433 3649 746 3722 ἀνθρωπίνῃ
794 3653 952 3720 φύσει
979 3672 992 3684 ο
1029 3656 1126 3726 τῆς
1159 3657 1214 3708 δὲ
1259 3659 1400 3712 κατά
1446 3660 1542 3729 τὴν
1575 3660 1798 3728 ἄγνοιαν
1831 3664 2009 3727 νόσου,

432 3741 646 3796 πάντων
675 3744 858 3813 σχεδὸν
885 3745 990 3798 τῶν
1019 3750 1077 3800 ἐν
1118 3751 1183 3818 τῇ
1218 3752 1381 3819 σαρκὶ
1426 3749 1644 3814 ζώντων
1675 3755 2009 3827 ἐπικρατού-

433 3851 533 3904 σης
555 3876 571 3897 ,
619 3836 648 3888 6
685 3837 782 3906 μὲν
813 3841 933 3901 ταῖς
961 3839 1328 3909 καθηκούσαις
1361 3843 1678 3916 θεραπείαις
1708 3848 1897 3901 ἑαυτὸν
1922 3850 2011 3901 ὲκ-

432 3926 705 3997 καθάρας,
751 3931 846 3981 καὶ
895 3923 1006 3981 οἷόν
1052 3948 1172 3984 τινα
1216 3933 1399 4004 λήμην
1437 3935 1531 3987 τοῦ
1561 3936 1868 4007 διορατικοῦ
1913 3940 2013 4009 τῆς

429 4017 608 4088 ψυχῆς
655 4019 970 4083 ἀποκλύσας
1010 4023 1108 4092 τὴν
1154 4024 1394 4092 ἄγνοιαν,
1443 4027 1594 4093 ἄξιον
1639 4029 1736 4098 τῆς
1775 4031 2012 4102 σπουδῆς

432 4110 542 4178 ἔχει
566 4110 626 4162 τὸ
653 4110 860 4180 κέρδος,
887 4113 944 4164 ὲν
964 4115 1027 4182 τῇ
1063 4115 1174 4184 ζωῇ
1197 4118 1265 4186 τῇ
1293 4117 1432 4170 κατά
1455 4118 1616 4187 φύσιν
1644 4121 1952 4190 γενόμενος’
1984 4124 2013 4176 6

431 4201 487 4254 δὲ
511 4200 579 4254 τὰ
603 4202 691 4256 διά
721 4205 820 4273 τῆς
847 4204 1047 4274 ἀρετῆς
1069 4205 1287 4275 φεύγων
1315 4209 1607 4280 καθάρσια,
1637 4211 1732 4264 καὶ
1761 4212 2012 4267 δυσίατον

434 4293 610 4364 ἑαυτῷ
639 4295 728 4347 διά
771 4295 879 4348 τῶν
908 4296 1198 4365 ἀπατηλῶν
1227 4299 1426 4368 ἡδονῶν
1459 4302 1884 4367 κατασκευάζων
1913 4304 2012 4374 τῆς

432 4385 654 4452 ἀγνοίας
682 4385 780 4456 τὴν
810 4387 986 4451 νόσον,
1032 4388 1184 4459 παρὰ
1212 4389 1373 4456 φύσιν
1399 4391 1684 4456 διατεθεὶς,
1713 4394 2010 4465 ἠλλοτρίω-

341 4525 345 4529 .
432 4491 522 4528 ται
542 4474 637 4527 τοῦ
665 4474 805 4528 κατά
824 4476 1003 4544 φύσιν,
1037 4480 1130 4531 καὶ
1156 4479 1420 4550 ἀμέτοχος
1446 4481 1653 4549 γίνεται
1679 4483 1780 4553 τῆς
1807 4485 2011 4548 οἰκείας

433 4567 566 4638 ἡμῖν
591 4568 682 4622 καὶ
710 4571 1045 4640 καταλλήλου
1075 4573 1238 4644 ζωῆς.
1267 4574 1339 4626 Τὸ
1359 4573 1412 4626 δὲ
1435 4576 1798 4645 ἀπειρόκακον
1821 4578 2010 4647 νήπιον

439 4659 708 4729 μηδεμιᾶς
739 4661 895 4713 νόσου
924 4661 1032 4714 τῶν
1075 4663 1174 4732 τῆς
1223 4662 1399 4734 ψυχῆς
1443 4664 1706 4734 ὀμμάτων
1751 4667 1884 4736 πρὸς
1912 4667 2010 4739 τὴν

433 4750 531 4804 τοῦ
578 4753 756 4821 φωτὸς
803 4753 1089 4823 μετουσίαν
1131 4755 1566 4825 ἐπιπροσθούσης
1591 4795 1604 4818 ,
1661 4759 1717 4809 ὲν
1756 4758 1833 4827 τῷ
1867 4760 2009 4812 κατά

434 4841 596 4910 φύσιν
628 4843 857 4910 γίνεται,
897 4843 973 4913 μὴ
1018 4844 1269 4912 δεόμενον
1311 4843 1411 4912 τῆς
1443 4845 1505 4896 ἐκ
1542 4843 1636 4897 τοῦ
1671 4845 2009 4916 καθαρθῆναι

435 4934 664 5000 ὑγιείας.
690 4935 771 4987 ὅτι
801 4934 934 5006 μηδὲ
963 4934 1060 5005 τὴν
1087 4935 1257 5005 ἀρχὴν
1286 4935 1382 5006 τὴν
1409 4935 1560 4988 νόσον
1600 4938 1664 5007 τῇ
1692 4937 1836 5007 ψυχῇ
1871 4954 2010 5007 παρ-

433 5025 671 5090 εδέξατο.

2114 3108 2400 3164 sustinens
2441 3129 2455 3164 :
2500 3109 2639 3164 alter
2670 3124 2801 3163 vero
2839 3125 2870 3163 a
2908 3109 3119 3164 balneis
3151 3117 3205 3162 et
3239 3108 3410 3162 nimio
3442 3109 3548 3162 vini
3584 3123 3684 3162 usu

2113 3215 2235 3254 sese
2274 3201 2457 3254 minus
2485 3202 2760 3255 abstinere
2795 3201 2990 3270 possit,
3042 3201 3253 3254 nullum
3312 3199 3505 3253 medici
3558 3216 3686 3253 eon-

2115 3292 2301 3346 silium
2361 3291 2504 3360 quod
2573 3291 2644 3346 ad
2701 3293 2988 3347 sanitatem
3058 3293 3342 3347 oculorum
3419 3291 3686 3360 pertineat

2114 3383 2434 3437 admittens.
2480 3382 2726 3438 Dicimus
2774 3384 2939 3450 igitur
2989 3386 3056 3436 ad
3112 3383 3274 3437 linem
3328 3393 3381 3439 et
3429 3393 3684 3438 eventum

2114 3475 2403 3545 utriusque
2469 3484 2803 3543 spectantes,
2858 3485 3152 3545 utrumque
3206 3493 3320 3531 sua:
3382 3477 3687 3530 voluntatis

2113 3565 2308 3632 dignos
2342 3567 2586 3636 recipere
2616 3566 2861 3633 fructus;
2891 3568 3037 3622 hunc
3058 3569 3280 3638 quidem
3302 3569 3683 3639 privationem,

2113 3656 2269 3710 illum
2310 3673 2438 3711 vero
2483 3673 2642 3712 usum
2685 3665 2740 3712 et
2787 3659 3099 3714 fruitionem
3148 3661 3308 3714 lucis.
3341 3659 3496 3725 Quod
3540 3660 3682 3713 enim

2114 3747 2432 3802 necessario
2487 3749 2758 3817 sequitur,
2810 3749 2862 3801 id
2907 3764 3004 3817 per
3056 3749 3402 3814 abusionem,
3455 3750 3688 3804 retribu-

2113 3839 2316 3892 tionem
2345 3850 2399 3894 et
2426 3842 2926 3909 compensationem
2958 3843 3327 3896 nominamus.
3365 3840 3490 3896 Haec
3519 3841 3684 3894 etiam

2113 3932 2181 3985 ad
2231 3949 2293 3986 ea
2339 3948 2462 4001 qua
2491 3934 2558 3988 de
2592 3934 2894 3989 infantibus
2927 3943 3246 4004 quaeruntur
3280 3935 3388 3989 dici
3435 3943 3686 4004 possunt,

2113 4025 2258 4094 quod
2307 4026 2453 4080 illius
2489 4026 2612 4080 vitae
2673 4042 2807 4080 usus
2857 4034 3020 4095 atque
3069 4025 3278 4090 fruitio,
3317 4026 3533 4095 propria
3563 4028 3688 4094 qui-

2113 4117 2234 4171 dem
2293 4118 2546 4171 humana:
2607 4124 2815 4170 naturae
2871 4118 2972 4176 sit.
3038 4117 3134 4172 sed
3180 4133 3304 4171 cum
3367 4117 3688 4186 ignorantia:

2115 4208 2305 4262 morbo
2339 4223 2535 4263 omnes
2577 4210 2968 4278 propemodum
3021 4210 3113 4278 qui
3171 4210 3226 4262 in
3278 4223 3446 4262 carne
3494 4208 3686 4261 vivunt

2115 4301 2354 4370 correpti
2383 4304 2524 4355 sint:
2550 4301 2645 4370 qui
2671 4301 2890 4369 quidem
2925 4301 3138 4356 idoneis
3167 4308 3221 4354 et
3251 4302 3689 4369 competentibus

2115 4393 2494 4446 curationibus
2529 4408 2650 4447 sese
2677 4393 3082 4461 expurgaverit,
3116 4399 3170 4446 et
3202 4391 3371 4446 veluti
3410 4392 3689 4461 lippitudi-

2113 4498 2236 4537 nem
2284 4482 2574 4552 quamdam
2618 4496 2648 4534 a
2695 4483 3033 4552 perspectiva
3081 4482 3129 4536 vi
3185 4483 3380 4536 anitme
3431 4482 3689 4553 ignorau-

2113 4573 2242 4626 tiam
2281 4572 2438 4640 quasi
2485 4571 2831 4634 derivaverit,
2883 4571 3119 4626 abluerit
3166 4580 3332 4641 atque
3382 4572 3686 4633 sustulerit,

2111 4663 2333 4732 dignum
2375 4662 2559 4717 studio
2594 4663 2806 4716 lucrum
2859 4671 3190 4718 consecutus
3228 4665 3284 4717 in
3338 4677 3401 4718 ea
3444 4679 3566 4732 quae
3602 4680 3689 4718 se—

2108 4754 2350 4808 cundum
2396 4761 2650 4807 naturam
2705 4763 2808 4817 est,
2865 4755 2974 4808 vita
3023 4763 3310 4818 versatur;
3378 4753 3469 4821 qui
3507 4761 3687 4806 autem

2115 4862 2178 4900 ea
2229 4861 2352 4915 quae
2385 4860 2480 4914 per
2510 4845 2769 4898 virtutem
2807 4846 3157 4905 adhibentur,
3198 4847 3512 4914 purgatoria
3554 4843 3690 4913 fugit

2118 4937 2378 4997 remedia,
2415 4942 2720 5004 curatuque
2746 4934 3018 4989 difficilem
3066 4934 3168 4989 sibi
3198 4948 3293 5004 per
3336 4932 3560 4986 fallaces
3590 4949 3689 4984 vo-

2120 5030 2356 5097 luptates
2404 5028 2726 5097 ignorantia:
2768 5028 3018 5080 morbum
3064 5025 3247 5087 eflicit,
3295 5033 3493 5094 praeter
3524 5032 3688 5076 natu—

436 5131 549 5169 ram
597 5117 901 5186 dispositus
935 5124 988 5171 et
1022 5117 1249 5172 affectus
1290 5118 1504 5172 alienus
1533 5126 1618 5173 est
1653 5118 1722 5172 ab
1768 5134 1834 5172 eo
1863 5119 2009 5188 quod
2064 5119 2366 5174 secundum
2427 5125 2680 5170 naturam
2741 5125 2848 5177 est,
2907 5125 2961 5171 et
3021 5129 3216 5184 expers
3280 5113 3341 5166 fit
3394 5112 3516 5180 ejus
3565 5113 3688 5164 vita:

433 5225 553 5277 quae.
589 5212 749 5266 nobis
785 5209 1002 5280 proprie
1036 5211 1289 5264 convenit
1328 5219 1383 5264 et
1409 5212 1823 5265 accommodata
1871 5223 1972 5265 est.
2025 5213 2096 5266 At
2148 5213 2362 5279 puellus
2407 5211 2589 5264 infans
2641 5210 2874 5278 simplex
2939 5210 3229 5277 omnisque
3297 5205 3520 5258 malitiae
3591 5218 3704 5283 επ,¹

433 5319 579 5374 pers,
631 5304 781 5358 nullo
831 5305 995 5356 etiam
1029 5318 1175 5356 nunc
1222 5303 1508 5356 oculorum
1575 5302 1744 5355 animi
1809 5303 2001 5357 morbo
2057 5304 2464 5373 participationi
2513 5302 2654 5355 lttcis
2686 5301 2980 5364 efﬁciente,
3011 5301 3065 5354 in
3109 5317 3175 5356 eo
3231 5302 3378 5372 quod
3437 5300 3688 5353 naturale

431 5407 517 5454 est
572 5411 848 5462 versatur,
921 5401 1158 5453 sanitate
1217 5413 1340 5466 qua:
1410 5412 1506 5466 per
1558 5396 1939 5466 purgationem
2002 5398 2294 5469 contingit,
2349 5412 2459 5451 non
2515 5397 2788 5468 indigens,
2842 5397 3046 5467 quippe
3095 5397 3188 5468 qui
3243 5413 3346 5452 nec
3407 5397 3476 5450 ab
3531 5396 3689 5450 initio

431 5494 650 5566 quidem
699 5509 928 5565 prorsus
969 5495 1021 5547 in
1067 5495 1312 5547 animum
1357 5492 1610 5546 morbum
1659 5492 1902 5547 admisit.

503 5586 611 5640 Καί
642 5604 732 5658 μοι
761 5587 906 5640 δοκεί
935 5586 1022 5639 διά
1057 5603 1201 5648 τινος
1234 5584 1524 5652 ἀναλογίας
1552 5584 1766 5648 οἰκείως
1807 5584 1952 5654 ἔχειν
1979 5585 2009 5636 6

432 5677 622 5751 παρῲν
643 5679 736 5732 τοῦ
773 5679 888 5749 βίου
912 5679 1108 5749 τρόπος
1141 5681 1205 5748 τῇ
1247 5677 1668 5748 προσδοκωμένη
1700 5677 1832 5748 ζωῇ.
1857 5675 2005 5731 Καθ-

435 5769 578 5842 άπερ
604 5769 714 5842 γάρ
752 5769 890 5842 θηλῇ
949 5771 1042 5823 καὶ
1069 5770 1298 5838 γάλακτι
1341 5772 1372 5840 ἡ
1408 5770 1596 5842 πρώτη
1641 5770 1748 5824 τῶν
1795 5769 2005 5841 νηπίων

2183 5580 2263 5634 Ac
2292 5579 2425 5633 mihi
2465 5591 2710 5646 praesens
2744 5583 2868 5631 γιῑιε
2908 5578 3050 5630 ratio
3097 5591 3194 5646 per
3231 5591 3522 5644 quamnam
3553 5593 3716 5632 con--

2111 5671 2442 5726 venientiam
2467 5678 2630 5738 atque
2653 5669 3060 5737 proportionem
3089 5666 3270 5722 affinis
3294 5675 3347 5722 et
3381 5667 3686 5737 propinqua

2113 5777 2238 5819 esse
2275 5761 2490 5818 videtur
2530 5761 2580 5817 ei
2615 5759 2738 5816 vitae
2769 5775 2932 5830 quam
2976 5769 3378 5828 exspectamus.
3409 5758 3685 5824 Quemad-
