4096 6354
457 297 564 358 1⁸⁸9

1728 302 1784 357 S.
1810 303 2141 361 GREGORII
2181 303 2474 360 NYSSENI

3602 302 3702 361 130

456 418 676 474 modum
699 417 842 472 enim
871 416 1050 487 prima
1075 416 1362 472 infantium
1385 425 1518 472 aetas
1543 432 1775 471 mamma
1804 433 1868 473 ac
1890 420 2028 472 lacte

2135 421 2312 490 ἡλικία
2335 419 2692 493 τιθηνουμένη
2714 419 3034 491 ὲκτρέφεται
3062 435 3074 448 ·
3109 415 3224 472 εἶτα
3253 420 3552 489 διαδέχεται
3577 422 3704 474 tat-.3-

459 511 666 564 nutrita
709 508 1012 577 educatur;
1048 509 1244 564 deinde
1284 509 1425 564 alius
1473 510 1807 564 conveniens
1855 509 1904 563 ei
1941 513 2027 562 cui

459 600 750 656 adhibetur
781 601 983 670 excipit
1031 603 1210 663 cibus,
1263 605 1357 672 qui
1405 601 1633 656 idoneus
1676 617 1740 654 ac
1777 601 2030 671 pr0prius

460 693 532 748 sit
568 693 690 762 ejus
717 693 814 762 qui
845 695 1140 758 enutritur,
1181 694 1358 748 donec
1397 694 1462 747 ad
1497 693 1791 763 perfectam
1837 709 2032 763 perve-

459 785 602 840 nerit
630 791 879 839 aetatem:
911 785 982 838 ita
1011 784 1205 854 opinor
1231 783 1396 837 etiam
1422 785 1660 837 animam
1702 799 1796 852 per
1818 799 1880 836 ea
1912 797 2032 852 quae

461 887 675 941 semper
701 874 1064 942 competentia
1103 873 1206 926 sibi
1246 881 1411 942 atque
1453 873 1865 927 accommodata
1900 874 2030 938 sint,

460 963 654 1021 ordine
686 973 849 1036 atque
881 968 1270 1037 consequentia
1301 966 1537 1038 quadam
1571 967 1885 1036 participem
1917 966 2030 1021 fieri

460 1058 582 1128 ejus
615 1059 763 1121 vitae,
803 1074 924 1128 qua:
966 1059 1269 1114 secundum
1319 1072 1571 1113 naturain
1607 1068 1712 1122 est,
1769 1066 2032 1128 quantam

461 1151 609 1220 capit
642 1166 706 1206 ac
731 1159 931 1221 potest,
961 1152 1029 1206 de
1065 1152 1133 1206 iis
1162 1167 1282 1221 quae
1306 1152 1359 1206 in
1394 1151 1728 1206 beatitudine
1750 1151 2033 1220 proposita

461 1249 612 1302 sunt,
666 1239 872 1310 partem
910 1242 1238 1312 capientem,
1270 1242 1730 1312 quemadmodum
1778 1244 1940 1297 etiam
1978 1242 2031 1296 id

463 1347 493 1383 ιι
524 1330 692 1386 Paulo
729 1332 1041 1396 didicimus,
1095 1333 1257 1386 aliter
1288 1334 1566 1388 nutriente
1609 1348 1733 1387 eum
1781 1333 1875 1402 qui
1918 1333 2031 1400 jam

461 1436 558 1490 per
592 1423 848 1477 virtutem
878 1423 1136 1485 creverit,
1183 1423 1343 1477 aliter
1375 1423 1638 1477 infantem
1683 1432 1736 1478 et
1779 1421 2008 1492 imperfe

459 1513 727 1568 ctiorem:
761 1528 886 1567 nam
912 1515 979 1568 ad
1002 1514 1557 1584 hujusmodiquidein
1590 1514 1764 1569 dicit:
1803 1531 1820 1564 ι
1848 1511 2034 1568 Lactis

460 1612 588 1673 potu
622 1620 718 1660 vos
754 1605 886 1669 alui,
919 1613 974 1660 et
1005 1621 1114 1660 non
1149 1606 1313 1673 cibo;
1353 1607 1597 1660 nondum
1633 1607 1779 1661 enim
1816 1614 2034 1674 potera-

461 1696 534 1749 tis
555 1696 594 1749 °.
622 1715 640 1748 ι
675 1695 756 1750 Ad
781 1713 874 1752 eos
891 1706 1071 1752 autem
1093 1699 1186 1769 qui
1216 1698 1327 1767 jam
1348 1698 1703 1768 impleverant
1721 1713 2031 1753 mensuram

2129 530 2228 583 την
2257 513 2585 584 κατάλληλος
2614 513 2773 583 ἑτέρα
2797 513 2875 584 τῷ
2904 513 3244 584 ὑποκειμένῳ
3267 512 3459 582 τροφὴ,
3490 514 3705 578 οίκείως

2129 619 2189 655 τε
2218 603 2311 655 καὶ
2355 603 2671 674 ἐπιτηδείως
2700 604 2836 674 πρὸς
2866 601 2928 655 τὸ
2957 603 3292 673 τρεφόμενον
3337 601 3554 671 ἔχουσα,
3599 603 3704 664 ἕως

2129 693 2195 748 ἂν
2224 695 2316 748 ἐπὶ
2339 695 2400 748 τὺ
2425 695 2625 748 τέλειον
2655 695 2836 767 φθάσῃ
2858 711 2872 726 ’
2907 693 3077 758 οὕτως
3106 690 3261 764 οἶμαι
3288 694 3382 747 καὶ
3407 694 3505 765 τὴν
3528 695 3703 766 ψυχὴν

2131 787 2218 840 διὰ
2249 787 2356 840 τῶν
2399 787 2486 841 ἀεὶ
2535 786 2881 858 καταλλήλων
2916 786 3068 851 τάξει
3116 787 3224 839 τινὶ
3270 787 3364 839 καὶ
3415 785 3704 856 ἀκολουθίᾳ

2135 878 2382 948 μετέχειν
2409 880 2506 948 τῆς
2532 879 2674 932 κατὰ
2704 878 2863 946 φύσιν
2892 877 3056 948 ζωῆς,
3081 879 3156 940 ὡς
3181 880 3348 949 χωρεῖ
3368 878 3461 931 καὶ
3484 878 3703 932 δύναται

2131 968 2240 1021 τῶν
2267 973 2324 1022 ὲν
2362 973 2427 1040 τῇ
2466 969 2826 1040 μακαριότητι
2855 970 3226 1040 προκειμένων
3259 967 3705 1039 μεταλαμϐάνου-

2136 1081 2224 1127 σα,
2259 1061 2440 1125 καθὼς
2469 1063 2562 1115 καὶ
2590 1061 2738 1132 παρὰ
2764 1061 2858 1114 τοῦ
2905 1061 3112 1115 Παύλου
3159 1061 3219 1114 τὸ
3245 1059 3480 1114 τοιοῦτον
3507 1060 3702 1130 ἐμάθο-

2137 1170 2256 1223 μεν,
2288 1153 2460 1216 ἄλλως
2485 1153 2775 1221 τρέφοντος
2799 1153 2888 1205 τὸν
2920 1153 3021 1222 ἤδη
3063 1151 3152 1205 διὰ
3179 1153 3279 1222 τῆς
3311 1153 3509 1223 ἀρετῆς
3541 1152 3705 1221 αὐξη-

2135 1245 2315 1307 θέντα,
2347 1248 2442 1300 καὶ
2493 1245 2692 1316 ἑτέρως
2717 1245 2777 1297 τὸ
2810 1247 2998 1314 νήπιον
3029 1245 3122 1297 καὶ
3154 1243 3524 1316 άτελέστερον.
3561 1245 3706 1314 Πρὸς

2138 1336 2236 1405 μὲν
2290 1337 2399 1408 γὰρ
2444 1339 2569 1400 τοὺς
2626 1335 2897 1400 τοιούτους
2947 1337 3131 1405 φησὶν,
3187 1336 3269 1389 ὅτι
3321 1354 3339 1386 ι
3369 1336 3514 1390 Γάλα
3561 1336 3704 1406 ὑμᾶς

2135 1428 2381 1492 ἐπότισα,
2413 1429 2472 1480 ού
2505 1428 2697 1499 βρῶμα
2722 1445 2736 1459 ·
2771 1427 2921 1482 ούπω
2953 1427 3061 1499 γὰρ
3085 1427 3345 1498 ἠδύνασθε
3369 1445 3380 1457 ·
3416 1446 3434 1478 ›
3485 1427 3626 1499 πρὸς
3649 1428 3704 1482 δὲ

2135 1521 2260 1582 τοὺς
2302 1520 2728 1590 πεπληρωκότας
2758 1521 2819 1573 τὸ
2867 1521 3061 1591 μέτρον
3099 1522 3198 1591 τῆς
3242 1521 3436 1589 νοητῆς
3463 1520 3702 1589 ἡλικίας,

2141 1629 2160 1663 ι
2188 1611 2417 1664 Τελείων
2439 1611 2496 1664 δέ
2523 1615 2660 1675 ἐστι,
2691 1631 2709 1662 ι
2751 1613 2936 1682 φησὶν,
2994 1631 3014 1663 ι
3043 1613 3076 1680 ή
3104 1612 3298 1684 στερεά
3327 1612 3521 1683 τροφὴ,
3552 1631 3569 1662 ι
3596 1611 3705 1664 τῶν

2135 1702 2221 1755 διὰ
2246 1701 2342 1772 τὴν
2372 1702 2484 1768 ἕξιν
2525 1703 2596 1756 τὰ
2639 1703 2965 1774 αἰσθητήρια
2997 1704 3422 1774 γεγυμνασμένα
3452 1704 3702 1773 ἐχόντων.

459 1786 657 1851 aetatis,
695 1802 818 1858 quae
853 1789 1063 1843 ratione
1092 1803 1156 1842 ac
1201 1795 1381 1843 mente
1424 1788 1759 1858 percipitur:
1803 1806 1822 1840 ι
1852 1787 2033 1843 Perfe-

2136 1793 2398 1864 Καθάπερ
2426 1795 2604 1848 τοίνυν
2623 1795 2722 1848 ούκ
2750 1793 2894 1847 ἔστιν
2920 1797 2977 1846 ὲν
3004 1797 3114 1857 τοῖς
3142 1795 3347 1864 ὁμοίοις
3371 1796 3543 1848 εἰπεῖν
3568 1789 3706 1847 εἶναι

461 1886 675 1933 ctorum
718 1886 900 1934 autem
929 1889 1034 1942 est,
1062 1899 1081 1931 ι
1119 1880 1316 1950 inquit,
1355 1880 1603 1934 «solidus
1642 1880 1803 1935 cibus
1821 1879 1906 1944 ⁷,»
1941 1879 2034 1948 qui

459 1985 559 2038 per
601 1970 845 2026 habitum
882 1974 1128 2027 sensoria
1165 1973 1368 2028 habent
1412 1973 1732 2029 exercitata.
1765 1970 2036 2038 Quemad—

461 2061 683 2114 modum
734 2062 900 2132 igitur
936 2064 1043 2118 dici
1097 2079 1205 2118 non
1248 2072 1447 2133 potest,
1499 2065 1554 2118 in
1594 2064 1869 2121 similibus
1914 2080 2034 2120 esse

460 2154 636 2206 virum
667 2161 721 2208 et
768 2153 1051 2220 infantem,
1100 2155 1314 2210 etiamsi
1366 2163 1560 2211 neuter
1602 2171 1792 2211 eorum
1844 2157 2036 2210 morbo

460 2244 645 2313 aliquo
675 2246 982 2314 implicetur
1008 2265 1022 2300 :
1051 2247 1183 2316 (quo
1213 2253 1376 2316 pacto
1402 2248 1547 2301 enim
1581 2247 1633 2300 in
1663 2247 1887 2316 paribus
1908 2263 2032 2301 ver-

461 2339 572 2391 sari
611 2338 824 2393 deliciis
856 2341 1089 2408 possint,
1125 2341 1219 2410 qui
1245 2340 1559 2396 earumdem
1591 2355 1772 2395 rerum
1807 2340 2035 2410 partici-

461 2444 558 2497 pes
600 2445 708 2483 non
737 2431 932 2497 sunt?)
964 2429 1058 2487 sed
1099 2433 1292 2487 morbo
1319 2431 1540 2502 quidem
1579 2432 1731 2486 nullo
1771 2433 1954 2502 aiiligi,
1983 2441 2036 2487 et

460 2518 516 2571 in
555 2517 659 2573 hoc
685 2530 739 2572 et
772 2518 826 2571 in
857 2519 951 2572 illo
980 2519 1234 2576 similiter
1266 2519 1490 2583 dicitur,
1524 2520 1768 2590 quandiu
1823 2521 2035 2591 passio-

459 2609 548 2663 nis
579 2616 635 2663 et
681 2608 993 2665 alllictionis
1044 2617 1272 2680 uterque
1309 2626 1505 2680 expers
1545 2619 1649 2678 est,
1696 2611 1790 2666 sed
1823 2611 2034 2667 fructus

459 2699 780 2754 deliciarum
823 2716 934 2754 non
978 2701 1212 2768 amplius
1243 2702 1311 2756 ab
1349 2703 1541 2758 iisdem
1575 2702 1825 2757 similiter
1856 2701 2034 2771 perci-

459 2791 606 2859 pitur
635 2792 652 2850 (
668 2808 792 2848 nam
829 2793 956 2847 huic
983 2792 1200 2863 quidem
1245 2793 1368 2848 licet
1400 2795 1484 2848 vel
1519 2795 1861 2849 orationibus
1887 2794 2035 2848 dele-

459 2888 619 2951 ctari,
655 2887 738 2942 vel
788 2887 953 2942 rebus
983 2902 1240 2957 praeesse,
1273 2889 1356 2942 vel
1395 2903 1522 2942 cum
1560 2887 1724 2942 laude
1767 2902 1830 2941 ac
1861 2887 2034 2958 gloria

459 2978 812 3048 magistratus
867 2994 1075 3048 gerere,
1128 2979 1212 3035 vel
1263 2978 1658 3033 benefaciendo
1717 2979 2034 3034 hominibus

456 3071 746 3142 egentibus
796 3073 1124 3138 clarescere,
1160 3073 1244 3126 vel
1296 3073 1342 3127 si
1397 3087 1488 3127 res
1533 3073 1606 3125 ita
1658 3073 1861 3140 tulerit,
1909 3089 2032 3127 cum

459 3178 650 3226 uxore,
683 3179 803 3233 qua}
841 3162 994 3217 cordi
1053 3163 1145 3228 sit,
1201 3164 1550 3218 matrimonio
1591 3164 1841 3231 junctum
1888 3180 2032 3228 esse,

459 3270 525 3308 ac
557 3255 744 3310 domui
791 3269 1060 3324 praeesse;
1093 3268 1157 3308 ac
1190 3254 1238 3308 si
1279 3269 1387 3322 qua
1425 3254 1530 3308 alia
1561 3269 1657 3323 per
1699 3255 1839 3308 lianc
1865 3256 2034 3309 vitam

459 3361 568 3400 una
591 3361 714 3401 cum
733 3346 820 3402 bis
840 3345 1084 3416 jucunda
1111 3347 1238 3401 licet
1258 3345 1523 3408 invenire,
1557 3353 1670 3399 tum
1699 3357 2033 3414 acroamata,

462 3446 577 3492 tum
639 3439 971 3508 spectacula,
1023 3438 1362 3502 venationes,
1433 3439 1671 3497 lavacra,
1727 3443 2032 3509 gyn‘masia,

459 3530 775 3586 convivales
814 3531 983 3584 animi
1021 3531 1434 3597 delectationes,
1495 3545 1560 3585 ac
1607 3532 1651 3586 si
1706 3531 1838 3600 quid
1887 3533 2034 3586 aliud

459 3623 729 3693 ejusmodi
772 3631 891 3679 est:
921 3635 976 3677 at
1021 3623 1213 3680 infanti
1248 3623 1459 3678 delicia:
1501 3632 1629 3679 sunt
1663 3625 1766 3688 lac,
1805 3623 2036 3679 nutricis

461 3715 625 3778 ulnae,
655 3713 932 3784 quieta'ac
954 3714 1166 3784 placida
1195 3715 1384 3777 motio,
1419 3731 1540 3786 quae
1563 3731 1814 3770 somnum
1844 3715 2036 3770 invitet

460 3814 517 3862 et
540 3805 885 3873 demulceat;
919 3821 1043 3860 nam
1063 3804 1395 3876 imperfectae
1413 3808 1590 3862 aetatis
1614 3821 1678 3863 ea
1710 3813 1906 3861 natura
1928 3815 2035 3870 est,

462 3907 523 3953 ut
558 3913 680 3968 qua:
723 3907 945 3968 superet
987 3897 1128 3952 hanc
1167 3897 1592 3953 oblectationem
1645 3913 1755 3952 non
1796 3897 2035 3968 Capiat):

461 3989 652 4045 eodem
685 3990 867 4053 modo,
900 3990 994 4059 qui
1028 4005 1123 4060 per
1154 3991 1408 4044 virtutem
1442 3991 1498 4043 in
1538 3990 1639 4043 hac
1669 3991 1779 4044 vita
1823 3991 2038 4045 animas

462 4083 830 4148 nutriverunt,
872 4092 946 4146 et,
995 4093 1052 4137 ut
1094 4084 1273 4152 inquit
1320 4083 1635 4152 Apostolus,
1693 4083 1890 4137 mentis
1925 4097 2038 4138 sua:

465 4192 725 4231 sensuum
773 4175 1136 4232 instrumenta
1175 4185 1561 4241 exercuerunt,
1599 4176 1643 4229 si
1683 4171 1752 4228 ad
1779 4175 2036 4245 incorpo-

463 4283 614 4323 ream
646 4268 792 4320 illam
820 4268 986 4321 vitam
1019 4267 1400 4332 traducantur,
1448 4283 1547 4337 pro
1576 4268 1786 4322 ratione
1818 4267 2038 4324 habitus

465 4374 532 4414 ac
565 4361 837 4429 potentiae,
870 4374 995 4429 quae
1023 4359 1077 4412 in
1119 4358 1252 4427 ipsis
1283 4359 1432 4422 insit,
1476 4358 1784 4412 divinarum
1816 4359 2040 4413 delicia-

2133 1886 2225 1938 τὸν
2276 1885 2442 1955 ἄνδρα
2497 1902 2556 1938 τε
2609 1886 2702 1938 καὶ
2749 1886 2812 1937 τὸ
2855 1886 3065 1955 νήπιον,
3115 1885 3216 1938 κᾶν
3263 1885 3496 1955 μηδεμία
3554 1885 3706 1948 νόσος

2136 1979 2377 2049 ἑκατέρῳ
2420 1979 2624 2032 τούτων
2678 1978 3054 2048 προσάπτηται
3076 1994 3089 2006 ·
3127 1977 3280 2047 (πῶς
3309 1977 3416 2046 γάρ
3447 1976 3511 2029 ἂν
3545 1980 3602 2030 ἐν
3629 1977 3708 2047 τῷ

2137 2072 2236 2142 ῐσῳ
2275 2071 2375 2142 τῆς
2420 2070 2632 2140 τρυφῆς
2675 2069 2950 2138 γένοιντο,
2987 2069 3036 2121 οῖ
3067 2068 3174 2120 τῶν
3223 2067 3400 2120 αὐτῶν
3450 2067 3524 2139 μὴ
3573 2084 3705 2138 μετ-

2134 2162 2346 2232 έχοντες
2368 2163 2407 2228 ;)
2433 2161 2566 2215 ἀλλὰ
2603 2161 2665 2213 τὸ
2711 2161 2808 2229 μὲν
2847 2159 2920 2230 μὴ
2961 2158 3255 2212 κακοῦσθαι
3284 2158 3424 2229 νόσῳ
3452 2159 3578 2223 τινὶ,
3613 2159 3706 2212 καὶ

2135 2255 2229 2307 ἐπὶ
2273 2256 2463 2306 τούτου
2511 2255 2605 2307 καὶ
2649 2256 2733 2306 ἐπ’
2765 2255 2968 2306 ἐκείνου
3019 2253 3234 2320 λέγεται
3287 2249 3703 2321 παραπλησίως,

2135 2346 2240 2410 ἕως
2273 2346 2338 2399 ἂν
2363 2346 2466 2409 ἔξω
2493 2346 2696 2408 πάθους
2721 2341 3026 2415 ἑκάτεροςῇ
3057 2359 3068 2370 ·
3101 2343 3209 2396 τῶν
3229 2343 3286 2395 δὲ
3319 2342 3459 2395 κατὰ
3499 2340 3706 2412 τρυφὴν

2137 2437 2170 2505 ἠ
2203 2435 2500 2497 ἀπόλαυσις
2548 2435 2729 2487 οὐκέτι
2785 2435 2983 2503 ὁμοίως
3020 2434 3164 2504 παρὰ
3191 2432 3298 2484 τῶν
3343 2430 3522 2484 αὐτῶν
3551 2433 3703 2500 ἐνερ-

2139 2528 2319 2594 γεῖται
2373 2525 2472 2594 (τῷ
2523 2526 2618 2594 μὲν
2675 2524 2783 2594 γὰρ
2834 2524 3069 2593 ὑπάρχει
3119 2522 3212 2574 καὶ
3264 2519 3351 2572 διὰ
3401 2519 3574 2588 λόγων
3617 2519 3706 2571 εύ-

2137 2618 2479 2689 φραίνεσθαι,
2521 2617 2616 2669 καὶ
2647 2616 2982 2684 πραγμάτων
3015 2615 3344 2673 ἐπιστατεῖν,
3387 2612 3478 2665 καὶ
3502 2611 3708 2663 εὐδοκί-

2139 2727 2254 2780 μως
2279 2709 2453 2780 ἀρχὰς
2485 2707 2745 2778 μετιέναι,
2780 2707 2874 2759 καὶ
2905 2708 3022 2767 ταῖς
3047 2703 3155 2757 τῶν
3186 2702 3455 2774 δεομένων
3486 2703 3707 2772 εὐεργε-

2138 2803 2280 2865 σίαις
2313 2799 2742 2872 λαμπρύνεσθαι,
2791 2799 3005 2868 γαμετῇ
3041 2813 3100 2848 τε
3145 2796 3434 2856 συνοικεῖν,
3466 2792 3532 2846 ἂν
3565 2791 3707 2846 οὓτω

2135 2894 2273 2964 τύχῃ
2321 2891 2652 2962 καταθυμία,
2702 2891 2796 2942 καὶ
2838 2888 2986 2941 οἴκου
3033 2888 3256 2958 ἄρχειν,
3309 2885 3402 2940 καὶ
3434 2885 3535 2938 ὅσα
3566 2884 3708 2938 κατὰ

2136 2987 2323 3040 τοῦτον
2350 2987 2495 3039 ἔστιν
2523 2984 2653 3055 ἡδέα
2677 2983 2767 3036 τὸν
2793 2980 3105 3052 παραϐατὸν
3140 2980 3251 3050 βίον
3280 2978 3479 3049 εὑρεῖν,
3506 2976 3709 3046 ἀκροά-

2063 3108 2105 3168 c
2142 3078 2288 3149 ματά
2314 3094 2373 3130 τε
2401 3076 2493 3130 καὶ
2518 3075 2784 3144 θεάματα,
2811 3072 2974 3143 θῆραι
3009 3073 3102 3125 καὶ
3131 3070 3350 3141 λουτρὰ,
3381 3070 3474 3122 καὶ
3498 3068 3708 3167 γυμνά-

2140 3187 2250 3230 σια,
2280 3170 2372 3221 καὶ
2410 3166 2703 3238 συμπόσια,
2752 3165 2846 3217 καὶ
2872 3163 3151 3234 θυμηδίαι,
3194 3164 3285 3215 καὶ
3315 3162 3366 3213 εῖ
3391 3177 3442 3213 τι
3470 3158 3708 3211 τοιοῦτον

2135 3263 2317 3331 ἕτερον
2339 3278 2351 3290 ·
2384 3259 2461 3326 τῷ
2487 3259 2543 3311 δὲ
2567 3258 2746 3326 νηπίῳ
2785 3258 2818 3327 ή
2857 3255 3056 3326 τρυφὴ,
3088 3254 3149 3307 τὸ
3181 3253 3322 3322 γάλα
3370 3253 3507 3314 ἐστὶ,
3549 3251 3644 3304 καὶ
3674 3251 3707 3320 ἡ

2133 3353 2232 3422 τῆς
2259 3351 2482 3422 τιθήνης
2511 3349 2722 3418 ἀγκάλη
2741 3387 2756 3412 ,
2798 3351 2892 3401 καὶ
2920 3348 3160 3418 ήρεμαία
3189 3346 3400 3416 κίνησις
3426 3344 3516 3397 τὸν
3542 3341 3708 3396 ὕπνον

2135 3440 2470 3511 ἐφελκομένη
2517 3457 2576 3492 τε
2625 3439 2720 3492 καὶ
2763 3437 3027 3508 ἡδύνουσα
3055 3453 3066 3466 ·
3110 3436 3206 3506 τὴν
3231 3435 3338 3506 γάρ
3367 3435 3505 3505 ὑπὲρ
3553 3431 3710 3484 τοῦτο

2136 3531 2472 3603 εὐφροσύνην
2497 3569 2512 3594 ,
2563 3529 2623 3582 τὸ
2652 3529 2839 3590 ἀτελὲς
2868 3527 2969 3596 τῆς
3015 3525 3229 3596 ἡλικίας
3255 3524 3501 3595 χωρῆσαι
3549 3521 3710 3591 φύσιν

2135 3626 2235 3679 οὐκ
2264 3623 2396 3693 ἔχει)
2421 3639 2434 3650 ·
2466 3623 2556 3674 τὸν
2585 3621 2748 3673 αὐτὸν
2780 3619 2977 3689 τρόπον
3006 3619 3054 3671 οἱ
3080 3617 3168 3670 διὰ
3195 3617 3292 3687 τῆς
3327 3615 3525 3686 ἀρετῆς
3551 3614 3608 3665 ὲν
3632 3610 3710 3682 τῷ

2136 3714 2261 3785 τῇδε
2295 3713 2392 3784 βίῳ
2427 3712 2526 3774 τὰς
2563 3709 2740 3780 ψυχὰς
2783 3707 3099 3779 θρέψαντες,
3137 3706 3251 3767 καὶ,
3281 3703 3460 3766 miti);
3492 3719 3653 3772 φησιν
3679 3701 3711 3753 ἁ

2151 3805 2489 3868 Ἀπόστολος,
2536 3800 3052 3871 καταγυμνάσαντες
3085 3796 3291 3851 ἑαυτῶν
3328 3795 3396 3848 τὰ
3427 3793 3591 3865 νοητὰ
3623 3796 3710 3847 αἰ-

2139 3898 2442 3969 σθητήρια,
2487 3896 2534 3948 εἰ
2581 3893 2716 3964 πρὸς
2765 3891 2861 3962 τὴν
2907 3890 3193 3962 ἀσώματον
3224 3887 3436 3956 εκείνην
3473 3902 3711 3957 μετοικι-

2141 3990 2315 4053 σθεῖεν
2351 3988 2493 4058 ζωὴν
2516 4027 2532 4050 ,
2579 3988 2711 4056 πρὸς
2753 3987 2909 4054 λόγον
2941 3987 3040 4054 τῆς
3073 3980 3482 4052 ἐνυπαρχούσης
3528 3980 3711 4043 αὐτοῖς

2139 4077 2305 4145 ἓξεὼς
2335 4095 2394 4130 τε
2441 4078 2534 4131 καὶ
2565 4075 2876 4145 δυνάμεως,
2911 4077 3008 4144 τῆς
3057 4072 3204 4134 θείας
3235 4071 3445 4142 τρυφῆς
3477 4069 3710 4141 μεταλή-

2137 4171 2347 4240 ψονται,
2381 4169 2414 4238 ἢ
2444 4168 2706 4231 πλείονος,
2735 4167 2768 4236 ἢ
2799 4165 3099 4230 ἐλάττονος,
3128 4163 3271 4216 κατὰ
3299 4162 3398 4234 τὴν
3428 4161 3708 4233 παροῦσαν

2139 4260 2367 4312 ἑκάστου
2393 4258 2621 4328 δύναμιν
2655 4256 2762 4309 τῶν
2790 4253 3162 4325 προκειμένων
3192 4253 3524 4323 μετέχοντες.
3565 4253 3627 4304 Ἦ
3653 4250 3710 4304 δὲ

2139 4351 2401 4420 ἄγευστος
2449 4349 2546 4418 τῆς
2590 4348 2790 4419 ἀρετῆς
2821 4345 2986 4416 ψυχὴ,
3035 4344 3143 4397 τῶν
3195 4344 3291 4414 μὲν
3339 4345 3402 4396 ἐκ
3448 4343 3711 4413 πονηρίας

465 4463 588 4503 rum
637 4451 931 4518 participes
976 4458 1156 4512 erunt,
1207 4449 1292 4503 vel
1327 4450 1585 4528 majorem
1637 4449 1721 4503 vel
1769 4449 2033 4503 minorem

2140 4439 2347 4504 κακῶν,
2372 4441 2465 4494 ἆτε
2502 4442 2636 4509 μήτε
2663 4439 2760 4509 τὴν
2793 4437 2964 4508 ἀρχὴν
2994 4434 3367 4505 συνενεχθεῖσα
3393 4436 3459 4504 τῇ
3486 4434 3583 4504 τῆς
3614 4451 3712 4486 κα-

467 4538 772 4595 secundum
813 4547 1134 4607 praesentem
1160 4538 1428 4608 cujusque
1458 4540 1754 4608 potentiam
1787 4540 2037 4610 proposi-

466 4636 647 4683 torum
688 4634 895 4696 partem
945 4627 1244 4698 capientes.
1281 4627 1349 4681 At
1402 4629 1584 4681 anima
1627 4644 1748 4698 quae
1777 4630 2034 4683 virtutem

470 4719 712 4774 nondum
744 4721 998 4790 gustavit,
1038 4735 1227 4774 eorum
1256 4720 1474 4790 quidem
1516 4721 1784 4775 malorum
1819 4737 1941 4792 quae
1969 4736 2036 4776 ex

469 4811 816 4882 improbitate
841 4825 904 4865 ac
933 4812 1174 4881 nequitia
1211 4813 1487 4876 oriuntur,
1520 4823 1576 4866 ut
1615 4828 1738 4883 quae
1775 4813 1844 4867 ab
1881 4813 2039 4867 initio

467 4920 695 4975 prorsus
727 4905 780 4958 in
817 4904 1035 4957 malitiae
1068 4902 1316 4957 morbum
1368 4919 1476 4958 non
1522 4904 1798 4968 inciderit,
1841 4920 2036 4975 expers

468 5005 688 5063 manet;
724 4995 870 5050 illius
901 5005 1079 5050 autem
1114 4995 1255 5060 vitae,
1305 5009 1467 5064 quam
1495 4994 1591 5050 Dei
1625 5005 1741 5049 tum
1773 4997 2038 5066 cognitio-

467 5106 590 5143 nem
634 5097 746 5142 tum
783 5087 1259 5158 participationem
1299 5102 1424 5142 esse
1450 5088 1627 5142 oratio
1657 5089 1911 5158 superior
1942 5090 2037 5145 de—

2139 4533 2264 4597 κίας
2291 4533 2450 4603 νόσῳ,
2477 4533 2720 4602 διαμένει
2761 4531 3026 4601 ἀμέτοχος
3070 4529 3168 4600 τῆς
3195 4528 3340 4599 ζωῆς
3368 4529 3604 4600 ἐκείνης,
3645 4529 3711 4599 ἢν

2139 4624 2274 4678 Θεοῦ
2308 4623 2506 4693 γνῶσίν
2538 4640 2598 4675 τε
2648 4623 2744 4680 καὶ
2792 4621 3078 4692 μετουσίαν
3109 4622 3138 4673 ὁ
3171 4619 3278 4691 πρὸ
3305 4619 3510 4672 τούτων
3555 4618 3711 4687 λόγος

2139 4716 2394 4788 ὡρίσατο,
2427 4713 2678 4768 τοσοῦτον
2714 4715 2928 4785 μετέχει
2969 4713 3121 4786 παρὰ
3163 4712 3262 4783 τὴν
3296 4714 3549 4784 πρώτην,
3589 4714 3711 4767 ὅσον

2141 4811 2312 4880 χωρεί
2356 4807 2417 4860 τὸ
2459 4805 2812 4877 τρεφόμενον,
2853 4805 2957 4870 ἓως
3000 4805 3087 4868 ἂν,
3119 4804 3369 4876 καθάπερ
3404 4805 3508 4858 τινὶ
3537 4805 3708 4874 τροφῇ

2143 4897 2465 4969 καταλλήλῳ
2487 4900 2554 4968 τῇ
2583 4897 2784 4968 θεωρίᾳ
2807 4896 2898 4949 τοῦ
2922 4896 3072 4959 ὄντος
3098 4894 3496 4966 ὲναδρυνθεῖσα,
3527 4912 3709 4966 χωρηο

2143 4991 2270 5062 τικὴ
2302 4990 2396 5042 τοῦ
2445 4989 2688 5050 πλείονος
2730 4988 2974 5058 γένηται,
3022 4989 3081 5041 ὲν
3121 4986 3368 5058 δαψιλείᾳ
3407 4984 3498 5039 τοῦ
3541 4985 3712 5048 ὅντως

2143 5088 2295 5149 ὄντος
2327 5083 2446 5138 κατ’
2478 5081 2725 5147 ἐξουσίαν
2758 5081 3077 5151 μετέχουσα.

448 5183 666 5246 ,Ιὶιιὶνὶιι
696 5190 901 5236 tantam
929 5181 983 5234 in
1012 5180 1168 5234 initio
1194 5188 1399 5249 partem
1432 5184 1598 5251 capit.
1630 5193 1850 5252 quanta:
1866 5201 2035 5255 capax
2069 5193 2154 5240 est
2186 5183 2240 5238 id
2271 5179 2418 5252 quod
2459 5177 2756 5239 enutritnr,
2797 5177 2976 5247 quoad
3025 5184 3282 5246 tanquam
3318 5176 3443 5230 cibo
3476 5172 3708 5245 quodam

473 5271 820 5327 convenienti
867 5280 920 5324 et
955 5269 1367 5324 accommodato
1409 5272 1475 5324 ad
1526 5274 2040 5343 contemplationem
2081 5273 2221 5344 ejus,
2251 5271 2345 5342 qui
2386 5283 2576 5324 revera
2605 5275 2711 5330 est,
2741 5265 2964 5336 grandis
3006 5265 3196 5320 effecta
3250 5265 3475 5335 majoris
3534 5263 3706 5335 partis

472 5380 643 5435 capax
689 5363 979 5428 efficiatur,
1036 5364 1258 5433 largiter
1308 5373 1362 5418 et
1408 5367 1622 5422 abunde
1663 5383 1761 5437 pro
1806 5369 2037 5424 arbitrio
2088 5377 2295 5439 partem
2326 5366 2550 5435 capiens
2573 5363 2692 5432 ejus
2722 5363 2816 5432 qui
2847 5376 3036 5417 revera
3069 5370 3173 5416 est.

543 5455 623 5509 Ad
667 5455 780 5510 haec
833 5454 1190 5524 respicientes
1225 5459 1488 5512 malorum
1532 5460 1774 5529 quidem,
1810 5477 1932 5532 qua:
1969 5478 2034 5516 ex

472 5543 825 5617 improbitate
848 5561 911 5600 ac
938 5546 1180 5616 nequitia
1204 5549 1500 5606 exsistunt.
1532 5551 1736 5608 pariter
1757 5561 2034 5615 expertem

555 5747 577 5778 ⁸
615 5745 636 5800 l
672 5743 800 5801 Cor.
831 5761 930 5812 ιιι,
959 5745 1014 5802 2.
1090 5749 1108 5778 ⁷
1133 5745 1294 5803 Hebr.
1331 5765 1382 5812 v,
1417 5749 1498 5802 l4.

2215 5460 2356 5529 Πρὸς
2397 5425 2570 5511 ταῦτα
2601 5425 2903 5526 ἑλέποντες,
2937 5454 3040 5520 ἔξω
3073 5454 3170 5525 μὲν
3199 5452 3305 5506 τῶν
3344 5425 3409 5506 ἐκ
3449 5449 3712 5523 πονηρίας

2152 5550 2338 5608 κακῶν
2372 5549 2571 5622 ὁμοίως
2622 5545 2760 5603 εἷναί
2794 5564 2971 5618 φαμεν
3000 5545 3097 5617 τὴν
3141 5545 3316 5617 ψυχὴν
3340 5586 3354 5612 ,
3400 5543 3493 5598 τοῦ
3524 5558 3584 5598 τε
3625 5537 3718 5594 διὰ
