4096 6354
382 337 478 397 181

1157 342 1244 396 DE
1285 343 1698 401 INFANTIBIJS
1726 347 1845 413 QUI
1886 346 2340 403 PREMATURE
2370 344 2866 404 ABRlPlUNTUR.

3539 349 3645 404 18‘2

381 460 556 526 πάσης
585 458 783 526 ἀρετῆς
811 457 1054 527 ἥκοντος,
1102 461 1196 512 καὶ
1227 460 1320 514 τοῦ
1356 463 1490 533 μηδὲ
1517 465 1652 528 ὅλως
1681 483 1948 536 μετεσχη-

2065 468 2293 521 animam
2351 482 2476 522 esse
2524 465 2763 520 dicimus
2815 476 2927 518 tum
2981 463 3102 534 ejus
3145 462 3239 533 qui
3294 479 3390 534 per
3420 479 3641 520 omnem

379 549 534 610 κότος
560 549 654 600 τοῦ
689 547 821 618 βίου.
876 549 951 601 Ut)
1007 551 1112 619 μὴν
1160 554 1218 604 ἐν
1244 553 1322 623 τῷ
1368 555 1539 625 ὁμοίῳ
1563 555 1660 626 τὴν
1695 557 1955 628 ἐκατέρου

379 639 581 693 τούτων
626 639 901 710 διαγωγὴν
949 641 1257 712 ἐννοοῦμεν.
1322 644 1380 697 '0
1437 647 1534 715 μὲν
1579 649 1687 718 γὰρ
1735 649 1954 717 ἢκουσε,

381 729 561 794 καθὼς
593 733 621 783 ὁ
647 732 938 802 Προφήτης
966 735 1119 802 φησι,
1147 734 1254 787 τῶν
1287 735 1552 805 οὐρανίων
1581 738 1954 810 διηγημάτων,

379 823 445 875 δι’
480 817 553 876 ὧν
586 824 618 893 ἡ
651 823 776 886 δόξα
815 824 906 876 τοῦ
933 823 1068 877 Θεοῦ
1099 827 1544 893 καταγγέλλεται,
1588 832 1682 884 καὶ
1728 832 1816 884 διὰ
1857 833 1958 902 τῆς

383 916 612 978 κτίσεως
641 915 777 986 πρὸς
803 916 901 986 τὴν
928 917 1255 988 κατανόησιν
1282 920 1537 992 ὼδηγήθη
1568 921 1662 974 τοῦ
1687 923 1957 976 Δεσπότου

380 1007 477 1076 τῆς
506 1007 732 1071 κτίσεως
755 1047 769 1070 ,
816 1009 909 1061 καὶ
952 1008 1258 1080 διδασκάλῳ
1300 1014 1365 1081 τῇ
1396 1011 1564 1076 ὅντως
1595 1015 1757 1086 σοφίᾳ
1794 1017 1958 1086 ἐχρή-

383 1115 533 1160 σατο,
567 1102 632 1169 τῇ
683 1100 740 1151 ὲν
771 1102 883 1162 τοῖς
915 1096 1032 1152 οὖσι
1076 1101 1424 1175 θεωρουμένῃ
1473 1104 1650 1176 σοφίᾳ,
1686 1106 1746 1158 τό
1775 1123 1834 1158 τε
1863 1107 1957 1160 τοῦ

383 1191 558 1258 φωτὸς
588 1190 775 1244 τούτου
805 1191 997 1256 κάλλος
1024 1194 1385 1262 κατανοήσας,
1416 1195 1751 1263 ἀναλογικῶς
1778 1197 1839 1250 τὸ
1863 1196 1958 1250 τοῦ

365 1268 639 1352 ’ἀληθινοῦ
664 1284 839 1350 φωτὸς
873 1283 1067 1347 κάλλος
1100 1286 1309 1355 ὲνόησε,
1343 1287 1436 1340 καὶ
1464 1289 1521 1340 ὲν
1547 1287 1622 1358 τῷ
1651 1290 1833 1360 παγίῳ
1859 1294 1958 1363 τῆς

366 1376 486 1446 ’γῆς
507 1375 565 1428 τὸ
583 1374 677 1428 τοῦ
698 1376 1058 1447 πεποιηκότος
1079 1379 1247 1449 αὐτὴν
1268 1379 1600 1449 ἀμετάθετον
1623 1382 1914 1453 ἐπαιδεύθη
1941 1401 1954 1414 °

384 1468 479 1519 καὶ
510 1467 568 1520 τὸ
601 1467 906 1537 ἀμέτρητον
945 1467 1038 1520 τοῦ
1071 1469 1299 1539 οὐρανοῦ
1336 1469 1566 1540 μέγεθος
1599 1472 1958 1543 κατανοήσας,

366 1545 519 1643 ξπρὺς
546 1560 608 1612 τὸ
639 1559 862 1632 ἄπειρόν
891 1579 949 1613 τε
982 1562 1076 1613 καὶ
1115 1562 1365 1633 ἀόριστον
1393 1566 1492 1633 τῆς
1524 1563 1960 1635 ὲμπεριεχούσης

366 1652 443 1728 ττὸ
470 1653 576 1705 πᾶν
609 1651 890 1722 δυνάμεως
933 1651 1211 1723 ὼδηγήθη,
1239 1653 1337 1716 τάς
1367 1671 1425 1705 τε
1457 1655 1680 1718 ἀκτῖνας
1712 1655 1834 1708 ἰδὼν
1865 1655 1959 1708 τοῦ

384 1743 532 1812 ¹ἡλίου
590 1745 654 1796 ἐκ
703 1744 811 1796 τῶν
857 1743 1124 1797 τοσούτων
1175 1745 1482 1814 ὑψωμάτων
1551 1745 1744 1824 μέχρις
1805 1746 1960 1818 ἡμῶν

380 1834 691 1903 διηκούσας,
727 1836 788 1889 τὸ
829 1835 902 1906 μὴ
932 1839 1139 1890 άτονεῖν
1171 1836 1266 1900 τὰς
1301 1837 1552 1906 νοητικάς
1582 1837 1675 1890 τοῦ
1701 1838 1836 1891 θεοῦ
1877 1842 1960 1892 ἐν·
1992 1828 2033 1882 Β

385 1926 604 1995 εργείας
637 1929 772 1999 πρὸς
814 1928 1042 1981 ἕκαστον
1087 1929 1244 1999 ήμῶν
1288 1929 1396 1980 ἀπὸ
1440 1929 1532 1981 τοῦ
1574 1930 1673 1998 τῆς
1705 1929 1960 2001 θεότητος

385 2017 553 2087 ῦψους
586 2021 828 2073 κατιέναι
854 2018 942 2073 διὰ
970 2020 1078 2072 τῶν
1126 2019 1464 2089 φαινομένων
1511 2021 1850 2076 ἐπίστευσεν.
1899 2023 1961 2075 Εἰ

383 2112 494 2181 γάρ
520 2107 597 2175 εἷς
625 2111 698 2164 ὣν
726 2112 950 2183 φωστὴρ
977 2115 1127 2182 κοινῇ
1155 2129 1214 2164 τε
1244 2112 1302 2164 τὸ
1335 2112 1690 2181 ὑποκείμενον
1722 2113 1866 2166 ἅπαν
1893 2116 1959 2184 τῇ

366 2189 686 2274 ’φωτιστικῇ
720 2203 942 2271 δυνάμει
995 2203 1369 2273 διαλαμϐάνει,
1404 2203 1495 2256 καὶ
1527 2205 1660 2256 πᾶσι
1692 2207 1804 2267 τοῖς
1836 2221 1963 2274 μετρ-

387 2295 600 2364 έχουσιν
628 2294 817 2347 ἑαυτὸν
843 2294 1135 2364 ἐπινέμων,
1167 2295 1286 2357 ὅλος
1309 2295 1521 2364 ἑκάστῳ
1546 2295 1639 2347 καὶ
1661 2294 1962 2366 ἀδιαίρετος

389 2383 652 2453 πάρεστι’
696 2383 846 2452 πόσῳ
880 2382 1077 2453 μᾶλλον
1108 2385 1135 2435 ὁ
1166 2382 1257 2435 τοῦ
1289 2385 1572 2454 φωστῆρες
1613 2385 1962 2455 δημιουργὸς,

388 2476 484 2528 καὶ
537 2477 712 2528 πάντα
765 2477 822 2527 ἐν
872 2476 1004 2527 πᾶσι
1055 2474 1282 2542 γίνεται,
1320 2475 1500 2538 καθώς
1531 2492 1695 2547 φησιν
1728 2477 1757 2528 ό
1801 2476 1962 2530 Ἀπό-

391 2567 593 2629 στολος,
625 2567 716 2620 καὶ
742 2567 955 2636 ἑκάστῳ
989 2567 1238 2636 πάρεστι,
1268 2564 1518 2619 τοσοῦτον
1548 2567 1736 2620 ἑαυτὸν
1767 2566 1962 2633 διδοὺς,

387 2660 510 2711 ὅσον
541 2660 600 2712 τὸ
629 2660 984 2730 ὑποκείμενον
1015 2661 1225 2730 δέχεται
1250 2661 1262 2711 ι
1308 2659 1466 2712 Ἀλλά
1494 2660 1588 2712 καὶ
1635 2661 1836 2729 στάχυν
1879 2679 1964 2725 τις

393 2749 515 2801 ἰδὼν
544 2751 634 2802 ἐπὶ
663 2751 785 2819 γῆς,
819 2751 912 2802 καὶ
942 2751 1040 2820 τὴν
1069 2751 1133 2802 ἐκ
1161 2749 1326 2819 φυτοῦ
1359 2749 1615 2820 βλάστην,
1645 2751 1738 2802 καὶ
1769 2749 1964 2821 βότρυν

388 2840 614 2911 ὣριμον,
664 2842 757 2894 καὶ¹
785 2842 843 2893 τὸ
868 2843 967 2911 τῆς
992 2842 1212 2913 ὀπώρας
1243 2842 1457 2905 κάλλος,
1490 2843 1521 2912 ἢ
1553 2844 1610 2895 ὲν
1638 2845 1892 2914 καρποῖς,
1929 2844 1961 2914 ἤ

389 2933 446 2983 ὲν
477 2932 680 2993 ἄνθεσι,
714 2933 806 2985 καὶ
831 2933 926 3003 τὴν
957 2933 1260 3002 αὐτόματον
1293 2934 1450 2994 πόαν,
1490 2935 1583 2987 καὶ
1629 2932 1753 3005 ὅρος
1785 2935 1877 2986 ἐπὶ
1905 2934 1966 2986 τὸ

389 3025 624 3095 αἰθέριον
656 3024 790 3094 ὕψος
821 3025 928 3078 ἀπὸ
956 3027 1053 3097 τῆς
1085 3027 1258 3096 ἄκρας
1291 3027 1720 3097 ἀνατεινόμενον,
1751 3026 1966 3091 καὶτὰς

389 3115 448 3166 ὲν
487 3114 779 3184 ὑπωρείαις
822 3116 1023 3184 πηγὰς,
1065 3115 1250 3186 μαζῶν
1283 3116 1437 3185 δίκην
1478 3117 1542 3168 ἐκ
1579 3117 1686 3169 τῶν
1724 3117 1964 3185 λαγόνων

293 3191 298 3198 ’
387 3202 482 3255 τοῦ
520 3203 678 3273 ὅρους
712 3204 1093 3275 ἐπιρρεούσας,
1127 3206 1401 3276 ποταμούς
1427 3223 1486 3258 τε
1513 3205 1599 3258 διὰ
1632 3206 1740 3261 τῶν
1772 3207 1966 3260 κοίλων

391 3294 633 3362 ῥέοντας,
670 3295 762 3347 καὶ
791 3296 1064 3349 θάλασσαν
1097 3297 1496 3366 ὑποδεχομένην
1527 3297 1597 3350 τά
1633 3298 1967 3367 πανταχόθεν

394 3385 660 3455 ῥεύματα,
689 3389 780 3439 καὶ
809 3390 864 3439 ὲν
893 3387 969 3458 τῷ
996 3389 1178 3458 μέτρῳ
1210 3389 1493 3456 μένουσαν,
1523 3388 1744 3458 κύματά
1773 3405 1831 3441 τε
1853 3391 1966 3450 τοῖς

393 3477 660 3545 αἰγιαλοῖς
692 3477 999 3549 ὁριζόμενα,
1029 3482 1122 3532 καὶ
1163 3482 1261 3532 οὐκ
1292 3480 1614 3546 ὲπεξιοῦσαν
1664 3481 1804 3552 ὑπὲρ
1840 3483 1967 3544 τοὺς

393 3571 760 3642 τεταγμένους
792 3573 949 3642 ὅρους
981 3573 1120 3625 κατά
1149 3575 1245 3642 τῆς
1272 3575 1499 3645 ἠπείρου
1527 3576 1627 3644 τὴν
1651 3573 1922 3628 θάλασσαν
1946 3589 1961 3604 ⁸

390 3662 564 3716 ταῦτα
603 3663 696 3715 καὶ
722 3663 791 3716 τὰ
817 3665 1040 3717 τοιαῦτα
1069 3665 1299 3734 βλέπων,
1337 3666 1454 3727 πῶς
1483 3666 1581 3736 οὐχ
1610 3665 1826 3718 ἅπαντα
1854 3665 1966 3716 δια-

393 3754 547 3808 λάϐοι
569 3755 647 3826 τῷ
669 3755 831 3824 λόγῳ,
853 3755 918 3808 δι’
939 3749 1015 3808 ὧν
1044 3757 1250 3824 γίνεται
1273 3759 1305 3827 ὴ
1335 3756 1652 3810 διδασκαλία
1677 3755 1770 3810 τοῦ
1793 3755 1962 3820 ὗντος,

391 3849 440 3899 εί
483 3849 682 3917 μικράν
726 3847 902 3918 ἐαυτῷ
949 3847 1176 3916 δύναμιν
1222 3848 1359 3918 πρὸς
1405 3848 1504 3917 τὴν
1550 3845 1837 3917 μετουσίαν
1864 3844 1967 3915 τῆς

386 3939 599 4010 τρυφῆς
649 3940 860 4009 ἐκείνης
910 3942 1385 4011 παρεσκευάσατο;
1423 3942 1542 3994 Ἵνα
1585 3940 1642 3993 δὲ
1692 3940 1853 4012 παρῶ
1899 3941 1968 3994 τὰ

392 4030 709 4101 μαθήματα,
732 4032 852 4084 ὅθεν
881 4032 1105 4102 θήγεται
1137 4034 1270 4103 πρὸς
1290 4033 1489 4104 ἀρετὴν
1514 4035 1547 4102 ἡ
1580 4033 1806 4097 διάνοια,
1834 4049 1967 4100 γεω-

391 4125 618 4194 μετρίαν
635 4140 695 4175 τε
724 4125 817 4176 καὶ⁹
846 4125 1223 4196 ἀστρονομίαν,
1251 4126 1344 4177 καὶ
1370 4124 1468 4196 τὴν
1491 4125 1578 4178 διὰ
1608 4124 1702 4178 τοῦ
1731 4123 1964 4197 ἀριθμοῦ

388 4215 714 4284 κατανόησιν
749 4215 848 4284 τῆς
872 4215 1149 4286 ἀληθείας,
1186 4215 1366 4268 πᾶσάν
1401 4234 1461 4268 τε
1499 4216 1720 4286 μέθοδον
1749 4216 1965 4269 ἀποδει-

387 4304 579 4374 κτικὴν
604 4303 713 4356 τῶν
738 4306 1114 4377 ἀγνοουμένων
1142 4309 1235 4361 καὶ
1267 4309 1624 4379 βεϐαιωτικὴν
1647 4309 1754 4362 τῶν
1777 4324 1963 4360 κατει-

386 4395 703 4466 λημμένων,
746 4399 840 4451 καὶ
866 4400 970 4469 πρό
997 4416 1061 4468 γε
1092 4401 1313 4467 τούτων,
1346 4401 1442 4471 τὴν
1470 4401 1569 4470 τῆς
1603 4398 1964 4451 θεοπνεύστου

2058 561 2316 615 virtutem
2351 574 2674 629 progressus
2727 557 2881 623 facit,
2939 564 3052 610 tum
3085 555 3206 625 ejus
3253 557 3346 625 qui
3396 571 3465 610 ne
3516 557 3642 612 vitze

2059 650 2277 720 quidem
2305 650 2524 720 penitus
2553 650 2831 719 particeps
2863 648 2986 714 fuit,
3013 663 3120 702 non
3147 659 3331 702 tamen
3369 647 3425 701 in
3447 649 3639 703 eodem

2060 753 2203 798 Statu
2234 752 2399 812 atque
2439 743 2756 796 conditione
2791 740 2906 810 pari
2942 741 3228 811 utriusque
3259 741 3454 796 horum
3507 756 3643 794 con-

2060 835 2424 889 versationem
2476 837 2708 902 vitaeque
2749 833 3151 888 traductionem
3203 849 3328 888 esse
3381 834 3642 902 intelligi-

2061 943 2201 981 mus.
2233 925 2333 980 Hic
2359 927 2504 980 enim
2536 927 2812 988 caelestes,
2847 934 2904 978 ut
2936 924 3012 977 ait
3037 923 3330 994 Propheta,
3363 926 3642 978 narratio-

2061 1034 2179 1080 nes,
2220 1033 2314 1086 per
2360 1032 2496 1085 quas
2545 1017 2718 1087 gloria
2756 1016 2851 1071 Dei
2892 1015 3272 1076 annuntiatur,
3311 1014 3542 1078 audivit,
3589 1023 3643 1069 et

2060 1124 2156 1178 per
2187 1118 2494 1161 creaturam
2525 1108 2589 1160 ad
2618 1108 3111 1162 considerationem
3138 1105 3351 1160 Domini
3377 1113 3643 1160 creatura:

2060 1198 2325 1252 deductus
2370 1206 2474 1260 est,
2526 1206 2581 1250 et
2621 1197 2687 1250 ad
2719 1197 3160 1266 cognoscendam
3195 1212 3313 1252 eam
3354 1211 3476 1266 qua:
3515 1211 3644 1249 vere

2063 1291 2326 1360 sapientia
2358 1298 2463 1352 est,
2517 1290 2776 1358 magistra
2814 1305 2949 1344 usus
2982 1297 3067 1344 est
3103 1304 3167 1344 ea
3203 1289 3474 1359 sapientia
3519 1304 3642 1359 quae

2061 1383 2116 1436 in
2155 1385 2318 1437 rebus
2347 1383 2617 1436 universis
2661 1383 3064 1441 consideratur,
3125 1389 3179 1433 et
3215 1381 3396 1435 inesse
3434 1381 3641 1435 intelli-

2063 1474 2227 1542 gitur,
2265 1482 2428 1540 atque
2449 1472 2615 1540 hujus
2639 1473 2778 1526 lucis
2801 1471 3213 1540 pulchritudine
3235 1470 3640 1538 animadversa,

2061 1581 2158 1634 per
2189 1565 2602 1618 convenientem
2645 1563 3061 1619 similitudinem
3110 1577 3172 1615 ac
3205 1563 3635 1632 proportionem.

2063 1671 2205 1710 vera:
2253 1656 2392 1710 lucis
2423 1655 2886 1724 pulchritudinem
2922 1654 3298 1709 consideravit
3339 1665 3393 1710 et
3428 1656 3642 1710 intelle-

2065 1749 2144 1801 xit
2172 1765 2186 1812 ;
2217 1756 2270 1801 et
2302 1763 2396 1815 per
2427 1746 2761 1801 soliditatem
2798 1761 2861 1800 ac
2891 1746 3280 1800 ﬁrmitudinem
3315 1754 3496 1810 terrae,
3519 1747 3642 1816 ejus

2062 1840 2154 1909 qui
2185 1839 2473 1901 feciteam,
2493 1837 2686 1892 didicit
2712 1838 3144 1892 immobilitatem
3171 1854 3235 1892 ac
3261 1839 3638 1894 stabilitatem.

2063 1937 2334 1988 lmmensa
2382 1947 2603 2002 quoque
2647 1931 2770 1986 coeli
2818 1931 3194 2001 magnitudine
3235 1933 3641 1995 animadversa,

2064 2024 2131 2077 ad
2167 2022 2436 2077 inﬁnitam
2473 2032 2528 2076 et
2562 2021 3035 2076 indeterminatam
3072 2024 3369 2090 potentiam
3403 2039 3492 2078 res
3521 2024 3645 2078 uni-

2063 2130 2254 2169 versas
2286 2115 2338 2166 in
2371 2128 2430 2167 se
2451 2113 2821 2167 continentem
2851 2113 3122 2167 deductus
3153 2121 3276 2178 est;
3311 2114 3644 2182 conspectis-

2064 2219 2171 2272 que
2201 2203 2372 2258 radiis
2397 2202 2532 2256 solis
2555 2219 2584 2256 e
2620 2203 2789 2255 tantis
2820 2202 3202 2256 altitudinibus
3229 2202 3292 2256 ad
3332 2217 3434 2257 nos
3470 2217 3644 2272 usque

2065 2297 2490 2366 pertinentibus,
2540 2311 2638 2365 per
2683 2310 2745 2350 ea
2779 2310 2902 2363 quae
2949 2303 3234 2363 apparent.
3286 2294 3643 2364 providentia:

2065 2389 2263 2442 divina:
2299 2387 2602 2442 ellicientiis
2637 2387 2948 2442 facultatem
2987 2402 3095 2440 non
3145 2388 3337 2442 deesse
3389 2387 3640 2448 credidit,

2065 2489 2124 2534 ut
2160 2482 2228 2533 ab
2259 2480 2546 2535 altitudine
2577 2480 2795 2534 deitatis
2818 2480 2884 2533 ad
2923 2495 3366 2548 unumquemque
3389 2486 3640 2532 nostrum

2065 2573 2381 2627 descendat.
2412 2572 2545 2626 Nam
2586 2574 2630 2626 si
2669 2589 2836 2626 unum
2869 2573 3139 2625 luminare
3174 2581 3228 2624 et
3275 2572 3642 2626 communiter

2067 2661 2331 2732 quidquid
2360 2661 2669 2730 subjectum
2701 2671 2784 2716 est
2813 2662 3198 2717 illuminatrice
3233 2662 3282 2714 vi
3323 2669 3555 2731 occupat
3587 2669 3642 2716 et

2067 2748 2501 2817 cmnprehcndit,
2543 2757 2597 2802 et
2643 2749 2897 2801 onmibus
2944 2751 3225 2803 utentibus
3257 2759 3421 2819 atque
3452 2749 3642 2804 frum..-

2069 2841 2213 2893 tibus
2258 2841 2502 2908 scipsum
2546 2839 2887 2908 impertiens,
2937 2846 3086 2894 totus
3127 2841 3428 2910 unicuique
3465 2849 3519 2894 et
3557 2840 3646 2895 in-

2067 2933 2276 2988 divisus
2318 2935 2495 2995 adest,
2545 2942 2753 3001 quanto
2787 2932 2960 3001 magis
2994 2933 3278 2986 luminaris
3325 2933 3643 2996 fabricator,

2066 3032 2121 3076 et
2153 3026 2334 3078 omnia
2385 3026 2436 3077 in
2468 3023 2746 3084 omnibus,
2787 3032 2844 3074 ut
2877 3023 3172 3092 Apostolus
3217 3024 3394 3093 inquit
3414 3024 3457 3088 ⁸,
3497 3026 3644 3080 exsi-

2069 3116 2163 3170 stit
2223 3125 2278 3170 et
2331 3117 2626 3184 unicuique
2679 3115 2851 3176 adest,
2915 3123 3126 3168 tantum
3184 3131 3306 3170 sese
3353 3115 3643 3179 exhibens,

2069 3217 2335 3276 quantum
2383 3207 2687 3275 subjectum
2724 3208 2904 3275 capit!
2947 3206 3259 3273 Quinetiam
3309 3209 3353 3262 si
3386 3209 3513 3277 quis
3560 3210 3646 3264 vel

2070 3300 2276 3367 spicam
2331 3313 2497 3367 super
2526 3305 2726 3351 terram
2781 3297 3147 3366 conspexerit,
3205 3298 3290 3352 vel
3345 3313 3409 3352 ex
3458 3299 3645 3370 planta

2069 3405 2293 3458 germen
2340 3397 2583 3453 enatum,
2632 3389 2715 3442 vel
2757 3403 3038 3442 racemum
3087 3398 3384 3455 maturum,
3416 3391 3500 3445 vel
3541 3405 3644 3445 au-

2069 3481 2242 3534 tumni
2293 3478 2782 3550 pulchritudinem,
2835 3489 2946 3534 ttnn
2999 3481 3056 3534 in
3112 3479 3381 3536 fructibus
3421 3491 3532 3536 tum
3588 3486 3644 3537 in

2066 3572 2319 3634 ﬁoribus,
2386 3572 2472 3626 vel
2535 3581 2730 3642 sponte
2795 3573 3199 3642 provenientem
3257 3574 3506 3638 herbam,
3558 3577 3646 3630 vel

2069 3671 2306 3719 montem
2337 3664 2405 3718 ad
2435 3663 2724 3719 aatheream
2756 3664 3098 3718 altitudinem
3136 3680 3167 3718 a
3205 3666 3492 3720 cacumine
3523 3681 3646 3735 per-

2067 3758 2350 3823 tinentem,
2399 3763 2454 3812 et
2496 3755 2677 3811 fontes
2729 3757 2783 3810 in
2831 3758 2963 3813 locis
3008 3757 3284 3827 depressis
3322 3758 3548 3812 uberum
3587 3760 3645 3814 in

2069 3846 2290 3900 modum
2334 3862 2400 3901 ex
2432 3846 2700 3902 lateribus
2732 3854 2787 3901 et
2817 3847 3058 3902 hiatibus
3092 3848 3294 3902 montis
3337 3847 3642 3912 allluentcs,

2067 3947 2182 3990 tum
2241 3953 2429 3992 amnes
2479 3954 2576 4008 per
2612 3953 2852 3992 concava
2895 3939 3013 3993 loca
3055 3939 3310 4007 ﬂuentes,
3343 3948 3459 3995 tum
3492 3956 3645 3996 mare

2068 4030 2214 4101 quod
2246 4037 2300 4084 et
2345 4031 2529 4085 omnia
2561 4031 2801 4100 undique
2829 4030 3050 4085 ﬁumina
3087 4033 3308 4101 excipit,
3349 4043 3403 4087 et
3451 4033 3508 4087 in
3542 4048 3643 4088 sua

2069 4140 2325 4180 mensura
2370 4133 2576 4189 manet,
2626 4125 2933 4194 ﬂuctusque
2970 4125 3244 4180 littoribus
3278 4126 3558 4189 terminat,
3589 4135 3644 4182 et

2068 4233 2178 4271 non
2224 4219 2364 4270 ultra
2417 4218 2748 4272 constitutos
2795 4218 2929 4271 lines
2975 4216 3031 4270 in
3070 4217 3442 4271 continentem
3495 4231 3647 4271 mare

2068 4325 2402 4379 erumpens:
2457 4309 2572 4363 hzec
2605 4317 2659 4363 et
2695 4309 3007 4376 hujusmodi
3062 4309 3110 4364 si
3138 4309 3263 4378 quis
3308 4308 3643 4371 consideret,

2068 4418 2178 4471 quo
2213 4409 2374 4472 pacto
2415 4415 2524 4454 non
2573 4401 2756 4454 omnia
2802 4401 3011 4453 ratione
3041 4400 3490 4472 comprehendat,
3549 4417 3647 4471 per

386 4489 610 4560 Γραφῆς
634 4491 970 4561 φιλοσοφίαν,
999 4493 1211 4546 τελείαν
1238 4493 1545 4561 ἐπάγουσαν
1567 4491 1834 4558 κάθαρσιν
1856 4493 1963 4554 τοῖς

2073 4508 2194 4560 quae
2231 4492 2501 4563 theologis
2542 4492 2782 4562 cognitio
2815 4492 3031 4545 exsistit
3060 4491 3180 4558 ejus
3209 4493 3302 4561 qui
3343 4491 3465 4546 est?
3494 4490 3648 4544 Nun-

385 4580 452 4633 δι’
484 4583 654 4652 αὐτῆς
682 4583 749 4636 τά
781 4583 900 4638 θεῖα
936 4584 1381 4655 πεπαιδευμένοις
1409 4585 1702 4654 μυστήρια.

2073 4585 2202 4654 quid
2240 4599 2458 4654 parvam
2513 4584 2615 4638 sibi
2648 4584 2754 4636 vim
2789 4584 2853 4637 ad
2910 4583 3384 4652 participationem
3426 4583 3645 4636 illarum

387 4673 708 4732 deliciarum
739 4681 1123 4749 comparavit?
1155 4679 1222 4734 Ut
1259 4681 1511 4735 omittam
1549 4679 1768 4732 interim
1800 4679 2154 4750 disciplinas,
2191 4680 2393 4749 quibus
2465 4695 2618 4734 mens
2677 4680 2742 4734 ad
2792 4680 3048 4732 virtutem
3121 4677 3359 4740 acuitur,
3429 4690 3648 4746 geome-

390 4771 574 4832 triam,
601 4773 1126 4842 astronomiamque,
1161 4779 1216 4826 et
1244 4786 1364 4825 eam
1395 4785 1515 4840 quae
1548 4785 1643 4840 per
1677 4785 1966 4824 numerum
2004 4771 2272 4840 contingit
2299 4770 2664 4840 cognitionem
2696 4768 2960 4828 veritatis,
2991 4777 3156 4836 atque
3215 4781 3430 4820 omnem
3481 4766 3648 4819 ratio-

390 4884 515 4922 nem
547 4882 610 4920 ac
641 4867 783 4919 viam
812 4865 1294 4922 demonstrativam
1327 4882 1515 4921 eorum
1569 4882 1689 4935 quae
1730 4867 2078 4935 ignorantur,
2135 4879 2190 4922 et
2237 4869 2672 4922 conﬁrmativam
2729 4883 2917 4922 eorum
2969 4882 3089 4936 quae
3152 4862 3545 4932 comprehensa
3591 4868 3649 4912 et

389 4959 668 5012 intellecta
727 4967 899 5012 sunt:
950 4959 1016 5012 ad
1083 4959 1200 5013 haec
1247 4958 1374 5012 item
1423 4958 1622 5012 divina:
1670 4958 1968 5026 Scriptura:
2009 4958 2435 5029 philosophiam,
2487 4975 2608 5028 qua:
2644 4958 2941 5029 perfectam
2979 4957 3052 5011 iis
3081 4956 3174 5026 qui
3245 4967 3342 5024 per
3389 4965 3511 5006 eam
3563 4949 3648 5003 di-

386 5053 512 5104 vina
545 5050 747 5104 fuerint
773 5051 952 5107 edocti
989 5053 1271 5124 mysteria,
1302 5050 1456 5106 alfert
1488 5051 1889 5121 purgationem.
3338 5045 3341 5048 ’

468 5147 527 5199 '0
558 5146 615 5199 δὲ
646 5145 872 5216 μηδενὸς
898 5145 1103 5198 τούτων
1143 5145 1201 5195 ὲν
1234 5142 1430 5212 γνώσει
1479 5143 1788 5210 γενόμενος,
1829 5139 1963 5210 μηδὲ

388 5237 819 5308 χειραγωγηθεὶς
863 5237 952 5290 διὰ
979 5235 1074 5289 τοῦ
1104 5235 1310 5306 κόσμου
1356 5235 1492 5298 πρὸς
1521 5235 1620 5305 τὴν
1656 5234 1765 5286 τῶν
1793 5233 1965 5304 ὑπερ-

388 5329 630 5398 κοσμίων
651 5329 871 5396 άγαθῶν
893 5328 1240 5400 κατανόησιν,
1269 5328 1474 5391 ἁπαλός
1498 5344 1582 5390 τις
1609 5328 1699 5380 καὶ
1727 5326 1969 5396 ἀγύμνα-

391 5435 515 5480 στος
562 5419 654 5472 καλ⁵
701 5419 929 5490 ἁτριόὴς
968 5419 1068 5489 τὴν
1112 5419 1350 5473 διάνοιαν
1397 5417 1681 5490 παρελθὼν
1711 5418 1803 5470 τὸν
1831 5417 1964 5488 βίον,

390 5511 593 5573 ἐκεῖνος
619 5511 721 5564 οὑκ
763 5511 829 5565 ἂν
859 5513 916 5565 ὲν
953 5515 1065 5576 τοῖς
1090 5513 1272 5577 αὐτοῖς
1311 5513 1416 5583 εἴη,
1443 5515 1503 5565 ὲν
1528 5510 1607 5575 οἷς
1640 5513 1668 5564 ό
1695 5511 1851 5579 λόγος
1877 5511 1969 5566 τὸν

390 5601 729 5673 προλαϐόντα
755 5603 1056 5675 ἀπέδειξεν,
1091 5607 1166 5670 ὡς
1199 5607 1396 5678 μηκέτι
1424 5606 1511 5660 διὰ
1542 5605 1698 5660 τοῦτο
1733 5619 1964 5676 μακαρι·

464 5779 485 5810 ⁸
525 5779 543 5832 l
576 5778 832 5846 Coraxv,
865 5780 954 5836 28.

2143 5143 2213 5189 At
2245 5152 2290 5190 Is
2323 5135 2417 5205 qui
2447 5135 2639 5188 harum
2673 5147 2857 5188 rerum
2890 5131 3096 5185 nullius
3121 5127 3484 5196 cognitionem
3516 5126 3648 5182 ade-

2072 5239 2198 5300 ptus
2223 5238 2326 5294 est,
2360 5243 2536 5297 neque
2560 5240 2654 5295 per
2674 5224 2936 5279 mundum
2962 5221 3028 5275 ad
3058 5219 3426 5289 cognitionem
3452 5232 3650 5287 supra-

2073 5322 2478 5377 mundanarum
2523 5335 2704 5373 rerum
2745 5317 2900 5387 quasi
2947 5330 3110 5369 manu
3149 5315 3344 5367 duetus
3372 5319 3478 5376 est,
3517 5311 3648 5366 sim-

2074 5418 2194 5487 plex
2226 5417 2382 5478 adeo,
2420 5423 2574 5469 tener
2593 5419 2648 5468 et
2673 5409 3064 5466 inexercitatus
3094 5413 3384 5476 menteque
3407 5403 3649 5458 incultus

2072 5507 2242 5561 vitam
2273 5505 2570 5567 transiens,
2595 5518 2706 5560 non
2739 5503 2792 5556 in
2826 5499 3020 5555 iisdem
3056 5506 3326 5562 versetur,
3359 5497 3415 5552 in
3446 5495 3649 5567 quibus

2075 5596 2414 5667 superiorem
2459 5594 2611 5650 illum
2646 5601 2989 5648 versaturum
3019 5588 3200 5646 oratio
3231 5584 3647 5649 demonstravit,
