4096 6354
475 315 577 373 185

1702 327 1760 384 S.
1795 327 2124 385 GREGORII
2163 333 2455 391 NYSSENI

3623 345 3725 399 184

469 445 532 490 ut
583 435 791 492 idcirco
839 451 950 494 non
997 439 1231 510 amplius
1275 441 1431 511 juxta
1485 445 1752 514 prolatam
1801 463 1832 501 a
1885 449 2046 505 nobis

2164 455 2400 526 πότερον
2418 455 2853 520 ἀποδείκνυσθαι,
2876 456 3015 511 κατὰ
3035 456 3134 529 τὴν
3160 460 3573 530 προενεχθεῖσαν
3597 463 3724 530 ἡμῖν

460 529 871 598 .oppositionem
923 530 1132 588 beatior
1169 549 1292 590 esse
1329 536 1652 591 ostendatur
1692 539 1742 593 is
1787 539 1882 608 qui
1916 540 2044 594 vita:

473 624 746 694 particeps
777 640 886 680 non
913 627 1038 693 fuit,
1077 643 1146 681 eo
1172 629 1263 698 qui
1305 631 1562 698 praeclare
1611 633 1884 701 particeps
1923 634 2044 702 ejus

379 754 389 766 .
473 714 595 768 fuit.
630 714 764 770 Nam
819 731 886 772 eo
926 719 1148 788 quidem
1198 722 1290 791 qui
1350 737 1474 776 cum
1520 723 1654 778 vitio
1693 725 2046 795 nequitiaque

473 805 628 872 vixit,
663 823 774 862 non
805 809 966 864 modo
989 810 1242 879 simplex,
1264 812 1487 882 vitiique
1510 829 1573 867 ac
1594 815 1815 870 malitia;
1827 831 2044 885 expers,

472 897 832 951 verumetiam
861 899 907 954 is
937 898 1164 955 forsitan
1189 943 1207 967 ,
1236 903 1329 971 qui
1359 919 1460 959 nec
1486 919 1712 973 prorsus
1741 907 1960 975 quidem
1979 909 2047 962 ab

473 986 630 1041 initio
654 989 857 1057 prodiit
884 990 937 1043 in
968 993 1158 1056 vitam,
1189 993 1404 1048 beatior
1432 994 1615 1050 fuerit.
1652 995 1783 1052 Tale
1807 999 1953 1052 enim
1983 998 2052 1053 de

471 1072 613 1130 Juda
644 1091 862 1147 quoque
907 1095 1004 1148 per
1034 1082 1416 1150 Evangelicam
1457 1100 1645 1139 vocem
1684 1085 1982 1142 didicimus
2005 1088 2050 1153 ³,

473 1169 622 1236 quod
654 1170 712 1224 in
741 1171 944 1227 talibus
966 1173 1014 1228 is
1041 1173 1134 1243 qui
1165 1176 1383 1244 penitus
1420 1176 1473 1232 iu
1501 1192 1682 1231 rerum
1714 1186 1911 1232 natura
1942 1195 2050 1235 non

474 1269 580 1323 est,
612 1277 679 1318 eo
707 1264 950 1333 quicum
980 1266 1279 1322 vitiositate
1309 1269 1554 1335 pervenit
1592 1269 1646 1323 in
1679 1285 1859 1324 rerum
1891 1279 2055 1325 natu-

477 1369 616 1419 ram,
656 1356 882 1412 meliore
924 1359 1240 1415 conditione
1290 1361 1388 1416 sit.
1421 1359 1556 1414 Nam
1594 1361 1672 1416 illi
1717 1361 1936 1431 quidem
1975 1362 2047 1416 ob

2148 546 2440 610 ἀντίθεσιν,
2464 547 2555 600 τὸν
2588 549 2661 616 μὴ
2697 549 3030 618 μετασχόντα
3057 549 3151 604 τοῦ
3175 550 3288 618 βίου
3319 550 3412 603 τοῦ
3436 553 3724 621 μετασχόν-

2149 653 2242 700 τος
2263 637 2459 700 καλῶς.
2497 636 2599 689 Τοῦ
2633 637 2733 706 μὲν
2760 639 2868 708 γὰρ
2900 638 3068 707 κακία
3097 636 3450 708 συνεξηκότος
3477 641 3536 692 οὐ
3567 641 3725 710 μόνον

2151 731 2181 782 ὁ
2222 729 2586 800 ἀπειρόκακος
2632 728 2698 782 ἂν
2747 730 2833 798 εἴη
2879 731 3359 800 μακαριστότερος,
3407 731 3542 784 ἀλλὰ
3572 732 3666 784 καὶ
3700 732 3726 783 6

2155 817 2290 888 μηδὲ
2318 818 2417 888 τὴν
2437 819 2612 889 ἀρχὴν
2642 818 2926 888 παρελθὼν
2960 820 3046 882 εἰς·
3066 821 3159 873 τὸν
3189 821 3318 890 βίον.
3347 820 3597 874 Τοιοῦτον
3617 820 3725 894 γὰρ

2151 907 2246 960 καὶ
2268 907 2510 979 περὶτοῦ
2547 909 2714 961 Ἰούδα
2734 907 2821 961 διὰ
2845 909 2943 979 τῆς
2965 909 3336 979 Εὐαγγελικῆς
3359 911 3540 978 φωνῆς
3562 910 3728 962 ἐδιδά-

2150 997 2379 1068 χθημεν,
2427 1000 2508 1054 ὃτι
2556 999 2650 1053 ἐπὶ
2695 999 2803 1054 τῶν
2850 1001 3104 1055 τοιούτων
3135 1004 3381 1071 κρεῖττον
3427 1001 3520 1053 τοῦ
3585 1001 3727 1054 κατά

2149 1089 2346 1143 κακίαν
2402 1091 2710 1160 ὐφεστῶτός
2755 1095 2868 1146 ἐστι
2910 1094 2970 1145 τὸ
3015 1091 3292 1155 παντελῶς
3337 1091 3724 1144 ἀνυπόστατον.

2149 1178 2240 1249 Τῷ
2273 1179 2371 1250 μὲν
2405 1181 2513 1252 γὰρ
2540 1181 2630 1236 διὰ
2657 1183 2718 1235 τὸ
2753 1183 2915 1252 βάθος
2959 1184 3060 1252 τῆς
3089 1184 3392 1252 ὲμφυείσης
3425 1181 3620 1246 κακίας
3647 1184 3729 1243 εἰς

2150 1269 2374 1342 ἄπειρον
2404 1271 2790 1342 παρατείνεται
2819 1275 2850 1344 ἡ
2878 1273 2964 1328 διὰ
2993 1275 3092 1344 τῆς
3129 1275 3448 1344 καθάρσεως
3485 1272 3726 1338 κόλασις,

2151 1362 2246 1415 τοῦ
2273 1363 2329 1416 δὲ
2367 1364 2440 1434 μὴ
2470 1364 2621 1428 ὄντος
2662 1365 2778 1428 πῶς
2809 1364 2875 1419 ἂν
2906 1365 3065 1438 ὀδύνη
3099 1367 3430 1434 καθάψοιτος

476 1445 906 1514 profunditatem
943 1451 1145 1507 innatae
1165 1453 1486 1510 vitiositatis
1527 1455 1581 1509 in
1622 1453 1895 1508 infinitum
1931 1463 2261 1525 prorogatur
2302 1470 2366 1511 ea
2395 1471 2516 1526 quae
2554 1473 2649 1526 per
2689 1459 3065 1528 purgationem
3111 1458 3170 1511 fit
3214 1473 3396 1527 paena,
3427 1471 3551 1512 eum
3603 1470 3731 1510 vero

475 1538 570 1606 qui
606 1555 713 1594 non
757 1549 862 1604 est,
903 1544 1185 1612 quomodo
1232 1547 1391 1600 dolor
1435 1547 1708 1616 attingere
1753 1547 1972 1616 possnt?

544 1628 702 1695 Quod
754 1633 803 1687 si
851 1635 975 1702 quis
1021 1645 1305 1706 comparat
1359 1639 1709 1692 immaturam
1759 1639 2052 1693 infantium

2228 1641 2291 1694 Εἰ
2319 1638 2377 1695 δέ
2402 1659 2485 1705 τις
2518 1643 2652 1714 πρὸς
2677 1643 2770 1696 τὸν
2796 1643 2916 1696 κατ’
2943 1641 3144 1712 ἀρετὴν
3175 1641 3288 1711 βίον
3313 1641 3488 1711 κρίνοι
3521 1640 3614 1692 τὸν
3638 1657 3730 1709 νη-

476 1723 645 1776 vitarn
687 1739 812 1776 cum
864 1739 928 1778 ea
961 1741 1082 1794 qua:
1119 1729 1424 1784 secundum
1461 1730 1718 1785 virtutem
1765 1731 1968 1800 agitur,
2009 1732 2056 1786 is

479 1827 666 1866 revera
716 1813 900 1870 infans
941 1828 994 1871 et
1037 1817 1385 1887 importunus
1433 1829 1541 1881 est.
1599 1822 1692 1892 qui
1741 1823 2057 1891 hujusmodi

473 1902 686 1970 judicio
713 1905 781 1960 de
814 1906 982 1963 rebus
1025 1919 1234 1964 utatur.
1272 1911 1584 1984 Interrogas
1623 1929 1754 1983 ergo
1784 1915 1944 1981 cujus
1977 1913 2056 1969 rei

479 1998 652 2065 gratia
683 1999 737 2053 in
768 2014 832 2056 ea
865 2009 1025 2059 :etate
1050 2005 1175 2072 quis
1204 2019 1234 2060 e
1263 2007 1372 2060 vita
1408 2008 1755 2071 subducitur,
1804 2009 1932 2078 quid
1963 2024 2058 2077 per

481 2091 586 2144 hoc
615 2089 800 2144 divina
826 2093 1095 2162 sapientia
1131 2097 1468 2166 providendo
1497 2098 1694 2154 cavet?
1721 2099 1874 2164 Quod
1907 2099 1953 2154 si
1990 2098 2058 2154 de

483 2180 568 2235 his
591 2181 812 2252 quidem
840 2184 992 2240 dicas
1024 2202 1145 2256 qua:
1179 2187 1523 2257 illegitimum
1554 2199 1770 2260 partum
1794 2201 2056 2260 arguunt,

481 2283 538 2330 et
570 2276 777 2332 idcirco
819 2293 851 2332 a
899 2280 1219 2348 parentibus
1259 2281 1327 2336 de
1383 2282 1561 2336 medio
1601 2282 1893 2346 tolluntur,
1957 2282 2061 2336 im-

482 2368 677 2429 merito
715 2369 935 2424 malitiae
983 2385 1210 2439 operum
1255 2386 1287 2426 a
1342 2371 1452 2428 Deo
1481 2373 1748 2429 rationem
1776 2388 2056 2442 reposcas.

481 2456 577 2526 qui
607 2473 670 2514 ea
700 2473 822 2528 quae
871 2459 926 2514 in
965 2461 1068 2515 hac
1113 2471 1264 2532 parte
1301 2478 1412 2518 non
1444 2472 1591 2518 recte
1631 2465 1774 2519 facta
1821 2472 1968 2525 sunt.
2005 2466 2058 2518 in

477 2549 746 2618 judicium
777 2551 1016 2606 adducit.
1051 2552 1145 2608 Sin
1193 2563 1377 2611 autem
1410 2557 1631 2626 aliquis,
1671 2557 1888 2613 etiamsi
1934 2556 2054 2612 dili-

481 2649 672 2708 genter
694 2643 961 2698 educetur
989 2653 1044 2700 et
1071 2656 1294 2701 curetur
1319 2661 1348 2700 a
1377 2649 1718 2716 parentibus,
1743 2659 1976 2717 votaque
1992 2649 2061 2701 ab

484 2733 680 2788 iisdem
735 2750 835 2805 pro
881 2752 948 2792 eo
1001 2737 1245 2794 studiose
1285 2739 1680 2810 suscipiantur,
1724 2742 1852 2796 vitae
1878 2749 2061 2794 tamen

485 2826 758 2897 particeps
799 2843 908 2884 non
954 2838 1062 2889 est.
1111 2831 1301 2886 morbo
1334 2832 1400 2886 ad
1440 2841 1670 2886 mortem
1703 2847 1877 2902 usque
1909 2833 2063 2887 inva-

2157 1731 2331 1802 ,πιὼδη
2360 1733 2453 1786 καὶ
2482 1733 2679 1804 ἄωρον,
2706 1733 2883 1804 ἄωρος
2912 1735 2939 1786 6
2959 1731 3197 1794 τοιοῦτός
3222 1733 3337 1784 ἐστι
3363 1730 3584 1802 τοιαύτη
3609 1730 3733 1801 κρί-

2159 1841 2242 1878 σει
2291 1826 2421 1896 περὶ
2462 1825 2571 1877 τῶν
2619 1824 2788 1878 ὄντων
2833 1823 3132 1894 χρώμενος.
3163 1824 3408 1892 Ἐρωτᾷς
3465 1818 3559 1876 οὗν
3609 1821 3733 1874 ὅτου

2158 1912 2317 1984 χάριν
2349 1915 2407 1965 ὲν
2441 1913 2617 1982 τούτῳ
2647 1915 2746 1982 τῆς
2791 1913 3006 1984 ἡλικίας
3035 1911 3114 1965 ῶν
3148 1913 3248 1982 τῆς
3281 1909 3428 1981 ζωῆς
3463 1909 3734 1977 ὑπεξάγε-

2157 2021 2278 2070 ται,
2307 2004 2360 2057 τί
2389 2004 2477 2058 διὰ
2503 2004 2692 2056 τούτου
2719 2005 2816 2074 τῆς
2841 2003 2990 2066 θείας
3023 2004 3214 2073 σοφίας
3256 2001 3731 2074 προμηθουμένης.

2171 2095 2308 2147 Ἀλλ’
2335 2098 2383 2149 εἰ
2416 2096 2512 2165 μὲν
2547 2095 2676 2166 περὶ
2701 2095 2902 2147 τούτων
2924 2094 3122 2163 λέγοις,
3157 2095 3257 2147 ὅσα
3287 2094 3385 2165 τῆς
3415 2093 3734 2164 παρανόμου

2159 2191 2404 2258 κυήσεως
2437 2187 2655 2257 ἔλεγχος
2698 2187 2944 2254 γίνεται,
2991 2188 3085 2240 καὶ
3126 2186 3214 2239 διὰ
3252 2185 3410 2239 τοῦτο
3451 2186 3600 2255 παρὰ
3629 2187 3735 2238 τῶν

2159 2277 2576 2347 γεννησαμένων
2605 2276 3010 2346 ὲξαφανίζεται,
3036 2277 3137 2328 οὐκ
3162 2276 3388 2337 εἰκότως
3413 2275 3477 2329 ἂν
3505 2276 3614 2328 τῶν
3638 2276 3735 2346 τῆς

2161 2369 2360 2431 κακίας
2388 2368 2562 2438 ἔργων
2596 2368 2687 2420 τὸν
2717 2366 2850 2420 Θεὸν
2885 2367 3173 2437 ἁπαιτοίης
3209 2367 3300 2420 τὸν
3333 2367 3511 2435 λόγον,
3542 2367 3632 2420 τὸν
3665 2367 3734 2420 τά

2165 2461 2240 2532 μὴ
2269 2459 2448 2523 καλῶς
2485 2459 2579 2512 ἐπὶ
2619 2458 2791 2529 τούτῳ
2828 2459 3172 2530 γεγενημένα
3199 2460 3280 2521 εἰς
3308 2459 3488 2527 κρίσιν
3516 2458 3736 2525 ἄγοντα.

2163 2555 2226 2608 Εἰ
2251 2552 2307 2606 δέ
2325 2570 2410 2616 τις
2436 2552 2531 2606 καὶ
2549 2552 3001 2621 ἁνατρειρομένων
3027 2550 3136 2603 τῶν
3164 2551 3519 2620 γεννητόρων,
3551 2551 3643 2604 καὶ
3671 2551 3736 2603 δι’

2164 2643 2478 2714 ἐπιμελείας
2522 2641 2954 2708 θεραπευόντων,
2999 2641 3093 2694 καὶ
3125 2641 3192 2694 δι’
3221 2641 3385 2710 εὐχῆς
3412 2641 3738 2704 σπουδαζόν-

2160 2753 2290 2798 των,
2324 2735 2472 2804 ὅμως
2504 2734 2565 2786 οὐ
2603 2732 2820 2803 μετέχει
2840 2733 2933 2785 τοῦ
2967 2731 3104 2802 βίου,
3137 2732 3607 2803 κατακρατοῦντος
3639 2733 3736 2801 μέ-

2163 2845 2253 2899 χρι
2283 2827 2515 2880 θανάτου
2544 2826 2636 2878 τοῦ
2671 2825 3100 2896 ἁρῤωστήματος
3134 2824 3200 2896 (ὃ
3241 2825 3406 2895 μόνης
3439 2826 3538 2894 τῆς
3561 2824 3740 2887 αἰτίας

487 2919 724 2974 lescente
755 2920 921 2990 (quod
959 2922 1131 2977 solius
1167 2923 1312 2977 haud
1344 2924 1510 2978 dubie
1546 2938 1729 2980 causa:
1757 2925 1888 2993 est),
1921 2924 2060 2977 hanc

2164 2918 2544 2990 ἀναμφιϐόλως
2575 2919 2746 2980 ἐστὶ),
2778 2917 2948 2970 ταῦτα
2995 2917 3121 2988 περὶ
3159 2917 3268 2970 τῶν
3297 2916 3552 2970 τοιούτων
3592 2917 3741 2970 εἰκάο

483 3004 550 3058 de
595 3008 796 3063 talibus
859 3010 1231 3078 conjecturam
1286 3013 1556 3078 facimus,
1610 3015 1756 3083 quod
1808 3015 2060 3083 perfectae

2166 3013 2350 3081 ζομεν,
2383 3012 2465 3064 ὅτι
2501 3010 2709 3073 τελείας
2741 3010 2856 3061 ἐστὶ
2885 3008 3158 3080 προνοίας,
3194 3009 3252 3060 οὐ
3294 3008 3452 3077 μόνον
3479 3007 3741 3075 γεγονότα

485 3097 843 3164 providentia:
871 3101 964 3163 sit,
1010 3116 1122 3155 non
1154 3102 1316 3156 modo
1347 3104 1572 3157 morbos
1601 3111 1915 3158 contractos
1959 3118 2062 3158 cu-

484 3199 628 3252 rare,
657 3205 846 3245 verum
877 3193 1041 3246 etiam
1073 3208 1142 3248 ne
1170 3194 1239 3249 ab
1266 3195 1422 3248 initio
1447 3195 1668 3264 quidem
1704 3211 1934 3264 prorsus
1962 3196 2064 3249 ali-

483 3278 608 3347 quis
644 3280 701 3336 in
730 3282 896 3338 rebus
916 3283 1104 3339 vetitis
1127 3291 1396 3348 versetur,
1427 3285 1738 3354 providere.
1756 3285 2066 3342 Verisimile

484 3371 628 3426 enim
658 3379 744 3430 est
768 3388 891 3429 eum
922 3375 1015 3444 qui
1052 3375 1106 3430 id
1141 3378 1287 3446 quod
1317 3376 1558 3431 futurum
1606 3387 1690 3431 est
1717 3393 1872 3448 atque
1901 3388 2068 3449 atque

488 3465 820 3527 praeteritum
862 3466 1141 3536 cognovit,
1176 3482 1531 3536 progressum
1575 3468 1699 3522 vitae
1739 3468 1966 3524 infantis
1997 3471 2065 3524 ad

489 3553 877 3617 perfectionem
909 3559 1220 3628 prohibere,
1250 3575 1318 3614 ne
1345 3559 1490 3629 quod
1518 3559 1569 3613 vi
1604 3561 1832 3630 praescia
1863 3562 2066 3615 malum

487 3647 932 3703 animadversum
972 3657 1059 3705 est
1109 3650 1166 3704 in
1197 3665 1263 3705 eo
1307 3651 1403 3720 qui
1443 3650 1517 3704 ita
1555 3653 1803 3707 victurus
1854 3652 2066 3720 fuisset,

487 3739 825 3806 perficiatur,
867 3751 1031 3811 atque
1063 3743 1110 3796 ei
1141 3743 1234 3812 qui
1269 3757 1333 3797 ea
1370 3743 1656 3799 voluntate
1709 3744 2057 3814 arbitrioque

487 3831 738 3888 victurus
765 3831 981 3899 fuisset,
995 3834 1115 3888 vitii
1145 3835 1516 3905 nequitiaeque
1547 3836 1775 3890 materia
1808 3837 1920 3890 vita
1946 3837 2064 3893 ﬁat.

489 3925 668 3992 Atque
695 3924 844 3981 hunc
875 3926 1214 3980 intellectum
1252 3926 1616 3984 similitudine
1636 3927 1874 3998 quadam
1909 3928 2068 3984 facile

491 4017 656 4072 fuerit
692 4018 1002 4086 exprimere
1056 4026 1223 4090 atque
1274 4029 1698 4091 repraesentare.
1763 4021 1846 4076 Sit
1895 4022 2064 4084 enim,

489 4106 725 4174 exempli
762 4106 960 4175 gratia,
992 4123 1054 4162 ex
1087 4109 1238 4164 omni
1273 4125 1473 4179 genere
1494 4111 1747 4166 ciborum
1779 4111 2064 4179 Opiparum

488 4196 764 4264 quoddam
804 4212 869 4252 ac
897 4199 1124 4254 dubium
1156 4203 1407 4257 convivis
1436 4203 1657 4271 epulum
1689 4205 2064 4274 pr0positum;

489 4284 618 4338 huic
657 4285 843 4352 prmsit
880 4300 948 4340 ex
997 4288 1244 4352 convivis
1288 4290 1336 4344 is
1395 4290 1491 4360 qui
1550 4301 1745 4345 exacte
1797 4292 2067 4362 cujusque

489 4384 699 4431 natura:
763 4379 1152 4446 proprietatem
1213 4381 1448 4447 noverit,
1497 4382 1630 4452 quid
1693 4385 1786 4438 tali
1845 4385 2064 4454 quidem

487 4478 920 4538 temperamento
951 4478 1115 4540 atque
1139 4473 1504 4540 complexioni
1535 4475 1908 4542 commodum,
1937 4477 2067 4545 quid

489 4559 618 4613 item
647 4561 872 4614 noxium
901 4569 956 4617 et
1002 4562 1412 4617 incommodqu
1444 4565 1535 4629 sit,
1589 4565 1778 4619 addita
1818 4565 1892 4620 sit
1942 4567 2068 4622 item

489 4652 620 4706 huic
645 4667 770 4706 cum
799 4653 1126 4722 auctoritate
1165 4661 1412 4723 potestas
1437 4665 1491 4710 et
1507 4656 1742 4711 olIicium
1772 4659 2068 4727 quoddam,

491 4753 550 4798 ut
600 4744 668 4799 ad
698 4759 859 4799 suum
890 4745 1176 4800 arbitrium
1241 4748 1411 4801 alium
1451 4747 1674 4816 quidem
1724 4749 1804 4803 uti
1844 4759 1900 4804 et
1960 4750 2068 4805 frui

488 4836 758 4904 appositis
787 4836 953 4900 sinat,
997 4837 1164 4892 alium
1225 4855 1358 4894 vero
1424 4841 1732 4911 prohibeat,
1773 4851 1828 4896 et
1880 4846 2064 4898 omnia

490 4927 654 4981 faciat
706 4928 772 4984 ad
835 4928 959 4990 hoc,
1019 4944 1131 4999 quo
1187 4932 1423 5001 quisque
1473 4949 1576 4988 suo
1633 4942 2068 5004 temperamento

489 5029 652 5088 atque
693 5022 1060 5090 complexioni
1089 5023 1377 5078 commoda
1427 5027 1926 5098 convcnientiaque
1983 5038 2067 5083 at-

489 5115 686 5183 tingat,
719 5129 788 5168 ne
812 5113 896 5168 vel
929 5115 1119 5170 morbo
1151 5116 1420 5170 obnoxius
1453 5133 1550 5186 per
1581 5119 1861 5174 esculenta
1898 5131 2068 5174 mate-

489 5205 627 5257 riam
691 5207 881 5259 morbo
937 5205 1202 5276 adjiciens
1257 5207 1604 5273 conficiatur,
1646 5213 1730 5266 vel
1787 5213 2068 5268 robustior

492 5297 840 5352 incommodo
872 5300 994 5354 cibo
1028 5302 1331 5355 molestiam
1357 5319 1422 5358 ex
1454 5303 1740 5356 Immorqu
1780 5305 2066 5359 abundan-

493 5391 568 5443 tia
598 5391 887 5444 contrahat
913 5401 1076 5460 atque
1112 5393 1352 5460 laboret;
1391 5395 1444 5448 in
1481 5395 1566 5448 his
1594 5395 1795 5464 aliquis
1823 5396 2068 5450 vinolen-

493 5483 584 5535 tia:
615 5481 890 5545 addictus,
923 5484 1005 5536 vel
1043 5498 1108 5537 ex
1141 5483 1320 5538 medio
1363 5487 1618 5542 convivio
1657 5487 1947 5552 educatur,
1983 5489 2069 5542 vel

495 5591 620 5629 cum
656 5575 884 5644 incipiat
922 5576 1202 5638 inebriari,
1229 5580 1312 5632 vel
1353 5581 1406 5633 in
1446 5579 1603 5635 finem
1641 5597 1814 5650 usque
1851 5595 2068 5651 perma-

566 5752 584 5783 ’
630 5752 816 5807 Matth.
860 5769 1020 5816 xm,
1055 5752 1144 5806 δἐι.

2165 3099 2491 3174 θεραπεύειν
2520 3101 2590 3155 τὰ
2627 3101 2794 3170 πάθη,
2822 3101 2935 3154 ἀλλ’
2968 3103 3115 3163 ὅπως
3153 3099 3220 3153 ἂν
3257 3099 3391 3170 μηδὲ
3437 3099 3537 3169 τὴν
3565 3100 3741 3170 ἀρχήν

2163 3214 2245 3259 τις
2277 3197 2387 3258 τοῖς
2407 3193 2873 3265 άπηγορευμένοις
2899 3192 3173 3260 ἐγγένοιτο
3202 3193 3466 3262 προνοεῖν.
3503 3191 3607 3244 Τὸν
3633 3193 3742 3261 γὰρ

2163 3287 2443 3356 ἐγνωκότα
2492 3288 2686 3355 ἐπίσης
2717 3285 2796 3354 τῷ
2840 3284 3238 3354 παρεληλυθότι
3261 3283 3323 3336 τὸ
3359 3283 3578 3352 μέλλον,
3624 3284 3745 3336 ἐπι-

2165 3380 2394 3434 κωλύειν
2410 3379 2553 3443 εἰκὸς
2582 3378 2681 3448 τὴν
2706 3377 2799 3430 ἐπὶ
2818 3377 2879 3429 τὸ
2899 3375 3105 3430 τέλειον
3132 3375 3232 3444 τῆς
3254 3374 3398 3444 ζωῆς
3427 3373 3520 3426 τοῦ
3550 3373 3742 3443 νηπίου

2168 3471 2413 3541 πρόοδον,
2443 3471 2518 3532 ὡς
2538 3468 2602 3522 ἂν
2637 3468 2711 3538 μὴ
2735 3471 2800 3538 τῇ
2825 3468 3204 3536 προγνωστικῇ
3232 3464 3457 3534 δυνάμει
3485 3463 3546 3516 τὸ
3577 3479 3746 3516 κατα-

2167 3562 2357 3633 νοηθὲν
2405 3561 2572 3614 κακὸν
2614 3560 2706 3613 ἐπὶ
2755 3558 2849 3612 τοῦ
2905 3557 3188 3627 μέλλοντος
3229 3555 3401 3618 οὕτως
3452 3553 3744 3624 βιώσεσθαι

2165 3652 2476 3722 τελειωθείη
2496 3691 2510 3714 ,
2557 3652 2653 3703 καὶ
2703 3649 2928 3718 γένηται
2959 3649 3037 3718 τῷ
3079 3651 3146 3718 τῇ
3175 3647 3401 3719 τοιαύτῃ
3429 3646 3744 3716 προαιρέσει

2171 3742 2498 3810 αὐξήσεσθαι
2530 3740 2773 3812 μέλλοντι
2795 3740 2892 3810 ὕλη
2927 3739 3122 3802 κακίας
3147 3740 3173 3790 ὁ
3196 3738 3327 3807 βίος.
3359 3737 3744 3806 ’Υποδείγματι

2168 3837 2223 3890 δέ
2243 3853 2349 3890 τινι
2371 3835 2549 3908 ῥᾴδιον
2573 3834 2638 3888 ἂν
2656 3832 2742 3902 εἴη
2761 3832 3108 3903 παραστῆσαι
3127 3833 3188 3884 τὸ
3217 3833 3414 3903 νόημα.
3437 3832 3614 3882 Ἔστω
3635 3829 3743 3896 γὰρ

2171 3929 2290 3984 καθ’
2324 3927 2576 3982 ὑπόθεσιν
2608 3925 2922 3992 παντοδαπή
2954 3941 3037 3986 τις
3077 3923 3281 3993 εὐωχία
3306 3921 3636 3992 προκειμένη
3667 3919 3743 3989 τῷ

2173 4019 2477 4091 συμποσίῳ,
2508 4016 2865 4071 ὲπιστατείτω
2895 4014 2952 4068 δέ
2978 4032 3059 4078 τις
3089 4012 3328 4076 τοιοῦτος
3355 4010 3462 4064 τῶν
3487 4009 3744 4080 δαιτυμό-

2171 4127 2297 4174 νων,
2348 4103 2458 4173 οἷος
2496 4107 2738 4178 ἀκριϐῶς
2781 4105 2975 4158 εἰδέναι
3008 4103 3075 4156 τά
3113 4104 3208 4174 τῆς
3253 4103 3481 4155 ἑκάστου
3531 4099 3746 4169 φύσεως

2174 4199 2456 4268 ἰδιώματα,
2486 4198 2580 4250 καὶ
2614 4195 2665 4248 τί
2697 4195 2795 4264 μὲν
2820 4193 3150 4263 κατάλληλον
3175 4194 3240 4261 τῇ
3268 4190 3492 4263 τοιαύτῃ
3530 4189 3744 4261 κράσει,

2170 4287 2223 4339 τί
2253 4287 2309 4339 δὲ
2338 4285 2627 4347 ὲπιὸλαὸὲς
2661 4288 2756 4337 καὶ
2777 4282 3040 4336 ἀνοίκειον
3063 4299 3076 4311 ·
3121 4280 3466 4351 προσκείσθω
3494 4280 3549 4333 δὲ
3573 4281 3747 4350 τούτῳ

2173 4380 2265 4431 καὶ
2289 4378 2578 4447 αὐθεντική
2601 4394 2683 4438 τις
2708 4372 2944 4440 ἐξουσία,
2969 4372 3060 4426 τοῦ
3083 4373 3224 4426 κατὰ
3255 4373 3316 4425 τὸ
3338 4373 3469 4425 ἴδιον
3501 4371 3746 4444 βούλημα

2173 4473 2261 4525 τὸν
2307 4472 2404 4540 μέν
2431 4487 2553 4522 τινα
2607 4467 2853 4537 μετέχειν
2887 4465 2995 4519 τῶν
3027 4465 3398 4536 προκειμένων
3427 4466 3541 4535 έᾷν,
3571 4465 3662 4518 τὸν
3690 4465 3746 4517 δὲ

2172 4566 2522 4636 ἀποτρέπειν,
2553 4563 2648 4614 καὶ
2682 4562 2858 4613 πάντα
2892 4561 3085 4619 ποιεῖν,
3110 4559 3185 4622 ὡς
3219 4559 3283 4611 ἂν
3317 4559 3456 4610 κατὰ
3489 4558 3587 4629 τὴν
3617 4559 3747 4611 ἐαυ-

2173 4656 2264 4709 τοῦ
2305 4655 2500 4724 κρᾶσιν
2545 4652 2774 4712 ἕκαστος
2822 4647 2930 4700 τῶν
2963 4647 3312 4718 καταλλήλων
3361 4647 3744 4716 προσάπτοιτο,

2175 4751 2261 4801 ἵνα
2293 4748 2426 4818 μήτε
2459 4747 2487 4798 6
2514 4741 2752 4811 νοσώδης
2798 4738 3128 4808 ἐπιτριϐείη,
3177 4738 3432 4810 προσθεὶς
3481 4737 3612 4806 ὓλην
3660 4735 3747 4788 διὰ

2172 4838 2280 4891 τῶν
2309 4833 2582 4903 ἐδωδίμων
2615 4833 2682 4901 τῇ
2707 4829 2867 4897 νόσῳ,
2906 4827 3041 4897 μήτε
3067 4828 3095 4879 6
3127 4827 3522 4898 εὐρωστότερος
3557 4827 3744 4894 κάμοι,

2174 4933 2252 4993 εἰς
2277 4925 2626 4996 πληθωρικὴν
2654 4921 2844 4990 ἀηδίαν
2874 4917 3152 4970 ἐκπίπτων
3187 4919 3251 4986 τῇ
3280 4915 3596 4985 καταλλήλῳ
3627 4932 3746 4984 τρο-

2175 5026 2270 5093 φῇ·
2316 5022 2373 5072 ἐν
2423 5017 2629 5078 τούτοις
2664 5016 2698 5086 ἢ
2736 5014 3029 5084 μεσοῦντος
3068 5011 3160 5064 τοῦ
3197 5009 3498 5076 συμποσίου
3529 5024 3612 5069 τις
3641 5006 3746 5058 τῶν

2173 5117 2238 5185 τῇ
2268 5110 2581 5180 οἰνοφλυγία
2606 5107 3016 5178 προσκειμένων
3043 5104 3323 5172 ὲξάγηται,
3353 5100 3386 5170 ῆ
3412 5102 3468 5152 ἐν
3501 5101 3640 5168 ἀρχῇ
3671 5096 3745 5149 ὢν

2173 5211 2274 5277 τῆς
2319 5205 2508 5275 μέθης,
2562 5201 2595 5271 ἦ
2650 5201 2810 5271 μέχρι
2850 5199 3035 5260 τέλους
3081 5194 3371 5266 παραμένῃ
3406 5189 3482 5261 τῷ
3525 5190 3742 5260 δείπνῳ,

2169 5303 2340 5357 ταῦτα
2363 5298 2455 5353 τοῦ
2488 5295 2780 5348 ἐπιστάτου
2810 5290 3237 5360 οἱκονομοῦντος,
3269 5286 3344 5348 ὡς
3375 5283 3440 5337 ἂν
3475 5285 3718 5352 εὐσχημο

2169 5395 2283 5464 νοίη
2310 5389 2544 5462 διαρκῶς
2579 5390 2610 5458 ἡ
2644 5386 2894 5457 τράπεζα
2921 5383 3028 5435 τῶν
3048 5384 3111 5433 ὲκ
3137 5377 3427 5447 πληθώρας
3451 5377 3544 5428 καὶ
3564 5375 3743 5464 *μέθης

2171 5462 2618 5554 καὶπαραφορᾶς
2645 5476 2831 5530 κακῶν
2861 5472 3254 5543 καθαρεύουσα.
3284 5470 3492 5536 Ὥσπερ
3529 5462 3620 5518 οὖν
3647 5467 3743 5532 τῆς

2170 5578 2278 5632 τῶν
2308 5571 2633 5646 ἡδυσμάτων
2680 5571 2870 5636 κνίσης
2901 5561 3295 5631 ἀποσπώμενος
3346 5557 3444 5610 οὐκ
3486 5559 3543 5609 ὲν
3585 5555 3745 5626 ἡδονῇ
