4096 6354
430 347 533 403 185

1242 350 1331 404 DE
1380 348 1797 406 INFANTIBUS
1834 349 1954 416 QUI
1998 349 2451 406 ΡΒᾸΞΜΑΤΠΒΕ
2486 348 2979 407 ABRIPIUNTUR.

3584 345 3686 399 180

421 467 658 518 ποιεῖται
681 464 789 518 τῶν
818 466 1169 537 καταθυμίων
1190 467 1287 538 τὴν
1310 466 1585 540 στέρησιν,
1614 469 1728 521 ἀλλ’
1747 467 2000 538 ἀκρισίαν

2106 476 2233 520 neat
2266 467 2321 521 in
2362 481 2545 530 coena,
2576 466 2690 519 haec
2730 465 2805 519 ita
2839 462 3098 533 praefecto
3131 460 3572 522 administrante,
3629 468 3688 513 ut

419 559 542 611 τινά
581 557 675 610 τοῦ
704 556 1120 621 ἐπιστατοῦντος
1145 558 1566 627 καταγινώσκει,
1591 559 1665 621 ὡς
1690 558 1868 627 φθόνῳ
1898 557 2005 610 τιν)⁵

422 650 517 699 καὶ
543 647 603 699 οὐ
636 648 859 717 προνοίᾳ
888 646 998 699 τῶν
1030 648 1406 717 προκειμένων
1435 646 1807 717 ἀπείργοντος.
1857 646 1920 697 El
1945 644 2003 696 δὲ

423 740 559 809 πρὸς
581 742 706 803 τοὺς
721 739 799 793 ἔτι
817 741 956 811 άσχη
967 740 1259 810 μονοῦντας
1287 742 1353 811 τῇ
1393 741 1697 812 παρατάσει
1714 740 1813 810 τῆς
1834 738 2003 810 μέθης

425 832 609 901 βλέποι
630 835 687 885 ὲν
716 833 929 903 ἐμέτοις
954 835 1046 886 καὶ
1075 833 1441 905 καρηϐαρίαις
1466 834 1561 886 καὶ
1578 832 1656 903 τῷ
1685 832 2005 903 παραφθέγ-

421 923 613 991 γεσθαί
638 942 690 976 τι
715 924 827 976 τῶν
851 926 912 977 οὐ
945 924 1191 985 δεόντων.
1224 926 1384 996 χάριν
1406 925 1658 995 ὁμολογεῖ
1684 924 1762 995 τῷ
1782 924 1889 996 πρὸ
1906 924 2001 976 τοῦ

420 1016 662 1069 τοιούτου
709 1016 916 1080 πάθους
961 1017 1061 1087 τῆς
1114 1018 1355 1089 ἀμέτρου
1401 1017 1719 1088 πλησμονῆς
1765 1018 2004 1087 ἀποστή-

425 1126 598 1163 σαντι.
645 1110 708 1162 Εἰ
743 1109 806 1181 δὴ
838 1109 1083 1177 νενόηται
1119 1112 1251 1180 ἡμῖν
1284 1110 1343 1163 τὸ
1374 1110 1699 1180 ὑπόδειγμα,
1733 1108 1912 1180 ῥᾴδιον
1937 1106 2003 1161 ἂν

424 1201 509 1270 εἴη
546 1203 915 1271 προσαγαγεῖν
941 1202 999 1254 τὸ
1028 1205 1085 1254 ἐν
1113 1202 1288 1273 τούτῳ
1319 1202 1663 1272 καταληψθὲν
1706 1204 1835 1272 ἡμῖν
1866 1200 2002 1253 θεώ-

429 1313 491 1365 pr;
502 1313 575 1366 μα
595 1296 672 1365 τῷ
695 1296 1037 1365 προκειμένῳ
1064 1297 1155 1365 νοή
1167 1312 1315 1364 ματι.
1350 1294 1413 1347 Τί
1432 1295 1541 1365 γάρ
1562 1294 1622 1347 τὸ
1645 1292 2002 1365 προκείμενον

422 1383 524 1457 ἦνς
562 1389 726 1441 Ὅτου
765 1388 923 1459 χάριν
948 1390 976 1441 ὁ
1005 1387 1158 1452 Θεὸς,
1190 1387 1391 1456 πολλῆς
1417 1387 1583 1458 οὔσης
1614 1389 1724 1448 τοῖς
1764 1384 2001 1455 πατράσι

426 1479 661 1550 σπουδῆς
706 1479 1039 1550 φυλαχθῆναι
1077 1481 1291 1542 ἑαυτοῖς
1322 1480 1415 1532 τὸν
1454 1478 1547 1531 τοῦ
1593 1478 1705 1548 βίου
1736 1477 1999 1548 διάδοχον,

424 1572 601 1643 ἄωρον
631 1573 890 1637 πολλάκις
918 1575 975 1625 ὲν
1001 1573 1078 1643 τῷ
1110 1574 1252 1626 τέλει
1276 1574 1374 1642 τῆς
1404 1573 1619 1645 ἡλικίας
1646 1573 1710 1643 ἐᾷ
1732 1573 1791 1625 τὸ
1814 1571 2001 1642 τεχθὲν

424 1665 872 1735 ἀναρπάξεσθαι;
929 1666 1074 1736 Πρὸς
1117 1666 1211 1730 οὓς
1258 1666 1491 1737 ἐροῦμεν
1545 1666 1607 1719 τὸ
1665 1664 2001 1736 συμποτικὸν

420 1761 595 1813 ἐκεῖνο
613 1760 937 1831 ὑπόδειγμα,
958 1762 1037 1815 ὃτι
1053 1762 1149 1832 τῆς
1174 1760 1267 1815 τοῦ
1290 1761 1406 1831 βίου
1424 1760 1704 1832 τραπέζης
1724 1759 1924 1831 πολλήν
1941 1777 1999 1812 τε

2107 558 2318 612 nullum
2350 575 2412 612 ex
2452 556 2788 611 abundantia
2836 564 2999 625 atque
3059 554 3324 607 ebrietate
3381 553 3689 620 mentisque

2106 652 2499 723 depravatione
2530 652 2732 705 malum
2766 649 3041 702 exsistcns
3073 649 3126 700 in
3180 645 3357 698 medio
3413 644 3690 713 relinqua-

2107 754 2216 810 tur,
2251 744 2345 799 sed
2398 752 2697 814 perpetuus
2758 740 2923 795 decor
2954 750 3009 793 et
3073 739 3333 792 honestas
3390 737 3445 789 in
3503 750 3688 790 mensa

2105 846 2371 891 servetur.
2412 833 2882 901 Quemadmodum
2942 831 3107 900 igitur
3153 828 3203 881 ei
3258 827 3351 896 qui
3409 841 3438 879 a
3496 825 3689 878 nidore

2104 928 2578 982 condimentorum
2602 926 2879 986 avellitur,
2906 922 3140 992 privatio
3163 934 3351 974 eorum
3381 933 3504 988 quae
3533 915 3687 970 cordi

2106 1026 2258 1081 sunt,
2295 1019 2508 1088 ingrata
2544 1027 2707 1087 atque
2739 1013 3037 1083 injucunda
3069 1020 3175 1075 est,
3217 1018 3381 1079 atque
3416 1009 3687 1077 importu-

2104 1112 2293 1166 nitatis
2326 1125 2389 1164 ac
2421 1108 2745 1163 temeritatis
2779 1107 3065 1175 cujusdam
3091 1102 3406 1173 praafectum
3428 1100 3688 1155 condem-

2105 1214 2221 1266 nat,
2257 1202 2415 1272 qnasi
2467 1201 2670 1255 invidia
2700 1199 2934 1269 quadam
2970 1208 3025 1252 et
3073 1212 3180 1250 non
3227 1193 3566 1264 providentia
3619 1192 3687 1246 ab

2104 1294 2371 1365 appositis
2410 1302 2708 1347 arcentem.
2746 1290 2851 1345 Sed
2883 1290 2927 1345 si
2966 1289 3033 1344 ad
3070 1306 3165 1345 eos
3201 1290 3290 1360 qui
3342 1286 3686 1359 prorogatio-

2104 1404 2173 1441 ne
2203 1385 2486 1441 ebrietatis
2519 1383 2807 1444 vomendo,
2845 1391 3117 1452 caputque
3163 1392 3443 1451 gravatum
3476 1379 3689 1448 jactan-

2102 1481 2195 1540 do,
2235 1496 2299 1533 ac
2326 1488 2528 1532 temere
2558 1492 2678 1545 quae
2727 1492 2835 1528 non
2891 1474 3049 1529 decet
3108 1472 3459 1541 proferendo,
3520 1472 3684 1524 etiam

2103 1584 2251 1623 mune
2283 1583 2342 1623 se
2372 1568 2606 1635 turpiter
2636 1575 2888 1635 gerentes
2940 1566 3221 1633 respiciat,
3256 1565 3486 1633 gratiam
3526 1563 3689 1615 habet

2102 1662 2148 1715 ei
2178 1660 2290 1728 qui,
2319 1668 2611 1727 antequam
2646 1657 2773 1709 talia
2807 1656 2910 1709 sibi
2947 1655 3280 1717 acciderent,
3310 1656 3379 1709 ab
3424 1655 3688 1708 immode-

2105 1762 2224 1806 rata
2258 1752 2556 1821 repletione
2594 1766 2716 1804 eum
2752 1749 3116 1820 prohibuerit.
3155 1748 3210 1801 Si
3274 1749 3441 1817 igitur
3500 1748 3688 1803 simili-

421 1852 517 1904 καὶ
537 1823 884 1915 παντοδαπην
912 1852 1020 1906 τῶν
1056 1823 1330 1921 ἐδωδίμων
1350 1823 1830 1922 τὴν-παρασκευὴν
1853 1823 2000 1921 ἐχού-

2109 1844 2243 1897 tudo
2273 1858 2301 1895 a
2328 1842 2488 1897 nobis
2521 1842 2800 1896 intellecta
2827 1850 2931 1905 est,
2966 1840 3127 1895 facile
3151 1840 3318 1895 fuerit
3350 1842 3403 1894 in
3435 1857 3497 1896 ea
3533 1856 3687 1895 corn-

422 1958 521 2011 σης
545 1941 674 2011 (νόει
708 1941 764 1995 δέ
806 1959 894 2012 μοι
915 1943 1057 1997 κατὰ
1085 1942 1181 2012 τὴν
1210 1942 1577 2013 ὀψαρτυτικήν
1609 1942 1899 2013 ἐμπειρίαν
1928 1941 2003 2012 μὴ

420 2031 596 2085 πάντα
626 2032 704 2103 τῷ
728 2034 826 2103 τῆς
857 2024 1048 2103 ἡδονῆς
1073 2032 1340 2103 μέλιτιτά
1364 2032 1456 2087 τοῦ
1484 2032 1598 2103 βίου
1629 2032 2003 2101 καταγλυκαί-

419 2125 638 2189 νεσθαι,
690 2125 804 2179 ἀλλ’
834 2126 978 2178 ἔστιν
1016 2126 1150 2178 ὅπου
1176 2126 1272 2178 καὶ
1299 2128 1410 2188 τοῖς
1438 2124 1857 2196 αὐστηροτέροις
1893 2123 2005 2176 τῶν

420 2234 485 2271 συ
494 2218 795 2287 μπομάτων
810 2218 907 2288 τὴν
926 2216 1069 2287 ζωὴν
1086 2216 1451 2287 ἐπαρτύεσθαι
1463 2258 1477 2283 ,
1492 2211 1579 2269 οἷα
1591 2215 1655 2287 δὴ
1674 2212 2006 2284 φιλοτεχνοῦ,

420 2324 502 2361 σιν
530 2310 575 2361 οἱ
603 2308 710 2361 τῶν
734 2309 863 2379 περὶ
896 2307 1140 2375 γαστέρα
1171 2308 1265 2360 καὶ
1299 2306 1482 2377 θοίνην
1512 2305 1715 2375 ἡδονῶν
1744 2308 2001 2375 τεχνῖται,

416 2402 529 2463 τοῖς
564 2400 945 2471 δριμυτέροις,
981 2399 1014 2468 ἦ
1055 2398 1319 2468 ἁ).μῶσιν,
1358 2397 1389 2466 ἢ
1420 2397 1863 2469 παραστύφουσιν
1906 2398 2003 2460 τάς

397 2490 624 2558 -όρέξεις
646 2488 752 2543 τῶν
780 2490 1114 2559 δαιτυμόνων
1148 2488 1648 2559 ἀναρριπίζοντες)·
1673 2488 1793 2539 ἐπεὶ
1823 2482 1913 2539 οὖν
1942 2487 2002 2538 οὑ

417 2581 505 2634 διὰ
530 2582 745 2635 πάντων
766 2581 882 2633 ἐστὶ
900 2580 1006 2633 τῶν
1027 2579 1366 2649 πραγμάτων
1391 2578 1660 2648 μελιειδὴς
1681 2579 1708 2632 ό
1736 2577 1866 2647 βίος,
1889 2576 2003 2630 ἀλλ’

417 2674 561 2727 ἔστιν
590 2675 647 2726 ἐν
679 2667 760 2735 οἷς
787 2672 932 2742 ἆλμη
962 2675 1023 2724 τὸ
1049 2672 1178 2741 ὃψον
1223 2671 1393 2729 ἐστὶν.
1418 2671 1450 2742 ἢ
1480 2670 1690 2738 στύψις,
1715 2670 1747 2741 ἦ
1779 2670 2001 2739 eaeam.

418 2765 450 2835 ἤ
487 2766 715 2835 δηκτική
763 2781 847 2827 τις
895 2764 987 2815 καὶ
1030 2764 1248 2833 δριμεῖα
1303 2762 1524 2831 ποιότης
1560 2761 1864 2831 ἐντριϐεῖσα
1893 2764 2005 2824 τοῖς

424 2857 749 2927 πράγμασι,
784 2855 1086 2924 δύσληπτον
1124 2857 1268 2907 ποιεῖ
1290 2854 1386 2924 τὴν
1418 2854 1713 2924 καρυκείαν
1742 2854 1838 2907 τοῦ
1864 2854 2001 2923 βίου,

420 2949 647 3020 πλήρεις
671 2947 727 3001 δὲ
758 2949 805 3000 oi
835 2948 934 3017 τῆς
963 2948 1179 3017 ἀπάτης
1210 2948 1482 3017 κρατῆρες
1511 2945 1847 2998 παντοδαποῦ
1871 2946 2006 3016 κρά-

423 3059 608 3112 ματος·
633 3034 707 3094 ὧν
724 3042 773 3093 οἱ
798 3041 895 3111 μὲν
912 3040 973 3092 τὸ
994 3039 1237 3106 φυσῶδες
1260 3038 1431 3101 πάθος
1453 3038 1540 3092 διά
1569 3038 1662 3091 τοῦ
1688 3038 1887 3107 στύφου
1910 3042 2005 3111 τῆς

2107 1935 2435 2006 prebensam
2467 1950 2498 1987 a
2537 1933 2699 1989 nobis
2750 1934 3178 2004 speculationem
3240 1934 3306 1986 ad
3344 1934 3684 2003 propositum

2106 2041 2329 2082 sensum
2364 2025 2800 2080 accommodare.
2822 2024 2962 2092 Quid
2996 2027 3141 2080 enim
3177 2025 3688 2095 eratpropositum?

2105 2121 2276 2189 Cujus
2313 2120 2389 2174 rei
2414 2121 2611 2191 gratia,
2642 2135 2766 2174 cum
2800 2121 3095 2190 plurimum
3136 2119 3305 2173 studii
3340 2126 3595 2188 parentes
3632 2120 3684 2173 in

2106 2212 2211 2266 hoc
2235 2221 2456 2283 ponant,
2494 2219 2553 2265 ut
2583 2227 2808 2267 suarum
2858 2212 2961 2266 sibi
3012 2212 3338 2265 facultatum
3396 2226 3689 2266 successor

2106 2316 2435 2371 reservetur,
2471 2304 2612 2359 Deus
2649 2320 2794 2374 saepe
2827 2313 2952 2357 ante
2986 2312 3200 2372 tempus
3240 2319 3303 2358 ac
3362 2313 3688 2373 praemature

2104 2397 2159 2451 in
2189 2396 2507 2466 imperfecta
2524 2403 2683 2449 aetate
2712 2395 2885 2465 abripi
2920 2396 3055 2450 sinit
3086 2396 3137 2448 id
3172 2395 3320 2464 quod
3349 2405 3534 2448 natum
3558 2396 3689 2449 est?

2105 2488 2203 2543 His
2233 2488 2324 2558 qui
2363 2487 2439 2541 ita
2492 2491 2853 2556 interrogant,
2904 2487 3207 2541 referemus
3242 2486 3579 2541 convivalem
3620 2485 3687 2538 il-

2104 2581 2213 2634 lam
2251 2580 2682 2641 similitudinem,
2712 2580 2857 2649 quod
2887 2596 3011 2635 cum
3067 2581 3298 2634 multum
3352 2595 3416 2632 ac
3474 2579 3685 2633 varium

2105 2673 2863 2742 esculentorumapparatum
2906 2674 3030 2727 vitae
3088 2689 3278 2727 mensa
3329 2672 3527 2725 habeat
3566 2673 3689 2741 (in-

2105 2765 2475 2834 telligeautcm
2512 2766 2642 2817 mihi
2679 2764 2981 2819 secundum
3011 2766 3260 2835 peritiam
3296 2766 3371 2819 rei
3401 2765 3689 2820 culinaria:

2106 2859 2350 2926 artisque
2392 2856 2820 2911 condiendorum
2855 2856 3128 2920 ciborum,
3184 2872 3292 2909 non
3342 2871 3535 2911 omnes
3567 2858 3688 2909 vitae

2105 2958 2292 3018 partes
2356 2947 2656 3016 voluptatis
2716 2949 2874 3002 melle
2921 2949 3266 3011 dulcescerc,
3328 2948 3422 3002 sed
3487 2948 3687 3002 alicubi

2105 3041 2269 3094 etiam
2306 3041 2689 3095 acerbioribus
2721 3040 2945 3094 casibus
2997 3040 3166 3093 vitam
3212 3040 3451 3104 condiri,
3503 3040 3689 3109 qualia

420 3134 639 3202 ἀπάτης
660 3131 1000 3202 ἐμποιοῦσιν,
1028 3132 1077 3184 οἱ
1098 3131 1155 3184 δὲ
1178 3132 1258 3194 εἰς
1278 3132 1599 3201 παραφορὰν
1622 3128 1746 3193 τοὺς
1781 3131 2000 3200 ἐμπιόν-

2108 3134 2367 3188 nimirum
2395 3133 2635 3187 artifices
2669 3134 3009 3201 voluptatum
3041 3130 3109 3184 ad
3138 3133 3329 3203 epulas
3354 3139 3408 3185 et
3438 3140 3686 3185 ventrem

416 3244 514 3289 τας
548 3224 953 3289 ἐξεκαλέσαντο,
978 3223 1156 3286 ἄλλοις
1184 3224 1241 3275 δὲ
1274 3223 1382 3275 τῶν
1422 3221 1671 3292 πονηρῶς
1697 3222 2004 3292 κτηθέντων

418 3319 511 3372 τὸν
554 3318 746 3389 ἔμετον
770 3318 856 3369 διὰ
888 3318 987 3387 τῆς
1029 3317 1263 3387 αἰσχρᾶς
1306 3315 1608 3378 ἀποτίσεως
1657 3315 1999 3383 ἀνεκίνησαν.

436 3410 522 3472 Ὠς
561 3408 625 3461 ἂν
672 3404 763 3460 οὖν
809 3408 881 3478 μὴ
925 3406 1257 3478 ἐπιχρονίζοι
1296 3407 1361 3477 τῇ
1400 3404 1621 3476 τοιαύτῃ
1659 3405 1759 3475 τῆς
1796 3407 2003 3477 τραπέ-

426 3501 524 3572 ζης
556 3502 877 3570 παρασκευῇ
910 3501 937 3552 ὁ
978 3499 1052 3569 μὴ
1099 3498 1327 3561 δεόντως
1378 3495 1456 3566 τῷ
1481 3497 1763 3566 συμποσίῳ
1797 3499 1999 3567 χρησάο

424 3609 602 3660 μενος.
640 3591 831 3644 θᾶττον
874 3590 1124 3657 ἐξάγεται
1147 3588 1241 3641 τοῦ
1270 3588 1378 3640 τῶν
1407 3587 1744 3657 δαιτυμόνων
1779 3588 2000 3659 πληρώ-

423 3698 612 3751 ματος,
644 3681 936 3749 κερδαίνων
969 3680 1030 3734 τὸ
1077 3681 1151 3752 μὴ
1192 3682 1248 3732 ἐν
1278 3680 1503 3742 ἐκείνοις
1544 3680 1818 3747 γενέσθαι,
1862 3674 1937 3733 ὧν
1967 3682 1999 3751 ἡ

416 3774 651 3843 ἀμετρία
682 3772 782 3840 τῆς
825 3771 1177 3834 ἀπολαύσεως
1205 3774 1317 3833 τοῖς
1348 3770 1711 3840 λαιμαργοῦσι
1746 3771 2001 3841 πρόξενος

416 3866 644 3933 γίνεται.
700 3865 869 3918 Τοῦτό
926 3867 1074 3918 ἐστιν
1100 3866 1127 3917 ὃ
1159 3882 1301 3935 φημι
1325 3865 1535 3927 τελείας
1569 3860 1707 3919 εἶναι
1746 3866 2000 3935 προνοίας

418 3958 768 4029 κατόρθωμα,
821 3958 880 4010 τὸ
917 3956 990 4027 μὴ
1025 3958 1184 4025 μόνον
1244 3957 1515 4010 συστάντα
1562 3956 1887 4029 Θεραπεύειν
1932 3957 1999 4011 τὰ

416 4051 585 4120 πάθη,
620 4049 755 4103 ἀλλά
803 4051 894 4102 καὶ
921 4048 1150 4102 κωλύειν
1196 4051 1298 4120 πρὸ
1345 4052 1441 4121 τῆς
1473 4052 1804 4114 συστάσεως.
1841 4052 1905 4104 Ὃ
1934 4050 1997 4122 δὴ

416 4143 667 4213 καὶπερὶ
708 4140 802 4193 τοῦ
842 4141 1070 4195 θανάτου
1106 4140 1214 4195 τῶν
1244 4143 1545 4210 ἀρτιτόκων
1591 4144 1995 4213 ύπενοήσαμεν,

415 4236 498 4287 ὅτι
543 4238 571 4286 ὁ
615 4233 756 4302 λόγῳ
785 4232 854 4287 τά
893 4234 1071 4286 πάντα
1116 4232 1285 4286 ποιῶν
1320 4234 1425 4287 ὑπὸ
1456 4234 1865 4304 φιλανθρωπίας
1895 4235 1998 4303 ἀφ-

416 4326 650 4394 αιρεῖται
700 4325 797 4393 τῆς
832 4323 1030 4386 κακίας
1067 4323 1164 4395 τὴν
1196 4322 1348 4388 ὓλην,
1402 4324 1476 4395 μὴ
1509 4324 1681 4387 διδοὺς
1715 4325 1901 4395 καιρὸν
1930 4328 1994 4395 τῇ

417 4415 733 4486 προαιρέσει
763 4418 830 4486 τῇ
854 4414 942 4468 διά
969 4415 1069 4482 τῆς
1099 4415 1517 4485 προγνωστικῆς
1554 4416 1832 4485 δυνάμεως
1858 4433 1997 4484 γνω-

421 4508 663 4578 ρισθείσῃ
700 4508 787 4561 διά
816 4508 923 4559 τῶν
958 4508 1136 4579 ἔργων
1177 4508 1234 4561 ἐν
1271 4508 1474 4569 κακίας
1513 4506 1671 4577 εξοχῇ
1721 4506 1996 4577 δειχθῆναι

417 4601 502 4653 οἶα
529 4602 696 4664 ἐστὶν,
723 4603 850 4653 ὅταν
890 4600 1026 4671 πρὸς
1060 4601 1120 4653 τὸ
1144 4601 1315 4654 κακὸν
1339 4600 1438 4671 τὴν
1467 4600 1642 4671 ὁρμὴν
1674 4599 1807 4670 ἔχοι.
1861 4599 1999 4651 Πολ⁶

416 4692 571 4755 λάκις
598 4690 653 4743 δὲ
682 4690 779 4761 τὴν
810 4690 1206 4762 σεσοφισμένην
1234 4692 1329 4762 τῆς
1366 4692 1723 4763 φιλαργυρίας
1750 4690 2000 4761 ἀνάγκην

415 4782 503 4836 διὰ
532 4782 638 4834 τῶν
660 4782 915 4836 τοιούτων
937 4783 1148 4852 ἐλέγχει
1176 4784 1204 4835 ό
1228 4782 1489 4836 συνιστῶν
1508 4782 1567 4834 τὺ
1591 4781 1684 4834 τοῦ
1716 4782 1830 4851 βίου
1862 4799 2001 4851 συμ-

417 4874 625 4935 πόσιον,
654 4873 728 4936 ὼς
756 4873 843 4937 ἂν,
881 4872 1055 4944 οἶμαι,
1084 4874 1292 4945 γυμνὸν
1317 4874 1426 4928 τῶν
1462 4874 1838 4944 εὐπροσώπων
1868 4891 1997 4943 προ-

416 4964 787 5034 καλυμμάτων
842 4965 901 5017 τὸ
946 4966 1045 5035 τῆς
1090 4966 1448 5037 φιλαργυρίας
1478 4964 1823 5035 ἀρρώστημα
1876 4966 2001 5033 φαί-

414 5071 578 5119 νοιτο,
612 5055 800 5126 μηδενὶ
831 5057 1296 5126 παραπετάσματι
1350 5057 1749 5126 πεπλανημένῳ
1776 5072 1999 5110 συσκιά-

416 5148 657 5219 ζόμενον.
684 5150 821 5201 Φασὶ¹
841 5151 948 5221 γὰρ
969 5151 1017 5201 οἱ
1044 5148 1225 5201 πολλοὶ
1242 5148 1326 5201 διά
1340 5147 1496 5201 τοῦτο
1510 5150 1628 5207 ταῖς
1640 5147 1733 5200 τοῦ
1758 5148 2000 5211 πλείονος

415 5240 725 5310 ἐπιθυμίαις
746 5240 1227 5300 ἐπιπλατύνεσθαι.
1243 5240 1316 5302 ὡς
1338 5240 1402 5293 ἂν
1422 5239 1854 5309 πλουσιωτέρους
1874 5240 1999 5302 τοὺς

415 5331 474 5397 ἐξ
498 5332 676 5386 αὐτῶν
707 5333 1000 5401 γεγονότας
1037 5335 1342 5401 ποιήσαιεν,
1374 5325 1448 5385 ὧν
1478 5332 1689 5401 ἐλέγχει
1719 5330 1817 5402 τὴν
1847 5332 1999 5384 νόσον

418 5426 553 5478 ἰδίαν
577 5422 760 5490 οὖσαν,
791 5428 890 5479 οὐκ
908 5427 964 5490 ἐξ
980 5428 1223 5497 ἀνάγκης
1243 5426 1619 5495 ἐγγινομένην,
1636 5426 1668 5495 ἡ
1686 5424 1997 5494 ἀπροφάσι-

417 5536 537 5581 στος
562 5519 669 5571 τῶν
692 5520 930 5572 ἀτέκνων
956 5519 1258 5583 πλεονεξία.
1294 5519 1484 5572 Πολλοὶ
1510 5518 1619 5589 γὰρ
1643 5517 1766 5571 οὔτε
1786 5518 1999 5588 ἔχοντες

415 5610 663 5680 διαδοχὴν
684 5614 773 5664 ἐπὶ
792 5608 1108 5675 πολλοῖς.οἷς
1132 5612 1461 5683 ἐμόχθησαν,
1480 5610 1603 5664 οὔτε
1623 5612 1681 5663 ἐν
1699 5611 1875 5663 ἐλπίσι
1905 5608 1998 5662 τοῦ

418 5705 565 5771 σχεῖν
584 5703 755 5767 ὄντες,
800 5706 919 5757 ἀντὶ
945 5706 1153 5775 μυρίων
1174 5705 1380 5757 τέκνων
1404 5703 1603 5765 πολλάς
1625 5704 1920 5774 ἐπιθυμίας
1943 5704 2000 5755 ἐν

418 5794 627 5859 ἑαυτοῖς
665 5796 1131 5868 παιδοτροροῦσιν,
1180 5797 1277 5850 οὐκ
1307 5796 1517 5866 ἔχοντες
1559 5796 1660 5849 ποῦ
1705 5797 1802 5867 τὴν
1836 5796 2001 5863 ἀνάγ-

2110 3228 2499 3297 pertinentium
2529 3225 2847 3294 excogitant
2875 3230 2930 3278 et
2960 3230 3222 3287 tractant,
3248 3224 3329 3276 vel
3356 3223 3687 3287 acrioribus,

2108 3325 2192 3377 vel
2224 3322 2609 3393 salsuginosis,
2640 3322 2725 3376 vel
2760 3322 3196 3391 astringentibus
3228 3324 3506 3392 appetitus
3550 3338 3689 3377 con-

2107 3417 2353 3467 vivarum
2383 3412 2708 3483 excitantes)
2744 3434 2756 3467 ;
2795 3413 3055 3482 quoniam
3084 3428 3215 3483 ergo
3249 3430 3356 3467 non
3392 3430 3487 3483 per
3506 3417 3688 3468 omnia

2105 3505 2318 3574 negotia
2352 3504 2636 3574 ofﬁciaque
2677 3506 2787 3557 vita
2823 3504 3007 3557 suavis
3054 3513 3107 3557 et
3149 3503 3395 3572 jucunda
3428 3512 3534 3568 est,
3592 3504 3688 3558 sed

2105 3596 2159 3650 in
2195 3596 2464 3665 aliquibus
2490 3597 2649 3651 etiam
2708 3597 3097 3651 salsamentum
3144 3597 3434 3651 obsonium
3468 3607 3571 3659 est,
3606 3601 3688 3651 vel

2102 3690 2405 3755 astrictiva,
2428 3689 2513 3743 vel
2540 3697 2781 3749 acetosa,
2816 3689 2897 3742 vel
2934 3687 3157 3741 mordax
3189 3690 3436 3758 quaedam
3461 3698 3515 3743 et
3546 3691 3691 3745 acris

2103 3780 2339 3849 qualitas
2379 3779 2623 3849 ingesta,
2668 3788 2721 3833 et
2767 3779 2931 3833 rebus
2993 3779 3176 3832 intrita
3231 3790 3450 3849 sumptu
3501 3781 3690 3834 dillici-

2103 3873 2205 3925 lem
2240 3871 2409 3926 efﬁcit
2442 3872 2565 3924 vita:
2602 3870 2783 3925 cibum
2828 3870 3134 3935 conditum,
3166 3871 3313 3941 pleni
3346 3871 3474 3925 item
3524 3872 3691 3925 varia:

2101 3964 2346 4018 mistura:
2412 3964 2623 4017 fraudis
2692 3970 2935 4017 crateres
3006 3970 3136 4017 sunt
3199 3981 3211 4016 :
3288 3979 3521 4033 quorum
3596 3965 3689 4018 alii

2100 4056 2317 4124 quidem
2353 4053 2651 4109 inflationis
2680 4054 2868 4107 vitium
2902 4070 2996 4123 per
3029 4053 3203 4109 fastus
3244 4053 3489 4108 fraudem
3541 4054 3692 4123 inge-

2100 4154 2327 4212 nerant,
2388 4146 2480 4200 alii
2546 4161 2673 4200 vero
2730 4148 2784 4199 in
2829 4145 3194 4200 temeritatem
3254 4160 3319 4199 ac
3374 4146 3689 4201 vecordiam

2100 4240 2367 4293 devocaut
2400 4253 2495 4292 eos
2526 4238 2620 4305 qui
2665 4237 3010 4299 imbiberint,
3044 4237 3166 4290 aliis
3198 4236 3327 4290 item
3370 4237 3511 4291 male
3539 4252 3691 4306 qum-

2101 4332 2329 4385 sitorum
2372 4330 2635 4384 vomitum
2684 4345 2779 4393 per
2822 4339 3036 4397 turpem
3080 4330 3408 4383 solutionem
3448 4342 3688 4383 movent.

2099 4419 2177 4473 Ne
2220 4434 2350 4489 ergo
2391 4422 2445 4472 in
2492 4419 2586 4471 tali
2628 4434 2831 4472 mensa:
2871 4427 3131 4487 apparatu
3177 4418 3385 4473 diutius
3430 4420 3691 4474 immore-

2101 4516 2210 4570 tur,
2242 4508 2333 4577 qui
2371 4524 2479 4561 non
2512 4514 2658 4561 recte
2688 4522 2751 4560 ac
2782 4507 3038 4561 decenter
3080 4508 3331 4562 convivio
3373 4518 3575 4573 utatur,
3611 4510 3697 4563 ci-

2104 4599 2214 4651 tius
2249 4599 2502 4651 educitur
2529 4614 2593 4651 ex
2627 4605 2770 4651 cortu
2802 4606 2965 4667 atque
3006 4613 3273 4653 consessu
3309 4601 3688 4664 convivarum,

2106 4690 2158 4744 id
2194 4691 2332 4743 lucri
2370 4689 2611 4753 faciens,
2650 4690 2794 4758 quod
2850 4693 2903 4743 in
2942 4690 3032 4743 illa
3069 4692 3320 4745 molestia
3373 4702 3535 4762 atque
3576 4703 3695 4746 tur-

2105 4784 2355 4854 pitudine
2388 4800 2496 4836 non
2531 4791 2800 4844 versetur,
2841 4798 3072 4851 quarum
3111 4799 3290 4836 rerum
3333 4784 3697 4839 immoderata

2106 4877 2351 4946 sumptio
2386 4876 2737 4930 helluonibus
2769 4876 3119 4929 conciliatrix
3156 4877 3395 4931 exsistit.
3443 4875 3556 4931 Hoc
3582 4887 3687 4940 est,

2103 4969 2245 5037 quod
2279 4969 2402 5021 dico
2451 4967 2711 5037 perfectae
2770 4974 2935 5036 atque
2993 4966 3265 5021 absolutae
3322 4970 3690 5035 providentia:

2102 5074 2241 5127 opus
2268 5073 2413 5122 esse,
2444 5074 2560 5112 non
2595 5058 2774 5113 solum
2828 5066 3146 5111 contractos
3182 5072 3380 5111 curare
3430 5058 3681 5124 morbos,

2101 5166 2292 5203 verum
2342 5151 2505 5204 etiam
2571 5150 2863 5219 prohibere
2909 5158 3202 5217 antequam
3252 5149 3685 5204 contrahantur.

2102 5241 2278 5307 Quam
2310 5242 2445 5295 adeo
2476 5242 2791 5311 opinionem
2835 5241 3001 5293 etiam
3034 5240 3102 5294 de
3152 5249 3328 5294 morte
3388 5239 3684 5294 infantium

2101 5337 2262 5388 modo
2314 5343 2566 5388 natorum
2619 5334 2922 5397 habemus,
2999 5334 3144 5401 quod
3212 5334 3258 5385 is
3312 5334 3405 5402 qui
3474 5336 3699 5388 ratione

2100 5431 2284 5481 omnia
2320 5428 2469 5489 facit,
2501 5428 2841 5479 humanitate
2872 5426 3144 5479 adductus
3192 5425 3341 5480 vitiis
3397 5427 3687 5479 materiam

2102 5522 2303 5583 aulert,
2348 5520 2588 5588 spatium
2623 5518 2887 5587 temporis
2934 5518 3203 5571 voluntati
3272 5534 3366 5587 per
3396 5518 3503 5571 vim
3538 5534 3682 5587 prae-

2102 5612 2269 5665 sciam
2312 5618 2510 5664 notata:
2540 5621 2595 5663 et
2644 5610 3041 5664 animadversa
3104 5626 3215 5663 non
3272 5610 3433 5675 dans,
3497 5620 3553 5663 ut
3588 5626 3689 5679 per

2102 5718 2264 5770 opera
2300 5704 2353 5756 in
2412 5703 2671 5772 nequitia)
2702 5702 2929 5771 vitiique
2978 5703 3304 5756 excellentia
3359 5702 3687 5756 ostendatur

2102 5796 2281 5864 qualis
2319 5796 2409 5860 sit,
2447 5810 2571 5849 cum
2602 5793 2668 5848 ad
2700 5796 2901 5848 malum
2939 5795 3202 5865 impetum
3234 5794 3430 5849 habeat
3468 5803 3521 5849 ct
3551 5794 3683 5850 effe-
