4096 6354
453 269 556 323 187

1687 265 1742 320 s.
1785 263 2112 320 caeconu
2151 229 2447 322 mssast

3612 268 3716 325 188

447 402 619 446 ctum.
673 391 1062 461 Saepenumero
1114 397 1298 443 autem
1359 403 1454 458 per
1506 388 1820 457 hujusmodi
1860 389 2025 444 etiam

2138 408 2234 460 κην
2258 393 2354 462 τῆς
2374 391 2683 462 ἀρρωστίας
2704 388 2907 460 ταύτης
2929 389 3385 459 επανενέγκωσιν.
3414 391 3476 444 Ei
3497 389 3553 443 δέ
3570 409 3715 454 τινες

446 499 611 538 casus
649 483 960 538 simulatam
1003 490 1167 552 atque
1197 489 1523 550 prmtensam
1559 483 1801 535 avaritiae
1838 498 2028 538 neces-

449 575 666 628 sitatem
693 574 875 643 arguit
897 573 945 627 is
974 573 1067 640 qui
1105 575 1234 626 vita:
1264 573 1576 626 convivium
1605 574 1914 636 constituit,
1944 584 2026 637 ut,

448 666 665 734 opinor,
699 665 937 719 nudatus
969 665 1237 734 speciosis
1271 665 1624 733 prmtextibus
1659 681 1722 718 ac
1750 667 2026 720 velamen-

447 759 518 812 tis
573 759 822 812 avaritia:
887 758 1112 812 morbus
1185 766 1447 828 appareat
1488 759 1639 812 nullo
1676 758 1813 813 falso
1873 768 2029 830 tegu-

448 859 632 904 mento
681 849 1064 903 obumbratus.
1130 847 1266 901 Nam
1326 849 1487 919 vulgo
1558 850 1801 919 plerique
1851 851 2025 915 aiunt,

447 941 658 995 ideirco
691 957 750 995 se
794 941 1080 1011 cupiditati
1135 957 1248 995 rem
1314 941 1550 1011 augendi
1610 941 1911 1012 indulgere,
1969 949 2028 998 ut

447 1034 675 1089 ditiores
707 1050 772 1088 ex
811 1049 933 1090 sese
977 1042 1137 1090 natos
1188 1033 1440 1098 reddant,
1503 1051 1738 1104 quorum
1776 1037 2028 1091 morbum

449 1129 730 1197 proprium
755 1143 899 1191 esse,
932 1138 984 1182 et
1007 1144 1072 1182 ex
1109 1128 1442 1183 necessitate
1469 1145 1576 1182 non
1606 1130 1818 1184 innasci
1850 1131 2030 1200 arguit

449 1220 848 1276 inexcusabilis
908 1221 1140 1274 avaritia
1197 1237 1388 1275 eorum
1439 1223 1531 1291 qui
1581 1222 1768 1276 liberis
1816 1232 2026 1276 carent.

450 1314 600 1368 Multi
647 1315 790 1368 enim
846 1330 970 1368 cum
1030 1331 1132 1369 nec
1201 1314 1436 1368 habeant
1493 1315 1789 1369 multorum
1845 1317 2033 1371 labore

447 1416 727 1473 partorum
780 1407 1046 1460 bonorum
1119 1422 1512 1468 successores,
1581 1424 1680 1460 nec
1734 1408 2034 1477 aliquando

448 1495 730 1552 habituros
755 1515 881 1553 esse
915 1515 973 1553 se
1002 1508 1252 1569 sperent,
1281 1515 1379 1569 pro
1412 1500 1643 1553 inlinitis
1672 1500 1862 1554 liberis
1892 1501 2027 1554 Inul-

446 1601 531 1644 tas
573 1592 713 1643 intra
762 1607 882 1647 sese
914 1593 1246 1662 cupiditates
1286 1595 1462 1655 alunt,
1507 1609 1614 1646 non
1665 1593 1929 1648 habentes
1976 1594 2030 1646 in

448 1697 587 1750 quos
612 1682 903 1736 conferant
939 1685 1102 1752 hujus
1133 1686 1308 1738 morbi
1342 1687 1749 1740 necessitatem.
1790 1684 1947 1750 Quod
1986 1684 2032 1738 si

446 1774 538 1840 qui
573 1775 710 1828 male
734 1775 786 1828 in
818 1777 927 1829 vita
949 1789 1263 1839 versantur,
1297 1793 1360 1830 ac
1387 1777 1571 1830 dedita
1624 1793 1788 1846 Opera
1821 1776 2034 1830 consul-

446 1873 612 1934 toque
642 1867 916 1932 crudeles,
950 1879 1137 1922 truces
1169 1877 1334 1938 atque
1368 1870 1640 1940 tyrannici
1679 1875 1826 1927 sunt.
1863 1867 2035 1921 omni-

2132 483 2318 547 κακῶς
2361 483 2750 554 ἐπιδημοῦντες
2782 483 2858 552 τῷ
2884 482 3003 554 βίῳ,
3065 481 3374 554 τυραννικοί
3419 499 3477 535 τε
3507 483 3600 536 καὶ
3626 501 3714 535 πι-

2131 575 2255 646 κροὶ
2290 575 2389 644 τὴν
2425 576 2762 647 προαίρεσιν,
2800 575 3001 637 πάσαις
3032 574 3351 638 ἀκολασίαις
3378 573 3716 645 δεδουλωμέ-

2130 685 2232 726 νοι.
2281 666 2438 737 θυμῷ
2467 668 2847 738 παραπλῆγες,
2903 667 3210 736 φειδόμενοι
3251 666 3362 720 τῶν
3401 666 3716 736 ἀνηκέστων

2131 760 2318 812 κακῶν
2347 759 2790 828 οὑδενὸς,λῃσται
2819 759 2912 811 καὶ
2945 758 3280 828 ἀνδροφόνοι,
3313 757 3406 810 καὶ
3441 756 3717 826 πατρίδων

2132 851 2416 922 προδόται,
2469 850 2502 920 ἢ
2543 850 2677 902 εἴτι
2707 849 2912 902 τούτων
2970 849 3117 901 ἐστὶν
3168 849 3522 920 ὲναγέστερον
3566 845 3717 918 (οἷον

2133 945 2460 1015 πατροφόνοι
2486 961 2543 996 τε
2571 943 2665 996 καὶ
2715 940 3046 1015 μητρολῴαι,
3096 943 3190 996 καὶ
3227 941 3596 1003 παιδοκτόνοι,
3624 942 3718 995 καὶ

2131 1039 2249 1099 ταῖς
2295 1035 2631 1106 παρανόμοις
2667 1034 2875 1104 μίξεσιν
2909 1031 3323 1095 ὲπιλυσσῶντες)
3346 1074 3361 1096 ,
3412 1032 3460 1086 oi
3489 1031 3719 1086 τοιοῦτοί

2134 1145 2276 1190 τινες
2319 1128 2490 1192 ὄντες,
2533 1129 2590 1179 ὲν
2640 1129 2704 1197 τῇ
2753 1127 2920 1196 κακία
2947 1127 3119 1198 ταύτῃ
3155 1125 3554 1195 γηράσκουσιν
3602 1127 3719 1188 πῶς

2133 1221 2249 1290 ἐρεῖ
2276 1237 2358 1282 τις
2397 1219 2713 1288 συμόαίνειν
2747 1219 2917 1272 ταῦτα
2945 1221 3056 1282 τοῖς
3080 1217 3574 1289 προεξητασμένοις
3599 1234 3613 1282 ;
3655 1219 3718 1270 Εί

2135 1313 2242 1384 γὰρ
2276 1313 2336 1365 τὸ
2392 1313 2494 1384 πρὸ
2537 1312 2684 1383 ῶρας
2719 1311 3086 1383 ἀνάρπαστον,
3134 1311 3208 1373 ὡς
3244 1310 3310 1364 ἂν
3354 1312 3426 1383 μὴ
3456 1313 3534 1374 είς
3565 1311 3718 1374 τέλος

2136 1404 2276 1458 κατὰ
2315 1405 2375 1457 τὸ
2400 1405 2701 1474 ὑπόδειγμα
2733 1403 2826 1456 τοῦ
2868 1404 3170 1474 συμποσίου
3213 1407 3327 1467 τοῖς
3370 1403 3567 1456 πάθεσι
3619 1403 3718 1472 τῆς

2135 1497 2278 1566 ζωῆς
2330 1498 2532 1566 ταύτης
2568 1496 3088 1567 ὲλλαιμαργήσειεν,
3139 1494 3514 1566 προνοητικῶς
3556 1493 3719 1559 ὑπεξ-

2135 1594 2324 1658 άγεται
2353 1590 2446 1643 τοῦ
2486 1589 2744 1658 βιωτικοῦ
2779 1589 3081 1659 συμποσίου
3110 1603 3122 1616 ·
3172 1589 3316 1651 τίνος
3352 1588 3511 1659 χάριν
3554 1591 3582 1641 ὁ
3609 1605 3719 1639 τοι-

2140 1683 2294 1746 οὗτος
2332 1683 2493 1754 μέχρι
2537 1683 2725 1752 γήρως
2753 1684 3077 1751 ἐμπαροινεί
3105 1681 3184 1752 τῷ
3217 1683 3524 1752 συμποσίῳ,
3561 1697 3720 1750 πονη-

2144 1776 2242 1847 ρὰν
2285 1775 2461 1845 ἑαυτῴ
2505 1793 2564 1827 τε
2615 1775 2710 1828 καὶ
2751 1777 2864 1837 τοῖς
2901 1775 3205 1845 συμπόταις
3254 1775 3354 1828 τῦν
3392 1773 3498 1826 τῶν
3533 1772 3719 1826 κακῶν

2143 1866 2512 1937 ἑωλοκρασίαν
2536 1866 2940 1931 ὲπισκεδάζων;

446 1959 550 2014 bus
601 1959 920 2021 libidinibus
959 1962 1205 2025 obnoxii,
1267 1962 1552 2016 iracundia
1604 1960 1930 2031 prazcipites,
1965 1975 1995 2012 a
2027 1959 2176 2012 nullo
2208 1960 2492 2014 incurabili
2526 1961 2668 2012 malo
2697 1961 3054 2022 abstinentes.
3096 1961 3355 2023 latrones,
3411 1958 3716 2024 homicidae,

447 2056 635 2125 patria)
659 2056 988 2125 proditores,
1025 2073 1088 2111 ac
1124 2059 1170 2112 si
1201 2057 1332 2127 quid
1363 2057 1450 2112 his
1481 2065 1566 2112 est
1602 2056 2000 2121 detestabilius,
2034 2056 2273 2125 magisve
2322 2054 2590 2109 nefarium
2635 2065 2688 2110 et
2723 2056 3116 2110 exsecrandum
3160 2055 3370 2125 (veluti
3411 2053 3718 2125 parricidae,

445 2165 679 2206 matrum
717 2155 1041 2223 pulsatores,
1081 2155 1375 2209 liberorum
1424 2154 1844 2215 interfectores,
1879 2160 1933 2208 et
1972 2153 2206 2224 quadam
2251 2152 2408 2222 quasi
2452 2152 2605 2206 rabie
2662 2153 2861 2208 mentis
2911 2152 3119 2222 legibus
3151 2153 3350 2207 vetitos
3395 2150 3720 2206 concubitus

446 2255 719 2301 sectantes
761 2265 772 2300 :
809 2248 901 2315 qui
945 2261 1067 2300 cum
1100 2248 1236 2302 tales
1282 2248 1418 2302 adeo
1469 2249 1606 2308 sint,
1659 2247 1711 2300 in
1763 2247 1867 2301 hac
1922 2245 2166 2316 nequitia
2219 2253 2382 2313 atque
2435 2245 2731 2300 vitiositate
2784 2253 3182 2301 coasenescunt
3219 2261 3230 2296 :
3261 2246 3536 2316 quomodo
3579 2245 3722 2300 dicet

447 2338 646 2407 aliquis
671 2338 783 2394 haec
809 2355 1112 2410 congruere
1141 2352 1194 2395 et
1229 2343 1524 2396 convenire
1558 2357 1680 2396 cum
1724 2342 1791 2396 iis
1829 2357 1949 2410 quae
1997 2356 2160 2410 supra
2210 2339 2438 2409 quaesita
2467 2347 2630 2409 atque
2665 2347 2891 2394 tractata
2927 2341 3098 2394 sunt?
3133 2339 3266 2394 Nam
3298 2341 3342 2396 si
3379 2341 3424 2395 is
3459 2341 3550 2410 qui
3582 2356 3719 2412 pra:-

449 2437 660 2485 mature
694 2430 983 2501 abripitur,
1027 2447 1092 2486 ne
1121 2432 1278 2500 juxta
1310 2433 1718 2489 similitudinem
1759 2433 1994 2489 convivii
2048 2433 2117 2487 ad
2177 2433 2336 2486 linem
2371 2449 2543 2501 usque
2579 2433 2631 2486 in
2663 2432 2808 2486 vitiis
2838 2431 2999 2500 hujus
3072 2433 3195 2486 vita:
3243 2433 3399 2503 quasi
3454 2433 3721 2488 helluetur

449 2529 613 2589 atque
669 2520 1057 2586 debacchetur,
1109 2525 1334 2594 provida
1381 2525 1617 2596 quadam
1672 2526 1928 2581 cautione
1977 2539 2040 2578 ac
2102 2524 2479 2579 benevolentia
2523 2539 2587 2578 cx
2630 2523 2776 2576 vitali
2830 2511 3152 2577 subducitur
3185 2523 3478 2577 convivio:
3511 2538 3614 2592 qua
3653 2521 3721 2577 de

449 2629 638 2682 causa,
678 2617 770 2686 qui
805 2619 929 2673 talis
967 2629 1072 2682 est,
1105 2637 1277 2689 usque
1303 2623 1368 2675 ad
1402 2631 1738 2676 senectutem
1780 2623 1834 2676 in
1874 2620 2126 2677 convivio
2157 2619 2545 2684 debacchatur,
2584 2619 2799 2672 noxiam
2843 2627 2954 2671 tum
2987 2619 3124 2684 sibi,
3163 2626 3276 2672 tum
3315 2619 3720 2688 compotoribus

448 2716 503 2761 et
550 2708 796 2764 convivis
841 2710 1106 2764 malorum
1159 2713 1441 2781 crapulam
1474 2712 1807 2768 oﬂ‘undens?

524 2803 629 2856 Sed
663 2817 783 2864 cur,
823 2819 1051 2872 prorsus
1100 2806 1306 2876 inquis,
1353 2806 1500 2862 hunc
1551 2807 1772 2876 quidem
1809 2807 2034 2878 provida

450 2895 831 2951 benevolentia
897 2897 1154 2951 subducit
1228 2915 1295 2952 ex
1371 2900 1480 2952 vita
1549 2900 1868 2970 priusquam
1938 2915 2036 2970 per

452 2990 654 3042 malum
690 2989 944 3042 voluntas
992 2991 1328 3058 perﬁciatur,
1390 2993 1542 3045 illum
1587 3009 1716 3046 vero
1773 2993 2034 3062 relinquit

451 3082 614 3135 talem
645 3081 778 3141 ﬁeri,
817 3089 875 3133 ut
909 3083 1104 3136 melius
1139 3082 1243 3151 ipsi
1274 3091 1422 3137 esset
1448 3084 1665 3152 penitus
1687 3093 1876 3137 natum
1921 3100 2030 3138 non

451 3173 619 3227 esse?
654 3172 731 3226 Ad
766 3172 869 3226 hoc
919 3172 1046 3232 item
1090 3172 1366 3242 ejusmodi
1413 3174 1704 3243 quamdam
1743 3173 2032 3243 benignio-

452 3267 607 3320 ribus
635 3275 685 3319 et
713 3264 1050 3333 aequioribus
1090 3265 1358 3318 rationem
1389 3265 1703 3328 reddemus,
1753 3267 1897 3335 quod
1929 3282 2034 3322 sai-

455 3371 755 3426 penumero
794 3355 905 3409 vita
937 3371 1128 3410 eorum
1161 3356 1254 3425 qui
1290 3356 1426 3410 bene
1471 3355 1732 3420 vixerint,
1767 3357 1930 3410 etiam
1968 3357 2036 3410 iis

453 3449 548 3518 qui
577 3464 640 3502 ex
677 3448 812 3517 ipsis
855 3447 967 3500 nati
1005 3456 1155 3510 sunt,
1199 3462 1364 3502 causa
1407 3447 1655 3502 melioris
1703 3449 2037 3504 conditionis

453 3552 562 3596 est.
614 3539 792 3609 Atque
845 3550 1105 3594 sexcenta
1161 3541 1353 3593 horum
1414 3556 1479 3594 ex
1520 3541 1706 3594 divina
1751 3540 2036 3612 Scriptura

453 3633 770 3689 testimonia
799 3640 948 3694 sunt,
981 3633 1182 3701 quibus
1218 3641 1402 3700 aperte
1452 3634 1714 3688 docemur
1743 3634 1863 3704 ejus
1891 3651 2037 3690 cura:

454 3720 817 3790 betteliciique
843 3722 990 3791 quod
1019 3721 1168 3792 digni
1200 3737 1229 3774 a
1260 3721 1370 3777 Deo
1404 3731 1841 3792 consequuntur,
1874 3725 2034 3778 etiam

456 3828 526 3868 ex
558 3812 691 3882 ipsis
724 3815 1040 3882 progenitos
1069 3829 1177 3866 una
1210 3813 1509 3882 participes
1537 3831 1680 3870 esse.
1714 3815 1867 3870 Haud
1913 3832 2039 3871 con-

457 3903 748 3959 temnenda
797 3912 984 3959 autem
1035 3919 1158 3959 sors
1211 3905 1374 3959 fuerit
1402 3906 1566 3960 etiam
1612 3907 1775 3962 alicui
1811 3908 2038 3978 impedi-

457 4002 642 4049 mento
677 3993 846 4049 fuisse
885 3995 950 4049 ad
987 3995 1250 4049 malitiam
1317 4002 1372 4050 et
1404 3997 1708 4065 nequitiam
1754 3999 1846 4068 qui
1881 3999 2037 4068 juxta

457 4085 606 4137 illani
646 4086 872 4139 omnino
917 4086 1167 4140 victurus
1222 4085 1438 4142 fuisset.
1501 4087 1608 4142 Sed
1639 4090 1899 4158 quoniam
1950 4091 2039 4146 hic

457 4176 514 4230 in
553 4179 718 4232 rebus
746 4178 974 4234 incertis
1016 4179 1194 4232 oratio
1236 4179 1579 4249 conjecturis
1615 4182 1818 4248 utitur,
1853 4183 2038 4238 nullus

457 4269 681 4323 omnino
727 4269 1112 4340 reprehendet,
1154 4270 1201 4324 si
1259 4271 1314 4324 in
1365 4272 1566 4325 multas
1611 4281 1796 4340 partes
1855 4275 2036 4344 conje—

457 4369 613 4412 ctura
656 4371 894 4414 mentem
925 4359 1158 4416 diducit.
1181 4360 1298 4416 Non
1336 4364 1515 4416 solum
1545 4365 1688 4418 enim
1720 4366 2038 4422 auctoribus

2225 2804 2384 2858 Ἀλλὰ
2413 2805 2501 2857 διὰ
2533 2804 2605 2867 τί,
2637 2803 2852 2866 πάντως
2885 2805 3047 2874 ἐρεῖς,
3079 2805 3170 2857 τὸν
3218 2805 3315 2874 μὲν
3352 2809 3719 2878 προνοητικῶς

2141 2898 2402 2965 ὑπεξάγει
2425 2897 2517 2950 τοῦ
2542 2897 2656 2966 βίου
2687 2899 2816 2968 πρὶν
2835 2897 3180 2967 τελειωθῆναι
3201 2897 3287 2950 διὰ
3310 2896 3404 2950 τοῦ
3432 2899 3601 2953 κακοῦ
3624 2899 3720 2971 τὴν

2139 2991 2479 3061 προαίρεσιν,
2527 2989 2618 3042 τὸν
2646 2989 2702 3041 δὲ
2737 2987 3321 3056 καταλείπειγενέσθαι
3346 2989 3606 3054 τοιοῦτον,
3645 2991 3721 3054 ὼς

2139 3084 2362 3154 ἄμεινον
2375 3082 2522 3153 αὑτῷ
2535 3078 2672 3135 εἶναι
2693 3082 2753 3134 τὸ
2771 3081 2844 3152 μὴ
2869 3081 3118 3149 γενέσθαι
3145 3081 3309 3147 δλως;
3334 3082 3476 3153 Πρὸς
3489 3082 3546 3134 δὲ
3569 3082 3722 3136 τοῦτο

2135 3174 2374 3227 τοιοῦτόν
2444 3191 2563 3226 τινα
2625 3175 2737 3236 τοῖς
2789 3172 3311 3244 εὑγνωμονεστὲροις
3371 3173 3723 3245 ἀποδώσομεν

2136 3263 2310 3331 λόγον,
2362 3265 2443 3315 ὃτι
2486 3261 2744 3324 πολλάκις
2783 3260 2958 3332 ὴζωὴ
2994 3263 3102 3316 τῶν
3140 3261 3198 3317 εὖ
3249 3264 3589 3334 βεϐιωκότων
3631 3267 3723 3320 καὶ

2137 3358 2247 3417 τοῖς
2272 3354 2330 3420 ἐξ
2351 3354 2528 3408 αὑτῶν
2553 3354 2700 3407 αἰτία
2712 3353 2806 3406 τοῦ
2843 3354 3110 3423 βελτίονος
3138 3357 3367 3423 γίνεται.
3395 3358 3500 3410 Καὶ
3533 3358 3723 3428 μυρίαι

2136 3446 2339 3499 τούτων
2386 3448 2450 3498 ἐκ
2490 3447 2588 3514 τῆς
2630 3446 2987 3501 θεοπνεύστου
3038 3449 3260 3520 Γραφῆς
3313 3452 3368 3502 αί
3405 3450 3721 3522 μαρτυρίαι,

2137 3536 2204 3589 δι’
2247 3530 2324 3589 ὧν
2364 3536 2554 3605 σαφῶς
2589 3537 2952 3608 διδασκόμεθα
2991 3539 3089 3608 τῆς
3116 3541 3266 3611 παρὰ
3288 3539 3380 3594 τοῦ
3403 3542 3536 3594 Θεοῦ
3567 3558 3723 3610 γενος

2142 3626 2308 3695 μένης
2337 3629 2450 3690 τοῖς
2477 3625 2649 3689 ἀξίοις
2673 3627 2999 3698 κηδεμονίας
3021 3629 3116 3681 καὶ
3144 3630 3269 3692 τοὺς
3287 3630 3345 3696 ἐξ
3381 3630 3559 3682 αὐτῶν
3583 3649 3722 3702 συμ-

2143 3719 2410 3788 μετέχειν.
2442 3719 2669 3786 Ἀγαθὸν
2700 3721 2745 3772 δ’
2785 3719 2850 3772 ἂν
2879 3719 2963 3790 εἴη
2999 3721 3289 3788 κεφάλαιον
3321 3723 3414 3775 καὶ
3446 3723 3506 3775 τὸ
3544 3725 3720 3792 ἐμπο-

2137 3809 2241 3861 δών
2273 3827 2376 3862 τινι
2417 3811 2556 3882 πρὸς
2593 3812 2790 3864 κακίαν
2824 3813 3076 3880 γενέσθαι
3109 3812 3186 3883 τῷ
3223 3812 3468 3883 μέλλοντι
3504 3816 3722 3881 πάντως

2140 3903 2259 3954 κατ’
2288 3902 2502 3972 ἐκείνην
2541 3901 2851 3971 βιώσεσθαι.
2898 3903 3052 3956 Ἐπεὶ
3104 3904 3160 3956 δὲ
3192 3903 3300 3957 τῶν
3343 3903 3554 3975 ἀδήλων
3581 3907 3609 3959 ὁ
3637 3907 3723 3960 λό-

2139 4010 2233 4061 γος
2260 3993 2490 4046 ἐνταῦθα
2511 3997 3002 4066 καταστοχάζεται,
3037 3997 3251 4058 πάντως
3279 3996 3452 4061 οὐδεὶς
3480 3999 3721 4052 αίτιάσε-

2139 4102 2248 4148 ται,
2279 4085 2522 4156 πολλαχῆ
2579 4087 2673 4139 τοῦ
2719 4088 3024 4159 στοχασμοῦ
3056 4087 3154 4158 τὴν
3194 4088 3430 4142 διάνοιαν
3474 4091 3718 4159 ἄγοντος.

2141 4174 2216 4226 Οὑ
2260 4175 2420 4244 μόνον
2464 4176 2572 4247 γὰρ
2624 4180 2736 4240 τοῖς
2770 4177 3200 4248 καθηγουμένοις
3240 4178 3334 4231 τοῦ
3367 4179 3556 4248 γένους
3581 4183 3722 4236 εἴποι

2139 4284 2224 4329 τις
2254 4266 2319 4320 ἂν
2377 4267 2468 4320 τὸν
2513 4267 2646 4321 Θεὸν
2686 4270 3041 4340 χαριζόμενον
3084 4271 3375 4339 ὑπεξάγειν
3401 4276 3502 4345 τῆς
3545 4278 3722 4346 κακῆς

2141 4359 2286 4428 ζωῆς
2321 4359 2411 4412 τὸν
2465 4361 2581 4414 κατ’
2614 4363 2784 4432 αὐτὴν
2819 4362 3166 4433 βιωσόμενον,
3210 4364 3324 4417 ἀλλ’
3352 4367 3399 4418 εί
3429 4368 3524 4421 καὶ
3556 4369 3722 4438 μηδὲν

458 4449 675 4518 generis
700 4451 1100 4520 gratiﬁcantem
1134 4451 1303 4508 Deum
1360 4454 1560 4509 dixerit
1596 4456 1794 4526 aliquis
1835 4473 1900 4512 ex
1933 4457 2034 4511 im-

2144 4452 2230 4520 εἴη
2263 4451 2503 4505 τοιοῦτον
2532 4454 2754 4506 ἐπὶτῶν
2783 4455 2888 4525 πρὸ
2924 4454 3073 4526 ὥρας
3109 4457 3592 4530 ἀναρπαζομένων,
3628 4461 3721 4513 οὑ·-

459 4541 632 4610 proba
665 4542 779 4595 vita
817 4542 1123 4598 subducere
1145 4560 1268 4598 eum
1297 4545 1391 4614 (,ui
1425 4546 1478 4599 in
1518 4562 1579 4600 ea
1615 4547 1863 4603 victurus
1903 4548 2038 4604 fuis-

459 4641 567 4698 set,
607 4648 796 4687 verum
825 4634 988 4688 etiam
1019 4635 1064 4688 si
1106 4635 1240 4689 nihil
1285 4636 1557 4706 ejusmodi
1597 4639 1670 4692 sit
1700 4639 1754 4692 in
1815 4640 1902 4703 iis,
1943 4642 2036 4710 qui

461 4734 792 4797 praemature
843 4724 1232 4794 abripiuntur,
1293 4725 1439 4780 haud
1506 4727 1808 4782 absurdum
1874 4729 2040 4785 fuerit

460 4817 674 4888 opinari
715 4816 958 4871 atrocius
981 4831 1042 4869 ac
1067 4817 1436 4885 periculosius
1462 4819 1584 4874 illos
1613 4835 1735 4874 sese
1760 4820 1813 4873 in
1846 4821 2037 4876 vitiosa

459 4911 571 4963 vita
598 4915 853 4978 gesturos
885 4907 1076 4972 fuisse,
1107 4923 1268 4976 quam
1295 4907 1512 4962 illorum
1549 4926 1900 4980 quemquam,
1944 4914 2037 4983 qui

459 5001 531 5056 ob
575 5004 744 5054 vitam
778 5013 1012 5067 nequam
1065 5008 1228 5065 atque
1261 5000 1562 5069 improbam
1598 5002 1869 5056 nobilitati
1918 5003 2037 5060 fue-

459 5094 594 5149 rint.
627 5093 758 5145 Nam
787 5091 926 5145 nihil
952 5090 1065 5144 ﬁeri
1109 5091 1228 5144 sine
1259 5087 1369 5142 Deo
1401 5107 1468 5145 ex
1502 5093 1690 5148 multis
1732 5095 1897 5149 rebus
1952 5095 2038 5150 di-

463 5186 748 5241 dicimus:
815 5198 1038 5236 rursum
1097 5197 1228 5236 vero
1273 5198 1381 5236 non
1450 5183 1676 5238 fortuita
1737 5201 1882 5250 esse,
1940 5204 2040 5243 nec

461 5277 677 5332 ratione
729 5291 921 5331 carere
979 5291 1042 5329 ea
1077 5292 1196 5344 qua:
1235 5275 1503 5330 divinitus
1557 5277 2038 5346 administrantur,

463 5385 627 5424 nemo
652 5384 760 5424 non
790 5368 1149 5430 concesserit,
1189 5368 1373 5422 sciens
1429 5369 1577 5439 quod
1630 5371 1774 5425 Deus
1805 5373 1946 5427 ratio
1979 5391 2042 5428 ac

465 5460 734 5530 sapientia
789 5469 896 5521 est,
940 5465 994 5512 et
1048 5458 1225 5512 omnis
1259 5458 1432 5513 virtus
1486 5475 1552 5512 ac
1608 5460 1837 5516 veritas.
1896 5462 2041 5518 Nihil

465 5563 645 5607 autem
691 5551 940 5614 rationis,
975 5550 1185 5604 ratione
1216 5557 1387 5611 caret,
1437 5567 1614 5621 neque
1649 5554 1915 5622 sapientis
1945 5557 2045 5610 ali-

465 5645 595 5715 quid
639 5645 904 5716 insipiens
947 5654 1050 5706 est,
1084 5658 1259 5712 neque
1290 5651 1404 5696 tum
1438 5645 1644 5710 virtus,
1679 5653 1792 5701 tum
1841 5648 2042 5704 veritas

462 5735 752 5792 admiserit
780 5743 944 5811 atque
985 5733 1309 5788 sustinuerit
1362 5733 1416 5788 id
1458 5735 1603 5792 uuod
1666 5752 1790 5791 cum
1842 5737 2044 5795 virtute

2143 4541 2232 4594 δὲν
2259 4543 2486 4607 ἀπεικὸς
2509 4544 2738 4611 οἴεσθαι,
2764 4546 2825 4599 τὸ
2856 4546 3235 4620 χαλεπώτερον
3269 4550 3334 4603 ἂν
3367 4551 3606 4616 ἐκείνους
3630 4553 3722 4606 άν-

2141 4633 2570 4702 τιλαμὸάνεσθαι
2599 4637 2692 4689 τοῦ
2719 4637 2858 4691 κατὰ
2885 4637 3084 4692 κακίαν
3129 4639 3268 4710 βίου,
3298 4641 3331 4712 ἢ
3365 4642 3569 4696 τούτων
3595 4645 3721 4697 ἕκα-

2143 4746 2266 4782 στον
2297 4729 2404 4782 τῶν
2439 4731 2530 4784 ἐπὶ
2573 4732 2808 4803 πονηρίᾳ
2848 4733 3257 4804 γνωρισθέντων
3289 4736 3438 4806 παρὰ
3459 4738 3549 4790 τὸν
3585 4737 3718 4807 βίον.

2141 4821 2214 4874 Τὸ
2243 4823 2350 4894 γὰρ
2379 4823 2543 4892 μηδὲν
2566 4824 2715 4878 ἀθεεὶ
2735 4824 3000 4892 γίνεσθαι,
3020 4826 3108 4881 διὰ
3139 4827 3344 4881 πολλῶν
3361 4828 3681 4898 ἐγνώκαμεν
3700 4846 3713 4858 °

2139 4913 2201 4966 τὸ
2224 4913 2279 4966 δὲ
2313 4911 2380 4967 αὖ
2410 4915 2570 4968 πάλιν
2595 4915 2669 4985 μὴ
2698 4917 2894 4985 τυχαῖά
2928 4935 2984 4970 τε
3013 4921 3105 4972 καὶ
3139 4920 3307 4986 ἄλογα
3338 4915 3475 4972 εἶναι
3499 4922 3567 4974 τὰ
3603 4921 3721 4974 θεό-

2143 5006 2234 5060 θεν
2263 5007 2712 5076 οίκονομοὺμενα,
2748 5010 2854 5071 πᾶς
2896 5009 2962 5063 ἂν
3007 5010 3410 5081 ὁμολογήσειεν,
3439 5012 3590 5076 εἰδὼς
3639 5014 3721 5067 ὅτι

2141 5099 2319 5161 όΘεδς
2351 5099 2504 5167 λόγος
2542 5101 2677 5163 ἐστὶ,
2710 5100 2802 5152 καὶ
2859 5102 3042 5166 σοφία,
3093 5103 3186 5154 καὶ
3233 5105 3380 5156 πᾶσα
3425 5104 3592 5174 ἀρετὴ
3630 5107 3724 5160 καὶ

2142 5190 2460 5258 ἀλήθεια,...
2511 5189 2571 5242 τὸ
2626 5189 2700 5262 μὴ
2751 5192 3001 5262 ἑνάρετόν
3028 5211 3085 5246 τε
3110 5196 3202 5246 καὶ
3241 5194 3346 5258 ἔξω
3367 5195 3460 5248 τοῦ
3490 5173 3724 5266 ἀληθοῦς

2142 5279 2512 5345 καταδέξαιτο.
2568 5283 2690 5335 Εἴτε
2749 5278 2842 5335 οὖν
2886 5283 3025 5336 κατά
3067 5284 3165 5347 τὰς
3205 5287 3500 5356 εἰρημένας
3546 5289 3724 5354 αίτίας

2142 5371 2309 5442 ἇωροί
2337 5390 2477 5437 τινες
2537 5374 2960 5446 άναρπάζονται,
2996 5375 3103 5428 είτε
3141 5395 3190 5429 τι
3235 5379 3327 5431 καὶ
3355 5379 3539 5451 ἕτερον
3574 5383 3725 5453 παρὰ

2142 5463 2210 5516 τὰ
2238 5465 2500 5534 εἰρημένα
2529 5467 2666 5530 ἐστὶ,
2702 5468 2762 5520 τὸ
2796 5468 3008 5530 πάντως
3044 5469 3135 5522 ἐπὶ
3165 5470 3351 5541 σκοπῷ
3389 5472 3466 5544 τῷ
3497 5473 3724 5544 βελτίονι

2142 5556 2314 5609 ταῦτα
2366 5557 2614 5623 γίνεσθαι
2666 5561 3143 5630 συνομολογείσθαι
3187 5567 3476 5635 προσήκει.
3505 5565 3635 5622 Οἶδα
3666 5569 3723 5623 δέ

2142 5665 2264 5702 τινα
2295 5651 2388 5702 κα)⁵
2421 5649 2576 5718 λόγον
2607 5651 2791 5722 ἕτερον
2825 5654 2973 5726 παρά
3004 5655 3104 5725 τῆς
3137 5657 3230 5710 τοῦ
3277 5657 3599 5714 Ἀποστόλου
3632 5679 3722 5714 σο-

2145 5741 2273 5812 φίας
2306 5741 2512 5812 μαθὼν,
2543 5745 2608 5797 δι’
2634 5746 2692 5800 ὃν
2714 5763 2855 5811 τινες
2898 5747 3006 5802 τῶν
3048 5751 3188 5805 κατά
3227 5750 3426 5806 κακίαν
3456 5753 3724 5825 ὑπερϐαλ-
