  <div class='ocr_page' id='page_1' title='image "/cluster/home/n/w/nwhite01/storage/ocr_20150623/46/nnc1.0046978380/102.png"; bbox 0 0 4096 6354; ppageno 0'>
   <div class='ocr_carea' id='block_1_1' title="bbox 388 307 493 363">
    <p class='ocr_par' dir='ltr' id='par_1_1' title="bbox 388 307 493 363">
     <span class='ocr_line' id='line_1_1' title="bbox 388 307 493 363; baseline 0 -1"><span class='ocrx_word' id='word_1_1' title='bbox 388 307 493 363; x_wconf 72' lang='grc'><strong>189</strong></span> 
     </span>
    </p>
   </div>
   <div class='ocr_carea' id='block_1_2' title="bbox 1187 313 2922 385">
    <p class='ocr_par' dir='ltr' id='par_1_2' title="bbox 1187 313 2922 385">
     <span class='ocr_line' id='line_1_2' title="bbox 1187 313 2922 385; baseline 0.007 -18"><span class='ocrx_word' id='word_1_2' title='bbox 1187 313 1272 369; x_wconf 89' lang='lat' dir='ltr'><strong>DE</strong></span> <span class='ocrx_word' id='word_1_3' title='bbox 1316 314 1729 374; x_wconf 80' lang='lat' dir='ltr'><strong>INFANTIBUS</strong></span> <span class='ocrx_word' id='word_1_4' title='bbox 1772 317 1894 385; x_wconf 83' lang='lat' dir='ltr'><strong>QlJl</strong></span> <span class='ocrx_word' id='word_1_5' title='bbox 1932 317 2394 375; x_wconf 63' lang='lat' dir='ltr'><strong>PREMATURE</strong></span> <span class='ocrx_word' id='word_1_6' title='bbox 2428 320 2922 380; x_wconf 78' lang='lat' dir='ltr'><strong>ABRIPIUNTUR.</strong></span> 
     </span>
    </p>
   </div>
   <div class='ocr_carea' id='block_1_3' title="bbox 3550 327 3653 381">
    <p class='ocr_par' dir='ltr' id='par_1_3' title="bbox 3550 327 3653 381">
     <span class='ocr_line' id='line_1_3' title="bbox 3550 327 3653 381; baseline 0.01 -1"><span class='ocrx_word' id='word_1_7' title='bbox 3550 327 3653 381; x_wconf 71' lang='lat'><strong>190</strong></span> 
     </span>
    </p>
   </div>
   <div class='ocr_carea' id='block_1_4' title="bbox 390 423 1966 506">
    <p class='ocr_par' dir='ltr' id='par_1_4' title="bbox 390 423 1966 498">
     <span class='ocr_line' id='line_1_4' title="bbox 390 423 1966 498; baseline 0.006 -25"><span class='ocrx_word' id='word_1_8' title='bbox 390 428 587 476; x_wconf 62' lang='grc' dir='ltr'>λιντων</span> <span class='ocrx_word' id='word_1_9' title='bbox 616 424 757 478; x_wconf 83' lang='grc' dir='ltr'>κατὰ</span> <span class='ocrx_word' id='word_1_10' title='bbox 788 423 883 495; x_wconf 77' lang='grc' dir='ltr'><strong>τὴν</strong></span> <span class='ocrx_word' id='word_1_11' title='bbox 930 424 1136 478; x_wconf 89' lang='grc' dir='ltr'>ἑαυτῶν</span> <span class='ocrx_word' id='word_1_12' title='bbox 1187 426 1507 498; x_wconf 89' lang='grc' dir='ltr'>προαίρεσιν</span> <span class='ocrx_word' id='word_1_13' title='bbox 1541 428 1703 498; x_wconf 79' lang='grc' dir='ltr'>ζῆσαι</span> <span class='ocrx_word' id='word_1_14' title='bbox 1746 429 1966 498; x_wconf 80' lang='grc' dir='ltr'>ἀφείθη-</span> 
     </span>
    </p>
   </div>
   <div class='ocr_carea' id='block_1_5' title="bbox 2068 423 3652 506">
    <p class='ocr_par' dir='ltr' id='par_1_5' title="bbox 2072 430 3652 506">
     <span class='ocr_line' id='line_1_5' title="bbox 2072 430 3652 506; baseline 0.008 -24"><span class='ocrx_word' id='word_1_15' title='bbox 2072 430 2454 501; x_wconf 87' lang='lat' dir='ltr'><strong>conjunctum,</strong></span> <span class='ocrx_word' id='word_1_16' title='bbox 2480 448 2545 487; x_wconf 90' lang='lat' dir='ltr'><strong>ac</strong></span> <span class='ocrx_word' id='word_1_17' title='bbox 2576 434 2823 490; x_wconf 75' lang='lat' dir='ltr'><strong>veritatis</strong></span> <span class='ocrx_word' id='word_1_18' title='bbox 2860 436 3131 506; x_wconf 73' lang='lat' dir='ltr'><strong>particeps</strong></span> <span class='ocrx_word' id='word_1_19' title='bbox 3162 452 3270 491; x_wconf 90' lang='lat' dir='ltr'><strong>non</strong></span> <span class='ocrx_word' id='word_1_20' title='bbox 3304 437 3487 491; x_wconf 88' lang='lat' dir='ltr'><strong>fuerit.</strong></span> <span class='ocrx_word' id='word_1_21' title='bbox 3524 436 3652 494; x_wconf 77' lang='lat' dir='ltr'><strong>Sive</strong></span> 
     </span>
    </p>
   </div>
   <div class='ocr_carea' id='block_1_6' title="bbox 390 514 1968 589">
    <p class='ocr_par' dir='ltr' id='par_1_6' title="bbox 390 514 1968 589">
     <span class='ocr_line' id='line_1_6' title="bbox 390 514 1968 589; baseline 0.003 -23"><span class='ocrx_word' id='word_1_22' title='bbox 390 532 508 568; x_wconf 84' lang='grc' dir='ltr'>σαν.</span> <span class='ocrx_word' id='word_1_23' title='bbox 542 515 832 585; x_wconf 88' lang='grc' dir='ltr'>Γυμνάσας</span> <span class='ocrx_word' id='word_1_24' title='bbox 848 515 957 586; x_wconf 84' lang='grc' dir='ltr'><strong>γὰρ</strong></span> <span class='ocrx_word' id='word_1_25' title='bbox 986 514 1079 568; x_wconf 79' lang='grc' dir='ltr'><strong>ἐπὶ</strong></span> <span class='ocrx_word' id='word_1_26' title='bbox 1117 514 1276 569; x_wconf 83' lang='grc' dir='ltr'>πλέον</span> <span class='ocrx_word' id='word_1_27' title='bbox 1313 516 1412 586; x_wconf 81' lang='grc' dir='ltr'>τὴν</span> <span class='ocrx_word' id='word_1_28' title='bbox 1444 517 1701 589; x_wconf 79' lang='grc' dir='ltr'><strong>τοιαύτην</strong></span> <span class='ocrx_word' id='word_1_29' title='bbox 1729 518 1968 572; x_wconf 87' lang='grc' dir='ltr'>διάνοιαν</span> 
     </span>
    </p>
   </div>
   <div class='ocr_carea' id='block_1_7' title="bbox 390 605 1969 678">
    <p class='ocr_par' dir='ltr' id='par_1_7' title="bbox 390 605 1969 678">
     <span class='ocr_line' id='line_1_7' title="bbox 390 605 1969 678; baseline 0.002 -20"><span class='ocrx_word' id='word_1_30' title='bbox 390 608 446 658; x_wconf 78' lang='grc' dir='ltr'><strong>ἐν</strong></span> <span class='ocrx_word' id='word_1_31' title='bbox 474 606 551 676; x_wconf 81' lang='grc' dir='ltr'>τῷ</span> <span class='ocrx_word' id='word_1_32' title='bbox 578 606 715 677; x_wconf 84' lang='grc' dir='ltr'>πρὸς</span> <span class='ocrx_word' id='word_1_33' title='bbox 740 607 1041 678; x_wconf 80' lang='grc' dir='ltr'><strong>Ῥωμαίους</strong></span> <span class='ocrx_word' id='word_1_34' title='bbox 1061 605 1225 677; x_wconf 86' lang='grc' dir='ltr'>λόγῳ,</span> <span class='ocrx_word' id='word_1_35' title='bbox 1244 608 1339 660; x_wconf 79' lang='grc' dir='ltr'>καὶ</span> <span class='ocrx_word' id='word_1_36' title='bbox 1360 607 1775 676; x_wconf 85' lang='grc' dir='ltr'>άνθυπενεγκὼν</span> <span class='ocrx_word' id='word_1_37' title='bbox 1792 608 1969 677; x_wconf 83' lang='grc' dir='ltr'>ἑαυτῷ</span> 
     </span>
    </p>
   </div>
   <div class='ocr_carea' id='block_1_8' title="bbox 386 696 1968 771">
    <p class='ocr_par' dir='ltr' id='par_1_8' title="bbox 386 696 1968 771">
     <span class='ocr_line' id='line_1_8' title="bbox 386 696 1968 771; baseline 0.003 -22"><span class='ocrx_word' id='word_1_38' title='bbox 386 698 447 750; x_wconf 83' lang='grc' dir='ltr'><strong>τὸ</strong></span> <span class='ocrx_word' id='word_1_39' title='bbox 469 699 533 750; x_wconf 81' lang='grc' dir='ltr'><strong>ἐκ</strong></span> <span class='ocrx_word' id='word_1_40' title='bbox 553 696 646 750; x_wconf 82' lang='grc' dir='ltr'>τοῦ</span> <span class='ocrx_word' id='word_1_41' title='bbox 677 697 970 751; x_wconf 81' lang='grc' dir='ltr'>ἀκολούθου</span> <span class='ocrx_word' id='word_1_42' title='bbox 999 698 1421 768; x_wconf 85' lang='grc' dir='ltr'>ἀντιτιθέμενον,</span> <span class='ocrx_word' id='word_1_43' title='bbox 1452 699 1513 752; x_wconf 85' lang='grc' dir='ltr'><strong>τὸ</strong></span> <span class='ocrx_word' id='word_1_44' title='bbox 1538 699 1611 771; x_wconf 84' lang='grc' dir='ltr'>μὴ</span> <span class='ocrx_word' id='word_1_45' title='bbox 1642 700 1707 753; x_wconf 88' lang='grc' dir='ltr'><strong>ἂν</strong></span> <span class='ocrx_word' id='word_1_46' title='bbox 1732 700 1968 769; x_wconf 82' lang='grc' dir='ltr'><strong>εὐλόγως</strong></span> 
     </span>
    </p>
   </div>
   <div class='ocr_carea' id='block_1_9' title="bbox 387 789 1967 863">
    <p class='ocr_par' dir='ltr' id='par_1_9' title="bbox 387 789 1967 863">
     <span class='ocr_line' id='line_1_9' title="bbox 387 789 1967 863; baseline 0.004 -23"><span class='ocrx_word' id='word_1_47' title='bbox 387 790 445 840; x_wconf 79' lang='grc' dir='ltr'><strong>ἐν</strong></span> <span class='ocrx_word' id='word_1_48' title='bbox 479 789 630 860; x_wconf 72' lang='grc' dir='ltr'>αἰτίᾳ</span> <span class='ocrx_word' id='word_1_49' title='bbox 694 790 787 842; x_wconf 83' lang='grc' dir='ltr'><strong>τὸν</strong></span> <span class='ocrx_word' id='word_1_50' title='bbox 824 790 995 843; x_wconf 86' lang='grc' dir='ltr'>κακὸν</span> <span class='ocrx_word' id='word_1_51' title='bbox 1020 789 1099 843; x_wconf 78' lang='grc' dir='ltr'>ἔτι</span> <span class='ocrx_word' id='word_1_52' title='bbox 1128 791 1403 859; x_wconf 87' lang='grc' dir='ltr'>γενέσθαι,</span> <span class='ocrx_word' id='word_1_53' title='bbox 1446 792 1602 861; x_wconf 84' lang='grc' dir='ltr'>εἴπερ</span> <span class='ocrx_word' id='word_1_54' title='bbox 1628 790 1811 845; x_wconf 90' lang='grc' dir='ltr'>θεόθεν</span> <span class='ocrx_word' id='word_1_55' title='bbox 1852 792 1967 863; x_wconf 74' lang='grc' dir='ltr'>ἔχει</span> 
     </span>
    </p>
   </div>
   <div class='ocr_carea' id='block_1_10' title="bbox 384 877 1970 955">
    <p class='ocr_par' dir='ltr' id='par_1_10' title="bbox 384 877 1970 955">
     <span class='ocr_line' id='line_1_10' title="bbox 384 877 1970 955; baseline 0.001 -20"><span class='ocrx_word' id='word_1_56' title='bbox 384 882 447 935; x_wconf 75' lang='grc' dir='ltr'>τὸ</span> <span class='ocrx_word' id='word_1_57' title='bbox 472 884 641 945; x_wconf 84' lang='grc' dir='ltr'>κακὸς</span> <span class='ocrx_word' id='word_1_58' title='bbox 664 877 825 948; x_wconf 76' lang='grc' dir='ltr'>εἶναι,</span> <span class='ocrx_word' id='word_1_59' title='bbox 852 884 953 936; x_wconf 88' lang='grc' dir='ltr'><strong>οὐκ</strong></span> <span class='ocrx_word' id='word_1_60' title='bbox 974 882 1040 937; x_wconf 85' lang='grc' dir='ltr'><strong>ἂν</strong></span> <span class='ocrx_word' id='word_1_61' title='bbox 1061 884 1349 953; x_wconf 87' lang='grc' dir='ltr'>γενόμενος</span> <span class='ocrx_word' id='word_1_62' title='bbox 1370 884 1607 947; x_wconf 85' lang='grc' dir='ltr'>πάντως,</span> <span class='ocrx_word' id='word_1_63' title='bbox 1637 884 1793 955; x_wconf 73' lang='grc' dir='ltr'>εἴπερ</span> <span class='ocrx_word' id='word_1_64' title='bbox 1808 885 1970 938; x_wconf 86' lang='grc' dir='ltr'>ἀϐού-</span> 
     </span>
    </p>
   </div>
   <div class='ocr_carea' id='block_1_11' title="bbox 387 970 1968 1050">
    <p class='ocr_par' dir='ltr' id='par_1_11' title="bbox 387 970 1968 1050">
     <span class='ocr_line' id='line_1_11' title="bbox 387 970 1968 1050; baseline 0.003 -24"><span class='ocrx_word' id='word_1_65' title='bbox 387 975 547 1043; x_wconf 86' lang='grc' dir='ltr'>λητον</span> <span class='ocrx_word' id='word_1_66' title='bbox 566 970 634 1046; x_wconf 78' lang='grc' dir='ltr'>ἦν</span> <span class='ocrx_word' id='word_1_67' title='bbox 662 974 739 1046; x_wconf 84' lang='grc' dir='ltr'>τῷ</span> <span class='ocrx_word' id='word_1_68' title='bbox 762 974 1146 1047; x_wconf 82' lang='grc' dir='ltr'>ἐπικρατοῦντι</span> <span class='ocrx_word' id='word_1_69' title='bbox 1172 975 1280 1029; x_wconf 90' lang='grc' dir='ltr'><strong>τῶν</strong></span> <span class='ocrx_word' id='word_1_70' title='bbox 1310 976 1477 1030; x_wconf 83' lang='grc' dir='ltr'>ὅντων</span> <span class='ocrx_word' id='word_1_71' title='bbox 1495 995 1506 1007; x_wconf 85' lang='grc'><strong><em>-</em></strong></span> <span class='ocrx_word' id='word_1_72' title='bbox 1538 976 1711 1040; x_wconf 76' lang='grc' dir='ltr'>οὕτως</span> <span class='ocrx_word' id='word_1_73' title='bbox 1742 978 1968 1050; x_wconf 60' lang='grc' dir='ltr'>ζάπαντᾷ</span> 
     </span>
    </p>
   </div>
   <div class='ocr_carea' id='block_1_12' title="bbox 388 1072 1968 1145">
    <p class='ocr_par' dir='ltr' id='par_1_12' title="bbox 388 1072 1968 1145">
     <span class='ocr_line' id='line_1_12' title="bbox 388 1072 1968 1145; baseline 0.001 -20"><span class='ocrx_word' id='word_1_74' title='bbox 388 1073 465 1143; x_wconf 81' lang='grc' dir='ltr'><strong>τῷ</strong></span> <span class='ocrx_word' id='word_1_75' title='bbox 490 1073 650 1143; x_wconf 87' lang='grc' dir='ltr'>λόγῳ,</span> <span class='ocrx_word' id='word_1_76' title='bbox 677 1073 766 1127; x_wconf 82' lang='grc' dir='ltr'>διὰ</span> <span class='ocrx_word' id='word_1_77' title='bbox 816 1072 1119 1143; x_wconf 83' lang='grc' dir='ltr'><strong>βαθυτέρας</strong></span> <span class='ocrx_word' id='word_1_78' title='bbox 1164 1073 1309 1136; x_wconf 83' lang='grc' dir='ltr'>τινὸς</span> <span class='ocrx_word' id='word_1_79' title='bbox 1345 1074 1574 1145; x_wconf 76' lang='grc' dir='ltr'>θεωρίας</span> <span class='ocrx_word' id='word_1_80' title='bbox 1607 1076 1705 1144; x_wconf 80' lang='grc' dir='ltr'><strong>τὴν</strong></span> <span class='ocrx_word' id='word_1_81' title='bbox 1734 1075 1968 1128; x_wconf 84' lang='grc' dir='ltr'>ἀνθυπο-</span> 
     </span>
    </p>
   </div>
   <div class='ocr_carea' id='block_1_13' title="bbox 390 1164 1966 1237">
    <p class='ocr_par' dir='ltr' id='par_1_13' title="bbox 390 1164 1966 1237">
     <span class='ocr_line' id='line_1_13' title="bbox 390 1164 1966 1237; baseline 0.003 -21"><span class='ocrx_word' id='word_1_82' title='bbox 390 1164 561 1235; x_wconf 67' lang='grc' dir='ltr'>φορὰν</span> <span class='ocrx_word' id='word_1_83' title='bbox 592 1164 896 1221; x_wconf 89' lang='grc' dir='ltr'>ὐπεκλύων.</span> <span class='ocrx_word' id='word_1_84' title='bbox 928 1165 1066 1235; x_wconf 76' lang='grc' dir='ltr'>Φησὶ</span> <span class='ocrx_word' id='word_1_85' title='bbox 1095 1165 1201 1237; x_wconf 83' lang='grc' dir='ltr'>γὰρ</span> <span class='ocrx_word' id='word_1_86' title='bbox 1226 1166 1316 1218; x_wconf 83' lang='grc' dir='ltr'><strong>τὸν</strong></span> <span class='ocrx_word' id='word_1_87' title='bbox 1346 1166 1476 1218; x_wconf 82' lang='grc' dir='ltr'>Θεὸν</span> <span class='ocrx_word' id='word_1_88' title='bbox 1501 1167 1715 1237; x_wconf 78' lang='grc' dir='ltr'>ἑκάστῳ</span> <span class='ocrx_word' id='word_1_89' title='bbox 1751 1168 1811 1219; x_wconf 85' lang='grc' dir='ltr'>τὸ</span> <span class='ocrx_word' id='word_1_90' title='bbox 1847 1168 1966 1220; x_wconf 86' lang='grc' dir='ltr'>κατ’</span> 
     </span>
    </p>
   </div>
   <div class='ocr_carea' id='block_1_14' title="bbox 390 1256 1969 1328">
    <p class='ocr_par' dir='ltr' id='par_1_14' title="bbox 390 1256 1969 1328">
     <span class='ocr_line' id='line_1_14' title="bbox 390 1256 1969 1328; baseline 0 -17"><span class='ocrx_word' id='word_1_91' title='bbox 390 1256 545 1322; x_wconf 78' lang='grc' dir='ltr'>ἀξίαν</span> <span class='ocrx_word' id='word_1_92' title='bbox 572 1256 986 1327; x_wconf 80' lang='grc' dir='ltr'>νέμοντα,ἑστιν</span> <span class='ocrx_word' id='word_1_93' title='bbox 1007 1258 1138 1310; x_wconf 81' lang='grc' dir='ltr'>ὅπου</span> <span class='ocrx_word' id='word_1_94' title='bbox 1173 1258 1266 1310; x_wconf 70' lang='grc' dir='ltr'><strong>καὶ</strong></span> <span class='ocrx_word' id='word_1_95' title='bbox 1290 1260 1355 1328; x_wconf 79' lang='grc' dir='ltr'>τῇ</span> <span class='ocrx_word' id='word_1_96' title='bbox 1379 1259 1547 1328; x_wconf 65' lang='grc' dir='ltr'>κακίᾳ.</span> <span class='ocrx_word' id='word_1_97' title='bbox 1570 1258 1767 1311; x_wconf 85' lang='grc' dir='ltr'>διδόναι</span> <span class='ocrx_word' id='word_1_98' title='bbox 1786 1259 1969 1328; x_wconf 84' lang='grc' dir='ltr'>χώραν</span> 
     </span>
    </p>
   </div>
   <div class='ocr_carea' id='block_1_15' title="bbox 390 1347 1969 1419">
    <p class='ocr_par' dir='ltr' id='par_1_15' title="bbox 390 1347 1969 1419">
     <span class='ocr_line' id='line_1_15' title="bbox 390 1347 1969 1419; baseline 0.002 -19"><span class='ocrx_word' id='word_1_99' title='bbox 390 1349 482 1401; x_wconf 77' lang='grc' dir='ltr'><strong>ἐπὶ</strong></span> <span class='ocrx_word' id='word_1_100' title='bbox 511 1347 697 1417; x_wconf 86' lang='grc' dir='ltr'>σκοπῷ</span> <span class='ocrx_word' id='word_1_101' title='bbox 720 1347 799 1417; x_wconf 84' lang='grc' dir='ltr'>τῷ</span> <span class='ocrx_word' id='word_1_102' title='bbox 818 1347 1063 1416; x_wconf 79' lang='grc' dir='ltr'>βελτίονι.</span> <span class='ocrx_word' id='word_1_103' title='bbox 1080 1348 1283 1401; x_wconf 83' lang='grc' dir='ltr'>Τούτου</span> <span class='ocrx_word' id='word_1_104' title='bbox 1305 1349 1415 1419; x_wconf 86' lang='grc' dir='ltr'><strong>γάρ</strong></span> <span class='ocrx_word' id='word_1_105' title='bbox 1435 1349 1618 1402; x_wconf 73' lang='grc' dir='ltr'>ἕνεκεν</span> <span class='ocrx_word' id='word_1_106' title='bbox 1640 1350 1788 1402; x_wconf 83' lang='grc' dir='ltr'>εῐασε</span> <span class='ocrx_word' id='word_1_107' title='bbox 1818 1351 1969 1419; x_wconf 80' lang='grc' dir='ltr'>γενέ-</span> 
     </span>
    </p>
   </div>
   <div class='ocr_carea' id='block_1_16' title="bbox 394 1438 1965 1512">
    <p class='ocr_par' dir='ltr' id='par_1_16' title="bbox 394 1438 1965 1512">
     <span class='ocr_line' id='line_1_16' title="bbox 394 1438 1965 1512; baseline 0.001 -21"><span class='ocrx_word' id='word_1_108' title='bbox 394 1439 536 1500; x_wconf 84' lang='grc' dir='ltr'>σθαι,</span> <span class='ocrx_word' id='word_1_109' title='bbox 570 1439 664 1491; x_wconf 81' lang='grc' dir='ltr'>καὶ</span> <span class='ocrx_word' id='word_1_110' title='bbox 691 1438 929 1491; x_wconf 77' lang='grc' dir='ltr'>τοιοῦτον</span> <span class='ocrx_word' id='word_1_111' title='bbox 959 1439 1208 1506; x_wconf 79' lang='grc' dir='ltr'>γενέσθαι</span> <span class='ocrx_word' id='word_1_112' title='bbox 1242 1439 1333 1492; x_wconf 70' lang='grc' dir='ltr'><strong>τὸν</strong></span> <span class='ocrx_word' id='word_1_113' title='bbox 1355 1439 1646 1507; x_wconf 81' lang='grc' dir='ltr'>Αίγύπτιον</span> <span class='ocrx_word' id='word_1_114' title='bbox 1682 1441 1965 1512; x_wconf 82' lang='grc' dir='ltr'>τύραννον,</span> 
     </span>
    </p>
   </div>
   <div class='ocr_carea' id='block_1_17' title="bbox 389 1529 1965 1603">
    <p class='ocr_par' dir='ltr' id='par_1_17' title="bbox 389 1529 1965 1603">
     <span class='ocr_line' id='line_1_17' title="bbox 389 1529 1965 1603; baseline 0.003 -20"><span class='ocrx_word' id='word_1_115' title='bbox 389 1531 465 1594; x_wconf 84' lang='grc' dir='ltr'>ὡς</span> <span class='ocrx_word' id='word_1_116' title='bbox 492 1530 557 1584; x_wconf 83' lang='grc' dir='ltr'><strong>ἂν</strong></span> <span class='ocrx_word' id='word_1_117' title='bbox 587 1533 653 1601; x_wconf 84' lang='grc' dir='ltr'>τῇ</span> <span class='ocrx_word' id='word_1_118' title='bbox 678 1531 886 1583; x_wconf 87' lang='grc' dir='ltr'>ἐκείνου</span> <span class='ocrx_word' id='word_1_119' title='bbox 914 1529 1094 1600; x_wconf 80' lang='grc' dir='ltr'>πληγῇ</span> <span class='ocrx_word' id='word_1_120' title='bbox 1126 1531 1154 1582; x_wconf 99' lang='lat'><strong>6</strong></span> <span class='ocrx_word' id='word_1_121' title='bbox 1195 1531 1411 1602; x_wconf 84' lang='grc' dir='ltr'>Ἰσραὴλ</span> <span class='ocrx_word' id='word_1_122' title='bbox 1445 1532 1777 1603; x_wconf 89' lang='grc' dir='ltr'>παιδευθείη,</span> <span class='ocrx_word' id='word_1_123' title='bbox 1805 1534 1833 1585; x_wconf 90' lang='lat'><strong>6</strong></span> <span class='ocrx_word' id='word_1_124' title='bbox 1865 1551 1965 1588; x_wconf 88' lang='grc' dir='ltr'>πο-</span> 
     </span>
    </p>
   </div>
   <div class='ocr_carea' id='block_1_18' title="bbox 389 1623 1967 1697">
    <p class='ocr_par' dir='ltr' id='par_1_18' title="bbox 389 1623 1967 1697">
     <span class='ocr_line' id='line_1_18' title="bbox 389 1623 1967 1697; baseline 0.001 -20"><span class='ocrx_word' id='word_1_125' title='bbox 389 1626 484 1689; x_wconf 85' lang='grc' dir='ltr'><strong>λύς</strong></span> <span class='ocrx_word' id='word_1_126' title='bbox 509 1625 715 1687; x_wconf 83' lang='grc' dir='ltr'>ἐκεῖνος</span> <span class='ocrx_word' id='word_1_127' title='bbox 746 1623 891 1687; x_wconf 82' lang='grc' dir='ltr'>λαὸς,</span> <span class='ocrx_word' id='word_1_128' title='bbox 919 1624 1015 1678; x_wconf 75' lang='grc' dir='ltr'>καὶ</span> <span class='ocrx_word' id='word_1_129' title='bbox 1042 1625 1224 1676; x_wconf 72' lang='grc' dir='ltr'>πᾶσαν</span> <span class='ocrx_word' id='word_1_130' title='bbox 1252 1624 1349 1694; x_wconf 80' lang='grc' dir='ltr'><strong>τὴν</strong></span> <span class='ocrx_word' id='word_1_131' title='bbox 1382 1623 1441 1688; x_wconf 80' lang='grc' dir='ltr'>ἐξ</span> <span class='ocrx_word' id='word_1_132' title='bbox 1479 1623 1712 1695; x_wconf 82' lang='grc' dir='ltr'>ἀριθμοῦ</span> <span class='ocrx_word' id='word_1_133' title='bbox 1742 1626 1967 1697; x_wconf 86' lang='grc' dir='ltr'>περίλη-</span> 
     </span>
    </p>
   </div>
   <div class='ocr_carea' id='block_1_19' title="bbox 390 1714 1967 1786">
    <p class='ocr_par' dir='ltr' id='par_1_19' title="bbox 390 1714 1967 1786">
     <span class='ocr_line' id='line_1_19' title="bbox 390 1714 1967 1786; baseline 0.001 -17"><span class='ocrx_word' id='word_1_134' title='bbox 390 1716 482 1784; x_wconf 71' lang='grc' dir='ltr'><strong>ψιν</strong></span> <span class='ocrx_word' id='word_1_135' title='bbox 507 1715 816 1769; x_wconf 89' lang='grc' dir='ltr'>διαϐαίνων.</span> <span class='ocrx_word' id='word_1_136' title='bbox 853 1716 1013 1778; x_wconf 84' lang='grc' dir='ltr'>Ἴσως</span> <span class='ocrx_word' id='word_1_137' title='bbox 1068 1715 1176 1785; x_wconf 72' lang='grc' dir='ltr'>γὰρ</span> <span class='ocrx_word' id='word_1_138' title='bbox 1226 1715 1326 1785; x_wconf 83' lang='grc' dir='ltr'><strong>τῆς</strong></span> <span class='ocrx_word' id='word_1_139' title='bbox 1356 1714 1506 1778; x_wconf 87' lang='grc' dir='ltr'>θείας</span> <span class='ocrx_word' id='word_1_140' title='bbox 1553 1716 1831 1786; x_wconf 87' lang='grc' dir='ltr'>δυνάμεως</span> <span class='ocrx_word' id='word_1_141' title='bbox 1879 1716 1967 1770; x_wconf 81' lang='grc' dir='ltr'>διὰ</span> 
     </span>
    </p>
   </div>
   <div class='ocr_carea' id='block_1_20' title="bbox 391 1804 1969 1878">
    <p class='ocr_par' dir='ltr' id='par_1_20' title="bbox 391 1804 1969 1878">
     <span class='ocr_line' id='line_1_20' title="bbox 391 1804 1969 1878; baseline 0.003 -21"><span class='ocrx_word' id='word_1_142' title='bbox 391 1806 608 1859; x_wconf 87' lang='grc' dir='ltr'>πάντων</span> <span class='ocrx_word' id='word_1_143' title='bbox 646 1804 1079 1876; x_wconf 78' lang='grc' dir='ltr'>γνωριζομένης,</span> <span class='ocrx_word' id='word_1_144' title='bbox 1120 1805 1369 1875; x_wconf 76' lang='grc' dir='ltr'>καὶπρὸς</span> <span class='ocrx_word' id='word_1_145' title='bbox 1408 1806 1468 1858; x_wconf 85' lang='grc' dir='ltr'><strong>τὸ</strong></span> <span class='ocrx_word' id='word_1_146' title='bbox 1501 1807 1805 1878; x_wconf 80' lang='grc' dir='ltr'>εὐεργετεῖν</span> <span class='ocrx_word' id='word_1_147' title='bbox 1842 1809 1969 1872; x_wconf 88' lang='grc' dir='ltr'><strong>τούς</strong></span> 
     </span>
    </p>
   </div>
   <div class='ocr_carea' id='block_1_21' title="bbox 391 1892 1968 1965">
    <p class='ocr_par' dir='ltr' id='par_1_21' title="bbox 391 1892 1968 1965">
     <span class='ocr_line' id='line_1_21' title="bbox 391 1892 1968 1965; baseline -0.009 -15"><span class='ocrx_word' id='word_1_148' title='bbox 391 1896 570 1960; x_wconf 75' lang='grc' dir='ltr'>ἀξίους</span> <span class='ocrx_word' id='word_1_149' title='bbox 608 1895 806 1957; x_wconf 83' lang='grc' dir='ltr'>ἱκανῶς</span> <span class='ocrx_word' id='word_1_150' title='bbox 837 1892 1064 1964; x_wconf 88' lang='grc' dir='ltr'>ἐχούσης</span> <span class='ocrx_word' id='word_1_151' title='bbox 1090 1911 1102 1924; x_wconf 78' lang='grc' dir='ltr'><strong>ο</strong></span> <span class='ocrx_word' id='word_1_152' title='bbox 1138 1893 1261 1946; x_wconf 75' lang='grc' dir='ltr'>ἐπεὶ</span> <span class='ocrx_word' id='word_1_153' title='bbox 1287 1893 1342 1945; x_wconf 78' lang='grc' dir='ltr'><strong>δὲ</strong></span> <span class='ocrx_word' id='word_1_154' title='bbox 1376 1894 1591 1957; x_wconf 80' lang='grc' dir='ltr'>πάντως</span> <span class='ocrx_word' id='word_1_155' title='bbox 1615 1894 1784 1965; x_wconf 86' lang='grc' dir='ltr'>ἐχρῆν</span> <span class='ocrx_word' id='word_1_156' title='bbox 1811 1895 1968 1949; x_wconf 86' lang='grc' dir='ltr'>ἀποι.</span> 
     </span>
    </p>
   </div>
   <div class='ocr_carea' id='block_1_22' title="bbox 393 1984 1967 2057">
    <p class='ocr_par' dir='ltr' id='par_1_22' title="bbox 393 1984 1967 2057">
     <span class='ocr_line' id='line_1_22' title="bbox 393 1984 1967 2057; baseline 0 -18"><span class='ocrx_word' id='word_1_157' title='bbox 393 1986 643 2056; x_wconf 76' lang='grc' dir='ltr'>γισθῆναι</span> <span class='ocrx_word' id='word_1_158' title='bbox 665 1986 764 2057; x_wconf 86' lang='grc' dir='ltr'><strong>τῆς</strong></span> <span class='ocrx_word' id='word_1_159' title='bbox 794 1984 1067 2054; x_wconf 78' lang='grc' dir='ltr'>Αἰγύπτου</span> <span class='ocrx_word' id='word_1_160' title='bbox 1114 1984 1205 2038; x_wconf 83' lang='grc' dir='ltr'><strong>τὸν</strong></span> <span class='ocrx_word' id='word_1_161' title='bbox 1243 1985 1369 2037; x_wconf 82' lang='grc' dir='ltr'>λαὸν</span> <span class='ocrx_word' id='word_1_162' title='bbox 1401 1986 1628 2049; x_wconf 84' lang='grc' dir='ltr'>ἐκεῖνον,</span> <span class='ocrx_word' id='word_1_163' title='bbox 1667 1987 1743 2049; x_wconf 84' lang='grc' dir='ltr'>ὠς</span> <span class='ocrx_word' id='word_1_164' title='bbox 1791 1986 1857 2039; x_wconf 86' lang='grc' dir='ltr'><strong>ἂν</strong></span> <span class='ocrx_word' id='word_1_165' title='bbox 1891 1986 1967 2057; x_wconf 84' lang='grc' dir='ltr'>μή</span> 
     </span>
    </p>
   </div>
   <div class='ocr_carea' id='block_1_23' title="bbox 391 2077 1970 2152">
    <p class='ocr_par' dir='ltr' id='par_1_23' title="bbox 391 2077 1970 2152">
     <span class='ocr_line' id='line_1_23' title="bbox 391 2077 1970 2152; baseline 0 -21"><span class='ocrx_word' id='word_1_166' title='bbox 391 2095 475 2140; x_wconf 91' lang='grc' dir='ltr'><strong>τις</strong></span> <span class='ocrx_word' id='word_1_167' title='bbox 510 2080 693 2143; x_wconf 81' lang='grc' dir='ltr'>αὐτοῖς</span> <span class='ocrx_word' id='word_1_168' title='bbox 738 2077 948 2146; x_wconf 82' lang='grc' dir='ltr'>γένοιτο</span> <span class='ocrx_word' id='word_1_169' title='bbox 999 2077 1107 2131; x_wconf 92' lang='grc' dir='ltr'><strong>τῶν</strong></span> <span class='ocrx_word' id='word_1_170' title='bbox 1138 2077 1450 2146; x_wconf 82' lang='grc' dir='ltr'>Αἰγυπτίων</span> <span class='ocrx_word' id='word_1_171' title='bbox 1486 2078 1668 2132; x_wconf 84' lang='grc' dir='ltr'>κακῶν</span> <span class='ocrx_word' id='word_1_172' title='bbox 1698 2079 1839 2133; x_wconf 88' lang='grc' dir='ltr'><strong>κατά</strong></span> <span class='ocrx_word' id='word_1_173' title='bbox 1871 2080 1970 2152; x_wconf 83' lang='grc' dir='ltr'>τὴν</span> 
     </span>
    </p>
   </div>
   <div class='ocr_carea' id='block_1_24' title="bbox 392 2170 1970 2241">
    <p class='ocr_par' dir='ltr' id='par_1_24' title="bbox 392 2170 1970 2241">
     <span class='ocr_line' id='line_1_24' title="bbox 392 2170 1970 2241; baseline 0.001 -18"><span class='ocrx_word' id='word_1_174' title='bbox 392 2170 485 2223; x_wconf 82' lang='grc' dir='ltr'>τοῦ</span> <span class='ocrx_word' id='word_1_175' title='bbox 520 2170 634 2240; x_wconf 85' lang='grc' dir='ltr'>βίου</span> <span class='ocrx_word' id='word_1_176' title='bbox 676 2171 882 2241; x_wconf 83' lang='grc' dir='ltr'>πλάνην</span> <span class='ocrx_word' id='word_1_177' title='bbox 933 2171 1205 2234; x_wconf 86' lang='grc' dir='ltr'>κοινωνία,</span> <span class='ocrx_word' id='word_1_178' title='bbox 1234 2170 1424 2223; x_wconf 88' lang='grc' dir='ltr'>τούτου</span> <span class='ocrx_word' id='word_1_179' title='bbox 1451 2170 1612 2241; x_wconf 87' lang='grc' dir='ltr'>χάριν</span> <span class='ocrx_word' id='word_1_180' title='bbox 1651 2171 1679 2223; x_wconf 91' lang='lat'><strong>6</strong></span> <span class='ocrx_word' id='word_1_181' title='bbox 1706 2170 1970 2241; x_wconf 86' lang='grc' dir='ltr'>θεομάχος</span> 
     </span>
    </p>
   </div>
   <div class='ocr_carea' id='block_1_25' title="bbox 393 2262 1969 2334">
    <p class='ocr_par' dir='ltr' id='par_1_25' title="bbox 393 2262 1969 2334">
     <span class='ocr_line' id='line_1_25' title="bbox 393 2262 1969 2334; baseline 0.001 -20"><span class='ocrx_word' id='word_1_182' title='bbox 393 2265 597 2328; x_wconf 85' lang='grc' dir='ltr'>ἐκεῖνος</span> <span class='ocrx_word' id='word_1_183' title='bbox 624 2266 652 2317; x_wconf 92' lang='lat'><strong>6</strong></span> <span class='ocrx_word' id='word_1_184' title='bbox 683 2263 775 2316; x_wconf 78' lang='grc' dir='ltr'>ἐπὶ</span> <span class='ocrx_word' id='word_1_185' title='bbox 814 2264 975 2317; x_wconf 70' lang='grc' dir='ltr'>παντὶ</span> <span class='ocrx_word' id='word_1_186' title='bbox 1020 2262 1174 2333; x_wconf 84' lang='grc' dir='ltr'>κακῷ</span> <span class='ocrx_word' id='word_1_187' title='bbox 1211 2262 1505 2332; x_wconf 86' lang='grc' dir='ltr'>ὀνομαστὸς</span> <span class='ocrx_word' id='word_1_188' title='bbox 1532 2262 1731 2334; x_wconf 81' lang='grc' dir='ltr'>Φαραὼ</span> <span class='ocrx_word' id='word_1_189' title='bbox 1759 2267 1826 2333; x_wconf 81' lang='grc' dir='ltr'>τῇ</span> <span class='ocrx_word' id='word_1_190' title='bbox 1858 2264 1969 2334; x_wconf 77' lang='grc' dir='ltr'><strong>ζωῇ</strong></span> 
     </span>
    </p>
   </div>
   <div class='ocr_carea' id='block_1_26' title="bbox 395 2354 1968 2425">
    <p class='ocr_par' dir='ltr' id='par_1_26' title="bbox 395 2354 1968 2425">
     <span class='ocr_line' id='line_1_26' title="bbox 395 2354 1968 2425; baseline 0.001 -17"><span class='ocrx_word' id='word_1_191' title='bbox 395 2356 500 2408; x_wconf 90' lang='grc' dir='ltr'><strong>τῶν</strong></span> <span class='ocrx_word' id='word_1_192' title='bbox 545 2355 1014 2425; x_wconf 84' lang='grc' dir='ltr'>εὐεργετουμένων</span> <span class='ocrx_word' id='word_1_193' title='bbox 1043 2355 1365 2424; x_wconf 85' lang='grc' dir='ltr'>συνανέσχεν</span> <span class='ocrx_word' id='word_1_194' title='bbox 1391 2371 1450 2406; x_wconf 90' lang='grc' dir='ltr'><strong>τε</strong></span> <span class='ocrx_word' id='word_1_195' title='bbox 1482 2354 1574 2407; x_wconf 83' lang='grc' dir='ltr'>καὶ</span> <span class='ocrx_word' id='word_1_196' title='bbox 1605 2358 1968 2425; x_wconf 88' lang='grc' dir='ltr'>συνήκμασεν,</span> 
     </span>
    </p>
   </div>
   <div class='ocr_carea' id='block_1_27' title="bbox 393 2446 1970 2521">
    <p class='ocr_par' dir='ltr' id='par_1_27' title="bbox 393 2446 1970 2521">
     <span class='ocr_line' id='line_1_27' title="bbox 393 2446 1970 2521; baseline 0.003 -22"><span class='ocrx_word' id='word_1_197' title='bbox 393 2449 468 2509; x_wconf 84' lang='grc' dir='ltr'>ὡς</span> <span class='ocrx_word' id='word_1_198' title='bbox 508 2447 574 2501; x_wconf 82' lang='grc' dir='ltr'>ἂν</span> <span class='ocrx_word' id='word_1_199' title='bbox 598 2448 695 2517; x_wconf 82' lang='grc' dir='ltr'><strong>τῆς</strong></span> <span class='ocrx_word' id='word_1_200' title='bbox 723 2447 914 2517; x_wconf 81' lang='grc' dir='ltr'>διπλῆς</span> <span class='ocrx_word' id='word_1_201' title='bbox 950 2446 1047 2499; x_wconf 78' lang='grc' dir='ltr'>τοῦ</span> <span class='ocrx_word' id='word_1_202' title='bbox 1090 2446 1226 2500; x_wconf 76' lang='grc' dir='ltr'>Θεοῦ</span> <span class='ocrx_word' id='word_1_203' title='bbox 1270 2446 1549 2516; x_wconf 78' lang='grc' dir='ltr'>ἐνεργείας</span> <span class='ocrx_word' id='word_1_204' title='bbox 1574 2449 1657 2515; x_wconf 84' lang='grc' dir='ltr'><strong>ἐφ’</strong></span> <span class='ocrx_word' id='word_1_205' title='bbox 1694 2450 1970 2521; x_wconf 77' lang='grc' dir='ltr'>ἑκατέρων</span> 
     </span>
    </p>
   </div>
   <div class='ocr_carea' id='block_1_28' title="bbox 397 2538 1968 2613">
    <p class='ocr_par' dir='ltr' id='par_1_28' title="bbox 397 2538 1968 2613">
     <span class='ocr_line' id='line_1_28' title="bbox 397 2538 1968 2613; baseline 0.001 -20"><span class='ocrx_word' id='word_1_206' title='bbox 397 2539 757 2611; x_wconf 81' lang='grc' dir='ltr'>μεριζομένης</span> <span class='ocrx_word' id='word_1_207' title='bbox 771 2539 935 2604; x_wconf 80' lang='grc' dir='ltr'>ἀξίως</span> <span class='ocrx_word' id='word_1_208' title='bbox 948 2539 1044 2608; x_wconf 83' lang='grc' dir='ltr'><strong>τὴν</strong></span> <span class='ocrx_word' id='word_1_209' title='bbox 1061 2538 1262 2607; x_wconf 90' lang='grc' dir='ltr'>γνῶσιν</span> <span class='ocrx_word' id='word_1_210' title='bbox 1285 2539 1393 2592; x_wconf 91' lang='grc' dir='ltr'><strong>τῶν</strong></span> <span class='ocrx_word' id='word_1_211' title='bbox 1413 2538 1506 2592; x_wconf 93' lang='grc' dir='ltr'><strong>δύο</strong></span> <span class='ocrx_word' id='word_1_212' title='bbox 1531 2538 1668 2610; x_wconf 86' lang='grc' dir='ltr'>λάϐῃ</span> <span class='ocrx_word' id='word_1_213' title='bbox 1690 2542 1718 2592; x_wconf 92' lang='lat'><strong>6</strong></span> <span class='ocrx_word' id='word_1_214' title='bbox 1735 2541 1968 2613; x_wconf 79' lang='grc' dir='ltr'>Ἰσραὴλ,</span> 
     </span>
    </p>
   </div>
   <div class='ocr_carea' id='block_1_29' title="bbox 392 2629 1971 2700">
    <p class='ocr_par' dir='ltr' id='par_1_29' title="bbox 392 2629 1971 2700">
     <span class='ocr_line' id='line_1_29' title="bbox 392 2629 1971 2700; baseline 0.002 -19"><span class='ocrx_word' id='word_1_215' title='bbox 392 2631 452 2683; x_wconf 78' lang='lat'><strong>16</strong></span> <span class='ocrx_word' id='word_1_216' title='bbox 484 2631 581 2699; x_wconf 85' lang='grc' dir='ltr'><strong>μὲν</strong></span> <span class='ocrx_word' id='word_1_217' title='bbox 614 2632 859 2700; x_wconf 82' lang='grc' dir='ltr'>κρεῖττον</span> <span class='ocrx_word' id='word_1_218' title='bbox 884 2631 970 2698; x_wconf 83' lang='grc' dir='ltr'><strong>ἐφ’</strong></span> <span class='ocrx_word' id='word_1_219' title='bbox 998 2630 1193 2683; x_wconf 78' lang='grc' dir='ltr'>ἑαυτοῦ</span> <span class='ocrx_word' id='word_1_220' title='bbox 1237 2629 1638 2699; x_wconf 84' lang='grc' dir='ltr'>διδασκόμενος,</span> <span class='ocrx_word' id='word_1_221' title='bbox 1666 2632 1726 2684; x_wconf 87' lang='grc' dir='ltr'><strong>τὸ</strong></span> <span class='ocrx_word' id='word_1_222' title='bbox 1758 2632 1813 2684; x_wconf 85' lang='grc' dir='ltr'><strong>δὲ</strong></span> <span class='ocrx_word' id='word_1_223' title='bbox 1842 2649 1971 2685; x_wconf 89' lang='grc' dir='ltr'>σκυ-</span> 
     </span>
    </p>
   </div>
   <div class='ocr_carea' id='block_1_30' title="bbox 394 2718 1967 2792">
    <p class='ocr_par' dir='ltr' id='par_1_30' title="bbox 394 2718 1967 2792">
     <span class='ocr_line' id='line_1_30' title="bbox 394 2718 1967 2792; baseline 0.001 -20"><span class='ocrx_word' id='word_1_224' title='bbox 394 2721 734 2792; x_wconf 84' lang='grc' dir='ltr'>θρωπότερον</span> <span class='ocrx_word' id='word_1_225' title='bbox 758 2721 849 2773; x_wconf 80' lang='grc' dir='ltr'>ἐπὶ</span> <span class='ocrx_word' id='word_1_226' title='bbox 875 2718 982 2773; x_wconf 90' lang='grc' dir='ltr'><strong>τῶν</strong></span> <span class='ocrx_word' id='word_1_227' title='bbox 1013 2720 1099 2774; x_wconf 79' lang='grc' dir='ltr'>διὰ</span> <span class='ocrx_word' id='word_1_228' title='bbox 1117 2721 1314 2775; x_wconf 88' lang='grc' dir='ltr'>κακίαν</span> <span class='ocrx_word' id='word_1_229' title='bbox 1344 2722 1790 2792; x_wconf 81' lang='grc' dir='ltr'>μαστιγουμένων</span> <span class='ocrx_word' id='word_1_230' title='bbox 1807 2722 1967 2784; x_wconf 80' lang='grc' dir='ltr'>ὁρῶν.</span> 
     </span>
    </p>
   </div>
   <div class='ocr_carea' id='block_1_31' title="bbox 389 2812 1968 2883">
    <p class='ocr_par' dir='ltr' id='par_1_31' title="bbox 389 2812 1968 2883">
     <span class='ocr_line' id='line_1_31' title="bbox 389 2812 1968 2883; baseline 0.002 -19"><span class='ocrx_word' id='word_1_231' title='bbox 389 2815 464 2875; x_wconf 85' lang='grc' dir='ltr'><strong>ὡς</strong></span> <span class='ocrx_word' id='word_1_232' title='bbox 492 2812 567 2882; x_wconf 84' lang='grc' dir='ltr'>τῷ</span> <span class='ocrx_word' id='word_1_233' title='bbox 590 2813 979 2883; x_wconf 83' lang='grc' dir='ltr'>ὑπερϐάλλοντι</span> <span class='ocrx_word' id='word_1_234' title='bbox 1014 2812 1114 2881; x_wconf 88' lang='grc' dir='ltr'><strong>τῆς</strong></span> <span class='ocrx_word' id='word_1_235' title='bbox 1144 2813 1335 2881; x_wconf 75' lang='grc' dir='ltr'>σοφίας</span> <span class='ocrx_word' id='word_1_236' title='bbox 1358 2813 1555 2876; x_wconf 80' lang='grc' dir='ltr'>εἰδότος</span> <span class='ocrx_word' id='word_1_237' title='bbox 1580 2814 1673 2866; x_wconf 76' lang='grc' dir='ltr'>τοῦ</span> <span class='ocrx_word' id='word_1_238' title='bbox 1703 2813 1837 2866; x_wconf 78' lang='grc' dir='ltr'>Θεοῦ</span> <span class='ocrx_word' id='word_1_239' title='bbox 1872 2816 1968 2867; x_wconf 75' lang='grc' dir='ltr'>καὶ</span> 
     </span>
    </p>
   </div>
   <div class='ocr_carea' id='block_1_32' title="bbox 392 2902 1965 2974">
    <p class='ocr_par' dir='ltr' id='par_1_32' title="bbox 392 2902 1965 2974">
     <span class='ocr_line' id='line_1_32' title="bbox 392 2902 1965 2974; baseline 0.002 -19"><span class='ocrx_word' id='word_1_240' title='bbox 392 2903 452 2956; x_wconf 85' lang='grc' dir='ltr'><strong>τὸ</strong></span> <span class='ocrx_word' id='word_1_241' title='bbox 505 2903 674 2957; x_wconf 73' lang='grc' dir='ltr'>κακὸν</span> <span class='ocrx_word' id='word_1_242' title='bbox 708 2906 773 2974; x_wconf 83' lang='grc' dir='ltr'>τῇ</span> <span class='ocrx_word' id='word_1_243' title='bbox 818 2903 911 2957; x_wconf 83' lang='grc' dir='ltr'>τοῦ</span> <span class='ocrx_word' id='word_1_244' title='bbox 947 2902 1153 2970; x_wconf 82' lang='grc' dir='ltr'>ἀγαθοῦ</span> <span class='ocrx_word' id='word_1_245' title='bbox 1194 2904 1451 2974; x_wconf 79' lang='grc' dir='ltr'>συνεργία</span> <span class='ocrx_word' id='word_1_246' title='bbox 1481 2904 1965 2973; x_wconf 75' lang='grc' dir='ltr'>μεταχειρίζεσθαι.</span> 
     </span>
    </p>
   </div>
   <div class='ocr_carea' id='block_1_33' title="bbox 389 2993 1967 3067">
    <p class='ocr_par' dir='ltr' id='par_1_33' title="bbox 389 2993 1967 3067">
     <span class='ocr_line' id='line_1_33' title="bbox 389 2993 1967 3067; baseline 0.002 -21"><span class='ocrx_word' id='word_1_247' title='bbox 389 2995 561 3064; x_wconf 81' lang='grc' dir='ltr'>Χρεία</span> <span class='ocrx_word' id='word_1_248' title='bbox 594 2994 703 3065; x_wconf 73' lang='grc' dir='ltr'><strong>γὰρ</strong></span> <span class='ocrx_word' id='word_1_249' title='bbox 729 2993 805 3065; x_wconf 83' lang='grc' dir='ltr'>τῷ</span> <span class='ocrx_word' id='word_1_250' title='bbox 833 2994 1050 3067; x_wconf 77' lang='grc' dir='ltr'>τεχνίτῃ</span> <span class='ocrx_word' id='word_1_251' title='bbox 1086 2995 1157 3063; x_wconf 90' lang='grc' dir='ltr'>(εί</span> <span class='ocrx_word' id='word_1_252' title='bbox 1183 2994 1286 3065; x_wconf 84' lang='grc' dir='ltr'>χρὴ</span> <span class='ocrx_word' id='word_1_253' title='bbox 1314 2995 1405 3047; x_wconf 83' lang='grc' dir='ltr'><strong>τὸν</strong></span> <span class='ocrx_word' id='word_1_254' title='bbox 1434 2995 1784 3048; x_wconf 84' lang='grc' dir='ltr'>ἀποστολικὸν</span> <span class='ocrx_word' id='word_1_255' title='bbox 1810 2997 1967 3064; x_wconf 82' lang='grc' dir='ltr'>λόγον</span> 
     </span>
    </p>
   </div>
   <div class='ocr_carea' id='block_1_34' title="bbox 391 3084 1966 3156">
    <p class='ocr_par' dir='ltr' id='par_1_34' title="bbox 391 3084 1966 3156">
     <span class='ocr_line' id='line_1_34' title="bbox 391 3084 1966 3156; baseline 0.001 -18"><span class='ocrx_word' id='word_1_256' title='bbox 391 3087 483 3138; x_wconf 71' lang='grc' dir='ltr'>καὶ</span> <span class='ocrx_word' id='word_1_257' title='bbox 514 3086 599 3139; x_wconf 83' lang='grc' dir='ltr'><strong>διὰ</strong></span> <span class='ocrx_word' id='word_1_258' title='bbox 628 3086 734 3138; x_wconf 89' lang='grc' dir='ltr'><strong>τῶν</strong></span> <span class='ocrx_word' id='word_1_259' title='bbox 753 3086 1035 3156; x_wconf 79' lang='grc' dir='ltr'>ἡμετέρων</span> <span class='ocrx_word' id='word_1_260' title='bbox 1070 3084 1241 3153; x_wconf 90' lang='grc' dir='ltr'>λόγων</span> <span class='ocrx_word' id='word_1_261' title='bbox 1263 3084 1827 3155; x_wconf 84' lang='grc' dir='ltr'>βεϐαιωθῆναι),χρεία</span> <span class='ocrx_word' id='word_1_262' title='bbox 1851 3088 1966 3139; x_wconf 88' lang='grc' dir='ltr'>τοί-</span> 
     </span>
    </p>
   </div>
   <div class='ocr_carea' id='block_1_35' title="bbox 2072 518 3654 595">
    <p class='ocr_par' dir='ltr' id='par_1_35' title="bbox 2072 518 3654 595">
     <span class='ocr_line' id='line_1_35' title="bbox 2072 518 3654 595; baseline 0.006 -24"><span class='ocrx_word' id='word_1_263' title='bbox 2072 518 2259 589; x_wconf 82' lang='lat' dir='ltr'><strong>igitur,</strong></span> <span class='ocrx_word' id='word_1_264' title='bbox 2291 521 2592 575; x_wconf 85' lang='lat' dir='ltr'><strong>secundum</strong></span> <span class='ocrx_word' id='word_1_265' title='bbox 2624 522 2735 590; x_wconf 89' lang='lat' dir='ltr'><strong>jam</strong></span> <span class='ocrx_word' id='word_1_266' title='bbox 2776 524 2950 579; x_wconf 90' lang='lat' dir='ltr'><strong>dictas</strong></span> <span class='ocrx_word' id='word_1_267' title='bbox 2980 539 3199 591; x_wconf 87' lang='lat' dir='ltr'><strong>causas,</strong></span> <span class='ocrx_word' id='word_1_268' title='bbox 3239 532 3565 595; x_wconf 69' lang='lat' dir='ltr'><strong>praemature</strong></span> <span class='ocrx_word' id='word_1_269' title='bbox 3596 533 3654 581; x_wconf 85' lang='lat' dir='ltr'><strong>et</strong></span> 
     </span>
    </p>
   </div>
   <div class='ocr_carea' id='block_1_36' title="bbox 2071 612 3648 686">
    <p class='ocr_par' dir='ltr' id='par_1_36' title="bbox 2071 612 3648 686">
     <span class='ocr_line' id='line_1_36' title="bbox 2071 612 3648 686; baseline 0.006 -22"><span class='ocrx_word' id='word_1_270' title='bbox 2071 619 2197 666; x_wconf 87' lang='lat' dir='ltr'><strong>ante</strong></span> <span class='ocrx_word' id='word_1_271' title='bbox 2244 619 2461 682; x_wconf 89' lang='lat' dir='ltr'><strong>tempus</strong></span> <span class='ocrx_word' id='word_1_272' title='bbox 2502 612 2674 683; x_wconf 89' lang='lat' dir='ltr'><strong>aliqui</strong></span> <span class='ocrx_word' id='word_1_273' title='bbox 2709 614 3073 684; x_wconf 87' lang='lat' dir='ltr'><strong>abripiuntur,</strong></span> <span class='ocrx_word' id='word_1_274' title='bbox 3134 618 3251 672; x_wconf 85' lang='lat' dir='ltr'><strong>sive</strong></span> <span class='ocrx_word' id='word_1_275' title='bbox 3300 618 3431 686; x_wconf 92' lang='lat' dir='ltr'><strong>quid</strong></span> <span class='ocrx_word' id='word_1_276' title='bbox 3481 617 3648 673; x_wconf 90' lang='lat' dir='ltr'><strong>etiam</strong></span> 
     </span>
    </p>
   </div>
   <div class='ocr_carea' id='block_1_37' title="bbox 2070 703 3652 776">
    <p class='ocr_par' dir='ltr' id='par_1_37' title="bbox 2070 703 3652 776">
     <span class='ocr_line' id='line_1_37' title="bbox 2070 703 3652 776; baseline 0.003 -19"><span class='ocrx_word' id='word_1_277' title='bbox 2070 703 2219 758; x_wconf 84' lang='lat' dir='ltr'><strong>aliud</strong></span> <span class='ocrx_word' id='word_1_278' title='bbox 2248 714 2442 773; x_wconf 67' lang='lat' dir='ltr'><strong>praeter</strong></span> <span class='ocrx_word' id='word_1_279' title='bbox 2472 719 2535 759; x_wconf 90' lang='lat' dir='ltr'><strong>ea</strong></span> <span class='ocrx_word' id='word_1_280' title='bbox 2562 721 2685 776; x_wconf 67' lang='lat' dir='ltr'><strong>quae</strong></span> <span class='ocrx_word' id='word_1_281' title='bbox 2717 706 2863 761; x_wconf 87' lang='lat' dir='ltr'><strong>dicta</strong></span> <span class='ocrx_word' id='word_1_282' title='bbox 2893 716 3041 771; x_wconf 90' lang='lat' dir='ltr'><strong>sunt,</strong></span> <span class='ocrx_word' id='word_1_283' title='bbox 3072 717 3154 764; x_wconf 88' lang='lat' dir='ltr'><strong>est</strong></span> <span class='ocrx_word' id='word_1_284' title='bbox 3180 747 3196 774; x_wconf 94' lang='lat'><strong>,</strong></span> <span class='ocrx_word' id='word_1_285' title='bbox 3231 710 3487 764; x_wconf 88' lang='lat' dir='ltr'><strong>assentiri</strong></span> <span class='ocrx_word' id='word_1_286' title='bbox 3517 724 3652 763; x_wconf 87' lang='lat' dir='ltr'><strong>con-</strong></span> 
     </span>
    </p>
   </div>
   <div class='ocr_carea' id='block_1_38' title="bbox 2069 794 3651 867">
    <p class='ocr_par' dir='ltr' id='par_1_38' title="bbox 2069 794 3651 867">
     <span class='ocr_line' id='line_1_38' title="bbox 2069 794 3651 867; baseline 0.003 -19"><span class='ocrx_word' id='word_1_287' title='bbox 2069 796 2236 857; x_wconf 91' lang='lat' dir='ltr'><strong>venit,</strong></span> <span class='ocrx_word' id='word_1_288' title='bbox 2262 794 2378 850; x_wconf 64' lang='lat' dir='ltr'><strong>haec</strong></span> <span class='ocrx_word' id='word_1_289' title='bbox 2415 795 2721 852; x_wconf 87' lang='lat' dir='ltr'><strong>intentione</strong></span> <span class='ocrx_word' id='word_1_290' title='bbox 2752 806 2914 867; x_wconf 89' lang='lat' dir='ltr'><strong>atque</strong></span> <span class='ocrx_word' id='word_1_291' title='bbox 2940 814 3169 867; x_wconf 86' lang='lat' dir='ltr'><strong>prorsus</strong></span> <span class='ocrx_word' id='word_1_292' title='bbox 3231 800 3471 855; x_wconf 93' lang='lat' dir='ltr'><strong>consilio</strong></span> <span class='ocrx_word' id='word_1_293' title='bbox 3527 799 3651 853; x_wconf 81' lang='lat' dir='ltr'><strong>fieri</strong></span> 
     </span>
    </p>
   </div>
   <div class='ocr_carea' id='block_1_39' title="bbox 2067 888 3645 961">
    <p class='ocr_par' dir='ltr' id='par_1_39' title="bbox 2067 888 3645 961">
     <span class='ocr_line' id='line_1_39' title="bbox 2067 888 3645 961; baseline 0.003 -19"><span class='ocrx_word' id='word_1_294' title='bbox 2067 888 2310 943; x_wconf 86' lang='lat' dir='ltr'><strong>meliore.</strong></span> <span class='ocrx_word' id='word_1_295' title='bbox 2345 888 2481 944; x_wconf 89' lang='lat' dir='ltr'><strong>Novi</strong></span> <span class='ocrx_word' id='word_1_296' title='bbox 2512 898 2693 945; x_wconf 91' lang='lat' dir='ltr'><strong>autem</strong></span> <span class='ocrx_word' id='word_1_297' title='bbox 2722 892 3014 961; x_wconf 88' lang='lat' dir='ltr'><strong>quamdam</strong></span> <span class='ocrx_word' id='word_1_298' title='bbox 3058 894 3220 946; x_wconf 86' lang='lat' dir='ltr'><strong>etiam</strong></span> <span class='ocrx_word' id='word_1_299' title='bbox 3261 893 3426 945; x_wconf 89' lang='lat' dir='ltr'><strong>aliam</strong></span> <span class='ocrx_word' id='word_1_300' title='bbox 3468 892 3645 946; x_wconf 88' lang='lat' dir='ltr'><strong>ratio-</strong></span> 
     </span>
    </p>
   </div>
   <div class='ocr_carea' id='block_1_40' title="bbox 2067 983 3648 1053">
    <p class='ocr_par' dir='ltr' id='par_1_40' title="bbox 2067 983 3648 1053">
     <span class='ocr_line' id='line_1_40' title="bbox 2067 983 3648 1053; baseline -0.001 -15"><span class='ocrx_word' id='word_1_301' title='bbox 2067 998 2216 1045; x_wconf 87' lang='lat' dir='ltr'><strong>nem,</strong></span> <span class='ocrx_word' id='word_1_302' title='bbox 2250 998 2413 1052; x_wconf 89' lang='lat' dir='ltr'><strong>quam</strong></span> <span class='ocrx_word' id='word_1_303' title='bbox 2443 998 2471 1036; x_wconf 90' lang='lat' dir='ltr'><strong>a</strong></span> <span class='ocrx_word' id='word_1_304' title='bbox 2502 984 2770 1053; x_wconf 88' lang='lat' dir='ltr'><strong>sapientia</strong></span> <span class='ocrx_word' id='word_1_305' title='bbox 2805 984 3053 1053; x_wconf 84' lang='lat' dir='ltr'><strong>Apostoli</strong></span> <span class='ocrx_word' id='word_1_306' title='bbox 3082 983 3269 1048; x_wconf 84' lang='lat' dir='ltr'><strong>didici,</strong></span> <span class='ocrx_word' id='word_1_307' title='bbox 3332 1000 3428 1053; x_wconf 90' lang='lat' dir='ltr'><strong>per</strong></span> <span class='ocrx_word' id='word_1_308' title='bbox 3483 999 3648 1053; x_wconf 91' lang='lat' dir='ltr'><strong>quam</strong></span> 
     </span>
    </p>
   </div>
   <div class='ocr_carea' id='block_1_41' title="bbox 2068 1074 3648 1143">
    <p class='ocr_par' dir='ltr' id='par_1_41' title="bbox 2068 1074 3648 1143">
     <span class='ocr_line' id='line_1_41' title="bbox 2068 1074 3648 1143; baseline -0.001 -16"><span class='ocrx_word' id='word_1_309' title='bbox 2068 1074 2373 1139; x_wconf 88' lang='lat' dir='ltr'><strong>nonnullis,</strong></span> <span class='ocrx_word' id='word_1_310' title='bbox 2401 1074 2494 1143; x_wconf 90' lang='lat' dir='ltr'><strong>qui</strong></span> <span class='ocrx_word' id='word_1_311' title='bbox 2537 1076 2780 1143; x_wconf 83' lang='lat' dir='ltr'><strong>nequitia</strong></span> <span class='ocrx_word' id='word_1_312' title='bbox 2826 1075 3179 1137; x_wconf 79' lang='lat' dir='ltr'><strong>excellerent,</strong></span> <span class='ocrx_word' id='word_1_313' title='bbox 3235 1075 3300 1127; x_wconf 90' lang='lat' dir='ltr'><strong>ad</strong></span> <span class='ocrx_word' id='word_1_314' title='bbox 3359 1074 3648 1128; x_wconf 89' lang='lat' dir='ltr'><strong>arbitrium</strong></span> 
     </span>
    </p>
   </div>
   <div class='ocr_carea' id='block_1_42' title="bbox 2068 1164 3647 1234">
    <p class='ocr_par' dir='ltr' id='par_1_42' title="bbox 2068 1164 3647 1234">
     <span class='ocr_line' id='line_1_42' title="bbox 2068 1164 3647 1234; baseline -0.002 -14"><span class='ocrx_word' id='word_1_315' title='bbox 2068 1181 2227 1220; x_wconf 90' lang='lat' dir='ltr'><strong>suum</strong></span> <span class='ocrx_word' id='word_1_316' title='bbox 2257 1165 2442 1220; x_wconf 87' lang='lat' dir='ltr'><strong>vivere</strong></span> <span class='ocrx_word' id='word_1_317' title='bbox 2475 1166 2805 1234; x_wconf 88' lang='lat' dir='ltr'><strong>permissum</strong></span> <span class='ocrx_word' id='word_1_318' title='bbox 2845 1165 2970 1218; x_wconf 84' lang='lat' dir='ltr'><strong>fuit.</strong></span> <span class='ocrx_word' id='word_1_319' title='bbox 3004 1164 3141 1218; x_wconf 91' lang='lat' dir='ltr'><strong>Cum</strong></span> <span class='ocrx_word' id='word_1_320' title='bbox 3182 1174 3472 1218; x_wconf 91' lang='lat' dir='ltr'><strong>tractasset</strong></span> <span class='ocrx_word' id='word_1_321' title='bbox 3500 1166 3647 1219; x_wconf 91' lang='lat' dir='ltr'><strong>enim</strong></span> 
     </span>
    </p>
   </div>
   <div class='ocr_carea' id='block_1_43' title="bbox 2068 1254 3652 1324">
    <p class='ocr_par' dir='ltr' id='par_1_43' title="bbox 2068 1254 3652 1324">
     <span class='ocr_line' id='line_1_43' title="bbox 2068 1254 3652 1324; baseline 0.001 -17"><span class='ocrx_word' id='word_1_322' title='bbox 2068 1254 2275 1309; x_wconf 89' lang='lat' dir='ltr'><strong>diutius</strong></span> <span class='ocrx_word' id='word_1_323' title='bbox 2297 1255 2565 1324; x_wconf 89' lang='lat' dir='ltr'><strong>ejusmodi</strong></span> <span class='ocrx_word' id='word_1_324' title='bbox 2599 1256 2922 1310; x_wconf 88' lang='lat' dir='ltr'><strong>sententiam</strong></span> <span class='ocrx_word' id='word_1_325' title='bbox 2969 1256 3023 1309; x_wconf 91' lang='lat' dir='ltr'><strong>in</strong></span> <span class='ocrx_word' id='word_1_326' title='bbox 3055 1254 3297 1324; x_wconf 87' lang='lat' dir='ltr'><strong>Epistola</strong></span> <span class='ocrx_word' id='word_1_327' title='bbox 3347 1256 3415 1308; x_wconf 85' lang='lat' dir='ltr'><strong>ad</strong></span> <span class='ocrx_word' id='word_1_328' title='bbox 3448 1255 3652 1310; x_wconf 77' lang='lat' dir='ltr'><strong>Roma-</strong></span> 
     </span>
    </p>
   </div>
   <div class='ocr_carea' id='block_1_44' title="bbox 2068 1346 3649 1418">
    <p class='ocr_par' dir='ltr' id='par_1_44' title="bbox 2068 1346 3649 1418">
     <span class='ocr_line' id='line_1_44' title="bbox 2068 1346 3649 1418; baseline 0 -18"><span class='ocrx_word' id='word_1_329' title='bbox 2068 1361 2190 1409; x_wconf 90' lang='lat' dir='ltr'><strong>nos,</strong></span> <span class='ocrx_word' id='word_1_330' title='bbox 2254 1354 2307 1400; x_wconf 90' lang='lat' dir='ltr'><strong>et</strong></span> <span class='ocrx_word' id='word_1_331' title='bbox 2369 1362 2435 1401; x_wconf 84' lang='lat' dir='ltr'><strong>ex</strong></span> <span class='ocrx_word' id='word_1_332' title='bbox 2492 1346 2723 1401; x_wconf 89' lang='lat' dir='ltr'><strong>adverso</strong></span> <span class='ocrx_word' id='word_1_333' title='bbox 2782 1348 3107 1417; x_wconf 88' lang='lat' dir='ltr'><strong>subjecisset</strong></span> <span class='ocrx_word' id='word_1_334' title='bbox 3165 1350 3266 1403; x_wconf 89' lang='lat' dir='ltr'><strong>sibi</strong></span> <span class='ocrx_word' id='word_1_335' title='bbox 3304 1349 3355 1402; x_wconf 91' lang='lat' dir='ltr'><strong>id</strong></span> <span class='ocrx_word' id='word_1_336' title='bbox 3404 1348 3549 1418; x_wconf 89' lang='lat' dir='ltr'><strong>quod</strong></span> <span class='ocrx_word' id='word_1_337' title='bbox 3582 1363 3649 1401; x_wconf 78' lang='lat' dir='ltr'><strong>ex</strong></span> 
     </span>
    </p>
   </div>
   <div class='ocr_carea' id='block_1_45' title="bbox 2068 1438 3651 1508">
    <p class='ocr_par' dir='ltr' id='par_1_45' title="bbox 2068 1438 3651 1508">
     <span class='ocr_line' id='line_1_45' title="bbox 2068 1438 3651 1508; baseline -0.001 -16"><span class='ocrx_word' id='word_1_338' title='bbox 2068 1438 2461 1507; x_wconf 85' lang='lat' dir='ltr'><strong>consequentia</strong></span> <span class='ocrx_word' id='word_1_339' title='bbox 2494 1439 2893 1507; x_wconf 88' lang='lat' dir='ltr'><strong>opponebatur,</strong></span> <span class='ocrx_word' id='word_1_340' title='bbox 2929 1455 3036 1492; x_wconf 93' lang='lat' dir='ltr'><strong>non</strong></span> <span class='ocrx_word' id='word_1_341' title='bbox 3060 1440 3171 1508; x_wconf 89' lang='lat' dir='ltr'><strong>jam</strong></span> <span class='ocrx_word' id='word_1_342' title='bbox 3222 1440 3456 1508; x_wconf 90' lang='lat' dir='ltr'><strong>amplius</strong></span> <span class='ocrx_word' id='word_1_343' title='bbox 3501 1447 3651 1493; x_wconf 88' lang='lat' dir='ltr'><strong>recte</strong></span> 
     </span>
    </p>
   </div>
   <div class='ocr_carea' id='block_1_46' title="bbox 2070 1530 3645 1600">
    <p class='ocr_par' dir='ltr' id='par_1_46' title="bbox 2070 1530 3645 1600">
     <span class='ocr_line' id='line_1_46' title="bbox 2070 1530 3645 1600; baseline -0.001 -14"><span class='ocrx_word' id='word_1_344' title='bbox 2070 1531 2318 1586; x_wconf 88' lang='lat' dir='ltr'><strong>accusari</strong></span> <span class='ocrx_word' id='word_1_345' title='bbox 2372 1530 2600 1594; x_wconf 91' lang='lat' dir='ltr'><strong>malum,</strong></span> <span class='ocrx_word' id='word_1_346' title='bbox 2659 1531 2928 1600; x_wconf 89' lang='lat' dir='ltr'><strong>siquidem</strong></span> <span class='ocrx_word' id='word_1_347' title='bbox 2990 1532 3254 1585; x_wconf 91' lang='lat' dir='ltr'><strong>divinitus</strong></span> <span class='ocrx_word' id='word_1_348' title='bbox 3320 1532 3539 1594; x_wconf 84' lang='lat' dir='ltr'><strong>habeat,</strong></span> <span class='ocrx_word' id='word_1_349' title='bbox 3584 1539 3645 1585; x_wconf 76' lang='lat' dir='ltr'><strong>ut</strong></span> 
     </span>
    </p>
   </div>
   <div class='ocr_carea' id='block_1_47' title="bbox 2066 1622 3642 1692">
    <p class='ocr_par' dir='ltr' id='par_1_47' title="bbox 2066 1622 3642 1692">
     <span class='ocr_line' id='line_1_47' title="bbox 2066 1622 3642 1692; baseline 0 -15"><span class='ocrx_word' id='word_1_350' title='bbox 2066 1622 2245 1677; x_wconf 88' lang='lat' dir='ltr'><strong>malus</strong></span> <span class='ocrx_word' id='word_1_351' title='bbox 2275 1622 2367 1685; x_wconf 90' lang='lat' dir='ltr'><strong>sit,</strong></span> <span class='ocrx_word' id='word_1_352' title='bbox 2394 1622 2487 1691; x_wconf 89' lang='lat' dir='ltr'><strong>qui</strong></span> <span class='ocrx_word' id='word_1_353' title='bbox 2520 1636 2746 1692; x_wconf 88' lang='lat' dir='ltr'><strong>prorsus</strong></span> <span class='ocrx_word' id='word_1_354' title='bbox 2782 1622 2998 1677; x_wconf 89' lang='lat' dir='ltr'><strong>futurus</strong></span> <span class='ocrx_word' id='word_1_355' title='bbox 3027 1638 3135 1677; x_wconf 89' lang='lat' dir='ltr'><strong>non</strong></span> <span class='ocrx_word' id='word_1_356' title='bbox 3170 1622 3381 1684; x_wconf 88' lang='lat' dir='ltr'><strong>fuisset.</strong></span> <span class='ocrx_word' id='word_1_357' title='bbox 3436 1625 3481 1677; x_wconf 92' lang='lat' dir='ltr'><strong>si</strong></span> <span class='ocrx_word' id='word_1_358' title='bbox 3542 1640 3642 1677; x_wconf 85' lang='lat' dir='ltr'><strong>no-</strong></span> 
     </span>
    </p>
   </div>
   <div class='ocr_carea' id='block_1_48' title="bbox 2070 1714 3651 1783">
    <p class='ocr_par' dir='ltr' id='par_1_48' title="bbox 2070 1714 3651 1783">
     <span class='ocr_line' id='line_1_48' title="bbox 2070 1714 3651 1783; baseline -0.001 -14"><span class='ocrx_word' id='word_1_359' title='bbox 2070 1715 2267 1770; x_wconf 85' lang='lat' dir='ltr'><strong>luisset</strong></span> <span class='ocrx_word' id='word_1_360' title='bbox 2299 1715 2345 1769; x_wconf 93' lang='lat' dir='ltr'><strong>is</strong></span> <span class='ocrx_word' id='word_1_361' title='bbox 2379 1716 2468 1783; x_wconf 94' lang='lat' dir='ltr'><strong>qui</strong></span> <span class='ocrx_word' id='word_1_362' title='bbox 2500 1714 2708 1781; x_wconf 89' lang='lat' dir='ltr'><strong>potitur</strong></span> <span class='ocrx_word' id='word_1_363' title='bbox 2734 1729 2915 1768; x_wconf 90' lang='lat' dir='ltr'><strong>rerum</strong></span> <span class='ocrx_word' id='word_1_364' title='bbox 2958 1714 3339 1769; x_wconf 91' lang='lat' dir='ltr'><strong>universarum</strong></span> <span class='ocrx_word' id='word_1_365' title='bbox 3378 1733 3390 1769; x_wconf 90' lang='lat'><strong>:</strong></span> <span class='ocrx_word' id='word_1_366' title='bbox 3447 1716 3527 1771; x_wconf 88' lang='lat' dir='ltr'><strong>sic</strong></span> <span class='ocrx_word' id='word_1_367' title='bbox 3557 1730 3651 1768; x_wconf 84' lang='lat' dir='ltr'><strong>oc-</strong></span> 
     </span>
    </p>
   </div>
   <div class='ocr_carea' id='block_1_49' title="bbox 1972 1792 3642 1877">
    <p class='ocr_par' dir='ltr' id='par_1_49' title="bbox 1972 1792 3642 1877">
     <span class='ocr_line' id='line_1_49' title="bbox 1972 1792 3642 1877; baseline -0.001 -15"><span class='ocrx_word' id='word_1_368' title='bbox 1972 1792 2040 1845; x_wconf 77' lang='lat' dir='ltr'><strong>‘B</strong></span> <span class='ocrx_word' id='word_1_369' title='bbox 2070 1808 2244 1863; x_wconf 83' lang='lat' dir='ltr'><strong>currit</strong></span> <span class='ocrx_word' id='word_1_370' title='bbox 2281 1807 2512 1860; x_wconf 91' lang='lat' dir='ltr'><strong>orationi</strong></span> <span class='ocrx_word' id='word_1_371' title='bbox 2543 1822 2640 1874; x_wconf 91' lang='lat' dir='ltr'><strong>per</strong></span> <span class='ocrx_word' id='word_1_372' title='bbox 2671 1804 3077 1875; x_wconf 83' lang='lat' dir='ltr'><strong>profundiorem</strong></span> <span class='ocrx_word' id='word_1_373' title='bbox 3114 1807 3408 1877; x_wconf 85' lang='lat' dir='ltr'><strong>quamdam</strong></span> <span class='ocrx_word' id='word_1_374' title='bbox 3442 1823 3642 1876; x_wconf 55' lang='lat' dir='ltr'><strong>specu-</strong></span> 
     </span>
    </p>
   </div>
   <div class='ocr_carea' id='block_1_50' title="bbox 2069 1896 3647 1967">
    <p class='ocr_par' dir='ltr' id='par_1_50' title="bbox 2069 1896 3647 1967">
     <span class='ocr_line' id='line_1_50' title="bbox 2069 1896 3647 1967; baseline -0.002 -14"><span class='ocrx_word' id='word_1_375' title='bbox 2069 1898 2354 1961; x_wconf 89' lang='lat' dir='ltr'><strong>lationem,</strong></span> <span class='ocrx_word' id='word_1_376' title='bbox 2407 1897 2813 1967; x_wconf 86' lang='lat' dir='ltr'><strong>oppositionem</strong></span> <span class='ocrx_word' id='word_1_377' title='bbox 2872 1898 3109 1951; x_wconf 90' lang='lat' dir='ltr'><strong>solvens.</strong></span> <span class='ocrx_word' id='word_1_378' title='bbox 3146 1898 3236 1950; x_wconf 85' lang='lat' dir='ltr'><strong>Ait</strong></span> <span class='ocrx_word' id='word_1_379' title='bbox 3301 1897 3443 1952; x_wconf 90' lang='lat' dir='ltr'><strong>enim</strong></span> <span class='ocrx_word' id='word_1_380' title='bbox 3479 1896 3647 1951; x_wconf 84' lang='lat' dir='ltr'><strong>Deum</strong></span> 
     </span>
    </p>
   </div>
   <div class='ocr_carea' id='block_1_51' title="bbox 2071 1988 3648 2061">
    <p class='ocr_par' dir='ltr' id='par_1_51' title="bbox 2071 1988 3648 2061">
     <span class='ocr_line' id='line_1_51' title="bbox 2071 1988 3648 2061; baseline -0.002 -16"><span class='ocrx_word' id='word_1_381' title='bbox 2071 1991 2272 2061; x_wconf 87' lang='lat' dir='ltr'><strong>cuique</strong></span> <span class='ocrx_word' id='word_1_382' title='bbox 2333 1988 2386 2043; x_wconf 90' lang='lat' dir='ltr'><strong>id</strong></span> <span class='ocrx_word' id='word_1_383' title='bbox 2442 2004 2551 2059; x_wconf 88' lang='lat' dir='ltr'><strong>quo</strong></span> <span class='ocrx_word' id='word_1_384' title='bbox 2606 1988 2802 2059; x_wconf 83' lang='lat' dir='ltr'><strong>dignus</strong></span> <span class='ocrx_word' id='word_1_385' title='bbox 2872 1988 2965 2053; x_wconf 83' lang='lat' dir='ltr'><strong>sit,</strong></span> <span class='ocrx_word' id='word_1_386' title='bbox 3024 1989 3396 2053; x_wconf 87' lang='lat' dir='ltr'><strong>tribuentem,</strong></span> <span class='ocrx_word' id='word_1_387' title='bbox 3450 1988 3648 2042; x_wconf 70' lang='lat' dir='ltr'><strong>alicubi</strong></span> 
     </span>
    </p>
   </div>
   <div class='ocr_carea' id='block_1_52' title="bbox 2070 2081 3647 2150">
    <p class='ocr_par' dir='ltr' id='par_1_52' title="bbox 2070 2081 3647 2150">
     <span class='ocr_line' id='line_1_52' title="bbox 2070 2081 3647 2150; baseline -0.001 -15"><span class='ocrx_word' id='word_1_388' title='bbox 2070 2082 2327 2150; x_wconf 74' lang='lat' dir='ltr'><strong>nequitia:</strong></span> <span class='ocrx_word' id='word_1_389' title='bbox 2360 2096 2575 2150; x_wconf 89' lang='lat' dir='ltr'><strong>quoque</strong></span> <span class='ocrx_word' id='word_1_390' title='bbox 2601 2081 2902 2135; x_wconf 88' lang='lat' dir='ltr'><strong>intentione</strong></span> <span class='ocrx_word' id='word_1_391' title='bbox 2947 2089 3108 2150; x_wconf 90' lang='lat' dir='ltr'><strong>atque</strong></span> <span class='ocrx_word' id='word_1_392' title='bbox 3141 2081 3375 2135; x_wconf 83' lang='lat' dir='ltr'><strong>consilio</strong></span> <span class='ocrx_word' id='word_1_393' title='bbox 3405 2081 3647 2150; x_wconf 90' lang='lat' dir='ltr'><strong>quodam</strong></span> 
     </span>
    </p>
   </div>
   <div class='ocr_carea' id='block_1_53' title="bbox 2071 2170 3652 2241">
    <p class='ocr_par' dir='ltr' id='par_1_53' title="bbox 2071 2170 3652 2241">
     <span class='ocr_line' id='line_1_53' title="bbox 2071 2170 3652 2241; baseline -0.001 -15"><span class='ocrx_word' id='word_1_394' title='bbox 2071 2173 2299 2227; x_wconf 90' lang='lat' dir='ltr'><strong>meliore</strong></span> <span class='ocrx_word' id='word_1_395' title='bbox 2353 2172 2533 2225; x_wconf 91' lang='lat' dir='ltr'><strong>locum</strong></span> <span class='ocrx_word' id='word_1_396' title='bbox 2590 2171 2737 2224; x_wconf 86' lang='lat' dir='ltr'><strong>dare.</strong></span> <span class='ocrx_word' id='word_1_397' title='bbox 2800 2170 3010 2225; x_wconf 83' lang='lat' dir='ltr'><strong>Idcirco</strong></span> <span class='ocrx_word' id='word_1_398' title='bbox 3065 2170 3210 2225; x_wconf 92' lang='lat' dir='ltr'><strong>enim</strong></span> <span class='ocrx_word' id='word_1_399' title='bbox 3266 2186 3486 2241; x_wconf 90' lang='lat' dir='ltr'><strong>passum</strong></span> <span class='ocrx_word' id='word_1_400' title='bbox 3528 2185 3652 2225; x_wconf 90' lang='lat' dir='ltr'><strong>esse</strong></span> 
     </span>
    </p>
   </div>
   <div class='ocr_carea' id='block_1_54' title="bbox 2073 2261 3648 2333">
    <p class='ocr_par' dir='ltr' id='par_1_54' title="bbox 2073 2261 3648 2333">
     <span class='ocr_line' id='line_1_54' title="bbox 2073 2261 3648 2333; baseline -0.002 -16"><span class='ocrx_word' id='word_1_401' title='bbox 2073 2265 2247 2324; x_wconf 86' lang='lat' dir='ltr'><strong>nasci,</strong></span> <span class='ocrx_word' id='word_1_402' title='bbox 2287 2271 2451 2333; x_wconf 88' lang='lat' dir='ltr'><strong>atque</strong></span> <span class='ocrx_word' id='word_1_403' title='bbox 2502 2262 2637 2316; x_wconf 88' lang='lat' dir='ltr'><strong>adeo</strong></span> <span class='ocrx_word' id='word_1_404' title='bbox 2698 2262 2860 2315; x_wconf 91' lang='lat' dir='ltr'><strong>talem</strong></span> <span class='ocrx_word' id='word_1_405' title='bbox 2917 2262 3069 2317; x_wconf 90' lang='lat' dir='ltr'><strong>nasci</strong></span> <span class='ocrx_word' id='word_1_406' title='bbox 3127 2261 3441 2333; x_wconf 67' lang='lat' dir='ltr'><strong>Egyptium</strong></span> <span class='ocrx_word' id='word_1_407' title='bbox 3497 2262 3648 2316; x_wconf 95' lang='lat' dir='ltr'><strong>illum</strong></span> 
     </span>
    </p>
   </div>
   <div class='ocr_carea' id='block_1_55' title="bbox 2073 2353 3650 2426">
    <p class='ocr_par' dir='ltr' id='par_1_55' title="bbox 2073 2353 3650 2426">
     <span class='ocr_line' id='line_1_55' title="bbox 2073 2353 3650 2426; baseline -0.002 -18"><span class='ocrx_word' id='word_1_408' title='bbox 2073 2365 2387 2426; x_wconf 83' lang='lat' dir='ltr'><strong>tyrannum,</strong></span> <span class='ocrx_word' id='word_1_409' title='bbox 2424 2361 2482 2407; x_wconf 90' lang='lat' dir='ltr'><strong>ut</strong></span> <span class='ocrx_word' id='word_1_410' title='bbox 2518 2354 2667 2409; x_wconf 92' lang='lat' dir='ltr'><strong>illius</strong></span> <span class='ocrx_word' id='word_1_411' title='bbox 2700 2355 2853 2423; x_wconf 80' lang='lat' dir='ltr'><strong>plaga</strong></span> <span class='ocrx_word' id='word_1_412' title='bbox 2892 2353 3057 2407; x_wconf 89' lang='lat' dir='ltr'><strong>Israel</strong></span> <span class='ocrx_word' id='word_1_413' title='bbox 3099 2354 3305 2406; x_wconf 90' lang='lat' dir='ltr'><strong>multus</strong></span> <span class='ocrx_word' id='word_1_414' title='bbox 3346 2354 3436 2407; x_wconf 92' lang='lat' dir='ltr'><strong>ille</strong></span> <span class='ocrx_word' id='word_1_415' title='bbox 3470 2368 3650 2422; x_wconf 88' lang='lat' dir='ltr'><strong>popu-</strong></span> 
     </span>
    </p>
   </div>
   <div class='ocr_carea' id='block_1_56' title="bbox 2072 2442 3645 2514">
    <p class='ocr_par' dir='ltr' id='par_1_56' title="bbox 2072 2442 3645 2514">
     <span class='ocr_line' id='line_1_56' title="bbox 2072 2442 3645 2514; baseline -0.002 -16"><span class='ocrx_word' id='word_1_416' title='bbox 2072 2446 2159 2500; x_wconf 89' lang='lat' dir='ltr'><strong>lus</strong></span> <span class='ocrx_word' id='word_1_417' title='bbox 2187 2461 2515 2514; x_wconf 88' lang='lat' dir='ltr'><strong>omnemque</strong></span> <span class='ocrx_word' id='word_1_418' title='bbox 2550 2460 2614 2500; x_wconf 82' lang='lat' dir='ltr'><strong>ex</strong></span> <span class='ocrx_word' id='word_1_419' title='bbox 2650 2444 2894 2499; x_wconf 85' lang='lat' dir='ltr'><strong>numeris</strong></span> <span class='ocrx_word' id='word_1_420' title='bbox 2944 2444 3228 2498; x_wconf 81' lang='lat' dir='ltr'><strong>collectam</strong></span> <span class='ocrx_word' id='word_1_421' title='bbox 3284 2442 3645 2512; x_wconf 65' lang='lat' dir='ltr'><strong>compreheno</strong></span> 
     </span>
    </p>
   </div>
   <div class='ocr_carea' id='block_1_57' title="bbox 2074 2533 3648 2598">
    <p class='ocr_par' dir='ltr' id='par_1_57' title="bbox 2074 2533 3648 2598">
     <span class='ocr_line' id='line_1_57' title="bbox 2074 2533 3648 2598; baseline -0.002 -9"><span class='ocrx_word' id='word_1_422' title='bbox 2074 2537 2283 2590; x_wconf 88' lang='lat' dir='ltr'><strong>sionem</strong></span> <span class='ocrx_word' id='word_1_423' title='bbox 2311 2535 2603 2598; x_wconf 80' lang='lat' dir='ltr'><strong>excedens,</strong></span> <span class='ocrx_word' id='word_1_424' title='bbox 2638 2535 2952 2589; x_wconf 86' lang='lat' dir='ltr'><strong>erudiretur</strong></span> <span class='ocrx_word' id='word_1_425' title='bbox 2985 2543 3039 2588; x_wconf 91' lang='lat' dir='ltr'><strong>et</strong></span> <span class='ocrx_word' id='word_1_426' title='bbox 3081 2535 3479 2589; x_wconf 82' lang='lat' dir='ltr'><strong>institueretur.</strong></span> <span class='ocrx_word' id='word_1_427' title='bbox 3513 2533 3648 2586; x_wconf 88' lang='lat' dir='ltr'><strong>Nam</strong></span> 
     </span>
    </p>
   </div>
   <div class='ocr_carea' id='block_1_58' title="bbox 2072 2627 3650 2699">
    <p class='ocr_par' dir='ltr' id='par_1_58' title="bbox 2072 2627 3650 2699">
     <span class='ocr_line' id='line_1_58' title="bbox 2072 2627 3650 2699; baseline -0.001 -18"><span class='ocrx_word' id='word_1_428' title='bbox 2072 2643 2195 2681; x_wconf 92' lang='lat' dir='ltr'><strong>cum</strong></span> <span class='ocrx_word' id='word_1_429' title='bbox 2229 2628 2511 2699; x_wconf 65' lang='lat' dir='ltr'><strong>aequaliter</strong></span> <span class='ocrx_word' id='word_1_430' title='bbox 2546 2628 2730 2681; x_wconf 90' lang='lat' dir='ltr'><strong>divina</strong></span> <span class='ocrx_word' id='word_1_431' title='bbox 2787 2630 3028 2697; x_wconf 84' lang='lat' dir='ltr'><strong>potentia</strong></span> <span class='ocrx_word' id='word_1_432' title='bbox 3062 2642 3157 2696; x_wconf 90' lang='lat' dir='ltr'><strong>per</strong></span> <span class='ocrx_word' id='word_1_433' title='bbox 3218 2627 3403 2680; x_wconf 89' lang='lat' dir='ltr'><strong>omnia</strong></span> <span class='ocrx_word' id='word_1_434' title='bbox 3443 2640 3650 2696; x_wconf 80' lang='lat' dir='ltr'><strong>cogno-</strong></span> 
     </span>
    </p>
   </div>
   <div class='ocr_carea' id='block_1_59' title="bbox 2072 2717 3645 2787">
    <p class='ocr_par' dir='ltr' id='par_1_59' title="bbox 2072 2717 3645 2787">
     <span class='ocr_line' id='line_1_59' title="bbox 2072 2717 3645 2787; baseline -0.002 -16"><span class='ocrx_word' id='word_1_435' title='bbox 2072 2726 2280 2783; x_wconf 91' lang='lat' dir='ltr'><strong>scatur,</strong></span> <span class='ocrx_word' id='word_1_436' title='bbox 2318 2726 2371 2773; x_wconf 92' lang='lat' dir='ltr'><strong>et</strong></span> <span class='ocrx_word' id='word_1_437' title='bbox 2419 2718 2485 2772; x_wconf 92' lang='lat' dir='ltr'><strong>ad</strong></span> <span class='ocrx_word' id='word_1_438' title='bbox 2532 2717 2980 2773; x_wconf 85' lang='lat' dir='ltr'><strong>benefaciendum</strong></span> <span class='ocrx_word' id='word_1_439' title='bbox 3040 2718 3107 2773; x_wconf 89' lang='lat' dir='ltr'><strong>iis</strong></span> <span class='ocrx_word' id='word_1_440' title='bbox 3154 2719 3242 2787; x_wconf 89' lang='lat' dir='ltr'><strong>qui</strong></span> <span class='ocrx_word' id='word_1_441' title='bbox 3290 2718 3438 2787; x_wconf 78' lang='lat' dir='ltr'><strong>digni</strong></span> <span class='ocrx_word' id='word_1_442' title='bbox 3496 2728 3645 2781; x_wconf 91' lang='lat' dir='ltr'><strong>sunt,</strong></span> 
     </span>
    </p>
   </div>
   <div class='ocr_carea' id='block_1_60' title="bbox 2072 2807 3647 2879">
    <p class='ocr_par' dir='ltr' id='par_1_60' title="bbox 2072 2807 3647 2879">
     <span class='ocr_line' id='line_1_60' title="bbox 2072 2807 3647 2879; baseline -0.001 -14"><span class='ocrx_word' id='word_1_443' title='bbox 2072 2809 2349 2865; x_wconf 89' lang='lat' dir='ltr'><strong>sulliciens</strong></span> <span class='ocrx_word' id='word_1_444' title='bbox 2383 2812 2476 2873; x_wconf 89' lang='lat' dir='ltr'><strong>sit,</strong></span> <span class='ocrx_word' id='word_1_445' title='bbox 2515 2818 2571 2864; x_wconf 90' lang='lat' dir='ltr'><strong>et</strong></span> <span class='ocrx_word' id='word_1_446' title='bbox 2610 2810 2675 2863; x_wconf 91' lang='lat' dir='ltr'><strong>ad</strong></span> <span class='ocrx_word' id='word_1_447' title='bbox 2725 2810 3063 2879; x_wconf 90' lang='lat' dir='ltr'><strong>punitionem</strong></span> <span class='ocrx_word' id='word_1_448' title='bbox 3124 2810 3377 2877; x_wconf 73' lang='lat' dir='ltr'><strong>nequitiae</strong></span> <span class='ocrx_word' id='word_1_449' title='bbox 3412 2807 3647 2863; x_wconf 81' lang='lat' dir='ltr'><strong>facultas</strong></span> 
     </span>
    </p>
   </div>
   <div class='ocr_carea' id='block_1_61' title="bbox 2073 2904 3647 2975">
    <p class='ocr_par' dir='ltr' id='par_1_61' title="bbox 2073 2904 3647 2975">
     <span class='ocr_line' id='line_1_61' title="bbox 2073 2904 3647 2975; baseline -0.002 -15"><span class='ocrx_word' id='word_1_450' title='bbox 2073 2905 2121 2960; x_wconf 90' lang='lat' dir='ltr'><strong>ei</strong></span> <span class='ocrx_word' id='word_1_451' title='bbox 2151 2921 2260 2960; x_wconf 91' lang='lat' dir='ltr'><strong>non</strong></span> <span class='ocrx_word' id='word_1_452' title='bbox 2291 2905 2453 2967; x_wconf 90' lang='lat' dir='ltr'><strong>desit,</strong></span> <span class='ocrx_word' id='word_1_453' title='bbox 2486 2905 2745 2975; x_wconf 85' lang='lat' dir='ltr'><strong>quoniam</strong></span> <span class='ocrx_word' id='word_1_454' title='bbox 2785 2905 3010 2958; x_wconf 91' lang='lat' dir='ltr'><strong>omnino</strong></span> <span class='ocrx_word' id='word_1_455' title='bbox 3057 2905 3341 2974; x_wconf 83' lang='lat' dir='ltr'><strong>oportebat</strong></span> <span class='ocrx_word' id='word_1_456' title='bbox 3387 2904 3647 2973; x_wconf 80' lang='lat' dir='ltr'><strong>populum</strong></span> 
     </span>
    </p>
   </div>
   <div class='ocr_carea' id='block_1_62' title="bbox 2076 2994 3645 3067">
    <p class='ocr_par' dir='ltr' id='par_1_62' title="bbox 2076 2994 3645 3067">
     <span class='ocr_line' id='line_1_62' title="bbox 2076 2994 3645 3067; baseline -0.002 -18"><span class='ocrx_word' id='word_1_457' title='bbox 2076 2997 2229 3051; x_wconf 92' lang='lat' dir='ltr'><strong>illum</strong></span> <span class='ocrx_word' id='word_1_458' title='bbox 2264 2996 2457 3052; x_wconf 89' lang='lat' dir='ltr'><strong>deduci</strong></span> <span class='ocrx_word' id='word_1_459' title='bbox 2494 3012 2560 3050; x_wconf 84' lang='lat' dir='ltr'><strong>ex</strong></span> <span class='ocrx_word' id='word_1_460' title='bbox 2592 2994 2849 3067; x_wconf 70' lang='lat' dir='ltr'><strong>Egypto,</strong></span> <span class='ocrx_word' id='word_1_461' title='bbox 2882 3011 2949 3049; x_wconf 91' lang='lat' dir='ltr'><strong>ne</strong></span> <span class='ocrx_word' id='word_1_462' title='bbox 2985 3009 3090 3065; x_wconf 89' lang='lat' dir='ltr'><strong>qua</strong></span> <span class='ocrx_word' id='word_1_463' title='bbox 3118 2996 3198 3049; x_wconf 91' lang='lat' dir='ltr'><strong>eis</strong></span> <span class='ocrx_word' id='word_1_464' title='bbox 3258 2994 3645 3064; x_wconf 66' lang='lat' dir='ltr'><strong>Egyptiorum</strong></span> 
     </span>
    </p>
   </div>
   <div class='ocr_carea' id='block_1_63' title="bbox 2072 3084 3644 3154">
    <p class='ocr_par' dir='ltr' id='par_1_63' title="bbox 2072 3084 3644 3154">
     <span class='ocr_line' id='line_1_63' title="bbox 2072 3084 3644 3154; baseline -0.001 -15"><span class='ocrx_word' id='word_1_465' title='bbox 2072 3086 2361 3149; x_wconf 91' lang='lat' dir='ltr'><strong>malorum,</strong></span> <span class='ocrx_word' id='word_1_466' title='bbox 2394 3084 2539 3154; x_wconf 91' lang='lat' dir='ltr'><strong>quod</strong></span> <span class='ocrx_word' id='word_1_467' title='bbox 2571 3085 2636 3138; x_wconf 92' lang='lat' dir='ltr'><strong>ad</strong></span> <span class='ocrx_word' id='word_1_468' title='bbox 2668 3086 2790 3139; x_wconf 77' lang='lat' dir='ltr'><strong>vitae</strong></span> <span class='ocrx_word' id='word_1_469' title='bbox 2818 3099 3058 3138; x_wconf 89' lang='lat' dir='ltr'><strong>errorem</strong></span> <span class='ocrx_word' id='word_1_470' title='bbox 3085 3085 3295 3140; x_wconf 85' lang='lat' dir='ltr'><strong>attinet.</strong></span> <span class='ocrx_word' id='word_1_471' title='bbox 3325 3084 3644 3137; x_wconf 91' lang='lat' dir='ltr'><strong>communio</strong></span> 
     </span>
    </p>
   </div>
   <div class='ocr_carea' id='block_1_64' title="bbox 390 3168 1966 3247">
    <p class='ocr_par' dir='ltr' id='par_1_64' title="bbox 390 3173 1965 3246">
     <span class='ocr_line' id='line_1_64' title="bbox 390 3173 1965 3246; baseline 0.001 -21"><span class='ocrx_word' id='word_1_472' title='bbox 390 3192 484 3227; x_wconf 85' lang='lat' dir='ltr'><strong>vuv</strong></span> <span class='ocrx_word' id='word_1_473' title='bbox 515 3175 593 3245; x_wconf 83' lang='grc' dir='ltr'><strong>τῷ</strong></span> <span class='ocrx_word' id='word_1_474' title='bbox 623 3175 711 3228; x_wconf 73' lang='grc' dir='ltr'><strong>διὰ</strong></span> <span class='ocrx_word' id='word_1_475' title='bbox 735 3175 833 3244; x_wconf 86' lang='grc' dir='ltr'><strong>τῆς</strong></span> <span class='ocrx_word' id='word_1_476' title='bbox 870 3176 1063 3243; x_wconf 85' lang='grc' dir='ltr'>τέχνης</span> <span class='ocrx_word' id='word_1_477' title='bbox 1090 3174 1224 3243; x_wconf 88' lang='grc' dir='ltr'>πρός</span> <span class='ocrx_word' id='word_1_478' title='bbox 1253 3191 1305 3226; x_wconf 89' lang='grc' dir='ltr'><strong>τι</strong></span> <span class='ocrx_word' id='word_1_479' title='bbox 1342 3174 1450 3226; x_wconf 90' lang='grc' dir='ltr'><strong>τῶν</strong></span> <span class='ocrx_word' id='word_1_480' title='bbox 1485 3173 1763 3243; x_wconf 84' lang='grc' dir='ltr'>βιωφελῶν</span> <span class='ocrx_word' id='word_1_481' title='bbox 1798 3177 1965 3246; x_wconf 82' lang='grc' dir='ltr'>ἐργα-</span> 
     </span>
    </p>
   </div>
   <div class='ocr_carea' id='block_1_65' title="bbox 2068 3168 3642 3247">
    <p class='ocr_par' dir='ltr' id='par_1_65' title="bbox 2074 3173 3642 3247">
     <span class='ocr_line' id='line_1_65' title="bbox 2074 3173 3642 3247; baseline -0.003 -16"><span class='ocrx_word' id='word_1_482' title='bbox 2074 3178 2438 3247; x_wconf 84' lang='lat' dir='ltr'><strong>contagioque</strong></span> <span class='ocrx_word' id='word_1_483' title='bbox 2468 3177 2761 3240; x_wconf 89' lang='lat' dir='ltr'><strong>accideret,</strong></span> <span class='ocrx_word' id='word_1_484' title='bbox 2794 3177 2999 3231; x_wconf 90' lang='lat' dir='ltr'><strong>idcirco</strong></span> <span class='ocrx_word' id='word_1_485' title='bbox 3043 3175 3392 3229; x_wconf 82' lang='lat' dir='ltr'><strong>adversarius</strong></span> <span class='ocrx_word' id='word_1_486' title='bbox 3424 3175 3515 3228; x_wconf 91' lang='lat' dir='ltr'><strong>ille</strong></span> <span class='ocrx_word' id='word_1_487' title='bbox 3550 3173 3642 3227; x_wconf 83' lang='lat' dir='ltr'><strong>Dei</strong></span> 
     </span>
    </p>
   </div>
   <div class='ocr_carea' id='block_1_66' title="bbox 389 3264 1965 3337">
    <p class='ocr_par' dir='ltr' id='par_1_66' title="bbox 389 3264 1965 3337">
     <span class='ocr_line' id='line_1_66' title="bbox 389 3264 1965 3337; baseline 0 -20"><span class='ocrx_word' id='word_1_488' title='bbox 389 3266 545 3319; x_wconf 81' lang='grc' dir='ltr'>λείων</span> <span class='ocrx_word' id='word_1_489' title='bbox 566 3265 821 3319; x_wconf 78' lang='grc' dir='ltr'>τυποῦντι</span> <span class='ocrx_word' id='word_1_490' title='bbox 848 3266 939 3317; x_wconf 88' lang='grc' dir='ltr'><strong>τὸν</strong></span> <span class='ocrx_word' id='word_1_491' title='bbox 986 3264 1222 3335; x_wconf 79' lang='grc' dir='ltr'>σίδηρον,</span> <span class='ocrx_word' id='word_1_492' title='bbox 1254 3266 1312 3316; x_wconf 76' lang='grc' dir='ltr'><strong>οὐ</strong></span> <span class='ocrx_word' id='word_1_493' title='bbox 1342 3264 1498 3333; x_wconf 91' lang='grc' dir='ltr'>μόνον</span> <span class='ocrx_word' id='word_1_494' title='bbox 1518 3264 1609 3317; x_wconf 82' lang='grc' dir='ltr'>τοῦ</span> <span class='ocrx_word' id='word_1_495' title='bbox 1632 3265 1867 3326; x_wconf 82' lang='grc' dir='ltr'>εὐκόλως</span> <span class='ocrx_word' id='word_1_496' title='bbox 1900 3269 1965 3337; x_wconf 82' lang='grc' dir='ltr'>τῇ</span> 
     </span>
    </p>
   </div>
   <div class='ocr_carea' id='block_1_67' title="bbox 387 3356 1967 3429">
    <p class='ocr_par' dir='ltr' id='par_1_67' title="bbox 387 3356 1967 3429">
     <span class='ocr_line' id='line_1_67' title="bbox 387 3356 1967 3429; baseline 0 -20"><span class='ocrx_word' id='word_1_497' title='bbox 387 3362 554 3429; x_wconf 74' lang='grc' dir='ltr'>τέχνῃ</span> <span class='ocrx_word' id='word_1_498' title='bbox 595 3358 831 3419; x_wconf 78' lang='grc' dir='ltr'>εἴκοντος</span> <span class='ocrx_word' id='word_1_499' title='bbox 871 3358 933 3409; x_wconf 78' lang='grc' dir='ltr'>ἔκ</span> <span class='ocrx_word' id='word_1_500' title='bbox 964 3374 1106 3416; x_wconf 85' lang='grc' dir='ltr'>τινος</span> <span class='ocrx_word' id='word_1_501' title='bbox 1154 3357 1385 3425; x_wconf 81' lang='grc' dir='ltr'>φυσικῆς</span> <span class='ocrx_word' id='word_1_502' title='bbox 1440 3356 1794 3426; x_wconf 85' lang='grc' dir='ltr'>ἀπαλότητος,</span> <span class='ocrx_word' id='word_1_503' title='bbox 1828 3357 1967 3410; x_wconf 85' lang='grc' dir='ltr'>ἀλλὰ</span> 
     </span>
    </p>
   </div>
   <div class='ocr_carea' id='block_1_68' title="bbox 392 3444 1968 3521">
    <p class='ocr_par' dir='ltr' id='par_1_68' title="bbox 392 3444 1968 3521">
     <span class='ocr_line' id='line_1_68' title="bbox 392 3444 1968 3521; baseline -0.001 -18"><span class='ocrx_word' id='word_1_504' title='bbox 392 3450 493 3503; x_wconf 78' lang='grc' dir='ltr'>κᾶν</span> <span class='ocrx_word' id='word_1_505' title='bbox 514 3449 633 3503; x_wconf 87' lang='grc' dir='ltr'>λίαν</span> <span class='ocrx_word' id='word_1_506' title='bbox 667 3450 950 3512; x_wconf 81' lang='grc' dir='ltr'>ἀντίτυπος</span> <span class='ocrx_word' id='word_1_507' title='bbox 990 3450 1019 3501; x_wconf 88' lang='grc' dir='ltr'>ὁ</span> <span class='ocrx_word' id='word_1_508' title='bbox 1070 3448 1284 3518; x_wconf 89' lang='grc' dir='ltr'>σίδηρος</span> <span class='ocrx_word' id='word_1_509' title='bbox 1315 3444 1371 3521; x_wconf 81' lang='grc' dir='ltr'><strong>ᾖ,</strong></span> <span class='ocrx_word' id='word_1_510' title='bbox 1405 3448 1507 3500; x_wconf 80' lang='grc' dir='ltr'>κᾶν</span> <span class='ocrx_word' id='word_1_511' title='bbox 1541 3448 1613 3519; x_wconf 84' lang='grc' dir='ltr'>μὴ</span> <span class='ocrx_word' id='word_1_512' title='bbox 1652 3448 1849 3519; x_wconf 77' lang='grc' dir='ltr'>ῥαδίως</span> <span class='ocrx_word' id='word_1_513' title='bbox 1880 3448 1968 3501; x_wconf 75' lang='grc' dir='ltr'>διὰ</span> 
     </span>
    </p>
   </div>
   <div class='ocr_carea' id='block_1_69' title="bbox 393 3539 1968 3611">
    <p class='ocr_par' dir='ltr' id='par_1_69' title="bbox 393 3539 1968 3611">
     <span class='ocr_line' id='line_1_69' title="bbox 393 3539 1968 3611; baseline -0.001 -18"><span class='ocrx_word' id='word_1_514' title='bbox 393 3540 562 3611; x_wconf 84' lang='grc' dir='ltr'>πυρὸς</span> <span class='ocrx_word' id='word_1_515' title='bbox 591 3539 1024 3609; x_wconf 83' lang='grc' dir='ltr'>ἑκμαλάσσηται,</span> <span class='ocrx_word' id='word_1_516' title='bbox 1054 3540 1148 3593; x_wconf 73' lang='grc' dir='ltr'><strong>καὶ</strong></span> <span class='ocrx_word' id='word_1_517' title='bbox 1176 3539 1312 3609; x_wconf 84' lang='grc' dir='ltr'>πρὸς</span> <span class='ocrx_word' id='word_1_518' title='bbox 1342 3540 1403 3591; x_wconf 86' lang='grc' dir='ltr'><strong>τὸ</strong></span> <span class='ocrx_word' id='word_1_519' title='bbox 1424 3539 1613 3602; x_wconf 80' lang='grc' dir='ltr'>σκεῦος</span> <span class='ocrx_word' id='word_1_520' title='bbox 1639 3539 1747 3592; x_wconf 89' lang='grc' dir='ltr'><strong>τῶν</strong></span> <span class='ocrx_word' id='word_1_521' title='bbox 1778 3540 1968 3609; x_wconf 86' lang='grc' dir='ltr'>χρησί-</span> 
     </span>
    </p>
   </div>
   <div class='ocr_carea' id='block_1_70' title="bbox 394 3628 1966 3701">
    <p class='ocr_par' dir='ltr' id='par_1_70' title="bbox 394 3628 1966 3701">
     <span class='ocr_line' id='line_1_70' title="bbox 394 3628 1966 3701; baseline 0 -20"><span class='ocrx_word' id='word_1_522' title='bbox 394 3648 512 3699; x_wconf 90' lang='grc' dir='ltr'><strong>μων</strong></span> <span class='ocrx_word' id='word_1_523' title='bbox 540 3628 631 3682; x_wconf 77' lang='grc' dir='ltr'>τοῦ</span> <span class='ocrx_word' id='word_1_524' title='bbox 650 3629 765 3699; x_wconf 84' lang='grc' dir='ltr'>βίου</span> <span class='ocrx_word' id='word_1_525' title='bbox 781 3629 1095 3699; x_wconf 82' lang='grc' dir='ltr'>τυπωθῆναι</span> <span class='ocrx_word' id='word_1_526' title='bbox 1123 3629 1198 3699; x_wconf 79' lang='grc' dir='ltr'><strong>τῷ</strong></span> <span class='ocrx_word' id='word_1_527' title='bbox 1225 3628 1533 3698; x_wconf 85' lang='grc' dir='ltr'>ἀνυπείκτῳ</span> <span class='ocrx_word' id='word_1_528' title='bbox 1558 3646 1617 3681; x_wconf 88' lang='grc' dir='ltr'><strong>τε</strong></span> <span class='ocrx_word' id='word_1_529' title='bbox 1646 3631 1736 3683; x_wconf 74' lang='grc' dir='ltr'><strong>καὶ</strong></span> <span class='ocrx_word' id='word_1_530' title='bbox 1756 3632 1966 3701; x_wconf 76' lang='grc' dir='ltr'>στερῤᾦ</span> 
     </span>
    </p>
   </div>
   <div class='ocr_carea' id='block_1_71' title="bbox 393 3717 1971 3793">
    <p class='ocr_par' dir='ltr' id='par_1_71' title="bbox 393 3717 1971 3793">
     <span class='ocr_line' id='line_1_71' title="bbox 393 3717 1971 3793; baseline -0.001 -18"><span class='ocrx_word' id='word_1_531' title='bbox 393 3723 468 3792; x_wconf 82' lang='grc' dir='ltr'>μὴ</span> <span class='ocrx_word' id='word_1_532' title='bbox 494 3717 603 3785; x_wconf 76' lang='grc' dir='ltr'>οἷός</span> <span class='ocrx_word' id='word_1_533' title='bbox 632 3739 692 3774; x_wconf 87' lang='grc' dir='ltr'><strong>τε</strong></span> <span class='ocrx_word' id='word_1_534' title='bbox 733 3717 789 3793; x_wconf 83' lang='grc' dir='ltr'>ᾗ,</span> <span class='ocrx_word' id='word_1_535' title='bbox 835 3721 931 3774; x_wconf 76' lang='grc' dir='ltr'><strong>καὶ</strong></span> <span class='ocrx_word' id='word_1_536' title='bbox 970 3721 1158 3774; x_wconf 85' lang='grc' dir='ltr'>τούτου</span> <span class='ocrx_word' id='word_1_537' title='bbox 1190 3722 1223 3790; x_wconf 84' lang='grc' dir='ltr'>ή</span> <span class='ocrx_word' id='word_1_538' title='bbox 1249 3720 1412 3791; x_wconf 80' lang='grc' dir='ltr'>τέχνη</span> <span class='ocrx_word' id='word_1_539' title='bbox 1446 3720 1693 3791; x_wconf 80' lang='grc' dir='ltr'>ἐπιζητεῖ</span> <span class='ocrx_word' id='word_1_540' title='bbox 1720 3722 1817 3792; x_wconf 85' lang='grc' dir='ltr'>τὴν</span> <span class='ocrx_word' id='word_1_541' title='bbox 1849 3739 1971 3775; x_wconf 83' lang='grc' dir='ltr'>συν-</span> 
     </span>
    </p>
   </div>
   <div class='ocr_carea' id='block_1_72' title="bbox 2074 3266 3640 3338">
    <p class='ocr_par' dir='ltr' id='par_1_72' title="bbox 2074 3266 3640 3338">
     <span class='ocr_line' id='line_1_72' title="bbox 2074 3266 3640 3338; baseline -0.001 -18"><span class='ocrx_word' id='word_1_542' title='bbox 2074 3276 2297 3338; x_wconf 90' lang='lat' dir='ltr'><strong>propter</strong></span> <span class='ocrx_word' id='word_1_543' title='bbox 2325 3284 2539 3322; x_wconf 89' lang='lat' dir='ltr'><strong>omnem</strong></span> <span class='ocrx_word' id='word_1_544' title='bbox 2562 3268 2862 3337; x_wconf 87' lang='lat' dir='ltr'><strong>nequitiam</strong></span> <span class='ocrx_word' id='word_1_545' title='bbox 2891 3267 3203 3321; x_wconf 90' lang='lat' dir='ltr'><strong>nominatus</strong></span> <span class='ocrx_word' id='word_1_546' title='bbox 3237 3275 3289 3319; x_wconf 87' lang='lat' dir='ltr'><strong>ct</strong></span> <span class='ocrx_word' id='word_1_547' title='bbox 3318 3266 3640 3319; x_wconf 85' lang='lat' dir='ltr'><strong>nobilitatus</strong></span> 
     </span>
    </p>
   </div>
   <div class='ocr_carea' id='block_1_73' title="bbox 2076 3357 3647 3428">
    <p class='ocr_par' dir='ltr' id='par_1_73' title="bbox 2076 3357 3647 3428">
     <span class='ocr_line' id='line_1_73' title="bbox 2076 3357 3647 3428; baseline -0.003 -16"><span class='ocrx_word' id='word_1_548' title='bbox 2076 3358 2311 3424; x_wconf 86' lang='lat' dir='ltr'><strong>Pharao,</strong></span> <span class='ocrx_word' id='word_1_549' title='bbox 2345 3361 2397 3413; x_wconf 92' lang='lat' dir='ltr'><strong>in</strong></span> <span class='ocrx_word' id='word_1_550' title='bbox 2433 3362 2541 3412; x_wconf 89' lang='lat' dir='ltr'><strong>vita</strong></span> <span class='ocrx_word' id='word_1_551' title='bbox 2571 3374 2757 3413; x_wconf 91' lang='lat' dir='ltr'><strong>eorum</strong></span> <span class='ocrx_word' id='word_1_552' title='bbox 2794 3359 2995 3428; x_wconf 91' lang='lat' dir='ltr'><strong>quibus</strong></span> <span class='ocrx_word' id='word_1_553' title='bbox 3019 3359 3158 3411; x_wconf 86' lang='lat' dir='ltr'><strong>bene</strong></span> <span class='ocrx_word' id='word_1_554' title='bbox 3193 3357 3376 3419; x_wconf 82' lang='lat' dir='ltr'><strong>fiebat,</strong></span> <span class='ocrx_word' id='word_1_555' title='bbox 3409 3364 3463 3411; x_wconf 91' lang='lat' dir='ltr'><strong>ct</strong></span> <span class='ocrx_word' id='word_1_556' title='bbox 3485 3371 3647 3410; x_wconf 80' lang='lat' dir='ltr'><strong>exor-</strong></span> 
     </span>
    </p>
   </div>
   <div class='ocr_carea' id='block_1_74' title="bbox 2074 3445 3644 3517">
    <p class='ocr_par' dir='ltr' id='par_1_74' title="bbox 2074 3445 3644 3517">
     <span class='ocr_line' id='line_1_74' title="bbox 2074 3445 3644 3517; baseline -0.003 -14"><span class='ocrx_word' id='word_1_557' title='bbox 2074 3459 2163 3504; x_wconf 88' lang='lat' dir='ltr'><strong>tus</strong></span> <span class='ocrx_word' id='word_1_558' title='bbox 2201 3460 2305 3511; x_wconf 91' lang='lat' dir='ltr'><strong>est,</strong></span> <span class='ocrx_word' id='word_1_559' title='bbox 2365 3458 2419 3503; x_wconf 91' lang='lat' dir='ltr'><strong>et</strong></span> <span class='ocrx_word' id='word_1_560' title='bbox 2473 3448 2676 3513; x_wconf 84' lang='lat' dir='ltr'><strong>floruit,</strong></span> <span class='ocrx_word' id='word_1_561' title='bbox 2712 3455 2772 3502; x_wconf 93' lang='lat' dir='ltr'><strong>ut</strong></span> <span class='ocrx_word' id='word_1_562' title='bbox 2827 3447 3029 3517; x_wconf 88' lang='lat' dir='ltr'><strong>duplici</strong></span> <span class='ocrx_word' id='word_1_563' title='bbox 3095 3447 3380 3501; x_wconf 65' lang='lat' dir='ltr'><strong>efficientia</strong></span> <span class='ocrx_word' id='word_1_564' title='bbox 3433 3445 3527 3500; x_wconf 91' lang='lat' dir='ltr'><strong>Dei</strong></span> <span class='ocrx_word' id='word_1_565' title='bbox 3591 3446 3644 3499; x_wconf 89' lang='lat' dir='ltr'><strong>in</strong></span> 
     </span>
    </p>
   </div>
   <div class='ocr_carea' id='block_1_75' title="bbox 2077 3538 3645 3612">
    <p class='ocr_par' dir='ltr' id='par_1_75' title="bbox 2077 3538 3645 3612">
     <span class='ocr_line' id='line_1_75' title="bbox 2077 3538 3645 3612; baseline -0.003 -15"><span class='ocrx_word' id='word_1_566' title='bbox 2077 3544 2325 3612; x_wconf 89' lang='lat' dir='ltr'><strong>utrisque</strong></span> <span class='ocrx_word' id='word_1_567' title='bbox 2366 3542 2658 3596; x_wconf 90' lang='lat' dir='ltr'><strong>distributa</strong></span> <span class='ocrx_word' id='word_1_568' title='bbox 2676 3541 2891 3610; x_wconf 61' lang='lat' dir='ltr'><strong>ojustam</strong></span> <span class='ocrx_word' id='word_1_569' title='bbox 2929 3541 3213 3610; x_wconf 86' lang='lat' dir='ltr'><strong>utriusque</strong></span> <span class='ocrx_word' id='word_1_570' title='bbox 3278 3538 3645 3609; x_wconf 82' lang='lat' dir='ltr'><strong>cognitionem</strong></span> 
     </span>
    </p>
   </div>
   <div class='ocr_carea' id='block_1_76' title="bbox 2084 3630 3647 3703">
    <p class='ocr_par' dir='ltr' id='par_1_76' title="bbox 2084 3630 3647 3703">
     <span class='ocr_line' id='line_1_76' title="bbox 2084 3630 3647 3703; baseline -0.004 -15"><span class='ocrx_word' id='word_1_571' title='bbox 2084 3634 2250 3689; x_wconf 91' lang='lat' dir='ltr'><strong>Israel</strong></span> <span class='ocrx_word' id='word_1_572' title='bbox 2283 3635 2573 3703; x_wconf 89' lang='lat' dir='ltr'><strong>acciperet,</strong></span> <span class='ocrx_word' id='word_1_573' title='bbox 2601 3633 2728 3686; x_wconf 90' lang='lat' dir='ltr'><strong>dum</strong></span> <span class='ocrx_word' id='word_1_574' title='bbox 2764 3632 2818 3686; x_wconf 91' lang='lat' dir='ltr'><strong>id</strong></span> <span class='ocrx_word' id='word_1_575' title='bbox 2858 3632 3099 3701; x_wconf 90' lang='lat' dir='ltr'><strong>quidem,</strong></span> <span class='ocrx_word' id='word_1_576' title='bbox 3124 3630 3268 3699; x_wconf 89' lang='lat' dir='ltr'><strong>quod</strong></span> <span class='ocrx_word' id='word_1_577' title='bbox 3293 3632 3491 3686; x_wconf 85' lang='lat' dir='ltr'><strong>melius</strong></span> <span class='ocrx_word' id='word_1_578' title='bbox 3530 3639 3647 3685; x_wconf 91' lang='lat' dir='ltr'><strong>erat</strong></span> 
     </span>
    </p>
   </div>
   <div class='ocr_carea' id='block_1_77' title="bbox 2074 3723 3647 3794">
    <p class='ocr_par' dir='ltr' id='par_1_77' title="bbox 2074 3723 3647 3794">
     <span class='ocr_line' id='line_1_77' title="bbox 2074 3723 3647 3794; baseline -0.003 -14"><span class='ocrx_word' id='word_1_579' title='bbox 2074 3727 2127 3780; x_wconf 92' lang='lat' dir='ltr'><strong>in</strong></span> <span class='ocrx_word' id='word_1_580' title='bbox 2164 3728 2345 3794; x_wconf 81' lang='lat' dir='ltr'><strong>seipse</strong></span> <span class='ocrx_word' id='word_1_581' title='bbox 2393 3726 2651 3786; x_wconf 87' lang='lat' dir='ltr'><strong>disceret,</strong></span> <span class='ocrx_word' id='word_1_582' title='bbox 2715 3726 2929 3780; x_wconf 88' lang='lat' dir='ltr'><strong>tristius</strong></span> <span class='ocrx_word' id='word_1_583' title='bbox 2996 3734 3173 3777; x_wconf 90' lang='lat' dir='ltr'><strong>autem</strong></span> <span class='ocrx_word' id='word_1_584' title='bbox 3211 3725 3264 3776; x_wconf 91' lang='lat' dir='ltr'><strong>in</strong></span> <span class='ocrx_word' id='word_1_585' title='bbox 3329 3724 3396 3777; x_wconf 93' lang='lat' dir='ltr'><strong>iis</strong></span> <span class='ocrx_word' id='word_1_586' title='bbox 3427 3723 3521 3793; x_wconf 93' lang='lat' dir='ltr'><strong>qui</strong></span> <span class='ocrx_word' id='word_1_587' title='bbox 3577 3724 3647 3777; x_wconf 91' lang='lat' dir='ltr'><strong>oh</strong></span> 
     </span>
    </p>
   </div>
   <div class='ocr_carea' id='block_1_78' title="bbox 388 3810 1966 3887">
    <p class='ocr_par' dir='ltr' id='par_1_78' title="bbox 388 3810 1966 3884">
     <span class='ocr_line' id='line_1_78' title="bbox 388 3810 1966 3884; baseline 0 -18"><span class='ocrx_word' id='word_1_588' title='bbox 388 3812 598 3884; x_wconf 70' lang='grc' dir='ltr'>εργίαν.</span> <span class='ocrx_word' id='word_1_589' title='bbox 634 3814 863 3883; x_wconf 79' lang='grc' dir='ltr'>Ἀκμονι</span> <span class='ocrx_word' id='word_1_590' title='bbox 913 3812 1021 3881; x_wconf 81' lang='grc' dir='ltr'>γὰρ</span> <span class='ocrx_word' id='word_1_591' title='bbox 1045 3813 1304 3883; x_wconf 82' lang='grc' dir='ltr'>χρήσεται</span> <span class='ocrx_word' id='word_1_592' title='bbox 1337 3810 1413 3882; x_wconf 80' lang='grc' dir='ltr'>τῷ</span> <span class='ocrx_word' id='word_1_593' title='bbox 1440 3811 1685 3883; x_wconf 85' lang='grc' dir='ltr'>τοιούτῳ,</span> <span class='ocrx_word' id='word_1_594' title='bbox 1738 3813 1812 3876; x_wconf 85' lang='grc' dir='ltr'>ὼς</span> <span class='ocrx_word' id='word_1_595' title='bbox 1849 3816 1966 3878; x_wconf 85' lang='grc' dir='ltr'>ταῖς</span> 
     </span>
    </p>
   </div>
   <div class='ocr_carea' id='block_1_79' title="bbox 2068 3810 3637 3887">
    <p class='ocr_par' dir='ltr' id='par_1_79' title="bbox 2069 3815 3637 3887">
     <span class='ocr_line' id='line_1_79' title="bbox 2069 3815 3637 3887; baseline -0.001 -17"><span class='ocrx_word' id='word_1_596' title='bbox 2069 3816 2367 3887; x_wconf 86' lang='lat' dir='ltr'><strong>nequitiam</strong></span> <span class='ocrx_word' id='word_1_597' title='bbox 2397 3826 2451 3871; x_wconf 92' lang='lat' dir='ltr'><strong>et</strong></span> <span class='ocrx_word' id='word_1_598' title='bbox 2486 3816 2745 3869; x_wconf 89' lang='lat' dir='ltr'><strong>malitiam</strong></span> <span class='ocrx_word' id='word_1_599' title='bbox 2775 3816 3209 3887; x_wconf 81' lang='lat' dir='ltr'><strong>flagellabantur,</strong></span> <span class='ocrx_word' id='word_1_600' title='bbox 3240 3815 3469 3878; x_wconf 88' lang='lat' dir='ltr'><strong>videret,</strong></span> <span class='ocrx_word' id='word_1_601' title='bbox 3511 3830 3637 3868; x_wconf 67' lang='lat' dir='ltr'><strong>cuum</strong></span> 
     </span>
    </p>
   </div>
   <div class='ocr_carea' id='block_1_80' title="bbox 389 3905 1966 3978">
    <p class='ocr_par' dir='ltr' id='par_1_80' title="bbox 389 3905 1966 3978">
     <span class='ocr_line' id='line_1_80' title="bbox 389 3905 1966 3978; baseline 0 -19"><span class='ocrx_word' id='word_1_602' title='bbox 389 3908 481 3961; x_wconf 73' lang='grc' dir='ltr'><strong>ἐπὶ</strong></span> <span class='ocrx_word' id='word_1_603' title='bbox 508 3905 694 3959; x_wconf 88' lang='grc' dir='ltr'>τούτου</span> <span class='ocrx_word' id='word_1_604' title='bbox 729 3905 962 3976; x_wconf 84' lang='grc' dir='ltr'>πληγαῖς</span> <span class='ocrx_word' id='word_1_605' title='bbox 984 3905 1073 3957; x_wconf 81' lang='grc' dir='ltr'><strong>τὸν</strong></span> <span class='ocrx_word' id='word_1_606' title='bbox 1098 3905 1294 3975; x_wconf 88' lang='grc' dir='ltr'>ἐνεργῆ</span> <span class='ocrx_word' id='word_1_607' title='bbox 1325 3922 1383 3957; x_wconf 91' lang='grc' dir='ltr'><strong>τε</strong></span> <span class='ocrx_word' id='word_1_608' title='bbox 1407 3906 1500 3958; x_wconf 78' lang='grc' dir='ltr'>καὶ</span> <span class='ocrx_word' id='word_1_609' title='bbox 1526 3905 1730 3958; x_wconf 83' lang='grc' dir='ltr'>ἁπαλὸν</span> <span class='ocrx_word' id='word_1_610' title='bbox 1756 3906 1891 3978; x_wconf 87' lang='grc' dir='ltr'>πρός</span> <span class='ocrx_word' id='word_1_611' title='bbox 1915 3924 1966 3959; x_wconf 90' lang='grc' dir='ltr'><strong>τι</strong></span> 
     </span>
    </p>
   </div>
   <div class='ocr_carea' id='block_1_81' title="bbox 2068 3905 3643 3978">
    <p class='ocr_par' dir='ltr' id='par_1_81' title="bbox 2068 3906 3643 3976">
     <span class='ocr_line' id='line_1_81' title="bbox 2068 3906 3643 3976; baseline -0.003 -14"><span class='ocrx_word' id='word_1_612' title='bbox 2068 3907 2392 3962; x_wconf 81' lang='lat' dir='ltr'><strong>excellentia</strong></span> <span class='ocrx_word' id='word_1_613' title='bbox 2448 3907 2727 3976; x_wconf 74' lang='lat' dir='ltr'><strong>sapientia:</strong></span> <span class='ocrx_word' id='word_1_614' title='bbox 2785 3923 2897 3961; x_wconf 62' lang='lat' dir='ltr'><strong>sua:</strong></span> <span class='ocrx_word' id='word_1_615' title='bbox 2952 3907 3096 3961; x_wconf 90' lang='lat' dir='ltr'><strong>Deus</strong></span> <span class='ocrx_word' id='word_1_616' title='bbox 3151 3907 3406 3960; x_wconf 87' lang='lat' dir='ltr'><strong>nimirum</strong></span> <span class='ocrx_word' id='word_1_617' title='bbox 3477 3906 3643 3960; x_wconf 87' lang='lat' dir='ltr'><strong>etiam</strong></span> 
     </span>
    </p>
   </div>
   <div class='ocr_carea' id='block_1_82' title="bbox 388 3996 1966 4069">
    <p class='ocr_par' dir='ltr' id='par_1_82' title="bbox 388 3996 1273 4069">
     <span class='ocr_line' id='line_1_82' title="bbox 388 3996 1273 4069; baseline 0.001 -19"><span class='ocrx_word' id='word_1_618' title='bbox 388 3999 495 4050; x_wconf 90' lang='grc' dir='ltr'><strong>τῶν</strong></span> <span class='ocrx_word' id='word_1_619' title='bbox 524 3998 808 4069; x_wconf 87' lang='grc' dir='ltr'>χρησίμων</span> <span class='ocrx_word' id='word_1_620' title='bbox 843 3996 1273 4051; x_wconf 82' lang='grc' dir='ltr'>ἀποτυποῦσθαι.</span> 
     </span>
    </p>
   </div>
   <div class='ocr_carea' id='block_1_83' title="bbox 2068 3996 3652 4069">
    <p class='ocr_par' dir='ltr' id='par_1_83' title="bbox 2068 3999 3652 4068">
     <span class='ocr_line' id='line_1_83' title="bbox 2068 3999 3652 4068; baseline -0.001 -16"><span class='ocrx_word' id='word_1_621' title='bbox 2068 4000 2270 4053; x_wconf 90' lang='lat' dir='ltr'><strong>malum</strong></span> <span class='ocrx_word' id='word_1_622' title='bbox 2312 3999 2378 4053; x_wconf 89' lang='lat' dir='ltr'><strong>ad</strong></span> <span class='ocrx_word' id='word_1_623' title='bbox 2417 3999 2781 4068; x_wconf 89' lang='lat' dir='ltr'><strong>adjuvandum</strong></span> <span class='ocrx_word' id='word_1_624' title='bbox 2814 4000 3017 4054; x_wconf 86' lang='lat' dir='ltr'><strong>bonum</strong></span> <span class='ocrx_word' id='word_1_625' title='bbox 3059 4008 3295 4054; x_wconf 91' lang='lat' dir='ltr'><strong>tractare</strong></span> <span class='ocrx_word' id='word_1_626' title='bbox 3345 4010 3398 4055; x_wconf 93' lang='lat' dir='ltr'><strong>et</strong></span> <span class='ocrx_word' id='word_1_627' title='bbox 3433 4014 3652 4052; x_wconf 80' lang='lat' dir='ltr'><strong>accom-</strong></span> 
     </span>
    </p>
   </div>
   <div class='ocr_carea' id='block_1_84' title="bbox 390 4089 3645 4161">
    <p class='ocr_par' dir='ltr' id='par_1_84' title="bbox 390 4089 3645 4161">
     <span class='ocr_line' id='line_1_84' title="bbox 390 4089 3645 4161; baseline -0.001 -15"><span class='ocrx_word' id='word_1_628' title='bbox 390 4094 612 4146; x_wconf 88' lang='lat' dir='ltr'><strong>modare</strong></span> <span class='ocrx_word' id='word_1_629' title='bbox 660 4093 818 4146; x_wconf 89' lang='lat' dir='ltr'><strong>sciat.</strong></span> <span class='ocrx_word' id='word_1_630' title='bbox 852 4090 1001 4159; x_wconf 90' lang='lat' dir='ltr'><strong>Opus</strong></span> <span class='ocrx_word' id='word_1_631' title='bbox 1071 4090 1215 4145; x_wconf 91' lang='lat' dir='ltr'><strong>enim</strong></span> <span class='ocrx_word' id='word_1_632' title='bbox 1268 4097 1389 4144; x_wconf 89' lang='lat' dir='ltr'><strong>erat</strong></span> <span class='ocrx_word' id='word_1_633' title='bbox 1437 4090 1635 4145; x_wconf 91' lang='lat' dir='ltr'><strong>artilici</strong></span> <span class='ocrx_word' id='word_1_634' title='bbox 1693 4089 1781 4161; x_wconf 91' lang='lat' dir='ltr'><strong>(si</strong></span> <span class='ocrx_word' id='word_1_635' title='bbox 1839 4090 2003 4145; x_wconf 85' lang='lat' dir='ltr'><strong>etiam</strong></span> <span class='ocrx_word' id='word_1_636' title='bbox 2047 4094 2250 4146; x_wconf 87' lang='lat' dir='ltr'><strong>nostris</strong></span> <span class='ocrx_word' id='word_1_637' title='bbox 2306 4091 2487 4145; x_wconf 87' lang='lat' dir='ltr'><strong>verbis</strong></span> <span class='ocrx_word' id='word_1_638' title='bbox 2541 4092 2900 4161; x_wconf 88' lang='lat' dir='ltr'><strong>apostolicum</strong></span> <span class='ocrx_word' id='word_1_639' title='bbox 2976 4106 3279 4145; x_wconf 86' lang='lat' dir='ltr'><strong>sermonem</strong></span> <span class='ocrx_word' id='word_1_640' title='bbox 3332 4091 3645 4144; x_wconf 83' lang='lat' dir='ltr'><strong>confirmari</strong></span> 
     </span>
    </p>
   </div>
   <div class='ocr_carea' id='block_1_85' title="bbox 387 4181 3647 4253">
    <p class='ocr_par' dir='ltr' id='par_1_85' title="bbox 387 4181 3647 4253">
     <span class='ocr_line' id='line_1_85' title="bbox 387 4181 3647 4253; baseline -0 -16"><span class='ocrx_word' id='word_1_641' title='bbox 387 4183 662 4253; x_wconf 86' lang='lat' dir='ltr'><strong>oportet),</strong></span> <span class='ocrx_word' id='word_1_642' title='bbox 715 4197 857 4253; x_wconf 88' lang='lat' dir='ltr'><strong>opus</strong></span> <span class='ocrx_word' id='word_1_643' title='bbox 919 4183 1084 4253; x_wconf 79' lang='lat' dir='ltr'><strong>igitur</strong></span> <span class='ocrx_word' id='word_1_644' title='bbox 1118 4188 1237 4235; x_wconf 89' lang='lat' dir='ltr'><strong>erat</strong></span> <span class='ocrx_word' id='word_1_645' title='bbox 1295 4197 1393 4251; x_wconf 92' lang='lat' dir='ltr'><strong>per</strong></span> <span class='ocrx_word' id='word_1_646' title='bbox 1454 4189 1627 4237; x_wconf 87' lang='lat' dir='ltr'><strong>artem</strong></span> <span class='ocrx_word' id='word_1_647' title='bbox 1674 4182 1963 4236; x_wconf 83' lang='lat' dir='ltr'><strong>excudenti</strong></span> <span class='ocrx_word' id='word_1_648' title='bbox 2004 4181 2205 4236; x_wconf 91' lang='lat' dir='ltr'><strong>ferrum</strong></span> <span class='ocrx_word' id='word_1_649' title='bbox 2252 4181 2317 4236; x_wconf 87' lang='lat' dir='ltr'><strong>ad</strong></span> <span class='ocrx_word' id='word_1_650' title='bbox 2358 4183 2488 4236; x_wconf 90' lang='lat' dir='ltr'><strong>utile</strong></span> <span class='ocrx_word' id='word_1_651' title='bbox 2548 4182 2822 4251; x_wconf 88' lang='lat' dir='ltr'><strong>quoddam</strong></span> <span class='ocrx_word' id='word_1_652' title='bbox 2867 4184 2989 4237; x_wconf 78' lang='lat' dir='ltr'><strong>vita:</strong></span> <span class='ocrx_word' id='word_1_653' title='bbox 3038 4184 3483 4247; x_wconf 91' lang='lat' dir='ltr'><strong>instrumentum,</strong></span> <span class='ocrx_word' id='word_1_654' title='bbox 3539 4198 3647 4236; x_wconf 77' lang='lat' dir='ltr'><strong>non</strong></span> 
     </span>
    </p>
   </div>
   <div class='ocr_carea' id='block_1_86' title="bbox 389 4273 3647 4344">
    <p class='ocr_par' dir='ltr' id='par_1_86' title="bbox 389 4273 3647 4344">
     <span class='ocr_line' id='line_1_86' title="bbox 389 4273 3647 4344; baseline 0 -18"><span class='ocrx_word' id='word_1_655' title='bbox 389 4278 565 4331; x_wconf 89' lang='lat' dir='ltr'><strong>solum</strong></span> <span class='ocrx_word' id='word_1_656' title='bbox 635 4291 701 4331; x_wconf 92' lang='lat' dir='ltr'><strong>eo</strong></span> <span class='ocrx_word' id='word_1_657' title='bbox 741 4275 884 4344; x_wconf 87' lang='lat' dir='ltr'><strong>quod</strong></span> <span class='ocrx_word' id='word_1_658' title='bbox 932 4291 997 4328; x_wconf 82' lang='lat' dir='ltr'><strong>ex</strong></span> <span class='ocrx_word' id='word_1_659' title='bbox 1044 4273 1282 4327; x_wconf 89' lang='lat' dir='ltr'><strong>naturali</strong></span> <span class='ocrx_word' id='word_1_660' title='bbox 1353 4274 1585 4343; x_wconf 89' lang='lat' dir='ltr'><strong>quadam</strong></span> <span class='ocrx_word' id='word_1_661' title='bbox 1641 4274 1930 4329; x_wconf 88' lang='lat' dir='ltr'><strong>teneritate</strong></span> <span class='ocrx_word' id='word_1_662' title='bbox 1973 4289 2037 4328; x_wconf 91' lang='lat' dir='ltr'><strong>ac</strong></span> <span class='ocrx_word' id='word_1_663' title='bbox 2078 4274 2417 4329; x_wconf 89' lang='lat' dir='ltr'><strong>mollitudine</strong></span> <span class='ocrx_word' id='word_1_664' title='bbox 2446 4273 2601 4329; x_wconf 81' lang='lat' dir='ltr'><strong>facile</strong></span> <span class='ocrx_word' id='word_1_665' title='bbox 2639 4277 2740 4327; x_wconf 90' lang='lat' dir='ltr'><strong>arti</strong></span> <span class='ocrx_word' id='word_1_666' title='bbox 2773 4275 3011 4335; x_wconf 83' lang='lat' dir='ltr'><strong>cederet,</strong></span> <span class='ocrx_word' id='word_1_667' title='bbox 3046 4276 3399 4329; x_wconf 80' lang='lat' dir='ltr'><strong>verunietiam</strong></span> <span class='ocrx_word' id='word_1_668' title='bbox 3452 4276 3498 4329; x_wconf 90' lang='lat' dir='ltr'><strong>si</strong></span> <span class='ocrx_word' id='word_1_669' title='bbox 3546 4274 3647 4328; x_wconf 85' lang='lat' dir='ltr'><strong>ad-</strong></span> 
     </span>
    </p>
   </div>
   <div class='ocr_carea' id='block_1_87' title="bbox 390 4365 3646 4439">
    <p class='ocr_par' dir='ltr' id='par_1_87' title="bbox 390 4365 3646 4439">
     <span class='ocr_line' id='line_1_87' title="bbox 390 4365 3646 4439; baseline -0.001 -17"><span class='ocrx_word' id='word_1_670' title='bbox 390 4368 610 4423; x_wconf 87' lang='lat' dir='ltr'><strong>modum</strong></span> <span class='ocrx_word' id='word_1_671' title='bbox 662 4367 882 4430; x_wconf 91' lang='lat' dir='ltr'><strong>durum,</strong></span> <span class='ocrx_word' id='word_1_672' title='bbox 942 4367 1177 4436; x_wconf 76' lang='lat' dir='ltr'><strong>rigidum</strong></span> <span class='ocrx_word' id='word_1_673' title='bbox 1242 4377 1405 4439; x_wconf 88' lang='lat' dir='ltr'><strong>atque</strong></span> <span class='ocrx_word' id='word_1_674' title='bbox 1464 4366 1731 4421; x_wconf 90' lang='lat' dir='ltr'><strong>resistens</strong></span> <span class='ocrx_word' id='word_1_675' title='bbox 1767 4365 1971 4420; x_wconf 86' lang='lat' dir='ltr'><strong>ferrum</strong></span> <span class='ocrx_word' id='word_1_676' title='bbox 2013 4367 2103 4429; x_wconf 87' lang='lat' dir='ltr'><strong>sit,</strong></span> <span class='ocrx_word' id='word_1_677' title='bbox 2130 4368 2341 4421; x_wconf 89' lang='lat' dir='ltr'><strong>etiamsi</strong></span> <span class='ocrx_word' id='word_1_678' title='bbox 2375 4382 2483 4420; x_wconf 89' lang='lat' dir='ltr'><strong>non</strong></span> <span class='ocrx_word' id='word_1_679' title='bbox 2535 4366 2691 4419; x_wconf 81' lang='lat' dir='ltr'><strong>facile</strong></span> <span class='ocrx_word' id='word_1_680' title='bbox 2746 4382 2842 4434; x_wconf 89' lang='lat' dir='ltr'><strong>per</strong></span> <span class='ocrx_word' id='word_1_681' title='bbox 2876 4367 3051 4435; x_wconf 78' lang='lat' dir='ltr'><strong>ignem</strong></span> <span class='ocrx_word' id='word_1_682' title='bbox 3088 4366 3387 4429; x_wconf 84' lang='lat' dir='ltr'><strong>mollescat,</strong></span> <span class='ocrx_word' id='word_1_683' title='bbox 3454 4375 3509 4421; x_wconf 86' lang='lat' dir='ltr'><strong>et</strong></span> <span class='ocrx_word' id='word_1_684' title='bbox 3579 4370 3646 4423; x_wconf 91' lang='lat' dir='ltr'><strong>ad</strong></span> 
     </span>
    </p>
   </div>
   <div class='ocr_carea' id='block_1_88' title="bbox 389 4455 3646 4531">
    <p class='ocr_par' dir='ltr' id='par_1_88' title="bbox 389 4455 3646 4531">
     <span class='ocr_line' id='line_1_88' title="bbox 389 4455 3646 4531; baseline 0 -18"><span class='ocrx_word' id='word_1_685' title='bbox 389 4460 607 4531; x_wconf 85' lang='lat' dir='ltr'><strong>aliquod</strong></span> <span class='ocrx_word' id='word_1_686' title='bbox 652 4461 775 4513; x_wconf 71' lang='lat' dir='ltr'><strong>vita:</strong></span> <span class='ocrx_word' id='word_1_687' title='bbox 816 4459 1189 4513; x_wconf 89' lang='lat' dir='ltr'><strong>necessarium</strong></span> <span class='ocrx_word' id='word_1_688' title='bbox 1239 4460 1663 4513; x_wconf 89' lang='lat' dir='ltr'><strong>instrumentum</strong></span> <span class='ocrx_word' id='word_1_689' title='bbox 1712 4458 1783 4511; x_wconf 94' lang='lat' dir='ltr'><strong>ob</strong></span> <span class='ocrx_word' id='word_1_690' title='bbox 1838 4458 2186 4511; x_wconf 80' lang='lat' dir='ltr'><strong>renitentiam</strong></span> <span class='ocrx_word' id='word_1_691' title='bbox 2240 4471 2303 4509; x_wconf 89' lang='lat' dir='ltr'><strong>ac</strong></span> <span class='ocrx_word' id='word_1_692' title='bbox 2379 4455 2763 4509; x_wconf 85' lang='lat' dir='ltr'><strong>firmitudinem</strong></span> <span class='ocrx_word' id='word_1_693' title='bbox 2819 4470 2971 4509; x_wconf 85' lang='lat' dir='ltr'><strong>suam</strong></span> <span class='ocrx_word' id='word_1_694' title='bbox 3037 4456 3227 4509; x_wconf 75' lang='lat' dir='ltr'><strong>excudi</strong></span> <span class='ocrx_word' id='word_1_695' title='bbox 3298 4471 3361 4510; x_wconf 91' lang='lat' dir='ltr'><strong>ac</strong></span> <span class='ocrx_word' id='word_1_696' title='bbox 3422 4456 3646 4513; x_wconf 90' lang='lat' dir='ltr'><strong>formari</strong></span> 
     </span>
    </p>
   </div>
   <div class='ocr_carea' id='block_1_89' title="bbox 389 4546 3645 4620">
    <p class='ocr_par' dir='ltr' id='par_1_89' title="bbox 389 4546 3645 4620">
     <span class='ocr_line' id='line_1_89' title="bbox 389 4546 3645 4620; baseline -0 -15"><span class='ocrx_word' id='word_1_697' title='bbox 389 4567 495 4605; x_wconf 90' lang='lat' dir='ltr'><strong>non</strong></span> <span class='ocrx_word' id='word_1_698' title='bbox 526 4550 718 4620; x_wconf 90' lang='lat' dir='ltr'><strong>possit,</strong></span> <span class='ocrx_word' id='word_1_699' title='bbox 751 4548 915 4602; x_wconf 81' lang='lat' dir='ltr'><strong>etiam</strong></span> <span class='ocrx_word' id='word_1_700' title='bbox 951 4548 1114 4617; x_wconf 89' lang='lat' dir='ltr'><strong>hujus</strong></span> <span class='ocrx_word' id='word_1_701' title='bbox 1144 4564 1235 4603; x_wconf 91' lang='lat' dir='ltr'><strong>ars</strong></span> <span class='ocrx_word' id='word_1_702' title='bbox 1270 4548 1646 4615; x_wconf 88' lang='lat' dir='ltr'><strong>adjumentum</strong></span> <span class='ocrx_word' id='word_1_703' title='bbox 1687 4546 1938 4616; x_wconf 90' lang='lat' dir='ltr'><strong>requirit.</strong></span> <span class='ocrx_word' id='word_1_704' title='bbox 1979 4546 2112 4600; x_wconf 86' lang='lat' dir='ltr'><strong>Nam</strong></span> <span class='ocrx_word' id='word_1_705' title='bbox 2147 4563 2243 4616; x_wconf 89' lang='lat' dir='ltr'><strong>pro</strong></span> <span class='ocrx_word' id='word_1_706' title='bbox 2279 4547 2476 4601; x_wconf 90' lang='lat' dir='ltr'><strong>incude</strong></span> <span class='ocrx_word' id='word_1_707' title='bbox 2514 4547 2606 4600; x_wconf 88' lang='lat' dir='ltr'><strong>tali</strong></span> <span class='ocrx_word' id='word_1_708' title='bbox 2644 4556 2845 4609; x_wconf 89' lang='lat' dir='ltr'><strong>utetur,</strong></span> <span class='ocrx_word' id='word_1_709' title='bbox 2878 4553 2932 4599; x_wconf 90' lang='lat' dir='ltr'><strong>ut</strong></span> <span class='ocrx_word' id='word_1_710' title='bbox 2965 4546 3166 4601; x_wconf 85' lang='lat' dir='ltr'><strong>ictibus</strong></span> <span class='ocrx_word' id='word_1_711' title='bbox 3194 4547 3249 4600; x_wconf 92' lang='lat' dir='ltr'><strong>in</strong></span> <span class='ocrx_word' id='word_1_712' title='bbox 3310 4563 3374 4602; x_wconf 90' lang='lat' dir='ltr'><strong>ea</strong></span> <span class='ocrx_word' id='word_1_713' title='bbox 3440 4550 3645 4603; x_wconf 89' lang='lat' dir='ltr'><strong>ferrum</strong></span> 
     </span>
    </p>
   </div>
   <div class='ocr_carea' id='block_1_90' title="bbox 387 4639 2969 4710">
    <p class='ocr_par' dir='ltr' id='par_1_90' title="bbox 387 4639 2969 4710">
     <span class='ocr_line' id='line_1_90' title="bbox 387 4639 2969 4710; baseline -0 -15"><span class='ocrx_word' id='word_1_714' title='bbox 387 4648 632 4695; x_wconf 89' lang='lat' dir='ltr'><strong>tenerum</strong></span> <span class='ocrx_word' id='word_1_715' title='bbox 664 4647 717 4694; x_wconf 91' lang='lat' dir='ltr'><strong>et</strong></span> <span class='ocrx_word' id='word_1_716' title='bbox 746 4639 812 4692; x_wconf 89' lang='lat' dir='ltr'><strong>ad</strong></span> <span class='ocrx_word' id='word_1_717' title='bbox 832 4655 969 4709; x_wconf 86' lang='lat' dir='ltr'><strong>opus</strong></span> <span class='ocrx_word' id='word_1_718' title='bbox 995 4648 1179 4709; x_wconf 90' lang='lat' dir='ltr'><strong>aptum</strong></span> <span class='ocrx_word' id='word_1_719' title='bbox 1215 4640 1281 4694; x_wconf 91' lang='lat' dir='ltr'><strong>ad</strong></span> <span class='ocrx_word' id='word_1_720' title='bbox 1314 4641 1534 4710; x_wconf 89' lang='lat' dir='ltr'><strong>aliquod</strong></span> <span class='ocrx_word' id='word_1_721' title='bbox 1569 4641 1708 4696; x_wconf 90' lang='lat' dir='ltr'><strong>utile</strong></span> <span class='ocrx_word' id='word_1_722' title='bbox 1752 4641 2177 4696; x_wconf 85' lang='lat' dir='ltr'><strong>instrumentum</strong></span> <span class='ocrx_word' id='word_1_723' title='bbox 2217 4641 2523 4695; x_wconf 72' lang='lat' dir='ltr'><strong>excudatur</strong></span> <span class='ocrx_word' id='word_1_724' title='bbox 2547 4649 2599 4695; x_wconf 89' lang='lat' dir='ltr'><strong>et</strong></span> <span class='ocrx_word' id='word_1_725' title='bbox 2633 4640 2969 4695; x_wconf 82' lang='lat' dir='ltr'><strong>ell‘ormetur.</strong></span> 
     </span>
    </p>
   </div>
   <div class='ocr_carea' id='block_1_91' title="bbox 469 4732 1966 4804">
    <p class='ocr_par' dir='ltr' id='par_1_91' title="bbox 469 4732 1966 4804">
     <span class='ocr_line' id='line_1_91' title="bbox 469 4732 1966 4804; baseline -0.002 -18"><span class='ocrx_word' id='word_1_726' title='bbox 469 4732 605 4786; x_wconf 86' lang='grc' dir='ltr'>Ἀλλ’</span> <span class='ocrx_word' id='word_1_727' title='bbox 629 4735 741 4804; x_wconf 87' lang='grc' dir='ltr'>ἐρεῖ</span> <span class='ocrx_word' id='word_1_728' title='bbox 770 4749 882 4795; x_wconf 87' lang='grc' dir='ltr'>τις,</span> <span class='ocrx_word' id='word_1_729' title='bbox 911 4734 991 4785; x_wconf 82' lang='grc' dir='ltr'>ὅτι</span> <span class='ocrx_word' id='word_1_730' title='bbox 1028 4733 1088 4785; x_wconf 93' lang='grc' dir='ltr'><strong>οὐ</strong></span> <span class='ocrx_word' id='word_1_731' title='bbox 1119 4733 1320 4795; x_wconf 85' lang='grc' dir='ltr'>πάντες</span> <span class='ocrx_word' id='word_1_732' title='bbox 1347 4732 1494 4804; x_wconf 80' lang='grc' dir='ltr'>παρὰ</span> <span class='ocrx_word' id='word_1_733' title='bbox 1520 4734 1610 4786; x_wconf 83' lang='grc' dir='ltr'>τὸν</span> <span class='ocrx_word' id='word_1_734' title='bbox 1650 4733 1761 4802; x_wconf 82' lang='grc' dir='ltr'>βίον</span> <span class='ocrx_word' id='word_1_735' title='bbox 1784 4734 1966 4787; x_wconf 81' lang='grc' dir='ltr'>τοῦτον</span> 
     </span>
    </p>
   </div>
   <div class='ocr_carea' id='block_1_92' title="bbox 2068 4732 3643 4804">
    <p class='ocr_par' dir='ltr' id='par_1_92' title="bbox 2146 4732 3643 4802">
     <span class='ocr_line' id='line_1_92' title="bbox 2146 4732 3643 4802; baseline -0.001 -15"><span class='ocrx_word' id='word_1_736' title='bbox 2146 4732 2250 4788; x_wconf 88' lang='lat' dir='ltr'><strong>Sed</strong></span> <span class='ocrx_word' id='word_1_737' title='bbox 2289 4733 2433 4787; x_wconf 92' lang='lat' dir='ltr'><strong>dicet</strong></span> <span class='ocrx_word' id='word_1_738' title='bbox 2474 4734 2695 4802; x_wconf 89' lang='lat' dir='ltr'><strong>aliquis,</strong></span> <span class='ocrx_word' id='word_1_739' title='bbox 2733 4732 2876 4801; x_wconf 87' lang='lat' dir='ltr'><strong>quod</strong></span> <span class='ocrx_word' id='word_1_740' title='bbox 2919 4748 3028 4786; x_wconf 91' lang='lat' dir='ltr'><strong>non</strong></span> <span class='ocrx_word' id='word_1_741' title='bbox 3067 4748 3259 4787; x_wconf 90' lang='lat' dir='ltr'><strong>omnes</strong></span> <span class='ocrx_word' id='word_1_742' title='bbox 3294 4750 3349 4787; x_wconf 79' lang='lat' dir='ltr'><strong>In</strong></span> <span class='ocrx_word' id='word_1_743' title='bbox 3400 4736 3501 4788; x_wconf 90' lang='lat' dir='ltr'><strong>hac</strong></span> <span class='ocrx_word' id='word_1_744' title='bbox 3536 4736 3643 4789; x_wconf 88' lang='lat' dir='ltr'><strong>vita</strong></span> 
     </span>
    </p>
   </div>
   <div class='ocr_carea' id='block_1_93' title="bbox 382 4824 1967 4898">
    <p class='ocr_par' dir='ltr' id='par_1_93' title="bbox 382 4824 1967 4898">
     <span class='ocr_line' id='line_1_93' title="bbox 382 4824 1967 4898; baseline 0 -19"><span class='ocrx_word' id='word_1_745' title='bbox 382 4825 484 4895; x_wconf 81' lang='grc' dir='ltr'><strong>τῆς</strong></span> <span class='ocrx_word' id='word_1_746' title='bbox 519 4824 725 4879; x_wconf 79' lang='grc' dir='ltr'>ἑαυτῶν</span> <span class='ocrx_word' id='word_1_747' title='bbox 761 4824 1060 4895; x_wconf 84' lang='grc' dir='ltr'>μοχθηρίας</span> <span class='ocrx_word' id='word_1_748' title='bbox 1107 4826 1420 4880; x_wconf 80' lang='grc' dir='ltr'>ἀπέλαυσαν</span> <span class='ocrx_word' id='word_1_749' title='bbox 1440 4843 1453 4858; x_wconf 86' lang='grc'><strong>·</strong></span> <span class='ocrx_word' id='word_1_750' title='bbox 1492 4826 1611 4880; x_wconf 80' lang='grc' dir='ltr'>οὐδὲ</span> <span class='ocrx_word' id='word_1_751' title='bbox 1635 4825 1741 4898; x_wconf 86' lang='grc' dir='ltr'>γὰρ</span> <span class='ocrx_word' id='word_1_752' title='bbox 1771 4827 1820 4879; x_wconf 90' lang='grc' dir='ltr'>οἱ</span> <span class='ocrx_word' id='word_1_753' title='bbox 1848 4829 1967 4879; x_wconf 86' lang='grc' dir='ltr'>κατ’</span> 
     </span>
    </p>
   </div>
   <div class='ocr_carea' id='block_1_94' title="bbox 386 4916 1967 4989">
    <p class='ocr_par' dir='ltr' id='par_1_94' title="bbox 386 4916 1967 4989">
     <span class='ocr_line' id='line_1_94' title="bbox 386 4916 1967 4989; baseline 0.001 -21"><span class='ocrx_word' id='word_1_754' title='bbox 386 4916 586 4987; x_wconf 77' lang='grc' dir='ltr'>ἀρετὴν</span> <span class='ocrx_word' id='word_1_755' title='bbox 614 4916 949 4986; x_wconf 85' lang='grc' dir='ltr'>βιοτεύοντες</span> <span class='ocrx_word' id='word_1_756' title='bbox 979 4918 1035 4968; x_wconf 85' lang='grc' dir='ltr'><strong>ἐν</strong></span> <span class='ocrx_word' id='word_1_757' title='bbox 1060 4920 1124 4987; x_wconf 80' lang='grc' dir='ltr'>τῇ</span> <span class='ocrx_word' id='word_1_758' title='bbox 1158 4917 1268 4988; x_wconf 80' lang='grc' dir='ltr'>ζωῇ</span> <span class='ocrx_word' id='word_1_759' title='bbox 1300 4918 1471 4989; x_wconf 84' lang='grc' dir='ltr'>ταύτῃ</span> <span class='ocrx_word' id='word_1_760' title='bbox 1501 4917 1608 4970; x_wconf 88' lang='grc' dir='ltr'><strong>τῶν</strong></span> <span class='ocrx_word' id='word_1_761' title='bbox 1636 4918 1734 4988; x_wconf 84' lang='grc' dir='ltr'><strong>τῆς</strong></span> <span class='ocrx_word' id='word_1_762' title='bbox 1764 4918 1967 4987; x_wconf 82' lang='grc' dir='ltr'>ἀρετῆς</span> 
     </span>
    </p>
   </div>
   <div class='ocr_carea' id='block_1_95' title="bbox 387 5004 1965 5076">
    <p class='ocr_par' dir='ltr' id='par_1_95' title="bbox 387 5004 1965 5076">
     <span class='ocr_line' id='line_1_95' title="bbox 387 5004 1965 5076; baseline 0.002 -18"><span class='ocrx_word' id='word_1_763' title='bbox 387 5005 626 5076; x_wconf 76' lang='grc' dir='ltr'>ἱδρώτων</span> <span class='ocrx_word' id='word_1_764' title='bbox 674 5005 977 5059; x_wconf 83' lang='grc' dir='ltr'>ἀπώναντο.</span> <span class='ocrx_word' id='word_1_765' title='bbox 1023 5007 1086 5058; x_wconf 86' lang='grc' dir='ltr'>Τί</span> <span class='ocrx_word' id='word_1_766' title='bbox 1120 5004 1234 5065; x_wconf 72' lang='grc' dir='ltr'>οὖν.</span> <span class='ocrx_word' id='word_1_767' title='bbox 1293 5009 1445 5076; x_wconf 72' lang='grc' dir='ltr'>φησὶ,</span> <span class='ocrx_word' id='word_1_768' title='bbox 1483 5007 1686 5061; x_wconf 88' lang='grc' dir='ltr'>τούτων</span> <span class='ocrx_word' id='word_1_769' title='bbox 1730 5004 1867 5061; x_wconf 82' lang='grc' dir='ltr'>εἶναι</span> <span class='ocrx_word' id='word_1_770' title='bbox 1904 5009 1965 5061; x_wconf 87' lang='grc' dir='ltr'><strong>τὸ</strong></span> 
     </span>
    </p>
   </div>
   <div class='ocr_carea' id='block_1_96' title="bbox 386 5098 1960 5171">
    <p class='ocr_par' dir='ltr' id='par_1_96' title="bbox 386 5098 1960 5171">
     <span class='ocr_line' id='line_1_96' title="bbox 386 5098 1960 5171; baseline 0.001 -20"><span class='ocrx_word' id='word_1_771' title='bbox 386 5099 654 5169; x_wconf 80' lang='grc' dir='ltr'>χρήσιμον</span> <span class='ocrx_word' id='word_1_772' title='bbox 682 5098 773 5151; x_wconf 73' lang='grc' dir='ltr'>ἐπὶ</span> <span class='ocrx_word' id='word_1_773' title='bbox 798 5098 907 5151; x_wconf 90' lang='grc' dir='ltr'><strong>τῶν</strong></span> <span class='ocrx_word' id='word_1_774' title='bbox 934 5100 993 5151; x_wconf 85' lang='grc' dir='ltr'><strong>ἐν</strong></span> <span class='ocrx_word' id='word_1_775' title='bbox 1014 5100 1180 5170; x_wconf 77' lang='grc' dir='ltr'>κακίᾳ</span> <span class='ocrx_word' id='word_1_776' title='bbox 1206 5100 1566 5171; x_wconf 78' lang='grc' dir='ltr'>ἀτιμωρήτως</span> <span class='ocrx_word' id='word_1_777' title='bbox 1590 5099 1926 5170; x_wconf 89' lang='grc' dir='ltr'>βεϐιωκότων</span> <span class='ocrx_word' id='word_1_778' title='bbox 1947 5119 1960 5169; x_wconf 89' lang='grc'>;</span> 
     </span>
    </p>
   </div>
   <div class='ocr_carea' id='block_1_97' title="bbox 387 5188 1961 5261">
    <p class='ocr_par' dir='ltr' id='par_1_97' title="bbox 387 5188 1961 5261">
     <span class='ocr_line' id='line_1_97' title="bbox 387 5188 1961 5261; baseline 0.002 -21"><span class='ocrx_word' id='word_1_779' title='bbox 387 5188 777 5259; x_wconf 81' lang='grc' dir='ltr'>Παραθήσομαί</span> <span class='ocrx_word' id='word_1_780' title='bbox 808 5206 888 5241; x_wconf 86' lang='grc' dir='ltr'><strong>σοι</strong></span> <span class='ocrx_word' id='word_1_781' title='bbox 919 5190 1012 5241; x_wconf 78' lang='grc' dir='ltr'>καὶ</span> <span class='ocrx_word' id='word_1_782' title='bbox 1051 5188 1186 5259; x_wconf 84' lang='grc' dir='ltr'>πρὸς</span> <span class='ocrx_word' id='word_1_783' title='bbox 1217 5189 1375 5242; x_wconf 81' lang='grc' dir='ltr'>τοῦτο</span> <span class='ocrx_word' id='word_1_784' title='bbox 1405 5189 1581 5256; x_wconf 86' lang='grc' dir='ltr'>λόγον,</span> <span class='ocrx_word' id='word_1_785' title='bbox 1620 5190 1729 5242; x_wconf 89' lang='grc' dir='ltr'><strong>τῶν</strong></span> <span class='ocrx_word' id='word_1_786' title='bbox 1754 5189 1961 5261; x_wconf 81' lang='grc' dir='ltr'>ἀνθρω-</span> 
     </span>
    </p>
   </div>
   <div class='ocr_carea' id='block_1_98' title="bbox 385 5276 1959 5349">
    <p class='ocr_par' dir='ltr' id='par_1_98' title="bbox 385 5276 1959 5349">
     <span class='ocr_line' id='line_1_98' title="bbox 385 5276 1959 5349; baseline 0.004 -22"><span class='ocrx_word' id='word_1_787' title='bbox 385 5277 554 5330; x_wconf 76' lang='grc' dir='ltr'>πίνων</span> <span class='ocrx_word' id='word_1_788' title='bbox 571 5276 843 5347; x_wconf 82' lang='grc' dir='ltr'>λογισμῶν</span> <span class='ocrx_word' id='word_1_789' title='bbox 860 5278 1207 5347; x_wconf 71' lang='grc' dir='ltr'>ὑψηλότερον.</span> <span class='ocrx_word' id='word_1_790' title='bbox 1228 5281 1363 5349; x_wconf 78' lang='grc' dir='ltr'>Φησὶ</span> <span class='ocrx_word' id='word_1_791' title='bbox 1390 5280 1496 5349; x_wconf 91' lang='grc' dir='ltr'><strong>γάρ</strong></span> <span class='ocrx_word' id='word_1_792' title='bbox 1526 5298 1626 5333; x_wconf 88' lang='grc' dir='ltr'><strong>που</strong></span> <span class='ocrx_word' id='word_1_793' title='bbox 1648 5283 1744 5349; x_wconf 77' lang='grc' dir='ltr'><strong>τῆς</strong></span> <span class='ocrx_word' id='word_1_794' title='bbox 1766 5280 1959 5334; x_wconf 85' lang='grc' dir='ltr'>ἑαυτοῦ</span> 
     </span>
    </p>
   </div>
   <div class='ocr_carea' id='block_1_99' title="bbox 386 5370 1959 5442">
    <p class='ocr_par' dir='ltr' id='par_1_99' title="bbox 386 5370 1959 5442">
     <span class='ocr_line' id='line_1_99' title="bbox 386 5370 1959 5442; baseline 0.003 -21"><span class='ocrx_word' id='word_1_795' title='bbox 386 5370 717 5439; x_wconf 50' lang='grc' dir='ltr'>προγεητείας</span> <span class='ocrx_word' id='word_1_796' title='bbox 752 5372 780 5424; x_wconf 87' lang='lat'><strong>6</strong></span> <span class='ocrx_word' id='word_1_797' title='bbox 820 5372 993 5440; x_wconf 85' lang='grc' dir='ltr'>μέγας</span> <span class='ocrx_word' id='word_1_798' title='bbox 1030 5372 1213 5434; x_wconf 77' lang='grc' dir='ltr'>Δαϐὶδ,</span> <span class='ocrx_word' id='word_1_799' title='bbox 1255 5372 1419 5441; x_wconf 86' lang='grc' dir='ltr'>μέρος</span> <span class='ocrx_word' id='word_1_800' title='bbox 1454 5390 1504 5425; x_wconf 88' lang='grc' dir='ltr'><strong>τι</strong></span> <span class='ocrx_word' id='word_1_801' title='bbox 1542 5376 1651 5435; x_wconf 88' lang='grc' dir='ltr'>τοῖς</span> <span class='ocrx_word' id='word_1_802' title='bbox 1683 5372 1959 5442; x_wconf 82' lang='grc' dir='ltr'>ἐναρέτοις</span> 
     </span>
    </p>
   </div>
   <div class='ocr_carea' id='block_1_100' title="bbox 381 5456 1958 5531">
    <p class='ocr_par' dir='ltr' id='par_1_100' title="bbox 381 5456 1958 5531">
     <span class='ocr_line' id='line_1_100' title="bbox 381 5456 1958 5531; baseline -0.001 -18"><span class='ocrx_word' id='word_1_803' title='bbox 381 5459 718 5529; x_wconf 77' lang='grc' dir='ltr'>εὐφροσύνης</span> <span class='ocrx_word' id='word_1_804' title='bbox 747 5461 840 5512; x_wconf 74' lang='grc' dir='ltr'><strong>καὶ</strong></span> <span class='ocrx_word' id='word_1_805' title='bbox 864 5460 925 5512; x_wconf 83' lang='grc' dir='ltr'>τὸ</span> <span class='ocrx_word' id='word_1_806' title='bbox 957 5460 1193 5513; x_wconf 82' lang='grc' dir='ltr'>τοιοῦτον</span> <span class='ocrx_word' id='word_1_807' title='bbox 1220 5456 1381 5523; x_wconf 81' lang='grc' dir='ltr'>εἶναι,</span> <span class='ocrx_word' id='word_1_808' title='bbox 1400 5461 1527 5513; x_wconf 83' lang='grc' dir='ltr'>ὅταν</span> <span class='ocrx_word' id='word_1_809' title='bbox 1547 5460 1958 5531; x_wconf 88' lang='grc' dir='ltr'>ἀντιπαραθεω-</span> 
     </span>
    </p>
   </div>
   <div class='ocr_carea' id='block_1_101' title="bbox 384 5552 1962 5625">
    <p class='ocr_par' dir='ltr' id='par_1_101' title="bbox 384 5552 1962 5625">
     <span class='ocr_line' id='line_1_101' title="bbox 384 5552 1962 5625; baseline 0.002 -22"><span class='ocrx_word' id='word_1_810' title='bbox 384 5552 518 5622; x_wconf 88' lang='grc' dir='ltr'>ρῶσι</span> <span class='ocrx_word' id='word_1_811' title='bbox 548 5555 658 5613; x_wconf 87' lang='grc' dir='ltr'>τοῖς</span> <span class='ocrx_word' id='word_1_812' title='bbox 708 5555 925 5617; x_wconf 90' lang='grc' dir='ltr'>οίκείοις</span> <span class='ocrx_word' id='word_1_813' title='bbox 956 5555 1177 5623; x_wconf 81' lang='grc' dir='ltr'>ἀγαθοῖς</span> <span class='ocrx_word' id='word_1_814' title='bbox 1207 5555 1303 5625; x_wconf 81' lang='grc' dir='ltr'>τὴν</span> <span class='ocrx_word' id='word_1_815' title='bbox 1339 5556 1447 5608; x_wconf 90' lang='grc' dir='ltr'><strong>τῶν</strong></span> <span class='ocrx_word' id='word_1_816' title='bbox 1480 5556 1819 5620; x_wconf 89' lang='grc' dir='ltr'>κατακρίτων</span> <span class='ocrx_word' id='word_1_817' title='bbox 1857 5556 1962 5607; x_wconf 86' lang='grc' dir='ltr'>ἀπ-</span> 
     </span>
    </p>
   </div>
   <div class='ocr_carea' id='block_1_102' title="bbox 382 5641 1961 5718">
    <p class='ocr_par' dir='ltr' id='par_1_102' title="bbox 382 5641 1961 5718">
     <span class='ocr_line' id='line_1_102' title="bbox 382 5641 1961 5718; baseline 0.003 -25"><span class='ocrx_word' id='word_1_818' title='bbox 382 5641 598 5694; x_wconf 85' lang='grc' dir='ltr'>ώλειαν.</span> <span class='ocrx_word' id='word_1_819' title='bbox 624 5664 643 5696; x_wconf 72' lang='grc' dir='ltr'><strong>ι</strong></span> <span class='ocrx_word' id='word_1_820' title='bbox 671 5645 1111 5715; x_wconf 79' lang='grc' dir='ltr'>Εὐφρανθήσεται</span> <span class='ocrx_word' id='word_1_821' title='bbox 1138 5666 1155 5698; x_wconf 72' lang='grc' dir='ltr'><strong>ι</strong></span> <span class='ocrx_word' id='word_1_822' title='bbox 1198 5646 1325 5718; x_wconf 78' lang='grc' dir='ltr'>γὰρ,</span> <span class='ocrx_word' id='word_1_823' title='bbox 1352 5648 1504 5716; x_wconf 74' lang='grc' dir='ltr'>φησὶ,</span> <span class='ocrx_word' id='word_1_824' title='bbox 1537 5666 1554 5697; x_wconf 79' lang='grc' dir='ltr'><strong>ι</strong></span> <span class='ocrx_word' id='word_1_825' title='bbox 1583 5648 1803 5710; x_wconf 83' lang='grc' dir='ltr'>δίκαιος,</span> <span class='ocrx_word' id='word_1_826' title='bbox 1835 5648 1961 5700; x_wconf 85' lang='grc' dir='ltr'>ὅταν</span> 
     </span>
    </p>
   </div>
   <div class='ocr_carea' id='block_1_103' title="bbox 384 5730 1963 5811">
    <p class='ocr_par' dir='ltr' id='par_1_103' title="bbox 384 5730 1963 5811">
     <span class='ocr_line' id='line_1_103' title="bbox 384 5730 1963 5811; baseline 0.004 -23"><span class='ocrx_word' id='word_1_827' title='bbox 384 5730 469 5805; x_wconf 71' lang='grc' dir='ltr'>ἴδῃ</span> <span class='ocrx_word' id='word_1_828' title='bbox 505 5734 779 5807; x_wconf 78' lang='grc' dir='ltr'>ἐκδίκησιν</span> <span class='ocrx_word' id='word_1_829' title='bbox 815 5737 1064 5803; x_wconf 82' lang='grc' dir='ltr'>ἀσεϐοῦς,</span> <span class='ocrx_word' id='word_1_830' title='bbox 1088 5738 1187 5803; x_wconf 76' lang='grc' dir='ltr'>τὰς</span> <span class='ocrx_word' id='word_1_831' title='bbox 1230 5742 1416 5811; x_wconf 87' lang='grc' dir='ltr'>χεῖρας</span> <span class='ocrx_word' id='word_1_832' title='bbox 1466 5740 1627 5794; x_wconf 79' lang='grc' dir='ltr'>αὐτοῦ</span> <span class='ocrx_word' id='word_1_833' title='bbox 1662 5741 1873 5810; x_wconf 63' lang='grc' dir='ltr'>νίφεται</span> <span class='ocrx_word' id='word_1_834' title='bbox 1904 5743 1963 5795; x_wconf 92' lang='grc' dir='ltr'><strong>ἐν</strong></span> 
     </span>
    </p>
   </div>
   <div class='ocr_carea' id='block_1_104' title="bbox 2070 4824 3644 4893">
    <p class='ocr_par' dir='ltr' id='par_1_104' title="bbox 2070 4824 3644 4893">
     <span class='ocr_line' id='line_1_104' title="bbox 2070 4824 3644 4893; baseline 0.001 -14"><span class='ocrx_word' id='word_1_835' title='bbox 2070 4841 2183 4879; x_wconf 68' lang='lat' dir='ltr'><strong>sua:</strong></span> <span class='ocrx_word' id='word_1_836' title='bbox 2218 4825 2477 4893; x_wconf 81' lang='lat' dir='ltr'><strong>nequitiae</strong></span> <span class='ocrx_word' id='word_1_837' title='bbox 2512 4840 2703 4893; x_wconf 87' lang='lat' dir='ltr'><strong>poenas</strong></span> <span class='ocrx_word' id='word_1_838' title='bbox 2736 4824 2866 4877; x_wconf 89' lang='lat' dir='ltr'><strong>dent</strong></span> <span class='ocrx_word' id='word_1_839' title='bbox 2896 4842 2908 4878; x_wconf 87' lang='lat'><strong>:</strong></span> <span class='ocrx_word' id='word_1_840' title='bbox 2937 4838 3061 4877; x_wconf 90' lang='lat' dir='ltr'><strong>nam</strong></span> <span class='ocrx_word' id='word_1_841' title='bbox 3091 4839 3191 4878; x_wconf 86' lang='lat' dir='ltr'><strong>nec</strong></span> <span class='ocrx_word' id='word_1_842' title='bbox 3217 4826 3307 4893; x_wconf 91' lang='lat' dir='ltr'><strong>qui</strong></span> <span class='ocrx_word' id='word_1_843' title='bbox 3342 4826 3644 4880; x_wconf 89' lang='lat' dir='ltr'><strong>secundum</strong></span> 
     </span>
    </p>
   </div>
   <div class='ocr_carea' id='block_1_105' title="bbox 2065 4916 3647 4987">
    <p class='ocr_par' dir='ltr' id='par_1_105' title="bbox 2065 4916 3647 4987">
     <span class='ocr_line' id='line_1_105' title="bbox 2065 4916 3647 4987; baseline 0 -16"><span class='ocrx_word' id='word_1_844' title='bbox 2065 4918 2324 4971; x_wconf 91' lang='lat' dir='ltr'><strong>virtutem</strong></span> <span class='ocrx_word' id='word_1_845' title='bbox 2355 4917 2575 4987; x_wconf 89' lang='lat' dir='ltr'><strong>quidem</strong></span> <span class='ocrx_word' id='word_1_846' title='bbox 2610 4917 2824 4979; x_wconf 78' lang='lat' dir='ltr'><strong>vivunt,</strong></span> <span class='ocrx_word' id='word_1_847' title='bbox 2859 4917 2913 4970; x_wconf 92' lang='lat' dir='ltr'><strong>in</strong></span> <span class='ocrx_word' id='word_1_848' title='bbox 2944 4916 3047 4970; x_wconf 88' lang='lat' dir='ltr'><strong>hac</strong></span> <span class='ocrx_word' id='word_1_849' title='bbox 3078 4917 3188 4968; x_wconf 90' lang='lat' dir='ltr'><strong>vita</strong></span> <span class='ocrx_word' id='word_1_850' title='bbox 3228 4916 3448 4970; x_wconf 79' lang='lat' dir='ltr'><strong>virtutis</strong></span> <span class='ocrx_word' id='word_1_851' title='bbox 3472 4916 3647 4971; x_wconf 81' lang='lat' dir='ltr'><strong>sudo-</strong></span> 
     </span>
    </p>
   </div>
   <div class='ocr_carea' id='block_1_106' title="bbox 2065 5007 3644 5077">
    <p class='ocr_par' dir='ltr' id='par_1_106' title="bbox 2065 5007 3644 5077">
     <span class='ocr_line' id='line_1_106' title="bbox 2065 5007 3644 5077; baseline 0.001 -13"><span class='ocrx_word' id='word_1_852' title='bbox 2065 5026 2185 5064; x_wconf 91' lang='lat' dir='ltr'><strong>rum</strong></span> <span class='ocrx_word' id='word_1_853' title='bbox 2217 5008 2429 5062; x_wconf 90' lang='lat' dir='ltr'><strong>fructus</strong></span> <span class='ocrx_word' id='word_1_854' title='bbox 2470 5009 2719 5077; x_wconf 87' lang='lat' dir='ltr'><strong>capiunt.</strong></span> <span class='ocrx_word' id='word_1_855' title='bbox 2753 5007 2927 5073; x_wconf 88' lang='lat' dir='ltr'><strong>Quam</strong></span> <span class='ocrx_word' id='word_1_856' title='bbox 2989 5022 3141 5077; x_wconf 81' lang='lat' dir='ltr'><strong>ergo,</strong></span> <span class='ocrx_word' id='word_1_857' title='bbox 3208 5009 3404 5077; x_wconf 89' lang='lat' dir='ltr'><strong>inquit,</strong></span> <span class='ocrx_word' id='word_1_858' title='bbox 3451 5010 3505 5063; x_wconf 93' lang='lat' dir='ltr'><strong>in</strong></span> <span class='ocrx_word' id='word_1_859' title='bbox 3559 5010 3644 5065; x_wconf 87' lang='lat' dir='ltr'><strong>his</strong></span> 
     </span>
    </p>
   </div>
   <div class='ocr_carea' id='block_1_107' title="bbox 2065 5099 3643 5169">
    <p class='ocr_par' dir='ltr' id='par_1_107' title="bbox 2065 5099 3643 5169">
     <span class='ocr_line' id='line_1_107' title="bbox 2065 5099 3643 5169; baseline 0 -13"><span class='ocrx_word' id='word_1_860' title='bbox 2065 5102 2357 5156; x_wconf 90' lang='lat' dir='ltr'><strong>utilitatem</strong></span> <span class='ocrx_word' id='word_1_861' title='bbox 2410 5100 2501 5169; x_wconf 86' lang='lat' dir='ltr'><strong>qui</strong></span> <span class='ocrx_word' id='word_1_862' title='bbox 2539 5101 2593 5154; x_wconf 92' lang='lat' dir='ltr'><strong>in</strong></span> <span class='ocrx_word' id='word_1_863' title='bbox 2646 5100 2889 5169; x_wconf 88' lang='lat' dir='ltr'><strong>nequitia</strong></span> <span class='ocrx_word' id='word_1_864' title='bbox 2945 5099 3167 5168; x_wconf 89' lang='lat' dir='ltr'><strong>impune</strong></span> <span class='ocrx_word' id='word_1_865' title='bbox 3212 5101 3467 5154; x_wconf 79' lang='lat' dir='ltr'><strong>vixerunt</strong></span> <span class='ocrx_word' id='word_1_866' title='bbox 3518 5116 3643 5156; x_wconf 83' lang='lat' dir='ltr'><strong>esse</strong></span> 
     </span>
    </p>
   </div>
   <div class='ocr_carea' id='block_1_108' title="bbox 2066 5190 3639 5248">
    <p class='ocr_par' dir='ltr' id='par_1_108' title="bbox 2066 5190 3639 5248">
     <span class='ocr_line' id='line_1_108' title="bbox 2066 5190 3639 5248; baseline -0.002 0"><span class='ocrx_word' id='word_1_867' title='bbox 2066 5193 2355 5248; x_wconf 88' lang='lat' dir='ltr'><strong>dicemus?</strong></span> <span class='ocrx_word' id='word_1_868' title='bbox 2386 5192 2667 5245; x_wconf 84' lang='lat' dir='ltr'><strong>Adducam</strong></span> <span class='ocrx_word' id='word_1_869' title='bbox 2700 5190 2793 5243; x_wconf 84' lang='lat' dir='ltr'><strong>tibi</strong></span> <span class='ocrx_word' id='word_1_870' title='bbox 2832 5191 2883 5243; x_wconf 93' lang='lat' dir='ltr'><strong>in</strong></span> <span class='ocrx_word' id='word_1_871' title='bbox 2917 5191 3152 5244; x_wconf 71' lang='lat' dir='ltr'><strong>medium</strong></span> <span class='ocrx_word' id='word_1_872' title='bbox 3190 5193 3453 5245; x_wconf 90' lang='lat' dir='ltr'><strong>rationem</strong></span> <span class='ocrx_word' id='word_1_873' title='bbox 3476 5194 3639 5246; x_wconf 89' lang='lat' dir='ltr'><strong>etiam</strong></span> 
     </span>
    </p>
   </div>
   <div class='ocr_carea' id='block_1_109' title="bbox 2065 5282 3630 5351">
    <p class='ocr_par' dir='ltr' id='par_1_109' title="bbox 2065 5282 3630 5351">
     <span class='ocr_line' id='line_1_109' title="bbox 2065 5282 3630 5351; baseline -0.001 -12"><span class='ocrx_word' id='word_1_874' title='bbox 2065 5284 2134 5339; x_wconf 89' lang='lat' dir='ltr'><strong>ad</strong></span> <span class='ocrx_word' id='word_1_875' title='bbox 2170 5286 2271 5338; x_wconf 91' lang='lat' dir='ltr'><strong>hoc</strong></span> <span class='ocrx_word' id='word_1_876' title='bbox 2315 5285 2569 5337; x_wconf 90' lang='lat' dir='ltr'><strong>humanis</strong></span> <span class='ocrx_word' id='word_1_877' title='bbox 2609 5282 3036 5351; x_wconf 83' lang='lat' dir='ltr'><strong>cogitationibus</strong></span> <span class='ocrx_word' id='word_1_878' title='bbox 3084 5297 3147 5336; x_wconf 91' lang='lat' dir='ltr'><strong>ac</strong></span> <span class='ocrx_word' id='word_1_879' title='bbox 3186 5284 3630 5338; x_wconf 86' lang='lat' dir='ltr'><strong>ratiocinationi-</strong></span> 
     </span>
    </p>
   </div>
   <div class='ocr_carea' id='block_1_110' title="bbox 2067 5372 3640 5447">
    <p class='ocr_par' dir='ltr' id='par_1_110' title="bbox 2067 5372 3640 5447">
     <span class='ocr_line' id='line_1_110' title="bbox 2067 5372 3640 5447; baseline 0 -16"><span class='ocrx_word' id='word_1_880' title='bbox 2067 5379 2170 5431; x_wconf 89' lang='lat' dir='ltr'><strong>bus</strong></span> <span class='ocrx_word' id='word_1_881' title='bbox 2204 5374 2603 5430; x_wconf 90' lang='lat' dir='ltr'><strong>sublimiorem.</strong></span> <span class='ocrx_word' id='word_1_882' title='bbox 2640 5372 2727 5427; x_wconf 86' lang='lat' dir='ltr'><strong>Ait</strong></span> <span class='ocrx_word' id='word_1_883' title='bbox 2768 5374 2911 5428; x_wconf 90' lang='lat' dir='ltr'><strong>enim</strong></span> <span class='ocrx_word' id='word_1_884' title='bbox 2957 5389 3187 5445; x_wconf 75' lang='lat' dir='ltr'><strong>magnus</strong></span> <span class='ocrx_word' id='word_1_885' title='bbox 3217 5374 3385 5429; x_wconf 82' lang='lat' dir='ltr'><strong>David</strong></span> <span class='ocrx_word' id='word_1_886' title='bbox 3414 5377 3466 5430; x_wconf 90' lang='lat' dir='ltr'><strong>in</strong></span> <span class='ocrx_word' id='word_1_887' title='bbox 3497 5393 3640 5447; x_wconf 83' lang='lat' dir='ltr'><strong>quo-</strong></span> 
     </span>
    </p>
   </div>
   <div class='ocr_carea' id='block_1_111' title="bbox 2064 5466 3641 5537">
    <p class='ocr_par' dir='ltr' id='par_1_111' title="bbox 2064 5466 3641 5537">
     <span class='ocr_line' id='line_1_111' title="bbox 2064 5466 3641 5537; baseline 0.003 -17"><span class='ocrx_word' id='word_1_888' title='bbox 2064 5468 2187 5521; x_wconf 89' lang='lat' dir='ltr'><strong>dam</strong></span> <span class='ocrx_word' id='word_1_889' title='bbox 2216 5466 2337 5520; x_wconf 90' lang='lat' dir='ltr'><strong>loco</strong></span> <span class='ocrx_word' id='word_1_890' title='bbox 2362 5481 2475 5520; x_wconf 64' lang='lat' dir='ltr'><strong>sua:</strong></span> <span class='ocrx_word' id='word_1_891' title='bbox 2500 5467 2823 5536; x_wconf 66' lang='lat' dir='ltr'><strong>prophetiae,</strong></span> <span class='ocrx_word' id='word_1_892' title='bbox 2869 5474 3078 5535; x_wconf 88' lang='lat' dir='ltr'><strong>partem</strong></span> <span class='ocrx_word' id='word_1_893' title='bbox 3113 5467 3407 5537; x_wconf 90' lang='lat' dir='ltr'><strong>quamdam</strong></span> <span class='ocrx_word' id='word_1_894' title='bbox 3441 5470 3641 5525; x_wconf 69' lang='lat' dir='ltr'><strong>Imtitiae</strong></span> 
     </span>
    </p>
   </div>
   <div class='ocr_carea' id='block_1_112' title="bbox 2068 5559 3640 5631">
    <p class='ocr_par' dir='ltr' id='par_1_112' title="bbox 2068 5559 3640 5631">
     <span class='ocr_line' id='line_1_112' title="bbox 2068 5559 3640 5631; baseline 0.003 -19"><span class='ocrx_word' id='word_1_895' title='bbox 2068 5562 2169 5612; x_wconf 92' lang='lat' dir='ltr'><strong>hoc</strong></span> <span class='ocrx_word' id='word_1_896' title='bbox 2196 5572 2417 5628; x_wconf 84' lang='lat' dir='ltr'><strong>quoque</strong></span> <span class='ocrx_word' id='word_1_897' title='bbox 2447 5559 2649 5613; x_wconf 90' lang='lat' dir='ltr'><strong>virtute</strong></span> <span class='ocrx_word' id='word_1_898' title='bbox 2674 5559 2918 5628; x_wconf 79' lang='lat' dir='ltr'><strong>praeditis</strong></span> <span class='ocrx_word' id='word_1_899' title='bbox 2955 5575 3097 5624; x_wconf 87' lang='lat' dir='ltr'><strong>esse,</strong></span> <span class='ocrx_word' id='word_1_900' title='bbox 3134 5562 3178 5614; x_wconf 90' lang='lat' dir='ltr'><strong>si</strong></span> <span class='ocrx_word' id='word_1_901' title='bbox 3203 5577 3233 5615; x_wconf 90' lang='lat' dir='ltr'><strong>e</strong></span> <span class='ocrx_word' id='word_1_902' title='bbox 3264 5562 3485 5631; x_wconf 82' lang='lat' dir='ltr'><strong>regione</strong></span> <span class='ocrx_word' id='word_1_903' title='bbox 3511 5579 3640 5617; x_wconf 82' lang='lat' dir='ltr'><strong>suo-</strong></span> 
     </span>
    </p>
   </div>
   <div class='ocr_carea' id='block_1_113' title="bbox 2065 5649 3640 5720">
    <p class='ocr_par' dir='ltr' id='par_1_113' title="bbox 2065 5649 3640 5720">
     <span class='ocr_line' id='line_1_113' title="bbox 2065 5649 3640 5720; baseline 0.003 -17"><span class='ocrx_word' id='word_1_904' title='bbox 2065 5666 2186 5704; x_wconf 92' lang='lat' dir='ltr'><strong>rum</strong></span> <span class='ocrx_word' id='word_1_905' title='bbox 2221 5649 2487 5703; x_wconf 90' lang='lat' dir='ltr'><strong>bonorum</strong></span> <span class='ocrx_word' id='word_1_906' title='bbox 2517 5652 2767 5719; x_wconf 87' lang='lat' dir='ltr'><strong>opposita</strong></span> <span class='ocrx_word' id='word_1_907' title='bbox 2807 5651 3186 5705; x_wconf 88' lang='lat' dir='ltr'><strong>damnatorum</strong></span> <span class='ocrx_word' id='word_1_908' title='bbox 3221 5654 3459 5720; x_wconf 88' lang='lat' dir='ltr'><strong>pernicie</strong></span> <span class='ocrx_word' id='word_1_909' title='bbox 3488 5664 3640 5708; x_wconf 88' lang='lat' dir='ltr'><strong>utra-</strong></span> 
     </span>
    </p>
   </div>
   <div class='ocr_carea' id='block_1_114' title="bbox 2065 5742 3637 5816">
    <p class='ocr_par' dir='ltr' id='par_1_114' title="bbox 2065 5742 3637 5816">
     <span class='ocr_line' id='line_1_114' title="bbox 2065 5742 3637 5816; baseline 0.003 -19"><span class='ocrx_word' id='word_1_910' title='bbox 2065 5758 2169 5814; x_wconf 83' lang='lat' dir='ltr'><strong>que</strong></span> <span class='ocrx_word' id='word_1_911' title='bbox 2200 5742 2548 5798; x_wconf 88' lang='lat' dir='ltr'><strong>considerent</strong></span> <span class='ocrx_word' id='word_1_912' title='bbox 2575 5753 2629 5799; x_wconf 89' lang='lat' dir='ltr'><strong>et</strong></span> <span class='ocrx_word' id='word_1_913' title='bbox 2666 5744 2808 5799; x_wconf 89' lang='lat' dir='ltr'><strong>inter</strong></span> <span class='ocrx_word' id='word_1_914' title='bbox 2839 5761 2897 5800; x_wconf 89' lang='lat' dir='ltr'><strong>se</strong></span> <span class='ocrx_word' id='word_1_915' title='bbox 2941 5754 3259 5814; x_wconf 81' lang='lat' dir='ltr'><strong>comparent</strong></span> <span class='ocrx_word' id='word_1_916' title='bbox 3301 5756 3462 5816; x_wconf 90' lang='lat' dir='ltr'><strong>atque</strong></span> <span class='ocrx_word' id='word_1_917' title='bbox 3507 5762 3637 5802; x_wconf 65' lang='lat' dir='ltr'><strong>cono</strong></span> 
     </span>
    </p>
   </div>
  </div>
