4096 6354
491 255 587 312 191
1720 260 1778 317 S.
1819 259 2146 319 GREGORII
2169 263 2460 322 NYSSENI

3647 261 3760 315 199.

485 377 738 432 tendant.
767 395 786 429 ι
822 376 1123 433 Latabitur
1156 397 1176 432 ι
1208 379 1383 444 enim,
1413 379 1612 451 inquit,
1645 399 1664 432 ι
1693 381 1900 451 justus,
1930 397 2055 436 cum

2170 381 2242 453 τῷ
2269 381 2460 453 αἵματι
2485 381 2580 437 τοῦ
2609 382 2932 455 ἁμαρτω)ιοῦ
2958 399 2970 413 ·
3013 402 3032 434 ι
3071 381 3170 451 οὐχ
3199 380 3273 443 ὡς
3299 379 3598 449 ἐπικαίρων
3628 381 3760 442 ταῖς

486 470 684 524 viderit
711 470 976 525 ultionem
1009 471 1199 541 impii;
1231 487 1426 527 manus
1467 488 1595 527 suas
1621 473 1820 527 lavabit
1852 473 1905 527 in
1941 488 2067 529 san-

488 563 654 632 guine
685 565 994 633 peccatoris
1023 564 1067 595 ¹⁰
1099 583 1113 620 :
1159 584 1178 616 ι
1224 579 1334 618 non
1362 566 1505 635 quod
1539 565 1761 621 insultet
1786 566 2068 621 doloribus

488 654 862 717 marentium,
899 656 992 710 sed
1039 655 1184 725 quod
1249 669 1379 710 tunc
1415 657 1650 710 maxime
1683 666 1981 726 cognoscat
2013 667 2088 744 et‘

489 743 891 797 animadvertat
942 744 997 797 id
1051 745 1197 815 quod
1239 761 1306 799 ex
1357 748 1560 800 virtute
1608 745 1788 816 dignis
1829 745 2063 801 accedit.

491 833 780 904 Signilicat
809 837 956 890 enim
980 852 1076 906 per
1105 839 1250 893 dicta
1273 839 1458 904 verba,
1490 840 1636 909 quod
1660 841 2064 894 contrariorum

489 941 555 978 ex
585 925 818 980 adverso
843 929 1180 998 comparatio
1203 931 1452 984 accessio
1474 931 1669 985 latitia
1692 940 1856 1000 atque
1887 931 2066 985 incre-

492 1027 731 1070 mentum
754 1019 957 1073 virtute
985 1021 1225 1088 praditis
1251 1023 1486 1076 exsistit.
1521 1022 1652 1075 Nam
1683 1039 1778 1092 per
1807 1023 1880 1088 id,
1913 1023 2064 1093 quod

489 1109 648 1171 dixit,
691 1127 710 1160 ι
750 1110 944 1167 Manus
979 1113 1033 1166 in
1066 1114 1333 1184 sanguine
1367 1116 1670 1184 peccatoris
1700 1117 1865 1182 lavat,
1906 1135 1924 1167 ι
1963 1115 2065 1169 hu-

483 1203 726 1271 jusmodi
776 1205 937 1260 nobis
990 1207 1197 1276 prabet
1244 1208 1592 1272 sententiam,
1652 1209 1798 1278 quod
1851 1209 2064 1278 puritas

486 1293 608 1361 ejus
662 1293 718 1347 in
773 1294 884 1348 vita
953 1297 1187 1350 actionis
1241 1297 1292 1350 in
1352 1298 1658 1368 perditione
1714 1307 2062 1367 peccatorum

487 1384 921 1438 demonstratur.
957 1384 1093 1440 Nam
1127 1387 1343 1440 lavandi
1408 1388 1578 1441 dictio
1628 1388 1881 1456 puritatis
1939 1403 2062 1457 spe-

487 1476 626 1529 ciem
652 1484 706 1528 ct
762 1476 1052 1547 imaginem
1093 1478 1387 1548 signilicat.
1441 1480 1495 1532 In
1565 1481 1833 1550 sanguine
1879 1489 2062 1534 autem

489 1582 651 1620 nemo
683 1567 915 1630 lavatur.
951 1570 1044 1623 sed
1085 1571 1344 1637 polluitur
1371 1579 1423 1624 et
1471 1570 1790 1639 inquinatur
1834 1587 1847 1624 :
1881 1573 2066 1640 itaque

487 1674 585 1728 per
610 1659 712 1714 hcc
741 1661 962 1729 planmn
1000 1661 1075 1729 lit,
1107 1661 1252 1732 quod
1298 1677 1480 1715 rerum
1527 1664 1846 1716 acerbarum
1874 1678 1941 1717 ex
1968 1661 2066 1716 ad-

2169 473 2278 527 τῶν
2309 475 2626 547 ἀνιωμένων
2651 476 2883 539 ὀδύναις,
2909 475 3023 529 ἀλλ’
3049 474 3124 538 ὼς
3141 472 3261 525 τότε
3298 471 3533 542 μάλιστα
3553 472 3762 542 γνωρί-

2170 563 2278 630 ζων
2321 567 2382 619 τὸ
2439 567 2498 634 ἐξ
2539 569 2738 638 ἀρετῆς
2772 569 2886 630 τοῖς
2935 566 3106 630 ἀξίοις
3147 564 3604 635 παραγινόμενον.
3651 564 3763 634 Ση-

2171 658 2349 728 μαίνει
2375 659 2484 730 γὰρ
2498 659 2586 713 διὰ
2601 659 2710 712 τῶν
2744 658 3066 730 εἰρημένων,
3101 657 3182 710 ὅτι
3211 655 3494 728 προσθήκη
3528 654 3626 725 τῆς
3657 655 3759 708 εὑ-

2167 748 2440 819 φροσύνης
2468 749 2562 802 καὶ
2594 750 2845 812 ἐπίτασις
2890 752 3003 812 τοῖς
3033 747 3308 818 ἐναρέτοις
3340 747 3545 816 γίνεται
3575 749 3607 816 ὴ
3637 745 3758 799 τῶν

2167 841 2422 894 ἐναντίων
2471 843 2910 912 ἁντιπαράθεσις.
2941 839 3013 894 Τὸ
3055 841 3162 912 γὰρ
3207 841 3406 906 είπεῖν,
3459 841 3542 893 ὃτι
3583 856 3602 890 t
3636 839 3758 903 Τὰς

2167 933 2354 1003 χεῖρας
2405 935 2462 987 ὲν
2510 933 2590 1004 τῷ
2639 934 2829 1004 αἵματι
2879 932 2973 986 τοῦ
3035 931 3360 1004 ἁμαρτω)ιοῦ
3413 933 3680 994 νίπτεται,
3727 950 3751 983 ι

2165 1025 2422 1094 τοιαύτην
2453 1024 3131 1096 παρίστησιτὴνδιάνοιαν,
3159 1023 3241 1076 ὅτι
3267 1023 3327 1075 τὸ
3350 1021 3758 1093 καθαιρόμενον

2167 1117 2330 1170 αὐτοῦ
2362 1118 2461 1188 τῆς
2495 1118 2636 1171 κατά
2659 1117 2756 1188 τὴν
2786 1114 2930 1186 ζωὴν
2969 1114 3268 1188 ἐνεργείας,
3314 1116 3370 1166 ὲν
3399 1115 3465 1184 τῇ
3503 1111 3760 1182 ἀπωλείᾳ

2166 1207 2276 1259 τῶν
2329 1207 2668 1278 ἁμαρτωλῶν
2706 1206 3086 1260 διαδείκνυται.
3129 1205 3192 1257 Ἦ
3223 1204 3332 1274 γὰρ
3358 1203 3452 1256 τοῦ
3491 1201 3758 1272 νίψασθαι.

2167 1298 2329 1364 λέξις,
2366 1299 2736 1370 καθαρότητος
2763 1297 2997 1368 ἔμφασιν
3019 1295 3385 1367 διερμηνεύει.
3431 1295 3518 1346 Ἐν
3555 1293 3757 1362 αἵματι

2165 1391 2221 1445 δὲ
2259 1392 2379 1461 οὐχὶ
2409 1389 2654 1443 νίπτεταί
2683 1407 2787 1452 τις,
2818 1389 2952 1442 ἀλλὰ
2979 1388 3262 1458 μολύνεται
3290 1403 3304 1417 ο
3329 1385 3469 1438 ὥστε
3501 1385 3588 1438 διὰ
3621 1384 3757 1436 τού-

2165 1501 2259 1535 του
2290 1482 2448 1553 δῆλον
2475 1480 2747 1550 γενέσθαι,
2781 1480 2862 1532 ὅτι
2894 1482 2927 1550 ἡ
2951 1479 3058 1531 τῶν
3099 1475 3568 1548 σκυθρωποτέρων
3599 1475 3761 1526 ἀντι-

2168 1574 2467 1645 παράθεσις
2502 1573 2602 1644 τὴν
2647 1572 2748 1641 τῆς
2788 1572 2993 1643 ἀρετῆς
3038 1569 3416 1641 μακαριότητα
3456 1566 3758 1620 δείκνυσιν.

2169 1665 2475 1719 Συναπτέον
2533 1663 2712 1718 τοίνυν
2761 1663 2852 1717 ἐπὶ
2903 1661 3181 1732 κεφαλαίῳ
3215 1661 3309 1713 τὸν
3355 1659 3532 1727 λόγον,
3567 1657 3642 1719 ὼς
3685 1655 3763 1708 ἂν

489 1767 650 1807 verso
704 1755 1046 1823 comparatio
1107 1754 1330 1808 virtutis
1380 1753 1772 1808 beatitudinem
1831 1753 2061 1808 demon-

2170 1756 2576 1828 εὐμνημόνευτα
2627 1755 2833 1823 γένοιτο
2879 1754 2948 1806 τὰ
2987 1752 3329 1822 ἐξητασμένα
3363 1753 3630 1820 νοήματα.
3689 1748 3764 1800 Ἦ

490 1853 648 1898 strat.
676 1843 1066 1900 Contrahenda
1087 1852 1172 1898 est
1209 1845 1379 1915 igitur
1429 1845 1607 1899 oratio
1669 1845 1723 1899 in
1775 1845 1976 1914 capita,
2005 1853 2064 1898 ut

489 1935 801 1990 intellectus
819 1944 982 2005 atque
1016 1936 1322 1998 sententia,
1361 1950 1498 2004 quas
1523 1936 1877 1990 tractavimus
1901 1944 2065 2005 atque

489 2030 720 2082 scrutati
757 2045 968 2092 sumus,
1003 2029 1278 2084 memoria
1319 2029 1460 2082 haud
1497 2028 1788 2083 dilliculter
1813 2029 2062 2085 mandari

490 2123 723 2192 possint.
757 2121 892 2175 Nam
941 2121 1233 2175 immatura
1260 2135 1409 2175 mors
1461 2118 1750 2173 infantium
1802 2136 1979 2188 neque
2009 2121 2064 2174 iu

490 2216 774 2269 doloribus
799 2231 861 2269 ac
886 2215 1145 2269 mastitia
1172 2230 1295 2270 esse
1317 2229 1440 2268 eum
1471 2214 1562 2282 qui
1585 2213 1664 2269 sic
1685 2213 1864 2268 vivere
1880 2215 2064 2278 desiit,

491 2308 901 2377 intelligendum
936 2322 1060 2362 esse
1107 2306 1266 2361 nobis
1304 2307 1566 2377 suggerit,
1606 2321 1780 2376 neque
1834 2307 1887 2360 in
1947 2308 2066 2376 pari

491 2399 668 2467 ipsum
699 2408 753 2452 et
788 2398 976 2452 eadem
1013 2397 1325 2451 conditione
1369 2412 1433 2450 ac
1489 2406 1637 2452 sorte
1687 2397 1894 2451 versari
1939 2412 2065 2450 cum

489 2489 560 2542 iis
591 2489 682 2556 qui
739 2502 833 2557 per
869 2503 1085 2540 onmem
1129 2488 1383 2540 virtutem
1431 2487 1486 2540 in
1537 2487 1641 2543 hac
1691 2489 1802 2541 vita
1851 2487 2066 2556 purgati

490 2587 656 2641 sunt,
695 2578 1032 2647 providentia
1088 2576 1296 2630 meliori
1331 2576 1768 2646 exsuperantiam
1811 2576 2066 2629 vitiorum

490 2669 813 2737 prohibente
843 2668 950 2721 lleo
982 2669 1035 2722 in
1071 2668 1136 2722 iis
1157 2669 1250 2738 qui
1286 2669 1358 2721 ila
1397 2668 1594 2722 victuri
1621 2667 1876 2723 fuissent.
1911 2667 2066 2733 Quod

489 2767 670 2813 autem
707 2759 956 2812 nonnulii
1020 2759 1286 2811 malorum
1313 2757 1521 2811 diutius
1555 2757 1764 2817 vivunt,
1800 2755 1852 2809 id
1890 2757 2069 2810 reddi-

490 2859 602 2903 tam
630 2852 957 2905 sententiam
993 2865 1100 2903 non
1134 2851 1425 2904 subvertit.
1469 2847 1602 2902 Nam
1639 2850 1692 2902 in
1721 2851 1947 2918 gratiam
1975 2865 2071 2918 pa-

489 2951 709 2997 rentum
746 2944 943 2996 malum
993 2943 1046 2996 in
1080 2943 1189 2998 illis
1237 2942 1530 3012 impeditur
1578 2957 1642 2995 ac
1682 2941 2006 3009 prohibetur
2050 2960 2064 2995 :

491 3034 694 3103 quibus
728 3041 907 3088 autem
950 3033 1134 3087 nullus
1165 3048 1195 3086 a
1228 3033 1545 3102 parentibus
1569 3031 1636 3084 ad
1688 3032 1856 3086 Deum
1889 3031 2070 3085 aditus

491 3134 631 3188 erat,
666 3141 736 3180 ne
769 3125 834 3179 ad
864 3140 958 3180 eos
989 3124 1206 3190 quidem
1237 3125 1329 3194 qui
1361 3139 1425 3178 ex
1460 3124 1595 3193 ipsis
1629 3123 1881 3193 p'ognati
1913 3131 2067 3188 sunt,

493 3214 728 3283 amplius
753 3215 1019 3284 ejusmodi
1067 3214 1317 3269 beneficii
1365 3228 1537 3282 genus
1584 3228 1692 3266 una
1739 3213 2071 3267 transmitti-

492 3316 612 3370 tur;
653 3316 746 3359 aut
781 3307 954 3359 multo
993 3306 1186 3361 ssevior
1207 3313 1261 3357 ct
1311 3305 1550 3358 atrocior
1584 3304 1692 3359 illis
1733 3305 1825 3373 qui
1866 3305 1937 3359 ob
1969 3320 2068 3360 ne-

492 3399 720 3468 quitiam
759 3399 970 3452 nobiles
1019 3405 1170 3457 sunt,
1208 3397 1358 3450 visus
1388 3394 1582 3450 fuisset
1610 3396 1658 3448 is
1689 3395 1780 3463 qui
1805 3409 1903 3464 per
1923 3409 2072 3448 mor-

491 3501 598 3545 tem
629 3494 808 3545 malus
855 3489 969 3543 fieri
1011 3488 1319 3559 prohibitus
1365 3494 1468 3551 est,
1519 3485 1787 3555 siquidem
1819 3485 2069 3548 liberam,

490 3582 820 3652 expeditam,
852 3589 1030 3636 etnon
1064 3580 1384 3649 praeclusam
1419 3576 1716 3647 nequitiam
1749 3575 2063 3631 habuisset:

492 3682 587 3728 aut
635 3673 681 3729 si
728 3673 821 3744 qui
867 3672 1028 3728 etiam
1080 3670 1146 3724 ad
1207 3684 1480 3725 summum
1533 3667 1790 3737 nequitia
1847 3665 2068 3720 modum

493 3765 771 3836 progressi
795 3773 944 3827 sunt,
969 3763 1264 3833 apostolica
1293 3760 1680 3830 contemplatio
1702 3773 1838 3822 rem,
1869 3758 1938 3813 de
1959 3773 2068 3828 qua

493 3857 815 3926 quaerimus,
839 3855 1177 3921 consolatur,
1207 3854 1352 3924 quod
1387 3853 1644 3907 nimirum
1681 3851 1728 3906 is
1755 3850 1848 3920 qui
1881 3853 2066 3904 omnia

491 3963 618 4000 cum
660 3946 924 4016 sapientia
955 3945 1104 4007 facit,
1138 3947 1302 4000 etiam
1344 3959 1443 4015 per
1470 3943 1671 3998 malum
1705 3941 1909 4011 aliquid
1939 3940 2067 3996 boni

493 4037 703 4092 ctliccre
731 4038 888 4092 sciat.
928 4037 1082 4103 Quod
1113 4037 1157 4090 si
1189 4036 1314 4106 quis
1339 4036 1502 4090 etiam
1538 4035 1591 4087 in
1626 4033 1870 4104 nequitia
1901 4041 2065 4102 atque

2168 1849 2277 1918 γὰρ
2337 1850 2514 1920 ἄωρος
2561 1848 2785 1918 τελευτὴ
2822 1846 2930 1899 τῶν
2968 1844 3178 1914 νηπίων
3217 1842 3340 1896 οὔτε
3385 1845 3444 1896 ὲν
3483 1841 3766 1909 ἀλγεινοῖς

2170 1938 2308 1994 εἶναι
2346 1941 2438 1996 τὸν
2470 1939 2611 1993 οὕτω
2643 1939 2740 2010 τὴν
2773 1939 2917 2008 ζωὴν
2949 1937 3296 2007 παυσάμενον
3327 1936 3467 1988 νοεῖν
3497 1931 3767 1986 ὑποτίθε-

2167 2051 2279 2097 ται,
2307 2031 2432 2085 οὔτε
2467 2031 2608 2086 κατά
2635 2031 2694 2084 τὸ
2729 2032 2840 2084 ίσον
2892 2033 3005 2092 τοῖς
3026 2028 3114 2082 διὰ
3148 2027 3327 2096 πάσης
3366 2026 3567 2098 ἀρετῆς
3607 2023 3767 2077 κατὰ

2167 2121 2260 2175 τὸν
2315 2121 2442 2190 τῇδε
2498 2120 2610 2188 βίον
2658 2118 3090 2188 κεκαθαρμένοις
3149 2117 3376 2185 γίνεται,
3433 2113 3762 2186 προμηθείᾳ

2169 2213 2438 2284 κρείττονι
2464 2210 2558 2263 τοῦ
2581 2209 2713 2263 Θεοῦ
2747 2211 2846 2278 τὴν
2875 2208 2982 2261 τῶν
3014 2209 3198 2261 κακῶν
3226 2207 3494 2277 ἀμετρίαν
3523 2204 3768 2258 κωλύον-

2168 2323 2259 2368 τος
2290 2305 2382 2358 ἐπὶ
2431 2304 2537 2355 τῶν
2574 2302 2872 2373 μελλόντων
2917 2299 3060 2354 οὕτω
3095 2299 3407 2370 βιώσεσθαι.
3437 2298 3510 2350 Τὸ
3541 2298 3596 2350 δὲ
3633 2299 3760 2349 ἐπι-

2171 2397 2359 2450 ϐιῶναί
2387 2413 2538 2458 τινας
2573 2394 2682 2447 τῶν
2721 2391 2928 2454 κακῶν,
2963 2392 3062 2443 οὐκ
3093 2391 3385 2462 ἀνατρέπει
3424 2389 3523 2459 τὴν
3561 2388 3770 2442 ἀποδο-

2171 2487 2358 2541 θεῖσαν
2412 2486 2672 2539 διάνοιαν.
2709 2485 2788 2555 Τῇ
2825 2483 2935 2554 γάρ
2970 2481 3106 2552 πρὸς
3155 2483 3280 2544 τοὺς
3321 2479 3768 2550 γεννησαμένους

2170 2581 2352 2652 χάριτι
2374 2579 2433 2632 τὸ
2463 2578 2630 2631 κακὸν
2649 2578 2732 2629 ἐπ’
2759 2576 2981 2628 ἐκείνων
3009 2572 3348 2642 ὲνεποδίσθηο
3368 2567 3448 2634 οἷς
3473 2571 3528 2623 δὲ
3555 2570 3660 2622 οὐκ
3693 2565 3768 2638 ἦν

2171 2690 2253 2735 τις
2280 2674 2342 2724 ὲκ
2369 2671 2568 2739 γονέων
2595 2668 2730 2740 πρὸς
2762 2667 2852 2721 τὸν
2899 2667 3032 2722 Θεὸν
3078 2664 3379 2737 παρρησία,
3408 2663 3526 2715 οὐδὲ
3559 2663 3679 2724 τοῖς
3701 2661 3766 2726 ἐξ

2173 2764 2396 2818 ἐκείνων
2449 2762 2507 2814 τὸ
2550 2761 2792 2814 τοιοῦτον
2821 2761 2914 2814 ἐπὶ
2959 2759 3059 2830 τῆς
3091 2757 3408 2830 εὐεργεσίας
3449 2750 3585 2816 εἶδος
3615 2770 3767 2823 συμο

2173 2853 2546 2926 παρεπέμφθη
2567 2871 2581 2884 ο
2619 2854 2651 2922 ἢ
2712 2851 2890 2922 πολλῷ
2923 2851 3300 2922 χαλεπώτερος
3320 2849 3429 2902 τῶν
3461 2848 3553 2900 ἐπὶ
3583 2845 3767 2916 κακίᾳ

2171 2946 2464 3016 γνωρίμων
2492 2946 2520 2996 ὁ
2553 2943 2814 3006 κωλυθεὶς
2840 2943 2926 2995 διὰ
2946 2942 3040 2994 τοῦ
3058 2942 3284 2994 θανάτου
3310 2939 3560 3008 γενέσθαι
3584 2937 3766 3000 κακὸς

2175 3037 2348 3107 ἐφάνη
2371 3036 2457 3098 ἂν,
2488 3035 2645 3106 εἴπερ
2683 3033 2960 3088 ἀκώλυτον
2999 3032 3124 3102 ἔσχε
3159 3032 3256 3103 τὴν
3288 3029 3582 3100 πονηρίαν·
3627 3029 3662 3098 ἢ
3710 3027 3767 3080 εῐ

2171 3147 2316 3193 τινες
2369 3127 2464 3181 καὶ
2518 3128 2596 3190 εἰς
2647 3125 2707 3178 τὸ
2744 3124 3044 3196 ἀκρότατον
3091 3125 3188 3192 τῆς
3249 3122 3514 3193 πονηρίας
3558 3121 3764 3192 μέτρον

2173 3215 2660 3290 προσεληλύθασιν,
2691 3218 2724 3286 ἡ
2749 3215 3077 3287 ἁποστολικὴ
3108 3216 3311 3286 θεωρία
3352 3214 3764 3286 παραμυθεῖται

2171 3311 2231 3363 τὸ
2265 3311 2502 3381 ζήτημα,
2535 3307 2608 3370 ὼς
2638 3307 2834 3370 εἰδότος
2862 3307 2952 3361 τοῦ
2987 3308 3166 3361 πάντα
3198 3311 3253 3360 ὲν
3282 3306 3442 3376 σοφίᾳ
3476 3303 3763 3366 ποιοῦντος

2174 3405 2268 3458 καὶ
2300 3402 2387 3456 διὰ
2417 3401 2510 3454 τοῦ
2577 3401 2750 3454 κακοῦ
2803 3419 2856 3454 τι
2899 3400 3009 3453 τῶν
3037 3399 3259 3468 ἀγαθῶν
3293 3395 3760 3468 κατεργάσασθαι.

2175 3499 2238 3550 Et
2265 3496 2320 3549 δέ
2346 3513 2430 3559 τις
2473 3495 2567 3548 καὶ
2612 3495 2670 3546 ὲν
2704 3494 2940 3564 πονηρίᾳ⁴
2969 3494 3028 3545 τὸ
3058 3493 3226 3563 ἀκρον
3262 3491 3394 3561 ἔχει,
3431 3489 3525 3542 καὶ
3554 3489 3640 3540 ἐπ’
3669 3489 3762 3540 οὑξ

2175 3587 2286 3641 Gavi.
2311 3584 2585 3656 χρησίμῳ,
2613 3583 2833 3637 κατὰτὸ
2869 3580 3034 3653 ῥηθὲν
3071 3583 3201 3651 ἡμῖν
3235 3578 3558 3647 ὑπόδειγμα,
3604 3575 3766 3644 παρά

2175 3681 2274 3749 τῆς
2305 3677 2400 3731 τοῦ
2432 3677 2568 3730 θεοῦ
2594 3677 2789 3746 τέχνης
2818 3672 3250 3746 κατεχαλκεύθη,
3274 3670 3431 3724 τοῦτο
3468 3666 3762 3738 προσθήκη

2176 3767 2276 3836 τῆς
2317 3764 2654 3835 εὐφροσύνης
2696 3764 2804 3817 τῶν
2843 3759 2899 3816 εὖ
2945 3763 3281 3834 βεϐιωκότων
3312 3761 3541 3828 γίνεται,
3573 3754 3760 3817 καθὼς

2174 3863 2208 3931 ἡ
2268 3859 2571 3930 προφητεία
2627 3859 2767 3910 νοεῖν
2827 3855 3159 3916 ὑποτίθεται,
3189 3855 3325 3922 ὅπερ
3373 3851 3433 3904 οὐ
3468 3847 3661 3920 μικρὸν
3699 3848 3761 3897 ἐν

2174 3949 2397 4016 ἀγαθοῖς
2425 3947 2488 4000 ἄν
2513 3965 2597 4010 τις
2624 3947 2918 4007 λογίσαιτο,
2966 3945 3082 3997 οὐδὲ
3124 3944 3223 4013 τῆς
3254 3942 3345 3996 τοῦ
3378 3940 3513 3994 Θεοῦ
3537 3953 3762 4007 προμηυ

2181 4034 2332 4096 θείας
2355 4033 2592 4097 ἀνάξιον.

493 4131 844 4200 improbitate
873 4129 1152 4199 fastigium
1200 4146 1263 4184 ac
1309 4128 1570 4183 verticem
1621 4135 1791 4190 tenet,
1835 4135 1889 4180 et
1913 4125 2069 4195 juxta
2111 4125 2444 4196 prepositam
2480 4140 2511 4179 a
2547 4125 2704 4180 nobis
2731 4124 3167 4188 similitudinem,
3192 4124 3257 4178 ad
3318 4121 3526 4176 nullum
3591 4134 3755 4173 usum

493 4225 563 4277 ab
590 4231 705 4276 arte
738 4223 829 4276 Dei
875 4222 1176 4278 fabricatus
1202 4231 1309 4286 est,
1354 4223 1456 4277 hoc
1503 4221 1706 4275 latitia
1771 4233 1958 4275 eorum
2007 4218 2103 4288 qui
2143 4218 2282 4274 bene
2333 4219 2590 4272 vixerunt
2623 4218 2892 4289 appendix
2927 4228 2981 4273 et
3017 4217 3442 4271 additamentum
3514 4213 3756 4276 exsistit,

491 4319 950 4389 quemadmodum
1020 4319 1304 4390 prophetia
1355 4318 1766 4390 intelligendum
1815 4317 2094 4388 proponit,
2153 4316 2297 4386 quod
2331 4316 2386 4371 in
2418 4315 2577 4372 bonis
2617 4314 2759 4369 haud
2791 4330 3017 4385 parvum
3049 4314 3173 4384 quis
3204 4310 3619 4373 existimaverit,
3654 4323 3759 4363 nec

493 4415 841 4484 providentia
865 4413 958 4470 Dei
983 4415 1289 4487 indignum.

567 4574 615 4606 ⁸ο
642 4573 784 4628 Psal.
815 4590 946 4628 LVII.
979 4576 1066 4630 l..
