4096 6354
370 389 424 440 lC

378 542 462 556 ww

400 387 464 439 5‘3
1382 384 1807 440 TESTIMONIA
1847 382 2219 441 ADVERSUS
2254 382 2560 439 JUDAJOS.

3518 380 3619 437 ιςι

416 536 3603 569 mm

1054 706 1957 871 noemn'm

2059 707 2152 815 Β.
2271 704 2902 817 DUBIA.

1231 1109 1459 1194 ΤΟΥ
1504 1109 1650 1194 ΕΝ
1713 1109 2079 1193 ΑΓΙΟΙΣ
2115 1102 2746 1191 ΓΡΗΓΟΡΙΟΥ

1563 1290 2050 1344 ΕΠΙΣΚΟΠΟΥ
2103 1286 2433 1339 ΝΥΣΣΗΣ

469 1454 1164 1574 ΕΚΛΟΓΑΙ
1273 1455 2128 1571 ΜΑΡΤΥΡΙΩΝ
2195 1450 2607 1566 ΠΡΟΣ
2704 1446 3513 1563 ΙΟΥΔΑΙΟΥΣ

1650 1677 1800 1729 ΑΠΟ
1834 1676 1969 1728 ΤΗΣ
1992 1675 2329 1727 ΠΑΛΑΙΑΣ

366 1839 525 1893 Marti
587 1856 749 1903 τινος
805 1835 1234 1904 ἐπεξεργασίας
1261 1834 1392 1902 περὶ
1425 1835 1537 1903 τῆς
1584 1833 1758 1903 ἁγίας
1802 1830 2041 1899 Τριάδος
2078 1847 2092 1860 ο
2141 1830 2228 1882 ὅτι
2265 1831 2478 1898 Λόγον,
2512 1828 2605 1880 καὶ
2645 1826 2887 1897 Πνεῦμα
2922 1826 3046 1895 ἔχει
3080 1828 3113 1879 ὁ
3153 1823 3315 1890 Θεὸς,
3339 1822 3488 1875 κατὰ
3520 1823 3625 1887 τὰς

836 1930 1108 2000 Γραρὰςσ
1140 1931 1322 1999 Λόγον
1370 1931 1785 1985 ἑνυπόστατον
1836 1926 1935 1979 καὶ
1971 1924 2175 1986 ζῶντα.
2219 1924 2317 1977 καὶ
2356 1922 2595 1991 Πνεῦμα
2636 1923 2938 1985 ὡσαύτως.

1388 2259 1481 2343 S.
1590 2259 1688 2343 P.
1815 2258 1935 2344 N.
2016 2249 2592 2343 GREGORII

1670 2443 1983 2500 EPISCOPI
2012 2442 2311 2498 NYSSENI

374 2625 1021 2742 DEL’ECTA
1105 2622 1993 2738 TESTIMONIA
2072 2616 2826 2738 ADVERSUS
2906 2590 3623 2731 JUDAEOS‘”

1527 2846 1625 2901 EX
1670 2843 1959 2900 VETERE
1986 2840 2482 2899 TESTAMENTO

372 3010 501 3065 Cum
530 3010 735 3080 adjecta
753 3008 987 3081 quadam
1011 3006 1245 3061 uberiori
1278 3004 1587 3075 probatione
1616 3002 1681 3056 de
1716 3010 1901 3055 sancta
1931 3000 2220 3063 Trinitate;
2256 2999 2397 3068 quod
2421 3013 2601 3067 nempe
2637 2995 2862 3050 Verbum
2897 3004 2947 3048 et
2983 2993 3241 3062 Spiritum
3273 2993 3459 3047 habeat
3492 2991 3629 3046 Deus

822 3102 1108 3159 secundum
1157 3101 1489 3170 Scripturas,
1536 3099 1755 3153 Verbum
1797 3096 2084 3151 subsistens
2131 3106 2284 3165 atque
2316 3096 2507 3159 virens,
2535 3103 2583 3148 et
2608 3093 2863 3163 Spiritum
2905 3092 3170 3144 similiter.

719 3263 1023 3327 (interprete
1050 3266 1105 3310 et
1126 3257 1391 3309 scholiaste
1412 3255 1678 3306 Laurentio
1701 3252 1938 3315 Zacagnio
1958 3263 2003 3298 ν.
2032 3252 2158 3299 cl.—
2184 3248 2426 3309 Galland.,
2452 3250 2562 3301 νει.
2594 3247 2717 3299 Bibl.
2744 3251 2885 3299 Patr.
2915 3254 2949 3298 t.
2976 3247 3061 3309 Vl,
3085 3265 3133 3312 p.
3160 3250 3293 3311 578.)

446 3583 609 3650 Λέγει
648 3580 810 3632 Δαθὶό
859 3580 916 3632 ὲν
958 3578 1191 3649 δευτέρῳ
1248 3578 1340 3630 καὶ
1375 3573 1680 3647 τριακοστῷ
1726 3571 1949 3643 ψαλμῷ·

2128 3572 2267 3628 Dicit
2290 3571 2457 3626 David
2482 3571 2537 3625 in
2564 3572 2775 3641 psalmo
2796 3571 3080 3625 tricesimo
3104 3572 3351 3626 secundo
3377 3590 3389 3625 :
3422 3571 3633 3627 tVerbo

381 3692 401 3723 ‹
437 3672 526 3741 Τῷ
553 3671 710 3740 Λόγῳ
743 3669 946 3739 Κυρίου
975 3669 1023 3720 οἱ
1057 3666 1274 3738 οὐρανοὶ
1301 3664 1729 3735 ἐστερεώθησαν,
1760 3666 1854 3717 καὶ
1879 3662 1955 3733 τῷ

374 3763 649 3833 Πνεύματι
685 3760 778 3812 τοῦ
826 3759 1091 3829 πόματος
1136 3756 1298 3810 αὐτοῦ
1346 3758 1495 3809 πᾶσα
1538 3758 1571 3825 ἡ
1605 3755 1831 3825 δύναμις
1862 3756 1956 3806 αὺ-

371 3854 500 3908 τῶν.
537 3871 554 3903 ι
590 3852 662 3905 Οὐ
696 3851 863 3918 Λόγος
893 3845 985 3901 οὖν
1016 3848 1249 3918 ὑπάρχει
1286 3846 1445 3918 ἀέρος
1474 3848 1715 3909 τύπωσις
1752 3862 1958 3915 σημαν-

372 3945 497 4015 τικὴ
569 3943 658 3997 διὰ
717 3940 1040 4012 φωνητικῶν
1109 3938 1354 4009 ὀργάνων
1400 3937 1764 4008 ἐκφερομένη,
1830 3935 1955 3988 οὗτε

375 4040 600 4107 Πνεῦμα
634 4037 896 4106 στόματος
926 4033 1117 4103 ἀτμὸς,
1150 4033 1215 4084 ὲκ
1259 4030 1365 4083 τῶν
1393 4028 1833 4084 ἀναπνευστικῶν
1864 4046 1958 4098 με-

379 4133 485 4202 ρῶν
519 4127 904 4197 ὲξωθούμενος,
938 4124 1074 4178 ἀλλὰ
1118 4124 1289 4191 Λόγος
1328 4121 1426 4192 μὲν
1467 4122 1497 4173 ὁ
1544 4121 1679 4191 πρὸς
1728 4120 1858 4171 Θεὸν
1900 4122 1958 4172 ὲν

376 4226 540 4293 ἀρχῇ,
573 4222 666 4273 καὶ
695 4219 824 4282 Θεὸς
873 4216 981 4269 ὥνο
1030 4215 1253 4283 Πνεῦμα
1300 4213 1357 4267 δὲ
1402 4212 1668 4283 στόματος
1710 4212 1865 4271 Θεοῦ,
1899 4211 1959 4265 τὸ

379 4314 601 4384 Πνεῦμα
629 4313 727 4382 τῆς
753 4310 1030 4381 ἀληθείας,
1063 4308 1092 4361 ὃ
1120 4308 1269 4377 παρὰ
1304 4305 1399 4359 τοῦ
1433 4304 1645 4375 Πατρὺς
1670 4303 1961 4373 ἐκπορεύε-

376 4425 488 4460 ται.
520 4404 660 4475 Τρία
683 4404 860 4456 τοίνυν
890 4402 1018 4465 νόει,
1044 4400 1137 4453 τὸν
1170 4398 1573 4468 προστάττοντα
1614 4395 1835 4465 Κύριον,
1869 4396 1960 4448 τὸν

377 4492 809 4565 δημιουργοῦντα
854 4491 1046 4558 Λόγον,
1099 4489 1190 4541 τὸν
1237 4484 1576 4557 στερεοῦντα,
1624 4486 1867 4537 τουτέστι
1901 4484 1961 4536 τὸ

379 4584 602 4652 Πνεῦμα
624 4599 637 4614 ·
670 4582 769 4652 τὴν
798 4579 904 4651 γὰρ
941 4578 1254 4648 στερέωσιν,
1298 4576 1388 4628 τὸν
1414 4576 1679 4645 ἁγιασμὸν
1716 4570 1836 4626 εἷπε
1866 4574 1959 4626 καὶ

379 4676 478 4746 τὴν
506 4673 912 4744 συμπλήρωσιν.
939 4672 1055 4723 Ἵνα
1096 4669 1150 4722 δὲ
1202 4667 1381 4739 μάθῃς
1418 4669 1498 4721 ὅτι
1528 4668 1587 4721 οὐ
1616 4666 1787 4738 τούτῳ
1815 4667 1960 4734 λέγει

374 4764 459 4836 τῷ
492 4761 828 4835 προφορικῷ,
860 4761 995 4814 ἀλλὰ
1023 4759 1101 4831 τῷ
1124 4758 1488 4828 ἐνυποστάτῳ,
1521 4760 1550 4811 ό
1590 4758 1749 4820 αὐτὸς
1794 4757 1959 4811 ἀλλα-

380 4852 477 4924 χοῦ
509 4854 687 4922 λέγει’
732 4871 750 4902 ί
790 4850 1102 4904 ’Λποστελεῖ
1131 4850 1217 4902 τὸν
1257 4848 1426 4917 Λόγον
1459 4847 1644 4912 αὑτοῦ,
1678 4849 1773 4900 καὶ
1808 4847 1959 4918 τήξει

2056 3665 2275 3720 Domini
2309 3665 2439 3720 coeli
2472 3665 2673 3717 ﬁrmati
2704 3672 2870 3729 sunt,
2894 3673 2949 3719 et
2982 3664 3189 3733 Spiritu
3217 3667 3332 3719 oris
3363 3666 3483 3735 ejus
3515 3682 3634 3719 om-

2056 3758 2144 3811 nis
2172 3758 2348 3811 virtus
2379 3771 2572 3810 eorum
2611 3756 2628 3785 ¹
2679 3775 2697 3806 ι
2723 3753 2893 3825 Igitur
2928 3754 3171 3810 Verbum
3211 3774 3320 3811 non
3358 3767 3442 3812 est
3483 3760 3631 3811 aeris

2056 3851 2381 3922 percussio,
2439 3850 2517 3903 rei
2564 3849 2863 3918 cujuslibet
2912 3848 3306 3918 signiﬁcativa,
3360 3865 3480 3919 quae
3537 3866 3635 3919 per

2058 3944 2429 3997 instrumenta
2463 3941 2614 3995 vocis
2649 3942 2864 4003 edatur,
2904 3956 3081 4010 neque
3114 3937 3357 4009 Spiritus
3397 3950 3482 3996 est
3518 3943 3633 3997 oris

2056 4034 2240 4087 anima
2263 4073 2276 4095 ,
2308 4048 2429 4102 quae
2457 4048 2523 4085 ex
2560 4033 2809 4102 partibus
2852 4032 3234 4100 respirationis
3264 4033 3632 4087 servientibus

2058 4126 2361 4188 emittatur,
2395 4124 2489 4179 sed
2514 4122 2751 4197 Verbum
2779 4124 2995 4192 quidem
3027 4131 3112 4178 est
3143 4124 3194 4177 id
3222 4125 3364 4193 quod
3397 4128 3450 4178 in
3486 4127 3636 4194 prin-

2058 4218 2206 4288 cipio
2233 4224 2352 4273 erat
2382 4216 2526 4287 apud
2561 4215 2765 4281 Deum,
2799 4226 2852 4271 et
2887 4214 3030 4270 Deus
3066 4224 3151 4271 est
3167 4214 3189 4282 ';
3229 4216 3470 4285 Spiritus
3502 4233 3637 4272 vero

2059 4310 2174 4364 oris
2206 4308 2333 4373 Dei,
2374 4308 2616 4378 Spiritus
2650 4309 2934 4372 veritatis,
2969 4309 3060 4378 qui
3098 4325 3126 4361 a
3165 4309 3327 4363 Patre
3362 4311 3633 4379 procedit.

2062 4403 2192 4457 Tria
2226 4402 2391 4471 igitur
2424 4400 2687 4469 intellige,
2730 4399 3013 4469 jubentem
3046 4406 3099 4454 et
3132 4401 3490 4469 imperantem
3528 4400 3634 4453 Do-

2062 4494 2294 4555 minum,
2328 4508 2526 4546 ereans
2555 4484 2794 4545 Verbum
2817 4533 2833 4558 ,
2862 4491 3168 4544 (innantem
3195 4502 3247 4545 et
3278 4490 3638 4556 solidantem,

2061 4600 2259 4653 nempe
2292 4582 2554 4654 Spiritum
2586 4601 2600 4648 ;
2633 4583 2852 4637 ﬁrmare
2886 4584 3030 4636 enim
3061 4582 3200 4636 dixit
3240 4598 3341 4652 pro
3394 4584 3637 4637 sanctiﬁ-

2063 4691 2225 4738 care,
2258 4684 2313 4730 et
2352 4675 2649 4745 complere.
2696 4675 2765 4729 Ut
2803 4682 2984 4728 autem
3040 4674 3188 4729 scias
3238 4673 3501 4729 Davidem
3553 4676 3638 4730 dis

2062 4781 2221 4830 cere,
2264 4766 2437 4821 caelos
2478 4782 2586 4819 non
2630 4766 2732 4819 hoc
2768 4766 2971 4830 verbo,
3013 4767 3156 4835 quod
3207 4767 3261 4820 in
3312 4769 3638 4832 pronuntia-

2060 4858 2213 4912 tione
2243 4858 2532 4922 consistit,
2564 4858 2812 4911 ﬁrmatos
2845 4873 2969 4911 esse
2991 4898 3005 4921 ,
3046 4857 3140 4911 sed
3176 4874 3241 4911 eo
3272 4859 3417 4927 quod
3454 4861 3635 4928 reipsa

381 4947 538 4999 αὐτά·
560 4944 777 4998 πνεύσει
799 4942 859 4995 τὸ
877 4942 1100 5013 Πνεῦμα
1133 4941 1317 5008 αὐτοῦ,
1340 4941 1433 4994 καὶ
1459 4941 1715 5011 ρυἠσεται
1740 4939 1924 4993 ὕδατα.
1940 4960 1957 4991 ι

2066 4946 2353 5009 subsistit,
2386 4946 2528 5001 idem
2559 4947 2690 5000 alibi
2724 4947 2832 5010 ait,
2859 4966 2877 4998 ‹
2906 4947 3133 5001 Emittet
3164 4949 3397 5003 Verbum
3437 4966 3634 5015 suum,

380 5038 551 5106 Λόγος
595 5036 652 5088 δὲ
700 5034 1066 5096 ἀνυπόστατος
1110 5033 1210 5085 οὐκ
1254 5030 1657 5084 ἀποστέλλεται.
1704 5031 1813 5083 Καὶ
1856 5031 1964 5083 πά-

379 5131 464 5182 λιν
486 5146 499 5158 ο
540 5147 559 5180 t
602 5126 910 5181 ’Λπέστειλε
942 5126 1034 5178 τὸν
1072 5124 1241 5192 Λόγον
1271 5123 1455 5188 αὑτοῦ,
1511 5123 1605 5176 καὶ
1646 5122 1829 5175 ἰάσατο
1867 5124 1966 5176 αὑ-

381 5222 526 5284 τοὺς,
550 5221 643 5273 καὶ
664 5219 930 5291 ἐρρύσατο
951 5218 1147 5281 αὐτοὺς
1176 5217 1239 5269 ὲκ
1260 5216 1367 5268 τῶν
1389 5214 1690 5285 διαφθορῶν
1713 5215 1910 5268 αὐτῶν.
1940 5234 1957 5267 ι

492 5396 509 5426 ι
537 5394 683 5450 Psal.
720 5410 898 5455 xxx“,
936 5392 989 5448 6.
1093 5393 1114 5423 ¹
1146 5390 1295 5446 Psal.
1320 5403 1529 5453 chvu,
1558 5390 1647 5444 18.

457 5547 535 5618 (1)
573 5547 765 5604 Exstat
790 5547 894 5602 hoc
928 5545 1161 5618 Nysseni
1197 5561 1335 5615 opus
1357 5547 1407 5599 in
1439 5546 1649 5618 duobus
1672 5544 1949 5600 Vaticana:

385 5616 727 5673 bibliotheca:
765 5616 1046 5672 codicibus
1078 5617 1309 5686 signatis
1356 5634 1506 5669 num.
1556 5616 1652 5669 451
1689 5626 1742 5668 et
1796 5634 1945 5670 num.

383 5689 549 5753 1907,
611 5703 844 5758 quorum
912 5687 1119 5756 primus
1168 5687 1419 5758 ducentis
1478 5686 1693 5758 circiter
1744 5687 1950 5758 abhinc

388 5759 547 5812 annis
583 5755 820 5829 scriptus
862 5755 973 5829 est,
996 5764 1051 5809 et
1082 5772 1204 5829 cum
1247 5755 1419 5810 Sifani
1451 5756 1699 5810 versione
1743 5755 1795 5808 in
1835 5772 1953 5809 om-

387 5829 555 5886 nibus.
584 5827 709 5885 fere
742 5828 1072 5894 concordat;
1115 5827 1249 5882 alter
1290 5841 1415 5882 vero
1447 5834 1731 5882 sexcentos
1752 5834 1804 5881 et
1834 5842 1950 5881 am-

2065 5049 2119 5094 et
2150 5039 2465 5108 liquefaciet
2505 5057 2566 5094 ea
2594 5058 2609 5107 ;
2652 5042 2887 5109 spirabit
2914 5040 3157 5110 Spiritus
3191 5043 3312 5113 ejus
3332 5086 3348 5109 ,
3386 5052 3441 5099 et
3469 5044 3637 5101 ﬂuent

2063 5142 2220 5197 aquae
2245 5130 2290 5181 ³.
2319 5148 2337 5181 ι
2363 5128 2600 5183 Verbum
2631 5139 2814 5184 autem
2838 5170 2853 5194 ,
2885 5137 3031 5200 quod
3061 5133 3419 5188 subsistentia
3448 5146 3633 5200 caret,

2061 5234 2171 5291 non
2203 5221 2495 5274 emittitur.
2524 5221 2586 5274 Et
2615 5238 2829 5288 rursus,
2872 5241 2891 5273 ι
2918 5222 3063 5277 Misit
3094 5223 3328 5279 Verbum
3357 5243 3516 5281 suum
3540 5268 3554 5292 ,
3584 5238 3637 5283 et

2056 5549 2201 5631 plius
2238 5564 2412 5631 annos
2449 5551 2778 5631 antiquitate
2800 5563 3044 5631 superat.
3078 5553 3262 5631 Itaque
3290 5555 3484 5610 horum
3510 5560 3637 5627 qui-

2057 5620 2178 5672 dem
2214 5622 2449 5693 primum
2479 5621 2533 5673 in
2559 5622 2716 5675 Notis
2736 5620 2939 5677 nostris
2966 5620 3324 5680 recentiorem
3351 5620 3633 5693 vocamus;

2058 5690 2360 5766 secundum
2420 5694 2987 5766 verovetustiorem;
3042 5712 3166 5749 nam
3228 5697 3293 5749 ad
3348 5690 3637 5766 utriusque

2058 5758 2465 5883 Epdicisﬁdem,
2492 5761 2787 5817 editionem
2808 5766 3221 5836 versionemque
3242 5775 3486 5821 nostram
3505 5758 3637 5821 con-

2094 5843 2427 5883 mnavmms.

2094 5843 2427 5885 Innzmmus.
