4096 6354
459 347 567 406 195

1712 349 1770 405 S.
1810 347 2143 406 GREGORI!
2180 347 2473 405 NYSSENI

3620 354 3724 412 196

453 468 664 526 sanavit
696 482 817 533 eos,
838 475 895 524 et
921 467 1123 539 eripuit
1152 484 1248 524 eos
1279 469 1345 526 de
1371 472 1701 543 corruptelis
1730 487 1919 528 eorum
1944 471 2019 524 ³.»

2126 470 2237 524 Kal
2283 471 2478 525 πάλινι
2517 489 2534 522 ι
2577 469 2984 537 Ἐξαποστελεῖς
3040 470 3100 524 τὸ
3148 469 3377 542 Πνεῧμά
3432 486 3566 535 σου,
3627 469 3724 525 καὶ

452 563 521 616 Et
542 576 759 621 rursus.
787 579 805 611 ι
836 559 1066 616 Emittes
1087 560 1355 632 Spiritum
1388 572 1568 625 tuum,
1586 573 1640 618 et
1672 563 2027 622 creabuntur,

450 661 507 708 et
542 651 834 707 renovabis
867 650 1063 707 faciem
1117 663 1276 707 terrae
1302 652 1344 706 δ.
1390 673 1409 704 ι
1456 672 1472 705 ι
1509 652 1644 720 Quis
1676 652 1825 707 stetit
1854 652 1909 707 itt
1942 651 2033 705 ﬁr-

452 751 727 798 mamento
756 741 1006 808 Domini,
1036 752 1091 798 et
1117 744 1250 799 vidit
1275 742 1512 799 Verbum
1540 746 1661 814 ejus
1686 744 1748 799 ‘9
1771 764 1789 796 ι
1813 746 1884 797 At
1910 760 2031 799 νενι-

452 836 581 890 bum
607 835 849 891 hominis
876 851 985 890 non
1018 837 1284 891 cernitur.
1313 836 1480 892 Vides
1506 853 1534 891 a
1564 836 1768 893 Davide
1792 835 2030 891 Verbum

452 927 560 982 dici
587 966 602 992 ,
638 943 749 981 non
777 927 923 998 quod
958 926 1146 982 auditu
1171 968 1186 993 ,
1224 928 1323 984 sed
1360 929 1508 998 quod
1541 930 1663 983 visu
1703 928 2027 999 percipitur,

451 1017 748 1085 nimirum,
812 1019 959 1088 quod
1001 1019 1183 1088 reipsa
1223 1020 1512 1086 subsistit,
1578 1019 2029 1090 quandoquidem

449 1115 678 1170 verbum
717 1115 1033 1170 substantia
1068 1130 1298 1180 carens,
1338 1116 1518 1171 locum
1540 1155 1555 1179 ,
1590 1124 1650 1169 ιιι
1685 1130 1785 1186 par
1818 1123 1937 1181 est,
1975 1113 2029 1167 in

451 1204 562 1261 Deo
587 1208 781 1276 nequit
813 1208 1037 1262 habere.
1072 1205 1184 1262 Nos
1214 1207 1361 1262 enim
1398 1223 1653 1263 sermone
1682 1207 1751 1261 ad
1784 1216 2029 1260 mutuam

451 1296 912 1352 consuetudinem
938 1296 1168 1354 Creator
1194 1299 1489 1362 instruxit,
1523 1306 1576 1353 et
1610 1307 1664 1352 ut
1699 1313 1795 1368 per
1823 1312 2032 1352 sermo-

452 1403 575 1442 nem
601 1387 743 1442 alter
769 1388 999 1444 alterius
1034 1387 1270 1444 mentem
1308 1389 1765 1459 intelligeremus.
1806 1386 2034 1442 Confert

451 1488 636 1535 autem
672 1481 832 1538 nobis
864 1484 1095 1551 spiritus
1128 1482 1196 1536 ad
1229 1481 1483 1552 corporis
1512 1496 1730 1551 quoque
1762 1479 2033 1534 constitu-

450 1570 656 1624 tionem
679 1570 1118 1626 conservandam
1136 1612 1152 1638 ,
1175 1572 1307 1625 dum
1336 1587 1529 1641 nempe
1551 1570 1847 1625 attrahitur
1870 1578 2034 1638 atque

450 1660 726 1726 hauritur,
768 1662 1026 1733 idemque
1066 1665 1374 1734 respiratur
1405 1679 1471 1719 ac
1511 1663 1796 1729 redditur;
1839 1677 2027 1716 verum

448 1754 519 1810 de
552 1755 697 1819 Deo,
732 1756 826 1826 qui
857 1757 1010 1811 solus
1040 1757 1405 1827 incorporeus
1435 1767 1554 1822 est,
1590 1773 1699 1812 non
1733 1771 2029 1826 possumus

451 1848 763 1916 hujusmodi
783 1848 1060 1918 quidpiam
1086 1848 1320 1918 opinari.
1344 1868 1362 1901 ι
1388 1850 1574 1905 Annos
1600 1847 1834 1919 perﬁcis,
1860 1847 2022 1914 Deus,
2056 1830 2099 1884 Β

456 1937 665 1991 virtute
710 1947 827 1991 tua.
871 1938 1129 1992 Christus
1184 1947 1368 1995 autem
1420 1938 1515 1994 Dei
1576 1941 1780 2003 virtus,
1823 1943 2028 2015 Deique

450 2031 721 2097 sapientia
746 2039 830 2086 est
855 2032 896 2085 ⁸.
925 2050 943 2083 ι
964 2029 1040 2084 Ex
1066 2047 1302 2102 persona
1329 2031 1653 2103 Sapientiae,
1684 2035 1735 2090 id
1760 2045 1846 2093 est
1867 2035 2025 2093 Filii:

454 2137 474 2170 ι
501 2118 638 2174 Cum
677 2129 895 2190 pararet
936 2121 1138 2176 cmlum
1160 2160 1177 2185 ,
1213 2122 1433 2177 aderam
1470 2124 1550 2178 illi
1578 2142 1594 2180 :
1625 2134 1680 2179 et
1708 2140 1809 2197 ego
1840 2142 2025 2192 erant,

448 2226 556 2281 qua
579 2212 996 2268 delectabatur:
1026 2213 1275 2283 quotidie
1296 2215 1612 2269 oblectabar
1640 2216 1779 2273 facie
1800 2219 1923 2289 ejus
1946 2220 1986 2273 ⁹.
2002 2240 2021 2271 ι

520 2301 812 2368 Quomodo
842 2304 956 2359 haec
989 2316 1138 2360 stare
1169 2316 1462 2375 poterunt,
1492 2308 1538 2362 si
1573 2323 1682 2362 non
1715 2309 2026 2366 subsistens

448 2405 639 2446 revera
674 2390 847 2448 facies
879 2394 1043 2447 erat?
1079 2409 1259 2464 neque
1291 2395 1438 2450 enim
1471 2396 1615 2453 alius
1647 2413 1771 2454 esse
1802 2408 2023 2471 potest,

449 2498 576 2538 cum
630 2499 740 2554 quo
779 2485 1054 2540 collocuta
1106 2486 1518 2554 fuerit:¢Quis
1570 2491 1716 2545 enim
1767 2495 2028 2562 cegnovit

450 2582 685 2628 mentem
718 2573 1065 2642 Domini,aut
1089 2576 1216 2646 quis
1244 2579 1598 2636 consiliarius
1628 2581 1750 2651 ejus
1785 2581 1888 2637 fuit
1917 2584 1978 2638 °?
2003 2604 2022 2636 ι

452 2664 557 2720 Sed
587 2667 724 2722 satis
759 2666 862 2721 fuit
902 2668 950 2723 ei
994 2669 1112 2724 sola
1147 2670 1402 2726 voluntas
1436 2670 1505 2726 ad
1560 2674 1809 2729 omnium
1842 2691 2025 2730 rerum

451 2760 807 2815 creationem.
848 2758 940 2814 Ait
975 2761 1122 2816 enim
1156 2759 1444 2832 Scriptura
1468 2803 1483 2827 ,
1510 2782 1529 2815 ι
1560 2763 1624 2818 Ει
1653 2762 1897 2835 Spiritus
1923 2768 2028 2822 Do-

448 2851 584 2904 mini
614 2851 895 2907 ferebatur
923 2868 1090 2923 super
1114 2870 1289 2925 aquas
1313 2856 1355 2910 ⁸.
1384 2874 1402 2907 ι
1427 2855 1639 2923 Quibus
1672 2860 1856 2915 verbis
1891 2863 2024 2916 sub-

448 2943 753 2998 sistentiam
796 2944 1037 3016 Spiritus
1082 2949 1260 3003 sancti
1306 2949 1490 3003 omnia
1537 2949 1806 3017 foventis,
1854 2964 1908 3009 et
1957 2955 2024 3010 ad

449 3034 690 3092 futuram
734 3039 1147 3109 generationem
1196 3041 1563 3108 rivilicantis,
1612 3043 1899 3115 Scriptura
1951 3048 2026 3103 si-

448 3129 698 3201 gniﬁcat.
735 3129 868 3196 Qua:
919 3146 1042 3187 cum
1101 3132 1176 3187 ita
1218 3148 1279 3189 se
1318 3133 1592 3198 habeant,
1645 3138 1933 3207 perspicua
1972 3148 2027 3195 et
2054 3171 2096 3229 ϐ

447 3222 596 3276 clara
651 3228 737 3277 est
783 3221 1002 3277 Sancta:
1045 3220 1371 3285 Trinitatis,
1415 3222 1630 3289 Patris,
1672 3226 1932 3296 inquam,
1971 3238 2026 3284 et

447 3303 608 3373 Filii,
642 3316 698 3363 et
733 3308 976 3379 Spiritus
1005 3311 1183 3365 sancti
1215 3311 1640 3369 demonstratio.
1673 3312 1888 3387 Quippe
1921 3318 2025 3371 hu-

443 3402 538 3473 jus
572 3410 777 3458 sanctae
816 3412 870 3456 et
910 3404 1398 3460 consubstantialis
1430 3404 1754 3469 Trinitatis,
1789 3410 2024 3479 seipsam

447 3495 800 3566 alloquentis,
831 3505 914 3551 est
942 3496 1107 3551 illud:
1135 3516 1154 3548 ι
1179 3495 1470 3554 Faciamus
1497 3500 1773 3556 hominem
1804 3502 1872 3557 ad
1901 3503 2028 3556 ima-

445 3587 627 3657 ginem
665 3597 908 3642 nostram
943 3596 999 3642 et
1030 3589 1095 3642 ad
1135 3589 1576 3646 similitudinem.
1614 3593 1678 3646 Et
1716 3592 1847 3648 fecit
1882 3593 2026 3651 Deus

448 3677 725 3732 hominem
745 3719 760 3744 ,
790 3677 856 3731 ad
891 3678 1183 3750 imaginem
1215 3678 1311 3735 Dei
1344 3680 1473 3736 fecit
1496 3698 1620 3736 eum
1655 3684 1720 3738 ιο.
1744 3703 1762 3736 ι
1782 3683 2025 3740 Formati

445 3770 594 3825 enim
625 3785 851 3836 smnus,
880 3779 1044 3841 prout
1071 3772 1433 3843 intelligentia
1471 3776 1675 3846 percipi
1709 3784 1922 3847 potest,
1957 3779 2026 3834 ad

447 3860 742 3932 imaginem
778 3860 1079 3932 Unigeniti.
1135 3861 1203 3916 Et
1237 3878 1472 3920 rursus:
1499 3884 1517 3915 ι
1546 3864 1684 3920 Ecce
1723 3866 1894 3921 Adam
1943 3868 2026 3922 fa-

446 3962 572 4009 ctus
610 3964 696 4009 est
739 3961 999 4024 tanquam
1031 3970 1175 4010 unus
1228 3972 1294 4011 ex
1331 3956 1489 4011 nobis
1530 3959 1569 3989 “
1624 3977 1641 4010 ι
1669 3956 1810 4013 Deus
1841 3969 2021 4014 autem

445 4045 633 4099 omnia
666 4060 764 4116 per
794 4044 1029 4100 Verbum
1059 4061 1299 4104 creasse.
1329 4063 1393 4102 ex
1420 4062 1486 4102 eo
1516 4048 1871 4104 manifestum
1903 4060 2022 4113 est,

445 4136 590 4205 quod
625 4136 963 4207 singularum
993 4153 1175 4192 rerum
1204 4138 1577 4195 creationibtts
1608 4142 1907 4211 ascriptum
1940 4151 2026 4198 est

446 4227 581 4282 illud
609 4247 622 4283 :
656 4246 674 4279 ι
701 4226 765 4282 Ει
792 4227 932 4282 dixit
961 4227 1137 4293 Deus,
1171 4227 1323 4297 Fiat;
1352 4246 1488 4299 DQUO
1520 4231 1774 4299 loquendi
1802 4246 2022 4302 genere,

445 4336 567 4375 eam
594 4336 716 4391 quae
744 4335 842 4388 per
877 4318 1113 4376 Verbum
1146 4319 1289 4376 facta
1315 4331 1396 4377 est
1418 4361 1432 4385 ,
1462 4322 1796 4377 creationem
1831 4322 2022 4395 Scrip-

447 4422 569 4466 tura
598 4411 917 4480 signiﬁcat;
952 4412 1057 4467 nisi
1093 4413 1239 4467 enim
1275 4412 1381 4466 hoc
1421 4421 1600 4478 esset,
1651 4415 1786 4470 satis
1826 4414 2024 4471 fuisset

2131 563 2531 635 κτισθήσονται.
2555 562 2648 616 καὶ
2672 563 3002 626 ἀνακαινιεῖς
3032 562 3091 615 τὸ
3108 560 3396 634 πρόσωπον
3417 562 3518 633 τῆς
3545 561 3669 632 γῆς.
3696 581 3716 614 ι

2142 656 2270 719 «Τίς
2306 655 2435 726 ἔστη
2464 656 2521 707 ἐν
2550 654 2989 724 ὑποστηρίγματι
3020 653 3096 722 (ἓ)
3128 652 3347 724 Κυρίου,
3370 655 3462 708 καὶ
3499 649 3605 708 εἶδε
3633 654 3723 708 τὸν

2130 732 2304 814 Κόγον
2355 745 2554 813 αὑτοῦ;
2589 765 2607 798 ι
2643 733 2812 814 Λόγος
2864 745 2924 798 δὲ
2978 744 3262 816 ἀνθρώπου
3319 747 3382 800 οὑ
3411 747 3719 816 θεωρεῖται.

2143 840 2325 911 Ὁρᾷς,
2365 840 2446 893 ὅτι
2489 840 2591 893 οὑκ
2617 837 2880 893 ἀκουστὸν
2902 879 2916 904 ,
2960 837 3073 891 ἀλλ’
3102 838 3294 910 ὁρατὸν
3340 839 3510 907 Λόγον
3547 838 3717 906 λέγει,

2129 931 2286 1002 δῆλον
2328 931 2420 984 τὸν
2456 931 2838 995 ὲνυπόστατον,
2870 930 3028 984 ὁπότε
3062 930 3205 984 κατὰ
3240 931 3331 983 τὸν
3360 932 3543 984 εἰκότα
3570 930 3720 999 λογι-

2133 1022 2291 1093 σμὸν,
2322 1021 2441 1075 οὑδὲ
2470 1021 2650 1093 χώραν
2689 1022 2799 1092 ἔχει
2836 1022 2929 1075 ἐπὶ
2969 1021 3103 1076 Θεοῦ
3129 1020 3191 1075 τὸ
3222 1022 3315 1076 τοῦ
3347 1023 3716 1077 ἀνυποστάτου

2130 1113 2311 1182 λόγου.
2355 1113 2531 1184 Ἠμᾶς
2571 1113 2679 1186 γὰρ
2730 1114 3037 1183 ἐκόσμησεν
3088 1114 3117 1165 6
3171 1114 3508 1185 Δημιουργὸς
3551 1114 3714 1186 λόγῳ,

2131 1204 2219 1258 διὰ
2246 1205 2343 1269 τὰς
2375 1205 2512 1276 πρὸς
2544 1203 2804 1276 ἀλλήλους
2837 1204 3144 1269 συνουσίας,
3186 1207 3278 1259 καὶ
3326 1206 3385 1259 τὸ
3429 1205 3717 1274 γινώσκειν

2131 1297 2278 1366 ήμᾶς
2320 1294 2388 1349 τὰ
2428 1295 2671 1366 ἀλλήλων
2719 1294 2808 1348 διὰ
2854 1294 2947 1349 τοῦ
2992 1295 3174 1365 λόγου.
3218 1296 3468 1350 Συντελεῖ
3497 1297 3553 1349 δὲ
3585 1298 3714 1367 ἡμῖν

2132 1388 2226 1440 καὶ
2258 1386 2318 1439 τὸ
2347 1385 2566 1456 πνεῦμα
2595 1384 2731 1456 πρὸς
2767 1384 2866 1457 τὴν
2907 1384 2999 1438 τοῦ
3045 1384 3294 1457 σώματος
3324 1386 3598 1450 σύστασιν,
3625 1386 3715 1441 διὰ

2131 1477 2191 1531 τὸ
2234 1476 2572 1549 προσίεσθαι,
2612 1476 2707 1530 καὶ
2749 1476 2910 1530 πάλιν
2952 1476 3286 1531 ἀπωθεῖσθαι
3329 1477 3488 1530 αὑτό·
3522 1478 3614 1531 ἐπὶ
3656 1477 3714 1532 δὲ

2131 1569 2287 1635 Θεοῦ,
2313 1567 2406 1622 τοῦ
2434 1569 2527 1621 καὶ
2555 1567 2716 1640 μόνου
2745 1568 3058 1638 ἀσωμάτου,
3087 1569 3147 1623 οὑ
3172 1569 3392 1623 δυνατὸν
3422 1569 3713 1624 ὑπολαϐεῖν

2130 1661 2325 1715 ταῦτα.
2353 1680 2370 1713 ι
2399 1662 2535 1731 Ἔτη
2558 1660 2748 1724 τελεῖς,
2770 1661 2798 1712 6
2821 1659 2971 1725 Θεὸς,
2998 1664 3065 1731 τῇ
3095 1652 3317 1733 δυνάμεὶ
3344 1679 3458 1715 σου.
3480 1660 3715 1733 Χριστὸς

2131 1753 2186 1807 δὲ
2219 1753 2359 1807 Θεοῦ
2407 1753 2655 1824 δύναμις,
2705 1754 2798 1807 καὶ
2840 1753 2974 1807 Θεοῦ
3019 1753 3196 1822 σοφία.
3237 1772 3255 1804 ι
3293 1754 3387 1807 Ἐκ
3420 1752 3713 1826 προσώπου

2126 1846 2224 1914 τῆς
2252 1844 2469 1917 Sozam,
2507 1844 2750 1898 τουτέστι
2775 1844 2868 1898 τοῦ
2900 1844 3051 1911 Υίοῦ,
3072 1865 3091 1896 ι
3114 1845 3305 1899 Ἢνίκα
3331 1845 3591 1917 ἡτοίμαζε
3620 1845 3716 1898 τὸν

2125 1936 2385 2006 οὐρανὸν,
2444 1938 2819 2009 συμπαρήμην
2875 1937 3024 2010 αὑτῷ
3054 1954 3068 1968 ·
3126 1943 3221 1992 καὶ
3274 1938 3384 2009 ἐγὼ
3437 1941 3618 2012 ήμην,
3677 1931 3716 2013 ᾖ

2126 2028 2311 2099 ἔχαιρε
2342 2027 2418 2100 (5)
2442 2046 2456 2060 ’
2484 2029 2607 2083 καθ’
2652 2030 2866 2102 ἡμέραν
2912 2031 3293 2104 ηὐφραινόμην
3324 2030 3402 2102 τῷ
3434 2030 3715 2104 προσώπῳ

2127 2115 2311 2171 αὑτοῦ.
2341 2137 2360 2170 ι

2195 2301 2361 2356 Ποίαν
2382 2319 2475 2357 ουν
2497 2321 2609 2374 εχει
2634 2321 2817 2374 χωραν
2842 2321 3037 2370 ταυτα,
3068 2322 3117 2358 ει
3152 2321 3227 2376 μη
3255 2322 3324 2375 ην
3349 2305 3713 2359 ὲνυπόστατον

2125 2395 2455 2464 πρόσωπον;
2492 2396 2566 2448 Οὐ
2599 2394 2709 2466 γάρ
2755 2396 2902 2448 ἐστιν
2932 2395 3119 2459 ἀλλος,
3157 2395 3288 2467 πρὸς
3321 2395 3380 2448 ὃν
3416 2395 3671 2467 διαλεχθῇ
3696 2412 3711 2426 ⁸

2130 2501 2151 2535 ι
2186 2484 2281 2548 Τίς
2320 2484 2428 2556 γὰρ
2460 2485 2602 2553 ἔγνω
2627 2484 2752 2538 νοῦν
2781 2486 3007 2557 Κυρίου,
3039 2486 3073 2558 ἢ
3104 2485 3187 2549 τίς
3218 2485 3516 2556 σὺμὸουλος
3544 2485 3711 2539 αὑτοῦ

2125 2576 2374 2645 ὲγένετο;
2406 2596 2423 2627 ι
2463 2577 2600 2629 Ἀλλ’
2625 2577 2859 2648 ἤρκεσεν
2888 2575 3038 2648 αὑτῷ
3067 2578 3201 2648 μόνη
3227 2576 3476 2647 βούλησις
3502 2577 3581 2638 εἰς
3608 2579 3710 2643 τὴν

2124 2668 2234 2721 τῶν
2258 2668 2473 2722 πάντων
2488 2667 2865 2739 δημιουργίαν.
2891 2666 3116 2738 Εἴρηται
3136 2669 3243 2738 γάρ
3260 2684 3273 2698 ·
3302 2688 3320 2719 ι
3349 2668 3458 2721 Kal
3484 2663 3713 2735 Πνεῦμα

2125 2758 2261 2813 Θεοῦ
2291 2760 2586 2831 ἐπεφέρετο
2600 2757 2796 2814 ’ἐπάνω
2814 2758 2922 2812 τῶν
2945 2760 3172 2814 ὑδάτων.
3205 2778 3222 2811 ι
3251 2759 3323 2812 Τὸ
3344 2758 3711 2813 ὲνυπόστατον

2123 2853 2217 2905 τοῦ
2246 2852 2401 2920 ἁγίου
2444 2852 2758 2923 Πνεὺματος
2783 2852 3190 2914 θάλποντοςηκαὶ
3219 2850 3605 2922 ζωογονοῦντος
3627 2851 3711 2911 είς

2125 2944 2222 3016 τὴν
2253 2945 2552 3031 μέλλουσαν
2572 2944 2736 3017 γονὴν
2759 2944 2828 2998 τὰ
2848 2944 3046 3011 πάντα,
3066 2944 3166 3015 τῆς
3180 2942 3404 3016 Γραφῆς
3418 2941 3704 3015 δηλοὺσης.

2126 3031 2224 3090 Ὧν
2252 3037 2422 3100 οὑτως
2451 3037 2704 3109 ἐχόντων,
2735 3036 2908 3108 σαφὴς
2940 3039 2972 3108 ή
2997 3037 3095 3107 τῆς
3122 3036 3283 3106 ἁγίας
3311 3036 3557 3108 Τριάδος,
3589 3035 3707 3088 Πα-

2126 3128 2275 3200 τρὸς,
2294 3129 2459 3200 φημὶ,
2485 3130 2579 3183 καὶ
2606 3129 2756 3195 Υίοῦ,
2779 3129 2874 3183 καί
2893 3128 3046 3196 ἁγίου
3074 3130 3387 3200 Πνεὺματος
3413 3124 3703 3191 ἀπόδειξις.

2127 3219 2275 3291 Αὕτη
2303 3220 2433 3288 γοῦν
2470 3221 2607 3292 πρὸς
2638 3220 2837 3292 ἑαυτὴν
2865 3223 2899 3291 ἡ
2938 3221 3071 3290 ἁγία
3098 3220 3192 3274 καὶ
3222 3220 3505 3292 όμοούσιος
3535 3219 3707 3291 Τριάς

2126 3311 2211 3375 τὸ,
2242 3331 2261 3362 ι
2296 3312 2617 3382 Ποιήσωμεν
2645 3311 2929 3383 ἄνθρωπον
2966 3313 3279 3366 κατέίκόνα
3308 3312 3579 3384 ἡμετέραν
3611 3310 3707 3365 καὶ

2127 3402 2249 3457 καθ’
2277 3403 2551 3474 ὁμοίωσιν.
2588 3403 2695 3457 Kal
2726 3404 2981 3476 ἐποίησεν
3014 3407 3042 3457 6
3085 3405 3215 3469 Θεὸς
3252 3404 3344 3458 τὸν
3381 3403 3666 3476 ἄνθρωπον
3687 3419 3701 3434 °

2127 3495 2245 3547 κατ’
2289 3494 2471 3548 εἰκόνα
2517 3494 2652 3548 Θεοῦ
2696 3495 2949 3566 ἐποίησεν
2994 3494 3176 3551 αὑτόν.
3216 3514 3234 3547 ι
3279 3495 3705 3568 Μεμορφὼμεθα

2125 3582 2234 3654 γάρ
2267 3584 2474 3655 νοητῶς
2514 3584 2650 3657 πρὸς
2691 3584 2789 3656 τὴν
2831 3586 3012 3640 εἰκόνα
3050 3585 3146 3640 τοῦ
3189 3586 3538 3656 Μονογενοῦς.
3587 3590 3696 3642 Kal

2127 3673 2290 3727 πάλιν
2308 3692 2323 3706 ο
2354 3693 2371 3723 ι
2418 3674 2546 3728 Ἰδοὺ
2593 3675 2764 3747 Ἀδὰμ
2790 3677 3009 3745 γέγονεν
3029 3677 3105 3741 ὡς
3131 3673 3211 3742 εἷς
3238 3679 3296 3742 ἐξ
3324 3680 3499 3749 ἡμῶν.
3527 3697 3544 3728 ι
3580 3680 3702 3733 Ὅτι

2125 3766 2295 3820 δὲδιά
2338 3766 2429 3819 τοῦ
2455 3768 2628 3835 Λόγου
2677 3767 2747 3821 τὰ
2777 3769 2956 3823 πάντα
3000 3769 3427 3842 ἐδημιούργησεν
3471 3773 3499 3824 6
3536 3770 3699 3838 Θεὸς,

2128 3859 2295 3929 σαφὲς
2347 3857 2439 3930 ἀφ’
2496 3854 2570 3913 ὧν
2622 3861 2714 3914 ἐπὶ
2767 3862 2998 3914 ἑκάστου
3043 3862 3151 3915 τῶν
3204 3862 3699 3935 δημιουργημόιτων

2125 3952 2432 4023 γέγραπται
2467 3951 2546 4012 τὸ,
2584 3970 2604 4003 ι
2645 3953 2753 4005 Kal
2782 3951 2932 4006 εἷπεν
2956 3955 2985 4007 6
3009 3953 3172 4017 Θεός·
3206 3954 3511 4026 Γενηθήτω,
3551 3976 3569 4008 ι
3596 3956 3698 4027 τῆς

2125 4042 2349 4114 Γραφῆς
2370 4043 2737 4115 σημαινούσης
2762 4044 2860 4115 τὴν
2885 4044 2974 4097 διὰ
2996 4045 3088 4098 τοῦ
3110 4045 3280 4114 Λόγου
3314 4047 3693 4118 δημιουργίανο

2124 4137 2172 4188 εί
2201 4136 2309 4204 γὰρ
2344 4135 2417 4207 μὴ
2445 4135 2602 4189 τοῦτο
2642 4131 2730 4207 ἦν,
2773 4136 2932 4208 ἤρκει
2970 4137 3145 4189 εἰπεῖν
3172 4153 3185 4167 ο
3228 4136 3339 4189 Kal
3371 4138 3623 4208 ἐποίησεν
3666 4139 3695 4191 6

2122 4226 2256 4291 Θεὸς
2293 4228 2538 4301 οὐρανὸν,
2581 4229 2675 4281 καὶ
2716 4227 2840 4297 γῆν,
2887 4229 2981 4281 καὶ
3026 4228 3095 4282 τὰ
3132 4228 3323 4284 λοιπά’
3360 4231 3454 4285 καὶ
3500 4231 3692 4285 «zam-

2124 4319 2532 4391 Προστάξαντος
2570 4320 2666 4374 τοῦ
2704 4320 2838 4374 Θεοῦ
2879 4321 3110 4394 ἐγενήθη
3142 4322 3204 4376 τὸ
3245 4325 3560 4396 στερέωμα·
3603 4327 3697 4380 καὶ

2123 4410 2306 4474 πάλιν,
2359 4409 2685 4483 Διεχώρισεν
2729 4413 2758 4464 6
2808 4411 2958 4475 Θεός.
2994 4413 3103 4466 Kal
3133 4414 3263 4467 ὃταν
3314 4415 3553 4489 ἀκούσῃς
3602 4416 3694 4482 τὸ,

446 4503 633 4558 dicere
652 4545 666 4568 ,
697 4501 922 4587 Etnl‘ecit
956 4502 1100 4561 Deus
1127 4504 1326 4558 caelum
1355 4514 1408 4561 et
1433 4513 1659 4574 terram,
1686 4516 1741 4561 et
1770 4507 2018 4579 reliqua;

2129 4521 2148 4553 ι
2180 4501 2348 4557 Εἶπεν
2373 4505 2401 4557 6
2430 4503 2583 4568 Θεὸς,
2621 4523 2640 4554 ι
2673 4503 2833 4566 εὑθὺς
2863 4506 2928 4575 τῇ
2965 4504 3142 4577 ἐννοίᾳ
3172 4505 3370 4574 σύναγε
3409 4507 3499 4560 τὸν
3531 4508 3695 4561 ἀκού-

444 4604 499 4649 et
538 4609 767 4656 rursus,
803 4591 971 4650 Jussu
1007 4593 1098 4650 Dei
1138 4594 1339 4650 factum
1369 4604 1454 4653 est
1485 4596 1931 4668 ﬁrmamentum;
1965 4609 2020 4656 et

2126 4610 2296 4647 σαντα
2319 4594 2413 4647 τοῦ
2435 4594 2697 4658 εἰπόντος·
2724 4612 2744 4645 ι
2770 4594 2877 4646 Kal
2901 4590 3053 4648 εἶπεν
3075 4597 3103 4649 6
3127 4595 3276 4661 Θεόςο
3312 4597 3696 4670 Γενηθήτωσαν

445 4701 677 4748 rursus,
706 4683 904 4741 Divisit
938 4685 1103 4743 Deus.
1133 4686 1402 4744 Praeterea
1435 4705 1559 4745 cum
1591 4690 1866 4757 audieris,
1890 4713 1910 4746 ‹
1934 4692 2021 4748 Di-

444 4780 525 4834 xit
567 4777 991 4844 Deus,tstatim
1031 4779 1218 4835 animo
1253 4781 1417 4836 simul
1455 4784 1684 4854 concipe
1723 4802 1881 4851 eum,
1922 4789 2017 4858 qui

442 4867 794 4923 obaudiverit
830 4868 1035 4924 dicenti
1062 4889 1076 4921 :
1101 4886 1119 4919 ι
1146 4868 1213 4923 Ει
1251 4869 1391 4925 dixit
1432 4870 1610 4935 Deus,
1653 4871 1813 4928 Fiant
1854 4874 2019 4930 lumi-

444 4960 620 5012 naria.
659 4956 722 5013 Et
760 4956 889 5013 fecit
938 4958 1082 5014 Deus
1118 4958 1410 5014 luminaria
1435 4963 1500 5014 ¹¹.
1532 4981 1551 5014 ι
1582 4962 1718 5030 Quis
1752 4966 1926 5030 dixit,
1963 4978 2020 5022 et

439 5051 567 5119 quis
600 5049 750 5105 dicto
777 5048 1042 5107 obediens
1076 5050 1224 5106 fuit?
1263 5052 1406 5118 Qttiu
1443 5061 1499 5108 et
1532 5053 1586 5108 in
1624 5056 1878 5124 pluribus
1909 5055 2016 5112 Ve-

441 5143 575 5199 teris
610 5140 948 5200 Testamenti
982 5144 1120 5199 locis
1149 5145 1493 5201 subobscure
1526 5146 1823 5204 indicatam
1858 5165 2016 5220 repe-

515 5294 536 5326 ³
575 5291 724 5347 Psal.
753 5307 862 5370 c_\'_t,
892 5292 982 5370 29.
1060 5294 1084 5326 ⁸
1120 5290 1266 5370 Psal;
1289 5293 1523 5370 ξιιμ-ἕρ.
1598 5293 1621 5326 ⁸
1647 5292 1846 5370 leuem.
1885 5313 2023 5353 χχιιι

2126 5300 2167 5363 3,
2204 5300 2358 5370 juxta
2392 5299 2555 5355 LXX.

2126 4691 2429 4761 φωστῆρες.
2465 4689 2576 4743 Kal
2622 4688 2876 4761 ἐποίησεν
2908 4692 2937 4744 6
2984 4690 3114 4754 Θεὸς
3154 4695 3280 4757 τοὺς
3317 4693 3628 4765 φωστῆρας,
3668 4714 3688 4747 ι

2125 4782 2221 4847 Τίς
2258 4778 2413 4848 εἷπε,
2440 4781 2534 4836 καὶ
2576 4782 2659 4845 τίς
2699 4782 2933 4852 ηκουσε;
2980 4780 3084 4835 Kal
3125 4784 3218 4836 ἐπὶ
3263 4784 3469 4839 πλείοσι
3510 4787 3693 4851 τόποις

2123 4874 2224 4944 τῆς
2254 4874 2494 4938 Παλαιᾶς
2517 4874 2663 4927 ἔστιν
2683 4874 2884 4944 εὑρεῖν,
2910 4876 3092 4945 ἡρέμα
3122 4875 3571 4948 ὑποδεικνυμένης
3594 4880 3692 4947 τῆς

2123 4966 2282 5036 ἁγίας
2300 4967 2524 5039 Τριάδος
2548 4967 2646 5031 τὴν
2663 4967 2961 5021 ὑπόστασιν
2987 4969 3079 5021 καὶ
3100 4969 3158 5021 τὸ
3178 4968 3457 5039 όμοοὺσιον
3483 4969 3652 5036 αὑτῆς
3672 4986 3686 4999 ·

2119 5052 2229 5111 οἷον
2266 5058 2342 5122 ὼς
2380 5059 2473 5111 ἐπὶ
2503 5058 2598 5112 τοῦ
2650 5058 2932 5132 Ἀϐραάμο
2972 5078 2991 5110 ι
3033 5060 3210 5130 "(lqu
3249 5080 3266 5111 ι
3310 5061 3452 5131 γὰρ,
3501 5063 3684 5133 φησὶν,

2125 5166 2145 5200 ι
2177 5147 2324 5220 αὑτῷ
2349 5150 2379 5203 6
2411 5148 2545 5214 Θεὸς
2573 5148 2710 5222 πρὸς
2735 5152 2801 5222 τῇ
2828 5148 2949 5221 δρυῒ
2975 5152 3041 5222 τῇ
3070 5149 3314 5224 Μαμσρῇ
3336 5190 3351 5215 ,
3382 5150 3687 5225 καθημένου

2657 5302 2679 5333 ⁸
2707 5302 2727 5356 1
2755 5301 2882 5357 Cor.
2927 5304 3078 5365 1,94.
3159 5307 3180 5337 ⁷
3225 5305 3386 5360 Prov.
3421 5321 3540 5370 vnt,
3596 5305 3686 5365 50.

438 5362 462 5396 '
501 5363 583 5418 lsa
637 5362 1077 5430 XL,15;RO"..
1115 5379 1203 5422 ιιι.
1239 5365 1329 5417 54.
1405 5366 1426 5396 ⁹
1465 5363 1603 5419 Gen.
1637 5380 1687 5428 ι,
1720 5365 1776 5421 2.
1855 5369 1898 5399 ⁸⁰
1939 5369 2027 5424 ibit

2126 5362 2338 5437 ί6ξ27.
2416 5372 2458 5404 ¹²
2494 5371 2632 5428 Gen.
2670 5388 2762 5440 ιιι,
2792 5373 2882 5427 22.
2956 5362 3005 5409 ⁷¹²
3041 5374 3175 5431 Gen.
3211 5391 3261 5442 ι,
3293 5375 3380 5432 14.

509 5519 588 5589 (2)
621 5519 1140 5600 'Izoo'tpplﬂtart.
1166 5520 1461 5600 ler.
1485 5522 1753 5600 x_x_m,_18,
1778 5525 2016 5600 ὑποστή-

440 5588 592 5661 ματι.
627 5588 802 5661 Quem
846 5593 900 5645 in
920 5588 1121 5661 dorum
1167 5592 1435 5646 Nobilium
1467 5592 1618 5647 adire
1640 5593 1865 5660 juverit.

507 5659 585 5730 (Β)
626 5658 872 5731 Bpmana
918 5659 1057 5714 LXX
1106 5661 1466 5731 lnterpretum
1515 5658 1683 5717 editio
1741 5679 1865 5717 cum
1906 5664 2008 5720 Ju-

437 5728 583 5785 stino
618 5728 871 5802 Martyris
911 5730 999 5802 ἱη⁸
1027 5728 1269 5799 ὒὶηίυῃό
1295 5749 1413 5786 tum
1470 5732 1746 5802 Trypltone
1788 5733 2005 5801 Judao,

437 5747 583 5785 srmo
636 5747 773 5785 mari
812 5747 871 5785 re
911 5747 964 5785 tn
1027 5747 1246 5799 vtatogo
1295 5749 1413 5786 tum
1470 5747 1746 5802 'l‘rypnone
1788 5747 2005 5801 ἀείσεο,

436 5813 558 5872 pag.
601 5800 728 5868 284,
777 5747 933 5875 legit,
1030 5801 1406 5875 πρόες-ἔχαιρεν,
1457 5813 1510 5859 ct
1551 5820 1695 5871 mox,
1738 5805 1795 5859 ἐν
1838 5823 2007 5879 προσ-

2120 5531 2254 5603 ώπῳ
2284 5533 2469 5609 αὑτοῦ.
2509 5534 2682 5609 Quam
2706 5536 2994 5609 lectionem
3045 5549 3354 5609 sequuntur
3383 5548 3547 5597 etiam
3575 5558 3689 5599 tre-

2119 5618 2270 5683 rigens
2290 5604 2554 5683 Adversus
2592 5606 2813 5683 haereses
2848 5608 2940 5683 li_b.
2962 5624 3060 5683 _tv,
3083 5604 3207 5683 cap.
3238 5611 3359 5683 ὅτι
3380 5613 3688 5683 Cyprianus

2118 5673 2211 5749 lib.
2250 5674 2548 5749 tt__Testim.
2586 5675 2835 5732 adversus
2860 5676 3016 5745 Jud.,
3050 5695 3099 5736 c.
3137 5673 3203 5749 ᾗ
3234 5691 3289 5738 et
3319 5673 3688 5741 Tertullianus

2116 5744 2235 5800 adv.
2284 5744 2682 5819 Hermogenem,
2731 5764 2854 5820 cap.
2895 5750 2980 5804 18.
