4096 6354
309 372 413 427 197

1336 356 1760 413 TESTIMONIA
1808 352 2185 409 ADVERSUS
2222 351 2533 408 JUD/EOS.

3462 356 3565 411 198

307 489 471 544 αὑτοῦ
503 488 596 541 ἐπὶ
627 485 724 555 τῆς
760 483 929 555 θύρας
958 481 1055 551 τῆς
1085 479 1289 550 σκηνῆς
1313 476 1477 530 αὑτοῦ
1514 475 1881 547 μεσημῦρίας.
1911 478 1937 537 Λ

2042 489 2102 527 es
2144 481 2350 527 sanctae
2391 471 2682 527 Trinitatis
2720 473 3140 528 subsistentiam
3168 473 3400 545 ejusque
3431 492 3562 531 con-

321 577 653 645 ’Λναὸλέψας
695 576 752 627 δὲ
786 576 896 636 τοῖς
923 570 1251 639 ὀφθαλμοῖς,
1290 564 1417 621 εἶδε·
1456 567 1548 619 xal
1595 567 1702 619 ίδοῦ
1742 567 1889 635 τρεῖς

308 666 498 736 ἄνδρες
525 662 985 732 παρειστήκεισαν
1016 657 1201 711 ὲπάνω
1230 656 1392 708 αὑτοῦ
1416 672 1428 685 ·
1456 654 1549 707 καὶ
1587 653 1694 705 ἰδοὺ
1722 668 1891 721 προσ-

310 760 545 828 ἔδραμεν
566 756 644 825 (4)
673 756 751 816 είς
782 752 1104 821 συνάντησιν
1141 748 1341 813 αὐτῶν,
1369 748 1460 799 καὶ
1487 744 1891 817 προσεκύνησεν

311 849 402 903 ἐπὶ
432 849 530 918 τὴν
562 847 690 914 γῆν.
721 845 829 897 Kal
869 838 1010 895 εἷπε·
1052 840 1247 910 Κύριε,
1276 841 1324 891 εἰ
1359 834 1514 909 εὗρον
1544 839 1703 909 χάριν
1735 838 1891 889 ἐναν-

311 938 423 989 τίον
466 953 560 989 σου
584 974 597 998 ,
644 933 717 1005 μὴ
753 932 1025 1003 παρέλθῃς
1074 930 1163 983 τὸν
1212 929 1375 982 παῖδά
1415 945 1528 981 σου.
1568 948 1585 979 ι
1630 928 1738 980 Kal
1773 926 1893 997 μεθ’

313 1027 474 1096 ἕτερα
496 1040 509 1054 °
541 1045 557 1075 ι
585 1020 717 1077 Εἷπε
744 1022 801 1073 δὲ
830 1020 965 1091 πρὸς
989 1019 1149 1072 αὐτόν
1166 1037 1178 1049 ·
1202 1018 1312 1070 Ποῦ
1337 1018 1518 1088 Σάρρα
1547 1017 1734 1085 ἠγυνή
1764 1032 1893 1077 sou;

326 1120 385 1171 '0
411 1120 463 1171 δὲ
492 1116 643 1169 εἶπεν
663 1134 675 1146 ·
721 1115 848 1166 Ἰδοὺ
870 1115 928 1165 ὲν
948 1116 1012 1183 τῇ
1040 1113 1231 1181 σκηνῇ.
1268 1106 1398 1162 Eis-:5
1423 1109 1478 1161 δέ
1499 1127 1511 1139 ·
1547 1108 1901 1179 Ἐπαναστρέ-

318 1224 433 1276 (ρων
460 1206 576 1275 ἥξω
610 1202 743 1273 πρὸς
779 1202 836 1254 σὲ
858 1241 872 1264 ,
908 1201 1049 1253 κατὰ
1072 1200 1161 1253 τὸν
1192 1199 1380 1269 καιρὸν
1404 1198 1592 1251 τοῦτον
1619 1200 1699 1261 είς
1730 1197 1897 1269 ὥρας,

318 1299 410 1353 καὶ
442 1298 548 1363 ἓξει
598 1297 712 1348 υἱὸν
756 1295 940 1365 Σάρρα
981 1296 1014 1362 ἡ
1051 1294 1185 1363 γυνή
1228 1309 1339 1344 σου.
1389 1310 1407 1341 ι
1456 1291 1583 1344 Ἰδοὺ
1628 1291 1695 1361 δὴ
1740 1291 1902 1359 φησὶν

319 1390 548 1460 ὀφθῆναι
586 1389 683 1458 μὲν
714 1387 861 1457 αὐτῷ
890 1386 981 1438 τὸν
1023 1385 1174 1447 Θεὸν,
1208 1380 1345 1437 εἷναί
1384 1401 1448 1451 γε
1490 1384 1595 1454 μὴν
1636 1386 1783 1453 τρεῖς
1809 1383 1904 1436 ἃν-

322 1486 453 1555 δρας
486 1484 609 1544 τοὺς
642 1480 1005 1552 ὲιυραμένους·
1042 1478 1278 1531 αὑτὸνδὲ
1310 1477 1469 1531 πάλιν
1499 1478 1595 1546 οὐχ
1627 1477 1701 1538 ώς
1729 1477 1905 1546 τρισὶν

325 1578 496 1630 εἰπεῖν
518 1593 529 1605 ·
564 1573 785 1645 Κύριοι,
819 1572 865 1622 εἰ
895 1570 1103 1639 εὕρηκα
1145 1568 1304 1639 χάριν
1337 1568 1575 1621 ἐναντίον
1607 1566 1779 1636 ὑμῶν,
1833 1566 1907 1637 μὴ

328 1665 631 1737 παρέλθητε
678 1664 769 1715 τὸν
818 1662 979 1715 παῖδα
1023 1658 1197 1729 ὑμῶν.
1257 1658 1459 1730 Κύριον
1503 1659 1559 1711 δὲ
1609 1656 1909 1728 μοναδικῶς

327 1760 452 1821 τοὺς
473 1760 619 1828 τρεῖς
642 1752 993 1824 ὀνομάζοντα,
1012 1754 1103 1805 καὶ
1123 1752 1197 1814 ὼς
1218 1751 1314 1803 ’ένα
1337 1750 1615 1820 καταίρειν
1632 1749 1904 1814 ἀξιοῦντα,

1991 562 2550 624 substantialitatem,
2605 562 3069 632 quemadmodum
3120 564 3175 617 in
3214 564 3568 630 Ahrahamo;

1994 669 2117 707 nam
2154 654 2362 723 inquit,
2391 672 2409 704 ‹
2434 654 2701 723 Apparuit
2737 654 2785 707 ei
2823 653 2966 708 Deus
2999 653 3068 707 ad
3100 670 3363 722 quercum
3399 656 3571 709 Mam-

1993 746 2121 808 bre,
2159 760 2283 798 cum
2320 746 2411 800 ille
2442 746 2658 799 sederet
2694 747 2748 799 in
2784 748 2929 799 ostio
2982 744 3321 799 tabernaculi
3373 748 3459 802 sui
3517 748 3570 800 in

1996 835 2244 890 meridie.
2273 835 2339 888 Et
2364 836 2666 904 respiciens
2689 838 2867 891 oculis
2895 843 3010 890 suis
3033 837 3167 890 vidit
3194 856 3208 903 ;
3233 846 3287 891 ct
3309 853 3439 893 ecce
3462 846 3574 893 tres

1997 925 2100 977 viri
2132 924 2390 979 astabant
2421 941 2587 995 super
2610 940 2733 979 eum
2763 943 2776 989 ;
2810 934 2863 978 et
2890 940 3019 980 ecce
3049 926 3327 995 procurrit
3355 926 3572 982 obviam

2012 1018 2122 1072 illis
2143 1058 2157 1082 ,
2190 1025 2244 1072 et
2275 1018 2523 1071 adoravit
2558 1033 2764 1087 pronus
2795 1019 2848 1071 in
2886 1028 3110 1071 terram.
3158 1018 3222 1073 Et
3255 1020 3391 1074 dixit
3419 1040 3431 1075 :
3470 1020 3577 1075 Do-

2004 1110 2181 1173 mine,
2212 1111 2257 1165 si
2289 1111 2468 1163 inveni
2495 1112 2729 1179 gratiam
2763 1120 2885 1163 :inte
2916 1119 2967 1164 te
2990 1150 3003 1172 ,
3034 1126 3103 1164 ne
3132 1121 3429 1180 praetereas
3461 1129 3580 1168 ser-

2006 1215 2128 1254 vum
2162 1210 2313 1254 tuum
2346 1200 2407 1252 ¹³.
2434 1222 2451 1251 ι
2477 1201 2537 1253 Et
2571 1210 2691 1269 post
2718 1201 2818 1253 alia
2840 1240 2853 1263 ,
2881 1220 2897 1250 ι
2927 1200 3074 1254 Dixit
3104 1210 3285 1256 autem
3316 1204 3382 1258 ad
3413 1221 3575 1259 eum:

2004 1291 2107 1347 Ubi
2137 1300 2222 1347 est
2257 1291 2391 1346 Sara
2424 1308 2558 1346 uxor
2590 1294 2726 1345 tua?
2773 1293 2865 1346 llle
2898 1302 3078 1347 autem
3115 1293 3254 1348 dixit
3290 1315 3301 1349 :
3342 1296 3479 1352 Ecce
3524 1298 3579 1352 in

2013 1388 2388 1440 tabernaculo.
2423 1385 2564 1439 Dixit
2595 1394 2775 1439 autem
2806 1406 2817 1439 ε
2851 1385 3151 1443 Revertens
3178 1390 3393 1443 veniam
3425 1391 3491 1444 ad
3532 1401 3583 1446 te

2008 1475 2063 1529 in
2112 1485 2357 1545 tempore
2410 1476 2511 1529 hoc
2548 1477 2600 1529 in
2649 1477 2833 1542 horas,
2860 1478 2916 1528 et
2970 1477 3188 1531 habebit
3234 1478 3400 1532 lilium
3448 1481 3582 1535 Sara

2009 1582 2148 1621 uxor
2176 1578 2265 1621 tua
2300 1569 2362 1621 η.
2390 1588 2407 1618 ρ
2434 1569 2509 1621 En
2540 1569 2726 1636 utique
2757 1568 2923 1622 refert
2956 1567 3236 1639 Scriptura
3268 1574 3586 1641 apparuisse

2016 1659 2236 1729 quidem
2277 1660 2589 1713 Abrahamo
2627 1660 2838 1726 Deum;
2887 1668 2941 1714 et
2980 1676 3113 1715 sane
3154 1671 3266 1717 tres
3309 1666 3587 1719 exstitisse

2014 1752 2167 1805 viros
2204 1751 2326 1803 illos
2349 1790 2362 1813 ,
2401 1766 2540 1820 quos
2566 1751 2891 1820 conspexit,
2921 1754 3101 1821 ipsum
3130 1769 3259 1807 vero
3288 1770 3395 1807 non
3428 1756 3586 1823 quasi

332 1820 522 1910 xalibr;
544 1842 622 1908 εἷς
642 1820 810 1914 φωνεῖ
831 1863 841 1873 ·
866 1844 1037 1907 "Hice.
1068 1844 1209 1914 Ὅρα
1225 1840 1316 1896 οῦν
1335 1844 1459 1905 τοὺς
1475 1843 1737 1910 ὀφθέντας
1762 1845 1907 1913 τρεῖς

2040 1844 2190 1897 ribus
2223 1842 2475 1897 dixisse:
2511 1842 2763 1907 Domini,
2811 1844 2857 1898 si
2896 1845 3077 1897 inveni
3128 1846 3357 1913 gratiam
3401 1862 3586 1903 coram

336 1939 434 2010 μὲν
475 1937 670 2000 ὄντας,
712 1946 808 1987 καὶ
858 1934 1171 2002 ὑφεστῶτας
1217 1933 1594 1996 ἰδιοσυστάτως
1642 1933 1904 1986 ἕκαστονο

332 2030 408 2102 τῷ
438 2047 501 2100 γε
551 2028 657 2099 μὴν
693 2028 788 2098 τῆς
826 2025 1112 2096 ὀμοουσίας
1151 2024 1294 2094 λόγῳ
1340 2024 1795 2094 συνειλημμένους
1834 2024 1912 2085 είς

333 2124 457 2183 ἕνα,
486 2122 577 2174 καί
596 2118 693 2181 τὰς
711 2117 968 2183 διαλέξεις
990 2117 1405 2187 ποιησαμένους,
1432 2116 1527 2179 Τίς
1547 2117 1601 2168 δὲ
1634 2117 1768 2187 πρὸς
1795 2114 1915 2167 τίνα

337 2214 538 2280 ἔλεγεν·
571 2230 588 2261 ι
617 2209 802 2271 Δεῦτε,
834 2208 1167 2270 καταϐάντες
1200 2207 1515 2277 συγχέωμεν
1539 2207 1637 2276 τὴν
1666 2207 1916 2275 γλῶσσαν

338 2300 545 2364 αὺτῶνς
579 2318 596 2350 ι
632 2300 703 2351 ’Ἠ
730 2298 884 2368 δῆλον
921 2296 1057 2368 πρὸς
1086 2297 1143 2349 ὃν
1173 2292 1346 2349 εἶπεν·
1376 2314 1392 2347 ι
1435 2297 1528 2349 Ἐκ
1556 2296 1791 2367 γαστρὸς
1814 2295 1920 2367 πρὸ

344 2393 617 2462 ἑωσφόρου
664 2389 929 2460 ὲγέννησά
964 2407 1019 2441 σε
1048 2406 1061 2421 ο
1096 2408 1113 2439 ι
1164 2388 1286 2452 καὶ,
1333 2407 1351 2439 ‹
1390 2374 1502 2459 ῘΙρὸ
1556 2389 1647 2441 τοῦ
1680 2387 1829 2455 ἡλίου
1862 2386 1923 2438 τὸ

343 2482 513 2551 ὄνομα
538 2480 700 2534 αὑτοῦ
733 2480 832 2549 (5),
863 2480 956 2532 καὶ
995 2480 1099 2548 πρὸ
1124 2480 1222 2548 τῆς
1260 2478 1510 2549 σελήνης’
1547 2498 1564 2530 ›
1602 2478 1696 2530 καὶ
1725 2478 1884 2531 πάλιν
1907 2493 1919 2507 ⁸

349 2593 369 2625 ι
401 2573 602 2641 Κύριος
627 2568 747 2625 εἷπε
781 2572 917 2642 πρός
952 2588 1019 2641 με
1039 2585 1052 2598 ·
1079 2572 1207 2633 Υἱός
1234 2588 1333 2641 μου
1360 2568 1410 2623 εί
1431 2571 1518 2630 σὺ,
1551 2570 1661 2637 ἐγὼ
1688 2571 1926 2640 σήμερον

347 2665 650 2734 γεγέννηκά
677 2680 756 2717 σε.
776 2664 1002 2732 Δί’τησαι
1030 2665 1159 2732 παρ’
1180 2662 1313 2732 ἐμοῦ
1336 2702 1349 2724 ,
1386 2662 1479 2715 καὶ
1502 2662 1656 2715 δώσω
1688 2679 1767 2714 σοι
1800 2661 1928 2730 ἔθνη

347 2756 446 2827 τὴν
485 2754 849 2824 κληρονομίαν
888 2771 1012 2816 σου,
1057 2753 1152 2806 καὶ
1200 2753 1296 2823 τὴν
1341 2752 1671 2821 κατάσχεσίν
1728 2769 1821 2803 σου
1861 2752 1930 2803 τὰ

352 2848 562 2917 πέρατα
612 2846 711 2916 τῆς
754 2847 873 2916 γῆς·
921 2865 938 2896 ι
976 2845 1068 2899 καὶ
1106 2844 1289 2906 πάλιν,
1330 2861 1347 2894 ι
1384 2843 1523 2911 Ἐγὼ
1558 2842 1750 2912 ἔσομαι
1786 2842 1933 2912 αὐτῴ

355 2943 433 3001 εἰς
456 2938 690 3008 Πατέρα,
724 2939 818 2990 καὶ
854 2938 1013 3000 αὐτὸς
1035 2937 1185 2989 ἔσται
1220 2953 1307 3006 μοι
1337 2937 1417 2998 είς
1440 2936 1565 2988 Υίόν
1592 2952 1606 3001 ;
1639 2955 1655 2984 ι
1688 2935 1752 2987 Τί
1776 2934 1831 2987 δὲ
1852 2935 1933 2998 τὸ,

362 3052 379 3084 ς
417 3030 644 3102 Ἐὗρεξε
683 3030 885 3102 Κύριος
916 3030 1025 3101 πῦρ
1052 3031 1146 3083 xal
1180 3030 1319 3082 θεῖον
1352 3027 1503 3099 παρὰ
1538 3027 1779 3097 Κυρίου;
1816 3046 1834 3077 ι
1873 3026 1936 3078 Τί

357 3123 412 3176 δὲ
441 3122 502 3175 τὸ
531 3124 595 3175 ὲκ
631 3122 922 3193 προσώπου
951 3119 1045 3172 τοῦ
1072 3120 1204 3173 Θεοῦ
1242 3120 1339 3189 (6),
1372 3138 1390 3169 ‹
1416 3120 1524 3172 Kal
1552 3120 1656 3180 πᾶς
1686 3121 1714 3171 ὀ
1737 3119 1940 3188 ἐκχέων

2017 1935 2173 1989 vobis
2194 1973 2208 1997 ,
2253 1949 2321 1987 ne
2354 1936 2691 2004 praetereatis
2723 1950 2954 2004 puerum
2987 1946 3227 1989 vestrum
3256 1954 3269 2001 ;
3316 1937 3411 1991 sed
3443 1945 3589 2001 tres,

2016 2032 2278 2095 tanquam
2337 2040 2480 2078 unus
2539 2034 2760 2089 essent,
2814 2027 3167 2089 nominasse,
3222 2037 3277 2081 et
3334 2037 3590 2098 tanquam

2016 2130 2186 2168 unum
2209 2154 2224 2178 ,
2282 2123 2338 2168 ut
2389 2114 2533 2185 apud
2575 2116 2752 2185 ipsum
2789 2117 3126 2172 diverterent
3163 2134 3415 2189 rogasse,
3449 2120 3594 2190 iique

2021 2215 2284 2275 tanquam
2322 2222 2465 2260 unus
2502 2208 2723 2272 dixere,
2758 2207 3007 2264 Veniam.
3040 2210 3208 2265 Vides
3240 2213 3406 2281 igitur
3436 2214 3593 2278 illos,

2021 2298 2115 2366 qui
2152 2308 2529 2367 apparuerunt
2562 2308 2674 2355 tres
2703 2302 2922 2371 quidem
2955 2303 3267 2371 exstitisse,
3308 2316 3361 2358 et
3405 2321 3594 2359 eorum

2026 2388 2275 2458 singulos
2306 2390 2358 2443 in
2388 2392 2605 2460 prepria
2643 2392 2923 2463 hypostasi
2958 2394 3310 2462 substitisse;
3344 2399 3439 2452 sed
3474 2413 3602 2451 con-

2026 2481 2506 2537 substantialitatis
2525 2484 2735 2538 ratione
2765 2485 2818 2539 in
2852 2501 3021 2539 unum
3053 2486 3224 2542 fuisse
3252 2497 3564 2544 contractos
3584 2530 3600 2553 ,

2030 2580 2085 2627 et
2131 2580 2392 2643 tanquam
2436 2591 2605 2629 unum
2652 2578 2954 2633 collocutos
2986 2577 3174 2634 fuisse.
3207 2578 3468 2647 Quisnam
3500 2598 3602 2636 au-

2029 2675 2169 2730 tem,
2222 2674 2276 2719 et
2323 2666 2387 2719 ad
2440 2682 2732 2736 quemnam
2775 2670 3024 2731 dicebat,
3062 2690 3080 2721 «
3111 2670 3331 2733 Venite,
3377 2673 3607 2728 descen-

2031 2754 2222 2810 dentes
2247 2756 2653 2813 conl‘undamus
2684 2760 2899 2829 linguas
2927 2776 3119 2814 eorum
3149 2762 3191 2793 ¹⁵
3215 2763 3238 2815 ?
3262 2781 3280 2813 ι
3302 2761 3439 2817 Νυιιι
3481 2781 3605 2818 eum

2041 2847 2339 2901 allocutum
2396 2849 2567 2905 fuisse
2616 2862 2862 2913 constat,
2922 2852 2988 2905 ad
3047 2868 3207 2921 quem
3272 2854 3611 2909 dixit:rEx

2037 2944 2193 2989 ulero
2228 2946 2353 2991 ante
2386 2938 2675 2993 luciferum
2724 2940 2886 3009 genui
2925 2950 2974 2995 te
3019 2942 3063 2972 ’⁸
3089 2958 3102 3007 ;
3129 2961 3147 2992 ι
3175 2950 3259 3007 et,
3303 2961 3321 2993 ι
3347 2944 3487 2999 Ante
3524 2962 3615 3000 so-

2040 3029 2143 3081 lem
2180 3044 2378 3083 nomen
2412 3030 2568 3098 ejus,
2626 3041 2679 3085 et
2730 3041 2855 3086 ante
2904 3033 3088 3086 lunam
3128 3035 3200 3100 ";
3238 3056 3254 3086 ι
3284 3045 3337 3090 et
3386 3053 3611 3102 rursus,

2050 3139 2069 3172 ‹
2098 3119 2363 3177 Dominus
2398 3124 2538 3176 dixit
2567 3123 2635 3177 ad
2670 3140 2795 3178 me:
2844 3122 3017 3180 Filius
3065 3142 3219 3181 meus
3267 3143 3328 3182 es
3377 3136 3470 3192 tu,
3514 3145 3616 3199 ego

359 3210 530 3285 αἷμα.
570 3216 691 3267 ἀντὶ
730 3213 821 3268 τοῦ
868 3214 1097 3283 αἵματος
1128 3211 1293 3265 αὐτοῦ
1340 3211 1729 3282 ἐκχυθήσεται,
1760 3212 1840 3264 ὅτι
1884 3213 1937 3263 ἐν

2045 3211 2206 3266 hodie
2237 3214 2396 3282 genui
2435 3222 2505 3269 te.
2542 3214 2765 3269 Postula
2801 3232 2829 3268 a
2867 3232 2987 3281 me,
3024 3226 3076 3271 et
3112 3180 3254 3272 dabo
3275 3180 3391 3274 tibi
3412 3180 3651 3291 gentis

362 3310 526 3362 εικόνι
570 3307 704 3360 Θεοῦ
749 3306 975 3376 ἐποίησα
1019 3305 1111 3357 τὸν
1153 3304 1468 3374 ἄνθρωπον;
1506 3322 1523 3355 ι
1586 3303 1748 3374 Ὁρᾷς
1786 3304 1869 3357 ὃτι
1916 3305 1944 3356 ὀ

363 3400 495 3461 Θεὸς
525 3398 595 3451 ἐν
624 3401 806 3451 εἰκόνι
827 3397 933 3450 τοῦ
965 3395 1112 3449 Θεοῦ
1148 3393 1364 3459 ἐποίησε
1396 3412 1411 3461 ;

2047 3304 2415 3361 Ιιςενεάὶῑδιθηι
2448 3316 2593 3361 tuam
2615 3350 2630 3375 ,
2657 3318 2709 3363 et
2734 3309 3139 3378 possessionem
3176 3322 3323 3365 tuam
3355 3314 3620 3368 terminos

2044 3404 2205 3450 terra:
2237 3398 2313 3457 ης
2341 3418 2359 3450 ι
2383 3408 2438 3453 et
2469 3414 2696 3462 rursus,
2736 3420 2754 3451 ‹
2798 3402 2909 3471 Ego
2952 3417 3046 3455 ero
3085 3403 3131 3456 ei
3185 3404 3237 3457 in
3265 3402 3515 3465 Patrem,
3565 3414 3622 3459 et

367 3488 486 3558 ipse
508 3490 614 3542 erit
645 3488 777 3541 mihi
807 3487 861 3539 in
888 3485 1086 3539 Filium
1118 3486 1201 3537 "?
1224 3504 1242 3535 ι
1264 3484 1404 3549 Quid
1436 3483 1563 3537 item
1592 3482 1724 3537 illud
1745 3525 1760 3550 ,
1786 3502 1803 3533 ι
1832 3483 2091 3539 Dominus
2124 3487 2261 3555 pluit
2294 3488 2471 3557 ignem
2538 3498 2592 3542 et
2628 3489 2860 3558 sulphur
2924 3506 2953 3543 a
3002 3490 3229 3545 Domino
3298 3493 3419 3545 ’°?n
3480 3492 3623 3559 Quid

370 3597 593 3637 veroex
627 3597 861 3652 persona
893 3581 986 3635 Dei
1016 3582 1179 3635 etiam
1234 3580 1407 3643 illud,
1470 3599 1488 3630 ι
1548 3580 1613 3633 Ει
1662 3581 1843 3633 omnis
1903 3583 1993 3649 qui
2058 3582 2315 3637 effuderit
2353 3586 2672 3653 sanguinem
2719 3585 2990 3648 hominis,
3044 3602 3142 3657 pro
3189 3584 3454 3658 sanguine
3504 3590 3626 3659 ejus

372 3672 705 3736 θσωιάειυτ,
735 3670 864 3740 quia
896 3671 951 3724 in
985 3669 1219 3740 imagine
1246 3667 1338 3722 Dei
1374 3669 1473 3722 feci
1508 3669 1781 3723 hominem
1814 3670 1940 3723 υἷ’»
1986 3670 2154 3727 Vides
2189 3672 2355 3728 Deum
2388 3675 2442 3727 in
2469 3676 2699 3746 imagine
2729 3675 2822 3729 Dei
2850 3676 3093 3731 fecisse?

444 3788 517 3840 Τὸ
547 3786 602 3839 δὲ
630 3786 688 3837 ὲν
830 3782 1022 3853 Ἐξόδῳ
1054 3781 1169 3844 πῶς
1207 3782 1452 3851 νοητέονο
1488 3803 1505 3833 1
1541 3782 1650 3835 Kal
1688 3782 1947 3853 ὀρθρίσας

370 3879 612 3947 Μωῦσῆς
640 3875 807 3947 ἁνέὸη
833 3876 908 3938 εἰς
944 3875 1001 3926 τὸ
1039 3874 1161 3943 ὅρος
1188 3874 1246 3925 τὸ
1272 3875 1421 3937 Σινᾶ,
1449 3874 1635 3927 καθότι
1668 3874 1951 3941 συνέταξεν

372 3972 520 4042 αὐτῷ
563 3971 785 4041 Κύριος.
837 3970 947 4021 Kal
992 3966 1149 4018 ἕλαὸε
1193 3967 1431 4037 Μωῦσῆς
1464 3968 1562 4029 τὰς
1609 3967 1821 4031 πλάκας
1854 3968 1953 4031 τὰς

373 4062 597 4125 λιθίνας.
629 4062 738 4115 Καὶ
764 4059 965 4128 κατέϐη
1009 4058 1211 4126 Κύριος
1239 4062 1295 4113 ὲν
1318 4058 1515 4131 νεφέλῃ
1538 4099 1551 4121 ,
1580 4059 1674 4113 καὶ
1706 4060 1951 4131 παρέστη

374 4157 523 4217 ἐκεῖ,
560 4154 655 4207 καὶ
689 4152 914 4221 ὲλάλησε
945 4150 1118 4221 (7)τῷ
1156 4151 1379 4219 ὀνόματι
1410 4150 1635 4221 Κυρίου.
1667 4153 1775 4204 Kal
1810 4169 1954 4222 παρ·

380 4245 511 4316 ἦλθε
537 4243 741 4313 Κύριος
766 4242 874 4295 ἀπὸ
916 4241 1206 4313 προσώπου
1245 4242 1451 4312 Κυρίου
1475 4243 1572 4312 (8).
1610 4262 1626 4294 ι
1663 4244 1818 4306 Ποῖος
1851 4243 1959 4314 ἄρα

380 4337 609 4406 ὲλάλησε
648 4334 849 4405 Κύριος
894 4335 950 4386 ὲν
994 4333 1216 4402 ὀνόματι
1242 4335 1479 4403 Κυρίου;
1527 4335 1619 4387 καὶ
1646 4338 1793 4397 ποῖος
1819 4352 1960 4405 παρ-

382 4430 510 4500 ῆλθε
547 4428 748 4500 Κύριος
791 4427 898 4479 ἀπὸ
947 4424 1237 4496 προσώπου
1281 4426 1516 4495 Κυρίου;
1552 4428 1616 4478 Τί
1653 4426 1709 4479 δὲ
1741 4427 1800 4480 τὸ
1826 4429 1962 4501 πρὸς

396 4518 589 4575 Ἰακὼὸ
625 4519 701 4589 (9)
740 4515 1048 4587 εἰρημένον,
1099 4534 1118 4567 ‹
1179 4515 1321 4583 Ἐγώ
1363 4517 1477 4585 εἰμι
1508 4518 1536 4569 ὀ
1574 4516 1758 4585 ὀφθείς
1798 4534 1880 4569 σοι
1909 4518 1966 4569 έν

459 4674 502 4705 ¹³
542 4674 678 4729 Gen.
709 4688 878 4733 xvm,
914 4671 1033 4724 1-3.
1112 4671 1155 4700 “
1191 4670 1321 4726 ibid.
1359 4670 1421 4729 9,
1462 4671 1547 4725 10.
1627 4672 1670 4704 ¹⁸
1708 4670 1843 4726 Gen.
1883 4688 1973 4729 xl.
2008 4672 2062 4724 7.

390 4744 453 4810 7,
486 4744 541 4799 8.
616 4744 659 4775 ¹⁹
698 4744 740 4797 ll
772 4743 904 4813 Reg.
941 4756 1049 4806 vn,
1081 4740 1166 4794 14.
1244 4742 1289 4771 ¹⁰
1329 4740 1467 4796 Gen.
1529 4757 1618 4795 xix
1644 4782 1658 4807 ,
1689 4742 1779 4795 24.
1858 4744 1901 4774 ³¹

2036 4756 2208 4808 1.1x,
2241 4741 2296 4794 6.

461 4900 537 4971 (ι)
580 4898 824 4953 Romana
1033 4896 1397 4971 Interpretum
1435 4897 1690 4971 editio_el
1716 4896 1967 4971 Justinus

393 4967 596 5039 Martyr
646 4971 794 5039 legit,
836 4969 1182 5038 εἱστήκεισαν
1226 4969 1415 5039 ,ἐπάνω
1468 4967 1651 5039 αὐτοῦ,
1712 4968 1804 5021 καί
1846 4967 1968 5039 ἰδὼν

394 5030 787 5111 προσέδραμὲνέ
814 5039 888 5091 Ita
936 5030 1098 5091 etiam
1136 5038 1262 5108 legit
1307 5037 1507 5093 Euseb.
1550 5038 1703 5091 Dem.
1734 5037 1968 5109 evangel.

395 5113 490 5160 lib.
514 5129 566 5160 v.
596 5129 643 5160 ι’.
677 5110 730 5160 9-
762 5117 815 5160 et
845 5109 957 5160 alii.

395 5113 490 5165 lib.
514 5129 566 5170 ν,
596 5110 643 5162 ι’.
677 5110 730 5169 9,
762 5117 815 5162 et
845 5110 957 5161 alii.

467 5181 543 5249 (5)
570 5178 626 5232 In
654 5180 899 5249 Romana
921 5177 1063 5231 LXX
1092 5179 1453 5247 luterpretum
1484 5178 1725 5249 editione
1745 5188 1831 5232 est
1859 5186 1977 5249 tan-5

399 5247 539 5311 tum,
570 5252 707 5303 Ante
744 5248 907 5301 solem
928 5249 1248 5317 permanebit
1277 5265 1462 5301 nomen
1498 5248 1632 5315 ejus.
1670 5247 1761 5301 Vel
1800 5256 1857 5301 ut
1882 5248 1974 5300 alii

399 5320 582 5383 codd.,
597 5319 809 5374 Nobilio
828 5327 984 5382 teste,
1006 5320 1209 5389 legunt,
1224 5328 1525 5389 permanet;
1544 5318 1638 5372 sed
1667 5320 1720 5371 in
1740 5318 1980 5372 editione

401 5392 492 5443 illa
535 5390 874 5443 Psalteriiex
908 5388 1223 5443 eorumdem
1260 5388 1768 5457 LXXintcrpretum
1798 5396 1981 5440 trans-

403 5460 625 5521 latione,
656 5474 820 5528 quam
856 5457 1157 5512 Romanam
1185 5468 1401 5521 vocant,
1432 5467 1486 5511 et
1538 5459 1680 5511 Itala:
1710 5459 1983 5526 antiquis-

404 5532 557 5583 simae
593 5530 861 5583 versionis
892 5538 1099 5598 partem
1140 5544 1264 5583 esse
1303 5529 1556 5589 credunt,
1600 5529 1816 5596 legitur,
1851 5531 1983 5580 Ante

405 5598 569 5651 solem
600 5599 922 5667 permanebit
954 5615 1138 5652 nomen
1173 5598 1323 5667 ejus:
1354 5608 1404 5651 et
1448 5608 1568 5652 ante
1622 5601 1802 5650 lunam
1834 5598 1981 5650 sedes

408 5669 544 5737 ejus,
588 5682 648 5722 ut
689 5670 874 5723 videre
902 5679 988 5722 est
1020 5671 1073 5721 in
1104 5670 1337 5737 duplicis
1378 5668 1628 5721 Psalterii
1676 5668 1915 5722 editione
1948 5682 1978 5720 a

410 5741 716 5793 clarissimo
741 5740 859 5791 viro
880 5738 1117 5807 lose-pho
1139 5738 1306 5793 Maria
1327 5739 1489 5799 Caro,
1517 5738 1651 5791 alias
1683 5738 1979 5791 Thomasio

414 5820 723 5879 procurata.
778 5808 927 5864 Hanc
976 5810 1158 5880 itaque
1208 5809 1494 5865 lectionem
1552 5807 1832 5881 Nyssenus
1891 5824 1977 5864 sc-

2126 3786 2410 3853 Quomodo
2438 3797 2617 3843 autem
2650 3788 3062 3857 intelligendum
3094 3797 3179 3843 est
3206 3788 3369 3851 illud,
3399 3790 3541 3859 quod
3575 3791 3627 3844 in

2058 3875 2247 3931 Exodo
2278 3879 2545 3948 scriptum
2589 3886 2672 3933 est
2710 3896 2723 3931 :
2769 3896 2787 3928 ι
2831 3877 2897 3930 Et
2938 3894 3096 3933 mane
3138 3895 3372 3949 surgens
3418 3881 3630 3951 Moyses

2060 3970 2310 4023 ascendit
2341 3971 2395 4023 in
2428 3978 2668 4024 montem
2703 3968 2832 4023 Sina
2852 4010 2866 4033 ,
2903 3970 3049 4024 sicut
3080 3972 3339 4039 przecepit
3368 3972 3415 4025 ei
3451 3972 3633 4026 Domi-

2062 4074 2187 4111 nus.
2227 4058 2291 4111 Et
2324 4061 2559 4129 sumpsit
2608 4059 2819 4130 Moyses
2853 4061 3071 4115 tabulas
3116 4062 3382 4130 lapideas.
3428 4062 3494 4117 Et
3538 4064 3635 4117 de-

2063 4148 2272 4203 scendit
2305 4150 2567 4206 Dominus
2597 4152 2650 4205 in
2686 4152 2865 4214 nube,
2900 4161 2954 4207 et
2986 4154 3160 4207 astitit
3192 4155 3302 4207 illic
3323 4195 3337 4218 ,
3374 4164 3429 4209 et
3477 4156 3633 4209 locu-

2066 4249 2155 4294 tus
2191 4248 2275 4295 est
2300 4241 2522 4293 nomine
2548 4241 2785 4295 Domini.
2819 4242 2884 4295 Et
2920 4245 3142 4299 transiit
3180 4244 3444 4301 Dominus
3482 4263 3510 4300 a
3548 4246 3635 4300 fa-

2066 4333 2149 4386 cie
2187 4332 2401 4385 Domini
2438 4334 2481 4362 "
2502 4334 2525 4385 Ἰ
2549 4352 2566 4383 ι
2588 4332 2723 4398 Quis
2753 4349 2885 4397 ergo
2918 4332 3182 4391 Dominus
3216 4336 3438 4391 locutus
3467 4345 3552 4393 est
3583 4338 3638 4393 in

2067 4423 2287 4476 nomine
2322 4421 2569 4475 Domini.
2602 4430 2656 4476 et
2688 4423 2811 4491 quis
2844 4422 3108 4479 Dominus
3139 4426 3398 4479 transivit
3433 4441 3462 4479 a
3499 4426 3640 4481 facie

2075 4514 2332 4569 Domini?
2358 4513 2501 4579 Quid
2532 4518 2693 4569 etiam
2722 4530 2828 4570 sun
2863 4527 2977 4571 vust
3009 4517 3140 4571 illud
3184 4519 3330 4589 quod
3368 4519 3435 4574 ad
3472 4518 3642 4575 Jacob

2144 4671 2186 4701 ¹⁶
2225 4669 2369 4742 Psal.
2400 4685 2487 4724 εις(
2512 4713 2526 4734 ,
2564 4671 2618 4724 5.
2695 4673 2737 4703 ¹⁷
2777 4671 2922 4726 Psal.
2963 4689 3112 4739 uxr,
3150 4674 3238 4729 17.
3318 4676 3361 4707 ³⁸
3398 4674 3544 4732 Psal.
3580 4692 3641 4742 ῑι,

2373 4742 2417 4771 ’³
2461 4742 2632 4795 Exod.
2670 4758 2863 4806 xxxiv,
2896 4744 3014 4798 4α6.

2075 4897 2283 4967 quitur.

2147 4970 2221 5037 (6)
2253 4967 2306 5021 In
2334 4966 2595 5022 Vaticano
2620 4968 2809 5023 codice
2836 4976 2938 5027 est,
2975 4984 3039 5020 εκ
3059 4971 3347 5038 προσώπου
3372 4971 3466 5024 τοῦ
3489 4972 3644 5037 Θεοῦ,

2075 5039 2168 5091 καὶ
2195 5038 2273 5097 τὸ,
2310 5038 2405 5091 καὶ
2429 5040 2555 5101 πᾶς,
2589 5046 2694 5093 etc.
2721 5057 2733 5091 :
2761 5053 2859 5092 nos
2891 5050 3227 5106 postremum
3257 5041 3411 5101 illud,
3443 5045 3537 5095 καὶ
3565 5045 3646 5101 τό,

2075 5109 2366 5163 delendum
2395 5109 2735 5172 censuimus,
2769 5124 2895 5163 cum
2923 5124 3023 5162 nec
3050 5108 3105 5162 in
3139 5110 3370 5177 Siphani
3400 5115 3651 5168 versione

2078 5178 2411 5233 reperiatur.

2145 5195 2531 5319 ῗξῖιέτῗιῖιήηὲ
2550 5247 2691 5300 LXX
2738 5248 3101 5319 Interpretum
3129 5255 3296 5303 editio
3347 5258 3491 5319 regit.
3523 5254 3651 5306 ἐκάη

2080 5320 2200 5391 λεσε
2222 5335 2234 5349 ·
2280 5316 2377 5373 sed
2410 5316 3251 5391 etEusebiumtlaesariensem,
3296 5316 3545 5391 ὲλάλησε,
3580 5326 3655 5376 le-

2077 5390 2227 5459 gisse
2261 5395 2416 5459 n_ntat
2444 5388 2641 5459 ibidem
2677 5387 2947 5459 Nobilius.

2148 5459 2227 5527 (8)
2271 5457 2472 5532 Eadem
2490 5457 2694 5532 editio,
2726 5457 2820 5532 καὶ
2853 5456 3098 5532 παρῆλθε
3121 5457 3326 5532 Κύριος
3356 5474 3463 5532 προ
3488 5479 3656 5532 προσ.

2076 5525 2227 5600 ώπου
2261 5525 2548 5600 αὑτοῦηΕι
2580 5528 2797 5600 transiit
2839 5525 3099 5582 Dominus
3135 5525 3256 5600 ante
3288 5525 3477 5597 faciem
3519 5525 3653 5600 ejus.

2149 5598 2226 5666 (9)
2267 5597 2323 5650 ln
2355 5598 2616 5671 Vaticano
2651 5596 2849 5671 codice
2887 5599 3201 5671 recentiori,
3227 5607 3281 5671 et
3310 5596 3659 5671 inralio,'quo

2078 5685 2212 5724 usus
2245 5678 2329 5721 est
2354 5667 2649 5740 Siphanus,
2683 5668 3135 5740 scribittir,_rtpbc
3180 5670 3450 5740 Ἀϐραάμ,
3480 5667 3657 5724 mani-

2086 5740 2228 5794 festo
2264 5739 2471 5792 librarii
2520 5754 2742 5796 errore:
2795 5753 2916 5791 nam
2948 5737 3233 5794 hic’locus
3262 5737 3316 5793 in
3366 5737 3432 5795 iis
3480 5740 3658 5793 Genu-

2086 5826 2211 5866 seos
2242 5809 2535 5880 capitibus,
2576 5809 2629 5863 in
2668 5808 2873 5865 auibus
2908 5808 2975 5865 de
3004 5808 3317 5867 Abrahamo
3340 5826 3523 5867 sermo
3552 5821 3656 5875 est,
