4096 6354
465 315 568 367 199

1701 313 1760 367 S.
1836 310 2165 368 GREGORII
2202 310 2497 369 NYSSENI

3613 317 3720 374 200

461 429 667 493 dixit,«
692 426 805 499 Ego
832 442 987 488 sum.
1013 427 1106 498 qui
1138 429 1372 499 apparui
1420 428 1518 484 tibi
1548 428 1603 483 in
1634 428 1757 483 loco
1782 427 1877 483 Dei
1906 428 2016 481 "‘1:

2137 427 2289 498 τόπῳ
2319 426 2493 492 Θεοῦ;
2531 445 2550 477 ι
2584 426 2710 491 Πῶς
2732 425 2790 479 δε
2818 425 2899 490 τὸ,
2948 445 2966 478 ι
3000 426 3543 498 Προσκυνησάτωσαν
3572 428 3723 501 αὐτῷ

460 514 748 587 Quomodo
777 515 906 568 item
941 516 1148 579 illud,¢
1172 517 1417 571 Adorent
1457 532 1584 571 cum
1627 532 1819 572 omnes
1858 517 2034 586 angeli

461 606 558 661 Dei
588 606 636 639 “
661 606 685 660 τ’
712 624 733 658 ι
765 604 976 672 Quem,
1007 614 1062 662 et
1099 607 1260 677 cujus
1295 607 1438 661 Dei?
1468 606 1610 661 Dicit
1644 606 1861 678 Moyses
1889 625 1904 661 :
1930 627 1946 657 ι
1976 606 2038 661 Et

459 695 612 750 dedit
642 694 910 753 Dominus
942 698 1269 760 terminum,
1298 697 1521 752 dicens:
1560 697 1697 753 Cras
1731 697 1894 752 faciet
1933 696 2037 751 Do-

460 786 648 842 minus
699 789 926 843 verbum
976 789 1081 842 hoc
1114 803 1282 857 super
1316 799 1517 842 terram
1551 788 1630 853 ²⁵;
1668 808 1684 838 ι
1718 795 1772 843 ct
1803 802 2032 849 rursus,

469 876 868 942 «Confortare,
911 877 1252 941 Zorobabel,
1301 879 1561 946 quoniam
1604 892 1707 947 ego
1748 878 2033 932 vobiscum

460 986 583 1026 sum
605 1014 619 1036 ,
655 978 712 1025 et
737 969 978 1027 Verbum
1022 986 1202 1026 meum
1255 970 1455 1024 bonum
1477 1008 1492 1034 ,
1522 978 1576 1023 et
1607 968 1849 1038 Spiritus
1880 983 2035 1023 mws

458 1066 512 1118 in
550 1063 732 1118 medio
764 1058 1008 1118 vestrum
1043 1062 1110 1115 “.
1138 1080 1155 1114 ι
1177 1060 1316 1127 Quid
1348 1077 1489 1131 Opus
1523 1069 1643 1115 erat
1672 1061 1838 1114 trium
1877 1076 2021 1115 meu-

459 1157 663 1209 tionem
694 1154 904 1219 facere,
941 1153 1047 1209 nisi
1081 1153 1511 1223 unumquodque
1552 1152 1606 1205 in
1640 1151 1860 1224 prepria
1905 1166 2030 1220 per-

458 1262 593 1301 sona
635 1244 1015 1301 subsisteret?
1060 1242 1125 1297 Et
1169 1257 1401 1297 rursus:
1428 1241 1616 1296 «Dixit
1662 1240 1930 1295 Dominus
1961 1241 2029 1294 ad

460 1337 742 1409 Moysem:
782 1334 1134 1391 Descendens
1173 1343 1377 1389 testare
1414 1332 1653 1403 populo,
1702 1340 1757 1387 et
1803 1329 2029 1401 puriﬁca

454 1430 578 1485 illos
612 1428 775 1482 hodie
805 1433 860 1482 et
886 1441 1012 1482 cras
1036 1465 1052 1491 ,
1097 1434 1153 1481 et
1194 1425 1377 1479 lavent
1416 1424 1782 1486 vestimenta,
1818 1429 1873 1477 et
1918 1424 2032 1475 sint

454 1519 631 1588 parati
663 1519 718 1573 in
747 1519 890 1574 diem
922 1518 1159 1573 tertiam.
1188 1515 1372 1572 Tertia
1400 1523 1585 1570 autem
1617 1515 1708 1570 die
1734 1514 2031 1570 descendet

2144 519 2341 582 πάντες
2368 517 2590 588 ἄγγελοι
2615 518 2790 580 Θεοῦ;
2822 538 2841 571 ι
2867 518 3017 583 Τίνι,
3046 519 3142 573 καὶ
3174 520 3332 573 ποίου
3358 518 3526 587 Θεοῦ;
3557 521 3722 589 Λέγει

2143 608 2365 680 Μωσῆς*
2401 628 2419 661 ι
2450 610 2558 662 Kal
2584 608 2754 663 ἔδωκε
2781 610 2985 681 Κύριος
3006 609 3152 680 ὅρον,
3183 609 3382 680 λέγων’
3425 612 3513 665 Ἑν
3532 614 3599 683 τῇ
3628 611 3724 666 αὖ·

2143 717 2258 773 ριον
2305 701 2494 773 ἡμέρᾳ
2528 701 2743 773 ποιήσει
2775 701 2980 767 Κύριος
3019 701 3081 755 τὸ
3123 702 3275 774 ῥῆμα
3307 704 3465 757 τοῦτο
3501 706 3595 759 ἐπὶ
3621 707 3723 778 τῆς

2141 791 2265 861 γῆς’
2296 810 2315 844 ι
2343 792 2435 846 καὶ
2461 792 2643 848 πάλιν·
2666 810 2685 844 ι
2716 793 2920 863 Ἴσχυε,
2950 792 3273 864 Ζοροϐάϐελ,
3297 793 3430 848 διότι
3456 795 3567 864 ἐγὼ
3600 798 3719 867 μεθ’

2142 881 2297 953 ὑμῶν
2328 884 2465 953 είμι,
2488 882 2584 936 καὶ
2602 888 2630 937 6
2649 882 2822 951 Λόγος
2857 900 2957 954 μου
2995 885 3025 937 6
3053 883 3274 951 ἀγαθὸς,
3301 884 3476 938 καὶτὸ
3497 886 3721 959 Πνεῦμά

2143 990 2246 1044 μου
2275 975 2332 1027 ὲν
2361 973 2510 1047 μέσῳ
2531 973 2704 1044 ὑμῶν.
2721 993 2741 1026 ι
2776 974 2873 1038 Τίς
2894 970 2987 1028 οὖν
3011 974 3171 1046 χρεία
3196 975 3364 1046 τριῶν
3393 977 3716 1048 μνησθῆναι,

2142 1065 2190 1117 εἰ
2219 1064 2294 1136 μὴ
2326 1065 2555 1118 ἕκαστον
2584 1068 2642 1118 ὲν
2678 1065 2783 1135 ἰδίᾳ
2818 1066 3144 1133 ὑποστάσεις
3184 1068 3295 1119 Kal
3336 1068 3517 1121 πάλιν·
3555 1089 3574 1120 ι
3607 1070 3718 1124 Kal

2139 1151 2259 1208 εἷπε
2299 1155 2500 1227 Κύριος
2541 1155 2677 1227 πρὸς
2717 1157 2990 1227 Μωῦσῆν’
3044 1155 3304 1219 Καταὸάς
3350 1157 3716 1231 διαμάρτυραι

2136 1245 2214 1318 τῷ
2256 1244 2404 1318 λαῷ,
2455 1248 2551 1301 καὶ
2594 1246 2815 1315 ἅγνισον
2859 1248 3057 1311 αὐτοὺς
3097 1251 3334 1320 σήμερον
3366 1248 3461 1302 καὶ
3501 1249 3713 1321 αῠριον,

2137 1338 2229 1392 καὶ
2252 1337 2605 1392 πλυνάτωσαν
2626 1337 2696 1392 τά
2727 1339 2918 1408 ἱμάτια
2944 1338 3144 1403 αὐτῶν,
3177 1340 3274 1392 καὶ
3310 1339 3552 1393 ἔστωσαν
3572 1342 3715 1395 ἕτοι-

2140 1446 2230 1501 μοι
2255 1431 2334 1494 εἰς
2361 1431 2460 1501 τὴν
2496 1431 2711 1503 ἡμέραν
2738 1431 2838 1503 τὴν
2864 1431 3076 1503 τρίτην.
3106 1431 3185 1503 Τῇ
3212 1430 3321 1503 γὰρ
3348 1432 3530 1504 ἡμέρᾳ
3554 1433 3715 1504 τρίτῃ

2135 1521 2499 1593 καταϐήσεται
2530 1521 2735 1593 Κύριος
2768 1523 2860 1576 ἐπὶ
2903 1525 2964 1576 τὸ
2999 1523 3125 1594 ὅρος
3171 1522 3232 1576 τὸ
3279 1523 3441 1587 Σινᾶ,
3470 1523 3714 1577 ἐναντίον

456 1611 720 1667 Dominus
750 1611 807 1666 in
838 1619 1079 1666 montem
1112 1609 1246 1664 Sina
1277 1624 1465 1663 coram
1493 1608 1645 1662 omni
1678 1607 1880 1677 popqu
1912 1607 1978 1659 ".
2004 1625 2016 1656 ι

2135 1613 2336 1676 παντὸς
2385 1612 2482 1666 τοῦ
2524 1612 2677 1668 λαοῦ.
2724 1632 2743 1666 ι
2795 1613 2906 1666 Kal
2952 1615 3053 1667 οὐκ
3092 1608 3249 1667 εἷπε·
3283 1598 3710 1685 καταϐήσομαι.

451 1702 573 1758 Non
611 1703 769 1767 dixit,
805 1701 1164 1758 Descendam.
1193 1718 1213 1752 ι
1243 1699 1311 1753 Ει
1341 1700 1447 1755 erit
1486 1699 1541 1753 in
1572 1698 1889 1753 novissimis
1915 1696 2016 1750 die-

2139 1722 2158 1754 ι
2181 1704 2290 1756 Kal
2315 1702 2468 1757 ἔσται
2491 1705 2549 1757 ὲν
2583 1707 2703 1766 ταῖς
2732 1704 2986 1775 ἐσχάταις
3024 1706 3278 1776 ἡμέραις,
3308 1684 3456 1772 λέγει
3486 1684 3711 1776 Κύριος,

450 1795 586 1859 bus,
618 1794 755 1849 dicit
782 1793 1045 1849 Dominus
1086 1810 1101 1847 :
1131 1790 1405 1848 eﬂ‘undam
1436 1790 1503 1845 de
1537 1789 1745 1859 Spiritu
1778 1804 1900 1843 meo
1933 1803 2016 1842 su-

2134 1794 2308 1865 ἐκχεῶ
2366 1795 2475 1849 ἀπὸ
2508 1795 2600 1848 τοῦ
2640 1795 2956 1867 Πνεύματός
2996 1814 3098 1886 μου
3132 1797 3237 1871 ’ἐπὶ
3273 1798 3451 1850 πᾶσαν
3493 1797 3707 1869 σάρκα,

453 1900 551 1954 per
580 1898 800 1939 onmem
829 1896 1084 1943 carnem,
1125 1887 1181 1936 et
1215 1879 1630 1951 propbetabunt
1677 1877 1774 1934 (iiii
1814 1877 2016 1940 vestri|

2129 1864 2229 1939 και
2261 1886 2729 1958 προφητεύσουσιν
2763 1864 2814 1940 οἱ
2846 1887 2954 1940 υἱοὶ
3201 1888 3295 1942 καὶ
3326 1888 3381 1941 αἱ
3410 1864 3711 1959 θυγατέρες

448 1984 506 2031 et
549 1977 675 2030 tiliae
729 1982 924 2031 vestrm
980 1972 1195 2028 somnia
1244 1970 1603 2026 somniab-mt
1634 1969 1746 2023 η.»
1784 1967 1849 2020 Et
1904 1974 2016 2036 posl

2129 1975 2282 2047 ὑμῶν
2315 1976 2543 2031 ἐνύπνια
2581 1975 3119 2047 ἐνυπνιασθήσονται.
3173 1995 3192 2028 ι
3232 1976 3343 2029 Kal
3385 1976 3527 2046 μετά
3560 1992 3704 2029 τινα·

453 2069 717 2124 nonnulla
738 2086 750 2120 :
772 2087 791 2119 ‹
816 2066 909 2122 Sol
940 2075 1292 2123 convertelur
1323 2065 1377 2117 in
1406 2063 1694 2122 tenebras,
1725 2068 1781 2114 et
1812 2060 1940 2112 luna
1968 2059 2016 2112 in

2131 2086 2151 2118 ι
2199 2068 2257 2121 '0
2292 2068 2443 2138 ἥλιος
2483 2068 2997 2139 μεταστραφήσεται
3041 2068 3122 2130 είς
3163 2066 3372 2130 σκότος,
3411 2062 3505 2120 καὶ
3546 2068 3580 2137 ἡ
3616 2083 3713 2120 σε-

451 2160 777 2230 sanguinem
800 2197 816 2221 ,
852 2167 1145 2228 antequam
1174 2157 1361 2212 veniat
1395 2155 1514 2210 dies
1548 2154 1757 2208 Domini
1792 2167 2016 2221 magnus

2123 2163 2259 2234 λήνη
2295 2163 2378 2226 είς
2419 2157 2580 2233 αἷμα,
2617 2163 2748 2232 πρὶν
2781 2160 2955 2214 ἐλθεῖν
2991 2160 3090 2231 τὴν
3122 2159 3336 2231 ἡμέραν
3369 2158 3575 2230 Κυρίου
3608 2159 3712 2230 τὴν

447 2260 503 2307 et
526 2242 758 2306 illustris
781 2251 880 2304 ²⁹.›
901 2249 1018 2304 Non
1043 2249 1200 2310 dixit,
1225 2248 1374 2302 Diem
1400 2261 1598 2301 meum.
1624 2265 1643 2296 ι
1665 2244 1728 2297 Et
1749 2245 1874 2304 erit,
1901 2243 2016 2307 qui.

2127 2253 2370 2325 μεγάλην
2391 2254 2487 2307 καὶ
2514 2251 2776 2322 ἐπιφανῆ.
2808 2270 2827 2304 ι
2858 2252 2972 2307 Οὐκ
2995 2246 3149 2304 εἷπευ
3180 2251 3293 2304 Τήν
3334 2250 3545 2321 ἡμέραν
3581 2267 3708 2320 μου.

447 2359 667 2414 cunque
694 2342 1030 2407 invocayerit
1059 2355 1256 2395 nomen
1285 2337 1536 2403 Domini,
1563 2337 1748 2391 salvus
1775 2335 1879 2390 erit
1903 2334 1969 2386 ³ο.
1998 2351 2016 2384 ι

2131 2365 2149 2398 ι
2181 2330 2293 2399 Kal
2333 2344 2510 2409 ἔσται,
2550 2345 2609 2406 ὃς
2641 2343 2707 2398 ἂν
2740 2343 3131 2412 ἐπικαλέσηται
3169 2343 3232 2396 τδ
3257 2357 3429 2410 ονομα
3460 2340 3669 2413 Κυρίου
3693 2382 3709 2405 ,

448 2437 568 2492 Νοιι
595 2436 755 2496 dixit,
789 2433 998 2490 Nomen
1027 2447 1227 2487 meum.
1261 2430 1327 2484 Et
1361 2444 1557 2485 rursus
1576 2468 1592 2494 ,
1612 2446 1631 2478 ι
1659 2426 1924 2480 Dominus
1954 2424 2016 2478 de

2125 2434 2448 2505 σωθήσεται.
2477 2452 2496 2486 ι
2519 2435 2629 2487 Kal
2648 2435 2748 2488 οὐκ
2774 2429 2924 2488 εἴπεο
2951 2434 3025 2487 Τό
3042 2433 3213 2505 ὄνομά
3237 2450 3359 2503 μου.
3386 2432 3495 2487 Kal
3519 2432 3706 2488 πάλιν·

446 2530 588 2584 cmlo
615 2529 670 2582 in
696 2535 898 2582 terram
923 2525 1134 2595 aspexit
1152 2563 1167 2585 ,
1197 2530 1256 2577 ut
1281 2521 1492 2577 videret
1516 2521 1776 2591 gemitum
1801 2533 2022 2586 compe-

444 2622 684 2675 diturum
710 2638 726 2684 ;
750 2627 810 2672 ut
837 2618 1011 2673 solvat
1044 2614 1183 2669 ﬁlios
1207 2613 1692 2676 mortilicatorum;
1722 2618 1781 2664 ut
1805 2625 2022 2663 annun-

445 2714 546 2768 tiet
585 2713 639 2766 in
686 2708 818 2765 Sion
848 2722 1044 2762 nomen
1082 2704 1295 2758 Domini
1326 2704 1394 2757 ³¹.
1421 2722 1439 2754 ι
1463 2702 1582 2757 Non
1620 2701 1780 2764 dixit,
1811 2699 2019 2753 Numen

444 2806 584 2875 ejus.
615 2802 678 2857 Et
703 2816 898 2857 rursus
918 2839 933 2865 ,
954 2819 970 2851 ι
995 2800 1097 2865 Qui
1125 2798 1326 2852 habitat
1356 2797 1410 2850 in
1436 2796 1593 2851 cmlis
1621 2793 1873 2849 irridebit
1898 2807 2019 2851 eos.

440 2909 499 2952 et
541 2896 806 2949 Dominus
854 2890 1217 2948 subsannabit
1258 2904 1355 2943 eos
1398 2888 1465 2942 θ’.
1490 2906 1508 2938 ι
1534 2886 1599 2941 Et
1642 2887 1873 2949 iterum,
1900 2882 2018 2936 cAd

444 3000 517 3052 te,
561 2988 814 3049 Domine,
842 2984 1092 3041 clamabo
1112 3022 1128 3047 ,
1162 2990 1218 3037 et
1248 2981 1314 3037 ad
1345 2980 1512 3035 Deum
1547 2993 1729 3034 meum
1758 2977 2019 3046 depreca-

444 3083 543 3136 bor
573 3080 639 3134 ³³.
694 3078 830 3144 Quis
863 3077 1030 3146 igitur
1070 3073 1339 3127 l'lominus
1367 3070 1510 3140 apud
1541 3067 1755 3124 Deum?
1785 3066 1862 3119 Ex
1892 3080 2018 3135 per-

2127 2547 2145 2578 c
2184 2526 2385 2598 Κύριος
2417 2528 2483 2581 ὲκ
2515 2526 2608 2581 τοῦ
2634 2526 2863 2599 οὐρανοῦ
2893 2528 2986 2580 ἐπὶ
3016 2527 3115 2598 τὴν
3145 2527 3248 2598 γῆν
3276 2525 3543 2595 ὲπέόλεψε
3561 2566 3576 2588 ,
3606 2525 3705 2580 τοῦ

2124 2617 2251 2670 ἰδεῖν
2271 2618 2383 2687 (10)
2412 2618 2505 2671 τὸν
2529 2618 2831 2689 στεναγμὸν
2850 2618 2960 2673 τῶν
2984 2617 3394 2690 πεπεδημένων,
3423 2617 3516 2671 τοῦ
3543 2617 3705 2673 λῦσαι

2118 2707 2246 2769 τοὺς
2285 2707 2435 2770 υἱοὺς
2477 2706 2586 2760 τῶν
2623 2706 3109 2778 τεθανατωμένων,
3151 2706 3246 2761 τοῦ
3286 2706 3604 2775 ἀναγγεῖλαι
3645 2709 3706 2760 ἐν

2119 2794 2257 2851 Σιὼν
2289 2798 2349 2850 τὸ
2372 2797 2542 2869 ὄνομα
2572 2799 2801 2871 Κυρίου.
2828 2819 2849 2853 ι
2887 2801 3002 2854 Οὐκ
3022 2795 3175 2853 εἶπε*
3205 2800 3279 2853 T6
3301 2800 3474 2871 ινομα
3514 2800 3702 2855 αὐτοῦ.

2124 2888 2234 2941 Kal
2262 2888 2425 2942 πάλιν
2449 2907 2462 2920 ·
2505 2909 2524 2942 ι
2568 2889 2628 2946 Ὀ
2664 2891 2935 2945 κατοικῶν
2969 2893 3028 2945 ὲν
3060 2893 3309 2962 οὐρανοῖς
3349 2892 3706 2960 ὲκγελάσεται

2117 2980 2332 3047 αὐτοὺς,
2362 2982 2457 3035 καὶ
2480 2983 2508 3036 6
2535 2981 2739 3055 Κύριος
2764 2982 3127 3055 ὲκμυκτηριεῐ
3151 2982 3368 3046 αὐτούς.
3408 3002 3427 3035 ι
3459 2984 3569 3037 Kal
3598 2983 3707 3037 πᾶς

2117 3073 2201 3126 λιν
2227 3090 2240 3103 ·
2278 3091 2298 3125 ι
2334 3074 2481 3146 Πρὸς
2528 3075 2623 3140 σὲ,
2662 3074 2867 3147 Κύριε,
2898 3075 3256 3148 κεκράξομαι.
3298 3076 3394 3129 καὶ
3435 3076 3570 3148 πρὸς
3605 3076 3703 3129 τὸν

442 3187 578 3229 sona
610 3169 743 3236 Dei,
763 3187 782 3221 ι
810 3165 1065 3222 Subverti
1100 3180 1228 3228 vos,
1260 3164 1403 3219 sicut
1432 3160 1706 3217 subvertit
1737 3158 1880 3212 Deus
1909 3155 2014 3210 So-

2122 3162 2250 3216 Θεόν
2274 3180 2376 3232 μου
2412 3163 2764 3235 δεηθήσομαι.
2806 3182 2824 3215 ι
2860 3164 2955 3228 Τίς
2997 3159 3091 3218 οὖν
3123 3166 3152 3217 6
3190 3162 3394 3234 Κύριος
3427 3163 3578 3233 παρὰ
3621 3164 3705 3234 τῷ

440 3261 683 3322 domant,
726 3266 780 3314 et
824 3257 1186 3312 Gomorrbam
1228 3254 1295 3310 ³⁸.
1320 3249 1427 3324 ’[Ει
1456 3248 1648 3321 Isaias]
1677 3244 1898 3318 quando
1933 3248 2015 3300 vi—

440 3355 521 3409 dit
551 3352 779 3422 gloriam
820 3349 943 3418 ejus
972 3349 1015 3379 ³⁸
1040 3348 1083 3419 (l
1104 3348 1172 3416 ι).
1205 3345 1460 3405 Domine,
1496 3344 1623 3411 quis
1655 3338 1893 3394 credidit
1919 3354 2019 3392 au~

441 3447 581 3501 dilui
626 3442 861 3498 nostro?
903 3449 959 3495 et
1001 3439 1286 3494 brachium
1332 3435 1545 3489 Domini
1591 3433 1679 3487 cui
1716 3432 2014 3485 revelatum

441 3547 528 3593 εει
553 3537 598 3568 ³⁸
621 3536 680 3589 2»
700 3532 818 3588 Non
847 3533 1007 3592 dixit,
1035 3531 1098 3584 Et
1124 3528 1404 3584 brachium
1438 3533 1615 3579 tuum.
1644 3518 1759 3587 En,
1792 3521 1904 3576 Deo
1926 3521 2018 3590 ju-

443 3637 638 3692 vante,
676 3626 999 3694 hypostascs
1030 3631 1233 3675 sancta:
1264 3626 1319 3672 et
1356 3614 1739 3672 substantialis
1771 3612 2018 3668 Trinita-

441 3721 516 3777 tis
539 3757 556 3782 ,
593 3716 845 3790 pluribus
874 3724 1003 3770 sunt
1034 3713 1447 3768 demonstrata}.

492 3948 556 4004 ιι.
593 3946 846 4018 Ejusaem
899 3944 1011 3998 alia
1057 3942 1120 3996 de
1154 3940 1380 3995 adventu
1430 3938 1647 3992 Domini
1695 3937 1752 3989 in
1787 3949 1970 3988 carne.

516 4142 535 4176 ι
564 4124 659 4177 llic
687 4130 771 4178 est
811 4120 956 4176 Deus
996 4129 1200 4180 noster,
1230 4127 1283 4171 et
1336 4131 1445 4169 non
1474 4111 1842 4168 :estimahitur
1871 4109 2014 4164 alius

438 4217 506 4272 ad
563 4229 714 4270 eum.
766 4214 1054 4267 Adinvenit
1138 4224 1353 4265 onmem
1409 4208 1550 4260 viam
1612 4203 1859 4259 scientia:
1891 4243 1907 4265 ,
1957 4208 2014 4255 et

2117 3255 2271 3326 Θεῷς
2327 3257 2420 3309 Ἐκ
2453 3256 2745 3328 προσώπου
2779 3255 2873 3309 τοῦ
2902 3255 3060 3309 Θεοῦ·
3092 3275 3111 3308 ι
3146 3254 3508 3327 Κατέστρεψα
3534 3255 3703 3326 ὑμᾶς,

2119 3345 2298 3409 καθὼς
2321 3347 2688 3418 κατέστρεψεν
2718 3348 2747 3400 6
2777 3346 2910 3409 Θεὸς
2937 3347 3147 3418 Σόδομα
3177 3347 3272 3401 καὶ
3297 3347 3579 3420 Γόμορρα,
3611 3349 3703 3402 ὅτε

2117 3433 2227 3489 εἶδε
2248 3436 2345 3509 τὴν
2367 3437 2525 3503 δόξαν
2547 3439 2734 3492 αὑτοῦ.
2778 3438 2973 3511 Κύριε,
3003 3439 3088 3504 τίς
3111 3439 3433 3494 ἐπίστευσεν
3464 3444 3528 3511 τῇ
3561 3442 3701 3513 ἀκοῇ

2120 3529 2314 3600 ήμῶν;
2348 3530 2443 3582 καὶ
2476 3531 2506 3583 6
2550 3520 2791 3601 βραχίων
2823 3529 3027 3601 Κυρίου
3047 3571 3062 3596 ,
3092 3530 3199 3583 τίνι
3235 3530 3593 3601 ἀπεκαλύφθη
3619 3547 3634 3594 ;
3662 3553 3697 3584 ἰ

2117 3621 2232 3675 Οὐκ
2260 3616 2412 3673 εἷπε·
2452 3623 2564 3675 Kal
2601 3623 2630 3674 6
2686 3622 2924 3693 βραχίων
2971 3639 3088 3675 σου.
3143 3623 3274 3676 Ἰδοὺ
3326 3623 3702 3678 ἀποδέδεικται

2123 3711 2220 3763 σὺν
2245 3709 2365 3780 Θεῷ
2387 3710 2476 3764 διὰ
2506 3710 2766 3764 πλειόνων
2792 3712 2894 3781 τῆς
2919 3711 3081 3779 ἁγίας
3104 3710 3200 3763 καὶ
3219 3711 3504 3782 ὁμοουσίου
3528 3712 3701 3782 Τριά-

2120 3800 2208 3866 δος
2235 3803 2292 3856 αἱ
2326 3803 2672 3867 ὑποστάσεις.

2121 3936 2194 3991 B'.
2228 3936 2338 3992 Τοῦ
2359 3937 2545 3991 αὐτοῦ
2560 3936 2729 4005 ἕτερα
2754 3934 2884 4002 περὶ
2905 3933 3013 4005 τῆς
3032 3932 3330 4004 ἐνσάρκου
3351 3933 3454 3988 τοῦ
3474 3933 3697 4002 Κυρίου

2733 4005 3084 4073 παρουσίας.

2196 4134 2215 4167 ι
2247 4108 2416 4179 Οὗτος
2433 4118 2461 4168 6
2482 4115 2612 4179 Θεὸς
2639 4112 2796 4185 ἡμῶν
2815 4130 2829 4144 ⁸
2859 4113 2919 4167 οὗ
2950 4113 3325 4186 λογισθήσεται
3346 4114 3530 4187 ἕτερος
3553 4113 3695 4186 πρὸς

2117 4206 2302 4261 αὐτόν.
2343 4206 2562 4278 Ἐξεῦρε
2606 4208 2785 4260 πᾶσαν
2820 4205 2938 4260 ὁδὸν
2976 4206 3320 4276 ἐπιστήμης,
3354 4205 3448 4259 καὶ
3488 4204 3693 4259 ἔδωκεν

435 4306 588 4362 dedit
629 4321 747 4361 eam
779 4304 946 4359 Jacob
986 4317 1155 4374 puero
1202 4318 1324 4363 suo,
1360 4306 1415 4353 et
1448 4297 1613 4353 lsrael
1646 4296 1847 4350 dilecto
1885 4308 2009 4348 suo.

2122 4299 2284 4369 αὐτὴν
2326 4298 2519 4352 Ἰακὼὸ
2541 4298 2620 4368 τῷ
2653 4297 2802 4351 παιδὶ
2827 4297 2989 4350 αὑτοῦ
3008 4337 3023 4363 ,
3064 4299 3160 4351 καὶ
3218 4296 3430 4369 Ἰσραὴλ
3464 4296 3576 4367 (12)
3608 4296 3692 4368 τῷ

441 4400 563 4453 Post
612 4398 728 4452 haec
786 4405 968 4450 autem
1000 4395 1056 4449 in
1093 4394 1257 4448 terris
1292 4391 1444 4446 visus
1493 4389 1594 4443 fuit
1619 4429 1634 4454 ,
1667 4396 1721 4443 et
1753 4401 1878 4441 cum
1905 4385 2010 4438 bo-

412 4490 679 4544 .minibus
707 4497 1069 4542 conversatus
1121 4485 1339 4541 est".v
1394 4482 1551 4547 Item,
1613 4500 1633 4533 ι
1688 4479 1831 4535 Deus
1893 4491 2009 4531 ma-

438 4582 637 4634 nifeste
703 4578 916 4643 veniet,
958 4577 1101 4631 Deus
1152 4586 1362 4638 noster,
1416 4583 1469 4630 et
1501 4589 1611 4628 non
1675 4572 1858 4627 silebit
1880 4571 1943 4623 ³⁸.
1985 4589 2002 4620 ι

437 4673 503 4727 Et
543 4686 733 4726 rursus
757 4709 772 4732 ,
804 4694 823 4720 ι
862 4666 1146 4723 Videbitur
1178 4668 1319 4723 Deus
1362 4667 1587 4722 deorum
1631 4666 1687 4720 in
1724 4662 1857 4719 Sion
1888 4663 1953 4716 ³⁸.
1982 4681 2002 4714 ι

507 4807 555 4840 ’³
592 4805 726 4859 Gen.
762 4816 928 4864 xxxt,
996 4804 1082 4859 i3.
1155 4803 1201 4835 “
1236 4801 1381 4856 Psal.
1438 4816 1602 4863 xcvi,
1645 4800 1710 4861 7;

436 4894 557 4937 lix,
592 4875 689 4937 10,
737 4875 793 4928 il
896 4876 942 4905 ’³
979 4872 1096 4927 Joel
1133 4892 1201 4935 ιι,
1233 4872 1328 4925 ‘28.
1408 4872 1453 4903 ”
1497 4871 1629 4925 ibid.
1663 4870 1756 4923 5|.

1768 4797 1933 4853 Hebr.
1994 4814 2045 4858 ι,
2076 4795 2128 4850 6.
2206 4798 2252 4829 ³⁵
2294 4797 2441 4853 Exod
2480 4815 2569 4863 ιχ,
2619 4799 2673 4853 5.

1834 4869 1881 4900 ³⁸
1922 4869 2055 4923 ibid.
2088 4868 2179 4921 52.
2254 4867 2298 4899 "
2337 4866 2486 4924 Psal.
2515 4884 2590 4930 cu,
2618 4869 2712 4932 20,
2739 4869 2832 4923 22.
2888 4866 2954 4901 ’³⁷³
2996 4869 3141 4924 Psal.
3178 4885 3217 4923 ιι
3246 4909 3260 4925 .
3296 4870 3352 4923 4.
3435 4868 3484 4906 ⁸³
3522 4868 3675 4927 Psal.

2116 4391 2455 4462 ἠγαπημένῳ
2476 4390 2663 4445 αὐτοῦ.
2683 4389 2839 4444 Μετὰ
2855 4390 2911 4443 δὲ
2927 4388 3101 4444 ταῦτα
3126 4388 3220 4443 ἐπὶ
3246 4389 3347 4460 τῆς
3375 4389 3478 4459 γῆς
3505 4387 3686 4461 ὤφθη,

2115 4482 2341 4544 καὶτοῖς
2367 4481 2678 4554 ἀνθρώποις
2709 4480 3137 4552 συνανεστράφη.
3170 4500 3189 4533 ι
3214 4511 3286 4521 -
3315 4499 3334 4532 ι
3359 4481 3416 4534 '0
3435 4480 3566 4544 Θεὸς
3586 4481 3688 4552 ὲμ-

2115 4573 2295 4641 φανῶς
2334 4573 2473 4644 ἦξει,
2504 4577 2534 4627 6
2566 4574 2698 4637 Θεὸς
2716 4573 2895 4646 ἡμῶν,
2916 4573 3011 4626 καὶ
3037 4573 3098 4626 οὐ
3126 4574 3631 4645 παρασιωπήσεται.
3663 4594 3681 4623 ι

2112 4665 2225 4718 Kal
2247 4664 2426 4719 πάλιν·
2459 4682 2478 4718 ι
2521 4664 2845 4737 Ὀφθήσεται
2865 4665 2894 4718 6
2918 4664 3051 4730 Θεὸς
3073 4664 3182 4720 τῶν
3213 4664 3349 4719 θεῶν
3373 4666 3430 4718 ὲν
3460 4664 3617 4718 Σιών.
3661 4683 3681 4714 ι

2750 4800 2798 4870 ἐξ
2834 4799 3019 4870 Aggaai
3066 4815 3136 4863 ιι,
3168 4799 3237 4865 5,
3293 4798 3348 4855 6.
3423 4799 3478 4870 ’ἶ
3509 4798 3680 4870 Exod.

434 4962 565 5019 ut};
591 4986 605 5009 ,
629 4945 700 5019 _9.
778 4944 825 4976 ”
862 4945 1030 5019 Amos
1064 4961 1136 5012 Iv,
1170 4946 1255 5000 ll.
1332 4942 1376 4973 ³⁸
1415 4940 1573 4995 Joan.
1609 4955 1724 5007 xu,
1753 4938 1843 4991 4L
1920 4939 1966 4970 ³⁸
2008 4937 2016 4989 1

2143 4952 2272 5002 un,
2309 4939 2360 4992 1.
2438 4938 2482 4970 ³⁷
2522 4938 2735 4995 Baruch
2768 4954 2825 4994 ιιι
2853 4980 2868 5005 ,
2894 4939 3090 5019 liii-{38.
3164 4940 3211 4972 ⁸⁸
3246 4937 3394 4995 Psal.
3426 4954 3552 4994 χιιι
3573 4981 3587 5003 ,
3620 4941 3678 4995 5.

433 5021 481 5052 ⁸⁸
519 5016 664 5072 Psal.
698 5031 929 5081 Lxsxm,
960 5013 1014 5068 8.

433 5156 542 5193 non
584 5139 886 5207 reperitur;
942 5151 1044 5191 nos
1085 5144 1266 5190 autem
1320 5133 1577 5207 mendum
1621 5132 1766 5207 istud
1811 5139 2003 5207 sustu-

436 5212 620 5271 lllllllS,
648 5203 726 5263 ἐκ
768 5203 905 5262 Gen.
958 5222 1078 5276 cap.
1121 5220 1279 5276 xxxi;
1319 5205 1409 5276 15,
1440 5204 1497 5257 in
1530 5219 1640 5274 quo
1690 5205 1802 5260 haec
1833 5203 1997 5258 verba

435 5278 723 5332 Dominum
763 5279 967 5331 Jacobo
1005 5275 1209 5330 dixisse
1239 5275 1491 5345 legimus.

505 5349 615 5415 (10)
656 5346 854 5401 Eadem
888 5347 1075 5411 editio,
1119 5344 1212 5399 τοῦ
1260 5343 1513 5415 ἀκοῦσαι,
1540 5353 1598 5397 ut
1627 5343 1853 5415 audiret.

506 5410 618 5488 (tl)
660 5415 784 5470 Haec
822 5418 984 5471 verba
1012 5410 1090 5488 nil
1138 5415 1203 5467 ad
1234 5414 1560 5488 miniscere
1595 5414 1868 5488 videntur.
1910 5410 1998 5467 Si-

434 5482 646 5557 pbamis
692 5488 887 5557 inrsua
932 5487 1307 5557 versioneAsic
1352 5485 1534 5557 habet,
1595 5482 1835 5557 Subverti
1881 5499 1992 5547 vos,

430 5552 870 5627 quemadmodum
902 5555 1148 5610 subvertit
1168 5554 1322 5627 Deus
1353 5553 1659 5627 Sodomam,
1699 5563 1749 5627 et
1778 5552 1997 5627 Gomor-

432 5622 570 5681 ram.
613 5627 707 5689 (Et
755 5626 954 5694 Isaias)
1000 5624 1210 5696 quando
1254 5627 1385 5678 vidit
1430 5625 1656 5694 gloriam
1702 5626 1849 5692 ejus;
1893 5622 1989 5696 sed

430 5702 558 5768 quia
596 5696 749 5753 Isaiae
778 5713 974 5751 nomen
1005 5694 1367 5768 scmicirculis
1400 5696 1650 5768 includit.
1680 5696 1825 5768 clare
1853 5694 1989 5768 satis

432 5765 679 5825 indicare
709 5767 1112 5836 videtur,vcrba
1137 5767 1226 5822 illa
1250 5781 1368 5831 non,
1388 5766 1666 5823 exstitisse
1691 5766 1746 5822 in
1778 5765 1986 5834 scripto

2109 5131 2319 5203 codice,
2341 5132 2766 5203 quo‘utebatur;
2806 5134 2900 5189 sed
2924 5148 2991 5188 ex
3019 5132 3338 5199 conjectura
3364 5148 3394 5185 a
3420 5145 3479 5203 se
3508 5130 3680 5203 fuisse

2101 5200 2307 5273 addita.
2346 5200 2412 5242 J—
2451 5201 2724 5273 Zacagnio
2766 5205 2992 5258 minime
3026 5204 3330 5272 assentior,
3376 5201 3462 5254 cui
3500 5200 3677 5273 verba

2099 5272 2236 5344 haec,
2274 5272 2500 5344 Quan_do
2545 5269 2675 5344 vidit
2700 5275 2930 5344 gloriam
2959 5269 3098 5344 ejus,
3128 5274 3201 5326 nil
3232 5273 3300 5326 ad
3345 5285 3458 5344 re_m
3493 5269 3678 5325 facere

2098 5331 2395 5397 visa-sunt.
2416 5342 2489 5396 Ea
2521 5343 2665 5398 enim
2699 5331 2759 5398 ἓ.
2784 5344 2945 5398 Pater
2972 5331 3275 5409 desumpsit
3295 5358 3361 5396 ex
3386 5339 3542 5394 Joan.
3570 5356 3674 5403 xu,

2096 5412 2153 5473 4,
2184 5412 2278 5467 ubi
2310 5414 2391 5468 sic
2418 5429 2434 5467 :
2468 5413 2652 5466 Ταῦτα
2672 5409 2826 5467 εἶπεν
2869 5414 3117 5479 Ἡσαΐας,
3138 5412 3228 5466 ὅτε
3255 5410 3361 5466 εἶδε
3388 5409 3486 5480 τὴν
3516 5410 3676 5478 δόξαν

2099 5482 2304 5555 αὐτοῦ’
2356 5490 2416 5536 ιιι
2455 5482 2699 5555 proinde_
2729 5495 2879 5555 recte
2918 5482 3190 5555 Siphanus
3234 5483 3300 5537 iis
3343 5481 3677 5555 praemiserit

2097 5552 2153 5606 in
2197 5567 2295 5675 sxa
2324 5550 2603 5634 versione,
2653 5552 2723 5608 Et
2759 5550 3132 5625 Isaiasfqum
3172 5554 3227 5608 in
3260 5550 3412 5607 textu
3445 5550 3674 5606 librario

2097 5637 2213 5675 exet
2254 5633 2420 5675 enm.

2096 5633 2420 5678 exciderint.

2169 5694 2284 5763 (l2)
2316 5692 2560 5747 Romana
2611 5694 2816 5756 editio,
2866 5695 3059 5751 eodem
3109 5710 3274 5751 sensu
3314 5700 3666 5758 remanente,

2097 5764 2349 5821 nonnihil
2389 5765 2566 5822 variat
2594 5766 2650 5821 in
2687 5765 2888 5822 verbis.
