4096 6354
397 369 496 423 2¹Η

1439 357 1860 416 TESTIMONIA
1910 357 2284 416 ADVERSUS
2339 359 2648 417 JUDAEOS.

3577 363 3683 420 90⁸2

400 487 512 540 Καὶ
554 485 736 551 πάλιν,
785 505 802 536 ι
853 483 984 546 Θεὸς
1034 483 1234 552 Κύριος
1287 482 1379 534 καὶ
1428 481 1698 549 ἑπέφανεν
1757 465 1909 550 ἡμῖν.
1964 499 1980 528 ιι

2095 478 2158 532 Et
2213 495 2442 545 rursus,
2474 498 2493 532 ι
2538 479 2682 535 Deus
2715 477 2978 533 Dominus
3018 487 3071 531 et
3119 477 3297 532 illuxit
3358 476 3519 534 nobis
3548 478 3621 532 ⁸ο.
3657 497 3678 529 ι

406 599 426 630 ι
479 577 768 647 Ἐξαίφνης
811 576 929 647 ἣξει
972 577 1051 637 είς
1093 573 1183 626 τὸν
1225 572 1352 626 ναὸν
1407 574 1603 624 ἑαυτοῦ
1644 571 1878 642 Κύριος,
1925 572 1985 624 ὃν

401 671 560 740 ὑμεῖς
583 669 824 739 ζητεῖτε,
851 669 946 721 καὶ
970 668 999 720 ὁ
1024 667 1289 734 Ἀγγελος
1310 666 1411 734 τῆς
1431 665 1713 734 διαθήκης,
1739 665 1807 717 ὃν
1829 664 1987 734 ὑμεῖς

401 763 603 815 θέλετε.
635 781 654 812 ι
685 761 855 832 Χαῖρε
886 759 1111 830 σφόδρα,
1140 758 1378 827 θύγατερ
1407 756 1564 809 Σιών·
1597 758 1860 826 κήρυσσε,
1891 755 1985 808 θύ-

401 871 572 925 γατερ
607 852 978 926 Ἰερουσαλήμ.
1021 852 1151 904 Ἰδοὺ
1178 853 1205 903 ὁ
1237 850 1499 912 Βασιλεύς
1535 866 1626 901 σου
1658 848 1876 918 ἔρχεταί
1904 865 1984 901 σοι

401 946 612 1015 πραῢς,
654 947 748 999 καὶ
787 943 1133 1014 ἐπιϐεϐηκὼς
1184 945 1276 996 ἐπί
1316 941 1609 1010 ὑποζύγιον
1656 943 1751 994 καὶ
1807 940 1985 994 πῶλον

398 1037 519 1090 ὄνου
547 1039 681 1109 (15).
718 1055 737 1088 ι
782 1037 880 1100 Τίς
906 1036 965 1089 δέ
1003 1053 1132 1088 ποτε
1157 1035 1265 1088 τῶν
1296 1035 1584 1104 βασιλέων,
1613 1034 1718 1103 ὄνῳ
1743 1034 1986 1104 καθήμε-

399 1147 511 1193 νος,
539 1131 618 1192 εἰς
651 1127 1011 1200 Ἰερουσαλὴμ
1048 1126 1298 1196 εἰσῆλοε;
1330 1127 1440 1178 Kal
1483 1125 1666 1184 πάλιν,
1717 1145 1734 1175 ι
1768 1125 1983 1195 Τέρπου

399 1224 495 1277 καὶ
518 1219 830 1292 εὐφραίνου,
860 1220 1099 1290 θύγατερ
1125 1216 1285 1278 Σιὼν,
1307 1217 1440 1270 διότι
1471 1216 1582 1284 ἐγὼ
1606 1216 1860 1286 ἔρχομαι,
1891 1215 1986 1268 καὶ

399 1312 806 1385 κατασκηνώσει)
837 1314 894 1365 ἐν
926 1311 1076 1382 μέσῳ
1098 1327 1214 1374 σου,
1241 1311 1388 1377 λέγει
1424 1307 1644 1380 Κύριος.
1680 1308 1790 1360 Kal
1815 1325 1986 1360 κατα-

399 1407 685 1478 φεύξονται
719 1406 846 1475 ἔθνη
895 1404 1067 1459 πολλὰ
1095 1405 1187 1457 ἐπὶ
1215 1403 1306 1456 τὸν
1354 1402 1558 1473 Κύριον
1597 1405 1654 1456 ἐν
1700 1403 1765 1472 τῇ
1801 1400 1984 1472 ἡμέρα

397 1501 612 1575 ἐκείνῃ,
662 1499 756 1555 καὶ
784 1500 997 1553 ἔσονται
1028 1498 1177 1568 αὐτῷ
1226 1501 1306 1559 εἱς
1339 1497 1485 1549 λαόν.
1546 1516 1563 1546 ›
1625 1496 1735 1548 Kal
1784 1494 1980 1557 πάλιν,

402 1613 424 1646 ι
471 1593 601 1648 Ἰδοὺ
639 1592 751 1661 ἐγὼ
785 1590 1100 1644 ἀποστέλλω
1131 1590 1220 1642 τον
1256 1589 1486 1658 ἄγγελον
1537 1607 1636 1658 μου
1672 1588 1777 1658 προ
1811 1604 1981 1658 προσ-

397 1683 548 1737 ώπου
579 1701 702 1747 σου,
739 1681 800 1745 ὃς
828 1682 1230 1735 κατασκευάσει
1259 1680 1357 1750 τὴν
1399 1680 1516 1733 ὀδόν
1554 1697 1647 1732 σου
1675 1677 1982 1749 ἔμπροσθέν

399 1791 492 1826 σου
525 1774 658 1844 (Μ).
695 1791 712 1822 ι
746 1773 856 1824 Kal
882 1771 1063 1836 πάλιν,
1106 1791 1122 1820 ι
1155 1771 1449 1840 Στήσονται
1473 1769 1521 1822 οἱ
1548 1769 1706 1832 πόδες
1727 1767 1889 1822 αὑτοῦ
1923 1769 1981 1821 ὲν

2093 574 2225 629 Item
2263 614 2278 638 ,
2315 595 2332 624 ι
2364 576 2561 628 Subito
2606 576 2784 628 veniet
2836 573 2891 628 in
2952 573 3214 644 templum
3277 587 3438 628 suum
3495 572 3682 626 Domi-

2094 682 2199 721 nus
2247 682 2410 738 quem
2472 683 2569 722 vos
2619 665 2887 735 quaeritis,
2923 664 2996 720 iet
3058 666 3300 732 Angelus
3362 663 3679 720 testamenti

2093 773 2253 825 quem
2297 774 2391 812 res
2437 758 2606 811 vultis
2631 757 2707 810 δι.
2735 777 2754 810 ι
2793 755 2958 821 ltem,
3015 775 3032 806 ι
3073 754 3262 811 Gaude
3289 756 3678 818 vehementer,

2095 842 2202 897 ﬁlia
2239 845 2368 898 Sion
2395 883 2412 909 ,
2445 845 2699 914 praedico,
2735 845 2843 898 filia
2876 843 3198 899 Jerusalem.
3236 843 3380 898 Ecce
3405 842 3520 899 Rex
3552 854 3681 897 tuus

2094 935 2243 987 venit
2276 935 2373 989 tibi
2437 945 2781 996 mansuetus.
2831 944 2886 990 et
2916 935 3222 990 ascendens
3272 951 3438 1005 super
3489 936 3681 1004 subju-

2093 1026 2266 1096 galem
2313 1038 2364 1081 ct
2403 1028 2610 1096 pullum
2654 1029 2822 1082 asina:
2847 1029 2910 1080 δ’.
2947 1048 2964 1079 ι
3017 1029 3152 1093 Quis
3189 1043 3317 1083 vero
3357 1043 3546 1098 regum
3579 1046 3678 1082 nn-

2093 1134 2255 1187 quam
2314 1119 2471 1174 asino
2529 1119 2794 1182 insidens,
2873 1120 3310 1192 Hierosolymam
3394 1125 3676 1191 ingressus

2093 1214 2226 1265 est?
2269 1214 2331 1266 lit
2387 1229 2580 1268 rursus
2606 1254 2621 1278 ,
2689 1215 2928 1271 «Laetare
2983 1225 3036 1270 et
3076 1217 3272 1286 gaude,
3310 1216 3418 1270 filia
3496 1216 3628 1271 Sion
3659 1257 3676 1281 ,

2094 1304 2221 1370 quia
2274 1319 2377 1372 ego
2411 1304 2592 1367 venio,
2625 1313 2680 1358 et
2724 1304 2980 1358 habitabo
3038 1305 3093 1358 in
3153 1304 3335 1358 medio
3402 1303 3505 1367 tui,
3543 1303 3678 1359 dicit

2093 1394 2379 1452 Dominus.
2431 1395 2497 1448 Et
2536 1396 2858 1466 confugient
2910 1405 3104 1466 gentes
3150 1397 3336 1450 multa:
3365 1395 3431 1449 ad
3487 1394 3673 1449 Domi-

2092 1502 2220 1540 num
2251 1487 2306 1540 in
2364 1486 2452 1540 die
2500 1487 2613 1551 illa,
2665 1495 2719 1540 et
2749 1497 2909 1542 erunt
2957 1488 3004 1542 ei
3067 1488 3121 1540 in
3158 1489 3420 1557 populum
3444 1486 3511 1539 “.
3549 1506 3568 1537 ι
3609 1485 3676 1539 Ει

2092 1595 2287 1634 rursus
2308 1622 2321 1643 ,
2351 1598 2370 1630 ί
2406 1579 2548 1634 Ecce
2575 1595 2674 1649 ego
2711 1581 2867 1633 mitto
2899 1581 3148 1650 angelum
3204 1595 3383 1634 meum
3436 1591 3563 1634 ante
3593 1578 3676 1633 fa-

2090 1672 2229 1723 ciem
2265 1679 2431 1732 tuam,
2466 1669 2557 1740 qui
2591 1670 2918 1740 praeparabit
2948 1671 3091 1723 viam
3125 1683 3271 1724 tuam
3320 1680 3444 1726 ante
3474 1682 3528 1725 te
3557 1670 3624 1726 "'.
3651 1689 3670 1721 ι

2093 1759 2155 1813 Et
2189 1776 2420 1824 rursus,
2458 1781 2474 1810 ι
2514 1760 2744 1815 Stabunt
2781 1762 2949 1825 pedes
2989 1762 3109 1831 ejus
3149 1761 3203 1815 in
3246 1762 3336 1816 die
3379 1761 3470 1815 illa
3512 1774 3678 1830 super

395 1867 462 1936 τῇ
488 1865 668 1936 ἡμέρα
692 1863 875 1934 ἐκείνῃ
893 1863 987 1914 ἐπὶ
1004 1863 1063 1914 τὺ
1077 1861 1202 1932 ὅρος
1225 1862 1334 1914 τῶν
1365 1859 1676 1922 mamma
1697 1861 1980 1912 κατέναντι

2089 1861 2324 1904 montem
2372 1853 2662 1916 olivarum,
2713 1852 2806 1921 qui
2848 1862 2932 1906 cst
2983 1860 3172 1905 contra
3231 1851 3570 1906 Hierusalem
3607 1849 3676 1903 ab

406 1953 761 2026 Ἰερουσαλὴμ
807 1954 866 2018 ἐξ
924 1951 1218 2006 ἀνατολῶν.
1284 1969 1303 2001 ι
1365 1950 1474 2002 Kal
1537 1948 1673 2018 μετὰ
1741 1947 1979 2018 βραχέα,

400 2067 422 2100 4
469 2046 676 2110 Ἐδειξέ
705 2063 794 2116 μοι
819 2044 1026 2116 Κύριος
1057 2043 1148 2096 τὸν
1190 2041 1398 2112 Ἰησοῦν
1431 2041 1566 2108 (lii),
1595 2039 1686 2091 τὸν
1715 2038 1864 2110 ἱερέα
1891 2039 1982 2092 τὸν

399 2139 592 2210 μέγαν,
621 2138 833 2192 ἑστῶτα
870 2135 976 2208 πρὸ
1021 2133 1311 2206 προσώπου
1344 2131 1574 2201 ἀγγέλου
1605 2131 1813 2201 Κυρίου
1833 2145 1848 2158 ’
1890 2131 1984 2183 καὶ

395 2235 424 2286 ὁ
445 2231 686 2294 διάϐολος
725 2230 968 2299 εἱστήκει
1006 2228 1072 2280 ὲκ
1100 2226 1288 2291 δεξιῶν
1318 2225 1482 2278 αὑτοῦ
1521 2225 1616 2277 τοῦ
1647 2225 1982 2278 ἀντικεῖσθαι

397 2321 567 2392 αὐτῷ.
602 2323 712 2376 Kal
744 2317 865 2375 εἷπε
896 2319 1100 2390 Κύριος
1142 2318 1278 2390 πρὸς
1308 2319 1398 2372 τὸν
1441 2317 1685 2371 διάϐολον
1707 2334 1720 2347 ·
1765 2317 1985 2375 Ἐπιτι-

399 2415 571 2485 μήσαι
618 2413 822 2484 Κύριος
855 2414 912 2464 ὲν
958 2413 1061 2473 σοὶ,
1103 2410 1334 2463 διάϐολε.
1378 2411 1489 2463 Kal
1515 2407 1916 2479 διεμαρτύρατο
1957 2406 1985 2458 ὁ

397 2506 626 2574 ἅγγελος
650 2505 856 2577 Κυρίου
882 2507 1019 2576 πρὸς
1041 2505 1132 2558 τὸν
1174 2501 1401 2574 Ἰησοῦν,
1429 2502 1606 2570 λέγων
1623 2517 1637 2528 ·
1663 2501 1800 2555 Τάδε
1834 2501 1982 2569 λέγει

396 2600 598 2671 Κύριος
632 2593 1061 2669 παντοκράτωρέ
1112 2598 1237 2649 Ἐὰν
1269 2597 1388 2658 ταῖς
1432 2594 1570 2657 ὁδοῖς
1600 2593 1709 2664 (ίδ)
1743 2611 1842 2662 μου
1882 2609 1982 2644 πο·

397 2693 601 2763 ρεύσῃ,
647 2691 742 2744 καὶ
772 2690 864 2744 ἐὰν
894 2689 962 2742 τὰ
1001 2688 1401 2760 προστάγματά
1453 2704 1554 2758 μου
1599 2685 1840 2757 φυλάξῃ,
1889 2687 1985 2738 καὶ

399 2787 464 2837 σὺ
513 2784 804 2854 διακρινείς
852 2781 965 2851 (17)
1030 2780 1121 2833 τὸν
1177 2775 1325 2832 οἶκόν
1402 2796 1525 2850 μου.
1611 2778 1722 2830 Kal
1801 2777 1983 2841 πάλιν,

402 2896 420 2929 ι
458 2879 656 2930 ’Λκουε
685 2876 749 2948 δὴ
775 2917 789 2941 ,
821 2875 1060 2946 Ἰησοῦς,
1096 2877 1123 2927 ὁ
1168 2876 1344 2946 ἱερεὺς
1376 2876 1403 2927 ὁ
1434 2874 1627 2944 μέγας.
1667 2892 1684 2923 ι
1728 2873 1982 2937 Ἡσαΐας,

402 2990 423 3023 ι
493 2970 771 3041 Ἐμφανὴς
814 2970 1081 3040 ἐγενάμην
1130 2971 1242 3031 τοῖς
1282 2968 1381 3038 ἐμὲ
1443 2966 1517 3037 μὴ
1564 2963 1784 3035 ζητοῦσι
1834 2965 1982 3035 (18),

397 3063 490 3114 καὶ
534 3061 766 3132 εύρέθην
805 3063 918 3123 τοῖς
963 3060 1061 3130 ἐμὲ
1113 3058 1186 3129 μὴ
1238 3057 1557 3128 ἐπερωτῶσι
1602 3056 1734 3126 (19).
1781 3074 1799 3105 ι
1841 3055 1987 3122 (Kal

2085 1939 2306 1994 Oriente
2330 1941 2395 1994 “.
2424 1960 2441 1991 ι
2504 1939 2567 1994 Et
2619 1951 2743 2010 post
2779 1956 2952 2010 pauca
2975 1982 2989 2006 ,
3031 1959 3048 1991 ι
3107 1939 3364 1994 Ostendit
3393 1941 3526 1994 mihi
3565 1938 3678 1994 Do-

2086 2038 2268 2088 minus
2321 2033 2508 2089 Jcsnm
2583 2035 2925 2090 sacerdotem
2978 2050 3235 2105 magnum
3272 2043 3506 2090 stantem
3547 2043 3677 2089 ante

2087 2126 2280 2181 faciem
2338 2128 2514 2200 angeli
2567 2128 2778 2181 Domini
2813 2145 2827 2194 ;
2889 2137 2942 2183 et
2981 2128 3230 2183 diabolus
3263 2128 3444 2183 stabat
3482 2143 3512 2181 a
3539 2126 3677 2182 dex-

2085 2219 2220 2274 teris
2266 2219 2408 2288 ejus,
2451 2230 2510 2273 ut
2563 2219 2948 2276 adversaretur
2991 2222 3066 2276 ei.
3127 2221 3191 2275 Et
3224 2221 3364 2276 dixit
3411 2221 3675 2274 Dominus

2085 2311 2153 2365 ad
2203 2311 2480 2366 diabolum
2518 2330 2531 2366 :
2572 2310 2820 2380 lncrepet
2875 2313 3140 2370 Dominus
3175 2316 3331 2381 inte,
3368 2313 3584 2369 diabole
3603 2315 3673 2370 “.

2085 2399 2154 2453 Et
2219 2405 2641 2456 contestabatur
2709 2404 2940 2473 angelus
3019 2404 3231 2460 Domini
3310 2405 3380 2459 ad
3441 2404 3672 2468 Jesum,

2086 2491 2309 2548 dicens:
2365 2493 2490 2548 Haec
2545 2493 2677 2548 dicit
2724 2493 2989 2552 Dominus
3051 2497 3440 2567 omnipotens:
3473 2496 3530 2551 Si
3570 2499 3675 2554 viis

2087 2587 2225 2639 meis
2278 2587 2678 2656 ambulaveris,
2714 2598 2769 2644 et
2809 2599 3080 2660 praecepta
3130 2605 3250 2647 mea
3299 2590 3672 2656 custodieris,

2086 2686 2140 2730 ct
2172 2686 2227 2731 tu
2255 2677 2530 2746 judicabis
2558 2679 2781 2734 domum
2816 2697 2992 2737 meam
3017 2683 3082 2735 ιτ.
3114 2701 3132 2734 ι
3157 2682 3219 2735 Ει
3253 2699 3469 2749 rursus,
3510 2702 3529 2735 ι
3563 2684 3673 2738 Au-

2087 2769 2141 2822 di
2189 2785 2342 2838 ergo,
2387 2769 2516 2826 Jesn
2557 2774 2817 2828 sacerdos
2863 2789 3056 2845 magne
3088 2775 3154 2829 “.
3197 2794 3215 2825 ι
3259 2775 3451 2841 Isaias,
3499 2795 3519 2828 ι
3556 2776 3671 2831 Ma-

2088 2863 2323 2917 nifestus
2376 2863 2554 2919 factus
2583 2880 2706 2920 sum
2749 2881 2858 2921 non
2914 2870 3293 2937 qumrentibns
3327 2885 3445 2936 me;
3479 2871 3674 2926 inven-

2090 2967 2177 3012 tus
2236 2975 2358 3012 sum
2417 2961 2486 3015 ab
2537 2961 2622 3014 his
2682 2961 2775 3030 qui
2824 2976 2910 3016 me
2958 2977 3068 3015 non
3123 2961 3536 3033 interrogabant
3559 2966 3667 3016 δ’.»

2090 3049 2179 3118 (Et
2227 3067 2421 3106 rursus
2463 3067 2478 3104 :
2522 3071 2540 3102 ι
2588 3051 2651 3105 Et
2703 3053 2906 3123 [legem
2952 3069 3209 3122 magnum
3263 3055 3520 3112 videbitis
3545 3056 3614 3110 ⁵⁸.
3647 3077 3666 3110 ι

397 3153 594 3218 πάλιν,
644 3174 663 3206 ι
719 3155 827 3206 Καὶ
882 3151 1108 3223 βασιλέα
1185 3150 1358 3221 μέγαν
1406 3149 1622 3218 ὖψεσθε.
1677 3169 1696 3200 ι
1744 3148 1877 3201 Θεὸν
1924 3149 1980 3201 δὲ

2092 3143 2259 3199 Deum
2316 3157 2495 3200 autem
2550 3162 2712 3201 uenio
2747 3147 2940 3218 videt.)
2991 3148 3056 3201 Et
3109 3165 3325 3216 rursus,
3366 3169 3384 3201 ι
3422 3149 3671 3221 Διψακ-

393 3246 568 3308 ούδεὶς
597 3247 747 3317 ὁρᾷ.)
779 3245 888 3298 Kal
919 3243 1101 3298 πάλιν·
1134 3262 1152 3293 ι
1203 3243 1630 3312 Ἐπιφανήσεται
1657 3241 1860 3311 Κύριος
1893 3240 1980 3290 ἐπ’

395 3336 629 3401 αὐτοὺς,
688 3333 783 3388 καὶ
833 3331 1204 3405 ὲξολοθρεύσει
1253 3333 1458 3395 πάντας
1504 3333 1629 3393 τοὺς
1672 3329 1827 3392 θεοὺς
1874 3327 1982 3380 τῶν

396 3425 587 3482 ἐθνῶν.
618 3447 636 3479 ι
672 3426 783 3479 Kal
815 3426 994 3478 πάλιν·
1034 3445 1052 3476 ι
1087 3425 1217 3479 Ἰδοὺ
1258 3427 1490 3496 πάρειμι
1513 3423 1588 3494 τῷ
1620 3421 1782 3484 ἔθνει,
1811 3420 1860 3473 οἳ
1884 3421 1983 3473 ούκ

397 3515 800 3570 ἐπεκαλέσαντο
829 3516 888 3569 τὸ
920 3516 1090 3587 ὄνομά
1140 3533 1261 3586 μου.
1287 3533 1305 3566 ι
1351 3515 1534 3574 Δαϐὶδ,
1575 3533 1593 3566 ι
1644 3515 1705 3565 '0
1738 3511 1982 3582 καθήμε-

397 3627 489 3672 νος
533 3609 625 3661 ἐπὶ
651 3607 760 3661 τῶν
789 3608 1054 3680 χερουϐὶμ
1083 3607 1378 3678 ἐμφάνηθι.
1421 3607 1724 3676 Ἐξέγειρον
1761 3606 1859 3675 τὴν
1884 3605 1944 3657 δυ
1964 3634 1979 3644 -

399 3701 651 3757 ναστείαν
681 3718 809 3768 σου,
858 3701 954 3754 καὶ
988 3701 1110 3755 ἐλθὲ
1149 3703 1229 3765 εἰς
1260 3701 1321 3754 τὸ
1367 3700 1538 3752 σῶσαι
1590 3700 1758 3768 ἡμᾶς.
1799 3718 1816 3749 ι
1870 3697 1979 3749 Kal

399 3793 583 3862 πάλιν,
617 3813 636 3846 ι
661 3793 1048 3866 Καταϐήσεται
1070 3794 1142 3858 ὡς
1168 3793 1320 3856 ὑετὸς
1351 3792 1443 3845 ἐπὶ
1474 3791 1660 3844 πόκον.
1691 3811 1709 3842 ι
1737 3790 1810 3844 Τὸ
1839 3789 1976 3842 ἀτά-

396 3906 561 3960 ραχον
605 3887 700 3942 καὶ
742 3887 872 3942 ἄνευ
919 3886 1096 3956 ψόφου
1129 3886 1231 3956 τῆς
1275 3883 1632 3946 καταϐάσεως
1673 3881 1977 3951 σημαίνων

395 3982 486 4033 ἐπὶ
512 3980 622 4051 γὰρ
649 3980 749 4051 τὴν
781 3979 883 4050 γῆν
910 3977 1064 4042 ὑετὸς
1094 3975 1461 4040 καταϐαίνων,
1490 3974 1660 4044 ψόφον
1694 3976 1858 4027 ποιεῖ·
1885 3972 1979 4026 ἐπὶ

391 4071 452 4126 δὲ
483 4072 650 4125 πόκον
674 4069 822 4142 ἐρίου
853 4068 1218 4133 καταϐαίνων,
1249 4068 1309 4121 ού
1338 4071 1500 4122 ποιεῖ.
1529 4065 1783 4137 Μιχαίας,
1818 4085 1836 4117 ι
1865 4067 1979 4119 Kal

397 4166 482 4228 σὺ,
512 4162 760 4233 Βηθλεὲμ
791 4162 862 4232 γῆ
907 4161 1094 4226 Ἰούδα,
1125 4161 1376 4232 οὐδαμῶς
1413 4160 1668 4232 ἐλαχίστη
1699 4157 1751 4213 εί
1777 4162 1834 4215 ὲν
1867 4163 1980 4225 τοῖς

394 4256 659 4326 ἡγεμόσιν
695 4253 883 4309 Ἰούδα·
911 4255 977 4308 ἐκ
1001 4253 1109 4325 γὰρ
1135 4252 1228 4307 σοῦ
1251 4253 1589 4318 ἐξελεύσεταί
1617 4271 1707 4323 μοι
1737 4253 1978 4324 ἡγούμε-

394 4361 504 4414 νος,
539 4344 653 4417 (20)
683 4344 742 4409 ὂς
771 4347 1027 4416 ποιμανεῖ
1059 4342 1149 4397 τὸν
1176 4343 1306 4398 λαόν
1341 4361 1444 4414 μου
1477 4342 1570 4397 τὸν
1610 4345 1848 4416 Ἰσραήλ·
1881 4345 1977 4399 καὶ

2092 3245 2168 3298 bit
2227 3243 2492 3299 Dominus
2536 3260 2701 3314 super
2727 3259 2841 3308 eos,
2889 3253 2944 3300 et
2985 3245 3265 3316 disperdet
3299 3261 3492 3302 omnes
3541 3246 3674 3302 deos

2085 3337 2325 3407 gentium
2355 3338 2421 3389 δι.
2446 3358 2464 3388 ι
2500 3335 2565 3390 Ει
2622 3354 2814 3393 rursus
2841 3381 2854 3404 ,
2889 3359 2906 3390 ι
2958 3336 3099 3393 Ecce
3151 3339 3346 3393 adsum
3377 3341 3547 3410 genti,
3577 3341 3670 3410 qui

2086 3444 2195 3482 non
2233 3429 2626 3482 invocaverunt
2651 3444 2848 3482 nomen
2905 3444 3086 3483 meum
3109 3430 3172 3483 ⁸³.
3199 3451 3218 3481 ι
3274 3429 3441 3486 David
3466 3471 3480 3497 ,
3514 3449 3532 3482 ι
3565 3431 3669 3498 Qui

2085 3519 2243 3574 sedes
2275 3534 2438 3589 super
2476 3520 2795 3587 (Iherubim,
2825 3529 3028 3591 appare
3060 3559 3075 3575 .
3127 3519 3317 3576 Excita
3369 3524 3670 3592 potentiam

2085 3621 2267 3677 tuam,
2303 3621 2357 3667 et
2387 3613 2531 3677 veni,
2568 3624 2627 3667 ut
2652 3613 2835 3668 salvos
2867 3613 3038 3670 facias
3072 3629 3175 3670 nos
3197 3615 3262 3670 ⁵³.
3293 3633 3311 3667 ι
3356 3616 3420 3670 Et
3450 3631 3667 3682 rursus,

2091 3723 2110 3754 ι
2151 3703 2452 3760 Descendet
2521 3705 2664 3760 sicut
2705 3706 2890 3775 pluvia
2978 3706 3035 3761 in
3080 3707 3260 3762 vellus
3285 3708 3354 3762 ⁵⁵.
3381 3728 3400 3761 ι
3455 3708 3669 3774 Quibus

2083 3796 2266 3850 verbis
2312 3796 2584 3866 significat
2613 3797 3028 3853 descensionem
3069 3798 3190 3868 ejus
3227 3798 3343 3854 fore
3389 3800 3666 3870 quietam.

2089 3903 2154 3944 ac
2199 3889 2320 3943 sine
2368 3890 2856 3960 strepitu;pluvia
2903 3892 3050 3946 enim
3116 3907 3284 3963 super
3319 3899 3522 3946 terram
3567 3891 3669 3948 dev-

2081 3981 2381 4045 seendens,
2420 3982 2705 4051 strepitum
2747 3982 2899 4044 facit.
2932 3999 3093 4039 secus
3116 3999 3271 4051 vero,
3305 3983 3350 4039 si
3389 3999 3555 4054 super
3585 3985 3667 4041 la-

2081 4087 2166 4127 nae
2213 4073 2389 4128 vellus
2450 4073 2772 4128 descendat.
2833 4072 3112 4140 Mirhmas,
3151 4095 3170 4128 ‹
3216 4075 3282 4130 Et
3328 4086 3408 4139 tu.
3450 4074 3667 4133 Bethle-

2081 4162 2206 4217 hcm
2267 4171 2410 4216 terra
2451 4162 2612 4227 Juda,
2660 4180 3006 4234 nequaquam
3065 4166 3293 4220 minima
3320 4181 3382 4222 es
3422 4167 3486 4255 iq
3509 4168 3665 4238 prin-

2080 4252 2295 4322 cipibus
2334 4250 2518 4318 Juda;
2573 4268 2638 4307 ex
2677 4261 2728 4306 te
2783 4255 2930 4307 enim
2980 4254 3153 4309 exibit
3201 4254 3335 4309 mihi
3369 4250 3524 4322 du'i,
3567 4258 3666 4328 qui

2085 4353 2275 4415 pascat
2313 4343 2577 4415 pupulum
2639 4360 2822 4399 meum
2860 4345 3024 4400 Israel
3059 4364 3075 4411 ;
3111 4355 3166 4402 et
3221 4362 3478 4419 egressus
3539 4350 3665 4421 ejus

466 4522 514 4554 “
547 4488 890 4595 Psal._cit_vn,
919 4523 1013 4578 27.
1042 4489 1049 4499 κ
1088 4521 1131 4595 δξ
1164 4523 1397 4595 Malaeli.
1433 4541 1516 4589 ιιι,
1552 4523 1604 4578 1.
1685 4524 1914 4581 "Zach.
1947 4541 1980 4580 ιι

2087 4530 2112 4578 l.
2209 4503 2450 4579 "Zaeli.
2487 4542 2545 4589 ιι,
2583 4526 2672 4586 l0.
2709 4529 2796 4583 11.
2873 4528 2920 4560 ⁸⁸
2977 4526 3210 4584 Malach.
3244 4544 3331 4594 ιιι,
3366 4531 3430 4595 1;
3463 4529 3658 4588 Matth.

395 4608 473 4655 xu,
513 4596 599 4647 10.
699 4593 745 4626 ⁸⁵
767 4592 936 4650 Zach.
967 4611 1078 4657 xw,
1106 4593 1161 4648 4.
1255 4595 1302 4625 ⁸⁸
1320 4594 1486 4648 Zach.
1522 4610 1608 4658 ιιι,
1647 4596 1700 4657 1,
1729 4597 1784 4649 2.

367 4662 439 4696 ’⁸³
464 4665 632 4735 Soph.
665 4679 727 4728 ιι,
750 4664 839 4719 11.
915 4665 960 4696 δ’
994 4665 1098 4720 lsa.
1124 4665 1322 4728 va,l.

465 4869 578 4950 (ιτξ)
604 4869 692 4950 ,ιιε
725 4875 915 4950 esse"

465 4886 578 4950 (ιο)
613 4886 692 4923 ita
725 4886 781 4923 et
811 4886 952 4993 ap‘ua
981 4886 1261 4923 Jusunum
1296 4886 1588 4941 martyrem
1616 4886 1845 4940 tegitur;
1875 4886 1971 4924 seu

394 4940 450 4994 in
485 4940 728 4995 editione
756 4937 845 4992 LX
935 4939 1299 5005 interpretum
1332 4949 1439 5002 est,
1472 4939 1649 4993 πῶλον
1681 4941 1820 5002 νέον,
1853 4942 1974 5008 pul—

393 5012 504 5064 lum
549 5026 762 5073 novum,
811 5017 973 5079 atque
1005 5011 1082 5063 ita
1119 5011 1282 5064 etiam
1339 5010 1536 5078 legitur
1578 5011 1722 5078 apud
1768 5009 1969 5065 Euseb.

394 5081 695 5136 Demonstr.
719 5097 904 5149 evang.
950 5079 1045 5133 lib.
1074 5096 1134 5142 ιι,
1160 5095 1213 5134 c.
1249 5080 1304 5143 2,
1332 5097 1387 5134 ιι.
1429 5081 1520 5135 28.
1556 5079 1760 5135 Justini
1791 5089 1971 5135 tamen

393 5153 686 5206 lectionem
737 5152 893 5219 sequi
937 5149 1155 5204 videtur
1196 5151 1430 5205 Irenaeus
1470 5151 1565 5205 lib.
1613 5168 1663 5204 ιν
1705 5149 1972 5205 Adversus

391 5226 578 5277 lateres.
618 5236 740 5290 cap.
767 5221 858 5285 66,
885 5229 942 5274 et
974 5220 1280 5290 Cyprianus
1308 5222 1404 5274 lib.
1448 5237 1508 5282 ιι,
1543 5220 1786 5283 Testim.,
1806 5237 1858 5275 c.
1878 5222 1970 5276 29.

465 5293 576 5414 974)
597 5289 724 5346 .llic
761 5292 957 5362 incipit
984 5289 1263 5361 antiquior
1286 5290 1586 5347 Vaticanus
1619 5292 1793 5346 codex
1815 5309 1969 5346 num.

422 5433 575 5555 ὺμῆ)
616 5430 756 5511 Male
804 5431 1080 5488 recentior
1111 5432 1284 5487 codex
1320 5431 1642 5497 Vaticanus,
1692 5432 1859 5497 ἐδειξέ
1896 5450 1961 5503 με

457 5520 482 5553 ν
569 5519 749 5555 ησουν.

391 5503 482 5556 τὸν
529 5502 749 5572 Ἰησοῦν.

462 5571 795 5643 (16)Εοι1οιι
832 5571 1132 5641 antiquior,
1189 5574 1283 5626 ἐὰν
1318 5575 1376 5625 ἐν
1412 5577 1530 5636 ταῖς
1584 5574 1744 5636 ὁδοῖς,
1796 5589 1959 5641 quam

391 5643 675 5697 lectionem
709 5644 764 5697 in
798 5644 1074 5712 aliquibus
1104 5644 1410 5714 codicibus,
1437 5655 1486 5696 et
1521 5647 1663 5714 apud
1689 5645 1961 5714 Hierony-

389 5729 547 5782 mum
581 5729 798 5781 quoque
843 5715 1074 5782 reperiri
1114 5723 1268 5766 notat
1300 5713 1568 5768 Nobilius.

463 5779 579 5854 (l7)
599 5779 751 5838 Male
791 5779 1066 5839 recentior
1091 5785 1285 5847 codex,
1318 5786 1411 5838 καὶ
1441 5787 1506 5837 σὺ
1557 5785 1611 5838 δὲ
1641 5787 1956 5857 ὅιακρινεῐς.

712 5877 968 5940 Parnm.
982 5923 994 5937 .
1033 5878 1121 5941 Gn
1135 5930 1147 5941 .
1183 5879 1232 5938 Χ
1246 5877 1396 5938 Ll'l.

1883 4596 1926 4627 "
1961 4596 2094 4650 ibid.
2121 4595 2173 4649 6.

1399 4665 1445 4696 ⁵³
1466 4664 1612 4720 Psal.
1640 4680 1827 4732 Lxxu,
1853 4666 1910 4731 2,
1940 4666 1995 4721 5.

921 4868 952 4941 cl
981 4867 1261 4923 Justinum
1296 4868 1588 4941 Martyrern
1616 4871 1845 4940 legitur;
1875 4870 1971 4924 sed
2005 4871 2048 4928 Ι)

2272 4597 2318 4627 δε
2344 4596 2475 4650 ibid.
2503 4598 2557 4668 8.
2635 4597 2680 4629 "
2705 4595 2808 4652 lsa.
2844 4613 2970 4664 ur,
3005 4600 3054 4655 1.
3134 4600 3182 4632 ⁸⁸
3205 4599 3312 4658 lsa.
3337 4617 3536 4668 xum,
3570 4602 3660 4657 17.

2071 4666 2119 4698 ⁵⁵
2140 4665 2288 4722 Psal.
2326 4683 2474 4732 Lxxt,
2507 4667 2561 4720 6.

2149 4869 2263 4939 (18)
2286 4867 2344 4923 ln
2379 4867 2628 4945 Romana
2654 4869 2794 4924 LXX
2819 4872 3180 4945 lnterprctum
3201 4872 3444 4945 editione
3472 4876 3658 4945 priore

2080 4939 2202 4995 loco
2229 4939 2750 5012 υβιηὲπερωτῶσιν,
2799 4939 3122 5012 posteriore,
3163 4941 3438 5012 ζητοῦσιν,
3472 4939 3656 5001 “secus

2081 5021 2243 5080 atque
2262 5011 2391 5084 legit
2412 5009 2660 5084 lustinus
2679 5009 2880 5082 Mariyr
2906 5013 2960 5066 in
2983 5012 3206 5081 Dialogo
3219 5009 3349 5065 'cum
3380 5013 3659 5084 Tryphone

2120 5079 2207 5152 ag.
2257 5080 2401 5146 9.42;
2434 5080 2492 5152 D7.
2538 5079 2924 5152 Hieronymus,
2956 5092 3011 5136 et
3059 5087 3116 5136 δ.
3144 5079 3600 5152 ἶῖγρτίιιιιιιέίίιι.
3641 5105 3656 5141 ι

2127 5153 2370 5205 esti-mou.
2412 5151 2664 5223 adversus
2712 5151 2928 5206 Juda'os
2975 5167 3098 5220 cap.
3126 5152 3188 5204 21
3213 5151 3512 5223 {itemque
3548 5157 3655 5212 Ire-

2079 5238 2233 5294 ruens
2278 5223 2374 5275 lib.
2423 5237 2481 5274 ιιι
2527 5221 2792 5276 Adversus
2839 5224 3086 5286 haereses,
3122 5237 3244 5292 cap.
3288 5224 3345 5288 5,
3396 5221 3653 5294 quicum

2079 5290 2330 5362 Nysseno
2387 5294 2749 5346 concordant.

2149 5364 2261 5430 (t9)
2286 5360 2416 5427 Quae
2441 5362 2803 5418 semicirculis
2833 5363 3207 5427 ittcltmunlttt‘,
3244 5371 3444 5418 desunt
3474 5363 3528 5419 in
3565 5383 3649 5420 re-

2074 5433 2303 5486 centiori
2336 5430 2600 5502 Vaticano
2629 5434 2838 5494 codice,
2877 5442 2930 5487 et
2963 5434 3017 5487 in
3051 5435 3177 5494 alio,
3229 5449 3339 5502 quo
3387 5449 3523 5490 usus
3567 5446 3653 5491 est

2076 5500 2632 5573 Siphanns._thetur
2657 5513 2834 5555 autem
2866 5506 3138 5572 respicere
3159 5500 3438 5572 Nyssenus
3465 5505 3530 5559 ad
3574 5509 3651 5561 lo-

2073 5570 2220 5646 cum,
2248 5571 2509 5646 ni_fal_lor,
2548 5570 2694 5627 Isaia:
2725 5589 2918 5638 xxxiii,
2954 5570 3041 5643 17,
3066 5576 3157 5629 ubi
3187 5570 3284 5640 ait,
3320 5575 3509 5646 [legem
3532 5594 3650 5631 cum

2071 5644 2245 5713 gloria
2279 5641 2539 5713 videbitis.

2143 5715 2258 5781 (20)
2295 5712 2520 5784 Comma
2545 5711 2688 5784 istud
2720 5729 2892 5784 usque
2919 5713 2984 5767 ad
3017 5716 3107 5770 illa
3133 5716 3316 5779 verba,
3339 5718 3432 5770 καὶ
3455 5717 3644 5784 ἔξοδοι,

2073 5799 2184 5840 ιιοιι
2219 5783 2452 5840 habetur
2479 5783 2536 5839 in
2565 5781 2973 5841 llomana'LXX
3000 5787 3359 5857 lnterprctum
3384 5781 3641 5853 editione,

3339 5884 3376 5943 7
