4096 6354
446 299 560 351 202»

1701 295 1759 353 8.
1788 295 2118 354 GREGORII
2142 296 2442 403 NYS’SEM

3618 303 3724 362 τοι

455 412 526 465 ab
583 411 761 476 initio,
819 427 886 469 ex
937 413 1131 470 diebus
1180 415 1368 470 saeculi
1405 414 1474 468 ⁸⁵.
1524 432 1545 468 ι
1581 414 1818 486 Moyses,
1856 435 1875 467 ι
1905 415 2034 469 Pro-

2141 415 2309 482 ἕξοδοι
2335 417 2503 473 αὑτοῦ
2537 419 2634 472 ἀπ’
2679 419 2852 491 ἀρχῆς
2896 419 2990 488 ἀφ’
3032 418 3254 490 ἡμερῶν
3303 416 3496 483 αἰῶνος
3530 417 3662 492 (21).
3697 440 3719 475 ι

456 504 674 573 pbetam
726 507 1017 562 suscitabit
1064 509 1217 564 vobis
1270 507 1533 563 Dominus
1568 506 1710 563 Deus
1758 520 1939 563 vester
1967 524 2035 562 ex

454 592 721 652 fratribus
762 598 985 669 vestris,
1032 599 1176 669 sicut
1215 614 1346 665 me;
1399 600 1579 670 ipsum
1616 598 1852 655 audietis
1877 599 2036 670 juxta

453 690 682 754 omnia,
738 706 1097 762 quaecunque,
1154 692 1370 749 locutus
1465 690 1629 746 fuerit
1705 692 1860 747 vobis
1913 710 1928 747 :
1974 700 2036 746 et

451 782 593 848 erit,
632 783 950 854 quicunque
1007 800 1117 839 non
1172 783 1410 840 audierit
1449 785 1770 856 prophetam
1831 785 2033 850 illum,

454 867 805 938 disperdetur
822 871 894 926 “.
925 890 945 925 ι

526 959 682 1016 Multi
743 963 1023 1034 propheta:
1078 964 1328 1020 suscitati
1381 974 1535 1022 sunt.
1591 964 1668 1022 De
1705 982 1815 1037 quo
1904 982 2035 1039 ergo

455 1066 648 1108 eorum
693 1054 982 1125 loquitur?
1011 1055 1116 1123 Qui
1169 1071 1299 1112 vero
1328 1057 1715 1124 suscitabitur,
1753 1059 1923 1129 legem
1965 1076 2035 1116 ne

456 1141 658 1214 lloysis
689 1143 939 1208 docebit,
992 1160 1063 1199 an
1117 1144 1323 1201 aliam?
1357 1145 1411 1201 Si
1453 1146 1658 1219 Moysis
1708 1149 1927 1219 quidem
1965 1150 2037 1205 le-

453 1248 607 1305 gem,
652 1233 722 1289 ad
762 1233 894 1305 quid
963 1250 1369 1306 supervacanea
1429 1237 1657 1294 alterius
1718 1239 2028 1303 suscitatio,

454 1338 583 1378 cum
617 1320 834 1395 Moyses
890 1322 1163 1380 subiciat?
1221 1325 1318 1379 Sin
1374 1335 1556 1382 autem
1618 1327 2035 1396 aliam,dir.ant

451 1431 578 1486 qua:
621 1416 719 1484 sit,
773 1423 829 1473 et
876 1432 1127 1489 quamam
1166 1417 1285 1486 ejus
1338 1418 1590 1475 doctrina
1619 1462 1635 1486 ,
1690 1428 1747 1475 et
1801 1422 2033 1491 quinam

452 1506 724 1580 Propheta
762 1508 917 1580 ipse?
944 1509 1114 1566 Nemo
1169 1512 1318 1567 enim
1385 1512 1691 1584 alienigena
1731 1514 2035 1585 quidquam

451 1616 640 1656 earum
667 1616 848 1657 rerum
899 1617 1022 1673 qua:
1052 1602 1122 1658 ad
1169 1603 1341 1670 legem
1388 1603 1689 1674 pertinent,
1723 1606 1812 1661 vel
1856 1606 2032 1677 petiit,

454 1695 536 1752 vel
592 1696 822 1751 edoctus
886 1694 991 1751 fuit
1037 1695 1109 1752 ab
1141 1695 1245 1751 eis.
1289 1696 1429 1762 Quin
1473 1704 1529 1753 et
1572 1698 1814 1754 universi
1889 1697 2035 1755 Deus

453 1786 864 1857 praedictionem
905 1786 975 1842 de
1029 1788 1325 1858 semetipso
1373 1787 1574 1843 factam
1644 1788 2029 1855 conﬁrmavit,
2063 1780 2108 1837 Β

453 1878 585 1933 dum
637 1878 816 1948 inquit
839 1917 856 1943 ,
894 1895 913 1929 ι
950 1878 1120 1934 Recte
1161 1877 1346 1934 omnia
1377 1878 1546 1935 locuti
1598 1890 1751 1936 sunt.
1784 1879 2030 1952 Prnpbe-

454 1979 564 2025 tam
597 1972 679 2027 eis
707 1972 987 2028 suscitabo
1014 1988 1079 2026 ex
1116 1973 1296 2028 medio
1322 1973 1551 2027 fratrum
1598 1974 1842 2043 ipsorum
1865 2014 1881 2038 ,
1930 1976 2034 2030 sic-

454 2072 515 2118 ut
574 2071 627 2119 te
670 2082 686 2119 ;
737 2072 792 2118 et
831 2063 976 2120 dabo
1027 2064 1250 2121 verbum
1296 2080 1476 2121 meum
1527 2067 1579 2119 in
1619 2081 1717 2122 ore
1761 2066 1881 2136 ejus
1910 2067 1977 2120 ⁵⁷.
2005 2086 2025 2120 ι

451 2155 751 2228 Ρυνιιειιιίο
775 2158 942 2228 igitur
973 2158 1082 2217 vim
1138 2158 1304 2230 bujus
1335 2159 1466 2213 dicti
1494 2176 1510 2224 ;
1540 2175 1721 2231 neque
1748 2155 1919 2214 enim‘
1940 2161 2030 2215 alii

453 2249 731 2322 prepbetaa
761 2250 901 2305 dixit
945 2265 1007 2306 se
1036 2249 1256 2306 dedisse
1291 2250 1560 2318 verbum;
1601 2266 1729 2306 nam
1782 2251 1863 2307 illi
1916 2268 2035 2307 ser-

452 2357 646 2398 vorum
680 2357 831 2398 more
883 2342 1257 2398 ministrantes
1279 2383 1301 2409 ,
1355 2341 1649 2398 dicebant:
1689 2361 1711 2396 ι
1747 2341 1875 2398 Haec
1900 2342 2034 2398 dicit

452 2432 736 2490 Dominus.
779 2452 799 2486 ι
848 2432 949 2489 llic
990 2449 1126 2489 vero
1175 2432 1367 2490 eadem
1395 2472 1413 2499 ,
1448 2447 1559 2505 qua
1592 2432 1777 2501 Pater,
1834 2443 2030 2489 aucto-

453 2529 618 2584 ritate
648 2527 867 2598 leproso
912 2526 1168 2590 dicebat,
1220 2545 1243 2578 ι
1284 2524 1441 2591 Volo,
1470 2527 1713 2583 mundus
1762 2534 1883 2582 esto
1903 2527 1972 2582 ⁸⁸.
2008 2548 2027 2581 ι

452 2620 683 2677 Mortuis
744 2635 965 2692 quoque
995 2619 1234 2684 dicebat,
1269 2639 1287 2673 ι
1320 2619 1681 2683 Adolescens,
1713 2619 1815 2675 tibi
1864 2614 1988 2675 dico
2013 2659 2030 2683 ,

454 2729 620 2785 surge
642 2714 754 2776 ⁸⁸.»
792 2720 868 2776 et,
914 2730 934 2765 ι
973 2710 1199 2772 Lazare.
1236 2712 1359 2767 veni
1387 2711 1540 2768 foras
1564 2712 1634 2768 ⁶⁰.
1669 2730 1692 2764 ι
1724 2710 2036 2767 Comminu-

342 2802 349 2811 ί
454 2814 546 2861 tur
583 2806 746 2872 mari;
779 2813 836 2860 et
868 2804 1159 2876 spiritibus
1202 2818 1330 2859 cum
1365 2810 1638 2875 potestate
1666 2802 1824 2869 dicit,
1864 2821 1884 2855 ι
1924 2803 2036 2858 Ta-

453 2913 538 2961 ce.
589 2898 910 2954 obmutesce
933 2896 1000 2951 σί.
1033 2915 1054 2949 ι
1106 2894 1252 2960 Quid
1306 2904 1489 2951 autem
1529 2895 1637 2952 sibi
1684 2895 1814 2952 velit
1858 2896 2031 2961 illud,

459 3010 481 3045 ι
505 2989 832 3059 Prophetam
858 2991 1002 3046 sicut
1029 2996 1140 3054 te,»
1172 2988 1221 3043 si
1257 2985 1462 3060 Moysis
1483 2987 1657 3058 legem
1689 3001 1817 3043 cum
1874 2987 2035 3044 Chri-

453 3083 527 3140 sti
575 3082 693 3153 lege
723 3079 1250 3152 comparaverimus,
1289 3079 1442 3134 nullo
1490 3078 1714 3151 negotio
1761 3079 2034 3151 intellige-

452 3190 601 3238 mus,
656 3173 932 3243 simulque
982 3187 1174 3228 eorum
1209 3170 1502 3227 verborum
1564 3179 1804 3227 mentem
1878 3186 2032 3227 asse-

452 3280 704 3337 quemur,
765 3279 889 3336 qua:
945 3263 1158 3334 Moyses
1192 3262 1247 3316 in
1298 3262 1416 3333 lege
1449 3262 1714 3332 protulit,
1750 3262 1882 3317 dum
1932 3261 2030 3327 ait,

453 3358 574 3415 Non
617 3359 781 3414 licere
830 3356 899 3425 ad
945 3355 1067 3426 ejus
1116 3354 1374 3419 mandata
1420 3352 1704 3424 quidpiam
1756 3352 2027 3423 adjicere,

455 3466 557 3507 nec
606 3451 681 3505 ab
735 3448 942 3504 eisdem
1001 3445 1217 3502 auferre
1275 3446 1343 3500 “.
1395 3443 1665 3503 Praeterea
1717 3444 1846 3499 dum
1920 3444 2030 3509 ait,

461 3563 481 3596 ι
522 3541 709 3613 Ipsum
738 3538 969 3596 audietis
1004 3535 1162 3607 juxta
1227 3534 1448 3596 omnia,
1498 3549 1841 3605 quaecunque
1880 3533 2035 3587 locu-

455 3612 562 3692 tusi
583 3612 748 3690 fuerit
784 3632 941 3688 vobis
979 3631 1049 3697 ⁸³,
1095 3650 1116 3682 ι
1170 3628 1444 3699 signiﬁcat
1480 3627 1859 3683 excellentiam
1910 3627 2033 3695 ejus

456 3730 526 3785 de
547 3744 656 3798 quo
695 3724 1110 3799 praedicebantur.
1145 3723 1315 3778 lsaias
1340 3760 1357 3786 ,
1388 3739 1410 3773 ι
1454 3720 1598 3776 Ecce
1634 3718 1778 3775 Deus
1821 3726 2032 3785 noster,

455 3837 586 3880 ecce
610 3820 873 3875 Dominus
917 3833 1040 3875 cum
1077 3815 1399 3872 fortitudine
1428 3813 1600 3877 venit,
1643 3823 1698 3868 et
1744 3811 2032 3867 brachium

456 3931 581 3972 cum
651 3912 1024 3969 dominatione
1042 3910 1111 3965 “.
1144 3929 1165 3964 ι
1215 3908 1384 3963 David
1416 3948 1432 3972 ,
1467 3927 1486 3960 ι
1512 3905 1726 3962 Juravit
1772 3905 2034 3962 Dominus

430 4009 631 4066 David
655 4008 959 4068 veritatem,
995 4013 1050 4060 et
1081 4017 1195 4058 non
1226 4000 1582 4057 frustrahitur
1618 4014 1739 4055 eam
1766 4015 1779 4050 :
1813 3996 1889 4053 De
1920 3996 2035 4051 fru-

456 4113 552 4156 ctu
596 4099 806 4156 ventris
850 4097 933 4151 tui
989 4109 1187 4166 ponam
1218 4106 1384 4162 super
1417 4092 1621 4145 sedem‘
1649 4097 1799 4144 tuam
1823 4088 1889 4141 ‘5.
1923 4106 1941 4140 ι
1970 4085 2036 4143 Et

457 4209 675 4258 rursus,
715 4211 734 4245 ι
765 4190 1017 4262 Disposui
1047 4193 1434 4243 testamentum
1467 4182 1657 4239 electis
1680 4180 1838 4237 meis.
1867 4178 2034 4236 Jura-

453 4287 513 4342 vi
559 4283 731 4341 David
781 4297 942 4339 servo
982 4294 1106 4335 meo
1138 4296 1152 4334 :
1190 4276 1376 4345 Usque
1407 4275 1463 4328 in
1521 4282 1785 4329 aeternum
1826 4286 2038 4342 praepa-

455 4379 593 4435 rabo
616 4389 802 4435 semen
858 4381 1037 4436 tuum,
1087 4377 1142 4424 et
1180 4362 1464 4423 aedificabo
1498 4364 1553 4419 in
1606 4363 2034 4434 generationem,

2139 511 2368 581 Μωσῆς,
2394 528 2412 561 ι
2457 511 2754 581 Προφήτην
2792 512 2920 581 ὑμῖν
2970 510 3265 581 ἀναστήσει
3322 509 3520 582 Κύριος
3551 510 3664 581 (22)
3697 514 3727 564 ὁ

2138 602 2268 666 Θεὸς
2306 603 2462 674 ἡμῶν
2494 606 2558 658 ἐκ
2599 602 2706 657 τῶν
2752 601 2997 672 ἀδελφῶν
3049 602 3225 673 ὑμῶν,
3266 601 3342 665 ὡς
3388 602 3511 672 ἐμέ·
3558 602 3724 655 αὑτοῦ

2128 681 2436 748 ἀκούσεσθε
2462 694 2607 750 κατά
2648 695 2860 759 πάντα,
2900 693 3000 747 ὃσα
3030 691 3097 747 ἂν
3127 692 3351 765 λαλήσει
3390 692 3528 764 πρὸς
3555 693 3721 763 ὑμᾶς·

2137 785 2232 841 καὶ
2270 784 2449 853 ἔσται,
2486 785 2547 850 ὃς
2587 785 2654 840 ἂν
2700 784 2777 858 μὴ
2803 785 3014 859 ἀκούσῃ
3038 784 3133 840 τοῦ
3169 786 3450 858 προφήτου
3490 785 3722 850 ἐκείνου,

2135 877 2668 951 ἐξολοθρευθήσεται.
2708 897 2727 930 ι

2207 971 2401 1027 Πολλοὶ
2434 972 2738 1041 ἀνέστησαν
2776 973 3073 1042 προφῆται.
3101 966 3251 1043 Ἀρα
3281 970 3408 1042 περὶ
3444 970 3598 1025 ποίου
3626 969 3727 1025 αὑ-

2134 1063 2244 1118 τῶν
2270 1063 2454 1133 λέγεις
2496 1055 2666 1126 Οὗτος
2692 1062 2751 1116 δὲ
2783 1063 2812 1115 ὁ
2844 1061 3304 1134 ἀναστησόμενος,
3336 1057 3448 1134 ἆρα
3484 1062 3552 1115 τά
3589 1063 3725 1116 Μω-

2137 1154 2274 1219 σέως
2308 1154 2546 1223 διδάξει,
2589 1154 2624 1227 ἦ
2673 1155 2872 1226 ἓτερας
2911 1155 2976 1208 Ei
3008 1154 3110 1227 μὲν
3145 1154 3215 1208 τά
3254 1154 3533 1218 Μωσέως,
3576 1154 3637 1206 τί
3660 1152 3724 1208 τὸ

2135 1247 2450 1319 περίεργον,
2496 1246 2656 1302 ἄλλον
2712 1247 3011 1318 ἀναστῆναι
3064 1245 3360 1320 ἀρκοῦντος
3441 1246 3723 1310 Μωσέως;

2134 1342 2200 1395 Εἰ
2229 1340 2287 1394 δὲ
2314 1341 2501 1413 ἕτερα,
2532 1339 2866 1404 εἰπάτωσαν,
2897 1342 2992 1395 καὶ
3033 1344 3165 1396 ποῖα
3189 1337 3260 1412 ἦν
3299 1340 3372 1395 τά
3414 1340 3724 1411 διδάγματα

2134 1431 2301 1486 αὑτοῦ
2321 1473 2338 1498 ,
2374 1434 2470 1486 καὶ
2495 1432 2582 1497 τίς
2609 1433 2639 1485 ὁ
2679 1435 3002 1507 προφήτης;
3040 1433 3152 1488 τῶν
3182 1433 3294 1505 γὰρ
3320 1433 3724 1505 νενομισμένων

2135 1524 2312 1590 οὐδεὶς
2339 1523 2563 1592 ἔξωθεν,
2596 1526 2633 1597 ἢ
2666 1523 2925 1594 ἐδίδαξεν,
2964 1527 2999 1598 ἢ
3047 1526 3218 1598 ᾔτησε
3259 1526 3392 1601 παρ’
3429 1525 3609 1580 αὐτῶν
3644 1542 3721 1579 τι.

2135 1617 2248 1671 Καὶ
2274 1616 2437 1682 αὐτὸς
2457 1617 2518 1677 δὲ
2540 1617 2570 1670 ὁ
2598 1616 2707 1672 τῶν
2727 1617 2864 1672 ὅλων
2888 1616 3021 1683 Θεὸς
3047 1617 3295 1689 ἐκύρωσε
3320 1615 3437 1689 (23)
3465 1615 3565 1689 τὴν
3589 1616 3722 1688 περὶ

2134 1707 2331 1765 ἑαυτοῦ
2366 1709 2722 1780 προφητείαν,
2761 1708 2953 1774 εἰπὼν,
3001 1728 3021 1763 ι
3067 1709 3275 1781 Ὀρθῶς
3309 1709 3487 1764 πάντα
3526 1708 3722 1778 ἐλάλη-

2133 1817 2235 1856 σαν
2251 1816 2267 1832 ·
2300 1802 2595 1874 Προφήτην
2613 1802 2795 1867 αὐτοῖς
2819 1802 3113 1873 ἀναστήσω
3136 1802 3204 1857 ὲκ
3232 1801 3401 1872 μέσου
3428 1801 3538 1856 τῶν
3566 1801 3724 1855 ἀδελ-

2133 1893 2251 1963 φῶν
2278 1893 2479 1957 αὐτῶν,
2498 1892 2690 1965 ῶσπερ
2723 1893 2818 1969 σέῤ
2847 1894 2943 1947 καὶ
2968 1892 3126 1948 δώσω
3152 1893 3214 1947 τὸ
3243 1892 3398 1964 ῥῆμά
3421 1909 3524 1962 μου
3557 1894 3618 1946 ὲν
3642 1891 3727 1960 τῷ

2135 1983 2363 2055 στόματι
2386 1982 2573 2038 αὐτοῦ.
2605 2002 2627 2036 ι
2669 1984 2868 2038 Σκόπει
2892 1979 2986 2038 οῦν
3019 1983 3117 2055 τὴν
3149 1982 3382 2056 δύναμιν
3403 1983 3497 2038 τοῦ
3529 1983 3722 2056 ῥητοῦ.

2133 2075 2270 2129 Οὐδὲ
2291 2075 2400 2146 γάρ
2427 2075 2572 2147 ἄλλῳ
2602 2077 2857 2149 προφήτῃ
2881 2069 3003 2129 εἶπε
3035 2075 3324 2130 δεδωκέναι
3363 2077 3533 2147 ῥῆμα·
3564 2060 3724 2151 αὐτο).

2132 2168 2242 2240 γὰρ
2271 2168 2653 2241 δουλοπρεπῶς
2680 2168 3052 2232 διακονοῦντες
3083 2168 3270 2236 ἔλεγον
3292 2184 3307 2201 θ
3344 2185 3364 2219 ι
3399 2167 3538 2222 Τάδε
3567 2168 3724 2237 λέγει

2133 2261 2362 2332 Κύριος.
2405 2280 2425 2313 ι
2460 2260 2632 2324 Αὐτὸς
2659 2260 2717 2314 δὲ
2749 2263 2887 2315 κατὰ
2913 2260 2975 2314 τὸ
3002 2260 3267 2333 πατρικὸν
3297 2259 3538 2332 ἀξίωμα,
3569 2259 3725 2327 ἔλεγε

2129 2350 2212 2422 τῷ
2235 2350 2457 2423 λεπρῷ,
2507 2369 2527 2404 ι
2566 2351 2748 2416 Θέλω,
2778 2350 3163 2425 καθαρίσθητι.
3206 2371 3227 2404 ι
3266 2352 3392 2416 Τοῖς
3419 2350 3727 2418 τεθνεῶσι,

2139 2462 2160 2495 ι
2186 2443 2456 2496 Νεανίσκε
2486 2442 2624 2513 (94),
2653 2443 2738 2496 σοὶ
2759 2443 2924 2511 λέγω,
2951 2442 3224 2516 ἐγέρθητι·
3241 2460 3260 2494 ι
3290 2443 3408 2508 καὶ,
3430 2460 3451 2499 ι
3480 2442 3723 2515 Λάζαρε,

2132 2534 2290 2608 δεῦρο
2310 2535 2435 2601 ἔξω.
2466 2554 2486 2588 ι
2518 2536 2598 2606 Τῇ
2620 2536 2867 2609 θαλάσσῃ
2891 2537 3139 2607 ἐπιτιμᾷ,
3163 2537 3389 2599 καὶτοῖς
3415 2535 3730 2605 πνεύμασιν

2134 2627 2192 2679 ὲν
2219 2625 2435 2696 ἐξουσίᾳ
2455 2667 2474 2692 ,
2506 2625 2702 2695 λέγων,
2755 2645 2774 2677 ι
2802 2625 3027 2690 Σιώπα,
3058 2625 3370 2696 πεφίμωσο.
3410 2643 3430 2676 ι
3458 2624 3522 2677 Τί
3550 2624 3605 2678 δὲ
3626 2623 3689 2677 τὸ
3708 2661 3725 2683 .

2141 2737 2161 2770 ι
2185 2720 2479 2790 Προφήτην
2498 2718 2689 2790 ῶσπερ
2713 2718 2809 2782 σέ;
2833 2737 2854 2771 ο
2873 2716 3358 2789 Ἀντιπαραθέντες
3385 2714 3455 2769 τὰ
3480 2714 3728 2779 Μωσέως

2133 2813 2246 2874 τοῖς
2277 2810 2514 2880 Χριστοῦ
2546 2809 2662 2881 (25)
2712 2810 3021 2881 εὑρήσομεν
3063 2809 3158 2862 ἐπὶ
3190 2807 3408 2879 σχολῆς,
3443 2806 3539 2860 καὶ
3588 2806 3730 2860 αὐτὸ

2133 2903 2194 2958 δὲ
2221 2902 2284 2957 τὸ
2315 2902 2604 2975 εἰρημένον
2652 2901 2759 2956 ὑπὸ
2795 2901 3040 2965 Μωσέως
3083 2902 3141 2955 ὲν
3167 2899 3245 2971 τῷ
3283 2899 3467 2970 νόμῳ,
3497 2899 3580 2952 ὅτι
3619 2900 3727 2953 ούκ

2134 2994 2282 3049 ἐστιν
2308 2996 2393 3049 ἐπ’
2419 2993 2602 3048 αὐτῶν
2625 2993 2965 3065 προσθεῖναι,
2993 2993 3089 3047 καὶ
3112 2992 3215 3046 οὐκ
3246 2990 3394 3047 ἔστιν
3421 2990 3516 3045 ἀπ’
3542 2988 3728 3044 αὐτῶν

2134 3085 2374 3156 ἀφελεῖν.
2414 3080 2551 3139 Εἶτα
2592 3086 2690 3139 καὶ
2716 3083 2909 3147 εἰπὼν,
2962 3101 2982 3134 ι
3019 3080 3192 3136 Αὐτοῦ
3234 3081 3535 3137 ἀκούσεσθε
3580 3081 3732 3137 κατά

2135 3177 2335 3243 πάντα,
2373 3176 2475 3230 ὅσα
2526 3175 2595 3230 ἂν
2635 3173 2846 3246 λαλήσῃ
2893 3173 3031 3247 πρὸς
3076 3173 3256 3244 ὑμᾶς,
3295 3190 3316 3226 ι
3367 3172 3622 3243 σημαίνει
3664 3173 3734 3227 τὸ

2134 3269 2401 3341 ὑπέροχον
2446 3266 2561 3335 (26)
2602 3266 2695 3321 τοῦ
2743 3263 3245 3337 προφητευομένου.
3302 3263 3530 3327 Ἠσαίας
3584 3263 3726 3329 (27),

2139 3380 2159 3414 ι
2199 3361 2330 3416 Ἰδοὺ
2355 3362 2385 3414 ὁ
2413 3359 2547 3423 Θεὸς
2583 3357 2740 3431 ήμῶν
2777 3357 2922 3429 (28)·
2973 3357 3087 3412 ἰδοὺ
3121 3355 3328 3425 Κύριος
3372 3355 3508 3426 μετά
3543 3354 3731 3426 ἰσχύος

2133 3453 2388 3526 ἔρχεται,
2454 3450 2551 3505 καὶ
2595 3452 2625 3504 ὁ
2680 3448 2919 3523 βραχίων
2966 3447 3107 3520 μετά
3166 3447 3385 3521 κυρίας.
3443 3466 3463 3500 ι
3520 3445 3733 3511 Δασὶδ,

2139 3561 2159 3596 ι
2196 3544 2401 3614 Ὤμοσε
2429 3540 2636 3612 Κύριος
2660 3539 2737 3610 τῷ
2769 3538 2935 3592 Δαϐὶδ
2972 3538 3254 3611 ἀλήθειαν,
3289 3539 3385 3592 καὶ
3410 3538 3473 3593 οὐ
3503 3538 3578 3609 μὴ
3608 3538 3734 3592 ἀθε-

2132 3635 2290 3705 τήσει
2318 3633 2491 3704 αύτήν
2526 3632 2657 3703 (29)·
2698 3632 2798 3686 Ἐκ
2828 3630 3041 3703 καρποῦ
3072 3631 3173 3701 τῆς
3203 3631 3409 3695 κοιλίας
3437 3648 3532 3683 σου
3558 3629 3728 3700 θήσο-

2138 3744 2239 3799 μαι
2283 3726 2380 3779 ὲπὶ
2423 3724 2517 3778 τοῦ
2563 3722 2753 3797 θρόνου
2806 3740 2924 3779 σου.
2952 3742 2982 3791 1»
3024 3723 3135 3777 Καὶ
3175 3722 3358 3787 πάλιν,
3401 3740 3423 3773 ι
3455 3721 3731 3799 Διεθέμην

2133 3798 2398 3891 διαθήκην
2418 3819 2533 3881 τοῖς
2557 3816 2835 3880 ἐκλεκτοῖς
2866 3833 2991 3887 μου.
3025 3817 3240 3885 ’Ὧμοσα
3259 3814 3426 3869 Δασὶδ
3443 3814 3521 3886 τῷ
3551 3798 3730 3884 δούλῳ

2139 3927 2241 3982 μου
2268 3926 2284 3940 ο
2324 3910 2470 3972 Ἕως
2492 3907 2587 3962 τοῦ
2610 3906 2808 3971 αίῶνος
2836 3905 3110 3979 ἑτοιμάσω
3134 3905 3195 3960 τὸ
3232 3905 3455 3977 σπέρμα
3480 3921 3596 3970 σου,
3627 3906 3730 3960 καὶ

2135 4004 2476 4075 οἰκοδομήσω
2508 4003 2591 4067 εἰς
2622 4002 2819 4072 γενεὰν
2850 4002 2945 4056 καὶ
2969 3999 3162 4070 γενεὰν
3197 3999 3288 4053 τὸν
3323 3998 3511 4071 θρόνον
3540 4014 3658 4053 σου.
3699 4019 3719 4053 ι

2148 4095 2237 4150 Ἐν
2266 4098 2378 4159 τοῖς
2397 4093 2916 4166 Παραλειπομένοιςο
2951 4112 2971 4144 ι
3002 4093 3112 4146 Καὶ
3135 4091 3291 4146 ἔσται
3326 4091 3453 4145 ὅταν
3487 4091 3728 4162 πληρω-

2138 4181 2306 4235 θῶσιν
2338 4183 2393 4235 αί
2433 4182 2642 4254 ήμέραι
2677 4197 2797 4247 σου,
2827 4180 2922 4235 καὶ
2952 4180 3269 4254 κοιμηθήσῃ
3296 4179 3437 4250 μετά
3464 4179 3575 4234 τῶν
3613 4197 3728 4234 τια-

2132 4272 2313 4337 τέρων
2349 4288 2466 4326 σου.
2500 4271 2612 4324 Καὶ
2639 4271 2931 4342 ἀναστήσω
2973 4270 3035 4325 τὸ
3079 4269 3303 4342 σπέρμα
3338 4286 3432 4324 σου
3462 4269 3603 4341 μετὰ
3640 4274 3726 4335 σὲ,

2136 4362 2167 4416 ὃ
2192 4363 2305 4433 (50)
2337 4361 2489 4416 ἔσται
2525 4363 2592 4416 ὲκ
2619 4361 2719 4433 τῆς
2754 4361 2963 4425 κοιλίας
3000 4378 3095 4414 σου
3118 4399 3134 4426 ,
3174 4361 3268 4414 καὶ
3307 4360 3583 4431 ἑτοιμάσω
3623 4361 3731 4432 τὴν

432 4479 513 4535 πει
555 4466 962 4541 generationem
995 4462 1183 4518 sedem
1215 4467 1366 4514 tuam
1385 4458 1455 4514 “.
1489 4476 1511 4511 ι
1559 4456 1620 4513 ιιι
1659 4453 2034 4522 Paralipome-

2140 4451 2417 4525 βασιλείαν
2457 4450 2646 4507 αὐτοῦ.
2693 4452 2865 4515 Αὐτὸς
2911 4450 3257 4523 οίκοὸομήσει
3290 4468 3380 4522 μοι
3416 4446 3596 4505 οἷκον*
3630 4453 3731 4507 καὶ

461 4597 464 4600 ά
531 4632 578 4663 ⁸⁵
602 4629 765 4684 Micb.
808 4643 863 4687 ν,
904 4626 960 4681 9..

1037 4626 1082 4657 '°
1123 4623 1279 4679 Deut.
1320 4635 1479 4682 xvln,
1524 4619 1614 4678 15,
1670 4616 1762 4675 i9.
1841 4616 1884 4648 ⁸⁷
1928 4615 2034 4671 Deu

2135 4631 2288 4681 xvm,
2327 4614 2422 4679 i5,
2461 4612 2549 4669 IS.
2625 4614 2674 4646 ”
2713 4611 2907 4667 Matth.
2950 4626 3075 4670 vm,
3118 4612 3171 4666 5.

3249 4612 3296 4643 ⁵⁸
3324 4610 3459 4666 Luc.
3495 4628 3590 4677 vn,
3639 4613 3726 4672 14.

460 4703 507 4735 ⁸ο
535 4679 804 4758 ,Ιοᾷιιξῖμ
828 4679 937 4753 ἐὸί
994 4697 1036 4728 ⁸⁸
1060 4694 1225 4749 Marc.
1255 4710 1294 4760 I,
1330 4692 1424 4746 ‘25.
1467 4679 1475 4682 ⁷
1500 4690 1544 4721 ⁸⁸
1567 4687 1725 4742 Deut.
1757 4702 1854 4752 xu,
1881 4686 1969 4741 '52.

2135 4684 2271 4744 )eut.
2305 4700 2464 4748 xvm,
2489 4685 2580 4740 £8.
2662 4684 2707 4714 “
2730 4685 2835 4738 lsa.
2873 4698 2961 4747 ιιι,
2996 4682 3082 4737 10.
3164 4681 3209 4715 ⁸⁵
3235 4679 3382 4738 Psal.
3413 4698 3602 4751 cxxxr,
3630 4684 3728 4741 41.

460 4773 508 4805 ⁸⁸
535 4771 684 4827 Psal.
711 4784 976 4832 Lxxxvm,
1010 4767 1067 4829 4,
1102 4765 1157 4820 5.

457 4959 561 4999 nec
617 4938 761 5011 apud
798 4935 1131 5060 Cgprianum
1154 4931 1299 5015 .lib..
1323 4944 1362 4982 ιι
1396 4927 1615 4999 Τεειὶηι.
1650 4925 1899 4979 adversus
1928 4921 2033 5005 In-

457 5014 624 5060 Αηιεοε-
645 5025 765 5060 ean.
800 5010 823 5060 1
875 5048 890 5060 .
931 5006 1024 5060 sed
1056 5004 1413 5057 nihilominus
1442 5004 1659 5053 exstant
1689 4994 1831 5060 apud
1870 4992 2033 5046 Justi-

456 4992 765 5079 ἦιὶοδξιῖιιρ.
800 4992 896 5069 ᾖ,
931 5006 1024 5061 sed
1056 4992 1419 5079 nihilominus
1442 5004 1674 5079 exstant-
1689 4992 2034 5079 aptldeu-sti-

610 5061 687 5136 ἰιῖ
705 5061 929 5147 Dialqu
967 5091 1085 5147 cum
1116 5072 1544 5147 Tryphon_e_pag.
1572 5066 1700 5128 505,
1726 5061 1788 5119 ’σι
1819 5061 2032 5147 Tertul-

460 5138 666 5208 lianum
684 5138 1334 5221 Ααυρνὲιιείιιάωοεξὰιιρ.
1351 5138 1438 5193 15.
1458 5138 1727 5221 (Igitr?qu
1750 5138 2036 5221 autiqlliior

462 5205 759 5277 viaticanus
806 5219 978 5275 codex
1024 5224 1151 5270 ante
1191 5205 1444 5275 verbum,
1497 5206 1688 5272 ἔξοδοι,
1739 5205 2033 5258 articulum

463 5302 650 5432 p0Egi.)
687 5360 873 5417 Codex
901 5356 1195 5419 recentior,
1224 5352 1332 5416 ἓως
1360 5349 1577 5413 αἰῶνος.
1613 5348 1691 5401 Ita
1721 5357 1776 5401 et
1809 5343 2039 5416 Siphani

461 5435 658 5575 ﬂigi
687 5499 840 5575 Haec_
869 5498 950 5575 de.
976 5494 1208 5575 Christo.
1233 5490 1530 5575 prophetia
1560 5483 2039 5575 diversisuverhis

462 5556 788 5646 exprii'nitur
828 5569 883 5623 in
897 5569 1160 5646 _Romana
1191 5556 1330 5617 LXX
1351 5556 2033 5646 interpretumlieditio‘ne;

463 5626 561 5702 sed
576 5626 871 5717 Nyssenus
897 5640 1182 5694 lectionem
1214 5634 1480 5717 sequitur,
1506 5626 1628 5702 Quae
1656 5629 1886 5683 habetur
1914 5626 2036 5680 Act.

463 5716 664 5843 “1295'
680 5783 862 5840 Codex
893 5778 1185 5845 recentior,
1222 5775 1320 5842 τὴν
1353 5772 1480 5844 περὶ
1520 5768 1707 5838 αὐτοῦ,
1735 5784 1843 5839 (ιιιο
1877 5777 2035 5839 pacto

2137 4929 2192 4978 et
2238 4920 2518 4991 Siphanus
2547 4920 2698 4991 legit.

2213 4988 2326 5061 (ἑά)
2367 4992 2420 5045 In
2455 4988 2645 5046 eodem
2692 4990 2884 5045 codice
2921 4989 3097 5053 deest,
3141 4989 3421 5055 νεανίσκε,
3472 5003 3571 5043 nec
3616 4988 3730 5045 ista

2141 5078 2244 5117 vox
2275 5064 2329 5116 in
2362 5061 2589 5130 Siphani
2621 5063 2878 5116 versione
2903 5068 3150 5129 apparet.

2218 5132 2332 5201 (25)
2369 5129 2554 5186 (iudex
2586 5132 2882 5201 antiquior,
2916 5135 3028 5193 τοῖς
3060 5130 3156 5183 τοῦ
3182 5129 3415 5201 Κυρίου.

2215 5203 2329 5271 (26)
2369 5202 2553 5256 Codex
2588 5204 2875 5261 vetustior,
2907 5202 3195 5271 ὑπερέχον.

2370 5272 2506 5346 litate
2534 5273 2807 5346 recentior
2833 5267 3031 5346 codex,
3065 5267 3347 5346 Σοφονίας.

2214 5337 2325 5413 (28)
2367 5342 2594 5413 Sipbaui
2621 5343 2815 5409 codex,
2858 5341 3033 5413 ὑμῶν,
3065 5351 3250 5406 vester,
3277 5340 3435 5410 juxta
3464 5337 3608 5394 LXX
3639 5341 3730 5396 In-

2140 5423 2438 5485 terpretum
2466 5413 2802 5485 editionem.
3026 5482 3073 5485 ι
3122 5483 3133 5485 Δ
3263 5456 3266 5460 Α

2214 5480 2327 5557 (‘29)
2365 5483 2549 5557 Codex
2596 5484 2886 5557 recentior,
2931 5491 2986 5537 et
3021 5482 3299 5557 Sinhanus
3341 5482 3495 5557 legit,
3536 5480 3725 5557 αὐτόν,

2144 5568 2202 5609 ιιι
2225 5553 2397 5610 etiam
2435 5555 2631 5623 legitur
2659 5553 2803 5625 apud
2831 5553 3089 5608 Irenaeum
3112 5554 3206 5607 lib.
3234 5568 3296 5607 ιιι
3328 5554 3592 5607 Adversus
3617 5554 3731 5606 Iuv-

2144 5643 2285 5682 reses
2316 5642 2437 5682 cat).
2475 5630 2527 5679 υ.

2213 5642 2687 5770 ἱξὸῗιῖῒξζ’θῖ;ἶιὶοιιθ
2717 5693 2853 5749 LXX
2884 5695 3248 5767 lntcrprctum
3273 5704 3379 5765 est,
3419 5698 3503 5766 ὃς,
3538 5700 3651 5767 qui.
