4096 6354
376 357 483 407 ’.ευὸ

1406 344 1830 402 TESTIMONIA
1866 342 2239 399 ADVERSUS
2270 342 2581 401 JUDIEOS.

3522 347 3627 402 906

375 468 669 541 ἀνορθώσω
701 470 800 542 τὴν
840 468 1113 538 βασιλείαν
1157 467 1323 523 αὐτοῦ
1364 470 1444 531 εἰς
1487 468 1577 521 τὸν
1611 467 1783 521 αἰῶνα
1812 466 1946 537 (51).

2062 466 2176 527 nis,
2224 484 2241 516 ι
2296 464 2362 520 Ει
2396 466 2523 532 erit,
2562 465 2784 536 quando
2816 464 3022 537 impleti
3073 466 3276 523 fuerint
3337 465 3455 521 dies
3511 474 3585 522 tui
3615 509 3631 531 ,

389 561 530 631 Ἐγὼ
564 559 760 632 ἔσομαι
780 561 930 630 αὐτῷ
966 563 1045 624 εἰς
1086 561 1335 632 Πατέρα,
1361 560 1456 613 καὶ
1479 559 1641 623 αὐτὸς
1673 558 1826 612 ἔσται
1864 574 1953 629 μοι

378 656 457 715 εἰς
487 653 632 715 Υἱὸν,
676 654 768 705 καὶ
792 651 855 705 τὸ
878 652 1022 715 ἔλεός
1055 669 1154 724 μου
1186 653 1288 705 οὐκ
1318 651 1612 721 ἀποστήσω
1641 650 1737 705 ἀπ’
1768 648 1952 713 αὑτοῦ,

379 741 561 805 καθὼς
599 742 884 812 ἀπέστησα
922 741 1033 794 ἀπὸ
1073 740 1183 795 τῶν
1219 739 1531 811 ἔμπροσθέν
1566 756 1681 791 σου.
1714 737 1830 817 ,Καὶ
1865 756 1955 790 πι-

380 832 572 887 στώσω
598 833 759 886 αὐτὸν
787 835 844 886 ὲν
868 833 1002 904 οἴκῳ
1030 850 1131 903 μου
1153 848 1166 861 ⁸
1189 833 1284 885 καὶ
1310 832 1345 902 ἡ
1381 830 1630 901 βασιλεία
1656 828 1818 883 αὑτοῦ
1841 830 1952 899 ('52)

379 924 482 987 ἓως
506 922 718 987 αἰῶνος·
758 926 851 977 καὶ
881 925 910 976 ὁ
941 924 1129 994 θρόνος
1161 922 1326 977 αὐτοῦ
1373 923 1527 976 ἔσται
1564 920 1955 992 ἀνωρθωμένος

380 1015 484 1078 ἕως
515 1014 727 1078 αἰῶνος.
766 1033 785 1066 ι
835 1012 1118 1085 Σολομὼν,
1171 1032 1192 1064 ι
1227 1012 1337 1065 Καὶ
1380 1010 1500 1074 νῦν,
1534 1011 1707 1080 Κύριε
1751 1012 1780 1063 ὁ
1823 1010 1955 1071 Θεὸς

394 1105 643 1177 Ἰσραὴλ,
672 1105 999 1176 πιστωθήτω
1045 1104 1110 1175 δὴ
1152 1103 1212 1156 τὸ
1241 1102 1394 1174 ῥῆμά
1436 1119 1532 1156 σου
1558 1101 1636 1171 τῷ
1685 1099 1848 1156 Δαϐὶδ
1877 1099 1954 1169 τῷ

381 1198 556 1269 Πατρί
586 1213 719 1267 μουο
752 1199 801 1249 εί
839 1196 1054 1267 ἀληθῶς
1089 1197 1203 1267 (55)
1237 1197 1550 1266 κατοικήσει
1589 1197 1619 1247 ὁ
1654 1194 1785 1257 Θεὸς
1818 1192 1958 1263 μετὰ

378 1287 685 1359 ἀνθρώπων
715 1288 808 1342 ἐπὶ
830 1288 926 1358 τῆς
947 1288 1071 1358 γῆς.
1110 1306 1130 1338 ι
1170 1286 1455 1358 Ἱερεμίας,
1489 1304 1509 1337 ι
1540 1286 1652 1340 Καὶ
1674 1283 1955 1355 ἄνθρωπός

381 1381 498 1432 ἐστι
515 1419 532 1445 ,
560 1379 656 1433 καὶ
680 1378 764 1443 τίς
789 1379 1059 1448 γνώσεται
1081 1378 1244 1431 αὐτόν
1268 1393 1284 1442 ;
1326 1396 1345 1428 ι
1378 1376 1578 1449 ’Λμὼςο
1600 1394 1622 1427 ι
1662 1374 1958 1431 Ἐπικαλεῖ-

382 1488 478 1524 στο
505 1470 620 1540 (54)
642 1471 734 1525 τὸν
771 1470 903 1524 Θεόν
934 1484 1047 1523 σοῦ’
1089 1469 1384 1540 ὲτοιμάζου
1405 1507 1421 1533 ,
1455 1468 1808 1539 Ἰερουσαλὴμ
1830 1507 1845 1527 ,
1876 1468 1957 1521 ὅτι

381 1560 492 1630 ἐγὼ
518 1561 752 1633 στερεῶν
793 1560 1041 1632 βροντὴν,
1072 1562 1168 1613 καὶ
1193 1560 1394 1623 κτίζων
1422 1559 1641 1631 πνεῦμα
1658 1598 1674 1621 ,
1698 1559 1793 1611 καὶ
1820 1559 1955 1612 ἀπο-

379 1653 617 1708 στέλλων
648 1655 729 1716 εἰς
760 1651 1081 1723 ἀνθρώπους
1107 1650 1198 1705 τὸν
1227 1651 1465 1723 Χριστόν
1497 1666 1599 1720 μου
1628 1649 1763 1720 (55),
1790 1647 1960 1703 ποιῶν

382 1744 598 1816 δρθρον,
626 1745 724 1800 καὶ
740 1743 990 1817 ὁμίχλην,
1016 1742 1109 1797 καὶ
1138 1742 1433 1797 ἐπιϐαίνων
1459 1741 1553 1795 ἐπὶ
1571 1742 1641 1796 τὰ
1663 1741 1844 1813 ὑψηλά
1862 1741 1961 1812 τῆς

2055 565 2110 611 et
2150 556 2443 611 dormieris
2476 570 2601 610 cum
2660 557 2907 627 patribus
2957 557 3090 621 tuis,
3139 566 3195 613 et
3240 558 3523 613 suscitabo
3554 574 3635 613 se-

2054 662 2177 702 men
2224 656 2378 701 tuum
2426 654 2551 717 post
2603 654 2689 712 te,
2722 648 2869 718 quod
2916 649 3022 702 erit
3074 649 3142 704 de
3187 658 3378 704 ventre
3434 657 3551 714 ιιιο,
3577 660 3634 704 et

2056 740 2258 810 parabo
2284 755 2511 809 regnum
2543 740 2685 810 ejus.
2724 739 2845 810 Ipse
2873 740 3162 796 aediﬁcabit
3212 741 3342 795 mihi
3379 741 3629 806 domum,

2054 840 2108 886 et
2160 832 2363 901 erigant
2424 845 2651 899 regnum
2706 830 2828 899 ejus
2869 831 2923 885 in
2976 832 3176 886 szecnla
3208 849 3222 885 :
3258 831 3370 902 Ego
3434 847 3531 885 ero
3579 832 3631 885 ei

2056 920 2109 972 in
2142 917 2381 980 Patrem,
2434 928 2489 973 et
2540 918 2655 987 ipse
2693 920 2799 972 erit
2829 918 2960 971 mihi
3000 920 3055 973 in
3100 904 3322 982 Filium,
3362 929 3413 974 et
3469 921 3633 974 mise-

2056 1009 2348 1064 ricordiam
2396 1024 2571 1063 meam
2630 1026 2737 1063 non
2784 1012 3074 1065 reinov’ebo
3108 1011 3179 1064 ab
3236 1029 3322 1073 eo,
3383 1014 3524 1066 sicut
3552 1028 3634 1067 re-

2056 1102 2199 1155 movi
2247 1101 2318 1154 ab
2379 1101 2447 1154 iis
2490 1100 2584 1170 qui
2631 1109 2788 1155 erant
2855 1110 2980 1156 ante
3018 1112 3090 1157 te.
3142 1102 3206 1156 Et
3241 1103 3473 1157 ﬁdeliter
3519 1112 3632 1158 sla-

2056 1199 2204 1244 tuam
2240 1206 2364 1245 enm
2419 1193 2474 1245 in
2517 1193 2680 1245 domo
2712 1208 2877 1259 mea;
2913 1204 2967 1247 et
3028 1210 3253 1264 regnum
3288 1196 3411 1262 cjus
3457 1210 3632 1265 usque

2057 1284 2113 1339 in
2160 1285 2464 1338 smcnlum:
2515 1290 2571 1336 et
2612 1284 2846 1338 thronus
2876 1284 2997 1352 ejus
3051 1284 3156 1338 erit
3192 1293 3410 1339 erectus
3459 1300 3634 1354 usque

2059 1375 2116 1429 in
2196 1375 2460 1430 saeculum
2484 1376 2551 1431 ⁸⁷.
2588 1393 2607 1427 ι
2673 1374 2935 1431 SalomOn
2969 1416 2985 1442 ,
3046 1395 3065 1428 ι
3100 1376 3165 1431 Ει
3205 1393 3351 1433 nunc
3406 1378 3635 1434 Domine

2058 1465 2203 1520 Deus
2242 1449 2429 1532 lsrael,
2478 1465 2637 1521 ﬁdele
2682 1468 2754 1523 sit
2791 1483 2980 1538 quaeso
3030 1470 3255 1523 verbum
3314 1479 3471 1526 tuum
3527 1471 3633 1524 Da-

2058 1556 2148 1611 vid
2195 1556 2337 1625 patri
2387 1566 2511 1612 meo
2541 1574 2557 1610 :
2591 1557 2636 1612 si
2676 1573 2802 1613 vere
2830 1559 3093 1614 habitavit
3138 1560 3316 1624 Dens,
3364 1576 3490 1616 cum
3537 1561 3634 1615 bo-

2059 1648 2298 1702 minibus
2353 1662 2520 1718 super
2548 1656 2749 1703 terram
2771 1649 2837 1704 ⁸⁸.
2876 1670 2894 1701 ι
2927 1649 3224 1718 Jeremias,
3276 1670 3299 1707 ι
3361 1650 3426 1707 Ει
3469 1652 3635 1707 homo

2058 1748 2164 1805 est,
2186 1748 2239 1797 et
2255 1740 2381 1811 quis
2401 1751 2693 1811 cognoscet
2711 1742 2951 1797 eum"?i
2977 1743 3167 1809 Amos,
3198 1763 3216 1795 ι
3240 1744 3434 1801 Invoea
3462 1744 3634 1799 Deum

383 1835 508 1907 γῆς.
543 1854 568 1889 ι
598 1836 877 1907 Μιχαίας,
922 1852 941 1886 ι
991 1833 1319 1895 Ἀκούσατε,
1359 1832 1479 1887 λαοὶ
1517 1832 1736 1896 πάντες,
1784 1830 1958 1900 λόγον,

2065 1838 2259 1886 tuum:
2304 1834 2632 1902 praeparare,
2690 1830 3021 1903 Jerusalem,
3080 1836 3343 1906 quoniam
3400 1851 3504 1907 ego
3544 1836 3637 1890 ﬁr-

381 1927 867 1998 καῐπροσεχέτωὴ
894 1926 967 1996 γῆ
997 1926 1129 1997 (56),
1158 1926 1252 1979 καὶ
1278 1926 1479 1988 πάντες
1504 1924 1557 1977 οἱ
1584 1921 1961 1984 κατοικοῦντες

384 2017 441 2070 ὲν
468 2017 635 2089 αὐτῇ·
662 2019 757 2071 καὶ
783 2017 935 2071 ἔσται
979 2016 1182 2087 Κύριος
1229 2018 1287 2069 ὲν
1318 2016 1449 2085 ἡμῖν
1501 2015 1582 2077 εἰς
1626 2012 1963 2084 μαρτύριον,

383 2106 588 2179 Κύριος
613 2109 677 2160 ὲκ
705 2105 835 2162 ναοῦ
863 2107 1019 2175 ἁγίου
1047 2104 1235 2167 αὑτοῦ,
1267 2105 1402 2158 διότι
1439 2105 1548 2158 ἰδοὺ
1576 2102 1777 2175 Κύριος
1801 2104 1980 2156 sitito-

382 2198 602 2270 ρεύεται
644 2199 709 2253 ἐκ
750 2198 845 2252 τοῦ
883 2199 1050 2252 τόπου
1094 2197 1297 2263 αὐτοῦ,
1342 2196 1712 2268 καταϐήσεται
1756 2196 1849 2250 ἐπὶ
1892 2194 1962 2249 τὰ

384 2290 565 2360 ὑψηλά
592 2290 691 2359 τῆς
723 2290 846 2361 γῆς.
888 2309 906 2341 ι

2065 1930 2224 1980 mans‘
2267 1925 2607 1989 tonitruum,
2641 1934 2696 1982 et
2740 1940 2937 1983 creans
2990 1927 3277 1997 spiritum,
3308 1939 3364 1983 et
3414 1930 3636 1983 mittens

2062 2013 2130 2067 ad
2184 2015 2435 2072 homines
2493 2016 2777 2073 Christum
2827 2034 3030 2082 meum,
3082 2019 3293 2076 faciens
3362 2035 3523 2074 mane
3584 2020 3640 2075 et

2063 2106 2340 2175 nebulam,
2379 2116 2437 2164 et
2493 2109 2797 2166 ascendens
2865 2126 3031 2182 super
3068 2112 3284 2168 excelsa
3330 2112 3576 2166 teme".
3613 2131 3633 2159 ι

2062 2197 2337 2263 Michaeas,
2376 2217 2395 2251 ι
2435 2200 2671 2265 Audite,
2720 2202 2907 2272 populi
2963 2218 3178 2269 omnes,
3214 2203 3401 2267 verba,
3454 2213 3507 2259 et
3539 2220 3639 2258 ait--

2064 2291 2266 2344 scultet
2291 2298 2460 2357 terra,
2493 2300 2548 2346 et
2570 2307 2761 2348 omnes
2785 2296 2880 2364 qui
2921 2294 3170 2349 habitant
3206 2295 3263 2351 in
3302 2310 3387 2351 ea.
3435 2296 3497 2351 Et
3534 2300 3638 2349 erit

388 2388 653 2442 Dominus
694 2387 756 2440 in
799 2387 955 2440 vobis
1016 2387 1072 2441 in
1105 2384 1517 2446 testimonium,
1575 2381 1837 2438 Dominus
1877 2398 1943 2438 ex
1986 2386 2185 2454 templo
2230 2395 2422 2440 sancto
2450 2402 2596 2453 suo;
2656 2390 2915 2459 quoniam
2980 2406 3111 2447 ecce
3176 2391 3442 2449 Dominus
3483 2410 3638 2465 egre.

386 2480 539 2535 ditur
586 2478 801 2533 deloco
852 2492 995 2540 suo,
1052 2485 1109 2531 et
1161 2475 1457 2531 descendet
1509 2488 1676 2544 super
1735 2487 1951 2529 excelsa
1992 2475 2236 2530 terrae".
2271 2496 2291 2527 ι

466 2573 525 2626 '0
566 2569 759 2625 Ἰακὼϐ
791 2572 850 2623 ὲν
882 2571 1000 2634 ταῖς
1026 2568 1287 2632 ἐντολαῖς,
1322 2587 1341 2619 ι
1376 2568 1491 2621 Ούκ
1516 2566 1753 2636 ἐκλείψει
1778 2566 1962 2637 ἄρχων

384 2662 447 2728 ἐξ
485 2661 655 2716 Ἰούδα
682 2662 777 2715 καὶ
809 2660 1107 2730 ἡγούμενος
1139 2659 1205 2711 ὲκ
1237 2658 1346 2711 τῶν
1394 2656 1583 2729 μηρῶν
1613 2655 1776 2710 αὐτοῦ
1797 2695 1812 2719 ,
1855 2655 1932 2708 ἕω

384 2748 448 2807 οῦ
468 2753 596 2826 ἔλθῃ
611 2752 722 2825 (57)
739 2747 783 2819 ᾧ
800 2749 1104 2805 ἀπόκειται.
1123 2750 1231 2803 Καὶ
1246 2748 1407 2812 αὐτὸς
1425 2747 1719 2818 προσδοκία
1736 2745 1927 2800 ἐθνῶν.

386 2846 648 2916 Βαλαὰμ,
688 2862 707 2895 ι
755 2842 1026 2896 Ἀνατελεί
1046 2841 1243 2912 ἄστρον
1266 2840 1324 2907 ἐξ
1360 2839 1574 2903 Ἰακὼϐ,
1614 2841 1708 2892 καὶ
1742 2837 1966 2909 ἄνθρω-

386 2954 489 3000 πος
515 2937 575 3002 ἐξ
613 2934 861 3007 Ἰσραὴλ,
898 2934 995 2987 καὶ
1038 2932 1263 3003 θραύσει
1295 2932 1420 2993 τοὺς
1462 2930 1737 3003 ἀρχηγοὺς
1766 2929 1964 2997 Μωάϐ,

2130 2566 2300 2623 Jacob
2358 2569 2412 2623 in
2465 2570 2757 2635 mandatis,
2796 2589 2817 2623 ι
2854 2570 2970 2626 Non
3011 2571 3226 2628 deﬁciet
3264 2574 3518 2645 princeps
3570 2592 3639 2629 ex

2060 2658 2223 2720 Juda.
2254 2676 2356 2716 nec
2386 2660 2497 2717 dux
2532 2663 2602 2716 de
2637 2661 2934 2719 femoribus
2963 2663 3105 2733 ejus,
3135 2664 3308 2720 donec
3336 2667 3519 2720 veniat
3548 2668 3638 2721 cui

2056 2749 2363 2817 repositum
2400 2759 2502 2805 est.
2540 2748 2604 2805 Et
2634 2751 2749 2821 ipse
2782 2760 2868 2807 est
2893 2755 3229 2823 exspectatio
3256 2757 3496 2826 gentimn
3518 2759 3585 2810 τ’.
3614 2778 3634 2809 ι

2067 2838 2311 2903 Balaam,
2360 2859 2379 2893 ι
2419 2842 2643 2898 Orietur
2688 2844 2844 2900 stella
2873 2859 2943 2899 ex
2974 2843 3164 2908 Jacob,
3195 2857 3249 2902 et
3279 2847 3442 2902 homo
3476 2865 3540 2904 ex
3564 2849 3643 2904 ls—

2067 2929 2179 2984 rael
2207 2949 2220 2983 :
2256 2938 2310 2985 et
2336 2932 2604 3001 percutiet
2631 2931 2802 2988 duces
2830 2932 3011 2997 Moab,
3061 2944 3115 2989 et
3141 2935 3471 3005 praedabitur
3501 2940 3640 2994 ﬁlios

385 3031 482 3083 καὶ
510 3025 865 3098 προνομεύσει
886 3027 1011 3088 τοὺς
1036 3025 1183 3086 υἱοὺς
1202 3023 1311 3093 Σήθ
1335 3022 1473 3093 (58)⁶
1502 3023 1596 3076 καὶ
1622 3021 1958 3091 ἔσταιἘδὼμ

2069 3018 2223 3081 Seth.
2271 3029 2326 3075 et
2355 3022 2463 3076 erit
2506 3021 2677 3077 Edom
2712 3022 3006 3079 hereditas
3044 3027 3289 3095 gentium
3310 3028 3379 3082 ".
3420 3048 3438 3081 ι
3471 3029 3641 3085 David

388 3117 721 3190 κληρονομία
746 3114 967 3169 ἐθνῶν.»
1001 3113 1163 3166 Δαϐὶδ
1190 3112 1246 3165 δὲ
1261 3112 1373 3183 ('59)
1395 3110 1598 3164 τούτων
1625 3110 1685 3162 ού
1715 3109 1967 3179 περιεγέ-

387 3226 526 3263 νετο.
544 3209 606 3262 Ei
630 3208 686 3261 δὲ
705 3207 834 3278 περὶ
857 3206 966 3259 τῶν
981 3204 1040 3271 ἐξ
1060 3203 1221 3258 αὑτοῦ
1244 3204 1349 3256 ἔδει
1367 3205 1562 3266 εἰπεῖν,
1597 3201 1964 3256 Ἀνατελοῦσιν

382 3303 564 3373 ἄστρα
591 3302 651 3367 ἐξ
687 3298 900 3361 Ἰακὼϐ,
926 3299 1020 3352 καὶ
1042 3296 1333 3368 ἡγούμενοι
1356 3298 1415 3362 ἐξ
1451 3295 1687 3366 Ἰσραήλ.
1715 3294 1962 3361 Ἡσαΐας,

393 3412 417 3447 ε
458 3393 588 3446 Ἰδοὺ
627 3393 657 3445 ὁ
702 3390 967 3461 δεσπότης
994 3389 1195 3460 Κύριος
1223 3386 1451 3442 Σαϐαὼθ
1487 3386 1807 3457 συνταράξει
1835 3386 1960 3450 τοὺς

391 3482 635 3547 ἐνδόξους
679 3480 816 3553 μετά
860 3479 1039 3551 ἰσχύος
1060 3519 1076 3543 ,
1109 3479 1204 3533 καὶ
1247 3481 1297 3532 οἱ
1326 3477 1519 3548 ὑψηλοὶ
1550 3480 1616 3548 τῇ
1656 3476 1811 3549 ὕϐρει
1838 3494 1962 3531 συν-

389 3574 759 3645 τριϐήσονται,
784 3572 880 3625 καὶ
906 3569 1400 3637 ταπεινωθήσονται
1419 3570 1470 3622 οἱ
1503 3568 1717 3639 ὑψηλοὶ,
1743 3572 1837 3622 καὶ
1859 3586 1960 3621 πε-

392 3663 613 3718 σοῦνται
644 3663 905 3735 μαχαίρᾳ.
939 3663 999 3715 '0
1023 3662 1080 3715 δὲ
1111 3661 1341 3724 Λίϐανος
1370 3661 1467 3714 σὺν
1486 3663 1595 3723 τοῖς
1617 3659 1841 3730 ὑψηλοῖς
1871 3677 1965 3714 πε-

391 3758 584 3810 σεῖται.
617 3755 725 3808 Καὶ
746 3753 1084 3820 ἐξελεύσεται
1112 3753 1304 3823 ῥάϐδος
1326 3752 1392 3804 ὲκ
1430 3750 1531 3822 τῆς
1549 3750 1705 3821 ῥίζης
1740 3751 1961 3815 Ἰεσσαὶ,

386 3848 485 3903 καὶ
517 3846 675 3909 ἄνθος
700 3847 765 3900 ὲκ
795 3846 894 3916 τῆς
919 3844 1074 3915 ῥίζης
1095 3842 1449 3913 ἀναϐήσεται,
1479 3842 1575 3896 καὶ
1590 3842 1962 3896 ἀναπαύσεται

389 3942 478 3994 ἐπ’
502 3940 665 3994 αὑτὸν
683 3938 902 4008 πνεῦμα
925 3936 1086 4001 θεοῦ,
1108 3936 1326 4007 πνεῦμα
1353 3935 1542 4002 σοφίας
1558 3935 1653 3987 καὶ
1673 3935 1963 4000 συνέσεως,

393 4032 612 4103 πνεῦμα
657 4030 850 4102 βουλῆς
900 4030 996 4084 καὶ
1044 4027 1257 4099 ἰσχύος,
1307 4026 1523 4097 πνεῦμα
1568 4025 1821 4096 γνώσεως
1866 4026 1963 4080 καὶ

386 4122 704 4185 εὐσεϐείαςο
740 4120 1006 4193 ἐμπλήσει
1031 4119 1192 4173 αὑτὸν
1228 4117 1444 4188 πνεῦμα
1491 4117 1655 4188 φόϐου
1685 4117 1843 4171 Θεοῦ.
1884 4118 1961 4172 Ού

391 4212 651 4284 κατάτὴν
672 4211 826 4277 δόξαν
852 4213 1047 4283 κρινεῖ,
1068 4210 1187 4263 οὐδὲ
1214 4210 1354 4263 κατά
1376 4209 1473 4280 τὴν
1498 4208 1686 4262 λαλιὰν
1716 4208 1921 4276 ἐλέγξει
1939 4226 1954 4241 ·

388 4302 528 4359 ἀλλὰ
551 4305 726 4374 κρινεῖ
747 4302 857 4371 (40)
875 4299 1112 4371 ταπεινῷ
1136 4299 1337 4371 κρίσιν,
1375 4299 1469 4353 καὶ
1496 4297 1702 4367 ἐλέγξει
1730 4298 1856 4362 τοὺς
1887 4301 1972 4352 ὲν-

2064 3118 2246 3165 autem
2304 3112 2404 3169 hos
2440 3128 2550 3169 non
2588 3114 2811 3170 devicit.
2844 3116 2999 3183 Quod
3046 3118 3091 3173 si
3123 3118 3193 3173 de
3232 3118 3354 3188 ejus
3407 3124 3641 3191 posteris

2066 3202 2183 3257 hac
2228 3202 2580 3274 intelligenda
2608 3213 2795 3261 essent
2833 3206 3018 3262 dicere
3062 3210 3383 3279 oportebat,
3442 3212 3641 3267 Orien-

2066 3302 2156 3346 tur
2204 3294 2383 3349 sidera
2424 3309 2492 3350 ex
2551 3294 2741 3361 Jacob,
2795 3305 2851 3351 et
2904 3298 3069 3354 duces
3097 3314 3163 3355 ex
3214 3298 3404 3358 Israel.
3448 3304 3638 3370 Isaias,

2068 3402 2089 3437 ‹
2125 3383 2265 3439 Ecce
2296 3385 2608 3440 dominator
2672 3386 2940 3445 Dominus
2992 3390 3233 3446 Sabaoth
3286 3397 3641 3451 conturbabit

2066 3476 2340 3546 gloriosos
2406 3491 2531 3531 cum
2592 3477 2956 3545 fortitudine,
3008 3492 3064 3538 et
3116 3485 3320 3540 excelsi
3384 3489 3638 3557 superbia

2066 3576 2459 3635 conterentur,
2515 3581 2573 3625 et
2617 3573 2881 3629 sublimes
2907 3575 3382 3643 humiliabuntur,
3430 3589 3487 3636 et
3546 3596 3642 3635 ca-

2066 3659 2200 3715 dent
2260 3661 2460 3730 gladio.
2525 3661 2768 3720 Libanus
2832 3674 3012 3723 autem
3071 3683 3196 3724 cum
3248 3673 3484 3729 excelsis
3540 3689 3638 3729 ca—

2064 3750 2159 3805 det
2183 3751 2250 3803 1‘.
2301 3752 2367 3806 Et
2416 3754 2730 3823 egredietur
2774 3758 2926 3829 virga
2976 3759 3046 3815 de
3105 3760 3293 3817 radice
3350 3761 3547 3828 Jesse,
3582 3783 3640 3821 et

2068 3841 2172 3898 llos
2239 3842 2308 3900 de
2378 3846 2561 3900 radice
2636 3849 2942 3905 ascendet:
2987 3859 3043 3906 et
3104 3852 3409 3922 requiescet
3473 3872 3640 3928 super

2070 3949 2195 3990 eum
2230 3935 2469 4005 Spiritus
2506 3937 2622 4004 Dei,
2649 3941 2877 4011 spiritus
2907 3943 3189 4013 sapientiae
3220 3954 3274 4000 et
3305 3947 3635 4014 intellectus,

2069 4029 2299 4098 spiritus
2335 4031 2553 4087 consilii
2604 4040 2660 4088 et
2719 4032 3349 4108 fortitudinis,spiritus
3396 4042 3639 4097 scientiae

2066 4127 2122 4174 et
2157 4119 2415 4189 pietatis:
2450 4122 2677 4192 replebit
2702 4139 2826 4180 eum
2858 4127 3085 4195 spiritus
3118 4131 3331 4188 timoris
3366 4132 3480 4189 Dei.
3520 4135 3637 4192 Non

2069 4212 2371 4267 secundum
2400 4214 2712 4284 Opinionem
2758 4218 3046 4288 judicabit,
3082 4237 3259 4293 neque
3306 4225 3460 4293 juxta
3520 4242 3639 4282 sero

2079 4315 2295 4355 nionem
2347 4311 2584 4373 arguet;
2627 4306 2721 4361 sed
2771 4307 3043 4376 judicabit
3089 4311 3282 4368 humili
3321 4314 3636 4384 judicium,

465 4431 1167 4512 fl_l_l’arah_xvn_._1l,ld.
1257 4428 1385 4512 “ll
1420 4428 1597 4512 Parad:
1647 4444 1723 4493 vi,
1756 4426 1841 4490 Γ),
1878 4428 1958 4512 lg.

2066 4427 2240 4512 :Jer.
2271 4447 2411 4512 _xvn.
2451 4433 2711 4512 9_,_ju_x_ta
2749 4436 2909 4493 LXX.
2988 4441 3035 4473 ’°
3066 4444 3233 4498 Amos
3275 4459 3350 4510 tv,
3410 4445 3500 4512 η,
3546 4448 3637 4507 15.

392 4507 436 4541 "
468 4507 626 4561 Mich.
662 4522 700 4569 ι,
730 4505 820 4559 23.
893 4506 939 4536 τ’
956 4503 1090 4558 Gen.
1125 4517 1273 4563 χιιι,
1308 4499 1395 4554 10.
1474 4501 1523 4531 ⁷³
1543 4499 1704 4554 Num.
1738 4514 1883 4562 xxiv,
1915 4499 1958 4551 1¹

2063 4498 2119 4552 8.
2200 4502 2245 4531 ’δ
2268 4499 2373 4556 lsa.
2400 4518 2454 4564 π,
2488 4498 2579 4569 55,
2609 4505 2699 4559 54.

461 4600 574 4669 (51)
612 4600 796 4653 Codex
816 4595 1354 4669 antiquior,_E_ui_q_st;
1378 4594 1501 4657 τοὺς
1530 4591 1744 4669 αἰῶναςἷ

464 4600 543 4669 (51
612 4600 796 4653 Codex
824 4600 1119 4667 antiquior,
1142 4600 1247 4657 ἕως
1276 4600 1354 4656 είς
1378 4600 1501 4657 τοὺς
1530 4600 1744 4655 αἰῶνας.

464 4600 577 4740 ('52)
615 4669 797 4740 Editio
816 4666 1057 4740 Romana
1089 4663 1229 4740 LXX
1252 4663 1632 4734 luterpretum,
1660 4662 1755 4715 καὶ
1782 4661 1841 4713 ὲν
1870 4659 1965 4730 βα-

364 4734 572 4811 ,σιλείᾴ
601 4737 789 4812 αρτοῦ,
814 4747 866 4793 et
894 4739 946 4812 in
966 4734 1306 4812 Δπαραμείξας.
1480 4801 1505 4812 _
1659 4801 1706 4812 ῃ
1928 4800 1953 4812 η

466 4801 577 4881 (55)
619 4801 1052 4881 Eadetn‘editio;
1075 4804 1103 4857 ὃ
1134 4801 1400 4881 ἐλάλησας
1437 4801 1517 4873 τῷ
1554 4801 1706 4855 παιδί
1747 4817 1841 4854 σου
1864 4801 1963 4881 λτῷ

393 4869 576 4942 Δαϐὶδ,
605 4881 687 4932 ὅτι
715 4880 763 4931 εί
791 4876 1027 4946 ἀληθῶς.
1059 4874 1195 4946 quod
1224 4869 1427 4928 loeutus
1447 4869 1501 4928 es
1531 4887 1692 4940 puero
1727 4880 1818 4926 tuo
1852 4869 1964 4923 Da-

394 4952 501 5015 t'id,
543 4951 793 5020 quoniam
827 4950 895 5012 si,
937 4956 1043 5020 etcf.

465 5011 575 5091 (34)
605 5018 789 5074 Codex
830 5019 1122 5091 recentior,
1150 5024 1205 5091 et
1228 5011 1954 5091 Siphnum,(inualsiaeat,

395 5081 731 5145 ut'et'sacer
764 5097 962 5149 textus,
994 5087 1086 5157 qui
1113 5081 1735 5157 habetIétptpdqouroﬁ
1756 5085 1959 5157 enixa—

395 5101 456 5143 ut
488 5100 543 5145 et.
576 5104 731 5144 sacer
764 5100 962 5149 textus,
994 5103 1086 5157 qut
1114 5100 1294 5140 habet.
1322 5100 1609 5204 erotpagou
1640 5100 1735 5135 του
1765 5100 1954 5135 επικα-

391 5161 601 5233 λετσθαι
632 5159 724 5211 τὸν
753 5158 884 5233 Θεόν
913 5174 1029 5222 σου,
1078 5152 1295 5233 Ἰσραήλ
1324 5168 1339 5183 ·
1374 5152 1424 5204 δι
1456 5170 1506 5233 τι
1534 5153 1642 5233 ἰδοῦ
1671 5151 1801 5233 ὲχόι,
1849 5162 1954 5207 etc.

396 5231 654 5299 Pra'para
682 5239 730 5283 te
763 5238 821 5281 ut
848 5230 1048 5282 iiwoces
1072 5221 1431 5285 Deitm'tuum,
1464 5221 1651 5276 Israel.
1678 5222 1819 5288 Quia
1845 5238 1959 5275 ecce

392 5317 507 5361 ego,
547 5311 656 5355 etc.

422 5318 677 5432 θῗὲὸῗιῖιι
714 5365 857 5422 LXX
904 5365 1565 5440 interpretnmeditione
1601 5361 1817 5440 legitur:
1865 5362 1959 5413 καὶ

392 5440 758 5511 ἀπαγγέλλων
779 5440 858 5511 είς
891 5432 1209 5511 ἀνθρώπους
1244 5438 1337 5489 τὸν
1375 5432 1609 5503 Χριστὸν
1656 5432 1821 5511 αὑτοῦ
1843 5448 1876 5511 ἡ.
1909 5439 1960 5484 et

394 5502 717 5564 annuntians
740 5510 794 5561 in
827 5502 1060 5561 homines
1076 5506 1345 5561 Christum
1368 5502 1543 5566 suam,
1565 5517 1727 5566 qualn
1759 5502 1959 5555 lectio-

395 5597 517 5633 nem
567 5580 817 5652 sequitur
861 5578 1233 5652 Tertullianus
1281 5576 1544 5652 adversae
1582 5570 1958 5652 "erumpentem

394 5643 661 5722 capta,
690 5649 938 5722 adversus
960 5646 1143 5722 ﬂare.
1178 5647 1271 5700 lib.
1310 5661 1394 5722 ιιι,
1431 5660 1481 5697 c.
1515 5644 1662 5722 (Luat
1689 5643 1897 5722 alibi.”

467 5710 580 5790 (36)
620 5718 798 5773 Locus
827 5720 931 5790 iste
960 5718 1199 5790 Micltmm
1223 5713 1665 5790 variat__nonnihil
1693 5711 1746 5763 in
1769 5710 1955 5790 editis.

399 5779 696 5854 praesertim
738 5790 793 5844 in
829 5788 954 5854 ﬁne,
988 5789 1079 5844 ubi
1111 5790 1299 5857 legunt
1336 5784 1505 5849 edita,
1536 5782 1625 5835 ml.
1656 5779 1957 5851 καταϐήσε-

2065 4594 2303 4679 ται,,καὶ
2327 4594 2680 4679 ἐπιϐήσεται,
2719 4606 2769 4651 et
2796 4599 3089 4668 descendet,
3123 4612 3173 4657 el
3213 4606 3456 4662 ascendet
3483 4624 3640 4679 super

2065 4662 2275 4715 excelsa
2320 4662 2496 4718 term.

2137 4732 2250 4799 (57)
2294 4734 2475 4788 Codex
2502 4733 2819 4802 Siphani,et
2848 4737 3146 4795 Vaticanus
3163 4745 3435 4799 recentior
3453 4746 3482 4799 ὅ
3505 4749 3640 4802 ἀπό-

2065 4816 2266 4877 κειται,
2289 4804 2427 4877 quod
2450 4816 2767 4877 reservatur,
2789 4824 2949 4877 quam
2979 4811 3269 4866 lectionem
3307 4816 3361 4867 in
3390 4814 3639 4872 Theodo-

2065 4871 2169 4944 [βιῌί
2189 4875 2426 4944 scriptis
2451 4875 2735 4931 codicibus
2755 4871 2758 4872 ⁷
2780 4871 2987 4934 servari
3033 4890 3264 4937 testatur
3284 4871 3638 4943 doctissimus

2064 4938 2389 4997 Nobilius'iu
2423 4945 2569 4999 notis
2594 4948 2659 4999 ad
2696 4949 2839 5001 hunc
2875 4953 3072 5003 locum.

2159 5011 2248 5097 I58)
2288 5013 2470 5097 codex
2496 5018 2767 5097 recentior
2796 5016 3118 5097 Vaticanus,
3150 5028 3209 5097 et
3234 5023 3375 5097 alius
3410 5025 3637 5097 Siphani

2063 5083 2257 5161 codex,
2289 5083 2415 5145 τοὺς
2466 5086 2615 5161 eleb;
2646 5087 2803 5161 _Eodp
2836 5104 2850 5118 ·
2882 5090 2977 5143 sed
3008 5083 3147 5145 hanc
3196 5083 3489 5151 lectioueui
3536 5115 3638 5154 nec

2064 5148 2323 5227 Vulgata,
2346 5168 2445 5227 nec
2472 5152 2613 5227 LXX
2646 5148 2974 5227 lutei-prcles
3004 5162 3254 5227 probant.

2135 5222 2248 5343 (39)
2281 5224 2418 5276 Male
2444 5226 2617 5279 codex
2656 5222 2950 5291 recentior,
2982 5222 3111 5301 περὶ
3145 5232 3347 5285 τούτων
3401 5236 3463 5288 οὐ
3499 5254 3640 5309 παρ-

2163 5308 2480 5343 νετο.σιιειιιι
2516 5294 2800 5343 lectimiem
2827 5310 3050 5343 ςηηιιιης
3077 5302 3477 5343 estSinlmnnc-
3512 5323 3639 5343 νον..

2065 5294 2800 5371 εγενετο,(ιυριιιὶιροιίοιιειιι
2827 5294 3162 5371 secutus'est
3180 5302 3478 5371 Sipltanus;
3512 5294 3639 5362 ver-

2066 5362 2132 5413 tit
2163 5363 2332 5425 enim,
2372 5362 2540 5416 David
2561 5376 2734 5419 autem
2763 5367 2827 5421 de
2854 5368 2933 5420 Itis
2971 5372 3121 5423 rebus
3159 5362 3262 5424 non
3301 5364 3529 5430 advenit.

2136 5431 2250 5500 (40)
2285 5433 2362 5484 lia
2392 5436 2670 5502 antiquior
2730 5438 2902 5492 codex
2934 5436 3248 5503 Vaticanus,
3286 5451 3341 5495 et
3368 5443 3507 5498 LXX
3549 5446 3635 5500 ln-

2067 5510 2367 5583 terpretum
2392 5505 2589 5583 editio.
2624 5505 2687 5583 ⁸Ιιι
2725 5508 3038 5583 recentiori,
3062 5518 3117 5583 et
3151 5512 3295 5583 apud
3332 5512 3635 5583 Siplianum

2063 5572 2474 5650 εειηαπεινῶν.
2533 5572 2637 5650 ξω
2660 5591 2796 5650 ,ιιιοκ
2832 5576 2972 5630 LXX
3011 5572 3230 5640 habent.
3260 5572 3466 5650 ἐλέγξει
3512 5588 3639 5648 τοὺς

2062 5643 2353 5713 ταπεινοὺς
2382 5644 2481 5711 τῆς
2508 5645 2633 5713 γῆς.
2659 5642 2897 5700 lrenzeus
2935 5658 3115 5703 tamen
3157 5652 3250 5705 lib.
3290 5642 3636 5708 "reducm;

2062 5712 2304 5773 Ita-reses,
2324 5727 2451 5791 cap.
2474 5714 2560 5776 10,
2599 5716 2745 5784 legit,
2770 5715 3041 5773 Judicabit
3070 5720 3557 5791 Itumilijndieium,
3588 5735 3637 5778 et

2063 5791 2245 5854 arguet
2281 5783 2536 5851 gloriosos
2561 5794 2733 5841 terra'.
