4096 6354
423 434 427 439 ί
457 361 564 420 207

1680 351 1739 406 S.
1779 348 2109 407 GREGORII
2145 347 2442 404 NYSSENI

3614 344 3726 400 208

454 486 515 534 et
565 478 761 544 arguet
812 469 1089 542 gloriosos
1144 476 1324 530 terrae,
1403 473 1455 521 et
1514 462 1777 536 percutiet
1835 474 2034 521 terram

2143 463 2328 528 δόξους
2357 464 2455 535 τῆς
2505 462 2627 531 γῆς,
2662 462 2753 514 καὶ
2799 459 3031 525 πατάξει
3074 458 3173 529 τὴν
3221 459 3324 529 γῆν
3354 457 3434 529 τῷ
3462 458 3605 529 λόγῳ
3626 460 3724 514 τοῦ

455 568 625 624 verbo
651 565 766 620 oris
798 563 907 627 sui,
961 567 1017 615 et
1054 559 1111 612 in
1169 557 1368 628 spiritu
1415 571 1512 627 per
1564 556 1706 611 labia
1748 554 2041 611 interﬁcict

458 643 731 730 impium.
767 654 833 709 Et
876 653 982 709 erit
1008 650 1224 722 justitia
1276 649 1498 704 cinctus
1550 648 1799 703 lumbum
1834 646 2037 711 suum,

455 759 513 808 et
540 751 770 804 veritate
793 746 1073 800 involutus
1096 752 1278 797 costas
1300 756 1430 796 suas
1451 741 1519 795 ⁷⁵.
1552 761 1570 793 ι
1607 740 1674 795 Ει
1695 748 1820 812 post
1840 755 2036 812 pauca,

462 858 482 893 ι
523 840 591 894 Ει
619 840 723 895 erit
772 838 829 891 in
875 836 965 890 die
1008 834 1101 889 illa
1153 832 1307 886 radix
1346 830 1521 898 Jesse,
1567 842 1622 886 et
1672 833 1768 902 qui
1813 848 2042 888 consur-

457 934 556 1003 git,
603 940 662 986 ut
700 930 956 1000 princeps
1010 928 1080 981 sit
1122 925 1365 996 gentium
1397 943 1412 992 ;
1451 924 1505 979 in
1540 925 1659 995 ipso
1690 935 1881 995 gemes
1909 940 2036 994 3pc-

457 1025 691 1088 rahunt,
723 1030 779 1077 et
846 1020 952 1074 erit
1001 1018 1221 1087 requies
1256 1017 1378 1087 ejus
1436 1016 1703 1071 honor".
1740 1030 1758 1068 ι
1814 1015 1986 1070 David
2018 1055 2037 1079 ,

460 1136 480 1169 ι
523 1115 694 1172 Sedes
733 1123 849 1180 tua,
888 1111 1053 1175 Deus,
1092 1112 1148 1165 in
1194 1111 1459 1165 saeculum
1500 1109 1729 1178 saeculi;
1770 1110 1922 1180 virga
1953 1109 2036 1164 di-

454 1205 718 1263 rectionis
766 1205 919 1274 virga
969 1202 1123 1273 regni
1173 1203 1275 1256 tui.
1330 1199 1577 1256 Dilexisti
1627 1200 1935 1269 justitiam,
1981 1208 2037 1254 ct

453 1297 617 1353 odisti
663 1296 1043 1365 iniquitatem;
1084 1302 1372 1363 propterea
1403 1293 1558 1347 unxit
1597 1301 1650 1347 te
1692 1292 1856 1358 Deus,
1891 1291 2036 1349 Deus

455 1400 603 1451 tuus,
641 1387 763 1442 oleo
810 1384 1191 1441 exsultationis
1219 1398 1331 1453 pra:
1365 1384 1724 1455 participibus
1777 1385 1974 1440 tuis".
2011 1404 2031 1435 ι

455 1477 621 1534 Vides
670 1492 701 1531 a
740 1475 852 1531 Deo
924 1475 1090 1530 Deum
1167 1474 1338 1543 ungi;
1390 1472 1629 1527 humana
1663 1473 1810 1528 enim
1866 1490 2035 1528 carne

454 1580 754 1639 assumpta,
802 1567 981 1623 l'actus
1018 1573 1104 1622 est
1131 1583 1150 1618 ι
1197 1566 1445 1636 pontifex
1476 1574 1532 1621 et
1580 1566 1865 1637 aposmlus
1895 1582 2030 1621 con-

455 1661 713 1719 fessionis
778 1668 983 1715 nostrze
1006 1657 1075 1714 ’⁸.
1115 1676 1135 1712 ι
1176 1656 1245 1711 Et
1278 1658 1439 1729 paulo
1468 1667 1634 1729 post,
1666 1676 1686 1709 ι
1723 1656 1788 1711 Et
1815 1668 1894 1719 tu,
1931 1657 2034 1711 Ilo-

2146 555 2412 624 στόματος
2441 551 2630 611 αὐτοῦ,
2661 552 2755 604 καὶ
2782 551 2840 602 ἐν
2871 549 3146 620 Πνεύματι
3173 548 3264 602 διὰ
3290 549 3515 619 χειλέων
3545 550 3728 604 ἀνελεῖ

2142 645 2315 715 ἀσεϐῆ
2332 645 2446 717 (41)
2461 662 2473 674 ·
2492 646 2585 705 καὶ
2609 642 2760 696 ἔσται
2779 642 3094 713 δικαιοσύνῃ
3111 641 3419 711 ἐζωσμένος
3439 642 3540 712 τὴν
3555 643 3728 711 ὀσφὺν

2141 734 2340 802 αὐτοῦ,
2389 735 2483 787 καὶ
2524 734 2783 805 ἀλήθειαν
2826 731 3158 802 ἡλειμμένος
3193 729 3295 795 τὰς
3341 730 3580 801 πλευρὰς
3620 731 3724 784 αὐ-

2139 827 2255 880 τοῦ.
2291 845 2311 878 ι
2364 827 2473 880 Καὶ
2507 826 2622 896 μετ’
2672 825 2851 893 ὀλίγα*
2911 843 2931 875 ι
2971 825 3080 877 Καὶ
3126 824 3278 876 ἔσται
3337 825 3397 876 ἐν
3429 826 3496 895 τῇ
3540 824 3733 897 ἡμέρᾳ,

2140 920 2322 989 ἐκείνῃ
2352 921 2384 989 ἡ
2415 918 2538 989 ῥίζα
2564 918 2658 970 τοῦ
2699 915 2918 981 Ἰεσσαὶ,
2949 916 3044 968 καὶ
3081 917 3110 968 6
3152 914 3508 984 ἀνιστάμενος
3536 916 3723 986 ἄρχειν

2139 1010 2308 1064 ἐθνῶν
2325 1027 2336 1037 ·
2372 1012 2459 1064 ἐπ’
2486 1009 2634 1081 αὐτῷ
2656 1008 2784 1078 ἔθνη
2815 1007 3083 1072 ὲλπιοῦσι,
3118 1006 3210 1060 καὶ
3236 1007 3391 1060 ἔσται
3416 1009 3449 1076 ή
3478 1007 3724 1059 ἀνάπαυ-

2142 1110 2225 1166 σις
2249 1100 2414 1155 αὐτοῦ
2448 1102 2602 1171 τιμή,
2649 1120 2668 1153 ι
2720 1099 2919 1162 Δαϐὶδ,
2971 1118 2990 1151 ι
3038 1100 3097 1151 Ὁ
3129 1098 3315 1169 θρόνος
3345 1114 3471 1162 σου,
3499 1098 3529 1150 6
3557 1096 3717 1159 Θεὸς,

2138 1193 2217 1257 εἰς
2241 1193 2333 1245 τὸν
2352 1192 2524 1246 αἰῶνα
2547 1191 2641 1246 τοῦ
2660 1191 2855 1255 αἰῶνος
2870 1209 2883 1222 ·
2907 1191 3101 1263 ῥάϐδος
3125 1189 3440 1258 εὐθύτητος,
3464 1191 3498 1259 ή
3527 1187 3721 1260 ῥάϐδος

2135 1286 2237 1355 τῆς
2268 1284 2544 1354 βασιλείας
2581 1301 2697 1338 σου.
2745 1284 3069 1354 Ἰἰγάπησας
3097 1283 3443 1352 δικαιοσύνην
3471 1282 3563 1336 καὶ
3602 1281 3724 1349 ἐμί-

2140 1397 2311 1450 σησας
2355 1381 2619 1450 ἀνομίαν,
2651 1379 2739 1432 διὰ
2769 1379 2927 1432 τοῦτο
2958 1370 3142 1450 ἔχρισέ
3181 1395 3239 1431 σε
3272 1380 3301 1431 6
3337 1376 3494 1440 Θεὸς,
3535 1378 3564 1429 6
3588 1375 3725 1438 Θεὸς

2138 1461 2460 1534 conﬂictum
2489 1472 2861 1541 ἀγαλλιάσεως
2891 1472 3019 1542 περὶ
3062 1472 3190 1534 τοὺς
3231 1472 3489 1541 μετόχους
3530 1487 3647 1523 σου.
3695 1487 3719 1519 ι

2149 1558 2313 1629 Ὁρᾷς
2342 1560 2424 1612 ὅτι
2465 1561 2494 1613 6
2519 1560 2656 1620 ’Θεὸς
2701 1561 2913 1630 χρίεται
2946 1559 3097 1631 παρὰ
3133 1560 3227 1613 τού
3255 1560 3389 1614 Θεοῦ
3408 1575 3420 1588 ·
3449 1560 3721 1631 ὲνανθρω-

2136 1649 2300 1711 nica;
2336 1649 2446 1718 γὰρ
2484 1651 2708 1718 γέγονεν
2740 1670 2758 1701 ι
2796 1651 3115 1722 ἀρχιερεὺς,
3159 1652 3255 1705 καὶ
3301 1652 3596 1714 ἀπόστολος
3622 1653 3723 1721 τῆς

451 1757 621 1819 mine,
666 1762 870 1809 terram
922 1750 1186 1816 fundasti,
1217 1759 1271 1807 et
1301 1766 1469 1822 opera
1509 1766 1768 1807 manuum
1810 1761 2029 1807 tuarum

2139 1741 2424 1811 ὁμολογίας
2451 1742 2627 1812 ἡμῶν,
2666 1761 2684 1793 ι
2720 1743 2831 1796 Καὶ
2867 1742 2981 1811 μετ’
3014 1743 3191 1812 όλίγα,
3228 1761 3248 1793 ι
3274 1745 3385 1798 Καὶ
3413 1746 3501 1807 σὺ,
3528 1745 3720 1814 Κύριε,

453 1856 581 1903 sunt
640 1845 785 1901 coeli.
831 1845 934 1916 Ipsi
991 1844 1291 1915 peribunt,
1346 1853 1402 1898 tu
1460 1854 1643 1899 autem
1701 1860 2032 1915 permanes;

2139 1835 2236 1905 τὴν
2272 1838 2376 1906 γῆν
2430 1836 2833 1907 ἐθεμελίωσας,
2889 1836 2984 1889 καὶ
3031 1835 3170 1907 ἔργα
3219 1837 3332 1891 τῶν
3371 1837 3567 1908 χειρῶν
3627 1855 3722 1891 σου

452 1951 505 1995 et
546 1954 738 1995 omnes
787 1939 932 1994 sicut
991 1936 1382 1993 vestimentum
1431 1946 1796 1992 veterascent.
1836 1937 1901 1990 Et
1952 1938 2030 1992 si-

450 2043 546 2087 cut
576 2022 934 2102 ‘opertorium
981 2029 1167 2085 volves
1222 2043 1356 2093 eos,
1404 2035 1459 2084 ct
1518 2030 1897 2083 mutabuntur.
1951 2028 2032 2083 Tu

450 2129 631 2176 autem
662 2120 802 2175 idem
832 2121 949 2190 ipse
976 2134 1066 2175 es:
1107 2127 1163 2175 ct
1192 2120 1320 2173 anni
1366 2120 1443 2174 tui
1480 2135 1589 2174 non
1624 2119 1881 2176 deﬁcient
1906 2121 1975 2189 τε,
2008 2141 2027 2173 ι

449 2211 589 2282 qui,
650 2210 945 2278 videlicetf,
999 2218 1198 2264 unctus
1253 2226 1335 2264 es.

706 2482 793 2538 III.
835 2482 914 2538 De
949 2478 1225 2537 nativitate
1256 2483 1371 2552 ejus
1409 2498 1473 2536 ex
1519 2482 1755 2554 Virgine.

524 2632 719 2695 Isaias,
754 2650 774 2684 ι
817 2630 959 2686 Ecce
991 2630 1151 2702 virgo
1184 2629 1242 2684 in
1276 2640 1434 2685 utero
1480 2630 1726 2694 habebit,
1772 2640 1829 2687 ct
1858 2633 2031 2697 pariet

450 2725 645 2787 lilium,
694 2733 752 2779 et
795 2721 1075 2777 vocabunt
1126 2736 1326 2775 nomen
1371 2720 1492 2790 ejus
1542 2720 1961 2788 Emmanuel”,
2008 2745 2025 2777 ι

449 2816 594 2887 quod
641 2816 1037 2884 interpretatur
1074 2811 1368 2868 Nobiscum
1415 2812 1555 2867 Deus
1592 2814 1663 2868 3‘.
1701 2835 1720 2869 ι
1756 2816 1820 2869 Et
1848 2818 2029 2886 prius-

450 2925 611 2979 quam
658 2914 959 2977 cognoscat
1002 2914 1243 2975 patrem,
1285 2906 1373 2960 vel
1419 2916 1674 2969 matrem,
1722 2908 1876 2963 tollet
1924 2911 2032 2963 vir-

450 3011 617 3058 tutem
651 3003 943 3068 Damasci,
987 3012 1042 3057 et
1087 3002 1267 3071 spolia
1308 3000 1570 3056 Samaria:
1622 3004 1874 3059 comedet
1902 3005 1966 3058 3’.
2006 3023 2023 3055 ι

451 3094 514 3148 Et
568 3094 830 3149 Salomon
887 3093 1241 3164 prophetico,
1301 3090 1530 3172 «IPuer
1582 3110 1731 3150 erant
1785 3097 2031 3165 ingenio-

2134 1930 2272 1982 εἰσὶν
2302 1930 2352 1982 οἱ
2378 1929 2616 2000 οὐρανοί.
2653 1930 2817 1982 Αὐτοὶ
2845 1929 3194 1993 ἀπολοῦνται,
3236 1932 3302 1985 σὺ
3331 1930 3389 1983 δὲ
3415 1931 3722 2002 διαμένειςδ

2136 2021 2228 2073 καὶ
2277 2021 2477 2081 πάντες
2519 2022 2592 2082 ὡς
2641 2021 2855 2091 ἱμάτιον
2910 2022 3413 2092 παλαιωθήσονται,
3468 2022 3559 2076 καὶ⁴
3590 2023 3722 2075 ὡσεὶ

2135 2111 2481 2184 περιϐόλαιον
2521 2108 2716 2176 ἑλίξεις
2748 2109 2967 2175 αὐτοὺς,
2994 2114 3088 2166 καὶ
3116 2113 3530 2184 ἀλλαγήσονται.
3561 2114 3635 2167 Σὺ
3664 2114 3721 2165 δὲ

2133 2211 2161 2262 6
2189 2209 2349 2271 αὐτὸς
2367 2204 2435 2271 εἴ,
2458 2209 2553 2261 καὶ
2579 2208 2646 2261 τὰ
2671 2206 2763 2278 ἔτη
2785 2224 2879 2259 σου
2912 2207 3013 2261 οὐκ
3040 2206 3402 2277 ἐκλείψουσιν,
3440 2226 3458 2258 ›
3484 2205 3577 2260 τοῦ
3602 2223 3721 2278 χρι-

2137 2301 2354 2364 σθέντος
2377 2300 2597 2370 δηλαδή.
2680 2290 2689 2295 ’

2132 2480 2208 2534 Γθ.
2247 2480 2388 2548 Περὶ
2417 2478 2529 2549 τῆς
2564 2479 2906 2549 γεννήσεως
2942 2478 3129 2532 αὐτοῦ
3162 2476 3272 2546 τῆς
3299 2479 3368 2532 ἐκ
3394 2481 3719 2547 Παρθένου.

2216 2641 2465 2705 Ἡσαΐας,
2506 2659 2525 2692 ι
2576 2640 2704 2693 Ἰδοὺ
2742 2642 2775 2710 ἡ
2827 2638 3097 2710 παρθένος
3139 2640 3196 2690 ὲν
3224 2638 3424 2707 γαστρὶ
3449 2637 3598 2702 ἕξει,
3627 2639 3723 2690 καὶ.

2133 2734 2345 2798 τέξεται
2363 2733 2497 2797 υἱὸν,
2516 2732 2611 2786 καὶ
2642 2732 2935 2785 καλέσουσι
2961 2729 3021 2784 τὸ
3041 2732 3209 2797 ὄνομα
3249 2730 3416 2783 αὐτοῦ
3446 2730 3529 2801 Ἱέ[
3543 2729 3719 2801 μῖμα-

2134 2823 2319 2893 νουήλ·
2359 2841 2378 2873 ι
2417 2822 2446 2873 ὃ
2488 2820 2870 2892 ἑρμηνεύεται,
2898 2819 3037 2873 Μεθ’
3070 2819 3239 2889 ἡμῶν
3276 2823 3309 2873 ό
3339 2822 3512 2884 Θεός·
3553 2838 3572 2870 ι
3613 2821 3723 2872 Καῖ

2134 2912 2262 2981 πρὶν
2308 2910 2607 2979 ἐπιγνῶναι
2655 2910 2901 2979 πατέρα,
2931 2909 2966 2978 ἢ
3009 2909 3240 2978 μητέρα,
3296 2907 3523 2979 λήψεται
3567 2907 3722 2962 δύνα-

2137 3021 2228 3074 μιν
2276 3001 2590 3073 Δαμασκοῦ,
2652 3003 2748 3055 καί
2796 3002 2866 3055 τὰ
2916 3002 3087 3056 σκῦλα
3136 3001 3450 3071 Σαμαρείας
3482 3001 3717 3055 aetat.»

2135 3097 2245 3149 Καὶ
2272 3094 2523 3166 Σολομὼν
2555 3094 2925 3166 προφητικῶς,
2959 3095 3071 3166 (42)
3100 3114 3119 3145 ι
3149 3096 3287 3157 Παῖς
3318 3094 3467 3166 ἥμην
3496 3094 3729 3166 εὐφυὴς,

450 3203 564 3250 sus,
606 3196 662 3242 et
710 3187 942 3243 sortitus
985 3201 1109 3240 sum
1154 3185 1393 3239 animam
1435 3187 1632 3242 bonam
1680 3207 1695 3242 :
1729 3189 1905 3259 magis
1937 3203 2034 3242 au-

2139 3187 2312 3257 ψυχῆς
2356 3204 2419 3240 τε
2466 3187 2656 3258 ἔλαχον
2711 3187 2951 3258 ἀγαθῆςο
3008 3186 3207 3257 μᾶλλον
3256 3187 3314 3240 δὲ
3370 3187 3572 3256 ἀγαθὸς
3621 3186 3722 3249 ὢν,

450 3288 557 3335 tem
593 3294 719 3334 cum
751 3294 928 3335 essem
959 3279 1160 3341 bonus,
1205 3277 1328 3333 veni
1371 3277 1439 3331 ad
1480 3293 1682 3349 corpus
1724 3281 2034 3349 ineoiuqui-

451 3382 637 3426 natum
659 3370 729 3424 ⁸³.
777 3390 798 3423 ι
853 3371 1012 3441 (Quis
1060 3371 1229 3440 igitur
1276 3381 1404 3424 ante
1463 3371 1802 3427 nativitatem
1858 3374 2036 3427 bonus

449 3471 591 3528 erat,
642 3471 701 3518 et
749 3463 877 3532 quis
925 3462 1075 3517 venit
1128 3462 1182 3517 in
1225 3475 1430 3532 corpus
1479 3458 1970 3518 incontaminatum
1990 3464 2034 3532 ἲ)

451 3557 645 3621 Isaias,
678 3574 697 3608 ι
727 3556 793 3610 Et
828 3556 1072 3626 cupient,
1121 3555 1168 3611 si
1215 3555 1346 3609 liant
1390 3558 1517 3627 igne
1557 3558 1853 3613 combusti.
1898 3559 2034 3624 Quia

451 3649 714 3720 parvulus
750 3655 911 3702 natus
939 3655 1024 3702 est
1064 3647 1246 3705 nobis.
1279 3647 1425 3703 [ilius
1455 3656 1510 3702 ct
1545 3646 1707 3704 datus
1736 3657 1825 3704 est
1853 3652 2033 3715 nobis,

450 3741 611 3812 cujus
642 3740 982 3811 principatus
1008 3754 1176 3809 super
1219 3739 1507 3793 humerum
1540 3740 1682 3807 ejus,
1723 3749 1778 3794 et
1809 3752 2037 3795 vocatur

452 3848 651 3888 nomen
682 3832 804 3901 ejus
849 3832 1030 3901 magni
1068 3831 1290 3886 consilii
1332 3831 1609 3900 Angelus,
1645 3830 2032 3899 Admirabilis,

452 3925 847 3989 Consiliarius,
901 3922 1042 3978 Deus
1092 3922 1284 3986 fortis,
1335 3930 1568 3993 potens,
1630 3920 1889 3993 Princeps
1936 3936 2035 3993 pa-

450 4017 565 4082 cis,
604 4016 766 4071 l’ater
814 4015 985 4069 futuri
1024 4016 1211 4071 smculi
1252 4015 1318 4068 ⁸⁸.
1367 4033 1388 4067 ι
1448 4013 1513 4067 Et
1555 4029 1784 4079 rursus,
1824 4033 1842 4066 ε
1897 4015 2037 4071 Ecce

442 4107 685 4181 iuvenca
722 4108 936 4178 peperit
980 4116 1036 4162 et
1068 4123 1178 4162 non
1215 4106 1447 4178 peperit.
1484 4124 1503 4157 ι
1540 4103 1656 4161 Hoc
1702 4114 1889 4162 autem
1930 4109 2037 4162 vir-

450 4201 635 4269 ginem
667 4199 917 4254 denotat.
964 4198 1030 4253 Et
1077 4215 1297 4264 rursus,
1333 4217 1352 4250 s
1386 4197 1676 4269 Butyrum,
1708 4209 1763 4253 et
1798 4199 1905 4253 mel
1935 4214 2032 4254 co-

453 4291 632 4347 medet
651 4292 720 4347 3‘.
760 4311 778 4343 ι
816 4290 916 4348 His
947 4293 1095 4348 enim
1139 4292 1309 4348 rebus
1338 4291 1612 4355 alebatur,
1641 4305 1765 4345 cum
1804 4291 2035 4347 descen-

451 4385 607 4440 deret
634 4392 811 4439 mater
842 4383 964 4455 ejus
1009 4400 1040 4439 a
1088 4399 1300 4447 censu;
1334 4399 1460 4437 nam
1504 4366 1695 4454 pos‘tea
1732 4382 2037 4438 abundavit

456 4475 617 4530 lacte.
664 4473 731 4527 Et
772 4488 988 4539 rursus,
1046 4495 1065 4525 ι
1098 4473 1192 4530 Sic
1234 4474 1368 4528 dicit
1418 4473 1684 4528 Dominus
1736 4472 2029 4529 Sabaoth:

2132 3276 2298 3351 ,ἦλθον
2334 3282 2413 3344 εἰς
2447 3280 2606 3351 σῶμα
2634 3280 2914 3352 ἀμίαντον.
2953 3299 2973 3333 s
3001 3282 3110 3352 (4⁵5)
3142 3282 3259 3352 (Τίς
3286 3278 3383 3337 οὖν
3402 3281 3509 3353 πρὸ
3528 3281 3725 3352 γεννή-

2139 3390 2277 3436 σεως
2300 3368 2368 3443 ἦν
2396 3372 2630 3441 ἀγαθός;
2665 3374 2761 3426 καὶ
2790 3375 2874 3437 τίς
2901 3369 3065 3445 ἦλθεν
3089 3377 3171 3438 εἰς
3201 3375 3363 3445 σῶμα
3386 3375 3650 3446 ἀμίαντον
3671 3376 3726 3446 ;)

2151 3466 2398 3529 Ἡσαΐας,
2438 3484 2456 3516 ι
2499 3465 2608 3517 Καὶ
2638 3464 2957 3536 θελήσουσιν
2989 3466 3410 3537 εἱ,ὲγενήθησαν
3456 3467 3724 3539 πυρίκαυ-

2139 3577 2275 3622 στοι,
2304 3560 2386 3612 ότι
2414 3558 2625 3611 παιδίον
2654 3559 2919 3629 ἐγεννήθη
2949 3561 3102 3629 ἡμῖν,
3127 3559 3242 3622 υἱὸς
3269 3560 3364 3612 καὶ
3384 3558 3724 3634 ὲδόθηιὴμῖν,

2139 3643 2201 3704 οὐ
2231 3651 2265 3720 ἡ
2295 3649 2437 3721 ἁρχὴ
2466 3650 2562 3702 ἐπὶ
2588 3648 2683 3701 τοῦ
2709 3648 2863 3719 ὤμου
2896 3648 3086 3710 αὐτοῦ,
3117 3648 3230 3719 (44)
3265 3648 3361 3702 καὶ
3388 3644 3632 3701 καλεῖται
3663 3648 3725 3700 τὸ

2134 3745 2309 3813 ὄνομα
2335 3740 2501 3795 αὐτοῦ
2536 3741 2781 3812 μεγάλης
2827 3741 3020 3811 βουλῆς
3047 3740 3332 3809 Ἄγγελος,
3376 3738 3729 3811 θαυμαστὸς,

2138 3834 2481 3906 Σύμϐουλος,
2512 3834 2645 3898 Θεὸς
2692 3833 2941 3905 ἰσχυρὸς,
2975 3833 3359 3903 ἐξουσιαστὴς,
3406 3833 3609 3903 Ι’Λρχον
3645 3832 3724 3884 εξ·-

2141 3928 2308 3999 ρήνης
2328 3967 2343 3993 ,
2391 3926 2583 3998 Πατὴρ
2629 3925 2723 3979 τοῦ
2779 3925 3062 3996 μέλλοντος
3110 3925 3324 3989 αἰῶνος.
3378 3924 3488 3978 Καὶ
3529 3922 3721 3985 πάλιν,

2142 4037 2163 4071 ι
2205 4018 2337 4071 Ἰδοὺ
2367 4020 2400 4089 ἡ
2422 4017 2654 4089 δάμαλις
2683 4019 2894 4081 τὲτοκε,
2920 4017 3014 4071 καὶ
3038 4018 3098 4070 οὐ
3124 4017 3310 4070 τέτοκε
3344 4016 3483 4087 (45).
3506 4034 3527 4069 ι
3552 4014 3727 4069 Τοῦτο

2145 4110 2202 4163 δὲ
2234 4110 2385 4181 δηλοῖ
2428 4111 2529 4181 τὴν
2556 4111 2852 4181 Παρθένον.
2883 4110 2994 4164 Καὶ
3034 4109 3217 4172 πάλιν,
3256 4129 3275 4160 ι
3317 4109 3606 4179 Βούτυρον,
3631 4110 3726 4161 καὶ

2142 4203 2265 4274 μέλι
2297 4202 2532 4273 φάγεται
2570 4204 2703 4276 (46).
2739 4223 2758 4256 ι
2788 4203 2975 4274 Τούτῳ
2999 4203 3108 4274 γὰρ
3142 4202 3400 4274 ἐτρέφετο
3431 4199 3724 4271 κατιούσης

2137 4293 2237 4363 τῆς
2271 4292 2477 4365 μητρὸς
2508 4293 2675 4347 αὐτοῦ
2700 4293 2810 4347 ἀπὸ
2835 4293 2937 4363 τῆς
2963 4293 3292 4365 ἀπογραφῆς
3311 4308 3325 4323 ⁸
3362 4292 3588 4363 ὕστερον
3612 4290 3728 4362 γὰρ

2137 4384 2441 4456 εὐπόρησεν
2470 4385 2759 4453 γάλακτος.
2796 4385 2906 4438 Καὶ
2928 4384 3112 4448 πάλιν,
3150 4404 3168 4435 ι
3204 4382 3391 4446 Οὒτως
3426 4383 3576 4452 λέγει
3607 4381 3725 4436 Κύ-

2143 4493 2252 4547 ριος
2303 4475 2566 4529 Σαϐαὼθ·
2628 4477 2947 4530 Ἐκοπίασεν
2994 4476 3299 4544 Αἴγυπτος,
3357 4474 3453 4529 καὶ
3487 4476 3725 4546 ἐμπορία

356 4567 369 4579 ⁸
454 4565 750 4621 Laboravit
794 4565 1064 4637 (Egyptus
1114 4574 1170 4621 et
1216 4565 1516 4636 negotiatio
1565 4564 1931 4637 Ethiopum;
1974 4575 2028 4622 et

2139 4567 2412 4621 Αἰθιόπων
2435 4585 2449 4598 ·
2483 4570 2577 4622 καὶ
2612 4571 2661 4621 οἱ
2689 4568 2936 4638 Σαϐαεὶμ
2961 4567 3151 4640 ἄνδρες
3185 4568 3378 4639 ὑψηλοὶ
3404 4569 3497 4621 ἐπὶ
3522 4567 3584 4621 σὲ
3607 4567 3727 4621 δια-

489 4743 662 4800 "Isa.
699 4758 778 4806 XI,
809 4743 925 4798 1-5.
969 4744 1017 4775 ⁷⁸
1042 4744 1174 4799 ibid.
1209 4744 1298 4798 lt).

523 4977 637 5047 (41)
667 4974 853 5047 Codex
874 4976 1166 5039 recentior,
1199 4974 1438 5047 ἀσεϐεῖς.

524 5043 639 5120 (42)
687 5046 826 5101 Mala
878 5046 936 5102 in
995 5046 1282 5101 vetustiori
1337 5045 1528 5101 codice
1595 5043 1863 5100 Vaticano
1919 5046 2034 5111 πῶς

357 5239 368 5248 .
453 5121 640 5260 ilpagi)
672 5186 807 5260 Quae
857 5186 1228 5260 semicirculis
1278 5186 1656 5260 includuntur,
1719 5185 1921 5240 desunt
1978 5187 2033 5260 in

453 5255 747 5340 vetustiori
801 5258 992 5313 codice
1040 5255 1331 5321 Vaticano,
1362 5256 1571 5311 librarii
1613 5271 1806 5312 errore
1861 5258 2037 5312 niani-

456 5331 640 5467 ksiﬁ)
667 5401 727 5452 In
763 5397 1053 5453 recentiori
1084 5397 1273 5451 codice
1320 5393 1608 5467 Vaticano,
1636 5404 1691 5450 et
1724 5396 1780 5467 in
1808 5410 1893 5461 eo,
1924 5410 2037 5467 quo

458 5465 594 5526 usus
625 5480 712 5524 est
736 5467 1034 5538 Siphanus,
1062 5468 1158 5520 καὶ
1200 5467 1444 5520 καλεῖται
1466 5466 1567 5536 τῆς
1602 5465 1848 5590 μεγάλης
1912 5465 2038 5536 βου-

458 5539 555 5590 λῆς
585 5538 836 5590 ἅγγελος.
866 5537 998 5590 Θεὸς
1030 5537 1248 5590 ἱσγυοός
1268 5554 1282 5567 ο
1305 5537 1400 5590 sed
1436 5538 1755 5590 vetustioiis
1833 5537 2036 5589 aticani

455 5539 523 5611 λῆ
585 5538 836 5607 ἅγγελος,
866 5537 998 5602 Θεὸς
1030 5537 1248 5609 ἰσχυρός
1268 5554 1282 5567 ο
1305 5537 1400 5591 sed
1436 5538 1755 5592 vetustioiis
1787 5537 2036 5590 Vaticani

455 5556 669 5662 coflicis
689 5603 1001 5662 lec'tionem.
1033 5624 1197 5662 uuam
1231 5609 1405 5662 seculi
1430 5623 1643 5662 sumus.
1674 5608 1920 5662 nleriaue
1945 5622 2036 5661 (τι)⁴

455 5608 669 5664 codicis
689 5608 1001 5670 lectionem,
1033 5608 1197 5677 quam
1231 5609 1405 5677 seculi
1430 5623 1643 5672 sumus,
1674 5608 2041 5677 pleriqueco‘

456 5681 629 5740 dices,
649 5691 704 5734 et
737 5694 849 5734 non
896 5674 1068 5748 pauci
1089 5677 1299 5748 antiqui
1349 5675 1541 5748 Patres
1587 5674 1863 5732 exhibent.
1906 5674 2038 5732 Vide

454 5748 730 5805 Nobilium
764 5750 819 5803 in
842 5747 1292 5803 adnotationibus
1329 5747 1395 5801 ad
1425 5763 1548 5802 eum
1587 5748 1788 5802 locum.
1929 5802 1934 5809 ,

531 5819 645 5893 (45)
677 5818 883 5875 Locum
916 5819 1062 5875 hunc
1092 5833 1203 5875 non
1260 5818 1484 5874 memini
1531 5832 1619 5874 me
1664 5819 1864 5889 legisse
1893 5818 2039 5889 apud

1392 4745 1437 4776 ""
1465 4744 1610 4800 Psal.
1663 4760 1808 4810 xuv,
1840 4745 1893 4805 7,
1928 4744 1981 4798 8.
2064 4747 2110 4777 τε
2144 4745 2309 4800 Ilehr.
2349 4761 2430 4807 ιιι,
2474 4746 2525 4798 I.

453 4818 495 4848 "
515 4815 708 4871 Matth.
743 4830 782 4881 ι,
807 4814 900 4869 9.3.
977 4813 1025 4846 θ’
1052 4815 1155 4870 lsa.
1187 4831 1305 4880 VIII,
1329 4816 1385 4872 4,
1465 4815 1512 4846 ⁸³
1535 4816 1664 4885 Sap.
1692 4831 1807 4880 vui,
1841 4816 1931 4881 19,
1960 4815 2052 4872 ευ.

2606 4748 2650 4779 ⁷⁸
2676 4745 2821 4802 Psal.
2854 4762 2932 4809 cr.
2976 4745 3167 4802 26-28.
3245 4746 3294 4777 ”
3324 4746 3431 4801 lsa.
3482 4760 3559 4801 ﬁt
3581 4784 3597 4813 ,
3633 4745 3724 4802 ιι.

2131 4817 2298 4873 8‘lsa.
2334 4832 2409 4882 ix,
2449 4816 2502 4882 5,
2527 4816 2581 4872 θ.
2658 4818 2705 4849 ⁸⁸
2730 4817 2838 4872 lsa.
2872 4834 2970 4883 vn,
3000 4818 3089 4872 l5.

2153 4977 2369 5042 Isaiam,
2427 4986 2523 5031 aut
2564 4979 2730 5032 alium
2772 4979 3097 5051 quempiam
3151 4980 3493 5051 praphetam.
3538 4978 3726 5050 Δάμα-

2136 5047 2427 5121 λις-ιξιιιςιη
2458 5065 2587 5111 vox,
2637 5047 3024 5121 pro‘juvenc—a.
3070 5047 3212 5121 saepe
3255 5047 3544 5121 reperitur
3579 5047 3723 5120 apud

2138 5117 2278 5190 LXX
2347 5117 2699 5189 lnterpretes.
2724 5117 2906 5185 Quare
2922 5120 3121 5174 mirum
3145 5117 3231 5177 est
3259 5117 3409 5175 velid
3439 5117 3725 5190 ignorasse

2140 5189 2466 5258 Siphanum,
2499 5191 2583 5244 vel
2611 5190 2897 5258 legendum
2947 5193 3232 5247 censuisse
3267 5189 3499 5261 δύναμις
3525 5206 3541 5221 ο
3595 5207 3724 5246 nam

2139 5260 2320 5332 alieno
2350 5274 2580 5332 prorsus
2604 5276 2772 5332 sensu
2799 5261 3196 5332 interpretatus
3219 5270 3305 5318 est
3323 5260 3514 5332 virtus.

2204 5329 2328 5402 ('86)
2351 5328 2581 5402 Similia
2614 5328 2780 5402 habet
2799 5328 3084 5402 Nysseuus
3120 5333 3174 5387 in
3203 5333 3456 5387 oratione
3487 5331 3543 5386 in
3588 5332 3724 5389 illud

2139 5400 2423 5473 Apostoli,
2469 5400 2698 5473 Quando
2726 5401 2830 5455 sibi
2854 5400 3135 5465 subiecerit
3171 5404 3376 5466 omnia,
3435 5413 3562 5457 tunc
3618 5405 3727 5473 ipse

2139 5486 2340 5544 quoque
2365 5471 2854 5544 ﬁliusisubjicietur
2880 5473 2928 5524 ei
2960 5487 2980 5525 :
3016 5473 3105 5526 ubi
3129 5489 3235 5527 non
3276 5473 3438 5544 longe
3466 5474 3536 5528 ab
3568 5471 3728 5533 initio

2142 5542 2258 5596 haec
2291 5544 2493 5613 inquit,
2511 5543 2581 5596 Et
2604 5542 2864 5613 quomodo
2890 5558 3009 5595 cum
3031 5553 3166 5597 esset
3199 5542 3403 5613 infans,
3424 5544 3727 5613 infantilem

2142 5613 2334 5678 accipit
2371 5611 2567 5674 cibum,
2608 5611 2855 5682 butyrum
2895 5623 2947 5665 et
2977 5614 3079 5667 mel
3104 5611 3419 5677 comedens;
3457 5611 3534 5668 ita
3566 5619 3726 5670 etiam

2143 5700 2262 5736 cum
2291 5683 2627 5751 processisset
2664 5682 2734 5736 ad
2766 5682 3200 5750 adolescentiam,
3235 5701 3339 5740 non
3381 5688 3641 5743 recusavit
3673 5687 3726 5741 id

2141 5753 2280 5831 quod
2302 5753 2425 5808 huic
2451 5755 2599 5810 artati
2618 5762 2732 5809 erat
2762 5769 3051 5827 congruens
3081 5766 3131 5811 et
3162 5756 3490 5813 conveniens.
