  <div class='ocr_page' id='page_1' title='image "/cluster/home/n/w/nwhite01/storage/ocr_20150623/46/nnc1.0046978380/112.png"; bbox 0 0 4096 6354; ppageno 0'>
   <div class='ocr_carea' id='block_1_1' title="bbox 476 356 592 411">
    <p class='ocr_par' dir='ltr' id='par_1_1' title="bbox 476 356 592 411">
     <span class='ocr_line' id='line_1_1' title="bbox 476 356 592 411; baseline 0.017 -2"><span class='ocrx_word' id='word_1_1' title='bbox 476 356 592 411; x_wconf 67' lang='lat'><strong>‘30&quot;)</strong></span> 
     </span>
    </p>
   </div>
   <div class='ocr_carea' id='block_1_2' title="bbox 1520 358 2738 421">
    <p class='ocr_par' dir='ltr' id='par_1_2' title="bbox 1520 358 2738 421">
     <span class='ocr_line' id='line_1_2' title="bbox 1520 358 2738 421; baseline 0.004 -7"><span class='ocrx_word' id='word_1_2' title='bbox 1520 358 1952 416; x_wconf 70' lang='lat' dir='ltr'><strong>TESTIMONIA</strong></span> <span class='ocrx_word' id='word_1_3' title='bbox 1989 359 2369 419; x_wconf 74' lang='lat' dir='ltr'><strong>ADVERSUS</strong></span> <span class='ocrx_word' id='word_1_4' title='bbox 2425 362 2738 421; x_wconf 61' lang='lat' dir='ltr'><strong>JUDIEOS.</strong></span> 
     </span>
    </p>
   </div>
   <div class='ocr_carea' id='block_1_3' title="bbox 3658 373 3764 425">
    <p class='ocr_par' dir='ltr' id='par_1_3' title="bbox 3658 373 3764 425">
     <span class='ocr_line' id='line_1_3' title="bbox 3658 373 3764 425; baseline 0 -1"><span class='ocrx_word' id='word_1_5' title='bbox 3658 373 3764 425; x_wconf 76' lang='lat' dir='ltr'><strong>9J0</strong></span> 
     </span>
    </p>
   </div>
   <div class='ocr_carea' id='block_1_4' title="bbox 488 472 2078 546">
    <p class='ocr_par' dir='ltr' id='par_1_4' title="bbox 488 472 2073 546">
     <span class='ocr_line' id='line_1_4' title="bbox 488 472 2073 546; baseline 0.005 -23"><span class='ocrx_word' id='word_1_6' title='bbox 488 474 749 542; x_wconf 71' lang='grc' dir='ltr'>θήσονται</span> <span class='ocrx_word' id='word_1_7' title='bbox 778 472 914 543; x_wconf 70' lang='grc'><strong>(47),</strong></span> <span class='ocrx_word' id='word_1_8' title='bbox 949 476 1044 529; x_wconf 80' lang='grc' dir='ltr'>καὶ</span> <span class='ocrx_word' id='word_1_9' title='bbox 1080 476 1164 530; x_wconf 72' lang='grc' dir='ltr'><strong>σοὶ</strong></span> <span class='ocrx_word' id='word_1_10' title='bbox 1193 476 1407 532; x_wconf 77' lang='grc' dir='ltr'>ἔσονται</span> <span class='ocrx_word' id='word_1_11' title='bbox 1430 478 1632 546; x_wconf 75' lang='grc' dir='ltr'>δοῦλοι,</span> <span class='ocrx_word' id='word_1_12' title='bbox 1665 481 1759 533; x_wconf 85' lang='grc' dir='ltr'><strong>καὶ</strong></span> <span class='ocrx_word' id='word_1_13' title='bbox 1777 478 1952 532; x_wconf 86' lang='grc' dir='ltr'>ὀπίσω</span> <span class='ocrx_word' id='word_1_14' title='bbox 1979 496 2073 533; x_wconf 86' lang='grc' dir='ltr'><strong>σου</strong></span> 
     </span>
    </p>
   </div>
   <div class='ocr_carea' id='block_1_5' title="bbox 2182 472 3764 546">
    <p class='ocr_par' dir='ltr' id='par_1_5' title="bbox 2182 479 3764 545">
     <span class='ocr_line' id='line_1_5' title="bbox 2182 479 3764 545; baseline -0.001 -9"><span class='ocrx_word' id='word_1_15' title='bbox 2182 479 2405 536; x_wconf 87' lang='lat' dir='ltr'><strong>Sabaim</strong></span> <span class='ocrx_word' id='word_1_16' title='bbox 2438 482 2540 538; x_wconf 86' lang='lat' dir='ltr'><strong>viri</strong></span> <span class='ocrx_word' id='word_1_17' title='bbox 2574 481 2779 538; x_wconf 80' lang='lat' dir='ltr'><strong>excelsi</strong></span> <span class='ocrx_word' id='word_1_18' title='bbox 2819 481 2888 535; x_wconf 86' lang='lat' dir='ltr'><strong>ad</strong></span> <span class='ocrx_word' id='word_1_19' title='bbox 2922 489 2976 535; x_wconf 91' lang='lat' dir='ltr'><strong>te</strong></span> <span class='ocrx_word' id='word_1_20' title='bbox 3009 481 3346 545; x_wconf 87' lang='lat' dir='ltr'><strong>transibunt,</strong></span> <span class='ocrx_word' id='word_1_21' title='bbox 3390 491 3451 537; x_wconf 82' lang='lat' dir='ltr'><strong>et.</strong></span> <span class='ocrx_word' id='word_1_22' title='bbox 3483 481 3561 537; x_wconf 91' lang='lat' dir='ltr'><strong>tui</strong></span> <span class='ocrx_word' id='word_1_23' title='bbox 3602 492 3764 535; x_wconf 79' lang='lat' dir='ltr'><strong>erunt</strong></span> 
     </span>
    </p>
   </div>
   <div class='ocr_carea' id='block_1_6' title="bbox 490 564 2074 642">
    <p class='ocr_par' dir='ltr' id='par_1_6' title="bbox 490 564 2074 642">
     <span class='ocr_line' id='line_1_6' title="bbox 490 564 2074 642; baseline 0.004 -25"><span class='ocrx_word' id='word_1_24' title='bbox 490 564 916 637; x_wconf 80' lang='grc' dir='ltr'>ἀκολουθήσουσι</span> <span class='ocrx_word' id='word_1_25' title='bbox 960 566 1234 639; x_wconf 83' lang='grc' dir='ltr'><strong>δεδεμένοι</strong></span> <span class='ocrx_word' id='word_1_26' title='bbox 1256 570 1618 642; x_wconf 83' lang='grc' dir='ltr'>χειροπέδαις,</span> <span class='ocrx_word' id='word_1_27' title='bbox 1656 573 1751 625; x_wconf 75' lang='grc' dir='ltr'><strong>καὶ</strong></span> <span class='ocrx_word' id='word_1_28' title='bbox 1793 572 2074 642; x_wconf 80' lang='grc' dir='ltr'>διαϐήσον-</span> 
     </span>
    </p>
   </div>
   <div class='ocr_carea' id='block_1_7' title="bbox 489 657 2073 735">
    <p class='ocr_par' dir='ltr' id='par_1_7' title="bbox 489 657 2073 735">
     <span class='ocr_line' id='line_1_7' title="bbox 489 657 2073 735; baseline 0.004 -26"><span class='ocrx_word' id='word_1_29' title='bbox 489 673 577 709; x_wconf 80' lang='grc' dir='ltr'><strong>ται</strong></span> <span class='ocrx_word' id='word_1_30' title='bbox 607 657 744 728; x_wconf 82' lang='grc' dir='ltr'>πρὸς</span> <span class='ocrx_word' id='word_1_31' title='bbox 769 657 851 721; x_wconf 82' lang='grc' dir='ltr'>σὲ,</span> <span class='ocrx_word' id='word_1_32' title='bbox 893 659 984 712; x_wconf 67' lang='grc' dir='ltr'>καὶ</span> <span class='ocrx_word' id='word_1_33' title='bbox 1016 662 1457 732; x_wconf 85' lang='grc' dir='ltr'>προσκυνήσουσί</span> <span class='ocrx_word' id='word_1_34' title='bbox 1486 680 1571 716; x_wconf 89' lang='grc' dir='ltr'><strong>σοι</strong></span> <span class='ocrx_word' id='word_1_35' title='bbox 1609 664 1702 717; x_wconf 75' lang='grc' dir='ltr'>καὶ</span> <span class='ocrx_word' id='word_1_36' title='bbox 1719 664 1779 716; x_wconf 80' lang='grc' dir='ltr'>ὲν</span> <span class='ocrx_word' id='word_1_37' title='bbox 1798 664 1880 717; x_wconf 72' lang='grc' dir='ltr'>σο).</span> <span class='ocrx_word' id='word_1_38' title='bbox 1903 680 2073 735; x_wconf 89' lang='grc' dir='ltr'>προσ-</span> 
     </span>
    </p>
   </div>
   <div class='ocr_carea' id='block_1_8' title="bbox 485 748 2075 821">
    <p class='ocr_par' dir='ltr' id='par_1_8' title="bbox 485 748 2075 821">
     <span class='ocr_line' id='line_1_8' title="bbox 485 748 2075 821; baseline 0.004 -19"><span class='ocrx_word' id='word_1_39' title='bbox 485 748 736 813; x_wconf 77' lang='grc' dir='ltr'>εύξονται</span> <span class='ocrx_word' id='word_1_40' title='bbox 765 750 850 804; x_wconf 82' lang='grc' dir='ltr'>ὅτι</span> <span class='ocrx_word' id='word_1_41' title='bbox 884 753 915 805; x_wconf 86' lang='grc' dir='ltr'><strong>ὁ</strong></span> <span class='ocrx_word' id='word_1_42' title='bbox 956 752 1090 816; x_wconf 83' lang='grc' dir='ltr'><strong>Θεὸς</strong></span> <span class='ocrx_word' id='word_1_43' title='bbox 1136 754 1198 806; x_wconf 82' lang='grc' dir='ltr'>ὲν</span> <span class='ocrx_word' id='word_1_44' title='bbox 1227 754 1308 807; x_wconf 91' lang='grc' dir='ltr'><strong>σοί</strong></span> <span class='ocrx_word' id='word_1_45' title='bbox 1336 755 1453 808; x_wconf 84' lang='grc' dir='ltr'>ἐστι</span> <span class='ocrx_word' id='word_1_46' title='bbox 1473 794 1491 821; x_wconf 88' lang='grc'>,</span> <span class='ocrx_word' id='word_1_47' title='bbox 1527 756 1619 810; x_wconf 76' lang='grc' dir='ltr'>καὶ</span> <span class='ocrx_word' id='word_1_48' title='bbox 1648 755 1749 809; x_wconf 79' lang='grc' dir='ltr'><strong>οὐκ</strong></span> <span class='ocrx_word' id='word_1_49' title='bbox 1786 756 1902 809; x_wconf 78' lang='grc' dir='ltr'>ἔστι</span> <span class='ocrx_word' id='word_1_50' title='bbox 1945 755 2075 820; x_wconf 73' lang='grc' dir='ltr'>Θεὸς</span> 
     </span>
    </p>
   </div>
   <div class='ocr_carea' id='block_1_9' title="bbox 488 839 2076 919">
    <p class='ocr_par' dir='ltr' id='par_1_9' title="bbox 488 839 2076 919">
     <span class='ocr_line' id='line_1_9' title="bbox 488 839 2076 919; baseline 0.006 -26"><span class='ocrx_word' id='word_1_51' title='bbox 488 841 631 910; x_wconf 83' lang='grc' dir='ltr'>πλὴν</span> <span class='ocrx_word' id='word_1_52' title='bbox 666 840 781 897; x_wconf 84' lang='grc' dir='ltr'>σοῦ.</span> <span class='ocrx_word' id='word_1_53' title='bbox 823 843 896 896; x_wconf 80' lang='grc' dir='ltr'><strong>Σὺ</strong></span> <span class='ocrx_word' id='word_1_54' title='bbox 944 845 1054 916; x_wconf 85' lang='grc' dir='ltr'>γὰρ</span> <span class='ocrx_word' id='word_1_55' title='bbox 1092 839 1143 898; x_wconf 79' lang='grc' dir='ltr'>εἷ</span> <span class='ocrx_word' id='word_1_56' title='bbox 1175 846 1344 909; x_wconf 85' lang='grc' dir='ltr'>Θεὸς,</span> <span class='ocrx_word' id='word_1_57' title='bbox 1388 850 1482 901; x_wconf 83' lang='grc' dir='ltr'>καὶ</span> <span class='ocrx_word' id='word_1_58' title='bbox 1530 848 1632 902; x_wconf 84' lang='grc' dir='ltr'><strong>οὐκ</strong></span> <span class='ocrx_word' id='word_1_59' title='bbox 1663 848 1906 919; x_wconf 77' lang='grc' dir='ltr'>ᾔδειμεν,</span> <span class='ocrx_word' id='word_1_60' title='bbox 1944 849 2076 912; x_wconf 76' lang='grc' dir='ltr'>Θεὸς</span> 
     </span>
    </p>
   </div>
   <div class='ocr_carea' id='block_1_10' title="bbox 464 928 2076 1013">
    <p class='ocr_par' dir='ltr' id='par_1_10' title="bbox 464 928 2076 1013">
     <span class='ocr_line' id='line_1_10' title="bbox 464 928 2076 1013; baseline 0.007 -29"><span class='ocrx_word' id='word_1_61' title='bbox 464 932 582 985; x_wconf 83' lang='grc' dir='ltr'><strong>-τοῦ</strong></span> <span class='ocrx_word' id='word_1_62' title='bbox 629 934 844 1007; x_wconf 76' lang='grc' dir='ltr'>Ἰσραὴλ</span> <span class='ocrx_word' id='word_1_63' title='bbox 860 936 1055 1008; x_wconf 81' lang='grc' dir='ltr'>Σωτήρ</span> <span class='ocrx_word' id='word_1_64' title='bbox 1077 937 1212 1007; x_wconf 64' lang='grc'><strong>(48).</strong></span> <span class='ocrx_word' id='word_1_65' title='bbox 1243 958 1263 991; x_wconf 75' lang='grc' dir='ltr'><strong>ι</strong></span> <span class='ocrx_word' id='word_1_66' title='bbox 1307 928 1591 1010; x_wconf 79' lang='grc' dir='ltr'>Ἰεζεκιὴλ,</span> <span class='ocrx_word' id='word_1_67' title='bbox 1626 959 1646 993; x_wconf 79' lang='grc' dir='ltr'><strong>ι</strong></span> <span class='ocrx_word' id='word_1_68' title='bbox 1675 942 1784 996; x_wconf 74' lang='grc' dir='ltr'>Καὶ</span> <span class='ocrx_word' id='word_1_69' title='bbox 1808 941 2076 1013; x_wconf 77' lang='grc' dir='ltr'>ἐπέτρεψέ</span> 
     </span>
    </p>
   </div>
   <div class='ocr_carea' id='block_1_11' title="bbox 492 1025 2077 1105">
    <p class='ocr_par' dir='ltr' id='par_1_11' title="bbox 492 1025 2077 1105">
     <span class='ocr_line' id='line_1_11' title="bbox 492 1025 2077 1105; baseline 0.006 -26"><span class='ocrx_word' id='word_1_70' title='bbox 492 1041 562 1095; x_wconf 88' lang='grc' dir='ltr'><strong>με</strong></span> <span class='ocrx_word' id='word_1_71' title='bbox 600 1025 805 1097; x_wconf 81' lang='grc' dir='ltr'>Κύριος</span> <span class='ocrx_word' id='word_1_72' title='bbox 834 1026 979 1082; x_wconf 88' lang='grc' dir='ltr'>κατά</span> <span class='ocrx_word' id='word_1_73' title='bbox 997 1029 1095 1100; x_wconf 79' lang='grc' dir='ltr'>τὴν</span> <span class='ocrx_word' id='word_1_74' title='bbox 1127 1029 1245 1083; x_wconf 81' lang='grc' dir='ltr'>ὁδὸν</span> <span class='ocrx_word' id='word_1_75' title='bbox 1283 1031 1385 1100; x_wconf 80' lang='grc' dir='ltr'>τῆς</span> <span class='ocrx_word' id='word_1_76' title='bbox 1425 1030 1600 1102; x_wconf 72' lang='grc' dir='ltr'>πύλης</span> <span class='ocrx_word' id='word_1_77' title='bbox 1642 1033 1745 1104; x_wconf 83' lang='grc' dir='ltr'>τῆς</span> <span class='ocrx_word' id='word_1_78' title='bbox 1774 1032 2077 1105; x_wconf 76' lang='grc' dir='ltr'>βλεπούσης</span> 
     </span>
    </p>
   </div>
   <div class='ocr_carea' id='block_1_12' title="bbox 488 1117 2076 1197">
    <p class='ocr_par' dir='ltr' id='par_1_12' title="bbox 488 1117 2076 1197">
     <span class='ocr_line' id='line_1_12' title="bbox 488 1117 2076 1197; baseline 0.004 -25"><span class='ocrx_word' id='word_1_79' title='bbox 488 1119 635 1174; x_wconf 75' lang='grc' dir='ltr'>κατὰ</span> <span class='ocrx_word' id='word_1_80' title='bbox 669 1120 969 1189; x_wconf 75' lang='grc' dir='ltr'>ἀνατολὰς,</span> <span class='ocrx_word' id='word_1_81' title='bbox 1002 1122 1098 1175; x_wconf 79' lang='grc' dir='ltr'>καὶ</span> <span class='ocrx_word' id='word_1_82' title='bbox 1129 1121 1268 1193; x_wconf 77' lang='grc' dir='ltr'>αὕτη</span> <span class='ocrx_word' id='word_1_83' title='bbox 1308 1117 1376 1196; x_wconf 79' lang='grc' dir='ltr'>ἦν</span> <span class='ocrx_word' id='word_1_84' title='bbox 1405 1125 1789 1197; x_wconf 56' lang='grc' dir='ltr'>κεκλασμένη</span> <span class='ocrx_word' id='word_1_85' title='bbox 1833 1127 1928 1181; x_wconf 71' lang='grc' dir='ltr'><strong>καὶ</strong></span> <span class='ocrx_word' id='word_1_86' title='bbox 1953 1120 2076 1180; x_wconf 86' lang='grc' dir='ltr'>εἷπε</span> 
     </span>
    </p>
   </div>
   <div class='ocr_carea' id='block_1_13' title="bbox 490 1212 2076 1290">
    <p class='ocr_par' dir='ltr' id='par_1_13' title="bbox 490 1212 2076 1290">
     <span class='ocr_line' id='line_1_13' title="bbox 490 1212 2076 1290; baseline 0.004 -24"><span class='ocrx_word' id='word_1_87' title='bbox 490 1212 699 1285; x_wconf 76' lang='grc' dir='ltr'>Κύριος</span> <span class='ocrx_word' id='word_1_88' title='bbox 741 1213 877 1287; x_wconf 78' lang='grc' dir='ltr'>πρὸς</span> <span class='ocrx_word' id='word_1_89' title='bbox 1050 1216 1149 1269; x_wconf 86' lang='grc' dir='ltr'><strong>Υἱὲ</strong></span> <span class='ocrx_word' id='word_1_90' title='bbox 1176 1215 1487 1289; x_wconf 80' lang='grc' dir='ltr'>ἀνθρώπου,</span> <span class='ocrx_word' id='word_1_91' title='bbox 1545 1219 1579 1289; x_wconf 78' lang='grc' dir='ltr'><strong>ὴ</strong></span> <span class='ocrx_word' id='word_1_92' title='bbox 1613 1217 1757 1290; x_wconf 82' lang='grc' dir='ltr'>πύλη</span> <span class='ocrx_word' id='word_1_93' title='bbox 1804 1219 1944 1289; x_wconf 80' lang='grc' dir='ltr'>αὕτη</span> <span class='ocrx_word' id='word_1_94' title='bbox 1984 1236 2076 1273; x_wconf 88' lang='grc' dir='ltr'>κε-</span> 
     </span>
    </p>
   </div>
   <div class='ocr_carea' id='block_1_14' title="bbox 462 1303 2076 1382">
    <p class='ocr_par' dir='ltr' id='par_1_14' title="bbox 462 1303 2076 1382">
     <span class='ocr_line' id='line_1_14' title="bbox 462 1303 2076 1382; baseline 0.006 -26"><span class='ocrx_word' id='word_1_95' title='bbox 462 1344 465 1345; x_wconf 46' lang='grc' dir='ltr'><em>ν</em></span> <span class='ocrx_word' id='word_1_96' title='bbox 495 1303 786 1376; x_wconf 82' lang='grc' dir='ltr'>κλεισμὲνη</span> <span class='ocrx_word' id='word_1_97' title='bbox 808 1306 981 1372; x_wconf 75' lang='grc' dir='ltr'>ἔσται,</span> <span class='ocrx_word' id='word_1_98' title='bbox 1006 1307 1103 1361; x_wconf 76' lang='grc' dir='ltr'>καὶ</span> <span class='ocrx_word' id='word_1_99' title='bbox 1120 1308 1294 1372; x_wconf 71' lang='grc' dir='ltr'>οὐδεὶς</span> <span class='ocrx_word' id='word_1_100' title='bbox 1315 1308 1378 1362; x_wconf 79' lang='grc' dir='ltr'>οὐ</span> <span class='ocrx_word' id='word_1_101' title='bbox 1402 1309 1477 1380; x_wconf 82' lang='grc' dir='ltr'>μὴ</span> <span class='ocrx_word' id='word_1_102' title='bbox 1498 1309 1680 1380; x_wconf 75' lang='grc' dir='ltr'>διέλθῃ</span> <span class='ocrx_word' id='word_1_103' title='bbox 1700 1311 1769 1364; x_wconf 76' lang='grc' dir='ltr'>δι’</span> <span class='ocrx_word' id='word_1_104' title='bbox 1784 1311 1975 1382; x_wconf 79' lang='grc' dir='ltr'>αὐτῆς,</span> <span class='ocrx_word' id='word_1_105' title='bbox 1994 1312 2076 1365; x_wconf 85' lang='grc' dir='ltr'>ὅτι</span> 
     </span>
    </p>
   </div>
   <div class='ocr_carea' id='block_1_15' title="bbox 494 1396 2078 1473">
    <p class='ocr_par' dir='ltr' id='par_1_15' title="bbox 494 1396 2078 1473">
     <span class='ocr_line' id='line_1_15' title="bbox 494 1396 2078 1473; baseline 0.006 -24"><span class='ocrx_word' id='word_1_106' title='bbox 494 1396 700 1467; x_wconf 83' lang='grc' dir='ltr'>Κύριος</span> <span class='ocrx_word' id='word_1_107' title='bbox 723 1399 753 1452; x_wconf 83' lang='grc' dir='ltr'><strong>ὁ</strong></span> <span class='ocrx_word' id='word_1_108' title='bbox 778 1398 912 1464; x_wconf 74' lang='grc' dir='ltr'>Θεὸς</span> <span class='ocrx_word' id='word_1_109' title='bbox 948 1400 1166 1472; x_wconf 81' lang='grc' dir='ltr'>Ἰσραὴλ</span> <span class='ocrx_word' id='word_1_110' title='bbox 1187 1401 1553 1456; x_wconf 78' lang='grc' dir='ltr'>εἰσελεύσεται</span> <span class='ocrx_word' id='word_1_111' title='bbox 1582 1402 1717 1473; x_wconf 64' lang='grc'><strong>(49),</strong></span> <span class='ocrx_word' id='word_1_112' title='bbox 1749 1406 1842 1457; x_wconf 71' lang='grc' dir='ltr'><strong>καὶ</strong></span> <span class='ocrx_word' id='word_1_113' title='bbox 1870 1403 2078 1468; x_wconf 79' lang='grc' dir='ltr'>ἐξελεΰ-</span> 
     </span>
    </p>
   </div>
   <div class='ocr_carea' id='block_1_16' title="bbox 464 1489 2071 1564">
    <p class='ocr_par' dir='ltr' id='par_1_16' title="bbox 464 1489 2071 1564">
     <span class='ocr_line' id='line_1_16' title="bbox 464 1489 2071 1564; baseline 0.004 -23"><span class='ocrx_word' id='word_1_114' title='bbox 464 1504 647 1543; x_wconf 76' lang='grc' dir='ltr'>σεται</span> <span class='ocrx_word' id='word_1_115' title='bbox 681 1489 750 1543; x_wconf 86' lang='grc' dir='ltr'>δι’</span> <span class='ocrx_word' id='word_1_116' title='bbox 785 1489 977 1561; x_wconf 83' lang='grc' dir='ltr'>αὐτῆς,</span> <span class='ocrx_word' id='word_1_117' title='bbox 1014 1491 1110 1545; x_wconf 74' lang='grc' dir='ltr'>καὶ</span> <span class='ocrx_word' id='word_1_118' title='bbox 1142 1490 1296 1546; x_wconf 71' lang='grc' dir='ltr'>ἔσται</span> <span class='ocrx_word' id='word_1_119' title='bbox 1343 1492 1721 1564; x_wconf 83' lang='grc' dir='ltr'>κεκλεισμένη.</span> <span class='ocrx_word' id='word_1_120' title='bbox 1761 1513 1781 1545; x_wconf 72' lang='grc' dir='ltr'><strong>ι</strong></span> <span class='ocrx_word' id='word_1_121' title='bbox 1824 1491 2071 1561; x_wconf 65' lang='grc' dir='ltr'>ἸΙαΐας,</span> 
     </span>
    </p>
   </div>
   <div class='ocr_carea' id='block_1_17' title="bbox 456 1582 2080 1659">
    <p class='ocr_par' dir='ltr' id='par_1_17' title="bbox 456 1582 2080 1659">
     <span class='ocr_line' id='line_1_17' title="bbox 456 1582 2080 1659; baseline 0.006 -27"><span class='ocrx_word' id='word_1_122' title='bbox 456 1614 461 1619; x_wconf 66' lang='grc' dir='ltr'><strong>ι</strong></span> <span class='ocrx_word' id='word_1_123' title='bbox 494 1600 518 1631; x_wconf 80' lang='grc'><strong><em>‹</em></strong></span> <span class='ocrx_word' id='word_1_124' title='bbox 542 1582 636 1634; x_wconf 83' lang='grc' dir='ltr'>Ἐκ</span> <span class='ocrx_word' id='word_1_125' title='bbox 655 1582 863 1647; x_wconf 84' lang='grc' dir='ltr'>κοιλίας</span> <span class='ocrx_word' id='word_1_126' title='bbox 892 1584 1097 1655; x_wconf 79' lang='grc' dir='ltr'>μητρὸς</span> <span class='ocrx_word' id='word_1_127' title='bbox 1125 1584 1360 1638; x_wconf 75' lang='grc' dir='ltr'><strong>ἐκάλεσα</strong></span> <span class='ocrx_word' id='word_1_128' title='bbox 1386 1586 1446 1638; x_wconf 80' lang='grc' dir='ltr'><strong>τὸ</strong></span> <span class='ocrx_word' id='word_1_129' title='bbox 1469 1585 1642 1657; x_wconf 77' lang='grc' dir='ltr'>ὄνομα</span> <span class='ocrx_word' id='word_1_130' title='bbox 1661 1586 1827 1640; x_wconf 79' lang='grc' dir='ltr'>αὐτοῦ</span> <span class='ocrx_word' id='word_1_131' title='bbox 1860 1588 2080 1659; x_wconf 80' lang='grc' dir='ltr'>Μάκαι-</span> 
     </span>
    </p>
   </div>
   <div class='ocr_carea' id='block_1_18' title="bbox 458 1674 2077 1751">
    <p class='ocr_par' dir='ltr' id='par_1_18' title="bbox 458 1674 2077 1751">
     <span class='ocr_line' id='line_1_18' title="bbox 458 1674 2077 1751; baseline 0.008 -30"><span class='ocrx_word' id='word_1_132' title='bbox 458 1714 471 1721; x_wconf 94' lang='grc'><strong>-</strong></span> <span class='ocrx_word' id='word_1_133' title='bbox 494 1691 596 1745; x_wconf 87' lang='grc' dir='ltr'><strong>ραν</strong></span> <span class='ocrx_word' id='word_1_134' title='bbox 619 1674 797 1739; x_wconf 79' lang='grc' dir='ltr'>ὀξεῖαν</span> <span class='ocrx_word' id='word_1_135' title='bbox 830 1676 966 1746; x_wconf 75' lang='grc'><strong>(50).</strong></span> <span class='ocrx_word' id='word_1_136' title='bbox 1006 1697 1024 1729; x_wconf 72' lang='grc' dir='ltr'><strong>ι</strong></span> <span class='ocrx_word' id='word_1_137' title='bbox 1060 1677 1279 1751; x_wconf 82' lang='grc' dir='ltr'>Δανιὴλ,</span> <span class='ocrx_word' id='word_1_138' title='bbox 1312 1697 1331 1731; x_wconf 81' lang='grc' dir='ltr'><strong>ι</strong></span> <span class='ocrx_word' id='word_1_139' title='bbox 1376 1678 1506 1732; x_wconf 84' lang='grc' dir='ltr'>Ἰδοὺ</span> <span class='ocrx_word' id='word_1_140' title='bbox 1537 1679 1749 1751; x_wconf 79' lang='grc' dir='ltr'><strong>ἐτμήθη</strong></span> <span class='ocrx_word' id='word_1_141' title='bbox 1775 1678 1919 1744; x_wconf 89' lang='grc' dir='ltr'>λίθος</span> <span class='ocrx_word' id='word_1_142' title='bbox 1946 1681 2077 1735; x_wconf 81' lang='grc' dir='ltr'>ἄνευ</span> 
     </span>
    </p>
   </div>
   <div class='ocr_carea' id='block_1_19' title="bbox 494 1767 2077 1841">
    <p class='ocr_par' dir='ltr' id='par_1_19' title="bbox 494 1767 2077 1841">
     <span class='ocr_line' id='line_1_19' title="bbox 494 1767 2077 1841; baseline 0.004 -22"><span class='ocrx_word' id='word_1_143' title='bbox 494 1767 713 1839; x_wconf 74' lang='grc' dir='ltr'>χειρῶν,</span> <span class='ocrx_word' id='word_1_144' title='bbox 745 1770 840 1823; x_wconf 72' lang='grc' dir='ltr'><strong>καὶ</strong></span> <span class='ocrx_word' id='word_1_145' title='bbox 868 1769 1105 1836; x_wconf 75' lang='grc' dir='ltr'>ἐπάταξε</span> <span class='ocrx_word' id='word_1_146' title='bbox 1143 1771 1235 1825; x_wconf 81' lang='grc' dir='ltr'><strong>τὸν</strong></span> <span class='ocrx_word' id='word_1_147' title='bbox 1267 1771 1558 1840; x_wconf 81' lang='grc' dir='ltr'>ἀνδριάντα</span> <span class='ocrx_word' id='word_1_148' title='bbox 1578 1811 1594 1837; x_wconf 94' lang='grc'>,</span> <span class='ocrx_word' id='word_1_149' title='bbox 1619 1772 1711 1826; x_wconf 75' lang='grc' dir='ltr'><strong>καὶ</strong></span> <span class='ocrx_word' id='word_1_150' title='bbox 1747 1773 1964 1841; x_wconf 79' lang='grc' dir='ltr'>ἐγένετο</span> <span class='ocrx_word' id='word_1_151' title='bbox 1993 1774 2077 1837; x_wconf 82' lang='grc' dir='ltr'>εἰς</span> 
     </span>
    </p>
   </div>
   <div class='ocr_carea' id='block_1_20' title="bbox 492 1858 2078 1937">
    <p class='ocr_par' dir='ltr' id='par_1_20' title="bbox 492 1858 2078 1937">
     <span class='ocr_line' id='line_1_20' title="bbox 492 1858 2078 1937; baseline 0.005 -25"><span class='ocrx_word' id='word_1_152' title='bbox 492 1858 617 1929; x_wconf 73' lang='grc' dir='ltr'>ὄρος</span> <span class='ocrx_word' id='word_1_153' title='bbox 651 1860 813 1931; x_wconf 82' lang='grc' dir='ltr'>μέγα,</span> <span class='ocrx_word' id='word_1_154' title='bbox 853 1863 949 1916; x_wconf 77' lang='grc' dir='ltr'>καὶ</span> <span class='ocrx_word' id='word_1_155' title='bbox 975 1863 1261 1935; x_wconf 75' lang='grc' dir='ltr'><strong>ἐπλήρωσε</strong></span> <span class='ocrx_word' id='word_1_156' title='bbox 1309 1864 1409 1936; x_wconf 82' lang='grc' dir='ltr'><strong>τὴν</strong></span> <span class='ocrx_word' id='word_1_157' title='bbox 1440 1865 1787 1937; x_wconf 78' lang='grc' dir='ltr'>οἰκουμένην.</span> <span class='ocrx_word' id='word_1_158' title='bbox 1829 1885 1849 1919; x_wconf 75' lang='grc' dir='ltr'><strong>ι</strong></span> <span class='ocrx_word' id='word_1_159' title='bbox 1893 1866 1953 1921; x_wconf 84' lang='grc'><strong>’0</strong></span> <span class='ocrx_word' id='word_1_160' title='bbox 1982 1863 2078 1922; x_wconf 83' lang='grc' dir='ltr'><strong>οὖν</strong></span> 
     </span>
    </p>
   </div>
   <div class='ocr_carea' id='block_1_21' title="bbox 493 1952 2075 2029">
    <p class='ocr_par' dir='ltr' id='par_1_21' title="bbox 493 1952 2075 2029">
     <span class='ocr_line' id='line_1_21' title="bbox 493 1952 2075 2029; baseline 0.004 -25"><span class='ocrx_word' id='word_1_161' title='bbox 493 1952 722 2024; x_wconf 78' lang='grc' dir='ltr'><strong>τμηθεὶς</strong></span> <span class='ocrx_word' id='word_1_162' title='bbox 762 1953 909 2020; x_wconf 83' lang='grc' dir='ltr'>λίθος</span> <span class='ocrx_word' id='word_1_163' title='bbox 953 1956 1082 2010; x_wconf 84' lang='grc' dir='ltr'>ἄνευ</span> <span class='ocrx_word' id='word_1_164' title='bbox 1112 1956 1315 2026; x_wconf 76' lang='grc' dir='ltr'>χειρὸς,</span> <span class='ocrx_word' id='word_1_165' title='bbox 1356 1956 1504 2011; x_wconf 79' lang='grc' dir='ltr'>ἔστιν</span> <span class='ocrx_word' id='word_1_166' title='bbox 1547 1959 1576 2011; x_wconf 90' lang='grc' dir='ltr'><strong>ὁ</strong></span> <span class='ocrx_word' id='word_1_167' title='bbox 1614 1959 1893 2029; x_wconf 74' lang='grc' dir='ltr'>γεννηθεὶς</span> <span class='ocrx_word' id='word_1_168' title='bbox 1946 1959 2075 2014; x_wconf 84' lang='grc' dir='ltr'>ἄνευ</span> 
     </span>
    </p>
   </div>
   <div class='ocr_carea' id='block_1_22' title="bbox 453 2044 2070 2123">
    <p class='ocr_par' dir='ltr' id='par_1_22' title="bbox 453 2044 2070 2123">
     <span class='ocr_line' id='line_1_22' title="bbox 453 2044 2070 2123; baseline 0.007 -29"><span class='ocrx_word' id='word_1_169' title='bbox 453 2082 467 2102; x_wconf 86' lang='lat'><strong>,</strong></span> <span class='ocrx_word' id='word_1_170' title='bbox 494 2044 702 2115; x_wconf 81' lang='grc' dir='ltr'>σπορᾶς</span> <span class='ocrx_word' id='word_1_171' title='bbox 744 2044 955 2116; x_wconf 81' lang='grc' dir='ltr'>ἀνδρός.</span> <span class='ocrx_word' id='word_1_172' title='bbox 1012 2047 1239 2112; x_wconf 82' lang='grc' dir='ltr'>Ἡσαΐας</span> <span class='ocrx_word' id='word_1_173' title='bbox 1283 2048 1465 2113; x_wconf 72' lang='grc' dir='ltr'>πάλιν,</span> <span class='ocrx_word' id='word_1_174' title='bbox 1506 2068 1524 2102; x_wconf 83' lang='grc' dir='ltr'><strong>ι</strong></span> <span class='ocrx_word' id='word_1_175' title='bbox 1561 2050 1759 2103; x_wconf 81' lang='grc' dir='ltr'>’Λκουε</span> <span class='ocrx_word' id='word_1_176' title='bbox 1782 2092 1797 2112; x_wconf 87' lang='grc'><strong>,</strong></span> <span class='ocrx_word' id='word_1_177' title='bbox 1854 2051 2070 2123; x_wconf 82' lang='grc' dir='ltr'>οὐρανὲ,</span> 
     </span>
    </p>
   </div>
   <div class='ocr_carea' id='block_1_23' title="bbox 493 2137 2076 2212">
    <p class='ocr_par' dir='ltr' id='par_1_23' title="bbox 493 2137 2076 2212">
     <span class='ocr_line' id='line_1_23' title="bbox 493 2137 2076 2212; baseline 0.008 -25"><span class='ocrx_word' id='word_1_178' title='bbox 493 2137 589 2188; x_wconf 71' lang='grc' dir='ltr'><strong>κα)⁸</strong></span> <span class='ocrx_word' id='word_1_179' title='bbox 640 2137 932 2203; x_wconf 80' lang='grc' dir='ltr'>ὲνωτίζου,</span> <span class='ocrx_word' id='word_1_180' title='bbox 979 2139 1013 2209; x_wconf 84' lang='grc' dir='ltr'><strong>ἡ</strong></span> <span class='ocrx_word' id='word_1_181' title='bbox 1069 2139 1163 2209; x_wconf 85' lang='grc' dir='ltr'>γῆ,</span> <span class='ocrx_word' id='word_1_182' title='bbox 1205 2143 1289 2195; x_wconf 79' lang='grc' dir='ltr'><strong>ὅτι</strong></span> <span class='ocrx_word' id='word_1_183' title='bbox 1318 2141 1523 2212; x_wconf 82' lang='grc' dir='ltr'>Κύριος</span> <span class='ocrx_word' id='word_1_184' title='bbox 1580 2142 1876 2212; x_wconf 77' lang='grc' dir='ltr'>ἐλάλησεν·</span> <span class='ocrx_word' id='word_1_185' title='bbox 1919 2145 2076 2208; x_wconf 81' lang='grc' dir='ltr'>Υίοὺς</span> 
     </span>
    </p>
   </div>
   <div class='ocr_carea' id='block_1_24' title="bbox 494 2225 2078 2306">
    <p class='ocr_par' dir='ltr' id='par_1_24' title="bbox 494 2225 2078 2306">
     <span class='ocr_line' id='line_1_24' title="bbox 494 2225 2078 2306; baseline 0.008 -29"><span class='ocrx_word' id='word_1_186' title='bbox 494 2225 778 2297; x_wconf 77' lang='grc' dir='ltr'><strong>ἐγέννησα,</strong></span> <span class='ocrx_word' id='word_1_187' title='bbox 816 2229 911 2280; x_wconf 74' lang='grc' dir='ltr'>καὶ</span> <span class='ocrx_word' id='word_1_188' title='bbox 935 2227 1148 2298; x_wconf 70' lang='grc' dir='ltr'>ὖψωσα,</span> <span class='ocrx_word' id='word_1_189' title='bbox 1180 2232 1334 2284; x_wconf 81' lang='grc' dir='ltr'>αὐτοὶ</span> <span class='ocrx_word' id='word_1_190' title='bbox 1361 2232 1418 2285; x_wconf 82' lang='grc' dir='ltr'>δέ</span> <span class='ocrx_word' id='word_1_191' title='bbox 1451 2249 1517 2302; x_wconf 87' lang='grc' dir='ltr'><strong>με</strong></span> <span class='ocrx_word' id='word_1_192' title='bbox 1552 2232 1857 2306; x_wconf 77' lang='grc' dir='ltr'><strong>ἠθέτησαν.</strong></span> <span class='ocrx_word' id='word_1_193' title='bbox 1894 2235 2078 2302; x_wconf 83' lang='grc' dir='ltr'>Ἔγνω</span> 
     </span>
    </p>
   </div>
   <div class='ocr_carea' id='block_1_25' title="bbox 497 2314 2077 2393">
    <p class='ocr_par' dir='ltr' id='par_1_25' title="bbox 497 2314 2077 2393">
     <span class='ocr_line' id='line_1_25' title="bbox 497 2314 2077 2393; baseline 0.006 -27"><span class='ocrx_word' id='word_1_194' title='bbox 497 2314 623 2383; x_wconf 79' lang='grc' dir='ltr'>βοῦς</span> <span class='ocrx_word' id='word_1_195' title='bbox 658 2316 748 2368; x_wconf 86' lang='grc' dir='ltr'><strong>τὸν</strong></span> <span class='ocrx_word' id='word_1_196' title='bbox 783 2316 1156 2387; x_wconf 79' lang='grc' dir='ltr'>κτησάμενον,</span> <span class='ocrx_word' id='word_1_197' title='bbox 1188 2320 1283 2372; x_wconf 80' lang='grc' dir='ltr'><strong>καὶ</strong></span> <span class='ocrx_word' id='word_1_198' title='bbox 1310 2318 1431 2383; x_wconf 75' lang='grc' dir='ltr'>ὄνος</span> <span class='ocrx_word' id='word_1_199' title='bbox 1475 2320 1573 2392; x_wconf 75' lang='grc' dir='ltr'>τὴν</span> <span class='ocrx_word' id='word_1_200' title='bbox 1602 2322 1811 2393; x_wconf 76' lang='grc' dir='ltr'>φάτνην</span> <span class='ocrx_word' id='word_1_201' title='bbox 1852 2323 1946 2377; x_wconf 77' lang='grc' dir='ltr'>τοῦ</span> <span class='ocrx_word' id='word_1_202' title='bbox 1982 2342 2077 2377; x_wconf 82' lang='grc' dir='ltr'>κυ-</span> 
     </span>
    </p>
   </div>
   <div class='ocr_carea' id='block_1_26' title="bbox 460 2407 2077 2486">
    <p class='ocr_par' dir='ltr' id='par_1_26' title="bbox 460 2407 2077 2486">
     <span class='ocr_line' id='line_1_26' title="bbox 460 2407 2077 2486; baseline 0.007 -27"><span class='ocrx_word' id='word_1_203' title='bbox 460 2426 465 2431; x_wconf 88' lang='grc'>·</span> <span class='ocrx_word' id='word_1_204' title='bbox 492 2407 613 2477; x_wconf 83' lang='grc' dir='ltr'>ρίου</span> <span class='ocrx_word' id='word_1_205' title='bbox 653 2407 838 2462; x_wconf 72' lang='grc' dir='ltr'>αὐτοῦ·</span> <span class='ocrx_word' id='word_1_206' title='bbox 878 2410 1095 2481; x_wconf 80' lang='grc' dir='ltr'>Ἰσραὴλ</span> <span class='ocrx_word' id='word_1_207' title='bbox 1124 2413 1183 2465; x_wconf 79' lang='grc' dir='ltr'><em>δέ</em></span> <span class='ocrx_word' id='word_1_208' title='bbox 1218 2431 1286 2482; x_wconf 86' lang='grc' dir='ltr'><strong>με</strong></span> <span class='ocrx_word' id='word_1_209' title='bbox 1322 2415 1424 2467; x_wconf 77' lang='grc' dir='ltr'><strong>οὐκ</strong></span> <span class='ocrx_word' id='word_1_210' title='bbox 1454 2414 1619 2483; x_wconf 81' lang='grc' dir='ltr'>ἔγνω,</span> <span class='ocrx_word' id='word_1_211' title='bbox 1649 2415 1769 2468; x_wconf 75' lang='grc' dir='ltr'>οὐδὲ</span> <span class='ocrx_word' id='word_1_212' title='bbox 1793 2418 1821 2469; x_wconf 87' lang='grc' dir='ltr'>ὁ</span> <span class='ocrx_word' id='word_1_213' title='bbox 1849 2416 1976 2479; x_wconf 77' lang='grc' dir='ltr'>λαός</span> <span class='ocrx_word' id='word_1_214' title='bbox 2008 2434 2077 2486; x_wconf 89' lang='grc' dir='ltr'><strong>με</strong></span> 
     </span>
    </p>
   </div>
   <div class='ocr_carea' id='block_1_27' title="bbox 498 2499 2073 2579">
    <p class='ocr_par' dir='ltr' id='par_1_27' title="bbox 498 2499 2073 2579">
     <span class='ocr_line' id='line_1_27' title="bbox 498 2499 2073 2579; baseline 0.006 -28"><span class='ocrx_word' id='word_1_215' title='bbox 498 2499 721 2570; x_wconf 80' lang='grc' dir='ltr'>συνῆκε.</span> <span class='ocrx_word' id='word_1_216' title='bbox 758 2521 777 2553; x_wconf 72' lang='grc' dir='ltr'><strong>ι</strong></span> <span class='ocrx_word' id='word_1_217' title='bbox 816 2502 927 2555; x_wconf 75' lang='grc' dir='ltr'>Καὶ</span> <span class='ocrx_word' id='word_1_218' title='bbox 969 2504 1151 2567; x_wconf 80' lang='grc' dir='ltr'>πάλιν,</span> <span class='ocrx_word' id='word_1_219' title='bbox 1185 2524 1205 2555; x_wconf 76' lang='grc' dir='ltr'><strong>ι</strong></span> <span class='ocrx_word' id='word_1_220' title='bbox 1251 2506 1397 2559; x_wconf 73' lang='grc' dir='ltr'><strong>Λάϐε</strong></span> <span class='ocrx_word' id='word_1_221' title='bbox 1431 2507 1595 2572; x_wconf 77' lang='grc' dir='ltr'>τόμον</span> <span class='ocrx_word' id='word_1_222' title='bbox 1641 2506 1829 2560; x_wconf 79' lang='grc' dir='ltr'>καινοῦ</span> <span class='ocrx_word' id='word_1_223' title='bbox 1873 2509 2073 2579; x_wconf 79' lang='grc' dir='ltr'>χάρτου</span> 
     </span>
    </p>
   </div>
   <div class='ocr_carea' id='block_1_28' title="bbox 494 2593 2073 2673">
    <p class='ocr_par' dir='ltr' id='par_1_28' title="bbox 494 2593 2073 2673">
     <span class='ocr_line' id='line_1_28' title="bbox 494 2593 2073 2673; baseline 0.007 -28"><span class='ocrx_word' id='word_1_224' title='bbox 494 2593 734 2661; x_wconf 77' lang='grc' dir='ltr'>μεγάλου</span> <span class='ocrx_word' id='word_1_225' title='bbox 757 2593 893 2666; x_wconf 79' lang='grc'><strong>(5-1),</strong></span> <span class='ocrx_word' id='word_1_226' title='bbox 914 2597 1009 2649; x_wconf 81' lang='grc' dir='ltr'><strong>καὶ</strong></span> <span class='ocrx_word' id='word_1_227' title='bbox 1028 2598 1237 2668; x_wconf 70' lang='grc' dir='ltr'>γράψον</span> <span class='ocrx_word' id='word_1_228' title='bbox 1269 2600 1328 2653; x_wconf 83' lang='grc' dir='ltr'><strong>ἐν</strong></span> <span class='ocrx_word' id='word_1_229' title='bbox 1347 2600 1497 2670; x_wconf 79' lang='grc' dir='ltr'>αὐτῷ</span> <span class='ocrx_word' id='word_1_230' title='bbox 1512 2602 1733 2671; x_wconf 79' lang='grc' dir='ltr'>γραφίδι</span> <span class='ocrx_word' id='word_1_231' title='bbox 1765 2602 2073 2673; x_wconf 82' lang='grc' dir='ltr'>ἀνθρώπου,</span> 
     </span>
    </p>
   </div>
   <div class='ocr_carea' id='block_1_29' title="bbox 494 2682 2078 2765">
    <p class='ocr_par' dir='ltr' id='par_1_29' title="bbox 494 2682 2078 2765">
     <span class='ocr_line' id='line_1_29' title="bbox 494 2682 2078 2765; baseline 0.009 -30"><span class='ocrx_word' id='word_1_232' title='bbox 494 2682 589 2736; x_wconf 78' lang='grc' dir='ltr'>τοῦ</span> <span class='ocrx_word' id='word_1_233' title='bbox 619 2684 789 2750; x_wconf 79' lang='grc' dir='ltr'>ὀξέως</span> <span class='ocrx_word' id='word_1_234' title='bbox 817 2690 1095 2760; x_wconf 77' lang='grc' dir='ltr'>προνομὴν</span> <span class='ocrx_word' id='word_1_235' title='bbox 1131 2690 1351 2755; x_wconf 79' lang='grc' dir='ltr'>ποιῆσαι</span> <span class='ocrx_word' id='word_1_236' title='bbox 1397 2692 1631 2746; x_wconf 79' lang='grc' dir='ltr'>σκύλων.</span> <span class='ocrx_word' id='word_1_237' title='bbox 1680 2694 1791 2748; x_wconf 72' lang='grc' dir='ltr'>Καὶ</span> <span class='ocrx_word' id='word_1_238' title='bbox 1836 2695 2078 2765; x_wconf 79' lang='grc' dir='ltr'>προσῆλ-</span> 
     </span>
    </p>
   </div>
   <div class='ocr_carea' id='block_1_30' title="bbox 496 2775 2080 2856">
    <p class='ocr_par' dir='ltr' id='par_1_30' title="bbox 496 2775 2080 2856">
     <span class='ocr_line' id='line_1_30' title="bbox 496 2775 2080 2856; baseline 0.008 -28"><span class='ocrx_word' id='word_1_239' title='bbox 496 2775 587 2829; x_wconf 90' lang='grc' dir='ltr'><strong>θον</strong></span> <span class='ocrx_word' id='word_1_240' title='bbox 634 2778 771 2848; x_wconf 75' lang='grc' dir='ltr'>πρὸς</span> <span class='ocrx_word' id='word_1_241' title='bbox 817 2779 916 2850; x_wconf 85' lang='grc' dir='ltr'>τὴν</span> <span class='ocrx_word' id='word_1_242' title='bbox 961 2783 1254 2851; x_wconf 69' lang='grc' dir='ltr'>προφῆτιν,</span> <span class='ocrx_word' id='word_1_243' title='bbox 1302 2785 1395 2837; x_wconf 74' lang='grc' dir='ltr'><strong>καὶ</strong></span> <span class='ocrx_word' id='word_1_244' title='bbox 1439 2786 1496 2837; x_wconf 83' lang='grc' dir='ltr'>ὲν</span> <span class='ocrx_word' id='word_1_245' title='bbox 1527 2789 1726 2856; x_wconf 68' lang='grc' dir='ltr'>γαστρὶ</span> <span class='ocrx_word' id='word_1_246' title='bbox 1769 2786 1951 2851; x_wconf 74' lang='grc' dir='ltr'>ἔλαϐε,</span> <span class='ocrx_word' id='word_1_247' title='bbox 1983 2787 2080 2841; x_wconf 77' lang='grc' dir='ltr'><strong>καὶ</strong></span> 
     </span>
    </p>
   </div>
   <div class='ocr_carea' id='block_1_31' title="bbox 492 2869 2080 2949">
    <p class='ocr_par' dir='ltr' id='par_1_31' title="bbox 492 2869 2080 2949">
     <span class='ocr_line' id='line_1_31' title="bbox 492 2869 2080 2949; baseline 0.007 -27"><span class='ocrx_word' id='word_1_248' title='bbox 492 2869 679 2923; x_wconf 75' lang='grc' dir='ltr'>ἔτεκεν</span> <span class='ocrx_word' id='word_1_249' title='bbox 706 2871 844 2925; x_wconf 85' lang='grc' dir='ltr'>υίόν·</span> <span class='ocrx_word' id='word_1_250' title='bbox 874 2873 968 2926; x_wconf 76' lang='grc' dir='ltr'><strong>καὶ</strong></span> <span class='ocrx_word' id='word_1_251' title='bbox 988 2870 1111 2927; x_wconf 83' lang='grc' dir='ltr'><strong>εἷπέ</strong></span> <span class='ocrx_word' id='word_1_252' title='bbox 1149 2893 1238 2945; x_wconf 89' lang='grc' dir='ltr'><strong>μοι</strong></span> <span class='ocrx_word' id='word_1_253' title='bbox 1265 2876 1470 2948; x_wconf 76' lang='grc' dir='ltr'>Κύριος</span> <span class='ocrx_word' id='word_1_254' title='bbox 1488 2892 1502 2906; x_wconf 82' lang='lat'>&#39;</span> <span class='ocrx_word' id='word_1_255' title='bbox 1535 2878 1779 2933; x_wconf 76' lang='grc' dir='ltr'>Κάλεσον</span> <span class='ocrx_word' id='word_1_256' title='bbox 1823 2878 1885 2932; x_wconf 82' lang='grc' dir='ltr'><strong>τὸ</strong></span> <span class='ocrx_word' id='word_1_257' title='bbox 1909 2879 2080 2949; x_wconf 79' lang='grc' dir='ltr'>ὄνομα</span> 
     </span>
    </p>
   </div>
   <div class='ocr_carea' id='block_1_32' title="bbox 492 2961 2070 3040">
    <p class='ocr_par' dir='ltr' id='par_1_32' title="bbox 492 2961 2070 3040">
     <span class='ocr_line' id='line_1_32' title="bbox 492 2961 2070 3040; baseline 0.005 -26"><span class='ocrx_word' id='word_1_258' title='bbox 492 2961 693 3030; x_wconf 79' lang='grc' dir='ltr'>αὐτοῦ,</span> <span class='ocrx_word' id='word_1_259' title='bbox 742 2964 964 3035; x_wconf 80' lang='grc' dir='ltr'>Ταχέως</span> <span class='ocrx_word' id='word_1_260' title='bbox 1023 2966 1349 3029; x_wconf 84' lang='grc' dir='ltr'>σκύλευσον,</span> <span class='ocrx_word' id='word_1_261' title='bbox 1397 2968 1592 3033; x_wconf 82' lang='grc' dir='ltr'>Ὀξέως</span> <span class='ocrx_word' id='word_1_262' title='bbox 1623 2971 2009 3040; x_wconf 79' lang='grc' dir='ltr'>προνόμευσον.</span> <span class='ocrx_word' id='word_1_263' title='bbox 2050 2992 2070 3022; x_wconf 72' lang='grc' dir='ltr'><strong>ι</strong></span> 
     </span>
    </p>
   </div>
   <div class='ocr_carea' id='block_1_33' title="bbox 495 3051 2076 3133">
    <p class='ocr_par' dir='ltr' id='par_1_33' title="bbox 495 3051 2076 3133">
     <span class='ocr_line' id='line_1_33' title="bbox 495 3051 2076 3133; baseline 0.009 -30"><span class='ocrx_word' id='word_1_264' title='bbox 495 3052 671 3122; x_wconf 72' lang='grc' dir='ltr'>Τόμον</span> <span class='ocrx_word' id='word_1_265' title='bbox 700 3051 795 3107; x_wconf 81' lang='grc' dir='ltr'><strong>οὖν</strong></span> <span class='ocrx_word' id='word_1_266' title='bbox 819 3056 1001 3108; x_wconf 74' lang='grc' dir='ltr'>καινὸν</span> <span class='ocrx_word' id='word_1_267' title='bbox 1031 3055 1260 3127; x_wconf 80' lang='grc' dir='ltr'>νοοῦμεν</span> <span class='ocrx_word' id='word_1_268' title='bbox 1283 3057 1381 3128; x_wconf 81' lang='grc' dir='ltr'><strong>τὴν</strong></span> <span class='ocrx_word' id='word_1_269' title='bbox 1422 3058 1714 3131; x_wconf 63' lang='grc' dir='ltr'>Παρθένονε</span> <span class='ocrx_word' id='word_1_270' title='bbox 1744 3060 1935 3132; x_wconf 76' lang='grc' dir='ltr'>ὥσπερ</span> <span class='ocrx_word' id='word_1_271' title='bbox 1967 3061 2076 3133; x_wconf 84' lang='grc' dir='ltr'>γὰρ</span> 
     </span>
    </p>
   </div>
   <div class='ocr_carea' id='block_1_34' title="bbox 493 3144 2146 3243">
    <p class='ocr_par' dir='ltr' id='par_1_34' title="bbox 493 3144 2146 3243">
     <span class='ocr_line' id='line_1_34' title="bbox 493 3144 2146 3243; baseline 0.009 -48"><span class='ocrx_word' id='word_1_272' title='bbox 493 3145 523 3195; x_wconf 91' lang='grc' dir='ltr'><strong>ὁ</strong></span> <span class='ocrx_word' id='word_1_273' title='bbox 553 3144 760 3216; x_wconf 79' lang='grc' dir='ltr'>χάρτης</span> <span class='ocrx_word' id='word_1_274' title='bbox 802 3148 986 3243; x_wconf 74' lang='grc' dir='ltr'>καινός</span> <span class='ocrx_word' id='word_1_275' title='bbox 1030 3150 1147 3203; x_wconf 79' lang='grc' dir='ltr'>ἐστι</span> <span class='ocrx_word' id='word_1_276' title='bbox 1183 3150 1442 3222; x_wconf 76' lang='grc' dir='ltr'>καθαρὸς.</span> <span class='ocrx_word' id='word_1_277' title='bbox 1490 3151 1736 3223; x_wconf 81' lang='grc' dir='ltr'>ἄγραφος</span> <span class='ocrx_word' id='word_1_278' title='bbox 1762 3152 1861 3217; x_wconf 83' lang='grc' dir='ltr'><strong>ὣν,</strong></span> <span class='ocrx_word' id='word_1_279' title='bbox 1904 3153 2077 3218; x_wconf 79' lang='grc' dir='ltr'>οὕτως</span> <span class='ocrx_word' id='word_1_280' title='bbox 2104 3187 2146 3243; x_wconf 75' lang='lat' dir='ltr'>C</span> 
     </span>
    </p>
   </div>
   <div class='ocr_carea' id='block_1_35' title="bbox 496 3238 2075 3315">
    <p class='ocr_par' dir='ltr' id='par_1_35' title="bbox 496 3238 2075 3315">
     <span class='ocr_line' id='line_1_35' title="bbox 496 3238 2075 3315; baseline 0.007 -27"><span class='ocrx_word' id='word_1_281' title='bbox 496 3238 638 3306; x_wconf 71' lang='grc' dir='ltr'>καὶὴ</span> <span class='ocrx_word' id='word_1_282' title='bbox 668 3238 941 3308; x_wconf 77' lang='grc' dir='ltr'>Παρθένος</span> <span class='ocrx_word' id='word_1_283' title='bbox 963 3240 1093 3308; x_wconf 78' lang='grc' dir='ltr'>ἁγία</span> <span class='ocrx_word' id='word_1_284' title='bbox 1111 3241 1356 3312; x_wconf 82' lang='grc' dir='ltr'>ἀμύητος</span> <span class='ocrx_word' id='word_1_285' title='bbox 1385 3244 1598 3315; x_wconf 81' lang='grc' dir='ltr'>ἀνδρός.</span> <span class='ocrx_word' id='word_1_286' title='bbox 1626 3247 1735 3298; x_wconf 81' lang='grc' dir='ltr'>Καὶ</span> <span class='ocrx_word' id='word_1_287' title='bbox 1758 3245 1916 3299; x_wconf 79' lang='grc' dir='ltr'>πάλιν</span> <span class='ocrx_word' id='word_1_288' title='bbox 1940 3246 2075 3315; x_wconf 72' lang='lat'><strong>(52),</strong></span> 
     </span>
    </p>
   </div>
   <div class='ocr_carea' id='block_1_36' title="bbox 502 3327 2079 3407">
    <p class='ocr_par' dir='ltr' id='par_1_36' title="bbox 502 3327 2079 3407">
     <span class='ocr_line' id='line_1_36' title="bbox 502 3327 2079 3407; baseline 0.008 -31"><span class='ocrx_word' id='word_1_289' title='bbox 502 3347 520 3376; x_wconf 79' lang='grc' dir='ltr'><strong>ι</strong></span> <span class='ocrx_word' id='word_1_290' title='bbox 565 3328 678 3380; x_wconf 73' lang='lat' dir='ltr'><strong>[liv</strong></span> <span class='ocrx_word' id='word_1_291' title='bbox 731 3327 898 3397; x_wconf 84' lang='grc' dir='ltr'>ἄρσεν</span> <span class='ocrx_word' id='word_1_292' title='bbox 949 3328 1217 3398; x_wconf 81' lang='grc' dir='ltr'>διανοῖγον</span> <span class='ocrx_word' id='word_1_293' title='bbox 1270 3334 1504 3403; x_wconf 82' lang='grc' dir='ltr'>μήτραν,</span> <span class='ocrx_word' id='word_1_294' title='bbox 1554 3335 1707 3402; x_wconf 85' lang='grc' dir='ltr'>ἆγιον</span> <span class='ocrx_word' id='word_1_295' title='bbox 1758 3335 1836 3405; x_wconf 79' lang='grc' dir='ltr'>τῷ</span> <span class='ocrx_word' id='word_1_296' title='bbox 1893 3335 2079 3407; x_wconf 80' lang='grc' dir='ltr'>Κυρίῳ</span> 
     </span>
    </p>
   </div>
   <div class='ocr_carea' id='block_1_37' title="bbox 498 3416 2077 3497">
    <p class='ocr_par' dir='ltr' id='par_1_37' title="bbox 498 3416 2077 3497">
     <span class='ocr_line' id='line_1_37' title="bbox 498 3416 2077 3497; baseline 0.008 -29"><span class='ocrx_word' id='word_1_297' title='bbox 498 3416 845 3488; x_wconf 79' lang='grc' dir='ltr'>κληθήσεται.</span> <span class='ocrx_word' id='word_1_298' title='bbox 884 3439 903 3471; x_wconf 71' lang='grc' dir='ltr'><strong>ι</strong></span> <span class='ocrx_word' id='word_1_299' title='bbox 938 3421 1102 3476; x_wconf 81' lang='grc' dir='ltr'>Οὐδὲν</span> <span class='ocrx_word' id='word_1_300' title='bbox 1129 3423 1185 3475; x_wconf 81' lang='grc' dir='ltr'><strong>δὲ</strong></span> <span class='ocrx_word' id='word_1_301' title='bbox 1213 3424 1380 3494; x_wconf 79' lang='grc' dir='ltr'>ἄρσεν</span> <span class='ocrx_word' id='word_1_302' title='bbox 1409 3424 1666 3492; x_wconf 78' lang='grc' dir='ltr'>διανοίγει</span> <span class='ocrx_word' id='word_1_303' title='bbox 1700 3428 1930 3497; x_wconf 80' lang='grc' dir='ltr'>μήτραν,</span> <span class='ocrx_word' id='word_1_304' title='bbox 1960 3428 2077 3480; x_wconf 74' lang='grc' dir='ltr'>ἀλλ’</span> 
     </span>
    </p>
   </div>
   <div class='ocr_carea' id='block_1_38' title="bbox 500 3510 2077 3589">
    <p class='ocr_par' dir='ltr' id='par_1_38' title="bbox 500 3510 2077 3589">
     <span class='ocr_line' id='line_1_38' title="bbox 500 3510 2077 3589; baseline 0.008 -29"><span class='ocrx_word' id='word_1_305' title='bbox 500 3511 533 3578; x_wconf 77' lang='grc' dir='ltr'>ἢ</span> <span class='ocrx_word' id='word_1_306' title='bbox 568 3510 818 3563; x_wconf 74' lang='grc' dir='ltr'>κοινωνία</span> <span class='ocrx_word' id='word_1_307' title='bbox 854 3512 1046 3581; x_wconf 70' lang='grc' dir='ltr'>ἀνδρὸς</span> <span class='ocrx_word' id='word_1_308' title='bbox 1087 3515 1222 3584; x_wconf 72' lang='grc' dir='ltr'>πρὸς</span> <span class='ocrx_word' id='word_1_309' title='bbox 1248 3518 1502 3583; x_wconf 87' lang='grc' dir='ltr'>γυναῖκα.</span> <span class='ocrx_word' id='word_1_310' title='bbox 1538 3518 1611 3569; x_wconf 83' lang='grc' dir='ltr'><strong>Τὸ</strong></span> <span class='ocrx_word' id='word_1_311' title='bbox 1637 3518 1768 3585; x_wconf 84' lang='grc' dir='ltr'>γοῦν</span> <span class='ocrx_word' id='word_1_312' title='bbox 1788 3520 2077 3589; x_wconf 80' lang='grc' dir='ltr'>εἰρημένον</span> 
     </span>
    </p>
   </div>
   <div class='ocr_carea' id='block_1_39' title="bbox 500 3601 2076 3676">
    <p class='ocr_par' dir='ltr' id='par_1_39' title="bbox 500 3601 2076 3676">
     <span class='ocr_line' id='line_1_39' title="bbox 500 3601 2076 3676; baseline 0.008 -23"><span class='ocrx_word' id='word_1_313' title='bbox 500 3601 629 3674; x_wconf 79' lang='grc' dir='ltr'>περὶ</span> <span class='ocrx_word' id='word_1_314' title='bbox 656 3602 750 3655; x_wconf 79' lang='grc' dir='ltr'>τοῦ</span> <span class='ocrx_word' id='word_1_315' title='bbox 777 3604 985 3674; x_wconf 81' lang='grc' dir='ltr'>Κυρίου</span> <span class='ocrx_word' id='word_1_316' title='bbox 1020 3605 1257 3676; x_wconf 80' lang='grc' dir='ltr'>νοητέον.</span> <span class='ocrx_word' id='word_1_317' title='bbox 1304 3607 1596 3676; x_wconf 78' lang='grc' dir='ltr'>Συμϐαίνει</span> <span class='ocrx_word' id='word_1_318' title='bbox 1626 3609 1685 3661; x_wconf 79' lang='grc' dir='ltr'>δὲ</span> <span class='ocrx_word' id='word_1_319' title='bbox 1713 3609 1941 3675; x_wconf 80' lang='grc' dir='ltr'>πολλοὺς</span> <span class='ocrx_word' id='word_1_320' title='bbox 1967 3613 2076 3665; x_wconf 78' lang='grc' dir='ltr'><strong>τῶν</strong></span> 
     </span>
    </p>
   </div>
   <div class='ocr_carea' id='block_1_40' title="bbox 498 3690 2080 3771">
    <p class='ocr_par' dir='ltr' id='par_1_40' title="bbox 498 3690 2080 3771">
     <span class='ocr_line' id='line_1_40' title="bbox 498 3690 2080 3771; baseline 0.006 -26"><span class='ocrx_word' id='word_1_321' title='bbox 498 3690 856 3765; x_wconf 81' lang='grc' dir='ltr'>πρωτοτόκων</span> <span class='ocrx_word' id='word_1_322' title='bbox 897 3692 1034 3748; x_wconf 78' lang='grc' dir='ltr'>εἶναι</span> <span class='ocrx_word' id='word_1_323' title='bbox 1088 3697 1325 3764; x_wconf 78' lang='grc' dir='ltr'>ἀσεϐεῖς,</span> <span class='ocrx_word' id='word_1_324' title='bbox 1375 3700 1469 3752; x_wconf 84' lang='grc' dir='ltr'><strong>καὶ</strong></span> <span class='ocrx_word' id='word_1_325' title='bbox 1517 3701 1895 3771; x_wconf 73' lang='grc' dir='ltr'>ἁμαρτωλούς.</span> <span class='ocrx_word' id='word_1_326' title='bbox 1953 3703 2080 3765; x_wconf 80' lang='grc' dir='ltr'><strong>Πῶς</strong></span> 
     </span>
    </p>
   </div>
   <div class='ocr_carea' id='block_1_41' title="bbox 489 3782 2079 3865">
    <p class='ocr_par' dir='ltr' id='par_1_41' title="bbox 489 3782 2079 3865">
     <span class='ocr_line' id='line_1_41' title="bbox 489 3782 2079 3865; baseline 0.006 -27"><span class='ocrx_word' id='word_1_327' title='bbox 489 3783 589 3839; x_wconf 80' lang='grc' dir='ltr'><strong>οὖν</strong></span> <span class='ocrx_word' id='word_1_328' title='bbox 619 3782 763 3841; x_wconf 74' lang='grc' dir='ltr'>οὗτοι</span> <span class='ocrx_word' id='word_1_329' title='bbox 804 3787 949 3855; x_wconf 77' lang='grc' dir='ltr'>ἅγιοι</span> <span class='ocrx_word' id='word_1_330' title='bbox 983 3788 1060 3858; x_wconf 82' lang='grc' dir='ltr'>τῷ</span> <span class='ocrx_word' id='word_1_331' title='bbox 1106 3789 1317 3861; x_wconf 82' lang='grc' dir='ltr'>Κυρίῳ,</span> <span class='ocrx_word' id='word_1_332' title='bbox 1347 3790 1438 3844; x_wconf 73' lang='grc' dir='ltr'>διὰ</span> <span class='ocrx_word' id='word_1_333' title='bbox 1468 3792 1627 3845; x_wconf 81' lang='grc' dir='ltr'>τοῦτο</span> <span class='ocrx_word' id='word_1_334' title='bbox 1675 3794 1767 3847; x_wconf 77' lang='grc' dir='ltr'>καὶ</span> <span class='ocrx_word' id='word_1_335' title='bbox 1819 3794 2079 3865; x_wconf 70' lang='grc' dir='ltr'>ἇμωμοις</span> 
     </span>
    </p>
   </div>
   <div class='ocr_carea' id='block_1_42' title="bbox 436 3876 2083 3955">
    <p class='ocr_par' dir='ltr' id='par_1_42' title="bbox 436 3876 2083 3955">
     <span class='ocr_line' id='line_1_42' title="bbox 436 3876 2083 3955; baseline 0.005 -24"><span class='ocrx_word' id='word_1_336' title='bbox 436 3876 443 3887; x_wconf 85' lang='grc'><em>’</em></span> <span class='ocrx_word' id='word_1_337' title='bbox 493 3879 580 3932; x_wconf 77' lang='grc' dir='ltr'>διὰ</span> <span class='ocrx_word' id='word_1_338' title='bbox 609 3880 662 3933; x_wconf 86' lang='grc' dir='ltr'><strong>τί</strong></span> <span class='ocrx_word' id='word_1_339' title='bbox 705 3881 761 3933; x_wconf 78' lang='grc' dir='ltr'>δὲ</span> <span class='ocrx_word' id='word_1_340' title='bbox 810 3880 886 3953; x_wconf 83' lang='grc' dir='ltr'>μὴ</span> <span class='ocrx_word' id='word_1_341' title='bbox 927 3882 1023 3936; x_wconf 74' lang='grc' dir='ltr'><strong>καὶ</strong></span> <span class='ocrx_word' id='word_1_342' title='bbox 1076 3884 1183 3936; x_wconf 79' lang='grc' dir='ltr'><strong>πᾶν</strong></span> <span class='ocrx_word' id='word_1_343' title='bbox 1229 3883 1399 3953; x_wconf 82' lang='grc' dir='ltr'>θῆλυ;</span> <span class='ocrx_word' id='word_1_344' title='bbox 1439 3885 1605 3955; x_wconf 84' lang='grc' dir='ltr'>Δῆλον</span> <span class='ocrx_word' id='word_1_345' title='bbox 1649 3881 1764 3945; x_wconf 78' lang='grc' dir='ltr'>οὖν.</span> <span class='ocrx_word' id='word_1_346' title='bbox 1794 3887 1876 3939; x_wconf 80' lang='grc' dir='ltr'><strong>ὅτι</strong></span> <span class='ocrx_word' id='word_1_347' title='bbox 1918 3887 2083 3950; x_wconf 80' lang='grc' dir='ltr'>αὐτὸς</span> 
     </span>
    </p>
   </div>
   <div class='ocr_carea' id='block_1_43' title="bbox 496 3972 2082 4050">
    <p class='ocr_par' dir='ltr' id='par_1_43' title="bbox 496 3972 2082 4050">
     <span class='ocr_line' id='line_1_43' title="bbox 496 3972 2082 4050; baseline 0.003 -24"><span class='ocrx_word' id='word_1_348' title='bbox 496 3972 648 4039; x_wconf 79' lang='grc' dir='ltr'>ἆγιος</span> <span class='ocrx_word' id='word_1_349' title='bbox 672 3973 785 4042; x_wconf 76' lang='grc'><strong>(55)</strong></span> <span class='ocrx_word' id='word_1_350' title='bbox 823 3975 919 4028; x_wconf 79' lang='grc' dir='ltr'><strong>καὶ</strong></span> <span class='ocrx_word' id='word_1_351' title='bbox 944 3973 1176 4045; x_wconf 80' lang='grc' dir='ltr'>ἄμωμος</span> <span class='ocrx_word' id='word_1_352' title='bbox 1210 3976 1390 4045; x_wconf 81' lang='grc' dir='ltr'>μόνος,</span> <span class='ocrx_word' id='word_1_353' title='bbox 1418 3977 1601 4030; x_wconf 82' lang='grc' dir='ltr'>Δαϐίδ.</span> <span class='ocrx_word' id='word_1_354' title='bbox 1659 3995 1679 4029; x_wconf 80' lang='grc' dir='ltr'><strong>ι</strong></span> <span class='ocrx_word' id='word_1_355' title='bbox 1716 3978 1918 4050; x_wconf 83' lang='grc' dir='ltr'>Μήτηρ</span> <span class='ocrx_word' id='word_1_356' title='bbox 1944 3978 2082 4031; x_wconf 82' lang='grc' dir='ltr'>Σιὼν</span> 
     </span>
    </p>
   </div>
   <div class='ocr_carea' id='block_1_44' title="bbox 496 4062 2075 4137">
    <p class='ocr_par' dir='ltr' id='par_1_44' title="bbox 496 4062 2075 4137">
     <span class='ocr_line' id='line_1_44' title="bbox 496 4062 2075 4137; baseline 0.003 -23"><span class='ocrx_word' id='word_1_357' title='bbox 496 4063 631 4132; x_wconf 81' lang='grc' dir='ltr'>ἐρεῖ,</span> <span class='ocrx_word' id='word_1_358' title='bbox 666 4062 1008 4135; x_wconf 79' lang='grc' dir='ltr'>Ἀνθρωπος,</span> <span class='ocrx_word' id='word_1_359' title='bbox 1057 4064 1153 4117; x_wconf 75' lang='grc' dir='ltr'><strong>καὶ</strong></span> <span class='ocrx_word' id='word_1_360' title='bbox 1194 4063 1476 4135; x_wconf 77' lang='grc' dir='ltr'>ἄνθρωπος</span> <span class='ocrx_word' id='word_1_361' title='bbox 1515 4065 1777 4135; x_wconf 75' lang='grc' dir='ltr'>ἐγεννήθη</span> <span class='ocrx_word' id='word_1_362' title='bbox 1825 4066 1884 4117; x_wconf 81' lang='grc' dir='ltr'><strong>ἐν</strong></span> <span class='ocrx_word' id='word_1_363' title='bbox 1917 4066 2075 4137; x_wconf 75' lang='grc' dir='ltr'>αὐτῇ,</span> 
     </span>
    </p>
   </div>
   <div class='ocr_carea' id='block_1_45' title="bbox 494 4155 1792 4227">
    <p class='ocr_par' dir='ltr' id='par_1_45' title="bbox 494 4155 1792 4227">
     <span class='ocr_line' id='line_1_45' title="bbox 494 4155 1792 4227; baseline -0.002 -16"><span class='ocrx_word' id='word_1_364' title='bbox 494 4159 590 4211; x_wconf 74' lang='grc' dir='ltr'><strong>καὶ</strong></span> <span class='ocrx_word' id='word_1_365' title='bbox 618 4155 779 4220; x_wconf 82' lang='grc' dir='ltr'>αὐτὸς</span> <span class='ocrx_word' id='word_1_366' title='bbox 811 4155 1169 4227; x_wconf 80' lang='grc' dir='ltr'>ὲθεμελίωσεν</span> <span class='ocrx_word' id='word_1_367' title='bbox 1188 4156 1355 4227; x_wconf 76' lang='grc' dir='ltr'>αὐτὴν</span> <span class='ocrx_word' id='word_1_368' title='bbox 1385 4157 1414 4208; x_wconf 87' lang='grc' dir='ltr'><strong>ὁ</strong></span> <span class='ocrx_word' id='word_1_369' title='bbox 1447 4157 1731 4225; x_wconf 64' lang='grc' dir='ltr'>⁸Υψιστος.</span> <span class='ocrx_word' id='word_1_370' title='bbox 1773 4174 1792 4208; x_wconf 66' lang='lat'><strong>9</strong></span> 
     </span>
    </p>
   </div>
   <div class='ocr_carea' id='block_1_46' title="bbox 2180 574 3763 646">
    <p class='ocr_par' dir='ltr' id='par_1_46' title="bbox 2180 574 3763 646">
     <span class='ocr_line' id='line_1_46' title="bbox 2180 574 3763 646; baseline -0.001 -17"><span class='ocrx_word' id='word_1_371' title='bbox 2180 574 2347 636; x_wconf 88' lang='lat' dir='ltr'><strong>servi,</strong></span> <span class='ocrx_word' id='word_1_372' title='bbox 2408 582 2465 629; x_wconf 92' lang='lat' dir='ltr'><strong>ct</strong></span> <span class='ocrx_word' id='word_1_373' title='bbox 2520 584 2648 645; x_wconf 85' lang='lat' dir='ltr'><strong>post</strong></span> <span class='ocrx_word' id='word_1_374' title='bbox 2708 587 2761 632; x_wconf 88' lang='lat' dir='ltr'><strong>te</strong></span> <span class='ocrx_word' id='word_1_375' title='bbox 2816 584 3118 646; x_wconf 88' lang='lat' dir='ltr'><strong>sequentur</strong></span> <span class='ocrx_word' id='word_1_376' title='bbox 3173 574 3342 629; x_wconf 86' lang='lat' dir='ltr'><strong>vineti</strong></span> <span class='ocrx_word' id='word_1_377' title='bbox 3400 575 3657 637; x_wconf 89' lang='lat' dir='ltr'><strong>manicis,</strong></span> <span class='ocrx_word' id='word_1_378' title='bbox 3711 584 3763 627; x_wconf 74' lang='lat' dir='ltr'><strong>rt</strong></span> 
     </span>
    </p>
   </div>
   <div class='ocr_carea' id='block_1_47' title="bbox 2178 668 3761 733">
    <p class='ocr_par' dir='ltr' id='par_1_47' title="bbox 2178 668 3761 733">
     <span class='ocr_line' id='line_1_47' title="bbox 2178 668 3761 733; baseline -0.001 -11"><span class='ocrx_word' id='word_1_379' title='bbox 2178 668 2499 724; x_wconf 84' lang='lat' dir='ltr'><strong>transibunt</strong></span> <span class='ocrx_word' id='word_1_380' title='bbox 2528 671 2594 724; x_wconf 91' lang='lat' dir='ltr'><strong>ad</strong></span> <span class='ocrx_word' id='word_1_381' title='bbox 2631 677 2707 733; x_wconf 90' lang='lat' dir='ltr'><strong>te,</strong></span> <span class='ocrx_word' id='word_1_382' title='bbox 2737 677 2793 724; x_wconf 91' lang='lat' dir='ltr'><strong>et</strong></span> <span class='ocrx_word' id='word_1_383' title='bbox 2823 670 3133 726; x_wconf 84' lang='lat' dir='ltr'><strong>adorabunt</strong></span> <span class='ocrx_word' id='word_1_384' title='bbox 3154 681 3232 733; x_wconf 81' lang='lat' dir='ltr'><strong>te,</strong></span> <span class='ocrx_word' id='word_1_385' title='bbox 3253 681 3309 723; x_wconf 86' lang='lat' dir='ltr'><strong>et</strong></span> <span class='ocrx_word' id='word_1_386' title='bbox 3334 670 3389 723; x_wconf 89' lang='lat' dir='ltr'><strong>in</strong></span> <span class='ocrx_word' id='word_1_387' title='bbox 3425 680 3477 723; x_wconf 91' lang='lat' dir='ltr'><strong>te</strong></span> <span class='ocrx_word' id='word_1_388' title='bbox 3503 669 3761 731; x_wconf 87' lang='lat' dir='ltr'><strong>orabunt,</strong></span> 
     </span>
    </p>
   </div>
   <div class='ocr_carea' id='block_1_48' title="bbox 2154 758 3764 831">
    <p class='ocr_par' dir='ltr' id='par_1_48' title="bbox 2154 758 3764 831">
     <span class='ocr_line' id='line_1_48' title="bbox 2154 758 3764 831; baseline 0.001 -20"><span class='ocrx_word' id='word_1_389' title='bbox 2154 758 2439 829; x_wconf 44' lang='lat' dir='ltr'><strong>,quoniam</strong></span> <span class='ocrx_word' id='word_1_390' title='bbox 2471 759 2527 814; x_wconf 92' lang='lat' dir='ltr'><strong>in</strong></span> <span class='ocrx_word' id='word_1_391' title='bbox 2571 766 2625 814; x_wconf 91' lang='lat' dir='ltr'><strong>te</strong></span> <span class='ocrx_word' id='word_1_392' title='bbox 2658 759 2801 815; x_wconf 89' lang='lat' dir='ltr'><strong>Deus</strong></span> <span class='ocrx_word' id='word_1_393' title='bbox 2835 768 2940 823; x_wconf 82' lang='lat' dir='ltr'><strong>est,</strong></span> <span class='ocrx_word' id='word_1_394' title='bbox 2987 768 3043 831; x_wconf 86' lang='lat' dir='ltr'><strong>et</strong></span> <span class='ocrx_word' id='word_1_395' title='bbox 3083 774 3193 814; x_wconf 90' lang='lat' dir='ltr'><strong>non</strong></span> <span class='ocrx_word' id='word_1_396' title='bbox 3225 769 3312 815; x_wconf 91' lang='lat' dir='ltr'><strong>est</strong></span> <span class='ocrx_word' id='word_1_397' title='bbox 3369 759 3515 815; x_wconf 91' lang='lat' dir='ltr'><strong>Deus</strong></span> <span class='ocrx_word' id='word_1_398' title='bbox 3555 762 3764 829; x_wconf 69' lang='lat' dir='ltr'><strong>ailSqIIC</strong></span> 
     </span>
    </p>
   </div>
   <div class='ocr_carea' id='block_1_49' title="bbox 2180 846 3763 912">
    <p class='ocr_par' dir='ltr' id='par_1_49' title="bbox 2180 846 3763 912">
     <span class='ocr_line' id='line_1_49' title="bbox 2180 846 3763 912; baseline 0 -11"><span class='ocrx_word' id='word_1_399' title='bbox 2180 856 2254 904; x_wconf 93' lang='lat' dir='ltr'><strong>te.</strong></span> <span class='ocrx_word' id='word_1_400' title='bbox 2284 846 2367 903; x_wconf 88' lang='lat' dir='ltr'><strong>Tu</strong></span> <span class='ocrx_word' id='word_1_401' title='bbox 2395 849 2541 903; x_wconf 88' lang='lat' dir='ltr'><strong>enim</strong></span> <span class='ocrx_word' id='word_1_402' title='bbox 2573 846 2719 904; x_wconf 90' lang='lat' dir='ltr'><strong>Deus</strong></span> <span class='ocrx_word' id='word_1_403' title='bbox 2761 864 2846 911; x_wconf 88' lang='lat' dir='ltr'><strong>es.</strong></span> <span class='ocrx_word' id='word_1_404' title='bbox 2886 858 2944 904; x_wconf 91' lang='lat' dir='ltr'><strong>et</strong></span> <span class='ocrx_word' id='word_1_405' title='bbox 2984 849 3389 912; x_wconf 80' lang='lat' dir='ltr'><strong>nesciebamus,</strong></span> <span class='ocrx_word' id='word_1_406' title='bbox 3421 847 3564 905; x_wconf 72' lang='lat' dir='ltr'><strong>Deus</strong></span> <span class='ocrx_word' id='word_1_407' title='bbox 3593 847 3763 903; x_wconf 88' lang='lat' dir='ltr'><strong>Israel</strong></span> 
     </span>
    </p>
   </div>
   <div class='ocr_carea' id='block_1_50' title="bbox 2181 936 3762 1004">
    <p class='ocr_par' dir='ltr' id='par_1_50' title="bbox 2181 936 3762 1004">
     <span class='ocr_line' id='line_1_50' title="bbox 2181 936 3762 1004; baseline 0 -11"><span class='ocrx_word' id='word_1_408' title='bbox 2181 937 2439 993; x_wconf 73' lang='lat' dir='ltr'><strong>Salvator</strong></span> <span class='ocrx_word' id='word_1_409' title='bbox 2460 938 2529 992; x_wconf 81' lang='grc'><strong>⁸⁸.</strong></span> <span class='ocrx_word' id='word_1_410' title='bbox 2563 957 2582 990; x_wconf 75' lang='grc' dir='ltr'><strong>ι</strong></span> <span class='ocrx_word' id='word_1_411' title='bbox 2614 937 2890 1004; x_wconf 79' lang='lat' dir='ltr'><strong>Ezechiel,</strong></span> <span class='ocrx_word' id='word_1_412' title='bbox 2935 956 2957 989; x_wconf 76' lang='grc' dir='ltr'><strong>ι</strong></span> <span class='ocrx_word' id='word_1_413' title='bbox 2990 936 3057 991; x_wconf 83' lang='grc' dir='ltr'>Ει</span> <span class='ocrx_word' id='word_1_414' title='bbox 3078 939 3358 993; x_wconf 90' lang='lat' dir='ltr'><strong>convertit</strong></span> <span class='ocrx_word' id='word_1_415' title='bbox 3384 956 3470 995; x_wconf 90' lang='lat' dir='ltr'><strong>me</strong></span> <span class='ocrx_word' id='word_1_416' title='bbox 3495 938 3762 993; x_wconf 80' lang='lat' dir='ltr'><strong>Dominus</strong></span> 
     </span>
    </p>
   </div>
   <div class='ocr_carea' id='block_1_51' title="bbox 2179 1026 3762 1099">
    <p class='ocr_par' dir='ltr' id='par_1_51' title="bbox 2179 1026 3762 1099">
     <span class='ocr_line' id='line_1_51' title="bbox 2179 1026 3762 1099; baseline 0.002 -17"><span class='ocrx_word' id='word_1_417' title='bbox 2179 1028 2249 1083; x_wconf 90' lang='lat' dir='ltr'><strong>ad</strong></span> <span class='ocrx_word' id='word_1_418' title='bbox 2295 1028 2440 1082; x_wconf 91' lang='lat' dir='ltr'><strong>viam</strong></span> <span class='ocrx_word' id='word_1_419' title='bbox 2485 1038 2656 1099; x_wconf 63' lang='lat' dir='ltr'><strong>porta:</strong></span> <span class='ocrx_word' id='word_1_420' title='bbox 2699 1029 3046 1099; x_wconf 83' lang='lat' dir='ltr'><strong>respicientis</strong></span> <span class='ocrx_word' id='word_1_421' title='bbox 3078 1027 3147 1082; x_wconf 89' lang='lat' dir='ltr'><strong>ad</strong></span> <span class='ocrx_word' id='word_1_422' title='bbox 3194 1026 3504 1094; x_wconf 83' lang='lat' dir='ltr'><strong>Orientem,</strong></span> <span class='ocrx_word' id='word_1_423' title='bbox 3555 1038 3611 1087; x_wconf 92' lang='lat' dir='ltr'><strong>et</strong></span> <span class='ocrx_word' id='word_1_424' title='bbox 3646 1031 3762 1085; x_wconf 81' lang='lat' dir='ltr'><strong>lucc</strong></span> 
     </span>
    </p>
   </div>
   <div class='ocr_carea' id='block_1_52' title="bbox 2178 1120 3760 1189">
    <p class='ocr_par' dir='ltr' id='par_1_52' title="bbox 2178 1120 3760 1189">
     <span class='ocr_line' id='line_1_52' title="bbox 2178 1120 3760 1189; baseline 0.001 -14"><span class='ocrx_word' id='word_1_425' title='bbox 2178 1131 2299 1175; x_wconf 89' lang='lat' dir='ltr'><strong>erat</strong></span> <span class='ocrx_word' id='word_1_426' title='bbox 2331 1122 2542 1176; x_wconf 83' lang='lat' dir='ltr'><strong>clausa.</strong></span> <span class='ocrx_word' id='word_1_427' title='bbox 2568 1120 2634 1175; x_wconf 88' lang='lat' dir='ltr'><strong>Et</strong></span> <span class='ocrx_word' id='word_1_428' title='bbox 2661 1120 2800 1176; x_wconf 87' lang='lat' dir='ltr'><strong>dixit</strong></span> <span class='ocrx_word' id='word_1_429' title='bbox 2824 1120 3089 1176; x_wconf 86' lang='lat' dir='ltr'><strong>Dominus</strong></span> <span class='ocrx_word' id='word_1_430' title='bbox 3117 1120 3184 1176; x_wconf 89' lang='lat' dir='ltr'><strong>ad</strong></span> <span class='ocrx_word' id='word_1_431' title='bbox 3211 1121 3298 1177; x_wconf 72' lang='lat' dir='ltr'><strong>me</strong></span> <span class='ocrx_word' id='word_1_432' title='bbox 3332 1141 3344 1177; x_wconf 89' lang='lat'>:</span> <span class='ocrx_word' id='word_1_433' title='bbox 3373 1120 3473 1176; x_wconf 84' lang='lat' dir='ltr'><strong>Fili</strong></span> <span class='ocrx_word' id='word_1_434' title='bbox 3498 1122 3760 1189; x_wconf 87' lang='lat' dir='ltr'><strong>hominis,</strong></span> 
     </span>
    </p>
   </div>
   <div class='ocr_carea' id='block_1_53' title="bbox 2180 1214 3759 1285">
    <p class='ocr_par' dir='ltr' id='par_1_53' title="bbox 2180 1214 3759 1285">
     <span class='ocr_line' id='line_1_53' title="bbox 2180 1214 3759 1285; baseline 0 -18"><span class='ocrx_word' id='word_1_435' title='bbox 2180 1221 2339 1283; x_wconf 88' lang='lat' dir='ltr'><strong>porta</strong></span> <span class='ocrx_word' id='word_1_436' title='bbox 2375 1214 2492 1269; x_wconf 70' lang='lat' dir='ltr'><strong>lucc</strong></span> <span class='ocrx_word' id='word_1_437' title='bbox 2518 1214 2711 1270; x_wconf 83' lang='lat' dir='ltr'><strong>clausa</strong></span> <span class='ocrx_word' id='word_1_438' title='bbox 2738 1214 2866 1282; x_wconf 82' lang='lat' dir='ltr'><strong>erit,</strong></span> <span class='ocrx_word' id='word_1_439' title='bbox 2891 1221 2949 1269; x_wconf 90' lang='lat' dir='ltr'><strong>et</strong></span> <span class='ocrx_word' id='word_1_440' title='bbox 2996 1229 3160 1269; x_wconf 89' lang='lat' dir='ltr'><strong>nemo</strong></span> <span class='ocrx_word' id='word_1_441' title='bbox 3200 1214 3457 1269; x_wconf 82' lang='lat' dir='ltr'><strong>transibit</strong></span> <span class='ocrx_word' id='word_1_442' title='bbox 3488 1230 3585 1285; x_wconf 90' lang='lat' dir='ltr'><strong>per</strong></span> <span class='ocrx_word' id='word_1_443' title='bbox 3614 1232 3759 1281; x_wconf 87' lang='lat' dir='ltr'><strong>eam,</strong></span> 
     </span>
    </p>
   </div>
   <div class='ocr_carea' id='block_1_54' title="bbox 2178 1305 3764 1378">
    <p class='ocr_par' dir='ltr' id='par_1_54' title="bbox 2178 1305 3764 1378">
     <span class='ocr_line' id='line_1_54' title="bbox 2178 1305 3764 1378; baseline 0.002 -17"><span class='ocrx_word' id='word_1_444' title='bbox 2178 1306 2441 1375; x_wconf 85' lang='lat' dir='ltr'><strong>quoniam</strong></span> <span class='ocrx_word' id='word_1_445' title='bbox 2470 1305 2737 1362; x_wconf 85' lang='lat' dir='ltr'><strong>Dominus</strong></span> <span class='ocrx_word' id='word_1_446' title='bbox 2762 1305 2906 1362; x_wconf 87' lang='lat' dir='ltr'><strong>Deus</strong></span> <span class='ocrx_word' id='word_1_447' title='bbox 2935 1305 3102 1362; x_wconf 89' lang='lat' dir='ltr'><strong>Israel</strong></span> <span class='ocrx_word' id='word_1_448' title='bbox 3136 1307 3500 1375; x_wconf 75' lang='lat' dir='ltr'><strong>ingredietur,</strong></span> <span class='ocrx_word' id='word_1_449' title='bbox 3534 1316 3589 1362; x_wconf 90' lang='lat' dir='ltr'><strong>ct</strong></span> <span class='ocrx_word' id='word_1_450' title='bbox 3610 1325 3764 1378; x_wconf 77' lang='lat' dir='ltr'><strong>egre-</strong></span> 
     </span>
    </p>
   </div>
   <div class='ocr_carea' id='block_1_55' title="bbox 2178 1397 3756 1468">
    <p class='ocr_par' dir='ltr' id='par_1_55' title="bbox 2178 1397 3756 1468">
     <span class='ocr_line' id='line_1_55' title="bbox 2178 1397 3756 1468; baseline 0.002 -16"><span class='ocrx_word' id='word_1_451' title='bbox 2178 1397 2362 1452; x_wconf 89' lang='lat' dir='ltr'><strong>dietur</strong></span> <span class='ocrx_word' id='word_1_452' title='bbox 2398 1413 2497 1468; x_wconf 88' lang='lat' dir='ltr'><strong>per</strong></span> <span class='ocrx_word' id='word_1_453' title='bbox 2545 1413 2691 1460; x_wconf 90' lang='lat' dir='ltr'><strong>eam,</strong></span> <span class='ocrx_word' id='word_1_454' title='bbox 2733 1405 2790 1454; x_wconf 84' lang='lat' dir='ltr'><strong>et</strong></span> <span class='ocrx_word' id='word_1_455' title='bbox 2836 1399 2942 1455; x_wconf 91' lang='lat' dir='ltr'><strong>erit</strong></span> <span class='ocrx_word' id='word_1_456' title='bbox 2985 1399 3175 1454; x_wconf 89' lang='lat' dir='ltr'><strong>clausa</strong></span> <span class='ocrx_word' id='word_1_457' title='bbox 3194 1398 3264 1453; x_wconf 84' lang='grc'>³⁸⁷.</span> <span class='ocrx_word' id='word_1_458' title='bbox 3306 1418 3324 1453; x_wconf 71' lang='grc' dir='ltr'><strong>ι</strong></span> <span class='ocrx_word' id='word_1_459' title='bbox 3382 1400 3573 1465; x_wconf 91' lang='lat' dir='ltr'><strong>Isaias,</strong></span> <span class='ocrx_word' id='word_1_460' title='bbox 3611 1420 3630 1451; x_wconf 79' lang='grc' dir='ltr'><strong>ι</strong></span> <span class='ocrx_word' id='word_1_461' title='bbox 3679 1400 3756 1455; x_wconf 80' lang='lat' dir='ltr'><strong>Ex</strong></span> 
     </span>
    </p>
   </div>
   <div class='ocr_carea' id='block_1_56' title="bbox 2181 1490 3763 1563">
    <p class='ocr_par' dir='ltr' id='par_1_56' title="bbox 2181 1490 3763 1563">
     <span class='ocr_line' id='line_1_56' title="bbox 2181 1490 3763 1563; baseline 0.004 -23"><span class='ocrx_word' id='word_1_462' title='bbox 2181 1497 2339 1542; x_wconf 85' lang='lat' dir='ltr'><strong>utero</strong></span> <span class='ocrx_word' id='word_1_463' title='bbox 2390 1490 2589 1545; x_wconf 78' lang='lat' dir='ltr'><strong>matris</strong></span> <span class='ocrx_word' id='word_1_464' title='bbox 2637 1491 2832 1545; x_wconf 65' lang='lat' dir='ltr'><strong>voeaxi</strong></span> <span class='ocrx_word' id='word_1_465' title='bbox 2898 1506 3100 1547; x_wconf 88' lang='lat' dir='ltr'><strong>nomen</strong></span> <span class='ocrx_word' id='word_1_466' title='bbox 3161 1493 3283 1561; x_wconf 90' lang='lat' dir='ltr'><strong>ejus</strong></span> <span class='ocrx_word' id='word_1_467' title='bbox 3335 1494 3577 1563; x_wconf 78' lang='lat' dir='ltr'><strong>gladium</strong></span> <span class='ocrx_word' id='word_1_468' title='bbox 3630 1509 3763 1548; x_wconf 83' lang='lat' dir='ltr'><strong>aen-</strong></span> 
     </span>
    </p>
   </div>
   <div class='ocr_carea' id='block_1_57' title="bbox 2178 1577 3763 1653">
    <p class='ocr_par' dir='ltr' id='par_1_57' title="bbox 2178 1577 3763 1653">
     <span class='ocr_line' id='line_1_57' title="bbox 2178 1577 3763 1653; baseline 0.006 -23"><span class='ocrx_word' id='word_1_469' title='bbox 2178 1584 2295 1631; x_wconf 92' lang='lat' dir='ltr'><strong>tum</strong></span> <span class='ocrx_word' id='word_1_470' title='bbox 2313 1577 2381 1630; x_wconf 79' lang='grc'>⁸⁸.</span> <span class='ocrx_word' id='word_1_471' title='bbox 2421 1597 2439 1628; x_wconf 79' lang='grc' dir='ltr'><strong>ι</strong></span> <span class='ocrx_word' id='word_1_472' title='bbox 2480 1577 2694 1644; x_wconf 85' lang='lat' dir='ltr'><strong>Daniel,</strong></span> <span class='ocrx_word' id='word_1_473' title='bbox 2729 1597 2747 1629; x_wconf 75' lang='grc' dir='ltr'><strong>ι</strong></span> <span class='ocrx_word' id='word_1_474' title='bbox 2781 1578 2923 1634; x_wconf 83' lang='lat' dir='ltr'><strong>Ecce</strong></span> <span class='ocrx_word' id='word_1_475' title='bbox 2976 1580 3263 1637; x_wconf 88' lang='lat' dir='ltr'><strong>abscissus</strong></span> <span class='ocrx_word' id='word_1_476' title='bbox 3310 1592 3397 1637; x_wconf 88' lang='lat' dir='ltr'><strong>est</strong></span> <span class='ocrx_word' id='word_1_477' title='bbox 3450 1583 3590 1653; x_wconf 89' lang='lat' dir='ltr'><strong>lapis</strong></span> <span class='ocrx_word' id='word_1_478' title='bbox 3640 1585 3763 1639; x_wconf 86' lang='lat' dir='ltr'><strong>sine</strong></span> 
     </span>
    </p>
   </div>
   <div class='ocr_carea' id='block_1_58' title="bbox 2180 1675 3761 1747">
    <p class='ocr_par' dir='ltr' id='par_1_58' title="bbox 2180 1675 3761 1747">
     <span class='ocr_line' id='line_1_58' title="bbox 2180 1675 3761 1747; baseline 0.004 -19"><span class='ocrx_word' id='word_1_479' title='bbox 2180 1675 2458 1742; x_wconf 87' lang='lat' dir='ltr'><strong>manibus,</strong></span> <span class='ocrx_word' id='word_1_480' title='bbox 2490 1686 2543 1731; x_wconf 94' lang='lat' dir='ltr'><strong>et</strong></span> <span class='ocrx_word' id='word_1_481' title='bbox 2574 1679 2849 1746; x_wconf 85' lang='lat' dir='ltr'><strong>percussit</strong></span> <span class='ocrx_word' id='word_1_482' title='bbox 2891 1680 3224 1747; x_wconf 72' lang='lat' dir='ltr'><strong>statuam”,</strong></span> <span class='ocrx_word' id='word_1_483' title='bbox 3265 1689 3322 1735; x_wconf 92' lang='lat' dir='ltr'><strong>et</strong></span> <span class='ocrx_word' id='word_1_484' title='bbox 3370 1679 3550 1737; x_wconf 83' lang='lat' dir='ltr'><strong>factus</strong></span> <span class='ocrx_word' id='word_1_485' title='bbox 3589 1691 3675 1737; x_wconf 90' lang='lat' dir='ltr'><strong>est</strong></span> <span class='ocrx_word' id='word_1_486' title='bbox 3707 1682 3761 1735; x_wconf 92' lang='lat' dir='ltr'><strong>in</strong></span> 
     </span>
    </p>
   </div>
   <div class='ocr_carea' id='block_1_59' title="bbox 2184 1771 3763 1842">
    <p class='ocr_par' dir='ltr' id='par_1_59' title="bbox 2184 1771 3763 1842">
     <span class='ocr_line' id='line_1_59' title="bbox 2184 1771 3763 1842; baseline 0.006 -22"><span class='ocrx_word' id='word_1_487' title='bbox 2184 1776 2428 1822; x_wconf 87' lang='lat' dir='ltr'><strong>montem</strong></span> <span class='ocrx_word' id='word_1_488' title='bbox 2485 1783 2787 1839; x_wconf 83' lang='lat' dir='ltr'><strong>magnum,</strong></span> <span class='ocrx_word' id='word_1_489' title='bbox 2847 1780 2901 1825; x_wconf 84' lang='lat' dir='ltr'><strong>et</strong></span> <span class='ocrx_word' id='word_1_490' title='bbox 2961 1771 3211 1842; x_wconf 78' lang='lat' dir='ltr'><strong>implevit</strong></span> <span class='ocrx_word' id='word_1_491' title='bbox 3269 1773 3582 1829; x_wconf 86' lang='lat' dir='ltr'><strong>universam</strong></span> <span class='ocrx_word' id='word_1_492' title='bbox 3654 1784 3763 1830; x_wconf 86' lang='lat' dir='ltr'><strong>ter-</strong></span> 
     </span>
    </p>
   </div>
   <div class='ocr_carea' id='block_1_60' title="bbox 2181 1860 3764 1931">
    <p class='ocr_par' dir='ltr' id='par_1_60' title="bbox 2181 1860 3764 1931">
     <span class='ocr_line' id='line_1_60' title="bbox 2181 1860 3764 1931; baseline 0.004 -19"><span class='ocrx_word' id='word_1_493' title='bbox 2181 1860 2380 1913; x_wconf 74' lang='lat' dir='ltr'><strong>ram“.</strong></span> <span class='ocrx_word' id='word_1_494' title='bbox 2415 1879 2436 1912; x_wconf 70' lang='grc' dir='ltr'><strong>ι</strong></span> <span class='ocrx_word' id='word_1_495' title='bbox 2477 1860 2642 1930; x_wconf 87' lang='lat' dir='ltr'><strong>Lapis</strong></span> <span class='ocrx_word' id='word_1_496' title='bbox 2675 1861 2846 1931; x_wconf 82' lang='lat' dir='ltr'><strong>igitur</strong></span> <span class='ocrx_word' id='word_1_497' title='bbox 2892 1863 3176 1920; x_wconf 82' lang='lat' dir='ltr'><strong>abscissus</strong></span> <span class='ocrx_word' id='word_1_498' title='bbox 3210 1864 3330 1921; x_wconf 92' lang='lat' dir='ltr'><strong>sine</strong></span> <span class='ocrx_word' id='word_1_499' title='bbox 3363 1865 3641 1930; x_wconf 83' lang='lat' dir='ltr'><strong>inanibus,</strong></span> <span class='ocrx_word' id='word_1_500' title='bbox 3696 1867 3764 1919; x_wconf 78' lang='grc' dir='ltr'><strong>ἰ·-</strong></span> 
     </span>
    </p>
   </div>
   <div class='ocr_carea' id='block_1_61' title="bbox 2183 1951 3762 2026">
    <p class='ocr_par' dir='ltr' id='par_1_61' title="bbox 2183 1951 3762 2026">
     <span class='ocr_line' id='line_1_61' title="bbox 2183 1951 3762 2026; baseline 0.004 -21"><span class='ocrx_word' id='word_1_501' title='bbox 2183 1951 2295 2006; x_wconf 89' lang='lat' dir='ltr'><strong>lum</strong></span> <span class='ocrx_word' id='word_1_502' title='bbox 2353 1953 2543 2023; x_wconf 87' lang='lat' dir='ltr'><strong>utique</strong></span> <span class='ocrx_word' id='word_1_503' title='bbox 2588 1953 2867 2024; x_wconf 83' lang='lat' dir='ltr'><strong>significat</strong></span> <span class='ocrx_word' id='word_1_504' title='bbox 2906 1955 3002 2025; x_wconf 89' lang='lat' dir='ltr'><strong>qui</strong></span> <span class='ocrx_word' id='word_1_505' title='bbox 3034 1956 3253 2024; x_wconf 80' lang='lat' dir='ltr'><strong>genitus</strong></span> <span class='ocrx_word' id='word_1_506' title='bbox 3303 1965 3387 2011; x_wconf 87' lang='lat' dir='ltr'><strong>est</strong></span> <span class='ocrx_word' id='word_1_507' title='bbox 3420 1958 3630 2026; x_wconf 81' lang='lat' dir='ltr'><strong>absque</strong></span> <span class='ocrx_word' id='word_1_508' title='bbox 3662 1958 3762 2012; x_wconf 90' lang='lat' dir='ltr'><strong>viri</strong></span> 
     </span>
    </p>
   </div>
   <div class='ocr_carea' id='block_1_62' title="bbox 2182 2046 3762 2113">
    <p class='ocr_par' dir='ltr' id='par_1_62' title="bbox 2182 2046 3762 2113">
     <span class='ocr_line' id='line_1_62' title="bbox 2182 2046 3762 2113; baseline 0.003 -13"><span class='ocrx_word' id='word_1_509' title='bbox 2182 2046 2413 2101; x_wconf 82' lang='lat' dir='ltr'><strong>semine.</strong></span> <span class='ocrx_word' id='word_1_510' title='bbox 2462 2046 2638 2102; x_wconf 88' lang='lat' dir='ltr'><strong>Isaias</strong></span> <span class='ocrx_word' id='word_1_511' title='bbox 2666 2048 2887 2105; x_wconf 88' lang='lat' dir='ltr'><strong>iterum,</strong></span> <span class='ocrx_word' id='word_1_512' title='bbox 2928 2065 2946 2097; x_wconf 76' lang='grc' dir='ltr'><strong>ι</strong></span> <span class='ocrx_word' id='word_1_513' title='bbox 2983 2048 3149 2113; x_wconf 72' lang='lat' dir='ltr'><strong>Audi,</strong></span> <span class='ocrx_word' id='word_1_514' title='bbox 3185 2049 3413 2111; x_wconf 75' lang='lat' dir='ltr'><strong>cwlum,</strong></span> <span class='ocrx_word' id='word_1_515' title='bbox 3440 2057 3495 2102; x_wconf 93' lang='lat' dir='ltr'><strong>et</strong></span> <span class='ocrx_word' id='word_1_516' title='bbox 3532 2050 3762 2105; x_wconf 87' lang='lat' dir='ltr'><strong>auribus</strong></span> 
     </span>
    </p>
   </div>
   <div class='ocr_carea' id='block_1_63' title="bbox 2182 2136 3762 2212">
    <p class='ocr_par' dir='ltr' id='par_1_63' title="bbox 2182 2136 3762 2212">
     <span class='ocr_line' id='line_1_63' title="bbox 2182 2136 3762 2212; baseline 0.003 -19"><span class='ocrx_word' id='word_1_517' title='bbox 2182 2138 2423 2209; x_wconf 82' lang='lat' dir='ltr'><strong>percipe,</strong></span> <span class='ocrx_word' id='word_1_518' title='bbox 2447 2147 2616 2202; x_wconf 85' lang='lat' dir='ltr'><strong>terra,</strong></span> <span class='ocrx_word' id='word_1_519' title='bbox 2642 2139 2768 2208; x_wconf 86' lang='lat' dir='ltr'><strong>quia</strong></span> <span class='ocrx_word' id='word_1_520' title='bbox 2798 2136 3061 2196; x_wconf 88' lang='lat' dir='ltr'><strong>Dominus</strong></span> <span class='ocrx_word' id='word_1_521' title='bbox 3084 2140 3306 2195; x_wconf 83' lang='lat' dir='ltr'><strong>loeutus</strong></span> <span class='ocrx_word' id='word_1_522' title='bbox 3331 2151 3416 2196; x_wconf 90' lang='lat' dir='ltr'><strong>est</strong></span> <span class='ocrx_word' id='word_1_523' title='bbox 3441 2158 3453 2194; x_wconf 88' lang='lat'><strong>:</strong></span> <span class='ocrx_word' id='word_1_524' title='bbox 3480 2140 3649 2197; x_wconf 86' lang='lat' dir='ltr'><strong>Filios</strong></span> <span class='ocrx_word' id='word_1_525' title='bbox 3669 2159 3762 2212; x_wconf 86' lang='lat' dir='ltr'><strong>ge-</strong></span> 
     </span>
    </p>
   </div>
   <div class='ocr_carea' id='block_1_64' title="bbox 2182 2229 3765 2305">
    <p class='ocr_par' dir='ltr' id='par_1_64' title="bbox 2182 2229 3765 2305">
     <span class='ocr_line' id='line_1_64' title="bbox 2182 2229 3765 2305; baseline 0.004 -23"><span class='ocrx_word' id='word_1_526' title='bbox 2182 2229 2274 2283; x_wconf 89' lang='lat' dir='ltr'><strong>nui</strong></span> <span class='ocrx_word' id='word_1_527' title='bbox 2321 2240 2375 2285; x_wconf 82' lang='lat' dir='ltr'><strong>et</strong></span> <span class='ocrx_word' id='word_1_528' title='bbox 2404 2231 2663 2291; x_wconf 86' lang='lat' dir='ltr'><strong>exaltavi,</strong></span> <span class='ocrx_word' id='word_1_529' title='bbox 2696 2231 2799 2300; x_wconf 87' lang='lat' dir='ltr'><strong>ipsi</strong></span> <span class='ocrx_word' id='word_1_530' title='bbox 2829 2240 3013 2286; x_wconf 87' lang='lat' dir='ltr'><strong>autem</strong></span> <span class='ocrx_word' id='word_1_531' title='bbox 3049 2240 3378 2301; x_wconf 86' lang='lat' dir='ltr'><strong>spreverunt</strong></span> <span class='ocrx_word' id='word_1_532' title='bbox 3407 2248 3515 2289; x_wconf 91' lang='lat' dir='ltr'><strong>me.</strong></span> <span class='ocrx_word' id='word_1_533' title='bbox 3547 2232 3765 2305; x_wconf 78' lang='lat' dir='ltr'><strong>Cogno-</strong></span> 
     </span>
    </p>
   </div>
   <div class='ocr_carea' id='block_1_65' title="bbox 2179 2322 3762 2396">
    <p class='ocr_par' dir='ltr' id='par_1_65' title="bbox 2179 2322 3762 2396">
     <span class='ocr_line' id='line_1_65' title="bbox 2179 2322 3762 2396; baseline 0.006 -25"><span class='ocrx_word' id='word_1_534' title='bbox 2179 2322 2260 2375; x_wconf 91' lang='lat' dir='ltr'><strong>vit</strong></span> <span class='ocrx_word' id='word_1_535' title='bbox 2303 2322 2403 2377; x_wconf 90' lang='lat' dir='ltr'><strong>bos</strong></span> <span class='ocrx_word' id='word_1_536' title='bbox 2452 2337 2851 2393; x_wconf 86' lang='lat' dir='ltr'><strong>possessorem,</strong></span> <span class='ocrx_word' id='word_1_537' title='bbox 2906 2330 2962 2378; x_wconf 89' lang='lat' dir='ltr'><strong>et</strong></span> <span class='ocrx_word' id='word_1_538' title='bbox 3017 2324 3209 2380; x_wconf 86' lang='lat' dir='ltr'><strong>asinus</strong></span> <span class='ocrx_word' id='word_1_539' title='bbox 3263 2341 3504 2396; x_wconf 72' lang='lat' dir='ltr'><strong>przesepe</strong></span> <span class='ocrx_word' id='word_1_540' title='bbox 3552 2326 3762 2380; x_wconf 88' lang='lat' dir='ltr'><strong>domini</strong></span> 
     </span>
    </p>
   </div>
   <div class='ocr_carea' id='block_1_66' title="bbox 2182 2413 3763 2487">
    <p class='ocr_par' dir='ltr' id='par_1_66' title="bbox 2182 2413 3763 2487">
     <span class='ocr_line' id='line_1_66' title="bbox 2182 2413 3763 2487; baseline 0.004 -20"><span class='ocrx_word' id='word_1_541' title='bbox 2182 2413 2307 2481; x_wconf 89' lang='lat' dir='ltr'><strong>sui;</strong></span> <span class='ocrx_word' id='word_1_542' title='bbox 2346 2415 2513 2469; x_wconf 90' lang='lat' dir='ltr'><strong>Israel</strong></span> <span class='ocrx_word' id='word_1_543' title='bbox 2543 2423 2725 2469; x_wconf 88' lang='lat' dir='ltr'><strong>autem</strong></span> <span class='ocrx_word' id='word_1_544' title='bbox 2758 2431 2844 2470; x_wconf 89' lang='lat' dir='ltr'><strong>me</strong></span> <span class='ocrx_word' id='word_1_545' title='bbox 2872 2432 2981 2471; x_wconf 91' lang='lat' dir='ltr'><strong>non</strong></span> <span class='ocrx_word' id='word_1_546' title='bbox 3015 2418 3298 2487; x_wconf 80' lang='lat' dir='ltr'><strong>cognovit,</strong></span> <span class='ocrx_word' id='word_1_547' title='bbox 3323 2427 3379 2473; x_wconf 89' lang='lat' dir='ltr'><strong>et</strong></span> <span class='ocrx_word' id='word_1_548' title='bbox 3414 2418 3650 2487; x_wconf 87' lang='lat' dir='ltr'><strong>populus</strong></span> <span class='ocrx_word' id='word_1_549' title='bbox 3675 2431 3763 2473; x_wconf 85' lang='lat' dir='ltr'><strong>me</strong></span> 
     </span>
    </p>
   </div>
   <div class='ocr_carea' id='block_1_67' title="bbox 2183 2505 3759 2574">
    <p class='ocr_par' dir='ltr' id='par_1_67' title="bbox 2183 2505 3759 2574">
     <span class='ocr_line' id='line_1_67' title="bbox 2183 2505 3759 2574; baseline 0.003 -16"><span class='ocrx_word' id='word_1_550' title='bbox 2183 2520 2295 2559; x_wconf 90' lang='lat' dir='ltr'><strong>non</strong></span> <span class='ocrx_word' id='word_1_551' title='bbox 2338 2505 2609 2560; x_wconf 81' lang='lat' dir='ltr'><strong>intellexit</strong></span> <span class='ocrx_word' id='word_1_552' title='bbox 2632 2506 2702 2561; x_wconf 62' lang='grc' dir='ltr'><strong>τ’.</strong></span> <span class='ocrx_word' id='word_1_553' title='bbox 2737 2524 2756 2557; x_wconf 75' lang='grc' dir='ltr'><strong>ι</strong></span> <span class='ocrx_word' id='word_1_554' title='bbox 2802 2505 2868 2561; x_wconf 83' lang='lat' dir='ltr'><strong>Et</strong></span> <span class='ocrx_word' id='word_1_555' title='bbox 2897 2522 3113 2574; x_wconf 83' lang='lat' dir='ltr'><strong>rursus,</strong></span> <span class='ocrx_word' id='word_1_556' title='bbox 3151 2526 3169 2559; x_wconf 79' lang='grc' dir='ltr'><strong>ι</strong></span> <span class='ocrx_word' id='word_1_557' title='bbox 3201 2508 3371 2564; x_wconf 87' lang='lat' dir='ltr'><strong>Sume</strong></span> <span class='ocrx_word' id='word_1_558' title='bbox 3405 2508 3503 2563; x_wconf 83' lang='lat' dir='ltr'><strong>tibi</strong></span> <span class='ocrx_word' id='word_1_559' title='bbox 3552 2517 3759 2563; x_wconf 84' lang='lat' dir='ltr'><strong>tomum</strong></span> 
     </span>
    </p>
   </div>
   <div class='ocr_carea' id='block_1_68' title="bbox 2184 2595 3762 2667">
    <p class='ocr_par' dir='ltr' id='par_1_68' title="bbox 2184 2595 3762 2667">
     <span class='ocr_line' id='line_1_68' title="bbox 2184 2595 3762 2667; baseline 0.004 -19"><span class='ocrx_word' id='word_1_560' title='bbox 2184 2610 2338 2650; x_wconf 75' lang='lat' dir='ltr'><strong>nova:</strong></span> <span class='ocrx_word' id='word_1_561' title='bbox 2404 2595 2612 2649; x_wconf 69' lang='lat' dir='ltr'><strong>ehartre</strong></span> <span class='ocrx_word' id='word_1_562' title='bbox 2668 2611 2900 2667; x_wconf 83' lang='lat' dir='ltr'><strong>magnae,</strong></span> <span class='ocrx_word' id='word_1_563' title='bbox 2962 2606 3018 2652; x_wconf 89' lang='lat' dir='ltr'><strong>et.</strong></span> <span class='ocrx_word' id='word_1_564' title='bbox 3075 2598 3256 2652; x_wconf 79' lang='lat' dir='ltr'><strong>scribe</strong></span> <span class='ocrx_word' id='word_1_565' title='bbox 3311 2600 3367 2653; x_wconf 91' lang='lat' dir='ltr'><strong>in</strong></span> <span class='ocrx_word' id='word_1_566' title='bbox 3410 2615 3477 2654; x_wconf 89' lang='lat' dir='ltr'><strong>eo</strong></span> <span class='ocrx_word' id='word_1_567' title='bbox 3520 2599 3762 2654; x_wconf 82' lang='lat' dir='ltr'><strong>hominis</strong></span> 
     </span>
    </p>
   </div>
   <div class='ocr_carea' id='block_1_69' title="bbox 2184 2687 3765 2760">
    <p class='ocr_par' dir='ltr' id='par_1_69' title="bbox 2184 2687 3765 2760">
     <span class='ocr_line' id='line_1_69' title="bbox 2184 2687 3765 2760; baseline 0.005 -19"><span class='ocrx_word' id='word_1_568' title='bbox 2184 2687 2360 2757; x_wconf 83' lang='lat' dir='ltr'><strong>style,</strong></span> <span class='ocrx_word' id='word_1_569' title='bbox 2415 2695 2475 2739; x_wconf 91' lang='lat' dir='ltr'><strong>ut</strong></span> <span class='ocrx_word' id='word_1_570' title='bbox 2525 2688 2785 2743; x_wconf 80' lang='lat' dir='ltr'><strong>velociter</strong></span> <span class='ocrx_word' id='word_1_571' title='bbox 2829 2689 3293 2758; x_wconf 74' lang='lat' dir='ltr'><strong>deprzedationem</strong></span> <span class='ocrx_word' id='word_1_572' title='bbox 3349 2691 3516 2744; x_wconf 88' lang='lat' dir='ltr'><strong>faciat</strong></span> <span class='ocrx_word' id='word_1_573' title='bbox 3559 2693 3765 2760; x_wconf 82' lang='lat' dir='ltr'><strong>spolio-</strong></span> 
     </span>
    </p>
   </div>
   <div class='ocr_carea' id='block_1_70' title="bbox 2181 2774 3763 2848">
    <p class='ocr_par' dir='ltr' id='par_1_70' title="bbox 2181 2774 3763 2848">
     <span class='ocr_line' id='line_1_70' title="bbox 2181 2774 3763 2848; baseline 0.005 -21"><span class='ocrx_word' id='word_1_574' title='bbox 2181 2790 2324 2828; x_wconf 85' lang='lat' dir='ltr'><strong>rum.</strong></span> <span class='ocrx_word' id='word_1_575' title='bbox 2391 2774 2458 2829; x_wconf 85' lang='lat' dir='ltr'><strong>Et</strong></span> <span class='ocrx_word' id='word_1_576' title='bbox 2509 2777 2723 2831; x_wconf 78' lang='lat' dir='ltr'><strong>arcessi</strong></span> <span class='ocrx_word' id='word_1_577' title='bbox 2775 2778 2840 2832; x_wconf 87' lang='lat' dir='ltr'><strong>ad</strong></span> <span class='ocrx_word' id='word_1_578' title='bbox 2895 2778 3341 2848; x_wconf 84' lang='lat' dir='ltr'><strong>prephetissam;</strong></span> <span class='ocrx_word' id='word_1_579' title='bbox 3394 2790 3448 2836; x_wconf 89' lang='lat' dir='ltr'><strong>et</strong></span> <span class='ocrx_word' id='word_1_580' title='bbox 3505 2782 3558 2835; x_wconf 88' lang='lat' dir='ltr'><strong>in</strong></span> <span class='ocrx_word' id='word_1_581' title='bbox 3608 2790 3763 2837; x_wconf 89' lang='lat' dir='ltr'><strong>utero</strong></span> 
     </span>
    </p>
   </div>
   <div class='ocr_carea' id='block_1_71' title="bbox 2184 2867 3760 2938">
    <p class='ocr_par' dir='ltr' id='par_1_71' title="bbox 2184 2867 3760 2938">
     <span class='ocr_line' id='line_1_71' title="bbox 2184 2867 3760 2938; baseline 0.004 -16"><span class='ocrx_word' id='word_1_582' title='bbox 2184 2867 2442 2937; x_wconf 88' lang='lat' dir='ltr'><strong>concepit</strong></span> <span class='ocrx_word' id='word_1_583' title='bbox 2471 2876 2527 2923; x_wconf 90' lang='lat' dir='ltr'><strong>et</strong></span> <span class='ocrx_word' id='word_1_584' title='bbox 2555 2869 2768 2938; x_wconf 83' lang='lat' dir='ltr'><strong>peperit</strong></span> <span class='ocrx_word' id='word_1_585' title='bbox 2808 2870 3005 2924; x_wconf 88' lang='lat' dir='ltr'><strong>tilium.</strong></span> <span class='ocrx_word' id='word_1_586' title='bbox 3038 2870 3102 2924; x_wconf 83' lang='lat' dir='ltr'><strong>Et</strong></span> <span class='ocrx_word' id='word_1_587' title='bbox 3133 2872 3270 2926; x_wconf 82' lang='lat' dir='ltr'><strong>dixit</strong></span> <span class='ocrx_word' id='word_1_588' title='bbox 3298 2872 3563 2930; x_wconf 90' lang='lat' dir='ltr'><strong>Dominus</strong></span> <span class='ocrx_word' id='word_1_589' title='bbox 3589 2876 3718 2929; x_wconf 91' lang='lat' dir='ltr'><strong>mihi</strong></span> <span class='ocrx_word' id='word_1_590' title='bbox 3746 2893 3760 2929; x_wconf 90' lang='lat'><strong>:</strong></span> 
     </span>
    </p>
   </div>
   <div class='ocr_carea' id='block_1_72' title="bbox 2183 2959 3765 3036">
    <p class='ocr_par' dir='ltr' id='par_1_72' title="bbox 2183 2959 3765 3036">
     <span class='ocr_line' id='line_1_72' title="bbox 2183 2959 3765 3036; baseline 0.006 -25"><span class='ocrx_word' id='word_1_591' title='bbox 2183 2959 2331 3015; x_wconf 88' lang='lat' dir='ltr'><strong>Voca</strong></span> <span class='ocrx_word' id='word_1_592' title='bbox 2375 2976 2574 3015; x_wconf 86' lang='lat' dir='ltr'><strong>nomen</strong></span> <span class='ocrx_word' id='word_1_593' title='bbox 2626 2961 2768 3029; x_wconf 90' lang='lat' dir='ltr'><strong>ejus,</strong></span> <span class='ocrx_word' id='word_1_594' title='bbox 2820 2962 2947 3017; x_wconf 78' lang='lat' dir='ltr'><strong>Cito</strong></span> <span class='ocrx_word' id='word_1_595' title='bbox 2993 2964 3189 3032; x_wconf 89' lang='lat' dir='ltr'><strong>spolia,</strong></span> <span class='ocrx_word' id='word_1_596' title='bbox 3238 2963 3511 3019; x_wconf 77' lang='lat' dir='ltr'><strong>Velocitcr</strong></span> <span class='ocrx_word' id='word_1_597' title='bbox 3555 2966 3765 3036; x_wconf 82' lang='lat' dir='ltr'><strong>deprae-</strong></span> 
     </span>
    </p>
   </div>
   <div class='ocr_carea' id='block_1_73' title="bbox 2182 3052 3763 3125">
    <p class='ocr_par' dir='ltr' id='par_1_73' title="bbox 2182 3052 3763 3125">
     <span class='ocr_line' id='line_1_73' title="bbox 2182 3052 3763 3125; baseline 0.002 -18"><span class='ocrx_word' id='word_1_598' title='bbox 2182 3052 2313 3108; x_wconf 89' lang='lat' dir='ltr'><strong>dare</strong></span> <span class='ocrx_word' id='word_1_599' title='bbox 2333 3053 2400 3106; x_wconf 78' lang='lat'><strong>“.</strong></span> <span class='ocrx_word' id='word_1_600' title='bbox 2435 3071 2455 3103; x_wconf 67' lang='grc' dir='ltr'><strong>ι</strong></span> <span class='ocrx_word' id='word_1_601' title='bbox 2489 3052 2721 3107; x_wconf 84' lang='lat' dir='ltr'><strong>&#39;I‘omum</strong></span> <span class='ocrx_word' id='word_1_602' title='bbox 2761 3053 2932 3121; x_wconf 82' lang='lat' dir='ltr'><strong>igitur</strong></span> <span class='ocrx_word' id='word_1_603' title='bbox 2957 3069 3159 3107; x_wconf 66' lang='lat' dir='ltr'><strong>novum</strong></span> <span class='ocrx_word' id='word_1_604' title='bbox 3190 3054 3257 3108; x_wconf 90' lang='lat' dir='ltr'><strong>de</strong></span> <span class='ocrx_word' id='word_1_605' title='bbox 3288 3053 3511 3125; x_wconf 83' lang='lat' dir='ltr'><strong>Virgine</strong></span> <span class='ocrx_word' id='word_1_606' title='bbox 3557 3058 3763 3111; x_wconf 90' lang='lat' dir='ltr'><strong>intelli-</strong></span> 
     </span>
    </p>
   </div>
   <div class='ocr_carea' id='block_1_74' title="bbox 2180 3145 3756 3217">
    <p class='ocr_par' dir='ltr' id='par_1_74' title="bbox 2180 3145 3756 3217">
     <span class='ocr_line' id='line_1_74' title="bbox 2180 3145 3756 3217; baseline 0.003 -18"><span class='ocrx_word' id='word_1_607' title='bbox 2180 3146 2400 3215; x_wconf 83' lang='lat' dir='ltr'><strong>gimus;</strong></span> <span class='ocrx_word' id='word_1_608' title='bbox 2432 3145 2890 3214; x_wconf 87' lang='lat' dir='ltr'><strong>quemadmodum</strong></span> <span class='ocrx_word' id='word_1_609' title='bbox 2913 3146 3060 3199; x_wconf 89' lang='lat' dir='ltr'><strong>enim</strong></span> <span class='ocrx_word' id='word_1_610' title='bbox 3092 3161 3231 3200; x_wconf 88' lang='lat' dir='ltr'><strong>nova</strong></span> <span class='ocrx_word' id='word_1_611' title='bbox 3260 3148 3449 3202; x_wconf 85' lang='lat' dir='ltr'><strong>charta</strong></span> <span class='ocrx_word' id='word_1_612' title='bbox 3481 3163 3618 3217; x_wconf 89' lang='lat' dir='ltr'><strong>pura</strong></span> <span class='ocrx_word' id='word_1_613' title='bbox 3649 3158 3756 3214; x_wconf 90' lang='lat' dir='ltr'><strong>cst,</strong></span> 
     </span>
    </p>
   </div>
   <div class='ocr_carea' id='block_1_75' title="bbox 2182 3238 3763 3314">
    <p class='ocr_par' dir='ltr' id='par_1_75' title="bbox 2182 3238 3763 3314">
     <span class='ocr_line' id='line_1_75' title="bbox 2182 3238 3763 3314; baseline 0.003 -22"><span class='ocrx_word' id='word_1_614' title='bbox 2182 3255 2307 3292; x_wconf 89' lang='lat' dir='ltr'><strong>eum</strong></span> <span class='ocrx_word' id='word_1_615' title='bbox 2358 3238 2497 3292; x_wconf 87' lang='lat' dir='ltr'><strong>nihil</strong></span> <span class='ocrx_word' id='word_1_616' title='bbox 2535 3239 2590 3291; x_wconf 90' lang='lat' dir='ltr'><strong>in</strong></span> <span class='ocrx_word' id='word_1_617' title='bbox 2615 3252 2679 3291; x_wconf 90' lang='lat' dir='ltr'><strong>ea</strong></span> <span class='ocrx_word' id='word_1_618' title='bbox 2711 3238 2977 3305; x_wconf 89' lang='lat' dir='ltr'><strong>scriptum</strong></span> <span class='ocrx_word' id='word_1_619' title='bbox 3011 3244 3119 3303; x_wconf 90' lang='lat' dir='ltr'><strong>est,</strong></span> <span class='ocrx_word' id='word_1_620' title='bbox 3170 3240 3247 3293; x_wconf 89' lang='lat' dir='ltr'><strong>ita</strong></span> <span class='ocrx_word' id='word_1_621' title='bbox 3271 3248 3330 3294; x_wconf 91' lang='lat' dir='ltr'><strong>et</strong></span> <span class='ocrx_word' id='word_1_622' title='bbox 3368 3249 3564 3296; x_wconf 84' lang='lat' dir='ltr'><strong>saneta</strong></span> <span class='ocrx_word' id='word_1_623' title='bbox 3597 3240 3763 3314; x_wconf 82' lang='lat' dir='ltr'><strong>Virgo</strong></span> 
     </span>
    </p>
   </div>
   <div class='ocr_carea' id='block_1_76' title="bbox 2179 3329 3764 3398">
    <p class='ocr_par' dir='ltr' id='par_1_76' title="bbox 2179 3329 3764 3398">
     <span class='ocr_line' id='line_1_76' title="bbox 2179 3329 3764 3398; baseline 0.001 -13"><span class='ocrx_word' id='word_1_624' title='bbox 2179 3331 2283 3385; x_wconf 86' lang='lat' dir='ltr'><strong>viri</strong></span> <span class='ocrx_word' id='word_1_625' title='bbox 2316 3329 2737 3385; x_wconf 85' lang='lat' dir='ltr'><strong>consuetudinis</strong></span> <span class='ocrx_word' id='word_1_626' title='bbox 2782 3343 2982 3397; x_wconf 80' lang='lat' dir='ltr'><strong>expers</strong></span> <span class='ocrx_word' id='word_1_627' title='bbox 3012 3337 3118 3384; x_wconf 85' lang='lat' dir='ltr'><strong>est.</strong></span> <span class='ocrx_word' id='word_1_628' title='bbox 3161 3329 3228 3383; x_wconf 89' lang='lat' dir='ltr'><strong>Et</strong></span> <span class='ocrx_word' id='word_1_629' title='bbox 3275 3331 3499 3398; x_wconf 88' lang='lat' dir='ltr'><strong>iterum,</strong></span> <span class='ocrx_word' id='word_1_630' title='bbox 3530 3351 3549 3383; x_wconf 82' lang='grc' dir='ltr'><strong>ι</strong></span> <span class='ocrx_word' id='word_1_631' title='bbox 3589 3331 3764 3388; x_wconf 84' lang='lat' dir='ltr'><strong>Omne</strong></span> 
     </span>
    </p>
   </div>
   <div class='ocr_carea' id='block_1_77' title="bbox 2181 3421 3763 3491">
    <p class='ocr_par' dir='ltr' id='par_1_77' title="bbox 2181 3421 3763 3491">
     <span class='ocr_line' id='line_1_77' title="bbox 2181 3421 3763 3491; baseline 0.002 -14"><span class='ocrx_word' id='word_1_632' title='bbox 2181 3422 2549 3477; x_wconf 85' lang='lat' dir='ltr'><strong>masculinum</strong></span> <span class='ocrx_word' id='word_1_633' title='bbox 2584 3421 2909 3491; x_wconf 87' lang='lat' dir='ltr'><strong>adaperiens</strong></span> <span class='ocrx_word' id='word_1_634' title='bbox 2948 3421 3192 3488; x_wconf 81' lang='lat' dir='ltr'><strong>vulvam,</strong></span> <span class='ocrx_word' id='word_1_635' title='bbox 3244 3434 3499 3478; x_wconf 83' lang='lat' dir='ltr'><strong>sanctum</strong></span> <span class='ocrx_word' id='word_1_636' title='bbox 3530 3425 3763 3480; x_wconf 89' lang='lat' dir='ltr'><strong>Domino</strong></span> 
     </span>
    </p>
   </div>
   <div class='ocr_carea' id='block_1_78' title="bbox 2180 3511 3765 3585">
    <p class='ocr_par' dir='ltr' id='par_1_78' title="bbox 2180 3511 3765 3585">
     <span class='ocr_line' id='line_1_78' title="bbox 2180 3511 3765 3585; baseline 0.002 -18"><span class='ocrx_word' id='word_1_637' title='bbox 2180 3514 2555 3570; x_wconf 75' lang='lat' dir='ltr'><strong>vocabitur”.</strong></span> <span class='ocrx_word' id='word_1_638' title='bbox 2596 3533 2614 3565; x_wconf 76' lang='grc' dir='ltr'><strong>ι</strong></span> <span class='ocrx_word' id='word_1_639' title='bbox 2657 3511 2852 3567; x_wconf 84' lang='lat' dir='ltr'><strong>Nullus</strong></span> <span class='ocrx_word' id='word_1_640' title='bbox 2885 3521 3067 3566; x_wconf 88' lang='lat' dir='ltr'><strong>autem</strong></span> <span class='ocrx_word' id='word_1_641' title='bbox 3119 3515 3403 3569; x_wconf 87' lang='lat' dir='ltr'><strong>masculus</strong></span> <span class='ocrx_word' id='word_1_642' title='bbox 3439 3516 3618 3585; x_wconf 88' lang='lat' dir='ltr'><strong>aperit</strong></span> <span class='ocrx_word' id='word_1_643' title='bbox 3646 3517 3765 3570; x_wconf 69' lang='lat' dir='ltr'><strong>vnl~</strong></span> 
     </span>
    </p>
   </div>
   <div class='ocr_carea' id='block_1_79' title="bbox 2179 3605 3764 3678">
    <p class='ocr_par' dir='ltr' id='par_1_79' title="bbox 2179 3605 3764 3678">
     <span class='ocr_line' id='line_1_79' title="bbox 2179 3605 3764 3678; baseline 0.002 -19"><span class='ocrx_word' id='word_1_644' title='bbox 2179 3622 2325 3672; x_wconf 89' lang='lat' dir='ltr'><strong>vam,</strong></span> <span class='ocrx_word' id='word_1_645' title='bbox 2360 3606 2456 3660; x_wconf 90' lang='lat' dir='ltr'><strong>sed</strong></span> <span class='ocrx_word' id='word_1_646' title='bbox 2479 3605 2823 3660; x_wconf 81' lang='lat' dir='ltr'><strong>consuetudo</strong></span> <span class='ocrx_word' id='word_1_647' title='bbox 2855 3605 2959 3659; x_wconf 89' lang='lat' dir='ltr'><strong>viri</strong></span> <span class='ocrx_word' id='word_1_648' title='bbox 2994 3621 3119 3659; x_wconf 88' lang='lat' dir='ltr'><strong>cum</strong></span> <span class='ocrx_word' id='word_1_649' title='bbox 3163 3606 3395 3662; x_wconf 85' lang='lat' dir='ltr'><strong>muliere</strong></span> <span class='ocrx_word' id='word_1_650' title='bbox 3433 3625 3446 3660; x_wconf 91' lang='lat'><strong>:</strong></span> <span class='ocrx_word' id='word_1_651' title='bbox 3478 3609 3644 3678; x_wconf 76' lang='lat' dir='ltr'><strong>igitur</strong></span> <span class='ocrx_word' id='word_1_652' title='bbox 3672 3610 3764 3662; x_wconf 87' lang='lat' dir='ltr'><strong>di-</strong></span> 
     </span>
    </p>
   </div>
   <div class='ocr_carea' id='block_1_80' title="bbox 2183 3694 3767 3770">
    <p class='ocr_par' dir='ltr' id='par_1_80' title="bbox 2183 3694 3767 3770">
     <span class='ocr_line' id='line_1_80' title="bbox 2183 3694 3767 3770; baseline 0.001 -18"><span class='ocrx_word' id='word_1_653' title='bbox 2183 3707 2333 3752; x_wconf 90' lang='lat' dir='ltr'><strong>ctum</strong></span> <span class='ocrx_word' id='word_1_654' title='bbox 2379 3696 2513 3751; x_wconf 89' lang='lat' dir='ltr'><strong>illud</strong></span> <span class='ocrx_word' id='word_1_655' title='bbox 2542 3694 2612 3751; x_wconf 92' lang='lat' dir='ltr'><strong>de</strong></span> <span class='ocrx_word' id='word_1_656' title='bbox 2638 3694 2872 3751; x_wconf 87' lang='lat' dir='ltr'><strong>Domino</strong></span> <span class='ocrx_word' id='word_1_657' title='bbox 2894 3705 2981 3751; x_wconf 87' lang='lat' dir='ltr'><strong>est</strong></span> <span class='ocrx_word' id='word_1_658' title='bbox 3011 3696 3447 3766; x_wconf 86' lang='lat' dir='ltr'><strong>intelligendum.</strong></span> <span class='ocrx_word' id='word_1_659' title='bbox 3478 3699 3767 3770; x_wconf 80' lang='lat' dir='ltr'><strong>Contingit</strong></span> 
     </span>
    </p>
   </div>
   <div class='ocr_carea' id='block_1_81' title="bbox 2187 3788 3765 3860">
    <p class='ocr_par' dir='ltr' id='par_1_81' title="bbox 2187 3788 3765 3860">
     <span class='ocr_line' id='line_1_81' title="bbox 2187 3788 3765 3860; baseline 0 -17"><span class='ocrx_word' id='word_1_660' title='bbox 2187 3797 2370 3843; x_wconf 88' lang='lat' dir='ltr'><strong>autem</strong></span> <span class='ocrx_word' id='word_1_661' title='bbox 2405 3801 2464 3844; x_wconf 91' lang='lat' dir='ltr'><strong>ut</strong></span> <span class='ocrx_word' id='word_1_662' title='bbox 2493 3788 2847 3857; x_wconf 78' lang='lat' dir='ltr'><strong>primogeniti</strong></span> <span class='ocrx_word' id='word_1_663' title='bbox 2895 3804 3004 3842; x_wconf 89' lang='lat' dir='ltr'><strong>non</strong></span> <span class='ocrx_word' id='word_1_664' title='bbox 3040 3789 3201 3858; x_wconf 90' lang='lat' dir='ltr'><strong>pauci</strong></span> <span class='ocrx_word' id='word_1_665' title='bbox 3236 3789 3389 3859; x_wconf 87' lang='lat' dir='ltr'><strong>impii</strong></span> <span class='ocrx_word' id='word_1_666' title='bbox 3412 3790 3526 3845; x_wconf 89' lang='lat' dir='ltr'><strong>sint</strong></span> <span class='ocrx_word' id='word_1_667' title='bbox 3553 3799 3609 3846; x_wconf 91' lang='lat' dir='ltr'><strong>et</strong></span> <span class='ocrx_word' id='word_1_668' title='bbox 3634 3807 3765 3860; x_wconf 81' lang='lat' dir='ltr'><strong>pec-</strong></span> 
     </span>
    </p>
   </div>
   <div class='ocr_carea' id='block_1_82' title="bbox 2185 3877 3767 3947">
    <p class='ocr_par' dir='ltr' id='par_1_82' title="bbox 2185 3877 3767 3947">
     <span class='ocr_line' id='line_1_82' title="bbox 2185 3877 3767 3947; baseline -0.001 -14"><span class='ocrx_word' id='word_1_669' title='bbox 2185 3889 2426 3933; x_wconf 90' lang='lat' dir='ltr'><strong>catores.</strong></span> <span class='ocrx_word' id='word_1_670' title='bbox 2483 3877 2772 3944; x_wconf 84' lang='lat' dir='ltr'><strong>Quomodo</strong></span> <span class='ocrx_word' id='word_1_671' title='bbox 2824 3877 2995 3947; x_wconf 89' lang='lat' dir='ltr'><strong>igitur</strong></span> <span class='ocrx_word' id='word_1_672' title='bbox 3038 3892 3234 3932; x_wconf 89' lang='lat' dir='ltr'><strong>omnes</strong></span> <span class='ocrx_word' id='word_1_673' title='bbox 3289 3879 3326 3932; x_wconf 92' lang='lat' dir='ltr'><strong>ii</strong></span> <span class='ocrx_word' id='word_1_674' title='bbox 3372 3881 3550 3934; x_wconf 77' lang='lat' dir='ltr'><strong>sancti</strong></span> <span class='ocrx_word' id='word_1_675' title='bbox 3602 3887 3767 3935; x_wconf 91' lang='lat' dir='ltr'><strong>erunt</strong></span> 
     </span>
    </p>
   </div>
   <div class='ocr_carea' id='block_1_83' title="bbox 2188 3969 3761 4041">
    <p class='ocr_par' dir='ltr' id='par_1_83' title="bbox 2188 3969 3761 4041">
     <span class='ocr_line' id='line_1_83' title="bbox 2188 3969 3761 4041; baseline 0.001 -16"><span class='ocrx_word' id='word_1_676' title='bbox 2188 3971 2442 4034; x_wconf 87' lang='lat' dir='ltr'><strong>Domino,</strong></span> <span class='ocrx_word' id='word_1_677' title='bbox 2504 3978 2561 4024; x_wconf 92' lang='lat' dir='ltr'><strong>ct</strong></span> <span class='ocrx_word' id='word_1_678' title='bbox 2606 3978 2895 4039; x_wconf 87' lang='lat' dir='ltr'><strong>propterea</strong></span> <span class='ocrx_word' id='word_1_679' title='bbox 2952 3970 3257 4041; x_wconf 80' lang='lat' dir='ltr'><strong>inculpati?</strong></span> <span class='ocrx_word' id='word_1_680' title='bbox 3308 3969 3422 4025; x_wconf 86' lang='lat' dir='ltr'><strong>Cur</strong></span> <span class='ocrx_word' id='word_1_681' title='bbox 3477 3972 3607 4027; x_wconf 89' lang='lat' dir='ltr'><strong>item</strong></span> <span class='ocrx_word' id='word_1_682' title='bbox 3649 3988 3761 4027; x_wconf 89' lang='lat' dir='ltr'><strong>non</strong></span> 
     </span>
    </p>
   </div>
   <div class='ocr_carea' id='block_1_84' title="bbox 2185 4060 3769 4117">
    <p class='ocr_par' dir='ltr' id='par_1_84' title="bbox 2185 4060 3769 4117">
     <span class='ocr_line' id='line_1_84' title="bbox 2185 4060 3769 4117; baseline -0.003 1"><span class='ocrx_word' id='word_1_683' title='bbox 2185 4078 2347 4117; x_wconf 86' lang='lat' dir='ltr'><strong>omne</strong></span> <span class='ocrx_word' id='word_1_684' title='bbox 2363 4062 2527 4117; x_wconf 90' lang='lat' dir='ltr'><strong>etiam</strong></span> <span class='ocrx_word' id='word_1_685' title='bbox 2553 4060 2873 4116; x_wconf 88' lang='lat' dir='ltr'><strong>femininum</strong></span> <span class='ocrx_word' id='word_1_686' title='bbox 2902 4068 3154 4115; x_wconf 88' lang='lat' dir='ltr'><strong>sanctum</strong></span> <span class='ocrx_word' id='word_1_687' title='bbox 3178 4061 3410 4116; x_wconf 91' lang='lat' dir='ltr'><strong>Domino</strong></span> <span class='ocrx_word' id='word_1_688' title='bbox 3437 4063 3769 4117; x_wconf 69' lang='lat' dir='ltr'><strong>vocabitur?</strong></span> 
     </span>
    </p>
   </div>
   <div class='ocr_carea' id='block_1_85' title="bbox 2187 4153 3765 4224">
    <p class='ocr_par' dir='ltr' id='par_1_85' title="bbox 2187 4153 3765 4224">
     <span class='ocr_line' id='line_1_85' title="bbox 2187 4153 3765 4224; baseline -0.003 -11"><span class='ocrx_word' id='word_1_689' title='bbox 2187 4155 2531 4213; x_wconf 81' lang='lat' dir='ltr'><strong>Manifestum</strong></span> <span class='ocrx_word' id='word_1_690' title='bbox 2562 4154 2729 4224; x_wconf 85' lang='lat' dir='ltr'><strong>igitur</strong></span> <span class='ocrx_word' id='word_1_691' title='bbox 2757 4163 2863 4220; x_wconf 89' lang='lat' dir='ltr'><strong>est,</strong></span> <span class='ocrx_word' id='word_1_692' title='bbox 2900 4153 3079 4223; x_wconf 90' lang='lat' dir='ltr'><strong>ipsum</strong></span> <span class='ocrx_word' id='word_1_693' title='bbox 3127 4154 3305 4210; x_wconf 88' lang='lat' dir='ltr'><strong>solum</strong></span> <span class='ocrx_word' id='word_1_694' title='bbox 3344 4162 3598 4209; x_wconf 86' lang='lat' dir='ltr'><strong>sanetum</strong></span> <span class='ocrx_word' id='word_1_695' title='bbox 3622 4172 3765 4219; x_wconf 71' lang='lat' dir='ltr'><strong>esse,</strong></span> 
     </span>
    </p>
   </div>
   <div class='ocr_carea' id='block_1_86' title="bbox 494 4244 3766 4323">
    <p class='ocr_par' dir='ltr' id='par_1_86' title="bbox 494 4244 3766 4323">
     <span class='ocr_line' id='line_1_86' title="bbox 494 4244 3766 4323; baseline -0.001 -22"><span class='ocrx_word' id='word_1_696' title='bbox 494 4255 554 4301; x_wconf 84' lang='lat' dir='ltr'><strong>et</strong></span> <span class='ocrx_word' id='word_1_697' title='bbox 595 4248 959 4318; x_wconf 87' lang='lat' dir='ltr'><strong>inculpatum.</strong></span> <span class='ocrx_word' id='word_1_698' title='bbox 1007 4246 1202 4313; x_wconf 87' lang='lat' dir='ltr'><strong>David,</strong></span> <span class='ocrx_word' id='word_1_699' title='bbox 1248 4264 1269 4298; x_wconf 71' lang='grc' dir='ltr'><strong>ε</strong></span> <span class='ocrx_word' id='word_1_700' title='bbox 1303 4246 1478 4302; x_wconf 86' lang='lat' dir='ltr'><strong>Mater</strong></span> <span class='ocrx_word' id='word_1_701' title='bbox 1523 4246 1655 4301; x_wconf 89' lang='lat' dir='ltr'><strong>Sion</strong></span> <span class='ocrx_word' id='word_1_702' title='bbox 1689 4248 1835 4303; x_wconf 90' lang='lat' dir='ltr'><strong>dicet</strong></span> <span class='ocrx_word' id='word_1_703' title='bbox 1868 4267 1880 4303; x_wconf 92' lang='lat'>:</span> <span class='ocrx_word' id='word_1_704' title='bbox 1911 4248 2089 4305; x_wconf 92' lang='lat' dir='ltr'><strong>Ilomo</strong></span> <span class='ocrx_word' id='word_1_705' title='bbox 2126 4258 2182 4305; x_wconf 91' lang='lat' dir='ltr'><strong>et</strong></span> <span class='ocrx_word' id='word_1_706' title='bbox 2208 4249 2374 4303; x_wconf 89' lang='lat' dir='ltr'><strong>homo</strong></span> <span class='ocrx_word' id='word_1_707' title='bbox 2401 4254 2563 4300; x_wconf 88' lang='lat' dir='ltr'><strong>natus</strong></span> <span class='ocrx_word' id='word_1_708' title='bbox 2593 4253 2678 4299; x_wconf 91' lang='lat' dir='ltr'><strong>est</strong></span> <span class='ocrx_word' id='word_1_709' title='bbox 2721 4244 2774 4299; x_wconf 91' lang='lat' dir='ltr'><strong>in</strong></span> <span class='ocrx_word' id='word_1_710' title='bbox 2804 4259 2891 4309; x_wconf 91' lang='lat' dir='ltr'><strong>ea,</strong></span> <span class='ocrx_word' id='word_1_711' title='bbox 2923 4251 2980 4297; x_wconf 90' lang='lat' dir='ltr'><strong>et</strong></span> <span class='ocrx_word' id='word_1_712' title='bbox 3022 4244 3138 4314; x_wconf 90' lang='lat' dir='ltr'><strong>ipse</strong></span> <span class='ocrx_word' id='word_1_713' title='bbox 3177 4244 3430 4299; x_wconf 80' lang='lat' dir='ltr'><strong>fundavit</strong></span> <span class='ocrx_word' id='word_1_714' title='bbox 3491 4261 3617 4323; x_wconf 11' lang='lat' dir='ltr'><strong>eam}</strong></span> <span class='ocrx_word' id='word_1_715' title='bbox 3677 4250 3766 4300; x_wconf 78' lang='lat' dir='ltr'><strong>Al-</strong></span> 
     </span>
    </p>
   </div>
   <div class='ocr_carea' id='block_1_87' title="bbox 494 4340 910 4394">
    <p class='ocr_par' dir='ltr' id='par_1_87' title="bbox 494 4340 910 4394">
     <span class='ocr_line' id='line_1_87' title="bbox 494 4340 910 4394; baseline 0.005 -2"><span class='ocrx_word' id='word_1_716' title='bbox 494 4341 751 4394; x_wconf 78' lang='lat' dir='ltr'><strong>tissimus</strong></span> <span class='ocrx_word' id='word_1_717' title='bbox 781 4340 850 4394; x_wconf 76' lang='lat'><strong>&quot;.</strong></span> <span class='ocrx_word' id='word_1_718' title='bbox 889 4359 910 4393; x_wconf 67' lang='grc' dir='ltr'><strong>ι</strong></span> 
     </span>
    </p>
   </div>
   <div class='ocr_carea' id='block_1_88' title="bbox 497 4426 2078 4503">
    <p class='ocr_par' dir='ltr' id='par_1_88' title="bbox 497 4426 2078 4503">
     <span class='ocr_line' id='line_1_88' title="bbox 497 4426 2078 4503; baseline 0.003 -20"><span class='ocrx_word' id='word_1_719' title='bbox 497 4428 568 4485; x_wconf 88' lang='grc' dir='ltr'><strong>Δ’.</strong></span> <span class='ocrx_word' id='word_1_720' title='bbox 611 4430 753 4500; x_wconf 79' lang='grc' dir='ltr'>Περὶ</span> <span class='ocrx_word' id='word_1_721' title='bbox 785 4430 1119 4503; x_wconf 77' lang='grc' dir='ltr'>θαυμάτων,</span> <span class='ocrx_word' id='word_1_722' title='bbox 1164 4426 1253 4486; x_wconf 74' lang='grc' dir='ltr'><strong>ὧν</strong></span> <span class='ocrx_word' id='word_1_723' title='bbox 1294 4432 1514 4502; x_wconf 61' lang='grc' dir='ltr'>ἔμελλε</span> <span class='ocrx_word' id='word_1_724' title='bbox 1552 4434 1745 4488; x_wconf 79' lang='grc' dir='ltr'>ποιεῖν</span> <span class='ocrx_word' id='word_1_725' title='bbox 1785 4435 2078 4501; x_wconf 80' lang='grc' dir='ltr'><strong>ἐνανορω-</strong></span> 
     </span>
    </p>
   </div>
   <div class='ocr_carea' id='block_1_89' title="bbox 2182 4426 3766 4503">
    <p class='ocr_par' dir='ltr' id='par_1_89' title="bbox 2191 4426 3766 4503">
     <span class='ocr_line' id='line_1_89' title="bbox 2191 4426 3766 4503; baseline -0.003 -18"><span class='ocrx_word' id='word_1_726' title='bbox 2191 4431 2280 4487; x_wconf 66' lang='lat' dir='ltr'><strong>IV.</strong></span> <span class='ocrx_word' id='word_1_727' title='bbox 2314 4431 2388 4485; x_wconf 83' lang='lat' dir='ltr'><strong>De</strong></span> <span class='ocrx_word' id='word_1_728' title='bbox 2415 4430 2712 4489; x_wconf 74' lang='lat' dir='ltr'><strong>miraculis,</strong></span> <span class='ocrx_word' id='word_1_729' title='bbox 2732 4444 2862 4503; x_wconf 63' lang='lat' dir='ltr'><strong>qua:</strong></span> <span class='ocrx_word' id='word_1_730' title='bbox 2882 4426 3118 4503; x_wconf 53' lang='lat' dir='ltr'><strong>humana</strong></span> <span class='ocrx_word' id='word_1_731' title='bbox 3153 4443 3313 4481; x_wconf 77' lang='lat' dir='ltr'><strong>carne</strong></span> <span class='ocrx_word' id='word_1_732' title='bbox 3344 4436 3620 4495; x_wconf 79' lang='lat' dir='ltr'><strong>assumpta</strong></span> <span class='ocrx_word' id='word_1_733' title='bbox 3660 4427 3766 4481; x_wconf 72' lang='lat' dir='ltr'><strong>Du-</strong></span> 
     </span>
    </p>
   </div>
   <div class='ocr_carea' id='block_1_90' title="bbox 1023 4505 1544 4573">
    <p class='ocr_par' dir='ltr' id='par_1_90' title="bbox 1023 4505 1544 4573">
     <span class='ocr_line' id='line_1_90' title="bbox 1023 4505 1544 4573; baseline 0.004 -17"><span class='ocrx_word' id='word_1_734' title='bbox 1023 4505 1211 4569; x_wconf 81' lang='grc' dir='ltr'>πίσας</span> <span class='ocrx_word' id='word_1_735' title='bbox 1243 4506 1277 4557; x_wconf 85' lang='grc' dir='ltr'><em>ὁ</em></span> <span class='ocrx_word' id='word_1_736' title='bbox 1311 4506 1544 4573; x_wconf 83' lang='grc' dir='ltr'>Κύριος.</span> 
     </span>
    </p>
   </div>
   <div class='ocr_carea' id='block_1_91' title="bbox 580 4594 2081 4668">
    <p class='ocr_par' dir='ltr' id='par_1_91' title="bbox 580 4594 2081 4668">
     <span class='ocr_line' id='line_1_91' title="bbox 580 4594 2081 4668; baseline 0.001 -21"><span class='ocrx_word' id='word_1_737' title='bbox 580 4594 851 4668; x_wconf 82' lang='grc' dir='ltr'>Ἱερεμίας</span> <span class='ocrx_word' id='word_1_738' title='bbox 879 4595 1015 4667; x_wconf 66' lang='grc'><strong>(54),</strong></span> <span class='ocrx_word' id='word_1_739' title='bbox 1040 4614 1065 4645; x_wconf 73' lang='grc' dir='ltr'><strong>ι</strong></span> <span class='ocrx_word' id='word_1_740' title='bbox 1117 4595 1244 4650; x_wconf 79' lang='grc' dir='ltr'>Ἰδοὺ</span> <span class='ocrx_word' id='word_1_741' title='bbox 1264 4595 1485 4649; x_wconf 80' lang='grc' dir='ltr'>τέθεικά</span> <span class='ocrx_word' id='word_1_742' title='bbox 1508 4613 1567 4648; x_wconf 88' lang='grc' dir='ltr'><strong>σε</strong></span> <span class='ocrx_word' id='word_1_743' title='bbox 1591 4596 1671 4659; x_wconf 85' lang='grc' dir='ltr'><strong>είς</strong></span> <span class='ocrx_word' id='word_1_744' title='bbox 1696 4595 1958 4667; x_wconf 85' lang='grc' dir='ltr'>διαθήκην</span> <span class='ocrx_word' id='word_1_745' title='bbox 1986 4596 2081 4663; x_wconf 84' lang='grc' dir='ltr'><strong>γέ-</strong></span> 
     </span>
    </p>
   </div>
   <div class='ocr_carea' id='block_1_92' title="bbox 498 4687 2081 4758">
    <p class='ocr_par' dir='ltr' id='par_1_92' title="bbox 498 4687 2081 4758">
     <span class='ocr_line' id='line_1_92' title="bbox 498 4687 2081 4758; baseline -0.003 -14"><span class='ocrx_word' id='word_1_746' title='bbox 498 4706 645 4754; x_wconf 86' lang='grc' dir='ltr'>νους,</span> <span class='ocrx_word' id='word_1_747' title='bbox 690 4690 784 4743; x_wconf 74' lang='grc' dir='ltr'>καὶ</span> <span class='ocrx_word' id='word_1_748' title='bbox 825 4691 904 4752; x_wconf 84' lang='grc' dir='ltr'><strong>είς</strong></span> <span class='ocrx_word' id='word_1_749' title='bbox 932 4688 1050 4757; x_wconf 79' lang='grc' dir='ltr'>φῶς</span> <span class='ocrx_word' id='word_1_750' title='bbox 1077 4688 1281 4755; x_wconf 78' lang='grc' dir='ltr'>ἐθνῶν,</span> <span class='ocrx_word' id='word_1_751' title='bbox 1314 4687 1408 4741; x_wconf 82' lang='grc' dir='ltr'>τοῦ</span> <span class='ocrx_word' id='word_1_752' title='bbox 1446 4688 1787 4757; x_wconf 78' lang='grc' dir='ltr'>καταστῆσαι</span> <span class='ocrx_word' id='word_1_753' title='bbox 1813 4687 1912 4758; x_wconf 78' lang='grc' dir='ltr'><strong>τὴν</strong></span> <span class='ocrx_word' id='word_1_754' title='bbox 1956 4689 2081 4758; x_wconf 85' lang='grc' dir='ltr'>γῆν,</span> 
     </span>
    </p>
   </div>
   <div class='ocr_carea' id='block_1_93' title="bbox 2669 4491 3286 4552">
    <p class='ocr_par' dir='ltr' id='par_1_93' title="bbox 2669 4491 3286 4552">
     <span class='ocr_line' id='line_1_93' title="bbox 2669 4491 3286 4552; baseline 0.003 -2"><span class='ocrx_word' id='word_1_755' title='bbox 2669 4491 2843 4552; x_wconf 74' lang='lat' dir='ltr'><strong>&quot;tinus</strong></span> <span class='ocrx_word' id='word_1_756' title='bbox 2886 4491 3125 4552; x_wconf 58' lang='lat' dir='ltr'><strong>eﬂiturus</strong></span> <span class='ocrx_word' id='word_1_757' title='bbox 3151 4508 3286 4552; x_wconf 86' lang='lat' dir='ltr'><strong>erat.</strong></span> 
     </span>
    </p>
   </div>
   <div class='ocr_carea' id='block_1_94' title="bbox 2254 4591 3771 4660">
    <p class='ocr_par' dir='ltr' id='par_1_94' title="bbox 2254 4591 3771 4660">
     <span class='ocr_line' id='line_1_94' title="bbox 2254 4591 3771 4660; baseline -0.003 -12"><span class='ocrx_word' id='word_1_758' title='bbox 2254 4594 2546 4657; x_wconf 84' lang='lat' dir='ltr'><strong>Jeremias,</strong></span> <span class='ocrx_word' id='word_1_759' title='bbox 2592 4610 2612 4644; x_wconf 81' lang='grc' dir='ltr'><strong>ι</strong></span> <span class='ocrx_word' id='word_1_760' title='bbox 2649 4591 2793 4646; x_wconf 85' lang='lat' dir='ltr'><strong>Ecce</strong></span> <span class='ocrx_word' id='word_1_761' title='bbox 2830 4591 2986 4660; x_wconf 83' lang='lat' dir='ltr'><strong>posui</strong></span> <span class='ocrx_word' id='word_1_762' title='bbox 3041 4599 3095 4644; x_wconf 91' lang='lat' dir='ltr'><strong>te</strong></span> <span class='ocrx_word' id='word_1_763' title='bbox 3144 4591 3197 4643; x_wconf 89' lang='lat' dir='ltr'><strong>in</strong></span> <span class='ocrx_word' id='word_1_764' title='bbox 3243 4599 3628 4645; x_wconf 88' lang='lat' dir='ltr'><strong>testamentum</strong></span> <span class='ocrx_word' id='word_1_765' title='bbox 3676 4608 3771 4660; x_wconf 71' lang='lat' dir='ltr'><strong>ge—</strong></span> 
     </span>
    </p>
   </div>
   <div class='ocr_carea' id='block_1_95' title="bbox 2191 4682 3765 4753">
    <p class='ocr_par' dir='ltr' id='par_1_95' title="bbox 2191 4682 3765 4753">
     <span class='ocr_line' id='line_1_95' title="bbox 2191 4682 3765 4753; baseline -0.005 -11"><span class='ocrx_word' id='word_1_766' title='bbox 2191 4688 2365 4750; x_wconf 81' lang='lat' dir='ltr'><strong>neris,</strong></span> <span class='ocrx_word' id='word_1_767' title='bbox 2402 4690 2456 4739; x_wconf 88' lang='lat' dir='ltr'><strong>in</strong></span> <span class='ocrx_word' id='word_1_768' title='bbox 2490 4685 2665 4740; x_wconf 89' lang='lat' dir='ltr'><strong>lucem</strong></span> <span class='ocrx_word' id='word_1_769' title='bbox 2706 4685 2971 4753; x_wconf 74' lang='lat' dir='ltr'><strong>gentium,</strong></span> <span class='ocrx_word' id='word_1_770' title='bbox 3014 4693 3072 4736; x_wconf 91' lang='lat' dir='ltr'><strong>ut</strong></span> <span class='ocrx_word' id='word_1_771' title='bbox 3130 4682 3497 4737; x_wconf 85' lang='lat' dir='ltr'><strong>constitueres</strong></span> <span class='ocrx_word' id='word_1_772' title='bbox 3538 4690 3765 4745; x_wconf 87' lang='lat' dir='ltr'><strong>terram,</strong></span> 
     </span>
    </p>
   </div>
   <div class='ocr_carea' id='block_1_96' title="bbox 568 4836 2078 4905">
    <p class='ocr_par' dir='ltr' id='par_1_96' title="bbox 568 4838 2078 4904">
     <span class='ocr_line' id='line_1_96' title="bbox 568 4838 2078 4904; baseline -0.003 -8"><span class='ocrx_word' id='word_1_773' title='bbox 568 4844 740 4898; x_wconf 75' lang='lat' dir='ltr'><strong>“lsa.</strong></span> <span class='ocrx_word' id='word_1_774' title='bbox 774 4856 899 4899; x_wconf 75' lang='grc' dir='ltr'>ην.</span> <span class='ocrx_word' id='word_1_775' title='bbox 934 4840 1022 4904; x_wconf 71' lang='grc' dir='ltr'><strong>Η,</strong></span> <span class='ocrx_word' id='word_1_776' title='bbox 1057 4840 1143 4893; x_wconf 80' lang='grc'><strong>15.</strong></span> <span class='ocrx_word' id='word_1_777' title='bbox 1219 4840 1262 4870; x_wconf 78' lang='grc'><strong>’³⁷</strong></span> <span class='ocrx_word' id='word_1_778' title='bbox 1288 4838 1483 4893; x_wconf 87' lang='lat' dir='ltr'><strong>Ezech.</strong></span> <span class='ocrx_word' id='word_1_779' title='bbox 1517 4855 1665 4897; x_wconf 70' lang='lat' dir='ltr'><strong>XLIV,</strong></span> <span class='ocrx_word' id='word_1_780' title='bbox 1700 4840 1749 4902; x_wconf 78' lang='grc' dir='ltr'><strong>ι,</strong></span> <span class='ocrx_word' id='word_1_781' title='bbox 1784 4839 1838 4890; x_wconf 71' lang='grc'>2.</span> <span class='ocrx_word' id='word_1_782' title='bbox 1911 4838 2078 4891; x_wconf 68' lang='lat' dir='ltr'><strong>“’lsa.</strong></span> 
     </span>
    </p>
   </div>
   <div class='ocr_carea' id='block_1_97' title="bbox 2182 4836 3765 4905">
    <p class='ocr_par' dir='ltr' id='par_1_97' title="bbox 2189 4836 3765 4905">
     <span class='ocr_line' id='line_1_97' title="bbox 2189 4836 3765 4905; baseline 0.002 -14"><span class='ocrx_word' id='word_1_783' title='bbox 2189 4856 2260 4897; x_wconf 85' lang='lat' dir='ltr'><strong>Ix.</strong></span> <span class='ocrx_word' id='word_1_784' title='bbox 2298 4840 2344 4895; x_wconf 83' lang='lat' dir='ltr'><strong>I.</strong></span> <span class='ocrx_word' id='word_1_785' title='bbox 2423 4840 2467 4870; x_wconf 69' lang='grc'><strong>⁸³</strong></span> <span class='ocrx_word' id='word_1_786' title='bbox 2492 4839 2625 4891; x_wconf 86' lang='lat' dir='ltr'><strong>Dan.</strong></span> <span class='ocrx_word' id='word_1_787' title='bbox 2665 4853 2725 4905; x_wconf 88' lang='lat' dir='ltr'><strong>It,</strong></span> <span class='ocrx_word' id='word_1_788' title='bbox 2766 4837 2855 4892; x_wconf 72' lang='lat' dir='ltr'><strong>5i.</strong></span> <span class='ocrx_word' id='word_1_789' title='bbox 2934 4836 2979 4866; x_wconf 65' lang='lat'><strong>9°</strong></span> <span class='ocrx_word' id='word_1_790' title='bbox 3020 4837 3153 4892; x_wconf 87' lang='lat' dir='ltr'><strong>ibid.</strong></span> <span class='ocrx_word' id='word_1_791' title='bbox 3180 4836 3270 4891; x_wconf 79' lang='lat'><strong>&#39;55.</strong></span> <span class='ocrx_word' id='word_1_792' title='bbox 3347 4840 3390 4870; x_wconf 85' lang='grc'><strong>⁹¹</strong></span> <span class='ocrx_word' id='word_1_793' title='bbox 3418 4838 3515 4893; x_wconf 80' lang='lat' dir='ltr'><strong>lsa.</strong></span> <span class='ocrx_word' id='word_1_794' title='bbox 3558 4854 3596 4903; x_wconf 82' lang='grc' dir='ltr'><strong>ι,</strong></span> <span class='ocrx_word' id='word_1_795' title='bbox 3625 4839 3680 4900; x_wconf 74' lang='lat'><strong>2,</strong></span> <span class='ocrx_word' id='word_1_796' title='bbox 3711 4841 3765 4896; x_wconf 76' lang='lat'><strong>3.</strong></span> 
     </span>
    </p>
   </div>
   <div class='ocr_carea' id='block_1_98' title="bbox 500 4908 2053 4977">
    <p class='ocr_par' dir='ltr' id='par_1_98' title="bbox 500 4908 2053 4977">
     <span class='ocr_line' id='line_1_98' title="bbox 500 4908 2053 4977; baseline -0.003 -9"><span class='ocrx_word' id='word_1_797' title='bbox 500 4915 673 4971; x_wconf 69' lang='lat' dir='ltr'><strong>“lsa.</strong></span> <span class='ocrx_word' id='word_1_798' title='bbox 706 4927 830 4977; x_wconf 88' lang='lat' dir='ltr'><strong>vm,</strong></span> <span class='ocrx_word' id='word_1_799' title='bbox 875 4913 989 4966; x_wconf 74' lang='grc'><strong>1-5.</strong></span> <span class='ocrx_word' id='word_1_800' title='bbox 1064 4910 1111 4941; x_wconf 79' lang='lat'>”</span> <span class='ocrx_word' id='word_1_801' title='bbox 1132 4908 1307 4964; x_wconf 80' lang='lat' dir='ltr'><strong>Exod.</strong></span> <span class='ocrx_word' id='word_1_802' title='bbox 1356 4924 1478 4970; x_wconf 85' lang='lat' dir='ltr'><strong>xm,</strong></span> <span class='ocrx_word' id='word_1_803' title='bbox 1503 4910 1577 4975; x_wconf 72' lang='lat'><strong>2;</strong></span> <span class='ocrx_word' id='word_1_804' title='bbox 1608 4909 1767 4962; x_wconf 73' lang='lat' dir='ltr'><strong>Num.</strong></span> <span class='ocrx_word' id='word_1_805' title='bbox 1804 4925 1925 4971; x_wconf 84' lang='grc' dir='ltr'>νιιι,</span> <span class='ocrx_word' id='word_1_806' title='bbox 1966 4911 2053 4963; x_wconf 84' lang='lat' dir='ltr'><strong>l7.</strong></span> 
     </span>
    </p>
   </div>
   <div class='ocr_carea' id='block_1_99' title="bbox 572 5053 2085 5137">
    <p class='ocr_par' dir='ltr' id='par_1_99' title="bbox 572 5053 2085 5137">
     <span class='ocr_line' id='line_1_99' title="bbox 572 5053 2085 5137; baseline -0.004 -25"><span class='ocrx_word' id='word_1_807' title='bbox 572 5056 687 5137; x_wconf 60' lang='lat' dir='ltr'><strong>(li)</strong></span> <span class='ocrx_word' id='word_1_808' title='bbox 734 5056 921 5137; x_wconf 75' lang='lat' dir='ltr'><strong>codex</strong></span> <span class='ocrx_word' id='word_1_809' title='bbox 975 5054 1271 5122; x_wconf 86' lang='lat' dir='ltr'><strong>recentior,</strong></span> <span class='ocrx_word' id='word_1_810' title='bbox 1315 5054 1737 5123; x_wconf 79' lang='grc' dir='ltr'>καταϐήσονται.</span> <span class='ocrx_word' id='word_1_811' title='bbox 1788 5054 1865 5105; x_wconf 88' lang='lat' dir='ltr'><strong>lta</strong></span> <span class='ocrx_word' id='word_1_812' title='bbox 1910 5060 1965 5106; x_wconf 89' lang='lat' dir='ltr'><strong>et</strong></span> <span class='ocrx_word' id='word_1_813' title='bbox 1999 5053 2085 5107; x_wconf 88' lang='lat' dir='ltr'><strong>Si-</strong></span> 
     </span>
    </p>
   </div>
   <div class='ocr_carea' id='block_1_100' title="bbox 502 5128 2083 5269">
    <p class='ocr_par' dir='ltr' id='par_1_100' title="bbox 502 5128 2083 5269">
     <span class='ocr_line' id='line_1_100' title="bbox 502 5128 893 5201; baseline 0.003 -22"><span class='ocrx_word' id='word_1_814' title='bbox 502 5128 893 5201; x_wconf 78' lang='lat' dir='ltr'><strong>phanirodex.</strong></span> 
     </span>
     <span class='ocr_line' id='line_1_101' title="bbox 571 5194 2083 5269; baseline -0.004 -17"><span class='ocrx_word' id='word_1_815' title='bbox 571 5200 684 5269; x_wconf 64' lang='lat'><strong>(48)</strong></span> <span class='ocrx_word' id='word_1_816' title='bbox 713 5196 877 5254; x_wconf 84' lang='lat' dir='ltr'><strong>Iidem</strong></span> <span class='ocrx_word' id='word_1_817' title='bbox 928 5196 1151 5253; x_wconf 87' lang='lat' dir='ltr'><strong>codices</strong></span> <span class='ocrx_word' id='word_1_818' title='bbox 1203 5196 1391 5267; x_wconf 85' lang='lat' dir='ltr'><strong>legunt</strong></span> <span class='ocrx_word' id='word_1_819' title='bbox 1422 5194 1553 5259; x_wconf 69' lang='grc' dir='ltr'>Θεὸς</span> <span class='ocrx_word' id='word_1_820' title='bbox 1605 5194 1698 5248; x_wconf 80' lang='grc' dir='ltr'>τοῦ</span> <span class='ocrx_word' id='word_1_821' title='bbox 1754 5194 1964 5265; x_wconf 76' lang='grc' dir='ltr'>Ἰσραὴλ</span> <span class='ocrx_word' id='word_1_822' title='bbox 1991 5195 2083 5247; x_wconf 82' lang='grc' dir='ltr'>καὶ</span> 
     </span>
    </p>
   </div>
   <div class='ocr_carea' id='block_1_101' title="bbox 500 5271 711 5341">
    <p class='ocr_par' dir='ltr' id='par_1_101' title="bbox 500 5271 711 5341">
     <span class='ocr_line' id='line_1_102' title="bbox 500 5271 711 5341; baseline 0 -18"><span class='ocrx_word' id='word_1_823' title='bbox 500 5271 711 5341; x_wconf 83' lang='grc' dir='ltr'>Σωτήρ.</span> 
     </span>
    </p>
   </div>
   <div class='ocr_carea' id='block_1_102' title="bbox 569 5334 2081 5410">
    <p class='ocr_par' dir='ltr' id='par_1_102' title="bbox 569 5334 2081 5410">
     <span class='ocr_line' id='line_1_103' title="bbox 569 5334 2081 5410; baseline -0.005 -17"><span class='ocrx_word' id='word_1_824' title='bbox 569 5334 685 5410; x_wconf 65' lang='grc'><strong>(49)</strong></span> <span class='ocrx_word' id='word_1_825' title='bbox 715 5337 960 5395; x_wconf 83' lang='lat' dir='ltr'><strong>Romana</strong></span> <span class='ocrx_word' id='word_1_826' title='bbox 1000 5336 1144 5391; x_wconf 74' lang='lat' dir='ltr'><strong>LXX</strong></span> <span class='ocrx_word' id='word_1_827' title='bbox 1208 5338 1569 5410; x_wconf 73' lang='lat' dir='ltr'><strong>Interpretnm</strong></span> <span class='ocrx_word' id='word_1_828' title='bbox 1597 5336 1792 5395; x_wconf 86' lang='lat' dir='ltr'><strong>editio,</strong></span> <span class='ocrx_word' id='word_1_829' title='bbox 1845 5334 2081 5410; x_wconf 74' lang='grc' dir='ltr'>εἰσελεὺο</span> 
     </span>
    </p>
   </div>
   <div class='ocr_carea' id='block_1_103' title="bbox 502 5405 2079 5480">
    <p class='ocr_par' dir='ltr' id='par_1_103' title="bbox 502 5405 2079 5480">
     <span class='ocr_line' id='line_1_104' title="bbox 502 5405 2079 5480; baseline -0.002 -16"><span class='ocrx_word' id='word_1_830' title='bbox 502 5405 656 5464; x_wconf 80' lang='grc' dir='ltr'>σεται</span> <span class='ocrx_word' id='word_1_831' title='bbox 702 5410 770 5464; x_wconf 84' lang='grc' dir='ltr'>δι’</span> <span class='ocrx_word' id='word_1_832' title='bbox 812 5410 1005 5480; x_wconf 83' lang='grc' dir='ltr'>αὐτῆς,</span> <span class='ocrx_word' id='word_1_833' title='bbox 1039 5405 1372 5480; x_wconf 60' lang='lat' dir='ltr'><strong>ingredietur</strong></span> <span class='ocrx_word' id='word_1_834' title='bbox 1404 5425 1495 5478; x_wconf 84' lang='lat' dir='ltr'><strong>per</strong></span> <span class='ocrx_word' id='word_1_835' title='bbox 1541 5424 1692 5471; x_wconf 83' lang='lat' dir='ltr'><strong>eam;</strong></span> <span class='ocrx_word' id='word_1_836' title='bbox 1725 5417 1922 5461; x_wconf 62' lang='lat' dir='ltr'><strong>caetera</strong></span> <span class='ocrx_word' id='word_1_837' title='bbox 1978 5405 2079 5461; x_wconf 92' lang='lat' dir='ltr'><strong>de-</strong></span> 
     </span>
    </p>
   </div>
   <div class='ocr_carea' id='block_1_104' title="bbox 535 5499 547 5527">
    <p class='ocr_par' dir='ltr' id='par_1_104' title="bbox 535 5499 547 5527">
     <span class='ocr_line' id='line_1_105' title="bbox 535 5499 547 5527; baseline 0 0"><span class='ocrx_word' id='word_1_838' title='bbox 535 5499 547 5527; x_wconf 76' lang='grc'><strong>1</strong></span> 
     </span>
    </p>
   </div>
   <div class='ocr_carea' id='block_1_105' title="bbox 501 5491 2089 5629">
    <p class='ocr_par' dir='ltr' id='par_1_105' title="bbox 501 5491 2089 5629">
     <span class='ocr_line' id='line_1_106' title="bbox 501 5491 2089 5629; baseline 0.012 -13"><span class='ocrx_word' id='word_1_839' title='bbox 501 5491 684 5620; x_wconf 58' lang='lat' dir='ltr'><strong>ming</strong></span> <span class='ocrx_word' id='word_1_840' title='bbox 719 5550 964 5629; x_wconf 71' lang='lat' dir='ltr'><strong>Romana</strong></span> <span class='ocrx_word' id='word_1_841' title='bbox 995 5550 1136 5605; x_wconf 71' lang='lat' dir='ltr'><strong>LXX</strong></span> <span class='ocrx_word' id='word_1_842' title='bbox 1168 5551 1396 5629; x_wconf 53' lang='lat' dir='ltr'><strong>InICrDt‘.</strong></span> <span class='ocrx_word' id='word_1_843' title='bbox 1434 5549 1601 5607; x_wconf 86' lang='lat' dir='ltr'><strong>editio</strong></span> <span class='ocrx_word' id='word_1_844' title='bbox 1640 5548 1797 5603; x_wconf 87' lang='lat' dir='ltr'><strong>aliter</strong></span> <span class='ocrx_word' id='word_1_845' title='bbox 1825 5547 1982 5629; x_wconf 48' lang='lat'><strong>103&quot;“.</strong></span> <span class='ocrx_word' id='word_1_846' title='bbox 1998 5546 2089 5629; x_wconf 54' lang='lat' dir='ltr'><strong>Ex</strong></span> 
     </span>
    </p>
   </div>
   <div class='ocr_carea' id='block_1_106' title="bbox 504 5625 2087 5687">
    <p class='ocr_par' dir='ltr' id='par_1_106' title="bbox 504 5625 2087 5687">
     <span class='ocr_line' id='line_1_107' title="bbox 504 5625 2087 5687; baseline 0 -12"><span class='ocrx_word' id='word_1_847' title='bbox 504 5636 651 5677; x_wconf 73' lang='lat' dir='ltr'><strong>utero</strong></span> <span class='ocrx_word' id='word_1_848' title='bbox 679 5625 866 5677; x_wconf 77' lang='lat' dir='ltr'><strong>matris</strong></span> <span class='ocrx_word' id='word_1_849' title='bbox 904 5640 1030 5676; x_wconf 78' lang='lat' dir='ltr'><strong>mea:</strong></span> <span class='ocrx_word' id='word_1_850' title='bbox 1071 5626 1269 5678; x_wconf 82' lang='lat' dir='ltr'><strong>vocavit</strong></span> <span class='ocrx_word' id='word_1_851' title='bbox 1318 5639 1502 5676; x_wconf 83' lang='lat' dir='ltr'><strong>nomen</strong></span> <span class='ocrx_word' id='word_1_852' title='bbox 1533 5636 1726 5680; x_wconf 73' lang='lat' dir='ltr'><strong>incum,</strong></span> <span class='ocrx_word' id='word_1_853' title='bbox 1759 5629 1806 5673; x_wconf 88' lang='lat' dir='ltr'><strong>et</strong></span> <span class='ocrx_word' id='word_1_854' title='bbox 1832 5625 2004 5687; x_wconf 78' lang='lat' dir='ltr'><strong>posuit</strong></span> <span class='ocrx_word' id='word_1_855' title='bbox 2031 5638 2087 5675; x_wconf 69' lang='lat' dir='ltr'><strong>os</strong></span> 
     </span>
    </p>
   </div>
   <div class='ocr_carea' id='block_1_107' title="bbox 506 5694 1925 5767">
    <p class='ocr_par' dir='ltr' id='par_1_107' title="bbox 506 5694 1925 5767">
     <span class='ocr_line' id='line_1_108' title="bbox 506 5694 1925 5767; baseline 0.014 -28"><span class='ocrx_word' id='word_1_856' title='bbox 506 5711 676 5767; x_wconf 46' lang='lat' dir='ltr'><strong>meum</strong></span> <span class='ocrx_word' id='word_1_857' title='bbox 704 5694 1113 5767; x_wconf 65' lang='lat' dir='ltr'><strong>quasiglodium</strong></span> <span class='ocrx_word' id='word_1_858' title='bbox 1148 5703 1382 5767; x_wconf 59' lang='lat' dir='ltr'><strong>acutum.</strong></span> <span class='ocrx_word' id='word_1_859' title='bbox 1563 5764 1575 5767; x_wconf 93' lang='lat'><em>_</em></span> <span class='ocrx_word' id='word_1_860' title='bbox 1894 5759 1925 5767; x_wconf 68' lang='lat'><strong>_,</strong></span> 
     </span>
    </p>
   </div>
   <div class='ocr_carea' id='block_1_108' title="bbox 577 5759 2087 5840">
    <p class='ocr_par' dir='ltr' id='par_1_108' title="bbox 577 5759 2087 5840">
     <span class='ocr_line' id='line_1_109' title="bbox 577 5759 2087 5840; baseline -0.003 -22"><span class='ocrx_word' id='word_1_861' title='bbox 577 5765 689 5830; x_wconf 83' lang='lat'><strong>(5|)</strong></span> <span class='ocrx_word' id='word_1_862' title='bbox 717 5759 887 5840; x_wconf 72' lang='lat' dir='ltr'><strong>lianc</strong></span> <span class='ocrx_word' id='word_1_863' title='bbox 931 5765 1219 5840; x_wconf 77' lang='lat' dir='ltr'><strong>lectionem</strong></span> <span class='ocrx_word' id='word_1_864' title='bbox 1260 5782 1287 5819; x_wconf 90' lang='lat' dir='ltr'><strong>a</strong></span> <span class='ocrx_word' id='word_1_865' title='bbox 1356 5763 1493 5840; x_wconf 58' lang='lat' dir='ltr'><strong>LXX</strong></span> <span class='ocrx_word' id='word_1_866' title='bbox 1562 5759 2087 5840; x_wconf 26' lang='lat' dir='ltr'><strong>Intcrpr.‘editione</strong></span> 
     </span>
    </p>
   </div>
   <div class='ocr_carea' id='block_1_109' title="bbox 505 5834 2083 5901">
    <p class='ocr_par' dir='ltr' id='par_1_109' title="bbox 505 5834 2083 5901">
     <span class='ocr_line' id='line_1_110' title="bbox 505 5834 2083 5901; baseline -0.004 -14"><span class='ocrx_word' id='word_1_867' title='bbox 505 5834 779 5889; x_wconf 76' lang='lat' dir='ltr'><strong>dchrsam</strong></span> <span class='ocrx_word' id='word_1_868' title='bbox 836 5837 890 5889; x_wconf 89' lang='lat' dir='ltr'><strong>in</strong></span> <span class='ocrx_word' id='word_1_869' title='bbox 924 5836 1253 5901; x_wconf 79' lang='lat' dir='ltr'><strong>quibusdam</strong></span> <span class='ocrx_word' id='word_1_870' title='bbox 1280 5854 1344 5889; x_wconf 82' lang='lat' dir='ltr'><strong>eo</strong></span> <span class='ocrx_word' id='word_1_871' title='bbox 1368 5839 1416 5888; x_wconf 69' lang='lat' dir='ltr'><strong>:&quot;n</strong></span> <span class='ocrx_word' id='word_1_872' title='bbox 1439 5837 1560 5887; x_wconf 80' lang='lat' dir='ltr'><strong>ilius</strong></span> <span class='ocrx_word' id='word_1_873' title='bbox 1594 5834 1818 5900; x_wconf 76' lang='lat' dir='ltr'><strong>reperiri</strong></span> <span class='ocrx_word' id='word_1_874' title='bbox 1850 5838 2083 5885; x_wconf 83' lang='lat' dir='ltr'><strong>testatur</strong></span> 
     </span>
    </p>
   </div>
   <div class='ocr_carea' id='block_1_110' title="bbox 2132 4909 2695 4975">
    <p class='ocr_par' dir='ltr' id='par_1_110' title="bbox 2132 4909 2695 4975">
     <span class='ocr_line' id='line_1_111' title="bbox 2132 4909 2695 4975; baseline 0.002 -13"><span class='ocrx_word' id='word_1_875' title='bbox 2132 4912 2175 4941; x_wconf 63' lang='grc' dir='ltr'><strong>θ’*</strong></span> <span class='ocrx_word' id='word_1_876' title='bbox 2203 4910 2346 4964; x_wconf 75' lang='lat' dir='ltr'><strong>I’sal.</strong></span> <span class='ocrx_word' id='word_1_877' title='bbox 2381 4925 2602 4975; x_wconf 81' lang='lat' dir='ltr'><strong>Lxxxvt,</strong></span> <span class='ocrx_word' id='word_1_878' title='bbox 2642 4909 2695 4963; x_wconf 81' lang='grc'>5.</span> 
     </span>
    </p>
   </div>
   <div class='ocr_carea' id='block_1_111' title="bbox 2190 5051 3196 5109">
    <p class='ocr_par' dir='ltr' id='par_1_111' title="bbox 2190 5051 3196 5109">
     <span class='ocr_line' id='line_1_112' title="bbox 2190 5051 3196 5109; baseline 0.002 -2"><span class='ocrx_word' id='word_1_879' title='bbox 2190 5053 2443 5109; x_wconf 89' lang='lat' dir='ltr'><strong>Nobilius</strong></span> <span class='ocrx_word' id='word_1_880' title='bbox 2473 5054 2526 5107; x_wconf 91' lang='lat' dir='ltr'><strong>in</strong></span> <span class='ocrx_word' id='word_1_881' title='bbox 2551 5053 2698 5107; x_wconf 89' lang='lat' dir='ltr'><strong>notis</strong></span> <span class='ocrx_word' id='word_1_882' title='bbox 2727 5051 2792 5105; x_wconf 88' lang='lat' dir='ltr'><strong>ad</strong></span> <span class='ocrx_word' id='word_1_883' title='bbox 2825 5052 2973 5106; x_wconf 93' lang='lat' dir='ltr'><strong>hunc</strong></span> <span class='ocrx_word' id='word_1_884' title='bbox 2995 5053 3196 5109; x_wconf 88' lang='lat' dir='ltr'><strong>locum.</strong></span> 
     </span>
    </p>
   </div>
   <div class='ocr_carea' id='block_1_112' title="bbox 2260 5122 3766 5196">
    <p class='ocr_par' dir='ltr' id='par_1_112' title="bbox 2260 5122 3766 5196">
     <span class='ocr_line' id='line_1_113' title="bbox 2260 5122 3766 5196; baseline 0.001 -18"><span class='ocrx_word' id='word_1_885' title='bbox 2260 5125 2374 5196; x_wconf 64' lang='grc' dir='ltr'><strong>(δε)</strong></span> <span class='ocrx_word' id='word_1_886' title='bbox 2404 5124 2591 5196; x_wconf 80' lang='lat' dir='ltr'><strong>Exodi</strong></span> <span class='ocrx_word' id='word_1_887' title='bbox 2633 5124 2812 5196; x_wconf 78' lang='lat' dir='ltr'><strong>locum</strong></span> <span class='ocrx_word' id='word_1_888' title='bbox 2874 5123 3302 5196; x_wconf 23' lang='lat' dir='ltr'><strong>iisdemtprope</strong></span> <span class='ocrx_word' id='word_1_889' title='bbox 3358 5122 3542 5196; x_wconf 72' lang='lat' dir='ltr'><strong>verbis</strong></span> <span class='ocrx_word' id='word_1_890' title='bbox 3583 5123 3766 5179; x_wconf 85' lang='lat' dir='ltr'><strong>laudat</strong></span> 
     </span>
    </p>
   </div>
   <div class='ocr_carea' id='block_1_113' title="bbox 2188 5193 3552 5261">
    <p class='ocr_par' dir='ltr' id='par_1_113' title="bbox 2188 5193 3552 5261">
     <span class='ocr_line' id='line_1_114' title="bbox 2188 5193 3552 5261; baseline -0.003 -12"><span class='ocrx_word' id='word_1_891' title='bbox 2188 5193 2561 5251; x_wconf 75' lang='lat' dir='ltr'><strong>Tertullianus</strong></span> <span class='ocrx_word' id='word_1_892' title='bbox 2582 5194 2636 5247; x_wconf 89' lang='lat' dir='ltr'><strong>in</strong></span> <span class='ocrx_word' id='word_1_893' title='bbox 2662 5194 2754 5247; x_wconf 87' lang='lat' dir='ltr'><strong>lib.</strong></span> <span class='ocrx_word' id='word_1_894' title='bbox 2789 5194 2862 5246; x_wconf 80' lang='lat' dir='ltr'><strong>De</strong></span> <span class='ocrx_word' id='word_1_895' title='bbox 2884 5209 3043 5247; x_wconf 83' lang='lat' dir='ltr'><strong>carne</strong></span> <span class='ocrx_word' id='word_1_896' title='bbox 3069 5193 3289 5256; x_wconf 76' lang='lat' dir='ltr'><strong>Christi,</strong></span> <span class='ocrx_word' id='word_1_897' title='bbox 3321 5194 3552 5261; x_wconf 41' lang='grc' dir='ltr'>(πορθεῖ.</span> 
     </span>
    </p>
   </div>
   <div class='ocr_carea' id='block_1_114' title="bbox 2260 5263 3766 5337">
    <p class='ocr_par' dir='ltr' id='par_1_114' title="bbox 2260 5263 3766 5337">
     <span class='ocr_line' id='line_1_115' title="bbox 2260 5263 3766 5337; baseline 0.003 -20"><span class='ocrx_word' id='word_1_898' title='bbox 2260 5267 2371 5337; x_wconf 68' lang='lat'><strong>(55)</strong></span> <span class='ocrx_word' id='word_1_899' title='bbox 2393 5266 2575 5320; x_wconf 80' lang='lat' dir='ltr'><strong>Codex</strong></span> <span class='ocrx_word' id='word_1_900' title='bbox 2605 5264 2896 5328; x_wconf 89' lang='lat' dir='ltr'><strong>recentior,</strong></span> <span class='ocrx_word' id='word_1_901' title='bbox 2932 5264 3087 5333; x_wconf 79' lang='grc' dir='ltr'>ἅγιος</span> <span class='ocrx_word' id='word_1_902' title='bbox 3121 5265 3301 5335; x_wconf 83' lang='grc' dir='ltr'>μόνος.</span> <span class='ocrx_word' id='word_1_903' title='bbox 3336 5264 3412 5317; x_wconf 88' lang='lat' dir='ltr'><strong>Ita</strong></span> <span class='ocrx_word' id='word_1_904' title='bbox 3449 5274 3504 5318; x_wconf 87' lang='lat' dir='ltr'><strong>et</strong></span> <span class='ocrx_word' id='word_1_905' title='bbox 3539 5263 3766 5334; x_wconf 85' lang='lat' dir='ltr'><strong>Siphani</strong></span> 
     </span>
    </p>
   </div>
   <div class='ocr_carea' id='block_1_115' title="bbox 2186 5339 2380 5391">
    <p class='ocr_par' dir='ltr' id='par_1_115' title="bbox 2186 5339 2380 5391">
     <span class='ocr_line' id='line_1_116' title="bbox 2186 5339 2380 5391; baseline -0.005 0"><span class='ocrx_word' id='word_1_906' title='bbox 2186 5339 2380 5391; x_wconf 80' lang='lat' dir='ltr'><strong>codex.</strong></span> 
     </span>
    </p>
   </div>
   <div class='ocr_carea' id='block_1_116' title="bbox 2267 5403 3769 5478">
    <p class='ocr_par' dir='ltr' id='par_1_116' title="bbox 2267 5403 3769 5478">
     <span class='ocr_line' id='line_1_117' title="bbox 2267 5403 3769 5478; baseline -0.001 -18"><span class='ocrx_word' id='word_1_907' title='bbox 2267 5407 2380 5478; x_wconf 70' lang='lat' dir='ltr'><strong>(5i)</strong></span> <span class='ocrx_word' id='word_1_908' title='bbox 2416 5405 2595 5461; x_wconf 87' lang='lat' dir='ltr'><strong>Locus</strong></span> <span class='ocrx_word' id='word_1_909' title='bbox 2652 5407 2757 5461; x_wconf 90' lang='lat' dir='ltr'><strong>iste</strong></span> <span class='ocrx_word' id='word_1_910' title='bbox 2810 5422 2918 5461; x_wconf 88' lang='lat' dir='ltr'><strong>non</strong></span> <span class='ocrx_word' id='word_1_911' title='bbox 2976 5404 3255 5470; x_wconf 61' lang='lat' dir='ltr'><strong>Ieremia),</strong></span> <span class='ocrx_word' id='word_1_912' title='bbox 3298 5404 3395 5478; x_wconf 81' lang='lat' dir='ltr'><strong>sed</strong></span> <span class='ocrx_word' id='word_1_913' title='bbox 3438 5403 3593 5478; x_wconf 74' lang='lat' dir='ltr'><strong>Isaia:</strong></span> <span class='ocrx_word' id='word_1_914' title='bbox 3644 5416 3769 5472; x_wconf 87' lang='lat' dir='ltr'><strong>est;</strong></span> 
     </span>
    </p>
   </div>
   <div class='ocr_carea' id='block_1_117' title="bbox 2195 5474 3768 5547">
    <p class='ocr_par' dir='ltr' id='par_1_117' title="bbox 2195 5474 3768 5547">
     <span class='ocr_line' id='line_1_118' title="bbox 2195 5474 3768 5547; baseline -0.003 -14"><span class='ocrx_word' id='word_1_915' title='bbox 2195 5474 2318 5533; x_wconf 84' lang='lat' dir='ltr'><strong>eum</strong></span> <span class='ocrx_word' id='word_1_916' title='bbox 2356 5474 2534 5532; x_wconf 83' lang='lat' dir='ltr'><strong>tamen</strong></span> <span class='ocrx_word' id='word_1_917' title='bbox 2571 5493 2669 5547; x_wconf 86' lang='lat' dir='ltr'><strong>pro</strong></span> <span class='ocrx_word' id='word_1_918' title='bbox 2699 5477 2947 5530; x_wconf 76' lang='lat' dir='ltr'><strong>Jeremiu:</strong></span> <span class='ocrx_word' id='word_1_919' title='bbox 2979 5478 3099 5529; x_wconf 83' lang='lat' dir='ltr'><strong>loco</strong></span> <span class='ocrx_word' id='word_1_920' title='bbox 3129 5476 3409 5544; x_wconf 80' lang='lat' dir='ltr'><strong>accepisse</strong></span> <span class='ocrx_word' id='word_1_921' title='bbox 3435 5474 3768 5546; x_wconf 83' lang='lat' dir='ltr'><strong>Nyssenum,</strong></span> 
     </span>
    </p>
   </div>
   <div class='ocr_carea' id='block_1_118' title="bbox 2195 5546 3768 5617">
    <p class='ocr_par' dir='ltr' id='par_1_118' title="bbox 2195 5546 3768 5617">
     <span class='ocr_line' id='line_1_119' title="bbox 2195 5546 3768 5617; baseline -0.002 -17"><span class='ocrx_word' id='word_1_922' title='bbox 2195 5553 2276 5605; x_wconf 83' lang='lat' dir='ltr'><strong>vel</strong></span> <span class='ocrx_word' id='word_1_923' title='bbox 2308 5549 2435 5602; x_wconf 89' lang='lat' dir='ltr'><strong>inde</strong></span> <span class='ocrx_word' id='word_1_924' title='bbox 2471 5546 2643 5617; x_wconf 72' lang='lat' dir='ltr'><strong>patet,</strong></span> <span class='ocrx_word' id='word_1_925' title='bbox 2669 5547 2814 5617; x_wconf 80' lang='lat' dir='ltr'><strong>quod</strong></span> <span class='ocrx_word' id='word_1_926' title='bbox 2845 5547 3057 5617; x_wconf 66' lang='lat' dir='ltr'><strong>liarueh</strong></span> <span class='ocrx_word' id='word_1_927' title='bbox 3089 5546 3487 5617; x_wconf 82' lang='lat' dir='ltr'><strong>testimonium,</strong></span> <span class='ocrx_word' id='word_1_928' title='bbox 3507 5553 3768 5617; x_wconf 83' lang='lat' dir='ltr'><strong>tanquam</strong></span> 
     </span>
    </p>
   </div>
   <div class='ocr_carea' id='block_1_119' title="bbox 2195 5616 3766 5688">
    <p class='ocr_par' dir='ltr' id='par_1_119' title="bbox 2195 5616 3766 5688">
     <span class='ocr_line' id='line_1_120' title="bbox 2195 5616 3766 5688; baseline -0.005 -14"><span class='ocrx_word' id='word_1_929' title='bbox 2195 5621 2357 5674; x_wconf 89' lang='lat' dir='ltr'><strong>unius</strong></span> <span class='ocrx_word' id='word_1_930' title='bbox 2380 5616 2626 5683; x_wconf 80' lang='lat' dir='ltr'><strong>eiusdem</strong></span> <span class='ocrx_word' id='word_1_931' title='bbox 2673 5616 2949 5688; x_wconf 62' lang='lat' dir='ltr'><strong>prophette</strong></span> <span class='ocrx_word' id='word_1_932' title='bbox 2980 5616 3312 5688; x_wconf 70' lang='lat' dir='ltr'><strong>subjungat:</strong></span> <span class='ocrx_word' id='word_1_933' title='bbox 3348 5616 3558 5688; x_wconf 83' lang='lat' dir='ltr'><strong>Baruch</strong></span> <span class='ocrx_word' id='word_1_934' title='bbox 3584 5624 3766 5688; x_wconf 82' lang='lat' dir='ltr'><strong>autem</strong></span> 
     </span>
    </p>
   </div>
   <div class='ocr_carea' id='block_1_120' title="bbox 2193 5684 3765 5760">
    <p class='ocr_par' dir='ltr' id='par_1_120' title="bbox 2193 5684 3765 5760">
     <span class='ocr_line' id='line_1_121' title="bbox 2193 5684 3765 5760; baseline -0.004 -14"><span class='ocrx_word' id='word_1_935' title='bbox 2193 5706 2334 5759; x_wconf 70' lang='lat' dir='ltr'><strong>saepe</strong></span> <span class='ocrx_word' id='word_1_936' title='bbox 2365 5690 2433 5745; x_wconf 87' lang='lat' dir='ltr'><strong>ab</strong></span> <span class='ocrx_word' id='word_1_937' title='bbox 2473 5684 2716 5760; x_wconf 73' lang='lat' dir='ltr'><strong>antiquis</strong></span> <span class='ocrx_word' id='word_1_938' title='bbox 2742 5684 2842 5745; x_wconf 79' lang='lat' dir='ltr'><strong>sub</strong></span> <span class='ocrx_word' id='word_1_939' title='bbox 2870 5684 3119 5743; x_wconf 58' lang='lat' dir='ltr'><strong>.Ieremiie</strong></span> <span class='ocrx_word' id='word_1_940' title='bbox 3154 5684 3377 5743; x_wconf 82' lang='lat' dir='ltr'><strong>nemine</strong></span> <span class='ocrx_word' id='word_1_941' title='bbox 3419 5684 3629 5741; x_wconf 88' lang='lat' dir='ltr'><strong>laudari</strong></span> <span class='ocrx_word' id='word_1_942' title='bbox 3678 5701 3765 5740; x_wconf 83' lang='lat' dir='ltr'><strong>so-</strong></span> 
     </span>
    </p>
   </div>
   <div class='ocr_carea' id='block_1_121' title="bbox 2191 5763 2284 5818">
    <p class='ocr_par' dir='ltr' id='par_1_121' title="bbox 2191 5763 2284 5818">
     <span class='ocr_line' id='line_1_122' title="bbox 2191 5763 2284 5818; baseline -0.011 -1"><span class='ocrx_word' id='word_1_943' title='bbox 2191 5763 2284 5818; x_wconf 86' lang='lat' dir='ltr'><strong>let.</strong></span> 
     </span>
    </p>
   </div>
  </div>
