4096 6354
462 363 573 416 2Ιῦ

1494 362 1922 425 ΤΕδΤΙΜΟΝΙΑ
1957 371 2283 430 ADVERSU
2295 372 2333 431 S
2383 372 2410 428 J
2422 374 2459 429 U
2473 374 2699 430 DIEOS.

3621 376 3728 434 2H

463 476 531 544 τῇ
560 472 889 528 ταπεινώσει
913 476 1098 542 αὑτοῦ,
1121 478 1441 551 ὄτιαῖρεται
1470 482 1579 536 ἀπὸ
1604 486 1703 556 τῆς
1736 485 1840 556 γῆς
1870 488 1903 557 ἡ
1934 486 2046 557 ζωὴ

2173 489 2536 558 niquitatibus
2562 488 2747 560 populi
2785 489 2892 545 mei
2926 490 3124 545 ductus
3156 498 3244 545 est
3274 491 3342 546 ad
3371 498 3623 547 mortem.
3676 493 3745 546 Et

462 565 663 619 αὐτοῦ·
707 566 819 620 ἀπὸ
859 568 968 622 τῶν
1010 570 1297 642 ἁμαρτιῶν
1338 572 1439 627 τοῦ
1479 576 1612 629 λαοῦ
1659 595 1760 648 μου
1801 579 1940 649 ἢχθη
1973 580 2052 642 είς

465 656 719 710 θάνατον.
746 657 855 712 Καὶ
877 658 1035 714 δώσω
1065 663 1191 726 τοὺς
1224 666 1497 736 πονηροὺς
1516 667 1638 721 ἀντὶ
1664 669 1839 739 ταφῆς
1863 668 2049 733 αὑτοῦ,

466 748 561 801 καὶ
587 751 713 813 τοὺς
753 750 1042 816 πλουσίους
1068 754 1191 808 ἀντὶ
1214 754 1311 808 τοῦ
1343 757 1571 811 θανάτου
1611 760 1798 823 αὐτοῦ,
1824 761 1906 813 ὅτι
1931 762 2053 813 ἀνο-

418 842 419 845 ’
470 844 599 914 μίαν
648 846 753 899 οὑκ
800 847 1079 916 ἐποίησεν,
1119 849 1246 901 οὐδὲ
1276 849 1473 921 εὑρέθη
1498 852 1607 922 (61)
1666 852 1816 916 δόλος
1862 854 1920 906 ὲν
1976 854 2054 924 τῷ

462 933 697 1006 στ’όματι
732 937 924 994 αὐτοῦ.
962 956 982 990 ι
1028 939 1140 992 Καὶ
1168 939 1311 1010 μετά
1338 958 1480 1003 τινα,
1524 961 1543 994 ι
1580 941 1680 996 Διά
1705 943 1865 997 τοῦτο
1891 943 2053 1007 αὐτὸς

470 1030 868 1101 κληρονομήσει
935 1030 1197 1095 πολλοὺς,
1250 1033 1347 1086 καὶ
1398 1033 1508 1087 τῶν
1566 1034 1801 1105 ίσχυρῶν
1877 1039 2056 1106 μεριεῖ

472 1122 664 1186 σκῦλα,
702 1123 818 1177 ἀνθ’
844 1117 920 1178 ὧν
954 1125 1228 1195 παρεδόθη
1257 1127 1342 1190 εἰς
1371 1124 1598 1179 θάνατον
1626 1130 1658 1198 ἡ
1689 1128 1834 1198 ψυχὴ
1864 1128 2051 1191 αὐτοῦ,

471 1216 554 1268 ὅτι
580 1214 813 1285 ἀνομίαν
844 1216 946 1269 οὐκ
986 1217 1211 1287 ἐποίησε
1232 1257 1247 1281 ,
1276 1218 1371 1272 καὶ
1399 1219 1457 1272 ἐν
1489 1223 1601 1282 τοῖς
1630 1219 1853 1290 ἀνόμοις
1882 1220 2058 1288 ἐλογί-

446 1304 604 1376 ¹ιιῖθη·
635 1307 731 1360 καὶ
764 1307 924 1371 αὐτὸς
947 1308 1221 1380 ἁμαρτίας
1252 1308 1460 1362 πολλῶν
1493 1311 1792 1381 ἀνήνεγκε,
1843 1311 1935 1364 καὶ
1970 1310 2057 1364 διὰ

470 1400 568 1461 τὰς
611 1398 883 1470 ἁμαρτίας
922 1398 1102 1452 αὐτῶν
1150 1400 1442 1472 παρεδόθη.
1494 1420 1512 1452 ι
1574 1402 1669 1455 Ἐκ
1702 1401 1906 1455 τούτων
1943 1401 2056 1473 (6‘2)

463 1490 631 1558 δῆλον
660 1492 743 1544 ὅτι
774 1491 835 1543 οὐ
876 1492 1009 1560 περὶ
1047 1490 1143 1545 τοῦ
1184 1492 1314 1545 λαοῦ
1343 1492 1438 1546 τοῦ
1484 1494 1821 1564 ἀπαχθέντος
1854 1495 1913 1547 ὲν
1954 1495 2059 1547 Βα-

465 1581 673 1634 ὄυλῶνι
709 1583 739 1634 6
772 1584 1068 1655 Προφήτης
1108 1576 1293 1651 λέγει,
1318 1583 1393 1648 ῶς
1434 1602 1579 1649 τινες
1608 1586 1894 1640 ὑπέλαϐον.
1934 1587 2059 1651 Πῶς

471 1674 580 1744 γὰρ
604 1675 669 1728 ἂν
698 1676 726 1728 6
752 1674 899 1739 λαὸς,
941 1676 1049 1729 ἀπὸ
1076 1676 1183 1728 τῶν
1220 1676 1506 1747 ἁμαρτιῶν
1542 1676 1634 1730 τοῦ
1664 1676 1793 1730 λαοῦ
1818 1678 1955 1749 ἤχθη
1981 1681 2057 1742 είς

473 1767 730 1831 οἀνατον;
765 1769 797 1839 ἣ
830 1770 983 1832 ποῖος
1016 1768 1167 1833 λαὸς,
1204 1768 1301 1821 καὶ¹
1341 1768 1496 1822 ποίου
1527 1767 1693 1834 λαοῦ;
1726 1770 1835 1822 Καὶ
1866 1769 2057 1835 πάλιν,

2163 579 2307 635 dabo
2340 581 2513 636 malos
2536 596 2635 651 pro
2655 582 2936 651 sepultura
2966 586 3110 655 ejus,
3142 592 3199 640 et
3225 584 3423 640 divites
3450 600 3547 654 pro
3568 595 3744 640 morte

2164 671 2333 739 illius,
2366 675 2495 743 quia
2520 673 2863 745 iniquitatem
2898 692 3007 731 non
3050 676 3200 739 fecit,
3229 691 3405 747 neque
3440 676 3601 731 dolus
3656 677 3744 731 iri-

2162 776 2363 823 ventus
2387 773 2471 820 est
2502 765 2556 820 in
2606 781 2703 820 ore
2741 782 2840 821 suo
2866 768 2909 819 ⁵.
2944 787 2961 818 ι
2996 768 3065 822 Ει
3116 768 3279 837 paulo
3342 774 3489 839 post,
3526 784 3545 817 ι
3595 765 3733 820 Pro-

2164 863 2350 927 pterea
2405 854 2523 924 ipse
2548 855 2847 923 possidebit
2904 858 3129 919 multos,
3162 870 3217 912 et
3256 855 3480 911 fortium
3535 855 3742 910 dividet

2162 946 2361 1017 spolia,
2396 962 2497 1017 pro
2527 961 2593 1001 eo
2621 945 2769 1016 quod
2808 949 3008 1002 tradita
3050 948 3136 1003 e'st
3198 948 3262 1003 ad
3294 956 3526 1002 mortem
3561 948 3745 1001 anima

2162 1038 2283 1107 ejus
2304 1039 2565 1108 quoniam
2602 1040 2947 1110 iniquitatem
2980 1056 3091 1096 non
3139 1040 3291 1105 fecit,
3320 1048 3375 1095 et
3429 1040 3483 1095 in
3540 1040 3747 1110 iniquis

2165 1140 2447 1201 reputatus
2476 1141 2596 1186 est:
2649 1142 2705 1187 et
2756 1133 2871 1203 ipse
2897 1142 3116 1203 peccata
3150 1134 3447 1187 multorum
3495 1132 3641 1197 tulit,
3690 1140 3747 1187 et

2165 1233 2390 1295 propter
2418 1225 2743 1295 iniquitates
2797 1242 2987 1281 eorum
3025 1225 3260 1281 traditus
3288 1236 3372 1281 est
3403 1227 3442 1279 ⁸.
3480 1244 3499 1276 ι
3526 1224 3600 1278 Ex
3660 1224 3747 1278 his

2164 1324 2311 1386 patet
2339 1318 2663 1387 prophetam
2688 1333 2796 1373 non
2823 1318 2969 1387 loqui
3000 1318 3067 1372 de
3096 1317 3319 1388 populo,
3351 1317 3442 1386 qui
3486 1316 3540 1369 in
3576 1314 3748 1385 Baby-

2166 1407 2344 1460 lonem
2372 1406 2643 1462 adductus
2690 1414 2795 1467 est,
2832 1407 2973 1462 sicut
3000 1406 3253 1462 nonnulli
3289 1404 3556 1477 suspicati
3592 1412 3742 1460 sunt.

2165 1495 2452 1562 Quomodo
2506 1497 2651 1552 enim
2708 1500 2945 1568 populus
3001 1511 3222 1569 propter
3279 1506 3504 1569 peccata
3556 1496 3744 1568 populi

2165 1589 2364 1645 ductus
2387 1598 2474 1646 est
2503 1590 2571 1645 ad
2604 1600 2855 1657 mortem,
2888 1600 2984 1646 aut
3012 1593 3138 1662 quis
3172 1592 3427 1662 populus,
3458 1600 3513 1647 et
3545 1591 3617 1645 ob
3651 1606 3747 1645 cu-

2161 1682 2255 1751 jus
2290 1682 2475 1753 populi
2503 1692 2725 1753 peccata
2754 1683 2807 1737 id
2837 1698 3035 1753 passus
3061 1685 3190 1740 est?
3222 1684 3290 1737 Et
3310 1684 3530 1748 iterum,
3569 1701 3587 1735 ι
3614 1682 3749 1735 Dor-

2168 1787 2289 1826 sum
2322 1787 2501 1826 meum
2542 1770 2666 1826 dedi
2722 1771 2790 1825 ad
2849 1771 3082 1843 ﬂagella,
3133 1780 3187 1827 et
3236 1788 3408 1843 genas
3467 1787 3620 1828 meas
3676 1772 3743 1825 ad

478 1881 498 1910 ‹
533 1860 636 1913 Τὸν
660 1861 829 1915 νῶτόν
857 1879 959 1932 μου
981 1861 1157 1915 ἔδωκα
1179 1864 1258 1926 είς
1284 1863 1569 1933 μάστιγας,
1600 1862 1699 1926 τάς
1725 1863 1783 1916 δὲ
1811 1864 2065 1932 σιαγόνας

2173 1864 2378 1932 alapas,
2404 1873 2457 1918 et
2488 1862 2681 1918 faciem
2730 1879 2905 1917 meam
2937 1879 3047 1918 non
3098 1864 3269 1920 averti
3334 1880 3365 1918 a
3417 1863 3745 1919 confusione

478 1971 579 2023 μου
628 1956 709 2018 είς
758 1954 1113 2025 ῥαπίσματα,
1151 1954 1212 2008 τὸ
1255 1954 1311 2008 δὲ
1342 1953 1634 2026 πρόσωπόν
1692 1972 1792 2025 μου
1821 1954 1920 2008 οὐκ
1956 1956 2062 2009 ἀπ-

472 2046 717 2117 ἐστρεψα
759 2047 867 2100 ἀπὸ
910 2046 1173 2118 αἰσχύνης
1221 2047 1649 2118 ὲμπτυσμάτων.
1691 2065 1711 2098 ι
1749 2045 1858 2100 Καὶ
1879 2047 2060 2113 πάλιν,

481 2158 497 2186 ι
547 2139 660 2191 υύκ
686 2136 832 2208 εἶχεν
867 2134 1025 2202 εἶδος,
1066 2140 1186 2193 οὐδὲ
1214 2139 1432 2203 κάλλος,
1462 2139 1598 2193 ἀλλὰ
1638 2139 1700 2192 τὸ
1731 2134 1869 2202 εἶδος
1895 2140 2061 2194 αὐτοῦ

476 2229 691 2299 ἄτιμον,
716 2229 966 2282 ἐκλεῖπον
993 2230 1141 2300 παρά
1174 2229 1298 2291 τοὺς
1337 2229 1487 2291 υίοὺς
1528 2227 1636 2281 τῶν
1682 2227 2002 2298 ἀνθρώπων.
2038 2247 2056 2278 ι

474 2318 579 2371 Ka‘:
600 2320 761 2373 πάλιν
786 2322 815 2373 6
842 2320 1013 2374 ταῦτα
1034 2319 1224 2381 εἰπὼν,
1252 2315 1395 2382 εἷπε,
1427 2340 1445 2370 ι
1475 2318 1586 2390 Τὴν
1607 2319 1663 2371 δὲ
1679 2316 1877 2388 γενεὰν
1898 2317 2062 2373 αὐτοῦ

476 2411 559 2474 τίς
581 2412 931 2483 διηγήσεται;
978 2431 997 2465 ι
1054 2411 1238 2478 Δαόὶδ,
1291 2428 1311 2462 ι
1346 2412 1466 2465 ’Ότι
1511 2410 1829 2465 ὲκύκλωσάν
1860 2428 1927 2482 με
1965 2411 2064 2464 κύο

477 2520 565 2566 vs;
604 2503 818 2556 πολλοί·
850 2503 1139 2575 συναγωγὴ
1176 2503 1626 2575 πονηρευομένων
1648 2503 1937 2575 περιέσχον
1970 2520 2057 2574 με.

481 2593 716 2665 Ὠρυξαν
754 2595 943 2666 χεῖράς
987 2614 1126 2668 μου,
1171 2595 1265 2648 καὶ
1305 2596 1471 2658 πόδας
1516 2613 1650 2667 μουο
1685 2595 2059 2667 ἐξηρίθμησαν

474 2689 653 2742 πάντα
677 2688 745 2741 τὰ
775 2689 908 2742 όστᾶ
930 2706 1051 2759 μου.
1075 2690 1239 2741 Αὐτοὶ
1263 2688 1317 2742 δὲ
1345 2688 1698 2759 κατενόησαν,
1730 2688 1825 2742 καὶ
1848 2688 2059 2742 ἐπεῖδόν

481 2798 575 2850 με⁸
606 2780 980 2852 διεμερίσαντο
1012 2781 1080 2835 τὰ
1108 2781 1299 2851 ἱμάτιά
1331 2798 1430 2851 μου
1468 2781 1699 2846 ἑαυτοῖς,
1733 2781 1827 2833 καὶ
1853 2782 1945 2833 ἐπὶ
1967 2782 2059 2834 τὸν

475 2873 769 2944 ἱματισμόν
811 2890 913 2943 μου
961 2873 1152 2928 έόαλον
1199 2873 1420 2945 κλῆρον.
1454 2891 1472 2923 ι
1530 2873 1814 2945 Ἱερεμίας,
1853 2894 1871 2926 ι
1920 2874 2061 2942 Ἐγὼ

474 2964 531 3017 δὲ
581 2964 657 3029 ὡς
708 2965 890 3037 ἀρνίον
941 2966 1148 3021 ἄκακον
1203 2966 1472 3037 ἀγόμενον
1516 2967 1609 3021 τοῦ
1659 2966 1913 3029 θύεσθαι,
1961 2969 2061 3021 οὐκ

478 3054 665 3123 ἔγνων.
704 3077 721 3108 ι
759 3058 867 3111 Καὶ
888 3057 1069 3123 πάλιν,
1118 3075 1137 3108 ι
1176 3058 1362 3121 Δεῦτε,
1402 3059 1496 3113 καὶ
1520 3057 1877 3130 ὲμϐἀλλωμεν
1909 3057 2062 3124 ξύλον

477 3150 557 3212 εἰς
582 3148 671 3201 τὸν
709 3149 870 3218 ἄρτον
898 3149 1062 3204 αὐτοῦ
1089 3166 1102 3178 ·
1126 3151 1222 3204 καὶ
1248 3151 1595 3222 ἐκτρίψωμεν
1631 3151 1792 3204 αὐτὸν
1819 3152 1927 3204 ἀπὸ
1952 3151 2063 3203 τῶν

478 3237 694 3301 ζώντων
721 3217 853 3308 (ea),
879 3239 973 3294 καὶ
997 3241 1058 3293 τὸ
1080 3240 1251 3311 ὄνομα
1273 3217 1438 3295 αὐτού
1458 3217 1520 3294 ού
1556 3242 1630 3312 μὴ
1664 3241 1879 3312 μνησθῇ
1908 3242 2008 3296 ἔτι.
2040 3261 2058 3295 ι
2093 3217 2139 3277 α

479 3328 773 3400 Ζαχαρίας,
812 3350 830 3381 ι
870 3331 981 3385 Kal.
1028 3331 1221 3385 ἔλαϐον
1266 3332 1334 3385 τὰ
1357 3332 1651 3401 τριάκοντα
1692 3333 1933 3404 ἀργύρια
1966 3334 2065 3404 τὴν

478 3421 646 3491 τιμὴν
694 3421 789 3474 τοῦ
830 3423 1227 3493 τετιμημένου,
1277 3422 1337 3476 ὃν
1382 3425 1716 3495 ἐτιμήσαντο
1764 3424 1873 3477 ἀπὸ
1932 3426 2064 3478 υἱῶν

496 3511 709 3582 Ἰσραήλ
728 3531 741 3543 ο
777 3512 871 3565 καὶ
913 3513 1117 3567 ἔδωκαν
1169 3515 1310 3568 αύτά
1341 3517 1421 3579 είς
1444 3515 1536 3569 τὸν
1565 3515 1735 3587 ἀγρὸν
1766 3515 1861 3569 τοῦ
1900 3534 2063 3587 κερα-

485 3612 651 3673 μέως,
693 3604 831 3658 καθά
858 3604 1117 3673 συνέταξέ
1146 3624 1236 3677 μοι
1262 3607 1486 3679 Κύριος.
1524 3626 1543 3658 ι

477 3738 554 3792 Ζ’.
592 3738 730 3807 Περὶ
770 3740 878 3794 τοῦ
931 3740 1233 3808 σταυροῦ,
1276 3739 1371 3795 καὶ
1422 3740 1527 3794 τοῦ
1554 3739 1878 3811 γενομένου
1920 3742 2066 3794 σκό-

1189 3828 1357 3877 τους.

558 3963 577 3996 ι
615 3944 725 4016 (64)
762 3944 1000 4015 Ὅψεσθε
1042 3946 1144 4018 τὴν
1192 3944 1336 4017 ζωὴν
1366 3945 1522 4017 ὑμῶν
1576 3944 1934 4017 κρεμαμένην
1963 3946 2068 3999 ἀπ-

482 4038 667 4091 έναντι
702 4036 813 4090 τῶν
845 4036 1143 4108 ὀφθαλμῶν
1171 4037 1347 4108 ὑμῶν,
1384 4038 1479 4091 καὶ
1510 4039 1570 4091 οὺ
1614 4038 1688 4109 μὴ
1715 4037 2064 4107 πιστεύσητε,

483 4130 577 4181 ὲάν
603 4147 686 4193 τις
716 4129 1046 4201 ἐκδιηγεῖται
1076 4130 1223 4200 ὑμῖν.
1253 4129 1327 4182 Τὸ
1354 4128 1498 4201 πρωῒ
1524 4131 1689 4201 ἐρεῖς
1712 4129 1836 4193 Πῶς
1852 4129 2068 4198 ἐγένετο

484 4222 715 4291 ἑσπέρα;
732 4222 825 4274 καὶ
847 4221 905 4274 τὸ
922 4222 1178 4295 ἑσπέρας·
1209 4221 1331 4285 Πῶς
1351 4221 1571 4290 ἐγένετο
1586 4223 1767 4291 πρωῖς
1803 4241 1821 4273 ι
1862 4220 2063 4291 Ἀμὼς,

491 4329 509 4360 ι
539 4312 645 4363 Kal.
670 4309 822 4364 ἔσται
855 4312 912 4364 ὲν
938 4313 1005 4383 τῇ
1028 4310 1212 4382 ἡμέρᾳ
1233 4310 1439 4381 ἐκείνῃ,
1466 4310 1613 4379 λέγει
1642 4309 1846 4381 Κύριος
1867 4312 1895 4364 6
1913 4309 2066 4375 Θεὸς,

484 4402 714 4456 Δύσεται
768 4405 800 4456 6
840 4402 992 4475 ἥλιος
1040 4403 1424 4475 μεσημϐρίας,
1483 4404 1577 4457 καὶ
1631 4403 1957 4457 συσκοτάσει
2011 4404 2070 4455 ὲν

485 4496 668 4566 ἡμέρᾳ
696 4494 759 4548 τὸ
790 4494 927 4563 φῶς.
969 4512 990 4546 ι
1033 4494 1325 4566 Ἱερεμίας,
1357 4512 1377 4546 ι
1428 4493 1718 4547 Ἐπέδυσεν
1748 4495 1777 4546 6
1804 4493 1955 4564 ἣλιος
1988 4492 2069 4546 ἔτι

2165 1962 2447 2024 sputorum
2479 1955 2519 2010 ".
2562 1974 2581 2007 ι
2616 1954 2679 2008 Ει
2708 1970 2927 2020 rursus,
2968 1974 2986 2007 ι
3018 1954 3138 2011 Νοη
3197 1956 3432 2010 habebat
3486 1956 3747 2025 speciem,

2164 2059 2341 2115 neque
2374 2043 2650 2105 decorem.
2710 2045 2807 2100 sed
2848 2048 3061 2116 species
3115 2046 3237 2116 ejus
3293 2045 3640 2113 inhonorata,
3693 2055 3749 2102 et

2165 2136 2425 2191 deﬁciens
2452 2152 2562 2206 prm
2603 2137 2729 2193 ﬁliis
2789 2137 3141 2192 hominum".
3178 2155 3201 2190 ι
3260 2136 3326 2191 Ει
3377 2152 3573 2191 rursus
3621 2152 3747 2191 cum

2168 2225 2281 2279 haec
2310 2225 2565 2285 dixisset,
2621 2227 2716 2290 ait,
2770 2245 2788 2277 ι
2823 2226 3242 2282 Generationem
3268 2228 3391 2298 ejus
3428 2228 3556 2298 quis
3587 2244 3751 2284 enar-

2167 2317 2311 2371 rabit
2338 2317 2408 2370 "2
2449 2336 2467 2367 ‹
2509 2316 2702 2382 David,
2766 2337 2785 2369 ‹
2828 2318 3094 2384 Quoniam
3144 2319 3625 2376 circumdederunt
3664 2336 3752 2375 me

2168 2424 2330 2464 canes
2358 2409 2538 2477 multi,
2598 2410 2898 2465 concilium
2930 2411 3347 2481 malignantium
3378 2412 3595 2467 obsedit
3638 2426 3748 2467 me.

2168 2499 2446 2555 Foderunt
2471 2516 2667 2557 manus
2691 2517 2861 2567 meas,
2897 2509 2948 2556 et
2979 2503 3144 2572 pedes
3195 2518 3389 2571 meos;
3430 2503 3750 2559 dinumera-

2172 2599 2366 2645 verunt
2398 2592 2582 2646 omnia
2613 2607 2737 2648 ossa
2769 2610 2909 2649 mea.
2948 2592 3057 2665 Ipsi
3102 2610 3237 2652 vero
3260 2596 3752 2652 cousideraveruut

2170 2691 2224 2737 et
2281 2684 2639 2753 inspexerunt
2695 2701 2819 2751 me;
2886 2686 3195 2743 diviserunt
3253 2687 3359 2743 sibi
3423 2689 3750 2743 vestimenta

2174 2790 2313 2842 nea,
2343 2784 2397 2831 et
2424 2792 2587 2847 super
2618 2786 2826 2834 vestem
2855 2794 3033 2834 meam
3078 2782 3347 2836 miserunt
3382 2789 3588 2837 sortem
3619 2780 3686 2836 ιθ.
3725 2798 3745 2832 ι

2169 2866 2451 2934 Jeremias,
2493 2888 2511 2923 ι
2540 2869 2653 2941 Ego
2697 2880 2880 2926 autem
2927 2874 3084 2941 quasi
3116 2888 3287 2943 agnus
3336 2874 3604 2929 innocens
3645 2872 3747 2927 du-

2170 2969 2293 3015 ctus
2350 2961 2417 3015 ad
2479 2962 2896 3027 immolandum,
2950 2981 3057 3018 non
3089 2967 3485 3036 cognoscebam
3518 2968 3586 3020 ¹¹.
3619 2986 3637 3017 ι
3690 2966 3755 3020 Et

2169 3068 2389 3116 rursus,
2421 3072 2441 3106 ι
2485 3055 2694 3118 Venite,
2740 3067 2793 3111 et
2849 3058 3133 3111 mittamus
3192 3058 3399 3128 lignum
3456 3058 3512 3112 in
3558 3073 3753 3128 panem

2169 3144 2308 3213 ejus,
2349 3155 2404 3199 et
2450 3155 2767 3200 exteramus
2795 3162 2918 3200 eum
2979 3163 3009 3201 e
3063 3146 3395 3212 viventibus,
3449 3154 3503 3202 et
3554 3161 3752 3201 nomen

2174 3237 2293 3306 ejus
2319 3253 2426 3291 non
2449 3246 2782 3291 memoratur
2813 3238 3051 3305 amplius
3082 3238 3146 3290 ".
3188 3256 3207 3288 ι
3247 3236 3577 3299 Zacharias,
3622 3253 3642 3287 ι
3690 3235 3756 3289 Et

2174 3338 2503 3398 acceperunt
2540 3330 2763 3398 triginta
2814 3337 3103 3399 argenteos
3139 3330 3374 3399 pretium
3435 3327 3751 3397 appretiati,

2172 3438 2337 3493 quem
2380 3422 2826 3492 appretiaverunt
2863 3436 2893 3475 ει
2933 3422 3061 3476 [iliis
3116 3421 3316 3488 Israel;
3365 3428 3421 3475 et
3460 3420 3731 3475 dederunt

2172 3531 2267 3570 eos
2324 3515 2380 3568 in
2438 3529 2628 3584 agrum
2683 3513 2852 3584 ﬁguli,
2910 3513 3056 3570 sicut
3122 3513 3411 3569 constituit
3464 3514 3597 3569 mihi
3649 3512 3759 3568 Do-

2172 3610 2357 3662 minus
2380 3607 2477 3660 ¹³.›

2175 3740 2283 3795 VII.
2320 3740 2399 3796 De
2428 3758 2603 3805 cruce,
2635 3750 2685 3795 et
2716 3740 2941 3795 tenebris
2970 3756 3087 3809 qua:
3132 3740 3186 3795 in
3218 3738 3420 3795 Christi
3464 3746 3633 3793 morte
3667 3739 3754 3802 fa-

2804 3821 2907 3867 σιω
2932 3822 3075 3866 sunt.

2252 3958 2271 3990 ι
2309 3938 2581 3996 Videbitis
2607 3940 2775 3993 vitam
2809 3946 3047 3995 vestram
3069 3939 3395 4010 pendentem
3415 3946 3541 3991 ante
3564 3936 3757 3992 oculos

2173 4037 2409 4093 vestros,
2442 4037 2495 4085 et
2522 4044 2630 4084 non
2670 4027 2930 4090 credetis,
2966 4028 3011 4083 si
3045 4027 3169 4097 quis
3202 4026 3543 4081 enarraverit
3575 4025 3755 4081 vobis.

2177 4121 2333 4177 Itane
2365 4122 2517 4177 dices
2561 4139 2576 4175 :
2622 4118 2908 4187 Quomodo
2937 4118 3081 4174 facta
3110 4127 3196 4173 est
3246 4117 3513 4190 vespera?
3560 4114 3627 4169 Et
3658 4132 3758 4171 ve-

2177 4214 2358 4284 speri;
2391 4212 2674 4279 Quomodo
2707 4214 2911 4267 factum
2940 4220 3028 4267 est
3055 4226 3212 4265 mane
3246 4211 3329 4263 “‘i
3358 4229 3377 4262 ι
3406 4211 3593 4276 Amos,
3630 4227 3649 4260 ι
3690 4208 3759 4262 Et

2175 4306 2279 4361 erit
2308 4306 2361 4359 in
2387 4306 2477 4360 die
2507 4305 2619 4373 illa,
2646 4304 2781 4360 dicit
2802 4302 3068 4357 Dominus
3101 4302 3264 4366 Deus,
3289 4300 3511 4355 Occidet
3536 4301 3615 4355 sol
3638 4315 3757 4355 me-

2177 4398 2339 4462 ridie,
2385 4409 2440 4453 et
2478 4398 2937 4455 eontenebrescet
2971 4396 3025 4449 in
3071 4395 3161 4449 die
3199 4394 3290 4447 lux
3318 4394 3384 4447 ".
3418 4413 3436 4444 ι
3460 4391 3750 4459 Jeremias,

2184 4509 2202 4542 ι
2237 4488 2450 4545 Occidit
2500 4488 2605 4548 sul.
2668 4502 2794 4542 cum
2852 4486 3031 4541 adhuc
3055 4483 3269 4540 medius
3320 4482 3439 4539 dies
3460 4482 3687 4538 esset”.
3731 4499 3751 4533 ι

487 4586 764 4658 μεσούσης
802 4588 901 4657 τῆς
928 4586 1161 4659 ἡμέρας.
1200 4607 1220 4639 ι
1267 4586 1516 4648 Ἡσαΐας,
1549 4604 1568 4637 ι
1608 4586 1775 4655 Ὅλην
1799 4584 1897 4656 τὴν
1935 4584 2065 4656 ὴμέ-

2176 4582 2367 4647 lsaias,
2402 4599 2421 4633 ι
2455 4579 2593 4635 Tota
2623 4579 2713 4634 die
2746 4578 2983 4649 evpandi
3013 4592 3209 4633 manus
3227 4590 3376 4631 meas
3392 4574 3460 4630 ad
3493 4574 3754 4645 populum

488 4696 588 4750 ραν
653 4679 949 4733 διεπέτασα
1001 4680 1101 4743 τὰς
1162 4680 1351 4751 χεῖράς
1400 4696 1500 4748 μου
1556 4677 1693 4748 πρὸς
1736 4677 1865 4730 λαὸν
1916 4678 2070 4730 ἀντι-

486 4771 746 4840 λέγοντα,
792 4773 886 4825 καὶ
926 4771 1271 4825 ἀπειθοῦντα.
1316 4790 1335 4823 ι
1379 4771 1490 4824 Καὶ
1539 4770 1737 4835 πάλιν,
1796 4788 1815 4820 ι
1867 4771 2069 4840 Ἀρατε

486 4863 769 4932 σύσσημον
828 4864 908 4925 είς
953 4864 1021 4916 τὰ
1065 4862 1213 4933 ἔθνη.
1258 4882 1276 4914 ι
1317 4862 1423 4916 Καὶ
1478 4862 1661 4925 πάλιν,
1721 4881 1738 4912 ι
1778 4861 1889 4915 Kal.
1945 4862 2069 4914 τότε

490 4956 657 5007 ταῦτα
708 4953 1224 5023 συντελεσθήσεται,
1273 4954 1421 5023 λέγει
1470 4954 1694 5025 Κύριος,
1743 4954 1872 5006 ὅταν
1912 4952 2069 5017 ξύλον

484 5043 658 5111 ξύλων
697 5044 888 5116 κλιθῇ,
942 5045 1037 5099 καὶ
1090 5046 1327 5117 ἀναστῇ,
1363 5047 1456 5099 καὶ
1483 5047 1609 5099 ὅταν
1642 5047 1704 5097 ὲκ
1736 5044 1892 5111 ξύλου
1930 5040 2069 5115 αἷμα

557 5203 580 5235 ⁸
614 5204 715 5258 lsa.
750 5218 872 5268 Litt,
909 5203 1027 5257 4ος).
1106 5203 1246 5258 ‘lsa.
1280 5220 1398 5266 LIII,
1434 5205 1517 5257 12.
1620 5206 1639 5235 "
1665 5205 1765 5259 lsa.
1804 5221 1855 5265 ι,
1891 5204 1945 5259 6.

2021 5206 2042 5237 ⁸
2070 5204 2169 5260 lsa.
2203 5223 2322 5267 Litt,
2352 5207 2408 5260 2.

2177 4674 2550 4736 incredulum,
2602 4681 2658 4728 et
2703 4670 3177 4727 contradicentem
3206 4668 3298 4745 _".
3336 4686 3355 4719 ι
3422 4666 3490 4720 Et
3536 4681 3756 4729 rursus,

2183 4785 2203 4818 ι
2244 4766 2441 4821 Levate
2467 4767 2680 4830 signum
2707 4767 2759 4820 in
2778 4772 2970 4835 gentes
2997 4763 3066 4816 ".
3105 4780 3123 4813 ι
3152 4762 3216 4816 Et
3238 4776 3455 4823 rursus,
3485 4779 3504 4810 ι
3530 4758 3595 4811 Et
3626 4767 3759 4812 tunc

2175 4858 2289 4912 hzec
2303 4855 2993 4919 consunnuabunturalicit
3014 4853 3300 4914 Dominus,
3317 4851 3537 4922 quando
3552 4851 3757 4919 lignum

2182 4948 2452 5018 lignorum
2480 4948 2774 5002 inclinatus
2810 4946 2990 5011 fuerit,
3008 4953 3065 4999 et
3110 4954 3378 5014 resurget,
3411 4951 3466 4997 et
3489 4940 3759 5012 quandoe

2176 5040 2324 5111 ligno
2346 5041 2568 5109 sanguis
2595 5039 2881 5095 distillabit
2904 5039 2964 5091 ".
2980 5035 3434 5100 :Zacharias,¢l:lt
3450 5036 3577 5098 erit,
3600 5035 3657 5089 in
3672 5034 3760 5088 die

2519 5205 2692 5261 “ibid.
2726 5206 2779 5259 8.
2895 5206 2937 5236 ¹⁰
2962 5204 3105 5259 Psal.
3144 5218 3259 5264 xxi,
3295 5202 3477 5255 1749,
3578 5202 3616 5232 “
3643 5199 3756 5254 Jer.

488 5291 565 5332 xu.
598 5275 679 5328 19.
761 5278 803 5305 "
828 5267 961 5329 ibid.
1012 5275 1055 5310 ³³
1078 5274 1243 5329 Zach.
1274 5292 1349 5335 xu,
1386 5276 1484 5338 ης
1524 5274 1712 5328 Matth.
1761 5291 1930 5334 xxv“,
1966 5276 2056 5331 10.
2137 5278 2351 5333 “Deut.
2386 5293 2579 5343 xxvm,
2612 5278 2704 5339 liti,
2740 5276 2828 5331 67.
2874 5277 3109 5329 “Amos
3138 5290 3254 5339 vm,
3280 5274 3333 5327 9.
3382 5267 3553 5326 "Jer.
3592 5274 3755 5335 xv,9.

490 5347 531 5376 ¹⁷
553 5344 657 5398 Isa.
688 5362 814 5408 ων,
850 5345 906 5409 ‘2,
932 5345 1015 5399 12.
1100 5348 1265 5401 “'lsa.
1290 5362 1424 5408 Lxli,
1452 5347 1539 5401 lt).
1620 5346 1660 5377 ¹⁹
1686 5345 1851 5399 Zach.
1882 5362 1994 5412 xuv,
2032 5348 2087 5413 6,
2116 5348 2167 5402 7.

564 5483 677 5551 (6|)
699 5480 963 5551 Verbum,
990 5479 1213 5551 εὑρέθη,
1242 5480 1398 5535 deest
1429 5480 1482 5534 in
1506 5479 1749 5551 editione
1792 5478 1932 5533 LXX
1982 5480 2067 5532 lu-

495 5550 817 5621 tei-prelum,
875 5550 971 5606 sed
1022 5550 1256 5621 habetur
1301 5551 1446 5621 apud
1497 5550 1795 5611 Justinum,
1838 5561 1891 5604 et
1922 5552 2066 5619 apud

496 5620 653 5684 aiios,
685 5638 825 5689 quos
857 5623 1045 5676 laudat
1096 5620 1346 5676 Nobilius
1376 5622 1429 5675 in
1471 5625 1639 5683 notis,
1690 5622 1892 5690 quibus
1932 5623 2071 5677 adde

496 5692 897 5747 'l‘ertullianun‘i
922 5693 1187 5746 Adversus
1209 5691 1455 5756 Judwos,
1479 5708 1600 5763 cap.
1632 5691 1720 5747 10.

573 5765 682 5829 (6:2)
713 5763 895 5818 Codex
933 5763 1232 5830 antiquior,
1268 5766 1332 5816 ἐκ
1348 5762 1561 5816 τούτους

572 5836 684 5901 (6:2)
724 5834 903 5890 Editio
935 5833 1076 5888 LXX
1096 5835 1327 5905 lnterpr.
1375 5834 1485 5889 ἀπὸ
1513 5835 1615 5905 γῆς
1645 5830 1882 5899 ζώντων,
1903 5844 2070 5901 quam

2174 5484 2462 5540 lectionem
2489 5490 2798 5552 sequuntur
2833 5479 3089 5536 Justinus
3119 5480 3173 5533 in
3196 5478 3427 5552 ΔΒὶιιίοςι.
3461 5494 3580 5531 cum
3623 5477 3756 5552 Try-

2175 5556 2363 5623 phoue,
2427 5548 2706 5623 pag-9.99,
2737 5552 3129 5623 Tertullianus,
3184 5548 3493 5623 Cyprianus
3540 5557 3599 5623 et
3634 5551 3754 5623 alii.

2252 5626 2362 5688 (64)
2396 5618 2619 5679 Diversa
2650 5634 2732 5677 est
2758 5624 2922 5691 hujus
2965 5622 3067 5675 loci
3096 5618 3399 5691 lectio’tam
3437 5622 3489 5673 in
3515 5618 3756 5691 editione

2179 5693 2321 5748 LXX
2358 5695 2743 5764 Inter-prelum,
2804 5688 2966 5765 quam
2996 5692 3139 5764 apud
3186 5688 3493 5758 Jusu‘num,
3537 5688 3701 5743 ’ἴω-ιι
3729 5718 3754 5730 -

2179 5767 2384 5822 liauum
2416 5775 2469 5822 et
2498 5766 2657 5822 alios.
