4096 6354
460 336 577 399 .217

1521 338 1939 397 TESTIMONIA
1982 336 2361 399 ADVERSUS
2396 338 2711 397 JUDJEOS.

3655 339 3764 396 218

460 453 692 529 ,ὑγιάσει
730 454 880 528 ἡμᾶς
922 457 1063 529 μετὰ
1107 456 1202 512 δύο
1252 459 1507 531 ἡμέραςο
1560 460 1620 514 ἐν
1663 462 1731 531 τῇ
1765 460 1952 533 ἡμέρα
1989 461 2057 531 τῇ

2177 459 2333 517 faciet
2381 467 2507 532 post
2556 460 2677 519 dies
2729 459 2900 526 duos;
2944 458 3002 514 in
3045 456 3136 514 die
3191 455 3362 512 tertio
3400 469 3763 526 resurgemus

459 545 635 623 spira
661 547 1081 621 άναστησόμεθα
1121 551 1354 606 ἐνώπιον
1382 550 1572 617 αὑτοῦ,
1592 554 1689 606 καὶ
1712 551 2065 623 γνωσόμεθα,

477 638 756 712 διώξωμεν
794 641 891 697 τοῦ
921 643 1125 712 γνῶναι
1168 644 1261 699 τὸν
1306 645 1510 719 Κύριον
1543 648 1696 717 (75),
1738 638 1815 712 ὡς
1869 645 2068 717 ὄρθρον

474 731 697 804 ἕτοιμον
734 732 1040 807 εὑρήσομεν
1069 736 1184 808 (74)
1226 738 1409 795 αὐτόν.
1451 758 1470 791 ι
1527 739 1715 804 Δαδὶδ,
1755 756 1774 790 ‹
1819 738 1942 793 ’Ότι
1968 739 2070 791 οὐκ

477 824 891 896 ἐγκαταλείψεις
924 828 1024 899 τήν
1050 826 1232 901 ψυχήν
1265 847 1367 900 μου
1415 830 1497 893 εἰς
1541 829 1696 902 ᾅδην,
1724 829 1846 884 οὐδὲ
1876 829 2069 903 δῴσεις

476 914 571 971 τὸν
597 918 744 973 ὅσιόν
774 937 867 973 σου
900 920 1028 975 ἰδεῖν
1058 922 1375 995 διαφθοράν.
1410 944 1431 977 ι
1468 922 1576 977 Καὶ
1616 923 1801 987 πάλιν,
1841 941 1861 974 ι
1910 922 2068 990 Ἐγε·

478 1009 653 1084 νήθην
690 1012 822 1068 ὡσεὶ
873 1012 1161 1087 ἄνθρωπος
1199 1016 1524 1089 ἀϐοήθητος,
1559 1017 1618 1070 ἐν
1651 1013 2069 1088 νεκροῖς.ἐλεύ·

479 1101 657 1175 θερος.
700 1124 720 1160 ι
754 1107 852 1172 Τίς
889 1106 948 1160 δὲ
993 1108 1279 1182 ἐλεύθερος
1325 1109 1590 1177 θανάτου,
1645 1111 1694 1163 εἱ
1730 1108 1806 1181 μὴ
1834 1111 1864 1163 ό
1901 1107 2069 1173 Θεόςῖ

480 1194 676 1266 Γέγονε
702 1198 819 1271 γάρ
846 1198 983 1253 ὡσεὶ
1026 1199 1316 1273 ἄνθρωπος
1353 1194 1693 1273 ἀϐοήθητος,
1724 1198 2071 1262 ταπεινώσας

479 1285 579 1358 τήν
646 1288 842 1344 ἑαυτοῦ
913 1293 1095 1364 σάρκα
1152 1291 1314 1365 μέχρι
1371 1290 1602 1347 θανάτου
1621 1331 1639 1357 ,
1713 1290 1951 1346 θανάτου
2014 1288 2070 1343 δὲ

482 1382 742 1453 σταυροῦ.
788 1384 1040 1452 Ἡσαΐας,
1077 1404 1097 1438 ι
1149 1387 1282 1441 Ἰδοὺ
1313 1386 1429 1458 (75)
1451 1386 1643 1457 τίθημι
1668 1386 1726 1438 ὲν
1757 1384 1898 1439 Σιὼν
1924 1382 2071 1437 λίθον

480 1473 898 1546 ἀκρογωνιαῖον,
923 1479 1199 1546 ἐκλεκτὸν,
1228 1479 1446 1551 ἔντιμον
1467 1496 1484 1513 θ
1516 1480 1614 1534 καὶ
1636 1480 1667 1532 ό
1697 1475 1968 1532 πιστεύων
1991 1477 2072 1539 εἰς

482 1566 647 1621 αὐτὸν
667 1569 729 1623 ού
760 1572 1314 1644 καταισχυνθήσεται.
1341 1591 1361 1625 ι
1384 1572 1585 1643 Γέγονε
1612 1571 1723 1644 γὰρ
1750 1589 1769 1621 «
1801 1571 1880 1634 εἰς
1903 1586 2073 1640 κεφα-

481 1656 582 1728 λὴν
609 1661 831 1726 γωνίας,
862 1682 880 1714 ι
909 1663 1101 1736 ἑτέρας
1123 1663 1327 1736 δηλαδὴ
1353 1663 1643 1736 οἰκοδομῆς
1665 1662 1778 1735 (76)
1803 1664 1902 1735 τῆς
1929 1661 2071 1715 κατὰ

483 1750 582 1822 τὴν
624 1752 973 1826 Ἐκκλησίαν,
988 1757 1112 1828 ἥτις
1134 1757 1249 1811 ἐστὶ
1276 1757 1391 1830 (77)
1425 1755 1715 1829 θαυμαστὴ
1743 1756 1838 1812 ἐπὶ
1872 1753 2071 1825 ὀφθαλ-

488 1845 611 1913 μοῖς
638 1845 818 1917 ήμῶν.

875 1939 953 1995 Θ’.
994 1941 1132 2011 Περὶ
1158 1943 1270 2013 τῆς
1301 1943 1687 2013 ἀναλήψεως.

553 2029 739 2094 Δαϐὶδ,
774 2050 795 2084 ι
830 2033 1025 2107 Ἀνέϐη
1068 2038 1097 2089 ὁ
1124 2036 1256 2100 Θεὸς
1302 2039 1359 2090 ἐν
1400 2035 1725 2107 ἀλαλαγμῷ,
1762 2033 1964 2103 Κύριος
2017 2033 2075 2085 ὲν

483 2125 635 2195 φωνῇ
677 2124 997 2196 σάλπιγγος.
1035 2148 1054 2180 ι
1091 2130 1213 2182 Ὅτι
1255 2129 1310 2183 δὲ
1340 2130 1469 2202 περὶ
1501 2129 1597 2185 τοῦ
1632 2129 1886 2199 Σωτῆρος
1915 2125 2074 2196 ἡμῶν

482 2215 754 2282 λέλεκται,
772 2219 972 2290 Δανιὴλ
984 2220 1154 2290 λέγει,
1173 2241 1193 2273 ι
1231 2222 1549 2294 Ἐθεώρουν,
1573 2241 1591 2273 ι
1612 2223 1766 2293 φησὶ,
1791 2240 1810 2273 ι
1839 2220 1933 2274 καὶ
1963 2218 2073 2271 ἰδοὺ

489 2305 669 2377 θρόνοι
714 2309 999 2383 ἐτέθησαν,
1057 2312 1152 2365 καὶ
1194 2312 1428 2376 Παλαιὸς
1481 2311 1705 2384 ἡμερῶν
1750 2310 2007 2380 ἐκάθητο.
2049 2327 2069 2360 ι

488 2397 592 2453 Καὶ
639 2400 779 2471 μετά
819 2419 963 2467 τινα,
1015 2421 1035 2453 ι
1074 2402 1181 2457 Καὶ
1212 2404 1320 2458 ἰδοὺ
1364 2403 1504 2474 μετὰ
1548 2402 1658 2457 τῶν
1707 2401 1949 2473 νεφελῶν
1980 2399 2073 2453 τοῦ

487 2493 741 2560 ούρανοῦ,
774 2493 850 2558 ὡς
875 2495 1004 2559 Υἱὸς
1027 2495 1318 2568 ἀνθρώπου
1346 2498 1641 2569 ἐρχόμενος
1664 2513 1679 2529 ο
1712 2497 1808 2550 καὶ
1840 2495 1947 2559 ἕως
1978 2494 2074 2548 τοῦ

489 2584 726 2639 Παλαιοῦ
766 2585 874 2639 τῶν
913 2586 1138 2659 ἡμερῶν
1185 2586 1408 2656 ἔφθασε,
1456 2588 1553 2642 καὶ
1609 2586 1893 2659 προσήχθη
1936 2587 2072 2659 (78)·

485 2677 637 2748 αὐτῷ
662 2678 821 2750 ἐδόθη
850 2681 884 2751 ὴ
917 2679 1073 2751 τιμὴ,
1096 2679 1192 2733 καὶ
1216 2681 1250 2751 ἡ
1274 2679 1437 2750 ἁρχὴ.
1466 2679 1561 2732 καὶ
1586 2681 1620 2749 ἡ
1655 2678 1935 2749 βασιλεία’
1983 2678 2077 2731 καὶ

486 2770 688 2835 πάντες
731 2773 782 2825 οἱ
826 2772 978 2839 λαοὶ,
1017 2772 1213 2843 φυλαὶ,
1249 2773 1345 2826 καὶ
1399 2773 1641 2842 γλῶσσαι
1694 2770 2076 2826 δουλεύσουσιν

486 2861 667 2932 αύτῷ*
706 2863 739 2934 ή
785 2863 1004 2929 ἐξουσία
1054 2861 1258 2928 αὑτοῦ,
1298 2862 1515 2928 ἐξουσία
1568 2861 1817 2927 αἰώνιος.
1848 2861 1972 2932 ἥτις
2013 2860 2074 2912 ού

489 2954 853 3027 παρελεύσει,
908 2955 1003 3008 καὶ
1032 2956 1067 3025 ή
1117 2954 1363 3025 βασιλεία
1393 2951 1557 3007 αὐτοῦ
1596 2953 1659 3005 ού
1707 2953 2076 3022 διαερθαρήσε⁴

490 3063 601 3101 ται.
633 3065 652 3098 ι
680 3045 786 3101 Καὶ
805 3046 1037 3118 ἀλλαχοῦ
1058 3046 1245 3110 Δαϐὶδ,
1271 3065 1290 3098 ι
1320 3043 1489 3100 Εἶπεν
1516 3047 1543 3099 ὁ
1565 3045 1765 3116 Κύριος
1784 3044 1863 3115 τῷ
1886 3042 2077 3115 Κυρίῳ

2167 565 2352 606 coram
2382 565 2471 616 eo,
2508 559 2564 606 et
2590 551 2851 607 sciemus.
2903 548 3308 620 Pcrsequamur
3340 557 3400 602 ut
3449 562 3761 617 cognosca—

2169 659 2293 699 mtts
2338 641 2652 705 Dominum,
2701 643 2860 714 quasi
2908 658 3071 698 mane
3119 652 3374 710 paratum
3416 640 3762 694 inveniemus

2168 750 2292 789 eum
2339 737 2407 788 ".
2447 755 2467 790 ι
2523 734 2715 800 David,
2753 754 2770 785 ι
2810 736 3083 803 Quoniam
3112 749 3224 789 non
3252 734 3609 805 derelinques
3648 731 3767 785 ani-

2169 843 2315 883 mam
2341 843 2517 885 meam
2542 828 2597 883 in
2623 827 2846 884 inferno
2875 846 2888 882 :
2925 844 3103 899 neque
3137 827 3297 885 dabis
3325 836 3583 882 sanctum
3608 835 3762 879 tuum

2167 921 2353 977 videre
2383 924 2793 992 corruptionem
2834 922 2903 975 ³⁰.
2947 940 2967 974 ι
3000 921 3062 975 Et
3085 935 3304 987 rursus,
3348 937 3369 972 ι
3399 918 3605 975 Factus
3635 932 3759 975 sum

2170 1011 2318 1067 sicut
2367 1011 2532 1066 homo
2558 1012 2679 1067 sine
2707 1011 2986 1083 adjutorio
3018 1012 3162 1067 inter
3188 1019 3437 1066 mortuos
3468 1010 3608 1065 liber
3641 1008 3708 1062 ³³.
3738 1026 3757 1058 ι

2170 1106 2309 1175 Quis
2349 1120 2480 1161 vero
2524 1106 2664 1160 liber
2714 1120 2745 1159 a
2794 1114 2972 1161 morte
3014 1104 3123 1162 nisi
3173 1104 3360 1160 Deus?
3424 1101 3628 1158 Factus
3678 1112 3765 1158 est

2170 1201 2314 1257 enim
2341 1200 2485 1255 sicut
2508 1200 2672 1255 homo
2697 1199 2903 1255 auxilio
2930 1197 3255 1264 destitutus,
3285 1212 3416 1254 cum
3451 1196 3764 1252 humiliavit

2172 1308 2393 1349 carnem
2444 1307 2601 1349 suam
2652 1307 2829 1360 usque
2885 1292 2954 1347 ad
2989 1299 3247 1356 mortem,
3293 1298 3533 1344 mortem
3577 1294 3761 1351 autem

2171 1386 2379 1441 crucis.
2429 1382 2629 1455 Isaias,
2684 1402 2704 1437 ι
2742 1384 2887 1439 Ecce
2925 1399 3028 1455 ego
3062 1382 3206 1456 pono
3252 1382 3310 1438 in
3348 1381 3483 1437 Sion
3527 1378 3763 1450 lapidem

2172 1492 2448 1535 summum
2471 1477 2814 1548 angularem,
2842 1475 3103 1538 electum,
3129 1473 3549 1540 honorabilem;
3584 1478 3640 1527 et
3667 1470 3764 1541 qui

2172 1570 2472 1627 crediderit
2521 1570 2580 1626 in
2613 1584 2764 1633 eum,
2817 1584 2925 1622 non
2957 1567 3331 1623 confundetur
3369 1565 3437 1619 ”.
3476 1584 3498 1617 ι
3534 1562 3764 1618 Factum

2172 1671 2260 1720 est
2302 1664 2449 1719 enim
2489 1681 2508 1715 ι
2537 1664 2591 1717 in
2643 1669 2810 1735 caput
2851 1662 3038 1733 anguli
3090 1660 3136 1691 ³³
3176 1679 3225 1723 ι,
3257 1658 3487 1714 alterius
3509 1656 3766 1712 videlicet

2174 1758 2393 1816 aedilicii
2425 1757 2719 1815 Ecclesiae
2776 1772 2900 1828 qua:
2954 1763 3042 1812 est
3112 1754 3390 1811 mirabilis
3466 1752 3525 1807 in
3586 1749 3766 1809 oculis

2177 1853 2408 1908 nostris.

2669 1939 2760 1995 1X.
2804 1939 2885 1995 De
2923 1940 3262 1996 Ascensione.

2244 2035 2441 2100 David,
2498 2053 2515 2085 ι
2557 2034 2824 2089 Ascendit
2859 2033 3025 2089 Deus‘
3052 2030 3110 2087 in
3147 2030 3352 2102 jubilo,
3404 2027 3671 2083 Dominus
3709 2023 3764 2079 in

2175 2144 2309 2183 voce
2348 2130 2494 2183 tuba:
2534 2129 2604 2184 3“.
2640 2147 2658 2178 ι
2716 2125 2844 2182 llzec
2889 2133 3073 2181 autent
3123 2126 3192 2182 de
3251 2123 3545 2178 Salvatore
3576 2132 3770 2175 nostro

2175 2224 2372 2286 asseri,
2416 2237 2479 2277 ex
2517 2236 2584 2275 eo
2610 2221 2913 2290 colligitur,
2947 2219 3096 2289 quod
3142 2217 3332 2271 Daniel
3359 2214 3533 2280 dicat,
3569 2232 3589 2264 ‹
3629 2210 3769 2265 Ecce

2141 2314 2360 2375 .throni
2406 2313 2568 2384 positi
2620 2320 2772 2373 sunt,
2803 2321 2859 2367 et
2901 2311 3179 2381 Antiquus
3218 2308 3431 2363 dierum
3474 2304 3617 2361 sedit
3647 2305 3712 2356 ³⁵.
3745 2324 3764 2356 ι

2178 2401 2242 2455 Et
2278 2403 2438 2472 paulo
2487 2410 2629 2472 post,
2680 2421 2698 2452 ι
2741 2399 2808 2455 Et
2839 2415 2969 2456 ecce
3000 2417 3125 2455 cum
3163 2400 3408 2455 nubibus
3451 2397 3577 2453 cudi
3609 2394 3769 2466 quasi

2176 2493 2350 2549 Filius
2395 2493 2641 2548 hominis
2686 2494 2950 2556 veniens,
3004 2503 3059 2546 et
3123 2508 3299 2562 usque
3349 2491 3413 2544 ad
3468 2490 3769 2561 Antiquum

2180 2585 2396 2641 dierum
2437 2585 2687 2656 pervenit
2742 2594 2797 2639 et
2841 2585 3115 2639 adductus
3164 2595 3267 2640 est.
3302 2585 3408 2655 Ipsi
3467 2584 3631 2639 datus
3684 2591 3771 2636 est

2179 2680 2372 2744 honor,
2411 2676 2785 2749 principatus,
2820 2684 2877 2731 et
2917 2692 3169 2747 regnum,
3221 2685 3274 2727 et
3326 2690 3517 2729 omnes
3558 2672 3767 2744 populi,

2179 2771 2376 2835 tribus,
2423 2780 2479 2825 et
2527 2773 2724 2840 lingua:
2757 2770 2865 2840 ipsi
2903 2769 3167 2823 servient.
3217 2766 3469 2821 Potestas
3501 2767 3644 2834 ejus.
3678 2781 3771 2834 po-

2181 2869 2349 2915 testas
2367 2860 2730 2930 sempiterna,
2754 2876 2880 2930 quae
2912 2875 3019 2913 non
3047 2858 3435 2930 pertransibit:
3457 2867 3511 2912 et
3543 2872 3770 2928 regnum

2176 2953 2297 3022 ejus
2321 2969 2429 3007 non
2457 2960 2844 3023 corrumpetur
2864 2952 2932 3007 ³⁸.
2973 2970 2991 3003 ι
3033 2951 3096 3004 Εῑ
3121 2950 3327 3005 alicubi
3351 2949 3542 3011 David,
3576 2968 3593 2999 ι
3624 2948 3772 3000 Dixit
3860 3020 3865 3025 .

2181 3045 2443 3100 Dominus
2475 3045 2705 3098 Domino
2737 3059 2895 3098 meo:
2926 3042 3067 3098 Sede
3099 3058 3129 3096 a
3162 3043 3375 3097 dextris
3408 3043 3569 3103 meis,
3595 3041 3771 3095 donec

494 3154 618 3209 μου·
649 3137 833 3193 Κάθου
871 3137 1149 3203 ἒκ-δεξιῶν
1186 3154 1310 3208 μου,
1342 3137 1447 3201 ἓως
1484 3137 1549 3190 ἂν
1583 3136 1661 3191 θῶ
1694 3136 1820 3200 τοὺς
1850 3133 2074 3205 ἐχθρούς

2179 3151 2380 3207 ponam
2403 3136 2658 3191 inimicos
2690 3143 2817 3190 tuos
2849 3134 3150 3189 scabellum
3186 3133 3381 3203 pedum
3405 3141 3624 3187 tuorum
3654 3132 3718 3185 ³⁷.
3747 3150 3767 3183 μ

494 3244 588 3283 σου
616 3229 904 3284 ὑποπόδιον
928 3230 1037 3284 τῶν
1070 3229 1248 3283 ποδῶν
1278 3247 1394 3282 σου.
1428 3249 1447 3283 ι

701 3323 758 3376 ιν.
796 3322 940 3390 Περὶ
974 3306 1086 3390 τῆξ-
1112 3322 1303 3391 δόξης
1336 3321 1449 3388 τῆς
1488 3321 1874 3388 Ἐκκλησίας.

564 3412 748 3476 Δαῦὶδ,
804 3431 839 3471 ο.
870 3414 1122 3486 Παρεστη
1178 3416 1212 3486 ή
1263 3415 1556 3487 βασίλισσα
1607 3416 1674 3467 ἐκ
1720 3412 1911 3478 δεξιῶν
1960 3428 2075 3477 σου,

496 3504 554 3558 ὲν
598 3503 881 3575 ἱματισμῷ
931 3505 1239 3577 διαχρύσῳ,
1279 3506 1744 3578 περιϐεϐλημένη,
1795 3504 2079 3559 πεποικιλ-

496 3595 657 3668 μένη.

883 3690 987 3743 IA’.
1029 3692 1170 3758 Περὶ
1204 3690 1314 3759 τῆς
1344 3690 1684 3760 περιτομῆς.

578 3779 792 3852 Ἐροΰσι
832 3781 890 3836 δὲ
932 3781 1131 3847 πάντες
1177 3783 1228 3836 οἱ
1285 3782 1547 3846 Ἰουδαῖοι,
1593 3783 1675 3836 ὅτι
1701 3783 1764 3836 Εἰ
1800 3783 1889 3837 τὸν
1919 3781 2080 3836 αὐτὸν

492 3872 627 3928 Θεὸν
664 3873 926 3939 σέϐεσθε,
974 3874 1026 3928 τί
1058 3876 1132 3947 μὴ
1167 3875 1584 3946 περιτέμνεσθε,
1627 3875 1806 3946 ἢζῶα
1842 3876 2081 3946 προσφέ-

497 3983 619 4036 ρετε
657 3966 739 4030 ε1ς
781 3966 992 4029 θυσίαν,
1038 3966 1072 4037 ἢ
1118 3965 1499 4031 σαϐϐατίζετε,
1526 3967 1637 4021 τῶν
1668 3968 1907 4039 Γραφῶν
1948 3968 2080 4040 περὶ

495 4059 699 4114 τούτων
729 4057 1194 4131 διαγορευουσῶν;
1252 4057 1601 4113 Ἄκούσονται
1638 4055 1732 4112 οὖν
1763 4058 1900 4127 (79),
1934 4058 2016 4112 ὅτι
2044 4059 2078 4126 ἡ

496 4152 770 4224 περιτομὴ
813 4152 915 4206 οὐκ
950 4148 1020 4224 ἦν
1047 4151 1107 4216 ἐξ
1143 4151 1341 4222 ἀρχῆς,
1368 4151 1482 4205 ἀλλ’
1521 4151 1582 4203 ἑν
1625 4151 1803 4222 χρόνῳ
1840 4150 2078 4219 ἐγένετο,

497 4242 574 4306 ὡς
601 4243 698 4297 καὶ
737 4245 797 4297 ὲν
822 4243 998 4315 χρόνῳ
1023 4242 1343 4314 παυσομὲνη
1365 4261 1379 4274 ·
1403 4242 1616 4306 ἔπειτα,
1644 4244 1727 4296 ὅτι
1750 4245 1783 4296 ὁ
1811 4243 1943 4307 Θεὸς
1965 4243 2081 4297 δια-

496 4332 801 4406 ταξάμενος
837 4336 948 4396 τοῖς
977 4334 1216 4406 πατράσι
1245 4334 1345 4402 τὴν
1374 4332 1699 4404 περιτομὴν,
1728 4333 1889 4396 αὐτὸς
1908 4329 2081 4396 εἶπεν,

498 4396 547 4477 ξε
570 4396 701 4480 ’1δοὺ
728 4424 929 4496 ἡμέραι
949 4396 1198 4497 ἔρχονται
1221 4396 1368 4493 λέγει
1390 4396 1612 4494 Κύριος,
1633 4396 1732 4478 ’καὶ
1755 4424 2085 4495 διαθήσομαι

498 4514 575 4585 τῷ
599 4514 736 4586 οἴκῳ
765 4515 874 4586 (80)
923 4515 1138 4587 Ἰσραὴλ
1176 4515 1440 4585 διαθήκην
1474 4514 1688 4583 καινὴν,
1720 4514 1782 4566 ού
1817 4514 1956 4567 κατὰ
1984 4513 2083 4585 τὴν

497 4605 781 4678 διαθήκην,
822 4606 889 4677 ἢν
937 4605 1192 4677 διεθέμην
1237 4608 1351 4671 τοῖς
1398 4605 1668 4676 πατράσιν
1729 4605 1907 4659 αὐτῶν
1947 4606 2081 4678 (81),

499 4699 893 4770 ἐπιλαϐομένου
929 4717 1033 4771 μου
1083 4703 1183 4770 τῆς
1227 4699 1408 4771 χειρὸς
1440 4697 1641 4764 αὐτῶν,
1671 4698 1765 4752 τοῦ
1795 4698 2084 4768 ἐξαγαγεῖν

2608 3314 2678 3370 Χ.
2729 3313 2806 3369 De
2840 3314 3018 3385 gloria
3071 3313 3349 3368 Ecclesiw.

2256 3409 2452 3474 David,
2498 3427 2516 3459 ι
2553 3408 2747 3462 Astitit
2789 3407 2978 3477 regina
3010 3423 3042 3461 ει
3088 3406 3298 3461 dextris
3329 3405 3441 3460 tuis
3489 3405 3546 3459 in
3573 3405 3774 3460 vestitu

2185 3503 2472 3567 deaurato,
2519 3500 2953 3566 cireumamicta,
3000 3499 3278 3569 variegata
3324 3497 3392 3551 ³⁸.
3432 3516 3451 3549 ι

2636 3682 2725 3737 XI.
2778 3680 2856 3736 De
2896 3681 3327 3737 circumcisione.

2258 3779 2452 3834 Dicent
2491 3783 2674 3831 autem
2706 3773 2881 3829 Judzei
2916 3789 3111 3829 omnes
3152 3793 3166 3829 :
3204 3771 3258 3828 Si
3295 3773 3549 3829 eumdem
3579 3789 3643 3829 ac
3676 3791 3778 3829 nos

2188 3872 2359 3927 Deum
2388 3866 2751 3931 veneramini,
2783 3881 2886 3921 cur
2911 3881 3021 3919 non
3054 3866 3539 3929 circumcidimini,
3567 3868 3777 3921 anima-

2183 3966 2257 4019 lia
2291 3978 2401 4018 non
2447 3959 2660 4017 olfertis
2701 3958 2767 4013 ad
2821 3958 3183 4023 sacrificium,
3212 3975 3313 4013 nec
3344 3956 3645 4014 Sabbatum
3686 3975 3776 4013 ce-

2182 4053 2443 4114 lebratis,
2489 4064 2613 4105 cum
2652 4047 2957 4118 Scriptura:
3017 4049 3086 4103 de
3153 4049 3238 4104 his
3295 4050 3458 4104 rebus
3515 4066 3780 4120 expresse

2185 4141 2507 4215 prmeipiant
2525 4141 2548 4193 ’ἓ
2574 4138 2764 4193 Sciant
2783 4139 2955 4209 igitur
2975 4140 3453 4194 circumcisionem
3479 4157 3586 4194 non
3610 4142 3782 4195 fuisse

2184 4236 2255 4290 ab
2293 4234 2472 4295 initio,
2515 4231 2615 4286 sed
2663 4238 2816 4285 certo
2865 4237 3115 4298 tempore
3151 4230 3457 4285 institutam
3492 4232 3686 4297 fuisse,
3722 4242 3781 4286 ut

2186 4342 2308 4397 qua:
2354 4324 2521 4380 etiam
2571 4329 2725 4378 certo
2782 4329 3032 4392 tempore
3081 4321 3241 4377 linem
3293 4322 3547 4377 habitura
3595 4335 3776 4389 esset;

2190 4417 2389 4475 deinde
2437 4415 2632 4482 Deum,
2680 4414 2775 4485 qui
2806 4414 3081 4484 patribus,
3131 4423 3190 4467 ut
3221 4415 3775 4480 circumciderentur,

2199 4510 2581 4573 mandaverat,
2616 4508 2793 4578 ipsum
2840 4507 3093 4561 dixisse:
3138 4526 3156 4557 ι
3198 4507 3337 4561 Ecce
3382 4507 3498 4563 dies
3527 4509 3777 4572 veniunt,

2191 4606 2269 4660 ait
2306 4603 2592 4667 Dominus,
2636 4609 2692 4655 et
2725 4598 3012 4669 disponam
3059 4597 3243 4653 domui
3277 4597 3445 4655 Israel
3487 4609 3780 4655 testamen—

2191 4707 2307 4751 tum
2360 4710 2587 4758 novum,
2615 4707 2724 4746 non
2745 4692 2901 4762 juxta
2934 4700 3321 4746 testamentum
3349 4692 3497 4761 quod
3532 4692 3783 4762 disposui

498 4791 696 4853 αὐτοὺς
724 4793 789 4846 ἐκ
816 4792 919 4864 γῆς
937 4791 1237 4860 Αἰγύπτου,
1270 4791 1353 4844 ὅτι
1386 4791 1540 4844 αὐτοὶ
1569 4790 1669 4843 ούκ
1699 4790 1980 4861 ἐνέμειναν
2016 4794 2074 4863 τῇ

2195 4789 2445 4861 patribus
2510 4801 2734 4851 eorum,
2793 4800 2920 4839 cum
2982 4785 3321 4855 apprehendi
3387 4802 3489 4853 ego
3556 4801 3778 4841 manum

498 4883 732 4957 διαθήκῃ
764 4902 889 4956 μου,
915 4884 1071 4953 κάγὼ
1100 4884 1356 4956 ἠμέλησα
1384 4881 1585 4947 αὐτῶν,
1614 4882 1762 4951 λέγει
1796 4883 2019 4954 Κύριος.
2062 4904 2074 4935 1

2192 4898 2380 4939 eorum
2437 4880 2505 4936 ad
2554 4878 2898 4935 educendum
2939 4893 3036 4933 eos
3069 4878 3136 4933 de
3173 4886 3320 4932 terra
3372 4878 3618 4950 Aigypti,
3652 4880 3785 4950 quia

432 4984 441 4989 ’
498 4977 611 5032 Καὶ
634 4977 797 5031 πάλιν
825 4977 1147 5049 αἰτιώμενος
1173 4977 1301 5041 τοὺς
1336 4975 1625 5039 Ἰουδαίους
1651 4974 1821 5044 λέγει,
1849 4994 1868 5026 ι
1902 4976 2074 5030 Πάντα

2194 4976 2299 5049 ipsi
2348 4989 2459 5029 non
2498 4978 2827 5026 manserunt
2881 4970 2935 5024 in
2991 4977 3329 5025 testamento
3386 4987 3531 5036 meo,
3578 4979 3634 5026 et
3677 4988 3787 5043 ego

572 5111 772 5168 "Osee
798 5128 851 5171 v.
889 5112 990 5178 15;
1026 5128 1100 5171 vt,
1127 5111 1243 5166 1-3.
1316 5111 1363 5141 ³⁰
1380 5110 1527 5166 Psal.
1556 5126 1648 5171 xv,
1682 5110 1769 5165 10.
1814 5176 1817 5178 _
1847 5111 1889 5142 θ’
1913 5112 2055 5168 i’sal.
2090 5127 2334 5171 LXXXVII,
2372 5108 2426 5163 6.
2503 5108 2547 5140 δ’
2570 5105 2681 5178 Ιεῆ
2708 5121 2904 5178 xan,
2940 5105 3035 5178 16,
3061 5174 3074 5178 Δ
3106 5104 3151 5136 ³³
3170 5103 3318 5162 Psal.
3363 5120 3532 5172 cxvii,
3559 5106 3653 5170 22,
3682 5108 3775 5165 98.

500 5184 547 5217 ³⁵
567 5183 714 5239 Psal.
743 5174 987 5248 χινι,6.’
1040 5182 1085 5214 ⁸⁸
1109 5181 1244 5237 Dan.
1274 5198 1371 5244 vtt,
1397 5183 1451 5239 9.
1527 5182 1572 5214 ³⁸
1604 5181 1739 5236 Dan.
1776 5176 1858 5247 l3,
1893 5183 1981 5238 14.
2055 5185 2074 5216 ³

2180 5185 2282 5240 sal.
2306 5196 2419 5243 eux,
2454 5178 2503 5233 1.
2583 5176 2629 5208 ³⁸
2651 5174 2798 5231 Psal.
2821 5191 2980 5245 λων,
3015 5174 3106 5232 10.

572 5316 686 5386 (7⁸5)
722 5316 951 5389 Siphani
989 5317 1161 5389 codex
1210 5325 1263 5371 et
1298 5316 1599 5376 Vaticanus
1652 5319 1950 5385 recentior,
1997 5322 2086 5374 ἐν-

501 5388 673 5459 ᾡπιον
706 5387 871 5442 αὑτοῦ
925 5387 1223 5459 διώξωμεν.

574 5458 688 5531 (71)
721 5460 883 5531 ped.
913 5457 1202 5531 antiquior
1228 5457 1403 5531 Yatie.
1454 5460 1551 5514 καὶ
1596 5460 1924 5531 εὑρήσομεν.

578 5528 692 5603 (75)
720 5528 778 5603 In
801 5528 1209 5603 editio‘ne'LXX
1227 5528 1477 5603 Alnterpr.
1510 5528 1727 5588 diversa
1761 5528 1893 5587 sunt
1921 5531 2089 5603 hujus

506 5598 851 5674 loci_jer_ba;
889 5600 993 5674 sed
1028 5602 1170 5674 idem
1221 5598 1335 5674 fere
1368 5598 1589 5657 sensus.
1672 5662 1681 5674 ,

722 5671 908 5727 Codex
941 5671 1195 5743 Sipbani,
1217 5678 1272 5726 et
1295 5669 1594 5729 Vaticanus
1615 5669 1909 5739 recentior,
1940 5676 2086 5728 οἰκο-

507 5756 719 5805 νομιας.
1090 5798 1095 5805 ,

576 5758 632 5792 ’.ι
706 5781 719 5794 .

574 5758 700 5881 ’(77)
730 5811 915 5870 Codex
955 5798 1254 5886 antiquior,
1302 5817 1422 5886 ἣτις
1454 5816 1546 5869 καὶ
1589 5816 1717 5869 ἔστι.

2266 5316 2379 5388 (78)
2414 5314 2473 5369 in
2506 5313 2748 5388 editione
2789 5310 2933 5388 LXX
2976 5310 3220 5388 interpr.
3278 5320 3377 5388 est_
3408 5311 3782 5388 προσηνέχθη,

2193 5381 2404 5444 obtutus
2436 5396 2549 5445 est;
2576 5384 2670 5439 sed
2704 5381 2951 5436 Nobilius
2975 5383 3028 5435 in
3058 5383 3204 5439 notis
3237 5381 3784 5454 prtefert'lectionent

2194 5475 2359 5530 quam
2399 5458 2488 5530 hic
2512 5455 2813 5530 _Nyssenus
2838 5455 3123 5530 sequitur.

2267 5530 2380 5599 (79)
2412 5523 2597 5599 Qudei
2643 5525 2938 5599 recentior,
2971 5523 3125 5599 γοῦν.

2266 5592 2380 5667 (80)
2415 5596 2598 5651 Codex
2632 5595 3032 5663 atttiqttior,,év
3074 5592 3161 5667 τῷ
3196 5594 3350 5667 οἵῃῳ.

2266 5664 2381 5741 (81)
2412 5666 2641 5741 Siphani
2668 5667 2862 5741 codex,
2885 5674 2940 5741 et
2961 5665 3235 5741 recentior
3249 5664 3574 5741 Vaticanus,
3599 5665 3777 5741 ὑμῶν.

2197 5736 2302 5794 Sed
2358 5736 2489 5795 tnox'
2534 5738 2813 5807 antiquior
2843 5736 3013 5793 codex
3049 5736 3203 5809 legit,
3246 5736 3641 5808 ἐπιλαϐόμενος
3677 5738 3779 5810 τῆς

2191 5811 2390 5882 χειρός.
