4096 6354
381 315 489 374 9J9

1663 315 1723 372 S.
1751 313 2082 373 GBEGORII
2120 311 2422 373 NYSSENI

3547 289 3664 373 eeo

382 438 600 511 neglexi
645 455 766 506 eos,
797 439 887 494 'ait
917 437 1186 496 Dominus
1215 440 1282 494 ³⁹.
1318 457 1337 492 ι
1371 440 1437 494 Et
1475 456 1671 496 rursus
1710 440 1974 496 incusans

2101 439 2148 494 τά
2179 440 2310 513 ἔθνη
2341 441 2692 514 ἀπερίτμητα
2724 411 2908 516 σαρκὶ,
2941 439 2969 495 ὁ
2990 441 3047 496 δὲ
3073 438 3199 504 λαὸς
3223 405 3376 502 οὗτος
3418 439 3486 509 τῇ
3525 455 3667 509 καρ·-

377 531 601 602 Judaeos
641 537 740 599 ait,
789 555 808 586 ι
849 535 1055 591 Omnes
1105 547 1295 607 gentes
1345 537 1745 592 incircumcisa‘.
1783 552 1974 603 carne,

381 627 620 698 populus
649 635 829 682 autem
876 629 981 683 iste
1010 628 1434 684 incircumcisus
1462 637 1546 684 cst
1580 629 1748 684 corde
1771 629 1914 684 κδ’.
1950 649 1970 682 ι

386 718 452 773 Et
486 735 706 777 rursus.
735 738 753 770 ι
786 719 1180 776 Circumcidite
1202 737 1301 777 cor
1332 733 1596 786 vestrum,
1627 728 1680 777 et
1709 737 1820 777 non
1853 737 1978 777 car-

387 826 512 866 nem
559 813 809 882 przeputii
839 812 1029 867 vestri.
1077 831 1097 864 ι
1138 810 1204 866 Et
1253 812 1475 876 iterum,
1518 831 1537 864 ‹
1573 810 1780 869 Novate
1806 813 1977 870 !vobis

387 905 628 967 novalia,
675 911 731 959 et
780 904 949 958 nolite
995 889 1181 960 serere
1227 917 1393 975 super
1450 905 1672 975 spinas;
1726 906 1820 961 sed
1865 907 1979 961 cir-

388 997 688 1051 cumcidite
729 995 989 1052 duritiam
1026 996 1212 1052 cordis
1264 997 1458 1052 vestri.
1489 1017 1508 1048 ι
1540 995 1828 1064 Jeremias,
1867 1015 1887 1050 ι
1910 996 1978 1052 Et

387 1087 770 1143 circumcidite
804 1086 915 1143 Deo
947 1088 1272 1158 praeputium
1303 1086 1488 1143 cordis
1522 1089 1711 1144 vestri.
1747 1107 1766 1140 ι
1805 1087 1979 1143 Porro

393 1195 492 1250 per
539 1180 1018 1239 circumcisionem
1072 1180 1348 1235 neminem
1398 1179 1728 1250 justiiicari,
1771 1195 1836 1235 ex
1893 1179 1978 1236 his

391 1271 746 1342 perspicuum
789 1279 906 1338 est;
962 1271 1237 1327 Abraham
1288 1271 1708 1328 incircumcisus
1772 1271 1980 1342 placuit

391 1361 538 1429 Deo;
595 1378 721 1417 nam
754 1364 907 1435 prius
938 1365 1093 1420 visus
1125 1374 1212 1420 est
1249 1371 1439 1435 gratus
1476 1372 1531 1420 et
1567 1373 1827 1435 acceptus
1867 1362 1981 1420 Deo

391 1471 538 1519 esse,
584 1465 637 1510 et
695 1463 827 1510 tunc
874 1455 1098 1511 demum
1143 1455 1248 1526 ipsi
1293 1455 1772 1512 circumcisionem
1803 1453 1976 1511 dedit.

392 1547 496 1612 Qui
527 1540 692 1601 etiam
739 1547 794 1602 in
831 1547 1056 1604 deserto
1094 1548 1459 1620 quadraginta
1499 1563 1770 1604 annorum
1801 1547 1980 1618 spatio

394 1637 507 1690 nati
540 1644 775 1703 sunt,‘et
798 1637 900 1708 ipsi
931 1637 1357 1694 circumcisione
1400 1647 1736 1704 caruerunt;
1775 1637 1980 1708 quique

391 1730 466 1784 ab
507 1729 683 1783 Adam
723 1745 900 1800 usque
941 1729 1007 1784 ad
1061 1731 1431 1786 Abrahamum
1476 1729 1588 1786 Deo
1631 1729 1978 1801 placuerunt,

2081 531 2191 603 δίᾳ.
2235 551 2254 586 ι
2322 531 2430 587 Kal.
2490 533 2698 598 πάλιν,
2747 551 2767 586 ι
2823 532 3224 604 Περιτέμνεσθε
3277 529 3376 601 τὴν
3437 527 3664 600 καρδίαν

2084 623 2261 695 ὑμῶν,
2281 625 2377 679 καὶ
2401 625 2475 697 μὴ
2489 625 2586 696 τὴν
2610 626 2788 698 σάρκα
2804 627 2903 697 τῆς
2924 622 3288 695 ἀκροϐυστίας
3304 621 3456 692 ὑμῶν
3475 618 3610 690 (8‘2).
3643 639 3660 669 ι

2085 714 2192 770 Καὶ
2235 717 2399 770 πάλιν
2439 717 2575 788 (85),
2609 736 2627 767 ‹
2660 715 2922 770 Νεώσατε
2971 717 3187 777 ἑαυτοῖς
3234 712 3528 783 νεώματα,
3573 708 3667 762 καὶ

2087 808 2163 879 μὴ
2195 809 2447 880 σπείρετε
2486 809 2576 861 ἐπ’
2609 809 2873 872 ἀκάνθαις
2906 807 3020 880 (84)
3041 823 3056 838 ’
3097 805 3234 860 ἀλλὰ
3276 803 3665 876 περιτέμνεσθε

2083 921 2145 975 τὸ
2202 922 2436 994 σκληρὸν
2485 923 2585 992 τῆς
2640 923 2869 994 καρδίας
2913 922 3088 994 ὑμῶν.
3149 941 3166 973 ι
3233 919 3498 992 Ἱερεμίας
3531 918 3666 988 (85³,

2092 1031 2110 1062 ι
2148 1010 2255 1065 Kal
2300 1012 2691 1084 περιτέμνεσθε
2745 1013 2824 1084 τῷ
2870 1013 2991 1084 Θεῷ
3021 1013 3122 1084 τὴν
3155 1011 3522 1083 ἀκροϐυστίαν
3570 1009 3669 1080 τῆς

2086 1104 2316 1176 καρδίας
2360 1105 2536 1177 ὑμῶν.
2571 1126 2590 1159 ι
2631 1108 2753 1160 Ὅτι
2783 1106 2838 1160 δὲ
2869 1107 3057 1160 οὐδένα
3086 1107 3286 1159 δικαιοῖ
3315 1107 3349 1176 ἡ
3377 1101 3668 1175 περιτομὴ,

2084 1195 2243 1267 δῆλον
2293 1198 2358 1251 ἐκ
2409 1197 2645 1252 τούτων·
2724 1199 2976 1270 Ἀϐραὰμ
3036 1197 3412 1270 ἀπερίτμητος
3473 1194 3670 1268 εὐηρέ-

2088 1305 2254 1360 στησε
2280 1289 2394 1360 (86)
2451 1291 2530 1362 τῷ
2564 1289 2714 1364 Θεῷσ
2761 1290 2978 1363 πρῶτον
3010 1290 3119 1360 γάρ
3151 1290 3305 1361 ῶφθη
3338 1289 3670 1361 εὐαρεστῶνν

2087 1382 2180 1434 καὶ
2209 1382 2330 1435 τόντε
2376 1381 2646 1454 αὐτῷτὴν
2689 1382 2989 1456 περιτομὴν
3033 1383 3235 1439 δίδωσι.
3266 1383 3377 1436 Καὶ
3408 1383 3456 1435 οἱ
3503 1381 3560 1433 ὲν
3601 1381 3669 1451 τῇ

2087 1473 2281 1545 ἐρήμῳ
2324 1473 2382 1528 δὲ
2405 1475 2786 1546 γεννηθέντες,
2817 1477 2875 1529 έν
2915 1479 3028 1541 τοῖς
3060 1475 3467 1547 τεσσαράκοντα
3497 1473 3670 1526 ἔτεσιν

2087 1564 2452 1635 ἀπερίτμητοι
2507 1560 2678 1636 ἦσαν’
2727 1567 2822 1620 καὶ
2852 1569 2900 1621 οί
2945 1567 3053 1622 ἀπὺ
3109 1565 3282 1638 Ἀδὰμ
3328 1565 3531 1636 ὁμοίως
3568 1565 3674 1628 ἕως

2100 1653 2356 1726 Ἀϐραὰμ
2391 1655 2766 1728 εὐηρέστησαν
2792 1657 2870 1728 τῷ
2899 1657 3038 1728 Θεῷ,
3079 1657 3280 1720 πάντες
3311 1657 3674 1728 ἀπερίτμητοι

2086 1741 2258 1816 ἦσαν·
2285 1747 2374 1802 διὰ
2401 1747 2512 1820 γὰρ
2540 1748 2600 1802 τὸ
2626 1749 3018 1819 ἐπιμίγνυσθαι
3041 1748 3133 1802 τὸν
3163 1748 3288 1803 λαὸν
3317 1749 3396 1812 είς
3426 1747 3494 1800 τά
3522 1746 3674 1817 ἔθνη,

396 1821 654 1876 similiter
688 1835 879 1879 omnes
915 1822 1288 1878 incircumcisi
1321 1831 1512 1889 erant;
1548 1837 1673 1876 nam
1720 1822 1848 1892 quia
1879 1837 1979 1892 po-

2101 1839 2246 1910 ἑδὸθη
2269 1841 2302 1910 ἡ
2328 1839 2620 1912 περιτομὴ,
2649 1841 2745 1894 καὶ
2777 1842 2810 1912 ἡ
2841 1843 2990 1895 αἰτία
3015 1840 3147 1913 δήλη
3175 1857 3188 1873 ο
3222 1840 3415 1910 εἴληφε
3444 1839 3554 1909 γὰρ
3577 1838 3678 1906 τὴν

397 1913 563 1983 pulus
590 1913 848 1985 gentibus
879 1913 1178 1970 immisceri
1204 1915 1460 1978 debebat,
1496 1915 1705 1970 idcirco
1734 1914 1862 1969 data
1889 1923 1978 1970 est

396 2004 774 2063 circumcisio.
812 2004 988 2076 lIujus
1031 2016 1212 2061 autem
1257 2007 1333 2062 rei
1381 2007 1521 2061 ratio
1551 2005 1844 2062 manifesta
1877 2015 1983 2064 est.

400 2098 854 2154 tiircumcisionis
897 2099 1102 2170 quippe
1141 2115 1279 2156 usus
1306 2100 1374 2154 ab
1424 2099 1741 2155 Abrahamo
1767 2099 1985 2154 initium

402 2189 612 2258 habuit,
646 2205 810 2262 quem
847 2205 971 2246 cum
1018 2190 1162 2246 Deus
1203 2205 1369 2262 supra
1398 2206 1591 2246 omnes
1626 2191 1777 2247 illius
1805 2192 1990 2248 aetatis

403 2282 655 2338 homines
699 2283 1004 2349 dilexisset,
1048 2299 1114 2338 ex
1155 2284 1275 2354 ipso
1319 2283 1603 2339 Christum
1633 2299 1856 2355 quoque
1893 2300 1987 2340 se-

400 2378 644 2433 cundum
680 2393 903 2433 carnem
939 2379 1092 2434 nasci
1139 2378 1572 2449 praedestinavit.
1619 2378 1810 2449 Itaque
1838 2387 1900 2434 ut
1933 2379 1988 2435 id

405 2468 549 2538 quod
597 2469 713 2525 ﬁeri
761 2471 1035 2538 voluerat,
1079 2480 1266 2543 posset
1303 2471 1468 2526 etiam
1521 2472 1740 2528 sincere
1764 2481 1818 2528 et
1855 2473 1990 2544 legi-

401 2563 535 2618 time
578 2562 717 2627 lieri,
753 2563 962 2620 idcirco
994 2580 1133 2635 opus
1185 2565 1289 2618 fuit
1323 2565 1749 2622 circumcisione
1789 2573 1845 2620 et
1896 2581 1989 2622 se-

404 2657 722 2726 gregatione
772 2673 803 2711 a
862 2659 1090 2728 reliquis
1137 2659 1412 2727 gentibus,
1465 2667 1526 2713 ut
1553 2659 1720 2715 veluti
1753 2659 1987 2730 quodam

407 2757 565 2817 septo
615 2749 700 2803 lex
759 2750 912 2820 ipsos
959 2765 989 2804 a
1036 2751 1255 2806 cmteris
1301 2750 1621 2804 hominibus
1685 2759 1988 2821 separaret.

2093 1925 2268 1998 ἀρχὴν
2294 1927 2364 1980 τὰ
2389 1927 2488 1998 τῆς
2514 1929 2816 2000 περιτομῆς
2846 1931 2910 1983 ὲκ
2932 1926 3028 1982 τοῦ
3071 1927 3341 2000 Ἀϐραὰμ,
3373 1927 3431 1980 δν
3460 1927 3679 1996 ἀγαπή-

2096 2036 2198 2084 σας
2243 2020 2384 2091 ὕπὲρ
2424 2021 2632 2086 πάντας
2655 2024 2782 2088 τοὺς
2809 2023 2932 2077 τότε
2960 2023 2990 2076 ὁ
3017 2021 3169 2087 Θεὸς,
3200 2020 3260 2086 ἐξ
3283 2019 3448 2074 αὑτοῦ
3486 2035 3679 2089 γεννη-

2094 2110 2355 2184 θήσεσθαι
2382 2113 2478 2168 καὶ
2505 2113 2597 2167 τὸν
2620 2113 2856 2186 Χριστὸν
2878 2112 3021 2168 κατά
3042 2112 3221 2184 σάρκα
3247 2109 3529 2182 προέθετο.
3563 2109 3680 2160 Ἵνα

2095 2199 2189 2257 οὖν
2222 2203 2334 2275 (87)
2363 2205 2498 2276 ὅπερ
2542 2205 2832 2280 ἐϐουλήθη,
2874 2205 3132 2278 καθαρῶς
3171 2201 3423 2274 γενέσθαι
3452 2199 3677 2271 δυνηθῇ,

2096 2297 2192 2350 καὶ
2222 2295 2545 2363 ἀνοθεύτως,
2579 2300 2770 2352 τούτου
2802 2298 2960 2372 χάριν
3002 2298 3188 2370 ἐδέησε
3214 2297 3326 2368 (88)
3357 2292 3679 2365 περιτομῆςι

2095 2384 2316 2456 καὶτῆς
2358 2387 2488 2459 περὶ
2517 2387 2585 2448 τὰ
2623 2389 2786 2444 λοιπά
2818 2389 2950 2460 γένη
2991 2385 3236 2460 ἀμιξίας,
3281 2386 3368 2438 ἵνα
3400 2383 3589 2454 ῶσπερ
3628 2399 3681 2434 τι

2094 2476 2555 2550 διάφραγμα,τῶν
2585 2481 2787 2535 λοιπῶν
2806 2483 3002 2545 αὐτοὺς
3021 2481 3118 2536 ἀνθ
3128 2480 3322 2554 ρώπων
3344 2477 3549 2553 χωρίςῃ
3569 2476 3681 2548 (89)

2095 2566 2125 2617 ὁ
2148 2567 2498 2637 νόμος.Ὄθεν
2527 2572 2621 2626 καὶ
2647 2571 2928 2642 τεχθέντος
2949 2571 3044 2625 τοῦ
3073 2572 3139 2624 δι’
3169 2571 3228 2625 ὃν
3256 2569 3429 2623 ταῦτα
3467 2568 3680 2637 γέγονε,

2095 2656 2282 2713 λοιπὸν
2338 2661 2416 2726 ὡς
2461 2663 2691 2736 περιττά
2723 2663 2802 2736 τῷ
2845 2664 2967 2734 Θεῷ
2997 2664 3066 2718 τὰ
3105 2664 3258 2734 παρά
3301 2662 3400 2736 τὴν
3450 2660 3684 2732 ἀρχαίαν

2101 2747 2377 2816 ξενίζοντα
2405 2755 2740 2810 κατάστασιν
2770 2756 3146 2828 ὲκϐέϐληνται.

405 2840 777 2908 Quamobrem
827 2855 896 2895 eo
952 2850 1080 2894 nato
1130 2841 1202 2894 ob
1251 2856 1413 2910 quem
1463 2840 1580 2896 haec
1633 2841 1780 2895 facta
1834 2849 1983 2906 sunt,
2024 2849 2159 2898 tunc
2211 2844 2402 2916 utique
2433 2846 2525 2902 illa
2583 2849 2845 2921 abrogata
2870 2849 3044 2917 fuere,
3084 2864 3208 2920 quae
3244 2864 3275 2903 a
3335 2847 3448 2904 Deo
3487 2853 3687 2918 praeter

410 2935 698 3004 antiquum
749 2948 932 2988 rerum
974 2933 1223 2988 ordinem
1263 2934 1517 2988 instituta
1563 2933 1800 2990 fuerant.

913 3065 1028 3122 XII.
1083 3067 1160 3122 De
1184 3069 1493 3139 sacriﬁciis.

485 3203 752 3260 Similiter
789 3203 932 3260 Deus
961 3203 1182 3270 clamat,
1223 3204 1436 3269 dicens,
1472 3224 1490 3254 ‹
1524 3202 1659 3259 Vivo
1699 3220 1821 3275 ego,
1865 3205 2000 3260 dicit
2025 3189 2070 3248 ε

416 3294 703 3357 Dominus,
739 3295 998 3368 quoniam
1027 3295 1096 3351 de
1125 3295 1415 3352 sacriﬁciis
1446 3308 1503 3352 et
1531 3296 1868 3354 holocaustis
1888 3314 1999 3354 non

415 3387 670 3463 mandavi
717 3388 966 3457 patribus
1005 3390 1227 3454 vestris,
1275 3405 1341 3443 ex
1375 3404 1487 3460 quo
1539 3389 1627 3444 die
1675 3389 1864 3445 reduxi
1904 3406 2002 3447 eos

417 3479 485 3533 de
511 3488 656 3533 terra
680 3477 900 3550 Egypti
926 3489 982 3535 et
1006 3495 1179 3550 usque
1208 3481 1276 3536 ad
1312 3482 1458 3537 hunc
1486 3481 1632 3538 diem
1659 3483 1726 3537 ".
1752 3501 1770 3534 ι
1807 3481 2002 3547 Isaias,

423 3593 442 3624 ι
475 3571 732 3648 Nunquid
760 3587 860 3643 ego
889 3573 1122 3643 praecepi
1173 3573 1423 3644 patribus
1446 3575 1648 3631 vestris
1669 3577 2005 3633 exeuntibus

419 3674 629 3719 eterra
677 3661 923 3735 Egypti,
979 3672 1040 3718 ut
1083 3663 1347 3720 oﬂ'errent
1399 3666 1533 3720 mihi
1582 3666 1905 3723 holocausta
1949 3677 2006 3724 et

423 3754 756 3809 sacriﬁcium
779 3755 840 3808 ?o
874 3753 942 3809 Et
966 3769 1186 3819 rursus,
1221 3775 1240 3806 ι
1260 3755 1382 3821 Quo
1430 3757 1565 3812 mihi
1597 3758 2004 3822 multitudinem

425 3844 826 3900 sacriﬁciorum
841 3853 1172 3912 vestrorum,
1189 3846 1322 3901 dicit
1338 3845 1604 3903 Dominus
1623 3847 1866 3907 ?Plenus
1882 3865 2005 3906 sum

425 3938 764 3993 holocaustis
809 3937 1063 4005 arietum,
1111 3945 1166 3995 et
1203 3939 1418 4012 adipem
1449 3956 1738 4012 agnorum,
1781 3947 1838 3997 et
1873 3955 1998 3999 san-

424 4032 647 4100 guinem
695 4038 1004 4096 taurorum,
1064 4039 1120 4088 et
1169 4032 1451 4098 hircorum
1495 4035 1881 4105 nolo:neque
1912 4051 2010 4090 ve-

427 4123 618 4188 niatis,
654 4133 714 4178 ut
743 4124 1056 4195 appareatis
1089 4124 1246 4178 mihi.
1277 4124 1414 4192 Quis
1440 4125 1588 4181 enim
1614 4127 1868 4198 quaesivit
1894 4127 2011 4182 haec

425 4217 496 4272 de
549 4217 806 4272 manibus
855 4218 1095 4273 vestris?
1139 4216 1368 4274 Calcare
1414 4217 1615 4274 atrium
1664 4234 1845 4275 meum
1895 4235 2012 4274 non

425 4309 734 4379 apponetis.
787 4309 844 4363 Si
882 4309 1125 4366 alleratis
1160 4310 1442 4378 similam;
1475 4325 1678 4367 vanum
1719 4311 2010 4369 incensum

426 4400 764 4456 abominatio
815 4401 948 4456 mihi
997 4409 1104 4458 est.
1138 4401 1470 4463 Neomenias
1502 4411 1741 4469 vestras,
1788 4410 1844 4460 et
1876 4404 2008 4459 sab-

429 4492 552 4546 bata
581 4501 784 4557 vestra,
820 4501 875 4549 et
900 4493 1043 4548 diem
1090 4509 1347 4564 magnum
1383 4511 1490 4550 non
1518 4495 1676 4562 fero;
1706 4485 2016 4567 jejunium,

427 4594 482 4636 ct
501 4583 697 4646 otium,
727 4591 782 4639 et
804 4585 1127 4640 festivitates
1149 4594 1359 4642 vestras
1388 4585 1506 4641 odit
1535 4586 1719 4641 anima
1749 4603 1868 4642 mea
1891 4588 1962 4644 “.
1986 4606 2006 4639 ι

431 4672 498 4727 Et
527 4689 740 4738 rursus,
783 4696 799 4726 ι
827 4673 1128 4741 Lavamini,
1168 4677 1360 4731 mundi
1389 4685 1587 4742 estote,
1630 4679 1841 4734 auferte
1870 4680 2012 4734 mala

2621 3067 2722 3122 IB’.
2765 3069 2904 3139 Περὶ
2933 3069 3179 3125 θυσιῶν.

2189 3203 2420 3274 Ὁμοίως
2446 3205 2474 3256 ὁ
2505 3203 2638 3268 Θεὸς
2673 3202 2793 3275 βοᾷ,
2825 3203 3019 3273 λέγων’
3057 3222 3075 3255 σ
3114 3201 3200 3258 Ζῶ
3229 3200 3362 3270 ἐγὼ,
3391 3201 3542 3272 λέγει
3574 3200 3692 3254 Κύ-

2105 3313 2251 3366 ριος,
2291 3296 2374 3348 ὃτι
2406 3297 2533 3368 περ).
2562 3297 2784 3362 θυσιῶν,
2821 3297 2918 3352 καὶ
2945 3296 3413 3368 ὁλοκαυτωμάτων
3463 3295 3563 3348 οὐκ
3597 3295 3687 3348 ὲν-

2107 3387 2401 3458 ετειλάμην
2437 3388 2572 3455 πρὸς
2599 3390 2726 3454 τοὺς
2763 3389 3010 3462 πατέρας
3053 3388 3225 3461 ὑμῶν,
3265 3381 3446 3460 ἀφ’ἦς
3479 3385 3692 3458 ἡμέρας

2103 3479 2376 3550 ἀνήγαγον
2408 3480 2606 3544 αὐτοὺς
2636 3482 2702 3534 ὲκ
2727 3481 2830 3551 γῆς
2844 3483 3141 3552 Αἰγύπτου,
3171 3481 3267 3536 καὶ
3296 3482 3401 3546 ἕως
3420 3481 3520 3551 τῆς
3551 3479 3692 3550 ἠμέ-

2107 3587 2210 3642 ρας
2235 3570 2459 3643 ταύτης.
2494 3591 2513 3623 ι
2565 3573 2795 3637 Ἡσαΐας
2819 3571 2952 3644 (90),
3008 3592 3028 3626 ι
3065 3573 3156 3645 Μὴ
3190 3571 3301 3641 ἐγὼ
3338 3570 3693 3642 ἐνετειλάμην

2106 3661 2219 3722 τοῖς
2271 3661 2542 3732 πατράσιν
2577 3662 2765 3732 ὑμῶν,
2795 3663 3251 3734 ἐκπορευομένοις
3293 3664 3358 3717 ὲκ
3388 3663 3490 3734 γῆς
3524 3660 3692 3729 Αἰγύ-

2109 3769 2244 3805 πτου
2281 3757 2668 3824 προσενεγκεῖν
2700 3755 2814 3826 (91)
2852 3772 2943 3825 μοι
2987 3755 3413 3826 ὁλοκαυτώματα
3463 3750 3557 3808 καὶ
3595 3753 3693 3806 θυ-

2111 3844 2264 3910 σίαν;
2315 3865 2336 3897 ι
2387 3846 2497 3900 Kal.
2541 3845 2724 3912 πάλιν,
2781 3865 2802 3899 ι
2844 3845 2912 3899 Τί
2959 3863 3052 3918 μοι
3095 3845 3299 3917 πλῆθος
3343 3844 3454 3898 τῶν
3492 3843 3692 3898 θυσιῶν

2111 3937 2292 4009 ὑμῶν,
2309 3939 2460 4008 λέγει
2481 3940 2686 4012 Κύριος
2706 3957 2722 4008 ;
2741 3940 2955 4013 πλήρης
2966 3939 3081 4011 εἰμὶ
3096 3937 3563 4010 ὁλοκαυτωμάτων
3577 3937 3692 4007 (9‘2)

2115 4031 2308 4103 κριῶν,
2339 4033 2434 4087 καὶ
2461 4033 2628 4106 στέαρ
2663 4034 2845 4106 ἀρνῶν
2876 4033 2970 4088 καὶ
2997 4028 3138 4104 αἷμα
3165 4032 3402 4104 ταύρων,
3437 4029 3532 4084 καὶ
3555 4029 3693 4101 τρά-

2114 4141 2228 4194 γων
2261 4125 2323 4179 οὐ
2357 4126 2638 4199 βούλομαι·
2669 4127 2778 4181 οὐδ’
2810 4126 2878 4182 ἂν
2906 4126 3138 4198 ἔρχησθε
3181 4122 3414 4196 ὀφθῆναί
3449 4139 3559 4194 μοι.
3595 4121 3694 4185 Τίς

2114 4220 2225 4292 γὰρ
2255 4217 2553 4290 ἐξεζήτησε
2580 4219 2756 4275 ταῦτα
2800 4222 2865 4272 ὲκ
2900 4219 3010 4271 τῶν
3045 4215 3248 4290 χειρῶν
3289 4215 3479 4288 ὑμῶν;
3505 4217 3696 4268 πατεῖν

2115 4313 2214 4384 τὴν
2256 4312 2426 4385 αὐλὴν
2471 4330 2574 4386 μου
2615 4313 2676 4367 οὐ
2725 4311 3121 4386 προσθήσεσθε.
3177 4308 3300 4363 Ἐὰν
3347 4306 3554 4379 φέρητέ
3607 4323 3698 4376 μοι

2117 4403 2416 4475 σεμίδαλιν,
2449 4406 2676 4477 μάταιον
2704 4405 2953 4476 θυμίαμα
2983 4400 3258 4475 βδέλυγμά
3288 4418 3379 4473 μοι
3407 4399 3527 4454 ὲστί
3556 4398 3693 4470 (93).

2117 4495 2232 4560 Τάς
2276 4495 2568 4568 νεομηνίας
2612 4495 2790 4566 ὑμῶν,
2839 4496 2934 4549 καὶ
2977 4493 3045 4548 τά
3075 4492 3332 4548 Σάϐϐατα
3380 4488 3558 4560 ὑμῶν,
3594 4488 3693 4542 καὶ

2117 4587 2334 4659 ἡμέραν
2362 4587 2604 4659 μεγάλην
2624 4589 2724 4641 οὐκ
2749 4587 3031 4658 ἀνέχομαιο
3057 4584 3330 4656 νηστείαν,
3357 4582 3454 4637 καὶ
3475 4580 3696 4653 ἀργίαν,

2121 4681 2338 4744 καὶτὰς
2365 4680 2558 4753 ἑορτὰς
2584 4679 2758 4751 ὑμῶν,
2803 4681 2951 4750 μισεί
2983 4681 3017 4751 ἠ
3046 4679 3195 4750 ψυχή
3229 4695 3352 4749 μου.
3389 4694 3409 4728 ι
3454 4674 3565 4729 Kal.
3595 4673 3702 4726 πά-

429 4781 494 4820 ex
517 4765 805 4821 animabus
829 4767 1030 4823 vestris
1052 4768 1120 4822 ⁸⁵.
1146 4787 1164 4819 ι
1192 4767 1384 4832 David,
1415 4786 1433 4819 ι
1457 4769 1574 4824 Non
1598 4771 1880 4826 comedam
1903 4788 1994 4826 car

2125 4771 2206 4823 λιν
2229 4771 2364 4842 (94),
2398 4790 2416 4821 ι
2464 4769 2778 4831 Λούσασθε,
2815 4772 2908 4822 καὶ
2936 4769 3165 4840 καθαροὶ
3194 4766 3409 4831 γίνεσθε
3428 4807 3446 4832 ,
3473 4764 3704 4834 ἀφέλετε

539 4881 726 4956 ’μίση
765 4900 915 4948 xxxr,
951 4885 1042 4952 5|,
1072 4886 1142 4940 52
1176 4884 1320 4956 apud
1360 4883 1537 4955 LXX;
1586 4903 1638 4942 c.
1682 4903 1914 4944 xxxviii.

428 4953 477 4988 “
507 4954 638 5009 ibid.
673 4956 757 5010 lli.

505 5077 620 5154 (82)
662 5077 879 5154 Locum
916 5078 1064 5154 hunc
1094 5080 1179 5154 ‘in_
1215 5095 1376 5136 sacro
1405 5081 1601 5154 _'I‘extu
1656 5097 1765 5154 non
1818 5083 2017 5154 reperi.

435 5148 575 5202 Vide
606 5164 686 5220 (an
738 5150 998 5220 respiciat
1041 5151 1106 5204 ad
1169 5151 1348 5205 locum
1403 5150 1561 5206 Deut.
1617 5170 1668 5216 x,
1705 5153 1791 5208 I6.

509 5219 622 5296 (θᾷ)
665 5221 724 5296 In
756 5223 1049 5296 recentiori
1084 5221 1277 5296 codice
1294 5223 1553 5296 additur,
1591 5224 1878 5296 Ἱερεμίου.

510 5291 618 5360 (8i)
657 5289 841 5360 Codex
878 5297 1171 5355 recentior,
1208 5293 1306 5346 ἐπ’
1334 5293 1594 5357 ἀκάνθας.

513 5359 625 5424 (85)
664 5359 914 5416 Jcremia‘:
959 5379 1160 5417 nomen
1197 5365 1349 5419 deest
1383 5365 1470 5418 hic
1517 5366 1571 5418 in
1600 5367 1889 5420 recentiori
1918 5381 2014 5420 co-

436 5430 872 5506 dicc_V_aticai_to.
899 5431 1032 5506 Vide
1053 5448 1121 5486 an
1158 5434 1230 5506 sit
1266 5435 1418 5488 locus
1467 5435 1621 5492 Deut.
1663 5438 1858 5506 3:416;
1895 5455 2018 5491 nam

438 5501 582 5573 apud
607 5499 901 5573 Jeremiam
934 5501 1049 5557 [nec
1089 5505 1254 5558 verba
1287 5521 1372 5558 me
1405 5505 1603 5573 legisse
1635 5499 1744 5562 non
1780 5499 2028 5564 memini.

511 5572 622 5640 (86)
666 5571 810 5627 Idem
856 5574 1026 5628 codex
1057 5584 1113 5628 et
1145 5571 1807 5642 δὶριιεηιυε,ἐδούλευσεν.

513 5643 626 5709 (87)
667 5643 723 5696 In
756 5645 1054 5699 recentiori
1099 5645 1290 5698 codice
1337 5645 1490 5702 deest
1519 5643 1632 5702 οὖν.

509 5713 627 5780 (88)
665 5713 814 5768 Idem
849 5715 1023 5770 codex
1065 5714 1278 5784 ἐδεήθη.

515 5784 628 5854 (89)
671 5785 818 5843 Idem
869 5786 1040 5844 codex
1079 5781 1398 5855 διαγωρίζη.

2026 4889 2143 4922 ⁴⁰·⁸¹
2182 4886 2295 4944 Jer.
2344 4905 2418 4951 Ix,
2453 4887 2545 4943 26.

2655 4887 2702 4919 ⁵⁸
2737 4886 2847 4943 Jer.
2881 4904 2976 4954 vn,
3006 4887 3095 4940 2‘2.
3209 4887 3256 4919 "
3283 4887 3390 4940 Isa.
3423 4901 3461 4949 I,
3498 4885 3586 4951 ll,
3611 4884 3699 4940 Η.

2205 5084 2347 5156 (90),
2383 5083 2592 5138 Locum
2647 5083 2797 5156 hunc
2851 5081 2994 5152 apud
3022 5081 3218 5156 Isaiam
3254 5093 3342 5156 me
3371 5078 3565 5150 legisse
3595 5093 3702 5130 non

2129 5151 2390 5219 memini;
2423 5156 2624 5210 similia
2660 5151 2932 5208 habentur
2958 5153 3100 5223 apud
3128 5151 3421 5223 Jeremiam
3457 5163 3579 5214 cap.
3605 5162 3704 5208 vn,

2127 5225 2219 5286 22,
2251 5242 2316 5278 ex
2341 5242 2452 5295 quo
2481 5225 2644 5280 etiam
2695 5226 2818 5280 loco
2859 5221 3226 5294 prazéedentia
3269 5221 3438 5276 verba
3485 5229 3706 5287 suntle

2047 5303 2050 5305 λ
2129 5297 2300 5350 fuisse
2318 5297 2589 5350 videntur.

2201 5369 2312 5434 (9|)
2343 5366 2526 5421 Codex
2559 5365 2838 5436 antiquior
2867 5362 3251 5436 προσενέγκαι.

2199 5437 2308 5505 (92)
2338 5437 2477 5491 Male.
2511 5437 2653 5492 idem
2682 5433 2874 5498 codex,
2905 5433 3351 5504 ὁλοκαυτώματα,

2197 5499 2310 5582 (95)
2347 5508 2591 5582 Siphani
2621 5507 2826 5582 codex,
2853 5499 3239 5582 ct_Vati_cauus
3275 5499 3705 5582 reccnlior.__pa-

2129 5571 2303 5632 ταιόν’
2339 5571 2431 5647 μοὶ
2484 5577 2762 5647 βδέλυγμα
2811 5577 2948 5631 ἐστί.
3013 5575 3291 5646 Siplianus
3337 5573 3517 5642 vertit,
3560 5571 3706 5626 Vana

2132 5649 2279 5712 mihi,
2310 5659 2361 5703 et
2397 5649 2722 5704 abominatio
2754 5658 2852 5702 est.

2203 5721 2316 5793 (υἱ)
2347 5719 2533 5778 Codex
2565 5719 2869 5792 antiquior,
2901 5718 2996 5774 ml.
3029 5716 3148 5790 μετ’
3173 5715 3351 5787 ὀλίγα.
