4096 6354
448 354 560 411 22!
1490 350 1923 409 TESTIMONIA
1979 346 2352 406 ADVERSUS
2390 344 2704 404 JUDAEOS.
3308 355 3312 361 '
3621 337 3737 390 ‘22“!

459 472 559 535 τὰς
593 468 859 543 πονηρίας
903 468 1013 523 ἀπὸ
1042 467 1152 521 τῶν
1181 466 1580 539 ψυχῶνιῦμῶν.
1623 487 1642 519 ι
1689 466 1876 529 Δαεῖιδ,
1914 485 1933 516 ι
1973 465 2048 518 Οὐ

2168 480 2251 518 ιεε
2277 472 2587 524 taurorum,
2613 467 2708 514 aut
2732 469 3055 527 sanguinem
3084 452 3363 507 hircorum
3402 448 3604 520 potabo
3621 451 3666 481 ⁸⁸
3713 468 3732 500 ι

463 564 709 634 φάγομαι
735 561 874 632 κρέα
892 560 1130 633 ταύρων,
1159 560 1193 630 ἢ
1221 553 1361 631 αἷμα
1388 558 1607 631 τράγων
1636 558 1850 628 πίομαι.
1890 575 1909 609 ι
1941 557 2050 610 Kal.

2168 559 2220 614 Et
2257 574 2472 621 rursus,
2510 577 2529 609 ι
2557 556 2675 611 Non
2725 552 2995 622 accipiam
3046 549 3115 604 de
3157 548 3321 601 domo
3370 554 3463 599 tua
3514 546 3736 607 vitulos,

463 656 648 721 πάλιν,
685 673 705 707 ι
737 655 813 707 Οὐ
842 653 1065 725 δέξομαι
1094 654 1159 706 ἐκ
1191 652 1287 706 τοῦ
1321 652 1472 705 οἴκου
1513 668 1606 705 σου
1642 650 1899 722 μόσχους,
1928 649 2051 703 οὐδὲ

463 751 529 800 ἐκ
553 746 663 799 τῶν
696 743 960 815 ποιμνίων
990 760 1085 799 σου
1127 744 1421 815 χιμάρους.
1460 761 1483 795 ι
1516 742 1627 795 Kal.
1658 741 1843 805 πάλιν,
1891 758 1909 791 ι
1948 739 2053 791 Θῦ-

465 855 558 893 σον
584 836 663 907 τῷ
687 836 806 907 Θεῷ
834 835 1025 889 Θυσίαν
1050 834 1312 898 αἰνέσεως
1339 833 1476 902 (95).
1508 852 1527 885 ι
1573 832 1755 903 Ἀμὼς
1775 873 1789 893 ,
1823 851 1841 883 ι
1879 830 2054 901 Μεμί-

465 947 638 1001 σηκα,
684 928 948 999 ἀπῶσμαι
990 930 1088 990 τάς
1118 927 1311 1000 ἐορτάς
1339 925 1513 997 ὑμῶν,
1549 923 1710 998 ([96]
1749 926 1842 979 καὶ
1872 926 1934 978 οὐ
1977 922 2053 994 μὴ

464 1024 754 1098 ὀσφρανθῶ
782 1026 840 1078 ἐν
866 1026 987 1087 ταῖς
1012 1021 1384 1093 πανηγύρεσιν
1410 1019 1564 1092 ὑμῶν
1602 1020 1738 1089 (97)’
1786 1018 1923 1071 διότι
1958 1019 2053 1071 καὶ

465 1119 561 1172 ἐάν
601 1116 861 1189 ἐνέγκητέ
894 1133 985 1188 μοι
1014 1111 1447 1183 ὁλοκαυτώματα
1474 1111 1571 1165 καὶ
1616 1109 1805 1174 θυσίας
1840 1104 2051 1181 ὑμῶν,)

466 1214 526 1266 οὐ
583 1210 948 1283 προσδέξομαι
1015 1208 1194 1268 αὐτὰ,
1243 1206 1342 1260 καὶ
1401 1204 1671 1275 σωτηρίου
1736 1200 2054 1271 ἐπιφανείας

468 1304 622 1374 ὑμῶν
652 1302 764 1389 (91.3)
808 1302 908 1356 οὐκ
946 1299 1329 1370 ἐπιϐλέψομαι.
1374 1298 1731 1367 Μετάστησον
1773 1294 1867 1349 ἀπ’
1921 1291 2053 1364 ἐμοῦ

465 1391 601 1467 ἦχον
622 1382 774 1466 ᾠδῶν
799 1410 914 1455 σου,
934 1392 1030 1446 καὶ
1050 1388 1262 1461 ψαλμὸν
1277 1388 1526 1461 ὀργάνων
1548 1387 1650 1439 οὐκ
1675 1382 2001 1455 ἀκούσομαι.
2026 1401 2044 1435 ι

467 1483 596 1556 (99)
626 1482 936 1553 Μαλαχίας,
965 1499 985 1533 ι
1015 1480 1129 1535 Οὐκ
1152 1479 1267 1533 ἐστι
1291 1494 1390 1549 μου
1416 1476 1629 1547 θέλημα
1654 1477 1713 1528 ἐν
1737 1476 1889 1544 ὑμῖν,
1908 1473 2057 1541 λέγει

468 1574 674 1644 Κύριος
702 1572 1131 1643 παντοκράτωρ,
1161 1568 1257 1623 καὶ
1287 1567 1478 1621 θυσίαν
1503 1564 1564 1618 οὐ
1597 1563 1964 1637 προσδέξομαι
1994 1564 2058 1615 ἐκ
2108 1576 2113 1582 ‘

467 1667 577 1720 τῶν
605 1666 806 1739 χειρῶν
826 1665 1000 1735 ὑμῶν,
1027 1664 1159 1716 διότι
1187 1663 1296 1716 ἀπὸ
1320 1658 1601 1714 ἀνατολῶν
1629 1659 1802 1729 ἡλίου,
1834 1658 1928 1711 καὶ
1951 1656 2056 1721 ἕως

469 1759 687 1831 δυσμῶν
716 1758 777 1811 τὸ
803 1757 974 1828 ὄνομά
1002 1774 1102 1827 μου
1134 1755 1446 1821 δεδόξασται
1483 1755 1542 1807 ἐν
1581 1756 1692 1818 τοῖς
1726 1752 1933 1815 ἔθνεσι,
1963 1754 2058 1804 καὶ

2142 668 2332 720 neque
2360 652 2428 706 de
2457 648 2714 722 gregibus
2746 646 2855 701 luis
2890 644 3076 699 hircos
3103 642 3169 696 ⁸⁵.
3191 659 3209 692 ι
3244 639 3311 694 Ει
3339 652 3552 702 rursus,
3588 657 3605 687 ι
3630 637 3739 689 Ιιιι-

2126 744 2298 809 ,ιιιοιιι
2344 741 2455 797 Deo
2492 738 2825 796 sacriﬁcium
2886 734 3064 790 laudis
3101 735 3169 786 ".
3213 751 3233 785 ι
3276 732 3481 795 Αιηοε,
3522 745 3542 780 ι
3600 728 3740 783 Odm

2154 835 2347 897 habui,
2380 832 2554 904 repuli
2587 830 2916 886 festivitates
2944 834 3159 881 vestras
3196 824 3336 895 (nec
3367 821 3644 877 udorabor
3683 820 3736 873 iu

2154 924 2615 981 conventiouibus
2652 921 2875 977 vestris.
2934 918 3096 985 Quia,
3152 916 3197 973 si
3249 913 3562 970 obtuleritis
3604 912 3739 965 mihi

2156 1018 2497 1081 holocausta,
2552 1024 2608 1071 et
2659 1012 2931 1072 sacriﬁcia
2975 1009 3219 1078 vestra),
3276 1024 3387 1063 non
3441 1005 3739 1075 suscipiam

2156 1124 2244 1171 ea,
2300 1116 2355 1163 et
2399 1109 2645 1162 salutare
2688 1102 2994 1175 praesentia
3035 1109 3233 1157 vestrae
3274 1116 3383 1155 nou
3423 1096 3741 1167 respiciam.

2157 1198 2421 1255 Transfer
2476 1214 2508 1253 a
2572 1214 2659 1253 me
2718 1196 2960 1253 sonitum
3012 1194 3321 1248 carminum
3373 1201 3635 1245 tuorum:
3686 1196 3742 1241 et

2156 1291 2428 1362 psalmum
2454 1302 2786 1359 organorum
2813 1294 3034 1341 tuorum
3067 1300 3175 1338 non
3198 1282 3418 1337 audiam
3440 1281 3507 1334 ⁸³.
3537 1299 3556 1332 ι
3582 1278 3746 1333 Mala-

2157 1383 2333 1446 chias,
2364 1400 2383 1433 ι
2408 1379 2526 1435 Non
2576 1388 2663 1435 est
2700 1380 2958 1434 voluntas
3001 1392 3123 1432 mea
3155 1376 3213 1430 in
3247 1375 3424 1437 vobis,
3465 1372 3601 1427 dicit
3631 1371 3741 1425 Do-

2158 1477 2342 1531 minus
2390 1474 2780 1544 omnipotens:
2823 1480 2879 1527 et
2922 1470 3249 1526 sacriﬁcium
3284 1482 3393 1523 non
3446 1464 3743 1535 suscipiam

2157 1570 2226 1625 de
2258 1567 2513 1623 manibus
2549 1566 2771 1631 vestris,
2803 1565 2931 1634 quia
2963 1565 3033 1619 ab
3066 1571 3190 1618 ortu
3216 1561 3371 1626 solis,
3400 1568 3451 1615 et
3479 1572 3653 1629 usque
3674 1556 3744 1610 ad

2159 1674 2415 1715 occasum
2441 1657 2801 1712 clariﬁcatum
2826 1664 2913 1712 est
2936 1670 3134 1710 nomen
3168 1668 3347 1707 meum
3375 1652 3429 1706 in
3464 1650 3744 1723 gentibus,

2160 1762 2216 1809 et
2250 1753 2303 1807 in
2332 1753 2481 1806 omni
2527 1751 2651 1806 loco
2687 1751 2973 1805 incensum
3022 1747 3250 1803 oﬁ‘ertur
3276 1746 3483 1800 nomini
3516 1759 3659 1806 meo,
3691 1749 3749 1796 et

469 1854 530 1905 ἐν
557 1823 719 1903 παντὶ
750 1823 910 1919 τύπω
938 1823 1191 1919 θυμίαμα
1222 1845 1593 1917 προσφέρεται
1621 1845 1698 1915 (1)
1726 1842 1804 1913 τῷ
1833 1842 2057 1914 ὀνόματί

2168 1846 2497 1902 sacrilicium
2522 1843 2808 1907 mttndum,
2829 1842 2958 1913 quia
2977 1854 3231 1912 magnum
3248 1846 3333 1894 εει
3348 1852 3545 1892 nomen
3567 1849 3748 1891 meum

476 1964 600 2017 μου,
629 1945 724 1998 καὶ
752 1944 912 1996 θυσία
942 1941 1191 2013 καθαράο
1234 1939 1367 1993 διότι
1400 1940 1541 2009 μέγα
1570 1938 1630 1991 τὸ
1662 1937 1836 2009 ὄνομά
1871 1955 1970 2008 μου
2004 1938 2063 1990 ἐν

469 2040 584 2102 τοῖς
610 2037 807 2103 ἔθνεσι,
834 2035 981 2105 λέγει
1012 2033 1217 2106 Κύριος
1246 2032 1665 2103 παντοκράτωρ.
1718 2048 1737 2081 ι

840 2170 934 2225 ll".
978 2171 1117 2240 Περὶ
1156 2170 1264 2224 τοῦ
1298 2168 1699 2226 Σαϐϐατίζὲιν.

545 2290 622 2343 Τὸ
644 2287 922 2343 Σάϐϐατον
947 2285 1101 2357 ἐδόθη
1124 2286 1332 2350 αὐτοῖς,
1359 2283 1453 2340 τοῦ
1485 2283 1841 2339 καταπαῦσαι
1867 2285 1944 2354 (2)
1967 2285 2066 2355 τὴν

477 2382 878 2453 φιλοχρήματον
903 2379 1084 2435 αὐτῶν
1114 2378 1434 2450 ἐπιθυμίαν.
1472 2378 1580 2431 Τοῦ
1601 2377 1729 2432 λαοῦ
1770 2378 1878 2448 γὰρ
1911 2395 2067 2431 πενο-

479 2476 663 2549 μένου,
682 2473 989 2540 ἐξελθόντος
1010 2472 1078 2525 ἐκ
1095 2471 1197 2542 τῆς
1212 2469 1486 2540 Αἰγύπτου
1509 2471 1607 2541 ('5),
1622 2470 1713 2524 καὶ
1736 2470 1900 2541 μηδὲν
1919 2470 2068 2540 έχον-

476 2587 587 2631 τος.
619 2565 758 2637 πλὴν
785 2558 860 2620 ὧν
886 2566 1188 2636 ἐχρήσαντο
1214 2562 1366 2635 παρά
1394 2562 1503 2616 τῶν
1532 2564 1866 2632 Αἰγυπτίων,
1902 2579 2067 2615 σπου-

475 2661 570 2732 δὴν
602 2661 839 2713 ἐποιεῖτο
865 2657 1098 2721 ἕκαστος
1119 2655 1207 2709 διὰ
1223 2654 1317 2708 τοῦ
1341 2655 1623 2709 ἀνενδότου
1646 2657 1808 2707 πόνου
1841 2653 2069 2706 πλοῦτον

477 2749 659 2821 ἐαυτῷ
704 2747 1078 2821 περιποιῆσαι.
1115 2745 1207 2798 Διὸ
1236 2746 1404 2814 λέγει,
1450 2763 1467 2795 ι
1512 2745 1611 2812 Ἓξ
1644 2745 1857 2816 ἡμέρας
1907 2745 2065 2815 ἐργᾷ·

475 2847 544 2916 τῇ
577 2844 634 2896 δέ
666 2843 851 2913 ἡμέρα
881 2842 948 2911 τῇ
996 2837 1199 2910 ἐϐδόμῃ
1230 2838 1291 2890 οὐ
1343 2838 1587 2909 ποιήσεις
1644 2839 1749 2890 πᾶν
1802 2836 1961 2907 ἔργον
2010 2837 2068 2887 ἐν

478 2938 639 3007 αὐτῇ.
677 2954 696 2988 ι
730 2933 842 2988 Καὶ
871 2932 970 3003 τὴν
996 2930 1176 2985 αἰτίαν
1204 2929 1479 3000 ἐπιφέρει,
1520 2929 1611 2983 ἵνα
1648 2927 1942 2999 ἀναπαύσῃ
1976 2928 2066 2991 σὺ,

478 3029 574 3081 καὶ
595 3029 629 3097 ἡ
659 3025 794 3095 γυνή
828 3041 920 3077 σου
941 3064 957 3091 ,
990 3025 1084 3076 καὶ
1113 3022 1142 3074 ὁ
1169 3019 1283 3083 υἱός
1318 3037 1433 3083 σου,
1472 3021 1565 3073 καὶ
1596 3022 1630 3091 ἡ
1664 3018 1912 3092 θυγάτηρ
1949 3037 2066 3082 σου,

480 3121 573 3175 καὶ
608 3122 637 3174 ὁ
674 3120 805 3182 παῖς
834 3134 959 3181 σου,
991 3116 1020 3168 ὁ
1063 3114 1191 3185 βοῦς
1226 3131 1321 3169 σου
1343 3155 1357 3179 ,
1387 3114 1479 3166 καὶ
1512 3114 1573 3167 τὸ
1605 3112 1901 3180 ὑποζύγιον
1950 3131 2065 3167 σου.

492 3212 646 3268 Ἐπεί
672 3229 754 3265 τοι
781 3210 926 3273 τίνος
956 3208 1146 3261 ἐνεκεν
1180 3207 1209 3259 ὁ
1251 3205 1460 3278 Ἰησοῦς
1486 3207 1515 3257 ὁ
1542 3205 1635 3259 τοῦ
1666 3205 1824 3274 Ναυῆ
1852 3205 2067 3259 κυκλῶν

480 3307 579 3377 τὴν
616 3302 823 3375 Ἰεριχὼ
864 3302 1001 3373 μετὰ
1032 3298 1353 3368 σαλπίγγων
1383 3298 1475 3351 ἐπὶ
1507 3297 1649 3351 ἐπτά
1685 3297 1934 3368 ἡμέρας,
1968 3298 2069 3352 οὐκ

484 3397 742 3468 ἐσχόλασε
770 3394 848 3464 τῷ
879 3392 1171 3463 Σαϐϐάτῳς
1220 3392 1343 3454 Πῶς
1372 3391 1431 3444 δέ
1458 3393 1522 3461 τῇ
1556 3390 1720 3461 ὀγδόῃ
1754 3390 1939 3461 ἡμέρᾳ
1967 3407 2069 3442 πε-

491 3490 798 3562 ριτέμνεται
841 3486 1084 3546 παιδίον;
1132 3484 1233 3538 Διὰ
1276 3484 1331 3536 τί
1376 3483 1432 3535 δέ
1477 3485 1537 3535 ἐν
1569 3481 1755 3553 ἡμέρᾳ
1788 3481 2069 3536 Σαϐϐάτου

486 3581 661 3633 τίκτει
690 3577 865 3647 γυνή;
902 3573 1027 3638 Πῶς
1056 3573 1112 3627 δὲ
1151 3572 1244 3625 καὶ
1272 3571 1324 3623 οἱ
1367 3572 1536 3640 ἱερεῖς
1580 3569 1759 3622 πᾶσαν
1785 3567 1977 3620 θυσίαν
2012 3569 2072 3619 ἐν

487 3669 752 3740 Σαϐϐάτῳ
799 3664 1045 3727 ποιοῦσι;
1096 3663 1219 3728 Πῶς
1252 3662 1311 3716 δέ
1340 3661 1528 3732 ἥλιος,
1577 3661 1672 3715 καὶ
1707 3658 1938 3731 σελήνη,
1976 3657 2074 3712 κα).

486 3768 664 3834 ἄστρα
705 3762 799 3816 τὸν
844 3756 1149 3831 ὡρισμένον
1195 3757 1394 3830 δρόμον
1426 3755 1639 3810 ἐκτελεῖ
1680 3754 1777 3809 καὶ
1805 3752 1886 3826 τῷ
1932 3752 2075 3806 Σαδ-

488 3859 634 3929 6άτῳ
658 3874 673 3922 ;

750 3996 849 4049 lA'.
886 3990 1028 4061 Περὶ
1055 3989 1164 4044 τοῦ
1193 3983 1794 4057 κατασφραγίζὲσθαι.

559 4106 722 4161 Δαῦὶδ
751 4105 851 4168 (Li,
888 4123 905 4154 ι
942 4099 1287 4172 Ἐσημειὼθη
1310 4100 1395 4167 ἐφ’
1410 4098 1560 4169 ἡμᾶς
1580 4095 1641 4149 τὸ
1663 4096 1780 4167 φῶς
1798 4095 1891 4150 τοῦ
1907 4114 2077 4166 προσ-

488 4199 641 4252 ώπου
684 4215 800 4259 σου,
832 4195 1026 4267 Κύριε.
1062 4212 1083 4247 ι
1119 4192 1230 4246 Καὶ
1268 4190 1451 4255 πάλιν,
1491 4209 1509 4241 ι
1540 4188 1774 4261 Ποίησον
1797 4190 1914 4259 μετ’
1940 4188 2076 4259 ἐμοῦ

493 4293 718 4361 σημεῖον
748 4290 828 4351 είς
859 4286 1064 4356 ἀγαθόν
1085 4302 1101 4318 ’
1136 4285 1232 4361 καὶ
1275 4282 1534 4336 ἱδέτωσαν
1568 4282 1618 4333 oi
1660 4280 1946 4350 μισοῦντές
1985 4298 2075 4353 με,

496 4383 590 4437 καὶ
619 4378 1086 4450 αἱσχυνθήτωσαν,
1127 4377 1210 4430 ὅτι
1249 4375 1314 4427 σὺ
1337 4414 1353 4437 ,
1386 4371 1557 4445 Κύριε
1580 4411 1596 4436 ,
1636 4372 1940 4445 ἐϐοήθησάς
1987 4392 2077 4444 μοι

500 4475 590 4527 καὶ
624 4470 1001 4543 παρεκάλεσάς
1039 4486 1127 4540 με.
1167 4486 1185 4519 ι
1224 4466 1338 4520 Καὶ
1366 4464 1547 4526 πάλιν,
1598 4481 1618 4515 ι
1676 4463 1922 4528 Ἔδωκας
1966 4468 2077 4529 τοῖς

2165 1942 2221 1996 in
2249 1939 2525 2010 gentibus,
2557 1938 2692 1992 dicit
2726 1935 2992 1990 Dominus
3019 1932 3368 2003 omnipotens
3392 1929 3465 1984 δ’.

2504 2158 2644 2216 λιιι.
2677 2158 2752 2214 De
2778 2157 3005 2214 Sabbati
3043 2155 3412 2211 celebratione.

2239 2277 2540 2332 Sabbatum
2576 2274 2768 2329 datum
2815 2278 2901 2327 est
2937 2270 3019 2326 eis
3063 2269 3132 2323 ad
3164 2267 3467 2325 sedandum
3501 2265 3753 2333 nimium,

2166 2387 2278 2439 quo
2311 2366 2663 2429 tenebantur,
2712 2360 2961 2433 pecunia:
3008 2357 3277 2413 studium.
3328 2355 3461 2409 Nam
3492 2370 3616 2409 cum
3654 2370 3755 2423 po-

2171 2462 2331 2532 pulus
2389 2472 2595 2529 pauper
2639 2468 2899 2524 egressus
2935 2460 3084 2507 esset
3115 2465 3179 2504 ex
3225 2448 3484 2519 Egypto,
3531 2454 3586 2500 et
3617 2444 3753 2499 nihil

2171 2558 2398 2612 haberet
2452 2561 2650 2623 praeter
2698 2566 2761 2603 ea
2795 2564 2916 2620 qua:
2967 2545 3315 2601 eommodato
3363 2547 3649 2611 acceperat
3687 2539 3757 2592 ab

2170 2643 2466 2714 A‘Igyptiis,
2522 2638 2907 2707 unusquisque
2962 2648 3186 2704 operam
3244 2630 3434 2692 dabat,
3485 2637 3546 2682 ut
3582 2626 3759 2684 conti-

2168 2736 2320 2792 nenti
2360 2745 2526 2803 atque
2575 2732 2804 2786 assiduo
2860 2728 3048 2782 labore
3093 2724 3201 2781 sibi
3248 2722 3474 2777 divitias
3514 2728 3758 2791 pararet.

2170 2828 2535 2894 Quamobrem
2573 2824 2670 2887 ait,
2718 2842 2736 2873 ι
2762 2821 2869 2876 Sex
2898 2820 3095 2874 diebus
3143 2815 3462 2887 operaberis
3489 2830 3505 2880 ;
3537 2813 3625 2868 die
3657 2828 3758 2866 au-

2169 2929 2278 2976 tem
2304 2918 2537 2991 septimo
2555 2932 2661 2971 non
2680 2915 2855 2970 facies
2878 2914 3047 2967 ullum
3065 2927 3205 2982 opus
3222 2910 3277 2964 in
3300 2926 3366 2965 eo
3380 2910 3482 2962 ⁸ο.»
3503 2906 3763 2961 Causam-

2170 3027 2278 3082 que
2307 3010 2511 3071 subdit,
2560 3016 2621 3063 ut
2654 3006 2970 3076 requiescas
3005 3012 3085 3065 tu,
3117 3010 3173 3056 et
3214 3017 3355 3055 uxor
3379 3009 3493 3058 tua,
3534 3007 3588 3051 et
3612 2998 3759 3052 tibus

2173 3113 2322 3165 tutis,
2352 3110 2407 3156 et.
2440 3101 2548 3154 ﬁlia
2592 3108 2705 3163 tua,
2734 3108 2789 3153 et
2822 3111 2960 3167 puer
2996 3102 3145 3160 tuus,
3186 3101 3240 3148 et
3272 3092 3470 3146 ancilla
3509 3098 3622 3153 tua,
3655 3090 3754 3143 bos

2096 3175 2139 3233 δ
2176 3204 2327 3257 tuus,
2362 3203 2413 3248 et
2446 3190 2735 3259 subjugale
2778 3196 2956 3242 tuum.
3000 3183 3216 3254 Alioqui
3268 3184 3430 3250 cujus
3475 3181 3553 3236 rei
3585 3182 3760 3251 gratia

2172 3286 2331 3343 Jesus
2354 3286 2497 3340 ﬁlius
2512 3283 2716 3338 Nave“
2740 3291 2945 3350 septem
2964 3277 3159 3333 diebus
3176 3273 3528 3330 circumdans
3543 3270 3763 3327 Jericbo

2176 3395 2301 3435 cum
2328 3378 2499 3439 tubis,
2533 3377 2588 3431 iu
2623 3373 2861 3429 Sabbato
2892 3370 3121 3426 feriatus
3163 3383 3272 3422 nou
3315 3367 3445 3422 est?
3474 3364 3763 3432 Quomodo

2175 3473 2262 3526 die
2293 3477 2486 3524 octava
2518 3465 2935 3523 circumciditur
2962 3461 3145 3533 puer?
3177 3459 3290 3515 Cur
3328 3459 3382 3512 in
3414 3457 3503 3513 die
3537 3455 3764 3511 Sahbati

2177 3562 2375 3617 mulier
2429 3558 2620 3631 parit?
2663 3554 2952 3624 Quomodo
3004 3552 3172 3608 etiam
3231 3549 3549 3605 sacerdotes
3603 3561 3769 3601 omne

2180 3653 2517 3713 sacriﬁcium
2576 3654 2632 3705 in
2687 3649 2932 3705 Sabbato
2990 3645 3247 3701 iaciunt?
3296 3638 3581 3708 Quon'todo
3636 3640 3765 3693 item

2180 3750 2284 3813 sol,
2340 3756 2396 3803 et
2448 3747 2579 3802 luna
2610 3754 2667 3801 et
2713 3752 2865 3801 astra
2910 3740 3195 3798 deﬁnitum
3227 3751 3452 3793 cursum
3497 3733 3662 3789 etiam
3710 3731 3771 3785 in

2182 3840 2431 3897 Sabbato
2460 3835 2807 3894 conﬁciunt?

2562 3973 2701 4029 XIV.
2734 3970 2808 4027 De
2840 3970 2977 4041 signi
3008 3966 3375 4037 impressione.

2254 4091 2449 4155 David,
2489 4108 2507 4141 ι
2533 4088 2819 4157 Signatum
2871 4094 2957 4142 est
3006 4099 3173 4154 super
3217 4097 3318 4136 nos
3364 4082 3544 4134 lumen
3582 4076 3771 4131 vultus

2181 4186 2287 4248 tui,
2330 4185 2559 4240 Domine
2582 4183 2649 4237 ".
2676 4201 2695 4233 ι
2737 4179 2802 4234 Ει
2850 4193 3071 4242 rursus,
3110 4174 3257 4231 «Fac
3300 4188 3515 4229 mecum
3553 4170 3769 4239 signum

2179 4282 2234 4335 in
2266 4281 2432 4341 bono,
2463 4286 2519 4333 et
2553 4276 2781 4333 videant
2805 4274 2897 4344 qui
2933 4271 3173 4327 oderunt
3201 4284 3309 4332 me,
3340 4274 3397 4321 et
3422 4261 3771 4321 confundan-

2181 4380 2293 4437 tur,
2324 4370 2585 4442 quoniam
2621 4379 2702 4429 tu,
2740 4366 2993 4432 Domine,
3028 4352 3286 4431 adjuvisti
3336 4374 3444 4421 me,
3476 4364 3531 4409 et.
3571 4368 3773 4409 conso-

2187 4469 2330 4523 latus
2346 4484 2407 4523 es
2437 4481 2522 4520 me
2542 4464 2641 4517 ⁸³.»
2677 4462 2743 4517 Ει
2766 4475 2984 4526 rursus,
3017 4476 3035 4508 ι
3059 4453 3266 4510 Dedisti
3314 4448 3685 4507 metuentibus
3716 4453 3773 4500 te

572 4632 617 4662 δυ
646 4629 794 4683 Psal.
824 4643 974 4692 XLIX,
1014 4624 1098 4679 l5.
1176 4623 1221 4656 “
1246 4621 1378 4677 ibid.
1402 4623 1458 4677 9.
1535 4619 1748 4692 "jbid.
1782 4621 1868 4674 14.
1949 4620 1993 4652 ⁸⁸
2018 4621 2061 4676 Λ

2168 4643 2187 4681 s
2240 4644 2293 4687 v,
2318 4624 2512 4679 (ΣΙ-25.
2591 4622 2634 4655 ⁸³
2658 4620 2889 4676 Malaclt.
2916 4634 2953 4685 ι,
2988 4615 3077 4681 10,
3108 4615 3198 4669 Η.
3271 4611 3319 4645 ⁵⁸
3354 4607 3526 4663 Exod.
3554 4623 3647 4674 xx,
3678 4606 3770 4660 10·

500 4703 541 4734 ³¹
573 4700 689 4757 Jos.
727 4715 801 4763 γι,
835 4700 921 4756 10.
962 4690 1047 4728 V“
1086 4694 1236 4751 Psal.
1278 4709 1353 4757 Iv,
1385 4694 1439 4747 7.
1520 4692 1565 4723 ⁵³
1595 4690 1741 4746 Psal.
1786 4707 1985 4760 Lxxxv,
2024 4694 2105 4746 l7.

569 4858 679 4930 (95)
713 4854 897 4930 codex
924 4853 1199 4930 recentior
1235 4862 1290 4907 et
1329 4851 1470 4930 a_lius
1510 4847 1737 4930 Sipliatii
1761 4890 1775 4915 ,
1809 4848 2085 4903 δικαιοσύ-
2114 4836 2161 4894 D
2190 4860 2564 4930 rouymus,_ut
2606 4852 2742 4930 scite
2763 4846 3018 4930 Nobilius
3048 4844 3307 4930 advertit.
3349 4841 3552 4930 habent
3593 4855 3771 4930 σωτη-

495 4921 617 5003 νηζ.
641 4920 711 5003 Διιι
730 4926 982 5003 videatur
1013 4926 1169 5003 locus
1197 4920 1545 5003 e§se_Psalu_ii
1580 4936 1652 4982 ιν,
1674 4920 1727 4973 6.

573 4990 684 5072 (96)
738 4998 872 5063 Quae
920 4992 1689 5072 semicirculis.includuntur
1741 4990 1987 5072 librarii,
2025 5000 2087 5045 ιιι

501 5061 676 5143 patet,
701 5061 892 5143 errore
919 5068 1149 5143 deerant
1170 5066 1225 5143 in
1255 5062 1491 5143 §iphani
1517 5061 1727 5143 codice,
1751 5075 1865 5142 'nec
1918 5063 2082 5115 etiam

499 5133 773 5196 habentur
817 5138 870 5191 in
918 5136 1209 5192 recentiori
1255 5133 1542 5195 Vaticano,
1581 5133 1707 5186 licet
1751 5133 1804 5184 iu
1848 5140 2084 5202 utroque

497 5214 687 5267 codire
725 5209 972 5278 quaedam
1000 5223 1066 5260 ex
1090 5206 1341 5278 _his__loco
1366 5220 1472 5257 non
1501 5218 1603 5257 suo
1640 5204 1972 5278 inserantur.

571 5282 686 5353 (97)
714 5273 772 5334 In
802 5279 1044 5333 editione
1090 5274 1262 5353 LXX_
1291 5277 1653 5353 Interpretum
1697 5273 2080 5353 :ulditur_vox,

502 5342 714 5415 θυσίας,
746 5368 867 5420 qua:
900 5358 1082 5420 tamen
1112 5364 1218 5420 nou
1250 5342 1616 5420 indicaturum
1641 5348 1780 5412 apud
1802 5342 2081 5420 Justiuuiu

501 5426 558 5478 in
598 5413 823 5491 ὓίὰίορο
854 5436 971 5474 cum
1011 5418 1287 5491 Tryphone
1323 5433 1445 5491 pag.
1473 5416 1599 5491 233}.
1630 5431 1729 5491 uec
1770 5415 1913 5491 apud
1949 5413 2085 5491 'lger-

503 5483 828 5553 tullianum,
874 5493 967 5560 qui
1010 5483 1199 5560 in_'lib.
1253 5483 1467 5560 viAdv.
1522 5483 1849 5560 Marcionem
1900 5485 2082 5549 habet,

510 5564 631 5619 Non
665 5557 927 5617 odorabo'r
956 5561 1012 5613 in
1045 5557 1585 5629 frequentiisrestris.

579 5634 691 5702 (98)
714 5633 941 5694 Sipliani
975 5625 1226 5702 codex'et
1263 5627 1559 5680 Valirauus
1588 5625 1882 5702 recentior.
1917 5642 2086 5695 σωτη-

506 5696 1017 5774 ’ρίουςέπιφανείας
1041 5701 1247 5774 αὐτῶν
1284 5711 1556 5774 postrema
1597 5712 1699 5749 vox
1728 5696 2080 5749 videturcsse

512 5767 718 5829 librarii
751 5767 927 5828 error.
965 5772 1209 5824 Priorem
1236 5786 1421 5823 vorem
1464 5769 1625 5822 habet
1652 5768 1814 5818 etiam
1860 5767 2077 5831 vulgata

516 5844 653 5901 LXX
672 5847 1032 5914 lutcrpretum
1054 5842 1220 5897 editio
1244 5858 1257 5907 ;
1295 5840 1387 5894 sed
1416 5840 1507 5892 alii
1536 5837 1753 5893 codices
1779 5846 1833 5892 ει
1871 5837 1931 5893 D.
1951 5837 2079 5893 Ilie-

2197 4910 2334 4994 ρίου.
2374 4910 2576 4990 quibus
2616 4921 2906 4994 addendos
2932 4926 3016 4994 est
3043 4916 3298 4994 Justinus
3320 4912 3481 4965 modo
3496 4910 3769 4994 laudatus.

2264 4980 2541 5064 (99)'Qu:e
2569 4990 2943 5064 semicirculis
2978 4988 3345 5064 ἰιιειιιόιιιιιιιιχ
3377 4998 3485 5037 non
3502 4980 3776 5033 habentur

2193 5064 2247 5118 in
2270 5055 2581 5120 ‘reeetitiori
2615 5061 2901 5116 Vaticano.
2936 5074 3037 5112 nec
3065 5057 3205 5126 apud
3233 5055 3560 5123 Slpbanutn.

2266 5136 2340 5204 (Ι)
2361 5138 2414 5188 lu
2436 5136 2680 5189 Romana
2858 5126 3474 5204 lut_erpret_umeditione
3490 5130 3593 5181 est,
3613 5136 3779 5204 75303-

2191 5190 2380 5273 άγὲται
2411 5225 2423 5236 ·
2471 5207 2565 5261 sed
2614 5203 2758 5267 apud
2798 5190 3091 5273 Iustinum
3121 5199 3175 5250 in
3220 5196 3443 5273 Dialogo
3481 5208 3600 5244 cum
3636 5190 3777 5255 Τνῃ-

2189 5266 2374 5345 ρΙὲοηε,
2407 5293 2529 5347 pag.
2730 5274 2944 5347 legitu_r_,
2970 5268 3133 5321 θυσία
3167 5266 3553 5347 προσεξέρεται·
3588 5278 3772 5313 verum

2190 5336 2422 5403 iuit-rius.
2456 5336 2575 5417 pag.
2604 5346 2713 5398 260
2736 5336 3136 5417 cutuNyssutto
3167 5336 3291 5417 legit
3321 5336 3777 5417 Ouuia‘uanrcpoe-

2190 5419 2434 5489 φέρεται.
2456 5403 2781 5488 ’(’Σξργὶιιιιιιε
2825 5403 2968 5467 ιιι).”ι
2999 5409 3131 5463 Adv.
3156 5407 3312 5470 Jud.,
3344 5403 3403 5461 εξ
3434 5407 3538 5458 iii:
3573 5403 3775 5458 Οιιυιεε

2189 5492 2389 5543 incensi
2421 5489 2740 5557 oﬂ'eruntur.

2261 5560 2339 5627 (2)
2379 5550 2562 5614 Codex
2594 5554 2893 5623 antiquior.
2922 5550 3149 5627 παῦσαι.

2262 5614 2339 5699 (5)
2376 5630 2520 5685 ldezu
2551 5614 2743 5699 codex,
2778 5618 3310 5699 πενομένοψὲκιγῆς
3341 5614 3641 5699 Δίχιὶπτουε

2216 5686 2337 5825 ΡΗ)
2404 5700 2586 5825 coalita;
2647 5686 2938 5751 Vaticauus
2984 5691 3285 5763 antiquior,
3325 5686 3490 5740 Δαϐιδ
3535 5686 3775 5756 πρῶτος,

2240 5790 2473 5825 ,σηυειω
2512 5789 2566 5825 r..

2201 5771 2581 5843 ἰιζσημειώθη.)
