4096 6354
354 283 478 343 -223

1620 292 1683 351 8.
1715 292 2050 351 οῐιιείεοιιιι
2081 294 2129 351 Ν
2139 294 2376 353 YSSENI

3543 298 3650 355 22$

371 398 856 470 signiﬁcationem,
888 408 951 456 ut
993 400 1208 474 fugiant
1247 418 1279 457 a
1313 402 1454 460 facie
1482 418 1646 462 arcus
1668 405 1739 459 “.
1767 424 1788 458 ι
1823 404 1962 461 Eze-

2084 408 2423 481 ροϐουμένοις
2467 426 2529 463 σε
2567 409 2900 481 σημείωσιν,
2939 407 3035 464 τοῦ
3088 409 3284 479 φυγεῖν
3322 407 3433 462 ἀπὸ
3476 425 3649 481 προσ,

371 493 539 558 cliiel,
574 510 595 544 ι
618 492 721 549 Fili
773 494 1038 561 hominis,
1070 498 1243 553 transi
1277 498 1514 555 mediam
1544 497 1872 565 Jerusalem,
1907 507 1964 557 et

372 583 442 637 da
475 585 695 656 signum
740 601 912 658 super
950 586 1159 644 frontes
1205 589 1451 645 virorum
1503 591 1863 661 gementium,
1907 599 1965 646 et

374 676 685 734 dolentium
722 695 893 752 super
919 682 1329 754 iniquitatibus,
1361 698 1484 753 quae
1515 684 1654 738 liunt
1692 683 1748 737 in
1784 684 1966 739 medio

378 763 625 834 ipsorum
650 766 764 821 ⁸⁸.»
816 768 883 822 Et
932 786 1166 835 rursus,
1219 771 1375 827 «Sex
1428 771 1532 826 viri
1588 771 1964 828 veniebantra

344 888 347 899 ι
379 864 538 927 porta
559 860 802 925 excelsa,
826 878 951 931 quae
981 862 1210 934 respicit
1230 863 1297 918 ad
1327 862 1664 934 aquilonem,
1695 871 1751 920 et
1775 864 1966 922 unius-

378 949 652 1022 cujusque
695 954 910 1010 securis
952 955 1006 1008 in
1055 970 1221 1009 manu
1254 953 1396 1024 ejus.
1426 954 1753 1022 Audientes,
1790 955 1864 1011 ite
1909 957 1965 1009 in

355 1042 679 1111 civitatem,
705 1054 759 1100 et
785 1046 1075 1116 percutite,
1106 1058 1162 1101 et
1184 1061 1293 1102 non
1317 1047 1526 1117 parcite
1546 1046 1725 1103 oculis
1745 1047 1967 1111 vestris,

377 1130 592 1201 etnon
635 1135 1020 1203 miseremini;
1065 1154 1278 1204 senem,
1332 1147 1389 1193 et
1430 1138 1860 1205 adolescentem,
1914 1147 1971 1194 et

379 1228 673 1300 virginem,
696 1240 751 1286 et
773 1231 1059 1302 parvulus,
1087 1241 1141 1287 et
1171 1232 1429 1289 rrmlieres
1456 1232 1753 1289 interﬁcite
1784 1233 1855 1288 ad
1886 1232 1972 1287 in-

381 1322 782 1378 ternecionem.
824 1323 1004 1393 Super
1050 1339 1249 1381 onmcs
1272 1331 1480 1389 autem,
1522 1340 1689 1396 super
1713 1339 1855 1395 quos
1889 1331 1974 1381 est

382 1416 608 1487 signum
665 1433 870 1482 meum,
923 1434 994 1474 ne
1042 1418 1498 1489 appropinquetis
1518 1418 1630 1473 ".o
1686 1416 1973 1475 Sacriﬁcia

382 1518 568 1565 autem
620 1508 729 1565 illis
770 1508 1024 1566 iacienda
1059 1511 1427 1582 praescripsit,
1483 1526 1596 1567 non
1643 1510 1794 1582 quod
1828 1509 1974 1566 Deus

383 1601 678 1658 sacriﬁciis
733 1602 1182 1675 holocaustisque
1227 1603 1518 1675 indigeret,
1553 1604 1650 1660 sed
1684 1604 1816 1675 quia
1845 1619 1973 1659 cum

2065 500 2215 567 ώπου
2248 499 2422 565 τόξου.
2460 518 2483 552 ι
2516 500 2797 571 Ἰεζεκιὴλ,
2824 520 2844 553 ς
2882 500 2975 554 Υἱὲ
3003 500 3315 571 ἀνθρώπου,
3350 498 3525 552 δίελθε
3556 500 3653 569 μέ-

2066 605 2159 644 σον
2185 589 2284 661 τὴν
2312 590 2688 662 Ἰερουσαλὴμ,
2716 592 2810 645 καὶ
2836 590 2927 655 δὸς
2955 590 3018 645 τὸ
3045 593 3269 661 σημεῖον
3300 591 3396 643 ἐπὶ
3420 588 3488 643 τὰ
3520 589 3652 659 μέτ-

2064 697 2192 735 ωπα
2228 681 2306 755 (5)
2336 682 2446 736 τῶν
2477 683 2802 754 ἀνθρώπων,
2828 683 2938 738 τῶν
2975 683 3362 748 στεναζόντων,
3387 683 3487 735 καὶ
3516 698 3651 736 κατ-

2065 773 2439 845 ωδυνωμένων
2474 776 2571 830 ἐπὶ
2601 778 2723 841 ταῖς
2768 776 3042 840 ἀδικίαις,
3081 779 3204 840 ταῖς
3245 776 3564 845 γινομέναις
3596 776 3654 827 ὲν

2071 864 2221 938 μέσῳ
2268 866 2468 922 αὐτῶν.
2503 888 2523 920 ι
2556 868 2668 922 Καὶ
2689 868 2873 934 πάλιν,
2906 887 2927 919 ι
2955 869 3054 935 Ἓξ
3079 869 3271 940 ἄνδρες
3289 869 3521 939 ἧρχοντο
3545 865 3656 920 ἀπὸ

2065 956 2168 1025 τῆς
2201 954 2377 1027 πύλης
2401 956 2504 1027 τὴς
2530 956 2831 1029 βλεπούσης
2864 956 3001 1029 πρὸς
3038 958 3262 1030 βορρᾶν,
3293 958 3390 1012 καὶ
3422 957 3654 1011 ἑκάστου

2069 1053 2102 1121 ἡ
2132 1048 2304 1115 πέλυξ
2332 1050 2392 1102 ὲν
2412 1044 2478 1121 τῇ
2507 1050 2652 1121 χειρὶ
2673 1050 2840 1105 αὐτοῦ
2867 1052 2966 1121 (6)·
2998 1051 3286 1113 ἀκούοντες
3309 1050 3386 1120 (7)
3422 1046 3656 1120 πορεύε-

2072 1142 2166 1196 σθε
2190 1144 2270 1205 εἰς
2297 1142 2399 1214 τὴν
2424 1141 2601 1207 πόλιν,
2627 1143 2722 1197 καὶ
2750 1143 3002 1205 κόπτετε,
3035 1143 3130 1196 καὶ
3160 1142 3235 1214 μὴ
3262 1140 3521 1212 φείσασθε
3544 1141 3657 1204 τοῖς

2070 1234 2370 1305 ὀφθαλμοῖς
2418 1234 2597 1306 ὑμῶν.
2642 1235 2738 1289 καὶ
2790 1234 2866 1306 μὴ
2915 1235 3210 1306 ἐλεήσητε·
3261 1232 3654 1304 πρεσϐύτερον,

2069 1325 2171 1380 καὶ
2198 1324 2500 1390 νεανίσκον,
2529 1325 2625 1380 καὶ
2666 1324 2935 1397 παρθένον
2963 1324 3063 1394 (8),
3088 1324 3187 1380 καὶ
3208 1325 3400 1396 νήπια,
3430 1324 3525 1379 καὶ
3555 1341 3656 1393 γυ-

2072 1420 2268 1479 ναῖκας
2291 1418 2647 1471 ἀποκτείνατε
2674 1416 2749 1487 (9)
2780 1416 2861 1481 είς
2884 1416 3183 1487 ἒξάλειψινο
3206 1416 3301 1470 ἐπὶ
3325 1416 3383 1471 δὲ
3412 1416 3624 1479 πάντας
3641 1456 3657 1478 ,

2073 1511 2159 1580 ἐφ’
2188 1509 2283 1575 οὖς
2320 1512 2440 1564 ἐστι
2463 1509 2525 1563 τὺ
2551 1509 2777 1580 σημεῖόν
2810 1527 2934 1581 μου,
2966 1510 3041 1581 μὴ
3070 1509 3352 1582 ὲγγίσητε.
3385 1529 3407 1562 ι
3441 1508 3578 1580 Περὶ
3600 1508 3661 1562 δὲ

2073 1603 2170 1659 τοῦ
2197 1604 2347 1658 θύειν
2383 1605 2581 1667 αὐτοὺς
2625 1603 2841 1675 εἴρηται
2860 1645 2875 1667 ,
2903 1603 3002 1674 οὐχ
3028 1604 3109 1656 ὅτι
3151 1605 3180 1657 ὁ
3210 1602 3344 1667 Θεὸς
3369 1602 3537 1655 ἐδεῖτο
3563 1602 3661 1654 θυ-

384 1694 630 1752 Levitica
679 1697 858 1753 tribus
898 1705 1106 1753 sortem
1146 1698 1198 1751 in
1235 1697 1624 1767 promissionis
1665 1707 1815 1752 terra
1862 1713 1971 1751 non

2084 1699 2230 1767 σιῶν,
2257 1699 2291 1771 ἢ
2318 1697 2805 1766 ὁλοκαυτωμάτων,
2827 1695 2942 1750 ἀλλ’
2959 1696 3150 1768 ἐπειδὴ
3176 1697 3211 1766 ἡ
3234 1693 3497 1765 Λευῖτικὴ
3521 1692 3662 1765 φυλὴ

356 1790 639 1853 haberet,
691 1791 897 1861 quippe
944 1790 1089 1861 quod
1132 1790 1250 1862 ipse
1301 1790 1453 1857 Deus,
1500 1807 1624 1848 sors
1664 1792 1788 1861 ejus
1830 1802 1972 1857 erat,

386 1881 532 1938 hanc
582 1883 667 1943 eis
702 1884 963 1939 alimenta
1007 1884 1110 1941 sibi
1153 1885 1514 1955 comparandi
1560 1886 1831 1941 rationem
1871 1886 1976 1940 tri-

385 1973 546 2041 buit;
575 1974 799 2030 nolebat
830 1976 977 2031 enim
1001 1992 1098 2033 eos
1119 1977 1212 2047 qui
1246 1976 1559 2032 sacerdotio
1589 1974 1973 2047 fungerentur,

388 2065 578 2123 labore
613 2081 901 2135 manuum,
936 2070 1311 2140 negotiatione
1342 2069 1580 2138 aliisque
1615 2068 1979 2124 fraudulentis

387 2160 604 2215 artibus
637 2158 736 2215 ali.

902 2271 1020 2328 XV.
1053 2271 1128 2325 De
1160 2270 1463 2340 Evangelia.

461 2383 657 2448 David,
693 2404 712 2439 ε
733 2386 1002 2443 Dominus
1036 2387 1187 2442 dabit
1220 2389 1446 2443 verbum
1476 2386 1981 2457 evangelizantibus

388 2477 594 2534 virtute
618 2480 788 2533 multa
811 2482 879 2534 ".
905 2501 923 2532 ι
964 2480 1028 2534 Ει
1058 2497 1275 2545 rursus,
1316 2499 1334 2531 ι
1356 2480 1531 2546 Quam
1556 2479 1791 2549 speciosi
1818 2480 1980 2549 pedes

386 2573 887 2645 evangelizantium
920 2590 1109 2644 pacem
1134 2576 1214 2628 ⁵⁸1
1240 2595 1259 2626 ι

497 2685 647 2743 XVI.
678 2687 758 2743 De
787 2687 1531 2771 incredulitate:ludrvorum,
1563 2700 1612 2744 et
1650 2687 1892 2743 Ecclesia

1058 2769 1317 2829 gentium.

461 2849 637 2907 Isaias
670 2849 766 2906 Dei
812 2851 1057 2921 nomine,
1097 2850 1324 2921 (Neque
1368 2851 1538 2916 nosti,
1574 2865 1753 2918 neque
1801 2849 1981 2915 scisti,

356 3000 362 3009 ,
389 2959 572 3014 neque
592 2958 623 2997 a
651 2944 924 3012 principio
946 2943 1141 3013 aperui
1174 2957 1336 2997 aures
1359 2951 1484 2997 tuas
1510 2959 1526 3007 ;
1555 2957 1816 2997 noveram
1837 2941 1982 2996 enim

391 3035 661 3105 «inueniam
677 3034 1044 3104 prawaricans
1068 3034 1516 3104 prmvaricaberis
1538 3035 1605 3089 ‘9.
1628 3054 1646 3086 ι
1678 3034 1742 3088 Et
1766 3049 1981 3097 rursus,
2012 3072 2059 3131 ο

394 3146 419 3178 4
445 3125 696 3196 Magnum
731 3142 930 3180 nomen
965 3127 1089 3195 ejus
1119 3128 1171 3181 in
1208 3126 1485 3195 gentibus,
1519 3137 1569 3180 et
1601 3126 1653 3179 in
1681 3126 1830 3180 omni
1864 3126 1985 3181 loco

394 3217 686 3273 incensum
711 3219 941 3274 offertur
970 3220 1177 3275 nomini
1213 3236 1355 3283 meo,
1382 3228 1435 3275 et
1465 3218 1796 3275 sacriﬁcium
1827 3234 1988 3274 mun-

391 3313 657 3368 dum'°.o
696 3313 974 3377 Michazas,
1014 3314 1121 3368 «Et
1166 3315 1272 3369 erit
1304 3315 1357 3369 in
1410 3314 1727 3368 novissimis
1773 3313 1986 3367 dierum

396 3406 728 3462 manifestus
777 3422 937 3463 mons
979 3406 1217 3469 Domini,
1269 3413 1610 3476 praeparatus
1665 3420 1833 3475 super
1867 3420 1991 3459 ver--

396 3498 541 3555 tices
559 3500 852 3566 mentium,
876 3507 934 3555 et
951 3496 1256 3554 elevabitur
1276 3514 1442 3569 super
1461 3498 1667 3564 colles;
1688 3507 1742 3551 et
1762 3496 1990 3551 festina-

400 3593 541 3647 bunt
568 3592 638 3648 ad
679 3608 807 3648 eum
841 3593 1051 3663 populi,
1080 3600 1135 3647 et
1172 3593 1331 3647 ibunt
1363 3598 1553 3661 gentes
1588 3591 1793 3655 multae,
1828 3597 1883 3644 et
1914 3589 1994 3644 di-

400 3690 565 3739 cent:
604 3682 820 3751 Venite,
869 3685 1238 3741 ascendamus
1265 3684 1333 3739 ad
1374 3690 1615 3738 montem
1651 3680 1890 3745 Domini,
1940 3689 1995 3736 et

399 3777 471 3831 ad
498 3777 721 3831 domum
745 3777 836 3833 Dei
860 3776 1069 3845 Jacob;
1100 3786 1155 3833 ct
1176 3776 1569 3832 illuminabunt
1602 3790 1704 3829 nos
1724 3773 1829 3827 viis
1849 3772 1991 3843 ejus,

398 3870 534 3939 quia
567 3871 636 3926 de
669 3871 800 3927 Sion
827 3872 973 3927 exiet
1004 3872 1111 3935 lex,
1137 3881 1190 3926 et
1220 3870 1450 3925 verbum
1486 3867 1704 3921 Domini
1741 3866 1809 3919 de
1834 3864 1995 3920 Jeru-

402 3965 576 4019 salem
602 3964 715 4020 σί.»
765 3963 1055 4029 Jeremias,
1096 3963 1202 4017 cEt
1249 3962 1389 4017 dixit
1436 3961 1707 4015 Dominus
1757 3959 1825 4012 ad
1873 3973 1993 4022 me;

404 4055 550 4113 Ecce
578 4056 704 4113 dedi
734 4059 901 4113 verba
929 4072 1052 4112 mea
1076 4056 1132 4112 in
1162 4071 1226 4113 os
1260 4064 1415 4111 tuum
1445 4071 1462 4120 ;
1493 4069 1624 4109 ecce
1656 4049 1922 4108 constitui
1944 4057 1998 4104 te

403 4150 573 4207 hodie
602 4165 773 4221 super
801 4161 992 4221 gentes
1018 4158 1073 4205 et
1104 4164 1272 4219 super
1309 4164 1488 4219 reges,
1526 4155 1586 4201 ut
1624 4144 1897 4204 eradices,
1942 4151 1997 4197 et

401 4242 729 4310 detrunces,
745 4253 803 4299 et
818 4242 1128 4314 disperdas,
1157 4252 1213 4297 et
1245 4242 1544 4299 reazdilices
1564 4248 1619 4294 et
1644 4238 1862 4307 plantes
1884 4235 1951 4288 θ’,
1974 4252 1990 4283 ι

406 4334 470 4391 Si
506 4336 623 4391 haec
663 4335 731 4392 de
759 4333 995 4391 Jeremia
1038 4334 1187 4389 dicta
1231 4341 1384 4395 sunt,
1430 4345 1619 4400 ecqua:
1671 4342 1837 4399 regna
1894 4326 1999 4379 iste

404 4429 629 4494 evertit,
672 4434 769 4483 aut
815 4441 956 4498 quas
993 4433 1187 4497 gentes
1235 4423 1513 4496 perdidit?
1541 4420 1744 4476 Verum
1783 4419 1852 4474 de
1889 4414 1996 4469 Do-

2077 1791 2179 1843 οὐκ
2208 1786 2321 1861 εἶχε
2348 1789 2553 1860 κλῆρον
2585 1788 2645 1840 ὲν
2665 1790 2732 1858 τῇ
2758 1789 2830 1858 γῇ
2856 1788 2955 1856 τῆς
2985 1785 3324 1855 ἐπαγγελίας
3343 1825 3359 1847 ,
3393 1785 3477 1838 ὅτι
3502 1784 3664 1847 αὐτὸς

2078 1882 2108 1934 ὀ
2134 1880 2266 1944 Θεὸς
2311 1880 2511 1951 κλῆρος
2557 1876 2765 1947 αὐτῆς,
2802 1874 3007 1947 ταύτην
3034 1874 3236 1929 ἔδωκεν
3269 1875 3453 1938 αὐτοῖς
3495 1875 3576 1935 εἰς
3603 1869 3666 1923 τὸ

2079 1975 2373 2047 τρέφεσθαι
2400 1973 2693 2045 πρόφασιν·
2721 1971 2824 2025 οὐκ
2847 1969 3098 2024 ἐϐούλετο
3126 1969 3234 2042 γὰρ
3272 1969 3470 2031 αὐτοὺς
3516 1969 3666 2035 ἱερα-

2080 2069 2356 2133 τεύοντας,
2391 2068 2498 2121 ἀπὸ
2524 2068 2687 2122 πόνου
2727 2065 2820 2120 καὶ
2847 2062 3229 2135 πραγματείας
3247 2103 3263 2129 ,
3296 2062 3463 2130 ἤγουν
3487 2075 3667 2127 καπη-

2080 2161 2249 2226 λείας,
2281 2160 2599 2231 τρέφεσθαι.

2456 2273 2557 2326 IE'.
2599 2271 2738 2340 Περὶ
2767 2269 2876 2325 τοῦ
2904 2265 3289 2339 Εὐαγγελίου.

2153 2388 2351 2450 Δαϐὶδ,
2406 2407 2423 2437 ι
2466 2368 2677 2452 Κύριος
2713 2384 2877 2440 δώσει
2908 2383 3061 2454 ῥῆμα
3093 2382 3207 2442 τοῖς
3246 2374 3667 2446 εὐαγγελιζομέ-

2083 2500 2194 2547 νοις
2243 2481 2471 2551 δυνάμει
2518 2479 2708 2549 πολλῇ.
2750 2496 2768 2528 ι
2804 2477 2915 2531 Καὶ
2950 2475 3134 2539 πάλιν,
3193 2490 3212 2524 ι
3258 2472 3348 2534 Ὠς
3393 2470 3582 2541 ὡραῖοι
3620 2469 3669 2520 οἱ

2085 2576 2245 2639 πόδες
2269 2574 2377 2627 τῶν
2407 2571 2903 2641 εὐαγγελιζομένων
2930 2567 3187 2640 εἰρήνηνῑ
3232 2584 3249 2614 ι

2086 2690 2204 2757 ις’.
2231 2690 2373 2758 Περὶ
2416 2688 2527 2755 τῆς
2549 2686 2846 2758 ἀπιστίας
2880 2684 3000 2758 τῶν
3035 2682 3360 2758 Ἰουδαίων,
3405 2679 3503 2732 καὶ
3533 2675 3668 2744 περὶ

2496 2757 2615 2810 τῶν
2641 2755 2832 2809 ἐθνῶν
2876 2754 3266 2819 Ἐκκλησίας.

2170 2852 2396 2914 Ἡσαΐας
2418 2852 2478 2903 ἐκ
2501 2847 2792 2920 προσώπου
2814 2845 2907 2899 τοῦ
2931 2844 3089 2907 Θεοῦ,
3123 2864 3139 2893 ι
3166 2842 3303 2896 Οὔτε
3327 2842 3517 2909 ἔγνως,
3541 2838 3667 2892 οὔτε

2088 2945 2360 3015 ἠπίστασο
2390 2941 2535 3012 (ill),
2562 2940 2686 2994 οὔτε
2723 2940 2818 2993 ἀπ’
2866 2938 3040 3009 ἀρχῆς
3078 2934 3265 3007 ἤνοιξὰ
3296 2935 3409 3002 (11)
3459 2950 3551 2985 σου
3605 2932 3674 2984 τὰ

2088 3032 2223 3092 ὦτα·
2246 3037 2394 3108 ᾔδειν
2426 3036 2529 3106 γὰρ
2550 3076 2564 3097 ,
2594 3034 2676 3087 ὅτι
2708 3031 2951 3086 ἀπειθῶν
2988 3029 3305 3099 ἀπειθήσεις
3334 3027 3465 3098 (12).
3509 3046 3527 3077 ι
3567 3027 3675 3079 Καὶ

2094 3130 2277 3190 πάλιν,
2315 3147 2333 3179 ι
2368 3129 2526 3193 Μέγα
2549 3125 2612 3179 τὸ
2640 3125 2812 3193 ὄνομα
2837 3122 3003 3179 αὐτοῦ
3030 3124 3086 3175 ὲν
3106 3123 3217 3183 τοῖς
3238 3120 3415 3173 ἔθνεσι
3439 3119 3549 3188 (15)
3581 3119 3675 3171 καὶ

2092 3227 2149 3278 ὲν
2195 3222 2355 3276 παντὶ
2399 3219 2554 3290 τόπῳ
2595 3218 2850 3289 θυμίαμα
2904 3216 3273 3287 προσφέρεται
3326 3213 3404 3285 τῷ
3447 3211 3674 3284 ὀνόματί

2096 3335 2220 3387 μου,
2256 3313 2351 3368 καὶ
2381 3311 2540 3365 θυσία
2572 3310 2809 3381 καθαρά.
2852 3328 2872 3362 ι
2909 3308 3173 3378 Μιχαίας,
3211 3326 3229 3357 ι
3268 3307 3380 3359 Ka‘t
3408 3305 3557 3360 ἔσται
3580 3306 3675 3373 ¹ἐπ’

2093 3408 2335 3480 ἐσχάτων
2360 3404 2467 3459 τῶν
2494 3402 2719 3475 ἡμερῶν
2740 3401 2982 3473 ἐμφανὲς
3024 3400 3085 3453 τὸ
3120 3399 3247 3470 ὅρος
3274 3399 3502 3470 Κυρίου,
3536 3398 3649 3451 ἓτοι
3666 3425 3678 3435 -

2096 3517 2195 3569 μον
2222 3498 2314 3551 ἐπὶ
2345 3498 2444 3560 τὰς
2469 3494 2719 3565 κορυφὰς
2748 3493 2858 3546 τῶν
2889 3494 3083 3563 ὀρέων,
3119 3492 3215 3545 καὶ
3244 3490 3678 3561 μετεωρισθήσε-

2093 3609 2184 3644 ται
2214 3588 2468 3660 ὑπεράνω
2510 3586 2622 3639 τῶν
2655 3584 2879 3655 βουνῶν·
2922 3584 3017 3636 καὶ
3060 3581 3358 3635 σπεύσουσι
3388 3581 3501 3649 (11)
3543 3578 3678 3650 πρὸς

2094 3680 2226 3735 αὐτὸ
2256 3680 2397 3741 λαοὶ,
2428 3675 2524 3730 καὶ
2558 3675 2920 3745 πορεύσονται
2948 3672 3076 3743 ἔθνη
3109 3671 3299 3733 πολλὰ,
3329 3670 3425 3723 καὶ
3458 3669 3675 3739 ἐροῦσι,

2094 3775 2248 3829 δεῦτε
2264 3771 2555 3841 ἀναδῶμεν
2580 3771 2660 3833 εἰς
2686 3769 2746 3821 τὸ
2772 3768 2897 3838 ὅρος
2921 3766 3154 3836 Κυρίου,
3180 3765 3274 3818 καὶ
3302 3765 3384 3827 εἰς
3413 3763 3503 3815 τὸν
3531 3757 3676 3815 οἷκον

2095 3861 2189 3915 τοῦ
2236 3860 2369 3914 Θεοῦ
2430 3858 2662 3913 Ἰακώϐ’
2709 3859 2803 3910 καὶ
2848 3854 3145 3925 φωτιοῦσιν
3185 3854 3334 3923 ἡμᾶς
3385 3855 3505 3915 ταῖς
3540 3852 3677 3915 ὁδοῖς

2098 3952 2263 4006 αὐτοῦ
2288 3950 2418 4020 (15)·
2448 3951 2530 4003 ὃτι
2558 3951 2624 4002 ἐκ
2647 3947 2786 4000 Σιὼν
2819 3943 3160 4010 ἐξελεύσεται
3181 3942 3367 4012 νόμος,
3400 3941 3493 3994 καὶ
3523 3940 3678 4007 λόγος

2074 4042 2303 4108 ΔΚυρίου
2327 4041 2387 4105 ἐξ
2421 4038 2797 4108 Ἰερουσαλήμ.
2831 4053 2851 4087 ι
2886 4032 3157 4104 Ἱερεμίας
3186 4031 3298 4103 (16)
3323 4071 3338 4096 ,
3374 4050 3392 4083 ι
3416 4031 3525 4085 Ka‘t
3557 4024 3677 4082 εἶπε

2099 4133 2303 4204 Κύριος
2333 4131 2470 4201 πρός
2509 4148 2606 4201 με.
2640 4129 2747 4183 ἰδοὺ
2776 4126 2984 4181 δέδωκα
3008 4126 3137 4188 τοὺς
3162 4125 3352 4192 λόγους
3383 4140 3483 4195 μου
3517 4123 3576 4175 ὲν
3607 4122 3681 4192 τῷ

2102 4225 2328 4296 στόματί
2354 4241 2449 4277 σου
2468 4241 2483 4254 ·
2521 4224 2630 4277 ἰδοὺ
2664 4221 2978 4292 κατέστησά
3007 4237 3067 4273 σε
3111 4221 3353 4289 σήμερον
3398 4218 3485 4270 ἐπ’
3514 4216 3642 4285 ἔθνη
3665 4257 3679 4277 ,

2101 4318 2199 4372 καὶ
2232 4316 2470 4387 βασιλεῖς
2511 4314 2784 4385 ὲκριζοῦν,
2816 4313 2911 4367 καὶ
2964 4312 3360 4374 κατακόπτειν,
3394 4310 3490 4365 καὶ
3515 4310 3681 4364 ἁπυλ-

2102 4410 2271 4476 λύειν,
2298 4408 2394 4461 καὶ
2422 4406 2813 4477 ἀνοικοδομεῖν,
2844 4406 2941 4461 καὶ
2973 4404 3393 4460 καταφυτεύειν.
3426 4423 3447 4457 ο
3493 4404 3605 4457 Καὶ
3634 4404 3684 4456 εί

481 4592 531 4626 ³⁸
555 4591 698 4647 Psal.
730 4604 843 4650 ιλιι.
867 4588 920 4642 6.
997 4587 1045 4622 ⁸⁵
1074 4586 1274 4642 Ezech.
1310 4603 1386 4649 ιι,
1411 4601 1468 4640 4.
1544 4585 1590 4616 ⁸⁸
1615 4582 1749 4637 ibid.
1775 4581 1834 4641 2,
1861 4579 1915 4633 5.

2084 4573 2208 4628 ’sal.
2243 4585 2411 4650 Livii,
2434 4569 2520 4621 12.
2598 4569 2644 4599 ’⁸³
2680 4567 2784 4623 lsa.
2817 4583 2918 4633 ιιι,
2953 4567 3019 4634 7;
3055 4568 3211 4621 liom.
3246 4583 3301 4629 κ,
3335 4566 3422 4620 15.
3500 4567 3546 4599 "9
3580 4564 3682 4619 lsa.

414 4678 608 4728 vam,
638 4663 694 4716 8.
780 4660 826 4690 ⁶⁰
864 4659 1100 4713 Malach.
1130 4675 1168 4721 ι,
1196 4660 1283 4713 11.

1386 4658 1429 4689 ⁶¹
1460 4655 1624 4711 Micli.
1659 4671 1736 4717 ιν,
1770 4654 1820 4717 1,
1851 4651 1905 4703 2.
1986 4648 2031 4678 θ’
2054 4643 2168 4700 Jer.
2201 4658 2241 4709 l,
2271 4642 2357 4695 10.

487 4800 565 4868 (Si)
588 4799 814 4871 Siphani
853 4798 1051 4863 codex,
1078 4808 1134 4853 et
1162 4796 1460 4853 Vaticanus
1487 4794 1763 4852 recentior
1817 4790 1909 4844 ἐπὶ
1936 4789 1985 4841 τὶ

2312 4782 2557 4871 ἰξοηιιτιιιξι
2584 4782 2756 4871 οάὶ¹ιίο
2783 4782 3022 4871 ἠπίστω..

418 4875 688 4947 μέτῳτῖτὲντ

489 4945 568 5015 (6)
590 4943 728 4997 Male
749 4942 803 5015 in
828 4938 1120 5015 recentiori
1144 4937 1432 5015 Vaticano,
1451 4938 1557 5015 _xa‘t
1571 4937 1800 5015 ἔκαστος
1830 4929 2004 4995 πέλυξ

414 5017 537 5070 ἐστὶ

492 5018 537 5070 τὶ
560 5017 625 5086 τῆ
655 5017 801 5084 χειρὶ
829 5017 1022 5067 αὑτοῦ.
1056 5017 1335 5079 Siphanus
1363 5017 1491 5079 legit
1509 5017 1744 5075 εκαστῳ.

492 5087 569 5157 (7)
599 5071 700 5157 llic
721 5085 954 5157 multum
977 5081 1265 5157 discrepat
1289 5082 1457 5157 editzo
1474 5079 1743 5157 Romana,
1760 5073 2005 5157 quzenha~

421 5144 664 5219 ltet,'xa‘t
698 5154 908 5215 τούτοις
947 5147 1101 5204 εἶπεν
1135 5144 1425 5215 ἁίιούοντός
1485 5166 1609 5218 μου.
1663 5144 1818 5216 Apud
1849 5144 2003 5219 [Γριζ-

422 5214 710 5282 tullianum
742 5214 923 5279 tamen
954 5222 1077 5276 adv.
1107 5219 1239 5277 Jud.
1285 5214 1415 5293 cap.
1463 5214 1523 5276 [1
1568 5214 1786 5289 legitur,
1841 5214 1910 5269 Et
1951 5216 2003 5268 in

425 5301 507 5352 his
532 5297 669 5351 dixit
697 5295 766 5349 ad
794 5295 1117 5349 audientem.

497 5368 576 5436 (8i
596 5364 1084 5436 Cudexantiquiur
1117 5364 1212 5417 καὶ
1241 5362 1609 5436 παρθένους
1638 5358 1733 5414 sed
1756 5431 1763 5436 _
1786 5359 1842 5413 in
1884 5357 2007 5436 sin-

427 5426 957 5509 gulari,_na90évov,
977 5435 1148 5509 habet
1188 5426 1351 5509 etiam
1406 5433 1631 5509 Tertull.
1697 5431 1837 5489 adv.,
1862 5426 1999 5509 illud.

430 5500 553 5577 cap.
584 5500 1002 5577 ll,Cj'prianus
1035 5505 1161 5558 adv.
1196 5506 1417 5559 eosdem
1443 5503 1539 5558 lib.
1575 5520 1635 5567 ιι,
1696 5516 1819 5572 cap.
1858 5500 1934 5553 Ἡ
1950 5507 2006 5554 et

432 5578 584 5634 alibi.

503 5648 583 5718 (9)
615 5646 844 5717 Sipliani
876 5646 1049 5701 codex
1079 5655 1133 5701 et
1161 5644 1439 5718 recentior
1454 5642 1588 5718 Vat.
1613 5662 1707 5718 και
1744 5641 2004 5718 arronei-

433 5714 593 5773 νατε·
618 5714 714 5774 sed
743 5733 865 5772 eam
892 5719 1215 5786 particulam
1254 5730 1357 5771 nec
1378 5716 1545 5771 editio
1571 5714 1711 5769 LXX
1742 5716 2001 5782 lntcrpr.,

431 5806 541 5850 nec
578 5789 975 5855 Tertullianus,
1007 5787 1427 5859 net-Cyprianus
1459 5787 1681 5842 habent.

655 5014 801 5084 χειρὶ
829 5012 1035 5084 αὑτοῦ.
1056 5007 1744 5084 Siphanuslegitéxaarqi.

2179 4851 2290 4925 (11)
2327 4852 2554 4923 Siphani
2583 4852 2778 4917 codex,
2804 4863 2862 4908 ct
2894 4852 3194 4907 Vaticanus
3227 4852 3524 4916 recentior,
3545 4851 3689 4922 ἠνοι-

2109 4925 2223 4990 ξας,
2263 4924 2534 4990 aperuisti.

2140 4943 2223 4989 ας,
2263 4934 2534 4989 aperuisti.

2181 4942 2785 5060 ilﬂnglliiiohﬂomana
2813 4992 2958 5049 LXX
2991 4993 3223 5064 lnterpr.
3262 4993 3437 5062 ἔγνων
3466 4991 3576 5063 γὰρ
3603 4992 3687 5045 ὅτι

2109 5066 2320 5120 ἀθετῶν
2352 5066 2658 5135 ἀθετήσεις.

2182 5132 2513 5203 (15)(ὶοι1α
2536 5132 2831 5192 Vaticanus
2854 5135 3152 5199 recentior,
3184 5135 3279 5188 ἐπὶ
3319 5137 3431 5196 τοῖς
3485 5132 3686 5187 ἔθνεσι.

2110 5207 2232 5262 Mox
2264 5210 2317 5261 in
2339 5206 2625 5262 vetustiori
2661 5206 2816 5262 deest
2866 5206 3037 5276 τόπῳ,
3073 5207 3316 5269 librarii,
3349 5215 3409 5259 ut
3446 5203 3686 5267 videtur,

2111 5294 2320 5333 υΓΙῚΠὌ.

2185 5349 2299 5415 (Ml
2328 5346 2464 5401 Male
2491 5347 2664 5417 codex
2689 5347 2970 5417 antiquior
2989 5362 3293 5417 σπεισουσι.

2186 5413 2298 5483 (15)
2340 5419 2415 5470 Ita
2468 5426 2524 5471 et
2566 5413 2977 5483 Justinus'legit
3004 5418 3057 5472 in
3082 5416 3232 5471 Dial.
3265 5431 3385 5470 cum
3411 5413 3689 5486 Trypltone

2113 5505 2237 5561 pag.
2256 5488 2395 5561 359,
2421 5486 2517 5543 sed
2550 5488 2831 5561 liabetjtijv
2852 5488 2969 5561 ὁδὸν
3006 5489 3192 5561 αὐτοῦ.

2185 5556 2299 5629 (16)
2342 5558 2521 5613 Locus
2573 5558 2675 5613 iste
2704 5556 2954 5614 Jcrcmia:
2984 5559 3150 5629 paulo
3195 5556 3432 5629 diversis
3460 5556 3687 5629 Avernis,

2114 5625 2208 5687 sed
2233 5625 2422 5686 eadem
2467 5629 2581 5708 fere
2609 5645 2777 5685 sensu
2809 5625 3010 5701 legitur
3048 5631 3102 5687 iu
3136 5630 3382 5688 Romana
3416 5626 3555 5682 LXX
3603 5625 3691 5680 ln-

2114 5709 2413 5774 tcrpretum
2451 5700 2712 5756 editione.
