4096 6354
493 341 600 399 225

1527 340 1949 398 TESTIMONIA
1984 339 2360 397 ADVERSUS
2419 330 2495 397 δι]
2508 339 2732 396 D/EOS.

3654 337 3769 394 εεο

481 455 656 511 ταῦτα
674 458 802 529 περὶ
830 460 1118 530 Ἰερεμίου,
1153 461 1310 524 ποίας
1334 460 1611 530 βασιλείας
1640 459 2066 532 ἐξερῤίζιι›σεν,ἢ

2177 458 2324 512 mino
2363 457 2510 512 dicta
2543 465 2694 520 sunt,
2742 456 2835 525 qui
2866 455 2923 510 in
2965 458 3116 510 onmi
3160 453 3303 510 ﬁdeli
3341 452 3525 506 anima
3569 451 3766 505 adver-

482 551 612 601 ποῖα
645 549 771 621 ἔθνη
794 551 1075 604 ἀπώλεσεν
1095 569 1110 617 ;
1149 553 1309 608 ’Λλλά
1333 553 1578 624 περὶτοῦ
1594 553 1802 624 Κυρίου
1829 553 2066 626 εἴρηται,

481 641 883 712 ὲκριζώσαντος
922 645 1032 698 ἀπὸ
1071 646 1251 716 πάσης
1294 647 1475 717 ψυχῆς
1516 644 1878 716 πιστευούσης
1921 643 2070 714 αὐτῷ

483 731 581 806 τὴν
627 733 904 804 βασιλείαν
924 736 1020 790 τοῦ
1067 738 1502 810 Ἀντικειμένου,
1530 738 1590 800 ὃς
1631 735 1968 806 κατέστρεψε
2001 735 2072 788 τὰ

483 827 897 900 οἰκοδομήματα
921 830 1022 900 τῆς
1048 831 1266 894 κακίας,
1300 833 1395 883 κοιλ⁵
1423 829 1531 883 τῶν
1561 829 1853 900 μοχθηρῶν
1875 829 2071 898 δογμά-

481 917 591 969 τῶν
615 918 748 988 (Π),
790 921 1205 991 καταφυτεύσας
1227 919 1294 973 τὰ
1330 920 1634 991 κρείττονα.
1662 919 1846 982 Δαϐιδ,
1889 938 1907 969 ι
1953 918 2073 971 '1’?)-

485 1008 576 1060 σαί
626 1025 694 1078 με
733 1007 793 1072 ἐξ
833 1008 1143 1077 ἀντιλογίας
1163 1008 1315 1071 λαοῦ,
1355 1010 1718 1079 καταστήσεις
1753 1026 1820 1078 με
1858 1009 1938 1071 εἰς
1982 1026 2073 1062 κερ

484 1100 660 1172 φαλὴν
684 1101 874 1155 ἐθνῶν.
901 1100 1066 1165 Λαδς,
1094 1102 1153 1154 ὃν
1178 1101 1278 1155 οὐκ
1305 1100 1499 1170 ἔγνων,
1535 1101 1814 1154 ὲδούλευσέ
1839 1117 1928 1171 μοι
1950 1116 1962 1129 ⁸
1993 1103 2071 1164 εἰς

483 1193 654 1264 ἀκοὴν
687 1192 850 1246 ὠτίου
876 1193 1155 1264 ὑπήκουσέ
1182 1211 1307 1263 μουο
1337 1194 1442 1246 υίοὶ
1472 1192 1742 1262 ἀλλότριοι
1775 1191 2072 1261 ἐψεύσαντό

489 1303 578 1354 μοι
608 1285 718 1355 (IS)
742 1303 757 1316 ·
783 1285 888 1338 υἱοὶ
913 1285 1184 1355 ἀλλότριοι
1213 1284 1634 1356 ἐπαλαιώθησαν
1670 1286 1765 1337 καὶ
1795 1283 2071 1353 ἐχώλαναν

486 1377 594 1428 ἀπὸ
628 1376 735 1429 τῶν
767 1377 971 1448 τρίϐων
991 1377 1194 1431 αὐτῶν.
1234 1396 1254 1429 ι
1288 1377 1530 1446 Μωῦσῆς
1559 1379 1624 1429 ὲκ
1649 1375 1940 1446 προσώπου
1975 1376 2068 1427 τοῦ

481 1469 622 1522 Θεοῦ
655 1468 793 1539 πρὸς
837 1468 1124 1539 Ἀϐραὰμ,
1158 1489 1176 1519 ι
1216 1470 1327 1522 Καὶ
1362 1467 1878 1538 ὲνευλογηθήσονται
1901 1469 1959 1520 ἐν
1990 1469 2072 1520 σοὶ

490 1561 669 1614 πάντα
694 1561 763 1613 τὰ
793 1560 1005 1631 πέρατα
1033 1561 1438 1631 (19)τῆςγῆς.›
1471 1560 1582 1612 Καὶ
1608 1560 1768 1613 πάλιν
1796 1601 1812 1623 ,
1854 1578 1872 1609 ι
1912 1560 2069 1610 Ἀπο-

489 1654 706 1725 στρέψω
750 1653 812 1707 τὸ
847 1653 1137 1724 πρόσωπόν
1187 1670 1288 1723 μου
1317 1653 1410 1705 ἀπ’
1457 1651 1658 1715 αὐτῶν,
1693 1653 1787 1705 καὶ
1827 1651 1986 1718 δείξω
2022 1652 2072 1704 τί

487 1747 640 1800 ἕσται
683 1747 867 1808 αὐτοῖς
897 1745 983 1798 ἐπ’
1023 1745 1268 1816 ἐσχάτων
1295 1744 1430 1817 (‘20),
1459 1745 1540 1798 ὅτι
1569 1745 1731 1813 γενεὰ
1764 1743 2070 1815 ἐξεστραμ-

2161 550 2306 603 sal-ii
2332 563 2566 618 regnum
2590 548 2808 613 evertit,
2835 547 2929 616 qui
2954 547 3178 600 malitia:
3201 544 3483 598 molimina
3505 542 3764 602 destruit,

2171 652 2225 696 et
2283 656 2668 712 perversurum
2730 641 2855 694 loco
2909 640 3140 694 meliora
3205 639 3462 708 dogmata
3525 636 3760 705 plantat.

2173 733 2362 794 David,
2426 731 2611 787 «Erue
2667 747 2754 786 me
2805 731 2873 786 de
2927 729 3468 785 contradictionibus
3529 727 3764 797 populi;

2173 828 2488 881 constitues
2535 842 2622 879 me
2669 825 2725 878 in
2774 835 2939 894 caput
2991 826 3256 892 gentium.
3303 822 3546 891 Populus
3599 834 3764 888 quem

2174 934 2283 972 non
2323 916 2577 987 cognovi,
2609 917 2838 970 servivit
2869 915 3037 978 mihi;
3072 915 3124 968 in
3166 915 3356 968 auditu
3395 914 3546 966 auris
3574 910 3766 965 obedi-

2176 1011 2252 1063 vit
2283 1010 2438 1064 mihi.
2476 1007 2597 1062 Filii
2629 1009 2794 1064 alieni
2831 1009 3043 1063 mentiti
3081 1017 3212 1061 sunt
3243 1006 3412 1071 mihi;
3456 1005 3553 1059 ﬁlii
3598 1003 3761 1058 alieni

2177 1105 2464 1159 inveterati
2498 1115 2626 1160 sunt
2649 1116 2704 1160 et
2731 1105 3184 1159 claudieaverunt
3211 1120 3238 1154 τι
3272 1100 3486 1155 semitis
3519 1100 3632 1154 suis
3656 1098 3756 1151 ⁸³.»

2175 1194 2392 1266 Moyses
2423 1195 2513 1250 Dei
2547 1195 2770 1250 nomine
2798 1195 2866 1249 ad
2893 1194 3192 1255 Abraham,
3231 1211 3248 1243 ι
3277 1191 3342 1245 Et
3364 1190 3763 1246 benedicentur

2175 1287 2228 1341 in
2253 1298 2306 1342 te
2327 1303 2518 1343 omnes
2548 1288 2767 1342 termini
2799 1296 2960 1342 terra:
2982 1286 3047 1338 σε’.
3070 1305 3089 1336 ι
3122 1285 3187 1338 Et
3213 1299 3429 1346 rursus,
3465 1302 3483 1334 ι
3504 1283 3760 1336 Avertam

2177 1381 2370 1434 faciem
2408 1396 2582 1435 meam
2620 1381 2688 1434 ab
2713 1379 2831 1444 eis;
2871 1388 2926 1432 et
2959 1377 3246 1433 ostendam
3277 1377 3411 1447 quid
3450 1376 3555 1430 erit
3587 1375 3670 1428 eis
3707 1373 3766 1427 in

2179 1473 2520 1536 novissimis,
2562 1472 2824 1542 quoniam
2854 1471 3140 1541 generatio
3185 1475 3585 1539 perversa'esl.
3629 1463 3758 1518 Filii

2177 1567 2381 1637 quibus
2411 1581 2519 1620 non
2549 1573 2636 1620 est
2659 1565 2792 1619 ﬁdes
2823 1563 2879 1617 in
2909 1565 2991 1618 eis
3018 1581 3032 1629 ;
3068 1562 3172 1630 ipsi
3199 1561 3266 1615 ad
3297 1559 3475 1614 zelum
3499 1572 3768 1628 provoca-

2178 1669 2376 1715 veruut
2409 1675 2497 1714 me
2532 1658 2586 1712 in
2611 1672 2720 1712 non
2748 1656 2878 1721 Deo,
2909 1656 3379 1710 exaeerhavcrunt
3409 1668 3494 1706 me
3517 1652 3571 1704 in
3605 1650 3767 1703 idolis

2179 1753 2319 1816 suis,
2351 1761 2406 1806 et
2437 1765 2538 1820 ego
2571 1750 2884 1819 provocabo
2916 1763 3012 1802 eos
3040 1746 3107 1798 ad
3144 1747 3320 1800 zelum
3349 1745 3404 1799 in
3434 1758 3540 1798 non
3567 1751 3765 1811 gente:

491 1838 626 1907 μένη
659 1837 825 1889 ἐστίν.
864 1835 980 1888 Υἱοὶ
1005 1830 1087 1899 οἷς
1112 1837 1211 1889 οὐκ
1240 1836 1353 1890 ἔστι
1393 1836 1575 1899 πίστις
1605 1837 1662 1888 ἐν
1683 1836 1882 1898 αὐτοῖς·
1919 1837 2072 1889 αὐτοὶ

2177 1847 2230 1898 in
2267 1852 2425 1913 gente
2457 1843 2620 1898 stulta
2657 1842 2886 1896 irritabo
2919 1841 3040 1893 illos
3066 1839 3133 1894 ⁸⁵⁵.
3156 1857 3173 1888 ι
3211 1837 3276 1890 Et
3310 1836 3462 1896 alibi,
3499 1853 3518 1886 ι
3541 1833 3718 1896 Dabit,
3741 1855 3764 1883 υ

488 1929 882 2000 παρεζήλωσὰν
912 1929 1022 1998 (9.1)
1062 1947 1128 2000 με
1152 1931 1238 1981 ἐπ’
1268 1931 1328 1982 οὐ
1359 1930 1498 2001 Θεῷ,
1533 1929 1892 2001 παρώργισάν
1920 1949 1987 2000 με
2014 1931 2072 1982 ὲν

487 2027 599 2087 τοῖς
636 2023 874 2086 εἰδώλοις
917 2023 1120 2089 αὐτῶν,
1151 2023 1308 2089 κάγὼ
1333 2022 1717 2093 παραζηλώσω
1759 2023 1957 2085 αὐτοὺς
1985 2024 2071 2076 ἐπ’

487 2117 588 2168 οὐκ
608 2115 771 2168 ἔθνει·
803 2115 888 2168 ἐπ’
913 2115 1056 2167 ἔθνει
1085 2115 1332 2184 ἀσυνέτῳ
1365 2115 1651 2186 παροργιῶ
1674 2115 1890 2179 αὐτούς.
1925 2135 1942 2168 ι
1964 2117 2075 2168 Kal.

488 2207 744 2278 ἀλλαχοῦ,
767 2225 786 2258 ι
811 2209 923 2277 (29.)
937 2206 1126 2271 Δώσει,
1143 2227 1160 2257 ι
1179 2208 1364 2278 φησὶν,
1385 2227 1402 2258 ι
1421 2207 1544 2271 τοὺς
1558 2209 1828 2278 πονηροὺς
1841 2210 1960 2261 ἀντὶ
1975 2208 2075 2277 τῆς

488 2301 665 2370 ταφῆς
695 2299 882 2353 αὑτοῦ.
923 2319 942 2350 ι
985 2300 1209 2362 Ἡσαΐας
1239 2299 1386 2370 (“25),
1430 2321 1448 2350 ι
1499 2301 1779 2372 Ἑμφανὴς
1810 2302 2074 2371 ἐγενόμην

489 2395 602 2455 τοῖς
626 2394 726 2464 ἐμὲ
755 2393 827 2464 μὴ
849 2393 1122 2466 ζητοῦσιν,
1150 2394 1380 2465 εὑρέθην
1403 2397 1516 2458 τοῖς
1554 2395 1654 2465 ἐμὲ
1682 2394 1756 2466 μὴ
1784 2397 2074 2466 ἐπερωτῶ-

491 2502 595 2537 σιν.
626 2484 778 2556 ([24]
810 2483 973 2549 Εἷπα,
1011 2486 1141 2538 Ἰδοὺ
1161 2481 1389 2555 πάρειμι
1416 2486 1557 2538 ἔθνει
1588 2485 1724 2557 (9.3),
1749 2485 1801 2538 οἳ
1834 2487 1934 2540 οὐκ
1979 2487 2078 2539 ἐπ-

491 2577 818 2630 εκαλέσαντο
845 2579 906 2630 τὸ
935 2579 1106 2647 ὄνομα
1147 2595 1269 2648 μου.
1307 2597 1324 2627 ι
1348 2579 1364 2646 )
1390 2579 1570 2642 meta,
1600 2598 1618 2628 ι
1673 2577 2074 2650 Ἀπηλλοτριω-

493 2671 651 2739 μένος
684 2671 951 2741 ἐγενήθην
1000 2673 1112 2734 τοῖς
1151 2670 1402 2739 ἀδελφοῖς
1437 2687 1539 2740 μου
1566 2712 1579 2735 ,
1628 2670 1723 2724 καὶ
1767 2672 1917 2737 ξένος
1965 2673 2077 2733 τοῖς

488 2764 624 2824 υἱοῖς
653 2762 754 2833 τῆς
784 2762 992 2832 μητρός
1039 2779 1162 2832 μου.
1202 2781 1220 2814 ι
1264 2765 1400 2835 Περὶ
1449 2763 1506 2816 δὲ
1538 2762 1646 2815 τῶν
1690 2763 1858 2816 ἐθνῶν
1894 2763 2074 2831 λέγει,

497 2875 512 2904 ι
571 2853 892 2921 Ἀπαγγελῶ
925 2853 1037 2923 (‘26)
1068 2856 1129 2906 τὸ
1164 2855 1335 2924 ὄνομα
1369 2872 1460 2908 σου
1494 2859 1607 2918 τοῖς
1652 2855 1902 2923 ἀδελφοῖς
1936 2873 2035 2925 μου
2059 2897 2073 2918 ,

489 2948 548 2998 ὲν
576 2946 727 3017 μέσῳ
772 2946 1099 3018 Ἑκκλησίας
1138 2948 1365 3016 ὑμνήσω
1396 2964 1478 3000 σε.
1530 2967 1548 2999 ι
1603 2947 1738 3018 Περὶ
1787 2947 2074 3009 Ἰουδαίων,

494 3058 514 3090 ι
545 3041 623 3091 Δι’
647 3041 790 3108 ὑμᾶς
818 3039 1222 3108 βλασφημεῖται
1260 3040 1320 3092 τὸ
1347 3040 1524 3108 ὄνομα
1558 3057 1658 3110 μου
1683 3039 1771 3092 διὰ
1796 3039 1999 3103 παντὸς
2020 3041 2078 3093 ἐν

485 3134 599 3194 τοῖς
627 3131 824 3184 ἔθνεσι.
865 3151 882 3182 ι
916 3131 1219 3200 Μαλαχίας,
1260 3150 1280 3182 ι
1314 3133 1428 3184 Οὐκ
1459 3132 1575 3185 ἔστι
1619 3151 1720 3202 μου
1765 3131 1983 3201 θέλημα
2014 3135 2072 3185 ὲν

491 3223 1024 3293 ·ἷ›μῖν,λέγειΚύριος
1049 3222 1462 3293 παντοκράτωρ.
1494 3241 1512 3271 ›
1542 3221 1692 3294 ([27]
1711 3223 1846 3293 Περὶ
1876 3222 2078 3275 Ἐθνῶν

487 3316 568 3379 δὲ,
603 3335 622 3367 ι
647 3317 768 3369 ’ὐτι
789 3317 896 3368 ἀπὸ
919 3315 1192 3369 ἀνατολῶν
1219 3316 1372 3386 ἡλίου
1401 3317 1564 3386 μέχρι
1588 3316 1809 3386 δυσμῶν
1828 3316 1884 3370 τὸ
1905 3315 2076 3386 ὄνομα

495 3425 598 3478 μου
643 3408 952 3473 δεδόξασται
982 3411 1040 3462 ὲν
1073 3412 1183 3471 τοῖς
1219 3408 1461 3471 Ἕθνεσι,
1497 3407 1644 3476 λέγει
1685 3407 1890 3478 Κύριος
1935 3425 2075 3459 παν-

492 3502 799 3574 τοκράτωρ·
830 3523 848 3554 ι
881 3504 899 3569 )
944 3521 963 3552 ι
993 3503 1083 3555 καὶ
1122 3504 1179 3555 ἐν
1224 3505 1388 3556 παντὶ
1428 3504 1578 3572 τόπῳ
1609 3501 1859 3571 θυμίαμα
1907 3518 2075 3570 προσ-

493 3598 687 3665 άγεται
723 3596 801 3668 τῷ
839 3595 1062 3666 ὀνόματί
1097 3613 1232 3666 μου,
1266 3596 1362 3648 καὶ
1401 3595 1546 3664 μέγα
1591 3593 1652 3646 τὸ
1675 3593 1848 3664 ὄνομα
1882 3611 1984 3664 μου
2015 3595 2074 3646 ἐν

490 3692 602 3754 τοῖς
630 3690 848 3744 Ἔθνεσι
868 3731 881 3752 ,
907 3689 1052 3758 λέγει
1079 3689 1283 3760 Κύριος
1311 3688 1725 3758 παντοκράτωρ.
1767 3707 1786 3738 ι
1823 3687 1840 3758 (
1864 3688 1997 3758 Περὶ
2016 3687 2072 3739 δὲ

503 3781 770 3835 Ἰουδαίων
797 3781 1002 3849 λέγει,)
1039 3801 1056 3831 ι
1101 3781 1288 3852 Ὑμεῖς
1319 3780 1375 3832 δὲ
1408 3779 1694 3850 βεϐηλοῦτε
1723 3780 1872 3834 αὐτό.
1908 3799 1926 3830 ι
1969 3783 2075 3832 Δα-

489 3875 596 3941 διδ,
646 3894 664 3926 ι
704 3877 933 3946 Λίτησαι
972 3877 1104 3945 παρ’
1134 3873 1298 3944 ἐμοῦ,
1338 3873 1434 3927 καὶ
1463 3872 1620 3926 δώσω
1674 3890 1755 3924 σοι
1813 3871 1940 3942 ἔθνη
1972 3873 2073 3941 τὴν

491 3967 855 4039 κληρονομίαν
884 3984 1000 4033 σου,
1029 3967 1122 4020 καὶ
1150 3966 1250 4036 τὴν
1279 3965 1611 4036 κατάσχεσιν
1640 3982 1734 4018 σου
1762 3964 1833 4018 τὰ
1857 3965 2074 4036 πέρατα

488 4061 590 4131 τῆς
619 4060 744 4130 γῆς.
781 4080 798 4112 ι
832 4060 1076 4130 Μωῦσῆς
1103 4059 1240 4129 (28),
1278 4077 1298 4111 ι
1339 4059 1540 4112 Ἐασόν
1581 4077 1647 4130 με
1672 4059 1950 4128 ἐξαλεῖψαι
1981 4059 2075 4112 τὸν

490 4153 616 4208 λαὸν
643 4153 854 4216 τοῦτον.
896 4153 988 4207 καὶ
1015 4152 1172 4206 δώσω
1216 4170 1297 4205 σοι
1336 4151 1489 4215 ἔθνος
1535 4152 1708 4224 μέγα,
1756 4154 1852 4206 καὶ
1899 4150 2074 4216 πολὺ,

563 4333 608 4363 ⁸³
641 4330 784 4386 I’sal.
816 4347 950 4389 xvn.
992 4329 1183 4385 III-.16.
1257 4329 1302 4362 “
1335 4329 1472 4385 Gen.
1504 4344 1602 4391 xu,
1635 4329 1691 4383 5.

493 4418 684 4462 ιιινιιι,
711 4401 768 4456 9.
847 4404 891 4434 ⁶⁹
921 4401 1063 4454 Psal.
1085 4417 1200 4458 xxi.
1227 4401 1319 4455 9.5.

491 4477 537 4506 ⁷⁸
570 4472 742 4528 Exod.
773 4473 1064 4539 xxxu,10.
1159 4472 1208 4502 ’⁸
1234 4471 1338 4526 lsa.
1367 4487 1403 4536 ι,
1442 4471 1529 4525 10.
1629 4471 1673 4502 ⁷⁷
1703 4469 1837 4525 ibid.
1868 4470 2056 4526 45-16.

564 4631 674 4703 (l7)
705 4629 762 4683 In
794 4626 1333 4703 recentioriA‘codiee
1368 4625 1635 4703 Vaticano
1675 4635 1758 4703 e_s_t
1817 4627 2065 4703 δομημάο
2102 4630 2146 4684 D

492 4695 618 4760 των,
646 4703 828 4770 inepta
861 4700 1046 4754 lectio.
1085 4695 1363 4770 Siphanus
1416 4698 1619 4770 legisse
1655 4695 1900 4770 videtur,
1944 4695 2070 4767 βλα-

494 4767 1000 4845 στημάτων,λνοι·ιίι
1009 4769 1153 4823 enim
1171 4769 1398 4845 stolones
1416 4779 1465 4823 et
1488 4767 1724 4845 mqileoli
1735 4784 1755 4831 ;
1773 4769 1865 4822 sed
1891 4769 2075 4840 legen-

492 4837 621 4902 dum
662 4843 946 4915 δογμάτων
987 4841 1138 4895 iuxta
1175 4841 1530 4894 vetustiorem
1563 4837 1888 4894 Vaticanum
1925 4837 2077 4899 codi-

490 4935 630 4974 CCIII.

564 4989 676 5056 (IS)
711 4985 770 5040 In
791 4983 1097 5056 antiquiori
1120 4981 1405 5056 Vaticano,
1427 4981 1514 5056 μέ.

478 5061 482 5066 ’
559 5051 671 5127 (19)
711 5058 764 5110 In
790 5051 1034 5127 Romana
1073 5054 1337 5127 editione,
1371 5051 1850 5127 naaatatgsulai,
1883 5068 2075 5127 qu_e_rn-

491 5121 973 5185 adinodumetiam
1018 5126 1150 5195 legit
1195 5123 1450 5180 Justinus
1502 5122 1556 5176 in
1588 5121 1737 5178 Dial.
1781 5121 1909 5194 pag.
1937 5124 2072 5191 548,

485 5212 542 5257 et
577 5199 905 5270 Cyprianus.

559 5262 674 5353 (ἳθί
701 5269 947 5353 “amre
977 5262 1134 5353 In“,
1178 5263 1421 5353 ,ιηίεῖτῐδΐ-
1443 5262 1646 5353 aliis:
1685 5265 1787 5353 EF
1807 5264 2075 5353 mea”

489 5334 729 5414 ἡμερῶν.
761 5338 868 5414 Sed
895 5336 1147 5414 Just_inus
1178 5337 1230 5389 in
1258 5335 1401 5414 Dial_.
1429 5350 1560 5414 cur:
1575 5334 1769 5414 Tryph.
1791 5335 2075 5414 pag.__547,

489 5403 788 5534 :Igll'li‘l'abéﬂ
813 5408 1094 5534 εἰημερῶν,
1122 5421 1300 5476 neque
1321 5406 1487 5458 etiam
1517 5403 1727 5461 Tertul.
1757 5403 1883 5460 adv.
1904 5405 2073 5461 Marc.

510 5501 521 5534 I
570 5526 582 5534 .
676 5524 691 5534 .
763 5521 775 5534 ο
814 5515 828 5533 ι
888 5522 900 5533 υ

486 5484 582 5538 Iib.
619 5499 691 5547 tv,
724 5496 775 5535 c.
813 5484 900 5534 3|.

558 5545 686 5621 (2|),
702 5553 778 5606 Ita
802 5548 1056 5605 Justinus
1071 5561 1296 5621 quoque
1310 5545 1473 5600 modo
1495 5547 1700 5621 relatus
1725 5546 2066 5621 legit,atque

491 5617 573 5677 ita
597 5617 793 5692 legisse
823 5621 1040 5677 videtur
1068 5617 1464 5692 Tertulliauus;
1493 5632 1623 5692 nam
1651 5617 1814 5692 habet
1839 5617 1929 5692 b_ic
1951 5634 2070 5687 pro-

487 5685 821 5754 υοεαυένιιηι,
845 5699 900 5746 et
919 5706 1042 5744 mox
1063 5688 1385 5759 provocabo:
1400 5687 1508 5759 sed
1532 5688 1586 5741 in
1603 5687 1847 5744 editione
1863 5685 2066 5745 Roma—

491 5779 559 5822 na
592 5757 1117 5838 [.Xxlnt‘erpretuin
1148 5771 1232 5817 est
1254 5757 1611 5838 figapﬁiguvav.

563 5835 674 5908 (ἐξ)
707 5835 788 5890 De
828 5827 928 5888 hac
955 5833 1189 5890 lectione
1221 5827 1644 5888 vide’Nobilium
1682 5831 1736 5887 in
1767 5828 1944 5888 Natis.

1763 4329 1807 4361 ⁸⁵
1846 4327 2004 4382 Deut.
2029 4345 2202 4394 xxx",
2241 4329 2330 4384 ‘20.
2366 4327 2456 4382 2|.

1395 4401 1443 4431 ⁷ο
1472 4400 1576 4454 Isa.
1611 4415 1706 4457 LII.
1757 4401 1811 4454 5.
1883 4401 1928 4430 '”
1958 4399 2192 4455 Malaeh.
2240 4417 2279 4456 ι.
2315 4401 2402 4456 -10,
2477 4399 2526 4432 ⁷³
2569 4399 2702 4453 ibid.
2734 4400 2821 4454 II.

2177 1938 2375 2005 inquit,
2431 1937 2743 2005 «pessimos
2793 1950 2891 2004 pro
2937 1933 3220 2003 sepultura
3268 1932 3390 2001 ejus
3414 1932 3526 1986 ⁵³.»
3574 1928 3769 1991 Isaias,

2180 2049 2200 2081 ι
2225 2031 2549 2084 Manifestus
2585 2030 2763 2084 factus
2805 2045 2926 2084 sum
2964 2045 3072 2081 non
3109 2026 3486 2096 quzerrntibus
3527 2038 3648 2078 me:
3686 2024 3770 2076 in-

2177 2134 2375 2180 ventus
2435 2140 2556 2179 sum
2609 2125 2678 2178 ab
2729 2124 2839 2188 his,
2892 2124 2986 2192 qui
3042 2137 3129 2175 me
3186 2136 3295 2174 non
3331 2117 3768 2185 interrogabant.

2179 2215 2356 2286 (Dixi,
2417 2214 2555 2271 Ecce
2607 2216 2802 2269 adsum
2856 2215 3027 2283 genti,
3082 2214 3171 2282 qui
3225 2229 3334 2266 non
3375 2212 3771 2265 invocaverunt

2178 2324 2376 2362 nomen
2423 2309 2773 2379 meum)".i
2815 2307 3004 2372 David,
3052 2308 3377 2361 «Alienatus
3434 2306 3614 2361 factus
3646 2321 3768 2359 sum

2178 2399 2443 2454 fratribus
2486 2401 2645 2460 meis,
2680 2408 2736 2453 et
2769 2401 2969 2468 hospes
3010 2400 3134 2452 ﬁliis
3166 2400 3358 2453 matris
3393 2396 3614 2451 mea)“.
3640 2417 3658 2449 ι
3694 2395 3770 2450 De

2179 2492 2435 2560 gentibus
2461 2501 2640 2546 autem
2672 2492 2768 2554 ait,
2808 2512 2824 2542 ι
2850 2491 3209 2544 Annuntiabo
3241 2506 3438 2544 nomen
3474 2499 3626 2542 tuum
3659 2488 3768 2541 fra-

2178 2585 2360 2639 tribus
2387 2585 2547 2650 meis,
2600 2583 2655 2638 iu
2692 2585 2871 2638 medio
2894 2583 3154 2638 Ecclesize
3195 2583 3431 2638 laudabo
3463 2591 3520 2637 te
3543 2583 3609 2635 ⁸⁵³.
3635 2602 3652 2632 ι
3697 2580 3772 2635 De

2177 2677 2402 2740 Judzeis,
2440 2677 2709 2746 «Propter
2747 2692 2846 2730 vos
2900 2676 3312 2745 blasphematur
3353 2690 3552 2729 nomen
3585 2691 3768 2729 meum

2179 2786 2397 2840 semper
2445 2772 2500 2824 in
2552 2770 2804 2840 gentibus
2824 2771 2935 2822 ⁷ο.»
2991 2769 3309 2831 Malaehias,
3353 2768 3508 2822 «Non
3551 2776 3638 2822 est
3667 2783 3770 2820 vo-

2182 2865 2366 2918 luntas
2389 2880 2508 2919 mea
2540 2865 2594 2917 in
2624 2864 2801 2929 vobis,
2831 2862 2966 2915 dicit
2992 2863 3256 2917 Dominus
3283 2864 3635 2933 omnipotens
3660 2862 3724 2914 ⁷³.
3743 2878 3763 2911 ι

2183 2956 2290 3026 (De
2323 2956 2590 3011 Gentibus
2636 2964 2842 3018 autem,
2880 2975 2897 3005 ι
2933 2955 3070 3021 Quia
3106 2972 3136 3008 a
3167 2955 3300 3010 solis
3325 2965 3450 3009 ortu
3495 2970 3671 3024 usque.
3700 2954 3772 3008 ad

2181 3064 2438 3102 occasum
2465 3048 2824 3103 clariiicatum
2854 3057 2939 3101 est
2971 3065 3166 3102 nomen
3206 3065 3386 3102 meum
3412 3048 3770 3119 ingentibus,

2182 3141 2316 3194 dicit
2339 3140 2602 3194 Dominus
2632 3141 2978 3208 omnipotens
3003 3151 3052 3208 :)
3084 3149 3138 3193 ct
3168 3142 3222 3193 in
3254 3139 3402 3192 omni
3440 3151 3560 3193 loco
3587 3139 3770 3193 incen-

2185 3248 2306 3288 sum
2345 3232 2572 3286 oil'ertur
2607 3231 2815 3284 noniini
2856 3247 2999 3295 meo,
3048 3240 3103 3283 et
3152 3245 3407 3301 magnum
3439 3238 3526 3284 est
3569 3245 3770 3283 nomen

2185 3339 2364 3378 meum
2408 3324 2462 3377 in
2502 3323 2792 3382 Gentibus,
2833 3320 2968 3374 dicit
3008 3321 3492 3389 omnipotens".i
3535 3319 3642 3389 (De
3669 3318 3770 3372 ,ιιι-

2183 3415 2315 3469 dzeis
2333 3424 2513 3468 autem
2531 3413 2709 3480 dicit,)
2730 3432 2748 3462 ‹
2769 3411 2878 3467 Vos
2899 3421 3080 3465 autem
3101 3410 3646 3466 cuntaminatisillud
3669 3413 3729 3464 ’³.
3744 3429 3768 3464 ι

2183 3507 2377 3572 David,
2418 3526 2434 3558 ι
2460 3506 2681 3560 Ροδῑιιιιι
2709 3521 2738 3558 a
2768 3521 2872 3569 me,
2922 3514 2976 3559 et
3007 3504 3150 3560 dabo
3191 3505 3287 3558 tibi
3321 3514 3508 3574 gentes
3537 3505 3770 3558 haeredi-

2181 3611 2347 3655 tatem
2362 3608 2535 3662 tuam,
2550 3609 2603 3653 et
2618 3600 3021 3670 possessionem
3044 3605 3190 3651 tuam
3212 3598 3478 3652 terminos
3493 3597 3724 3652 terrae".
3741 3617 3762 3647 ι

2183 3692 2424 3765 Moyses,
2458 3693 2630 3746 «Sine
2669 3709 2756 3748 me
2799 3691 2984 3746 delere
3019 3692 3280 3761 populum
3327 3691 3495 3754 hunc,
3537 3697 3592 3746 et
3617 3673 3768 3745 ‘(iabo

2185 3785 2281 3838 tibi
2313 3792 2529 3854 gentem
2559 3789 2909 3852 magnam,et
2932 3782 3104 3835 multo
3136 3782 3308 3851 magis
3337 3796 3501 3850 quam
3524 3779 3640 3834 hmc
3661 3780 3766 3831 ⁷⁸.»

2183 3877 2356 3932 Isaias
2404 3879 2472 3930 de
2523 3874 2751 3938 Judazis,
2805 3874 3042 3928 «Audite
3092 3875 3320 3926 verbum
3373 3872 3611 3938 Domini,
3673 3870 3770 3925 ﬁlii

2185 3969 2590 4033 Sodomorum;
2643 3967 2910 4022 attendite
2959 3966 3062 4037 legi
3116 3964 3208 4018 Dei
3261 3964 3498 4034 populus
3533 3963 3771 4020 Gomor-

2183 4063 2295 4116 rhae
2321 4063 2387 4115 ⁷⁸.
2413 4081 2431 4112 i
2472 4061 2537 4114 Et
2568 4077 2786 4124 rursus,
2823 4079 2842 4111 ι
2863 4059 3105 4114 Sabbata
3133 4068 3340 4121 vestra,
3373 4065 3429 4113 et
3455 4057 3772 4112 ueomenias

2183 4162 2396 4210 vestras
2419 4152 2534 4207 odit
2557 4155 2737 4208 anima
2761 4168 2880 4208 mea
2907 4169 2924 4207 :
2959 4159 3084 4206 vota
3114 4159 3300 4206 vestra
3324 4165 3434 4204 non
3451 4150 3765 4206 exaudiam.

2537 4327 2583 4358 “
2609 4326 2714 4382 lsa.
2749 4343 2870 4392 Lut,
2910 4327 2962 4382 9.
3041 4329 3084 4358 ⁸⁷
3116 4328 3220 4382 lsa.
3249 4343 3377 4388 va,
3402 4326 3454 4381 I.
3533 4326 3580 4358 ⁸⁸
3618 4326 3764 4384 Psal.

2900 4400 2948 4431 ⁷⁸
2978 4399 3112 4454 ibid.
3154 4398 3246 4453 19..
3320 4398 3368 4429 ⁷⁸
3401 4397 3550 4454 Psal.
3603 4414 3666 4464 It,
3708 4400 3765 4454 8.

2247 4626 2365 4751 (23%
2387 4626 2461 4751 0:
2505 4627 2608 4750 lgioc
2642 4625 2794 4683 Isaia:
2845 4627 2968 4682 loco
3008 4626 3132 4682 vide
3176 4641 3346 4698 supra
3397 4626 3454 4682 in
3509 4625 3668 4684 Notis
3696 4627 3767 4683 ad

2175 4714 2237 4755 ca
2281 4738 2296 4751 .
2331 4714 2365 4751 ἐ
2427 4715 2484 4753 n.
2510 4714 2562 4752 ο.

2243 4715 2387 4839 (’2‘),
2431 4768 2577 4839 Quae!
2622 4768 2986 4822 semicirculis
3027 4769 3388 4824 includuntur
3449 4773 3651 4822 desunt
3710 4769 3768 4824 in

2176 4837 2474 4896 recentiori
2533 4837 2826 4903 Vaticano,
2893 4839 2992 4894 sed
3048 4841 3322 4895 habentur
3378 4839 3522 4909 apud
3564 4839 3767 4910 Sipba-

2178 4925 2370 5048 “(3:5)
2393 4981 2449 5035 ln
2478 4979 2740 5034 Vaticano
2772 4978 2894 5036 cod.
2928 4987 3015 5035 est
3040 4978 3216 5042 ἐθνου,
3239 4978 3533 5036 manifesto
3556 4979 3769 5036 librarii

2134 5053 2136 5056 ’
2187 5055 2394 5108 errore.
2441 5051 2624 5106 Editio
2678 5050 2947 5121 ROmana,
2992 5059 3046 5104 et
3089 5051 3178 5104 alii
3227 5051 3435 5121 legunt,
3488 5052 3598 5104 ίδοὺ
3651 5053 3768 5121 εἰμὶ

2177 5122 2344 5187 ἔθνει,
2374 5133 2429 5178 et
2453 5121 2710 5178 Justinus
2754 5123 2807 5175 in
2832 5120 3057 5190 Dialogo
3085 5137 3203 5174 cum
3246 5120 3442 5192 Tryph.
3486 5136 3608 5193 pag.
3635 5120 3768 5187 242,

2176 5195 2293 5265 είμὶ
2317 5194 2546 5247 ἔθνεσιν.

2250 5264 2364 5334 (26)
2389 5264 2571 5318 Editio
2593 5261 2860 5334 Ro_mana,
2889 5262 3245 5332 διηγήσομαι,
3290 5275 3526 5334 eamque
3576 5260 3771 5319 lectio-

2179 5331 2302 5390 nem
2337 5331 2643 5404 Sequuntur
2662 5331 3115 5404 Tertullianuset
3141 5333 3470 5404 Cyprianus.

2252 5353 2302 5388 m
2337 5353 2396 5390 SC
2442 5353 2643 5388 ιιιιιιιιιι·
2672 5353 3034 5388 ιιεηιιιιιθιιιιε
3057 5353 3112 5387 ει
3141 5353 3470 5404 hyprlanus.

2252 5406 2364 5477 (9.7)
2395 5353 2528 5474 gnat
2557 5417 2666 5459 tam
2689 5405 2796 5467 hic,
2831 5419 3004 5477 quam
3028 5401 3174 5477 infra
3203 5402 3770 5477 semicirculisjnelu-

2179 5471 2384 5532 duntur
2409 5471 2612 5534 desunt
2634 5477 2689 5530 in
2712 5471 3009 5531 recentiori
3027 5475 3290 5530 Vaticano
3316 5483 3372 5529 et
3392 5474 3535 5545 apud
3569 5471 3768 5545 Sipha-

2181 5564 2361 5688 “('38)
2428 5620 2653 5675 Videtur
2732 5616 3014 5688 Nyssenus
3096 5616 3372 5688 respicere
3436 5616 3503 5670 ad
3583 5615 3767 5670 locum

2177 5691 2353 5818 Exodi.
2405 5708 2581 5762 χχιιι,
2638 5689 2725 5758 I0,
2784 5687 3020 5760 ejusque
3078 5687 3288 5745 referre
3351 5701 3598 5753 sensum,
3654 5701 3766 5744 non

2183 5777 2271 5819 ver
2315 5777 2366 5817 a.
