4096 6354
365 318 470 377 221
1651 318 1714 376 ὃ.
1751 315 2085 375 GREGORII
2121 317 2421 377 NYSSENI
3550 321 3656 375 Ξίὶὲ

366 433 674 494 Lavamini.
729 433 852 505 puri
901 443 1100 492 estote.
1151 435 1348 492 Manus
1396 445 1595 493 vestrae
1649 437 1983 508 inquinatas,

2058 440 2260 506 μᾶλλον
2286 440 2504 494 τούτου.
2537 459 2557 495 ι
2593 440 2822 505 Ἡσαΐας
2843 441 2974 513 περὶ
3015 441 3308 508 Ἰουδαίων,
3337 459 3364 494 0
3402 441 3655 495 Ἀκούετε

365 537 500 582 sunt
543 527 816 598 sanguine
834 529 904 584 ⁷⁷.
957 547 976 580 ι
1015 528 1080 582 Et
1122 543 1248 584 cum
1298 531 1386 584 lex
1436 537 1623 600 aperte
1663 530 1809 585 dicat
1848 545 1958 585 non

2060 532 2217 602 λόγον
2262 534 2472 606 Κυρίου
2505 535 2614 588 υἱοὶ
2668 534 2922 605 Σοδόμων
2961 533 3095 605 (29)*
3145 533 3443 604 προσέχετε
3489 533 3654 602 νόμον

369 627 630 689 oportere
686 617 886 673 festum
936 627 1094 673 extra
1126 619 1524 690 Jerosolymam
1575 635 1640 674 ac
1692 619 1958 689 templum

2059 626 2230 691 Θεοῦ,
2271 625 2399 689 λαὸς
2428 627 2740 699 Γομόρρας.
2791 645 2809 677 ι
2843 627 2955 681 Καὶ
2995 627 3184 690 πάλιν,
3230 645 3248 678 ι
3286 625 3368 679 Τά
3399 626 3654 680 Σάϐϐατα

369 711 673 775 celebrare,
718 711 879 781 juxta
927 712 1086 775 illud,
1123 730 1143 763 ‹
1191 711 1268 768 Te
1299 711 1457 768 decet
1507 713 1765 784 hymnus,
1818 711 1960 769 Deus

2061 720 2235 791 ὑμῶν,
2269 721 2364 774 καὶ
2396 720 2498 784 τὰς
2531 721 2824 792 νεομηνίας
2857 722 3058 792 μισεῖή
3088 719 3232 791 ψυχή
3273 733 3398 790 μου⁶
3434 717 3654 782 καὶτὰς

374 805 433 860 in
468 805 603 862 Sion
633 815 728 874 ;et
754 807 851 862 tibi
885 808 1144 863 reddetur
1177 815 1365 862 votum
1400 807 1456 862 in
1488 805 1796 863 Jerusalem
1818 807 1866 839 ⁷³
1892 826 1907 875 ;
1935 827 1960 860 ι

2061 811 2223 881 εὐχὰς
2254 810 2408 882 ὑμῶν
2444 812 2506 864 οὐ
2547 809 2913 882 προσδὲξομαι
2937 827 2950 841 ο
2991 809 3279 873 λούσασθε,
3308 807 3538 880 καθαροὶ
3568 807 3653 875 γί-

375 898 740 954 nihilominus
780 901 1048 971 scriptum
1095 905 1202 960 est.
1259 899 1619 954 «Adorabunt
1668 898 1970 956 Dominum.

2061 902 2238 957 νεσθε*
2268 903 2324 956 αἱ
2359 905 2539 974 χεῖρες
2567 901 2724 974 ὑμῶν
2765 900 3176 973 μεμολυσμέναι
3217 901 3430 972 αἵματι.
3486 919 3504 949 ι
3543 899 3654 952 Καὶ

377 991 760 1063 unusquisque
789 992 857 1048 de
905 991 1028 1047 loco
1063 1007 1167 1048 suo
1187 993 1254 1048 ⁷⁸.
1281 1011 1299 1044 ι
1335 990 1403 1044 Ει
1441 1007 1636 1048 rursus
1665 991 1959 1062 Pr0pheta,

2060 997 2143 1051 ὅτι
2166 995 2262 1050 τοῦ
2305 996 2473 1068 νόμου
2520 995 2707 1066 σαφῶς
2746 994 3153 1066 διαγορεύοντος
3185 993 3248 1047 τὸ
3292 992 3367 1064 μὴ
3407 991 3514 1045 δεῖν
3547 989 3653 1056 ἔξω

374 1099 396 1134 ‹
418 1081 668 1153 Magnum
702 1098 905 1138 nomen
934 1084 1055 1154 ejus
1088 1087 1143 1139 in
1171 1083 1463 1147 Gentibus,
1495 1090 1552 1138 et
1583 1085 1637 1138 in
1667 1086 1815 1138 omni
1841 1084 1963 1138 loco

2075 1089 2432 1160 Ἰερουσαλὴμ
2461 1089 2557 1142 καλ⁸
2591 1089 2683 1141 τοῦ
2731 1088 2863 1142 ναοῦ
2903 1087 3182 1160 ἑορτάζειν
3213 1087 3354 1140 κατά
3383 1086 3464 1147 τὸ,
3510 1101 3529 1134 ι
3562 1081 3653 1134 Σοὶ

373 1173 658 1231 incensum
684 1175 915 1232 oll‘ertur
937 1177 1148 1232 nomini
1181 1177 1326 1247 ejus,
1354 1185 1410 1233 et
1433 1177 1770 1233 sacrificium
1801 1194 1962 1232 mun-

2063 1182 2265 1253 πρέπει
2296 1180 2465 1252 ὕμνος
2485 1221 2500 1246 ,
2531 1181 2560 1233 6
2585 1180 2738 1246 Θεὸς,
2765 1182 2825 1232 ἐν
2853 1179 3010 1234 Σιών³
3034 1181 3127 1233 καὶ
3154 1179 3237 1232 σοὶ
3259 1177 3652 1248 ἀποδοθήσεται

370 1268 501 1321 dum
529 1307 546 1322 .
587 1288 604 1321 ι
643 1287 669 1320 ι
719 1268 830 1324 Vos
854 1277 1036 1324 autem
1063 1269 1356 1325 interficiet
1386 1269 1651 1325 Dominus
1673 1309 1688 1334 ,
1725 1269 1964 1325 servien-

2061 1275 2194 1345 εὐχὴ
2223 1274 2281 1326 ὲν
2315 1271 2694 1346 Ἰερουσαλὴμ,
2732 1291 2750 1323 ι
2780 1271 3113 1344 γέγραπται,
3145 1290 3166 1322 ι
3198 1273 3320 1325 Ὅτι
3349 1271 3652 1342 προσκυνή-

371 1358 523 1414 tibus
579 1367 762 1414 autem
819 1360 955 1414 mihi
1007 1361 1298 1413 vocabitur
1349 1374 1548 1414 nomen
1591 1373 1818 1442 novum,
1869 1357 1962 1411 cui

2065 1384 2214 1420 σουσι
2242 1365 2320 1438 τῷ
2344 1363 2537 1436 Κυρίῳ
2566 1366 2630 1418 ὲκ
2657 1363 2751 1418 τοῦ
2784 1365 2951 1418 τόπου
2997 1363 3166 1419 αὑτοῦ
3193 1364 3424 1426 ἕκαστος
3457 1361 3590 1433 (50).
3626 1381 3648 1414 ι

371 1452 730 1507 benedicemr
750 1468 919 1524 super
945 1469 1166 1508 omnem
1203 1460 1407 1507 terram
1429 1452 1500 1505 ⁸⁸.
1525 1471 1546 1504 ι
1580 1451 1645 1506 At
1679 1452 1812 1522 quid
1843 1466 1963 1506 ma-

2061 1461 2174 1516 Καὶ
2202 1460 2364 1514 πάλιν
2400 1461 2429 1512 0
2457 1457 2775 1531 Προφήτης,
2821 1474 2842 1509 ι
2881 1458 3040 1526 Μέγα
3083 1457 3146 1510 τὸ
3190 1457 3362 1528 ὄνομα
3398 1455 3564 1510 αὐτοῦ
3593 1456 3657 1510 ὲν

367 1545 456 1616 gis
484 1559 710 1608 novum,
744 1559 912 1616 quam
943 1560 1147 1600 nomen
1174 1544 1660 1600 Christianorum?
1683 1544 1748 1598 Et
1767 1543 1960 1610 David,

2059 1553 2177 1615 τοῖς
2212 1551 2455 1614 Ἔθνεσι,
2480 1549 2577 1604 καὶ
2604 1549 2661 1601 ἐν
2697 1548 2860 1602 παντὶ
2883 1547 3034 1618 τόπῳ
3071 1547 3325 1618 θυμίαμα
3349 1545 3655 1616 προσφέρε-

375 1656 397 1690 ι
417 1637 837 1693 Annuntiabunt
861 1637 1138 1707 justitiam
1173 1637 1298 1706 ejus
1321 1637 1528 1708 populo
1555 1637 1650 1709 qui
1677 1646 1959 1702 nascetur,

2057 1659 2153 1696 ται
2174 1641 2254 1714 τῷ
2281 1641 2508 1712 ὀνόματι
2538 1636 2724 1703 αὐτοῦ,
2765 1639 2862 1693 καὶ
2898 1636 3058 1692 θυσία
3085 1637 3322 1710 καθαρά.
3366 1655 3386 1689 ι
3416 1655 3436 1689 ι
3478 1636 3653 1708 Ὑμεῖς

368 1743 535 1800 quem
594 1727 728 1784 fecit
777 1727 1049 1785 Dominus
1069 1729 1185 1783 ⁸⁸.»
1236 1729 1374 1785 Cum
1411 1738 1598 1786 autem
1645 1729 1816 1784 David
1861 1730 1960 1793 ait,

2061 1732 2121 1788 δὲ
2149 1733 2329 1787 ἀνελεῖ
2361 1730 2586 1804 Κύριοςο
2624 1731 2738 1794 τοῖς
2774 1729 2834 1784 δὲ
2874 1728 3186 1784 δουλεύουσί
3237 1746 3329 1801 μοι
3383 1726 3653 1799 κληθήσε-

373 1794 562 1878 «Deus
603 1823 916 1879 inhabitare
960 1821 1094 1877 facit
1141 1821 1306 1878 unius
1340 1821 1512 1878 moris
1558 1822 1614 1876 in
1657 1821 1824 1876 domo
1843 1822 1956 1886 θ’,ι

2035 1832 2036 1839 ‘
2065 1843 2156 1880 ται
2189 1825 2363 1896 ὄνομα
2395 1794 2604 1887 καινὸν,
2647 1823 2677 1876 δ
2719 1822 3150 1896 εύλογηθήσεται
3199 1794 3293 1877 ἐπὶ
3332 1794 3515 1893 πάσης
3545 1794 3652 1893 τῆς

333 1929 581 1982 ,Jnorem
627 1914 782 1969 illum
824 1913 1123 1985 signiﬁcat,
1167 1929 1277 1985 quo
1304 1913 1559 1970 Mosaicae
1603 1914 1712 1986 legi
1755 1914 1950 1970 addicti

2064 1919 2191 1991 γῆς.
2225 1940 2246 1974 ι
2284 1919 2350 1973 Τί
2378 1918 2436 1974 δὲ
2462 1917 2778 1990 καινότερον
2814 1917 2911 1972 τοῦ
2938 1916 3052 1971 τῶν
3079 1916 3422 1988 Χριστιανῶν
3455 1916 3653 1988 ὀνόμαρ

367 2014 681 2060 ceterarum
758 2006 1004 2077 gentium
1083 2006 1366 2062 consortia
1428 2007 1695 2063 vitabant.
1763 2006 1961 2076 Isaias,

2059 2029 2191 2080 τος;
2225 2012 2337 2068 Καὶ¹
2381 2014 2410 2066 0
2442 2011 2608 2067 Δαὸὶδ
2630 2052 2645 2074 ,
2677 2028 2698 2064 ι
2749 2009 3137 2080 ’Δναγγελοῦσι
3171 2010 3272 2081 τὴν
3303 2009 3650 2081 δικαιοσύνην

378 2113 400 2148 ι
420 2095 740 2168 Implebitur
757 2098 937 2152 omnis
958 2107 1103 2154 terra
1125 2099 1438 2170 cognitione
1467 2098 1705 2160 Domini.
1738 2109 1799 2155 ut
1819 2117 1963 2173 aqua

2063 2107 2228 2162 αὑτοῦ
2255 2105 2372 2178 λαῷ
2389 2106 2468 2178 τῷ
2489 2105 2895 2178 τεχθησομένῳ,
2926 2103 2986 2157 ὃν
3015 2103 3271 2177 ἐποίησεν
3296 2104 3327 2156 0
3360 2103 3584 2175 Κύριος.
3621 2121 3643 2155 ι

373 2190 544 2245 multa
573 2191 644 2246 ad
685 2191 1046 2260 cperiendum
1095 2206 1247 2246 mare
1269 2191 1371 2247 ⁸³.»
1411 2191 1605 2256 David,
1655 2193 1964 2252 «Memores

2065 2201 2176 2255 Kal.
2201 2201 2284 2254 ὅτι
2321 2199 2420 2272 μὲν
2444 2199 2506 2253 τὸ
2550 2201 2724 2253 εἰπεῖν
2754 2199 2848 2252 τὸν
2882 2195 3046 2250 Δαϐὶδ
3066 2197 3145 2262 τὸ,
3180 2214 3201 2248 ι
3249 2195 3310 2250 '0
3341 2192 3484 2260 Θεὸς
3514 2213 3646 2251 κατ-

370 2290 557 2346 erunt,
599 2289 655 2337 et
681 2292 1076 2338 convertentur
1100 2283 1166 2338 ad
1200 2279 1494 2340 Dominum
1521 2302 1714 2343 omnes
1741 2289 1962 2344 termini

2061 2290 2258 2358 οικίζει
2290 2290 2655 2363 μονοτρόπους
2683 2291 2744 2342 ὲν
2797 2288 2954 2360 οἴκῳ,
2983 2307 3004 2341 ›
3041 2286 3297 2359 σημαίνει
3322 2287 3385 2340 τὺ
3412 2285 3550 2359 πρὸς
3581 2286 3647 2340 τὰ

373 2382 555 2437 terrae,
570 2383 624 2430 et
640 2375 950 2430 adorabunt
973 2391 1158 2431 coram
1175 2392 1242 2433 eo
1260 2394 1452 2435 omnes
1469 2380 1659 2450 patria:
1678 2379 1962 2446 Gentium,

2069 2383 2240 2455 Ἔθνη
2266 2383 2329 2436 τὸ
2356 2382 2465 2437 τῶν
2491 2381 2596 2435 ὑπὸ
2623 2380 2786 2452 νόμον
2825 2381 3078 2451 ἄμικτον.
3096 2379 3344 2446 Ἡσαΐας,
3367 2398 3385 2430 ι
3421 2379 3650 2450 Πληρω·

373 2469 634 2537 qnoniam
669 2467 884 2523 Domini
916 2476 1002 2524 est
1028 2479 1282 2539 regnum,
1321 2481 1373 2526 et
1416 2469 1535 2542 ipse
1561 2471 1877 2526 dominatur
1907 2473 1962 2527 in

2065 2476 2290 2547 θήσεται
2320 2475 2470 2529 πᾶσα
2501 2476 2534 2544 ἡ
2561 2476 2632 2546 γῆ
2662 2472 2757 2527 τοῦ
2777 2470 2992 2542 ’γνῶναι
3020 2471 3114 2526 τὸν
3147 2471 3374 2543 Κύριον,
3402 2470 3480 2535 ὡς
3505 2469 3648 2542 ὕδωρ

371 2559 578 2614 Gentes
601 2559 702 2614 “.i
743 2558 899 2614 Hand
955 2559 1196 2615 alienum
1249 2570 1430 2616 autem
1473 2563 1638 2618 fuerit
1690 2563 1964 2620 sciscitari

2063 2568 2203 2622 πολὺ
2233 2566 2622 2636 κατακαλῦψαι
2644 2566 2756 2637 (51)
2791 2564 3084 2619 θάλασσαν.
3125 2583 3147 2617 ι
3193 2563 3358 2618 Δαόὶδ
3381 2605 3395 2629 ,
3438 2583 3458 2615 ί
3498 2565 3648 2634 Μνη-

372 2655 540 2709 etiam
565 2667 594 2706 a
622 2651 848 2713 Judmis.
879 2668 1002 2722 quae
1023 2667 1170 2707 nunc
1198 2653 1342 2709 forte
1371 2654 1457 2709 lex
1482 2655 1701 2726 vigeat;
1725 2654 1964 2711 Mosaica

2067 2658 2356 2731 σθήσονται
2390 2657 2489 2712 καὶ
2525 2657 3023 2728 ὲπιστραφήσονται
3064 2653 3203 2726 πρὸς
3242 2653 3448 2726 Κύριον
3477 2653 3647 2706 πάντα

374 2760 466 2809 ne,
499 2758 623 2815 qua:
646 2742 938 2806 obsolevit,
970 2751 1135 2814 atque
1162 2743 1478 2815 negligitur,
1508 2752 1795 2815 propterea
1816 2744 1964 2816 quod

2065 2750 2136 2804 τὰ
2183 2751 2398 2821 πέρατα
2437 2749 2540 2820 τῆς
2578 2748 2684 2819 γῆς
2707 2787 2724 2813 ,
2767 2747 2863 2802 καὶ
2902 2748 3372 2820 προσκυνήσουσιν
3419 2745 3648 2798 ἐνώπιον

375 2850 478 2891 nec
513 2835 774 2905 templum
822 2849 973 2888 nunc
1007 2835 1102 2897 sit,
1157 2849 1259 2889 nec
1305 2835 1486 2900 locus,
1539 2851 1640 2892 nec
1671 2837 1962 2908 prOpheta,

2065 2841 2230 2897 αὐτοῦ
2262 2842 2434 2897 πᾶσαι
2455 2843 2512 2895 αἱ
2541 2839 2773 2910 πατριαὶ
2813 2838 2924 2893 τῶν
2953 2837 3155 2906 ἐθνῶν,
3191 2839 3276 2893 ὅτι
3312 2837 3406 2892 τοῦ
3440 2837 3648 2910 Κυρίου

373 2928 470 3000 qui
511 2927 819 2982 futurorum
847 2926 1132 2997 quidpiam
1162 2928 1532 2999 praenuntiet;
1583 2941 1870 2995 nec‘arca,
1904 2931 1963 2985 in

2065 2937 2100 3006 ἡ
2137 2933 2382 3006 βασιλεία
2398 2975 2414 2997 ,
2439 2934 2534 2987 καὶ
2554 2933 2715 2997 αὐτὸς
2735 2931 2987 2997 δεσπόζει
3042 2933 3152 2986 τῶν
3177 2931 3368 2986 ὲθνῶν.
3396 2951 3415 2982 ι
3468 2931 3651 2986 Καλὸν

373 3034 484 3091 qua
525 3019 660 3090 legis
691 3018 888 3074 tabula:
933 3026 1100 3089 atque
1128 3018 1433 3091 Decalogus
1481 3021 1870 3088 servabantur,
1907 3022 1961 3077 in

2064 3026 2123 3080 δὲ
2150 3025 2246 3080 καὶ¹
2275 3024 2336 3078 τὸ
2358 3021 2623 3077 πυθέσθαι
2641 3022 2750 3076 τῶν
2784 3021 3070 3086 Ἰουδαίων,
3101 3021 3185 3084 τίς
3208 3022 3237 3074 0
3276 3020 3496 3094 κρατῶν
3531 3021 3649 3074 ἐστι

373 3112 578 3184 quibus
629 3121 744 3168 tres
797 3112 921 3168 illas
971 3111 1249 3168 solemnes
1297 3113 1648 3170 celebritates
1699 3129 1990 3191 peragere,

2067 3118 2163 3174 νῦν
2183 3118 2289 3191 ἀρα
2322 3116 2460 3189 (52),
2495 3115 2722 3188 πότερον
2748 3117 2778 3169 0
2812 3115 3107 3179 Μωσαῖκδς
3137 3115 3304 3186 νόμος
3323 3156 3340 3179 ,
3377 3109 3440 3170 οὗ
3473 3118 3650 3186 παρα-

371 3207 686 3278 oportebat,
740 3216 798 3262 et
837 3221 948 3262 non
995 3205 1146 3260 alibi.
1183 3204 1342 3271 Item,
1384 3206 1562 3273 «Quia
1613 3205 1897 3262 auferetur
1928 3224 1961 3264 a

2030 3203 2032 3208 ’
2066 3211 2225 3275 ϐασίς
2244 3212 2362 3264 ἐστι
2390 3208 2507 3274 νῦν,
2537 3209 2634 3262 καὶ
2657 3206 2719 3260 οὑ
2741 3207 2992 3278 τήρησις,
3015 3203 3104 3258 διὰ
3135 3205 3196 3258 τὸ
3229 3205 3364 3276 μηδὲ
3386 3205 3476 3257 τὸν
3499 3203 3647 3270 ναὸν,

372 3299 576 3355 Judaeis
606 3315 832 3370 regnum
872 3298 988 3366 Dei,
1021 3308 1075 3353 et
1104 3297 1329 3352 dabitur
1371 3299 1520 3371 genti
1567 3298 1792 3355 facienti
1842 3300 1962 3355 fru-

2065 3305 2100 3376 ἦ
2129 3304 2221 3358 τὸν
2250 3303 2414 3356 τόπον
2451 3296 2592 3354 εἶναι
2615 3339 2631 3365 ,
2665 3299 2700 3369 ἢ
2727 3299 3014 3371 προφήτην
3043 3296 3426 3368 προμηνύοντα
3456 3313 3508 3350 τι
3540 3295 3651 3350 τῶν

373 3401 500 3450 ctus
551 3392 673 3461 ejus
695 3392 797 3447 ⁸⁵.»
831 3389 958 3446 Haec
1001 3399 1183 3445 autem
1230 3405 1341 3445 non
1399 3391 1507 3446 alia
1552 3391 1737 3458 fuerit,
1795 3408 1961 3464 quam

2070 3394 2396 3467 μελλόντων,
2422 3393 2456 3464 ἢ
2489 3391 2588 3463 τὴν
2618 3390 2869 3449 κιϐωτὸν.
2898 3391 2956 3443 ὲν
3042 3389 3102 3442 αἱ
3128 3389 3358 3453 πλάκες,
3384 3389 3481 3443 καὶ
3507 3391 3547 3461 ή
3565 3391 3657 3442 Δε-

371 3484 814 3543 Christianorum
837 3497 991 3554 gens,
1012 3497 1133 3552 qua:
1155 3483 1280 3538 vitae
1309 3483 1447 3552 legis
1466 3482 1666 3538 divinae
1695 3484 1962 3540 institutis

2069 3489 2320 3557 κάλογος,
2355 3488 2412 3540 ὲν
2437 3481 2518 3550 οἷς
2549 3484 2658 3538 ἔδει
2692 3483 2802 3554 (55)
2842 3483 2941 3547 τὰς
2977 3484 3128 3556 τρεῖς
3157 3481 3352 3554 ὲορτάς
3384 3481 3647 3554 πληροῦν,

373 3590 638 3632 consona
690 3572 906 3630 fructus
966 3573 1214 3630 exhibet.
1269 3573 1458 3640 David,
1525 3574 1854 3632 «Confessio
1910 3584 1969 3632 et

2071 3581 2168 3636 xui.
2209 3579 2310 3634 οὐκ
2348 3576 2601 3648 ἀλλαχοῦ.
2652 3577 2782 3638 Καὶ,
2833 3595 2852 3627 ι
2887 3577 3012 3630 Ὅτι
3045 3574 3346 3645 ἀρθήσεται
3386 3574 3496 3628 ἀπὸ
3542 3574 3653 3628 τῶν

375 3666 786 3738 magnificentia
835 3680 977 3735 opus
1015 3665 1160 3734 ejus,
1207 3674 1263 3720 et
1291 3665 1509 3736 justitia
1537 3666 1660 3738 ejus
1688 3678 1874 3724 manet
1907 3668 1964 3724 in

2084 3672 2352 3728 Ἰουδαίων
2379 3674 2413 3742 ἡ
2455 3668 2699 3742 βασιλεία
2735 3666 2829 3722 τοῦ
2857 3667 3016 3734 Θεοῦ,
3045 3667 3142 3720 καὶ
3177 3665 3462 3734 δοθήσεται
3505 3664 3649 3720 ἔθνει

375 3762 639 3817 saeculum
697 3762 885 3818 saeculi
909 3763 1014 3819 ⁸⁸⁵.»
1051 3760 1358 3817 Confltetur
1415 3770 1598 3818 autem
1646 3762 1799 3819 Patri
1852 3780 1965 3820 non

2070 3764 2314 3819 ποιοῦντι
2333 3763 2461 3825 τοὺς
2488 3761 2737 3832 καρποὺς
2777 3760 2966 3830 αὐτῆς.
3011 3777 3029 3811 ι
3080 3756 3252 3811 Τοῦτο
3279 3756 3323 3809 δ’
3365 3757 3436 3810 ἂν
3469 3755 3555 3826 εἴη
3589 3755 3651 3808 τὸ

373 3872 474 3912 sua
526 3857 706 3930 ipsius
753 3864 1000 3927 peccata,
1054 3856 1150 3928 qui
1195 3855 1462 3913 innocens
1494 3865 1602 3924 est,
1642 3857 1735 3914 sed
1772 3873 1962 3914 eorum

2072 3854 2414 3929 Χριστιανῶν
2462 3853 2635 3916 ἔθνος,
2673 3853 2802 3915 τοὺς
2845 3852 3221 3923 προσήκοντας
3260 3849 3508 3920 καρποὺς
3547 3847 3650 3918 τῆς

376 3956 623 4018 peccata,
676 3946 770 4017 qui
828 3947 882 4001 in
919 3946 1097 4018 ipsum
1137 3947 1413 4004 credunt:
1458 3962 1585 4002 nam
1641 3962 1769 4002 cum
1818 3948 1969 4003 dicat

2070 3950 2212 4006 κατά
2243 3948 2375 4003 Θεὸν
2416 3945 2688 4009 πολιτείας
2747 3941 3206 4012 ἐπιδεικνύμενον.
3233 3940 3430 4005 Δαϐὶδ,
3469 3958 3488 3992 ι
3529 3939 3650 4004 Ἐξ-

363 4038 573 4107 .David,
612 4039 801 4096 «Dixit
843 4039 1107 4095 Dominus
1140 4038 1372 4095 Domino
1408 4056 1550 4101 meo.
1593 4039 1724 4096 sede
1758 4055 1789 4094 a
1837 4041 1971 4096 dex-

2066 4041 2394 4115 ομολόγησις
2425 4039 2519 4092 καὶ
2550 4034 2991 4108 μεγαλοπρέπεια
3017 4035 3077 4088 τὸ
3105 4033 3265 4105 ἔργον
3292 4031 3480 4095 αὑτοῦ,
3497 4031 3588 4084 καὶ
3615 4032 3649 4101 ή

367 4132 482 4188 tris
510 4133 648 4189 meis
669 4133 740 4196 ⁸⁷,
763 4152 783 4186 ι
820 4140 876 4189 et
918 4132 1155 4203 reliqua,
1196 4130 1370 4189 Isaias
1411 4134 1618 4191 clarius
1649 4133 1745 4198 ait,
1788 4154 1806 4186 ι
1828 4132 1972 4188 Dicit

2065 4132 2386 4202 δικαιοσύνη
2423 4131 2588 4186 αὑτοῦ
2635 4130 2784 4203 μένει
2817 4132 2897 4194 εἰς
2926 4129 3018 4182 τὸν
3047 4127 3219 4182 αἰῶνα
3247 4125 3340 4180 τοῦ
3379 4124 3592 4188 αἰῶνος.
3626 4143 3645 4176 ι

377 4226 643 4282 Dominus
675 4225 898 4282 Christo
939 4240 1062 4281 meo
1106 4224 1250 4296 Cyro
1273 4225 1380 4281 ⁸⁸.»
1415 4226 1588 4281 Aiunt
1635 4233 1818 4282 autem
1853 4226 1972 4281 haec

2081 4226 2514 4298 Ἐξομολογεῖται
2539 4225 2596 4279 δὲ
2619 4224 2697 4296 τῷ
2723 4224 2918 4295 Πατρὶ,
2941 4224 3000 4276 οὑ
3028 4222 3126 4286 τὰς
3153 4219 3346 4275 ἑαυτοῦ
3377 4219 3652 4291 ἁμαρτίας

370 4320 446 4375 de
474 4317 620 4392 Cyro
643 4317 938 4374 Persarum
975 4333 1104 4388 rege
1132 4317 1283 4373 dicta
1314 4333 1460 4382 esse,
1493 4319 1588 4374 sed
1627 4318 1860 4373 ridicula
1885 4324 1973 4374 est

2067 4318 2098 4370 0
2127 4319 2377 4390 ἄμωμος,
2405 4317 2543 4371 ἀλλὰ
2578 4317 2674 4382 τὰς
2703 4315 2813 4369 τῶν
2847 4315 2934 4370 ἐπ’
2974 4313 3123 4386 αὐτῷ
3155 4313 3540 4368 πιστευόντων·
3570 4313 3653 4365 ὅτι

379 4410 757 4480 lmjuscemodi
803 4409 1011 4480 opinio.
1043 4409 1331 4476 Quomodo
1363 4410 1510 4466 enim
1563 4409 1776 4481 reliqua
1823 4409 1970 4478 Cyro

2033 4411 2045 4457 l
2071 4409 2165 4463 τοῦ
2194 4409 2358 4463 Δασιδ
2384 4409 2649 4472 εἰπόντος,
2678 4429 2698 4461 ‹
2728 4405 2896 4462 Εἶπεν
2917 4408 2946 4460 0
2970 4407 3176 4478 Κύριος
3195 4406 3274 4478 τῷ
3302 4405 3494 4478 Κυρίῳ
3526 4419 3650 4476 μου·

377 4503 758 4559 conveniunt?
817 4503 1206 4572 «Apprehendi
1253 4502 1534 4559 dexteram
1591 4511 1779 4570 tuam;
1827 4503 1962 4558 obe-

2072 4501 2256 4556 Κάθου
2276 4503 2341 4555 ὲκ
2365 4501 2554 4569 δεξιῶν
2589 4519 2692 4572 μου
2718 4541 2734 4565 ,
2775 4519 2794 4553 ι
2827 4500 2922 4554 καὶ
2955 4499 3026 4554 τὰ
3063 4498 3247 4560 λοιπὰ,
3298 4497 3526 4562 Ἡσαΐας
3558 4513 3655 4550 σα-

377 4595 535 4651 dient
582 4602 709 4648 ante
760 4591 954 4648 faciem
1004 4594 1126 4663 ejus
1177 4603 1410 4666 gentes;
1468 4603 1525 4650 et
1582 4593 1962 4650 fortitudinem

2071 4593 2332 4665 φέστερον
2359 4593 2531 4663 λέγει,
2572 4613 2591 4645 ι
2627 4593 2787 4662 Λέγει
2829 4593 2860 4644 6
2907 4591 3113 4664 Κύριος
3160 4590 3238 4662 τῷ
3282 4589 3505 4664 Χριστῷ
3548 4607 3653 4662 μου

381 4701 570 4758 regum
603 4685 979 4755 disrumpam;
1016 4687 1258 4756 aperiam
1308 4693 1434 4741 ante
1466 4701 1593 4741 eum
1635 4687 1860 4757 januas.
1907 4693 1965 4744 et

2069 4685 2239 4756 Κύρῳ
2261 4687 2401 4756 (54).
2432 4705 2452 4737 ι
2489 4686 2723 4753 Λέγουσι
2747 4685 2805 4739 δὲ
2833 4687 2914 4749 είς
2943 4684 3126 4756 Κύρον
3149 4684 3242 4739 τὸν
3270 4684 3487 4759 Πέρσην
3501 4682 3656 4755 εἰρῆ-

378 4779 630 4833 civitates
675 4792 781 4831 non
819 4775 1170 4832 claudentur.
1221 4778 1363 4833 Ante
1406 4785 1460 4832 te
1506 4778 1618 4843 ibo,
1667 4787 1723 4834 et
1752 4784 1962 4833 montes

2071 4777 2196 4832 σθαι
2229 4778 2424 4850 ταῦτᾳ.
2457 4778 2669 4833 Γελοῖον
2696 4779 2788 4832 δέ’
2836 4776 2939 4832 ποῦ
2972 4777 3081 4850 γάρ
3109 4777 3343 4851 ἁρμόζει
3386 4777 3556 4850 Κύρῳ
3585 4777 3655 4834 τὰ

448 4943 516 4976 ⁷⁷·
547 4941 689 4994 Psal.
719 4955 864 5004 Law,
895 4939 951 4994 2.
1018 4941 1065 4972 ⁷⁸
1094 4940 1262 5008 Soph.
1295 4955 1354 5004 ιι,
1387 4939 1477 4994 II.
1535 4940 1580 4973 τ’
1618 4939 1846 4994 Malacli.
1887 4957 1925 5001 ι,
1949 4940 2036 4994 Η.

2030 4979 2036 4992 .
2149 4937 2198 4969 ⁸⁸
2227 4937 2329 4993 lsa.
2362 4953 2489 5001 va,
2549 4939 2636 4993 l5.
2673 4937 2760 4993 16.
2845 4938 2889 4970 ⁸³
2925 4937 3070 4993 Psal.
3102 4954 3218 5002 ut,
3268 4937 3357 5008 52.
3434 4933 3647 4992 "Psal.

377 5012 625 5074 vau,7.
688 5009 1024 5075 “lsa.xt,9.
1099 5009 1648 5076 "‘Psal.xxt,28,39.
1714 5011 1760 5043 ⁸⁸
1792 5010 1982 5065 Matth.

2035 5010 2216 5076 1:543.
2281 5009 2328 5040 ⁸³
2353 5009 2494 5064 Psal.
2518 5011 2678 5075 cx,5.
2755 5011 2800 5042 ⁸⁷
2829 5009 3105 5072 Psal.c1x,
3130 5008 3182 5064 l.
3256 5007 3428 5064 lu'lsa.
3454 5022 3579 5071 λιν,
3599 5010 3651 5062 l.

365 5159 368 5162 ’
451 5166 560 5238 (εει)
583 5164 640 5218 In
668 5156 910 5218 editione
933 5161 1201 5223 Romana,
1228 5174 1280 5217 et
1310 5166 1452 5233 apud
1479 5165 1617 5218 alios
1642 5172 1728 5218 est
1768 5166 1954 5290 ἄρξον·

373 5258 463 5290 τες
495 5237 764 5290 Σοδόμων.
799 5243 922 5290 post
973 5251 1094 5290 quae
1122 5236 1287 5288 verba
1313 5236 1486 5290 codex
1509 5235 1734 5290 Siuhaui
1769 5249 1820 5290 et
1894 5254 1954 5288 a-

2134 5164 2247 5234 (32)
2276 5163 2334 5217 In
2382 5165 2676 5220 recentiori
2723 5163 2990 5221 Vaticano
3031 5172 3135 5232 est,
3178 5182 3305 5230 τους
3347 5164 3652 5230 Ἰουδαίους,

2065 5235 2151 5290 τίς
2183 5237 2210 5286 ὁ
2241 5235 2460 5290 κρατῶν
2494 5238 2641 5289 ἐστιν
2685 5238 2814 5290 ἄρα.
2843 5247 3008 5290 atoue
3035 5237 3106 5289 ita
3139 5239 3305 5290 etiam
3343 5235 3542 5290 legisse
3575 5238 3652 5289 vi-

373 5235 467 5301 τες
495 5237 764 5307 Σοδόμων,
799 5243 922 5309 post
973 5251 1094 5309 qtne
1122 5236 1287 5309 verba
1313 5236 1486 5309 codex
1509 5235 1734 5309 Siphaui
1769 5235 1820 5290 et
1847 5235 1954 5290 Va-

2065 5235 2151 5309 τίς
2183 5237 2210 5286 ὁ
2241 5235 2460 5309 κρατῶν
2494 5238 2641 5289 ἐστιν
2685 5238 2814 5309 ἄρα,
2843 5237 3305 5309 atqueitaetiam
3343 5235 3542 5309 legisse
3561 5238 3659 5309 _vi-

376 5314 594 5362 ticanus
628 5304 900 5360 recentior
924 5305 1132 5359 addunt
1155 5305 1268 5378 καί.
1311 5304 1606 5378 Sequentia
1661 5323 1792 5361 vero
1829 5322 1957 5378 pro-
2065 5306 2228 5359 detur
2249 5304 2558 5378 Siphanus;
2582 5304 2750 5362 vertit
2781 5304 2948 5373 enini,
2989 5305 3131 5374 Quid
3162 5322 3301 5362 nunc
3334 5304 3497 5378 igitur
3519 5306 3660 5360 obti-

374 5382 554 5450 pbetze
585 5380 748 5450 verba
780 5379 832 5430 in
857 5378 1131 5450 epitonten
1159 5376 1366 5450 redegit
1385 5377 1684 5450 Nysscnus.
1831 5376 1842 5378 ’
1942 5446 1955 5450 _
2069 5385 2174 5450 net.

373 5443 391 5494 .’
449 5449 562 5518 (5οθ
599 5445 655 5500 In
685 5443 970 5519 vetustiori
999 5443 1497 5519 _Vat_i_cano'dees't,
1537 5447 1804 5519 ἕκαστος·
1863 5446 1960 5502 sed
2142 5445 2416 5519 (55)‘Ila:c
2449 5449 2614 5504 verba
2643 5448 3023 5519 snbjnngenda
3073 5465 3197 5502 esse
3237 5447 3492 5503 videntur
3534 5457 3658 5518 post

379 5515 682 5574 habebatur
707 5517 760 5591 in
789 5516 1238 5591 Siphanicodice,
1261 5524 1309 5570 et
1340 5519 1392 5571 in
1417 5518 1658 5591 editione
1693 5518 1962 5591 Romana.

2070 5515 2434 5591 praecedentia
2461 5520 2574 5586 illa,
2604 5519 2692 5573 διὰ
2723 5515 2786 5572 τὸ
2827 5515 2964 5591 μηδὲ
2992 5520 3082 5573 τὸν
3122 5519 3269 5586 ναὸν,
3301 5521 3334 5590 ἢ
3370 5519 3462 5574 τὸν
3491 5515 3656 5573 τόπον

381 5591 651 5644 liusebius
706 5583 863 5660 Dem.
897 5587 1402 5660 Evan_g._lib.__l._c.
1439 5590 1503 5650 6,
1546 5604 1668 5660 pag.
1708 5589 1796 5660 19,
1833 5589 1962 5643 ἕκα-

2068 5583 2246 5660 ὲῖναιτλ
2314 5657 2356 5660 __
2718 5657 2727 5660 _
2827 5583 2841 5591 ⁷
2891 5583 2904 5589 ’
3256 5583 3334 5590 “’
3681 5647 3684 5649 Α

377 5677 500 5724 στος
543 5662 606 5713 ὲκ
644 5658 736 5712 τοῦ
777 5659 946 5732 τόπου
991 5655 1191 5713 αὐτῶν.
1247 5655 1381 5714 Vide
1419 5655 1673 5714 eumdem
1718 5659 1813 5715 lib.
1861 5676 1959 5726 ιιι,

2077 5658 2258 5732 --(54)
2311 5657 2470 5732 Illinc
2500 5657 2664 5732 Isaia:
2718 5657 2898 5716 locum
2960 5660 3376 5732 intelligendum
3422 5676 3548 5718 esse
3587 5660 3657 5716 de

376 5748 499 5800 cap.
538 5732 595 5794 2,
625 5747 774 5784 ηοω,
802 5731 884 5784 ιδ,
1138 5739 1197 5800 η·
1296 5735 1306 5745 ‘
1555 5739 1558 5742 ’
2067 5726 2292 5783 Christo
2324 5728 2696 5800 Tertulliaﬁnns
2720 5746 2938 5800 quoque
2983 5733 3102 5786 adv.
3139 5726 3376 5787 'Juda'os
3406 5748 3458 5789 c.
3515 5733 3566 5796 7,
3603 5740 3658 5785 ct

364 5825 372 5834 -
448 5799 559 5875 (51)
593 5804 774 5857 Codex
809 5801 1086 5858 ret-crtior
1137 5799 1456 5866 Vaticanus,
1488 5800 1747 5871 καλύψαι.
2068 5800 2379 5871 Cyprianus
2405 5800 2535 5856 lib.|
2565 5799 2808 5875 Testim.,
2833 5799 2956 5871 cap.
2978 5802 3071 5871 21,
3094 5811 3408 5865 autumant.
3433 5818 3652 5864 nomen,
