4096 6354
447 320 553 376 2‘29

1475 321 1899 379 TESTIMONIA
1940 323 2313 382 ADVERSUS
2371 322 2692 381 JUDIEOS.

3615 327 3731 385 256

450 436 630 503 λοιπὰ,
660 455 679 489 ι
719 436 1033 509 Ἐκράτησα
1064 436 1161 507 τῆς
1189 436 1366 502 δεξιᾶς
1388 438 1502 507 (55)
1538 456 1631 491 σου
1656 455 1670 469 ·
1706 439 2013 494 ἐπακούσου

2146 440 2529 510 complanabo,
2587 448 2776 510 portas
2828 452 3003 492 aereas
3069 446 3373 507 conteram,
3434 450 3493 496 et
3544 450 3729 497 vectes

450 548 537 584 σιν
572 530 881 601 ἔμπροσθεν
906 530 1072 582 αὑτοῦ
1100 529 1250 600 ἔθνη,
1282 530 1377 584 καὶ
1405 532 1558 601 ἰσχὺν
1590 532 1851 601 βασιλέων
1876 532 2030 604 διαρ-

446 622 618 695 ῥήξω·
649 622 846 689 ἁνοίξω
869 622 1178 693 ἔμπροσθεν
1209 620 1374 676 αὐτοῦ
1409 622 1604 685 πύλας,
1636 622 1730 676 καὶ
1755 623 1941 688 πόλεις
1970 625 2030 676 ού

447 700 969 785 σῖδγκλεισθήσονται
995 731 1009 744 ’
1040 714 1352 787 ἔμπροσθέν
1391 730 1486 767 σου
1527 714 1907 786 πορεύσομαι,
1938 716 2034 769 καὶ

446 805 550 877 ὅρη
610 804 855 876 ὁμαλιῶ·
914 805 1088 877 θύρας
1143 804 1350 877 χαλκᾶς
1418 805 1734 875 συντρίψω,
1784 806 1878 859 καὶ
1937 823 2035 876 μο-

447 897 605 969 χλοὺς
644 898 897 968 σιδηροῦς
933 896 1214 951 συνθλάσω
1235 939 1251 962 ,
1294 899 1392 951 καὶ
1422 897 1580 952 δώσω
1611 915 1694 951 σοι
1723 897 2031 971 θησαυροὺς

448 988 777 1055 σκοτεινούς;
817 1008 835 1040 ι
876 990 1001 1052 Πῶς
1033 986 1128 1043 οὖν
1154 990 1384 1062 ἀρρόσει
1413 989 1585 1044 ταῦτα
1611 990 1800 1061 Κύρῳ,
1825 991 1903 1061 τῷ
1943 1008 2033 1062 μι-

447 1082 574 1154 κρὸν
592 1080 814 1153 ὕστερον
837 1083 916 1145 είς
943 1080 1273 1150 Μασαγέτας
1302 1080 1544 1152 αἰσχρῶς
1572 1081 1911 1153 ἀναιρεθέντι
1936 1081 2031 1134 καὶ

446 1178 524 1238 εἰς
551 1174 719 1228 ἀσκὸν
746 1174 1026 1246 ἐκδαρέντι
1050 1192 1064 1239 ;
1090 1174 1183 1227 καὶ
1209 1176 1347 1243 μετὰ
1374 1173 1569 1244 μικρὸν
1600 1175 1711 1243 (57)
1736 1173 2031 1245 ὲρμηνεύει

446 1266 587 1320 αὐτὰ
605 1267 633 1319 ὁ
650 1266 812 1329 αὐτὸς
830 1266 1137 1337 προφήτης,
1159 1263 1333 1333 λέγων
1356 1267 1419 1317 ὲκ
1442 1264 1734 1334 προσώπου
1751 1264 1847 1318 τοῦ
1869 1264 2027 1328 Θεοῦ,

445 1360 559 1431 (58)
588 1379 606 1411 ι
629 1358 770 1428 Ἐγὼ
794 1358 999 1429 Κύριος
1021 1359 1048 1410 ὁ
1077 1358 1209 1421 Θεὸς
1233 1360 1261 1410 ὁ
1283 1358 1518 1421 καλέσας
1539 1374 1598 1410 σε
1616 1360 1672 1411 ιν
1695 1358 2028 1431 δικαιοσύνῃ·

445 1452 723 1522 ἐκράτησα
749 1452 846 1520 τῆς
873 1450 1053 1520 χειρός
1074 1466 1188 1513 σου,
1212 1450 1307 1502 καὶ
1336 1448 1539 1519 ίσχύσω
1568 1466 1650 1513 σε,
1678 1450 1772 1503 καὶ
1793 1448 1947 1502 δώσω
1971 1467 2031 1502 σε

444 1545 524 1606 εἰς
553 1543 816 1612 διαθήκην
849 1541 1059 1610 γένους,
1092 1542 1172 1603 είς
1214 1540 1330 1609 φῶς
1360 1538 1549 1606 ἐθνῶν,
1584 1538 1791 1604 ἀνοῖξαι
1831 1540 2032 1610 ὀφθαλ-

448 1636 583 1707 μοὺς
614 1632 854 1704 τυφλῶν,
890 1633 984 1686 καὶ
1023 1632 1312 1701 ἐξαγαγεῖν
1362 1632 1431 1684 ἐκ
1472 1630 1688 1703 δεσμῶν
1721 1632 2030 1704 πεπεδημέ-

444 1745 566 1792 νους
599 1727 742 1797 (59),
770 1727 866 1780 καὶ
898 1725 958 1790 ἐξ
988 1727 1138 1779 οἴκου
1174 1724 1423 1796 φυλακῆς
1448 1724 1792 1796 καθημένους
1824 1726 1936 1796 (40)
1971 1728 2028 1781 ὲν

2135 531 2346 585 ferreos
2387 530 2755 611 confringam.
2790 530 2853 584 Et
2896 530 3042 584 dabo
3094 532 3192 586 tibi
3242 531 3536 586 thesauros
3573 541 3731 588 tene-

2134 623 2332 678 brosos
2356 624 2469 676 θ’.»
2504 622 2789 691 Quomodo
2832 623 3000 693 igitur
3050 624 3166 679 haec
3203 623 3346 695 Cyro
3377 626 3727 688 convenient,

2134 718 2226 787 qui
2264 717 2426 787 paulo
2457 715 2739 787 postapud
2768 715 3108 787 Massagetas
3133 718 3370 787 turpiter
3402 717 3729 772 interfectus

2133 817 2241 870 est,
2294 815 2350 862 et
2386 822 2453 863 ex
2489 809 2610 875 ejus
2644 807 2888 863 detracta
2940 809 3079 877 pelle
3125 817 3246 863 uter
3293 807 3624 865 confectus?
3658 810 3728 863 Ει

2134 901 2300 971 paulo
2324 910 2445 970 post
2472 900 2614 955 idem
2643 900 2907 971 propheta
2930 901 3220 955 verborum
3249 916 3475 956 suorum
3500 917 3725 957 sensum

2136 995 2393 1064 explicat,
2447 994 2638 1049 dicens
2691 1010 2753 1049 ex
2794 1010 3028 1066 persona
3082 994 3201 1058 Dei,
3256 994 3414 1065 «Ego
3460 994 3725 1050 Dominus

2134 1085 2300 1153 Deus,
2349 1084 2443 1156 qui
2487 1086 2680 1141 vocavi
2731 1096 2784 1142 te
2833 1087 2886 1141 iu
2930 1087 3183 1157 justitia;
3240 1089 3393 1143 tenui
3445 1089 3724 1144 dexteram

2134 1189 2307 1243 tuam,
2340 1189 2394 1233 et
2432 1178 2758 1233 confortabo
2788 1187 2865 1243 te,
2899 1189 2953 1234 et
2990 1179 3133 1233 dabo
3163 1189 3215 1233 te
3242 1180 3296 1234 in
3326 1187 3720 1236 testamentum

2132 1272 2376 1343 generis,
2422 1271 2478 1324 in
2523 1270 2698 1325 lucem
2734 1271 2999 1339 gentium,
3029 1269 3097 1324 ad
3136 1271 3493 1340 aperiendum
3530 1271 3727 1324 oculos

2134 1378 2429 1426 caecorum.
2461 1361 2530 1416 ad
2566 1362 2907 1417 educendum
2933 1362 3002 1418 de
3037 1362 3276 1419 vinculis
3304 1363 3538 1427 vinctos,
3573 1369 3629 1417 et
3655 1363 3726 1417 de

2131 1455 2294 1509 domo
2334 1454 2579 1509 carceris
2621 1452 2878 1509 sedentes
2908 1453 2964 1508 in
3008 1455 3254 1511 tenebris
3277 1456 3345 1511 '°.
3374 1476 3393 1507 ι
3426 1456 3495 1511 Et
3529 1472 3725 1513 rursus

2133 1549 2275 1603 idem
2302 1547 2495 1611 Isaias,
2530 1566 2548 1597 ι
2569 1546 2635 1601 Ει
2663 1546 2805 1601 dixit
2836 1548 2970 1602 mihi
2997 1567 3011 1603 :
3040 1548 3297 1619 Magnum
3331 1549 3431 1603 tibi
3465 1549 3593 1613 hoc,
3624 1564 3724 1604 vo-

2144 1638 2259 1693 cari
2308 1652 2446 1707 puer
2474 1652 2652 1702 meus,
2684 1646 2739 1693 et
2768 1638 3041 1693 suscitare
3070 1638 3249 1695 tribus
3279 1636 3473 1702 Jacob,
3522 1651 3575 1694 et
3610 1639 3723 1693 dis-

2131 1729 2444 1800 persionem
2479 1728 2650 1784 Israel
2698 1736 3045 1784 convertere.
3088 1726 3152 1783 Et
3184 1728 3341 1799 posui
3372 1740 3424 1785 te
3466 1729 3523 1783 in
3556 1736 3722 1785 testa-

446 1818 647 1872 σκότει.
683 1837 702 1869 ι
734 1818 846 1871 Καὶ
870 1817 1031 1870 πάλιν
1050 1820 1078 1869 ὁ
1099 1815 1261 1880 αὐτὸς
1296 1816 1544 1880 Ἡσαΐας,
1574 1817 1687 1887 (41)
1713 1836 1731 1867 ι
1757 1817 1868 1871 Καὶ
1900 1812 2022 1872 εἶπέ

2132 1831 2376 1876 mentum
2403 1821 2640 1893 generis,
2661 1820 2717 1876 in
2740 1821 2916 1877 lucem
2940 1822 3204 1892 gentium,
3228 1828 3286 1877 ut
3306 1822 3384 1878 sis
3404 1823 3459 1878 in
3488 1822 3721 1878 salutem

449 1928 561 1982 μοι,
579 1910 737 1978 Μέγα
760 1926 841 1962 σοι
870 1908 1047 1973 τοῦτο,
1070 1907 1335 1979 κληθῆναι
1359 1907 1524 1961 παῖδὰ
1552 1925 1676 1978 μου,
1708 1909 1803 1962 καὶ
1830 1910 2023 1979 στῆσαι

2133 1928 2307 1983 usque
2337 1914 2405 1968 ad
2434 1920 2743 1969 extremum
2774 1920 2937 1968 terra:
2958 1913 3063 1969 ".r

443 1970 739 2076 agenti;
752 2004 846 2058 τοῦ
890 1970 1104 2067 Ἰακὼϐ,
1126 1970 1342 2073 καῖ’τὴν
1357 1970 1656 2073 διασπορὰν
1671 2001 1765 2056 τοῦ
1806 1970 2022 2076 Ἰσραήλ
2060 1970 2289 2079 trepidi-at
2308 2024 2322 2039 ·
2350 2009 2447 2061 καὶ
2466 2005 2688 2060 τέθεικά
2720 2022 2780 2060 σε
2805 2008 2883 2071 είς
2902 2004 3168 2079 διαθήκην
3189 2007 3401 2076 γένους,
3462 2009 3542 2071 εἰς
3604 2006 3720 2078 φῶς
3744 1970 3775 1991 ,ς

442 2103 633 2166 ἐθνῶν,
662 2100 755 2156 τοῦ
792 2097 930 2155 εἶναί
962 2117 1021 2153 σε
1068 2100 1147 2162 είς
1184 2099 1458 2168 σωτηρίαν
1511 2098 1615 2164 ἕως
1657 2099 1885 2169 ἐσχάτου
1929 2102 2028 2171 τῆς
2065 2107 2188 2174 γῆς.
2222 2124 2239 2155 ι

444 2281 543 2335 ΙΖ’.
571 2280 692 2333 ’Ὁτι
722 2277 835 2346 πρὸ
865 2274 972 2342 τῆς
1004 2274 1109 2328 τοῦ
1139 2276 1358 2341 Κυρίου
1381 2272 1663 2341 δευτέρας
1694 2274 2031 2343 παρουσίας

937 2346 1251 2400 ἐλεύσεται
1325 2346 1529 2411 Ηλίας.

511 2461 796 2533 Μαλαχίας
847 2462 876 2513 ὁ
920 2458 1206 2531 προφήτης
1263 2457 1430 2525 λέγει,
1469 2474 1487 2507 ι
1543 2456 1672 2510 Ἰδοὺ
1729 2454 1841 2524 ἐγὼ
1893 2457 2032 2509 ἀπο-

443 2556 647 2610 στέλλω
688 2554 800 2624 (49.)
848 2554 977 2622 ὑμῖν
1017 2550 1201 2605 Ἠλίαν
1242 2551 1335 2603 τὸν
1392 2548 1657 2619 Θεσϐίτην
1717 2548 1852 2620 (45),
1901 2552 2029 2620 πρὶν

440 2648 615 2703 ἐλθεῖν
636 2648 735 2720 τὴν
766 2646 979 2716 ἡμέραν
1014 2643 1221 2715 Κυρίου
1249 2642 1345 2713 τὴν
1379 2641 1622 2712 μεγάλην
1648 2642 1742 2693 καὶ
1764 2641 2027 2710 ἐπιφανῆ.

440 2740 499 2806 ὃς
546 2739 987 2808 ἀποκαταστήσει
1030 2736 1256 2806 καρδίας
1304 2734 1530 2805 πατρῶν
1558 2732 1692 2803 πρὸς
1730 2733 1898 2797 υἱοὺς,
1935 2734 2027 2786 καὶ

442 2833 669 2905 καρδίαν
700 2830 989 2901 ἀνθρώπου
1027 2829 1161 2899 πρὸς
1188 2828 1279 2880 τὸν
1309 2826 1536 2897 πλησίον
1578 2824 1768 2890 αὐτοῦ,
1818 2827 1893 2898 μὴ
1940 2826 2029 2880 ἐλ-

441 2922 550 2979 θὼν
585 2922 811 2989 πατάξω
840 2922 950 2993 (44)
976 2920 1073 2992 τήν
1108 2920 1211 2990 γῆν
1249 2918 1436 2989 ἄρδην.
1482 2937 1502 2969 ›

678 3075 786 3131 Ill'.
822 3076 943 3128 Ὅτι
972 3074 1396 3142 κληθησόμεθα
1423 3075 1783 3142 Χριστιανοί.

516 3215 744 3277 Ἡσαΐας
788 3212 965 3280 λέγει,
1010 3227 1030 3261 ι
1068 3207 1325 3277 Ὄψονται
1387 3206 1514 3279 ἔθνη
1564 3207 1662 3279 τὴν
1718 3208 1874 3272 δόξαν
1913 3210 2023 3279 (45)

438 3325 559 3372 σου,
608 3308 704 3361 καὶ
752 3306 951 3366 πάντες
976 3303 1029 3355 οἱ
1079 3300 1316 3373 βασιλεῖς
1364 3302 1464 3372 τὴν
1517 3301 1863 3372 δικαιοσύνην
1906 3319 2019 3367 σου,

438 3400 535 3455 καὶ
560 3397 779 3452 καλέσει
812 3414 872 3449 σε
903 3394 965 3449 τὸ
994 3396 1164 3464 ὄνομα
1198 3394 1259 3446 τὸ
1295 3393 1498 3458 καινὸν,
1535 3393 1564 3446 ὃ
1598 3395 1627 3446 ὁ
1663 3394 1868 3465 Κύριος
1904 3394 2021 3447 ὀνο-

2135 2283 2300 2340 XVII.
2385 2282 2543 2351 Quod
2595 2293 2716 2337 ante
2789 2284 3077 2337 secundum
3155 2283 3373 2339 Domini
3431 2292 3717 2338 adventum

2596 2364 2849 2408 venturus
2897 2356 2966 2409 sit
3023 2353 3202 2409 Elias.

2203 2467 2503 2524 Malachias
2562 2468 2827 2538 propheta
2883 2468 3057 2533 dicit,
3100 2487 3120 2520 ι
3160 2468 3299 2523 Ecce
3349 2482 3485 2537 ergo
3551 2467 3713 2521 mitto

2130 2557 2289 2611 vobis
2350 2556 2524 2611 Eliam
2595 2557 2894 2612 Thesbiten
2932 2597 2948 2621 ,
2989 2568 3279 2627 antequam
3344 2556 3528 2611 veniat
3592 2558 3714 2611 dies

2132 2647 2349 2704 Domini
2388 2665 2584 2720 magna
2624 2658 2679 2703 et
2733 2649 2989 2711 illustris,
3032 2650 3123 2718 qui
3168 2656 3452 2703 convertet
3484 2662 3581 2701 cor
3614 2666 3714 2719 pa-

2130 2748 2275 2795 trum
2344 2741 2413 2796 ad
2478 2744 2654 2805 lilios,
2700 2751 2755 2796 et
2812 2757 2909 2796 cor
2971 2742 3210 2798 hominis
3271 2742 3341 2796 ad
3402 2742 3713 2810 proximum

2129 2848 2312 2897 suum,
2352 2848 2424 2890 ne
2477 2834 2615 2890 forte
2647 2835 2875 2890 veniens
2902 2874 2918 2899 ,
2957 2835 3261 2905 percutiam
3293 2841 3497 2889 terram
3558 2835 3714 2905 peni-

2127 2934 2217 2980 tus
2239 2927 2309 2979 ".
2340 2945 2359 2978 ι

2414 3080 2606 3137 XVIII.
2646 3082 2799 3149 Quod
2829 3082 3049 3137 vocandi
3082 3082 3399 3139 Christiani.

2198 3216 2367 3273 Isaias
2429 3216 2600 3282 dicit,
2643 3235 2662 3268 ι
2704 3215 2980 3272 Videbunt
3021 3227 3211 3289 gentes
3257 3217 3488 3289 gloriam
3537 3223 3713 3281 tuam,

2125 3315 2179 3361 et
2214 3321 2407 3360 onmes
2481 3320 2639 3375 reges
2694 3305 2967 3375 justitiam
3015 3316 3166 3362 tuam
3196 3345 3213 3368 .
3263 3315 3320 3361 et
3379 3306 3602 3361 vocabit
3657 3314 3712 3360 te

2126 3411 2323 3449 nomen
2365 3410 2596 3461 novum,
2624 3396 2771 3465 quod
2798 3396 3062 3453 Dominus
3091 3397 3399 3452 nominabit
3433 3396 3567 3451 illud
3590 3396 3655 3450 ⁸³.
3687 3416 3709 3449 ι

446 3493 610 3564 μάσει
641 3490 789 3544 αὐτό.
832 3508 852 3540 ι
884 3489 994 3542 Καὶ
1039 3486 1225 3551 πάλιν,
1261 3504 1282 3538 ι
1321 3485 1447 3549 Τοῖς
1490 3486 1547 3539 δὲ
1593 3484 1900 3539 δουλεύουσί
1940 3503 2022 3555 μοι

2133 3486 2193 3541 Ει
2228 3504 2446 3553 rursus,
2500 3507 2519 3538 ι
2560 3486 2942 3546 Servientibus
3015 3498 3199 3545 autem
3253 3490 3391 3545 mihi
3428 3488 3709 3544 vocabitur

441 3583 768 3654 κληθήσεται
811 3582 982 3651 ὄνομα
1028 3578 1235 3643 καινὸν,
1279 3576 1308 3629 ὃ
1357 3575 1897 3648 εύλογηθήσεταιὲπὶ
1926 3579 2025 3646 τῆς

441 3676 563 3746 γῆς.
602 3694 623 3726 ο
660 3673 835 3744 Ὠσηὲ,
859 3672 971 3743 (46)
1000 3690 1019 3724 ι
1059 3670 1164 3724 Καὶ
1194 3669 1345 3722 ἔσται
1384 3668 1470 3722 ἐπ’
1503 3669 1732 3738 ἐσχάτου
1761 3669 1821 3722 τὸ
1856 3668 2026 3739 ὄνομα

437 3767 600 3821 αὑτοῦ
632 3765 894 3836 ἐπιφανὲς
930 3766 989 3818 ὲν
1023 3762 1173 3834 πάσῃ
1201 3763 1268 3831 τῇ
1306 3762 1399 3831 γῇ,
1446 3761 1537 3813 καὶ
1564 3760 1642 3831 τῷ
1672 3760 1894 3831 ὀνόματι
1924 3760 2022 3813 αύ-

437 3858 530 3913 τοῦ
558 3858 1017 3929 ὲπικληθήσονται
1054 3853 1176 3907 λαοὶ
1212 3850 1413 3917 πολλοὶ,
1446 3852 1540 3906 καὶ
1572 3853 1712 3906 κατὰ
1744 3851 1841 3914 τὰς
1869 3852 2022 3916 ὁδοὺς

437 3949 602 4005 αὐτοῦ
628 3950 1003 4022 πορευθέντες,
1025 3948 1281 4020 ζήσονται
1300 3947 1359 4001 ὲν
1386 3946 1598 4009 αὐταῖς.
1630 3964 1650 3997 ι

507 4128 553 4161 ⁸³
582 4128 685 4181 Isti.
724 4125 840 4180 1-5.
915 4126 963 4156 ⁹⁰
1006 4123 1108 4178 lsa.
1146 4137 1275 4191 xui,
1306 4122 1361 4177 6.
1396 4122 1448 4177 7.
1559 4120 1602 4151 “
1643 4119 1749 4174 lsa.
1791 4134 1941 4184 1th,
1971 4118 2026 4172 6.

439 4197 529 4265 15,
561 4198 649 4255 i6.

438 4396 644 4467 Κῦρον,
676 4394 957 4467 Dominum
1019 4392 1466 4467 interpretantes.
1501 4387 2015 4467 ldem__l'acit_Th_eo-

438 4459 1051 4537 phi'lus’Alexaudrinus
1078 4464 1142 4537 in
1167 4459 1539 4537 disputatione
1588 4460 1769 4513 adhuc
1794 4459 2015 4537 inedita

436 4528 565 4591 cum
609 4536 835 4591 Simone
867 4533 1074 4588 Judaeo.
1110 4531 1215 4587 Sed
1258 4528 1335 4587 Vde
1377 4534 1479 4585 hac
1512 4539 1757 4585 veterum
1791 4528 2014 4583 Patrum

436 4607 718 4677 Opinione,
748 4605 873 4660 vide
912 4604 1299 4674 Hieronymum
1325 4603 1381 4656 in
1410 4602 1621 4657 Comm.
1646 4602 1713 4655 ad
1746 4601 1891 4655 hunc
1933 4601 2011 4653 lo-

432 4692 582 4732 cum.

508 4747 621 4816 ('55)
652 4745 707 4799 in
745 4741 1650 4816 recentioriVVfaticanoﬂadditur,
1678 4743 1779 4816 τῆς
1808 4740 2011 4811 χειρός,

428 4811 555 4888 qua:
597 4811 696 4888 vos
725 4816 893 4888 etiam
923 4817 979 4868 in
1009 4814 1452 4888 Siphanicodice
1479 4811 1866 4888 reperiebatur.

500 4886 613 4957 (56)
647 4884 817 4940 Verba
844 4886 953 4948 illa,
978 4882 1087 4957 καῖ
1108 4887 1202 4957 *εἰς
1232 4884 1396 4957 ᾁσκδν
1428 4882 1733 4957 ἐκδαρέντι,
1774 4897 1891 4957 non
1914 4895 2012 4957 ex:

430 4951 667 5011 sta’utin
696 4956 989 5010 recentiori
1020 4954 1210 5009 codice
1238 4953 1527 5017 Vaticano,
1555 4951 1654 5006 nec
1689 4953 1743 5006 iu
1778 4951 2011 5022 Siphani

432 5028 691 5081 versione
724 5028 1000 5093 leguntur.

425 5144 437 5154 .
503 5097 616 5164 (57)
641 5090 866 5149 Labitur
896 5094 1156 5148 memoria
1185 5093 1498 5166 Nyssenus;
1525 5093 1638 5166 haec
1667 5090 1813 5166 enim
1845 5094 2011 5146 verba

433 5161 784 5233 praecedunt,
864 5166 1046 5235 capite
1111 5161 1365 5220 videlicet
1445 5161 1866 5234 quadragesimo
1924 5177 2012 5217 se-

431 5238 630 5289 eundo.

499 5306 614 5376 (58)
648 5304 833 5362 Locus
889 5304 993 5359 iste
1023 5304 1273 5358 nonnihil
1303 5304 1477 5376 variat
1528 5304 1585 5376 in
1628 5300 2011 5376 editione_Ro-

431 5373 612 5438 mana,
648 5377 703 5430 in
737 5391 844 5445 qua
888 5376 1081 5428 Latine
1111 5376 1326 5445 legitur,
1356 5374 1495 5445 rEgo
1548 5373 1806 5429 Dominus
1867 5373 2007 5428 Deus

429 5449 611 5499 vocavi
627 5457 674 5499 te
694 5444 1009 5515 in’justitia.
1035 5455 1082 5499 et
1121 5444 1299 5499 tenebo
1330 5444 1601 5498 dexteram
1623 5454 1768 5497 tuam
1799 5454 1849 5497 et
1882 5461 2009 5497 con-

430 5516 637 5582 l'ortabo
677 5526 745 5579 te,
792 5524 843 5570 et
888 5515 1009 5569 dedi
1052 5526 1099 5569 te
1148 5517 1201 5568 in
1248 5524 1615 5569 testamentum
1646 5516 1870 5584 generis,
1895 5523 2002 5569 etc.

2131 3597 2329 3636 nomen
2364 3596 2589 3647 novum,
2626 3581 2718 3636 eui
2748 3582 3102 3638 benedicetur
3141 3598 3310 3653 super
3353 3590 3555 3637 terram
3579 3582 3647 3635 ".
3686 3601 3706 3632 ι

2130 3673 2325 3738 Oseas,
2365 3693 2384 3725 ι
2423 3673 2489 3727 Ει
2534 3676 2642 3731 erit
2685 3675 2743 3729 in
2794 3682 3042 3730 extremo
3088 3690 3287 3731 nomen
3337 3675 3463 3743 ejus
3498 3674 3709 3729 clarum

2130 3765 2188 3820 in
2241 3766 2392 3820 omni
2427 3775 2595 3833 terra,
2650 3777 2706 3824 et
2750 3768 2972 3823 nomine
3004 3766 3127 3837 ejus
3165 3766 3706 3839 cognominabuntn:

2128 3859 2317 3929 populi
2374 3859 2575 3923 multi,
2634 3859 2777 3915 etin
2838 3858 2944 3914 viis
2992 3858 3115 3929 ejus
3183 3857 3569 3921 ambulantes,
3627 3855 3708 3911 vi-

2128 3955 2259 4002 vent
2314 3948 2371 4003 in
2422 3948 2522 4003 eis.
2555 3966 2577 3999 ι

2120 4118 2168 4149 ⁹²
2194 4116 2423 4173 Malach.
2480 4134 2554 4184 tv,
2587 4118 2640 4173 5.
2675 4118 2729 4172 6.
2829 4117 2877 4148 "
2911 4116 3017 4172 lsa.
3048 4129 3185 4181 Lxu,
3217 4115 3272 4170 2.
3367 4116 3415 4148 ⁸⁸
3460 4113 3568 4168 lsa.
3616 4127 3705 4180 ιν,

2829 4117 2877 4148 ’³
2911 4116 3017 4172 lsa.
3048 4129 3185 4181 Lxu,
3217 4115 3272 4170 2.

2118 4386 2362 4443 editione
2394 4385 2640 4458 Romana
2671 4393 2777 4458 est,
2815 4387 2879 4440 ἐκ
2904 4386 3118 4458 δεσμῶν
3149 4388 3487 4458 δεδεμένους.

2193 4458 2305 4526 (40)
2339 4459 2395 4511 In
2428 4456 2617 4528 eadem
2641 4456 2883 4528 editione
2929 4456 3173 4511 Romana
3200 4456 3415 4528 legitur,
3462 4460 3557 4513 καὶ
3599 4478 3700 4514 κα-

2119 4526 2407 4598 θημένους.
2465 4526 2716 4598 Nobilius
2773 4527 2998 4581 atlnotat
3044 4529 3198 4594 illud,
3246 4526 3361 4591 καί,
3412 4531 3605 4585 abesse
3670 4548 3699 4587 a

2119 4596 2521 4669 nonnullis._et
2566 4614 2611 4669 7a
2677 4596 2902 4668 Cyrillo.
2980 4598 3149 4669 pAdde
3208 4598 3482 4654 Justinnm
3576 4617 3698 4669 pag.

2116 4670 2381 4731 243-290,
2411 4667 2745 4738 Cyprianum
2780 4669 2872 4725 lib.
2909 4684 2945 4722 ιι
2975 4668 3190 4722 Testim.
3225 4685 3344 4738 cap.
3378 4670 3429 4733 7,
3463 4667 3696 4725 Tertull.

2115 4741 2364 4812 adversus
2424 4738 2643 4812 [σάωσε
2692 4754 2815 4810 cap.
2863 4739 2964 4806 12,
3030 4739 3228 4794 Euseb.
3285 4738 3431 4796 Dent.
3494 4740 3697 4812 Ecang.

2043 4830 2092 4889 υ
2118 4811 2407 4889 lib._t_v,"e.

2188 4880 2300 4949 (41)
2325 4878 2391 4932 Ει
2424 4879 2515 4933 hic
2559 4878 2716 4949 locus
2749 4879 3001 4934 nonnihil
3026 4880 3201 4934 variat
3229 4880 3282 4935 in
3311 4881 3550 4935 editione
3586 4879 3696 4932 Ro-

2114 4948 2295 5011 mana,
2328 4951 2382 5003 in
2432 4964 2537 5017 qua
2590 4948 2784 5004 Latine
2850 4951 3067 5019 legitur,
3102 4949 3357 5020 Magnum
3383 4950 3478 5003 tibi
3534 4963 3610 5003 est
3640 4961 3700 5004 ut

2112 5021 2308 5074 voceris
2340 5035 2468 5088 puer
2492 5036 2655 5079 meus,
2683 5029 2739 5071 ut
2764 5022 2984 5074 suscites
3009 5020 3176 5073 tribus
3201 5020 3391 5083 Iacob,
3414 5033 3462 5074 et
3495 5021 3699 5086 disper-

2114 5092 2310 5143 sionem
2344 5089 2519 5144 Israel
2553 5100 2846 5144 convertas.
2884 5090 3015 5143 Ecce
3062 5090 3185 5145 dedi
3230 5102 3278 5145 ιε
3318 5093 3370 5144 in
3422 5100 3697 5143 testamen-

2115 5169 2247 5225 tum,
2293 5168 2399 5215 etc.
2431 5159 2675 5214 Similem
2715 5160 2841 5213 huic
2872 5161 3164 5216 lectionem
3203 5161 3422 5216 exhibet
3453 5160 3687 5215 Tertull.

2114 5231 2364 5285 adversus
2397 5229 2564 5283 Prax.
2596 5233 2780 5299 caput
2797 5233 2815 5281 1
2833 5270 2847 5284 .

2186 5300 2302 5369 (42)
2341 5300 2400 5354 In
2451 5298 2690 5355 editione
2722 5298 2991 5363 Romana,
3043 5299 3344 5365 ἀποστελῶ,
3384 5301 3620 5355 mittant.

2186 5372 2299 5442 (45)
2338 5370 2522 5426 Codex
2557 5369 2806 5440 Siphani,
2842 5378 2895 5426 et
2930 5370 3233 5427 Vaticanus
3266 5373 3561 5435 recentior,
3597 5372 3689 5424 τὸν

2112 5445 2422 5513 προφήτην.

2275 5508 2295 5583 )
2439 5509 2679 5595 editione
2713 5508 2959 5591 Romana
3001 5519 3110 5574 est,
3160 5511 3235 5595 μὴ
3270 5511 3429 5578 ἔλθω,
3463 5513 3557 5566 καὶ
3596 5529 3695 5577 πα-

432 5516 637 5582 )ὀνιαὺο
677 5526 745 5579 te,
771 5513 843 5570 iet
888 5515 1009 5569 dedi
1052 5526 1099 5569 te
1148 5517 1201 5568 in
1248 5524 1615 5569 testamentum
1646 5516 1870 5584 generis,
1895 5523 2002 5569 etc.
2180 5513 2295 5647 2M)
2334 5513 2393 5565 ln
2439 5513 2679 5565 editione
2713 5513 2959 5591 [fontana
3001 5519 3110 5574 est,
3160 5513 3235 5595 μὴ
3270 5514 3283 5566 ἔ

432 5586 581 5639 Hanc
640 5596 822 5641 autem
910 5587 1197 5641 lectionem
1253 5584 2004 5654 comprobantJustinusﬂin
2106 5584 2175 5637 τά
2211 5604 2275 5643 ω.
2326 5580 2409 5654 Ne
2442 5585 2578 5654 [orte
2627 5596 2851 5654 veniam,
2887 5592 2935 5635 et
2970 5592 3283 5650 percutiam.

433 5654 583 5728 Dial.
603 5672 722 5709 cum
740 5657 1025 5728 .Tryphone
1071 5654 1264 5711 Judazo
1294 5653 1417 5728 pag.
1471 5656 1596 5720 245,
1651 5655 1757 5710 290
1794 5663 1849 5709 et
1873 5653 1998 5721 550,

431 5724 976 5796 Cyprianus'aliiQue.

500 5792 609 5867 (⁷59)
646 5796 723 5851 lta
771 5792 937 5854 etiam
994 5795 1122 5869 legit
1170 5795 1422 5854 Justinus
1451 5796 1613 5855 modo
1640 5795 1916 5854 laudatus.
1946 5792 2005 5851 in

2182 5654 2294 5725 (45)
2334 5652 2395 5706 In
2426 5652 2664 5706 editione
2696 5649 2940 5725 Romana
2972 5649 3159 5723 priore
3194 5654 3311 5708 loco
3342 5660 3444 5719 est,
3479 5652 3688 5705 δικαιο-

2115 5721 2303 5793 σύνην,
2335 5725 2661 5793 posteriore,
2692 5721 2867 5785 δόξαν.

2136 5852 2139 5855 .
2185 5792 2296 5866 (46)
2336 5792 2544 5852 Locum
2575 5794 2723 5851 hunc
2756 5792 2899 5863 apud
2936 5792 3137 5852 Oscam
3179 5808 3289 5850 non
3330 5792 3564 5860 reperio.
