4096 6354
406 304 508 357 257
1501 294 1588 358 DE
1626 299 2099 357 PRO‘FESSIONE
2137 291 2570 357 CllRISTIANA.

413 555 2023 589 W

3565 298 3669 351 9.53

1646 744 2059 866 PARS
2161 755 2419 867 Ill.

627 1170 1584 1290 ASCETIGA
1660 1177 1908 1290 ET
2004 1174 3436 1299 MISCELLANEA.

1374 1599 1605 1685 ΤΟΥ
1678 1599 2055 1685 ΑΥΤΟΥ
2130 1600 2749 1689 ΓΡΗΓΟΡΙΟΥ

1851 1808 2035 1860 ΠΕΡΙ
2076 1806 2215 1860 ΊῸΥ

402 2030 556 2145 TI
600 1938 823 2147 T0
895 2020 1812 2142 ΧΡΙΣΤΙΑΝΩΝ
1886 2026 1973 2141 0

2076 2024 2453 2143 [ΟΜΑ
2531 2032 2642 2141 Η
2717 2023 3663 2150 ΕΠΑΓΓΕΔΜΑ

1739 2290 1915 2341 ΠΡΟΣ
1949 2289 2326 2343 ΑΡΜΟΝῙΟΝ.

1979 2536 2047 2556 ού.

1371 2758 1908 2853 EJUSDEM
1988 2762 2083 2851 S.
2158 2751 2737 2853 GREGOBII

1597 3004 1718 3062 AD
1794 3002 2420 3065 HARMONIUM

558 3210 863 3333 QUID
944 3208 1399 3314 NOMEN
1478 3198 2358 3313 PROFESSIOVE
2449 3200 3515 3317 CHRISTIANOBUM

1700 3474 1900 3552 SIBI
1953 3476 2291 3554 VELIT.

1640 3721 1905 3771 Laurentio
1930 3723 2095 3772 Sifano
2120 3726 2408 3780 interprc:c.

467 4138 648 4206 Ὅπερ
680 4133 892 4186 ποιοῦσι
930 4132 1059 4203 πρὸς
1100 4132 1224 4194 τοὺς
1257 4130 1589 4203 κρατοῦντας
1618 4134 1666 4184 οἱ
1697 4134 1808 4194 τοῖς
1837 4130 1972 4201 ἠμε-

2147 4123 2303 4198 Quou
2332 4128 2473 4200 apud
2504 4130 2858 4200 magistratus
2882 4138 2936 4185 ct
2968 4146 3062 4186 cos
3089 4131 3179 4202 qui
3215 4150 3397 4189 rerum
3432 4136 3654 4207 potiun-

401 4230 566 4299 ρινοῖς
602 4224 949 4295 ὑποκείμενοι
984 4222 1168 4295 φόροις
1195 4262 1209 4286 ,
1250 4224 1298 4275 εί
1331 4218 1589 4275 πλειόνων
1630 4214 1853 4292 ἡμερῶν
1883 4222 1970 4273 ὲλ-

397 4318 643 4388 λειφθείη
673 4317 732 4370 τὸ
761 4316 941 4387 χρέος,
982 4313 1194 4385 ἁθρόως
1219 4308 1328 4366 τῶν
1354 4312 1494 4365 κατὰ
1530 4308 1693 4383 μέρος
1721 4312 1974 4383 ὀφλημά-

394 4424 503 4461 των
532 4402 912 4468 ἀποτιννὼτες
952 4396 1010 4458 ἓν
1049 4400 1329 4471 κεφαλαίῳ
1362 4400 1423 4453 τὸ
1453 4400 1672 4470 ὄφλημα
1693 4439 1707 4465 ,
1743 4400 1797 4452 εἴ
1826 4418 1973 4465 τινος

398 4500 703 4569 ἐπιτύχοιεν
740 4496 999 4567 εὐπορίας
1024 4536 1038 4561 ,
1071 4482 1231 4547 τοῢτο
1278 4493 1489 4562 ποιήσω
1530 4491 1626 4543 καὶ
1670 4490 1831 4555 αὐτὸς
1878 4490 1973 4544 ἐπὶ

397 4589 496 4661 τῆς
535 4586 860 4659 σεμνότητός
897 4603 1010 4639 σου.
1040 4582 1345 4653 Χρεωστῶν
1386 4581 1494 4651 γάρ
1524 4597 1604 4633 σοι
1632 4581 1704 4668 τὸ.
1726 4580 1970 4668 συνεχῶς

397 4673 726 4737 ἐπιστέλλειν
748 4680 899 4752 (διότι
924 4680 1036 4742 τοῖς
1066 4676 1409 4747 Χριστιανοῖς
1490 4666 1786 4744 ἐπαγγελία
1811 4666 1971 4746 χρέος

342 4788 352 4794 ‘
396 4775 513 4827 ἐστὶ
532 4772 572 4844 ),
612 4772 709 4843 τὴν
739 4773 796 4823 ὲν
829 4771 907 4841 τῷ
935 4769 1258 4839 παρελθόντι
1292 4769 1466 4839 χρόνῳ
1491 4767 1599 4820 τῶν
1625 4768 1970 4838 γραμμάτων

396 4862 651 4931 ἔλλειψιν,
678 4862 743 4932 ἣν
771 4861 1038 4925 ἀκουσίως
1077 4859 1404 4931 πεποίημαι,
1442 4858 1535 4911 νῦν
1575 4858 1971 4929 ἀποπληρῶσαι

396 4952 680 5025 βούλομαι,
701 4952 952 5006 τοσοῦτον
973 4950 1218 5013 ἐκτείνας
1237 4950 1335 5019 τῆς
1368 4949 1653 5019 ἐπιστολῆς
1670 4949 1730 5002 τὸ
1751 4941 1967 5023 μέτρον,

392 5048 534 5100 ὥστε
579 5047 673 5099 καὶ
724 5043 859 5115 πρὸς
892 5043 962 5097 τὰ
1008 5041 1211 5112 συνήθη
1264 5036 1438 5111 μέτρα
1488 5038 1597 5093 τῶν
1629 5042 1972 5111 γραμμάτων

390 5137 798 5208 διαιρουμένην,
819 5130 941 5189 ἀντὶ
974 5133 1183 5187 πολλῶν
1221 5131 1563 5201 νομισθῆναι.
1611 5131 1696 5194 Ὦς
1730 5124 1775 5184 δ’
1803 5132 1870 5185 ἂν
1896 5132 1969 5203 μὴ

398 5230 573 5301 μάτην
606 5228 949 5299 ἁδολεσχοίην
978 5226 1059 5297 τῷ
1082 5226 1249 5297 μήκει
1281 5220 1375 5277 τοῦ
1399 5220 1726 5295 γράμματος
1751 5263 1765 5287 ,
1790 5224 1971 5289 καλῶς

396 5322 537 5393 ἔχειν
572 5321 811 5393 ἠγοῦμαι
847 5320 933 5374 διὰ
962 5320 1064 5390 τῆς
1111 5316 1520 5387 ὲπιστολιμαίου
1551 5316 1756 5387 ταύτης
1786 5314 1969 5386 φωνῆς

2076 4231 2190 4287 tur,
2219 4223 2429 4278 faciunt
2476 4223 2512 4277 ii
2544 4226 2637 4292 qui
2668 4222 3007 4291 quotidianis
3034 4225 3393 4295 vectigalibus
3425 4227 3652 4283 obnoxii

2076 4322 2225 4377 sunt,
2260 4324 2317 4369 ut
2342 4314 2385 4369 si
2412 4314 2777 4383 complurium
2808 4306 3018 4368 dierum
3045 4330 3122 4370 ωε
3151 4316 3389 4371 alienum
3414 4318 3484 4373 ab
3518 4319 3653 4389 ipsis

2077 4404 2413 4474 persolutum
2440 4419 2547 4458 non
2578 4405 2670 4469 sit,
2702 4404 2759 4458 in
2791 4419 2954 4459 unam
2977 4421 3246 4461 summam
3267 4416 3518 4464 coactum
3544 4412 3654 4467 sin-

2077 4496 2346 4567 gularium
2370 4486 2677 4551 debitorum
2709 4512 2784 4553 ωε
2803 4497 3040 4553 alienum
3058 4497 3389 4569 dependant,
3418 4502 3462 4557 si
3486 4518 3652 4574 quam

2078 4589 2218 4645 forte
2240 4588 2383 4644 nacti
2408 4586 2609 4643 fuerint
2630 4590 2878 4658 pecuniae
2903 4589 3238 4656 facultatem,
3268 4591 3321 4647 id
3349 4593 3514 4649 etiam
3539 4596 3655 4666 ipse

2076 4678 2269 4734 faciam
2302 4669 2443 4747 apud
2475 4684 2621 4732 tuam
2650 4679 3080 4749 amplitudinem.
3115 4679 3248 4735 Nam
3276 4698 3401 4737 cum
3425 4682 3654 4740 debeam

2078 4770 2302 4825 crebras
2336 4769 2401 4823 ad
2443 4779 2493 4825 te
2546 4770 2765 4825 mittere
2794 4762 3031 4836 litteras,
3063 4773 3263 4843 quippe
3310 4789 3435 4829 cum
3492 4775 3651 4831 Chri-

2078 4858 2271 4913 stianis
2327 4858 2617 4927 promissio
2647 4858 2889 4913 debitum
2922 4860 3015 4923 sit,
3047 4875 3210 4930 quam
3267 4861 3323 4917 in
3376 4864 3655 4933 praeterito

2078 4959 2321 5019 tempore
2380 4947 2586 5003 invitus
2641 4948 2744 5003 feci
2802 4950 3102 5004 litterarum
3174 4948 3698 5010 intermissionem-

2076 5056 2223 5095 nunc
2253 5038 2470 5111 explere
2488 5047 2909 5109 etcompensare
2932 5042 3079 5103 volo,
3096 5042 3152 5097 in
3180 5051 3391 5099 tantum
3409 5047 3656 5116 epistola

2074 5132 2296 5187 modum
2327 5131 2620 5197 excedens,
2648 5139 2709 5185 ut
2737 5132 2781 5187 si
2808 5131 2875 5186 ad
2905 5144 3224 5188 consuetum
3264 5138 3486 5191 modum
3509 5138 3653 5194 litte-

2072 5236 2260 5275 rarum
2297 5221 2593 5285 dividatur,
2619 5222 2741 5277 loco
2764 5223 3057 5277 multarum
3085 5225 3438 5294 epistolarum
3461 5228 3651 5285 haberi

2072 5314 2265 5382 possit.
2302 5311 2504 5368 Verum
2535 5326 2605 5368 ne
2640 5312 2843 5368 frustra
2878 5312 3183 5370 litterarum
3228 5318 3538 5387 prolixitate
3567 5322 3652 5376 lu-

394 5413 492 5485 τὴν
538 5414 681 5467 κατὰ
724 5413 1012 5484 πρόσωπον
1060 5409 1217 5481 ἡμῶν
1272 5407 1555 5463 συνουσίαν
1602 5406 1965 5478 μιμήσασθαι.

2076 5401 2219 5469 dam,
2253 5420 2318 5459 ac
2342 5404 2597 5475 nugando
2631 5413 2844 5475 tempus
2900 5412 3094 5471 teram,
3132 5418 3277 5463 recte
3320 5412 3451 5465 mihi
3478 5409 3652 5467 factu-

394 5502 687 5583 Μέμνησαι
720 5504 829 5575 γὰρ
851 5504 1089 5567 πάντως,
1124 5503 1205 5555 ὅτι
1232 5501 1341 5554 τῶν
1372 5494 1507 5572 πρὸς
1540 5499 1798 5570 ἀλλήλους
1836 5500 1971 5552 πάν-

395 5610 515 5648 τοτε
543 5595 674 5665 ἡμῖν
718 5594 892 5663 λόγων
934 5589 989 5647 αί
1027 5590 1305 5664 ἀφορμαὶ,
1348 5590 1569 5663 μελέται
1607 5590 1741 5659 πρὸς
1771 5590 1971 5661 ἀρετὴν

396 5686 490 5742 καὶ
526 5685 825 5750 γυιινασίαι
871 5685 1008 5751 πρὸς
1038 5678 1348 5739 θεοσέϐειαν
1376 5677 1515 5751 ἦσαν
1535 5720 1551 5749 ,
1588 5681 1680 5734 σοῦ
1724 5682 1821 5749 μὲν
1848 5683 1970 5733 ἐπι-

2075 5512 2174 5552 rus
2221 5511 2344 5551 esse
2380 5494 2589 5561 videor,
2622 5500 2667 5551 si
2725 5512 2822 5565 per
2871 5498 3219 5567 epistolarem
3263 5500 3404 5556 lianc
3460 5518 3650 5567 vocem

2078 5588 2326 5643 imitatus
2349 5588 2503 5644 fuero
2528 5590 2976 5646 consuetudinem
3008 5607 3114 5662 qua
3140 5608 3320 5647 curam
3354 5596 3497 5650 inter
3549 5611 3650 5649 nos

2081 5680 2158 5735 uti
2190 5680 2447 5745 solemus.
2467 5671 2771 5753 Meministi
2799 5682 2962 5746 enim,
2997 5693 3079 5740 sat
3108 5684 3240 5746 scio.
3266 5684 3405 5747 quod
3438 5696 3652 5747 semper
