4096 6354
419 312 513 366 2'9
1611 303 1666 360 S.
1714 300 2035 360 GREGORII
2070 300 2359 358 NYSSENI
3558 308 3662 363 250

418 431 732 494 argumenta
762 438 1098 487 sermonum,
1133 422 1331 492 quibus
1363 423 1503 477 inter
1533 437 1632 477 nos
1663 422 1738 474 uti
1774 421 1986 474 soleba-
2015 427 2035 482 Α

2043 434 2059 483 ι
2091 420 2356 484 στατικῶς
2394 420 2478 474 ἀεὶ
2524 422 2635 484 τοῖς
2682 420 2991 492 λεγομένοις
3028 421 3491 494 ἀνθυποφέροντος
3517 463 3530 486 ,
3568 425 3660 477 καὶ

419 531 556 581 mus,
586 515 972 571 meditationes
1006 515 1228 570 virtutis
1256 522 1433 576 erant,
1465 522 1521 570 et
1560 514 1625 567 ad
1659 512 1749 566 Dei
1779 513 1984 567 cultum

2084 513 2235 569 οὐδὲν
2265 512 2636 578 ἀνεξετάστως
2680 512 3126 584 παραδεχομένου
3159 513 3268 568 τῶν
3310 512 3620 582 λεγομένων
3642 531 3654 543 ·

418 619 582 678 atque
597 608 853 678 pietatem
892 607 1332 668 exercitationes,
1356 619 1481 660 cum
1503 614 1558 658 tu
1594 604 1811 674 quidem
1847 617 1985 673 pra-.-

2085 605 2244 676 ήμῶν
2275 604 2331 658 δὲ
2358 603 2445 656 διὰ
2472 603 2534 657 τὸ
2558 605 2820 676 προήκειν
2840 604 2919 676 τῷ
2937 605 3115 676 χρόνῳ
3139 604 3207 658 τά
3232 605 3491 659 ἑκάστοτε
3512 605 3661 674 παρά

418 700 659 771 ceptoris
681 714 744 753 ac
767 697 1011 770 magistri
1037 713 1188 752 more
1206 711 1419 766 semper
1437 695 1505 752 iis
1519 710 1640 766 qua:
1667 694 1987 751 dicebantur

2086 696 2186 764 τῆς
2213 693 2307 747 τοῦ
2335 693 2496 760 λόγου
2527 693 2847 758 ἀκολουθίας
2880 693 3286 766 ἐπιζητούμενα
3310 693 3657 749 διαλυόντων.

417 807 478 846 ex
509 791 740 846 adverso
771 789 1069 859 subjiceres
1097 797 1152 844 et
1179 802 1489 859 opponeres
1538 787 1803 858 nihilque,
1840 787 1986 857 quod

2087 787 2150 841 Ei
2181 778 2293 857 μὲν⁹
2310 782 2403 841 οὖν
2427 783 2496 859 ῆν
2520 784 2744 841 δυνατὸν
2774 786 2868 839 καὶ
2896 784 2991 840 νῦν
3022 785 3263 855 γίνεσθαι
3290 784 3483 850 οὓτως,
3520 784 3660 837 ὥστε

417 883 696 937 diceretur
756 881 966 951 absque
1021 879 1346 935 excussione
1384 889 1549 950 atque
1586 878 1989 935 examinatione

2088 878 2241 952 παρὰ
2263 878 2365 948 τῆς
2384 879 2488 950 σῆς
2518 877 2785 940 συνέσεως
2813 876 3046 931 δίδοσθαι
3076 876 3219 948 λόγῳ
3254 876 3350 948 τὴν
3383 876 3658 949 ἀφορμὴν,

417 974 767 1038 admitteres;
792 986 896 1025 nos
931 984 1058 1025 vero
1086 971 1178 1041 qui
1198 976 1359 1024 aetate
1384 969 1835 1038 praecederemus,
1867 984 1989 1039 quae

2087 970 2165 1042 τῷ
2190 971 2353 1025 παντὶ
2382 972 2632 1042 κρεῖττον
2661 968 2727 1024 ἀν
2751 965 2819 1041 ἦν
2839 969 2901 1023 τὸ
2921 968 3177 1024 τοιοῦτον.
3210 968 3430 1039 Διχόθεν
3458 967 3568 1038 γὰρ
3597 968 3664 1021 ἂν

419 1078 514 1135 per
540 1061 991 1132 consequentiam
1024 1061 1296 1117 sermonis
1324 1058 1619 1115 identidem
1644 1058 1989 1130 requireren-

2090 1062 2333 1133 ὑπῆρχεν
2364 1061 2695 1133 ἀμφοτέροις
2727 1060 2786 1113 τὺ
2812 1060 3001 1132 κέρδος
3023 1101 3037 1124 ,
3064 1059 3128 1114 ἐκ
3165 1077 3223 1114 τε
3252 1060 3345 1114 τοῦ
3388 1061 3664 1132 προσορᾷν

417 1166 527 1217 tur,
557 1153 1005 1211 dissolverem».
1039 1151 1099 1206 Si
1127 1152 1294 1223 igitur
1338 1166 1487 1208 nunc
1516 1152 1681 1207 etiam
1747 1151 1829 1206 ita
1868 1150 1988 1206 ﬁeri

2088 1154 2369 1227 ἀλλήλους,
2397 1149 2479 1225 (οὗ
2501 1154 2557 1207 τι
2579 1152 2801 1223 γλύκιον
2819 1152 2927 1206 τῶν
2946 1152 3089 1207 κατὰ
3111 1152 3201 1206 τδν
3225 1152 3338 1223 βίον
3364 1154 3389 1206 ι
3398 1151 3488 1223 μοί
3502 1151 3539 1222 ς)
3570 1152 3665 1205 καὶ

418 1256 624 1320 posset,
656 1256 715 1301 nt
763 1260 793 1299 a
829 1252 921 1299 tua
962 1242 1251 1315 prudentia
1279 1241 1427 1298 omni
1478 1243 1716 1297 sermoni
1773 1240 1993 1296 occasio

2088 1248 2155 1302 ὲκ
2193 1246 2288 1301 τοῦ
2320 1246 2472 1318 παρά
2513 1245 2615 1317 τῆς
2648 1246 2746 1316 σῆς
2785 1248 3097 1317 φρονήσεως
3118 1286 3131 1309 ,
3178 1246 3455 1317 πλήκτρου
3485 1245 3662 1316 δίκην,

415 1343 658 1401 daretur,
707 1337 842 1392 nihil
880 1353 946 1392 eo
977 1336 1175 1392 melius
1214 1350 1279 1389 ac
1335 1333 1702 1405 praestabilius
1740 1332 1991 1388 accidere

2087 1338 2188 1410 τὴν
2211 1337 2452 1407 γηραιάν
2489 1335 2647 1408 ήμῶν
2677 1336 3046 1390 ἀνακινεῖσθαι
3078 1335 3333 1407 κιθάραν.
3372 1337 3524 1389 Ἐπεὶ
3550 1336 3606 1390 δὲ
3630 1338 3663 1406 ή

360 1418 381 1495 ,ν
417 1437 621 1501 posset.
661 1427 866 1496 Duplex
903 1427 1048 1482 enim
1080 1427 1296 1495 utrique
1317 1436 1567 1482 nostrum
1598 1424 1813 1478 lucrum
1844 1423 1977 1478 exsi-

2089 1430 2183 1485 τοῦ
2224 1430 2339 1500 βίου
2382 1428 2597 1500 ἀνάγκη
2632 1428 2907 1483 διεστάναι
2946 1430 3094 1501 ἡμᾶς
3137 1428 3547 1504 παρασκευάζει
3584 1428 3664 1498 τῷ

416 1527 605 1585 steret,
642 1528 756 1574 tum
783 1536 847 1575 ex
881 1528 1072 1575 mutuo
1104 1525 1422 1588 conspectu,
1455 1516 1594 1587 (quo
1627 1515 1755 1588 quid
1792 1515 1845 1570 in
1879 1515 1989 1570 vita

2093 1517 2337 1592 σώματι,
2370 1518 2472 1574 κᾶν
2498 1520 2547 1571 εί
2575 1517 2675 1582 τὰς
2697 1517 2875 1589 ψυχὰς
2908 1517 3311 1590 συναπτώμεθα
3329 1560 3344 1584 ,
3371 1519 3666 1587 ἀναγκαίεν

415 1612 548 1668 mihi
575 1610 863 1681 dulcius?)
895 1619 1006 1665 tum
1038 1626 1103 1666 ev
1138 1626 1204 1666 eo
1227 1609 1374 1681 quod
1399 1608 1587 1680 plectri
1614 1608 1675 1664 in
1703 1607 1925 1664 modum
1959 1622 1990 1662 a

2091 1608 2158 1663 ἂν
2186 1606 2271 1680 εἴη
2292 1647 2311 1673 ,
2336 1607 2514 1662 καὶτὸ
2540 1607 2630 1662 σὺν
2670 1607 2961 1677 πρόσωπον
2993 1608 3339 1670 ὑποδύεσθαι,
3365 1610 3417 1662 εί
3442 1608 3547 1661 πού
3581 1624 3668 1670 τις

410 1713 509 1759 tua
539 1703 823 1774 prudentia
877 1710 1068 1758 nostra
1092 1710 1307 1757 vetusta
1363 1701 1575 1756 cithara
1606 1699 1986 1755 suscitaretur.
2022 1770 2027 1774 _

2050 1772 2053 1774 η
2091 1698 2411 1772 ἀντίρρησις
2442 1699 2581 1771 πρὸς
2604 1698 2694 1752 τὸν
2722 1698 2900 1768 λόγον,
2941 1699 3085 1753 κατά
3113 1699 3175 1753 τὸ
3196 1699 3506 1765 ἀκόλουθον,
3535 1700 3667 1771 ἡμῖν

417 1770 820 1864 δεὰἠυοιιίοιιι
875 1793 1003 1847 vitae
1032 1792 1337 1848 necessitas
1377 1790 1527 1854 facit,
1579 1801 1637 1844 ut
1670 1798 1899 1860 corpore
1921 1788 1990 1844 ab
2022 1770 2034 1825 ¹

2055 1770 2411 1863 ίάναφανείη.
2470 1770 2668 1854 Καλῶς
2720 1791 2764 1845 δ’
2804 1791 2871 1847 ἂν
2921 1791 3033 1863 ἔχοι
3086 1792 3340 1847 ὑπόθεσίν
3388 1809 3511 1846 τινα
3557 1790 3672 1844 τῶν

418 1885 650 1941 invicem
702 1883 966 1954 disjuucti
1024 1884 1220 1947 simus,
1266 1882 1482 1939 etiamsi
1547 1882 1747 1936 animis
1772 1896 1989 1951 semper

2093 1880 2428 1952 ψυχωφελῶν
2467 1880 2746 1951 προθεῖναι
2783 1880 2861 1952 τῷ
2900 1881 3008 1936 τῶν
3051 1883 3395 1955 γραμμάτων
3436 1880 3625 1952 σκοπῷ
3651 1919 3666 1944 ,

418 1976 843 2047 conjungamur,
869 1975 1245 2031 necessarium
1290 1972 1477 2038 fuerit,
1510 1972 1685 2027 sicubi
1708 1970 1987 2027 contradi-

2088 1968 2190 2027 εἷθ’
2217 1970 2360 2026 οὕτω
2385 1970 2522 2041 πρὸς
2542 1969 2603 2025 τὸ
2629 1971 2988 2043 προκείμενον
3018 1973 3384 2046 ἀσχοληθῆναι
3403 1973 3481 2045 τῷ
3500 1973 3666 2042 λόγῳ.

418 2064 528 2122 ctio
566 2067 746 2139 aliqua
781 2066 939 2123 nobis
960 2066 1229 2123 exsistere
1251 2065 1369 2122 visa
1418 2064 1604 2131 fuerit,
1656 2079 1753 2134 per
1790 2052 1985 2120 cense-

1952 2083 1985 2120 :—
2091 2062 2320 2129 Οὐκοῦν,
2349 2063 2425 2128 ὼς
2455 2063 2513 2118 ὲν
2541 2063 2913 2135 προϐλήματι,
2943 2064 3209 2137 ζητεισθω
3230 2066 3360 2138 παρ’
3381 2065 3569 2138 ήμῶνο

416 2159 694 2228 quentiam
718 2158 982 2215 adversus
1016 2172 1322 2214 sermonem
1350 2157 1515 2212 etiam
1546 2164 1697 2210 tuam
1722 2157 1907 2211 subire
1930 2169 2241 2226 personam.
2266 2154 2623 2209 Commodum
2650 2163 2833 2212 autem
2852 2155 3018 2213 fuerit
3037 2158 3269 2228 primum
3288 2164 3669 2229 argumentum

419 2249 713 2320 quoddam,
731 2248 876 2305 unde
895 2249 1075 2319 aliqua
1087 2246 1155 2302 ad
1176 2246 1416 2302 animum
1431 2247 1641 2303 utilitas
1658 2249 1942 2316 pervenire
1958 2247 2461 2318 possit,proponere
2484 2245 2642 2315 quasi
2659 2261 2885 2317 scopum
2910 2247 3237 2315 litterarum,
3258 2264 3367 2320 quo
3388 2255 3670 2321 spectent;

419 2341 612 2397 deinde
636 2341 717 2396 sic
750 2338 818 2395 ad
845 2354 959 2394 rem
992 2339 1325 2411 propositam
1364 2337 1605 2394 sermoni
1626 2351 1847 2408 operam
1877 2336 2029 2393 dare.
2054 2335 2225 2409 Igitur
2244 2337 2308 2390 ad
2333 2335 2687 2406 quaerendum
2717 2352 2747 2392 a
2774 2337 2935 2394 nobis
2964 2341 3306 2411 propositum
3331 2351 3452 2398 esto
3476 2361 3490 2398 :

561 2498 694 2566 Qua:
716 2498 788 2554 sit
810 2496 1104 2552 Christiani
1127 2495 1357 2552 hominis
1390 2495 1650 2567 professio
1668 2498 1695 2552 2

2242 2496 2306 2550 Τί
2328 2495 2435 2550 τοῦ
2467 2494 2821 2564 Χριστιανοῦ
2853 2495 2916 2551 τὸ
2944 2496 3318 2570 ἑπάγγελμας

491 2610 761 2667 Fortassis
784 2610 928 2666 enim
951 2609 1098 2665 haud
1122 2608 1333 2665 inutilis
1377 2609 1483 2666 erit
1512 2609 1678 2680 hujus
1707 2609 1784 2665 rei
1805 2610 1990 2666 consi-

2169 2606 2323 2678 Τάχα
2353 2608 2462 2680 γὰρ
2486 2607 2588 2661 οὐκ
2608 2606 2714 2673 ἔξω
2738 2607 2834 2663 τοῦ
2856 2608 3256 2676 λυσιτελοῦντος
3276 2614 3311 2684 ή
3331 2615 3462 2686 περὶ
3480 2615 3676 2672 τούτου

421 2704 653 2758 deratio.
683 2701 819 2757 Nam
850 2701 899 2757 si
933 2701 1089 2773 plene
1111 2709 1275 2772 atque
1305 2711 1496 2759 exacte
1519 2702 1798 2758 inventum
1823 2700 1990 2759 fuerit
2030 2705 2038 2723 ³

2098 2698 2291 2768 σκέψις
2331 2700 2642 2770 γενήσεται.
2676 2700 2739 2753 Ei
2769 2698 2879 2771 γὰρ
2918 2700 3162 2773 ἀκριὸῶς
3188 2703 3445 2777 εὑρεθείη
3486 2707 3550 2760 τδ
3583 2708 3677 2763 διὰ

420 2794 475 2849 id
508 2792 655 2865 quod
687 2808 783 2864 per
809 2792 915 2847 hoc
944 2806 1141 2847 nomen
1166 2792 1499 2856 declaratur,
1535 2806 1791 2863 magnum
1823 2791 1988 2862 adju-

2095 2787 2189 2841 τοῦ
2215 2788 2477 2859 ὀνόματος
2506 2789 2695 2843 τούτου
2720 2789 3070 2863 δηλούμενον,
3091 2791 3291 2865 πολλὴν
3320 2794 3387 2849 ἂν
3412 2794 3681 2869 λάϐοιμεν

419 2894 658 2940 mentum
683 2882 1147 2954 adepti‘fuerimus
1169 2884 1234 2937 a.l
1260 2883 1427 2938 vitam
1451 2897 1573 2938 cum
1594 2883 1794 2937 virtute
1822 2891 1994 2937 trans-

2097 2878 2235 2950 πρὸς
2260 2878 2349 2933 τὸν
2372 2878 2495 2933 κατ’
2532 2880 2731 2953 ἀρετήν
2756 2880 2872 2953 βίον
2918 2883 3207 2955 συνεργίαν
3229 2901 3246 2918 ο
3277 2884 3512 2958 ἀληθῶς,
3536 2889 3681 2962 ὅπερ

421 2976 692 3049 igendam,
709 2975 757 3031 si
790 2975 845 3030 id
866 2973 1011 3046 quod
1037 2973 1402 3036 nominamur,
1427 2988 1524 3042 per
1544 2973 1831 3030 sublimem
1856 2988 1996 3043 quo-

2096 2970 2469 3042 ὀνομαζόμεθα
2493 3009 2508 3035 ,
2537 2971 2695 3025 τοῦτο
2734 2972 2830 3027 καὶ
2855 2969 2994 3028 εἶναι
3031 2974 3119 3029 διὰ
3150 2976 3249 3046 τῆς
3282 2976 3494 3049 ὑψηλῆς
3522 2980 3684 3034 πολι-

425 3084 534 3142 que
563 3069 687 3124 vita:
715 3067 983 3122 rationem
1018 3079 1145 3121 vere
1174 3080 1297 3121 esse
1347 3063 1687 3120 studeamus.
1717 3062 1995 3131 Quemad-

2097 3060 2246 3124 τείας
2281 3060 2691 3127 σπουδάζοντες.
2715 3062 2928 3135 Ὠσπερ
2958 3064 3067 3138 γὰρ
3086 3066 3141 3120 ετ
3163 3084 3248 3131 τις
3276 3069 3477 3140 ίατρὸς,
3502 3070 3537 3141 ἢ
3576 3074 3683 3144 ῥή-

423 3159 646 3215 modum
690 3159 836 3213 enim
866 3158 913 3213 si
945 3155 1071 3227 quis
1097 3155 1363 3221 medicus,
1393 3155 1474 3212 vel
1505 3163 1710 3221 orator,
1733 3155 1822 3210 vel
1868 3168 1995 3225 ερο-
2022 3173 2040 3229 ς

2096 3149 2282 3220 τωρ,ή
2304 3149 2626 3222 γεωμέτρης
2646 3151 2926 3208 καλεῖσθαι
2938 3153 3249 3227 ποθήσειεν,
3266 3158 3367 3212 οὐκ
3387 3158 3452 3212 ἂν
3465 3159 3686 3226 δέξαιτο

425 3265 601 3308 ntuetr:
621 3249 804 3304 vocari
820 3247 1333 3311 desiderasset,non
1349 3246 1679 3312 admitteret,
1701 3255 1761 3302 ut
1777 3255 1999 3318 propter

2098 3242 2164 3311 τῇ
2186 3239 2522 3335 ἀπαιδευσίᾳ
2555 3242 2656 3335 τήν
2684 3244 3000 3317 ἐπωνυμίαν
3027 3247 3376 3320 ἐλέγχεσθαι,
3413 3250 3488 3323 μὴ
3527 3254 3685 3335 εὑρι-

424 3341 751 3413 imperitiam
785 3354 1088 3412 cognomen
1112 3338 1625 3411 reprehenderetur,
1665 3339 1712 3395 si
1745 3338 1890 3395 facto
1913 3353 2001 3409 pe-

2101 3331 2365 3401 σκόμενος
2395 3333 2490 3387 ἐπὶ
2529 3334 2629 3405 τῆς
2667 3336 2866 3408 πείρας
2899 3337 2929 3391 δ
2953 3339 3298 3411 ὀνομάζεται,
3327 3342 3442 3397 ἀλλ’
3470 3344 3500 3397 ὁ
3533 3331 3685 3402 κατὰ

424 3431 602 3485 viculo
624 3428 671 3484 is
696 3442 802 3482 non
821 3426 1177 3494 inveniretur,
1192 3426 1353 3497 cuius
1374 3428 1596 3483 nomine
1610 3428 1997 3497 appellaretur,

2101 3421 2358 3493 ἀλήθειάν
2398 3440 2453 3477 τι
2483 3423 2689 3480 τούτων
2728 3429 3232 3500 προσαγορεύεσθαι
3273 3432 3472 3499 θέλων,
3505 3435 3583 3500 ὡς
3615 3437 3685 3491 ἂν

426 3520 519 3576 sed
547 3521 639 3591 qui
671 3534 797 3575 vere
821 3519 1012 3574 harum
1064 3519 1298 3587 alicujus
1344 3518 1749 3589 professionum
1779 3520 2001 3575 nomine

2104 3511 2180 3582 μὴ
2208 3511 2557 3585 ψευδώνυμος
2588 3517 2622 3587 ή
2648 3515 2839 3586 κλῆσις
2869 3518 3164 3591 ἐλέγχοιτο,
3204 3523 3353 3595 αύτῷ
3380 3525 3458 3595 τῷ
3482 3526 3684 3598 ὲπιτη-

426 3612 686 3683 appellari
713 3611 892 3674 vellet,
921 3626 991 3667 ne
1049 3608 1187 3666 falso
1251 3618 1469 3681 sumpta
1521 3611 1815 3682 appellatio
1866 3626 2001 3666 con-

2099 3604 2326 3677 δεύματι
2354 3607 2455 3678 τὴν
2484 3609 2853 3681 προσηγορίαν
2878 3611 3240 3686 πιστώσηται·
3266 3615 3359 3670 τὸν
3385 3616 3551 3671 αὐτὸν
3581 3620 3683 3672 καὶ

424 3705 697 3768 vincatur,
736 3703 856 3774 ipso
884 3702 1070 3758 studio
1101 3709 1264 3772 atque
1300 3702 1562 3758 exercitio
1585 3702 1745 3757 fidem
1799 3701 2002 3759 faceret

2100 3699 2262 3769 ἡμεῖς
2297 3699 2519 3771 τρόπον,
2555 3700 2714 3774 εἴπερ
2736 3703 2828 3758 τὸν
2860 3703 3034 3776 ἀληθῆ
3068 3705 3272 3760 σκοπὸν
3299 3706 3393 3760 τοῦ
3416 3709 3688 3778 Χριστια-

427 3794 773 3865 appellationi
793 3792 1008 3850 :eodem
1025 3809 1123 3850 nos
1140 3809 1356 3865 quoque
1379 3794 1611 3860 modo,si
1630 3809 1817 3850 verum
1834 3794 2005 3849 homi-

2101 3786 2195 3845 νοῦ
2226 3789 2642 3862 ἐπαγγέλματος
2661 3791 3004 3861 ἐξετάζοντες
3019 3795 3253 3867 εὕρομεν
3281 3814 3295 3827 ·
3320 3798 3421 3851 οὐκ
3454 3797 3521 3852 ἂν
3547 3799 3690 3852 ἑλοί-

428 3882 517 3937 nis
533 3881 831 3937 Christiani
851 3880 1215 3951 professionis
1229 3894 1453 3952 scOpum
1469 3881 1770 3936 scrutando
1785 3881 2003 3937 invene-

2107 3877 2246 3950 μεθα
2269 3880 2345 3951 μὴ
2371 3876 2702 3949 εἶναιτοῦτο,
2728 3884 2865 3957 ὅπερ
2887 3884 2949 3940 τὸ
2971 3885 3142 3957 ὄνομα
3162 3887 3301 3958 ὑπὲρ
3319 3889 3351 3958 ή
3361 3887 3476 3958 μῶν
3507 3891 3688 3959 ἐπαγ-

429 3974 622 4035 rimus,
666 3973 903 4026 nolimus
932 3985 1042 4025 non
1072 3986 1195 4026 esse
1224 3970 1277 4024 id
1305 3970 1450 4041 quod
1506 3970 1640 4025 illud
1674 3985 1871 4025 nomen
1903 3985 2004 4040 pro

2103 3971 2353 4039 γέλλεται
2380 3988 2393 4001 ·
2421 3972 2497 4036 ὡς
2525 3971 2591 4027 ἂν
2618 3973 2693 4044 μή
2725 3974 2786 4028 τὸ
2815 3976 2941 4046 περὶ
2964 3974 3057 4028 τοῦ
3080 3976 3311 4048 πιθήκου
3340 3975 3583 4049 διήγημα
3622 3980 3689 4033 τὸ

429 4064 588 4118 nobis
619 4062 927 4133 pollicetur,
989 4077 1058 4117 ne
1091 4062 1145 4116 in
1190 4077 1291 4118 nos
1326 4063 1488 4117 etiam
1519 4062 1752 4133 quadret
1773 4061 1829 4117 id
1857 4062 2002 4132 quod

2106 4062 2257 4134 παρά
2293 4066 2405 4127 τοῖς
2434 4064 2539 4130 ἔξω
2570 4065 2997 4137 περιφερόμενον
3034 4067 3128 4121 καὶ
3157 4068 3288 4139 ἡμῖν
3324 4067 3687 4141 ὲφαρμόσειε.

429 4152 500 4208 ab
523 4151 764 4208 externis
801 4158 858 4206 et
896 4149 1205 4205 infidelibus
1238 4150 1305 4204 tle
1343 4150 1501 4206 simia
1525 4152 1689 4222 vulgo
1724 4159 2002 4206 narratur.

2102 4154 2241 4208 Φασὶ
2269 4154 2378 4225 γάρ
2418 4171 2539 4209 τινα
2567 4154 2674 4210 τῶν
2710 4155 3126 4227 θαυματοποιῶν
3156 4158 3249 4211 ἐπὶ
3288 4161 3389 4230 τῆς
3430 4158 3691 4225 Ἀλεξάν-

429 4244 596 4299 Aiunt
619 4245 763 4299 enim
795 4243 1084 4314 quemdam
1108 4242 1161 4297 in
1195 4242 1329 4298 urbe
1362 4240 1690 4298 Alexandria
1711 4241 2007 4299 circulato-

2104 4243 2232 4316 δρου
2263 4244 2471 4309 πόλεως
2507 4245 2828 4318 ἀσκήσαντα
2866 4246 3099 4320 πίθηκον
3148 4247 3238 4303 διά
3284 4265 3429 4314 τινος
3457 4250 3695 4324 εὐστρο-

430 4352 545 4390 "om
559 4344 612 4390 et
634 4335 1082 4405 praestigiatorem
1096 4334 1407 4389 exercuisse
1422 4349 1485 4388 ac
1500 4334 1755 4391 docaisse
1767 4335 2001 4402 simiam,

2107 4335 2233 4407 φίας
2260 4335 2600 4408 ὀρχηστικῶς
2622 4335 3076 4408 σχηματίζεσθαι,
3100 4339 3192 4394 καὶ
3213 4340 3511 4414 περιθεῖναι
3534 4344 3696 4417 αύτῷ

432 4436 490 4483 ut
524 4427 766 4498 agilitate
794 4425 1028 4498 quadam
1065 4430 1116 4480 in
1154 4422 1383 4480 formam
1410 4432 1465 4480 et
1489 4424 1733 4479 habitum
1760 4424 2005 4480 saltatri-
2041 4498 2049 4506 _

2108 4427 2397 4499 πρόσωπον
2430 4427 2772 4500 ὀρχηστικὸν,
2807 4428 2899 4483 καὶ
2934 4429 3135 4502 ἐσθῆτα
3171 4429 3250 4502 τῷ
3293 4418 3718 4506 ἐπιτηδεύματικ

432 4521 515 4574 cis
562 4530 684 4574 sese
734 4523 1107 4587 componeret,
1154 4517 1315 4587 eique
1360 4515 1655 4571 saltatricis‘
1684 4498 2049 4587 apposuissel

2110 4498 2418 4590 πρόσφορον
2439 4533 2454 4550 ·
2470 4498 2576 4573 καί.
2602 4518 2761 4591 χορὸν
2797 4519 2948 4590 αύτῷ
2967 4498 3393 4595 περιστήσαντα,
3418 4498 3700 4581 ἐνευδοκι-

432 4618 747 4687 personam,
783 4622 845 4663 ac
895 4615 1097 4663 vestem
1127 4605 1552 4662 circumdedisse
1577 4605 1839 4662 exercitio
1882 4618 2012 4661 conc

2114 4608 2236 4683 μεῖν
2265 4606 2344 4678 τῷ
2379 4605 2597 4680 πιθήκῳ
2625 4608 2761 4680 πρὸς
2797 4607 2889 4662 τὸν
2916 4608 3016 4664 τοῦ
3042 4606 3237 4681 μέλους
3263 4612 3469 4685 ῥυθμὸν
3494 4615 3700 4670 ἑαυτὸν

432 4702 775 4769 venientem;
834 4704 889 4755 et
922 4714 1045 4754 cum
1101 4700 1330 4753 chorum
1380 4692 1432 4753 ei
1491 4696 1854 4763 adhibuisset,
1890 4696 2008 4767 pla-

2111 4696 2468 4768 ὲκλυγίζοντι,
2492 4700 2587 4753 καὶ
2615 4699 2705 4753 διὰ
2734 4701 2949 4755 πάντων
2971 4702 3427 4775 ὲπικρυπτομένῳ
3458 4703 3557 4777 τὴν
3588 4707 3703 4776 φύ-

434 4797 619 4851 cuisse
648 4804 712 4849 ac
757 4792 1089 4849 celebratum
1139 4790 1423 4845 hominum
1466 4803 1720 4846 sermone
1744 4791 1797 4844 in
1830 4789 2009 4860 pretio

2113 4804 2217 4854 σιν,
2247 4783 2328 4853 οἷς
2353 4789 2526 4844 ἐποίει
2549 4807 2611 4843 τε
2641 4790 2737 4845 καὶ
2771 4792 3042 4862 ἐφαίνετο.
3082 4794 3466 4866 Κατεχομένου
3509 4795 3567 4850 δὲ
3594 4798 3702 4852 τοῦ

436 4884 608 4943 fuisse
639 4892 858 4957 promer
886 4885 1122 4946 Simiam,
1154 4900 1279 4955 qua:
1317 4884 1384 4938 ad
1409 4882 1690 4939 cantilena:
1724 4881 1916 4938 modos
1943 4897 2008 4937 ac
2046 4920 2049 4922 -

2112 4878 2338 4952 θεάτρου
2368 4881 2503 4954 πρὸς
2527 4881 2589 4937 τὸ
2613 4885 2979 4956 καινοπρεπὲς
3005 4883 3098 4939 τοῦ
3123 4883 3414 4957 θεάματος,
3449 4886 3704 4957 παρόντα

436 4988 722 5034 numerum
781 4992 903 5033 sese
939 4979 1179 5032 flecteret
1236 4980 1754 5045 contorquerelque,
1811 4989 1877 5028 ac
1918 4988 2013 5044 per

2110 4970 2233 5025 τινὰ
2262 4969 2370 5025 τῶν
2391 4971 2749 5044 ἀπειοτέρων
2772 4975 2961 5047 παιδιᾷ
2989 4992 3095 5029 τινι
3122 4975 3293 5042 δεῖξαι
3314 4976 3426 5040 τοῖς
3453 4992 3708 5046 προσκε-

435 5071 617 5125 omnia
648 5086 769 5142 qua:
800 5077 854 5124 et
877 5069 1109 5124 faciebat
1132 5076 1185 5122 ct
1213 5066 1394 5121 facere
1425 5065 1731 5132 videbatur,
1757 5071 2010 5120 naturam

2112 5062 2302 5134 χηνόσι
2334 5062 2411 5134 τῷ
2438 5062 2691 5135 θεάματι,
2726 5065 2959 5138 πίθηκον
2981 5067 3109 5123 ὄντα
3129 5066 3220 5120 τὸν
3244 5066 3493 5138 πίθηκον.
3538 5068 3708 5124 Ἐπι-

435 5158 752 5218 occultaret.
784 5162 923 5218 Cum
969 5171 1149 5219 autem
1189 5160 1335 5231 capti
1395 5168 1580 5218 essent
1633 5161 1711 5214 rei
1771 5158 2014 5214 novitate

2114 5154 2364 5209 ϐοώντων
2404 5155 2515 5230 γὰρ
2558 5156 2794 5224 πάντων,
2827 5160 2923 5217 καὶ
2955 5162 3385 5235 ἐπικροτούντων
3430 5161 3553 5223 ταῖς
3598 5164 3705 5217 τοῦ

437 5254 1094 5325 spectatores,quemdam
1130 5253 1345 5309 caeteris
1373 5251 1694 5307 astutiorem
1719 5248 1796 5303 ibi
1820 5247 2011 5313 fuisse,

2115 5245 2347 5318 πιθήκου
2374 5248 2790 5321 περιστροφαΐς,
2822 5251 3108 5323 εὐρύθμως
3139 5250 3277 5323 πρὸς
3298 5252 3398 5323 τὴν
3421 5251 3567 5324 ᾠδὴν
3598 5255 3709 5309 καὶ

436 5348 528 5418 qui
560 5345 689 5401 Indo
715 5347 947 5417 quodam
988 5345 1326 5401 inhiantibus
1368 5342 1684 5415 spectaculo
1712 5340 2016 5396 ostenderit

2115 5338 2177 5391 τὸ
2217 5338 2376 5410 μέλος
2420 5356 2672 5410 συγκινου
2682 5343 2844 5413 μένου
2867 5383 2883 5409 ,
2910 5342 3063 5415 ῥίψαι
3088 5343 3251 5413 φασὶν
3278 5343 3439 5397 αὐτὸν
3467 5343 3560 5396 ἐπὶ
3593 5345 3710 5418 τῆς

438 5437 651 5495 simiam
686 5452 811 5492 esse
835 5437 1069 5494 simiam.
1086 5434 1532 5491 Acclamantibus
1556 5434 1699 5489 enim
1722 5434 1937 5488 cunctis
1963 5442 2017 5486 et

2115 5430 2426 5501 ὀρχήστρας
2459 5432 2570 5486 τῶν
2597 5435 2963 5506 τραγημάτων
2989 5435 3170 5488 ἐκεῖνα
3200 5432 3300 5488 ὅσα
3324 5435 3422 5506 τὴν
3452 5434 3711 5507 λιχνείαν

437 5524 899 5596 applaudentibus
933 5523 1161 5592 agilitati
1189 5522 1383 5587 simiae,
1413 5521 1481 5577 ad
1496 5529 1717 5577 cantum
1741 5527 1795 5575 et
1823 5518 2017 5574 modu-

2116 5518 2225 5573 τῶν
2254 5520 2510 5576 τοιούτων
2537 5521 2741 5594 θηρίων
2763 5522 3045 5592 ἐφέλκεται
3071 5540 3084 5553 ·
3109 5522 3200 5578 τὸν
3222 5522 3278 5579 δὲ
3312 5525 3478 5597 μηδὲν
3503 5525 3716 5601 μελλή-

438 5615 694 5672 lationem
723 5622 850 5687 apte
885 5631 946 5670 se
998 5612 1267 5669 moventis
1317 5622 1371 5668 et
1400 5609 1849 5681 circumagentis,
1894 5626 2017 5679 pro-

2120 5628 2308 5677 σαντα,
2341 5613 2529 5682 ἐπειδὴ
2569 5613 2939 5686 διασπαρέντα
2979 5609 3086 5669 εἶδε
3136 5614 3244 5686 πρὸ
3281 5612 3378 5669 τοῦ
3426 5615 3593 5687 χοροῦ
3632 5618 3713 5675 τὰ

434 5708 634 5777 iecisse
660 5722 783 5763 eum
811 5707 963 5761 aiunt
984 5707 1043 5761 in
1074 5704 1355 5762 orchestra
1377 5719 1407 5759 e
1439 5702 1682 5760 bellariis
1711 5716 1772 5756 ea
1801 5714 1920 5772 qua!
1945 5709 2020 5768 ta-

2120 5698 2403 5772 ἀμύγδαλα
2425 5745 2439 5770 ,
2475 5702 2839 5775 ἐκλαθόμενον
2883 5705 2980 5776 τῆς
3008 5723 3066 5760 τε
3094 5707 3402 5780 ὀρχήστρας
3422 5751 3437 5779 ,
3465 5709 3559 5763 καὶ
3588 5708 3716 5768 τῶν
