4096 6354
422 376 521 445 sit

1501 388 1589 442 DE
1651 387 2123 446 PROFESSIONE
2174 390 2617 448 ClllilSTiANA.

3569 391 3684 447 aea

430 513 660 585 κρότων,
691 511 785 564 καὶ
822 511 930 565 τῶν
950 512 1047 585 τῆς
1071 512 1293 583 ἐσθῆτος
1317 512 1739 585 καλλωπισμῶν,
1770 516 2000 587 ἐπιδρα-

2106 518 2233 570 lium
2262 518 2558 573 bestiarum
2589 519 2881 589 ingluviem
2909 519 3194 572 attralmnt
3233 527 3393 588 atque
3422 518 3684 586 invitant;

429 606 548 673 μεῖν
579 619 640 654 τε
663 601 865 665 αὐτοῖς,
901 602 997 655 καὶ
1020 604 1141 665 ταῖς
1156 601 1264 655 τῶν
1294 602 1490 674 χειρῶν
1517 605 1796 675 παλάμαις
1818 604 2004 658 συλλέ-

427 711 544 762 γειν
574 693 642 746 τά
670 693 1036 763 εὑρισκόμενα
1055 710 1069 724 ⁸
1110 694 1205 747 καὶ
1229 693 1304 757 ὡς
1331 693 1397 749 ἂν
1424 694 1499 765 μὴ
1532 696 1783 763 ἐμποδὼν
1809 696 1897 766 εἴη
1939 696 2002 750 τὸ

428 786 767 855 προσωπεῖον
795 784 873 854 τῷ
893 784 1140 855 στόματι,
1174 785 1573 856 περιαιρεῖσθαι
1601 787 1740 841 κατά
1768 786 2004 857 σπουδὴν

427 875 620 929 ἑαυτοῦ
645 877 756 938 τοῖς
778 874 925 939 ὄνυξι
949 875 1048 945 τὴν
1071 875 1466 946 σεσοφισμένην
1496 876 1711 948 μορφὴν
1742 876 1900 948 περιθ
1910 877 2004 949 ρύ-

429 985 630 1022 πτοντα
654 1007 669 1031 ,
697 967 840 1021 ὥστε
888 966 1052 1021 αὐτὸν
1106 966 1318 1038 ἀθρόως
1358 968 1571 1036 γέλωτα
1614 970 1833 1039 κινῆσαι
1889 971 2003 1033 τοῖς

427 1058 669 1122 θεαταῖς,
723 1058 848 1112 ἀντὶ
886 1059 995 1113 τῶν
1032 1058 1271 1112 ἐπαίνων
1313 1077 1373 1112 τε
1419 1061 1513 1112 καὶ⁵
1550 1060 1861 1131 θαύματος,
1898 1062 2004 1115 είδ-

428 1148 600 1219 εχθῶς
636 1150 731 1204 καὶ
772 1149 995 1217 γελοίως
1022 1150 1085 1204 ἐκ
1113 1149 1221 1203 τῶν
1253 1150 1345 1203 τοῦ
1373 1153 1715 1223 προσωπείου
1737 1153 2003 1223 λειψάνων

426 1240 860 1312 διαφαινόμενον.
894 1242 1105 1313 ’Ὠσπερ
1130 1238 1223 1296 οὖν
1257 1242 1359 1297 οὐκ
1390 1243 1686 1314 ἐξήρκεσεν
1719 1245 1913 1317 ἐκείνῳ
1941 1245 2004 1300 τὸ

430 1334 816 1404 σεσοφισμένον
853 1333 1037 1405 σχῆμα
1072 1335 1207 1407 πρὸς
1239 1334 1302 1389 τὸ
1338 1335 1660 1406 νομισθῆναι
1696 1336 2000 1408 ἄνθρωπον,

427 1422 856 1494 ἅπελεγχθείσης
899 1424 959 1478 ὲν
999 1426 1065 1494 τῇ
1104 1423 1313 1496 λιχνεία
1349 1425 1459 1479 τῶν
1491 1427 1862 1497 τραγημάτων
1902 1429 2001 1499 τῆς

428 1518 663 1588 φύσεως·
696 1516 870 1581 οὕτως
889 1518 937 1570 οἱ
958 1518 1033 1589 μὴ
1058 1517 1272 1589 άληθῶς
1292 1519 1460 1591 αὐτὴν
1484 1519 1586 1592 τὴν
1613 1519 1773 1589 φύσιν
1793 1521 2003 1575 ἑαυτῶν

427 1613 492 1682 τῇ
530 1611 711 1663 πίστει
742 1608 1160 1680 μορφώσαντες,
1196 1609 1392 1681 ῥᾳδίως
1420 1611 1477 1664 ἐν
1497 1612 1615 1675 ταῖς
1636 1610 1730 1664 τοῦ
1757 1611 2004 1668 διαϐόλου

426 1700 686 1773 λιχνείαις
713 1699 1209 1771 ἀπελεγχθήσονται
1227 1700 1355 1756 ἀλλο
1376 1714 1427 1754 τι
1453 1700 1605 1765 ὄντες
1634 1704 1764 1775 παρ’
1785 1704 1815 1757 ὃ
1835 1707 2001 1773 ἐπαγ-η

427 1792 727 1861 στέλλονται.
774 1794 918 1848 Ἀντὶ
954 1792 1063 1864 γὰρ
1107 1793 1352 1863 ἰσχάδος,
1385 1792 1418 1864 ἢ
1451 1793 1786 1867 ἀμυγδάλης,
1822 1797 1855 1867 ἢ
1897 1797 2005 1850 τῶν

2105 608 2251 661 illam
2277 623 2406 663 vero
2435 610 2571 663 nihil
2609 618 2950 673 cunctatam,
2987 618 3047 663 ut
3078 609 3277 663 viderit
3304 616 3429 664 ante
3456 611 3685 664 chorum

2102 698 2351 770 dispersa
2404 702 2708 773 amygdala,
2741 702 2970 758 oblitam
3004 710 3057 756 et
3076 701 3413 765 saltationis,
3447 712 3502 755 et
3530 703 3688 771 plau-

2103 803 2289 852 suum,
2320 797 2374 843 et
2404 791 2572 846 vestis
2607 798 3081 853 ornamentorum,
3145 791 3459 847 accurrisse
3487 793 3555 846 ad
3598 808 3685 853 ea,

2102 887 2157 935 et
2187 896 2447 935 manuum
2487 883 2684 952 palmis
2712 883 3000 954 collegisse
3040 897 3162 953 quae
3192 883 3482 948 inveniret,
3525 890 3580 938 et
3620 897 3690 937 ne

2104 971 2501 1041 impedimento
2530 982 2698 1040 esset,
2748 989 3041 1044 personam
3075 974 3156 1027 ori
3196 973 3507 1029 detraxisse
3543 978 3687 1027 cete-

2103 1065 2259 1127 riter,
2291 1073 2454 1136 atque
2476 1067 2749 1138 unguibus
2770 1067 2884 1121 suis
2898 1066 3277 1122 assimulatam
3302 1063 3531 1120 formam
3558 1078 3686 1118 cor-

2104 1158 2321 1227 rupisse
2375 1165 2540 1228 atque
2592 1159 2948 1224 dilacerasse,
2997 1166 3166 1229 atque
3200 1158 3273 1212 ita
3304 1171 3404 1227 pro
3428 1155 3687 1210 laudibus

2104 1259 2158 1305 et
2187 1250 2546 1305 admiratione
2575 1251 2746 1306 risum
2795 1250 3010 1307 abunde
3042 1250 3449 1321 spectatoribus
3478 1248 3687 1305 movis-

2105 1356 2184 1405 se,
2219 1348 2277 1395 ut
2304 1356 2427 1411 quae
2450 1344 2628 1411 turpis
2678 1357 2742 1395 ac
2766 1340 2996 1397 ridicula
3051 1356 3118 1396 ex
3149 1354 3398 1411 personae
3436 1338 3687 1409 reliquiis

2106 1449 2164 1486 se
2187 1433 2631 1503 conspiciendam
2668 1434 2954 1503 praeberet.
3012 1431 3485 1498 Quemadmodum
3519 1430 3687 1501 igitur

2106 1524 2184 1579 illi
2226 1539 2335 1578 non
2361 1524 2500 1578 satis
2540 1523 2643 1577 fuit
2677 1523 2810 1579 falsa
2833 1532 2994 1594 atque
3016 1522 3337 1578 assimulata
3370 1520 3689 1589 adscitaque

2106 1614 2303 1678 forma,
2336 1616 2402 1669 ad
2431 1616 2535 1671 hoc
2570 1625 2631 1669 ut
2671 1617 2834 1671 homo
2870 1616 3306 1679 existimaretur,
3346 1612 3689 1683 deprehensa

2105 1721 2201 1777 per
2235 1706 2527 1776 ingluviem
2560 1706 2914 1762 bellariorum
2941 1713 3137 1760 natura
3164 1724 3177 1759 :
3208 1705 3283 1759 ita
3308 1704 3401 1774 qui
3427 1718 3536 1757 non
3562 1718 3688 1757 vere

2107 1797 2279 1866 ipsam
2316 1804 2569 1852 naturam
2618 1814 2773 1853 suam
2819 1798 2924 1854 fide
2962 1797 3340 1861 formaverint,
3374 1795 3533 1851 facile
3588 1809 3687 1865 per

426 1884 683 1939 τοιούτων
719 1885 899 1950 τινὸς,
926 1883 987 1936 τὸ
1016 1884 1290 1949 κενόδοξον
1336 1884 1433 1939 καὶ
1462 1886 1762 1956 φιλότιμον,
1808 1888 1902 1941 καὶ
1940 1889 2002 1943 τὸ

2106 1888 2303 1943 diaboli
2360 1904 2544 1946 escam
2598 1901 2652 1945 et
2710 1890 3005 1960 ingluviem
3064 1890 3485 1952 convincentur,
3534 1887 3685 1957 quod

427 1978 739 2049 φιλοκερδὲς
778 1978 874 2031 καὶ
911 1977 1221 2050 φιλήδονον,
1264 1979 1362 2032 καὶ
1401 1979 1500 2032 ὅσα
1537 1979 1671 2033 ἄλλα
1716 1980 1938 2035 τοιαῦτα
1965 1985 2000 2055 ἠ

428 2071 573 2143 κακὴ
600 2070 695 2124 τοῦ
716 2071 963 2125 διαϐόλου
992 2072 1187 2143 ἀγορὰ,
1209 2073 1322 2137 τοῖς
1342 2072 1544 2144 λίχνοις
1570 2073 1680 2127 τῶν
1702 2074 1798 2128 ἀνθ
1808 2075 2003 2146 ρώπων

427 2164 551 2217 ἀντὶ
567 2162 938 2235 τραγημάτων
966 2164 1300 2234 προτιθεῖσα,
1333 2165 1529 2237 ῥαδίως
1552 2166 1633 2229 είς
1649 2165 1865 2236 ἔλεγχον
1882 2166 2003 2234 ἄγει

427 2256 525 2321 τὰς
557 2256 886 2326 πιθηκὼδεις
912 2255 1089 2327 ψυχὰς
1113 2297 1129 2322 ,
1157 2254 1208 2308 οἳ
1239 2254 1326 2310 διὰ
1376 2257 1658 2327 μιμήσεως
1706 2258 2005 2327 ἐσχηματι-

428 2349 634 2422 σμένης
661 2350 757 2402 τὸν
787 2348 1213 2420 Χριστιανισμὸν
1248 2346 1642 2416 ὑποκρίνονται,
1669 2349 1730 2401 τὸ
1768 2349 1868 2419 τῆς
1897 2366 2002 2401 σω-

427 2442 699 2514 φροσύνης
730 2442 765 2512 ἦ
797 2441 862 2495 τὸ
896 2441 996 2511 τῆς
1023 2439 1354 2511 πραότητος,
1380 2440 1414 2510 ἢ
1449 2456 1590 2504 τινος
1614 2439 1775 2510 ἄλλης
1802 2440 2003 2512 ἀρετῆς

427 2537 768 2607 προσωπεῖον
815 2533 873 2586 ἐν
912 2531 989 2602 τῷ
1042 2531 1219 2604 καιρῷ
1263 2531 1372 2584 τῶν
1418 2530 1757 2601 παθημάτων
1790 2531 2004 2594 ἑαυτοῖς

427 2624 796 2692 ἀφανίζοντες.
844 2621 1053 2677 Οὐκοῦν
1101 2623 1397 2690 ἀναγκαῖον
1441 2623 1507 2676 ἂν
1548 2624 1633 2693 είη
1677 2625 1865 2693 νοῆσαι
1906 2623 2001 2676 τοῦ

427 2713 851 2785 Χριστιανισμοῦ
884 2714 946 2766 τὸ
982 2713 1307 2784 ἐπάγγελμα
1330 2730 1343 2744 ⁸
1378 2712 1520 2784 τάχα
1554 2713 1620 2767 ἀν
1644 2713 1803 2767 τοῦτο
1824 2715 2001 2781 γενοί-

429 2806 586 2875 μεθα,
613 2806 751 2876 ὅπερ
769 2805 831 2858 τὸ
860 2804 1027 2875 ὄνομα
1059 2804 1342 2874 βούλεται,
1373 2804 1459 2857 ἵνα
1493 2803 1566 2875 μὴ
1598 2803 1726 2876 ψιλῇ
1758 2808 1825 2877 τῇ
1867 2806 2000 2876 ὀμο-

427 2894 604 2966 λογίᾳ,
632 2894 725 2948 καὶ
751 2893 830 2965 τῷ
854 2895 1204 2966 προσχήματι
1228 2892 1321 2947 τοῦ
1348 2880 1608 2965 ὀνόματος
1640 2894 1801 2965 μόνου
1831 2912 2001 2949 κατα-

430 2986 815 3057 μορφοόμενοι.
848 2986 974 3041 ἄλλο
1006 3004 1059 3039 τι
1095 2986 1244 3057 παρά
1272 2987 1331 3040 τὸ
1362 2987 1685 3057 φαινόμενον
1720 2986 1891 3051 ὄντες,
1925 2986 2007 3058 τῷ

427 3079 492 3133 τά
521 3078 738 3150 κρυπτά
768 3078 1068 3148 καθορῶντι
1097 3077 1550 3149 ἐπιδειχθείημεν.

2107 1980 2252 2034 aliud
2283 1980 2395 2034 sint
2430 1990 2593 2049 atque
2623 1996 2735 2051 prae
2768 1996 2827 2036 se
2855 1980 3032 2035 ferant
3063 1994 3127 2033 ac
3166 1978 3551 2048 profiteantur.
3577 1975 3686 2030 Pro

2107 2070 2310 2125 caricis
2337 2071 2481 2124 enim
2514 2071 2596 2126 vel
2635 2071 2960 2142 amygtlalis,
3004 2078 3099 2125 aut
3157 2066 3470 2138 huiusmodi
3501 2066 3686 2135 aliquo

2103 2163 2247 2224 cibo,
2280 2177 2417 2217 vana
2445 2163 2636 2233 gloria,
2671 2164 2917 2227 ambitio,
2951 2162 3087 2217 lucri
3123 2161 3529 2232 voluptatisque
3564 2167 3683 2214 stn-

2102 2254 2253 2308 dium
2287 2265 2341 2309 et
2362 2269 2704 2324 quaecunque
2732 2262 2859 2309 sunt
2900 2254 3003 2308 alia
3030 2252 3342 2322 huiusmodi
3376 2252 3539 2315 mala,
3568 2250 3688 2304 dia-

2099 2347 2209 2401 boli
2270 2361 2489 2401 annona
2546 2348 2667 2402 loco
2726 2348 3078 2403 bellariorum
3110 2378 3115 2383 -
3146 2346 3322 2401 avidis
3368 2344 3685 2399 hominibus

2099 2439 2400 2509 proposita,
2440 2440 2722 2494 simiarum
2752 2440 2961 2495 similes
2997 2439 3208 2493 animos
3235 2437 3393 2493 facile
3420 2438 3683 2506 produnt,

2100 2531 2191 2601 qui
2226 2547 2321 2600 per
2360 2533 2543 2585 tictam
2588 2531 2945 2586 imitationem
2986 2529 3467 2586 Christianismum
3511 2528 3684 2584 simu-

2100 2622 2238 2687 lant,
2264 2624 2661 2694 temperantiae,
2705 2624 3167 2685 mansuetudinis,
3197 2630 3292 2677 aut
3316 2621 3553 2690 alicujus
3607 2621 3687 2673 al-

2110 2716 2281 2771 terius
2307 2715 2525 2771 virtutis
2552 2709 2839 2785 personam
2878 2717 2932 2770 in
2965 2723 3209 2784 tempore
3244 2714 3598 2770 alllictionum
3631 2719 3687 2767 et

2110 2808 2483 2862 calamitatum
2514 2808 2619 2864 sibi
2671 2808 3027 2863 detrahentes
3052 2816 3106 2863 et
3154 2814 3491 2863 amoventes.
3519 2804 3688 2876 Igitur

2109 2914 2335 2953 necesse
2402 2898 2565 2953 fuerit
2598 2892 2952 2955 considerare
2984 2906 3038 2954 et
3082 2898 3385 2968 intelligere
3413 2896 3685 2951 Christia-

2110 2988 2271 3044 nismi
2299 2988 2695 3058 professionem
2736 3007 2748 3043 :
2792 2990 3041 3045 fortassis
3091 2990 3234 3045 enim
3264 2988 3380 3043 ﬁeri
3414 2987 3687 3057 possimus

2029 3071 2077 3134 C
2110 3080 2162 3136 id
2213 3080 2355 3149 quod
2396 3096 2593 3135 nomen
2631 3081 2762 3134 illud
2811 3080 2912 3135 sibi
2941 3081 3077 3145 vult,
3108 3097 3177 3135 ne
3209 3083 3337 3134 dum
3370 3081 3513 3133 nu.la
3556 3094 3687 3149 pro-

428 3170 663 3224 fossione
695 3184 762 3223 ac
792 3169 973 3239 specie
1000 3177 1375 3239 praetextuque
1404 3169 1575 3225 solius
1604 3169 1844 3224 nominis
1892 3166 2240 3241 insignimur,
2274 3168 2420 3224 aliud
2464 3177 2627 3241 atque
2661 3170 2944 3225 videamur
2974 3185 3098 3225 esse
3129 3170 3196 3223 ab
3225 3186 3293 3224 eo
3333 3169 3425 3239 qui
3467 3168 3685 3223 occulta

428 3264 671 3318 intuetur
690 3263 707 3294 ¹
737 3262 1201 3319 demonstremur.

498 3424 565 3477 Τί
591 3422 770 3476 τοίνυν
795 3424 823 3475 ό
855 3421 1281 3493 Χριστιανισμὺς
1310 3421 1369 3485 ἐξ
1400 3422 1570 3492 αὐτῆς
1598 3422 1701 3492 τῆς
1731 3438 2004 3493 προσηγο-

430 3517 551 3587 ρίας
578 3515 778 3567 νοεῖται
798 3553 813 3578 ,
856 3512 1070 3583 πρῶτον
1097 3510 1545 3581 ἐπισκεψώμεθα.
1585 3512 1741 3564 Ἐστι
1774 3512 1872 3581 μὲν
1910 3506 2006 3564 οὖν

430 3602 581 3675 παρά
606 3604 715 3657 τῶν
748 3602 1074 3672 σοφωτέρων
1121 3600 1346 3672 μείζονά
1373 3618 1493 3655 τινα
1537 3601 1631 3654 καὶ
1664 3600 2004 3671 μεγαλοφυε-

430 3697 623 3767 στέραν
664 3696 881 3757 πάντως
908 3692 1257 3764 ἐξευρεθῆναι
1297 3692 1556 3759 διάνοιαν,
1590 3692 2004 3763 συνεπηρμένην

429 3789 505 3860 τῷ
537 3787 725 3858 ὑψηλῷ
758 3784 853 3839 τοῦ
877 3785 1158 3856 ὀνόματος.
1193 3785 1259 3837 *Δ
1285 3784 1342 3838 δὲ
1364 3787 1524 3855 ἡμεῖς
1562 3785 1845 3856 χωροῦμεν
1873 3786 2003 3856 περὶ

429 3878 619 3932 τούτου
659 3876 752 3930 τοῦ
786 3875 1079 3945 ὀνόματος,
1124 3873 1300 3928 ταῦτά
1345 3875 1480 3926 ἐστι’
1528 3874 1602 3927 Τὸ
1638 3873 1731 3927 τοῦ
1762 3872 2000 3945 Χριστοῦ

430 3973 621 4041 ὄνομα,
647 3970 695 4021 εί
728 3968 863 4038 πρὸς
898 3966 959 4019 τὸ
994 3965 1329 4037 σαφέστερόν
1368 3982 1430 4019 τε
1460 3965 1555 4018 καὶ
1582 3964 2006 4036 γνωριμώτερον

434 4064 583 4133 ῥῆμα
619 4058 995 4131 μετενεχθείη,
1026 4057 1118 4111 τὸν
1158 4056 1381 4126 βασιλέα
1407 4056 1683 4127 σημαίνει,
1712 4056 1813 4127 τῆς
1842 4057 2005 4126 ἁγίας

431 4153 470 4204 Γ
477 4152 651 4221 ραφῆς
678 4150 775 4219 τὴν
806 4147 1087 4219 βασιλικὴν
1124 4148 1281 4215 ἀξίαν
1313 4150 1379 4218 τῇ
1407 4147 1629 4219 τοιαύτῃ
1668 4150 1818 4219 φωνῇ
1864 4148 2006 4203 κατά

429 4263 548 4299 τινα
580 4244 887 4308 ἰδιάζουσαν
914 4243 1109 4314 χρῆσιν
1136 4240 1566 4311 ἐνδεικνυμένης.
1618 4241 1755 4297 Ἀλλ’
1784 4240 2001 4312 ἐπειδὴ,

2182 3419 2546 3486 Quamobrem
2600 3420 2871 3490 imprimis
2904 3419 3037 3491 quid
3068 3436 3134 3475 ex
3168 3419 3284 3489 ipsa
3326 3420 3687 3489 appellatione

2108 3526 2205 3578 per
2290 3511 2775 3567 Christianismum
2848 3511 3185 3581 intelligatur
3250 3510 3682 3566 consideremus.

2106 3602 2252 3659 Fieri
2308 3604 2471 3675 igitur
2534 3612 2735 3674 potest,
2795 3613 2855 3657 ut
2898 3618 2927 3657 a
2981 3603 3416 3674 sapientioribus
3463 3604 3684 3673 quidem

2107 3696 2281 3763 major
2314 3696 2473 3765 plane
2501 3701 2556 3750 et
2584 3695 2815 3766 amplior
2859 3695 3192 3758 intellectus,
3232 3696 3325 3765 qui
3365 3695 3683 3751 sublimitati

2107 3785 2349 3843 nominis
2375 3785 2725 3856 respondeat,
2762 3786 3124 3857 excogitetur.
3176 3786 3308 3853 Quae
3347 3796 3529 3841 autem
3584 3801 3687 3842 nos

2110 3892 2307 3945 capere
2360 3885 2416 3931 ct
2459 3877 2760 3947 intelligere
2818 3879 2887 3933 de
2942 3878 3045 3933 hoc
3101 3878 3321 3933 nomine
3370 3892 3685 3947 possumus,

2112 3969 2225 4023 haec
2250 3975 2377 4023 sunt
2410 3968 2648 4023 :Christi
2681 3984 2900 4036 nomen,
2928 3970 2971 4023 si
3000 3970 3066 4022 ad
3096 3968 3387 4024 dilucidius
3408 3968 3688 4038 magisque

2112 4062 2459 4131 perspicuum
2504 4068 2560 4115 et
2606 4061 2883 4116 intellectu
2937 4060 3151 4115 facilius
3182 4061 3408 4115 verbum
3446 4060 3687 4115 transfe-

2113 4160 2286 4216 ratur,
2306 4166 2484 4220 regem
2516 4151 2810 4221 siguiticat,
2829 4152 3031 4221 quippe
3051 4166 3176 4205 eum
3197 4159 3387 4206 sancta
3400 4150 3687 4221 Scriptura

2114 4242 2429 4311 hujusmodi
2466 4258 2601 4297 voce
2633 4242 2893 4313 peculiari
2924 4242 3163 4313 quodam
3225 4258 3329 4301 usu
3365 4243 3569 4313 regiam
3604 4243 3689 4297 ἱιιο

432 4338 615 4402 καθώς
647 4355 811 4408 φησιν
856 4339 890 4409 ὴ
926 4336 1139 4407 Γραφὴ,
1167 4336 1444 4407 άφραστόν
1480 4336 1596 4389 ἐστι
1632 4335 1692 4388 τὸ
1717 4336 1870 4388 Θείον
1910 4336 2003 4389 καὶ

2106 4333 2253 4389 dicet
2302 4334 2647 4403 dignitatem.
2702 4333 2808 4389 Sed
2846 4334 3130 4404 quoniam,
3163 4341 3223 4388 ut
3252 4334 3329 4388 ait
3377 4333 3685 4405 Scriptura,

433 4432 814 4503 ἀκατάληπτον
838 4471 855 4496 ,
910 4429 1090 4499 πάσης
1142 4428 1537 4499 ὑπερκείμενον
1593 4428 2011 4502 καταληπτικῆς

432 4523 705 4587 ἐπινοίας,
742 4523 1055 4590 ἀναγκαίως
1076 4522 1123 4574 οἱ
1151 4519 1229 4591 τῷ
1260 4519 1399 4590 ἁγίῳ
1427 4518 1704 4589 Πνεύματι
1730 4518 2011 4591 θεοφορού-

438 4631 587 4685 μενοι
628 4612 906 4682 προφῆται
946 4612 1040 4664 καὶ
1073 4608 1379 4673 ἀπόστολοι,
1423 4606 1636 4670 πολλοῖς
1674 4607 1902 4681 ὀνόμασί
1951 4624 2009 4660 τε

436 4704 530 4758 καὶ
565 4703 829 4771 νοήμασιν
856 4700 950 4753 ἐπὶ
976 4698 1076 4770 τὴν
1102 4698 1318 4751 σύνεσιν
1347 4696 1447 4767 τῆς
1482 4695 1762 4768 ἀφθάρτου
1797 4695 2011 4764 φύσεως

436 4796 586 4865 ἡμᾶς
627 4791 1061 4864 χειραγωγοΰσιν
1083 4808 1097 4824 ο
1141 4790 1305 4845 ἄλλου
1340 4788 1479 4859 πρὸς
1517 4788 1646 4843 ἄλλο
1672 4806 1726 4842 τι
1756 4787 1866 4842 τῶν
1894 4786 2011 4842 θεο-

433 4886 660 4959 πρεπῶν
690 4884 979 4956 νοημάτων
1013 4884 1159 4954 ἡμᾶς
1186 4881 1583 4946 διευθύνοντος,
1610 4880 1751 4934 ὥστε
1779 4880 1879 4951 τὴν
1913 4881 2012 4952 μὲν

434 4980 528 5032 ἐπὶ
557 4978 774 5034 πάντων
819 4975 1069 5040 ἐξουσίαν
1096 4975 1174 5046 τῷ
1202 4975 1301 5044 τῆς
1345 4974 1619 5045 βασιλείας
1648 4973 1873 5044 ὀνόματι
1906 4993 2012 5027 πα-

438 5066 795 5140 ραδηλοῦσθαι
815 5083 829 5097 ’
853 5067 913 5119 τὸ
934 5066 991 5119 δὲ
1033 5065 1238 5129 πάθους
1265 5065 1465 5127 παντὸς
1489 5064 1583 5118 καὶ
1610 5064 1811 5127 κακίας
1829 5063 2011 5128 πάσης

435 5160 635 5230 ἀμιγὲς
663 5160 758 5215 καὶ
785 5156 1069 5230 ἐλεύθερον
1096 5159 1209 5221 τοῖς
1234 5156 1335 5226 τῆς
1365 5155 1568 5228 ἀρετῆς
1596 5155 1854 5226 ὀνόμασιν
1892 5157 2011 5209 όνο-

440 5250 737 5321 μάζεσθαι,
778 5249 1017 5319 ἑκάστης
1047 5247 1185 5318 πρὸς
1228 5246 1290 5300 τδ
1326 5248 1572 5318 κρεῖττον
1617 5247 1915 5318 νοουμένης
1951 5263 2011 5299 τε

437 5343 530 5396 καὶ
548 5341 869 5413 λεγομένης·
895 5340 1037 5395 ὥστε
1055 5339 1116 5393 τὸ
1135 5338 1269 5393 αὐτὸ
1290 5338 1634 5407 δικαιοσύνην
1653 5356 1713 5391 τε
1736 5332 1894 5403 εἶναι,
1918 5337 2014 5393 καὶ

440 5436 631 5502 σοφίαν
652 5473 666 5497 ,
694 5434 789 5487 καὶ
825 5433 1074 5503 δύναμιν,
1110 5431 1206 5485 καὶ
1240 5429 1519 5501 ἀλήθειαν,
1556 5428 1871 5501 ἀγαθότητά
1914 5447 2010 5493 τε,

438 5525 533 5577 καὶ
562 5523 727 5593 ζωὴν,
754 5523 849 5576 καὶ
870 5522 1164 5593 σωτηρίαν,
1198 5520 1292 5574 καὶ
1312 5518 1639 5590 ἀφθαρσίαν,
1670 5519 1765 5573 καὶ
1791 5518 1852 5571 τὸ
1876 5519 2012 5589 ἀμεο

441 5613 701 5683 ιάὸλητόν
728 5630 787 5666 τε
814 5614 905 5667 καὶ
928 5611 1303 5678 ἀναλλοίωτον,
1344 5610 1436 5664 καὶ
1464 5611 1571 5664 πᾶν
1594 5609 1622 5663 ὅ
1643 5608 1695 5663 τί
1723 5609 1829 5681 πέρ
1867 5610 2012 5664 ἐστιν

516 5790 533 5819 ’
572 5789 755 5846 Matth.
782 5808 854 5855 vi,
881 5793 932 5846 6.

2112 4440 2312 4481 numen
2336 4424 2579 4480 divinum
2606 4425 2787 4481 verbis
2821 4426 3079 4496 explicari
3110 4440 3173 4480 ac
3203 4425 3408 4496 percipi
3443 4440 3551 4480 non
3587 4443 3686 4496 po-

2110 4526 2237 4581 test,
2270 4519 2469 4588 quippe
2489 4533 2615 4573 cnm
2648 4533 2866 4575 onmem
2899 4524 3120 4586 superet
3142 4518 3599 4588 excogitationem
3632 4528 3687 4573 et

2110 4608 2675 4677 compreliensimiem,
2734 4609 3048 4665 necessario
3078 4608 3171 4678 qui
3217 4606 3451 4677 Spiritus
3512 4610 3685 4664 sancti

2110 4700 2334 4755 nomine
2378 4699 2642 4755 divinitus
2688 4700 3044 4769 rapiebantur
3061 4699 3339 4768 propheta:
3372 4709 3537 4769 atque
3563 4713 3689 4768 apo-

2112 4791 2259 4854 stoli,
2324 4791 2512 4845 inultis
2542 4790 2875 4854 nominibus,
2934 4791 3253 4846 notionibus
3290 4798 3345 4845 et
3366 4788 3687 4845 considera-

2110 4882 2352 4937 tionibus
2382 4881 2448 4935 ad
2496 4882 2909 4952 intelligendum
2941 4881 3404 4951 incorruptibilem
3438 4888 3689 4935 naturam

2113 4990 2215 5029 nos
2248 4974 2402 5043 quasi
2437 4988 2599 5028 manu
2634 4973 2867 5037 ducunt,
2896 4974 3038 5029 alius
3067 4974 3134 5028 ad
3165 4974 3327 5027 aliam
3368 4973 3689 5028 considera-

2114 5066 2316 5120 tionem
2351 5074 2405 5119 et
2435 5066 2775 5120 intellectum
2822 5065 2931 5120 Deo
2961 5065 3376 5121 convenientem
3428 5079 3529 5119 nos
3557 5065 3691 5119 diri-

2114 5164 2322 5225 gentes,
2362 5164 2419 5207 ιιι
2460 5156 2578 5225 ipsa
2608 5156 2827 5225 quidem
2870 5155 3129 5211 omnibus
3166 5156 3420 5226 imposita
3450 5162 3691 5225 potestas

2114 5247 2264 5316 regni
2320 5247 2537 5301 nomine
2569 5248 2910 5313 declaretur;
2954 5264 3016 5303 ea
3070 5263 3199 5312 vero
3252 5248 3336 5302 vis
3363 5265 3484 5317 quae
3514 5250 3693 5303 omnis

2115 5338 2340 5392 allectus
2386 5338 2919 5408 perturbationisque
2968 5353 3188 5407 expers,
3237 5338 3383 5393 etab
3423 5338 3571 5391 omni
3611 5337 3692 5390 vi-

2115 5431 2355 5486 tiositate
2403 5446 2468 5485 ae
2514 5430 2720 5485 malitia
2775 5445 2944 5483 vacua
2992 5445 3055 5484 ac
3096 5430 3265 5485 libera
3306 5436 3414 5492 est,
3473 5428 3690 5483 virtutis

2116 5523 2431 5577 nominibus
2455 5521 2803 5593 designetur;
2843 5523 2914 5576 ita
2948 5531 3008 5577 ut
3040 5538 3384 5591 unaquaeque
3411 5524 3586 5575 virtus
3626 5521 3690 5573 de

2115 5622 2313 5671 natura
2343 5616 2733 5672 cxcellentiore
2766 5626 2879 5691 tum
2916 5616 3150 5671 dicatur.
3187 5623 3298 5667 tum
3327 5612 3692 5682 intelligatur;
