4096 6354
425 355 534 413 9.ίό

1694 367 1748 421 5.
1788 365 2112 422 GREGORII
2153 365 2448 424 NYSSEN!

3571 363 3679 422 2M

428 485 596 548 atque
625 477 766 534 idem
801 479 872 536 sit
905 481 1222 552 etjustitia.
1263 493 1316 540 et
1337 485 1624 557 sapientia,
1658 498 1713 544 et
1739 490 1987 559 potentia

2107 490 2308 562 ὑψηλόν
2360 491 2538 562 νόημα
2576 489 2664 545 διὰ
2697 488 2809 544 τῶν
2857 486 3114 543 τοιούτων
3154 487 3436 560 ὀνομάτων
3483 485 3675 558 δηλού-

425 576 483 624 et
508 569 712 627 veritas
733 570 1060 643 bonitasque
1089 584 1143 629 et
1165 575 1295 639 vita,
1321 583 1436 630 tum
1462 577 1632 642 salus,
1665 578 2000 648 incorrupti-

424 657 612 715 bilitas
654 659 1164 734 immortalitasque,
1215 673 1328 719 tum
1379 667 1655 722 immutari
1689 685 1753 722 ac
1800 669 2000 723 variari

425 747 614 803 nescia
629 748 828 815 virtus,
847 759 902 804 et
931 751 1244 823 quicunque
1267 754 1517 812 sublimis
1555 767 1639 812 est
1665 756 1999 826 intellectus,

425 840 520 908 qui
547 854 648 910 per
674 839 793 895 haec
837 841 1058 896 nomina
1110 843 1441 907 declaretur,
1477 848 1662 906 omnia
1694 847 1830 902 nihil
1853 847 1997 904 aliud

424 944 590 1000 quam
625 930 881 988 Christus
907 941 960 987 et
981 934 1090 990 sint
1120 942 1174 988 et
1199 935 1475 995 dicantur.
1510 937 1568 992 Si
1620 937 1788 1006 igitur
1819 939 2000 995 omnis

424 1020 684 1076 sublimis
718 1021 1030 1078 intellectus
1055 1022 1109 1076 in
1128 1022 1332 1080 Christi
1363 1024 1581 1081 nomine
1609 1025 1998 1096 comprehendi

424 1114 748 1184 intelligitur
780 1114 1111 1183 (sublimiori
1159 1114 1306 1170 enim
1337 1116 1737 1187 signiﬁcatione
1786 1119 1998 1190 reliqua

421 1219 643 1275 quoque
677 1205 1048 1272 continentur,
1088 1207 1162 1261 ita
1197 1216 1256 1262 ut
1275 1216 1595 1264 caeterorum
1652 1209 1998 1280 unumquod-

424 1311 530 1366 que
568 1311 766 1352 nomen
788 1296 842 1352 in
887 1296 1192 1354 notione‘kzt
1246 1299 1527 1354 intellectu
1565 1302 1715 1372 regni
1750 1301 1999 1356 conside-

423 1389 623 1458 retur),
645 1389 877 1446 fortasse
899 1405 996 1460 per
1022 1392 1467 1462 consequentiam
1483 1392 1664 1463 aliquo
1688 1391 1848 1448 modo
1865 1393 1994 1463 quid

421 1496 519 1551 per
553 1479 1028 1554 Christianismum
1078 1483 1436 1554 signiﬁcetur,
1482 1485 1914 1541 animadvertere
1942 1495 1996 1541 et

421 1571 724 1642 intelligere
773 1573 1071 1643 possimus.
1126 1573 1181 1628 Si
1212 1574 1357 1630 enim
1416 1575 1537 1645 ejus
1570 1579 1716 1647 quod
1773 1577 1996 1632 excellit

421 1663 565 1717 inter
581 1677 643 1717 ea
677 1662 897 1717 nomint:
923 1663 1122 1733 quibus
1149 1664 1580 1734 incorruptibilis
1594 1676 1648 1721 et
1672 1665 1993 1722 immortalis

419 1761 616 1808 natura
669 1756 996 1826 explicatur,
1030 1757 1269 1813 nominis
1307 1758 1600 1828 participes
1644 1774 1856 1825 sumus,
1897 1758 1990 1830 qui

2107 600 2286 653 μενον,
2327 583 2506 638 πάντα
2551 582 2644 636 τὸν
2684 581 2917 653 Χριστὸν
2948 582 3044 635 καὶ
3077 578 3219 634 εἶναι
3259 581 3355 634 καὶ
3397 579 3672 648 λέγεσθαι.

2102 674 2164 727 El
2193 675 2369 727 τοίνυν
2397 673 2690 744 περίληψις
2722 672 2926 736 παντὸς
2950 671 3156 743 ὑψηλοῦ
3195 672 3471 743 νοήματος
3509 673 3567 724 ἐν
3595 670 3675 741 τῷ

2099 765 2192 819 τοῦ
2220 765 2458 836 Χριστοῦ
2477 768 2678 819 νοεῖται
2701 763 2925 835 ὀνόματι
2964 763 3064 834 (τῷ
3095 761 3202 832 γὰρ
3232 762 3548 832 ὑψηλοτέρῳ
3565 760 3674 815 τῶν

2101 855 2512 926 σημαινομένων
2542 854 2730 908 καὶτὰ
2762 853 2924 908 λοιπὰ
2951 852 3297 924 περιέχεται,
3339 852 3414 916 ὡς
3444 851 3672 905 ἕκαστον

2097 943 2207 995 τῶν
2234 942 2407 998 ἄλλων
2449 945 2516 1014 τῇ
2565 942 2743 1014 ἐννοίᾳ
2773 942 2875 1012 τῆς
2921 940 3197 1012 βασιλείας
3238 939 3669 1011 ἐνθεωρεῖσθαι),

2097 1032 2235 1102 τάχα
2266 1031 2334 1086 δι’
2355 1031 2647 1086 ἀκολούθου
2675 1031 2886 1100 γένοιτο
2916 1031 2982 1086 ἄν
3009 1047 3094 1094 τις
3117 1032 3250 1102 ἡμῖν
3283 1031 3384 1100 τῆς
3405 1027 3500 1082 τοῦ
3537 1029 3672 1100 Χρι-

2099 1121 2418 1192 στιανισμοῦ
2468 1122 2764 1194 ἑρμηνείας
2815 1124 2851 1193 ἡ
2908 1122 3258 1192 κατανόησις.
3315 1121 3382 1174 Et
3432 1119 3542 1192 γὰρ
3592 1118 3670 1190 τῷ
3702 1189 3717 1198 _

2098 1213 2417 1285 ὑπερέχοντι
2448 1212 2555 1266 τῶν
2579 1213 2681 1284 τῆς
2706 1213 2985 1284 ἀφθάρτου
3021 1211 3235 1281 φύσεως
3257 1210 3669 1283 ἐρμηνευτικῶν

2095 1304 2371 1375 ὀνομάτων
2411 1302 2883 1376 συνονομαζόμεθα
2919 1306 2968 1357 οι
3013 1304 3103 1358 διὰ
3133 1306 3232 1374 τῆς
3266 1305 3347 1366 είς
3385 1301 3546 1356 αὑτὸν
3577 1301 3667 1354 πίη-

2097 1413 2267 1462 στεως
2293 1397 2431 1469 πρὸς
2467 1397 2630 1452 αὑτὸν
2663 1396 3056 1467 συναπτόμενοι
3075 1437 3090 1462 ,
3111 1395 3326 1465 ἀνάγκη
3355 1394 3506 1449 πᾶσά
3529 1394 3665 1461 ἐστι,

2096 1489 2188 1542 καὶ
2215 1489 2314 1544 ὅσα
2355 1489 2492 1560 μετὰ
2525 1488 2618 1543 τοῦ
2651 1488 2915 1560 ὀνόματος
2944 1487 3135 1541 τούτου
3169 1488 3297 1558 περὶ
3322 1487 3422 1558 τὴν
3448 1485 3665 1556 ἄφθαρ-ι

2094 1598 2184 1634 τον
2203 1581 2416 1653 ἐκείνην
2441 1581 2724 1653 θεωρεῖται
2741 1581 2903 1650 φύσιν
2925 1581 3194 1651 νοήματα,
3211 1580 3306 1634 καὶ
3330 1578 3464 1650 πρὸς
3483 1580 3667 1632 ἐκεῖνα

2095 1670 2224 1740 ἡμῖν
2249 1670 2347 1741 τὴν
2376 1670 2694 1741 ὁμωνυμίαν
2719 1669 2860 1724 κατὰ
2882 1669 2943 1724 τὸ
2967 1669 3254 1724 ἀκόλουθον
3279 1669 3543 1739 γίνεσθαι.
3577 1668 3666 1732 Ὦς

2093 1760 2201 1831 γὰρ
2222 1763 2288 1832 τῇ
2312 1763 2512 1832 μετοχῇ
2533 1759 2627 1814 τοῦ
2649 1761 2884 1832 Χριστοῦ
2911 1759 3009 1831 τὴν
3030 1760 3124 1815 τοῦ
3143 1759 3473 1832 Χριστιανοῦ
3497 1776 3665 1830 προσ-ο

417 1861 519 1916 per
548 1845 708 1901 ﬁdem
739 1845 794 1904 in
827 1863 952 1903 eum
993 1863 1118 1903 cum
1147 1849 1266 1918 ipso
1308 1848 1694 1919 conjungimur
1723 1869 1736 1905 :
1769 1851 1987 1905 omnino

2092 1851 2319 1923 ηγορίαν
2362 1853 2678 1923 ἐσχήκαμεν
2701 1893 2717 1920 ,
2769 1851 2914 1906 οὑτω
2956 1852 3221 1924 προσήκει
3255 1851 3395 1906 κατὰ
3431 1852 3494 1907 τὸ
3530 1851 3662 1906 ἀκό-

419 1949 647 1992 necesse
671 1946 776 2003 est,
806 1945 866 1992 ut
920 1938 1234 2009 quicunque
1288 1955 1396 1994 una
1432 1955 1558 1995 cum
1621 1941 1723 1996 hoe
1771 1942 1992 1997 nomine

419 2029 568 2084 circa
597 2029 958 2086 immortalem
995 2031 1143 2085 illam
1173 2043 1426 2088 naturam
1465 2034 1883 2090 considerantur
1903 2036 1989 2090 in-

415 2120 694 2185 tellectus,
721 2137 817 2192 per
847 2123 1292 2191 consequentiam
1332 2139 1457 2180 cum
1491 2125 1598 2181 illis
1651 2141 1867 2196 quoque
1893 2141 1992 2181 no-

416 2212 503 2268 bis
527 2215 837 2269 communio
868 2215 1112 2273 nominis
1143 2216 1234 2272 sit.
1287 2214 1357 2273 Ut
1385 2217 1532 2272 enim
1573 2218 1989 2288 participatione

416 2303 646 2368 Christi,
697 2304 995 2363 Christiani
1037 2306 1452 2378 appellationem
1505 2308 1686 2380 adepti
1733 2325 1923 2366 sumus
1970 2328 1986 2365 :

415 2392 492 2448 ita
531 2409 640 2464 per.
659 2409 1004 2465 consequens
1022 2398 1280 2452 convenit
1309 2398 1554 2453 omnium
1573 2415 1790 2470 quoque
1819 2401 1988 2456 subli-

414 2486 585 2540 mium
622 2488 903 2543 nominum
957 2502 1058 2542 nos
1103 2488 1375 2544 asciscere
1429 2492 1868 2546 communionem
1924 2507 1989 2548 ae

414 2577 870 2668 societatemuAc
897 2579 1354 2649 quemadmodum
1404 2581 1458 2635 in
1489 2590 1682 2636 catena
1717 2583 1810 2652 qui
1841 2597 1984 2646 eam,

413 2682 536 2736 quia:
575 2669 628 2723 in
659 2670 1002 2726 extremitate
1032 2680 1138 2734 est,
1173 2681 1524 2728 curvaturam
1560 2676 1860 2739 attraxerit,
1891 2691 1985 2731 eas

2090 1942 2298 2006 λουθον,
2322 1943 2417 1996 καὶ
2443 1942 2660 1998 πάντων
2693 1944 2841 2014 ἡμᾶς
2863 1941 2972 1996 τῶν
3011 1941 3231 2012 ὑψηλῶν
3260 1943 3538 2013 ὀνομάτων
3566 1942 3664 2012 τὴν

2089 2033 2372 2087 κοινωνίαν
2417 2033 2763 2104 ἐφέλκεσθαι.
2805 2032 2916 2088 Καὶ
2961 2033 3209 2105 καθάπερ
3243 2035 3336 2086 ἐπὶ
3366 2033 3604 2096 ἁλύσεως
3632 2035 3661 2087 6

2086 2127 2193 2198 τὴν
2235 2125 2377 2180 κατὰ
2425 2125 2488 2179 τὸ
2533 2125 2702 2198 ἄκρον
2746 2125 2993 2198 ἀγκύλην
3037 2125 3518 2196 ἐπισπασάμενος,
3562 2124 3662 2188 τὰς

2090 2217 2349 2289 ωμφυῶς
2376 2218 2640 2289 ἐχομένας
2667 2218 2914 2290 ἀλλήλων
2941 2217 3030 2272 διὰ
3055 2218 3154 2288 τῆς
3185 2219 3315 2286 μιᾶς
3338 2215 3403 2270 ἂν
3433 2213 3662 2284 ἐφελκύ-

2091 2325 2243 2362 σαιτο
2263 2325 2278 2341 ο
2312 2307 2507 2374 οὑτως,
2538 2309 2727 2380 ἐπειδὴ
2759 2308 2837 2379 τῷ
2871 2308 2966 2362 τοῦ
2996 2307 3232 2380 Χριστοῦ
3269 2307 3490 2378 ὀνόματι
3525 2324 3662 2377 συμ-

2090 2399 2240 2468 φυῶς
2258 2399 2368 2469 ἔχει
2398 2399 2584 2453 καὶτὰ
2607 2401 2770 2454 λοιπὰ
2788 2398 2897 2454 τῶν
2919 2399 3334 2471 ἐρμηνευτικῶν
3354 2399 3452 2470 τῆς
3484 2398 3556 2467 ἀφ
3566 2397 3661 2468 ρά-

2090 2508 2218 2553 στου
2240 2491 2333 2545 καὶ
2355 2491 2669 2556 πολυειδοῦς
2704 2491 2921 2562 ἐκείνης
2955 2491 3352 2563 μακαριότητος
3371 2530 3386 2554 ,
3420 2491 3664 2556 ἐπάναγ-

2088 2602 2181 2648 κες
2206 2584 2272 2638 ἂν
2305 2584 2390 2655 εζη
2415 2585 2508 2638 τὸν
2532 2584 2626 2637 τοῦ
2649 2585 2766 2648 ἑνὸς
2795 2583 3150 2655 δραξάμενον,
3182 2583 3278 2637 καὶ
3309 2584 3376 2649 τὰ
3402 2582 3562 2636 λοιπὰ
3583 2580 3660 2651 τῷ

2088 2678 2169 2731 ἐνὶ
2201 2675 2645 2745 συνεφέλκεσθαι..

413 2784 536 2839 quae
571 2767 915 2822 continenter
945 2767 1086 2820 inter
1147 2780 1207 2819 se
1248 2764 1545 2829 cohaerent,
1577 2781 1674 2834 per
1717 2780 1879 2818 uuam
1914 2767 2197 2820 attraxerit
2231 2785 2244 2820 :
2280 2766 2355 2820 ita
2393 2766 2652 2836 quoniam
2697 2763 2902 2822 Christi
2945 2765 3159 2820 nomini.
3194 2763 3403 2834 reliqua
3442 2777 3662 2833 quoque

414 2862 616 2932 quibus
643 2859 932 2915 ineﬁ‘abilis
955 2873 1020 2914 ac
1057 2856 1412 2912 multiformis
1445 2857 1536 2911 illa
1554 2857 1832 2913 beatitudo
1868 2860 2191 2929 explicatur.
2221 2870 2421 2918 natura
2441 2861 2720 2916 cohaerent
2746 2867 2909 2930 atque
2944 2858 3234 2932 coniuncta
3265 2865 3416 2928 sunt,
3436 2871 3660 2920 necesse

414 2955 584 3012 fuerit
607 2968 730 3009 eum
763 2952 854 3022 qui
893 2965 1063 3005 unum
1095 2950 1408 3019 arripuerit,
1433 2965 1542 3004 una
1577 2964 1700 3003 cum
1740 2950 1857 3019 ipso
1881 2951 2091 3020 reliqua
2122 2966 2343 3022 quoque
2370 2951 2666 3015 attrahere.

483 3046 542 3100 Si
576 3044 700 3116 quis
725 3043 890 3114 igitur
915 3055 1114 3096 nomen
1138 3040 1358 3111 quidem
1392 3039 1596 3095 Christi
1624 3047 1826 3102 sumat,
1861 3056 1982 3109 quae

410 3153 543 3194 vero
581 3151 688 3190 una
717 3149 842 3190 cum
872 3133 976 3188 hoc
1004 3133 1229 3187 nomine
1257 3131 1695 3198 considerantur,
1730 3132 1836 3186 vita
1871 3147 1980 3186 non

408 3227 681 3298 exprimat
718 3240 896 3296 neque
925 3230 1282 3294 repraesentet
1315 3241 1329 3276 :
1369 3222 1416 3277 is
1446 3238 1642 3277 nomen
1667 3223 1980 3288 ementitur,

405 3320 560 3390 juxta
591 3317 925 3388 propositam
955 3329 986 3368 a
1024 3314 1185 3370 nobis
1226 3313 1640 3368 similitudinem
1691 3328 1980 3384 personam

410 3400 714 3478 inanimam~
764 3408 1015 3466 humana:
1071 3406 1258 3477 ﬁgurae
1304 3406 1698 3459 conl’ormatam
1750 3414 1806 3460 et
1845 3406 1983 3461 assi-

410 3502 655 3572 milatam
709 3498 882 3572 simia:
915 3511 1218 3568 apponens.
1267 3495 1408 3551 Fieri
1459 3495 1604 3549 enim
1649 3510 1758 3549 non
1805 3502 1982 3564 potest

410 3592 542 3661 quin
569 3589 825 3644 Christus
872 3588 944 3644 sit
967 3595 1022 3644 et
1049 3586 1286 3657 iustitia,
1320 3595 1374 3643 et
1405 3589 1636 3656 puritas,
1667 3595 1724 3640 et
1751 3587 1980 3652 veritas,

411 3672 577 3750 atque
603 3679 849 3749 cujusvis
873 3677 1002 3732 mali
1035 3679 1244 3743 vitatio,
1281 3693 1456 3748 neque
1479 3677 1829 3734 Christianus
1861 3694 1984 3735 esse

409 3776 596 3839 potest
619 3767 990 3839 (quiquidem
1023 3781 1150 3822 vere
1181 3766 1532 3824 Christianus
1582 3767 1699 3839 sit),
1727 3768 1821 3838 qui
1871 3783 1982 3824 non

410 3859 629 3914 illorum
659 3858 940 3912 nominum
981 3873 1200 3929 quoque
1232 3860 1675 3914 communionem
1717 3866 1771 3914 et
1799 3861 1982 3916 socie-

409 3959 577 4007 tatem
607 3951 665 4006 in
698 3966 822 4007 sese
859 3950 1135 4006 ostendat.
1173 3949 1442 4017 Quocirca
1492 3951 1636 4007 sicut
1665 3950 1983 4008 deﬁnitione

410 4044 610 4116 aliquis
629 4042 762 4128 q‘uid
783 4057 881 4114 per
896 4041 1377 4098 Christianismum
1404 4043 1763 4113 signiﬁcetur,
1799 4043 1980 4098 deela-

407 4131 651 4187 raverit:
685 4130 932 4186 dicemus
985 4129 1131 4201 quod
1162 4129 1619 4187 Christianismus
1648 4132 1720 4186 sit
1749 4132 1981 4187 imitatio

408 4220 608 4274 divinae
651 4218 986 4274 naturae.Ac
1021 4216 1198 4274 nemo
1242 4220 1546 4277 deﬁnitioni
1587 4229 1845 4291 tanquam
1885 4224 1982 4276 im-

409 4312 648 4366 modicae.
683 4318 998 4382 nostraeque
1037 4311 1400 4367 humilitatem
1445 4320 1656 4368 naturae
1699 4313 1980 4384 superanti

408 4403 678 4463 obtrectet
707 4418 722 4456 :
749 4417 861 4458 non
905 4403 1052 4457 enim
1097 4403 1338 4459 excessit
1365 4419 1430 4458 ea
1467 4412 1735 4458 naturam.
1765 4403 1900 4458 Nam
1933 4403 1981 4459 si

408 4495 534 4561 quis
561 4494 794 4563 primam
815 4493 1056 4562 hominis
1076 4494 1444 4551 conditionem
1474 4501 1530 4550 et
1562 4503 1763 4551 statum
1797 4496 1982 4552 consi-

408 4583 706 4648 oleraverit,
763 4584 1131 4655 deprehendet
1171 4600 1236 4641 ex
1279 4584 1628 4641 documentis
1658 4584 1976 4658 Scriptura),

2156 3041 2219 3093 Εί
2252 3041 2428 3096 τοίνυν
2457 3041 2517 3095 τὸ
2541 3044 2637 3113 μὲν
2663 3040 2831 3112 ὄνομά
2858 3058 2940 3104 τις
2965 3039 3060 3094 τοῦ
3090 3041 3324 3111 Χριστοῦ
3355 3040 3660 3106 ὑπώύοιτο,

2088 3132 2191 3187 ὅσα
2219 3132 2275 3185 δὲ
2303 3132 2383 3203 τῷ
2424 3133 2646 3203 ὀνόματι
2677 3131 2851 3202 τούτῳ
2885 3131 3262 3202 συνθεωρεῖται
3309 3132 3383 3203 μὴ
3424 3130 3658 3186 δεικνύοι

2087 3223 2166 3292 τῷ
2196 3222 2314 3294 βίῳ,
2347 3224 2739 3294 καταψεύδεται
2768 3222 2861 3275 τοῦ
2888 3222 3146 3292 ὀνόματος
3171 3222 3200 3280 6
3226 3218 3483 3286 τοιοῦτος,
3517 3219 3659 3288 κατᾲ

2088 3315 2146 3368 τὸ
2183 3315 2441 3386 προτεθὲν
2492 3317 2625 3386 ἡμῖν
2669 3314 2989 3385 ὑπόδειγμα,
3043 3314 3380 3382 προσωπεῖον
3428 3311 3654 3381 ἄψυχον,

2085 3406 2408 3478 ἀνθρωπίνῳ
2451 3407 2763 3478 χαρακτῆρι
2813 3404 3274 3477 μεμορφωμένον,
3306 3402 3555 3473 περιθεὶς
3579 3401 3662 3473 τῷ

2083 3496 2323 3567 πιθήκῳ.
2363 3495 2499 3550 Οὔτε
2529 3497 2636 3567 γὰρ
2668 3497 2757 3550 τὸν
2785 3495 3019 3565 Χριστὸν
3052 3495 3165 3548 ἐστι
3198 3493 3274 3566 μὴ
3316 3492 3657 3565 δικαιοσύνην

2083 3585 2240 3653 εἶναι,
2272 3589 2364 3641 καὶ
2387 3587 2753 3658 καθαρότητα,
2781 3586 2874 3639 καὶ
2897 3584 3175 3655 ἀλήθειαν,
3207 3585 3299 3638 καὶ
3326 3585 3497 3638 κακοῦ
3525 3601 3658 3636 παν-

2081 3678 2174 3740 τὸς
2223 3677 2608 3747 ἀλλοτρίωσιν,
2652 3674 2775 3728 οὑτε
2811 3674 3133 3746 Χριστιανὸν
3165 3673 3312 3727 ἔστιν
3356 3667 3494 3727 εἶναι
3529 3672 3656 3740 (τόν

2082 3784 2146 3836 γε
2177 3766 2390 3838 ἀληθῶς
2420 3765 2814 3838 Χριστιανὸν),
2845 3765 2921 3836 μὴ
2950 3763 3215 3819 κάκείνων
3240 3763 3346 3820 τῶν
3379 3763 3656 3834 ὀνομάτων

2080 3858 2178 3929 τὴν
2205 3856 2488 3912 κοινωνίαν
2516 3858 2573 3910 ἐν
2597 3854 2774 3926 ἐαυτῷ
2795 3854 3126 3910 δεικνύοντα.
3150 3852 3377 3919 Οὐκοῦν,
3395 3853 3471 3917 ὡς
3488 3853 3552 3908 ἄν
3572 3869 3655 3916 τις

2081 3951 2192 4021 ὅρῳ
2227 3946 2322 4002 τοῦ
2363 3945 2790 4019 Χριστιανισμοῦ
2819 3947 2919 4018 τὴν
2958 3947 3196 4002 διάνοιαν
3234 3945 3652 4018 ἐρμηνεύσειεν,

2081 4042 2250 4105 οὕτως
2295 4040 2562 4112 ἐροῦμεν,
2605 4042 2686 4095 ὅτι
2736 4040 3158 4112 Χριστιανισμός
3200 4041 3317 4092 ἐστι
3373 4038 3472 4107 τῆς
3506 4037 3655 4102 θείας

2082 4134 2296 4201 φύσεως
2326 4133 2572 4204 μίμησις.
2602 4132 2712 4187 Καὶ
2734 4133 2921 4204 μηδεὶς
2948 4131 3023 4196 ὡς
3046 4131 3347 4201 ὑπέρογκον
3372 4132 3464 4185 καὶ
3490 4131 3656 4200 ὑπερμ-

2083 4224 2331 4278 6αίνοντα
2358 4223 2455 4294 τὴν
2483 4224 2580 4295 τῆς
2612 4223 2825 4293 φύσεως
2854 4223 3008 4292 ἡμῶν
3035 4223 3398 4291 ταπεινότητα
3434 4221 3654 4279 διαϐαλ-

2081 4313 2220 4367 λέτω
2256 4314 2348 4367 τὸν
2379 4315 2536 4386 ὄρον-
2572 4315 2634 4367 οὑ
2663 4313 2771 4385 γὰρ
2811 4313 2969 4384 ἐξέϐη
3016 4313 3116 4384 τὴν
3161 4311 3320 4380 φύσιν
3355 4313 3384 4364 6
3413 4313 3556 4382 ὅρος.
3591 4311 3654 4367 Εἰ

2081 4405 2191 4476 γάρ
2220 4423 2304 4469 τις
2346 4405 2446 4476 τὴν
2489 4404 2708 4477 πρώτην
2749 4405 3078 4459 κατάστασιν
3109 4404 3202 4458 τοῦ
3242 4403 3527 4475 ἀνθρώπου
3565 4403 3653 4456 λο-

2081 4496 2312 4564 γίσαιτο,
2345 4497 2565 4567 εὑρήσει
2595 4495 2681 4549 διὰ
2713 4495 2820 4548 τῶν
2851 4496 3140 4566 Γραφικῶν
3177 4496 3542 4565 διδαγμάτων,
3572 4495 3652 4550 ὅτι

2081 4588 2183 4642 οὑκ
2214 4587 2405 4658 ἐξῆλθε
2435 4587 2504 4647 τὰ
2535 4586 2707 4657 μέτρα
2731 4587 2828 4656 τῆς
2854 4586 3066 4656 φύσεως
3094 4587 3250 4657 ἡμῶν
3280 4588 3308 4639 6
3339 4587 3480 4656 ὅρος.
3498 4586 3568 4638 Ἥ
3594 4602 3653 4638 τε

409 4674 556 4742 quod
583 4672 832 4730 deﬁnitio
852 4682 1004 4729 extra
1031 4674 1254 4730 modum
1287 4683 1490 4732 nostra:
1529 4683 1739 4732 naturae
1760 4691 1979 4748 egressa

2087 4679 2194 4751 γὰρ
2227 4677 2416 4750 πρώτη
2452 4677 2546 4731 τοῦ
2583 4675 2868 4749 ἀνθρώπου
2905 4676 3214 4746 κατασκευὴ
3253 4675 3393 4729 κατὰ
3425 4677 3654 4746 μίμησιν

406 4780 528 4821 non
547 4765 640 4822 sit.
677 4764 812 4821 Nam
835 4773 893 4822 et
936 4767 1112 4838 prima
1157 4767 1400 4824 hominis
1440 4767 1728 4824 fabricatio
1756 4769 1830 4824 ad
1857 4769 1978 4823 imi-

405 4858 670 4913 tationem
717 4857 811 4915 Dei
839 4859 1218 4918 similitudinis
1258 4871 1394 4922 erat.
1442 4861 1626 4933 Moyse
1663 4861 1731 4916 de
1761 4861 1982 4918 homine

406 4950 483 5004 ita
514 4950 965 5021 philosophante,
992 4951 1124 5007 dum
1147 4952 1246 5018 ait,
1271 4971 1291 5004 ι
1326 4951 1474 5008 Fecit
1509 4953 1653 5009 Deus
1680 4953 1980 5017 hominem,

405 5041 708 5097 secundum
741 5042 1034 5115 imaginem
1081 5043 1176 5100 Dei
1230 5044 1360 5100 fecit
1402 5061 1527 5104 eum
1563 5047 1605 5084 υ
1637 5065 1650 5102 :
1687 5064 1706 5097 ι
1746 5053 1800 5101 et
1821 5045 1984 5100 Chri-

406 5132 678 5193 stianismi
735 5135 1013 5204 professio
1067 5143 1172 5200 est,
1236 5145 1297 5190 ut
1351 5136 1521 5191 homo.
1572 5137 1868 5202 reducatur
1913 5137 1982 5195 ad

405 5222 696 5290 pristinam
719 5233 779 5279 et
805 5227 1095 5296 antiquam.
1114 5226 1454 5284 felicitatem.

479 5309 537 5365 Si
574 5311 745 5381 igitur
787 5316 1095 5386 antiquitus
1135 5316 1300 5374 homo
1355 5318 1450 5373 Dei
1489 5319 1791 5378 similitudo
1839 5328 1982 5392 erat,

409 5398 641 5453 forsitan
676 5399 831 5455 haud
882 5403 1181 5479 absurdam
1225 5415 1287 5462 et
1334 5422 1365 5462 a
1415 5407 1698 5480 proposito
1750 5409 1982 5465 alienam

407 5490 638 5545 fecimus
691 5491 1087 5563 deﬁnitionem,
1128 5497 1222 5567 qui
1257 5498 1616 5555 imitationem
1667 5499 1865 5556 divinae
1893 5515 1986 5555 na-

409 5593 546 5644 tura:
575 5582 1068 5666 Christianismum.
1093 5603 1216 5651 esse
1237 5592 1678 5664 pronuntiamus.
1710 5591 1986 5650 Professio

483 5764 523 5812 ε’
557 5761 691 5833 QC!)-
728 5779 766 5840 ι,
792 5763 881 5836 27_~.

2084 4774 2182 4842 τῆς
2205 4769 2302 4823 τοῦ
2328 4769 2465 4824 Θεοῦ
2492 4768 2806 4840 ὁμοιότητος
2830 4763 2898 4838 ἦν
2927 4768 3088 4833 (οὑτω
3108 4765 3203 4820 τοῦ
3225 4765 3502 4829 Μωῦσέως
3528 4765 3656 4836 περὶ

2082 4863 2174 4916 τοῦ
2224 4860 2509 4932 ἀνθρώπου
2558 4859 3046 4929 φιλοσοφήσαντος,
3099 4858 3156 4911 ἐν
3197 4852 3280 4921 οἷς
3319 4873 3523 4927 φησιν,
3573 4857 3655 4910 ὅτι

2089 4972 2114 5006 ε
2155 4952 2440 5023 Ἐποίησεν
2472 4954 2501 5004 6
2530 4951 2662 5015 Θεὸς
2693 4951 2785 5004 τὸν
2816 4949 3119 5027 ἄνθρωπον
3152 4948 3273 5003 κατ’
3304 4949 3487 5003 εἰκόνα
3520 4947 3654 5000 Θεοῦ

2085 5041 2339 5112 ἐποίησεν
2364 5042 2527 5094 αὑτὸν
2550 5060 2568 5092 ι
2582 5044 2618 5106 ),
2643 5040 2734 5093 καὶ
2749 5042 2782 5110 ἡ
2803 5039 2894 5092 τοῦ
2913 5037 3337 5110 Χριστιανισμοῦ
3357 5037 3656 5106 ἐπαγγελία

2085 5135 2201 5186 ἐστὶ
2228 5135 2288 5187 τὸ
2331 5135 2411 5196 είς
2449 5132 2544 5204 τὴν
2578 5131 2811 5203 ἀρχαίαν
2837 5131 3130 5204 εὑκληρίαν
3163 5131 3533 5201 ἐπαναχθῆναι
3565 5129 3656 5185 τὸν

2084 5223 2387 5294 ἄνθρωπον.

2067 5355 2074 5361 .
2156 5314 2219 5368 Εἰ
2251 5314 2308 5367 δὲ
2342 5314 2402 5368 τὸ
2451 5315 2675 5386 ἀρχαῖον
2721 5313 2856 5368 Θεοῦ
2893 5314 3144 5385 ὁμοίωμα
3175 5314 3203 5366 6
3249 5313 3531 5384 ἄνθρωπο,
3563 5307 3654 5392 ἦν,

2085 5406 2224 5477 τάχα
2259 5407 2365 5461 οὑκ
2386 5407 2493 5474 ἔξω
2519 5406 2612 5460 τοῦ
2645 5407 2846 5460 σκοποῦ
2883 5408 2976 5460 τὸν
3007 5407 3233 5478 όρισμὸν
3276 5405 3615 5477 πεποιήμεθα
3638 5445 3653 5470 ,

2070 5501 2319 5570 μίμησιν
2355 5499 2504 5562 θείας
2535 5499 2747 5569 φύσεως
2776 5498 2865 5551 τὸν
2892 5499 3314 5569 Χριστιανισμὸν
3346 5494 3490 5558 εἶναι
3519 5499 3656 5553 ἀπο-

2069 5592 2405 5663 ιφηνὰμενοι.
2455 5591 2523 5644 'll
2562 5590 2658 5661 μὲν
2699 5586 2791 5644 οῦν
2825 5589 3113 5660 ὑπόσχεσις
3157 5591 3255 5662 τῆς
3289 5587 3655 5661 προσηγορίας
