4096 6354
398 409 502 466 2ιὸ

1502 426 1592 482 DE
1631 425 2109 486 PROFESSIONE
2141 426 2581 486 CIlRlSTlANA.

3572 420 3678 490 eis

396 524 535 578 οὕτω
570 529 802 604 μεγάλη.
840 534 1047 607 Καιρὸς
1088 536 1136 592 δ’
1164 537 1232 593 ἂν
1264 539 1350 612 εἴη
1393 539 1781 612 διασκοπῆσαι,
1824 543 1872 596 εί
1921 542 1979 596 τὸ

2085 539 2251 611 igitur
2305 538 2690 612 appellationis
2742 541 2819 596 ita
2873 554 3076 614 magna
3105 550 3210 599 est.
3258 540 3379 599 Non
3438 546 3679 605 alienum

397 620 472 691 μὴ
510 620 683 686 οὓτως
723 623 869 696 ἔχειν
907 631 1048 684 κατὰ
1093 630 1189 685 τὸν
1238 632 1373 704 βίον,
1412 633 1694 689 ἀκίνδυνόν
1743 637 1860 689 ἐστι
1903 634 1981 707 τῷ

398 710 817 786 προϐαλλομένῳ
844 717 905 771 τὸ
926 718 1120 792 ὄνομα.
1151 723 1367 778 Γένοιτο
1394 725 1439 778 δ’
1468 724 1534 781 ἂν
1563 725 1625 790 ἐξ
1650 726 1982 798 ὑποδειγμά-

398 819 501 855 των
531 805 700 874 σαφὲς
732 807 793 861 τὸ
819 807 1174 883 ζητούμενον*
1220 816 1560 871 ’Υποκείσθω
1594 836 1679 882 τις
1707 818 1982 891 γραφικὴν

399 892 863 995 ἐπαγγελλόμενος
885 900 1101 995 τέχνην,
1125 904 1366 972 γενέσθω
1381 906 1439 960 δὲ
1460 908 1637 979 τούτῳ
1654 909 1981 981 πρόσταγμα

400 996 488 1072 του
519 993 873 1054 κρατοῦντος,
901 993 1013 1056 τοῖς
1044 993 1327 1066 πόρρωθεν
1357 998 1764 1069 ἀπῳκισμένοις
1806 1002 1981 1072 χαρά·

399 1070 484 1136 Eat
516 1074 616 1145 τὴν
644 1076 741 1147 τῆς
774 1078 1057 1149 βασιλείας
1090 1088 1327 1159 μορφήν.
1356 1089 1419 1143 El
1446 1089 1627 1147 τοίνυν
1658 1070 1899 1164 είδεχθές
1926 1111 1981 1147 τι

399 1166 489 1217 καὶ
514 1164 825 1239 δύσμορφον
847 1167 987 1239 εῐδος
1023 1176 1117 1231 ἐπὶ
1143 1177 1237 1232 τοῦ
1266 1179 1496 1247 πίνακος
1517 1183 1873 1256 διαχαράξας,
1900 1186 1981 1239 εί-

400 1256 529 1309 κόνα
568 1259 834 1348 βασιλέως
859 1265 957 1337 τὴν
991 1267 1280 1342 ἀσχήμονα
1306 1273 1511 1345 ταύτην
1544 1275 1757 1348 μορφὴν
1785 1278 1983 1348 ὀνομά-

399 1360 573 1445 σειενο
614 1343 722 1445 ἆρα
763 1353 865 1406 οὐκ
898 1354 1046 1445 εἰκὸς
1074 1343 1580 1436 ἀγανακτῆσαι-τὴν
1608 1343 1983 1431 ἐξουσίανξὼς

399 1436 488 1488 τοῦ
513 1436 818 1508 ἀρχετύπου
843 1443 1073 1511 κάλλους
1093 1448 1180 1503 διὰ
1201 1450 1301 1521 τῆς
1325 1453 1501 1524 κακῆς
1524 1454 1740 1527 ἐκείνης
1763 1458 1982 1528 γραφῆς

398 1529 456 1631 ἐν
496 1532 607 1631 τοῖς
654 1533 941 1631 ἀγνορῦσιν
968 1539 1385 1631 Δὑϐριζομένους
1421 1541 1546 1600 Οἴον
1595 1547 1703 1618 γὰρ
1747 1548 1841 1602 ἐπὶ
1883 1549 1984 1620 τῆς

397 1620 603 1712 εἰκόνος
635 1624 696 1677 τὸ
728 1621 868 1692 εἶδος
898 1629 1191 1699 δείκνυται,
1223 1636 1480 1709 τοιαύτην
1507 1639 1721 1711 ἀνάγκη
1762 1641 1859 1694 καὶ
1884 1641 1983 1712 τὴν

396 1709 699 1807 ἀρχέτυπον
729 1718 1051 1791 νομισθῆναι
1081 1726 1316 1796 μορφήν.
1349 1727 1414 1780 Εἰ
1447 1723 1541 1783 οῦν
1579 1709 1718 1783 Θεοῦ
1753 1709 1982 1802 μίμησιν

396 1797 486 1897 τὸν
528 1798 951 1897 Χριστιανισμὸν
979 1812 1008 1864 ὁ
1051 1812 1178 1883 ὄρος
1207 1816 1394 1885 φησιν,
1435 1819 1463 1870 ὁ
1500 1820 1665 1891 μήπω
1692 1797 1981 1893 δεξάμνος

395 1894 487 1981 τοῦ
521 1894 822 1964 μυστηρίου
849 1898 941 1953 τὸν
972 1898 1152 1971 λόγον,
1189 1899 1299 1957 οἷον
1339 1904 1405 1961 ἂν
1429 1908 1563 1979 ἡμῖν
1610 1909 1692 1980 ῑδῃ
1731 1911 1822 1964 τὸν
1870 1910 1982 1981 βίον

395 1977 483 2035 τὸν
508 1982 651 2084 κατὰ
672 1977 1500 2084 ’μίμησινΑΘεοῦκατορθοῦσθαι
1523 1977 1980 2074 πεπιστευμένον,

395 2078 631 2130 τοιοῦτον
661 2078 817 2149 ήμῶν
849 2081 946 2136 καὶ
981 2082 1043 2136 τὸ
1074 2083 1230 2140 Θείον
1272 2088 1536 2160 οἰήσεται.
1585 2091 1753 2146 Ὥστε
1798 2095 1846 2146 εί
1884 2094 1983 2164 μὲν

394 2168 595 2253 παντὸς
625 2170 832 2240 ἀγαθοῦ
871 2174 1244 2251 ὑποδείγματα
1274 2180 1480 2250 βλέποι,
1513 2184 1716 2253 ἀγαθὸν
1742 2185 1804 2239 τὸ
1830 2186 1982 2242 Θεῖον

393 2252 535 2312 εἷναι
564 2262 846 2318 πιστεύσει
871 2266 934 2319 τὸ
964 2269 1096 2340 παρ’
1126 2271 1284 2342 ⁴ἡμῶν
1315 2252 1703 2347 σεϐαζόμενονο
1737 2278 1786 2330 εί
1818 2278 1877 2332 δέ
1900 2295 1981 2341 τις

394 2350 651 2426 ἐμπσιθὴς
681 2357 765 2430 εῐη
808 2359 903 2413 καὶ
932 2359 1240 2435 θηριώδης,
1268 2365 1457 2420 ἄλλοτε
1498 2369 1634 2440 πρὸς
1662 2368 1796 2423 ἄλλα
1834 2349 1996 2443 «aeni

398 2449 830 2536 μεμορφωμένος
852 2451 1056 2524 θηρίων
1089 2457 1148 2509 ὲν
1181 2456 1260 2527 τῷ
1282 2458 1403 2529 ’ήθει
1433 2459 1648 2532 μορφὰς
1670 2461 1854 2533 (θηρία
1875 2464 1984 2536 γὰρ

395 2533 654 2607 ἄντικρυς
680 2538 827 2594 ἔστιν
861 2541 989 2596 ἰδεῖν
1014 2546 1134 2609 ταῖς
1157 2546 1256 2616 τῆς
1285 2548 1499 2617 φύσεως
1519 2550 1677 2621 ἡμῶν
1707 2533 1986 2624 παρατρό-

395 2629 526 2692 παῖς
566 2630 1073 2708 ὲμμορφούμενα),
1115 2636 1305 2693 ἔπειτα
1352 2641 1678 2712 Χριστιανὸν
1723 2645 1917 2698 ἑαυτὸν
1956 2647 1984 2699 ό

394 2718 634 2787 τοιοῦτος
665 2723 940 2796 ὀνομάζοι,
978 2732 1211 2803 φανεροῦ
1249 2732 1416 2786 πᾶσιν
1452 2734 1623 2798 ὄντος,
1668 2736 1749 2789 ὃτι
1780 2738 1814 2808 ἡ
1850 2738 1984 2793 ὐπό-

399 2827 581 2881 σχεσις
634 2815 727 2869 τοῦ
778 2818 1041 2891 ὀνόματος
1100 2823 1331 2896 μίμησιν
1377 2824 1512 2878 Θεοῦ
1561 2827 1978 2897 ἐπαγγέλλεται·

395 2902 595 2972 ψεκτὸν
623 2910 681 2962 ὲν
715 2909 789 2981 τῷ
826 2912 939 2984 ίδίῳ
965 2913 1065 2985 βίῳ
1104 2915 1165 2991 τὸ
1194 2917 1625 2989 πεπιστευμένον
1666 2920 1796 2991 παρ’
1828 2919 1983 2991 ήμῶν

396 2996 550 3051 Θεῖον
581 3001 638 3054 ἐν
660 3005 772 3067 τοῖς
801 3006 1051 3071 ἀπίστοις
1086 3010 1325 3080 ποιήσει.
1357 3010 1448 3064 Διὸ
1477 3013 1570 3065 καὶ
1599 3012 1830 3084 ἀπειλήν
1860 3030 1983 3067 τινα

398 3087 777 3171 φοϐερωτέραν
814 3097 848 3166 ή
889 3097 1082 3170 Γραφὴ
1124 3102 1237 3165 τοῖς
1269 3100 1533 3166 τοιούτοις
1567 3104 1978 3173 ἐπαγγέλλεται,

396 3176 661 3255 λέγουσα*
701 3200 720 3233 ι
757 3183 911 3253 Οὐαὶ,
938 3186 1005 3241 δι’
1034 3189 1128 3252 οὒς
1159 3190 1220 3243 τὸ
1243 3190 1415 3262 ὄνομά
1444 3208 1544 3263 μου
1580 3191 1981 3264 βλασφημεῖται

398 3270 456 3322 ἐν
488 3274 601 3335 τοῖς
628 3272 826 3329 ἔθνεσιί
868 3296 888 3329 ι
922 3279 1033 3332 Καί
1064 3297 1156 3351 μοι
1182 3280 1330 3335 δοκεῖ
1355 3281 1491 3354 πρὸς
1517 3282 1719 3354 ταύτην
1747 3284 1981 3354 μάλιστα

394 3358 493 3430 τὴν
512 3361 748 3419 διάνοιαν
769 3366 978 3439 ὁδηγῶν
1011 3371 1157 3440 ἡμᾶς
1184 3372 1213 3424 ό
1244 3371 1468 3443 Κύριος,
1498 3372 1657 3426 τοῦτο
1690 3373 1826 3446 πρὸς
1858 3377 1983 3440 τοὺς

396 3452 627 3508 ἀκοῦσαι
658 3455 991 3528 δυναμένους
1017 3461 1190 3514 εἰπεῖν
1210 3500 1227 3528 ,
1249 3462 1331 3515 ὅτι
1360 3482 1377 3514 ι
1415 3462 1637 3516 Γίνεσθε
1660 3463 1878 3529 τέλειοι,
1907 3463 1983 3527 ὡς

395 3545 489 3597 καὶ
514 3546 542 3598 ό
562 3544 750 3618 Πατὴρ
773 3548 926 3620 ὐμῶν
953 3552 981 3603 ό
1009 3550 1260 3623 οὐράνιος
1280 3552 1483 3617 τέλειός
1508 3554 1675 3607 ἐστιν.
1719 3572 1737 3606 ι
1775 3540 1843 3608 Ὅ
1873 3555 1983 3626 γὰρ

395 3635 616 3711 Πατέρα
652 3638 763 3692 τῶν
793 3642 1261 3711 πεπιστευκότων,
1298 3644 1391 3698 τὸν
1420 3644 1672 3717 ἀληθινὸν
1708 3647 1982 3718 ὀνομάσας

396 3728 637 3807 Πατέρα,
658 3729 907 3805 βούλεται
921 3732 1061 3804 πρὸς
1071 3733 1168 3805 τὴν
1184 3735 1242 3789 ὲν
1261 3736 1456 3808 ἐκείνῳ
1473 3736 1678 3809 θεωρου
1688 3738 1856 3810 μένην
1868 3738 1981 3793 τῶν

395 3820 616 3889 ἀγαθῶν
651 3821 966 3896 τελειότητα
1007 3826 1103 3879 καὶ
1146 3828 1272 3891 τοὺς
1315 3827 1384 3881 δι’
1420 3828 1587 3883 αὐτοῦ
1621 3829 1982 3903 γεννηθέντας

393 3909 593 3979 ὁμοίως
621 3909 784 3983 ἔχειν.
815 3914 992 3985 Ἐρεῖς
1013 3911 1107 3970 οῦν
1138 3932 1246 3987 μοι·
1269 3916 1379 3971 Καὶ
1400 3917 1518 3982 πῶς
1548 3918 1615 3972 ἂν
1643 3918 1853 3987 γένοιτο
1883 3921 1981 3973 ἀν-

395 4000 673 4076 θρωπίνην
695 4005 1061 4077 ταπεινότητα
1082 4007 1218 4079 πρὸς
1232 4008 1332 4080 τὴν
1349 4009 1405 4062 ὲν
1426 4008 1503 4079 τῷ
1519 4008 1637 4080 Θεῷ
1656 4008 1980 4082 καθορωμέ-

395 4110 492 4165 νην
511 4095 887 4174 μακαριότητα
908 4099 1426 4166 ὲπεκτείνεσθαι,ὡς
1454 4099 1677 4154 αὐτόθεν
1703 4100 1782 4172 τῷ
1812 4119 1981 4173 προσ-

394 4184 634 4257 τάγματι
679 4187 781 4259 τῆς
812 4189 1124 4262 ἀμηχανίας
1152 4194 1618 4265 προφαινομένηςς
1638 4194 1762 4258 Πῶς
1780 4196 1890 4266 γὰρ
1909 4194 1978 4250 ἃν

394 4275 603 4345 γένοιτο
628 4277 872 4348 δυνατὸν,
902 4281 1038 4353 πρὸς
1060 4282 1148 4335 τὸν
1168 4284 1227 4336 ὲν
1254 4283 1503 4355 οὐρανοῖς
1526 4286 1856 4356 ὁμοιωθῆναι
1885 4287 1976 4341 τὸν

394 4368 610 4439 γήϊνον,
677 4369 853 4443 αὐτῆς
895 4372 996 4444 τῆς
1036 4373 1181 4428 κατά
1222 4374 1321 4446 τὴν
1367 4375 1528 4445 φύσιν
1564 4376 1826 4449 διαφορᾶς
1869 4378 1978 4431 δει-

394 4458 663 4534 κνυούσης
689 4460 750 4515 τὸ
778 4462 1071 4533 ἀνέφικτον
1093 4464 1195 4536 τῆς
1230 4468 1514 4538 μιμήσεως
1532 4487 1546 4536 ;
1564 4469 1685 4523 Ἐπ’
1714 4470 1835 4541 ίσης
1867 4470 1977 4543 γὰρ

2085 640 2267 688 autem
2323 643 2379 689 et
2399 634 2846 704 intempestivum
2903 633 3018 703 jam
3052 622 3219 688 fuerit
3255 632 3552 704 dispicere,
3608 650 3680 690 an

2083 724 2223 779 nihil
2248 724 2306 779 in
2338 724 2443 780 hoc
2478 724 2710 796 periculi
2741 725 2815 781 sit
2847 724 2897 781 ei
2931 725 3029 795 qui
3069 723 3177 780 hoc
3207 738 3410 780 nomen
3444 733 3683 795 praeten-

2084 817 2183 883 dit,
2235 817 2286 874 si
2339 818 2463 888 ejus
2495 818 2607 873 vita
2650 818 2779 873 talis
2824 831 2935 873 non
2965 817 3060 874 sit.
3088 818 3167 871 Ex
3218 816 3679 874 similitudinibus

2084 918 2262 964 autem
2304 909 2531 980 planum
2567 909 2728 966 nobis
2762 923 2825 964 ac
2844 908 3200 980 perspicuum
3235 908 3403 963 fuerit
3438 907 3493 963 id
3529 910 3680 979 quod

2084 1002 2401 1071 quaarimus.
2454 1000 2699 1057 Ponatur
2759 1000 2962 1070 aliquis
3011 1016 3158 1067 esse,
3196 1001 3293 1072 qui
3336 1008 3507 1055 artem
3553 1001 3679 1070 pin-
3720 1010 3725 1017 λ

2082 1092 2245 1165 gendi
2300 1094 2648 1165 proﬁteatur,
2708 1102 2876 1165 atque
2934 1093 3066 1148 huic
3112 1092 3373 1164 imperari
3422 1106 3454 1145 a
3499 1091 3679 1162 magi-

2085 1192 2282 1251 stratu,
2330 1193 2389 1240 ut
2430 1185 2501 1241 iis
2537 1185 2633 1256 qui
2675 1184 3171 1255 procul.habitant,
3205 1182 3351 1254 regis
3381 1181 3678 1253 imaginem

2084 1277 2318 1348 sculpat.
2367 1276 2426 1332 Si
2479 1277 2649 1349 igitur
2708 1286 2925 1346 turpem
2975 1275 3217 1347 aliquam
3266 1289 3332 1330 ac
3372 1272 3677 1329 deformem

2084 1372 2323 1443 speciem
2367 1372 2422 1427 in
2454 1370 2644 1427 tabula
2678 1370 2950 1439 sculptam
2990 1368 3289 1439 imaginem
3338 1365 3485 1437 regis
3520 1363 3676 1419 inde—

2085 1476 2272 1517 coram
2297 1475 2419 1516 eam
2451 1460 2687 1515 formam
2711 1458 3103 1524 nominaverit,
3136 1473 3208 1513 an
3240 1472 3352 1515 non
3374 1454 3677 1512 verisimile

2084 1565 2169 1612 est
2224 1554 2631 1627 indignaturam
2685 1568 2810 1609 esse
2846 1543 3201 1623 potestatem,
3246 1551 3394 1624 quod
3426 1549 3677 1623 pulchri-

2084 1645 2219 1701 tudo
2278 1644 2605 1716 principalis
2662 1650 2885 1714 propter
2936 1643 3139 1697 malam
3195 1642 3345 1697 illam
3401 1641 3675 1711 picturam

2082 1735 2423 1806 vituperetur
2464 1736 2609 1789 inter
2640 1732 2904 1804 ignaros?
2939 1730 3133 1798 Qualis
3165 1732 3312 1787 enim
3348 1731 3405 1786 in
3438 1730 3676 1801 imagine

2086 1829 2299 1900 species
2322 1827 2652 1889 ostenditur,
2704 1826 2869 1881 talem
2920 1824 3088 1879 etiam
3128 1822 3361 1878 formam
3396 1822 3675 1893 principao

2016 1890 2058 1951 Β
2086 1890 2191 1973 lem
2241 1916 2549 1972 existimari
2605 1928 2833 1970 necesse
2877 1920 2984 1968 est.
3020 1911 3295 1979 Quocirca
3344 1890 3676 1969 sideﬂnitio

2008 3236 2052 3296 C

2084 2009 2568 2067 Christianismum
2596 2004 2694 2061 Dei
2722 2003 3086 2059 imitationem
3117 2018 3240 2059 esse
3267 2001 3423 2065 dicit,
3453 2000 3675 2071 qualem

2084 2103 2275 2166 vitam,
2296 2114 2461 2170 quam
2484 2099 2639 2167 juxta
2663 2095 3025 2151 imitationem
3050 2092 3144 2150 Dei
3169 2094 3382 2148 traduci
3403 2092 3675 2149 creditum

2085 2204 2191 2258 est,
2240 2195 2382 2247 inter
2427 2205 2530 2246 nos
2562 2190 2761 2245 viderit
2793 2188 2842 2243 is
2871 2187 2967 2258 qui
3026 2185 3268 2241 nondum
3298 2184 3548 2256 mysterii
3580 2198 3673 2238 ra-

2085 2289 2286 2342 tionem
2325 2282 2620 2354 acceperit,
2651 2282 2763 2336 tale
2795 2291 3047 2336 nostrum
3080 2293 3302 2350 quoque
3324 2292 3528 2351 numen
3547 2290 3675 2332 esse

2085 2376 2447 2431 existimabit.
2485 2375 2676 2446 Itaque
2720 2372 2992 2443 siquidem
3033 2370 3214 2425 omnis
3252 2368 3384 2425 boni
3422 2367 3675 2437 exempla

2086 2466 2309 2533 viderit,
2351 2467 2557 2522 bonum
2610 2463 2800 2521 credet
2828 2477 2953 2519 esse
2982 2475 3215 2526 numen,
3258 2458 3406 2529 quod
3441 2473 3675 2513 venera-

2084 2576 2246 2628 mur;
2294 2558 2387 2616 sin
2462 2565 2645 2613 autem
2697 2557 2896 2627 aliquis
2945 2553 3235 2610 aﬂ'ectibus
3281 2552 3551 2608 obnoxius
3608 2565 3675 2605 ac

2086 2650 2387 2705 bestiarum
2420 2647 2635 2703 similis
2660 2646 2849 2713 fuerit,
2876 2653 3042 2715 atque
3081 2644 3217 2699 alias
3253 2643 3308 2697 in
3348 2642 3485 2698 alios
3518 2640 3674 2696 iden-

2085 2742 2253 2799 tidem
2303 2740 2534 2796 all'ectus
2576 2738 3025 2800 transformetur,
3062 2737 3375 2805 multasque
3430 2734 3673 2792 ferarum

2084 2835 2290 2890 lormas
2353 2847 2567 2902 morum
2629 2838 2798 2900 atque
2850 2828 3057 2899 ingenii
3094 2828 3451 2882 immanitate.
3482 2824 3677 2883 induat

2084 2937 2138 2983 et
2171 2934 2526 2998 repraesentet
2560 2922 2730 2995 (feras
2762 2922 2908 2978 enim
2959 2920 3124 2990 plane
3146 2918 3334 2973 videre
3380 2918 3505 2972 licet
3572 2929 3671 2969 na-

2085 3030 2221 3075 turae
2277 3025 2480 3073 nostrae
2527 3015 2842 3085 depravatae
2881 3012 3032 3066 vitiis
3086 3008 3424 3077 informari),
3472 3005 3674 3061 deinde

2085 3108 2459 3165 Christianum
2517 3107 2569 3163 is
2627 3121 2686 3161 se
2736 3104 3017 3169 nominet,
3077 3100 3296 3156 nemine
3348 3099 3671 3169 ignorante,

2084 3198 2231 3269 quod
2269 3198 2389 3268 ejus
2424 3196 2664 3252 nominis
2695 3192 2968 3267 professio
3023 3190 3388 3246 imitationem
3422 3186 3518 3243 Dei
3552 3187 3674 3257 pol-

2085 3292 2335 3354 liceatur,
2362 3305 2459 3360 per
2488 3289 2654 3343 vitam
2682 3301 2838 3342 suam
2871 3284 3084 3348 elIiciet,
3116 3290 3175 3337 ut
3204 3280 3372 3352 .quod
3433 3295 3463 3334 a
3504 3278 3671 3343 nobis

2084 3383 2329 3439 creditur
2353 3396 2477 3436 esse
2509 3394 2735 3444 numen,
2762 3378 3102 3447 vituperetur
3135 3388 3199 3427 ac
3228 3370 3672 3438 reprehendatur

2086 3476 2228 3530 inter
2258 3472 2527 3527 inﬁdeles.
2564 3469 2939 3537 Quamobrem
2969 3464 3259 3536 Scriptura
3291 3478 3512 3534 quoque
3546 3460 3673 3517 tali-

2084 3565 2187 3620 bus
2218 3562 2463 3619 acriores
2513 3576 2577 3616 ac
2609 3560 2976 3616 terribiliores
3028 3555 3437 3629 quodammodo
3490 3555 3672 3611 minas

2083 3656 2393 3721 denuntiat,
2433 3654 2563 3710 dum
2592 3651 2728 3707 dicit
2766 3669 2780 3707 :
2837 3670 2857 3704 ι
2889 3650 3003 3718 Vae,
3033 3658 3255 3721 propter
3288 3662 3430 3718 quos
3458 3646 3671 3706 nomini

2082 3765 2205 3805 meo
2252 3750 2595 3805 obtrectatur
2628 3745 2772 3800 inter
2817 3750 3009 3814 gentes
3027 3745 3070 3798 '.
3127 3761 3149 3795 ι
3183 3742 3263 3796 Ac
3291 3740 3425 3795 mihi
3454 3738 3672 3795 videtur

2081 3843 2147 3896 ad
2182 3842 2325 3896 hanc
2354 3839 2591 3894 maxime
2617 3835 2942 3893 sententiam
2970 3842 3025 3891 et
3053 3832 3397 3890 intellectum
3440 3845 3543 3886 nos
3567 3829 3671 3885 du-

2082 3949 2216 3989 cens
2249 3932 2516 3987 Dominus
2538 3928 2675 3984 illud
2704 3928 2915 3983 dixisse
2955 3928 3022 3982 ad
3048 3941 3146 3980 eos
3176 3925 3271 3995 qui
3297 3923 3488 3978 audire
3519 3932 3671 3992 pote-

2080 4033 2207 4081 rant
2234 4045 2247 4079 :
2281 4044 2299 4077 ι
2342 4024 2478 4080 Sitis
2507 4021 2757 4093 perfecti,
2782 4021 2927 4076 sicut
2957 4029 3013 4075 et
3035 4020 3199 4075 Pater
3217 4028 3401 4074 vester
3427 4017 3667 4072 cmlestis

2082 4117 2355 4189 perfectus
2386 4123 2475 4172 est
2493 4116 2533 4171 ³,
2571 4135 2590 4169 ι
2625 4115 2730 4181 Qui
2765 4114 2913 4169 enim
2943 4112 3160 4167 Patrem
3192 4124 3381 4165 eorum
3416 4109 3510 4179 qui
3543 4122 3667 4163 crc-

2082 4208 2359 4272 diderunt,
2400 4221 2591 4261 verum
2635 4213 2847 4277 patrem
2882 4202 3206 4269 nominavit,
3232 4201 3350 4257 vult
3378 4200 3545 4255 etiam
3568 4214 3676 4255 eos.

2080 4299 2175 4369 qui
2202 4314 2295 4367 per
2316 4299 2492 4367 ipsum
2518 4297 2688 4369 geniti
2714 4304 2865 4362 sunt,
2898 4295 3168 4351 bonorum
3199 4291 3521 4364 perfectioni
3543 4307 3668 4359 qua:

2081 4393 2135 4445 in
2162 4391 2255 4445 illo
2289 4397 2569 4460 spectatur
2594 4388 2804 4445 similes
2834 4386 3170 4457 esse.'Dices
3202 4385 3371 4457 igitur
3398 4384 3555 4451 mihi,
3594 4383 3666 4439 Et

2080 4482 2172 4551 qui
2208 4480 2323 4535 ﬁeri
2359 4480 2556 4551 possit,
2585 4488 2645 4533 ut
2675 4478 2959 4533 humilitas
2994 4476 3233 4530 humana
3264 4474 3333 4529 ad
3356 4488 3501 4539 eam,
3542 4488 3668 4544 quae

393 4552 533 4611 εἶναι
561 4557 875 4633 ἀμήχανον,
905 4559 1076 4631 “rip-ts
1111 4561 1346 4634 οὐρανίῳ
1381 4564 1598 4634 μεγέθει
1636 4566 1728 4619 καὶ
1762 4569 1873 4631 τοῖς
1915 4567 1974 4619 ὲν

2086 4575 2140 4628 in
2191 4571 2304 4628 Deo
2350 4572 2692 4642 conspicitur
2753 4568 3152 4625 beatitudinem
3205 4569 3468 4631 enitatur,
3504 4565 3664 4637 quasi

394 4646 541 4718 αὐτῷ
567 4647 788 4703 κάλλεσι
815 4650 914 4722 τὴν
937 4650 1061 4722 ὄψιν
1093 4652 1512 4725 παρισάζεσθαι,
1544 4656 1636 4710 καὶ
1660 4658 1750 4711 τὸν
1783 4660 1846 4711 ὲκ
1870 4659 1974 4731 γῆς

392 4738 678 4811 ἄνθρωπον
705 4740 783 4815 τῷ
809 4743 1050 4818 οὐρανίῳ
1079 4746 1395 4819 ὁμοιοῦσθαι
1423 4748 1561 4818 Θεῷ.
1600 4749 1761 4805 Ἀλλά
1796 4742 1973 4824 σαφής

391 4832 421 4884 ό
454 4832 583 4903 περὶ
614 4833 804 4888 τούτου
841 4836 1035 4906 λόγος·
1074 4838 1158 4892 ὅτι
1197 4840 1258 4893 οὐ
1299 4842 1367 4912 τῇ
1402 4840 1563 4911 φύσει
1606 4845 1673 4915 τῇ
1720 4843 1839 4917 θείᾳ
1871 4845 1972 4918 τὴν

391 4923 553 4993 φύσιν
586 4927 688 4998 τὴν
716 4926 1064 5001 ἀνθρωπίνην
1096 4932 1480 5005 συγκρίνεσθαι
1530 4934 1743 4989 κελεύει
1774 4937 1835 4991 τὸ
1863 4939 1971 4992 Εὐ-

390 5014 674 5083 αγγέλιον,
722 5017 859 5072 ἀλλά
892 5019 991 5083 τὰς
1024 5020 1233 5089 ἀγαθὰς
1266 5022 1565 5094 ἐνεργείας,
1611 5025 1794 5091 καθὼς
1835 5028 1902 5082 ἂν

389 5104 633 5175 δυνατὸν,
676 5108 964 5179 μιμεῖσθαι
993 5109 1070 5181 τῷ
1104 5109 1222 5182 βίῳ.
1260 5089 1416 5177 Τίνες
1444 5110 1539 5169 οῦν
1573 5116 1711 5171 εἰσιν
1745 5089 1801 5171 ατί
1839 5089 1971 5193 παρζ

391 5197 547 5268 ήμῶν
578 5198 850 5271 ἐνέργειαι
880 5200 1017 5273 πρὸς
1044 5203 1144 5266 τὰς
1161 5202 1257 5256 τοῦ
1283 5204 1417 5259 Θεοῦ
1459 5208 1740 5278 ἐνεργείας
1771 5212 1972 5281 ὁμοίως

391 5288 611 5359 ἔχουσαι
635 5309 653 5359 ;_
681 5292 755 5345 Τὸ
784 5292 964 5364 πάσης
992 5294 1192 5359 κακίας
1212 5296 1629 5371 λάλλοτριοῦσθαι
1648 5339 1665 5363 ,
1694 5302 1879 5366 καθὼς
1906 5302 1972 5358 ἂν

389 5377 687 5456 ᾖδυνατὸν,
717 5383 865 5457 ἔργῳ
906 5403 967 5439 τε
1010 5388 1104 5442 καὶ
1136 5388 1280 5459 λόγῳ
1317 5392 1411 5443 καὶ
1462 5391 1671 5465 διανοίᾳ
1699 5394 1810 5447 τῶν
1839 5398 1969 5467 παρ’

390 5474 557 5546 αὐτῆς
584 5476 877 5547 μολυσμῶν
920 5478 1342 5551 καθαρεύοντας·
1371 5481 1528 5536 τοῦτο
1558 5486 1791 5557 μίμησίς
1823 5489 1971 5542 ἐστιν

389 5563 467 5631 ὡς
506 5564 722 5636 ἀληθῶς
751 5566 852 5637 τῆς
881 5566 1030 5632 θείας
1058 5586 1118 5622 τε
1164 5571 1260 5623 καὶ
1298 5571 1396 5641 τῆς
1432 5574 1559 5645 περὶ
1589 5575 1679 5629 τὸν
1723 5578 1971 5647 οὐράνιον

389 5656 524 5711 Θεὸν
546 5658 898 5731 τελειότητος.
1806 5654 1811 5661 ’

468 5839 488 5869 ²
519 5836 621 5894 lsa.
668 5858 766 5907 ιιι,
797 5841 849 5897 5.

946 5843 965 5875 ³
992 5844 1186 5902 Matth.
1232 5865 1283 5915 ν,
1324 5848 1410 5903 48.

2084 4664 2139 4718 iu
2194 4664 2316 4734 ipso
2367 4662 2621 4717 videlicet
2668 4668 2961 4732 praecepto,
2998 4660 3077 4714 rei
3102 4673 3225 4728 quae
3261 4656 3375 4713 fieri
3407 4667 3664 4727 nequeat.

2082 4754 2415 4826 perplexitas
2468 4762 2634 4823 atque
2678 4751 2972 4807 diliicultas
3003 4749 3243 4806 emineat
3276 4756 3331 4804 et
3366 4749 3668 4819 appareat?

2079 4846 2185 4912 Qui
2214 4845 2360 4901 enim
2392 4844 2507 4899 ﬁeri
2536 4844 2735 4913 possit,
2768 4850 2831 4897 ut
2859 4851 3112 4897 terrenus
3136 4828 3335 4897 similis
3363 4840 3457 4894 ﬁat
3490 4840 3541 4895 ei
3570 4841 3662 4908 qui

2079 4939 2135 4993 in
2178 4938 2335 4993 caelis
2373 4946 2479 5000 est,
2514 4951 2641 4991 cum
2680 4949 2745 4990 ea
2790 4949 2914 5005 qua:
2957 4933 3014 4987 in
3059 4939 3255 4987 natura
3274 4930 3532 4988 consistit
3559 4929 3693 5000 dif-gl

2075 5029 2308 5086 terentia
2340 5027 2598 5085 ostendat
2635 5026 2751 5082 lieri
2786 5041 2893 5081 non
2922 5040 3106 5095 posse,
3146 5030 3205 5077 ut
3236 5021 3507 5078 imitando
3534 5012 3687 5092 quis

2074 5137 2142 5183 eo
2173 5136 2347 5192 usque
2384 5120 2620 5176 evadat?
2652 5119 2832 5188 IEque
2877 5117 3024 5173 enim
3056 5116 3174 5170 lteri
3212 5130 3325 5169 non
3365 5128 3550 5184 posse,
3602 5121 3663 5168 ut

2074 5214 2161 5268 vel
2213 5212 2426 5268 cmlesti
2460 5211 2850 5282 magnitudini,
2900 5217 2955 5265 et
2976 5209 3027 5263 ei
3054 5223 3178 5279 qua:
3232 5207 3365 5263 inibi
3397 5214 3503 5273 est,
3534 5207 3665 5278 puls

2074 5305 2375 5361 chritudini
2408 5304 2546 5360 facie
2576 5304 2850 5374 quispiam
2870 5301 3211 5372 adaequetur,
3231 5299 3331 5355 -νει
3357 5299 3524 5355 homo
3545 5308 3659 5356 ter-

2074 5415 2244 5455 renus
2273 5397 2487 5454 cmlcsti
2538 5396 2648 5452 Deo
2675 5395 3034 5452 assimiletur.
3071 5392 3179 5449 Sed
3215 5394 3509 5464 perSpicua
3558 5394 3661 5449 hac

2077 5492 2145 5547 de
2174 5507 2231 5545 re
2264 5490 2445 5545 oratio
2470 5496 2575 5553 est,
2628 5488 2889 5543 nimirum
2947 5487 3095 5556 quod
3148 5500 3257 5539 non
3292 5500 3416 5540 cuin
3460 5492 3661 5541 natura

2078 5592 2353 5650 naturam,
2396 5583 2692 5638 humanam
2730 5581 2975 5652 inquam,
2997 5593 3123 5633 cum
3142 5578 3325 5633 divina
3347 5578 3660 5647 comparari

2076 5675 2267 5751 iubeat
2310 5673 2683 5745 Evangelium,
2712 5671 2806 5731 sed
2838 5671 3021 5731 bonas
3039 5670 3307 5739 actiones,
3329 5669 3507 5742 quoad
3538 5668 3660 5740 eius
