4096 6354
382 347 490 406 249

1468 345 1551 399 DE
1592 342 2067 400 PltOFESSlONE
2096 340 2534 399 CllRlSTIANA.

3526 340 3634 393 ‘2in

387 464 644 537 ἐνεργῶν,
676 464 793 533 ἦτοι
815 462 971 534 σητὸς
989 458 1188 533 τρόπον
1212 466 1328 526 ταῖς
1355 464 1610 528 διανοίαις
1633 465 1954 527 ὲντὶκτεται,

2061 461 2271 529 Quibus
2297 459 2478 516 verbis
2526 457 2764 512 ostendit
2788 456 2933 528 quod
2960 457 3112 512 nulla
3168 455 3275 521 vis,
3310 468 3432 525 qua:
3461 453 3637 508 bean-

388 559 623 629 άχρειῶν
645 557 707 610 τὸ
741 558 903 628 μέρος
929 548 1079 627 ᾧπερ
1108 555 1173 608 ἂν
1195 557 1374 627 ὲμφυῇ
1392 574 1403 584 ·
1438 557 1553 627 ἦτοι
1576 556 1663 610 διὰ
1689 556 1786 627 τῆς
1815 556 1957 626 βρω-

387 651 543 722 τικῆς
570 667 644 703 ατε
692 651 787 703 καὶ
828 649 1187 719 άφανιστικῆς
1219 649 1517 720 δυνάμεως.
1548 649 1597 701 εί
1636 647 1710 719 μὴ
1750 647 1959 719 ταχέως

388 742 772 813 ἀποτιναχθείη
821 743 917 796 τοῦ
981 743 1217 814 μέρους,
1271 741 1407 812 πρὸς
1455 741 1523 795 τά
1581 740 1960 810 παρακείμενα

389 831 716 903 μεθέρπων,
758 831 1055 904 διαφθορᾶς
1091 834 1256 904 ἴχνος,
1305 825 1386 895 οἷς
1429 831 1495 884 ἂν
1528 830 1831 902 ὲμπελάσῃ,
1869 828 1959 882 διὰ

387 922 486 991 τῆς
512 923 778 991 κινήσεως
803 924 928 995 ὲνση
937 923 1186 993 μαίνεται
1204 937 1218 952 ’
1244 921 1299 993 ἦ,
1329 922 1488 993 εῐπερ
1507 923 1574 975 τὰ
1602 920 1751 983 ἐντὸς
1780 923 1957 987 ἀσφα-

389 1012 496 1074 λῶς
529 1012 670 1082 ἔχοι,
708 1014 794 1067 διὰ
822 1014 929 1067 τῶν
968 1014 1164 1080 ἔξωθεν
1196 1014 1566 1084 περιστάσεων
1598 1011 1954 1066 ἐπιϐουλεύει.

393 1103 463 1155 Ἦ
490 1103 599 1174 γὰρ
634 1103 700 1156 δι’
727 1105 919 1175 ἡδονῆς
947 1105 1037 1158 τὸν
1071 1105 1341 1177 θησαυρὸν
1367 1103 1466 1174 τῆς
1494 1104 1721 1176 καρδίας
1747 1104 1961 1174 ἐτοιχω-

390 1194 714 1267 ρύχησεν,ῆ
753 1196 819 1250 δι’
853 1197 1040 1269 ἐτέρου
1086 1197 1291 1260 πάθους
1336 1196 1491 1251 κενὸν
1517 1196 1616 1268 τῆς
1657 1195 1858 1268 ἀρετῆς
1899 1193 1960 1247 τὸ

386 1283 489 1353 τῆς
528 1284 707 1355 ψυχῆς
748 1285 949 1356 δοχεῖον
992 1286 1250 1356 ἐποίησε,
1282 1284 1441 1356 θυμῷ
1485 1286 1518 1356 ἢ
1564 1284 1769 1356 λύπῃῆ
1816 1283 1960 1355 ἄλλῳ

389 1376 497 1428 τινί⁵
532 1377 757 1448 τοιούτῳ
796 1377 955 1431 πάθει
992 1376 1085 1432 τὸν
1126 1377 1384 1448 λογισμὸν
1433 1375 1761 1445 ὑποκλέψας.
1808 1376 1960 1428 Ἐπεὶ

388 1460 584 1521 οὖνέν
630 1469 743 1530 τοῖς
788 1467 901 1522 ἄνω
926 1467 1236 1539 θησαυροῖς,
1266 1467 1390 1521 οὗτε
1424 1466 1564 1537 σῆτά
1612 1482 1797 1538 φησιν,
1835 1464 1959 1518 οὔτε

390 1556 593 1626 βρῶσιν
620 1558 649 1610 δ
675 1556 878 1628 Κύριος
906 1556 1184 1625 γίνεσθαι,
1209 1556 1331 1610 οὔτε
1362 1556 1461 1628 τὴν
1484 1556 1593 1611 άπὸ
1617 1556 1717 1626 τῆς
1742 1555 1962 1608 κλεπτιο

388 1647 490 1719 κῆς
518 1647 719 1701 κακίαν
744 1648 1098 1702 διδάσκουσαν
1126 1647 1329 1711 ταῦτα,
1363 1648 1507 1719 άπερ
1547 1646 1959 1716 ὑπενοήσαμεν⁶

387 1741 505 1794 ἐκεῖ
537 1740 858 1811 μεταθετέον
885 1740 985 1811 τὴν
1013 1740 1303 1812 ἐμπορίαν,
1328 1732 1440 1813 ἕνῇ
1466 1738 1528 1791 τὸ
1553 1737 1877 1810 θησαυρίσαι
1898 1738 1960 1791 οὐ

2058 554 2303 609 tudinem
2356 552 2504 606 illam
2538 565 2895 620 corrumpere
2930 551 3126 620 possit,
3159 548 3216 603 in
3250 559 3489 618 superna
3524 545 3638 599 vita

2059 652 2336 709 versetur.
2372 639 2507 694 Nam
2540 639 2632 694 ille
2683 639 2777 710 qui
2816 642 2886 695 ad
2935 639 3307 710 corruptelam
3357 645 3413 694 et
3450 638 3638 708 perni-

2059 735 2198 790 ciem
2255 733 2421 803 hujus
2477 732 2603 787 vita:
2662 730 3015 785 multifariam
3092 728 3392 798 multisque
3456 726 3637 780 modis

2058 825 2265 879 variam
2302 837 2457 879 suam
2504 821 2767 876 malitiam
2810 820 3075 875 adversus
3106 817 3402 871 humanam
3461 814 3635 869 vitam

2058 924 2297 981 exercet,
2331 914 2413 970 vel
2442 914 2603 969 tineae
2630 914 2685 967 in
2715 912 2937 967 modum
2981 908 3266 965 mentibus
3302 906 3631 970 innascitur,

2062 1014 2275 1081 partem
2327 1007 2637 1075 cuicunque
2668 1002 2947 1058 inlimserit
2975 1001 3224 1056 inutilem
3248 999 3519 1065 reddens;
3546 996 3634 1052 vel

2060 1115 2157 1171 per
2174 1099 2285 1155 vim
2307 1098 2646 1154 corrosivam
2682 1104 2737 1152 et
2786 1094 3163 1165 corruptivam
3188 1135 3204 1159 ,
3242 1093 3348 1147 nisi
3378 1088 3634 1147 celeriter

2060 1190 2128 1246 de
2164 1196 2319 1261 parte
2360 1201 2525 1259 quam
2571 1183 2836 1241 invaserit
2877 1196 3147 1239 excussus
3191 1179 3375 1245 fuerit,
3406 1177 3474 1232 ad
3503 1191 3635 1248 pro-

2060 1281 2205 1336 xima
2252 1293 2481 1350 quaeque
2529 1274 2801 1347 serpendo
2867 1271 3248 1343 progrediens,
3291 1281 3635 1340 quaecunque

2062 1370 2330 1433 movendo
2372 1385 2433 1426 se
2474 1367 2793 1437 contigerit,
2852 1364 2921 1420 iis
2974 1362 3269 1433 vestigium
3324 1358 3636 1429 corruptio-

2060 1463 2149 1517 nis
2192 1460 2500 1532 imprimit;
2534 1458 2621 1513 vel
2675 1457 2723 1513 si
2760 1455 3024 1510 interiora
3054 1452 3209 1507 ﬁrma
3233 1465 3296 1505 ac
3346 1457 3463 1503 tuta
3497 1448 3633 1511 sint,

2062 1568 2160 1623 per
2183 1560 2439 1607 externas
2493 1546 2943 1604 circumstantias
2985 1543 3300 1600 insidiatur.
3346 1541 3456 1595 Aut
3485 1538 3632 1594 enim

2063 1646 2340 1714 voluptate
2378 1638 2734 1713 perfodiendo
2782 1638 2969 1692 cordis
3030 1637 3349 1691 thesaurum
3404 1629 3631 1691 invadit,

2064 1744 2159 1791 aut
2179 1751 2276 1807 per
2301 1735 2465 1789 alium
2489 1731 2741 1791 allectum
2768 1745 2834 1785 ex
2860 1728 3056 1782 anima:
3073 1723 3424 1796 receptaculo
3459 1720 3634 1775 virtu-

389 1810 549 1901 μόνον
577 1830 770 1885 άσυλόν
794 1849 852 1887 τε
884 1810 980 1885 καὶ
1015 1810 1285 1903 ἀήμείωτον
1313 1832 1392 1895 εἰς
1411 1810 1506 1885 del.
1536 1830 1798 1902 διαμένει,
1823 1828 1959 1885 άλλά

2061 1838 2170 1883 tem
2200 1827 2411 1892 eximit,
2441 1825 2525 1881 vel
2548 1824 2651 1890 ira,
2685 1822 2770 1877 vel
2805 1819 3029 1875 tristitia
3058 1824 3113 1873 et
3143 1829 3367 1886 angore,
3402 1812 3489 1868 vel
3524 1810 3633 1864 alia

385 1922 481 1975 καὶ
506 1923 836 1993 σπερμάτων
866 1922 1041 1994 δίκην,
1071 1923 1163 1976 ἐπὶ
1186 1922 1248 1976 τὸ
1273 1922 1668 1976 πολλαπλάσιον
1698 1921 1960 1991 κατεργά-

386 2014 536 2078 ζεται
565 2016 661 2084 τὴν
688 2015 1006 2086 ἐπαύξησιν.
1042 2014 1162 2088 Χρὴ
1188 2016 1296 2087 γάρ
1325 2015 1542 2079 πάντως
1573 2016 1639 2086 τῇ
1673 2014 1832 2084 φύσει
1861 2011 1957 2067 τοῦ

384 2103 482 2171 τὴν
510 2102 972 2175 παρακαταθήκην
997 2103 1282 2175 δεχομένου
1317 2103 1709 2175 μεγαλύνεσθαι
1739 2103 1837 2175 τὴν
1865 2104 1959 2157 άν-

384 2193 603 2248 τίδοσιν.
638 2193 849 2266 Ὥσπερ
870 2195 979 2265 γὰρ
1005 2196 1163 2266 ἡμεῖς
1193 2195 1334 2249 κατὰ
1354 2195 1454 2266 τὴν
1476 2195 1683 2248 ἑαυτῶν
1707 2191 1959 2264 ἐνεργοῦ-

388 2302 486 2356 μεν
534 2286 714 2356 φύσιν,
763 2288 954 2359 πτωχὰ
996 2288 1363 2361 προσάγοντες
1412 2287 1501 2341 διὰ
1548 2287 1609 2341 τὸ
1658 2286 1959 2356 πεφυκέναι

384 2375 644 2430 τοιοῦτον
680 2375 852 2440 οὕτως
884 2376 1052 2441 εἰκὸς,
1087 2377 1179 2431 τὸν
1217 2378 1276 2430 ὲν
1309 2377 1473 2432 παντὶ
1508 2375 1760 2429 πλούσιον
1806 2374 1959 2440 ὄντα,

384 2468 420 2522 ἃ
450 2470 690 2538 πέφυκεν
724 2468 890 2540 ἔχειν,
920 2468 1093 2522 ταῦτα
1126 2471 1237 2533 τοῖς
1263 2468 1658 2542 προδεδωκόσιν
1684 2467 1961 2540 ἀντιχαρί-

386 2558 595 2622 ζεσθαι.
636 2559 843 2630 Μηδεὶς
881 2555 974 2613 οὖν
1011 2560 1320 2631 άθυμείτω,
1355 2558 1423 2612 τὰ
1455 2559 1593 2613 κατὰ
1626 2559 1727 2630 τὴν
1766 2558 1957 2611 ἑαυτοῦ

385 2650 611 2721 δύναμιν
633 2653 747 2713 τοῖς
779 2649 941 2716 θείοις
975 2650 1269 2722 θησαυροῖς
1304 2649 1690 2719 συνεισφέρων,
1721 2650 1797 2715 ὡς
1825 2649 1959 2720 πρὸς

384 2738 446 2791 τὸ
480 2739 695 2810 μέτρον,
722 2734 796 2794 ὧν
819 2738 1039 2806 δέδωκε,
1069 2738 1448 2812 κομιούμενος,
1483 2739 1598 2792 ἀλλ’
1624 2738 1957 2811 ἁναμενέτω,

388 2829 528 2885 κατὰ
568 2833 668 2903 τὴν
698 2830 1028 2901 ἐπαγγελίαν
1067 2832 1161 2885 τοῦ
1200 2832 1446 2896 εἰπόντος
1484 2833 1565 2887 ὅτι
1613 2832 1820 2902 μεγάλα
1850 2831 1961 2884 τῶν

390 2922 602 2994 μικρῶν
633 2923 1178 2991 άντικαταλλάξεται,
1214 2924 1445 2993 οὐράνια
1475 2924 1573 2995 μὲν
1597 2924 1704 2978 τῶν
1736 2926 1959 2993 γηΐνων,

386 3010 531 3064 ἀΐδια
558 3010 616 3064 δὲ
643 3011 751 3065 τῶν
787 3010 1094 3085 ὠκυμόρων
1118 3013 1528 3085 διαμειϐόμενος
1552 3030 1561 3041 ’
1586 3012 1623 3067 ἃ.
1646 3013 1871 3067 τοιαῦτα
1891 3015 1958 3087 τῇ

388 3099 545 3168 φύσει
580 3102 760 3166 ἐστὶν,
790 3101 867 3165 ὡς
904 3103 1042 3173 μήτε
1080 3102 1287 3174 διανοίᾳ
1317 3103 1540 3157 δυνατὸν
1582 3099 1718 3157 εἷναι
1756 3102 1963 3173 ληφθῆ-

389 3207 475 3245 vett
496 3232 511 3255 ,
566 3193 703 3263 μήτε
750 3194 829 3256 είς
861 3193 1165 3265 ἑρμηνείαν·
1194 3194 1352 3263 λόγου
1396 3194 1571 3247 ἐλθεῖν
1593 3235 1609 3261 ,
1644 3196 1772 3266 περὶ
1808 3189 1883 3248 ὧν
1927 3196 1962 3265 ή

389 3279 745 3346 θεόπνευστος
775 3282 1014 3337 διδάσκει
1046 3284 1253 3357 Γραφὴ,
1286 3286 1368 3339 ὅτι,
1406 3303 1426 3337 ι
1474 3284 1611 3338 Οὔτε
1639 3286 1669 3339 ὁ
1691 3284 1966 3356 ὀφθαλμὸς

389 3366 547 3436 εἶδεν,
571 3370 694 3427 οὔτε
726 3367 820 3437 οὖς
850 3375 1102 3446 ἤκουσεν,
1142 3374 1266 3429 οὔτε
1304 3376 1398 3429 ἐπὶ
1423 3375 1651 3447 καρδίαν
1677 3375 1964 3447 ἀνθρώπου

390 3462 557 3533 ἀνέϐη
584 3504 599 3530 ,
638 3462 674 3517 ἃ
712 3464 1007 3535 ἡτοίμασεν
1042 3468 1071 3518 ὁ
1104 3466 1237 3530 Θεὸς
1261 3469 1375 3529 τοῖς
1405 3467 1690 3534 ἀγαπῶσιν
1721 3467 1903 3523 αὐτόν.
1940 3485 1960 3519 ι

390 3553 576 3608 Ταῦτά
614 3572 717 3621 σοι,
743 3550 788 3610 ὧ
820 3557 977 3628 τιμία
1004 3558 1251 3629 κεφαλὴ,
1286 3560 1346 3611 οὐ
1383 3560 1542 3629 μόνον
1567 3559 1707 3630 ὑπὲρ
1731 3558 1837 3613 τῶν
1875 3559 1963 3613 ὲλ-

390 3644 716 3713 λειφθέντων
739 3648 1082 3719 γραμμάτων
1097 3649 1583 3721 άνεπληρὼσαμεν,
1609 3650 1745 3704 άλλά
1778 3652 1873 3705 καὶ
1895 3650 1966 3704 τὰ

396 3736 532 3804 μετὰ
568 3735 743 3790 ταῦτα
791 3738 1052 3809 γινόμενα
1105 3739 1441 3810 ἐλλείμματα
1488 3739 1962 3811 προεξητάσαμεν.

394 3827 467 3879 Σὺ
506 3827 563 3879 δέ
596 3846 688 3899 μοι
729 3829 987 3899 πράττοις
1019 3832 1077 3883 ὲν
1099 3831 1289 3902 Κυρίῳ
1318 3831 1688 3902 καταθυμίως.
1715 3831 1886 3884 Τοῦτο
1908 3831 1967 3885 δέ

397 3935 479 3971 σοι
518 3919 603 3989 εἴη
634 3918 929 3984 διαπαντὸς
964 3922 1320 3993 καταθύμιον,
1347 3923 1374 3975 ὃ
1415 3923 1510 3976 καὶ
1546 3923 1623 3994 τῷ
1662 3922 1780 3994 Θεῷ
1806 3940 1968 3994 κεχα-

398 4010 651 4081 ρισμένον
689 4011 829 4074 ἐστὶ,
867 4014 961 4065 καὶ
1000 4013 1131 4082 ἡμῖν
1162 4012 1518 4083 καταθύμιον.

2061 1918 2226 1975 simili
2278 1916 2534 1987 quapiam
2568 1909 2981 1984 perturbatione
3018 1915 3073 1962 et
3104 1906 3302 1961 allectu
3356 1901 3632 1957 rationem

2060 2010 2397 2067 subducens.
2446 2006 2715 2072 Quoniam
2754 2003 2921 2073 igitur
2976 1998 3241 2053 Dominus
3277 1997 3330 2051 in
3374 1990 3635 2063 supernis

2061 2098 2332 2156 thesauris
2369 2111 2545 2166 neque
2600 2094 2805 2148 tineam
2868 2105 3046 2161 neque
3085 2088 3384 2158 aeruginem
3420 2081 3637 2138 innasci

2058 2191 2215 2256 dicit,
2254 2203 2432 2259 neque
2464 2187 2533 2241 ab
2564 2192 2681 2240 arte
2714 2181 2934 2237 furandi
2971 2179 3235 2234 malitiam
3277 2177 3478 2239 inesse,
3514 2186 3638 2243 qua:

2058 2284 2284 2339 doceate
2304 2296 2336 2336 a
2365 2294 2486 2352 quae
2512 2274 3083 2337 commemoravimus,
3102 2271 3232 2327 illuc
3256 2265 3637 2325 transferenda

2058 2373 2357 2445 negotiatio
2394 2378 2501 2437 est,
2538 2367 2632 2424 ubi
2674 2383 2782 2422 non
2844 2364 3010 2419 modo
3059 2358 3433 2431 compilationi
3473 2363 3638 2426 atque

2059 2463 2410 2522 diminutioni
2450 2476 2559 2517 non
2612 2457 2836 2515 obnoxii
2879 2453 3125 2511 thesauri
3168 2465 3382 2521 semper
3423 2462 3638 2519 perma-

2059 2565 2210 2622 nent,
2237 2571 2424 2611 vernm
2467 2552 2632 2608 etiam
2677 2548 2946 2605 seminum
2990 2546 3044 2600 in
3090 2542 3310 2598 modum
3356 2538 3639 2608 multiplex

2061 2651 2300 2706 eﬂiciunt
2319 2650 2737 2702 incrementum.
2755 2640 2981 2709 Oportet
3006 2635 3151 2692 enim
3185 2646 3412 2703 prorsus
3443 2645 3509 2684 ex
3538 2644 3641 2682 na-

2064 2751 2183 2795 tura
2241 2735 2563 2808 depositarii
2623 2745 2877 2801 magnam
2943 2727 3058 2783 fieri
3110 2721 3643 2780 remunerationem.

2062 2828 2530 2900 Quemadmodum
2590 2824 2733 2881 enim
2789 2836 2890 2875 nos
2916 2836 2982 2874 ex
3038 2824 3233 2871 natura
3267 2819 3456 2868 nostra
3505 2809 3645 2887 fagi-

2062 2938 2207 2987 Inus,
2239 2928 2298 2973 ut
2329 2916 2513 2973 tenuia
2562 2913 2880 2972 oll'eramus,
2912 2907 3119 2978 quippe
3170 2918 3296 2957 cum
3327 2906 3524 2954 natura
3556 2897 3639 2951 si-

2065 3029 2189 3069 mus
2220 3012 2361 3066 tales
2392 3047 2406 3071 ,
2431 3009 2505 3062 ita
2545 3010 2979 3061 consentaneum
3019 3005 3102 3053 est
3123 3010 3247 3065 eum
3282 2992 3378 3062 qui
3407 2990 3460 3044 in
3487 2988 3646 3044 omnir

2065 3116 2124 3156 re
2151 3100 2304 3155 dives
2334 3103 2438 3160 est,
2468 3095 2536 3150 iis
2569 3108 2691 3163 qua:
2746 3105 2813 3145 ex
2845 3096 3043 3142 natura
3090 3084 3255 3139 habet
3280 3096 3377 3138 eos
3409 3078 3505 3149 qui
3538 3091 3647 3133 sua

2065 3198 2193 3247 ante
2223 3186 2491 3248 dederint.
2527 3198 2649 3238 esse
2682 3184 3183 3236 remuneraturum.
3207 3170 3285 3227 Ne
3312 3171 3439 3241 quis
3471 3169 3642 3239 igitur

2067 3298 2127 3340 se
2151 3281 2335 3338 animo
2372 3277 2646 3341 demittat,
2699 3272 2829 3327 dum
2856 3285 2976 3341 quae
3001 3282 3102 3339 pro
3137 3264 3346 3319 viribus
3394 3261 3509 3317 suis
3545 3275 3642 3329 po.

2066 3382 2193 3438 test,
2228 3369 2432 3425 divinis
2463 3366 2629 3421 infert
2658 3364 2955 3427 thesauris,
2998 3356 3157 3429 quasi
3206 3370 3307 3427 pro
3336 3352 3499 3409 modo
3544 3365 3642 3406 eo-

2066 3481 2189 3521 rum
2216 3477 2337 3534 qua:
2363 3459 2578 3517 dederit
2607 3466 2966 3527 recepturus;
2993 3451 3089 3508 sed
3125 3456 3309 3521 speret
3341 3446 3497 3516 juxta
3519 3441 3639 3511 pol-

2066 3533 2419 3614 licitationem
2472 3552 2592 3621 ejus
2621 3549 2713 3620 qui
2740 3548 2905 3612 dixit,
2933 3542 3079 3615 quod
3128 3554 3323 3611 magna
3359 3535 3539 3609 parvis
3567 3533 3643 3588 sit

2062 3652 2502 3716 comparaturus,
2530 3638 2853 3695 caalestibus
2903 3634 3125 3707 quidem
3156 3639 3393 3691 terrena,
3428 3622 3641 3694 sempi-

2062 3739 2233 3795 ternis
2271 3749 2402 3791 vero
2428 3734 2540 3787 cito
2561 3731 2804 3802 peritura
2851 3731 3194 3795 permutans,
3221 3735 3343 3792 qua:
3366 3717 3500 3771 talia
3539 3729 3645 3769 na-

2064 3838 2186 3886 tura
2213 3834 2366 3890 sunt,
2401 3834 2462 3881 ut
2492 3839 2670 3894 neque
2703 3827 2887 3876 mente
2924 3816 3154 3889 percipi,
3186 3825 3362 3882 neque
3388 3820 3647 3865 sermone

2062 3919 2323 3991 explicari
2358 3916 2599 3988 possint,
2647 3914 2716 3969 de
2769 3911 2971 3981 quibus
3018 3907 3205 3962 divina
3246 3902 3408 3958 docet
3461 3899 3648 3968 Scrip‘

2064 4022 2209 4078 tura,
2241 4011 2386 4082 quod
2420 4024 2601 4078 neque
2637 4006 2832 4061 oculus
2882 4002 3101 4065 viderit,
3146 4012 3327 4068 neque
3368 3997 3519 4049 auris
3545 4009 3648 4048 au-

394 4101 609 4167 diverit,
636 4119 811 4174 neque
837 4104 893 4159 in
927 4119 1023 4159 cor
1056 4107 1292 4161 hominis
1322 4104 1689 4171 ascenderint,
1722 4120 1843 4177 quae
1884 4105 2272 4177 pra-paraverit
2306 4104 2449 4158 Deus
2486 4097 2839 4171 diligentibus
2872 4110 2934 4151 se
2967 4095 3011 4149 '.
3052 4091 3149 4146 llis
3182 4090 3302 4153 tibi,
3344 4103 3377 4143 ο
3417 4087 3647 4141 charum

394 4203 579 4267 caput,
606 4212 711 4252 non
733 4197 908 4253 solum
939 4202 1335 4269 prmtermissas
1360 4200 1569 4255 litteras
1592 4200 1960 4255 resarcivlinu:

2079 4196 2580 4268 compensavimus,
2619 4204 2809 4246 verum
2832 4188 2997 4241 etiam
3022 4198 3143 4251 quae
3174 4179 3402 4252 posthac
3418 4183 3646 4248 praetcr-

395 4294 678 4347 tnittentur
704 4308 767 4347 ac
787 4293 993 4364 reliqua
1019 4295 1166 4361 ﬂent,
1198 4306 1687 4366 perargumentum
1708 4312 1951 4368 quaerere
1976 4292 2416 4363 anticipavimus.
2438 4288 2520 4344 Tu
2538 4304 2666 4342 vero
2698 4284 2828 4340 mihi
2858 4283 3010 4337 vivas
3041 4279 3096 4334 in
3130 4278 3357 4334 Domino
3375 4291 3440 4330 ex
3474 4269 3647 4326 animi

398 4384 476 4439 tui
505 4383 795 4439 sententia.
831 4383 944 4442 Hoc
973 4394 1152 4443 autem
1177 4365 1393 4459 semper
1416 4388 1514 4445 tibi
1537 4387 1685 4445 cordi
1714 4365 1786 4444 sit
1816 4397 1982 4459 atque
2006 4385 2288 4458 probetur,
2313 4380 2458 4453 quod
2486 4388 2539 4436 et
2561 4377 2670 4434 Deo
2698 4381 2913 4449 gratum
2938 4380 2994 4428 et
3024 4370 3186 4426 nobis
3207 4365 3514 4440 jucundum
3536 4369 3642 4419 est.

466 4562 486 4591 ⁷
520 4563 538 4618 ι
570 4562 691 4619 Cor.
734 4578 813 4630 ιιι,
845 4564 899 4621 9.
