4096 6354
414 317 515 383 25!

1643 323 1697 379 S.
1734 321 2062 379 CREGORII
2103 319 2398 376 NYSSENI

3557 325 3664 379 252

416 475 3634 511 ΨΜ

1691 640 1918 727 ΤΟΥ
1989 641 2366 727 ΑΥΤΟΥ

1017 832 1479 946 ΠΕΡΙ
1595 829 3044 976 ΤΕΛΕΙΟΤΗΤΟΣ,

1248 1042 1369 1096 ΚΑΙ
1429 1043 1685 1097 ΟΠΟΙΟΝ
1744 1044 1889 1098 ΧΡΗ
1940 1044 2128 1097 ΕΙΝΑΙ
2173 1045 2311 1097 TUN
2366 1043 2816 1115 ΧΡΙΣΤΙΛΝΟΝ,

1519 1195 1718 1252 ΠΡΟΣ
1745 1201 1837 1252 ΟΛ
1853 1199 2140 1253 ΥΜΠῙΟΝ
2169 1199 2544 1254 ΜΟΝΑΧΟΝ.

1710 1521 2350 1614 EJUSDEM

1407 1732 1588 1844 DE
1666 1687 2660 1851 PERFECTlONE

1261 1952 1350 2008 ET
1384 1952 1666 2021 QUALE“
1705 1953 2076 2010 OPORTEAT
2115 1953 2284 2010 ESSE
2315 1954 2792 2012 CHRISTIANUM
2814 1996 2831 2022 ,

1530 2104 1625 2158 AD
1658 2102 2050 2160 OLYMPIUM
2072 2078 2535 2161 'MONACIIUM.

1666 2259 1929 2312 Francisco
1950 2263 2072 2313 Zino
2098 2261 2396 2326 interprete.

481 2557 692 2626 Qumris
719 2571 828 2628 qua
869 2557 1084 2613 ratione
1115 2557 1226 2613 vita
1269 2573 1335 2614 ex
1367 2557 1572 2615 virtute
1606 2561 1783 2631 possit
1826 2561 1984 2617 insti-
2009 2570 2038 2627 Α

2157 2563 2448 2634 Πρέπουσα
2482 2563 2548 2634 τῇ
2589 2561 2905 2634 προαιρέσει
2934 2563 2966 2633 ἠ
3003 2559 3204 2634 σπουδὴ
3232 2563 3360 2634 περὶ
3391 2563 3484 2618 τοῦ
3523 2566 3663 2634 γνῶ-ο

414 2651 517 2715 tui,
549 2659 608 2704 ut
638 2649 894 2705 omnibus
923 2647 1223 2705 olliciorum
1251 2650 1493 2705 numeris
1524 2651 1776 2707 absoluta
1822 2660 1986 2722 atque

414 2740 655 2810 perfecta
685 2741 849 2795 nullis
883 2741 1400 2810 reprehensionibus
1427 2742 1500 2796 sit
1527 2741 1791 2808 obnoxia;
1821 2742 1986 2812 digna

414 2820 657 2900 profecto
690 2830 1032 2900 professione
1073 2840 1163 2885 tua
1198 2832 1516 2901 postulatio.
1565 2832 1700 2886 Mihi
1735 2848 1864 2887 vero
1903 2834 1988 2887 ni-

415 2923 490 2976 hil
516 2933 659 2978 essct
691 2922 932 2992 Optatius
961 2937 1123 2992 quam
1151 2931 1211 2977 ut
1248 2938 1436 2978 eorum
1467 2939 1587 2994 qua:
1612 2923 1769 2993 cupis
1799 2938 1984 2978 exem—

414 3017 503 3086 pla
556 3030 775 3086 possem
823 3030 891 3069 ex
931 3029 1049 3070 mea
1077 3015 1188 3069 vita
1243 3015 1340 3069 tibi
1391 3015 1736 3085 depromere,
1783 3022 1844 3068 ut
1889 3015 1988 3069 dos

413 3109 645 3163 ctrinam
691 3108 790 3162 abs
823 3115 877 3163 te
923 3107 1208 3177 quaesitam
1256 3107 1416 3162 factis
1449 3108 1632 3178 potius
1659 3121 1823 3177 quam
1862 3121 1986 3162 ver-

412 3202 500 3258 bis
543 3202 893 3272 explicarem.
947 3201 1019 3256 Ea
1049 3203 1196 3257 enim
1230 3201 1449 3258 demum
1479 3204 1616 3259 bene
1649 3202 1866 3258 vivendi
1901 3203 1987 3257 in-

413 3295 626 3348 stitutio
652 3293 816 3364 digna
848 3300 954 3358 est,
986 3293 1075 3348 cui
1103 3294 1236 3349 ﬁdes
1263 3293 1551 3359 habeatur,
1585 3311 1708 3350 cum
1735 3295 1987 3351 docentis

414 3387 525 3440 vita
560 3387 818 3456 congruit
861 3386 1122 3441 orationi.
1169 3386 1438 3442 Caeterum
1487 3389 1748 3458 quoniam
1795 3404 1882 3444 me
1932 3391 1988 3445 id

415 3477 561 3545 quod
605 3484 736 3546 opto
774 3477 1019 3531 nondum
1055 3488 1371 3533 assecutum
1409 3477 1592 3546 video,
1621 3486 1681 3533 ut
1717 3479 1987 3536 orationis

416 3569 540 3623 loco
571 3567 780 3638 possim
809 3568 974 3623 vitam
1017 3569 1327 3633 ostendere,
1359 3585 1427 3624 ne
1472 3568 1830 3639 imperfectus
1866 3587 1988 3626 om-

417 3658 549 3712 nino
576 3658 766 3714 videar
806 3668 861 3714 et
900 3675 931 3714 a
957 3659 1114 3730 signo
1156 3675 1270 3729 pra:
1306 3661 1524 3715 inscitia
1562 3661 1782 3731 penitus
1825 3661 1988 3716 aber-

418 3763 561 3814 rare,
593 3749 812 3804 brevem
843 3750 942 3804 tibi
973 3759 1119 3806 recte
1149 3749 1367 3806 vivendi
1400 3750 1694 3806 formulam
1739 3750 1985 3819 tradam;

418 3847 585 3908 atque
627 3839 776 3895 illius
807 3839 1030 3909 quidem
1075 3839 1204 3894 hinc
1224 3839 1336 3909 jam
1384 3840 1636 3896 nascitur
1676 3837 1984 3896 exordium.

2086 2671 2176 2708 ναι
2202 2656 2318 2719 πῶς
2348 2656 2413 2710 ἄν
2436 2672 2520 2719 τις
2558 2653 2647 2708 διὰ
2677 2653 2768 2707 τοῦ
2802 2653 2922 2706 κατ’
2952 2653 3151 2724 ἀρετὴν
3179 2653 3294 2722 βίου
3320 2655 3652 2728 τελειωθείη,

2087 2746 2226 2800 ὥστε
2248 2746 2336 2800 διὰ
2363 2746 2577 2800 πάντων
2611 2743 3020 2815 κατορθωθῆναι
3049 2761 3141 2796 σου
3165 2746 3248 2817 ὶτῇ
3279 2745 3390 2816 ζωῇ
3421 2747 3481 2799 τὸ
3509 2746 3660 2817 ἀμώ-

2090 2856 2276 2910 μητον.
2316 2837 2456 2907 Ἐγὼ
2491 2837 2547 2890 δὲ
2583 2837 2710 2904 περὶ
2739 2835 2941 2899 παντὸς
2983 2836 3081 2906 μὲν
3111 2835 3177 2889 ἂν
3205 2837 3568 2909 ἐποιησάμην,
3603 2842 3661 2893 ὲν

2086 2929 2163 3000 τῷ
2201 2927 2320 3000 ὲμῷ
2358 2928 2458 2999 βίῳ
2497 2927 2604 2980 τῶν
2635 2927 2717 2980 σοὶ
2762 2927 3206 2997 σπουδαζομένων
3262 2929 3548 3000 εὑρεθῆναι
3595 2931 3664 2985 τὰ

2087 3025 2479 3094 ὑποδείγματα,
2517 3023 2658 3077 ὥστε
2702 3027 2815 3086 τοῖς
2841 3021 3022 3094 ἔργοις
3060 3023 3165 3095 πρὸ
3191 3024 3309 3088 τῶν,
3338 3024 3512 3097 λόγων
3541 3027 3663 3080 ὲπι-

2088 3117 2422 3187 ζητουμένην
2459 3116 2563 3169 ὑπὸ
2597 3114 2690 3168 σοῦ
2731 3117 3035 3186 παρασχεῖν
3084 3114 3452 3170 διδασκαλίαν.
3505 3116 3662 3170 Οὕτω

2087 3206 2194 3278 γὰρ
2231 3206 2299 3260 ἂν
2330 3206 2638 3271 ἀξιόπιστος
2679 3202 2747 3276 ἦν
2773 3205 2885 3260 τῶν
2917 3205 3134 3274 ἀγαθῶν
3161 3207 3194 3276 ἡ
3239 3205 3533 3276 ὑφήγησις,
3565 3207 3661 3261 τοῦ

2090 3299 2205 3369 βίου
2249 3302 2362 3362 τοῖς
2397 3298 2570 3363 λόγοις
2613 3288 3119 3370 συμφθεγγομένου.
3168 3297 3387 3369 Ἐπειδὴ
3419 3298 3476 3351 δὲ
3507 3298 3665 3353 τοῦτο

2092 3386 2190 3457 μὲν
2218 3385 2447 3457 εὔχομαι
2496 3385 2749 3456 γενέσθαι
2796 3386 2960 3450 ποτὲ,
3007 3385 3103 3440 νῦν
3143 3385 3201 3439 δὲ
3228 3385 3379 3440 οὔπω
3428 3387 3666 3442 τοιοῦτον

2089 3475 2321 3546 ἐμαυτὸν
2364 3475 2595 3546 βλέπων,
2653 3475 2728 3539 ώς
2775 3475 2897 3529 ἀντὶ
2941 3474 3035 3528 τοῦ
3079 3475 3238 3544 λόγου
3293 3476 3666 3547 προδεικνύειν

2087 3568 2179 3621 τὸν
2234 3568 2369 3637 βίον,
2415 3568 2501 3620 ἵνα
2539 3565 2613 3638 μὴ
2661 3566 2887 3620 καθόλου
2929 3565 3143 3636 δοκοίην
3185 3567 3480 3638 ἀσυντελὴς
3525 3563 3663 3620 εἶναι

2091 3657 2171 3710 σοί
2200 3674 2282 3720 τις
2319 3656 2453 3727 πρὸς
2478 3656 2568 3709 τὸν
2605 3656 2802 3710 σκοπὸν
2827 3657 2922 3710 καὶ
2957 3655 3235 3726 ἀνόνητος,
3262 3647 3349 3725 sq)"
3379 3657 3408 3710 ὃ
3428 3657 3509 3710 δεῖ
3536 3674 3664 3711 συν-

2087 3749 2256 3801 τεῖναι
2290 3747 2380 3800 τδν
2410 3746 2610 3818 ἀκριϐῆ
2643 3746 2777 3817 βίον,
2803 3745 3097 3800 ὑποθέσθαι
3129 3746 3429 3818 διενοήθην,
3481 3746 3664 3802 ἐντεῦ-

2091 3838 2183 3891 θεν
2228 3837 2322 3891 τοῦ
2353 3837 2512 3904 λόγου
2545 3837 2644 3909 τὴν
2685 3838 2860 3909 ἀρχὴν
2895 3838 3280 3909 ποιησάμενος·
3309 3839 3414 3893 Τοῦ
3456 3837 3664 3909 ἀγαθοῦ

419 3929 602 3986 Bonus
660 3929 925 3987 Dominus
979 3938 1170 3987 noster
1203 3929 1364 3987 Jesus
1409 3930 1666 3988 Christus
1716 3947 1842 3996 nos,
1889 3923 2038 4002 quil

2090 3931 2350 3984 Δεσπότου
2405 3931 2560 4001 ἡμῶν
2619 3931 2790 3999 Ἰησοῦ
2846 3930 3083 4002 Χριστοῦ
3136 3931 3506 4002 χαρισαμένου
3564 3930 3664 4001 τὴν

417 4020 473 4073 in
504 4020 682 4090 ipsum
732 4020 1031 4083 credimus,
1066 4021 1330 4075 adorandi
1369 4020 1609 4076 nominis
1650 4021 1734 4076 sui
1765 4019 1990 4090 partici-

419 4127 515 4180 pes
565 4111 714 4177 fecit,
769 4119 830 4165 ut
873 4112 988 4167 sive
1032 4113 1253 4174 divites,
1288 4112 1405 4167 sive
1450 4112 1689 4176 nobiles,
1729 4112 1845 4166 sive
1882 4112 1985 4166 ob-

419 4203 591 4266 scuri,
621 4202 738 4258 sive
773 4203 986 4274 inopes,
1016 4203 1130 4258 sive
1158 4203 1424 4258 doctrinae
1465 4211 1560 4258 aut
1590 4203 1873 4274 dignitatis
1905 4203 1990 4257 in~

419 4295 667 4364 signibus
701 4295 950 4350 exornati
997 4296 1192 4361 simus,
1240 4295 1388 4350 nulla
1436 4303 1615 4350 tamen
1667 4311 1733 4350 ex
1771 4310 1829 4350 re
1871 4310 1992 4364 qua:

421 4386 579 4440 nobis
623 4385 768 4442 adsit
795 4387 1162 4452 nominemur,
1195 4387 1291 4442 sed
1335 4386 1422 4442 his
1461 4386 1715 4441 omnibus
1746 4385 1989 4456 rejectis,

419 4479 488 4532 de
535 4492 644 4532 uno
695 4477 916 4532 nomine
963 4476 1137 4546 ipsius
1168 4476 1389 4546 proprie
1436 4475 1776 4546 appellemur
1827 4475 1991 4530 Chri-

419 4569 604 4624 stiani.
662 4567 801 4622 Cum
855 4566 1022 4638 igitur
1075 4567 1218 4622 hanc
1279 4565 1438 4623 nobis
1478 4581 1508 4621 e
1553 4567 1694 4622 coelo
1756 4567 1992 4637 gratiam

420 4657 687 4722 attulerit,
745 4671 927 4728 operae
985 4655 1220 4728 pretium
1275 4663 1360 4712 est
1425 4662 1485 4710 ut
1541 4657 1697 4727 prius
1748 4657 1994 4713 muneris

421 4747 851 4818 magnitudinem
897 4746 1336 4811 consideremus,
1384 4762 1494 4817 quo
1545 4748 1772 4803 meritas
1829 4747 1994 4818 largi-

420 4839 526 4893 tori
556 4839 669 4896 Deo
701 4839 908 4911 gratias
937 4839 1262 4895 habeamus.
1313 4837 1518 4894 Deinde
1563 4838 1701 4893 tales
1741 4838 1799 4892 in
1841 4838 1992 4894 omni

420 4932 528 4985 vita
559 4947 660 4988 nos
693 4939 1035 5003 prmslemus,
1066 4933 1259 5002 quales
1289 4930 1518 5001 requirit
1547 4930 1780 5001 hujusce
1811 4931 1991 4986 nomi-

420 5021 510 5074 nis
551 5022 897 5076 excellentia.
932 5022 1146 5088 Quanta
1193 5023 1264 5076 sit
1307 5021 1473 5090 hujus
1504 5021 1751 5076 muneris
1781 5024 1992 5092 magni-

423 5110 576 5177 tudo,
627 5111 770 5182 quod
819 5113 966 5170 illius
1023 5113 1116 5184 qui
1165 5114 1292 5168 vita:
1331 5121 1534 5168 nostra;
1590 5111 1853 5167 Dominus
1907 5120 1994 5168 est

2091 4022 2370 4078 κοινωνίαν
2402 4023 2532 4094 ἡμῖν
2577 4021 2672 4076 τοῦ
2708 4023 3179 4094 προσκυνουμένου
3209 4022 3492 4094 ὀνόματος,
3523 4020 3665 4076 ὥστε

2091 4115 2236 4184 ἡμᾶς
2268 4114 2332 4167 ὲκ
2363 4113 2589 4184 μηδενὸς
2616 4113 2775 4168 ἄλλου
2808 4113 2916 4168 τῶν
2946 4115 3074 4186 περὶ
3106 4116 3253 4185 ἡμᾶς
3284 4114 3665 4184 ὀνομάζεσθαι,

2090 4205 2190 4258 κᾶν
2219 4204 2466 4269 πλούσιός
2496 4222 2580 4268 τις
2613 4204 2690 4259 ὢν
2712 4205 2870 4276 τύχῃ,
2900 4204 2992 4259 καὶ
3014 4206 3361 4277 εὐπατρίδης,
3399 4206 3502 4261 κᾶν
3538 4206 3665 4259 δυσ-

2093 4293 2255 4365 γενὴς
2380 4293 2415 4365 ἢ
2469 4294 2670 4365 πένης,
2698 4296 2792 4349 καὶ⁹
2832 4294 2893 4360 ἐξ
2935 4295 3378 4367 ἐπιτηδευμάτων
3423 4295 3582 4350 τινῶν
3630 4295 3665 4368 ἢ

2091 4386 2416 4458 ἀξιωμάτων
2452 4386 2514 4440 τὸ
2551 4385 2828 4458 γνώριμον
2861 4386 2981 4459 ἔχῃ,
3028 4389 3244 4442 πάντων
3273 4387 3380 4440 τῶν
3409 4388 3666 4442 τοιούτων

2090 4478 2369 4548 ὀνομάτων
2395 4477 2727 4549 ἀργούντων,
2771 4478 2902 4548 μίαν
2929 4473 3068 4532 εἶναι
3094 4479 3287 4548 κυρίαν
3325 4478 3515 4549 κλῆσιν
3551 4480 3665 4541 τοῖς

2091 4572 2170 4633 εἰς
2198 4569 2359 4624 αὑτὸν
2408 4569 2800 4624 πεπιστευκόσι
2846 4569 3165 4640 δεδώρηται,
3215 4569 3278 4623 τὸ
3306 4569 3666 4641 Χριστιανοὺς

2089 4659 2468 4731 ὀνομάζεσθαι.
2515 4659 2731 4730 Ταύτης
2778 4659 2985 4714 ἄνωθεν
3041 4661 3175 4730 ἡμῖν
3227 4659 3665 4732 ὲπικυρωθείσης

2090 4749 2189 4818 τῆς
2229 4749 2482 4819 χάριτος,
2523 4748 2822 4817 ἀναγκαῖον
2862 4747 2928 4802 ἂν
2960 4747 3046 4818 εἴη
3074 4747 3288 4819 πρῶτον
3317 4747 3420 4818 τῆς
3458 4747 3665 4819 δωρεᾶς

2090 4843 2278 4912 νοῆσαι
2305 4840 2366 4893 τὸ
2397 4838 2645 4910 μέγεθος,
2668 4838 2808 4892 ὥστε
2836 4838 2955 4892 κατ’
2979 4839 3136 4905 ἀξίαν
3163 4838 3560 4910 εὐχαριστῆσαι
3584 4833 3663 4907 τῷ

2088 4927 2159 4981 τὰ
2176 4925 2475 4998 τηλικαῦτα
2495 4926 2868 4997 δωρησαμένῳ
2888 4925 3029 4997 Θεῷ.
3046 4925 3274 4980 Ἔπειτα
3297 4927 3355 4980 δὲ
3386 4925 3663 4989 τοιούτους

2090 5017 2313 5082 ἑαυτοὺς
2342 5016 2430 5071 διὰ
2458 5015 2551 5070 τοῦ
2577 5015 2690 5086 βίου
2729 5015 2920 5083 δεῖξαι,
2953 5010 3064 5070 οἷον
3093 5017 3340 5088 ἐπιζητεῖ
3369 5017 3403 5086 ἡ
3435 5015 3531 5069 τοῦ
3564 5033 3664 5086 με-

2089 5108 2254 5178 γάλου
2285 5107 2474 5160 τούτου
2511 5107 2774 5178 ὀνόματος
2797 5106 3046 5179 δύναμις.
3082 5107 3156 5159 Τὸ
3188 5106 3287 5177 μὲν
3308 5101 3400 5159 οῦν
3438 5105 3666 5176 μέγεθος

423 5203 647 5257 nomine
668 5219 1071 5275 nuncupemur,
1107 5206 1266 5260 nobis
1292 5205 1645 5274 perspicuum
1677 5204 1771 5258 ﬁet
1792 5204 1836 5259 si
1859 5203 1987 5272 quid
2021 5260 2038 5275 1

2093 5199 2193 5269 τῆς
2219 5199 2445 5270 δωρεᾶς,
2486 5191 2554 5269 ἦς
2579 5197 2670 5251 διὰ
2699 5197 2795 5251 τοῦ
2826 5196 3284 5268 συνονομασθῆναι
3314 5196 3391 5267 τῷ
3421 5196 3665 5267 Δεσπότῃ

424 5305 620 5345 nomen
650 5291 877 5360 ipsuma
910 5292 1131 5348 Christo
1171 5293 1462 5348 deductum
1496 5293 1773 5365 signiticet
1809 5292 1990 5346 anime
2018 5286 2038 5319 ‘

2095 5291 2194 5361 τῆς
2236 5290 2383 5360 ζωῆς
2414 5289 2571 5360 ἡμῶν
2615 5287 2943 5360 ἠξιώθημεν,
2972 5288 3142 5352 οὕτως
3183 5286 3248 5342 ἂν
3275 5287 3484 5356 γένοιτο
3508 5286 3665 5357 δῆλον

424 5381 795 5446 advertemus,
832 5389 892 5437 ut
925 5383 1292 5454 intelligamus
1334 5383 1555 5455 quando
1593 5383 1837 5439 universi
1882 5381 1993 5437 Do-

426 5472 634 5526 minum
666 5473 721 5527 in
759 5474 962 5530 nostris
1001 5476 1410 5544 precationibus
1450 5476 1554 5532 hac
1584 5491 1717 5531 voce
1743 5476 1995 5531 nomina-

426 5579 570 5628 mus,
598 5578 761 5633 quam
796 5565 994 5621 animis
1040 5567 1247 5622 nostris
1282 5569 1561 5623 notionem
1591 5567 1991 5638 concipiamus,

427 5660 523 5706 aut
553 5652 684 5723 quid
717 5669 812 5723 per
844 5653 946 5707 hoc
985 5669 1182 5710 nomen
1219 5657 1524 5725 cogitantes
1551 5665 1676 5726 apte
1703 5655 1994 5711 credamus

429 5748 607 5818 ipsum
652 5749 944 5825 appellare.
994 5745 1050 5804 ιιι
1081 5748 1173 5804 ubi
1220 5757 1563 5827 compertum
1607 5748 1991 5820 habuerimus,

2098 5385 2249 5454 ἡμῖν,
2271 5382 2320 5434 εἰ
2357 5381 2489 5435 αὐτὸ
2514 5381 2575 5433 τὸ
2605 5380 3002 5451 σημαινόμενον
3033 5377 3126 5432 τοῦ
3153 5379 3291 5432 κατά
3313 5379 3405 5432 τὸν
3433 5378 3665 5448 Χριστὸν

2098 5473 2355 5544 ὀνόματος
2395 5471 2770 5541 ὲπιγνοίημεν,
2808 5469 2948 5522 ὥστε
2976 5470 3230 5530 συνεῖναι,
3253 5469 3380 5522 ὅταν
3413 5469 3503 5523 διὰ
3538 5469 3665 5523 ταύ-

2097 5585 2196 5638 της
2223 5567 2323 5635 τῆς
2349 5566 2531 5635 φωνῆς
2551 5564 2640 5617 τὸν
2664 5562 2757 5616 τοῦ
2794 5562 2992 5625 παντὸς
3016 5561 3220 5632 Κύριον
3249 5563 3306 5616 ὲν
3335 5565 3455 5624 ταῖς
3479 5562 3664 5631 εὐχαῖς

2101 5652 2566 5726 προσκαλώμεθα,
2615 5652 2774 5705 ποίαν
2811 5653 2928 5715 ταῖς
2974 5650 3170 5719 ψυχαῖς
3220 5649 3376 5722 ἡμῶν
3423 5649 3664 5718 ἀναλαμ-

2097 5744 2329 5814 ϐάνομεν
2356 5741 2561 5798 ἔννοιαν
2581 5785 2594 5809 ,
2644 5741 2676 5812 ἢ
2709 5741 2758 5795 τί
2793 5741 2877 5795 διὰ
2915 5739 3008 5795 τοῦ
3037 5739 3298 5812 ὀνόματος
3327 5737 3514 5793 τούτου
3555 5753 3655 5791 κα-
