4096 6354
370 336 477 396 253

1387 338 1477 395 DE
1513 338 1877 397 PERFECTA
1915 336 2313 397 CIIRISTIANI
2348 337 2603 396 FORMA.

3519 339 3629 397 εει

370 451 704 518 τανοοῦντες.
738 452 979 516 εὐσεϐῶς
1000 453 1159 510 αὑτὸν
1184 454 1559 511 ἐπικαλεῖσθαι
1589 456 1936 527 πιστεύομεν.

2048 457 2164 526 ipso
2203 457 2423 512 nomine
2465 465 2526 511 ut
2560 452 2831 524 magistro
2865 460 2920 507 et
2965 452 3107 509 duce
3140 450 3207 507 ad
3250 451 3390 507 bene
3438 450 3630 507 beate-

385 542 633 599 Ἐπειδὰν
659 540 715 594 δὲ
741 541 896 595 τοῦτο
923 544 1225 615 νοήσωμεν,
1253 546 1371 599 τότε
1401 547 1467 603 δι’
1498 546 1815 609 ἀκολούθου,
1852 548 1946 599 καὶ

373 633 516 703 οἵους
545 634 812 705 προσήκει
845 636 993 706 ἡμᾶς
1014 636 1101 690 διὰ
1132 637 1233 707 τῆς
1261 639 1390 710 περὶ
1437 638 1526 692 τὸν
1562 639 1674 710 βίον
1712 638 1946 709 σπουδῆς

372 723 773 798 ἐπιδειχθῆναι,
836 727 1024 796 σαφῶς
1058 728 1455 801 μαθησόμεθα,
1502 730 1805 801 διδασκάλῳ
1852 730 1947 783 καὶ⁵

370 812 549 885 ὁδηγῷ
576 816 713 886 πρὸς
744 815 837 869 τὸν
875 816 988 886 βίον
1017 818 1096 890 τῷ
1129 819 1355 890 ὀνόματι
1408 820 1700 893 χρώμενοι.
1735 819 1945 875 Οὐκοῦν

368 903 459 956 τὸν
501 904 653 973 ἀγιον
702 905 912 959 Παῦλον
968 908 1105 978 πρὸς
1144 910 1212 969 τὰ
1252 908 1346 966 δύο
1376 910 1549 967 ταῦτα
1594 910 1945 982 καθηγεμόνα

369 995 700 1066 ποιούμενοι,
734 998 1150 1071 ἀσφαλεστάτην
1189 1000 1383 1071 ἕξομεν
1420 1002 1642 1072 ὁδηγίαν
1672 1003 1806 1073 πρὸς
1843 1001 1944 1072 τὴν

368 1086 474 1140 τῶν
540 1087 891 1159 ζητουμένων
946 1092 1263 1162 σαφήνειαν.
1328 1088 1495 1157 Οὗτος
1543 1093 1651 1163 γὰρ
1708 1092 1943 1164 μάλιστα

367 1178 585 1237 πάντων
612 1180 875 1251 ἀκριϐῶς,
922 1184 1015 1236 καὶ
1041 1184 1095 1236 τί
1126 1185 1273 1251 ἐστιν
1293 1186 1321 1239 ὁ
1354 1186 1589 1257 Χριστὸς
1628 1185 1941 1256 κατενόησε,

368 1270 462 1323 καὶ
502 1265 612 1324 οἷον
645 1267 783 1325 εἶναι
808 1272 912 1344 χρὴ
940 1274 1032 1328 τὸν
1064 1275 1533 1347 ἐπονομαζόμενον
1560 1275 1729 1346 αὐτῷ,
1773 1274 1841 1327 δι’
1867 1267 1943 1329 ὧν

368 1362 644 1433 ἐποίησεν,
678 1365 1033 1436 ὑφηγήσατο·
1071 1366 1243 1432 οὑτως
1280 1369 1524 1440 ἐναργῶς
1568 1369 1731 1423 αὑτὸν
1768 1386 1941 1439 μιμη-

370 1454 624 1523 σάμενος,
652 1455 729 1519 ὡς
756 1458 813 1512 ἐν
859 1458 1037 1530 ἐαυτῷ
1079 1460 1247 1526 δεῖξαι
1297 1461 1388 1515 τὸν
1434 1461 1627 1515 ἑαυτοῦ
1668 1462 1941 1533 Δεσπότην

372 1542 829 1614 μεμορφωμένον,
885 1544 974 1599 διὰ
1021 1547 1120 1617 τῆς
1165 1547 1564 1619 ἀκριϐεστάτης
1620 1550 1938 1620 μιμήσεως,

371 1634 796 1705 μεταϐληθέντος
838 1636 931 1690 τοῦ
961 1638 1059 1708 τῆς
1087 1638 1265 1709 ψυχῆς
1296 1640 1461 1693 αὐτοῦ
1492 1640 1663 1704 είδους
1710 1642 1847 1711 πρὸς
1878 1640 1940 1693 τὸ

368 1724 739 1794 πρωτότυπον,
759 1727 833 1790 ὡς
851 1727 1046 1797 μηκέτι
1068 1728 1281 1782 Παῦλον
1301 1724 1438 1783 εἶναι
1460 1730 1635 1787 δοκεῖν
1650 1732 1741 1783 τὸν
1759 1729 1938 1795 ζῶντά

2048 564 2154 619 que
2184 549 2476 603 vivendum
2530 556 2766 612 utentes,
2803 560 2925 616 quae
2956 545 3116 600 nobis
3149 543 3277 597 vita).
3307 542 3490 598 studia
3536 556 3627 597 se-

2047 640 2277 711 quenda.
2319 640 2451 705 sint,
2499 638 2659 694 facile
2695 652 3116 709 cognoscemus.
3162 634 3244 691 Ad
3295 634 3411 689 hazc
3442 641 3632 688 autem

2046 734 2156 789 duo
2182 749 2302 803 qua:
2330 734 2727 803 investigamus
2760 729 3107 801 percipienda
3138 727 3474 783 tutissimum
3504 725 3626 780 adi-

2047 838 2159 883 tum
2188 828 2530 892 habebimus,
2564 828 2610 883 si
2643 827 2803 881 nobis
2830 825 2891 879 D.
2927 824 3158 879 Paulum
3191 822 3400 878 itineris
3425 821 3625 876 ducem

2046 919 2522 991 proposuerimus.
2572 919 2674 973 llic
2703 919 2850 975 enim
2887 917 3123 972 maxime
3158 916 3403 971 omnium
3436 912 3623 984 exqui-

2043 1012 2181 1077 site,
2232 1022 2288 1067 et
2333 1012 2426 1082 qui
2470 1011 2727 1067 Christus
2796 1010 2871 1066 sit
2917 1010 3109 1075 novit,
3145 1016 3200 1064 et
3238 1008 3456 1079 qualem
3497 1019 3622 1061 esse

2042 1110 2313 1173 oporteat,
2348 1104 2443 1174 qui
2498 1103 2569 1158 ab
2616 1119 2683 1158 eo
2730 1117 2931 1157 nomen
2991 1102 3227 1172 accepit,
3278 1114 3347 1155 ex
3394 1097 3464 1153 iis
3498 1112 3622 1167 quae

2043 1194 2215 1264 gessit
2254 1194 2392 1265 ipse,
2437 1194 2738 1251 declaravit
2774 1213 2787 1249 :
2819 1208 2945 1248 nam
2978 1192 3114 1247 adeo
3160 1197 3416 1246 accurate
3466 1188 3619 1242 illum

2041 1286 2289 1341 imitatus
2329 1295 2436 1353 est,
2471 1295 2530 1341 ut
2561 1286 2617 1341 in
2656 1302 2715 1343 se
2745 1286 3033 1341 Dominum
3075 1299 3253 1355 ipsum
3298 1296 3627 1353 expressum~

2042 1377 2369 1440 ostenderit,
2432 1378 2636 1447 quippe
2682 1376 2774 1445 qui
2824 1373 3249 1444 diligentissima
3311 1371 3631 1425 imitatione

2042 1468 2272 1524 formam
2326 1469 2498 1524 animi
2541 1469 2628 1525 sui
2666 1470 2739 1522 ita
2792 1467 3080 1522 transtulit
3127 1465 3183 1520 in
3225 1466 3404 1535 ipsum
3432 1478 3619 1518 exem-

2040 1560 2182 1630 plar,
2218 1568 2277 1614 ut
2302 1575 2410 1614 non
2440 1560 2700 1630 amplius,
2730 1560 2825 1629 qui
2865 1557 3214 1628 loquebatur,
3256 1554 3478 1618 Paulus,
3521 1552 3619 1607 sed

2039 1649 2296 1707 Christus
2349 1666 2473 1707 esse
2531 1650 2833 1716 videretur,
2883 1646 3339 1719 quemadmodum
3388 1646 3617 1716 ipsemet

2040 1742 2197 1806 dicit,
2229 1742 2322 1811 qui
2367 1742 2587 1811 propria
2626 1742 2769 1797 bona
2802 1738 3340 1811 pulchresentiebat
3374 1756 3387 1791 :
3422 1755 3440 1786 ι
3470 1734 3617 1801 Quo-

367 1832 427 1872 τε
449 1817 542 1869 καὶ
571 1817 959 1889 φθεγγόμενον,
994 1820 1107 1873 ἀλλ’
1140 1822 1300 1876 αὑτὸν
1337 1823 1427 1875 τὸν
1456 1824 1690 1896 Χριστὸν
1706 1826 1763 1877 ἐν
1789 1822 1937 1893 αὑτῷ

2046 1834 2192 1888 niam
2221 1834 2673 1902 experimentum,
2710 1852 2727 1884 ι
2766 1832 2941 1902 inquit
2965 1833 3007 1893 ¹,
3045 1848 3063 1881 ι
3098 1830 3343 1900 qumritis
3373 1827 3496 1895 ejus
3520 1825 3615 1894 qui

370 1908 487 1979 ζῇν*
521 1909 703 1973 καθώς
732 1927 895 1982 φησιν
924 1914 953 1965 ὁ
994 1914 1155 1978 καλὸς
1201 1914 1308 1967 τῶν
1345 1915 1487 1969 ίδίων
1520 1915 1739 1983 ἀγαθῶν
1785 1918 1940 1968 ἐπαι-

371 1999 647 2069 σθόμενος,
681 2002 763 2056 ὃτι
804 2022 822 2053 ι
865 2005 927 2057 El
954 2005 1181 2076 δοκιμὴν
1222 2007 1435 2076 ζητεῖτε
1474 2006 1568 2062 τοῦ
1597 2009 1654 2061 ἐν
1693 2008 1815 2077 ἐμοὶ
1847 2007 1959 2062 λα·-

369 2090 585 2155 λοῦντος
603 2094 862 2164 Χριστοῦ.
900 2115 918 2149 ι
954 2098 1094 2165 Καὶ,
1121 2097 1202 2152 ὅτι
1230 2116 1248 2150 ι
1282 2098 1368 2153 Ζῶ
1397 2098 1454 2151 δὲ
1485 2096 1595 2167 ἐγὼ
1620 2099 1719 2151 οὐκ
1746 2098 1847 2165 ἔτι,
1872 2096 1937 2169 ζῇ

367 2186 423 2239 δὲ
455 2186 512 2237 ἐν
540 2187 662 2256 ἐμοὶ
690 2188 941 2258 Χριστός.
982 2208 1000 2241 ι
1358 2244 1371 2261 ,

438 2269 606 2339 Οὗτος
637 2272 729 2330 οῦν
757 2278 850 2335 τοῦ
882 2280 1022 2333 κατά
1054 2280 1284 2352 Χριστὸν
1316 2281 1669 2352 ὀνομάζοντος
1708 2280 1938 2354 ἐγνώρι-

370 2384 460 2420 σεν
512 2370 643 2438 ἡμῖν
703 2368 764 2421 τὸ
816 2371 1248 2441 σημαινόμενον,
1307 2374 1517 2435 εἰπὼν,
1570 2374 1652 2426 ὅτι
1708 2372 1939 2443 Χριστός

368 2461 484 2513 ἐστι
511 2460 643 2513 Θεοῦ
669 2460 893 2530 δύναμις
926 2462 1019 2515 καὶ
1050 2461 1185 2515 Θεοῦ
1218 2463 1397 2531 σοφία,
1432 2462 1566 2517 ἀλλὰ
1601 2464 1693 2517 καὶ
1717 2466 1939 2534 εἰρήνην

367 2551 528 2609 αὑτὸν
554 2552 799 2619 ἐκάλεσε,
828 2554 921 2608 καὶ¹
946 2554 1060 2623 φῶς
1080 2554 1393 2625 ἀπρόσιτον,
1426 2558 1484 2608 ἐν
1504 2549 1547 2623 ᾧ
1568 2558 1710 2609 οἱκεί
1730 2558 1757 2609 ὁ
1781 2556 1952 2625 Θεὸς,-

369 2642 639 2712 άγιασμόν
672 2660 733 2695 τε
760 2644 855 2697 καὶ
893 2624 1288 2714 ἀπολύτρωσιν,
1334 2646 1596 2717 ἀρχιερέα
1638 2663 1697 2699 τε
1741 2624 1943 2715 μέγαν,

367 2735 462 2787 καὶ
489 2735 699 2804 Πάσχα,
749 2734 1056 2805 ἱλαστήριον
1100 2736 1308 2805 ψυχῶν,
1364 2737 1704 2808 ἀπαύγασμα
1757 2736 1935 2808 δόξης,

367 2828 689 2898 χαρακτῆρα
716 2828 1084 2894 ὑποστάσεως,
1116 2831 1210 2883 καὶ
1231 2830 1456 2901 ποιητὴν
1476 2830 1708 2893 αἰώνων,
1742 2830 1939 2902 βρῶμα

368 2920 732 2991 πνευματικὸν
766 2920 858 2974 καὶ
900 2922 1083 2991 πόμα,
1130 2922 1225 2975 καὶ
1262 2922 1488 2993 πέτραν,
1520 2923 1614 2976 καὶ
1646 2922 1809 2993 ὕδωρ,
1852 2922 1940 2975 θε-

369 3009 553 3080 μέλιον
587 3010 839 3076 πίστεως,
872 3010 967 3065 καὶ
1010 3010 1209 3079 γωνίας
1253 3012 1513 3082 κεφαλὴν,
1548 3012 1644 3065 καὶ
1681 3011 1816 3065 Θεοῦ
1843 3012 1937 3064 τοῦ

366 3104 595 3174 ἀοράτου
647 3103 859 3167 εἰκόνα,
909 3102 1002 3155 καὶ
1037 3102 1210 3173 μέγαν
1257 3102 1409 3169 Θεὸν,
1459 3104 1700 3175 κεφαλήν
1747 3121 1807 3157 τε
1839 3102 1932 3157 τοῦ

365 3196 463 3265 τῆς
509 3194 831 3265 Ἐκκλησίας
881 3193 1150 3265 σώματος,
1191 3194 1286 3247 καὶ
1322 3194 1421 3263 τῆς
1465 3195 1657 3264 καινῆς
1704 3194 1934 3258 κτίσεως

368 3285 735 3357 πρωτότοκον,
768 3285 862 3340 καὶ
896 3285 1151 3356 ἀπαρχὴν
1180 3284 1287 3337 τῶν
1322 3284 1757 3355 κεκοιμημένων,
1787 3302 1937 3352 πρω-

366 3378 584 3430 τότοκον
606 3378 668 3429 ὲκ
695 3376 924 3448 νεκρῶν,
955 3376 1048 3429 καὶ⁵
1080 3375 1425 3447 πρωτότοκον
1459 3378 1515 3428 ἐν
1542 3376 1754 3439 πολλοῖς
1784 3376 1937 3429 ἀδελ-

368 3470 507 3536 φοῖς,
561 3468 652 3519 καὶ
710 3466 935 3537 μεσίτην
977 3466 1115 3519 Θεοῦ
1164 3466 1260 3519 καὶ
1302 3464 1637 3538 ἀνθρώπιον,
1684 3467 1778 3520 καὶ¹
1810 3467 1936 3520 Υίὸν

371 3559 630 3628 μονογενῆ
661 3558 786 3629 δόξῃ
810 3559 903 3611 καὶ
940 3560 1071 3628 τιμῇ
1112 3557 1575 3628 ἐστεφανωμένον,
1610 3558 1705 3611 καὶ
1734 3557 1938 3627 Κύριον

367 3652 466 3721 τῆς
503 3652 679 3722 δόξης,
704 3651 798 3705 καὶ
823 3650 995 3722 ἀρχὴν
1024 3650 1133 3703 τῶν
1158 3651 1325 3704 ὄντων
1367 3650 1571 3721 (οὕτως
1608 3650 1777 3704 είπὼν
1807 3649 1937 3721 περὶ

366 3743 566 3798 αὑτοῦ·
618 3745 715 3806 Ὃς
768 3744 916 3796 ἐστιν
969 3742 1181 3814 ἀρχὴ),
1237 3742 1459 3812 βασιλέα
1502 3760 1561 3795 τε
1593 3742 1937 3814 δικαιοσύνης

367 3836 503 3907 πρὸς
548 3834 788 3899 τούτοις,
835 3834 1057 3905 βασιλέα
1104 3836 1360 3904 εἰρήνης,
1406 3835 1499 3887 καὶ
1547 3833 1771 3904 βασιλέα
1826 3836 1937 3890 τῶν

365 3928 649 3991 ἁπάντων,
692 3926 1099 3997 ἀπερίγραπτον
1158 3924 1347 3994 ἔχοντα
1398 3929 1497 3997 τῆς
1551 3927 1823 3997 βασιλείας
1877 3926 1938 3981 τὸ

368 4019 586 4089 κράτος.
623 4018 734 4071 Καὶ
783 4016 917 4070 ἀλλα
960 4015 1185 4069 τοιαῦτα
1217 4016 1415 4082 πολλὰ,
1460 4011 1534 4071 ὧν
1582 4018 1681 4071 ούκ
1730 4018 1842 4071 ἔστι
1876 4018 1938 4071 τὸ

368 4108 570 4180 πλῆθος
618 4107 812 4179 ῥαδίως
846 4105 1347 4177 ἐξαριθμήσασθαιο
1401 4109 1542 4178 ἅπερ
1594 4108 1769 4161 πάντα
1814 4124 1937 4161 συν-

369 4200 589 4253 τεθέντα
634 4198 765 4268 πρὸς
793 4198 1015 4267 ἄλληλα.
1055 4199 1152 4268 τῆς
1199 4200 1427 4251 ἑκάστου
1475 4198 1581 4250 τῶν
1634 4198 1938 4267 ἐπωνύμων

365 4292 635 4352 διανοίας.
666 4290 726 4342 τὸ
762 4290 889 4359 παρ’
936 4289 1132 4359 ἑαυτῆς
1168 4290 1246 4351 είς
1275 4288 1498 4352 ἔνδειξιν
1542 4287 1636 4341 τοῦ
1673 4306 1937 4359 σημαινο-

370 4384 529 4453 μένου
564 4380 1050 4452 συνεισφερούσης,
1084 4380 1320 4450 ἕμφασίν
1362 4397 1484 4433 τινα
1512 4380 1612 4449 τῆς
1656 4380 1937 4450 σημασίας

2042 1926 2098 1979 in
2146 1940 2232 1980 me
2282 1926 2523 1995 loquitur
2569 1924 2844 1980 Christus.
2881 1942 2899 1973 ι
2966 1921 3053 1984 Ει,
3109 1939 3127 1972 ι
3170 1919 3302 1973 Vivo
3355 1932 3454 1987 ego
3496 1916 3613 1985 jam

2039 2031 2149 2073 non
2177 2031 2298 2088 ego,
2334 2016 2465 2071 vivit
2507 2024 2687 2071 autem
2728 2016 2781 2069 in
2824 2030 2910 2069 me
2940 2011 3196 2068 Christus
3219 2013 3263 2067 ¹.
3304 2032 3324 2064 ι

2112 2285 2211 2341 llic
2238 2284 2402 2356 igitur
2434 2280 2595 2339 nobis
2624 2286 2677 2337 et
2724 2292 2889 2351 quam
2932 2276 3042 2331 vim
3078 2289 3277 2330 nomen
3316 2274 3423 2329 hoc
3452 2272 3613 2328 Chri-

2042 2389 2162 2434 stus
2200 2377 2399 2431 habeat
2433 2371 2730 2445 patefecit,
2776 2384 2902 2425 cum
2933 2368 3140 2423 diceret
3174 2365 3454 2421 Christum
3489 2380 3614 2420 esse

2041 2472 2135 2525 Dei
2171 2470 2430 2524 virtutem
2457 2476 2511 2521 et
2548 2464 2644 2520 Dei
2679 2462 3025 2533 sapientiam,
3061 2475 3297 2537 cumque
3327 2466 3381 2513 et
3422 2471 3613 2528 pacem

2040 2564 2217 2631 ipsum
2252 2559 2562 2614 nominaret
2597 2564 2651 2611 et
2697 2555 2875 2608 lucem
2918 2550 3378 2615 inaccessibilem,
3413 2548 3467 2603 in
3502 2562 3614 2617 qua

2040 2650 2186 2705 Deus
2218 2648 2509 2711 inhabitat,
2540 2645 2928 2716 expiationem,
2963 2651 3018 2698 et
3058 2642 3513 2711 redemptionem,
3558 2646 3614 2694 et

2038 2742 2374 2798 sacerdotem
2415 2753 2697 2810 magnum,
2730 2746 2784 2793 et
2810 2736 3045 2797 Pascha,
3078 2743 3131 2790 et
3166 2735 3612 2805 propitiationem

2038 2832 2365 2893 animarum,
2386 2828 2730 2899 splendorem
2750 2827 2937 2897 gloriae
2954 2835 3008 2880 ct
3026 2825 3251 2897 ﬁguram
3270 2823 3610 2887 substantire,

2036 2932 2091 2979 et
2116 2923 2425 2978 effectorem
2457 2920 2802 2984 saeculorum,
2832 2918 3013 2973 cibum
3048 2932 3111 2971 ac
3140 2924 3327 2987 potum
3356 2915 3616 2985 spiritua-

2038 3017 2165 3079 letn,
2195 3022 2403 3085 petram
2426 3019 2478 3067 et
2503 3026 2721 3081 aquam,
2741 3008 3158 3064 fundamentum
3185 3006 3330 3068 lidei,
3357 3016 3411 3061 et
3428 3004 3613 3074 anguli

2039 3113 2222 3176 caput,
2245 3111 2298 3159 ct
2318 3102 2411 3157 Dei
2430 3100 2720 3156 invisibilis
2744 3100 3055 3168 imaginem,
3076 3106 3128 3153 et
3147 3111 3400 3167 magnum
3422 3094 3611 3160 Deum,

2038 3193 2458 3266 caputcorporis
2472 3191 2751 3254 Ecclesiaz,
2766 3198 2819 3244 et
2836 3204 2988 3243 novae
3011 3197 3274 3243 creatura:
3288 3185 3614 3257 primogeni-

2038 3296 2176 3349 tum,
2203 3292 2256 3340 et
2280 3282 2550 3355 primitias
2566 3295 2755 3336 eorum
2774 3279 2864 3349 qui
2884 3277 3244 3341 dormierunt,
3273 3283 3327 3331 et
3344 3275 3614 3345 primoge-

2037 3377 2213 3430 nitum
2233 3390 2297 3430 ex
2316 3374 2569 3439 mortuis,
2588 3381 2641 3427 et
2662 3368 3083 3442 primogenitum
3117 3368 3171 3421 in
3204 3366 3390 3421 multis
3424 3364 3612 3419 fratri-

2037 3467 2162 3531 bus,
2183 3475 2236 3521 et
2254 3465 2603 3521 mediatorem
2626 3463 2719 3519 Dei
2737 3471 2791 3518 et
2814 3461 3117 3527 hominum,
3139 3468 3193 3514 et
3209 3457 3405 3512 Filium
3426 3456 3615 3528 unigeo

2038 3561 2212 3614 nitum
2256 3558 2429 3629 gloria
2475 3565 2529 3612 et
2580 3555 2789 3609 honore
2825 3559 3172 3615 coronatum,
3228 3558 3283 3605 et
3321 3549 3612 3604 Dominum

2038 3652 2243 3724 gloriae,
2273 3660 2327 3706 et
2355 3664 2541 3706 rerum
2582 3646 2935 3719 principium,
2967 3651 3020 3700 et
3052 3658 3232 3715 regem
3262 3641 3511 3712 justitize,
3544 3640 3613 3694 ad

2038 3747 2155 3801 haec
2183 3752 2237 3801 et
2277 3758 2460 3814 regem
2492 3742 2671 3811 pacis,
2696 3749 2751 3796 et
2792 3756 2973 3812 regem
3020 3739 3289 3803 omnium,
3322 3735 3612 3806 imperium

2038 3837 2192 3910 regni
2239 3836 2408 3891 nullis
2447 3833 2698 3890 terminis
2732 3833 3215 3902 circumscriptum
3252 3829 3611 3883 obtinentem.

2039 3926 2136 3983 llis
2173 3937 2227 3983 et
2274 3925 2397 3979 aliis
2438 3923 2493 3979 id
2533 3939 2706 3994 genus
2761 3921 3078 3978 nominibus
3127 3935 3253 3976 eum
3300 3916 3612 3988 appellavit,

2038 4034 2160 4089 qua:
2198 4026 2310 4071 tam
2346 4016 2517 4070 multa
2562 4022 2781 4069 suntut
2822 4029 2934 4084 pra:
2965 4010 3312 4067 multitudine
3353 4007 3495 4062 haud
3528 4006 3613 4060 fa-

2024 4109 2142 4173 cile
2186 4122 2418 4162 numero
2470 4103 2861 4176 comprehendi
2913 4101 3148 4172 possint.
3206 4100 3335 4165 Quae
3390 4096 3611 4166 quidem

2038 4201 2219 4255 omnia
2248 4200 2294 4255 si
2331 4201 2472 4254 inter
2501 4213 2559 4253 se
2583 4205 3001 4266 componantur,
3035 4202 3089 4248 et
3121 4191 3461 4261 singulorum
3495 4188 3609 4241 col-

2038 4293 2277 4363 ligantur
2335 4288 2802 4360 significationes,
2861 4285 3165 4339 mirabilem
3227 4281 3386 4336 nobis
3446 4280 3611 4349 hujus

2040 4381 2280 4436 nominis
2322 4380 2527 4434 Christi
2561 4378 2669 4432 vim
2710 4376 2979 4447 aperient,
3032 4381 3087 4429 et
3117 4372 3422 4441 majestatis
3464 4371 3610 4425 illius

366 4474 459 4527 τοῦ
511 4474 651 4526 κατά
713 4472 945 4543 Χριστὸν
1002 4471 1263 4542 ὀνόματος
1313 4474 1445 4541 ἡμῖν
1502 4473 1753 4541 ἐμποιεῖ,
1813 4473 1936 4526 ὅσον

2041 4490 2161 4545 quae
2207 4474 2389 4528 verbis
2440 4470 2702 4541 explicari
2766 4470 2980 4537 nequit,
3032 4475 3243 4521 tantum
3297 4463 3610 4529 ostendent,

366 4564 649 4635 χωροῦμεν
698 4566 765 4635 τῇ
816 4563 961 4633 ψυχῇ
1011 4563 1369 4633 κατανοῆσαι,
1422 4562 1673 4617 τοσοῦτον
1720 4562 1789 4616 τά
1837 4564 1936 4631 τῆς

366 4658 647 4729 ἀφράστου
680 4654 1093 4727 μεγαλειότητος
1124 4654 1252 4723 ἡμῖν
1295 4652 1698 4723 ἐνδεικνύμενα.
1716 4654 1936 4725 Ἐπειδὴ

364 4750 543 4802 τοίνυν
575 4748 755 4818 πάσης
803 4746 958 4811 ἀξίας
996 4762 1055 4797 τε
1090 4745 1183 4798 καὶ
1224 4743 1471 4808 ἐξουσίας
1504 4746 1597 4799 καὶ
1622 4744 1937 4809 δυναστείας

367 4844 680 4913 ὑπέρκειται
719 4840 781 4892 τὸ
814 4839 911 4909 τῆς
953 4837 1224 4909 βασιλείας
1250 4836 1486 4907 ἀξίωμα,
1516 4839 1581 4908 τῇ
1607 4837 1663 4890 δὲ
1689 4836 1781 4890 τοῦ
1806 4838 1939 4909 Χρισ-

369 4929 493 4985 στοῦ
538 4927 878 5000 προσηγορίᾳ
914 4926 1116 4996 κυρίως
1155 4925 1248 4978 καὶ
1292 4924 1521 4996 πρώτως
1564 4924 1624 4977 τὸ
1664 4924 1938 4993 βασιλικὸν

366 5020 779 5090 διασημαίνεται
830 5017 1031 5089 κράτος
1075 5018 1403 5087 (προηγεῖτο
1456 5015 1593 5087 γὰρ,
1650 5015 1832 5078 καθὼς
1881 5018 1939 5069 ὲν

366 5115 482 5173 ταῖς
530 5109 789 5180 ίστορίαις
833 5108 1129 5179 ἐμάθομεν,
1178 5107 1278 5177 τῆς
1330 5106 1603 5176 βασιλείας
1645 5108 1677 5175 ἡ
1716 5106 1939 5176 χρίσις).

365 5205 429 5270 τῇ
458 5201 515 5254 δὲ
553 5199 799 5271 βασιλείᾳ
828 5200 977 5252 πᾶσα
1000 5199 1033 5266 ή
1064 5196 1173 5249 τῶν
1202 5195 1402 5249 λοιπῶν
1434 5196 1821 5267 ἐμπεριέχεται
1846 5196 1937 5249 δύ-

366 5310 561 5363 ναμις,
593 5291 782 5345 τούτου
809 5290 970 5361 χάριν
1001 5289 1030 5341 ὁ
1063 5288 1131 5342 τά
1166 5287 1524 5359 περιεχόμενα
1558 5290 1897 5359 κατανοήσας
1920 5328 1935 5353 ,

368 5384 459 5435 καὶ
494 5383 593 5452 τὴν
635 5380 987 5452 περιεκτικὴν
1015 5378 1124 5432 τῶν
1166 5378 1305 5432 κατά
1341 5380 1502 5449 μέρος
1535 5381 1935 5451 συγκατενόησε

366 5472 609 5542 δύναμιν.
650 5470 798 5540 Αῦτη
832 5471 890 5523 δέ
932 5472 1079 5523 ἐστιν
1116 5473 1148 5538 ὴ
1182 5470 1459 5539 βασιλεία,
1508 5466 1576 5542 ἧς
1608 5472 1934 5526 ἐνδεικτικὸν

368 5561 533 5631 δνομα
578 5564 611 5632 ὴ
647 5561 738 5614 τοῦ
780 5559 1013 5633 Χριστοῦ
1060 5561 1247 5630 κλῆσίς
1295 5561 1439 5614 ἐστιν
1497 5563 1703 5617 Οὐκοῦν
1747 5564 1932 5619 ἐπειδῇ

441 5736 527 5791 ιιι
560 5734 686 5805 Cor.
732 5751 849 5801 xm,
880 5737 932 5791 '5.
1029 5741 1048 5770 ²
1083 5736 1254 5799 Calat.
1288 5752 1347 5805 ll,
1373 5736 1463 5791 εἶθ.

2041 4576 2305 4636 quantum
2342 4564 2543 4618 animis
2583 4569 2637 4617 ct
2664 4561 2995 4632 cogitatione
3034 4572 3229 4629 capere
3257 4556 3609 4611 valuerimus.

2042 4658 2267 4722 Verum,
2329 4654 2589 4725 quoniam
2635 4652 2783 4706 omni
2829 4650 3098 4721 dignitati,
3148 4655 3202 4702 et
3240 4646 3517 4717 potentiae,
3563 4655 3610 4699 et

2042 4747 2369 4818 principatui
2420 4744 2569 4814 regia
2600 4741 2862 4813 prmcellit
2898 4738 3221 4809 amplitudo,
3272 4736 3477 4792 Christi
3518 4749 3609 4787 au-

2042 4851 2147 4895 tem
2180 4838 2401 4893 nomine
2432 4836 2642 4906 regium
2673 4832 3017 4903 signiﬁcatur
3050 4828 3338 4898 imperium
3377 4832 3524 4895 (nam
3556 4831 3610 4877 ut

2041 4948 2107 4987 ex
2148 4928 2496 4984 historiarum
2541 4926 2698 4980 libris
2743 4922 3070 4985 didicimus,
3109 4919 3261 4988 prius
3303 4925 3608 4986 unguntur,

2041 5022 2134 5091 qui
2170 5020 2341 5075 futuri
2396 5026 2526 5074 sunt
2570 5016 2790 5087 reges),
2833 5026 3000 5083 regno
3046 5018 3226 5064 autem
3274 5008 3455 5062 omnis
3487 5006 3605 5059 reli-

2043 5128 2275 5183 quorum
2306 5110 2589 5166 nominum
2627 5108 2708 5162 vis
2742 5105 3091 5167 continetur;
3136 5115 3202 5155 eo
3233 5099 3289 5153 lit
3334 5106 3394 5153 ut
3421 5098 3514 5166 qui
3547 5112 3607 5150 ea

2041 5218 2163 5273 qua}
2192 5199 2726 5269 comprehenduntur
2766 5194 3073 5266 cognoscit.
3108 5191 3270 5247 simul
3312 5189 3475 5244 etiam
3510 5188 3604 5242 illa

2041 5293 2490 5362 complectentem
2541 5286 2811 5356 intelligat
2847 5291 3194 5356 potestatem.
3261 5280 3373 5335 lloc
3426 5288 3608 5334 autem

2042 5400 2267 5453 regnum
2304 5393 2407 5445 est,
2447 5379 2594 5451 quod
2638 5378 2858 5449 quidem
2896 5391 3126 5447 regnum
3178 5373 3381 5428 Christi
3425 5370 3611 5441 appel-

2045 5478 2245 5531 latione
2276 5476 2567 5529 indicatur;
2602 5469 2965 5537 Quamobrem
2992 5482 3127 5522 cum
3164 5465 3406 5520 omnium
3435 5461 3608 5516 maxi-

2045 5582 2189 5629 mum
2223 5576 2276 5623 ct
2309 5564 2732 5629 divinissimutn,
2779 5568 2835 5617 et
2875 5559 3109 5631 primum
3156 5571 3351 5612 nomen
3396 5551 3611 5616 Domini
