4096 6354
478 353 587 408 23:3

1746 368 1803 424 S.
1838 367 2170 425 GREG‘ORH
2210 367 2506 425 NYSSENI

3630 367 3734 421 9.36

482 479 658 532 nostri
689 478 905 536 bonitas
937 483 1094 538 nobis
1121 484 1499 554 impertivcrit,
1532 496 1592 544 ut
1615 490 1818 546 Christi
1846 507 2049 562 cogno-

2153 492 2246 546 τοῦ
2281 492 2536 563 μεγίστου
2575 507 2634 542 τε
2671 487 2765 542 καὶ
2795 486 3072 541 θειοτάτου
3099 489 3194 542 καὶ
3238 486 3458 558 πρώτου
3489 487 3598 541 τῶν
3620 489 3736 540 ovo-

482 568 628 623 miue
678 568 921 626 decorati
971 575 1306 643 appellentur
1333 577 1658 644 Christiani,
1693 597 1924 637 necesse
1968 592 2055 638 est

481 668 543 714 ut
570 661 754 716 omnia
785 663 1028 729 nomina,
1059 681 1181 736 qua:
1205 683 1395 723 vocem
1423 670 1566 726 banc
1597 671 2052 742 interpretantur,

464 750 540 833 ‘in
590 752 750 808 nobis
798 754 925 809 item
999 759 1412 829 conspiciantur
1458 778 1739 832 expressa,
1792 780 1863 820 ne
1913 764 2056 820 falso

469 844 662 913 vocati
705 843 1005 901 Christiani
1051 849 1359 916 videamur,
1405 854 1499 908 sed
1557 870 1624 910 ex
1664 856 1774 910 vita
1803 858 2056 913 testimo-

471 935 634 989 'nium
675 937 991 996 habeamus.
1042 941 1228 1012 Neque
1275 945 1419 1000 enim
1452 961 1520 1001 ex
1551 947 1917 1017 appellatione
1962 962 2054 1003 res

483 1026 643 1094 ﬁunt,
680 1030 773 1085 sed
805 1046 992 1087 earum
1022 1035 1268 1104 subjecta
1312 1047 1530 1104 natura,
1558 1054 1900 1108 quacunque
1934 1047 2056 1094 tan-

481 1119 605 1176 dem
635 1119 726 1200 illa
757 1122 848 1185 sit,
883 1125 992 1194 apti
1019 1127 1256 1184 nominis
1289 1129 1686 1200 signiﬁcatione
1719 1118 2050 1186 declaratur.

483 1196 728 1282 Exempli
760 1216 957 1284 gratia,
1009 1217 1055 1274 si
1097 1219 1301 1286 arbori,
1333 1196 1428 1275 aut
1477 1230 1643 1291 petra:
1689 1222 1928 1276 hominis
1955 1237 2054 1276 vo-

484 1303 739 1358 cabulum
793 1306 1119 1374 tribuamus,
1157 1309 1350 1364 ideone
1389 1313 1598 1381 planta,
1637 1320 1730 1366 aut
1781 1313 1922 1382 lapis
1951 1314 2056 1368 erit

461 1393 690 1464 homo?
747 1394 967 1452 Minime
1019 1414 1184 1466 vero;
1241 1399 1336 1455 sed
1389 1409 1605 1471 oportet
1660 1411 1718 1457 ut
1769 1404 1932 1458 homo
1984 1404 2057 1459 sit

479 1483 658 1552 prius,
706 1485 903 1542 deinde
944 1503 1185 1560 congrua
1222 1490 1397 1561 ipsius
1445 1503 1654 1549 natum
1693 1495 2056 1564 appellatione

479 1575 794 1632 nominetur
825 1596 839 1632 :
866 1593 929 1634 ac
961 1596 1028 1636 nc
1071 1581 1183 1636 illis
1213 1583 1455 1651 quidem,
1486 1601 1607 1656 qua:
1638 1585 2054 1641 similitudinem

2161 584 2345 655 μάτων
2385 583 2575 652 γέγονε
2600 582 2750 653 παρὰ
2775 580 2870 634 τοῦ
2908 579 3113 648 ἀγαθοῦ
3151 578 3424 632 Δεσπότου
3461 579 3593 649 ἡμῖν
3623 597 3736 632 κοι-

2155 675 2342 738 νωνία,
2388 673 2530 727 ὥστε
2556 674 2678 736 τοὺς
2710 676 2777 744 τῇ
2819 671 3104 744 ἐπωνυμία
3142 671 3238 724 τοῦ
3281 671 3516 742 Χριστοῦ
3568 687 3732 740 τιμη-

2153 765 2348 828 θέντας
2375 765 2733 836 Χριστιανοὺς
2764 762 3130 835 ὀνομάζεσθαι
3150 780 3164 794 ·
3198 763 3494 830 ἀναγκαῖον
3522 760 3589 814 ἂν
3625 760 3711 823 εἴη

2157 859 2334 912 πάντα
2360 856 2428 910 τὰ
2461 855 2832 928 ἐρμηνευτικὰ
2859 855 2961 925 τῆς
2991 854 3248 924 τοιαύτης
3281 853 3467 924 φωνῆς
3494 853 3722 923 ὀνόματι

2157 950 2252 1004 καὶ
2297 951 2353 1003 ὲν
2403 950 2535 1020 ἡμῖν
2586 945 2958 1018 καθορᾶσθαι,
3000 946 3079 1010 ὡς
3125 944 3201 1018 μὴ
3249 943 3601 1014 ψευδώνυμον
3649 945 3718 1010 sq:

2158 1043 2290 1114 ἡμῖν
2320 1038 2460 1095 εἶναι
2501 1041 2601 1110 τὴν
2636 1041 2848 1111 κλῆσιν,
2881 1039 2996 1092 ἀλλ’
3026 1038 3090 1092 ὲκ
3117 1037 3210 1092 τοῦ
3235 1036 3352 1106 βίου
3389 1035 3487 1106 τὴν
3529 1051 3736 1104 μαρτυ-

2162 1133 2283 1204 ρίαν
2309 1130 2471 1202 ἔχειν.
2507 1132 2582 1185 Οὐ
2603 1131 2712 1202 γὰρ
2738 1131 2803 1183 ὲκ
2827 1127 2921 1182 τοῦ
2953 1127 3236 1184 καλεῖσθαί
3259 1145 3312 1181 τι
3334 1127 3396 1180 τὸ
3426 1122 3564 1180 εἶναι
3591 1124 3734 1192 γίνε-

2155 1239 2278 1279 ται·
2314 1222 2429 1276 ἀλλ’
2456 1225 2489 1294 ἡ
2534 1221 2865 1290 ὑποκειμένη
2905 1219 3089 1288 φύσις,
3115 1219 3202 1272 οία
3228 1217 3272 1272 δ’
3306 1217 3372 1272 ἂν
3403 1211 3538 1271 οὖσα
3563 1215 3734 1288 τύχῃ,

2157 1313 2245 1368 διὰ
2284 1316 2388 1384 τῆς
2429 1310 2740 1384 προσφυοῦς
2770 1309 2865 1364 τοῦ
2919 1311 3179 1380 ὀνόματος
3210 1308 3489 1378 σημασίας
3535 1307 3735 1377 γνωρί-

2159 1404 2331 1470 ζεται.
2366 1401 2490 1458 Οἶόν
2523 1421 2576 1457 τι
2616 1405 2778 1474 λέγω·
2819 1404 2882 1457 Et
2928 1402 3129 1475 δένδρῳ
3166 1401 3312 1472 τιςῆ
3345 1399 3520 1470 πέτρᾳ
3564 1414 3733 1469 προσ-

2157 1495 2386 1566 ηγορίαν
2423 1493 2710 1566 ἀνθρώπου
2758 1494 3072 1566 χαρίσαιτο,
3103 1487 3212 1562 ἆρα
3257 1489 3540 1560 ἄνθρωπος
3583 1487 3734 1540 ἔσται

2154 1587 2246 1643 διὰ
2297 1587 2396 1658 τὴν
2430 1588 2647 1657 κλῆσιν,
2696 1587 2730 1658 ἢ
2781 1587 2843 1640 τὸ
2875 1584 3059 1655 φυτὸν,
3093 1584 3126 1655 ἢ
3157 1585 3186 1637 ό
3221 1583 3398 1648 λίθος;
3444 1579 3558 1636 Οὐκ
3616 1578 3734 1633 ἔστι

477 1945 607 1986 vere
653 1946 1041 2006 nuncupetur,
1103 1955 1419 2010 germanam
1471 1944 1698 1998 omnino
1739 1947 2060 2014 appellatio-

481 1665 718 1737 aliquam
779 1668 983 1724 habent
1042 1673 1185 1728 inter
1238 1679 1319 1740 se,
1384 1673 1522 1729 idem
1577 1691 1774 1730 nomen
1836 1679 2049 1748 proprie

2157 1680 2330 1736 ταῦτα
2349 1697 2361 1711 ·
2389 1679 2526 1734 ἀλλὰ
2549 1678 2654 1751 χρὴ
2686 1677 2904 1750 πρῶτον
2933 1669 3075 1730 εἶναι
3099 1672 3402 1744 ἄνθρωπον,
3433 1667 3532 1725 εἷθ’
3563 1669 3733 1734 οὕτως

479 1755 755 1820 convenit,
797 1764 856 1810 ιιι
893 1758 940 1813 si
992 1761 1116 1829 quis
1144 1770 1383 1816 statuam
1419 1765 1690 1818 hominem
1745 1766 1913 1831 dicat,
1960 1775 2049 1822 aut

2157 1770 2519 1841 ὀνομασθῆναι
2549 1771 2616 1840 τῇ
2666 1765 3030 1864 προσηγορία.
3052 1765 3149 1834 τῆς
3182 1763 3414 1864 τρύσεως.
3458 1760 3596 1864 ρύδε
3627 1777 3732 1830 γαρ

477 1858 702 1913 equum,
740 1847 888 1905 illius
937 1851 1247 1921 imaginem,
1285 1854 1380 1910 sed
1421 1863 1479 1908 ut
1509 1856 1711 1924 aliquid
1747 1859 1967 1928 proprie
1997 1867 2049 1914 et

2153 1861 2246 1912 ἐπὶ
2280 1859 2387 1913 τῶν
2436 1858 2796 1930 όμοιωμάτων
2840 1858 2895 1910 αἱ
2938 1854 3157 1924 κλήσεις
3199 1851 3379 1922 ἔχουσι
3423 1850 3483 1904 τὸ
3526 1848 3732 1918 κύριον,

2152 1953 2229 2017 ὡς
2265 1952 2318 2004 εί
2343 1969 2427 2016 τις
2473 1950 2758 2022 ἄνθρωπον
2807 1948 2955 2017 λέγει
2989 1947 3082 2000 τὸν
3125 1944 3454 2016 ἀνδριάντα,
3493 1941 3525 2012 ἢ
3567 1943 3732 1994 ἵππον

479 2036 602 2078 nem
654 2035 846 2082 natura
881 2028 1299 2087 demonstrabit.
1349 2033 1406 2088 Si
1449 2034 1582 2104 quid
1631 2044 1814 2091 autem
1861 2053 1951 2093 ars
1999 2038 2049 2093 iu

2153 2043 2215 2096 τὸ
2247 2043 2508 2114 μίμημαο
2546 2042 2660 2096 ἀλλ’
2703 2043 2751 2094 εί
2782 2039 2965 2111 μέλλοι
3006 2057 3060 2091 τι
3110 2037 3315 2108 κυρίως
3355 2034 3448 2088 καὶ
3489 2031 3730 2101 ἀψευδῶς

477 2130 608 2182 aere,
657 2127 751 2172 aut
809 2135 1106 2189 marmore,
1166 2133 1260 2180 aut
1309 2125 1418 2180 alio
1477 2127 1752 2198 ejusmodi
1807 2131 2049 2200 subjecto

2151 2133 2537 2204 ὀνομάζεσθαι,
2571 2133 2744 2204 ἀληθῆ
2769 2131 2931 2197 δείξει
2979 2131 3196 2192 πάντως
3221 2129 3321 2198 τὴν
3362 2123 3730 2199 προσηγορίαν

480 2205 800 2275 imitabitur,
831 2212 883 2267 id
915 2212 1090 2283 ipsius
1121 2217 1361 2272 materia:
1388 2233 1586 2274 nomen
1625 2221 1913 2275 obtinebit.

2158 2227 2191 2295 ἡ
2219 2225 2399 2294 φύσις.
2453 2226 2518 2279 Ἦ
2545 2227 2602 2280 δὲ
2643 2225 3012 2295 ἁναδεξαμένη
3040 2223 3138 2294 τὴν
3170 2223 3400 2292 μίμησιν
3431 2219 3557 2288 ὕλη,
3599 2217 3736 2284 ὅπερ

477 2297 546 2350 ἂν
569 2294 702 2353 οὖσα
723 2303 881 2375 τύχῃ,
905 2304 1062 2358 τοῦτο
1089 2307 1184 2360 καὶ
1209 2308 1553 2380 ὀνομάζεται,
1579 2311 1799 2382 χαλκὸς,
1824 2311 1858 2384 ἢ
1883 2311 2051 2379 λίθος,
2090 2315 2124 2387 ἦ
2157 2294 2210 2370 τι
2239 2317 2478 2372 τοιοῦτον
2509 2318 2717 2390 ἕτερον,
2751 2311 2796 2386 ᾧ
2844 2294 3109 2369 ἐπέϐαλεν
3152 2315 3186 2384 ἡ
3232 2313 3396 2384 τέχνη
3461 2309 3528 2363 τδ
3599 2303 3735 2368 εἶδος

479 2390 614 2460 πρὸς
639 2391 698 2444 τὸ
719 2392 906 2449 δοκοῦν
938 2400 1343 2468 σχηματίσασα.

474 2486 476 2488 ’
547 2480 892 2552 Quapropter
920 2488 1015 2556 qui
1039 2504 1098 2544 se
1123 2491 1408 2546 nominant
1427 2492 1791 2560 Christianos,
1823 2496 1874 2551 id
1898 2497 2052 2568 prius

477 2579 689 2640 oportet
735 2584 795 2630 ut
832 2578 962 2644 sint,
989 2580 1136 2650 quod
1179 2583 1345 2652 exigit
1383 2583 1562 2654 ipsum
1602 2601 1822 2653 nomen,
1854 2588 2051 2645 deinde

477 2679 596 2716 eam
624 2664 727 2720 sibi
753 2669 1173 2738 appellationem
1206 2675 1641 2732 accommodent.
1685 2679 1762 2732 Ac
1794 2679 2052 2748 quemad-

478 2754 697 2809 modum
747 2758 793 2812 si
827 2759 951 2829 quis
1001 2777 1191 2818 verum
1225 2763 1499 2822 hominem
1537 2769 1608 2823 ab
1639 2769 1860 2825 homine
1901 2771 2050 2826 scul-

478 2853 570 2913 pto
599 2846 730 2902 velit
767 2850 1078 2922 seiungere,
1115 2870 1179 2910 ex
1211 2856 1500 2926 utriusque
1535 2861 1959 2930 proprietatibus
1993 2861 2046 2916 id

2228 2493 2438 2549 Οὐκοῦν
2469 2495 2596 2558 τοὺς
2621 2493 2730 2548 ἀπὸ
2763 2489 2857 2546 τοῦ
2904 2490 3141 2564 Χριστοῦ
3175 2491 3398 2553 ἑαυτοὺς
3443 2491 3733 2562 ὀνομάζον-

2157 2605 2276 2651 τας,
2316 2588 2527 2658 πρῶτον
2565 2586 2815 2654 γενέσθαι
2844 2584 2950 2656 χρὴ
2981 2585 3119 2654 ὅπερ
3158 2583 3218 2636 τὸ
3261 2582 3432 2653 ὄνομα
3463 2581 3730 2651 βούλεται,

2158 2674 2259 2732 εἶθ’
2278 2678 2450 2741 οὕτως
2474 2677 2686 2740 ἑαυτοῖς
2713 2675 3019 2746 ἐφαρμόσαι
3049 2673 3147 2745 τὴν
3177 2672 3387 2746 κλῆσιν.
3413 2674 3522 2727 Καὶ
3546 2672 3732 2745 ὥσπερ

2157 2771 2316 2834 εἴτις
2342 2768 2605 2841 διακρίνοι
2628 2767 2736 2822 ἀπὸ
2769 2767 2862 2822 τοῦ
2898 2767 3049 2831 ὄντος
3081 2765 3369 2836 ἀνθρώπου
3401 2765 3490 2819 τὸν
3522 2766 3733 2836 ὁμωνύ-

2159 2882 2273 2936 μως
2318 2863 2411 2918 ἐπὶ
2440 2863 2541 2933 τῆς
2585 2863 2791 2926 εἰκόνος
2838 2862 3146 2933 λεγόμενον,
3179 2861 3245 2912 ἐκ
3289 2861 3395 2912 τῶν
3427 2859 3730 2930 ἰδιωμάτων

476 2934 664 3000 faciet,
721 2938 952 2995 alterum
999 2957 1255 3001 asserens
1302 2947 1506 3002 animal
1558 2949 1827 3006 rationale
1885 2960 2048 3022 atque

2154 2934 2439 3024 ποιήσεται
2467 2953 2568 3024 τὴν
2599 2953 2871 3026 διάκρισιν
2902 2952 2984 3021 (τὸ
3029 2951 3127 3022 μὲν
3164 2950 3275 3022 γὰρ
3318 2950 3456 3016 ζῶον
3509 2950 3726 3019 λογικὸν

470 3026 684 3095 judicio
727 3031 1036 3102 praeditum,
1083 3035 1314 3092 alterum
1359 3055 1491 3096 vero
1531 3044 1817 3097 materiam
1866 3043 2050 3100 inani-

474 3130 700 3184 matam,
725 3138 846 3191 qua:
872 3124 1176 3182 imitatione
1199 3125 1430 3183 formam
1471 3131 1710 3188 induerit
1737 3151 1750 3188 :
1778 3133 1858 3189 sic
1883 3136 2048 3191 etiam

474 3227 604 3266 vere
650 3212 1027 3270 Christianum
1073 3217 1351 3275 hominem
1401 3221 1470 3275 ab
1503 3237 1568 3277 eo
1599 3223 1691 3292 qui
1744 3224 2049 3282 Christiani

475 3307 688 3355 tantum
717 3303 953 3372 speciem
989 3305 1172 3368 habet.
1204 3324 1270 3364 ex
1299 3311 1521 3380 propria
1551 3314 1843 3386 utriusque
1875 3318 2049 3372 forma

467 3391 900 3464 distinguemus.
940 3396 1069 3454 Veri
1117 3399 1416 3457 Christiani
1465 3402 1696 3460 formam
1738 3410 2052 3478 exprimunt

477 3481 568 3536 illa
598 3485 809 3550 omnia,
838 3504 959 3556 qua:
991 3490 1058 3544 de
1101 3489 1321 3547 Christo
1351 3498 1926 3554 commemoravimus.
1970 3499 2050 3556 Ex

474 3575 676 3640 quibus
724 3592 809 3644 ea,
841 3595 964 3648 qu:e
995 3584 1192 3651 capere
1221 3599 1538 3653 possumus,
1572 3587 1850 3645 imitamur
1885 3613 1898 3648 :
1929 3608 2051 3663 qua:

475 3680 607 3719 vero
650 3665 704 3721 in
746 3677 999 3724 naturam
1047 3681 1296 3729 nostram
1330 3677 1399 3730 ad
1437 3676 1762 3735 imitandum
1795 3697 1906 3738 non
1957 3700 2052 3740 ca-

473 3753 633 3819 dunt,
679 3772 742 3812 ea
769 3775 1098 3817 veneramur
1143 3773 1200 3819 et
1249 3767 1507 3825 colimus.
1557 3769 1950 3839 Quamobrem,
1991 3785 2051 3832 ut

474 3847 676 3916 aliquis
721 3851 794 3905 sit
822 3851 1098 3921 perfectus
1141 3855 1306 3913 homo
1337 3857 1451 3926 Dei,
1504 3869 1565 3915 ut
1595 3861 1774 3932 inquit
1817 3864 2051 3934 Aposto-

474 3936 561 3992 lus
585 3938 624 4005 ³,
665 3939 816 3996 ηιιΙΙο
855 3942 1018 3999 modo
1048 3960 1145 4016 per
1192 3947 1456 4002 malitiam
1499 3951 1890 4020 perfectionem
1943 3947 2048 4009 im-

472 4029 744 4096 minuens,
797 4043 1031 4103 oportet,
1087 4043 1145 4091 ut
1172 4039 1359 4093 omnia
1403 4043 1652 4107 nomina,
1687 4059 1808 4114 qua:
1843 4045 2048 4102 Christi

471 4120 924 4190 signiﬁcationem
951 4127 1252 4198 explicant,
1287 4131 1340 4186 in
1380 4131 1502 4202 ejus
1540 4134 1654 4189 vita
1690 4137 1891 4206 partim
1918 4139 2048 4194 imi-

471 4213 698 4279 latione,
741 4217 941 4285 partim
991 4223 1346 4278 veneratione
1395 4225 1725 4282 colluceant.
1773 4229 2051 4294 Quemadv

2151 3044 2485 3116 διανοητικόν
2525 3044 2814 3114 ὀνομάσει,
2847 3041 2908 3096 τὸ
2943 3041 3001 3095 δὲ
3027 3041 3213 3114 ἕτερον
3253 3041 3386 3112 ὓλην
3413 3039 3618 3110 ἄψυχον
3639 3040 3730 3094 διὰ

2155 3137 2438 3208 μιμήσεως
2467 3132 2806 3188 ὑπελθοῦσαν
2842 3132 2903 3186 τὸ
2941 3129 3134 3201 εἶδος)⁶
3173 3131 3314 3185 οὕτω
3336 3133 3430 3184 καὶ
3468 3131 3559 3185 τὸν
3591 3133 3729 3202 Χρι-

2154 3225 2390 3292 στιανὸν,
2434 3227 2532 3281 τόν
2566 3243 2626 3280 τε
2659 3224 2873 3297 άληθῶς
2901 3224 3029 3278 ὄντα
3064 3223 3158 3277 καί¹
3185 3223 3275 3276 τὸν
3312 3221 3593 3286 δοκοῦντα,
3635 3222 3728 3276 διὰ

2151 3318 2261 3373 τῶν
2320 3317 2754 3387 ἐπιφαινομένων
2813 3315 2927 3380 τοῖς
2983 3315 3360 3387 χαρακτῆρσιν
3421 3315 3728 3384 ἰδιωμάτων

2153 3409 2582 3481 ὲπιγνωσόμεθα.
2615 3409 2975 3480 Χαρακτῆρες
3004 3407 3060 3460 δὲ
3089 3406 3182 3459 τοῦ
3209 3406 3377 3470 ὅντως
3401 3403 3728 3477 Χριστιανοῦ

2153 3502 2329 3556 πάντα
2350 3501 2576 3555 κάκεῖνά
2591 3502 2759 3562 ἐστιν,
2776 3500 2877 3552 ὅσα
2895 3498 3023 3570 περὶ
3043 3497 3135 3552 τὸν
3155 3497 3386 3568 Χριστὸν
3404 3497 3726 3568 ὲνοήσαμεν.

2151 3586 2253 3648 Ὧν
2287 3594 2388 3647 ὅσα
2421 3592 2518 3664 μὲν
2539 3590 2846 3665 χωροῦμεν,
2888 3590 3231 3663 μιμούμεθα·
3262 3591 3363 3642 ὅσα
3390 3589 3447 3642 δὲ
3472 3589 3533 3642 οὐ
3565 3589 3730 3660 χωρεί

2151 3687 2185 3758 ἡ
2213 3685 2374 3756 φύσις
2419 3683 2556 3756 πρὸς
2591 3682 2842 3754 μίμησιν,
2875 3679 3145 3751 σεϐόμεθά
3174 3697 3233 3733 τε
3263 3680 3358 3734 καὶ
3387 3679 3727 3750 προσκυνοῦι-

2154 3793 2275 3847 μεν.
2311 3773 2520 3830 Οὐκοῦν
2547 3773 2725 3827 πάντα
2749 3771 2820 3825 τὰ
2845 3769 3212 3841 ἐρμηνευτικὰ
3237 3769 3337 3840 τῆς
3362 3767 3457 3821 τοῦ
3487 3765 3725 3840 Χριστοῦ

2153 3867 2428 3939 σημασίας
2474 3865 2712 3936 ὀνόματα
2755 3862 3087 3933 ὲπιλάμπειν
3133 3860 3240 3931 χρὴ
3285 3859 3365 3931 τῷ
3414 3858 3726 3931 Χριστιανῷ

2149 3959 2282 4030 βίῳ,
2310 3958 2380 4012 τὰ
2413 3957 2512 4029 μὲν
2541 3956 2631 4010 διὰ
2660 3955 2965 4026 μιμήσεως,
3000 3952 3068 4006 τὰ
3095 3953 3152 4006 δὲ
3171 3951 3260 4006 διὰ
3286 3952 3725 4024 προσκυνήσεως,

2150 4050 2198 4104 εί
2237 4048 2420 4120 μέλλοι
2445 4048 2629 4119 ἄρτιος
2677 4042 2813 4100 εἶναι
2847 4047 2874 4098 ὁ
2905 4043 2998 4098 τοῦ
3030 4043 3166 4098 Θεοῦ
3204 4043 3512 4114 ἅνθρωπος,
3545 4040 3727 4106 καθώς

2151 4157 2316 4211 φησιν
2353 4140 2382 4192 ό
2423 4136 2758 4200 Ἀπόστολος,
2787 4134 3038 4206 μηδαμοῦ
3068 4134 3157 4187 διὰ
3185 4134 3286 4204 τῆς
3315 4133 3513 4196 κακίας
3539 4133 3725 4203 ἀκρω-

2151 4231 2423 4303 τηριάζων
2449 4229 2546 4300 τὴν
2566 4228 2882 4299 ἀρτιότητα.
2913 4227 3120 4294 Ὥσπερ
3143 4225 3251 4295 γὰρ
3282 4227 3330 4278 οἱ
3360 4225 3458 4287 τὰς
3489 4222 3725 4294 μυθικὰς

471 4307 691 4360 modum
721 4309 867 4362 cnim
909 4310 1003 4380 qui
1039 4315 1415 4371 commentitia
1457 4315 1764 4374 fabularum
1800 4331 2046 4379 monstra

471 4397 552 4419 -...I
599 4398 840 4419 A_-a!-_.-
896 4402 980 4419 ..ΑΙ
1035 4403 1085 4419 η·
1127 4410 1139 4419 .
1426 4405 1453 4419 η
1615 4415 1624 4419 Α
1709 4409 1722 4419 ι
1891 4412 1903 4419 .
1962 4413 1974 4419 -

2151 4317 2433 4391 τερατείας
2460 4317 2493 4386 ἣ
2522 4315 2609 4370 διὰ
2632 4315 2738 4369 τῶν
2764 4315 2937 4383 λόγων
2964 4312 2998 4384 ῆ
3031 4313 3119 4367 διὰ
3141 4313 3241 4419 τῆς
3264 4315 3542 4419 γραφικῆς
3563 4313 3725 4419 πλάσ-

469 4397 555 4451 vel
595 4398 845 4454 oratione
896 4402 984 4456 vel
1034 4403 1250 4472 pictura
1312 4405 1654 4476 conﬁngunt,
1707 4409 2046 4481 buccphalos

2151 4426 2335 4472 σοντες
2390 4408 2607 4478 τέχνης,
2651 4404 3017 4476 βουκεφάλους
3063 4404 3236 4468 τινας.
3289 4404 3322 4476 ἢ
3365 4403 3725 4458 ἱπποκενταύ-

468 4487 762 4556 quosdam,
796 4499 890 4545 aut
916 4491 1398 4562 hippocentauros,
1445 4507 1539 4552 aut
1564 4500 1920 4570 anguipedes,
1951 4511 2047 4558 aut

2152 4516 2297 4572 ρους,
2331 4499 2365 4568 ἦ
2388 4497 2832 4570 δρακοντόποδας,
2875 4496 2908 4566 ἢ
2937 4495 3064 4549 ἄλλο
3106 4512 3158 4548 τι
3183 4495 3422 4548 τοιοῦτον
3451 4494 3511 4560 ἐξ
3539 4496 3724 4565 ἑτερο-

467 4578 749 4649 quidpiam
779 4581 928 4636 aliud
954 4597 1020 4638 ex
1046 4583 1284 4640 diversis
1305 4587 1599 4656 generibus
1626 4602 2044 4662 componentes,

2151 4589 2321 4659 γενῶν
2343 4587 2702 4652 συντιθέντες,
2727 4587 2785 4640 οὐ
2813 4586 2950 4657 πρὸς
2967 4585 3030 4639 τὸ
3053 4585 3163 4688 τῆς
3179 4584 3723 4690 φύσεωςὶδιρχέτυπον

469 4685 580 4724 non
638 4670 708 4724 ad
770 4673 1054 4743 exemplar
1106 4685 1318 4731 naturae
1351 4678 1599 4749 dirigunt
1657 4682 2039 4753 imitationem,

2151 4683 2242 4756 τὴν
2275 4681 2502 4752 μίμησιν
2532 4679 2778 4748 ἄγουσιν,
2809 4676 2946 4730 ἀλλὰ
2977 4676 3066 4730 διὰ
3102 4675 3203 4746 τῆς
3251 4675 3559 4746 παραλόγου
3592 4675 3724 4730 ταύ-

468 4759 564 4814 sed
591 4775 852 4828 perversa
881 4761 974 4816 illa
997 4763 1312 4820 inventione
1339 4773 1593 4823 naturam
1618 4781 2039 4840 pmtereuntes,

2151 4792 2243 4846 της
2274 4773 2512 4836 ἐπινοίας
2546 4772 2646 4843 τὴν
2687 4770 2847 4839 φύσιν
2893 4769 3267 4840 ἐμφαίνοντες,
3315 4768 3444 4822 ἄλλο
3469 4785 3522 4822 τι
3552 4768 3722 4822 πλάσ-

467 4865 577 4904 non
602 4850 903 4919 hominem,
928 4853 1024 4909 sed
1052 4853 1200 4910 aliud
1226 4856 1487 4926 quiddam
1517 4860 1812 4933 elﬁngunt;
1839 4864 2044 4934 quippe

2151 4883 2328 4932 σουσι,
2374 4865 2469 4918 καὶ
2500 4865 2600 4917 οὐκ
2649 4862 2969 4934 ἄνθρωπον,
3007 4861 3433 4932 σχηματίζοντες
3473 4861 3610 4932 πρὸς
3661 4861 3722 4914 τὸ

464 4942 560 5012 qui
595 4958 662 4997 ex
687 4957 755 4998 eo
796 4945 942 5014 quod
974 4945 1214 5013 videtur,
1243 4948 1297 5002 id
1343 4948 1582 5006 formant
1613 4953 1760 5023 quod
1791 4970 1899 5009 non
1933 4955 2040 5020 est",

465 5034 625 5104 cujus
674 5035 802 5092 licet
844 5037 1030 5109 aliqua
1080 5054 1210 5112 pars
1242 5042 1480 5112 cuipiam
1521 5047 1747 5100 humani
1793 5048 2042 5117 corporis

464 5129 602 5194 parti
658 5129 855 5184 similis
893 5132 1165 5196 videatur,
1221 5148 1385 5189 nemo
1436 5142 1616 5192 tamen
1652 5137 1705 5192 id
1747 5139 1895 5208 quod
1941 5140 2042 5194 ab-

466 5217 631 5272 surda
671 5219 763 5273 illa
809 5223 1206 5290 compositione
1255 5223 1551 5279 conﬂatum
1607 5236 1709 5293 est,
1762 5228 2038 5283 hominem

465 5305 610 5361 dicat
636 5327 648 5362 :
682 5311 872 5365 eodem
913 5323 1071 5382 pacto
1101 5314 1248 5370 haud
1286 5324 1436 5373 recte
1468 5318 1746 5390 perfectus
1769 5323 2040 5376 Christiao

465 5413 573 5453 nus
627 5403 1012 5472 appellabitur,
1079 5406 1174 5476 qui
1231 5407 1314 5462 vel
1373 5425 1400 5462 a
1463 5413 1672 5468 ratione
1727 5414 2037 5472 abhorrens

454 5483 631 5557 caput
673 5492 935 5559 obtineat,
971 5497 1026 5551 id
1055 5508 1138 5552 εει
1173 5499 1187 5553 i
1229 5515 1350 5554 sum
1388 5502 1628 5558 universi
1661 5519 1912 5573 corporis
1940 5522 2034 5560 ca-

463 5590 582 5648 Dltt,
621 5584 764 5652 quod
800 5583 1037 5642 Verbum
1076 5602 1159 5645 est
1235 5591 1337 5647 ﬁde
1382 5609 1489 5649 non
1527 5594 1741 5663 habeat,
1782 5601 2033 5668 quamvis

538 5767 555 5797 ³
589 5763 624 5817 ll
658 5763 871 5820 Timoth
937 5783 1018 5832 ιιι,
1055 5739 1168 5821 ΓΙ.⁶

2141 4955 2332 5012 δοκοῦν
2366 4956 2427 5008 τὸ
2467 4954 2837 5024 ἀνύπαρκτον’
2892 4952 2985 5006 καὶ
3021 4953 3121 5006 οὐκ
3174 4951 3241 5006 ἄν
3299 4969 3384 5016 τις
3435 4953 3720 5023 ἄνθρωπον

2140 5049 2284 5102 εἴποι
2340 5047 2400 5100 τὸ
2448 5045 2828 5116 πεπλασμένον
2881 5044 2968 5098 διὰ
3024 5044 3126 5114 τῆς
3179 5043 3469 5098 ἀλλοκότου
3516 5044 3722 5115 ταύτης

2143 5141 2478 5204 συνθέσεως,
2514 5139 2617 5192 κᾶν
2645 5137 2802 5209 μέρει
2840 5137 2944 5191 τινὶ
2972 5136 3065 5195 τοῦ
3096 5135 3436 5206 ἀνθρωπίνου
3467 5134 3719 5203 σώματος

2141 5232 2458 5303 προσεοικὸς
2511 5230 2648 5302 τύχῃ
2701 5229 2761 5282 τὸ
2795 5229 2959 5300 μέρος
3003 5227 3095 5282 τοῦ
3135 5227 3451 5298 πλάσματος
3477 5243 3492 5258 ⁸
3545 5227 3714 5290 οὕτως

2140 5324 2246 5377 οὐδ’
2283 5323 2349 5376 ἂν
2400 5321 2722 5393 Χριστιανὸς
2761 5319 3004 5392 ἀκριϐῶς
3049 5316 3374 5389 όνομασθείη
3431 5319 3461 5370 ό
3497 5317 3597 5388 τὴν
3626 5334 3718 5370 κε-

2140 5414 2314 5484 φαλὴν
2335 5413 2528 5481 ἄλογον
2561 5411 2723 5482 ἔχων,
2754 5409 3054 5472 τουτέστιν,
3082 5408 3112 5460 ό
3147 5408 3246 5478 τὴν
3279 5406 3374 5461 τοῦ
3403 5407 3601 5470 παντὸς
3629 5423 3716 5459 κε-

2139 5504 2331 5576 φαλὴν,
2371 5505 2491 5574 ἥτις
2537 5504 2566 5555 ὁ
2599 5502 2769 5570 Λόγος
2798 5501 2968 5563 ἐστὶν,
2998 5501 3056 5552 ὲν
3105 5501 3170 5568 τῇ
3207 5499 3386 5552 πίστει
3443 5497 3516 5568 μὴ
3552 5497 3712 5567 ἔχων,

2139 5597 2242 5652 κᾶν
2274 5598 2332 5651 ἐν
2368 5597 2476 5660 τοῖς
2507 5592 2685 5656 ἄλλοις
2731 5591 2917 5663 ἄρτιος
2947 5585 3002 5665 ᾖ,
3028 5589 3060 5661 ἢ
3095 5591 3123 5644 ό
3152 5592 3218 5661 τῇ
3256 5590 3462 5661 κεφαλῇ
3490 5590 3589 5659 τῆς
3623 5587 3712 5640 πί-
