4096 6354
327 270 432 327 957

1340 266 1430 320 DE
1467 264 1829 324 PERFECTA
1869 264 2275 324 CIIRISTIANI
2315 264 2571 321 FORMA.

3482 268 3589 321 9.58

330 402 503 449 στεως
526 383 601 456 μὴ
631 383 962 455 κατάλληλον
988 383 1396 455 ἐνδεικνύμενος
1423 387 1523 457 τῆς
1548 385 1821 451 πολιτείας
1848 387 1910 440 τὸ

2013 387 2228 443 caeteris
2253 386 2500 457 partibus
2534 384 2824 440 absolutus
2853 385 2945 449 sit,
2977 384 3062 439 vel
3089 400 3157 440 eo
3182 385 3362 454 capite
3393 386 3591 454 praedi-

329 477 521 546 σῶμα,
568 475 601 545 ἢ
641 474 950 546 δρακόντων
971 473 1165 545 θυμοῖς
1194 475 1578 546 συμφυόμενος
1597 516 1612 541 ,
1661 477 1756 530 καὶ
1787 478 1907 531 καθ’

324 566 619 636 ὁμοιότητα
652 565 763 618 τῶν
786 563 1034 637 ἑρπετῶν
1065 565 1272 619 τούτων
1303 566 1751 638 ἐκθηριούμενος,
1786 567 1819 639 ἢ
1851 568 1913 621 τὸ

326 658 637 729 θηλυμανὲς
660 657 772 712 τῶν
792 658 977 712 ἵππων
997 658 1076 730 τῷ
1093 658 1418 731 ἀνθρωπίνῳ
1453 660 1759 731 χαρακτῆρι
1782 678 1914 731 συμ-

325 749 561 813 ϐάλλων,
594 750 689 804 καὶ
716 749 915 821 διφυής
942 767 1027 813 τις
1056 750 1486 821 ἱπποκένταυρος
1516 751 1582 804 ἐκ
1608 751 1826 819 λογικοῦ
1848 769 1909 805 τε

326 842 420 894 καὶ
441 841 639 909 ἀλόγου
663 840 967 911 γινόμενος.
985 840 1270 904 Τοιούτους
1290 840 1346 894 δὲ
1368 841 1593 905 πολλοὺς
1614 842 1763 895 ἐστιν
1782 843 1910 896 ίδείν

327 932 385 983 ἐν
403 930 606 1001 μόσχου
628 930 862 1002 κεφαλῇ,
881 930 1159 986 τουτέστιν
1181 933 1238 984 ἐν
1256 929 1334 1002 τῷ
1350 932 1451 1002 τῆς
1469 931 1910 1004 είδωΑολατρείας

326 1020 573 1093 δόγματι,
604 1021 696 1076 τὸν
717 1022 1031 1092 εὐσχήμονα
1069 1022 1466 1094 κατορθοῦντας
1496 1024 1609 1094 βίον
1643 1020 1788 1094 (οἷον
1816 1024 1909 1077 τὸν

328 1111 688 1185 Μινώταυρον
710 1112 1077 1186 γράφουσιν),
1117 1115 1167 1167 oi
1202 1116 1259 1168 ἐν
1292 1114 1604 1186 Χριστιανῷ
1633 1115 1910 1187 προσώπῳ

330 1203 611 1274 θηριωδῶς
644 1203 1050 1275 ὑφαρμόξοντες
1074 1203 1152 1274 τῷ
1186 1203 1287 1274 βίῳ
1314 1204 1374 1257 τὸ
1401 1204 1580 1274 σῶμα,
1608 1205 1752 1268 οἴους
1782 1205 1909 1268 τοὺς

328 1293 655 1365 κενταύρους
698 1294 733 1365 ἢ
772 1296 900 1358 τοὺς
939 1294 1372 1366 δρακοντόποδας
1416 1294 1762 1349 πλάττουσιν.
1818 1294 1909 1357 Ὦς

328 1384 394 1438 ἂν
457 1384 670 1451 τοίνυν,
730 1384 985 1457 καθάπερ
1040 1385 1133 1441 ἐπὶ
1187 1384 1439 1456 σώματος
1499 1384 1816 1457 ἀνθρώπου,
1879 1385 1909 1438 6

329 1476 649 1546 Χριστιανὸς
695 1475 1045 1548 γνωρίζοιτο,
1088 1476 1308 1531 πάντων
1338 1478 1604 1548 προσήκει
1629 1476 1738 1531 τῶν
1767 1476 1909 1533 κατά

327 1566 418 1619 τὸν
444 1567 677 1637 Χριστὸν
703 1567 1008 1638 νοουμένων
1032 1566 1253 1635 ἀγαθῶν
1295 1567 1385 1621 τὸν
1415 1567 1605 1622 πιστὸν
1651 1566 1910 1638 ἐνσημαί-

328 1658 512 1712 νεσθαι
538 1658 618 1729 τῷ
644 1658 746 1730 βίῳ
769 1660 898 1722 τοὺς
917 1659 1293 1730 χαρακτῆρας.
1328 1658 1403 1712 Τὸ
1439 1660 1550 1729 γὰρ
1584 1658 1641 1712 ἐν
1673 1677 1779 1713 τινι
1809 1660 1908 1731 μὲν

2014 485 2103 533 tus
2140 478 2381 548 reliquas
2408 475 2659 546 corporis
2684 484 2870 547 partes
2900 482 2994 530 aut
3027 476 3194 545 capiti
3224 486 3318 530 aut
3358 478 3503 531 inter
3530 492 3591 531 se

2011 568 2240 623 minime
2282 566 2678 621 convenientes
2718 564 3020 635 possideat,
3076 565 3180 618 ltoc
3230 572 3317 619 est
3368 564 3589 618 vivendi

2011 658 2283 713 rationem
2317 672 2349 711 a
2389 657 2495 712 lide
2535 657 2771 713 alienam
2819 656 3090 721 instituat,
3126 672 3251 712 cum
3286 665 3342 712 et
3386 657 3588 712 draco-

2011 767 2142 806 num
2176 751 2335 805 I'uriis
2372 750 2614 805 imbutus
2662 748 2744 803 ira
2775 750 3165 814 excandescat,
3205 756 3369 818 atque
3414 748 3591 804 instar

2010 844 2207 899 horum
2238 842 2578 912 serpentium
2610 840 2763 895 humi
2798 850 2972 909 repat,
3006 848 3061 895 ct
3088 840 3348 909 equinam
3381 840 3588 894 rabiem

2010 948 2291 1005 apponens
2318 933 2571 986 humana:
2601 930 2790 986 forma:
2827 931 3152 986 feminarum
3184 931 3469 986 amoribus
3504 932 3589 984 in-

2010 1026 2214 1089 saniat,
2250 1032 2305 1080 et
2353 1040 2419 1079 ex
2463 1024 2669 1094 duplici
2700 1032 2920 1088 natura,
2967 1023 3207 1079 humana
3240 1023 3496 1078 videlicet
3534 1033 3591 1077 et

2010 1118 2210 1185 ferina,
2238 1118 2401 1173 veluti
2446 1117 2914 1188 bippoccntaurus
2962 1118 3257 1173 coalescat.
3302 1116 3588 1187 Ejusmodi

2009 1220 2193 1267 autem
2232 1212 2514 1265 hominum
2562 1224 2761 1281 genera
2807 1210 3015 1280 passim
3057 1209 3187 1265 licet
3228 1209 3458 1273 intueri,
3491 1212 3591 1278 qui

2008 1303 2095 1357 vel
2152 1302 2206 1355 in
2242 1301 2398 1355 vituli
2429 1302 2629 1371 capite,
2675 1300 2729 1354 in
2762 1300 3085 1355 idololatriae
3118 1300 3371 1355 videlicet
3420 1300 3591 1353 disci-

2010 1393 2183 1463 plina,
2205 1391 2404 1448 decore
2428 1392 2595 1446 vitam
2624 1391 2818 1446 oﬂiciis
2840 1392 3114 1447 excultam
3149 1401 3316 1463 agunt
3346 1390 3588 1461 (qualem

2010 1480 2273 1536 simulant
2289 1495 2414 1537 esse
2435 1480 2851 1549 minotaurum),
2873 1482 2956 1535 vel
2977 1481 3309 1536 Christiana:
3342 1495 3592 1551 persona:

2010 1572 2209 1628 belluas
2247 1587 2472 1642 corpus,
2528 1571 2583 1627 id
2632 1580 2717 1628 est
2769 1573 3101 1643 ﬂagitiosum
3146 1573 3365 1627 vivendi
3412 1588 3591 1643 genus

2012 1661 2303 1730 adjiciunt,
2343 1662 2537 1731 quales
2571 1660 3056 1731 liippocentauros,
3107 1670 3201 1715 aut
3250 1660 3591 1732 anguipedes

328 1746 467 1804 εἶναι
507 1751 745 1805 τοιοῦτον
777 1745 888 1804 οἷον
916 1749 977 1804 τὸ
1011 1750 1184 1821 δνομα
1228 1749 1498 1820 βούλεται,
1532 1754 1591 1804 ἐν
1615 1752 1823 1821 ἐτέροις
1855 1751 1910 1806 δέ

2015 1750 2248 1820 lingunt.
2299 1750 2742 1806 Consentaneum
2789 1750 2954 1821 igitur
2981 1758 3067 1805 est
3100 1759 3182 1814 ut,
3226 1752 3585 1820 quemadmo-

329 1840 466 1909 πρὸς
504 1840 573 1894 τά
625 1841 845 1894 ἐναντία
888 1839 1096 1910 ῥέπειν,
1127 1838 1280 1893 οὐδὲν
1309 1838 1496 1910 ἕτερόν
1529 1841 1699 1907 ἐστιν,
1752 1842 1787 1912 ἢ
1832 1842 1912 1905 είς

328 1931 587 2001 πολεμίου
613 1929 767 1995 τάξιν
811 1930 974 1985 αὑτὸν
1008 1929 1145 2002 πρὸς
1179 1929 1372 1984 ἐαυτὸν
1402 1929 1803 2001 διατέμνεσθαι,
1841 1931 1910 1985 δι’

328 2022 529 2092 ἀρετῆς
576 2022 671 2075 καὶ
705 2021 903 2085 κακίας
937 2022 996 2074 ἐν
1025 2020 1205 2091 ἐαυτῷ
1236 2021 1626 2087 στασιάζοντα,
1650 2022 1913 2079 ἄσπονδον

330 2114 493 2167 αὐτὸν
525 2113 676 2185 αὑτῷ
705 2114 801 2167 καὶ
843 2110 1157 2184 ἀσύμσατον
1180 2111 1260 2184 τῷ
1292 2112 1391 2184 βίῳ
1429 2114 1730 2185 γινόμενον.
1764 2132 1785 2166 ι
1816 2116 1913 2180 Τίς

329 2206 437 2275 γὰρ
479 2205 735 2260 κοινωνία
779 2204 918 2274 φωτὶ
958 2202 1096 2276 πρὸς
1140 2204 1361 2272 σκότος;
1399 2224 1419 2257 ι
1469 2205 1634 2275 φησιν
1665 2206 1696 2259 6
1752 2205 1913 2260 Ἀπό-

332 2295 538 2359 στολος.

2012 1842 2143 1897 dum
2196 1843 2253 1898 in
2314 1858 2547 1914 corpore
2593 1843 2834 1897 humano
2877 1844 3106 1914 singula:
3147 1851 3333 1912 partes
3384 1857 3588 1897 come-

2013 1932 2195 1997 niunt,
2250 1933 2332 1989 sic
2362 1940 2478 1987 tota
2520 1932 2822 1988 Christiani
2868 1934 2981 1989 vita
3029 1935 3309 1997 omnibus,
3358 1948 3481 2003 quae
3529 1934 3587 1986 in

2014 2021 2237 2078 Christo
2287 2037 2355 2078 ex
2386 2021 2493 2077 ﬁde
2528 2020 2974 2085 considerantur,
3032 2021 3191 2077 bonis
3231 2020 3583 2091 insigniatur.

2012 2112 2151 2169 Nam
2172 2113 2221 2169 si
2252 2127 2362 2168 una
2386 2112 2609 2184 quidem
2640 2128 2705 2168 ex
2743 2124 2900 2183 parte
2929 2112 3057 2167 talis
3082 2112 3161 2167 sis
3186 2112 3404 2181 qualem
3429 2109 3587 2164 Cirri-

2016 2206 2260 2262 stianum
2298 2205 2534 2276 requirit
2571 2218 2792 2269 nomen,
2823 2220 2888 2261 ex
2919 2205 3090 2260 altera
3118 2219 3250 2259 vero
3276 2205 3330 2257 in
3365 2210 3590 2257 contra-

2016 2297 2162 2352 rium
2203 2296 2470 2363 declines,
2515 2295 2654 2351 nihil
2688 2296 2836 2351 aliud
2872 2296 3069 2358 facias,
3116 2310 3280 2366 quam
3328 2295 3376 2349 si
3412 2294 3589 2349 hostis

330 2388 410 2443 tui
442 2387 615 2442 vicem
647 2386 904 2443 obtinens
932 2386 988 2441 in
1026 2384 1265 2456 teipsum
1292 2383 1581 2453 dividaris,
1617 2384 1765 2457 quod
1786 2400 1905 2441 eam
1945 2388 2272 2444 seditionem
2304 2388 2360 2443 in
2389 2395 2443 2443 te
2465 2402 2563 2458 per
2583 2387 2840 2443 virtutem
2863 2396 2919 2443 et
2947 2387 3137 2442 vitium
3197 2388 3468 2451 concites,
3528 2396 3588 2441 ut

329 2480 480 2534 nulla
526 2479 739 2534 ratione
765 2479 867 2535 tibi
906 2478 1027 2549 ipse
1057 2480 1115 2536 in
1141 2480 1252 2536 vita
1282 2478 1488 2554 placari
1510 2477 1910 2549 conciliarique
1945 2482 2147 2550 possis.
2196 2498 2216 2533 ι
2254 2479 2466 2536 Etenim
2497 2494 2622 2551 qua!
2649 2478 2885 2536 societas
2941 2479 3052 2534 luci
3093 2479 3163 2534 ad
3236 2480 3534 2535 tenebras?
3562 2498 3583 2531 ι

330 2582 391 2627 ιιι
422 2571 600 2642 inquit
627 2570 922 2640 Apostolus
940 2570 983 2625 ⁵.

411 2663 562 2716 Ἐπεὶ
587 2657 682 2715 οὖν
710 2661 941 2732 ἄμικτος
962 2658 1043 2731 τῷ
1075 2660 1214 2730 φωτὶ
1241 2660 1336 2714 καὶ
1365 2656 1718 2729 ἀμεσίτευτός
1756 2659 1905 2711 ἐστιν

328 2756 362 2826 ἠ
395 2752 707 2815 ἐναντίωσις
728 2768 744 2782 ·
783 2756 813 2806 6
851 2750 1178 2822 ἀμφοτέρων
1213 2749 1491 2820 ἐχόμενος,
1517 2748 1614 2802 καὶ
1646 2747 1721 2819 μὴ
1754 2746 1906 2801 θάτε-

330 2861 425 2915 ρον
452 2842 637 2896 αὐτῶν
668 2840 975 2912 μεθιεὶς,τῇ
1005 2839 1114 2893 τῶν
1135 2838 1613 2908 ἀντιστοιχοῦντων
1658 2834 1907 2906 ἀλλήλοις

328 2933 663 3004 ἑναντιότητι
690 2934 785 2986 καὶ
809 2930 971 2994 αὐτὸς
1022 2931 1143 2985 κατ’
1169 2929 1422 2999 ἀνάγκην
1450 2927 1904 2998 συνδιασχίζεται,

2078 2655 2213 2710 Cum
2249 2656 2416 2726 igitur
2451 2656 2562 2712 luci
2594 2656 2730 2712 adeo
2758 2656 3053 2711 contraria:
3096 2656 3207 2711 sint
3240 2659 3484 2716 tenebrae
3528 2668 3588 2714 ut

2009 2747 2164 2802 nullo
2220 2748 2383 2803 modo
2416 2748 2767 2804 commisceri
2810 2749 3077 2818 nulloque
3110 2749 3289 2804 medio
3323 2752 3587 2823 conjungi

2010 2838 2226 2908 possint
2254 2856 2268 2894 :
2302 2838 2398 2910 qui
2433 2840 2491 2893 in
2520 2838 2774 2908 utrisque
2812 2847 3088 2905 versatur,
3126 2855 3227 2895 nec
3260 2841 3585 2896 alterutram

2012 2930 2241 3001 negligit
2274 2939 2486 3001 partem
2510 2969 2527 2994 ,
2558 2931 2669 2986 illis
2699 2932 2842 2985 inter
2868 2945 2929 2985 se
2962 2931 3257 2987 contrariis
3287 2934 3589 3003 pugnanti-

329 3026 446 3095 φῶς
487 3024 630 3079 κατά
668 3022 865 3078 ταύτὸν
897 3023 992 3077 καὶ
1046 3021 1234 3085 σκότος
1263 3022 1321 3074 ἐν
1362 3019 1440 3091 τῷ
1482 3019 1774 3090 συμμίκτω
1807 3017 1910 3088 βίῳ

2012 3021 2139 3088 bus,
2180 3022 2299 3092 ipse
2343 3035 2566 3092 quoque
2610 3022 2931 3077 necessario
2989 3021 3283 3087 scinditur,
3312 3024 3587 3093 siquidem

328 3116 607 3187 γινόμενος
629 3130 643 3145 ’
670 3114 771 3185 τῆς
805 3116 904 3184 μὲν
934 3113 1169 3176 πίστεως
1205 3112 1299 3166 τὸν
1334 3110 1611 3182 φωτισμὸν
1650 3109 1905 3179 ἐνιείσης,

328 3206 421 3261 τοῦ
458 3207 516 3260 δὲ
559 3204 839 3259 σκοτεινοῦ
874 3204 991 3275 βίου
1014 3204 1115 3276 τὴν
1158 3205 1226 3257 ἐκ
1264 3202 1361 3257 τοῦ
1393 3202 1554 3271 λόγου
1587 3200 1910 3273 λαμπηδόνα

329 3296 838 3368 καταμελαίνοντος.
881 3294 1033 3347 ‘Enei
1060 3290 1153 3348 οὖν
1184 3293 1414 3364 ἄμικτός
1464 3294 1582 3345 ἐστι
1608 3291 1705 3345 καὶ
1732 3290 1910 3360 ἀσύμ-

328 3392 491 3457 6ατος
533 3390 615 3461 τῷ
661 3391 801 3462 φωτὶ
835 3388 971 3461 πρὸς
996 3388 1057 3442 τὸ
1101 3388 1292 3450 σκότος
1320 3389 1355 3459 ἡ
1396 3385 1673 3449 κοινωνία,
1705 3386 1735 3439 6
1776 3386 1909 3438 ἐκα-

327 3483 488 3554 τέρου
513 3481 624 3534 τῶν
650 3479 909 3533 ἐναντίων
953 3476 1362 3549 περιεχόμενος,
1400 3474 1562 3537 αὐτὸς
1603 3472 1780 3543 ἐαυτῷ
1809 3489 1908 3525 πο-

328 3574 515 3646 λέμιος
562 3573 815 3643 γίνεται,
850 3569 973 3640 διχῆ
1028 3567 1306 3639 μερισθεὶς
1366 3566 1505 3638 πρὸς
1560 3564 1762 3636 ἀρετὴν
1816 3564 1912 3618 καὶ

329 3666 547 3731 κακίαν,
570 3663 666 3717 καὶ
686 3660 867 3731 ἑαυτῷ
887 3658 1022 3733 πρὸς
1043 3657 1335 3714 ἀντίπαλον
1355 3655 1509 3723 τάξιν
1529 3655 1623 3709 ἀντ
1633 3652 1912 3709 ικαθιστά-

333 3774 513 3829 μενος.
544 3756 755 3825 Ὥσπερ
780 3752 839 3807 δέ
861 3752 962 3807 οὐκ
986 3751 1132 3805 ἐστιν
1160 3749 1219 3803 ἐν
1238 3748 1333 3803 δύο
1371 3746 1650 3817 πολεμίοις
1673 3743 1912 3816 ἀμφοτέ-

334 3867 461 3924 ρους
486 3847 713 3919 νικητάς
744 3845 865 3901 κατ’
890 3842 1135 3911 ἀλλήλων
1169 3838 1423 3909 γενέσθαι
1453 3840 1511 3910 (η
1530 3837 1640 3908 γάρ
1667 3837 1761 3891 τοῦ
1791 3836 1910 3899 ἐνὸς

334 3941 460 4010 νίκη
492 3939 722 3997 θάνατον
769 3934 865 3989 τοῦ
908 3930 1283 4003 ἀντικειμένου
1312 3929 1528 3991 πάντως
1575 3927 1908 3998 ἐργάζεται),

332 4029 474 4086 οὕτω
500 4030 592 4084 καὶ
629 4028 724 4081 ἐπὶ
769 4024 977 4095 ταύτης
1001 4024 1095 4093 τῆς
1132 4020 1399 4093 ἐμφυλίου
1447 4020 1650 4091 μάχης,
1692 4020 1791 4084 τῆς
1822 4019 1912 4073 διά

332 4121 426 4176 τοῦ
460 4120 763 4192 συμμίκτου
789 4117 902 4188 βίου
936 4113 1352 4185 συνισταμένης,
1387 4109 1448 4165 οὗ
1479 4129 1597 4175 πως
1624 4110 1737 4165 ἔστι
1758 4114 1912 4183 νικῆ-

336 4230 424 4267 σαι
450 4213 551 4283 τὴν
595 4211 877 4283 κρείττονα
909 4206 1250 4278 παράταξιν,
1302 4202 1379 4274 μὴ
1424 4201 1769 4273 πανωλεθρίᾳ
1812 4202 1912 4272 τῆς

334 4306 499 4379 ἄλλης
526 4302 935 4374 διαφθαρείσης.
964 4299 1089 4362 Πῶς
1110 4297 1221 4368 γὰρ
1249 4298 1279 4350 6
1309 4295 1408 4365 τῆς
1433 4294 1715 4358 εὐσεϐείας
1746 4310 1911 4364 στρα-

2010 3112 2203 3169 eodem
2235 3122 2484 3182 tempore
2521 3111 2576 3165 in
2608 3126 2671 3167 ea
2703 3110 3006 3182 permistus
3039 3111 3367 3168 confusione
3408 3123 3459 3168 et
3495 3114 3588 3171 lux

2007 3213 2064 3262 et
2096 3205 2336 3261 tenebrae
2364 3204 2623 3268 edicitur,
2657 3217 2783 3259 cum
2815 3212 2871 3259 et
2906 3204 3041 3261 fides
3072 3205 3249 3260 lucem
3285 3206 3585 3270 immittat,

2006 3304 2063 3354 et
2090 3296 2215 3351 vitae
2258 3296 2471 3351 malitia
2507 3295 2740 3352 rationis
2784 3294 3064 3366 splendori
3109 3297 3371 3353 tenebras
3409 3298 3590 3353 oﬂ‘un-

2009 3388 2123 3444 dat.
2161 3386 2430 3454 Quoniam
2463 3385 2632 3457 igitur
2660 3386 2811 3440 nulla
2846 3386 2992 3442 inter
3020 3387 3196 3442 lucem
3240 3396 3296 3444 et
3333 3391 3591 3446 tenebras

2008 3479 2253 3555 amicitia
2274 3517 2291 3544 ,
2323 3478 2473 3534 nulla
2502 3484 2680 3549 potest
2707 3493 2831 3535 esse
2858 3477 3177 3549 conjunctio
3196 3518 3214 3545 ,
3247 3481 3345 3551 qui:
3378 3488 3589 3537 utrum-

2009 3586 2117 3639 que
2148 3571 2487 3627 contrarium
2530 3570 2802 3641 suscipit,
2846 3570 2963 3642 ipse
2996 3570 3105 3625 sibi
3150 3570 3327 3626 hostis
3364 3571 3588 3637 evadit,

2011 3678 2137 3719 cum
2170 3662 2237 3717 ad
2268 3662 2531 3718 virtutem
2566 3668 2623 3717 et
2648 3662 2849 3717 vitium
2879 3668 2941 3716 ut
2968 3660 3110 3716 duas
3139 3660 3194 3715 in
3224 3670 3412 3732 partes
3447 3661 3589 3716 divi-

2011 3769 2111 3811 sus
2157 3753 2414 3817 inclinet,
2462 3760 2519 3807 et
2575 3766 2734 3807 more
2775 3751 2967 3807 hostili
3005 3759 3272 3823 tanquam
3313 3753 3589 3808 instructa

2010 3845 2130 3901 acie
2157 3846 2425 3915 seipsum
2478 3853 2777 3915 oppugnet.
2823 3845 2904 3899 Ac
2951 3844 3418 3915 quemadmodum
3471 3845 3589 3905 illi,

2011 3935 2109 4007 qui
2136 3934 2361 4007 capitali
2395 3935 2524 3991 odio
2551 3934 2886 3991 dissidentes
2916 3935 3215 4000 dimicant,
3249 3935 3473 4003 utrique
3514 3935 3591 3988 vi-

2011 4038 2194 4085 ctores
2226 4043 2352 4085 esse
2380 4035 2702 4099 nequeunt;
2749 4028 2916 4083 unius
2960 4029 3108 4082 enim
3160 4028 3389 4081 victoria
3428 4026 3589 4080 alteri

2010 4120 2159 4175 victo
2198 4133 2427 4190 prorsus
2469 4119 2752 4174 interitum
2802 4118 3002 4175 aﬂ‘ert:
3048 4119 3131 4174 sic
3176 4118 3230 4172 in
3286 4117 3597 4173 domestico.

2013 4210 2386 4281 intestinoque
2435 4211 2709 4278 discidio,
2755 4210 2905 4281 quod
2946 4226 3015 4266 ex
3056 4210 3185 4265 vitae
3230 4210 3591 4280 permistione

2014 4303 2290 4368 nascitur,
2340 4317 2473 4373 pars
2517 4302 2713 4358 melior
2761 4303 2883 4360 sine
2932 4301 3165 4358 alterius
3212 4302 3597 4356 internecione

332 4402 424 4464 τὸς
470 4398 735 4472 κρείττων
774 4396 875 4467 τῆς
920 4392 1119 4456 κακίας
1149 4392 1441 4462 γενήσεται
1465 4429 1480 4453 ,
1514 4389 1613 4460 τῆς
1669 4390 1909 4459 πονηρᾶς

2014 4394 2213 4449 victrix
2256 4410 2380 4451 esse
2423 4409 2535 4449 non
2580 4401 2780 4465 potest.
2825 4392 2930 4460 Qui
2970 4393 3116 4449 enim
3148 4392 3241 4448 ﬂet
3270 4400 3331 4447 ut
3363 4393 3591 4462 pietatis

336 4488 614 4559 φάλαγγος
643 4486 751 4541 τῶν
782 4484 1038 4538 ἐναντίων
1066 4480 1519 4551 ἀντιϐαινούσ-ηςς
1550 4479 1663 4533 ἀλλ’
1694 4481 1743 4533 εί
1778 4480 1907 4549 μὲλ-

333 4581 415 4634 λοι
445 4581 601 4651 νικᾷν
625 4578 686 4632 τὺ
720 4577 985 4647 κρεῖττον,
1029 4572 1420 4644 φονευθήσεται
1468 4571 1684 4635 πάντως
1706 4571 1766 4625 τὸ
1812 4572 1909 4626 ἀν-

334 4672 658 4741 τικείμενον.
710 4668 819 4721 Καὶ
866 4666 1038 4730 οὕτως
1085 4667 1120 4738 ἠ
1166 4666 1335 4736 ἀρετὴ
1374 4664 1517 4718 κατά
1572 4664 1671 4734 τῆς
1715 4663 1911 4727 κακίας

336 4761 444 4826 ἐξει
475 4760 544 4814 τά
593 4759 904 4830 νικητήρια,
936 4758 1063 4811 ὅταν
1095 4757 1204 4810 πᾶν
1250 4756 1312 4809 τὸ
1356 4755 1614 4826 πολέμιον
1658 4755 1794 4827 αὐτῇ
1823 4754 1911 4808 διὰ

335 4857 434 4925 τῆς
459 4855 564 4908 τῶν
598 4851 874 4923 λογισμῶν
920 4850 1237 4922 συμμαχίας
1282 4848 1645 4919 μεταχωρήσῃ
1676 4847 1812 4917 πρὸς
1847 4847 1910 4900 τὸ

338 4948 700 5018 ἀνύπαρκτον.
742 4944 855 4998 Καὶ
891 4942 1012 4997 τότε
1068 4939 1369 5012 πληροῦται
1394 4939 1457 4993 τὸ
1510 4939 1577 4993 ἐκ
1618 4938 1907 5009 προσώπου

337 5039 433 5093 τοῦ
461 5037 598 5091 Θεοῦ
638 5035 727 5089 sta
768 5036 868 5105 τῆς
901 5032 1234 5105 προφητείας
1256 5030 1569 5100 λεγόμενον,
1596 5029 1680 5083 ὅτι
1710 5046 1729 5081 ι
1772 5030 1911 5099 Ἐγὼ

338 5128 621 5185 ἀποκτενῶ
644 5168 656 5190 ,
692 5126 790 5180 καὶ
828 5124 929 5196 ζῇν
966 5123 1194 5193 ποιήσω.
1235 5140 1254 5173 ι
1286 5122 1362 5175 Οὐ
1408 5120 1518 5192 γάρ
1558 5121 1705 5174 ἐστιν
1736 5121 1911 5185 ἄλλως

338 5221 399 5274 τὸ
430 5224 489 5273 ἐν
517 5219 641 5289 ἐμοὶ
688 5214 893 5287 ἀγαθὸν
941 5212 1121 5285 ζῆσαι.
1163 5212 1237 5284 μὴ
1283 5210 1362 5282 τῷ
1388 5210 1603 5282 θανάτῳ
1650 5212 1911 5283 πολεμίου

341 5309 790 5381 ζωοποιούμενον.
819 5307 965 5369 Ἕως
1016 5306 1062 5358 δ’
1094 5303 1161 5358 ἂν
1214 5302 1322 5356 τῶν
1365 5302 1459 5357 δύο
1509 5302 1910 5374 περιεχώμεθα,

341 5405 575 5475 ἑκατέρᾳ
620 5401 765 5474 χειρὶ
818 5399 927 5454 τῶν
976 5395 1235 5453 ἐναντίων
1288 5395 1620 5465 ἁπτόμενοι,
1651 5394 1913 5448 ἀδύνατον

340 5497 481 5551 κατά
524 5493 715 5548 ταύτὸν
746 5490 854 5546 τῶν
910 5487 1233 5561 ἀμφοτέρων
1279 5484 1420 5555 ἔχειν
1469 5484 1565 5556 τὴν
1602 5485 1914 5555 μετουσίαν.

428 5671 455 5705 ⁵
480 5670 523 5725 ιι
560 5672 689 5728 Cor.
719 5687 793 5737 vi,
828 5667 914 5725 14.
1004 5668 1025 5699 ⁸
1052 5666 1206 5723 Deut.
1232 5678 1402 5732 “sit,
1435 5662 1521 5718 59.

2013 4488 2293 4542 exercitus
2324 4486 2580 4556 superior
2612 4485 2708 4551 sit,
2728 4484 2992 4540 vitiorum
3022 4484 3375 4539 multitudine
3416 4484 3587 4539 veluti

2014 4572 2284 4649 phalange
2316 4577 2555 4632 hostium
2601 4582 2795 4631 contra
2840 4583 3122 4646 pugnante
3138 4615 3163 4639 ,.
3198 4574 3307 4630 nisi
3348 4573 3464 4628 haec
3508 4575 3590 4629 uti

2016 4666 2251 4722 debilior
2277 4678 2308 4719 a
2336 4664 2719 4735 praestantiore
2746 4663 2966 4734 penitus
2993 4662 3243 4718 deleatur
3261 4661 3287 4715 ?
3313 4660 3469 4715 Tunc
3498 4675 3593 4715 au-

2018 4768 2126 4813 tem
2156 4757 2329 4811 virtus
2357 4754 2425 4811 de
2452 4755 2659 4810 malitia
2685 4754 2833 4811 victa
2854 4752 3238 4823 triumphabit,
3256 4766 3380 4806 eum
3413 4751 3589 4805 ratio-

2019 4850 2108 4904 nis
2134 4845 2359 4902 auxiliis
2390 4846 2632 4915 superati
2665 4859 2859 4900 omnes
2887 4842 2988 4897 tibi
3018 4841 3217 4897 cedent
3244 4838 3546 4895 adversarii
3570 4855 3589 4904 ;

2016 4947 2152 4994 tunc
2181 4937 2497 5009 implebitur
2526 4935 2579 4989 id
2615 4933 2763 5003 quod
2788 4948 2857 4987 ex
2883 4944 3119 5001 persona
3148 4928 3243 4984 Dei
3272 4928 3329 4983 in
3356 4929 3587 4998 prophe-

2016 5031 2094 5085 tia
2120 5030 2328 5085 dietum
2358 5035 2477 5092 est,
2504 5044 2523 5078 ι
2548 5024 2661 5097 Ego
2686 5024 2933 5081 occidam
2961 5030 3017 5079 et
3044 5022 3232 5077 vivere
3261 5019 3462 5074 faciam
3492 5020 3534 5074 ⁸.
3563 5040 3587 5073 ι

2016 5121 2179 5178 ΝιιΙΙο
2210 5120 2360 5177 enim
2392 5126 2554 5189 pacto
2581 5118 2633 5171 id
2663 5114 2810 5186 quod
2842 5115 2894 5169 in
2929 5114 3092 5170 nobis
3119 5121 3206 5168 est
3249 5111 3452 5167 bonum
3493 5127 3597 5181 po-

2022 5222 2131 5270 test
2162 5214 2350 5268 vivere
2370 5252 2385 5276 ,
2420 5211 2526 5267 nisi
2557 5226 2623 5265 ex
2655 5207 2960 5264 adversarii
2991 5213 3170 5261 morte
3191 5204 3302 5259 vita
3331 5203 3410 5257 illi
3438 5218 3595 5257 eom—

2018 5309 2259 5376 paretur.
2290 5301 2545 5369 Quandiu
2578 5309 2756 5356 autem
2786 5298 3002 5354 duobus
3034 5297 3388 5360 inhaeremus,
3424 5296 3591 5349 alter-

2019 5404 2144 5450 utra
2200 5409 2367 5449 manu
2408 5392 2691 5448 contraria
2730 5390 3195 5461 complectentes,
3240 5387 3357 5443 ﬁeri
3404 5388 3599 5457 nequit

2026 5496 2087 5542 ut
2113 5496 2409 5556 utrumque
2437 5499 2864 5555 consequamur.
2894 5481 3174 5550 Quantum
3205 5480 3351 5537 enim
3382 5495 3445 5536 ex
3484 5493 3598 5535 una
