4096 6354
443 231 544 288 259

1673 218 1730 274 S.
1769 215 2094 275 GREGORII
2133 214 2427 276 NYSSENI

3579 210 3684 268 260

444 351 594 414 parte
634 339 857 396 malitias
886 337 1165 410 capimus,
1194 344 1408 393 tantum
1457 349 1524 390 ex
1569 334 1744 390 altera
1785 335 2011 391 virtutis

2128 337 2220 392 Γοῦ
2259 339 2369 410 γὰρ
2408 333 2876 410 περιδραξαμένου
2910 329 3008 403 τῆς
3050 329 3250 394 κακίας
3273 369 3290 393 ,
3315 333 3349 401 ἡ
3385 329 3559 402 ἀρετὴ
3589 333 3688 401 τῆς

444 433 768 489 amittimus.
813 430 958 494 Sed,
1004 438 1066 485 ut
1095 443 1165 485 eo
1199 429 1344 485 unde
1381 428 1632 499 digressa
1677 433 1800 494 est,
1830 442 2014 482 rever-

444 535 591 581 tatur
619 525 831 588 oratio,
860 537 971 578 una
999 531 1083 578 est
1109 521 1180 576 ad
1212 533 1404 591 puram
1431 518 1784 588 divinamque
1808 518 2009 581 vitam,

445 617 699 671 virtutem
727 613 1041 668 amantibus
1069 614 1254 676 via,ut
1279 615 1616 681 cognoscant
1649 607 1780 678 quid
1809 607 2014 662 Christi

445 707 768 762 vocabulum
798 703 1106 776 signiﬁcet,
1135 703 1298 773 eique
1323 699 1541 756 vivendi
1571 697 1838 755 rationem
1866 713 1932 753 ex
1962 701 2012 753 vi

446 807 764 854 sanctorum
803 797 1093 852 nominum
1125 795 1332 849 virtute
1361 793 1655 862 expolitam
1692 799 1747 848 et
1786 789 2016 845 conciu-

447 904 572 944 nam
625 887 1072 943 accommodent.
1125 885 1480 953 Quaecunque
1523 882 1690 951 igitur
1739 880 1902 936 verba
1947 895 2015 934 et

446 989 639 1037 sancta
665 979 818 1034 Pauli
843 977 1093 1034 doctrina
1119 976 1321 1033 Christl
1351 973 1804 1045 signiﬁcationem
1839 972 2014 1042 expli-

442 1071 627 1128 cantia
653 1071 923 1126 orationis
953 1070 1110 1124 initio
1138 1069 1519 1124 recensuimus
1547 1108 1561 1133 ,
1592 1081 1656 1122 ea
1684 1066 1729 1122 si
1754 1064 1913 1120 nobis
1941 1065 2016 1119 ita

448 1177 828 1233 proponamus
849 1203 862 1227 ,
895 1168 956 1216 ut
984 1161 1181 1231 partim
1204 1201 1219 1226 ,
1253 1158 1712 1232 quemadmodum
1741 1157 2012 1220 diximus,

445 1254 749 1316 imitemur,
787 1252 985 1322 partim
1027 1251 1312 1315 colamus,
1357 1250 1693 1306 tutissimum
1737 1249 1897 1304 nobis
1949 1249 2016 1302 ad

448 1343 594 1398 “bene
622 1343 886 1411 beateque
918 1340 1209 1396 vivendum
1242 1341 1448 1396 aditum
1479 1341 1811 1395 muniemus.
1839 1342 1879 1394 A
1913 1341 2019 1409 pri-

448 1433 553 1488 mis
583 1433 766 1503 igitur,
790 1448 913 1488 cum
945 1439 1226 1488 servantes
1252 1432 1499 1486 ordinem
1520 1473 1534 1498 ,
1556 1447 1713 1502 quem
1739 1433 1908 1487 series
1935 1445 2020 1485 eo-

447 1540 591 1590 rum,
619 1539 741 1594 qua:
763 1525 873 1593 jam
898 1523 1356 1588 euumeravimus,
1381 1524 1642 1593 suggerit,
1662 1522 2014 1594 incipiamus:

2112 429 2280 500 λαϐῆς
2336 429 2718 501 ἐξωλίσθησεν.
2771 423 2980 480 Οὐκοῦν
3033 422 3195 477 πάλιν
3248 421 3341 475 τὸν
3397 421 3455 488 ἐξ
3514 423 3690 492 ἀρχῆς

2114 520 2474 591 ἀναλάϐωμεν
2501 519 2678 589 λόγον,
2703 519 2788 571 ὅτι
2824 515 2922 586 μία
2953 514 3089 585 πρὸς
3120 512 3219 582 τὴν
3243 511 3487 583 καθαράν
3509 529 3568 565 τε
3597 512 3692 564 καὶ

2114 610 2265 665 θείαν
2288 610 2435 682 ζωήν
2470 611 2586 662 ἐστι
2628 609 2740 670 τοῖς
2790 603 3098 675 φιλαρέτοις
3129 601 3266 668 ὁδὸς,
3292 601 3494 670 γνῶναι
3516 601 3568 653 τί
3595 618 3693 670 ση-

2117 701 2296 774 μαίνει
2326 701 2422 756 τοῦ
2461 699 2702 772 Χριστοῦ
2731 697 2794 751 τὸ
2843 697 3017 766 ὄνομα
3039 734 3054 758 ,
3087 687 3132 762 ᾧ
3164 693 3271 764 χρὴ
3306 692 3401 746 καὶ
3432 692 3524 746 τὸν
3565 693 3696 764 ἡμέο

2113 808 2273 863 τερον
2297 789 2766 862 συμμορφωθῆναι
2800 786 2933 858 βίον,
2967 785 3056 840 διὰ
3082 784 3182 855 τῆς
3213 784 3322 838 τῶν
3343 783 3547 838 λοιπῶν
3576 784 3694 837 ὀνο-

2119 883 2305 952 μάτων
2375 881 2667 951 ἐμφάσεως
2717 878 2798 940 εἰς
2844 875 3044 948 ἀρετὴν
3102 872 3517 946 ρυθμιζόμενον.
3552 873 3694 926 Ὅσα

2115 974 2294 1029 τοίνυν
2322 975 2380 1029 ἐν
2425 976 2539 1036 τοῖς
2567 970 2884 1042 ,προοιμίοις
2927 968 3022 1022 τοῦ
3048 967 3207 1040 λόγου
3243 967 3463 1040 ῥήματά
3507 983 3568 1020 τε
3603 967 3696 1020 καὶ

2117 1067 2356 1136 ὀνόματα
2376 1064 2529 1136 παρά
2563 1064 2664 1133 τῆς
2716 1061 2879 1130 ἁγίας
2907 1059 3002 1113 τοῦ
3047 1058 3260 1113 Παύλου
3307 1058 3490 1128 φωνῆς
3518 1058 3694 1128 ἐρμη-

2117 1157 2340 1213 νευτικά
2384 1157 2484 1228 τῆς
2514 1153 2605 1208 τοῦ
2638 1151 2874 1224 Χριστοῦ
2927 1152 3203 1223 σημασίας
3256 1149 3655 1221 ωνελεξάμεθα
3677 1151 3705 1214 ,⁷

2118 1253 2293 1308 ταῦτα
2343 1250 2637 1322 προθέντες
2670 1250 2750 1311 είς
2793 1248 2894 1319 τὴν
2941 1245 3310 1318 προκειμένην
3359 1247 3491 1317 ἡμῖν
3526 1262 3697 1299 σπου-

2118 1347 2234 1416 δὴν,
2259 1341 2673 1413 ἀσφαλεστάτην
2703 1340 2924 1410 ὁδηγίαν
2948 1339 3028 1402 είς
3058 1337 3150 1392 τὸν
3177 1337 3290 1408 βίον
3312 1337 3402 1390 τὸν
3419 1337 3540 1391 κατ’
3563 1337 3690 1409 ἀρε-

2119 1437 2218 1508 τὴν
2245 1433 2604 1507 ποιησόμεθα,
2633 1431 2705 1486 τὰ
2759 1433 2858 1499 μὲν
2904 1430 3249 1502 μιμούμενοι,
3282 1427 3464 1493 καθὼς
3501 1430 3560 1481 ἐν
3584 1431 3696 1492 τοῖς

2122 1527 2390 1596 φθάσασιν
2424 1525 2660 1596 εἴρηται,
2683 1523 2751 1578 τὰ
2775 1521 2834 1576 δὲ
2878 1519 3311 1592 προσκυνοῦντες
3352 1518 3449 1573 καὶ
3476 1517 3699 1582 σεϐαζὸο

442 1615 701 1670 Christus
731 1615 823 1669 Dei
853 1615 1030 1669 virtus
1059 1621 1114 1669 et
1143 1615 1412 1684 sapientia
1444 1615 1486 1668 °.
1519 1613 1596 1667 Ex
1633 1615 1718 1670 his
1751 1614 2018 1668 discimus

2128 1639 2297 1692 μενοι.
2331 1617 2576 1672 Γενέσθω
2619 1616 2675 1670 δὲ
2709 1616 2840 1686 ἡμῖν
2863 1615 3016 1680 τάξις
3061 1613 3170 1667 τῶν
3203 1610 3507 1683 εἰρημένων
3533 1611 3565 1681 ἢ
3592 1611 3698 1664 άπ-

442 1717 512 1758 ea
541 1717 664 1772 quae
691 1701 964 1756 divinitati
995 1703 1362 1767 conveniunt,
1385 1719 1450 1758 ex
1473 1704 1673 1774 quibus
1693 1703 1896 1758 Christi
1923 1719 2021 1758 no-

2128 1687 2439 1784 αρίθμησις.
2468 1707 2677 1763 Οὐκοῦν
2705 1707 2813 1761 ἀπὸ
2844 1707 2951 1760 τῶν
2979 1705 3210 1778 πρώτων
3236 1703 3530 1776 ἀρξόμεθα”
3565 1704 3700 1774 Χρι-

449 1807 575 1848 men
615 1792 772 1848 nobis
813 1793 1181 1848 venerandum
1219 1792 1470 1848 eflicitur.
1519 1795 1730 1848 Etenim
1770 1793 1896 1864 quia
1933 1809 2021 1849 res

451 1900 666 1950 omnes,
693 1900 815 1954 quae
844 1886 927 1940 vel
956 1900 1121 1940 sensu
1154 1885 1551 1956 percipiuntur,
1585 1886 1669 1939 vel
1703 1897 1898 1941 sensus
1928 1902 2022 1940 su-

449 1986 643 2046 perant
672 1977 1038 2048 cognitionem
1060 2017 1075 2044 ,
1109 1992 1206 2047 per
1236 1979 1412 2047 ipsum
1444 1977 1651 2032 effecta:
1682 1986 1807 2032 sunt
1827 2019 1840 2040 ,
1877 1987 1931 2032 et
1966 1979 2019 2032 iu

451 2069 574 2138 ipso
603 2069 932 2133 consistunt,
952 2070 1263 2124 necessario
1290 2069 1356 2123 ad
1387 2069 1751 2124 deﬁniendam
1785 2069 2023 2126 imminis

453 2159 629 2222 illius,
671 2159 764 2228 qui
795 2169 992 2214 cuncta
1027 2159 1371 2230 procreavit,
1407 2159 1893 2230 signiﬁcationem,
1930 2176 2020 2215 sa-

451 2250 658 2319 pientia
687 2259 740 2306 et
764 2251 940 2306 virtus
970 2251 1394 2321 coniunguntur.
1425 2249 1559 2304 Nam
1593 2266 1662 2307 ex
1699 2252 1911 2306 duabus
1938 2250 2023 2306 his

453 2343 679 2397 vocibus
719 2343 794 2396 ita
826 2342 1096 2412 copulatis
1139 2342 1189 2396 id
1233 2342 1625 2412 intelligimus;
1668 2359 1844 2412 neque
1875 2343 2019 2396 enim

452 2441 638 2488 essent
676 2432 790 2487 haec
829 2446 1022 2503 magna
1065 2439 1119 2486 et
1160 2446 1282 2499 quae
1320 2432 1469 2485 nulla
1517 2433 1728 2487 ratione
1759 2431 2024 2500 explicari

453 2528 686 2589 possunt
728 2529 1105 2575 creaturarum
1155 2520 1458 2583 miracula,
1501 2521 1607 2575 nisi
1653 2530 1709 2575 et
1754 2520 2020 2590 sapientia

453 2627 642 2667 eorum
673 2612 1110 2682 procreationem
1141 2611 1542 2681 excogitasset,
1579 2620 1633 2666 et
1662 2612 1838 2666 virtus
1863 2651 1877 2676 ,
1906 2625 2027 2680 qua:

455 2721 554 2775 per
600 2703 930 2775 sapientiam
983 2703 1290 2774 excogitata
1343 2702 1598 2768 fuerant,
1651 2703 2025 2767 confecisset;

457 2812 555 2868 per
598 2795 854 2850 virtutem
907 2796 1052 2851 enim
1103 2794 1281 2865 ipsius
1331 2795 1616 2866 sapientim
1664 2795 2029 2866 cogitationes

455 2902 621 2956 opera
652 2897 801 2942 sunt.

2127 1804 2270 1869 στὸς,
2293 1804 2447 1874 φησὶ,
2465 1801 2598 1855 Θεοῦ
2621 1800 2849 1872 δύναμις
2872 1799 2966 1852 καὶ
2992 1796 3128 1852 Θεοῦ
3159 1798 3342 1867 σοφία.
3369 1795 3468 1850 Διά
3495 1795 3699 1849 τούτων

2125 1893 2338 1965 πρῶτον
2375 1893 2473 1963 μὲν
2521 1890 2624 1954 τὰς
2674 1890 2997 1961 θεοπρεπεῖς
3053 1887 3260 1950 ἐννοίας
3314 1887 3402 1941 διὰ
3453 1885 3553 1956 τῆς
3603 1885 3699 1939 τοῦ

2124 1984 2358 2056 Χριστοῦ
2382 1982 2751 2056 προσηγορίας
2785 1981 3126 2052 μανθάνομεν
3149 2018 3164 2043 ,
3197 1979 3265 2033 δι’
3301 1973 3375 2032 ὧν
3409 1978 3701 2047 σεϐάσμιον

2125 2077 2257 2146 ἡμῖν
2291 2073 2353 2128 τὸ
2380 2075 2551 2145 ὄνομα
2599 2074 2832 2142 γίνεται.
2872 2071 3089 2142 Ἐπειδὴ
3118 2071 3226 2142 γάρ
3252 2071 3402 2124 πᾶσα
3439 2071 3472 2140 ή
3502 2069 3699 2133 κτίσις,

2124 2167 2222 2237 ὅση
2246 2183 2308 2218 τε
2339 2167 2405 2238 τῇ
2440 2164 2691 2236 αἰσθήσει
2718 2161 3066 2233 γινώσκεται,
3091 2159 3183 2216 καὶ
3205 2164 3237 2232 ἡ
3260 2163 3358 2232 τῆς
3383 2160 3702 2232 αἰσθητικῆς

2128 2257 2498 2328 ὑπερκειμένη
2550 2257 2948 2327 κατανοήσεως,
2976 2254 3042 2309 δι’
3068 2253 3231 2307 αὐτοῦ
3277 2253 3489 2322 γέγονε,
3519 2252 3613 2306 καὶ
3644 2253 3704 2305 ἐν

2125 2349 2274 2419 αύτῷ
2314 2349 2660 2418 συνέστηκεν,
2683 2347 2995 2417 ἀναγκαίως
3046 2346 3182 2417 πρὸς
3211 2346 3302 2400 τὸν
3334 2344 3558 2414 ὁρισμὸν
3603 2345 3704 2413 τῆς

2125 2437 2220 2491 τοῦ
2259 2436 2493 2508 Χριστοῦ
2531 2437 2833 2506 παρουσίας
2857 2433 2952 2488 τοῦ
2985 2436 3054 2488 τὰ
3083 2435 3260 2488 πάντα
3296 2435 3646 2504 ποιήσαντος,
3667 2431 3703 2501 ἡ

2131 2527 2289 2595 σοφία
2304 2529 2369 2597 τῇ
2391 2526 2617 2596 δυνάμει
2647 2525 3034 2595 συμπλέκεται.
3056 2523 3225 2577 Τοῦτο
3254 2521 3515 2576 νοούντων
3545 2520 3702 2592 ἡμῶν

2128 2615 2216 2669 διὰ
2236 2616 2334 2686 τῆς
2361 2614 2468 2668 τῶν
2497 2613 2590 2668 δύο
2635 2614 2839 2667 τούτων
2873 2612 3066 2682 φωνῶν
3097 2611 3377 2681 συζυγίας,
3405 2612 3504 2684 τῆς
3543 2611 3704 2666 δυνά-

2133 2706 2276 2776 μεώς
2305 2722 2365 2758 τε
2385 2705 2528 2773 λέγω
2559 2706 2653 2758 καὶ
2684 2704 2784 2774 τῆς
2811 2704 3030 2773 σοφίας,
3069 2705 3151 2757 ὃτι
3174 2703 3274 2758 οὐκ
3301 2703 3366 2757 ἂν
3396 2700 3465 2776 ἦν
3494 2703 3562 2757 τά
3607 2720 3706 2773 με·

2130 2795 2270 2864 γάλα
2320 2794 2495 2849 ταῦτα
2537 2796 2631 2848 καὶ
2679 2796 2935 2865 ἀφραστα
2987 2795 3087 2866 τῆς
3136 2795 3367 2860 κτίσεως
3411 2795 3704 2867 θαύματα,

2136 2889 2210 2958 μὴ
2245 2888 2435 2957 σοφίας
2472 2887 2568 2958 μὲν
2599 2888 2696 2957 τὴν
2725 2887 2938 2956 γένεσιν
2967 2887 3145 2941 αὐτῶν
3183 2886 3519 2958 ἐπινοούσης,
3545 2885 3707 2940 δυνά-

459 2993 605 3048 μεως
633 2977 691 3030 δὲ
718 2980 786 3048 τῇ
818 2975 978 3048 σοφίᾳ.
1011 2976 1472 3048 παρομαρτούσης
1499 2978 1636 3050 πρὸς
1666 2978 1764 3049 τὴν
1787 2978 1894 3032 τῶν
1931 2977 2228 3048 νοηθέντων
2252 2977 2554 3042 τελείωσιν,
2580 2977 2646 3030 δι’
2676 2973 2746 3048 ἧς
2773 2976 2912 3048 ἔργα
2941 2977 3009 3030 τὰ
3039 2978 3284 3048 νοήματα
3321 2977 3551 3046 γίνεται.

525 3065 732 3122 Christi
765 3066 932 3137 igitur
961 3068 1288 3137 significatio
1317 3068 1375 3122 in
1407 3068 1550 3123 hanc
1576 3068 1848 3139 duplicem
1876 3069 1982 3124 vim
2009 3108 2024 3134 ,

2201 3066 2498 3139 Μερίζεται
2532 3065 2714 3121 τοίνυν
2747 3067 3097 3138 καταλλήλως
3125 3070 3204 3131 είς
3251 3067 3443 3139 διπλῆν
3471 3066 3708 3138 ἔμφασιν

458 3157 786 3228 sapientiam
845 3157 1061 3212 scilicet
1118 3157 1533 3228 virtutemque,
1585 3157 1870 3223 dividitur,
1927 3167 2027 3219 ut,

459 3248 682 3320 quando
719 3263 906 3302 rerum
938 3248 1307 3303 universitatis
1341 3248 1774 3318 magnitudinem
1829 3247 2031 3317 aspici-

460 3356 584 3396 mus
603 3379 620 3406 ,
649 3355 714 3394 ex
742 3353 806 3394 ea
833 3339 1159 3393 immensam
1192 3336 1286 3392 Dei
1318 3338 1575 3392 virtutem
1603 3351 2027 3408 cognoscamus.

460 3428 694 3496 Quando
720 3435 901 3482 autem
925 3427 1341 3483 consideramus
1364 3442 1602 3497 quonam
1627 3426 1788 3482 modo
1818 3442 1882 3482 ea
1911 3440 2033 3504 quae

461 3521 614 3575 nulla
646 3518 884 3584 fuerant,
919 3519 1100 3589 genita
1149 3519 1282 3584 sint,
1314 3533 1426 3573 tam
1467 3519 1789 3574 multiformi
1834 3528 2030 3573 natura

461 3612 519 3666 in
555 3609 719 3666 rebus
755 3624 853 3678 per
894 3607 1140 3664 divinum
1190 3608 1454 3680 Spiritum
1485 3609 1786 3665 exsistente
1808 3651 1824 3676 ,
1859 3608 2032 3663 incre-

463 3700 688 3756 dibilem
720 3699 898 3770 ipsius
930 3699 1022 3769 qui
1054 3699 1146 3754 illa
1175 3699 1504 3771 excogitarit
1533 3700 1863 3771 sapientiam
1898 3699 2030 3754 ado-

463 3808 650 3848 remus
679 3800 733 3847 et
761 3792 1128 3862 suspiciamus
1149 3831 1164 3858 ,
1189 3793 1350 3862 cujus
1378 3795 1612 3863 cogitata
1641 3797 1760 3864 ipsa
1791 3802 1918 3848 sunt
1948 3792 2032 3847 fa-

464 3891 590 3938 cta:
620 3897 795 3953 neque
825 3897 955 3938 vero
983 3883 1176 3954 ignava
1217 3884 1323 3938 erit
1363 3884 1480 3939 haec
1523 3885 1657 3940 ﬁdes
1681 3923 1695 3948 ,
1735 3899 1844 3954 qua
1881 3883 2036 3938 Chri-

466 3981 611 4028 stum
646 3988 770 4028 esse
794 3973 1049 4029 virtutem
1075 3982 1129 4030 et
1158 3975 1479 4046 sapientiam
1509 3975 1804 4040 credimus,
1839 3975 1935 4031 sed
1966 3975 2033 4030 ad

465 4061 597 4116 boni
640 4061 1089 4133 dijudicationem
1137 4064 1300 4120 nobis
1341 4065 1449 4120 erit
1491 4065 1833 4134 adjumento.
1875 4065 2033 4133 Quod

464 4153 610 4208 enim
642 4153 765 4224 quis
797 4154 1116 4224 supplicans
1145 4156 1403 4226 appellat,
1437 4157 1492 4212 id
1514 4157 1581 4211 ad
1604 4157 1843 4227 seipsum
1874 4159 2036 4214 obse-

463 4243 674 4299 crando
702 4244 870 4300 trahit
895 4251 950 4300 et
978 4245 1166 4312 ducit;
1206 4255 1369 4316 atque
1402 4247 1722 4302 interiorem
1757 4248 2032 4302 hominem

2132 3160 2192 3213 τὸ
2221 3159 2314 3213 τοῦ
2341 3159 2579 3229 Χριστοῦ
2597 3209 2599 3211 .
2617 3158 3012 3230 σημαινόμενον
3030 3200 3044 3224 ,
3075 3162 3154 3223 εἰς
3180 3159 3280 3231 τὴν
3312 3159 3504 3230 σοφίαν
3527 3177 3590 3212 τε
3613 3162 3708 3214 καὶ

2131 3250 2228 3321 τὴν
2251 3249 2500 3320 δύναμιν,
2527 3250 2594 3303 ἵν’
2626 3251 2753 3304 ὅταν
2787 3249 2885 3320 μὲν
2917 3251 3053 3322 πρὸς
3094 3251 3154 3304 τὸ
3199 3251 3431 3322 μέγεθος
3470 3254 3568 3323 τῆς
3598 3251 3708 3307 τῶν

2131 3340 2300 3394 ὄντων
2331 3342 2638 3404 συστάσεως
2657 3341 3072 3413 ἀποϐλέψωμεν,
3106 3342 3204 3414 τὴν
3233 3344 3508 3415 ἄφραστον
3541 3344 3707 3398 αὐτοῦ

2131 3433 2358 3502 δύναμιν
2383 3433 2473 3486 διὰ
2494 3433 2602 3486 τῶν
2619 3433 3185 3504 καταλαμϐανομένων
3216 3436 3516 3506 νοήσωμεν.
3541 3436 3708 3490 Ὅταν

2132 3522 2189 3575 δὲ
2221 3521 2562 3594 λογιζώμεθα
2589 3523 2669 3577 ὅτι
2694 3523 2763 3576 τὰ
2794 3525 2868 3593 μὴ
2898 3524 3029 3578 ὄντα
3057 3524 3333 3595 παρῆλθεν
3357 3528 3436 3590 είς
3475 3527 3708 3594 γένεσιν,

2133 3615 2231 3685 τῆς
2273 3613 2585 3677 πολυειδοῦς
2621 3615 2679 3668 ἐν
2709 3615 2823 3677 τοῖς
2868 3609 2987 3668 οὖσι
3030 3614 3246 3683 φύσεως
3287 3614 3375 3669 διὰ
3405 3615 3551 3669 θείου
3583 3616 3707 3670 νεύ-

2138 3723 2305 3778 ματος
2357 3705 2712 3776 οὐσιωθείσης
2737 3748 2752 3772 ,
2784 3706 2904 3760 τότε
2951 3706 3049 3776 τὴν
3087 3705 3469 3776 ἀκατάληπτον
3491 3745 3494 3748 .
3517 3707 3708 3776 σοφίαν

2132 3797 2224 3852 τὸν
2253 3796 2485 3868 Χριστὸν
2521 3797 2811 3851 πιστεύειν.
2837 3800 2903 3852 ’Ὁ
2932 3799 3040 3870 γάρ
3072 3815 3155 3862 τις
3179 3798 3512 3854 ἐπικαλεῖται
3541 3816 3710 3870 προσ-

2135 3888 2447 3958 ευχόμενος,
2479 3889 2574 3941 καὶ
2602 3888 2738 3960 πρὸς
2764 3889 2793 3941 6
2826 3888 3012 3958 βλέπει
3039 3889 3118 3960 τῷ
3151 3889 3248 3960 τῆς
3285 3890 3464 3960 ψυχῆς
3507 3890 3709 3959 ὀφθαλ-

2137 3980 2244 4052 μῷ,
2280 3981 2436 4034 τοῦτο
2469 3980 2605 4051 πρὸς
2661 3981 2850 4034 ἐαυτὸν
2896 3981 2985 4034 διὰ
3026 3981 3126 4051 τῆς
3179 3981 3345 4052 εὐχῆς
3371 3983 3707 4036 ἐπισπᾶται·

2135 4073 2229 4126 καὶ
2252 4071 2393 4126 οὕτω
2421 4071 2646 4143 δυνάμει
2684 4090 2744 4126 τε
2779 4071 3130 4143 κραταιοῦται
3169 4072 3304 4144 πρὸς
3330 4072 3422 4127 τὸν
3458 4072 3567 4126 ἔσω
3613 4073 3710 4128 άν-

2137 4164 2381 4235 θρωπον,
2432 4163 2615 4228 καθώς
2673 4182 2835 4236 φησιν
2877 4166 2908 4218 6
2975 4164 3333 4229 Ἀπόστολος,
3363 4166 3392 4217 6
3425 4166 3561 4237 πρὸς
3611 4166 3712 4237 τὴν

2135 4254 2362 4324 δύναμιν
2392 4253 2601 4324 βλέπων
2632 4254 2900 4326 (Χριστὸς
2947 4255 3004 4308 δέ
3051 4255 3198 4307 ἐστιν
3235 4255 3267 4324 ἡ
3298 4252 3583 4326 δύναμις),
3617 4253 3711 4308 καὶ

465 4337 667 4391 virtute
705 4336 778 4390 ita
817 4337 1171 4401 corroborat,
1218 4338 1612 4407 utApostolus
1661 4340 1730 4395 ad
1772 4341 2025 4396 virtutem

2139 4344 2300 4413 σοφὸς
2353 4344 2587 4412 γίνεται,
2613 4343 2797 4406 καθὼς
2844 4346 2878 4416 ἡ
2908 4343 3183 4415 Παροιμία
3215 4343 3400 4413 φησὶν,
3421 4347 3450 4396 6
3493 4343 3590 4414 τὴν
3619 4360 3709 4397 σο-

470 4429 778 4498 reSpicicns
821 4428 997 4483 dicit:
1051 4430 1303 4486 Christus
1343 4404 1524 4488 autem
1568 4441 1653 4488 est
1693 4433 1790 4487 Dei
1834 4434 2025 4490 virtus.

2140 4404 2758 4506 (pfdv'érttxalodpevog,
2779 4404 2920 4506 int;
2953 4404 3114 4489 πάλιν
3170 4404 3394 4490 νοεῖται,
3417 4437 3446 4488 6
3483 4404 3706 4507 Κύριος.

467 4518 537 4573 Ει
564 4519 782 4588 sapiens
829 4518 915 4584 ﬁt,
949 4528 1009 4574 ut
1039 4519 1095 4574 in
1123 4519 1435 4578 Proverbiis
1465 4531 1650 4592 patet,
1685 4525 1778 4594 qui
1812 4526 2032 4594 sapien-

465 4610 600 4665 tiam
633 4611 883 4675 invocat,
916 4626 1039 4681 quaa
1071 4613 1295 4667 omnino
1329 4613 1592 4669 Dominus
1621 4630 1744 4671 esse
1778 4616 2036 4686 intelligi-

467 4708 560 4754 tur
585 4700 628 4753 ".
661 4698 843 4766 Quare
873 4701 965 4756 ille
985 4739 1002 4767 ,
1047 4703 1142 4772 qui
1170 4718 1369 4758 nomen
1398 4705 1562 4762 habet
1589 4721 1618 4759 a
1647 4707 1872 4762 Christo
1892 4745 1906 4771 ,
1941 4709 2034 4779 qui

465 4792 646 4845 virtus
692 4797 779 4845 est
805 4796 860 4845 et
888 4791 1182 4862 sapientia,
1207 4794 1382 4850 virtus
1408 4797 1570 4851 etlam
1600 4812 1724 4851 cum
1753 4813 1818 4852 eo
1849 4799 2035 4868 appel-

467 4881 638 4945 latur,
666 4896 794 4936 cum
826 4881 1088 4938 adversus
1121 4893 1408 4953 peccatum
1449 4896 1672 4943 strenue
1712 4903 1776 4943 ac
1821 4889 2037 4946 fortiter

467 4980 674 5042 pugnat
707 4990 722 5027 :
753 4972 884 5027 dum
915 4989 1045 5030 vero
1075 4975 1128 5029 id
1172 4976 1320 5046 quod
1371 4977 1567 5034 melius
1611 4989 1697 5035 est
1746 4981 1928 5052 eligit,
1979 4983 2035 5038 in

467 5063 654 5133 seipso
688 5063 1016 5134 sapientiam
1053 5066 1316 5122 ostendit.
1354 5070 1472 5134 Qua
1503 5070 1722 5138 quidem
1754 5073 2036 5142 sapientiae

465 5153 801 5222 virtutisque
829 5155 1220 5224 conjunctione
1242 5159 1350 5212 vita
1373 5160 1614 5229 perfecta
1639 5164 2034 5235 constituitur;

469 5242 638 5296 altera
669 5246 813 5297 enim
835 5284 850 5309 ,
881 5261 1004 5312 quae
1042 5254 1192 5301 recta
1235 5247 1574 5320 honestaque
1611 5261 1773 5318 sunt,
1821 5258 2033 5327 perspio

288 5384 302 5394 ,
408 5404 415 5408 γ’
467 5330 645 5385 cimus
671 5348 686 5393 ;
716 5331 884 5386 altera
914 5373 930 5398 ,
961 5349 1082 5403 quae
1113 5345 1404 5407 perspecta
1447 5339 1710 5398 habemus
1731 5381 1746 5406 ,
1777 5346 2030 5415 exsequi-

467 5434 592 5475 mur
627 5427 682 5475 et
719 5423 1130 5480 conﬁrmamus.
1156 5423 1275 5479 Jam
1308 5442 1444 5497 vero
1466 5428 1748 5488 Christum
1781 5449 1904 5490 esse
1938 5451 2029 5506 pa-

556 5596 619 5651 ⁶1
657 5597 783 5654 Cor.
816 5613 852 5666 ι,
885 5598 975 5654 24.
1049 5601 1069 5633 ⁷
1106 5599 1267 5658 Prov.
1298 5617 1360 5669 ιι,
1392 5603 1426 5656 2
1453 5619 1575 5676 sqq.

2140 4526 2348 4582 Οὐκοῦν
2380 4528 2504 4598 ὁτῷ
2533 4527 2752 4598 Χριστῷ
2785 4527 3376 4598 συνονομαζόμενος,ὅς
3402 4529 3517 4580 ἐστι
3553 4527 3711 4581 δύνα-
3794 4595 3796 4598 ν

2142 4618 2234 4688 μίς
2261 4636 2320 4672 τε
2363 4619 2458 4672 καὶ
2492 4619 2683 4688 σοφία,
2733 4618 2828 4672 καὶ⁹
2868 4621 2934 4689 τῇ
2982 4618 3208 4688 δυνάμει
3256 4618 3708 4688 συνονομάζεται,

2138 4709 2469 4780 δυναμωθεὶς
2496 4709 2639 4764 κατά
2681 4709 2781 4778 τῆς
2809 4710 3100 4781 ἁμαρτίας,
3147 4710 3243 4765 καὶ
3285 4710 3384 4779 τὴν
3417 4709 3610 4780 σοφίαν
3653 4713 3712 4765 ἐν

2138 4799 2314 4871 ἐαυτῷ
2349 4798 2528 4865 δείξει,
2557 4803 2624 4872 τῇ
2653 4800 2848 4872 ἐκλογῇ
2869 4799 2959 4853 τοῦ
2991 4801 3276 4871 βελτίονος.
3309 4801 3507 4871 Σοφίας
3527 4801 3584 4856 δὲ
3619 4805 3716 4855 καὶ

2131 4888 2415 4960 δυνάμεως
2459 4889 2518 4943 ἐν
2545 4891 2677 4960 ἡμῖν
2725 4889 3110 4961 δεικνυμένων,
3142 4891 3240 4961 τῆς
3292 4890 3390 4962 μὲν
3434 4891 3496 4944 τὸ
3549 4889 3712 4944 καλὸν

2134 4980 2484 5052 αἱρουμένης,
2515 4981 2612 5051 τῆς
2641 4981 2697 5033 δὲ
2723 4980 3006 5051 δυνάμεως
3033 4982 3096 5034 τὸ
3140 4981 3328 5052 νοηθὲν
3371 4981 3711 5052 βεϐαιούσης,

2135 5070 2490 5141 κατορθοῦται
2519 5069 2611 5123 τοῦ
2639 5071 2754 5140 βίου
2785 5071 2845 5123 τὸ
2876 5071 3080 5124 τέλειον
3115 5070 3180 5124 δι’
3219 5072 3419 5142 ἀμφοῖν
3468 5072 3712 5143 συμπλε-

2134 5160 2379 5230 κόμενον.
2432 5160 2589 5214 Οὕτω
2621 5163 2713 5215 καὶ
2749 5163 2971 5234 είρήνην
2994 5162 3084 5215 τὸν
3115 5163 3351 5233 Χριστὸν
3396 5165 3709 5235 νοήσαντες,

2139 5251 2315 5323 ἀληθῆ
2344 5252 2436 5306 τοῦ
2467 5254 2704 5326 Χριστοῦ
2744 5255 2842 5325 τὴν
2871 5253 3063 5324 κλῆσιν
3096 5253 3180 5322 ἐφ’
3204 5252 3411 5307 ἐαυτῶν
3447 5253 3711 5318 ἐπιδείξο-
3754 5306 3762 5330 ,

2144 5361 2263 5415 μεν,
2287 5345 2382 5399 ἐὰν
2417 5345 2503 5399 διὰ
2538 5346 2638 5416 τῆς
2672 5347 2731 5400 ἐν
2773 5348 2908 5417 ἡμῖν
2957 5346 3178 5418 είρήνης
3213 5345 3304 5400 τὸν
3351 5346 3586 5418 Χριστὸν
3634 5346 3713 5418 τῷ

2145 5438 2243 5510 βίῳ
2273 5438 2687 5510 ἐπιδειξώμεθα.
2732 5438 2969 5504 Ἐκεῖνος
3017 5438 3117 5510 τὴν
3163 5437 3362 5511 ἔχθραν
3391 5439 3711 5508 ἀπέκτεινε,
