  <div class='ocr_page' id='page_1' title='image "/cluster/home/n/w/nwhite01/storage/ocr_20150623/46/nnc1.0046978380/138.png"; bbox 0 0 4096 6354; ppageno 0'>
   <div class='ocr_carea' id='block_1_1' title="bbox 310 237 409 296">
    <p class='ocr_par' dir='ltr' id='par_1_1' title="bbox 310 237 409 296">
     <span class='ocr_line' id='line_1_1' title="bbox 310 237 409 296; baseline -0.02 0"><span class='ocrx_word' id='word_1_1' title='bbox 310 237 409 296; x_wconf 64' lang='grc' dir='ltr'>ἓθί</span> 
     </span>
    </p>
   </div>
   <div class='ocr_carea' id='block_1_2' title="bbox 1304 230 2539 293">
    <p class='ocr_par' dir='ltr' id='par_1_2' title="bbox 1304 230 2539 293">
     <span class='ocr_line' id='line_1_2' title="bbox 1304 230 2539 293; baseline 0.001 -3"><span class='ocrx_word' id='word_1_2' title='bbox 1304 234 1393 290; x_wconf 87' lang='lat' dir='ltr'><strong>DE</strong></span> <span class='ocrx_word' id='word_1_3' title='bbox 1426 230 1790 293; x_wconf 67' lang='lat' dir='ltr'><strong>PEIIFECTA</strong></span> <span class='ocrx_word' id='word_1_4' title='bbox 1817 234 2215 293; x_wconf 84' lang='lat' dir='ltr'><strong>CHRISTIANI</strong></span> <span class='ocrx_word' id='word_1_5' title='bbox 2278 234 2539 291; x_wconf 77' lang='lat' dir='ltr'><strong>FORMA.</strong></span> 
     </span>
    </p>
   </div>
   <div class='ocr_carea' id='block_1_3' title="bbox 3458 240 3568 297">
    <p class='ocr_par' dir='ltr' id='par_1_3' title="bbox 3458 240 3568 297">
     <span class='ocr_line' id='line_1_3' title="bbox 3458 240 3568 297; baseline 0.036 -4"><span class='ocrx_word' id='word_1_6' title='bbox 3458 240 3568 297; x_wconf 69' lang='lat' dir='ltr'><strong>sca</strong></span> 
     </span>
    </p>
   </div>
   <div class='ocr_carea' id='block_1_4' title="bbox 313 351 1888 428">
    <p class='ocr_par' dir='ltr' id='par_1_4' title="bbox 313 354 1888 428">
     <span class='ocr_line' id='line_1_4' title="bbox 313 354 1888 428; baseline -0.003 -15"><span class='ocrx_word' id='word_1_7' title='bbox 313 357 498 421; x_wconf 76' lang='grc' dir='ltr'>καθώς</span> <span class='ocrx_word' id='word_1_8' title='bbox 528 372 693 428; x_wconf 86' lang='grc' dir='ltr'>φησιν</span> <span class='ocrx_word' id='word_1_9' title='bbox 720 357 750 409; x_wconf 99' lang='lat'><strong>6</strong></span> <span class='ocrx_word' id='word_1_10' title='bbox 808 354 1148 419; x_wconf 78' lang='grc' dir='ltr'>Ἀπόστολος.</span> <span class='ocrx_word' id='word_1_11' title='bbox 1199 355 1409 409; x_wconf 76' lang='grc' dir='ltr'>Οὐκοῦν</span> <span class='ocrx_word' id='word_1_12' title='bbox 1458 355 1592 427; x_wconf 81' lang='grc' dir='ltr'>μηδὲ</span> <span class='ocrx_word' id='word_1_13' title='bbox 1623 356 1784 427; x_wconf 84' lang='grc' dir='ltr'>ἡμεῖς</span> <span class='ocrx_word' id='word_1_14' title='bbox 1829 357 1888 409; x_wconf 84' lang='grc' dir='ltr'>ὲν</span> 
     </span>
    </p>
   </div>
   <div class='ocr_carea' id='block_1_5' title="bbox 1987 351 3564 428">
    <p class='ocr_par' dir='ltr' id='par_1_5' title="bbox 1991 351 3564 426">
     <span class='ocr_line' id='line_1_5' title="bbox 1991 351 3564 426; baseline 0 -16"><span class='ocrx_word' id='word_1_15' title='bbox 1991 369 2110 410; x_wconf 89' lang='lat' dir='ltr'><strong>cem</strong></span> <span class='ocrx_word' id='word_1_16' title='bbox 2162 355 2505 426; x_wconf 75' lang='lat' dir='ltr'><strong>cogitantes,</strong></span> <span class='ocrx_word' id='word_1_17' title='bbox 2558 367 2742 409; x_wconf 83' lang='lat' dir='ltr'><strong>veram</strong></span> <span class='ocrx_word' id='word_1_18' title='bbox 2783 351 3089 409; x_wconf 74' lang='lat' dir='ltr'><strong>Christiani</strong></span> <span class='ocrx_word' id='word_1_19' title='bbox 3140 354 3564 425; x_wconf 82' lang='lat' dir='ltr'><strong>appellationem</strong></span> 
     </span>
    </p>
   </div>
   <div class='ocr_carea' id='block_1_6' title="bbox 312 445 1886 518">
    <p class='ocr_par' dir='ltr' id='par_1_6' title="bbox 312 445 1886 518">
     <span class='ocr_line' id='line_1_6' title="bbox 312 445 1886 518; baseline -0.002 -15"><span class='ocrx_word' id='word_1_20' title='bbox 312 452 528 513; x_wconf 77' lang='grc' dir='ltr'><strong>ἑαυτοῖς</strong></span> <span class='ocrx_word' id='word_1_21' title='bbox 557 448 765 518; x_wconf 90' lang='grc' dir='ltr'>ταύτην</span> <span class='ocrx_word' id='word_1_22' title='bbox 785 445 1384 517; x_wconf 77' lang='grc' dir='ltr'>ζωοποιήσωμεν,ἀλλά</span> <span class='ocrx_word' id='word_1_23' title='bbox 1412 445 1610 516; x_wconf 70' lang='grc' dir='ltr'>νεκρὰν</span> <span class='ocrx_word' id='word_1_24' title='bbox 1630 446 1799 518; x_wconf 83' lang='grc' dir='ltr'>αὐτὴν</span> <span class='ocrx_word' id='word_1_25' title='bbox 1829 448 1886 500; x_wconf 83' lang='grc' dir='ltr'>ὲν</span> 
     </span>
    </p>
   </div>
   <div class='ocr_carea' id='block_1_7' title="bbox 247 538 1887 614">
    <p class='ocr_par' dir='ltr' id='par_1_7' title="bbox 247 538 1887 614">
     <span class='ocr_line' id='line_1_7' title="bbox 247 538 1887 614; baseline -0.001 -20"><span class='ocrx_word' id='word_1_26' title='bbox 247 609 253 614; x_wconf 31' lang='grc'><em>.</em></span> <span class='ocrx_word' id='word_1_27' title='bbox 311 540 391 612; x_wconf 81' lang='grc' dir='ltr'>τῷ</span> <span class='ocrx_word' id='word_1_28' title='bbox 420 539 677 612; x_wconf 77' lang='grc' dir='ltr'><strong>ἡμετέρῳ</strong></span> <span class='ocrx_word' id='word_1_29' title='bbox 722 540 986 609; x_wconf 79' lang='grc' dir='ltr'><strong>δείξωμεν</strong></span> <span class='ocrx_word' id='word_1_30' title='bbox 1031 538 1152 610; x_wconf 84' lang='grc' dir='ltr'>βίῳ.</span> <span class='ocrx_word' id='word_1_31' title='bbox 1185 539 1413 609; x_wconf 85' lang='grc' dir='ltr'><strong>Μήποτε</strong></span> <span class='ocrx_word' id='word_1_32' title='bbox 1443 539 1542 611; x_wconf 84' lang='grc' dir='ltr'>τὴν</span> <span class='ocrx_word' id='word_1_33' title='bbox 1574 538 1756 603; x_wconf 90' lang='grc' dir='ltr'>καλῶς</span> <span class='ocrx_word' id='word_1_34' title='bbox 1794 539 1887 593; x_wconf 78' lang='grc' dir='ltr'>ἐπὶ</span> 
     </span>
    </p>
   </div>
   <div class='ocr_carea' id='block_1_8' title="bbox 313 630 1887 707">
    <p class='ocr_par' dir='ltr' id='par_1_8' title="bbox 313 630 1887 707">
     <span class='ocr_line' id='line_1_8' title="bbox 313 630 1887 707; baseline -0.002 -19"><span class='ocrx_word' id='word_1_35' title='bbox 313 635 558 707; x_wconf 80' lang='grc' dir='ltr'><strong>σωτηρίᾳ</strong></span> <span class='ocrx_word' id='word_1_36' title='bbox 603 632 759 705; x_wconf 91' lang='grc' dir='ltr'>ἡμῶν</span> <span class='ocrx_word' id='word_1_37' title='bbox 804 632 957 703; x_wconf 90' lang='grc' dir='ltr'><strong>παρά</strong></span> <span class='ocrx_word' id='word_1_38' title='bbox 995 631 1092 685; x_wconf 82' lang='grc' dir='ltr'>τοῦ</span> <span class='ocrx_word' id='word_1_39' title='bbox 1127 630 1262 684; x_wconf 89' lang='grc' dir='ltr'><strong>Θεοῦ</strong></span> <span class='ocrx_word' id='word_1_40' title='bbox 1294 632 1681 703; x_wconf 81' lang='grc' dir='ltr'><strong>νεκρωθεῖσαν,</strong></span> <span class='ocrx_word' id='word_1_41' title='bbox 1727 632 1887 703; x_wconf 82' lang='grc' dir='ltr'>ἡμεῖς</span> 
     </span>
    </p>
   </div>
   <div class='ocr_carea' id='block_1_9' title="bbox 312 720 1888 795">
    <p class='ocr_par' dir='ltr' id='par_1_9' title="bbox 312 720 1888 795">
     <span class='ocr_line' id='line_1_9' title="bbox 312 720 1888 795; baseline -0.003 -16"><span class='ocrx_word' id='word_1_42' title='bbox 312 725 399 779; x_wconf 76' lang='grc' dir='ltr'><strong>ἐπ’</strong></span> <span class='ocrx_word' id='word_1_43' title='bbox 427 724 633 795; x_wconf 82' lang='grc' dir='ltr'>ὀλέθρῳ</span> <span class='ocrx_word' id='word_1_44' title='bbox 665 723 781 776; x_wconf 86' lang='grc' dir='ltr'><strong>τῶν</strong></span> <span class='ocrx_word' id='word_1_45' title='bbox 822 722 1010 791; x_wconf 78' lang='grc' dir='ltr'>ψυχῶν</span> <span class='ocrx_word' id='word_1_46' title='bbox 1052 720 1231 791; x_wconf 89' lang='grc' dir='ltr'>ἡμῶν,</span> <span class='ocrx_word' id='word_1_47' title='bbox 1265 720 1331 774; x_wconf 81' lang='grc' dir='ltr'><strong>δι’</strong></span> <span class='ocrx_word' id='word_1_48' title='bbox 1358 722 1527 793; x_wconf 83' lang='grc' dir='ltr'>ὀργῆς</span> <span class='ocrx_word' id='word_1_49' title='bbox 1562 724 1658 776; x_wconf 84' lang='grc' dir='ltr'><strong>καί</strong></span> <span class='ocrx_word' id='word_1_50' title='bbox 1694 739 1888 794; x_wconf 91' lang='grc' dir='ltr'>μνησι-</span> 
     </span>
    </p>
   </div>
   <div class='ocr_carea' id='block_1_10' title="bbox 313 812 1886 884">
    <p class='ocr_par' dir='ltr' id='par_1_10' title="bbox 313 812 1886 884">
     <span class='ocr_line' id='line_1_10' title="bbox 313 812 1886 884; baseline 0 -16"><span class='ocrx_word' id='word_1_51' title='bbox 313 814 511 879; x_wconf 90' lang='grc' dir='ltr'>κακίας</span> <span class='ocrx_word' id='word_1_52' title='bbox 550 812 673 868; x_wconf 75' lang='grc' dir='ltr'>καθ’</span> <span class='ocrx_word' id='word_1_53' title='bbox 701 812 910 867; x_wconf 77' lang='grc' dir='ltr'><strong>ἑαυτῶν</strong></span> <span class='ocrx_word' id='word_1_54' title='bbox 940 813 1356 884; x_wconf 82' lang='grc' dir='ltr'><strong>ἀναστήσωμεν,</strong></span> <span class='ocrx_word' id='word_1_55' title='bbox 1383 813 1628 884; x_wconf 87' lang='grc' dir='ltr'>πονηρὰν</span> <span class='ocrx_word' id='word_1_56' title='bbox 1648 814 1886 869; x_wconf 85' lang='grc' dir='ltr'>ἀνάστα-</span> 
     </span>
    </p>
   </div>
   <div class='ocr_carea' id='block_1_11' title="bbox 312 904 1885 978">
    <p class='ocr_par' dir='ltr' id='par_1_11' title="bbox 312 904 1885 978">
     <span class='ocr_line' id='line_1_11' title="bbox 312 904 1885 978; baseline -0.001 -16"><span class='ocrx_word' id='word_1_57' title='bbox 312 924 399 963; x_wconf 87' lang='grc' dir='ltr'>σιν</span> <span class='ocrx_word' id='word_1_58' title='bbox 431 907 532 977; x_wconf 89' lang='grc' dir='ltr'><strong>τῆς</strong></span> <span class='ocrx_word' id='word_1_59' title='bbox 566 904 747 970; x_wconf 85' lang='grc' dir='ltr'>καλῶς</span> <span class='ocrx_word' id='word_1_60' title='bbox 790 904 1169 976; x_wconf 84' lang='grc' dir='ltr'><strong>ἀποθανούσης</strong></span> <span class='ocrx_word' id='word_1_61' title='bbox 1200 906 1695 978; x_wconf 79' lang='grc' dir='ltr'>κατεργασάμενοι.</span> <span class='ocrx_word' id='word_1_62' title='bbox 1745 906 1885 960; x_wconf 83' lang='grc' dir='ltr'>Ἀλλ’</span> 
     </span>
    </p>
   </div>
   <div class='ocr_carea' id='block_1_12' title="bbox 312 996 1887 1070">
    <p class='ocr_par' dir='ltr' id='par_1_12' title="bbox 312 996 1887 1070">
     <span class='ocr_line' id='line_1_12' title="bbox 312 996 1887 1070; baseline -0.001 -17"><span class='ocrx_word' id='word_1_63' title='bbox 312 1001 362 1053; x_wconf 85' lang='grc' dir='ltr'><strong>εἰ</strong></span> <span class='ocrx_word' id='word_1_64' title='bbox 392 998 484 1053; x_wconf 83' lang='grc' dir='ltr'><strong>τὸν</strong></span> <span class='ocrx_word' id='word_1_65' title='bbox 523 997 759 1069; x_wconf 85' lang='grc' dir='ltr'>Χριστὸν</span> <span class='ocrx_word' id='word_1_66' title='bbox 786 996 1001 1070; x_wconf 77' lang='grc' dir='ltr'>ἔχομεν,</span> <span class='ocrx_word' id='word_1_67' title='bbox 1034 997 1094 1061; x_wconf 83' lang='grc' dir='ltr'>ὃς</span> <span class='ocrx_word' id='word_1_68' title='bbox 1122 997 1270 1051; x_wconf 83' lang='grc' dir='ltr'>ὲστιν</span> <span class='ocrx_word' id='word_1_69' title='bbox 1300 998 1334 1068; x_wconf 91' lang='grc' dir='ltr'><strong>ἡ</strong></span> <span class='ocrx_word' id='word_1_70' title='bbox 1366 998 1579 1070; x_wconf 79' lang='grc' dir='ltr'>εἰρήνη,</span> <span class='ocrx_word' id='word_1_71' title='bbox 1608 998 1702 1052; x_wconf 64' lang='grc' dir='ltr'><strong>καλ⁸</strong></span> <span class='ocrx_word' id='word_1_72' title='bbox 1727 999 1887 1069; x_wconf 80' lang='grc' dir='ltr'>ἡμεῖς</span> 
     </span>
    </p>
   </div>
   <div class='ocr_carea' id='block_1_13' title="bbox 310 1086 1886 1163">
    <p class='ocr_par' dir='ltr' id='par_1_13' title="bbox 310 1086 1886 1163">
     <span class='ocr_line' id='line_1_13' title="bbox 310 1086 1886 1163; baseline 0.001 -20"><span class='ocrx_word' id='word_1_73' title='bbox 310 1091 370 1143; x_wconf 79' lang='grc' dir='ltr'>ὲν</span> <span class='ocrx_word' id='word_1_74' title='bbox 401 1089 615 1152; x_wconf 75' lang='grc' dir='ltr'>ἑαυτοῖς</span> <span class='ocrx_word' id='word_1_75' title='bbox 645 1086 745 1159; x_wconf 84' lang='grc' dir='ltr'>τὴν</span> <span class='ocrx_word' id='word_1_76' title='bbox 781 1086 983 1160; x_wconf 74' lang='grc' dir='ltr'>ἔχθραν</span> <span class='ocrx_word' id='word_1_77' title='bbox 1031 1088 1529 1161; x_wconf 88' lang='grc' dir='ltr'>νεκροποιήσωμεν,</span> <span class='ocrx_word' id='word_1_78' title='bbox 1561 1088 1628 1142; x_wconf 84' lang='grc' dir='ltr'><strong>ἵν’</strong></span> <span class='ocrx_word' id='word_1_79' title='bbox 1658 1088 1793 1160; x_wconf 84' lang='grc' dir='ltr'>ὅπερ</span> <span class='ocrx_word' id='word_1_80' title='bbox 1827 1090 1886 1163; x_wconf 77' lang='grc' dir='ltr'><strong>ἐν</strong></span> 
     </span>
    </p>
   </div>
   <div class='ocr_carea' id='block_1_14' title="bbox 307 1178 1888 1256">
    <p class='ocr_par' dir='ltr' id='par_1_14' title="bbox 307 1178 1888 1256">
     <span class='ocr_line' id='line_1_14' title="bbox 307 1178 1888 1256; baseline 0.002 -24"><span class='ocrx_word' id='word_1_81' title='bbox 307 1179 503 1249; x_wconf 79' lang='grc' dir='ltr'>ἐκείνῳ</span> <span class='ocrx_word' id='word_1_82' title='bbox 531 1178 880 1251; x_wconf 84' lang='grc' dir='ltr'>πιστεύομεν,</span> <span class='ocrx_word' id='word_1_83' title='bbox 905 1179 1065 1234; x_wconf 84' lang='grc' dir='ltr'>τοῦτο</span> <span class='ocrx_word' id='word_1_84' title='bbox 1106 1181 1200 1235; x_wconf 79' lang='grc' dir='ltr'>καὶ</span> <span class='ocrx_word' id='word_1_85' title='bbox 1226 1182 1284 1235; x_wconf 80' lang='grc' dir='ltr'>ὲν</span> <span class='ocrx_word' id='word_1_86' title='bbox 1304 1180 1383 1252; x_wconf 84' lang='grc' dir='ltr'>τῷ</span> <span class='ocrx_word' id='word_1_87' title='bbox 1408 1181 1660 1256; x_wconf 82' lang='grc' dir='ltr'>ἡμετέρῳ</span> <span class='ocrx_word' id='word_1_88' title='bbox 1691 1199 1888 1253; x_wconf 84' lang='grc' dir='ltr'>κατορ-</span> 
     </span>
    </p>
   </div>
   <div class='ocr_carea' id='block_1_15' title="bbox 309 1268 1884 1341">
    <p class='ocr_par' dir='ltr' id='par_1_15' title="bbox 309 1268 1884 1341">
     <span class='ocr_line' id='line_1_15' title="bbox 309 1268 1884 1341; baseline 0.001 -19"><span class='ocrx_word' id='word_1_89' title='bbox 309 1269 572 1340; x_wconf 86' lang='grc' dir='ltr'>θώσωμεν</span> <span class='ocrx_word' id='word_1_90' title='bbox 603 1268 722 1339; x_wconf 86' lang='grc' dir='ltr'>βίῳ.</span> <span class='ocrx_word' id='word_1_91' title='bbox 778 1269 867 1333; x_wconf 81' lang='grc' dir='ltr'>Ὠς</span> <span class='ocrx_word' id='word_1_92' title='bbox 911 1268 1019 1341; x_wconf 82' lang='grc' dir='ltr'>γὰρ</span> <span class='ocrx_word' id='word_1_93' title='bbox 1066 1270 1271 1333; x_wconf 79' lang='grc' dir='ltr'>ἐκεῖνος</span> <span class='ocrx_word' id='word_1_94' title='bbox 1320 1269 1382 1323; x_wconf 81' lang='grc' dir='ltr'><strong>τὸ</strong></span> <span class='ocrx_word' id='word_1_95' title='bbox 1432 1270 1746 1341; x_wconf 78' lang='grc' dir='ltr'>μεσότοιχον</span> <span class='ocrx_word' id='word_1_96' title='bbox 1790 1268 1884 1323; x_wconf 77' lang='grc' dir='ltr'>τοῦ</span> 
     </span>
    </p>
   </div>
   <div class='ocr_carea' id='block_1_16' title="bbox 309 1358 1886 1431">
    <p class='ocr_par' dir='ltr' id='par_1_16' title="bbox 309 1358 1886 1431">
     <span class='ocr_line' id='line_1_16' title="bbox 309 1358 1886 1431; baseline 0.001 -19"><span class='ocrx_word' id='word_1_97' title='bbox 309 1359 566 1431; x_wconf 90' lang='grc' dir='ltr'>φραγμοῦ</span> <span class='ocrx_word' id='word_1_98' title='bbox 603 1359 799 1425; x_wconf 83' lang='grc' dir='ltr'>λύσας,</span> <span class='ocrx_word' id='word_1_99' title='bbox 834 1360 962 1423; x_wconf 80' lang='grc' dir='ltr'>τοὺς</span> <span class='ocrx_word' id='word_1_100' title='bbox 1003 1358 1097 1413; x_wconf 90' lang='grc' dir='ltr'>δύο</span> <span class='ocrx_word' id='word_1_101' title='bbox 1129 1358 1342 1414; x_wconf 78' lang='grc' dir='ltr'>ἔκτισεν</span> <span class='ocrx_word' id='word_1_102' title='bbox 1371 1358 1431 1413; x_wconf 69' lang='grc' dir='ltr'>ὲν</span> <span class='ocrx_word' id='word_1_103' title='bbox 1472 1358 1650 1430; x_wconf 79' lang='grc' dir='ltr'>ἐαυτῷ</span> <span class='ocrx_word' id='word_1_104' title='bbox 1681 1362 1760 1423; x_wconf 89' lang='grc' dir='ltr'><strong>εἰς</strong></span> <span class='ocrx_word' id='word_1_105' title='bbox 1791 1360 1886 1413; x_wconf 73' lang='grc' dir='ltr'>ἕνα</span> 
     </span>
    </p>
   </div>
   <div class='ocr_carea' id='block_1_17' title="bbox 308 1450 1887 1525">
    <p class='ocr_par' dir='ltr' id='par_1_17' title="bbox 308 1450 1887 1525">
     <span class='ocr_line' id='line_1_17' title="bbox 308 1450 1887 1525; baseline -0.001 -18"><span class='ocrx_word' id='word_1_106' title='bbox 308 1453 494 1507; x_wconf 84' lang='grc' dir='ltr'>καινὸν</span> <span class='ocrx_word' id='word_1_107' title='bbox 524 1452 852 1524; x_wconf 77' lang='grc' dir='ltr'>ἄνθρωπον,</span> <span class='ocrx_word' id='word_1_108' title='bbox 886 1452 1059 1507; x_wconf 90' lang='grc' dir='ltr'>ποιῶν</span> <span class='ocrx_word' id='word_1_109' title='bbox 1117 1453 1341 1525; x_wconf 78' lang='grc' dir='ltr'>εἰρήνην</span> <span class='ocrx_word' id='word_1_110' title='bbox 1371 1466 1386 1482; x_wconf 78' lang='grc'>⁶</span> <span class='ocrx_word' id='word_1_111' title='bbox 1423 1450 1565 1506; x_wconf 79' lang='grc' dir='ltr'>οὓτω</span> <span class='ocrx_word' id='word_1_112' title='bbox 1601 1454 1695 1506; x_wconf 74' lang='grc' dir='ltr'>καὶ</span> <span class='ocrx_word' id='word_1_113' title='bbox 1725 1454 1887 1523; x_wconf 88' lang='grc' dir='ltr'>ἡμεῖς</span> 
     </span>
    </p>
   </div>
   <div class='ocr_carea' id='block_1_18' title="bbox 307 1543 1886 1617">
    <p class='ocr_par' dir='ltr' id='par_1_18' title="bbox 307 1543 1886 1617">
     <span class='ocr_line' id='line_1_18' title="bbox 307 1543 1886 1617; baseline -0.001 -18"><span class='ocrx_word' id='word_1_114' title='bbox 307 1548 388 1610; x_wconf 81' lang='grc' dir='ltr'><strong>εἰς</strong></span> <span class='ocrx_word' id='word_1_115' title='bbox 413 1545 761 1614; x_wconf 81' lang='grc' dir='ltr'>καταλλαγὰς</span> <span class='ocrx_word' id='word_1_116' title='bbox 786 1546 1078 1616; x_wconf 79' lang='grc' dir='ltr'>ἀγάγωμεν</span> <span class='ocrx_word' id='word_1_117' title='bbox 1098 1546 1158 1599; x_wconf 83' lang='grc' dir='ltr'><strong>ού</strong></span> <span class='ocrx_word' id='word_1_118' title='bbox 1194 1545 1355 1617; x_wconf 90' lang='grc' dir='ltr'>μόνον</span> <span class='ocrx_word' id='word_1_119' title='bbox 1385 1546 1511 1608; x_wconf 83' lang='grc' dir='ltr'>τοὺς</span> <span class='ocrx_word' id='word_1_120' title='bbox 1534 1543 1731 1609; x_wconf 74' lang='grc' dir='ltr'>ἔξωθεν</span> <span class='ocrx_word' id='word_1_121' title='bbox 1754 1545 1886 1614; x_wconf 86' lang='grc' dir='ltr'>ἡμῖν</span> 
     </span>
    </p>
   </div>
   <div class='ocr_carea' id='block_1_19' title="bbox 308 1638 1885 1713">
    <p class='ocr_par' dir='ltr' id='par_1_19' title="bbox 308 1638 1885 1713">
     <span class='ocr_line' id='line_1_19' title="bbox 308 1638 1885 1713; baseline -0.004 -19"><span class='ocrx_word' id='word_1_122' title='bbox 308 1640 819 1713; x_wconf 81' lang='grc' dir='ltr'>προσμαχομένους,</span> <span class='ocrx_word' id='word_1_123' title='bbox 847 1638 984 1693; x_wconf 84' lang='grc' dir='ltr'><strong>ἀλλά</strong></span> <span class='ocrx_word' id='word_1_124' title='bbox 1014 1639 1109 1693; x_wconf 77' lang='grc' dir='ltr'>καὶ</span> <span class='ocrx_word' id='word_1_125' title='bbox 1134 1640 1260 1704; x_wconf 84' lang='grc' dir='ltr'>τοὺς</span> <span class='ocrx_word' id='word_1_126' title='bbox 1290 1639 1349 1694; x_wconf 83' lang='grc' dir='ltr'>ὲν</span> <span class='ocrx_word' id='word_1_127' title='bbox 1378 1640 1512 1710; x_wconf 90' lang='grc' dir='ltr'>ἡμῖν</span> <span class='ocrx_word' id='word_1_128' title='bbox 1541 1638 1724 1700; x_wconf 82' lang='grc' dir='ltr'>αὐτοῖς</span> <span class='ocrx_word' id='word_1_129' title='bbox 1757 1653 1885 1689; x_wconf 87' lang='grc' dir='ltr'>στα-</span> 
     </span>
    </p>
   </div>
   <div class='ocr_carea' id='block_1_20' title="bbox 1986 445 3563 516">
    <p class='ocr_par' dir='ltr' id='par_1_20' title="bbox 1986 445 3563 516">
     <span class='ocr_line' id='line_1_20' title="bbox 1986 445 3563 516; baseline -0.001 -15"><span class='ocrx_word' id='word_1_130' title='bbox 1986 445 2343 502; x_wconf 90' lang='lat' dir='ltr'><strong>ostcndemus</strong></span> <span class='ocrx_word' id='word_1_131' title='bbox 2362 485 2379 512; x_wconf 92' lang='lat'><strong>,</strong></span> <span class='ocrx_word' id='word_1_132' title='bbox 2405 446 2451 501; x_wconf 88' lang='lat' dir='ltr'><strong>si</strong></span> <span class='ocrx_word' id='word_1_133' title='bbox 2482 461 2579 516; x_wconf 89' lang='lat' dir='ltr'><strong>per</strong></span> <span class='ocrx_word' id='word_1_134' title='bbox 2605 460 2725 500; x_wconf 91' lang='lat' dir='ltr'><strong>eam</strong></span> <span class='ocrx_word' id='word_1_135' title='bbox 2757 458 2946 515; x_wconf 90' lang='lat' dir='ltr'><strong>pacem</strong></span> <span class='ocrx_word' id='word_1_136' title='bbox 2973 484 2991 511; x_wconf 93' lang='lat'><strong>,</strong></span> <span class='ocrx_word' id='word_1_137' title='bbox 3022 460 3144 516; x_wconf 70' lang='lat' dir='ltr'><strong>quae</strong></span> <span class='ocrx_word' id='word_1_138' title='bbox 3176 447 3231 500; x_wconf 92' lang='lat' dir='ltr'><strong>in</strong></span> <span class='ocrx_word' id='word_1_139' title='bbox 3260 446 3422 501; x_wconf 88' lang='lat' dir='ltr'><strong>nobis</strong></span> <span class='ocrx_word' id='word_1_140' title='bbox 3450 454 3563 514; x_wconf 85' lang='lat' dir='ltr'><strong>est,</strong></span> 
     </span>
    </p>
   </div>
   <div class='ocr_carea' id='block_1_21' title="bbox 1988 536 3567 607">
    <p class='ocr_par' dir='ltr' id='par_1_21' title="bbox 1988 536 3567 607">
     <span class='ocr_line' id='line_1_21' title="bbox 1988 536 3567 607; baseline -0.002 -14"><span class='ocrx_word' id='word_1_141' title='bbox 1988 538 2276 595; x_wconf 85' lang='lat' dir='ltr'><strong>Christum</strong></span> <span class='ocrx_word' id='word_1_142' title='bbox 2305 538 2419 594; x_wconf 90' lang='lat' dir='ltr'><strong>vita</strong></span> <span class='ocrx_word' id='word_1_143' title='bbox 2447 545 2638 593; x_wconf 90' lang='lat' dir='ltr'><strong>nostra</strong></span> <span class='ocrx_word' id='word_1_144' title='bbox 2674 537 3135 607; x_wconf 80' lang='lat' dir='ltr'><strong>expresserimus.</strong></span> <span class='ocrx_word' id='word_1_145' title='bbox 3164 536 3258 592; x_wconf 87' lang='lat' dir='ltr'><strong>Ille</strong></span> <span class='ocrx_word' id='word_1_146' title='bbox 3290 537 3567 593; x_wconf 78' lang='lat' dir='ltr'><strong>interfecit</strong></span> 
     </span>
    </p>
   </div>
   <div class='ocr_carea' id='block_1_22' title="bbox 1988 627 3565 700">
    <p class='ocr_par' dir='ltr' id='par_1_22' title="bbox 1988 627 3565 700">
     <span class='ocr_line' id='line_1_22' title="bbox 1988 627 3565 700; baseline -0.003 -14"><span class='ocrx_word' id='word_1_147' title='bbox 1988 630 2371 696; x_wconf 88' lang='lat' dir='ltr'><strong>inimicitiam,</strong></span> <span class='ocrx_word' id='word_1_148' title='bbox 2408 637 2469 683; x_wconf 92' lang='lat' dir='ltr'><strong>ut</strong></span> <span class='ocrx_word' id='word_1_149' title='bbox 2499 630 2682 700; x_wconf 80' lang='lat' dir='ltr'><strong>inquit</strong></span> <span class='ocrx_word' id='word_1_150' title='bbox 2714 629 3013 698; x_wconf 82' lang='lat' dir='ltr'><strong>Apostolus</strong></span> <span class='ocrx_word' id='word_1_151' title='bbox 3043 629 3085 684; x_wconf 83' lang='grc'><strong>³.</strong></span> <span class='ocrx_word' id='word_1_152' title='bbox 3129 627 3208 684; x_wconf 85' lang='lat' dir='ltr'><strong>Ne</strong></span> <span class='ocrx_word' id='word_1_153' title='bbox 3243 628 3413 700; x_wconf 89' lang='lat' dir='ltr'><strong>igitur</strong></span> <span class='ocrx_word' id='word_1_154' title='bbox 3443 643 3565 683; x_wconf 88' lang='lat' dir='ltr'><strong>eam</strong></span> 
     </span>
    </p>
   </div>
   <div class='ocr_carea' id='block_1_23' title="bbox 1986 719 3612 791">
    <p class='ocr_par' dir='ltr' id='par_1_23' title="bbox 1986 719 3612 791">
     <span class='ocr_line' id='line_1_23' title="bbox 1986 719 3612 791; baseline -0.002 -15"><span class='ocrx_word' id='word_1_155' title='bbox 1986 721 2047 777; x_wconf 90' lang='lat' dir='ltr'><strong>in</strong></span> <span class='ocrx_word' id='word_1_156' title='bbox 2071 721 2235 776; x_wconf 86' lang='lat' dir='ltr'><strong>nobis</strong></span> <span class='ocrx_word' id='word_1_157' title='bbox 2261 721 2375 775; x_wconf 92' lang='lat' dir='ltr'><strong>ullo</strong></span> <span class='ocrx_word' id='word_1_158' title='bbox 2402 719 2564 775; x_wconf 88' lang='lat' dir='ltr'><strong>modo</strong></span> <span class='ocrx_word' id='word_1_159' title='bbox 2594 720 2925 775; x_wconf 78' lang='lat' dir='ltr'><strong>reviviscere</strong></span> <span class='ocrx_word' id='word_1_160' title='bbox 2952 719 3249 791; x_wconf 82' lang='lat' dir='ltr'><strong>patiamur,</strong></span> <span class='ocrx_word' id='word_1_161' title='bbox 3280 721 3373 775; x_wconf 89' lang='lat' dir='ltr'><strong>sed</strong></span> <span class='ocrx_word' id='word_1_162' title='bbox 3404 720 3568 789; x_wconf 88' lang='lat' dir='ltr'><strong>plane</strong></span> <span class='ocrx_word' id='word_1_163' title='bbox 3606 755 3612 759; x_wconf 58' lang='grc' dir='ltr'><strong>ι</strong></span> 
     </span>
    </p>
   </div>
   <div class='ocr_carea' id='block_1_24' title="bbox 1987 807 3568 880">
    <p class='ocr_par' dir='ltr' id='par_1_24' title="bbox 1987 807 3568 880">
     <span class='ocr_line' id='line_1_24' title="bbox 1987 807 3568 880; baseline -0.004 -14"><span class='ocrx_word' id='word_1_164' title='bbox 1987 819 2266 866; x_wconf 85' lang='lat' dir='ltr'><strong>mortuam</strong></span> <span class='ocrx_word' id='word_1_165' title='bbox 2299 825 2422 866; x_wconf 89' lang='lat' dir='ltr'><strong>esse</strong></span> <span class='ocrx_word' id='word_1_166' title='bbox 2447 808 2810 865; x_wconf 89' lang='lat' dir='ltr'><strong>declaremus.</strong></span> <span class='ocrx_word' id='word_1_167' title='bbox 2846 807 2925 864; x_wconf 86' lang='lat' dir='ltr'><strong>Ne</strong></span> <span class='ocrx_word' id='word_1_168' title='bbox 2964 809 3228 880; x_wconf 72' lang='lat' dir='ltr'><strong>praeclare</strong></span> <span class='ocrx_word' id='word_1_169' title='bbox 3258 823 3360 879; x_wconf 89' lang='lat' dir='ltr'><strong>pro</strong></span> <span class='ocrx_word' id='word_1_170' title='bbox 3390 809 3568 863; x_wconf 82' lang='lat' dir='ltr'><strong>saltue</strong></span> 
     </span>
    </p>
   </div>
   <div class='ocr_carea' id='block_1_25' title="bbox 1986 895 3566 966">
    <p class='ocr_par' dir='ltr' id='par_1_25' title="bbox 1986 895 3566 966">
     <span class='ocr_line' id='line_1_25' title="bbox 1986 895 3566 966; baseline -0.003 -12"><span class='ocrx_word' id='word_1_171' title='bbox 1986 908 2187 954; x_wconf 85' lang='lat' dir='ltr'><strong>nostra</strong></span> <span class='ocrx_word' id='word_1_172' title='bbox 2216 896 2563 952; x_wconf 85' lang='lat' dir='ltr'><strong>interfectam</strong></span> <span class='ocrx_word' id='word_1_173' title='bbox 2598 910 2628 949; x_wconf 92' lang='lat' dir='ltr'><strong>a</strong></span> <span class='ocrx_word' id='word_1_174' title='bbox 2661 895 2773 952; x_wconf 90' lang='lat' dir='ltr'><strong>Deo</strong></span> <span class='ocrx_word' id='word_1_175' title='bbox 2794 939 2809 964; x_wconf 88' lang='lat'><strong>,</strong></span> <span class='ocrx_word' id='word_1_176' title='bbox 2852 911 2956 952; x_wconf 88' lang='lat' dir='ltr'><strong>nos</strong></span> <span class='ocrx_word' id='word_1_177' title='bbox 2998 897 3052 951; x_wconf 91' lang='lat' dir='ltr'><strong>in</strong></span> <span class='ocrx_word' id='word_1_178' title='bbox 3092 906 3410 951; x_wconf 89' lang='lat' dir='ltr'><strong>nostrorum</strong></span> <span class='ocrx_word' id='word_1_179' title='bbox 3438 912 3566 966; x_wconf 79' lang='lat' dir='ltr'><strong>per-</strong></span> 
     </span>
    </p>
   </div>
   <div class='ocr_carea' id='block_1_26' title="bbox 1986 987 3568 1059">
    <p class='ocr_par' dir='ltr' id='par_1_26' title="bbox 1986 987 3568 1059">
     <span class='ocr_line' id='line_1_26' title="bbox 1986 987 3568 1059; baseline -0.003 -12"><span class='ocrx_word' id='word_1_180' title='bbox 1986 992 2188 1047; x_wconf 88' lang='lat' dir='ltr'><strong>niciem</strong></span> <span class='ocrx_word' id='word_1_181' title='bbox 2220 990 2533 1045; x_wconf 89' lang='lat' dir='ltr'><strong>animorum</strong></span> <span class='ocrx_word' id='word_1_182' title='bbox 2566 988 2902 1054; x_wconf 86' lang='lat' dir='ltr'><strong>irascentes,</strong></span> <span class='ocrx_word' id='word_1_183' title='bbox 2941 996 2996 1043; x_wconf 89' lang='lat' dir='ltr'><strong>et</strong></span> <span class='ocrx_word' id='word_1_184' title='bbox 3038 989 3371 1059; x_wconf 88' lang='lat' dir='ltr'><strong>injuriarum</strong></span> <span class='ocrx_word' id='word_1_185' title='bbox 3402 987 3568 1043; x_wconf 88' lang='lat' dir='ltr'><strong>remi-</strong></span> 
     </span>
    </p>
   </div>
   <div class='ocr_carea' id='block_1_27' title="bbox 1986 1079 3562 1151">
    <p class='ocr_par' dir='ltr' id='par_1_27' title="bbox 1986 1079 3562 1151">
     <span class='ocr_line' id='line_1_27' title="bbox 1986 1079 3562 1151; baseline -0.004 -13"><span class='ocrx_word' id='word_1_186' title='bbox 1986 1083 2267 1138; x_wconf 89' lang='lat' dir='ltr'><strong>niscentes</strong></span> <span class='ocrx_word' id='word_1_187' title='bbox 2290 1081 2617 1145; x_wconf 81' lang='lat' dir='ltr'><strong>excitemus,</strong></span> <span class='ocrx_word' id='word_1_188' title='bbox 2640 1096 2761 1135; x_wconf 88' lang='lat' dir='ltr'><strong>eam</strong></span> <span class='ocrx_word' id='word_1_189' title='bbox 2783 1120 2798 1146; x_wconf 94' lang='lat'><strong>,</strong></span> <span class='ocrx_word' id='word_1_190' title='bbox 2829 1095 2953 1151; x_wconf 82' lang='lat' dir='ltr'><strong>quae</strong></span> <span class='ocrx_word' id='word_1_191' title='bbox 2980 1081 3120 1135; x_wconf 87' lang='lat' dir='ltr'><strong>bene</strong></span> <span class='ocrx_word' id='word_1_192' title='bbox 3148 1088 3361 1134; x_wconf 90' lang='lat' dir='ltr'><strong>mortua</strong></span> <span class='ocrx_word' id='word_1_193' title='bbox 3382 1079 3562 1149; x_wconf 87' lang='lat' dir='ltr'><strong>jacet,</strong></span> 
     </span>
    </p>
   </div>
   <div class='ocr_carea' id='block_1_28' title="bbox 1988 1169 3565 1245">
    <p class='ocr_par' dir='ltr' id='par_1_28' title="bbox 1988 1169 3565 1245">
     <span class='ocr_line' id='line_1_28' title="bbox 1988 1169 3565 1245; baseline -0.003 -16"><span class='ocrx_word' id='word_1_194' title='bbox 1988 1173 2237 1245; x_wconf 87' lang='lat' dir='ltr'><strong>improbe</strong></span> <span class='ocrx_word' id='word_1_195' title='bbox 2264 1174 2320 1228; x_wconf 91' lang='lat' dir='ltr'><strong>in</strong></span> <span class='ocrx_word' id='word_1_196' title='bbox 2347 1174 2512 1228; x_wconf 90' lang='lat' dir='ltr'><strong>vitam</strong></span> <span class='ocrx_word' id='word_1_197' title='bbox 2553 1180 2898 1228; x_wconf 85' lang='lat' dir='ltr'><strong>revocantes.</strong></span> <span class='ocrx_word' id='word_1_198' title='bbox 2936 1169 3044 1226; x_wconf 89' lang='lat' dir='ltr'><strong>Sed</strong></span> <span class='ocrx_word' id='word_1_199' title='bbox 3087 1185 3213 1225; x_wconf 90' lang='lat' dir='ltr'><strong>cum</strong></span> <span class='ocrx_word' id='word_1_200' title='bbox 3258 1170 3565 1225; x_wconf 82' lang='lat' dir='ltr'><strong>habeamus</strong></span> 
     </span>
    </p>
   </div>
   <div class='ocr_carea' id='block_1_29' title="bbox 1985 1262 3566 1334">
    <p class='ocr_par' dir='ltr' id='par_1_29' title="bbox 1985 1262 3566 1334">
     <span class='ocr_line' id='line_1_29' title="bbox 1985 1262 3566 1334; baseline -0.002 -14"><span class='ocrx_word' id='word_1_201' title='bbox 1985 1266 2266 1321; x_wconf 86' lang='lat' dir='ltr'><strong>Christum</strong></span> <span class='ocrx_word' id='word_1_202' title='bbox 2285 1305 2302 1331; x_wconf 96' lang='lat'><strong>,</strong></span> <span class='ocrx_word' id='word_1_203' title='bbox 2332 1264 2428 1334; x_wconf 88' lang='lat' dir='ltr'><strong>qui</strong></span> <span class='ocrx_word' id='word_1_204' title='bbox 2459 1270 2544 1319; x_wconf 91' lang='lat' dir='ltr'><strong>est</strong></span> <span class='ocrx_word' id='word_1_205' title='bbox 2574 1279 2678 1334; x_wconf 81' lang='lat' dir='ltr'><strong>pax</strong></span> <span class='ocrx_word' id='word_1_206' title='bbox 2698 1305 2712 1329; x_wconf 94' lang='lat'><strong>,</strong></span> <span class='ocrx_word' id='word_1_207' title='bbox 2747 1279 2849 1320; x_wconf 91' lang='lat' dir='ltr'><strong>nos</strong></span> <span class='ocrx_word' id='word_1_208' title='bbox 2880 1264 3011 1319; x_wconf 91' lang='lat' dir='ltr'><strong>item</strong></span> <span class='ocrx_word' id='word_1_209' title='bbox 3046 1262 3389 1317; x_wconf 90' lang='lat' dir='ltr'><strong>inimicitiam</strong></span> <span class='ocrx_word' id='word_1_210' title='bbox 3416 1262 3566 1317; x_wconf 90' lang='lat' dir='ltr'><strong>occi-</strong></span> 
     </span>
    </p>
   </div>
   <div class='ocr_carea' id='block_1_30' title="bbox 1986 1352 3565 1424">
    <p class='ocr_par' dir='ltr' id='par_1_30' title="bbox 1986 1352 3565 1424">
     <span class='ocr_line' id='line_1_30' title="bbox 1986 1352 3565 1424; baseline -0.003 -13"><span class='ocrx_word' id='word_1_211' title='bbox 1986 1356 2214 1420; x_wconf 89' lang='lat' dir='ltr'><strong>damus,</strong></span> <span class='ocrx_word' id='word_1_212' title='bbox 2251 1361 2347 1421; x_wconf 90' lang='lat' dir='ltr'><strong>ut,</strong></span> <span class='ocrx_word' id='word_1_213' title='bbox 2379 1353 2525 1424; x_wconf 89' lang='lat' dir='ltr'><strong>quod</strong></span> <span class='ocrx_word' id='word_1_214' title='bbox 2560 1354 2617 1407; x_wconf 90' lang='lat' dir='ltr'><strong>in</strong></span> <span class='ocrx_word' id='word_1_215' title='bbox 2659 1353 2779 1424; x_wconf 87' lang='lat' dir='ltr'><strong>ipso</strong></span> <span class='ocrx_word' id='word_1_216' title='bbox 2821 1353 3133 1418; x_wconf 90' lang='lat' dir='ltr'><strong>credimus,</strong></span> <span class='ocrx_word' id='word_1_217' title='bbox 3183 1352 3237 1407; x_wconf 88' lang='lat' dir='ltr'><strong>id</strong></span> <span class='ocrx_word' id='word_1_218' title='bbox 3279 1352 3336 1406; x_wconf 93' lang='lat' dir='ltr'><strong>in</strong></span> <span class='ocrx_word' id='word_1_219' title='bbox 3374 1360 3565 1408; x_wconf 89' lang='lat' dir='ltr'><strong>nostra</strong></span> 
     </span>
    </p>
   </div>
   <div class='ocr_carea' id='block_1_31' title="bbox 1989 1443 3565 1517">
    <p class='ocr_par' dir='ltr' id='par_1_31' title="bbox 1989 1443 3565 1517">
     <span class='ocr_line' id='line_1_31' title="bbox 1989 1443 3565 1517; baseline -0.003 -16"><span class='ocrx_word' id='word_1_220' title='bbox 1989 1447 2098 1501; x_wconf 88' lang='lat' dir='ltr'><strong>vita</strong></span> <span class='ocrx_word' id='word_1_221' title='bbox 2128 1460 2548 1517; x_wconf 87' lang='lat' dir='ltr'><strong>prosequamur.</strong></span> <span class='ocrx_word' id='word_1_222' title='bbox 2580 1443 2652 1499; x_wconf 90' lang='lat' dir='ltr'><strong>Ut</strong></span> <span class='ocrx_word' id='word_1_223' title='bbox 2679 1445 2771 1500; x_wconf 89' lang='lat' dir='ltr'><strong>ille</strong></span> <span class='ocrx_word' id='word_1_224' title='bbox 2813 1445 2958 1499; x_wconf 90' lang='lat' dir='ltr'><strong>enim</strong></span> <span class='ocrx_word' id='word_1_225' title='bbox 3014 1444 3256 1498; x_wconf 88' lang='lat' dir='ltr'><strong>medium</strong></span> <span class='ocrx_word' id='word_1_226' title='bbox 3296 1443 3565 1513; x_wconf 89' lang='lat' dir='ltr'><strong>parietem</strong></span> 
     </span>
    </p>
   </div>
   <div class='ocr_carea' id='block_1_32' title="bbox 1986 1534 3566 1604">
    <p class='ocr_par' dir='ltr' id='par_1_32' title="bbox 1986 1534 3566 1604">
     <span class='ocr_line' id='line_1_32' title="bbox 1986 1534 3566 1604; baseline -0.001 -13"><span class='ocrx_word' id='word_1_227' title='bbox 1986 1538 2240 1591; x_wconf 71' lang='lat' dir='ltr'><strong>maceriae</strong></span> <span class='ocrx_word' id='word_1_228' title='bbox 2268 1536 2485 1591; x_wconf 89' lang='lat' dir='ltr'><strong>solvens</strong></span> <span class='ocrx_word' id='word_1_229' title='bbox 2516 1534 2657 1589; x_wconf 91' lang='lat' dir='ltr'><strong>duos</strong></span> <span class='ocrx_word' id='word_1_230' title='bbox 2685 1534 2938 1589; x_wconf 90' lang='lat' dir='ltr'><strong>condidit</strong></span> <span class='ocrx_word' id='word_1_231' title='bbox 2976 1534 3031 1588; x_wconf 90' lang='lat' dir='ltr'><strong>in</strong></span> <span class='ocrx_word' id='word_1_232' title='bbox 3057 1534 3353 1604; x_wconf 86' lang='lat' dir='ltr'><strong>semetipso</strong></span> <span class='ocrx_word' id='word_1_233' title='bbox 3377 1535 3431 1589; x_wconf 91' lang='lat' dir='ltr'><strong>in</strong></span> <span class='ocrx_word' id='word_1_234' title='bbox 3454 1550 3566 1589; x_wconf 90' lang='lat' dir='ltr'><strong>uno</strong></span> 
     </span>
    </p>
   </div>
   <div class='ocr_carea' id='block_1_33' title="bbox 1986 1622 3564 1693">
    <p class='ocr_par' dir='ltr' id='par_1_33' title="bbox 1986 1622 3564 1693">
     <span class='ocr_line' id='line_1_33' title="bbox 1986 1622 3564 1693; baseline -0.001 -14"><span class='ocrx_word' id='word_1_235' title='bbox 1986 1625 2209 1680; x_wconf 88' lang='lat' dir='ltr'><strong>homine</strong></span> <span class='ocrx_word' id='word_1_236' title='bbox 2247 1623 2456 1679; x_wconf 82' lang='lat' dir='ltr'><strong>faciens</strong></span> <span class='ocrx_word' id='word_1_237' title='bbox 2503 1637 2696 1693; x_wconf 88' lang='lat' dir='ltr'><strong>pacem</strong></span> <span class='ocrx_word' id='word_1_238' title='bbox 2727 1624 2772 1687; x_wconf 84' lang='lat'><strong>’,</strong></span> <span class='ocrx_word' id='word_1_239' title='bbox 2808 1622 2889 1679; x_wconf 90' lang='lat' dir='ltr'><strong>sic</strong></span> <span class='ocrx_word' id='word_1_240' title='bbox 2919 1629 2974 1677; x_wconf 93' lang='lat' dir='ltr'><strong>et</strong></span> <span class='ocrx_word' id='word_1_241' title='bbox 3004 1637 3108 1678; x_wconf 93' lang='lat' dir='ltr'><strong>nos</strong></span> <span class='ocrx_word' id='word_1_242' title='bbox 3139 1623 3564 1678; x_wconf 90' lang='lat' dir='ltr'><strong>reconciliemus</strong></span> 
     </span>
    </p>
   </div>
   <div class='ocr_carea' id='block_1_34' title="bbox 309 1702 1888 1802">
    <p class='ocr_par' dir='ltr' id='par_1_34' title="bbox 309 1702 1885 1802">
     <span class='ocr_line' id='line_1_34' title="bbox 309 1702 1885 1802; baseline -0.002 -19"><span class='ocrx_word' id='word_1_243' title='bbox 309 1702 616 1796; x_wconf 64' lang='grc' dir='ltr'>σιάζόπας,</span> <span class='ocrx_word' id='word_1_244' title='bbox 664 1730 751 1784; x_wconf 86' lang='grc' dir='ltr'><strong>ῖνα</strong></span> <span class='ocrx_word' id='word_1_245' title='bbox 787 1702 982 1802; x_wconf 80' lang='grc' dir='ltr'>μηκέτι</span> <span class='ocrx_word' id='word_1_246' title='bbox 1031 1732 1066 1800; x_wconf 90' lang='grc' dir='ltr'><strong>ἡ</strong></span> <span class='ocrx_word' id='word_1_247' title='bbox 1123 1702 1260 1801; x_wconf 69' lang='grc' dir='ltr'>σὰρξ</span> <span class='ocrx_word' id='word_1_248' title='bbox 1307 1702 1548 1801; x_wconf 72' lang='grc' dir='ltr'>ἐπιθυμῇ</span> <span class='ocrx_word' id='word_1_249' title='bbox 1608 1728 1751 1783; x_wconf 84' lang='grc' dir='ltr'>κατὰ</span> <span class='ocrx_word' id='word_1_250' title='bbox 1792 1727 1885 1781; x_wconf 84' lang='grc' dir='ltr'>τοῦ</span> 
     </span>
    </p>
   </div>
   <div class='ocr_carea' id='block_1_35' title="bbox 1987 1702 3564 1802">
    <p class='ocr_par' dir='ltr' id='par_1_35' title="bbox 1987 1715 3564 1787">
     <span class='ocr_line' id='line_1_35' title="bbox 1987 1715 3564 1787; baseline -0.002 -14"><span class='ocrx_word' id='word_1_251' title='bbox 1987 1734 2099 1773; x_wconf 89' lang='lat' dir='ltr'><strong>non</strong></span> <span class='ocrx_word' id='word_1_252' title='bbox 2137 1733 2232 1773; x_wconf 91' lang='lat' dir='ltr'><strong>eos</strong></span> <span class='ocrx_word' id='word_1_253' title='bbox 2272 1724 2487 1772; x_wconf 90' lang='lat' dir='ltr'><strong>tantum</strong></span> <span class='ocrx_word' id='word_1_254' title='bbox 2537 1715 2633 1787; x_wconf 89' lang='lat' dir='ltr'><strong>qui</strong></span> <span class='ocrx_word' id='word_1_255' title='bbox 2675 1730 2778 1770; x_wconf 90' lang='lat' dir='ltr'><strong>nos</strong></span> <span class='ocrx_word' id='word_1_256' title='bbox 2819 1715 3169 1771; x_wconf 81' lang='lat' dir='ltr'><strong>extrinsecus</strong></span> <span class='ocrx_word' id='word_1_257' title='bbox 3213 1724 3564 1787; x_wconf 86' lang='lat' dir='ltr'><strong>oppugnant,</strong></span> 
     </span>
    </p>
   </div>
   <div class='ocr_carea' id='block_1_36' title="bbox 306 1820 1887 1894">
    <p class='ocr_par' dir='ltr' id='par_1_36' title="bbox 306 1820 1887 1894">
     <span class='ocr_line' id='line_1_36' title="bbox 306 1820 1887 1894; baseline -0.003 -15"><span class='ocrx_word' id='word_1_258' title='bbox 306 1822 638 1894; x_wconf 87' lang='grc' dir='ltr'>πνεύματος,</span> <span class='ocrx_word' id='word_1_259' title='bbox 674 1823 735 1877; x_wconf 86' lang='grc' dir='ltr'><strong>τὸ</strong></span> <span class='ocrx_word' id='word_1_260' title='bbox 771 1823 831 1877; x_wconf 80' lang='grc' dir='ltr'><strong>δὲ</strong></span> <span class='ocrx_word' id='word_1_261' title='bbox 885 1821 1101 1893; x_wconf 82' lang='grc' dir='ltr'>πνεῦμα</span> <span class='ocrx_word' id='word_1_262' title='bbox 1151 1822 1292 1876; x_wconf 84' lang='grc' dir='ltr'>κατὰ</span> <span class='ocrx_word' id='word_1_263' title='bbox 1334 1823 1434 1892; x_wconf 87' lang='grc' dir='ltr'><strong>τῆς</strong></span> <span class='ocrx_word' id='word_1_264' title='bbox 1482 1822 1713 1892; x_wconf 75' lang='grc' dir='ltr'>σαρκόςο</span> <span class='ocrx_word' id='word_1_265' title='bbox 1772 1820 1887 1874; x_wconf 89' lang='grc' dir='ltr'>ἀλλ’</span> 
     </span>
    </p>
   </div>
   <div class='ocr_carea' id='block_1_37' title="bbox 306 1911 1887 1984">
    <p class='ocr_par' dir='ltr' id='par_1_37' title="bbox 306 1911 1887 1984">
     <span class='ocr_line' id='line_1_37' title="bbox 306 1911 1887 1984; baseline -0.001 -18"><span class='ocrx_word' id='word_1_266' title='bbox 306 1913 672 1981; x_wconf 79' lang='grc' dir='ltr'>ὑποταγέντος</span> <span class='ocrx_word' id='word_1_267' title='bbox 727 1912 819 1966; x_wconf 85' lang='grc' dir='ltr'><strong>τοῦ</strong></span> <span class='ocrx_word' id='word_1_268' title='bbox 877 1911 1190 1983; x_wconf 81' lang='grc' dir='ltr'>σαρκώδους</span> <span class='ocrx_word' id='word_1_269' title='bbox 1236 1914 1585 1984; x_wconf 89' lang='grc' dir='ltr'>φρονήματος</span> <span class='ocrx_word' id='word_1_270' title='bbox 1632 1912 1711 1983; x_wconf 87' lang='grc' dir='ltr'><strong>τῷ</strong></span> <span class='ocrx_word' id='word_1_271' title='bbox 1759 1912 1887 1983; x_wconf 88' lang='grc' dir='ltr'>θείῳ</span> 
     </span>
    </p>
   </div>
   <div class='ocr_carea' id='block_1_38' title="bbox 306 2003 1885 2075">
    <p class='ocr_par' dir='ltr' id='par_1_38' title="bbox 306 2003 1885 2075">
     <span class='ocr_line' id='line_1_38' title="bbox 306 2003 1885 2075; baseline 0.001 -19"><span class='ocrx_word' id='word_1_272' title='bbox 306 2003 475 2074; x_wconf 89' lang='grc' dir='ltr'>νόμῳ,</span> <span class='ocrx_word' id='word_1_273' title='bbox 510 2003 881 2075; x_wconf 89' lang='grc' dir='ltr'>είρηνεύωμεν</span> <span class='ocrx_word' id='word_1_274' title='bbox 911 2004 969 2057; x_wconf 78' lang='grc' dir='ltr'>ἐν</span> <span class='ocrx_word' id='word_1_275' title='bbox 993 2004 1227 2068; x_wconf 77' lang='grc' dir='ltr'>ἑαυτοῖς,</span> <span class='ocrx_word' id='word_1_276' title='bbox 1260 2004 1341 2067; x_wconf 81' lang='grc' dir='ltr'><strong>εἰς</strong></span> <span class='ocrx_word' id='word_1_277' title='bbox 1359 2005 1454 2057; x_wconf 77' lang='grc' dir='ltr'><strong>ἕνα</strong></span> <span class='ocrx_word' id='word_1_278' title='bbox 1499 2004 1592 2058; x_wconf 81' lang='grc' dir='ltr'><strong>τὸν</strong></span> <span class='ocrx_word' id='word_1_279' title='bbox 1617 2004 1801 2058; x_wconf 90' lang='grc' dir='ltr'>καινόν</span> <span class='ocrx_word' id='word_1_280' title='bbox 1824 2021 1885 2058; x_wconf 89' lang='grc' dir='ltr'><strong>τε</strong></span> 
     </span>
    </p>
   </div>
   <div class='ocr_carea' id='block_1_39' title="bbox 306 2090 1887 2167">
    <p class='ocr_par' dir='ltr' id='par_1_39' title="bbox 306 2090 1887 2167">
     <span class='ocr_line' id='line_1_39' title="bbox 306 2090 1887 2167; baseline 0.001 -19"><span class='ocrx_word' id='word_1_281' title='bbox 306 2096 401 2148; x_wconf 75' lang='grc' dir='ltr'><strong>καὶ</strong></span> <span class='ocrx_word' id='word_1_282' title='bbox 445 2094 721 2167; x_wconf 82' lang='grc' dir='ltr'>εἰρηνικὸν</span> <span class='ocrx_word' id='word_1_283' title='bbox 772 2093 1059 2165; x_wconf 83' lang='grc' dir='ltr'>ἄνθρωπον</span> <span class='ocrx_word' id='word_1_284' title='bbox 1086 2095 1646 2165; x_wconf 86' lang='grc' dir='ltr'>ἀναστοιχειωθέντες,</span> <span class='ocrx_word' id='word_1_285' title='bbox 1677 2095 1774 2149; x_wconf 81' lang='grc' dir='ltr'><strong>καί</strong></span> <span class='ocrx_word' id='word_1_286' title='bbox 1805 2090 1887 2160; x_wconf 83' lang='grc' dir='ltr'>εἷς</span> 
     </span>
    </p>
   </div>
   <div class='ocr_carea' id='block_1_40' title="bbox 306 2186 1886 2259">
    <p class='ocr_par' dir='ltr' id='par_1_40' title="bbox 306 2186 1886 2259">
     <span class='ocr_line' id='line_1_40' title="bbox 306 2186 1886 2259; baseline 0.001 -20"><span class='ocrx_word' id='word_1_287' title='bbox 306 2186 355 2239; x_wconf 88' lang='grc' dir='ltr'><strong>οἰ</strong></span> <span class='ocrx_word' id='word_1_288' title='bbox 385 2186 480 2239; x_wconf 89' lang='grc' dir='ltr'>δύο</span> <span class='ocrx_word' id='word_1_289' title='bbox 510 2186 811 2257; x_wconf 90' lang='grc' dir='ltr'>γενόμενοι.</span> <span class='ocrx_word' id='word_1_290' title='bbox 848 2188 1084 2259; x_wconf 86' lang='grc' dir='ltr'>Εἰρήνης</span> <span class='ocrx_word' id='word_1_291' title='bbox 1111 2187 1222 2257; x_wconf 83' lang='grc' dir='ltr'>γὰρ</span> <span class='ocrx_word' id='word_1_292' title='bbox 1242 2188 1389 2258; x_wconf 84' lang='grc' dir='ltr'>ὅρος,</span> <span class='ocrx_word' id='word_1_293' title='bbox 1417 2188 1451 2256; x_wconf 92' lang='grc' dir='ltr'><strong>ἡ</strong></span> <span class='ocrx_word' id='word_1_294' title='bbox 1480 2186 1585 2240; x_wconf 90' lang='grc' dir='ltr'><strong>τῶν</strong></span> <span class='ocrx_word' id='word_1_295' title='bbox 1611 2187 1886 2258; x_wconf 87' lang='grc' dir='ltr'>διεστηκό-</span> 
     </span>
    </p>
   </div>
   <div class='ocr_carea' id='block_1_41' title="bbox 306 2270 1886 2347">
    <p class='ocr_par' dir='ltr' id='par_1_41' title="bbox 306 2270 1886 2347">
     <span class='ocr_line' id='line_1_41' title="bbox 306 2270 1886 2347; baseline 0.002 -21"><span class='ocrx_word' id='word_1_296' title='bbox 306 2291 412 2328; x_wconf 88' lang='grc' dir='ltr'><strong>των</strong></span> <span class='ocrx_word' id='word_1_297' title='bbox 446 2276 593 2329; x_wconf 76' lang='grc' dir='ltr'>έστὶν</span> <span class='ocrx_word' id='word_1_298' title='bbox 620 2275 919 2346; x_wconf 82' lang='grc' dir='ltr'>ὁμοφωνία.</span> <span class='ocrx_word' id='word_1_299' title='bbox 952 2276 1116 2330; x_wconf 84' lang='grc' dir='ltr'>Ὅταν</span> <span class='ocrx_word' id='word_1_300' title='bbox 1148 2270 1241 2330; x_wconf 81' lang='grc' dir='ltr'><strong>οὖν</strong></span> <span class='ocrx_word' id='word_1_301' title='bbox 1264 2274 1512 2347; x_wconf 79' lang='grc' dir='ltr'>ἐξαιρεθῇ</span> <span class='ocrx_word' id='word_1_302' title='bbox 1542 2275 1644 2346; x_wconf 90' lang='grc' dir='ltr'><strong>τῆς</strong></span> <span class='ocrx_word' id='word_1_303' title='bbox 1672 2276 1886 2345; x_wconf 87' lang='grc' dir='ltr'>φύσεως</span> 
     </span>
    </p>
   </div>
   <div class='ocr_carea' id='block_1_42' title="bbox 306 2364 1887 2439">
    <p class='ocr_par' dir='ltr' id='par_1_42' title="bbox 306 2364 1887 2439">
     <span class='ocr_line' id='line_1_42' title="bbox 306 2364 1887 2439; baseline 0.001 -22"><span class='ocrx_word' id='word_1_304' title='bbox 306 2368 339 2435; x_wconf 86' lang='grc' dir='ltr'><strong>ἡ</strong></span> <span class='ocrx_word' id='word_1_305' title='bbox 348 2366 463 2435; x_wconf 90' lang='grc' dir='ltr'><strong>μῶν</strong></span> <span class='ocrx_word' id='word_1_306' title='bbox 486 2367 515 2419; x_wconf 93' lang='lat'><strong>6</strong></span> <span class='ocrx_word' id='word_1_307' title='bbox 544 2364 807 2435; x_wconf 80' lang='grc' dir='ltr'>ἐμφύλιος</span> <span class='ocrx_word' id='word_1_308' title='bbox 836 2366 1091 2437; x_wconf 89' lang='grc' dir='ltr'>πόλεμος,</span> <span class='ocrx_word' id='word_1_309' title='bbox 1115 2367 1236 2420; x_wconf 90' lang='grc' dir='ltr'>τότε</span> <span class='ocrx_word' id='word_1_310' title='bbox 1262 2368 1355 2421; x_wconf 76' lang='grc' dir='ltr'><strong>καὶ</strong></span> <span class='ocrx_word' id='word_1_311' title='bbox 1379 2370 1560 2439; x_wconf 88' lang='grc' dir='ltr'>ἡμεῖς,</span> <span class='ocrx_word' id='word_1_312' title='bbox 1592 2370 1649 2422; x_wconf 77' lang='grc' dir='ltr'><strong>έν</strong></span> <span class='ocrx_word' id='word_1_313' title='bbox 1677 2369 1887 2431; x_wconf 79' lang='grc' dir='ltr'>ἑαυτοῖς</span> 
     </span>
    </p>
   </div>
   <div class='ocr_carea' id='block_1_43' title="bbox 308 2455 1887 2530">
    <p class='ocr_par' dir='ltr' id='par_1_43' title="bbox 308 2455 1887 2530">
     <span class='ocr_line' id='line_1_43' title="bbox 308 2455 1887 2530; baseline 0.003 -22"><span class='ocrx_word' id='word_1_314' title='bbox 308 2455 741 2528; x_wconf 87' lang='grc' dir='ltr'>εἰρηνεύσαντες,</span> <span class='ocrx_word' id='word_1_315' title='bbox 776 2458 965 2528; x_wconf 87' lang='grc' dir='ltr'>εἰρήνη</span> <span class='ocrx_word' id='word_1_316' title='bbox 1004 2456 1290 2527; x_wconf 85' lang='grc' dir='ltr'>γινόμεθα,</span> <span class='ocrx_word' id='word_1_317' title='bbox 1338 2457 1515 2529; x_wconf 81' lang='grc' dir='ltr'>ἀληθῆ</span> <span class='ocrx_word' id='word_1_318' title='bbox 1554 2458 1646 2511; x_wconf 86' lang='grc' dir='ltr'><strong>καί</strong></span> <span class='ocrx_word' id='word_1_319' title='bbox 1690 2458 1887 2530; x_wconf 88' lang='grc' dir='ltr'>κυρίαν</span> 
     </span>
    </p>
   </div>
   <div class='ocr_carea' id='block_1_44' title="bbox 308 2544 1884 2617">
    <p class='ocr_par' dir='ltr' id='par_1_44' title="bbox 308 2544 1884 2617">
     <span class='ocr_line' id='line_1_44' title="bbox 308 2544 1884 2617; baseline 0.003 -20"><span class='ocrx_word' id='word_1_320' title='bbox 308 2544 563 2616; x_wconf 72' lang='grc' dir='ltr'>ιφ“ἡμῶν</span> <span class='ocrx_word' id='word_1_321' title='bbox 587 2545 681 2599; x_wconf 83' lang='grc' dir='ltr'>τοῦ</span> <span class='ocrx_word' id='word_1_322' title='bbox 708 2544 942 2615; x_wconf 83' lang='grc' dir='ltr'>Χριστοῦ</span> <span class='ocrx_word' id='word_1_323' title='bbox 969 2544 1067 2615; x_wconf 87' lang='grc' dir='ltr'>τὴν</span> <span class='ocrx_word' id='word_1_324' title='bbox 1098 2546 1412 2617; x_wconf 77' lang='grc' dir='ltr'>ἐπωνυμίαν</span> <span class='ocrx_word' id='word_1_325' title='bbox 1434 2545 1884 2611; x_wconf 78' lang='grc' dir='ltr'>ἐπιδεικνύοντες.</span> 
     </span>
    </p>
   </div>
   <div class='ocr_carea' id='block_1_45' title="bbox 308 2630 1888 2707">
    <p class='ocr_par' dir='ltr' id='par_1_45' title="bbox 308 2630 1888 2707">
     <span class='ocr_line' id='line_1_45' title="bbox 308 2630 1888 2707; baseline 0.004 -24"><span class='ocrx_word' id='word_1_326' title='bbox 308 2630 426 2694; x_wconf 69' lang='grc' dir='ltr'><strong>Φῶς</strong></span> <span class='ocrx_word' id='word_1_327' title='bbox 448 2632 506 2685; x_wconf 84' lang='grc' dir='ltr'><strong>δὲ</strong></span> <span class='ocrx_word' id='word_1_328' title='bbox 538 2633 787 2705; x_wconf 79' lang='grc' dir='ltr'>ἀληθινὸν</span> <span class='ocrx_word' id='word_1_329' title='bbox 816 2634 911 2687; x_wconf 74' lang='grc' dir='ltr'><strong>καὶ</strong></span> <span class='ocrx_word' id='word_1_330' title='bbox 942 2633 1022 2705; x_wconf 85' lang='grc' dir='ltr'>τῷ</span> <span class='ocrx_word' id='word_1_331' title='bbox 1049 2633 1235 2704; x_wconf 73' lang='grc' dir='ltr'>ψεύδει</span> <span class='ocrx_word' id='word_1_332' title='bbox 1277 2635 1569 2706; x_wconf 88' lang='grc' dir='ltr'>ἀπρόσιτον</span> <span class='ocrx_word' id='word_1_333' title='bbox 1597 2637 1888 2707; x_wconf 87' lang='grc' dir='ltr'>νοήσαντες</span> 
     </span>
    </p>
   </div>
   <div class='ocr_carea' id='block_1_46' title="bbox 307 2723 1887 2800">
    <p class='ocr_par' dir='ltr' id='par_1_46' title="bbox 307 2723 1887 2800">
     <span class='ocr_line' id='line_1_46' title="bbox 307 2723 1887 2800; baseline 0.004 -25"><span class='ocrx_word' id='word_1_334' title='bbox 307 2723 399 2776; x_wconf 76' lang='grc' dir='ltr'><strong>τὸν</strong></span> <span class='ocrx_word' id='word_1_335' title='bbox 448 2723 681 2794; x_wconf 82' lang='grc' dir='ltr'>Χριστὸν</span> <span class='ocrx_word' id='word_1_336' title='bbox 702 2764 717 2791; x_wconf 89' lang='grc'><strong>,</strong></span> <span class='ocrx_word' id='word_1_337' title='bbox 752 2723 910 2778; x_wconf 79' lang='grc' dir='ltr'>τοῦτο</span> <span class='ocrx_word' id='word_1_338' title='bbox 961 2724 1301 2796; x_wconf 86' lang='grc' dir='ltr'>μανθάνομεν</span> <span class='ocrx_word' id='word_1_339' title='bbox 1322 2764 1338 2788; x_wconf 86' lang='grc'><strong>,</strong></span> <span class='ocrx_word' id='word_1_340' title='bbox 1370 2727 1454 2780; x_wconf 85' lang='grc' dir='ltr'>ὅτι</span> <span class='ocrx_word' id='word_1_341' title='bbox 1495 2726 1602 2800; x_wconf 85' lang='grc' dir='ltr'>χρὴ</span> <span class='ocrx_word' id='word_1_342' title='bbox 1662 2726 1756 2780; x_wconf 79' lang='grc' dir='ltr'>καὶ</span> <span class='ocrx_word' id='word_1_343' title='bbox 1796 2729 1887 2783; x_wconf 78' lang='grc' dir='ltr'><strong>τὸν</strong></span> 
     </span>
    </p>
   </div>
   <div class='ocr_carea' id='block_1_47' title="bbox 307 2812 1889 2887">
    <p class='ocr_par' dir='ltr' id='par_1_47' title="bbox 307 2812 1889 2887">
     <span class='ocr_line' id='line_1_47' title="bbox 307 2812 1889 2887; baseline 0.006 -24"><span class='ocrx_word' id='word_1_344' title='bbox 307 2812 579 2885; x_wconf 86' lang='grc' dir='ltr'>ἡμέτερον</span> <span class='ocrx_word' id='word_1_345' title='bbox 600 2813 713 2882; x_wconf 86' lang='grc' dir='ltr'>βίον</span> <span class='ocrx_word' id='word_1_346' title='bbox 741 2816 861 2879; x_wconf 89' lang='grc' dir='ltr'>ταῖς</span> <span class='ocrx_word' id='word_1_347' title='bbox 883 2814 976 2868; x_wconf 85' lang='grc' dir='ltr'>τοῦ</span> <span class='ocrx_word' id='word_1_348' title='bbox 992 2814 1247 2886; x_wconf 82' lang='grc' dir='ltr'>ἀληθινοῦ</span> <span class='ocrx_word' id='word_1_349' title='bbox 1274 2815 1486 2887; x_wconf 84' lang='grc' dir='ltr'>Πατρὸς</span> <span class='ocrx_word' id='word_1_350' title='bbox 1510 2818 1691 2871; x_wconf 90' lang='grc' dir='ltr'>ἀκτῖσι</span> <span class='ocrx_word' id='word_1_351' title='bbox 1721 2835 1889 2872; x_wconf 85' lang='grc' dir='ltr'>κατα·</span> 
     </span>
    </p>
   </div>
   <div class='ocr_carea' id='block_1_48' title="bbox 308 2904 1887 2981">
    <p class='ocr_par' dir='ltr' id='par_1_48' title="bbox 308 2904 1887 2981">
     <span class='ocr_line' id='line_1_48' title="bbox 308 2904 1887 2981; baseline 0.003 -22"><span class='ocrx_word' id='word_1_352' title='bbox 308 2904 659 2975; x_wconf 78' lang='grc' dir='ltr'>φωτίζεσθαι.</span> <span class='ocrx_word' id='word_1_353' title='bbox 686 2907 902 2978; x_wconf 81' lang='grc' dir='ltr'>Ἀρεταὶ</span> <span class='ocrx_word' id='word_1_354' title='bbox 929 2906 985 2961; x_wconf 84' lang='grc' dir='ltr'>δέ</span> <span class='ocrx_word' id='word_1_355' title='bbox 1015 2909 1151 2961; x_wconf 88' lang='grc' dir='ltr'>εἰσιν</span> <span class='ocrx_word' id='word_1_356' title='bbox 1182 2911 1237 2962; x_wconf 92' lang='grc' dir='ltr'><strong>αἰ</strong></span> <span class='ocrx_word' id='word_1_357' title='bbox 1260 2910 1475 2972; x_wconf 87' lang='grc' dir='ltr'>ἀκτῖνες</span> <span class='ocrx_word' id='word_1_358' title='bbox 1496 2909 1590 2963; x_wconf 79' lang='grc' dir='ltr'>τοῦ</span> <span class='ocrx_word' id='word_1_359' title='bbox 1617 2910 1766 2980; x_wconf 90' lang='grc' dir='ltr'>ἡλίου</span> <span class='ocrx_word' id='word_1_360' title='bbox 1786 2912 1887 2981; x_wconf 90' lang='grc' dir='ltr'><strong>τῆς</strong></span> 
     </span>
    </p>
   </div>
   <div class='ocr_carea' id='block_1_49' title="bbox 305 2995 1957 3089">
    <p class='ocr_par' dir='ltr' id='par_1_49' title="bbox 305 2995 1957 3089">
     <span class='ocr_line' id='line_1_49' title="bbox 305 2995 1957 3089; baseline 0.005 -40"><span class='ocrx_word' id='word_1_361' title='bbox 305 2995 671 3089; x_wconf 74' lang='grc' dir='ltr'>δικαιοσύνης,</span> <span class='ocrx_word' id='word_1_362' title='bbox 699 2999 780 3089; x_wconf 83' lang='grc' dir='ltr'><strong>εἰς</strong></span> <span class='ocrx_word' id='word_1_363' title='bbox 806 2998 1082 3089; x_wconf 66' lang='grc' dir='ltr'>φωτισμὸν</span> <span class='ocrx_word' id='word_1_364' title='bbox 1120 2999 1278 3089; x_wconf 90' lang='grc' dir='ltr'>ἡμῶν</span> <span class='ocrx_word' id='word_1_365' title='bbox 1314 3001 1699 3073; x_wconf 76' lang='grc' dir='ltr'>ἀποῤῥέουσαι,</span> <span class='ocrx_word' id='word_1_366' title='bbox 1716 3003 1783 3057; x_wconf 86' lang='grc' dir='ltr'><strong>δι’</strong></span> <span class='ocrx_word' id='word_1_367' title='bbox 1808 2997 1884 3058; x_wconf 85' lang='grc' dir='ltr'>ὧν</span> <span class='ocrx_word' id='word_1_368' title='bbox 1912 3028 1957 3089; x_wconf 71' lang='lat' dir='ltr'>c</span> 
     </span>
    </p>
   </div>
   <div class='ocr_carea' id='block_1_50' title="bbox 308 3087 1886 3161">
    <p class='ocr_par' dir='ltr' id='par_1_50' title="bbox 308 3087 1886 3161">
     <span class='ocr_line' id='line_1_50' title="bbox 308 3087 1886 3161; baseline 0.004 -22"><span class='ocrx_word' id='word_1_369' title='bbox 308 3087 517 3155; x_wconf 87' lang='grc' dir='ltr'>γίνεται</span> <span class='ocrx_word' id='word_1_370' title='bbox 555 3087 615 3140; x_wconf 82' lang='grc' dir='ltr'>τὸ</span> <span class='ocrx_word' id='word_1_371' title='bbox 650 3087 948 3142; x_wconf 87' lang='grc' dir='ltr'>ἀποθέσθαι</span> <span class='ocrx_word' id='word_1_372' title='bbox 992 3088 1060 3142; x_wconf 88' lang='grc' dir='ltr'><strong>τά</strong></span> <span class='ocrx_word' id='word_1_373' title='bbox 1114 3088 1253 3161; x_wconf 75' lang='grc' dir='ltr'>ἔργα</span> <span class='ocrx_word' id='word_1_374' title='bbox 1286 3089 1379 3143; x_wconf 80' lang='grc' dir='ltr'>τοῦ</span> <span class='ocrx_word' id='word_1_375' title='bbox 1413 3091 1655 3156; x_wconf 87' lang='grc' dir='ltr'>σκότους,</span> <span class='ocrx_word' id='word_1_376' title='bbox 1676 3092 1771 3145; x_wconf 76' lang='grc' dir='ltr'><strong>καὶ</strong></span> <span class='ocrx_word' id='word_1_377' title='bbox 1811 3092 1886 3158; x_wconf 88' lang='grc' dir='ltr'>ὡς</span> 
     </span>
    </p>
   </div>
   <div class='ocr_carea' id='block_1_51' title="bbox 309 3175 1887 3250">
    <p class='ocr_par' dir='ltr' id='par_1_51' title="bbox 309 3175 1887 3250">
     <span class='ocr_line' id='line_1_51' title="bbox 309 3175 1887 3250; baseline 0.004 -22"><span class='ocrx_word' id='word_1_378' title='bbox 309 3177 366 3229; x_wconf 79' lang='grc' dir='ltr'><strong>έν</strong></span> <span class='ocrx_word' id='word_1_379' title='bbox 399 3175 587 3247; x_wconf 80' lang='grc' dir='ltr'>ἡμέρᾳ</span> <span class='ocrx_word' id='word_1_380' title='bbox 616 3179 938 3247; x_wconf 89' lang='grc' dir='ltr'>περιπατεῖν</span> <span class='ocrx_word' id='word_1_381' title='bbox 977 3177 1351 3248; x_wconf 81' lang='grc' dir='ltr'>εὐσχημόνως,</span> <span class='ocrx_word' id='word_1_382' title='bbox 1378 3178 1472 3232; x_wconf 76' lang='grc' dir='ltr'><strong>καὶ</strong></span> <span class='ocrx_word' id='word_1_383' title='bbox 1512 3179 1887 3250; x_wconf 81' lang='grc' dir='ltr'>ἀπειπάμενον</span> 
     </span>
    </p>
   </div>
   <div class='ocr_carea' id='block_1_52' title="bbox 308 3264 1889 3337">
    <p class='ocr_par' dir='ltr' id='par_1_52' title="bbox 308 3264 1889 3337">
     <span class='ocr_line' id='line_1_52' title="bbox 308 3264 1889 3337; baseline 0.002 -19"><span class='ocrx_word' id='word_1_384' title='bbox 308 3264 377 3318; x_wconf 83' lang='grc' dir='ltr'>τὰ</span> <span class='ocrx_word' id='word_1_385' title='bbox 412 3265 628 3337; x_wconf 85' lang='grc' dir='ltr'>κρυπτά</span> <span class='ocrx_word' id='word_1_386' title='bbox 659 3266 760 3337; x_wconf 84' lang='grc' dir='ltr'><strong>τῆς</strong></span> <span class='ocrx_word' id='word_1_387' title='bbox 785 3266 1065 3337; x_wconf 88' lang='grc' dir='ltr'>αἰσχύνης,</span> <span class='ocrx_word' id='word_1_388' title='bbox 1096 3266 1191 3319; x_wconf 69' lang='grc' dir='ltr'><strong>καίΙ</strong></span> <span class='ocrx_word' id='word_1_389' title='bbox 1221 3266 1399 3321; x_wconf 87' lang='grc' dir='ltr'>πάντα</span> <span class='ocrx_word' id='word_1_390' title='bbox 1427 3267 1485 3319; x_wconf 84' lang='grc' dir='ltr'>ὲν</span> <span class='ocrx_word' id='word_1_391' title='bbox 1512 3267 1651 3336; x_wconf 77' lang='grc' dir='ltr'>φωτὶ</span> <span class='ocrx_word' id='word_1_392' title='bbox 1677 3267 1889 3321; x_wconf 81' lang='grc' dir='ltr'>ποιοῦν-</span> 
     </span>
    </p>
   </div>
   <div class='ocr_carea' id='block_1_53' title="bbox 308 3356 1887 3430">
    <p class='ocr_par' dir='ltr' id='par_1_53' title="bbox 308 3356 1887 3430">
     <span class='ocr_line' id='line_1_53' title="bbox 308 3356 1887 3430; baseline 0.003 -22"><span class='ocrx_word' id='word_1_393' title='bbox 308 3374 393 3419; x_wconf 86' lang='grc' dir='ltr'><strong>τα,</strong></span> <span class='ocrx_word' id='word_1_394' title='bbox 430 3358 524 3409; x_wconf 76' lang='grc' dir='ltr'><strong>καὶ</strong></span> <span class='ocrx_word' id='word_1_395' title='bbox 573 3357 737 3411; x_wconf 78' lang='grc' dir='ltr'>αὑτὸν</span> <span class='ocrx_word' id='word_1_396' title='bbox 780 3357 895 3424; x_wconf 84' lang='grc' dir='ltr'><strong>φῶς</strong></span> <span class='ocrx_word' id='word_1_397' title='bbox 923 3356 1195 3425; x_wconf 87' lang='grc' dir='ltr'>γενέσθαι,</span> <span class='ocrx_word' id='word_1_398' title='bbox 1219 3357 1359 3411; x_wconf 84' lang='grc' dir='ltr'>ὥστε</span> <span class='ocrx_word' id='word_1_399' title='bbox 1412 3357 1507 3411; x_wconf 71' lang='grc' dir='ltr'>καὶ</span> <span class='ocrx_word' id='word_1_400' title='bbox 1542 3357 1722 3421; x_wconf 80' lang='grc' dir='ltr'>ἄλλοις</span> <span class='ocrx_word' id='word_1_401' title='bbox 1749 3358 1887 3430; x_wconf 86' lang='grc' dir='ltr'>λάμ-</span> 
     </span>
    </p>
   </div>
   <div class='ocr_carea' id='block_1_54' title="bbox 307 3447 1886 3519">
    <p class='ocr_par' dir='ltr' id='par_1_54' title="bbox 307 3447 1886 3519">
     <span class='ocr_line' id='line_1_54' title="bbox 307 3447 1886 3519; baseline 0.002 -18"><span class='ocrx_word' id='word_1_402' title='bbox 307 3463 433 3501; x_wconf 80' lang='grc' dir='ltr'>πειν</span> <span class='ocrx_word' id='word_1_403' title='bbox 478 3448 565 3502; x_wconf 85' lang='grc' dir='ltr'><strong>διὰ</strong></span> <span class='ocrx_word' id='word_1_404' title='bbox 607 3448 717 3502; x_wconf 90' lang='grc' dir='ltr'><strong>τῶν</strong></span> <span class='ocrx_word' id='word_1_405' title='bbox 762 3447 959 3519; x_wconf 78' lang='grc' dir='ltr'>ἔργων,</span> <span class='ocrx_word' id='word_1_406' title='bbox 997 3448 1135 3519; x_wconf 82' lang='grc' dir='ltr'>ὅπερ</span> <span class='ocrx_word' id='word_1_407' title='bbox 1176 3448 1355 3517; x_wconf 85' lang='grc' dir='ltr'>φωτός</span> <span class='ocrx_word' id='word_1_408' title='bbox 1402 3450 1549 3503; x_wconf 79' lang='grc' dir='ltr'>ἐστιν</span> <span class='ocrx_word' id='word_1_409' title='bbox 1588 3449 1736 3503; x_wconf 77' lang='grc' dir='ltr'>ἴδιον.</span> <span class='ocrx_word' id='word_1_410' title='bbox 1768 3449 1886 3504; x_wconf 84' lang='grc' dir='ltr'><strong>Κᾶν</strong></span> 
     </span>
    </p>
   </div>
   <div class='ocr_carea' id='block_1_55' title="bbox 308 3535 1890 3612">
    <p class='ocr_par' dir='ltr' id='par_1_55' title="bbox 308 3535 1890 3612">
     <span class='ocr_line' id='line_1_55' title="bbox 308 3535 1890 3612; baseline 0.002 -20"><span class='ocrx_word' id='word_1_411' title='bbox 308 3539 579 3609; x_wconf 82' lang='grc' dir='ltr'>ἁγιασμὸν</span> <span class='ocrx_word' id='word_1_412' title='bbox 609 3538 701 3593; x_wconf 82' lang='grc' dir='ltr'><strong>τὸν</strong></span> <span class='ocrx_word' id='word_1_413' title='bbox 728 3538 961 3610; x_wconf 78' lang='grc' dir='ltr'>Χριστὸν</span> <span class='ocrx_word' id='word_1_414' title='bbox 984 3535 1122 3593; x_wconf 81' lang='grc' dir='ltr'>εἰναι</span> <span class='ocrx_word' id='word_1_415' title='bbox 1146 3539 1447 3611; x_wconf 88' lang='grc' dir='ltr'>νοήσωμεν,</span> <span class='ocrx_word' id='word_1_416' title='bbox 1475 3540 1556 3611; x_wconf 82' lang='grc' dir='ltr'>τῷ</span> <span class='ocrx_word' id='word_1_417' title='bbox 1592 3542 1774 3612; x_wconf 86' lang='grc' dir='ltr'>πάσης</span> <span class='ocrx_word' id='word_1_418' title='bbox 1801 3540 1890 3611; x_wconf 86' lang='grc' dir='ltr'><strong>βε-</strong></span> 
     </span>
    </p>
   </div>
   <div class='ocr_carea' id='block_1_56' title="bbox 308 3629 1887 3704">
    <p class='ocr_par' dir='ltr' id='par_1_56' title="bbox 308 3629 1887 3704">
     <span class='ocr_line' id='line_1_56' title="bbox 308 3629 1887 3704; baseline 0.003 -22"><span class='ocrx_word' id='word_1_419' title='bbox 308 3630 477 3701; x_wconf 75' lang='grc' dir='ltr'>ϐήλου</span> <span class='ocrx_word' id='word_1_420' title='bbox 516 3629 613 3684; x_wconf 76' lang='grc' dir='ltr'><strong>καὶ</strong></span> <span class='ocrx_word' id='word_1_421' title='bbox 634 3629 944 3701; x_wconf 84' lang='grc' dir='ltr'>ἀκαθάρτου</span> <span class='ocrx_word' id='word_1_422' title='bbox 969 3629 1219 3701; x_wconf 81' lang='grc' dir='ltr'>πράξεως</span> <span class='ocrx_word' id='word_1_423' title='bbox 1267 3632 1361 3686; x_wconf 72' lang='grc' dir='ltr'>καὶ</span> <span class='ocrx_word' id='word_1_424' title='bbox 1393 3631 1618 3699; x_wconf 74' lang='grc' dir='ltr'>ἑννοίας,</span> <span class='ocrx_word' id='word_1_425' title='bbox 1644 3632 1765 3703; x_wconf 79' lang='grc' dir='ltr'>ούχὶ</span> <span class='ocrx_word' id='word_1_426' title='bbox 1786 3633 1887 3704; x_wconf 83' lang='grc' dir='ltr'>ρή-</span> 
     </span>
    </p>
   </div>
   <div class='ocr_carea' id='block_1_57' title="bbox 312 3720 1887 3803">
    <p class='ocr_par' dir='ltr' id='par_1_57' title="bbox 312 3720 1887 3803">
     <span class='ocr_line' id='line_1_57' title="bbox 312 3720 1887 3803; baseline 0.003 -29"><span class='ocrx_word' id='word_1_427' title='bbox 312 3738 443 3792; x_wconf 88' lang='grc' dir='ltr'>ματι</span> <span class='ocrx_word' id='word_1_428' title='bbox 479 3720 573 3775; x_wconf 77' lang='grc' dir='ltr'>τοῦ</span> <span class='ocrx_word' id='word_1_429' title='bbox 616 3720 886 3803; x_wconf 54' lang='grc' dir='ltr'>ἀγιασμού</span> <span class='ocrx_word' id='word_1_430' title='bbox 914 3720 1013 3792; x_wconf 78' lang='grc' dir='ltr'><strong>τήν</strong></span> <span class='ocrx_word' id='word_1_431' title='bbox 1044 3720 1273 3793; x_wconf 89' lang='grc' dir='ltr'>δύναμιν</span> <span class='ocrx_word' id='word_1_432' title='bbox 1320 3721 1725 3793; x_wconf 83' lang='grc' dir='ltr'>ὁμολογοῦντες,</span> <span class='ocrx_word' id='word_1_433' title='bbox 1750 3724 1887 3779; x_wconf 83' lang='grc' dir='ltr'>ἀλλὰ</span> 
     </span>
    </p>
   </div>
   <div class='ocr_carea' id='block_1_58' title="bbox 309 3812 842 3884">
    <p class='ocr_par' dir='ltr' id='par_1_58' title="bbox 309 3812 842 3884">
     <span class='ocr_line' id='line_1_58' title="bbox 309 3812 842 3884; baseline 0.009 -19"><span class='ocrx_word' id='word_1_434' title='bbox 309 3812 389 3884; x_wconf 79' lang='grc' dir='ltr'>τῷ</span> <span class='ocrx_word' id='word_1_435' title='bbox 421 3812 543 3884; x_wconf 87' lang='grc' dir='ltr'>βίῳ.</span> <span class='ocrx_word' id='word_1_436' title='bbox 748 3823 842 3861; x_wconf 56' lang='grc' dir='ltr'><strong>ψ’</strong></span> 
     </span>
    </p>
   </div>
   <div class='ocr_carea' id='block_1_59' title="bbox 1990 1806 3567 1879">
    <p class='ocr_par' dir='ltr' id='par_1_59' title="bbox 1990 1806 3567 1879">
     <span class='ocr_line' id='line_1_59' title="bbox 1990 1806 3567 1879; baseline -0.003 -12"><span class='ocrx_word' id='word_1_437' title='bbox 1990 1810 2087 1867; x_wconf 92' lang='lat' dir='ltr'><strong>sed</strong></span> <span class='ocrx_word' id='word_1_438' title='bbox 2124 1810 2249 1867; x_wconf 93' lang='lat' dir='ltr'><strong>illos</strong></span> <span class='ocrx_word' id='word_1_439' title='bbox 2278 1810 2445 1864; x_wconf 88' lang='lat' dir='ltr'><strong>etiam</strong></span> <span class='ocrx_word' id='word_1_440' title='bbox 2480 1809 2572 1879; x_wconf 91' lang='lat' dir='ltr'><strong>qui</strong></span> <span class='ocrx_word' id='word_1_441' title='bbox 2601 1809 2659 1864; x_wconf 89' lang='lat' dir='ltr'><strong>in</strong></span> <span class='ocrx_word' id='word_1_442' title='bbox 2687 1809 2850 1864; x_wconf 81' lang='lat' dir='ltr'><strong>nobis</strong></span> <span class='ocrx_word' id='word_1_443' title='bbox 2900 1808 3038 1879; x_wconf 90' lang='lat' dir='ltr'><strong>ipsis</strong></span> <span class='ocrx_word' id='word_1_444' title='bbox 3078 1806 3379 1865; x_wconf 86' lang='lat' dir='ltr'><strong>seditiones</strong></span> <span class='ocrx_word' id='word_1_445' title='bbox 3410 1824 3567 1864; x_wconf 86' lang='lat' dir='ltr'><strong>com-</strong></span> 
     </span>
    </p>
   </div>
   <div class='ocr_carea' id='block_1_60' title="bbox 1987 1899 3566 1970">
    <p class='ocr_par' dir='ltr' id='par_1_60' title="bbox 1987 1899 3566 1970">
     <span class='ocr_line' id='line_1_60' title="bbox 1987 1899 3566 1970; baseline -0.001 -15"><span class='ocrx_word' id='word_1_446' title='bbox 1987 1908 2247 1963; x_wconf 90' lang='lat' dir='ltr'><strong>movent,</strong></span> <span class='ocrx_word' id='word_1_447' title='bbox 2281 1908 2341 1955; x_wconf 92' lang='lat' dir='ltr'><strong>ut</strong></span> <span class='ocrx_word' id='word_1_448' title='bbox 2385 1915 2454 1955; x_wconf 89' lang='lat' dir='ltr'><strong>ne</strong></span> <span class='ocrx_word' id='word_1_449' title='bbox 2500 1900 2857 1970; x_wconf 82' lang='lat' dir='ltr'><strong>concupiscat</strong></span> <span class='ocrx_word' id='word_1_450' title='bbox 2889 1900 3124 1969; x_wconf 87' lang='lat' dir='ltr'><strong>amplius</strong></span> <span class='ocrx_word' id='word_1_451' title='bbox 3154 1900 3419 1955; x_wconf 88' lang='lat' dir='ltr'><strong>adversus</strong></span> <span class='ocrx_word' id='word_1_452' title='bbox 3449 1899 3566 1970; x_wconf 79' lang='lat' dir='ltr'><strong>spi-</strong></span> 
     </span>
    </p>
   </div>
   <div class='ocr_carea' id='block_1_61' title="bbox 1986 1989 3564 2063">
    <p class='ocr_par' dir='ltr' id='par_1_61' title="bbox 1986 1989 3564 2063">
     <span class='ocr_line' id='line_1_61' title="bbox 1986 1989 3564 2063; baseline -0.003 -15"><span class='ocrx_word' id='word_1_453' title='bbox 1986 1994 2157 2049; x_wconf 86' lang='lat' dir='ltr'><strong>ritum</strong></span> <span class='ocrx_word' id='word_1_454' title='bbox 2186 2008 2336 2055; x_wconf 90' lang='lat' dir='ltr'><strong>caro,</strong></span> <span class='ocrx_word' id='word_1_455' title='bbox 2366 2000 2421 2048; x_wconf 91' lang='lat' dir='ltr'><strong>et</strong></span> <span class='ocrx_word' id='word_1_456' title='bbox 2451 1993 2681 2063; x_wconf 87' lang='lat' dir='ltr'><strong>spiritus</strong></span> <span class='ocrx_word' id='word_1_457' title='bbox 2712 1991 2978 2046; x_wconf 89' lang='lat' dir='ltr'><strong>adversus</strong></span> <span class='ocrx_word' id='word_1_458' title='bbox 3002 2004 3226 2046; x_wconf 88' lang='lat' dir='ltr'><strong>carnem</strong></span> <span class='ocrx_word' id='word_1_459' title='bbox 3252 2008 3268 2057; x_wconf 91' lang='lat'><strong>;</strong></span> <span class='ocrx_word' id='word_1_460' title='bbox 3302 1989 3400 2046; x_wconf 91' lang='lat' dir='ltr'><strong>sed</strong></span> <span class='ocrx_word' id='word_1_461' title='bbox 3430 2005 3564 2060; x_wconf 88' lang='lat' dir='ltr'><strong>pru-</strong></span> 
     </span>
    </p>
   </div>
   <div class='ocr_carea' id='block_1_62' title="bbox 1986 2083 3563 2155">
    <p class='ocr_par' dir='ltr' id='par_1_62' title="bbox 1986 2083 3563 2155">
     <span class='ocr_line' id='line_1_62' title="bbox 1986 2083 3563 2155; baseline -0.004 -14"><span class='ocrx_word' id='word_1_462' title='bbox 1986 2086 2173 2141; x_wconf 88' lang='lat' dir='ltr'><strong>dentia</strong></span> <span class='ocrx_word' id='word_1_463' title='bbox 2197 2086 2383 2141; x_wconf 89' lang='lat' dir='ltr'><strong>carnis</strong></span> <span class='ocrx_word' id='word_1_464' title='bbox 2406 2086 2512 2155; x_wconf 90' lang='lat' dir='ltr'><strong>legi</strong></span> <span class='ocrx_word' id='word_1_465' title='bbox 2537 2084 2735 2139; x_wconf 76' lang='lat' dir='ltr'><strong>divina:</strong></span> <span class='ocrx_word' id='word_1_466' title='bbox 2762 2083 3010 2152; x_wconf 85' lang='lat' dir='ltr'><strong>subjecta</strong></span> <span class='ocrx_word' id='word_1_467' title='bbox 3030 2122 3046 2148; x_wconf 94' lang='lat'><strong>,</strong></span> <span class='ocrx_word' id='word_1_468' title='bbox 3075 2083 3131 2137; x_wconf 95' lang='lat' dir='ltr'><strong>in</strong></span> <span class='ocrx_word' id='word_1_469' title='bbox 3161 2097 3332 2137; x_wconf 91' lang='lat' dir='ltr'><strong>unum</strong></span> <span class='ocrx_word' id='word_1_470' title='bbox 3362 2096 3563 2137; x_wconf 91' lang='lat' dir='ltr'><strong>novum</strong></span> 
     </span>
    </p>
   </div>
   <div class='ocr_carea' id='block_1_63' title="bbox 1984 2172 3565 2247">
    <p class='ocr_par' dir='ltr' id='par_1_63' title="bbox 1984 2172 3565 2247">
     <span class='ocr_line' id='line_1_63' title="bbox 1984 2172 3565 2247; baseline -0.006 -13"><span class='ocrx_word' id='word_1_471' title='bbox 1984 2185 2042 2234; x_wconf 85' lang='lat' dir='ltr'><strong>et</strong></span> <span class='ocrx_word' id='word_1_472' title='bbox 2083 2176 2371 2247; x_wconf 87' lang='lat' dir='ltr'><strong>pacificum</strong></span> <span class='ocrx_word' id='word_1_473' title='bbox 2420 2175 2699 2230; x_wconf 90' lang='lat' dir='ltr'><strong>hominem</strong></span> <span class='ocrx_word' id='word_1_474' title='bbox 2741 2173 3053 2229; x_wconf 82' lang='lat' dir='ltr'><strong>reaedificati</strong></span> <span class='ocrx_word' id='word_1_475' title='bbox 3080 2212 3095 2236; x_wconf 90' lang='lat'><strong>,</strong></span> <span class='ocrx_word' id='word_1_476' title='bbox 3140 2182 3194 2227; x_wconf 81' lang='lat' dir='ltr'><strong>et</strong></span> <span class='ocrx_word' id='word_1_477' title='bbox 3235 2188 3302 2227; x_wconf 82' lang='lat' dir='ltr'><strong>ex</strong></span> <span class='ocrx_word' id='word_1_478' title='bbox 3348 2172 3565 2226; x_wconf 85' lang='lat' dir='ltr'><strong>duobus</strong></span> 
     </span>
    </p>
   </div>
   <div class='ocr_carea' id='block_1_64' title="bbox 1986 2260 3564 2334">
    <p class='ocr_par' dir='ltr' id='par_1_64' title="bbox 1986 2260 3564 2334">
     <span class='ocr_line' id='line_1_64' title="bbox 1986 2260 3564 2334; baseline -0.004 -11"><span class='ocrx_word' id='word_1_479' title='bbox 1986 2283 2132 2323; x_wconf 91' lang='lat' dir='ltr'><strong>unus</strong></span> <span class='ocrx_word' id='word_1_480' title='bbox 2159 2266 2340 2322; x_wconf 71' lang='lat' dir='ltr'><strong>effecti</strong></span> <span class='ocrx_word' id='word_1_481' title='bbox 2375 2266 2429 2319; x_wconf 92' lang='lat' dir='ltr'><strong>in</strong></span> <span class='ocrx_word' id='word_1_482' title='bbox 2463 2265 2623 2320; x_wconf 87' lang='lat' dir='ltr'><strong>nobis</strong></span> <span class='ocrx_word' id='word_1_483' title='bbox 2654 2264 2790 2334; x_wconf 90' lang='lat' dir='ltr'><strong>ipsis</strong></span> <span class='ocrx_word' id='word_1_484' title='bbox 2830 2277 3020 2332; x_wconf 88' lang='lat' dir='ltr'><strong>pacem</strong></span> <span class='ocrx_word' id='word_1_485' title='bbox 3064 2262 3389 2318; x_wconf 88' lang='lat' dir='ltr'><strong>habeamus.</strong></span> <span class='ocrx_word' id='word_1_486' title='bbox 3438 2260 3564 2316; x_wconf 57' lang='lat' dir='ltr'><strong>lla‘c</strong></span> 
     </span>
    </p>
   </div>
   <div class='ocr_carea' id='block_1_65' title="bbox 1986 2352 3565 2428">
    <p class='ocr_par' dir='ltr' id='par_1_65' title="bbox 1986 2352 3565 2428">
     <span class='ocr_line' id='line_1_65' title="bbox 1986 2352 3565 2428; baseline -0.008 -12"><span class='ocrx_word' id='word_1_487' title='bbox 1986 2361 2132 2416; x_wconf 87' lang='lat' dir='ltr'><strong>enim</strong></span> <span class='ocrx_word' id='word_1_488' title='bbox 2160 2368 2243 2415; x_wconf 93' lang='lat' dir='ltr'><strong>est</strong></span> <span class='ocrx_word' id='word_1_489' title='bbox 2275 2356 2425 2428; x_wconf 89' lang='lat' dir='ltr'><strong>pacis</strong></span> <span class='ocrx_word' id='word_1_490' title='bbox 2451 2355 2698 2411; x_wconf 86' lang='lat' dir='ltr'><strong>deﬁnitio</strong></span> <span class='ocrx_word' id='word_1_491' title='bbox 2718 2396 2733 2421; x_wconf 92' lang='lat'><strong>,</strong></span> <span class='ocrx_word' id='word_1_492' title='bbox 2766 2361 2825 2408; x_wconf 91' lang='lat' dir='ltr'><strong>ut</strong></span> <span class='ocrx_word' id='word_1_493' title='bbox 2854 2352 3239 2409; x_wconf 86' lang='lat' dir='ltr'><strong>dissidentium</strong></span> <span class='ocrx_word' id='word_1_494' title='bbox 3268 2352 3565 2407; x_wconf 91' lang='lat' dir='ltr'><strong>concordia</strong></span> 
     </span>
    </p>
   </div>
   <div class='ocr_carea' id='block_1_66' title="bbox 1985 2443 3567 2515">
    <p class='ocr_par' dir='ltr' id='par_1_66' title="bbox 1985 2443 3567 2515">
     <span class='ocr_line' id='line_1_66' title="bbox 1985 2443 3567 2515; baseline -0.006 -9"><span class='ocrx_word' id='word_1_495' title='bbox 1985 2466 2110 2507; x_wconf 90' lang='lat' dir='ltr'><strong>esse</strong></span> <span class='ocrx_word' id='word_1_496' title='bbox 2136 2450 2370 2505; x_wconf 89' lang='lat' dir='ltr'><strong>dicatur.</strong></span> <span class='ocrx_word' id='word_1_497' title='bbox 2421 2446 2788 2513; x_wconf 84' lang='lat' dir='ltr'><strong>Quamobrem</strong></span> <span class='ocrx_word' id='word_1_498' title='bbox 2811 2485 2827 2512; x_wconf 88' lang='lat'><strong>,</strong></span> <span class='ocrx_word' id='word_1_499' title='bbox 2856 2443 3081 2515; x_wconf 88' lang='lat' dir='ltr'><strong>quando</strong></span> <span class='ocrx_word' id='word_1_500' title='bbox 3124 2451 3336 2497; x_wconf 85' lang='lat' dir='ltr'><strong>naturae</strong></span> <span class='ocrx_word' id='word_1_501' title='bbox 3363 2454 3567 2497; x_wconf 74' lang='lat' dir='ltr'><strong>nostra!</strong></span> 
     </span>
    </p>
   </div>
   <div class='ocr_carea' id='block_1_67' title="bbox 1989 2535 3564 2603">
    <p class='ocr_par' dir='ltr' id='par_1_67' title="bbox 1989 2535 3564 2603">
     <span class='ocr_line' id='line_1_67' title="bbox 1989 2535 3564 2603; baseline -0.008 -6"><span class='ocrx_word' id='word_1_502' title='bbox 1989 2543 2197 2598; x_wconf 88' lang='lat' dir='ltr'><strong>bellum</strong></span> <span class='ocrx_word' id='word_1_503' title='bbox 2232 2541 2558 2595; x_wconf 90' lang='lat' dir='ltr'><strong>intestinum</strong></span> <span class='ocrx_word' id='word_1_504' title='bbox 2593 2538 2868 2594; x_wconf 86' lang='lat' dir='ltr'><strong>sublatum</strong></span> <span class='ocrx_word' id='word_1_505' title='bbox 2916 2547 3033 2602; x_wconf 90' lang='lat' dir='ltr'><strong>est,</strong></span> <span class='ocrx_word' id='word_1_506' title='bbox 3073 2535 3129 2589; x_wconf 91' lang='lat' dir='ltr'><strong>in</strong></span> <span class='ocrx_word' id='word_1_507' title='bbox 3179 2535 3339 2590; x_wconf 84' lang='lat' dir='ltr'><strong>nobis</strong></span> <span class='ocrx_word' id='word_1_508' title='bbox 3374 2548 3564 2603; x_wconf 79' lang='lat' dir='ltr'><strong>pacein</strong></span> 
     </span>
    </p>
   </div>
   <div class='ocr_carea' id='block_1_68' title="bbox 1987 2624 3563 2700">
    <p class='ocr_par' dir='ltr' id='par_1_68' title="bbox 1987 2624 3563 2700">
     <span class='ocr_line' id='line_1_68' title="bbox 1987 2624 3563 2700; baseline -0.004 -16"><span class='ocrx_word' id='word_1_509' title='bbox 1987 2630 2270 2694; x_wconf 87' lang='lat' dir='ltr'><strong>colentes,</strong></span> <span class='ocrx_word' id='word_1_510' title='bbox 2306 2644 2415 2700; x_wconf 80' lang='lat' dir='ltr'><strong>pax</strong></span> <span class='ocrx_word' id='word_1_511' title='bbox 2445 2628 2733 2693; x_wconf 82' lang='lat' dir='ltr'><strong>eﬂicimur,</strong></span> <span class='ocrx_word' id='word_1_512' title='bbox 2764 2634 2819 2681; x_wconf 86' lang='lat' dir='ltr'><strong>et</strong></span> <span class='ocrx_word' id='word_1_513' title='bbox 2859 2641 3045 2681; x_wconf 87' lang='lat' dir='ltr'><strong>veram</strong></span> <span class='ocrx_word' id='word_1_514' title='bbox 3091 2640 3156 2679; x_wconf 88' lang='lat' dir='ltr'><strong>ac</strong></span> <span class='ocrx_word' id='word_1_515' title='bbox 3191 2627 3469 2696; x_wconf 90' lang='lat' dir='ltr'><strong>propriam</strong></span> <span class='ocrx_word' id='word_1_516' title='bbox 3508 2624 3563 2678; x_wconf 91' lang='lat' dir='ltr'><strong>in</strong></span> 
     </span>
    </p>
   </div>
   <div class='ocr_carea' id='block_1_69' title="bbox 1987 2719 3567 2790">
    <p class='ocr_par' dir='ltr' id='par_1_69' title="bbox 1987 2719 3567 2790">
     <span class='ocr_line' id='line_1_69' title="bbox 1987 2719 3567 2790; baseline -0.006 -12"><span class='ocrx_word' id='word_1_517' title='bbox 1987 2723 2153 2778; x_wconf 88' lang='lat' dir='ltr'><strong>nobis</strong></span> <span class='ocrx_word' id='word_1_518' title='bbox 2192 2722 2337 2776; x_wconf 90' lang='lat' dir='ltr'><strong>hanc</strong></span> <span class='ocrx_word' id='word_1_519' title='bbox 2365 2719 2570 2775; x_wconf 89' lang='lat' dir='ltr'><strong>Christi</strong></span> <span class='ocrx_word' id='word_1_520' title='bbox 2618 2720 3043 2790; x_wconf 85' lang='lat' dir='ltr'><strong>appellationem</strong></span> <span class='ocrx_word' id='word_1_521' title='bbox 3091 2719 3460 2774; x_wconf 89' lang='lat' dir='ltr'><strong>declaramus.</strong></span> <span class='ocrx_word' id='word_1_522' title='bbox 3497 2720 3567 2769; x_wconf 81' lang='lat' dir='ltr'><strong>At</strong></span> 
     </span>
    </p>
   </div>
   <div class='ocr_carea' id='block_1_70' title="bbox 1987 2807 3566 2872">
    <p class='ocr_par' dir='ltr' id='par_1_70' title="bbox 1987 2807 3566 2872">
     <span class='ocr_line' id='line_1_70' title="bbox 1987 2807 3566 2872; baseline -0.005 -5"><span class='ocrx_word' id='word_1_523' title='bbox 1987 2810 2267 2867; x_wconf 90' lang='lat' dir='ltr'><strong>Christum</strong></span> <span class='ocrx_word' id='word_1_524' title='bbox 2298 2824 2420 2865; x_wconf 89' lang='lat' dir='ltr'><strong>esse</strong></span> <span class='ocrx_word' id='word_1_525' title='bbox 2450 2807 2629 2863; x_wconf 87' lang='lat' dir='ltr'><strong>lucem</strong></span> <span class='ocrx_word' id='word_1_526' title='bbox 2665 2824 2851 2864; x_wconf 85' lang='lat' dir='ltr'><strong>veram</strong></span> <span class='ocrx_word' id='word_1_527' title='bbox 2888 2809 2953 2872; x_wconf 83' lang='lat'><strong>‘°,</strong></span> <span class='ocrx_word' id='word_1_528' title='bbox 2981 2814 3035 2862; x_wconf 89' lang='lat' dir='ltr'><strong>et</strong></span> <span class='ocrx_word' id='word_1_529' title='bbox 3080 2822 3110 2861; x_wconf 90' lang='lat' dir='ltr'><strong>a</strong></span> <span class='ocrx_word' id='word_1_530' title='bbox 3152 2807 3441 2862; x_wconf 89' lang='lat' dir='ltr'><strong>mendacio</strong></span> <span class='ocrx_word' id='word_1_531' title='bbox 3479 2821 3566 2859; x_wconf 91' lang='lat' dir='ltr'><strong>re-</strong></span> 
     </span>
    </p>
   </div>
   <div class='ocr_carea' id='block_1_71' title="bbox 1989 2898 3568 2966">
    <p class='ocr_par' dir='ltr' id='par_1_71' title="bbox 1989 2898 3568 2966">
     <span class='ocr_line' id='line_1_71' title="bbox 1989 2898 3568 2966; baseline -0.004 -10"><span class='ocrx_word' id='word_1_532' title='bbox 1989 2901 2355 2957; x_wconf 88' lang='lat' dir='ltr'><strong>motissimam</strong></span> <span class='ocrx_word' id='word_1_533' title='bbox 2383 2898 2823 2962; x_wconf 89' lang='lat' dir='ltr'><strong>considerantes,</strong></span> <span class='ocrx_word' id='word_1_534' title='bbox 2858 2898 3126 2954; x_wconf 88' lang='lat' dir='ltr'><strong>discimus</strong></span> <span class='ocrx_word' id='word_1_535' title='bbox 3155 2899 3320 2952; x_wconf 87' lang='lat' dir='ltr'><strong>vitam</strong></span> <span class='ocrx_word' id='word_1_536' title='bbox 3350 2912 3568 2966; x_wconf 88' lang='lat' dir='ltr'><strong>quoque</strong></span> 
     </span>
    </p>
   </div>
   <div class='ocr_carea' id='block_1_72' title="bbox 1988 2988 3567 3059">
    <p class='ocr_par' dir='ltr' id='par_1_72' title="bbox 1988 2988 3567 3059">
     <span class='ocr_line' id='line_1_72' title="bbox 1988 2988 3567 3059; baseline -0.004 -10"><span class='ocrx_word' id='word_1_537' title='bbox 1988 3002 2237 3049; x_wconf 91' lang='lat' dir='ltr'><strong>nostram</strong></span> <span class='ocrx_word' id='word_1_538' title='bbox 2269 3007 2411 3048; x_wconf 76' lang='lat' dir='ltr'><strong>verte</strong></span> <span class='ocrx_word' id='word_1_539' title='bbox 2440 2991 2582 3046; x_wconf 91' lang='lat' dir='ltr'><strong>lucis</strong></span> <span class='ocrx_word' id='word_1_540' title='bbox 2611 2990 2780 3045; x_wconf 89' lang='lat' dir='ltr'><strong>radiis</strong></span> <span class='ocrx_word' id='word_1_541' title='bbox 2810 2989 3077 3045; x_wconf 90' lang='lat' dir='ltr'><strong>illustrari</strong></span> <span class='ocrx_word' id='word_1_542' title='bbox 3108 2996 3383 3059; x_wconf 89' lang='lat' dir='ltr'><strong>oportere.</strong></span> <span class='ocrx_word' id='word_1_543' title='bbox 3420 2988 3567 3043; x_wconf 85' lang='lat' dir='ltr'><strong>Solis</strong></span> 
     </span>
    </p>
   </div>
   <div class='ocr_carea' id='block_1_73' title="bbox 1996 3079 3567 3154">
    <p class='ocr_par' dir='ltr' id='par_1_73' title="bbox 1996 3079 3567 3154">
     <span class='ocr_line' id='line_1_73' title="bbox 1996 3079 3567 3154; baseline -0.003 -15"><span class='ocrx_word' id='word_1_544' title='bbox 1996 3094 2180 3140; x_wconf 90' lang='lat' dir='ltr'><strong>autem</strong></span> <span class='ocrx_word' id='word_1_545' title='bbox 2203 3083 2433 3154; x_wconf 85' lang='lat' dir='ltr'><strong>justitiae</strong></span> <span class='ocrx_word' id='word_1_546' title='bbox 2458 3080 2599 3137; x_wconf 92' lang='lat' dir='ltr'><strong>radii</strong></span> <span class='ocrx_word' id='word_1_547' title='bbox 2629 3090 2759 3137; x_wconf 90' lang='lat' dir='ltr'><strong>sunt</strong></span> <span class='ocrx_word' id='word_1_548' title='bbox 2783 3080 2915 3150; x_wconf 76' lang='lat' dir='ltr'><strong>ipsa:</strong></span> <span class='ocrx_word' id='word_1_549' title='bbox 2940 3081 3192 3146; x_wconf 85' lang='lat' dir='ltr'><strong>virtutes,</strong></span> <span class='ocrx_word' id='word_1_550' title='bbox 3219 3096 3340 3151; x_wconf 72' lang='lat' dir='ltr'><strong>quae</strong></span> <span class='ocrx_word' id='word_1_551' title='bbox 3367 3079 3433 3133; x_wconf 90' lang='lat' dir='ltr'><strong>ad</strong></span> <span class='ocrx_word' id='word_1_552' title='bbox 3467 3094 3567 3135; x_wconf 86' lang='lat' dir='ltr'><strong>nos</strong></span> 
     </span>
    </p>
   </div>
   <div class='ocr_carea' id='block_1_74' title="bbox 1988 3172 3567 3243">
    <p class='ocr_par' dir='ltr' id='par_1_74' title="bbox 1988 3172 3567 3243">
     <span class='ocr_line' id='line_1_74' title="bbox 1988 3172 3567 3243; baseline -0.003 -12"><span class='ocrx_word' id='word_1_553' title='bbox 1988 3175 2384 3231; x_wconf 87' lang='lat' dir='ltr'><strong>illuminandos</strong></span> <span class='ocrx_word' id='word_1_554' title='bbox 2414 3182 2713 3239; x_wconf 86' lang='lat' dir='ltr'><strong>emanant,</strong></span> <span class='ocrx_word' id='word_1_555' title='bbox 2751 3181 2810 3228; x_wconf 90' lang='lat' dir='ltr'><strong>ut</strong></span> <span class='ocrx_word' id='word_1_556' title='bbox 2851 3172 3177 3242; x_wconf 88' lang='lat' dir='ltr'><strong>abjiciamus</strong></span> <span class='ocrx_word' id='word_1_557' title='bbox 3212 3187 3380 3243; x_wconf 88' lang='lat' dir='ltr'><strong>opera</strong></span> <span class='ocrx_word' id='word_1_558' title='bbox 3411 3180 3567 3227; x_wconf 85' lang='lat' dir='ltr'><strong>tene—</strong></span> 
     </span>
    </p>
   </div>
   <div class='ocr_carea' id='block_1_75' title="bbox 1986 3262 3566 3336">
    <p class='ocr_par' dir='ltr' id='par_1_75' title="bbox 1986 3262 3566 3336">
     <span class='ocr_line' id='line_1_75' title="bbox 1986 3262 3566 3336; baseline -0.001 -15"><span class='ocrx_word' id='word_1_559' title='bbox 1986 3267 2210 3322; x_wconf 84' lang='lat' dir='ltr'><strong>brarum</strong></span> <span class='ocrx_word' id='word_1_560' title='bbox 2234 3304 2249 3331; x_wconf 92' lang='lat'><strong>,</strong></span> <span class='ocrx_word' id='word_1_561' title='bbox 2281 3274 2335 3321; x_wconf 87' lang='lat' dir='ltr'><strong>et</strong></span> <span class='ocrx_word' id='word_1_562' title='bbox 2367 3274 2628 3336; x_wconf 90' lang='lat' dir='ltr'><strong>tanquam</strong></span> <span class='ocrx_word' id='word_1_563' title='bbox 2660 3265 2716 3321; x_wconf 89' lang='lat' dir='ltr'><strong>in</strong></span> <span class='ocrx_word' id='word_1_564' title='bbox 2749 3264 2837 3321; x_wconf 89' lang='lat' dir='ltr'><strong>die</strong></span> <span class='ocrx_word' id='word_1_565' title='bbox 2866 3265 3097 3320; x_wconf 91' lang='lat' dir='ltr'><strong>honeste</strong></span> <span class='ocrx_word' id='word_1_566' title='bbox 3125 3263 3472 3319; x_wconf 87' lang='lat' dir='ltr'><strong>ambulemus</strong></span> <span class='ocrx_word' id='word_1_567' title='bbox 3498 3262 3566 3330; x_wconf 82' lang='lat'><strong>“,</strong></span> 
     </span>
    </p>
   </div>
   <div class='ocr_carea' id='block_1_76' title="bbox 1988 3355 3568 3429">
    <p class='ocr_par' dir='ltr' id='par_1_76' title="bbox 1988 3355 3568 3429">
     <span class='ocr_line' id='line_1_76' title="bbox 1988 3355 3568 3429; baseline -0.003 -16"><span class='ocrx_word' id='word_1_568' title='bbox 1988 3366 2043 3413; x_wconf 89' lang='lat' dir='ltr'><strong>et</strong></span> <span class='ocrx_word' id='word_1_569' title='bbox 2077 3358 2431 3429; x_wconf 89' lang='lat' dir='ltr'><strong>repudiantes</strong></span> <span class='ocrx_word' id='word_1_570' title='bbox 2459 3357 2789 3413; x_wconf 88' lang='lat' dir='ltr'><strong>abscondita</strong></span> <span class='ocrx_word' id='word_1_571' title='bbox 2820 3355 3181 3427; x_wconf 85' lang='lat' dir='ltr'><strong>turpitudinis</strong></span> <span class='ocrx_word' id='word_1_572' title='bbox 3202 3394 3218 3421; x_wconf 91' lang='lat'><strong>,</strong></span> <span class='ocrx_word' id='word_1_573' title='bbox 3246 3362 3414 3427; x_wconf 87' lang='lat' dir='ltr'><strong>atque</strong></span> <span class='ocrx_word' id='word_1_574' title='bbox 3447 3370 3568 3409; x_wconf 88' lang='lat' dir='ltr'><strong>om-</strong></span> 
     </span>
    </p>
   </div>
   <div class='ocr_carea' id='block_1_77' title="bbox 1988 3447 3566 3520">
    <p class='ocr_par' dir='ltr' id='par_1_77' title="bbox 1988 3447 3566 3520">
     <span class='ocr_line' id='line_1_77' title="bbox 1988 3447 3566 3520; baseline -0.001 -15"><span class='ocrx_word' id='word_1_575' title='bbox 1988 3452 2084 3506; x_wconf 88' lang='lat' dir='ltr'><strong>nia</strong></span> <span class='ocrx_word' id='word_1_576' title='bbox 2115 3450 2173 3506; x_wconf 90' lang='lat' dir='ltr'><strong>in</strong></span> <span class='ocrx_word' id='word_1_577' title='bbox 2212 3450 2333 3505; x_wconf 90' lang='lat' dir='ltr'><strong>luce</strong></span> <span class='ocrx_word' id='word_1_578' title='bbox 2366 3448 2663 3516; x_wconf 88' lang='lat' dir='ltr'><strong>facientes,</strong></span> <span class='ocrx_word' id='word_1_579' title='bbox 2700 3448 2807 3519; x_wconf 91' lang='lat' dir='ltr'><strong>ipsi</strong></span> <span class='ocrx_word' id='word_1_580' title='bbox 2850 3462 3073 3520; x_wconf 88' lang='lat' dir='ltr'><strong>quoque</strong></span> <span class='ocrx_word' id='word_1_581' title='bbox 3112 3448 3207 3503; x_wconf 84' lang='lat' dir='ltr'><strong>lux</strong></span> <span class='ocrx_word' id='word_1_582' title='bbox 3234 3447 3566 3512; x_wconf 87' lang='lat' dir='ltr'><strong>evadamus,</strong></span> 
     </span>
    </p>
   </div>
   <div class='ocr_carea' id='block_1_78' title="bbox 1985 3539 3570 3614">
    <p class='ocr_par' dir='ltr' id='par_1_78' title="bbox 1985 3539 3570 3614">
     <span class='ocr_line' id='line_1_78' title="bbox 1985 3539 3570 3614; baseline -0.005 -15"><span class='ocrx_word' id='word_1_583' title='bbox 1985 3551 2043 3599; x_wconf 88' lang='lat' dir='ltr'><strong>et</strong></span> <span class='ocrx_word' id='word_1_584' title='bbox 2074 3542 2222 3614; x_wconf 90' lang='lat' dir='ltr'><strong>quod</strong></span> <span class='ocrx_word' id='word_1_585' title='bbox 2254 3542 2536 3614; x_wconf 86' lang='lat' dir='ltr'><strong>pr0prium</strong></span> <span class='ocrx_word' id='word_1_586' title='bbox 2562 3550 2646 3598; x_wconf 90' lang='lat' dir='ltr'><strong>est</strong></span> <span class='ocrx_word' id='word_1_587' title='bbox 2680 3540 2822 3597; x_wconf 89' lang='lat' dir='ltr'><strong>lucis</strong></span> <span class='ocrx_word' id='word_1_588' title='bbox 2842 3580 2857 3606; x_wconf 94' lang='lat'><strong>,</strong></span> <span class='ocrx_word' id='word_1_589' title='bbox 2905 3540 3031 3595; x_wconf 90' lang='lat' dir='ltr'><strong>aliis</strong></span> <span class='ocrx_word' id='word_1_590' title='bbox 3060 3554 3158 3611; x_wconf 91' lang='lat' dir='ltr'><strong>per</strong></span> <span class='ocrx_word' id='word_1_591' title='bbox 3186 3553 3352 3609; x_wconf 88' lang='lat' dir='ltr'><strong>opera</strong></span> <span class='ocrx_word' id='word_1_592' title='bbox 3382 3539 3570 3609; x_wconf 88' lang='lat' dir='ltr'><strong>splen-</strong></span> 
     </span>
    </p>
   </div>
   <div class='ocr_carea' id='block_1_79' title="bbox 1986 3632 3562 3700">
    <p class='ocr_par' dir='ltr' id='par_1_79' title="bbox 1986 3632 3562 3700">
     <span class='ocr_line' id='line_1_79' title="bbox 1986 3632 3562 3700; baseline -0.006 -7"><span class='ocrx_word' id='word_1_593' title='bbox 1986 3637 2234 3693; x_wconf 90' lang='lat' dir='ltr'><strong>deamus.</strong></span> <span class='ocrx_word' id='word_1_594' title='bbox 2264 3632 2473 3700; x_wconf 86' lang='lat' dir='ltr'><strong>Quodsi</strong></span> <span class='ocrx_word' id='word_1_595' title='bbox 2498 3632 2782 3689; x_wconf 87' lang='lat' dir='ltr'><strong>Christum</strong></span> <span class='ocrx_word' id='word_1_596' title='bbox 2808 3640 2869 3687; x_wconf 87' lang='lat' dir='ltr'><strong>ut</strong></span> <span class='ocrx_word' id='word_1_597' title='bbox 2897 3632 3392 3689; x_wconf 86' lang='lat' dir='ltr'><strong>sanctiﬁcationem</strong></span> <span class='ocrx_word' id='word_1_598' title='bbox 3435 3645 3562 3685; x_wconf 89' lang='lat' dir='ltr'><strong>con-</strong></span> 
     </span>
    </p>
   </div>
   <div class='ocr_carea' id='block_1_80' title="bbox 1987 3720 3570 3793">
    <p class='ocr_par' dir='ltr' id='par_1_80' title="bbox 1987 3720 3570 3793">
     <span class='ocr_line' id='line_1_80' title="bbox 1987 3720 3570 3793; baseline -0.006 -11"><span class='ocrx_word' id='word_1_599' title='bbox 1987 3725 2357 3782; x_wconf 89' lang='lat' dir='ltr'><strong>siderabimus</strong></span> <span class='ocrx_word' id='word_1_600' title='bbox 2390 3723 2456 3787; x_wconf 82' lang='grc'>¹³,</span> <span class='ocrx_word' id='word_1_601' title='bbox 2489 3722 2558 3778; x_wconf 87' lang='lat' dir='ltr'><strong>ab</strong></span> <span class='ocrx_word' id='word_1_602' title='bbox 2608 3721 2880 3793; x_wconf 87' lang='lat' dir='ltr'><strong>improbis</strong></span> <span class='ocrx_word' id='word_1_603' title='bbox 2926 3729 2983 3776; x_wconf 84' lang='lat' dir='ltr'><strong>et</strong></span> <span class='ocrx_word' id='word_1_604' title='bbox 3034 3721 3268 3791; x_wconf 90' lang='lat' dir='ltr'><strong>impuris</strong></span> <span class='ocrx_word' id='word_1_605' title='bbox 3313 3720 3570 3774; x_wconf 87' lang='lat' dir='ltr'><strong>omnibus</strong></span> 
     </span>
    </p>
   </div>
   <div class='ocr_carea' id='block_1_81' title="bbox 1985 3810 3570 3884">
    <p class='ocr_par' dir='ltr' id='par_1_81' title="bbox 1985 3810 3570 3884">
     <span class='ocr_line' id='line_1_81' title="bbox 1985 3810 3570 3884; baseline -0.006 -9"><span class='ocrx_word' id='word_1_606' title='bbox 1985 3828 2103 3875; x_wconf 90' lang='lat' dir='ltr'><strong>tum</strong></span> <span class='ocrx_word' id='word_1_607' title='bbox 2132 3816 2296 3873; x_wconf 88' lang='lat' dir='ltr'><strong>factis</strong></span> <span class='ocrx_word' id='word_1_608' title='bbox 2320 3823 2434 3869; x_wconf 92' lang='lat' dir='ltr'><strong>tum</strong></span> <span class='ocrx_word' id='word_1_609' title='bbox 2461 3812 2893 3884; x_wconf 77' lang='lat' dir='ltr'><strong>cogitationibus</strong></span> <span class='ocrx_word' id='word_1_610' title='bbox 2924 3813 3291 3877; x_wconf 89' lang='lat' dir='ltr'><strong>abstinentes,</strong></span> <span class='ocrx_word' id='word_1_611' title='bbox 3318 3826 3424 3867; x_wconf 88' lang='lat' dir='ltr'><strong>nos</strong></span> <span class='ocrx_word' id='word_1_612' title='bbox 3449 3810 3570 3879; x_wconf 84' lang='lat' dir='ltr'><strong>ejus</strong></span> 
     </span>
    </p>
   </div>
   <div class='ocr_carea' id='block_1_82' title="bbox 308 3903 3570 3987">
    <p class='ocr_par' dir='ltr' id='par_1_82' title="bbox 308 3903 3570 3987">
     <span class='ocr_line' id='line_1_82' title="bbox 308 3903 3570 3987; baseline 0 -29"><span class='ocrx_word' id='word_1_613' title='bbox 308 3903 552 3959; x_wconf 86' lang='lat' dir='ltr'><strong>nominis</strong></span> <span class='ocrx_word' id='word_1_614' title='bbox 596 3918 724 3960; x_wconf 86' lang='lat' dir='ltr'><strong>vere</strong></span> <span class='ocrx_word' id='word_1_615' title='bbox 769 3904 1060 3976; x_wconf 89' lang='lat' dir='ltr'><strong>participes</strong></span> <span class='ocrx_word' id='word_1_616' title='bbox 1104 3906 1499 3975; x_wconf 87' lang='lat' dir='ltr'><strong>ostendemus,</strong></span> <span class='ocrx_word' id='word_1_617' title='bbox 1540 3911 1745 3984; x_wconf 89' lang='lat' dir='ltr'><strong>quippe</strong></span> <span class='ocrx_word' id='word_1_618' title='bbox 1789 3914 1885 3985; x_wconf 92' lang='lat' dir='ltr'><strong>qui</strong></span> <span class='ocrx_word' id='word_1_619' title='bbox 1923 3929 2033 3971; x_wconf 89' lang='lat' dir='ltr'><strong>non</strong></span> <span class='ocrx_word' id='word_1_620' title='bbox 2065 3910 2284 3977; x_wconf 87' lang='lat' dir='ltr'><strong>verbis,</strong></span> <span class='ocrx_word' id='word_1_621' title='bbox 2321 3908 2418 3963; x_wconf 87' lang='lat' dir='ltr'><strong>sed</strong></span> <span class='ocrx_word' id='word_1_622' title='bbox 2446 3906 2571 3961; x_wconf 73' lang='lat' dir='ltr'><strong>vitae</strong></span> <span class='ocrx_word' id='word_1_623' title='bbox 2600 3914 2805 3961; x_wconf 84' lang='lat' dir='ltr'><strong>nostrae</strong></span> <span class='ocrx_word' id='word_1_624' title='bbox 2875 3906 3225 3987; x_wconf 32' lang='lat' dir='ltr'><strong>actionibus‘</strong></span> <span class='ocrx_word' id='word_1_625' title='bbox 3257 3903 3570 3961; x_wconf 83' lang='lat' dir='ltr'><strong>sanctiﬁca-</strong></span> 
     </span>
    </p>
   </div>
   <div class='ocr_carea' id='block_1_83' title="bbox 311 3993 1402 4065">
    <p class='ocr_par' dir='ltr' id='par_1_83' title="bbox 311 3993 1402 4065">
     <span class='ocr_line' id='line_1_83' title="bbox 311 3993 1402 4065; baseline 0.008 -18"><span class='ocrx_word' id='word_1_626' title='bbox 311 3993 481 4050; x_wconf 90' lang='lat' dir='ltr'><strong>tionis</strong></span> <span class='ocrx_word' id='word_1_627' title='bbox 509 3993 770 4049; x_wconf 89' lang='lat' dir='ltr'><strong>virtutem</strong></span> <span class='ocrx_word' id='word_1_628' title='bbox 801 4009 914 4065; x_wconf 74' lang='lat' dir='ltr'><strong>prte</strong></span> <span class='ocrx_word' id='word_1_629' title='bbox 942 3995 1106 4053; x_wconf 91' lang='lat' dir='ltr'><strong>nobis</strong></span> <span class='ocrx_word' id='word_1_630' title='bbox 1140 3996 1402 4056; x_wconf 86' lang='lat' dir='ltr'><strong>feramus.</strong></span> 
     </span>
    </p>
   </div>
   <div class='ocr_carea' id='block_1_84' title="bbox 391 4083 1884 4163">
    <p class='ocr_par' dir='ltr' id='par_1_84' title="bbox 391 4083 1884 4163">
     <span class='ocr_line' id='line_1_84' title="bbox 391 4083 1884 4163; baseline 0.01 -27"><span class='ocrx_word' id='word_1_631' title='bbox 391 4084 789 4156; x_wconf 82' lang='grc' dir='ltr'>Ἀπολύτρωσιν</span> <span class='ocrx_word' id='word_1_632' title='bbox 820 4086 878 4139; x_wconf 84' lang='grc' dir='ltr'><strong>δὲ</strong></span> <span class='ocrx_word' id='word_1_633' title='bbox 907 4083 1045 4141; x_wconf 75' lang='grc' dir='ltr'>εἶναι</span> <span class='ocrx_word' id='word_1_634' title='bbox 1075 4086 1169 4141; x_wconf 79' lang='grc' dir='ltr'><strong>τὸν</strong></span> <span class='ocrx_word' id='word_1_635' title='bbox 1213 4090 1447 4161; x_wconf 87' lang='grc' dir='ltr'>Χριστὸν</span> <span class='ocrx_word' id='word_1_636' title='bbox 1479 4092 1763 4163; x_wconf 86' lang='grc' dir='ltr'>μαθόντες,</span> <span class='ocrx_word' id='word_1_637' title='bbox 1792 4096 1884 4149; x_wconf 85' lang='grc' dir='ltr'><strong>τὸν</strong></span> 
     </span>
    </p>
   </div>
   <div class='ocr_carea' id='block_1_85' title="bbox 310 4177 1887 4259">
    <p class='ocr_par' dir='ltr' id='par_1_85' title="bbox 310 4177 1887 4259">
     <span class='ocr_line' id='line_1_85' title="bbox 310 4177 1887 4259; baseline 0.007 -28"><span class='ocrx_word' id='word_1_638' title='bbox 310 4177 501 4233; x_wconf 76' lang='grc' dir='ltr'>ἑαυτὸν</span> <span class='ocrx_word' id='word_1_639' title='bbox 527 4178 685 4234; x_wconf 83' lang='grc' dir='ltr'>δόντα</span> <span class='ocrx_word' id='word_1_640' title='bbox 708 4178 905 4250; x_wconf 87' lang='grc' dir='ltr'>λύτρον</span> <span class='ocrx_word' id='word_1_641' title='bbox 948 4179 1089 4252; x_wconf 83' lang='grc' dir='ltr'>ὑπὲρ</span> <span class='ocrx_word' id='word_1_642' title='bbox 1126 4180 1305 4251; x_wconf 87' lang='grc' dir='ltr'>ἡμῶν,</span> <span class='ocrx_word' id='word_1_643' title='bbox 1343 4182 1502 4238; x_wconf 77' lang='grc' dir='ltr'>τοῦτο</span> <span class='ocrx_word' id='word_1_644' title='bbox 1532 4186 1619 4241; x_wconf 87' lang='grc' dir='ltr'><strong>διά</strong></span> <span class='ocrx_word' id='word_1_645' title='bbox 1647 4187 1747 4259; x_wconf 85' lang='grc' dir='ltr'><strong>τῆς</strong></span> <span class='ocrx_word' id='word_1_646' title='bbox 1774 4205 1887 4241; x_wconf 81' lang='grc' dir='ltr'>τοι-</span> 
     </span>
    </p>
   </div>
   <div class='ocr_carea' id='block_1_86' title="bbox 2061 4083 3569 4153">
    <p class='ocr_par' dir='ltr' id='par_1_86' title="bbox 2061 4083 3569 4153">
     <span class='ocr_line' id='line_1_86' title="bbox 2061 4083 3569 4153; baseline 0.002 -13"><span class='ocrx_word' id='word_1_647' title='bbox 2061 4086 2234 4142; x_wconf 90' lang='lat' dir='ltr'><strong>Porro</strong></span> <span class='ocrx_word' id='word_1_648' title='bbox 2261 4098 2389 4140; x_wconf 90' lang='lat' dir='ltr'><strong>cum</strong></span> <span class='ocrx_word' id='word_1_649' title='bbox 2418 4083 2851 4153; x_wconf 89' lang='lat' dir='ltr'><strong>redemptionem</strong></span> <span class='ocrx_word' id='word_1_650' title='bbox 2896 4098 3021 4140; x_wconf 88' lang='lat' dir='ltr'><strong>esse</strong></span> <span class='ocrx_word' id='word_1_651' title='bbox 3080 4083 3360 4140; x_wconf 89' lang='lat' dir='ltr'><strong>Christum</strong></span> <span class='ocrx_word' id='word_1_652' title='bbox 3396 4086 3569 4143; x_wconf 82' lang='lat' dir='ltr'><strong>disci-</strong></span> 
     </span>
    </p>
   </div>
   <div class='ocr_carea' id='block_1_87' title="bbox 1991 4174 3570 4247">
    <p class='ocr_par' dir='ltr' id='par_1_87' title="bbox 1991 4174 3570 4247">
     <span class='ocr_line' id='line_1_87' title="bbox 1991 4174 3570 4247; baseline 0 -13"><span class='ocrx_word' id='word_1_653' title='bbox 1991 4193 2138 4245; x_wconf 87' lang='lat' dir='ltr'><strong>mus,</strong></span> <span class='ocrx_word' id='word_1_654' title='bbox 2170 4176 2267 4247; x_wconf 91' lang='lat' dir='ltr'><strong>qui</strong></span> <span class='ocrx_word' id='word_1_655' title='bbox 2295 4175 2535 4245; x_wconf 82' lang='lat' dir='ltr'><strong>seipsum</strong></span> <span class='ocrx_word' id='word_1_656' title='bbox 2574 4185 2637 4229; x_wconf 92' lang='lat' dir='ltr'><strong>ut</strong></span> <span class='ocrx_word' id='word_1_657' title='bbox 2671 4189 2773 4231; x_wconf 89' lang='lat' dir='ltr'><strong>nos</strong></span> <span class='ocrx_word' id='word_1_658' title='bbox 2808 4174 3122 4239; x_wconf 84' lang='lat' dir='ltr'><strong>redimeret,</strong></span> <span class='ocrx_word' id='word_1_659' title='bbox 3181 4177 3418 4245; x_wconf 90' lang='lat' dir='ltr'><strong>pretium</strong></span> <span class='ocrx_word' id='word_1_660' title='bbox 3471 4179 3570 4235; x_wconf 91' lang='lat' dir='ltr'><strong>de-</strong></span> 
     </span>
    </p>
   </div>
   <div class='ocr_carea' id='block_1_88' title="bbox 310 4253 1888 4351">
    <p class='ocr_par' dir='ltr' id='par_1_88' title="bbox 310 4253 1888 4351">
     <span class='ocr_line' id='line_1_88' title="bbox 310 4253 1888 4351; baseline 0.008 -29"><span class='ocrx_word' id='word_1_661' title='bbox 310 4270 479 4341; x_wconf 78' lang='grc' dir='ltr'>αὸτης</span> <span class='ocrx_word' id='word_1_662' title='bbox 518 4270 703 4343; x_wconf 87' lang='grc' dir='ltr'>φωνῆς</span> <span class='ocrx_word' id='word_1_663' title='bbox 743 4271 1216 4343; x_wconf 78' lang='grc' dir='ltr'>παιδευόμεθα.τὺ</span> <span class='ocrx_word' id='word_1_664' title='bbox 1266 4274 1454 4345; x_wconf 90' lang='grc' dir='ltr'>μαθεῖν</span> <span class='ocrx_word' id='word_1_665' title='bbox 1506 4277 1589 4330; x_wconf 82' lang='grc' dir='ltr'>ὅτι</span> <span class='ocrx_word' id='word_1_666' title='bbox 1642 4253 1888 4351; x_wconf 78' lang='grc' dir='ltr'>καθάπερ</span> 
     </span>
    </p>
   </div>
   <div class='ocr_carea' id='block_1_89' title="bbox 1987 4253 3568 4351">
    <p class='ocr_par' dir='ltr' id='par_1_89' title="bbox 1992 4263 3568 4336">
     <span class='ocr_line' id='line_1_89' title="bbox 1992 4263 3568 4336; baseline 0.001 -13"><span class='ocrx_word' id='word_1_667' title='bbox 1992 4268 2094 4333; x_wconf 89' lang='lat' dir='ltr'><strong>dit,</strong></span> <span class='ocrx_word' id='word_1_668' title='bbox 2124 4282 2187 4322; x_wconf 89' lang='lat' dir='ltr'><strong>ea</strong></span> <span class='ocrx_word' id='word_1_669' title='bbox 2222 4281 2357 4321; x_wconf 89' lang='lat' dir='ltr'><strong>voce</strong></span> <span class='ocrx_word' id='word_1_670' title='bbox 2392 4263 2773 4336; x_wconf 88' lang='lat' dir='ltr'><strong>intelligimus,</strong></span> <span class='ocrx_word' id='word_1_671' title='bbox 2802 4279 2925 4319; x_wconf 92' lang='lat' dir='ltr'><strong>eum</strong></span> <span class='ocrx_word' id='word_1_672' title='bbox 2958 4270 3219 4334; x_wconf 89' lang='lat' dir='ltr'><strong>tanquam</strong></span> <span class='ocrx_word' id='word_1_673' title='bbox 3260 4267 3568 4323; x_wconf 90' lang='lat' dir='ltr'><strong>mercedem</strong></span> 
     </span>
    </p>
   </div>
   <div class='ocr_carea' id='block_1_90' title="bbox 309 4358 1889 4436">
    <p class='ocr_par' dir='ltr' id='par_1_90' title="bbox 309 4358 1889 4436">
     <span class='ocr_line' id='line_1_90' title="bbox 309 4358 1889 4436; baseline 0.006 -26"><span class='ocrx_word' id='word_1_674' title='bbox 309 4360 474 4430; x_wconf 84' lang='grc' dir='ltr'>τιμήν</span> <span class='ocrx_word' id='word_1_675' title='bbox 511 4376 634 4413; x_wconf 89' lang='grc' dir='ltr'>τινα</span> <span class='ocrx_word' id='word_1_676' title='bbox 669 4358 769 4429; x_wconf 83' lang='grc' dir='ltr'><strong>τῆς</strong></span> <span class='ocrx_word' id='word_1_677' title='bbox 816 4358 1048 4412; x_wconf 77' lang='grc' dir='ltr'>ἑκάστου</span> <span class='ocrx_word' id='word_1_678' title='bbox 1077 4359 1257 4431; x_wconf 81' lang='grc' dir='ltr'>ψυχῆς</span> <span class='ocrx_word' id='word_1_679' title='bbox 1302 4362 1713 4434; x_wconf 89' lang='grc' dir='ltr'>παρασχόμενος</span> <span class='ocrx_word' id='word_1_680' title='bbox 1758 4367 1889 4436; x_wconf 88' lang='grc' dir='ltr'>ἡμῖν</span> 
     </span>
    </p>
   </div>
   <div class='ocr_carea' id='block_1_91' title="bbox 310 4446 1888 4527">
    <p class='ocr_par' dir='ltr' id='par_1_91' title="bbox 310 4446 1888 4527">
     <span class='ocr_line' id='line_1_91' title="bbox 310 4446 1888 4527; baseline 0.006 -28"><span class='ocrx_word' id='word_1_681' title='bbox 310 4446 407 4518; x_wconf 78' lang='grc' dir='ltr'><strong>τήν</strong></span> <span class='ocrx_word' id='word_1_682' title='bbox 427 4447 749 4512; x_wconf 84' lang='grc' dir='ltr'>ἀθανασίαν,</span> <span class='ocrx_word' id='word_1_683' title='bbox 776 4448 961 4520; x_wconf 85' lang='grc' dir='ltr'>κτῆμα</span> <span class='ocrx_word' id='word_1_684' title='bbox 985 4448 1115 4503; x_wconf 81' lang='grc' dir='ltr'>ἴδιον</span> <span class='ocrx_word' id='word_1_685' title='bbox 1141 4451 1266 4515; x_wconf 84' lang='grc' dir='ltr'>τοὺς</span> <span class='ocrx_word' id='word_1_686' title='bbox 1291 4451 1356 4504; x_wconf 76' lang='grc' dir='ltr'>ὲκ</span> <span class='ocrx_word' id='word_1_687' title='bbox 1379 4453 1473 4506; x_wconf 82' lang='grc' dir='ltr'>τοῦ</span> <span class='ocrx_word' id='word_1_688' title='bbox 1504 4452 1735 4507; x_wconf 90' lang='grc' dir='ltr'>θανάτου</span> <span class='ocrx_word' id='word_1_689' title='bbox 1757 4456 1888 4527; x_wconf 82' lang='grc' dir='ltr'>παρ’</span> 
     </span>
    </p>
   </div>
   <div class='ocr_carea' id='block_1_92' title="bbox 313 4535 1889 4613">
    <p class='ocr_par' dir='ltr' id='par_1_92' title="bbox 313 4535 1889 4613">
     <span class='ocr_line' id='line_1_92' title="bbox 313 4535 1889 4613; baseline 0.004 -23"><span class='ocrx_word' id='word_1_690' title='bbox 313 4536 478 4590; x_wconf 80' lang='grc' dir='ltr'>αὐτοῦ</span> <span class='ocrx_word' id='word_1_691' title='bbox 505 4535 592 4591; x_wconf 83' lang='grc' dir='ltr'><strong>διὰ</strong></span> <span class='ocrx_word' id='word_1_692' title='bbox 622 4537 720 4605; x_wconf 83' lang='grc' dir='ltr'><strong>τῆς</strong></span> <span class='ocrx_word' id='word_1_693' title='bbox 748 4535 893 4608; x_wconf 82' lang='grc' dir='ltr'>ζωῆς</span> <span class='ocrx_word' id='word_1_694' title='bbox 914 4537 1381 4611; x_wconf 79' lang='grc' dir='ltr'>έξαγορασθέντας</span> <span class='ocrx_word' id='word_1_695' title='bbox 1401 4542 1673 4613; x_wconf 76' lang='grc' dir='ltr'>ἐποίησεν.</span> <span class='ocrx_word' id='word_1_696' title='bbox 1692 4543 1755 4599; x_wconf 83' lang='grc' dir='ltr'><strong>ΕΞ</strong></span> <span class='ocrx_word' id='word_1_697' title='bbox 1776 4544 1889 4598; x_wconf 83' lang='grc' dir='ltr'>τοί-</span> 
     </span>
    </p>
   </div>
   <div class='ocr_carea' id='block_1_93' title="bbox 312 4626 1888 4705">
    <p class='ocr_par' dir='ltr' id='par_1_93' title="bbox 312 4626 1888 4705">
     <span class='ocr_line' id='line_1_93' title="bbox 312 4626 1888 4705; baseline 0.004 -23"><span class='ocrx_word' id='word_1_698' title='bbox 312 4646 405 4683; x_wconf 87' lang='grc' dir='ltr'><strong>νυν</strong></span> <span class='ocrx_word' id='word_1_699' title='bbox 441 4626 619 4682; x_wconf 82' lang='grc' dir='ltr'>δοῦλοι</span> <span class='ocrx_word' id='word_1_700' title='bbox 659 4627 755 4681; x_wconf 77' lang='grc' dir='ltr'>τοῦ</span> <span class='ocrx_word' id='word_1_701' title='bbox 788 4628 1206 4700; x_wconf 84' lang='grc' dir='ltr'>λυτρωσαμένου</span> <span class='ocrx_word' id='word_1_702' title='bbox 1249 4631 1551 4702; x_wconf 88' lang='grc' dir='ltr'>γεγόναμεν</span> <span class='ocrx_word' id='word_1_703' title='bbox 1574 4672 1589 4699; x_wconf 89' lang='grc'><strong>,</strong></span> <span class='ocrx_word' id='word_1_704' title='bbox 1619 4633 1755 4705; x_wconf 83' lang='grc' dir='ltr'>πρὸς</span> <span class='ocrx_word' id='word_1_705' title='bbox 1796 4634 1888 4689; x_wconf 83' lang='grc' dir='ltr'><strong>τὸν</strong></span> 
     </span>
    </p>
   </div>
   <div class='ocr_carea' id='block_1_94' title="bbox 312 4720 1886 4796">
    <p class='ocr_par' dir='ltr' id='par_1_94' title="bbox 312 4720 1886 4796">
     <span class='ocr_line' id='line_1_94' title="bbox 312 4720 1886 4796; baseline 0.003 -21"><span class='ocrx_word' id='word_1_706' title='bbox 312 4720 633 4792; x_wconf 84' lang='grc' dir='ltr'>κυριεύοντα</span> <span class='ocrx_word' id='word_1_707' title='bbox 688 4720 904 4785; x_wconf 86' lang='grc' dir='ltr'>πάντως</span> <span class='ocrx_word' id='word_1_708' title='bbox 946 4721 1224 4793; x_wconf 79' lang='grc' dir='ltr'>όψώμεθα,</span> <span class='ocrx_word' id='word_1_709' title='bbox 1248 4723 1324 4786; x_wconf 86' lang='grc' dir='ltr'>ὡς</span> <span class='ocrx_word' id='word_1_710' title='bbox 1358 4724 1553 4795; x_wconf 87' lang='grc' dir='ltr'>μηκέτι</span> <span class='ocrx_word' id='word_1_711' title='bbox 1587 4726 1733 4796; x_wconf 79' lang='grc' dir='ltr'>ἡμᾶς</span> <span class='ocrx_word' id='word_1_712' title='bbox 1757 4727 1886 4780; x_wconf 82' lang='grc' dir='ltr'>ἑαυ-</span> 
     </span>
    </p>
   </div>
   <div class='ocr_carea' id='block_1_95' title="bbox 310 4807 1888 4886">
    <p class='ocr_par' dir='ltr' id='par_1_95' title="bbox 310 4807 1888 4886">
     <span class='ocr_line' id='line_1_95' title="bbox 310 4807 1888 4886; baseline 0.006 -25"><span class='ocrx_word' id='word_1_713' title='bbox 310 4810 423 4871; x_wconf 89' lang='grc' dir='ltr'>τοῖς</span> <span class='ocrx_word' id='word_1_714' title='bbox 462 4807 734 4879; x_wconf 77' lang='grc' dir='ltr'>ζῇν,ἀλλά</span> <span class='ocrx_word' id='word_1_715' title='bbox 765 4808 844 4879; x_wconf 84' lang='grc' dir='ltr'>τῷ</span> <span class='ocrx_word' id='word_1_716' title='bbox 864 4807 1190 4881; x_wconf 86' lang='grc' dir='ltr'>κτησαμένῳ</span> <span class='ocrx_word' id='word_1_717' title='bbox 1215 4810 1363 4881; x_wconf 78' lang='grc' dir='ltr'>ἡμᾶς</span> <span class='ocrx_word' id='word_1_718' title='bbox 1386 4811 1472 4866; x_wconf 81' lang='grc' dir='ltr'><strong>διὰ</strong></span> <span class='ocrx_word' id='word_1_719' title='bbox 1495 4812 1589 4866; x_wconf 77' lang='grc' dir='ltr'>τοῦ</span> <span class='ocrx_word' id='word_1_720' title='bbox 1614 4814 1715 4884; x_wconf 89' lang='grc' dir='ltr'><strong>τῆς</strong></span> <span class='ocrx_word' id='word_1_721' title='bbox 1742 4815 1888 4886; x_wconf 77' lang='grc' dir='ltr'>ζωῆς</span> 
     </span>
    </p>
   </div>
   <div class='ocr_carea' id='block_1_96' title="bbox 312 4898 1886 4977">
    <p class='ocr_par' dir='ltr' id='par_1_96' title="bbox 312 4898 1886 4977">
     <span class='ocr_line' id='line_1_96' title="bbox 312 4898 1886 4977; baseline 0.006 -26"><span class='ocrx_word' id='word_1_722' title='bbox 312 4898 778 4970; x_wconf 69' lang='grc' dir='ltr'>ἀπαλλάγματος.</span> <span class='ocrx_word' id='word_1_723' title='bbox 819 4900 1014 4954; x_wconf 82' lang='grc' dir='ltr'>Οὐκέτι</span> <span class='ocrx_word' id='word_1_724' title='bbox 1061 4899 1169 4972; x_wconf 85' lang='grc' dir='ltr'>γὰρ</span> <span class='ocrx_word' id='word_1_725' title='bbox 1217 4901 1428 4957; x_wconf 79' lang='grc' dir='ltr'>ἑαυτῶν</span> <span class='ocrx_word' id='word_1_726' title='bbox 1477 4904 1644 4974; x_wconf 82' lang='grc' dir='ltr'>ἐσμεν</span> <span class='ocrx_word' id='word_1_727' title='bbox 1686 4906 1886 4977; x_wconf 90' lang='grc' dir='ltr'>κύριοι,</span> 
     </span>
    </p>
   </div>
   <div class='ocr_carea' id='block_1_97' title="bbox 314 4988 1893 5065">
    <p class='ocr_par' dir='ltr' id='par_1_97' title="bbox 314 4988 1893 5065">
     <span class='ocr_line' id='line_1_97' title="bbox 314 4988 1893 5065; baseline 0.008 -24"><span class='ocrx_word' id='word_1_728' title='bbox 314 4988 429 5041; x_wconf 83' lang='grc' dir='ltr'>ἀλλ’</span> <span class='ocrx_word' id='word_1_729' title='bbox 457 4989 486 5041; x_wconf 95' lang='lat'><strong>6</strong></span> <span class='ocrx_word' id='word_1_730' title='bbox 534 4988 886 5061; x_wconf 85' lang='grc' dir='ltr'>ὠνησάμενός</span> <span class='ocrx_word' id='word_1_731' title='bbox 926 4992 1043 5043; x_wconf 85' lang='grc' dir='ltr'>ὲστι</span> <span class='ocrx_word' id='word_1_732' title='bbox 1078 4991 1303 5063; x_wconf 81' lang='grc' dir='ltr'>Κύριος,</span> <span class='ocrx_word' id='word_1_733' title='bbox 1345 4996 1511 5065; x_wconf 87' lang='grc' dir='ltr'>ἡμεῖς</span> <span class='ocrx_word' id='word_1_734' title='bbox 1543 4994 1601 5048; x_wconf 81' lang='grc' dir='ltr'><strong>δὲ</strong></span> <span class='ocrx_word' id='word_1_735' title='bbox 1631 4997 1795 5052; x_wconf 81' lang='grc' dir='ltr'>αὑτοῦ</span> <span class='ocrx_word' id='word_1_736' title='bbox 1822 4999 1893 5053; x_wconf 84' lang='grc' dir='ltr'>τὰ</span> 
     </span>
    </p>
   </div>
   <div class='ocr_carea' id='block_1_98' title="bbox 314 5078 1887 5160">
    <p class='ocr_par' dir='ltr' id='par_1_98' title="bbox 314 5078 1887 5160">
     <span class='ocr_line' id='line_1_98' title="bbox 314 5078 1887 5160; baseline 0.008 -29"><span class='ocrx_word' id='word_1_737' title='bbox 314 5080 591 5150; x_wconf 85' lang='grc' dir='ltr'>κτήματα.</span> <span class='ocrx_word' id='word_1_738' title='bbox 638 5078 849 5133; x_wconf 84' lang='grc' dir='ltr'>Οὐκοῦν</span> <span class='ocrx_word' id='word_1_739' title='bbox 894 5081 1054 5151; x_wconf 87' lang='grc' dir='ltr'>νόμος</span> <span class='ocrx_word' id='word_1_740' title='bbox 1082 5080 1235 5137; x_wconf 76' lang='grc' dir='ltr'>ἔσται</span> <span class='ocrx_word' id='word_1_741' title='bbox 1277 5082 1377 5155; x_wconf 85' lang='grc' dir='ltr'><strong>τῆς</strong></span> <span class='ocrx_word' id='word_1_742' title='bbox 1403 5085 1678 5157; x_wconf 87' lang='grc' dir='ltr'>ἡμετέρας</span> <span class='ocrx_word' id='word_1_743' title='bbox 1722 5088 1887 5160; x_wconf 84' lang='grc' dir='ltr'>ζωῆς,</span> 
     </span>
    </p>
   </div>
   <div class='ocr_carea' id='block_1_99' title="bbox 312 5168 1889 5249">
    <p class='ocr_par' dir='ltr' id='par_1_99' title="bbox 312 5168 1889 5249">
     <span class='ocr_line' id='line_1_99' title="bbox 312 5168 1889 5249; baseline 0.007 -26"><span class='ocrx_word' id='word_1_744' title='bbox 312 5168 379 5225; x_wconf 79' lang='grc' dir='ltr'>τὸ</span> <span class='ocrx_word' id='word_1_745' title='bbox 404 5169 499 5223; x_wconf 82' lang='grc' dir='ltr'>τοῦ</span> <span class='ocrx_word' id='word_1_746' title='bbox 532 5170 877 5243; x_wconf 87' lang='grc' dir='ltr'>κυριεύοντος</span> <span class='ocrx_word' id='word_1_747' title='bbox 912 5170 1145 5243; x_wconf 86' lang='grc' dir='ltr'>θέλημα.</span> <span class='ocrx_word' id='word_1_748' title='bbox 1177 5174 1389 5248; x_wconf 82' lang='grc' dir='ltr'>Ὥσπερ</span> <span class='ocrx_word' id='word_1_749' title='bbox 1427 5176 1535 5249; x_wconf 84' lang='grc' dir='ltr'>γὰρ</span> <span class='ocrx_word' id='word_1_750' title='bbox 1585 5179 1681 5233; x_wconf 83' lang='grc' dir='ltr'>τοῦ</span> <span class='ocrx_word' id='word_1_751' title='bbox 1722 5179 1889 5234; x_wconf 82' lang='grc' dir='ltr'>θανά-</span> 
     </span>
    </p>
   </div>
   <div class='ocr_carea' id='block_1_100' title="bbox 315 5260 1890 5339">
    <p class='ocr_par' dir='ltr' id='par_1_100' title="bbox 315 5260 1890 5339">
     <span class='ocr_line' id='line_1_100' title="bbox 315 5260 1890 5339; baseline 0.006 -27"><span class='ocrx_word' id='word_1_752' title='bbox 315 5275 407 5314; x_wconf 82' lang='grc' dir='ltr'><strong>του</strong></span> <span class='ocrx_word' id='word_1_753' title='bbox 439 5260 766 5332; x_wconf 80' lang='grc' dir='ltr'>κρατοῦντος</span> <span class='ocrx_word' id='word_1_754' title='bbox 794 5260 971 5331; x_wconf 89' lang='grc' dir='ltr'>ἡμῶν,</span> <span class='ocrx_word' id='word_1_755' title='bbox 1002 5263 1031 5315; x_wconf 95' lang='lat'><strong>6</strong></span> <span class='ocrx_word' id='word_1_756' title='bbox 1056 5261 1154 5331; x_wconf 86' lang='grc' dir='ltr'><strong>τῆς</strong></span> <span class='ocrx_word' id='word_1_757' title='bbox 1179 5262 1451 5335; x_wconf 84' lang='grc' dir='ltr'>ἁμαρτίας</span> <span class='ocrx_word' id='word_1_758' title='bbox 1483 5267 1542 5319; x_wconf 85' lang='grc' dir='ltr'><strong>έν</strong></span> <span class='ocrx_word' id='word_1_759' title='bbox 1575 5268 1708 5337; x_wconf 86' lang='grc' dir='ltr'>ἡμῖν</span> <span class='ocrx_word' id='word_1_760' title='bbox 1728 5268 1890 5339; x_wconf 90' lang='grc' dir='ltr'>νόμος</span> 
     </span>
    </p>
   </div>
   <div class='ocr_carea' id='block_1_101' title="bbox 317 5348 1892 5429">
    <p class='ocr_par' dir='ltr' id='par_1_101' title="bbox 317 5348 1892 5429">
     <span class='ocr_line' id='line_1_101' title="bbox 317 5348 1892 5429; baseline 0.008 -28"><span class='ocrx_word' id='word_1_761' title='bbox 317 5348 690 5403; x_wconf 74' lang='grc' dir='ltr'>ἐπολιτεύετοο</span> <span class='ocrx_word' id='word_1_762' title='bbox 722 5348 893 5415; x_wconf 77' lang='grc' dir='ltr'>οὕτως</span> <span class='ocrx_word' id='word_1_763' title='bbox 928 5350 1113 5423; x_wconf 75' lang='grc' dir='ltr'>ἐπειδὴ</span> <span class='ocrx_word' id='word_1_764' title='bbox 1158 5352 1259 5425; x_wconf 87' lang='grc' dir='ltr'><strong>τῆς</strong></span> <span class='ocrx_word' id='word_1_765' title='bbox 1306 5352 1452 5426; x_wconf 81' lang='grc' dir='ltr'>ζωῆς</span> <span class='ocrx_word' id='word_1_766' title='bbox 1500 5355 1687 5427; x_wconf 85' lang='grc' dir='ltr'>κτῆμα</span> <span class='ocrx_word' id='word_1_767' title='bbox 1728 5358 1892 5429; x_wconf 81' lang='grc' dir='ltr'>γεγό-</span> 
     </span>
    </p>
   </div>
   <div class='ocr_carea' id='block_1_102' title="bbox 388 5548 1114 5618">
    <p class='ocr_par' dir='ltr' id='par_1_102' title="bbox 388 5548 1114 5618">
     <span class='ocr_line' id='line_1_102' title="bbox 388 5548 1114 5618; baseline 0.015 -17"><span class='ocrx_word' id='word_1_768' title='bbox 388 5548 411 5618; x_wconf 57' lang='lat' dir='ltr'><strong>f</strong></span> <span class='ocrx_word' id='word_1_769' title='bbox 438 5548 636 5618; x_wconf 83' lang='lat' dir='ltr'><strong>Ephes.</strong></span> <span class='ocrx_word' id='word_1_770' title='bbox 667 5566 728 5613; x_wconf 85' lang='lat' dir='ltr'><strong>ll,</strong></span> <span class='ocrx_word' id='word_1_771' title='bbox 765 5551 853 5612; x_wconf 72' lang='grc' dir='ltr'><strong>Η.</strong></span> <span class='ocrx_word' id='word_1_772' title='bbox 940 5556 962 5589; x_wconf 87' lang='lat'><strong>’</strong></span> <span class='ocrx_word' id='word_1_773' title='bbox 985 5555 1114 5612; x_wconf 87' lang='lat' dir='ltr'><strong>ibid.</strong></span> 
     </span>
    </p>
   </div>
   <div class='ocr_carea' id='block_1_103' title="bbox 1206 5554 1601 5628">
    <p class='ocr_par' dir='ltr' id='par_1_103' title="bbox 1206 5554 1601 5628">
     <span class='ocr_line' id='line_1_103' title="bbox 1206 5554 1601 5628; baseline 0.01 -17"><span class='ocrx_word' id='word_1_774' title='bbox 1206 5557 1248 5589; x_wconf 72' lang='grc' dir='ltr'>ιο</span> <span class='ocrx_word' id='word_1_775' title='bbox 1276 5554 1433 5613; x_wconf 83' lang='lat' dir='ltr'><strong>Joan.</strong></span> <span class='ocrx_word' id='word_1_776' title='bbox 1469 5572 1506 5628; x_wconf 89' lang='grc' dir='ltr'><strong>ι,</strong></span> <span class='ocrx_word' id='word_1_777' title='bbox 1549 5560 1601 5615; x_wconf 74' lang='lat'><strong>9.</strong></span> 
     </span>
    </p>
   </div>
   <div class='ocr_carea' id='block_1_104' title="bbox 320 5617 794 5686">
    <p class='ocr_par' dir='ltr' id='par_1_104' title="bbox 320 5617 794 5686">
     <span class='ocr_line' id='line_1_104' title="bbox 320 5617 794 5686; baseline 0.011 -13"><span class='ocrx_word' id='word_1_778' title='bbox 320 5619 365 5651; x_wconf 78' lang='lat'>“</span> <span class='ocrx_word' id='word_1_779' title='bbox 395 5617 414 5673; x_wconf 90' lang='grc' dir='ltr'><strong>Ι</strong></span> <span class='ocrx_word' id='word_1_780' title='bbox 443 5617 569 5677; x_wconf 73' lang='lat' dir='ltr'><strong>cor.</strong></span> <span class='ocrx_word' id='word_1_781' title='bbox 600 5636 675 5686; x_wconf 72' lang='grc' dir='ltr'>γι,</span> <span class='ocrx_word' id='word_1_782' title='bbox 703 5621 794 5678; x_wconf 74' lang='lat'><strong>20.</strong></span> 
     </span>
    </p>
   </div>
   <div class='ocr_carea' id='block_1_105' title="bbox 1707 5562 2898 5637">
    <p class='ocr_par' dir='ltr' id='par_1_105' title="bbox 1707 5562 2898 5637">
     <span class='ocr_line' id='line_1_105' title="bbox 1707 5562 2898 5637; baseline 0.009 -19"><span class='ocrx_word' id='word_1_783' title='bbox 1707 5562 1747 5594; x_wconf 89' lang='grc'>¹¹</span> <span class='ocrx_word' id='word_1_784' title='bbox 1786 5563 1947 5621; x_wconf 82' lang='lat' dir='ltr'><strong>Rom.</strong></span> <span class='ocrx_word' id='word_1_785' title='bbox 1983 5582 2106 5633; x_wconf 81' lang='lat' dir='ltr'><strong>xui,</strong></span> <span class='ocrx_word' id='word_1_786' title='bbox 2135 5567 2221 5634; x_wconf 75' lang='lat' dir='ltr'><strong>l2,</strong></span> <span class='ocrx_word' id='word_1_787' title='bbox 2264 5568 2344 5623; x_wconf 78' lang='lat' dir='ltr'><strong>l5.</strong></span> <span class='ocrx_word' id='word_1_788' title='bbox 2436 5570 2479 5600; x_wconf 81' lang='lat'>&quot;</span> <span class='ocrx_word' id='word_1_789' title='bbox 2511 5569 2531 5624; x_wconf 88' lang='grc' dir='ltr'>Ι</span> <span class='ocrx_word' id='word_1_790' title='bbox 2567 5570 2691 5627; x_wconf 86' lang='lat' dir='ltr'><strong>Cor.</strong></span> <span class='ocrx_word' id='word_1_791' title='bbox 2735 5588 2772 5637; x_wconf 90' lang='grc' dir='ltr'><strong>ι,</strong></span> <span class='ocrx_word' id='word_1_792' title='bbox 2808 5574 2898 5631; x_wconf 81' lang='grc'><strong>50.</strong></span> 
     </span>
    </p>
   </div>
   <div class='ocr_carea' id='block_1_106' title="bbox 1989 4352 3569 4428">
    <p class='ocr_par' dir='ltr' id='par_1_106' title="bbox 1989 4352 3569 4428">
     <span class='ocr_line' id='line_1_106' title="bbox 1989 4352 3569 4428; baseline -0.002 -14"><span class='ocrx_word' id='word_1_793' title='bbox 1989 4358 2259 4428; x_wconf 88' lang='lat' dir='ltr'><strong>cujusque</strong></span> <span class='ocrx_word' id='word_1_794' title='bbox 2293 4354 2484 4420; x_wconf 90' lang='lat' dir='ltr'><strong>animi,</strong></span> <span class='ocrx_word' id='word_1_795' title='bbox 2541 4352 2833 4425; x_wconf 78' lang='lat' dir='ltr'><strong>praebendo</strong></span> <span class='ocrx_word' id='word_1_796' title='bbox 2884 4354 3049 4409; x_wconf 86' lang='lat' dir='ltr'><strong>nobis</strong></span> <span class='ocrx_word' id='word_1_797' title='bbox 3075 4355 3569 4424; x_wconf 85' lang='lat' dir='ltr'><strong>immortalitatem,</strong></span> 
     </span>
    </p>
   </div>
   <div class='ocr_carea' id='block_1_107' title="bbox 1988 4446 3571 4519">
    <p class='ocr_par' dir='ltr' id='par_1_107' title="bbox 1988 4446 3571 4519">
     <span class='ocr_line' id='line_1_107' title="bbox 1988 4446 3571 4519; baseline -0.001 -14"><span class='ocrx_word' id='word_1_798' title='bbox 1988 4465 2091 4505; x_wconf 92' lang='lat' dir='ltr'><strong>nos</strong></span> <span class='ocrx_word' id='word_1_799' title='bbox 2113 4467 2144 4505; x_wconf 89' lang='lat' dir='ltr'><strong>e</strong></span> <span class='ocrx_word' id='word_1_800' title='bbox 2172 4456 2347 4502; x_wconf 87' lang='lat' dir='ltr'><strong>morte</strong></span> <span class='ocrx_word' id='word_1_801' title='bbox 2376 4461 2407 4501; x_wconf 90' lang='lat' dir='ltr'><strong>a</strong></span> <span class='ocrx_word' id='word_1_802' title='bbox 2434 4461 2494 4502; x_wconf 91' lang='lat' dir='ltr'><strong>se</strong></span> <span class='ocrx_word' id='word_1_803' title='bbox 2520 4460 2619 4517; x_wconf 92' lang='lat' dir='ltr'><strong>per</strong></span> <span class='ocrx_word' id='word_1_804' title='bbox 2645 4446 2812 4500; x_wconf 87' lang='lat' dir='ltr'><strong>vitam</strong></span> <span class='ocrx_word' id='word_1_805' title='bbox 2845 4453 3128 4516; x_wconf 88' lang='lat' dir='ltr'><strong>coemptos</strong></span> <span class='ocrx_word' id='word_1_806' title='bbox 3149 4448 3429 4519; x_wconf 89' lang='lat' dir='ltr'><strong>pr0priam</strong></span> <span class='ocrx_word' id='word_1_807' title='bbox 3460 4449 3571 4505; x_wconf 84' lang='lat' dir='ltr'><strong>sibi</strong></span> 
     </span>
    </p>
   </div>
   <div class='ocr_carea' id='block_1_108' title="bbox 1986 4536 3573 4611">
    <p class='ocr_par' dir='ltr' id='par_1_108' title="bbox 1986 4536 3573 4611">
     <span class='ocr_line' id='line_1_108' title="bbox 1986 4536 3573 4611; baseline 0.001 -15"><span class='ocrx_word' id='word_1_808' title='bbox 1986 4539 2393 4611; x_wconf 86' lang='lat' dir='ltr'><strong>possessionem</strong></span> <span class='ocrx_word' id='word_1_809' title='bbox 2416 4537 2665 4594; x_wconf 79' lang='lat' dir='ltr'><strong>eﬂ&#39;ecisse</strong></span> <span class='ocrx_word' id='word_1_810' title='bbox 2685 4536 2749 4592; x_wconf 81' lang='lat'><strong>&quot;.</strong></span> <span class='ocrx_word' id='word_1_811' title='bbox 2771 4536 2980 4611; x_wconf 78' lang='lat' dir='ltr'><strong>Quodsi</strong></span> <span class='ocrx_word' id='word_1_812' title='bbox 3002 4538 3124 4608; x_wconf 91' lang='lat' dir='ltr'><strong>ejus</strong></span> <span class='ocrx_word' id='word_1_813' title='bbox 3154 4540 3249 4611; x_wconf 93' lang='lat' dir='ltr'><strong>qui</strong></span> <span class='ocrx_word' id='word_1_814' title='bbox 3278 4555 3380 4596; x_wconf 90' lang='lat' dir='ltr'><strong>nos</strong></span> <span class='ocrx_word' id='word_1_815' title='bbox 3413 4541 3573 4597; x_wconf 85' lang='lat' dir='ltr'><strong>rede-</strong></span> 
     </span>
    </p>
   </div>
   <div class='ocr_carea' id='block_1_109' title="bbox 1986 4629 3572 4702">
    <p class='ocr_par' dir='ltr' id='par_1_109' title="bbox 1986 4629 3572 4702">
     <span class='ocr_line' id='line_1_109' title="bbox 1986 4629 3572 4702; baseline 0 -14"><span class='ocrx_word' id='word_1_816' title='bbox 1986 4634 2086 4687; x_wconf 89' lang='lat' dir='ltr'><strong>mit</strong></span> <span class='ocrx_word' id='word_1_817' title='bbox 2120 4631 2299 4688; x_wconf 81' lang='lat' dir='ltr'><strong>eﬂ‘ecti</strong></span> <span class='ocrx_word' id='word_1_818' title='bbox 2326 4646 2541 4698; x_wconf 84' lang='lat' dir='ltr'><strong>sumus,</strong></span> <span class='ocrx_word' id='word_1_819' title='bbox 2571 4629 2864 4686; x_wconf 90' lang='lat' dir='ltr'><strong>Dominum</strong></span> <span class='ocrx_word' id='word_1_820' title='bbox 2892 4632 2967 4685; x_wconf 90' lang='lat' dir='ltr'><strong>ita</strong></span> <span class='ocrx_word' id='word_1_821' title='bbox 2990 4646 3310 4702; x_wconf 87' lang='lat' dir='ltr'><strong>sequamur,</strong></span> <span class='ocrx_word' id='word_1_822' title='bbox 3343 4634 3572 4688; x_wconf 90' lang='lat' dir='ltr'><strong>omnino</strong></span> 
     </span>
    </p>
   </div>
   <div class='ocr_carea' id='block_1_110' title="bbox 1988 4722 3573 4795">
    <p class='ocr_par' dir='ltr' id='par_1_110' title="bbox 1988 4722 3573 4795">
     <span class='ocr_line' id='line_1_110' title="bbox 1988 4722 3573 4795; baseline 0.001 -17"><span class='ocrx_word' id='word_1_823' title='bbox 1988 4733 2049 4779; x_wconf 91' lang='lat' dir='ltr'><strong>ut</strong></span> <span class='ocrx_word' id='word_1_824' title='bbox 2070 4739 2178 4779; x_wconf 91' lang='lat' dir='ltr'><strong>non</strong></span> <span class='ocrx_word' id='word_1_825' title='bbox 2209 4723 2447 4795; x_wconf 88' lang='lat' dir='ltr'><strong>amplius</strong></span> <span class='ocrx_word' id='word_1_826' title='bbox 2469 4722 2633 4778; x_wconf 91' lang='lat' dir='ltr'><strong>nobis</strong></span> <span class='ocrx_word' id='word_1_827' title='bbox 2654 4723 2927 4787; x_wconf 88' lang='lat' dir='ltr'><strong>vivamus,</strong></span> <span class='ocrx_word' id='word_1_828' title='bbox 2952 4722 3046 4778; x_wconf 84' lang='lat' dir='ltr'><strong>sed</strong></span> <span class='ocrx_word' id='word_1_829' title='bbox 3071 4722 3171 4788; x_wconf 92' lang='lat' dir='ltr'><strong>illi,</strong></span> <span class='ocrx_word' id='word_1_830' title='bbox 3197 4724 3290 4792; x_wconf 90' lang='lat' dir='ltr'><strong>qui</strong></span> <span class='ocrx_word' id='word_1_831' title='bbox 3314 4740 3417 4782; x_wconf 91' lang='lat' dir='ltr'><strong>nos</strong></span> <span class='ocrx_word' id='word_1_832' title='bbox 3445 4726 3573 4781; x_wconf 68' lang='lat' dir='ltr'><strong>vitae</strong></span> 
     </span>
    </p>
   </div>
   <div class='ocr_carea' id='block_1_111' title="bbox 1990 4811 3574 4885">
    <p class='ocr_par' dir='ltr' id='par_1_111' title="bbox 1990 4811 3574 4885">
     <span class='ocr_line' id='line_1_111' title="bbox 1990 4811 3574 4885; baseline 0 -13"><span class='ocrx_word' id='word_1_833' title='bbox 1990 4830 2104 4872; x_wconf 84' lang='lat' dir='ltr'><strong>suae</strong></span> <span class='ocrx_word' id='word_1_834' title='bbox 2133 4814 2311 4885; x_wconf 90' lang='lat' dir='ltr'><strong>pretio</strong></span> <span class='ocrx_word' id='word_1_835' title='bbox 2349 4811 2787 4884; x_wconf 73' lang='lat' dir='ltr'><strong>comparavit“:</strong></span> <span class='ocrx_word' id='word_1_836' title='bbox 2824 4828 2931 4868; x_wconf 91' lang='lat' dir='ltr'><strong>non</strong></span> <span class='ocrx_word' id='word_1_837' title='bbox 2957 4813 3101 4868; x_wconf 85' lang='lat' dir='ltr'><strong>enim</strong></span> <span class='ocrx_word' id='word_1_838' title='bbox 3134 4814 3371 4885; x_wconf 85' lang='lat' dir='ltr'><strong>amplius</strong></span> <span class='ocrx_word' id='word_1_839' title='bbox 3392 4817 3574 4872; x_wconf 86' lang='lat' dir='ltr'><strong>nostri</strong></span> 
     </span>
    </p>
   </div>
   <div class='ocr_carea' id='block_1_112' title="bbox 1990 4904 3575 4978">
    <p class='ocr_par' dir='ltr' id='par_1_112' title="bbox 1990 4904 3575 4978">
     <span class='ocr_line' id='line_1_112' title="bbox 1990 4904 3575 4978; baseline 0.001 -16"><span class='ocrx_word' id='word_1_840' title='bbox 1990 4905 2235 4978; x_wconf 89' lang='lat' dir='ltr'><strong>ipsorum</strong></span> <span class='ocrx_word' id='word_1_841' title='bbox 2265 4905 2475 4961; x_wconf 89' lang='lat' dir='ltr'><strong>domini</strong></span> <span class='ocrx_word' id='word_1_842' title='bbox 2530 4919 2747 4971; x_wconf 88' lang='lat' dir='ltr'><strong>sumus,</strong></span> <span class='ocrx_word' id='word_1_843' title='bbox 2790 4906 2885 4961; x_wconf 92' lang='lat' dir='ltr'><strong>sed</strong></span> <span class='ocrx_word' id='word_1_844' title='bbox 2929 4906 3024 4961; x_wconf 90' lang='lat' dir='ltr'><strong>ille</strong></span> <span class='ocrx_word' id='word_1_845' title='bbox 3069 4904 3164 4974; x_wconf 92' lang='lat' dir='ltr'><strong>qui</strong></span> <span class='ocrx_word' id='word_1_846' title='bbox 3209 4921 3313 4963; x_wconf 89' lang='lat' dir='ltr'><strong>nos</strong></span> <span class='ocrx_word' id='word_1_847' title='bbox 3371 4910 3575 4964; x_wconf 91' lang='lat' dir='ltr'><strong>coemit</strong></span> 
     </span>
    </p>
   </div>
   <div class='ocr_carea' id='block_1_113' title="bbox 1989 4997 3574 5070">
    <p class='ocr_par' dir='ltr' id='par_1_113' title="bbox 1989 4997 3574 5070">
     <span class='ocr_line' id='line_1_113' title="bbox 1989 4997 3574 5070; baseline 0.001 -17"><span class='ocrx_word' id='word_1_848' title='bbox 1989 4998 2255 5055; x_wconf 89' lang='lat' dir='ltr'><strong>Dominus</strong></span> <span class='ocrx_word' id='word_1_849' title='bbox 2280 5006 2386 5066; x_wconf 88' lang='lat' dir='ltr'><strong>est,</strong></span> <span class='ocrx_word' id='word_1_850' title='bbox 2423 5012 2527 5053; x_wconf 89' lang='lat' dir='ltr'><strong>nos</strong></span> <span class='ocrx_word' id='word_1_851' title='bbox 2577 5005 2762 5053; x_wconf 90' lang='lat' dir='ltr'><strong>autem</strong></span> <span class='ocrx_word' id='word_1_852' title='bbox 2805 4998 2928 5067; x_wconf 86' lang='lat' dir='ltr'><strong>ejus</strong></span> <span class='ocrx_word' id='word_1_853' title='bbox 2960 4997 3207 5053; x_wconf 91' lang='lat' dir='ltr'><strong>dominio</strong></span> <span class='ocrx_word' id='word_1_854' title='bbox 3250 5001 3574 5070; x_wconf 86' lang='lat' dir='ltr'><strong>mancipati.</strong></span> 
     </span>
    </p>
   </div>
   <div class='ocr_carea' id='block_1_114' title="bbox 1993 5086 3574 5162">
    <p class='ocr_par' dir='ltr' id='par_1_114' title="bbox 1993 5086 3574 5162">
     <span class='ocr_line' id='line_1_114' title="bbox 1993 5086 3574 5162; baseline 0.003 -21"><span class='ocrx_word' id='word_1_855' title='bbox 1993 5086 2148 5144; x_wconf 85' lang='lat' dir='ltr'><strong>Illius</strong></span> <span class='ocrx_word' id='word_1_856' title='bbox 2178 5103 2306 5158; x_wconf 89' lang='lat' dir='ltr'><strong>ergo</strong></span> <span class='ocrx_word' id='word_1_857' title='bbox 2333 5088 2592 5145; x_wconf 90' lang='lat' dir='ltr'><strong>voluntas</strong></span> <span class='ocrx_word' id='word_1_858' title='bbox 2636 5088 2796 5144; x_wconf 89' lang='lat' dir='ltr'><strong>nobis</strong></span> <span class='ocrx_word' id='word_1_859' title='bbox 2835 5104 2934 5158; x_wconf 90' lang='lat' dir='ltr'><strong>pro</strong></span> <span class='ocrx_word' id='word_1_860' title='bbox 2956 5089 3074 5160; x_wconf 87' lang='lat' dir='ltr'><strong>lege</strong></span> <span class='ocrx_word' id='word_1_861' title='bbox 3097 5090 3315 5145; x_wconf 81' lang='lat' dir='ltr'><strong>vivendi</strong></span> <span class='ocrx_word' id='word_1_862' title='bbox 3372 5106 3574 5162; x_wconf 90' lang='lat' dir='ltr'><strong>propo-</strong></span> 
     </span>
    </p>
   </div>
   <div class='ocr_carea' id='block_1_115' title="bbox 1997 5176 3572 5250">
    <p class='ocr_par' dir='ltr' id='par_1_115' title="bbox 1997 5176 3572 5250">
     <span class='ocr_line' id='line_1_115' title="bbox 1997 5176 3572 5250; baseline 0.004 -16"><span class='ocrx_word' id='word_1_863' title='bbox 1997 5179 2103 5234; x_wconf 90' lang='lat' dir='ltr'><strong>sita</strong></span> <span class='ocrx_word' id='word_1_864' title='bbox 2134 5179 2226 5234; x_wconf 90' lang='lat' dir='ltr'><strong>sit.</strong></span> <span class='ocrx_word' id='word_1_865' title='bbox 2248 5176 2322 5233; x_wconf 89' lang='lat' dir='ltr'><strong>Ut</strong></span> <span class='ocrx_word' id='word_1_866' title='bbox 2348 5180 2495 5235; x_wconf 92' lang='lat' dir='ltr'><strong>enim</strong></span> <span class='ocrx_word' id='word_1_867' title='bbox 2520 5195 2645 5235; x_wconf 92' lang='lat' dir='ltr'><strong>cum</strong></span> <span class='ocrx_word' id='word_1_868' title='bbox 2674 5195 2822 5234; x_wconf 88' lang='lat' dir='ltr'><strong>mors</strong></span> <span class='ocrx_word' id='word_1_869' title='bbox 2845 5180 3130 5250; x_wconf 90' lang='lat' dir='ltr'><strong>impotenti</strong></span> <span class='ocrx_word' id='word_1_870' title='bbox 3155 5180 3445 5237; x_wconf 92' lang='lat' dir='ltr'><strong>dominatu</strong></span> <span class='ocrx_word' id='word_1_871' title='bbox 3465 5198 3572 5240; x_wconf 79' lang='lat' dir='ltr'><strong>nos</strong></span> 
     </span>
    </p>
   </div>
   <div class='ocr_carea' id='block_1_116' title="bbox 1997 5271 3574 5340">
    <p class='ocr_par' dir='ltr' id='par_1_116' title="bbox 1997 5271 3574 5340">
     <span class='ocr_line' id='line_1_116' title="bbox 1997 5271 3574 5340; baseline 0.004 -16"><span class='ocrx_word' id='word_1_872' title='bbox 1997 5279 2293 5340; x_wconf 89' lang='lat' dir='ltr'><strong>premeret,</strong></span> <span class='ocrx_word' id='word_1_873' title='bbox 2327 5271 2538 5340; x_wconf 88' lang='lat' dir='ltr'><strong>peccati</strong></span> <span class='ocrx_word' id='word_1_874' title='bbox 2570 5272 2657 5327; x_wconf 80' lang='lat' dir='ltr'><strong>lex</strong></span> <span class='ocrx_word' id='word_1_875' title='bbox 2686 5272 2742 5327; x_wconf 91' lang='lat' dir='ltr'><strong>in</strong></span> <span class='ocrx_word' id='word_1_876' title='bbox 2773 5272 2931 5328; x_wconf 90' lang='lat' dir='ltr'><strong>nobis</strong></span> <span class='ocrx_word' id='word_1_877' title='bbox 2984 5272 3166 5327; x_wconf 90' lang='lat' dir='ltr'><strong>omnia</strong></span> <span class='ocrx_word' id='word_1_878' title='bbox 3212 5272 3574 5331; x_wconf 77' lang='lat' dir='ltr'><strong>administra-</strong></span> 
     </span>
    </p>
   </div>
   <div class='ocr_carea' id='block_1_117' title="bbox 1996 5360 3574 5439">
    <p class='ocr_par' dir='ltr' id='par_1_117' title="bbox 1996 5360 3574 5439">
     <span class='ocr_line' id='line_1_117' title="bbox 1996 5360 3574 5439; baseline 0.006 -22"><span class='ocrx_word' id='word_1_879' title='bbox 1996 5360 2113 5430; x_wconf 89' lang='lat' dir='ltr'><strong>bat,</strong></span> <span class='ocrx_word' id='word_1_880' title='bbox 2155 5361 2259 5428; x_wconf 91' lang='lat' dir='ltr'><strong>sic,</strong></span> <span class='ocrx_word' id='word_1_881' title='bbox 2294 5362 2517 5434; x_wconf 87' lang='lat' dir='ltr'><strong>quando</strong></span> <span class='ocrx_word' id='word_1_882' title='bbox 2547 5362 2806 5435; x_wconf 71' lang='lat' dir='ltr'><strong>vitazjam</strong></span> <span class='ocrx_word' id='word_1_883' title='bbox 2846 5362 3052 5419; x_wconf 89' lang='lat' dir='ltr'><strong>addicti</strong></span> <span class='ocrx_word' id='word_1_884' title='bbox 3088 5379 3304 5434; x_wconf 89' lang='lat' dir='ltr'><strong>sumus,</strong></span> <span class='ocrx_word' id='word_1_885' title='bbox 3327 5382 3429 5439; x_wconf 90' lang='lat' dir='ltr'><strong>par</strong></span> <span class='ocrx_word' id='word_1_886' title='bbox 3460 5370 3574 5425; x_wconf 80' lang='lat' dir='ltr'><strong>uti-</strong></span> 
     </span>
    </p>
   </div>
   <div class='ocr_carea' id='block_1_118' title="bbox 3007 5573 3571 5641">
    <p class='ocr_par' dir='ltr' id='par_1_118' title="bbox 3007 5573 3571 5641">
     <span class='ocr_line' id='line_1_118' title="bbox 3007 5573 3571 5641; baseline 0.007 -12"><span class='ocrx_word' id='word_1_887' title='bbox 3007 5577 3051 5612; x_wconf 75' lang='grc'>³³</span> <span class='ocrx_word' id='word_1_888' title='bbox 3090 5575 3108 5630; x_wconf 87' lang='grc'><strong>1</strong></span> <span class='ocrx_word' id='word_1_889' title='bbox 3137 5575 3379 5634; x_wconf 82' lang='lat' dir='ltr'><strong>Timoth.</strong></span> <span class='ocrx_word' id='word_1_890' title='bbox 3413 5589 3476 5641; x_wconf 85' lang='grc' dir='ltr'><strong>ιι,</strong></span> <span class='ocrx_word' id='word_1_891' title='bbox 3511 5573 3571 5633; x_wconf 73' lang='grc' dir='ltr'>ο,</span> 
     </span>
    </p>
   </div>
  </div>
