4096 6354
431 266 541 321 265

1682 261 1740 315 S.
1780 254 2110 354 GREGOI‘HI
2144 254 2442 312 [\‘YSSENI

3581 258 3688 314 ειει

435 396 541 450 que
574 379 667 444 sit,
691 387 751 434 ut
779 379 954 452 ipsius
991 397 1174 437 rerum
1207 381 1467 453 patientis
1494 379 1723 435 arbitrio
1741 380 2006 450 guberne-

2114 392 2300 445 ναμεν,
2327 376 2624 444 ἀναγκαῖον
2655 373 2722 428 ἂν
2751 374 2860 446 είη,
2895 375 3031 446 πρὸς
3059 375 3160 447 τὴν
3212 373 3520 448 κρατοῦσαν
3561 377 3690 446 μεθ-

437 487 582 536 mur,
609 487 678 528 ne
710 475 929 542 quando
957 488 989 528 a
1027 474 1151 529 vitae
1179 473 1456 528 voluntate
1490 487 1584 542 per
1613 477 1895 540 peccatum
1921 481 2008 522 re-

435 562 721 628 cedentes,
746 577 943 618 rursus
973 563 1042 616 ad
1087 563 1397 633 improbum
1443 561 1637 616 mortis
1681 559 1736 613 in
1794 558 2008 612 animos

436 661 662 709 nastros
720 653 1063 708 dominatum
1127 655 1273 708 ultro
1315 652 1656 708 delabamur.
1716 649 1812 705 illa
1879 661 2009 703 vero

434 745 696 816 cogitatio
746 758 850 799 nos
882 744 1146 816 astringet
1178 743 1406 799 Domino
1433 743 1499 808 ’⁵,
1534 745 1579 797 si
1614 755 1738 796 eum
1769 753 1800 795 a
1838 738 2010 795 Paulo

434 845 552 892 tum
576 836 788 894 Pascha
818 839 887 904 ¹⁶,
937 845 1053 893 tum
1108 837 1450 894 sacerdotem
1507 836 1838 908 appellatum
1884 849 2009 890 esse

436 928 849 985 audiret-imus:
885 944 986 1000 pro
1012 929 1179 987 nobis
1208 930 1355 985 enim
1391 944 1521 984 vere
1571 927 1783 982 Pascha
1813 926 2009 981 immo-

436 1020 582 1074 latus
629 1028 713 1076 est
742 1020 1022 1083 Christus,
1050 1019 1315 1077 sacerdos
1340 1029 1522 1076 autem
1555 1019 1885 1075 sacriﬁcium
1914 1019 2010 1074 nh-

435 1110 565 1164 tulit
589 1108 701 1165 Deo
745 1110 886 1166 idem
939 1111 1062 1182 ipse
1094 1111 1372 1166 Christus.
1414 1131 1432 1164 ι
1467 1109 1719 1181 Seipsum
1772 1109 1942 1173 enim,
1983 1129 2004 1162 ι

435 1201 643 1271 inquit,
704 1221 725 1256 ι
761 1202 986 1258 tradidit
1031 1203 1365 1258 oblationem
1401 1211 1455 1257 et
1487 1202 1722 1258 hostiam
1759 1216 1862 1271 pro
1909 1216 2009 1255 no-

436 1295 524 1352 bis
549 1295 612 1349 ’7.
651 1314 670 1347 ι
733 1295 868 1362 Quae
922 1295 1143 1366 quidem
1180 1296 1343 1352 nobis
1375 1292 1709 1351 documento
1738 1303 1889 1362 sunt,
1950 1304 2010 1350 ut

434 1387 533 1458 qui
558 1385 842 1442 Christum
869 1385 980 1442 Deo
1009 1402 1069 1442 se
1106 1387 1438 1441 oblationem
1467 1395 1520 1441 et
1547 1386 1780 1440 hostiam
1827 1385 2012 1441 dedis-

436 1494 520 1545 se,
541 1487 596 1534 et
630 1478 837 1533 factum
870 1492 994 1534 esse
1018 1477 1232 1534 Pascha
1264 1477 1430 1544 videt,
1475 1477 1591 1547 ipse
1620 1491 1839 1548 quoque
1883 1491 2010 1530 cor-

437 1584 541 1638 pus
572 1584 733 1625 suum
768 1567 878 1624 Deo
907 1569 1142 1624 hostiam
1197 1568 1492 1633 viventem,
1547 1578 1817 1632 sanctam,
1873 1567 2011 1624 bene

436 1659 743 1731 placentem
807 1660 1086 1726 exhibeat,
1153 1659 1479 1716 rationabile
1544 1659 1868 1731 obsequium
1929 1659 2009 1714 l'a-

435 1759 562 1808 ctus
597 1751 676 1807 ‘°:
709 1751 1052 1808 sacriﬁcandi
1079 1758 1262 1806 autem
1297 1750 1496 1806 modus
1527 1760 1632 1816 est,
1672 1762 1730 1807 ut
1758 1767 1826 1807 nc
1874 1765 2010 1807 con-

437 1843 706 1898 formetur
737 1843 866 1898 huic
897 1845 1124 1908 saeculo,
1153 1843 1246 1899 sed
1274 1837 1704 1898 transformetur
1737 1841 1792 1898 in
1851 1858 2013 1898 renoo

435 1933 709 1987 vationem
745 1933 948 1988 mentis
965 1947 1104 1999 suae,
1129 1940 1191 1988 ut
1243 1931 1437 2003 probet
1486 1949 1607 2003 qua:
1637 1933 1710 1989 sit
1757 1933 2011 1990 voluntas

437 2021 531 2077 Dei
573 2022 742 2086 bona,
792 2029 847 2078 et
909 2023 1292 2094 bcneplacens,
1348 2031 1403 2079 ct
1443 2024 1682 2094 perfecta
1713 2024 1776 2079 ¹⁹.
1823 2022 2013 2096 Neque

433 2113 580 2168 enim
617 2113 674 2168 in
703 2128 892 2179 carne,
921 2115 1062 2169 bona
1095 2113 1186 2170 Dei
1251 2114 1508 2170 voluntas
1538 2115 1755 2171 ostendi
1810 2124 2009 2187 potest,

435 2205 543 2260 nisi
572 2222 636 2261 ex
669 2207 896 2277 spiritus
923 2206 1042 2276 lege
1076 2206 1387 2262 sacriﬁcata
1413 2208 1521 2264 sit:
1569 2209 2008 2279 quandoquidem

438 2295 728 2366 prudentia
758 2297 943 2352 carnis
975 2296 1200 2352 inimica
1229 2307 1313 2352 cst
1338 2293 1470 2362 Deo,
1501 2310 1554 2355 et
1583 2301 1685 2371 legi
1753 2300 1847 2355 Dci
1901 2316 2009 2355 non

434 2395 520 2443 cst
549 2388 799 2458 subjecta
822 2391 892 2442 ’⁸.
920 2387 1224 2455 Quocirca,
1257 2391 1362 2446 nisi
1394 2392 1550 2462 prius
1591 2407 1723 2446 caro
1783 2391 2013 2445 tnortiﬁ-

434 2479 578 2535 catis
605 2479 888 2544 membris,
914 2496 1044 2550 quae
1092 2490 1222 2537 sunt
1253 2497 1418 2553 super
1458 2491 1661 2538 terram
1685 2486 1754 2549 ²¹,
1809 2485 2010 2554 quibus

430 2570 795 2641 obseqnimur
825 2572 1114 2642 appetitui,
1151 2589 1247 2644 per
1272 2575 1506 2631 hostiam
1539 2576 1808 2632 viventem
1838 2577 2010 2632 sacri-

435 2661 654 2728 ﬁcetur,
695 2661 1063 2732 beneplacens
1091 2675 1145 2718 et
1170 2665 1412 2735 perfecta
1461 2665 1555 2720 Dei
1584 2666 1839 2721 voluntas
1886 2667 2008 2723 sine

432 2753 828 2823 impedimento
853 2769 971 2809 non
1005 2764 1186 2826 potest
1209 2755 1264 2811 in
1293 2758 1404 2811 vita
1439 2756 1777 2812 credentium
1823 2757 2011 2812 obser-

435 2844 577 2899 vari.
613 2841 705 2898 Sic
734 2843 902 2899 etiam
931 2844 1062 2899 dum
1098 2843 1357 2903 Christus
1398 2849 1453 2902 in
1491 2843 1718 2918 proprio
1741 2847 2010 2919 sanguine

433 2935 752 3008 propitiatio
784 2937 1191 3004 consideratur,
1221 2939 1539 3003 edocemur,
1593 2949 1653 2994 ut
1703 2955 1807 2996 nos
1873 2938 2006 2995 item

2080 507 2084 510 .
2109 465 2448 538 αρμοσθῆναι
2478 464 2636 537 ἡμῶν
2667 464 2765 535 τὴν
2795 463 3102 530 πολιτείαν,
3133 466 3208 536 μή
3246 482 3379 520 ποτε
3409 467 3511 538 τῆς
3543 467 3690 536 ζωῆς

2109 559 2561 630 παρατραπέντες
2595 558 2917 629 θελήματος,
2952 557 3116 612 πάλιν
3145 557 3280 628 πρὸς
3323 557 3416 613 τὸν
3454 559 3690 631 πονηρὸν

2108 651 2218 704 τῶν
2238 649 2430 722 ψυχῶν
2453 649 2611 721 ήμῶν
2629 649 2908 720 τύραννον,
2925 649 3016 704 τὸν
3041 649 3270 703 θάνατον
3291 648 3454 718 λέγω,
3473 650 3563 704 διὰ
3590 653 3689 721 τῆς

2110 741 2385 813 ἁμαρτίας
2416 739 2896 813 αὑτομολήσωμεν.
2930 741 2994 793 Ἠ
3025 740 3080 794 δὲ
3109 740 3248 812 αὑτὴ
3282 741 3491 796 διάνοια
3517 759 3689 810 προσ-

2109 833 2380 887 οικειὼσει
2413 835 2561 904 ἡμᾶς
2587 833 2666 904 τῷ
2693 832 2937 905 Χριστῷ,
2968 833 3072 888 κᾶν
3102 835 3295 905 Πάσχα
3331 835 3498 891 αὑτὸν
3521 831 3684 903 εἶναι,

2109 925 2214 980 κᾶν
2241 925 2520 997 ἀρχιερέα,
2550 925 2701 996 παρά
2728 925 2824 979 τοῦ
2855 924 3068 978 Παύλου
3113 925 3456 998 ἀκούσωμεν.
3491 927 3686 1000 Ἐτὺθη

2109 1019 2218 1088 γὰρ
2242 1018 2316 1082 ὡς
2339 1017 2555 1090 ἀληθῶς
2583 1018 2724 1089 ὑπὲρ
2752 1018 2909 1090 ήμῶν
2941 1019 3006 1072 τὸ
3051 1019 3242 1090 Πάσχα
3272 1018 3505 1091 Χριστός
3523 1036 3540 1053 ⁸
3570 1021 3686 1075 ἀλλ’

2108 1114 2137 1166 6
2169 1112 2369 1183 ἱερεὺς,
2412 1111 2704 1182 προσάγων
2734 1111 2814 1182 τῷ
2848 1111 2970 1183 Θεῷ
2996 1111 3098 1184 τὴν
3132 1112 3343 1177 θυσίαν,
3395 1114 3496 1168 οὐκ
3529 1115 3686 1180 ἄλλος

2108 1202 2193 1266 τίς
2223 1203 2339 1255 ἐστι
2392 1203 2525 1272 παρ’
2558 1201 2720 1256 αὑτὸν
2742 1201 2836 1256 τὸν
2875 1203 3128 1274 Χριστόν.
3169 1223 3187 1256 ι
3229 1205 3450 1260 Ἑαυτὸν
3480 1206 3620 1279 γὰρ,
3658 1225 3678 1259 ι

2110 1291 2264 1360 φησί,
2285 1309 2302 1342 ι
2323 1291 2587 1362 ἀνήνεγκε
2619 1291 2934 1362 προσφορὰν
2963 1292 3060 1345 καὶ
3085 1292 3276 1348 Θυσίαν
3305 1293 3444 1366 ὑπὲρ
3467 1295 3679 1365 ἡμῶν.)

2111 1379 2322 1435 Οὐκοῦν
2367 1381 2526 1435 τοῦτο
2572 1381 2662 1436 διά
2713 1381 2924 1437 τούτων
2970 1383 3348 1455 μανθάνομεν,
3406 1387 3488 1440 ὅτι
3548 1388 3684 1460 πρὸς

2111 1475 2316 1529 ἐκεῖνον
2337 1474 2571 1546 βλέπων,
2597 1474 2687 1530 τὸν
2711 1475 2902 1530 ἑαυτὸν
2922 1479 3341 1549 προσαγαγόντα
3370 1481 3686 1552 προσφορὰν

2112 1567 2204 1622 καὶ
2235 1566 2444 1634 θυσίαν,
2462 1567 2653 1638 Πάσχα
2671 1569 2980 1639 γενόμενον,
3000 1570 3095 1624 καὶ
3109 1569 3271 1634 αὐτὸς
3293 1570 3484 1624 ἑαυτὸν
3507 1587 3688 1643 mpu-

2114 1656 2303 1727 στήσει
2327 1655 2406 1728 τῷ
2441 1655 2563 1728 Θεῷ
2583 1655 2772 1710 θυσίαν
2805 1652 3008 1721 ζῶσαν,
3045 1657 3227 1727 ἁγίαν,
3254 1659 3566 1732 εὐάρεστον,
3595 1658 3684 1714 λο-

2111 1747 2244 1820 γικὴ
2273 1747 2499 1822 λατρεία
2526 1749 2814 1820 γενόμενος
2835 1763 2850 1780 ·
2880 1749 2910 1802 6
2932 1748 2989 1802 δὲ
3023 1750 3226 1822 τρόπος
3244 1752 3344 1823 τῆς
3377 1752 3687 1824 ἰερουργίας

2113 1840 2250 1904 ἐστὶ,
2276 1839 2337 1894 τὸ
2375 1839 2451 1911 μὴ
2490 1839 2992 1911 συσχηματίζεσθαι
3021 1840 3101 1913 τῷ
3145 1841 3299 1896 αἰῶνι
3335 1844 3529 1914 τούτῳ,
3551 1844 3689 1898 ἀλλά

2115 1930 2593 2002 μεταμορφοῦσθαι
2613 1932 2680 2004 τῇ
2728 1931 3093 1986 ἀνακαινώσει
3125 1933 3221 1987 τοῦ
3253 1934 3370 1999 νοὸς
3414 1936 3598 2002 αὐτοῦ,
3630 1939 3687 1990 ἐν

2111 2020 2190 2093 τῷ
2214 2020 2547 2091 δοκιμάζειν,
2578 2021 2632 2076 τί
2657 2021 2719 2076 τὸ
2748 2021 2960 2094 θέλημα
2978 2023 3072 2078 τοῦ
3100 2021 3235 2080 Θεοῦ
3260 2026 3322 2080 τὸ
3351 2027 3574 2096 ἀγαθὸν,
3593 2028 3687 2082 καὶ

2113 2115 2440 2185 εὐάρεστον,
2484 2114 2580 2168 καί⁵
2631 2100 2857 2170 τέλειον.
2905 2116 2981 2169 Οὐ
3039 2115 3150 2188 γὰρ
3195 2117 3311 2172 ἔστι
3358 2117 3538 2191 ζώσης
3585 2121 3687 2190 τῆς

2115 2205 2334 2278 σαρκὸς,
2353 2205 2447 2259 καὶ
2469 2204 2706 2277 μὴκατά
2729 2207 2820 2262 τὸν
2841 2209 3210 2280 πνευματικὸν
3237 2210 3688 2282 ίερουργηθείσης

2111 2298 2296 2369 νόμον,
2321 2296 2381 2350 τὸ
2427 2295 2631 2366 ἀγαθὸν
2656 2297 2751 2352 τοῦ
2784 2298 2920 2353 Θεοῦ
2964 2299 3177 2371 θέλημα
3212 2301 3272 2354 ὲν
3309 2300 3446 2372 αὐτῇ
3477 2300 3688 2373 δειχθῆ-

2110 2406 2199 2445 ναι
2221 2405 2235 2418 ⁸
2259 2388 2392 2443 διότι
2418 2388 2480 2442 τὸ
2530 2389 2782 2460 φρόνημα
2807 2390 2906 2461 τῆς
2951 2390 3174 2463 σαρκὸς,
3203 2390 3372 2463 ἔχθρα
3419 2392 3500 2455 εἰς
3531 2389 3685 2456 Θεὸν,

2110 2480 2206 2534 καὶ
2239 2479 2319 2550 τῷ
2365 2479 2515 2551 νόμῳ
2567 2479 2661 2534 τοῦ
2685 2479 2820 2534 Θεοῦ
2855 2481 2952 2552 οὐχ
2989 2481 3373 2538 ὑποτάσσεται.
3409 2482 3544 2536 οὐδὲ
3579 2483 3688 2554 γὰρ

2109 2571 2356 2635 δύναται,
2403 2571 2509 2634 ἕως
2555 2569 2622 2625 ἂν
2661 2569 2728 2642 ζῇ
2778 2572 2812 2642 ή
2866 2571 3024 2643 σὰρξ,
3051 2567 3120 2645 ἦς
3150 2572 3240 2627 διὰ
3291 2573 3390 2643 τῆς
3422 2570 3686 2638 ζωοποιοῦ

2112 2664 2304 2728 θυσίας
2334 2662 2802 2736 ἱερουργηθείσης,
2832 2661 2919 2716 διὰ
2937 2662 3034 2717 τοῦ
3071 2663 3342 2736 νεκρῶσαι
3364 2665 3432 2720 τὰ
3464 2665 3558 2718 ἐπὶ
3584 2667 3688 2736 γῆς

2115 2754 2274 2826 μέλη,
2294 2753 2363 2808 δι’
2407 2748 2482 2809 ὧν
2511 2754 2813 2824 ἐνεργεῖται
2850 2753 2920 2811 τὰ
2965 2754 3111 2826 πάθη
3133 2793 3148 2818 ,
3179 2755 3584 2827 ἀνεμποδίστως
3625 2759 3688 2811 τὸ

2112 2844 2406 2919 εὐάρεστον
2435 2846 2531 2901 καὶ
2561 2845 2766 2902 τέλειον
2815 2845 3025 2917 θέλημα
3069 2845 3163 2900 τοῦ
3211 2847 3347 2902 Θεοῦ
3381 2850 3438 2903 ἐν
3476 2853 3543 2921 τῇ
3574 2850 3686 2925 ζωῇ

2114 2938 2263 3010 αὐτῷ
2316 2937 2760 2992 πεπιστευκότων
2803 2936 3302 3010 κατορθωθήσεται.
3345 2939 3535 3006 Οὕτως
3591 2942 3687 2995 καί

434 3027 600 3084 nobis
625 3027 760 3098 ipsis
790 3028 1107 3098 propitiatio
1154 3031 1350 3098 simus,
1389 3039 1448 3086 et
1498 3031 1742 3087 membra
1776 3031 2011 3087 mortiﬁ-

2117 3030 2428 3100 ἱλαστήριον
2467 3029 2528 3082 ὲν
2553 3026 2633 3100 τῷ
2663 3026 2780 3098 ἰδίῳ
2833 3027 3027 3100 αἵματι
3059 3030 3088 3082 6
3114 3029 3348 3101 Χριστὸς
3380 3031 3686 3104 νοούμενος,

432 3131 626 3178 cantes
656 3121 870 3176 animos
883 3120 1180 3178 reddamus
1197 3120 1559 3176 immortales.
1581 3118 1809 3189 Quando
1826 3130 2009 3178 autem

2114 3117 2352 3174 διδάσκει
2380 3116 2474 3172 τὸν
2513 3115 2690 3172 ταῦτα
2735 3117 3023 3189 νοήσαντα,
3063 3118 3228 3173 αὐτὸν
3275 3119 3505 3175 ἕκαστον
3538 3122 3690 3190 γενει-

431 3213 627 3284 gloria:
661 3212 921 3284 splendor
946 3220 1002 3268 et
1031 3212 1203 3284 ﬁgura
1233 3213 1557 3268 substantia:
1580 3213 1835 3269 Christus
1876 3211 2014 3269 dici-

430 3312 529 3357 tur
558 3305 628 3368 ”,
688 3303 772 3357 his
837 3303 1022 3358 verbis
1088 3303 1426 3358 adorandant
1488 3303 1608 3374 ejus
1672 3304 2012 3374 maiestatem

432 3401 621 3449 mente
684 3394 1050 3463 concipimus.
1113 3392 1325 3448 Paulus.
1356 3393 1503 3449 enim
1563 3393 1751 3448 divino
1803 3393 2012 3466 Spiritu

431 3482 680 3540 afﬂatus.
722 3494 779 3538 et
835 3500 962 3539 vere
990 3484 1190 3540 doctus
1222 3499 1253 3537 a
1283 3477 1416 3549 Deo,
1459 3481 1554 3554 qui
1613 3479 1668 3539 in
1725 3484 2015 3542 altitudine

430 3575 755 3632 divitiarum
776 3583 834 3631 et
863 3576 1147 3648 sapientiae
1191 3585 1246 3631 et
1281 3575 1525 3632 scientia:
1573 3573 1670 3631 Del
1706 3572 2014 3632 divinorum

432 3667 828 3739 mysteriorum
859 3681 1062 3722 arcana
1099 3675 1153 3722 et
1202 3667 1488 3723 recondita
1550 3673 1831 3722 scrutatus
1883 3667 2016 3722 t'ne—

434 3772 527 3816 rat
556 3763 624 3828 υ,
665 3777 790 3819 cum
821 3763 892 3818 ad
921 3763 1188 3820 divinitus
1221 3762 1328 3820 sibi
1383 3769 1636 3818 ostensos
1693 3759 2015 3832 splendores

438 3869 627 3908 earum
659 3870 843 3909 rerum
866 3870 990 3926 qua:
1010 3854 1255 3926 indagari
1279 3853 1712 3924 investigarique
1733 3859 2017 3923 nequeunt

437 3945 802 4002 declarandos
863 3947 1052 4018 lingua
1116 3947 1443 4002 imbecillior
1503 3953 1672 4011 esset,
1744 3954 2016 4016 quatenus

439 4049 601 4090 sua
632 4034 808 4105 ipsius
840 4033 895 4090 in
922 4035 1182 4106 mysterio
1207 4035 1626 4107 intelligentiam
1659 4049 1823 4090 aures
1869 4037 2018 4091 exci-

441 4126 718 4196 pientium
793 4135 1076 4197 caperent,
1129 4125 1624 4199 signiﬁcationibus
1685 4120 2015 4197 quibusdam

439 4218 839 4287 subindicavit,
885 4226 1098 4275 tantum
1143 4219 1400 4276 videlicet
1448 4219 1700 4290 loquens,
1751 4227 2016 4288 quantum

432 4307 763 4378 cogitationi
843 4309 1097 4364 serviens
1172 4310 1350 4365 oratio
1419 4316 1634 4380 poterat
1720 4309 2012 4378 explicare.

2116 3209 2240 3264 σθαι
2278 3207 2456 3280 ἑαυτῷ
2486 3207 2814 3281 ίλαστήριον,
2865 3207 2954 3262 διὰ
2989 3207 3090 3280 τῆς
3124 3207 3234 3264 τῶν
3268 3211 3444 3281 μελῶν
3481 3212 3689 3284 νεκρὼ-

2116 3315 2254 3365 σεως
2281 3297 2377 3370 τὴν
2405 3297 2580 3370 ψυχὴν
2607 3297 2992 3367 ἀφαγνίζοντα.
3025 3297 3194 3354 Ὅταν
3233 3299 3290 3353 δὲ
3327 3299 3483 3373 δόξης
3510 3302 3689 3356 ἀπαύ-

2115 3406 2306 3460 γασμα
2332 3431 2348 3455 ,
2408 3389 2505 3442 καὶ
2555 3390 2847 3464 χαρακτὴρ
2897 3389 3250 3456 ὑποστάσεως
3283 3393 3312 3447 6
3339 3392 3571 3466 Χριστὸς
3603 3393 3691 3452 λέν

2114 3499 2278 3553 γηται
2303 3481 2404 3552 τῆς
2433 3483 2915 3555 προσκυνουμένης
2951 3481 3117 3537 αὑτοῦ
3171 3471 3559 3558 μεγαλωσύνής
3603 3485 3691 3540 διὰ

2113 3570 2226 3627 τῶν
2263 3574 2522 3644 ῥημάτων
2550 3572 2755 3628 τούτων
2781 3575 2880 3638 τὰς
2900 3570 3112 3639 ἑννοίας
3129 3575 3601 3647 ἀναλαμϐάνομεν.
3632 3576 3690 3630 '0

2115 3667 2224 3740 γὰρ
2244 3667 2596 3731 θεόπνευστος
2618 3668 2690 3733 ὡς
2724 3667 2940 3738 ἀληθῶς
2971 3669 3068 3723 καὶ
3095 3666 3427 3735 θεοδίδακτος
3456 3669 3689 3736 Παῦλος,

2115 3761 2146 3811 6
2176 3759 2233 3811 ὲν
2263 3759 2342 3829 τῷ
2370 3757 2526 3830 βάθει
2549 3757 2646 3812 τοῦ
2678 3758 2906 3813 πλούτου
2945 3761 3042 3832 τῆς
3077 3760 3266 3829 σοφίας
3302 3757 3396 3814 καὶ
3429 3761 3530 3832 τῆς
3559 3761 3692 3831 γνώ-

2118 3867 2258 3914 σεως
2287 3850 2379 3903 τοῦ
2405 3849 2564 3916 Θεοῦ,
2593 3850 2664 3904 τὰ
2718 3849 2891 3923 ἄδηλα
2923 3853 3019 3906 καὶ
3044 3851 3114 3906 τὰ
3145 3850 3352 3922 κρύφια
3389 3852 3498 3906 τῶν
3530 3852 3690 3907 θείων

2121 3941 2434 4014 μυστηρίων
2464 3939 2906 4014 διερευνώμενος,
2943 3941 3043 4007 τὰς
3075 3943 3362 4015 γινομένας
3392 3943 3538 4015 αὐτῷ
3571 3944 3689 3999 0εὲ-

2118 4035 2210 4090 θεν
2249 4034 2544 4106 ὲλλάμψεις
2576 4036 2707 4106 περὶ
2750 4035 2851 4106 τῆς
2895 4033 3005 4089 τῶν
3046 4035 3475 4108 ἀνεξερευνήτων
3503 4051 3564 4090 τε
3595 4036 3690 4091 καὶ

2118 4126 2539 4198 ἀνεξιχνιάστων
2569 4127 2985 4198 κατανοήσεως,
3019 4127 3358 4201 ἀτονωτέραν
3407 4129 3545 4202 ἔχων
3592 4131 3690 4204 τῆς

2116 4216 2355 4280 διανοίας
2384 4215 2482 4287 τὴν
2510 4215 2777 4285 γλῶτταν,
2817 4215 3004 4280 καθὼς
3026 4213 3274 4290 ὲχὼρειή
3307 4217 3443 4290 ἀκοὴ
3474 4218 3582 4274 τῶν
3603 4219 3690 4278 δε-

2120 4309 2364 4379 χομένων
2395 4304 2494 4379 τὴν
2525 4307 2741 4362 σύνεσιν
2772 4303 3071 4381 αὑτοῦ,τὴν
3090 4310 3150 4365 ἐν
3182 4305 3264 4381 τῷ
3295 4311 3596 4383 μυστηρίῳ,
3622 4311 3689 4365 δι’

440 4397 579 4453 Nam
618 4414 745 4453 cum
785 4399 982 4454 onmia
1028 4413 1152 4471 qua:
1200 4401 1256 4455 in
1305 4409 1556 4455 naturam
1607 4414 1664 4456 et
1717 4400 2012 4471 potentiam

2121 4398 2460 4470 αἰνιγμάτων
2487 4397 2651 4453 τινῶν
2672 4398 2952 4465 ὑπέδειξεν
2968 4417 2981 4430 ·
3005 4397 3130 4454 ὅσον
3151 4401 3444 4473 ὑπουργεῖν
3467 4404 3530 4473 τῇ
3574 4401 3689 4456 δια-

432 4489 738 4545 thumanam
783 4491 1000 4546 cadunt
1034 4490 1102 4547 de
1148 4499 1343 4547 natura
1393 4490 1577 4545 divina
1643 4492 2016 4562 cognovisset,

434 4593 713 4648 supremas
770 4578 922 4636 illius
970 4581 1223 4637 essenti'ae
1297 4581 1568 4637 rationem
1609 4582 1776 4639 nullis
1823 4583 2019 4638 huma-

435 4669 531 4724 nis
587 4668 1020 4739 cogitationibus
1077 4671 1200 4742 capi
1273 4673 1772 4744 comprehendique
1856 4688 2019 4744 posse

435 4759 803 4818 demonstrat.

509 4942 760 5014 itemque
783 4959 910 5000 cum
945 4960 1011 5002 ea
1039 4961 1162 5017 qua:
1187 4946 1256 5003 de
1281 4947 1402 5020 ipsa
1439 4948 1882 5015 considerantur,
1913 4964 2016 5021 pa-

439 5047 566 5090 cem
597 5033 885 5100 nimirum,
913 5037 1191 5100 virtutem,
1217 5046 1273 5093 et
1310 5038 1502 5105 vitam,
1551 5047 1606 5095 et
1633 5038 1927 5109 justitiam,
1963 5052 2017 5097 et

441 5126 648 5191 lucem,
703 5134 758 5181 et
799 5129 1112 5195 veritatem,
1153 5141 1209 5185 et
1239 5130 1292 5185 id
1324 5145 1498 5201 genus
1556 5131 1662 5186 alia
1718 5147 2016 5202 perseque-

445 5224 625 5281 retur,
659 5219 933 5275 rationem
964 5221 1140 5292 ipsius
1195 5222 1424 5280 omnino
1459 5237 1621 5294 posse
1649 5223 1868 5294 concipi
1920 5240 2020 5280 nc-

441 5308 628 5377 .gavit:
663 5306 836 5365 Deum
870 5312 1020 5366 enim
1046 5329 1151 5369 nec
1185 5313 1361 5368 visum
1397 5328 1637 5386 unquam
1689 5311 1888 5380 fuisse,
1918 5329 2022 5370 nec

449 5399 627 5454 visum
662 5397 752 5456 iri.
813 5419 832 5453 ι
867 5401 1042 5468 Quem
1096 5403 1281 5461 nullus
1333 5423 1354 5456 ι
1419 5405 1621 5476 inquit,
1678 5425 1697 5458 ι
1731 5406 2040 5462 hominum.

532 5601 577 5677 ξ’
608 5600 626 5655 l
655 5602 783 5658 Cor.
820 5604 959 5677 v,_7.
1033 5604 1297 5677 A'ﬂllcbr.
1325 5619 1424 5667 vn,
1447 5607 1511 5677 tl
1551 5622 1673 5677 sqq.

447 5672 494 5705 ²⁰
523 5668 681 5728 Rom.
719 5689 838 5743 vtu,
870 5675 923 5730 6.
999 5674 1044 5708 “
1077 5674 1288 5731 Coloss.
1325 5691 1411 5743 ιιι,
1441 5676 1492 5733 5.

1773 5609 1816 5641 ¹⁷
1852 5609 1870 5662 Ι
1900 5607 2149 5680 Timoth._
2178 5625 2236 5680 lli,
2272 5608 2348 5678 6;
2381 5604 2580 5680 Ephes.
2611 5629 2664 5680 ν,
2695 5613 2752 5670 ‘2.

1570 5678 1801 5737 “Hebr.
1836 5699 1873 5749 ι,
1908 5681 1962 5735 3.
2040 5678 2152 5735 "ll
2185 5679 2313 5734 Cor.
2356 5678 2454 5747 sit,
2498 5682 2549 5736 4-

2121 4489 2239 4563 νοίᾳ
2270 4489 2513 4553 δυνατῶς
2562 4481 2708 4561 εἶχεν
2749 4490 2777 4543 6
2816 4489 2992 4559 λόγος,
3020 4489 3274 4546 τοσοῦτον
3301 4491 3687 4564 φθεγγόμενος.

2121 4582 2308 4635 Πάντα
2328 4581 2436 4653 γὰρ
2480 4583 2580 4635 ὅσα
2617 4584 2787 4652 χωρεῖ
2828 4584 2862 4654 ἡ
2887 4581 3200 4656 ἀνθρωπίνη
3239 4583 3486 4656 δύναμις,
3518 4596 3690 4640 κατα-

2121 4671 2342 4743 νοήσας,
2380 4670 2668 4740 ἀνέφικτόν
2703 4688 2764 4726 τε
2803 4673 2894 4726 καὶ
2939 4673 3303 4746 ἀνεπίληπτον
3335 4674 3693 4747 ἀνθρωπίνοις

2121 4762 2402 4834 λογισμοῖς
2437 4763 2528 4817 τὸν
2553 4762 2654 4834 τῆς
2683 4764 3083 4836 ὑπερκειμένης
3113 4763 3296 4831 οὐσίας
3326 4768 3692 4840 προσφέρεται

2120 4852 2295 4922 λόγον,
3215 4913 3222 4920 .
3729 4876 3732 4922 i

2139 4992 2152 5006 .
2192 4945 2282 5009 Διὸ
2327 4947 2396 5002 τὰ
2438 4948 2567 5020 περὶ
2599 4947 2776 5002 αὐτῶν
2822 4948 3170 5020 θεωρούμενα
3205 4951 3396 5020 λέγων,
3447 4952 3689 5022 εἰρήνην,

2123 5041 2218 5093 καὶ
2253 5037 2498 5110 δύναμιν,
2529 5039 2623 5093 καὶ
2650 5039 2814 5110 ζωήν,
2868 5042 2962 5094 καὶ
3007 5040 3368 5113 δικαιοσύνην,
3414 5041 3507 5095 καὶ
3551 5042 3690 5112 φῶς,

2123 5132 2219 5185 καὶ
2255 5128 2534 5201 ἀλήθειαν,
2562 5130 2655 5184 καὶ
2687 5130 2757 5185 τὰ
2780 5131 3033 5186 τοιαῦτα·
3061 5133 3152 5186 τὸν
3182 5131 3310 5204 περὶ
3342 5131 3512 5203 αὐτῆς
3549 5133 3693 5192 ὲκεί-

2120 5242 2219 5296 νης
2245 5224 2422 5293 λόγον,
2458 5223 2700 5292 ἄληπτον
2729 5219 2867 5278 εἶναι
2898 5224 3174 5290 παντελῶς
3194 5225 3496 5298 διωρίσατο,
3523 5224 3694 5280 είπὼν

2119 5316 2262 5385 μήτε
2308 5313 2584 5386 ὲωρᾶσθαί
2629 5333 2760 5370 ποτε
2812 5317 2905 5370 τὸν
2947 5317 3100 5378 Θεὸν,
3156 5322 3291 5392 μήτε
3339 5317 3688 5390 ὀφθήσεσθαι.

2126 5425 2148 5458 ι
2196 5408 2291 5460 Ὃν
2319 5401 2446 5474 εἶδε,
2489 5425 2506 5460 ι
2538 5407 2666 5480 γὰρ,
2709 5408 2894 5479 φησὶν;
2930 5429 2949 5459 ‹
2990 5407 3184 5477 οὐδεὶς,
3227 5408 3348 5464 οὐδὲ
3379 5407 3502 5464 ἰδεῖν
3534 5407 3707 5500 δύνει-δ

2857 5613 2899 5647 ³⁸
2929 5611 3089 5670 Rom.
3115 5628 3212 5682 xu,
3241 5613 3291 5668 Ι.
3396 5609 3438 5643 ¹⁹
3466 5610 3597 5669 ibid.
3629 5608 3706 5692 3.;
