4096 6354
390 305 498 360 265

1402 295 1488 351 DE
1529 291 1891 351 PEBFECTA
1937 287 2330 346 CHRISTIANI
2381 287 2636 344 FORMA.

3535 292 3644 349 9.66

389 432 499 474 ται.
548 437 567 468 ι
602 416 700 470 Διά
729 410 886 469 τοῦτο
914 411 1111 486 ζητῶν,
1148 414 1264 478 πῶς
1296 413 1551 485 ὁνομάσει
1593 411 1652 465 τὸ
1687 410 1761 482 μὴ
1806 410 1954 464 δυνά-

2069 406 2226 470 vidit,
2276 420 2379 461 nec
2421 415 2599 475 potest
2634 405 2821 462 videre
2854 406 2921 462 ’³.
2970 405 3182 463 Idcirco
3205 422 3457 477 quwrens
3503 427 3640 481 quo-

395 525 557 579 μενον
587 508 868 577 λογισμοῖς
887 506 1193 577 .ληφθῆναι,
1216 506 1293 570 ὼς
1325 505 1423 575 οὐχ
1451 498 1606 574 εὗρεν
1636 500 1967 572 ἐμφαντικὸν

386 600 558 668 ὄνομα
604 596 704 665 τῆς
742 595 851 647 τῶν
884 595 1282 665 ἀκαταλήπτων
1329 590 1644 663 ἑρμηνείας,
1679 588 1835 656 δόξαν
1871 589 1966 641 καὶ

388 689 684 741 ὑπόστασιν
732 685 983 756 ὠνόμασε
1032 686 1093 738 τὸ
1144 682 1536 755 ὑπερκείμενον
1595 680 1794 743 παντὸς
1831 682 1968 747 ἀγα-

386 779 502 847 Θοῦ,
551 780 611 833 τὺ
664 778 801 849 μήτε
843 776 1131 846 νοούμενον
1182 775 1368 840 ἀξίως,
1422 775 1557 844 μήτε
1604 770 1960 842 φραζόμενον.

386 873 499 944 Τὴν
522 873 620 942 μὲν
647 866 740 923 οὖν
775 866 1178 941 ὑπερκειμένην
1206 866 1312 918 τῶν
1345 866 1514 919 όντων
1545 863 1731 916 οὐσίαν
1756 863 1965 931 ἀφῆκεν

388 964 823 1031 ἀκατονόμαστον
855 960 955 1013 ’τὸ
1001 960 1057 1012 δὲ
1113 958 1345 1025 συναφές
1390 972 1451 1009 τε
1491 957 1585 1009 καὶ
1643 955 1963 1009 ἀδιάστατον

384 1054 478 1107 τοῦ
516 1054 646 1107 Υἱοῦ
678 1054 812 1124 πρὸς
857 1052 947 1104 τὸν
981 1051 1201 1120 Πατέρα
1229 1049 1621 1120 διερμηνεύων,
1668 1048 1763 1100 καὶ
1794 1046 1856 1099 τὸ
1885 1046 1961 1117 τῷ

383 1146 619 1217 ἀορίστῳ
649 1161 706 1197 τε
739 1144 832 1197 καὶ
865 1142 1022 1212 ἀϊδίῳ
1059 1142 1232 1212 Harp“:
1261 1142 1526 1213 ἀορίστως
1554 1158 1614 1193 τε
1657 1140 1749 1193 καὶ
1778 1139 1962 1201 ἀϊδίως

386 1237 875 1306 συνθεωρούμενον,
928 1232 1266 1302 ἀπαύγασμα
1296 1231 1453 1302 δόξης
1497 1234 1590 1284 καὶ
1637 1229 1960 1301 χαρακτῆρα

384 1328 734 1390 ὑποστάσεως
781 1324 1211 1396 προσαγορεύει·
1262 1323 1340 1394 τῷ
1398 1325 1493 1395 μὲν
1542 1324 1956 1392 ἀπαυγάσματι.

382 1421 442 1473 τὸ
496 1419 741 1489 συμφυὲς
792 1416 1231 1486 ἐνδεικνύμενος·
1286 1414 1364 1485 τῷ
1411 1416 1466 1468 δὲ
1523 1415 1853 1485 χαρακτῆρι,
1900 1413 1961 1466 τὸ

385 1509 706 1562 ἰσοστάσιον.
737 1508 870 1561 Οὔτε
902 1507 1011 1577 γὰρ
1036 1507 1202 1576 αὐτῆς
1247 1508 1382 1575 πρὸς
1407 1509 1504 1574 τὴν
1536 1502 1959 1571 ἀπαυγάζουσαν

383 1600 540 1666 φύσιν
574 1599 865 1651 ἐπινοεῖται
901 1601 956 1651 τι
994 1597 1155 1667 μέσον
1178 1640 1191 1663 ,
1225 1595 1348 1649 οὔτε
1375 1613 1459 1659 τις
1487 1594 1581 1649 τοῦ
1614 1595 1958 1667 χαρακτῆρος

382 1689 676 1753 ἐλάττωσις
710 1690 846 1760 πρὸς
902 1690 1000 1760 τὴν
1051 1690 1139 1742 ὑπ’
1194 1689 1357 1742 αὐτοῦ
1416 1688 1956 1759 χαρακτηριζομένην

2068 497 2231 552 modo
2257 513 2418 568 quem
2466 498 2729 569 cogitatio
2788 514 2898 554 non
2954 500 3269 571 assequitur
3307 503 3639 567 nominaret.

2066 589 2199 657 quia
2229 600 2336 643 non
2373 589 2583 644 invenit
2606 605 2803 647 nomen
2838 601 2946 659 quo
2974 589 3096 661 ejus
3127 592 3507 648 excellentiam
3539 610 3639 650 ex-

2067 681 2352 749 primerct,
2418 680 2650 751 gloriam
2706 692 2761 736 et
2810 680 3175 738 substantiam
3231 686 3522 754 appellavit
3586 684 3638 741 id

2066 772 2211 842 quod
2247 774 2503 828 omnibus
2532 772 2779 842 partibus
2814 781 3035 845 superat
3060 791 3221 830 omne
3250 775 3474 841 bonum,
3494 777 3639 846 quod

2068 876 2247 932 neque
2275 864 2450 919 oculis
2483 865 2656 927 cerni,
2685 880 2784 919 nec
2820 874 3000 920 mente
3033 868 3262 937 percipi,
3324 884 3425 923 nec
3457 868 3641 925 verbis

2066 954 2334 1024 explicari
2366 965 2567 1024 potest,
2607 965 2771 1024 atque
2813 956 2886 1009 ita
2940 960 3455 1027 pra'stantissimam
3491 960 3638 1015 illam

2066 1059 2247 1099 rerum
2271 1046 2633 1101 substantiam
2673 1049 2791 1102 sine
2831 1050 3053 1104 nomine
3086 1051 3397 1119 practerivit.
3433 1048 3638 1106 Arctis-

2064 1137 2257 1190 simam
2286 1144 2465 1191 autem
2499 1139 2982 1204 necessitudinem,
3003 1157 3108 1210 qua
3135 1158 3257 1195 cum
3292 1140 3452 1198 Patre
3474 1140 3639 1199 nullis

2065 1229 2314 1284 terminis
2364 1228 2780 1300 circumscripto
2816 1241 2870 1285 et
2923 1233 3256 1302 sempiterno
3306 1232 3476 1290 Filius
3523 1236 3639 1305 ipse

2064 1320 2185 1375 sine
2249 1318 2497 1375 terminis
2542 1334 2801 1391 perpetuo
2860 1322 3191 1392 conjunctus
3235 1326 3636 1390 consideratur,

2063 1409 2407 1481 splendorem
2441 1411 2628 1482 gloriae
2658 1424 2708 1466 et
2747 1414 2975 1482 ﬁguram
3015 1416 3338 1470 substantia:
3372 1416 3635 1487 appellat;

2062 1501 2356 1572 splendore
2414 1505 2719 1556 naturalem
2774 1505 3025 1559 unionem
3087 1508 3420 1570 ostendens,
3470 1510 3638 1577 ligura

2062 1602 2241 1648 autem
2294 1595 2548 1649 iudlcans
2590 1598 2977 1667 aequalitatem.
3012 1597 3220 1652 Etenim
3267 1616 3444 1668 neque
3497 1600 3640 1652 inter

2061 1682 2404 1753 splendorem
2437 1694 2491 1740 et
2527 1687 2900 1754 Splendentcm
2932 1696 3183 1743 naturam
3216 1682 3451 1745 medium
3479 1690 3640 1746 intel-

382 1780 697 1834 ὒπόστασιν.
768 1782 926 1835 Ἀ).λά
974 1782 1067 1835 καὶ
1106 1784 1135 1834 6
1181 1782 1279 1850 τὴν
1322 1780 1744 1847 ἀπαυγάζουσαν
1797 1776 1954 1847 φύσιν

2061 1776 2269 1846 ligitur,
2313 1792 2412 1832 nec
2443 1777 2615 1847 ﬁgura
2665 1779 2844 1831 minor
2884 1780 2975 1833 il-la
3013 1781 3342 1846 substantia,
3370 1798 3490 1850 qua:
3534 1783 3638 1838 sub

379 1870 611 1939 νοήσας,
660 1872 752 1924 καὶ
794 1872 855 1924 τὸ
901 1872 1238 1941 ἀπαύγασμα
1285 1870 1488 1940 ταύτης
1552 1872 1767 1934 πάντως
1823 1885 1955 1924 κατ-

380 1961 587 2029 ενόησε.
634 1962 743 2014 Καὶ
786 1964 813 2014 6
854 1962 912 2014 τὸ
958 1961 1184 2032 μέγεθος
1233 1963 1329 2030 τῆς
1383 1962 1732 2024 ὑποστάσεως
1771 1962 1829 2014 ὲν
1880 1959 1957 2031 νῷ

380 2049 580 2115 λαϐὼν,
602 2048 679 2120 τῷ
700 2052 1097 2120 ὲπιιραινομένῳ
1123 2049 1430 2121 χαρακτῆρι
1458 2051 1672 2113 πάντως
1695 2052 1960 2121 ὲμμετρεῖ

379 2143 479 2212 τὴν
532 2141 846 2194 ὑπόστασιν.
884 2143 973 2195 Διὸ
1006 2144 1098 2195 καὶ
1148 2141 1360 2213 μορφὴν
1392 2142 1481 2194 τοῦ
1518 2139 1653 2195 Θεοῦ
1685 2143 1831 2211 λέγει
1865 2142 1956 2196 τὸν

381 2233 603 2302 Κύριον,
633 2235 692 2285 ού
722 2232 1175 2303 κατασμικρύνων
1207 2237 1271 2304 τῇ
1300 2234 1397 2303 τῆς
1430 2234 1642 2305 μορφῆς
1668 2233 1845 2305 ἐννοίᾳ
1864 2234 1955 2288 τὸν

380 2322 604 2392 Κύριον,
634 2322 767 2376 ἀλλα
796 2323 853 2376 τὸ
886 2322 1115 2393 μέγεοος
1153 2321 1245 2375 τοῦ
1296 2324 1425 2378 Υἱοῦ
1471 2323 1558 2378 διά
1599 2325 1698 2395 τῆς
1742 2324 1957 2396 μορφῆς

379 2415 821 2485 ἐνδεικνύμενος,
938 2414 1281 2486 ἐνθεωρεῖται
1329 2416 1421 2468 τοῦ
1468 2415 1676 2487 Πατρός
1715 2417 1746 2486 ἡ
1789 2431 1957 2486 μεγα-

377 2504 610 2576 λειότης,
656 2502 889 2577 οὐδαμοῦ
933 2508 1032 2576 τῆς
1077 2508 1211 2569 ἰδίας
1264 2506 1475 2578 μορφῆς
1523 2506 1954 2578 ὑπερπίπτουσα,

377 2596 498 2650 οὐδὲ
534 2596 637 2661 ἔξω
666 2596 760 2649 τοῦ
808 2597 934 2666 περὶ
964 2597 1131 2666 αὐτὴν
1178 2598 1521 2666 χαρακτῆρος
1572 2596 1953 2668 εύρισκομένη.

382 2687 661 2759 Ἀμορφον
693 2690 802 2759 γάρ
851 2691 943 2741 καλ⁸
974 2689 1203 2752 ἀκαλλὲς
1238 2691 1366 2759 περὶ
1403 2688 1493 2741 τὸν
1534 2689 1748 2760 Πατέρα
1782 2689 1953 2754 οὐδὲν,

376 2780 405 2831 ὃ
435 2781 509 2850 μὴ
547 2782 611 2850 τῇ
643 2780 934 2851 ὼραιότητι
966 2780 1059 2832 τοῦ
1096 2780 1431 2848 Μονογενοῦς
1472 2780 1855 2849 ἐπαγάλλεται·
1876 2780 1955 2833 διό

378 2889 542 2942 φησιν
572 2874 600 2925 6
629 2872 829 2943 Κύριος
851 2911 864 2933 ,
900 2874 979 2925 ὄτι
1017 2891 1034 2923 ι
1074 2872 1134 2926 ’0
1164 2871 1424 2941 ἑωρακὼς
1453 2873 1573 2942 ἐμὲ,
1609 2873 1818 2943 ἑώρακε
1861 2872 1955 2925 καὶ

378 2962 471 3014 τὸν
508 2962 759 3035 Πατέρα,
792 2982 810 3013 ι
847 2961 1125 3032 σημαίνων
1157 2961 1242 3014 διὰ
1277 2962 1487 3025 τούτου,
1541 2964 1676 3032 μήτε
1724 2961 1956 3031 ἔλλειψιν

377 3068 495 3106 τινα
551 3049 723 3117 εῖναι,
777 3057 915 3125 μήτε
971 3054 1339 3123 ὑπέρπτωσιν.
1415 3053 1573 3107 Ἀλλὰ
1619 3055 1714 3107 καὶ
1769 3054 1952 3124 φέρειν

2060 1867 2176 1938 ipsa
2210 1870 2483 1938 signatur.
2527 1869 2633 1923 Sed
2663 1869 2755 1939 qui
2796 1880 3046 1925 naturam
3075 1873 3451 1943 Splendentem
3484 1880 3665 1945 cogi-g

2060 1968 2160 2024 tat,
2193 1960 2355 2013 simul
2392 1960 2555 2013 etiam
2601 1962 2829 2014 omnino
2880 1963 3224 2032 splendorem
3258 1964 3529 2035 intelligit.
3574 1962 3638 2019 Et

2059 2051 2149 2118 qui
2185 2051 2506 2105 substantix
2538 2053 2970 2122 magnitudinem
3013 2055 3199 2109 animo
3231 2057 3491 2126 concipit,
3516 2072 3635 2111 cam

2059 2142 2242 2210 ﬁgurae
2279 2142 2331 2194 in
2361 2143 2476 2212 ipsa
2504 2145 2815 2213 conspicuae
2876 2161 3100 2214 prorsus
3147 2145 3427 2201 dimctitur
3456 2161 3638 2217 aequa-

2058 2232 2185 2287 lem.
2218 2232 2337 2299 Qua
2365 2235 2431 2287 de
2462 2249 2629 2289 causa
2662 2246 2713 2289 et
2748 2235 2975 2288 formam
3010 2237 3099 2291 Dei
3136 2234 3427 2292 Dominum
3456 2250 3634 2301 vocat,

2061 2321 2251 2378 forma:
2281 2325 2507 2379 notione
2539 2341 2644 2379 non
2676 2327 3011 2381 imminuens
3043 2327 3356 2392 Dominum,
3393 2330 3488 2385 sed
3542 2348 3637 2400 per

2060 2414 2294 2468 formam
2332 2417 2633 2473 ostendens
2661 2419 3094 2486 magnitudinem
3127 2419 3273 2488 Filii,
3313 2439 3422 2490 qua
3475 2424 3639 2480 intel-

2061 2505 2253 2573 ligitur
2308 2505 2491 2561 Patris
2519 2508 2844 2574 amplitudo,
2904 2525 3024 2578 quae
3078 2511 3353 2582 propriam
3404 2508 3635 2570 fortnam

2059 2609 2169 2647 non
2202 2594 2440 2658 excedit,
2476 2610 2655 2663 neque
2693 2605 2845 2649 extra
2889 2597 3155 2667 ﬁguram,
3210 2614 3336 2669 qua:
3364 2602 3511 2655 circa
3558 2605 3639 2674 ip-

2059 2700 2177 2737 sam
2202 2692 2307 2746 est,
2345 2686 2641 2739 invenitur.
2678 2684 2822 2738 Nihil
2868 2688 3012 2740 enim
3047 2688 3306 2755 informe,
3345 2689 3483 2746 nihil
3526 2710 3637 2747 non

2060 2774 2348 2841 pulchrum
2383 2775 2436 2829 in
2466 2768 2651 2837 Patre,
2705 2775 2860 2838 nihil,
2902 2777 3046 2845 quod
3080 2794 3188 2832 non
3219 2779 3500 2849 Unigeniti
3537 2782 3639 2837 de-

2061 2865 2233 2919 claret
2265 2866 2974 2935 pulcliritudinem.Quare,
3017 2888 3033 2919 ε
3060 2868 3161 2933 Qui
3195 2870 3329 2925 vidit
3362 2888 3469 2940 me,
3503 2892 3524 2925 ο
3555 2872 3637 2928 in-

2058 2958 2176 3025 quit
2226 2956 2526 3020 Dominus,
2575 2976 2593 3008 ι
2634 2957 2759 3010 vidit
2808 2957 3116 3024 Patrem",
3158 2979 3177 3012 ι
3236 2977 3301 3015 ex
3356 2962 3442 3017 his
3498 2962 3635 3018 nihil

2059 3048 2276 3112 deesse,
2308 3049 2447 3101 nihil
2478 3060 2765 3118 snpercsse
2799 3050 3137 3120 signiﬁcans.
3173 3050 3486 3118 Quinetiam
3507 3072 3634 3110 cum

379 3143 540 3197 αὐτὸν
593 3143 767 3213 λέγων
797 3145 865 3197 τά
911 3145 1089 3198 πάντα
1126 3142 1203 3215 τῷ
1256 3146 1353 3213 τῆς
1399 3144 1678 3214 δυνάμεως
1725 3147 1950 3215 ῥήματι,

2058 3140 2241 3192 omnia
2282 3140 2434 3194 dicat
2480 3154 2603 3194 eum
2642 3149 2861 3209 portare
2927 3143 3094 3197 verbo
3142 3145 3365 3201 virtutis
3425 3164 3538 3203 suae
3564 3152 3634 3212 ³⁸,

378 3234 493 3290 λύει
523 3236 629 3289 τῶν
658 3237 728 3290 τά
771 3237 1164 3308 ἀνεξερεύνητα
1214 3235 1813 3306 πολυπραγμονούντων
1853 3235 1952 3307 τὴν

378 3327 706 3398 ἀμηχανίαν,
759 3328 807 3381 οἳ
850 3328 938 3381 τὸν
973 3329 1099 3399 περὶ
1129 3329 1226 3398 τῆς
1272 3327 1403 3395 ὕλης
1449 3324 1836 3395 ἀναζητοῦντες
1867 3325 1955 3378 λό-

377 3436 494 3487 γον,
527 3419 758 3491 οὐδαμοῦ
789 3419 888 3489 τῆς
946 3418 1475 3491 πολυπραγμοσύνης
1505 3416 1769 3479 ἵστανται,
1805 3414 1949 3481 Πῶς,

378 3508 627 3578 λέγοντες
648 3551 662 3573 ,
695 3508 772 3580 τῷ
795 3510 943 3581 ἀΰλῳ
970 3512 1001 3581 ἡ
1045 3508 1145 3581 ὕλη
1170 3526 1184 3574 ;
1217 3512 1309 3562 καὶ
1339 3509 1454 3572 πῶς
1484 3509 1543 3560 τὺ
1576 3508 1737 3560 ποσὸν
1772 3512 1834 3561 ἐκ
1860 3509 1951 3561 τοῦ

376 3601 620 3664 ἀπόσου,
666 3602 757 3654 καὶ
801 3603 864 3654 ὲκ
886 3599 978 3654 τοῦ
1025 3601 1432 3670 ἀσχηματίστου
1478 3599 1539 3651 τὸ
1593 3599 1810 3669 σχῆμα,
1859 3599 1952 3651 καὶ

377 3695 441 3747 ὲκ
491 3690 585 3746 τοῦ
627 3694 857 3764 ἀοράτου
909 3694 969 3746 τὸ
1021 3692 1253 3763 χρῶμα,
1312 3691 1407 3745 καὶ
1453 3694 1518 3745 ἐκ
1564 3690 1657 3744 τοῦ
1700 3691 1950 3761 ἀορίστου

377 3785 437 3838 τὸ
469 3787 577 3849 τοῖς
621 3786 772 3849 ίδίοις
804 3785 1021 3855 μέτροις
1049 3783 1560 3855 ὲμπερατούμενον;
1611 3784 1721 3835 Καὶ
1765 3784 1813 3834 εἰ
1847 3797 1951 3851 μηο

375 3875 535 3945 δεμία
582 3877 805 3948 ποιότης
838 3876 962 3946 περὶ
997 3876 1058 3928 τὸ
1100 3876 1303 3929 ἁπλοῦν
1345 3876 1439 3928 καὶ
1476 3874 1764 3928 ἀσύνθετον
1788 3916 1802 3939 ,
1853 3874 1949 3926 πό-

377 3964 467 4019 θεν
514 3966 841 4036 ἐμπλέκεται
877 3969 997 4030 ταῖς
1039 3968 1167 4037 περὶ
1200 3966 1364 4036 αὐτὴν
1408 3965 1687 4035 ποιότησιν
1729 3968 1764 4036 ἡ
1812 3963 1948 4035 ὕλη;

376 4052 560 4109 Πάντα
609 4055 717 4126 γὰρ
773 4054 945 4109 ταῦτα
998 4056 1093 4107 καὶ
1141 4054 1208 4106 τὰ
1254 4052 1477 4106 τοιαῦτα
1524 4052 1632 4104 τῶν
1679 4051 1949 4122 ζητουμὲ·

376 4164 481 4201 νων
517 4145 631 4199 λύει
658 4147 687 4198 6
711 4144 900 4208 εἰπὼν,
931 4146 1012 4198 ὃτι
1044 4144 1111 4197 τὰ
1154 4143 1444 4213 σύμπαντα
1486 4141 1563 4212 τῷ
1609 4143 1811 4212 ῥήματι
1850 4139 1951 4208 τῆς

373 4237 656 4308 δυνάμεως
704 4235 868 4291 αὑτοῦ
916 4237 1068 4308 φέρει
1118 4239 1146 4289 6
1192 4236 1362 4303 Λόγος
1416 4236 1481 4287 ἐκ
1533 4232 1626 4286 τοῦ
1677 4233 1753 4303 μὴ
1799 4231 1951 4292 ὄντος

376 4328 456 4391 είς
494 4328 725 4397 γένεσιν.
763 4327 946 4379 Πάντα
974 4327 1102 4398 γάρ,
1132 4327 1232 4380 ὅσα
1271 4325 1367 4397 τὴν
1412 4324 1572 4379 άῦλον
1619 4322 1802 4392 εἴληχε
1852 4320 1951 4389 φύ-

380 4438 495 4486 σιν,
555 4421 681 4492 μίαν
729 4418 905 4472 αἰτίαν
955 4417 1065 4487 ἔχει
1108 4418 1206 4488 τῆς
1252 4417 1635 4478 ὑποστάσεως,
1685 4413 1745 4465 τὸ
1796 4412 1946 4483 ῥῆμα

2057 3230 2222 3285 solvit
2267 3229 2670 3288 dubitationem
2707 3247 2898 3286 eorum
2935 3232 3026 3302 qui
3058 3236 3224 3291 nimis
3266 3235 3553 3310 diligenter
3582 3254 3635 3296 et

2055 3321 2217 3376 anxie
2273 3321 2544 3392 vestigant
2600 3337 2664 3377 ea
2727 3340 2849 3393 qua:
2900 3325 3029 3379 sciri
3089 3343 3198 3380 non
3255 3334 3635 3397 possuntzsi-

2055 3412 2275 3482 quidem
2308 3412 2362 3466 lii
2399 3413 2467 3467 de
2505 3414 2733 3468 materia
2771 3415 3112 3484 requirentes
3160 3421 3448 3487 rationem,
3484 3425 3634 3479 nullo

2057 3502 2225 3556 modo
2271 3515 2383 3573 pra:
2432 3504 2599 3558 nimia
2652 3506 2976 3561 curiositate
3015 3510 3329 3566 consistunt
3373 3526 3463 3569 aut
3502 3531 3636 3571 con-

2054 3595 2364 3663 quiescunt.
2410 3592 2562 3651 Unde
2609 3597 2776 3659 enim,
2821 3599 3094 3667 inquiunt,
3141 3604 3368 3658 materia
3425 3607 3499 3661 sit
3554 3607 3631 3663 illi

2050 3687 2149 3755 qui
2224 3700 2253 3737 a
2330 3686 2557 3739 materia
2653 3687 2937 3755 sejunctas
3019 3689 3148 3746 est?
3200 3692 3306 3747 Aut
3391 3713 3630 3765 quonam

2054 3788 2216 3845 pacto
2270 3775 2504 3830 ducatur
2564 3787 2826 3847 quantum
2894 3796 2957 3835 ex
3010 3797 3076 3836 eo
3131 3786 3223 3853 qui
3281 3797 3431 3842 caret
3457 3806 3633 3860 quan-

2055 3868 2248 3921 litate?
2296 3875 2389 3921 aut
2439 3884 2501 3922 ex
2551 3869 2643 3922 illo
2702 3870 2893 3939 ﬁgura,
2949 3873 3041 3941 qui
3077 3868 3306 3944 ﬁguram
3366 3895 3472 3934 non
3532 3883 3631 3935 ha-

2054 3960 2177 4014 bet?
2210 3966 2303 4013 aut
2330 3960 2484 4013 color
2535 3960 2603 4013 ab
2648 3970 2713 4015 eo
2761 3961 2852 4031 qui
2891 3963 3062 4018 videri
3101 3982 3207 4019 non
3264 3971 3479 4038 potest?
3538 3986 3633 4027 aut

2054 4048 2124 4102 ab
2152 4044 2244 4101 illo
2276 4051 2371 4117 qui
2398 4042 2502 4101 ﬁne
2532 4058 2709 4114 vacat,
2754 4050 2804 4104 id
2841 4053 2985 4121 quod
3028 4056 3263 4124 propriis
3295 4058 3489 4114 finibus
3543 4062 3629 4115 in-

2052 4138 2337 4193 cluditur?
2362 4140 2516 4205 Quud
2537 4141 2581 4195 si
2607 4142 2754 4194 nulla
2780 4140 2934 4197 adest
2958 4146 3194 4212 qualitas
3218 4148 3451 4219 simplici
3474 4162 3526 4207 et
3547 4155 3630 4207 in-

2052 4231 2377 4298 composito,
2406 4231 2547 4285 unde
2572 4233 2798 4287 materia
2824 4234 2940 4289 suis
2964 4236 3317 4305 qualitatibus
3339 4254 3420 4295 est
3445 4242 3625 4312 impli-

2051 4320 2198 4374 cita?
2234 4316 2342 4376 Has
2363 4322 2507 4376 enim
2540 4339 2730 4379 oumcs
2758 4333 2809 4379 et
2837 4325 2972 4381 alias
2999 4328 3266 4395 ejusmodi
3298 4333 3628 4400 quaestiones

2052 4414 2231 4477 solvit,
2274 4413 2365 4479 qui
2416 4413 2548 4468 dicit
2606 4415 2685 4469 sic
2746 4416 2909 4471 verbo
2964 4420 3181 4476 virtutis
3231 4438 3343 4477 sua:
3392 4423 3626 4481 Verbum

376 4515 475 4584 τῆς
521 4514 799 4585 ἀφράστου
842 4511 1141 4581 δυνάμεως.
1203 4511 1295 4563 Ἐκ
1344 4509 1401 4562 δὲ
1462 4508 1663 4561 τούτων
1706 4506 1954 4560 παιδευό-

2060 4508 2244 4560 omnia
2277 4516 2514 4575 portare,
2547 4512 2604 4560 ut
2633 4519 2962 4577 generentur
2984 4528 3050 4567 ex
3071 4514 3258 4568 nihilo.
3279 4517 3627 4589 Quaecunque

380 4604 516 4673 μεθα
568 4604 627 4656 τὸ
682 4603 815 4674 πρὸς
884 4603 1014 4655 αὐτὸ
1076 4602 1317 4670 βλέπειν,
1367 4592 1459 4669 ἀφ’
1515 4593 1574 4652 οὗ
1630 4597 1734 4650 τῶν
1784 4597 1946 4649 ὅντως.

377 4692 523 4745 ἐστὶν
561 4696 592 4763 η
625 4693 853 4759 γένεσις.
903 4694 965 4744 Ei
998 4690 1106 4761 γὰρ
1148 4690 1355 4743 ἐκεῖοεν
1399 4692 1477 4751 εἰς
1522 4689 1580 4740 τὸ
1623 4683 1757 4739 εἶναι
1808 4703 1952 4755 παρ-

378 4784 639 4854 ήχοημεν,
667 4786 758 4838 καὶ
801 4786 859 4835 ἐν
899 4782 1047 4853 αὐτῷ
1077 4782 1502 4851 συνεστήκαμεν,
1536 4778 1747 4849 ἀνάγκη
1782 4778 1948 4843 πᾶσα,

381 4875 544 4945 μηδὲν
560 4875 661 4941 ἔξω
688 4876 784 4945 τῆς
800 4876 1050 4942 γνώσεως
1071 4873 1341 4927 πιστεύειν
1363 4867 1497 4924 εἶναι
1520 4870 1610 4923 τοῦ
1632 4872 1688 4922 ὲν
1703 4864 1745 4936 ᾧ
1762 4873 1947 4937 ἐσμεν,

380 4966 474 5018 καὶ
506 4964 598 5033 ἀφ’
632 4958 692 5016 οὖ
725 4963 1047 5032 γεγόναμεν,
1084 4962 1175 5014 καὶ
1205 4963 1283 5023 εἰς
1308 4960 1367 5011 ὃν
1410 4958 1728 5025 ἀναλύομεν.
1765 4954 1951 5027 Ταύτῃ

378 5055 436 5107 δὲ
479 5058 547 5126 τῇ
592 5055 795 5124 διανοίᾳ
845 5051 1323 5122 συγκατορθοῦται,
1371 5050 1511 5102 κατά
1562 5049 1622 5104 τὸ
1672 5047 1844 5110 εἰκὸς,
1893 5048 1953 5099 τὸ

380 5145 520 5197 κατὰ
552 5146 650 5215 τὴν
681 5144 825 5214 ζωὴν
870 5144 1269 5213 ἀναμάρτητον.
1297 5142 1391 5203 Τίς
1429 5140 1536 5210 γάρ
1579 5139 1637 5205 ἐξ
1669 5139 1832 5193 αὑτοῦ
1861 5140 1955 5191 καὶ

372 5236 445 5288 ’δι’
475 5234 639 5288 αὐτοῦ
674 5236 767 5288 καὶ
814 5237 869 5287 ὲν
902 5233 1052 5303 αύτῷ
1105 5234 1203 5302 ζῇν
1250 5231 1541 5292 πιστεύων,
1576 5231 1823 5300 μάρτυρα
1854 5229 1953 5297 τῆς

380 5326 825 5396 ἀπεμφαινούσης
884 5323 1030 5393 ζωῆς
1072 5324 1336 5393 τολμήσαι
1382 5323 1709 5391 ποιήσασθαι
1757 5321 1847 5373 τδν
1894 5321 1951 5373 ἐν

382 5416 526 5487 αὐτῷ
557 5417 655 5488 τὴν
684 5416 912 5470 ἑκάστου
942 5413 1084 5485 ζωὴν
1114 5414 1465 5483 περιέχοντας
1516 5411 1719 5480 Βρῶμα
1759 5411 1819 5463 δὲ
1858 5410 1953 5463 καὶ

382 5509 530 5581 πόμα
594 5507 957 5580 πνευματικὸν
1006 5505 1286 5576 ὀνομάζων
1335 5504 1425 5557 τὸν
1480 5504 1681 5573 Κύριον
1729 5505 1757 5554 6
1811 5501 1952 5565 Θεῖος

452 5706 540 5758 “1
574 5702 715 5759 Titii.
752 5720 826 5767 vi,
860 5701 946 5755 16.
1022 5703 1067 5734 ’⁵
1092 5700 1249 5754 Joan.
1275 5717 1384 5766 XIV,
1422 5702 1505 5758 l0.

700 5798 966 5861 Punoc.
1015 5796 1131 5855 GR.
1183 5796 1399 5855 XLVI.

1584 5704 1628 5733 ’⁸
1662 5701 1824 5757 llebr.
1857 5717 1894 5764 ι,
1933 5701 1986 5754 5.

2057 4597 2202 4650 enim
2235 4598 2477 4651 materia:
2496 4596 2579 4651 vel
2610 4599 2933 4669 participem
2961 4604 3042 4656 vel
3068 4615 3344 4674 expertem
3373 4618 3625 4665 naturam

2058 4696 2410 4758 acceperunt,
2451 4704 2613 4743 unam
2650 4691 2974 4747 substantim
2996 4710 3219 4750 causam
3244 4699 3466 4765 habent,
3504 4718 3626 4756 ver-

2056 4780 2185 4833 bum
2219 4779 2437 4833 virtutis
2469 4776 2629 4835 illius
2669 4796 2790 4848 quae
2845 4784 3009 4838 nullis
3045 4787 3225 4842 verbis
3267 4788 3374 4843 dici
3424 4800 3621 4861 potest.

2054 4866 2130 4924 Ex
2164 4884 2274 4939 quo
2300 4870 2676 4937 admOnemur,
2707 4884 2765 4927 ut
2800 4890 2945 4939 eum,
2973 4877 3119 4932 unde
3146 4894 3233 4934 res
3259 4896 3446 4936 omnes
3493 4892 3627 4939 orta:

2052 4966 2431 5028 generataque
2474 4967 2621 5027 sunt,
2669 4963 3000 5019 intueamur.
3051 4965 3262 5022 Etenim
3312 4972 3358 5024 si
3414 4964 3499 5026 ab
3530 4952 3626 5027 illo

2052 5048 2323 5117 procreati
2359 5058 2573 5110 sumus,
2606 5056 2770 5118 atque
2803 5050 2857 5104 in
2886 5068 2950 5107 eo
2984 5056 3361 5123 consistimus,
3400 5062 3626 5116 omnino

2054 5148 2282 5193 necesse
2310 5146 2392 5192 est
2415 5148 2472 5191 ut
2504 5138 2640 5193 nihil
2668 5155 2791 5194 esse
2815 5142 3125 5208 credamus,
3180 5149 3322 5215 quod
3378 5150 3496 5218 ejus
3529 5153 3622 5219 qui

2054 5243 2153 5283 nos
2182 5230 2577 5299 procrearit,in
2609 5246 2718 5298 quo
2750 5233 2946 5296 simus,
2972 5235 3026 5288 in
3062 5254 3222 5304 quem
3262 5241 3622 5306 resolvamur,

2057 5321 2420 5390 cognitionem
2464 5316 2703 5390 emigiat.
2761 5324 2881 5389 Qua
2914 5326 3134 5396 quidem
3170 5331 3523 5400 cogitatione,
3564 5343 3625 5387 ut

2057 5422 2272 5480 aequum
2301 5420 2404 5470 est,
2436 5411 2747 5467 innocentia
2775 5415 2900 5469 vitae
2925 5427 3300 5475 conservatur.
3325 5422 3459 5487 Quis
3478 5425 3621 5478 enim

2057 5519 2122 5559 ex
2154 5504 2292 5573 ipso,
2326 5510 2379 5558 et
2406 5518 2501 5573 per
2531 5503 2730 5574 ipsum,
2763 5515 2814 5562 et
2860 5506 2915 5562 in
2949 5510 3067 5579 ipso
3097 5512 3143 5543 ι’
3178 5528 3236 5567 se
3292 5514 3472 5570 vivere
3505 5530 3625 5572 cre-

2065 5701 2108 5731 "
2132 5699 2291 5754 lium.
2329 5716 2403 5769 χι,
2430 5702 2513 5756 56.
