4096 6354
521 261 622 313 ‘26?

1759 265 1816 320 S.
1843 262 2173 320 GREGORH
2208 261 2496 316 NYSSENI

3670 258 3772 312 268

520 375 678 436 dens,
714 376 889 446 turpis
919 385 972 429 et
1004 375 1289 448 ﬂagitiosae
1337 381 1460 434 vitm
1490 389 1682 435 testem
1718 382 1918 436 habere
1966 382 2086 435 vclil

2210 379 2548 444 Ἀπόστολος,
2595 376 2765 431 ταῦτα
2814 375 2900 428 διὰ
2932 377 3039 427 τῶν
3077 373 3385 443 λεγομένων
3415 373 3554 426 νοεῖν
3583 372 3771 426 ὑποτί-

519 482 850 536 ettm,qttem
900 469 1336 540 uniuscujusque
1399 475 1562 528 vitam
1588 477 1644 528 in
1706 490 1765 529 se
1815 475 2094 528 continere

520 558 700 611 sciat?
727 557 918 612 Escam
937 571 1116 615 autem
1141 571 1194 615 et
1218 572 1403 632 potum
1430 566 1767 635 spiritualem
1804 564 2094 618 Dominum

519 648 799 717 appellans
832 650 992 706 divus
1025 651 1378 722 Apostolus"
1409 673 1508 712 nos
1561 656 2001 722 commonefacit,
2035 665 2094 709 ut

519 747 772 793 naturam
811 741 1102 796 humanam
1157 757 1265 798 non
1319 746 1643 816 simplicem,
1679 746 1776 800 sed
1809 761 1875 801 ex
1911 754 2091 800 mente

517 846 792 901 sensuque
857 835 1211 903 compositam
1273 837 1612 906 cogitemus,
1662 837 1821 906 cujus
1876 836 2090 906 quidem

519 924 738 992 utrique
778 925 918 992 parti
956 926 1028 980 sit
1061 928 1312 996 proprius
1350 929 1537 995 cibus;
1580 929 1752 984 solida
1792 929 1938 984 enim
1968 945 2092 982 esca

515 1028 716 1083 corpus
755 1017 1026 1083 nutritur;
1067 1019 1294 1088 spiritali
1349 1020 1608 1074 alimento
1637 1021 1892 1075 valetudo
1924 1020 2092 1074 animi

515 1114 892 1161 conservatur.
917 1107 994 1160 Ae
1026 1110 1480 1178 quemadmodum
1518 1111 1821 1181 incorpore
1842 1111 2015 1165 solida
2039 1121 2093 1165 et

516 1195 1019 1252 humidaalimeuta
1075 1201 1214 1256 inter
1265 1218 1325 1257 se
1375 1203 1538 1258 mista
1568 1212 1817 1257 naturam
1849 1203 2093 1256 nutriunt

513 1295 567 1340 et
607 1293 849 1354 tuentur,
878 1287 1007 1343 dum
1042 1299 1230 1346 tnutuo
1263 1303 1524 1347 concocta
1559 1295 1792 1364 singulis
1821 1295 2088 1365 partibus,

512 1393 633 1447 qua}
669 1378 720 1432 in
761 1379 923 1436 nobis
949 1396 1016 1435 ex
1057 1383 1342 1438 elementis
1366 1396 1644 1441 concretae
1679 1395 1826 1451 sunt,
1866 1386 2092 1440 eorumi-

511 1473 736 1520 scentur
767 1487 780 1522 :
816 1467 896 1523 sic
929 1472 1125 1526 mentis
1159 1472 1475 1527 alimentum
1515 1490 1580 1527 ex
1619 1475 1972 1545 prOportioue
2005 1475 2093 1528 di-

511 1555 700 1612 vidi-ns
733 1553 956 1624 Paulus,
981 1574 1160 1615 escam
1186 1569 1239 1615 et
1274 1571 1460 1630 potum
1495 1571 1650 1617 vocat
1679 1565 1924 1618 eamdem
1953 1580 2087 1631 rem,

511 1655 671 1715 prout
705 1661 827 1720 apte
854 1659 908 1705 et
937 1653 1156 1722 proprie
1177 1654 1242 1707 ad
1269 1656 1652 1724 accipientium
1681 1672 1840 1712 usum
1874 1672 2090 1712 accom-

2197 471 2492 534 θεται,.ὅτι
2538 470 2596 522 οὐ
2647 469 2922 539 μονοειδής
2976 470 3122 520 ἐστιν
3152 468 3188 536 ὴ
3229 465 3544 536 ἀνθρωπίνη
3588 465 3771 534 φύσις,

2195 563 2330 618 ἀλλὰ
2370 563 2465 616 τοῦ
2514 561 2704 632 νοητοῦ
2747 561 2880 632 πρὸς
2913 561 2974 614 τὸ
3014 560 3270 630 αἰσθητὸν
3305 558 3771 628 συγκεκραμένον,

2199 655 2474 718 ίδιὰξουσα
2494 655 2614 708 καθ’
2637 655 2822 724 ἕτερον
2847 652 2955 706 τῶν
2977 655 3033 704 ἐν
3058 654 3188 722 ἡμῖν
3209 649 3598 719 θεωρουμένων
3625 649 3771 703 ἐστὶν

2194 750 2228 818 ἡ
2259 748 2451 819 τροφή·
2496 747 2593 816 τῆς
2637 747 2735 816 μὲν
2763 745 3026 814 αἰσθητῆς
3055 742 3306 813 βρώσεως
3351 741 3412 794 τὸ
3449 741 3608 810 σῶμα
3653 739 3770 793 δια-

2194 838 2520 910 κρατούσης,
2553 838 2650 908 τῆς
2679 836 2735 890 δέ
2764 835 3138 906 πνευματικῆς
3169 833 3376 904 τροφῆς
3405 832 3502 902 τὴν
3535 831 3771 901 ψυχικὴν

2193 929 2527 1001 ἐμποιούσης
2557 930 2687 999 ἡμῖν
2715 926 2947 991 εὐεξίαν.
3007 923 3143 976 Ἀλλ’
3190 924 3378 994 ὥσπερ
3402 923 3494 976 ἐπὶ
3532 922 3623 974 τοῦ
3659 922 3766 974 σώ-

2197 1038 2384 1091 ματος,
2428 1021 2490 1073 τὸ
2539 1018 2756 1090 στερεόν
2796 1035 2856 1070 τε
2901 1017 2993 1070 καὶ
3043 1017 3204 1085 ὑγρὸν
3233 1015 3330 1085 τῆς
3375 1016 3602 1084 τροφῆς,
3651 1012 3768 1082 μετ’

2193 1113 2365 1168 ἄλλων
2390 1111 2720 1184 μιγνύμενα,
2760 1109 3128 1180 συντηρητικὰ
3154 1110 3254 1177 τῆς
3286 1106 3498 1175 φύσεως
3533 1106 3768 1172 γίνεται,

2192 1203 2281 1256 διὰ
2325 1204 2423 1273 τῆς
2471 1201 2803 1271 καταλλήλου
2851 1201 3064 1269 πέψεως
3123 1199 3336 1266 ἑκάστῳ
3388 1196 3494 1249 τῶν
3542 1197 3598 1249 ἐν
3633 1197 3764 1264 ἡμῖν

2195 1289 2543 1359 στοιχειωδῶς
2589 1289 3046 1358 συγκεκραμένων
3093 1284 3540 1356 καταμιγνύμενα
3565 1301 3579 1313 ·
3627 1284 3766 1336 κατὰ

2191 1381 2282 1434 τὸν
2339 1379 2503 1434 αὐτὸν
2551 1380 2749 1449 τρόπον
2797 1377 3132 1446 ἀναλογικῶς
3179 1379 3209 1430 ὁ
3260 1375 3470 1439 Παῦλος
3523 1376 3614 1429 καὶ
3666 1376 3766 1445 τὴν

2194 1472 2388 1542 νοητὴν
2424 1470 2779 1540 καταμερίζει
2823 1469 3051 1540 τροφὴν,
3104 1467 3306 1538 βρῶσιν
3351 1467 3629 1537 ὀνομάζων
3672 1467 3766 1520 καὶ

2192 1563 2349 1616 πόσιν
2381 1563 2440 1615 τὸ
2473 1561 2605 1614 αὐτὸ
2650 1563 2902 1631 πρᾶγμα,
2935 1560 3067 1632 πρὸς
3111 1559 3208 1630 τὴν
3244 1558 3431 1629 χρείαν
3459 1557 3566 1610 τῶν
3596 1575 3764 1628 προσ-

2193 1655 2507 1726 φερομένων
2549 1653 2765 1716 οίκείως
2801 1649 3295 1722 μεθαρμοζόμενον.
3342 1651 3466 1713 Τοῖς
3515 1649 3611 1720 μέν
3656 1648 3765 1718 γὰρ

511 1739 782 1795 modatur.
820 1740 954 1796 Nam
989 1742 1274 1800 imbecillis
1315 1745 1642 1817 afﬂictisque
1675 1749 1832 1817 panis
1867 1749 1955 1809 ﬁt,
1991 1763 2086 1804 cor

2191 1745 2440 1801 ἀτονοῦσι
2468 1745 2564 1798 καὶ
2591 1743 2972 1813 ἐκλελυμένοις
3020 1743 3182 1812 ἄρτος
3221 1741 3450 1809 γίνεται,
3495 1739 3766 1810 στηρίζων

511 1830 746 1887 hominis
773 1833 1138 1902 conﬁrmans;
1167 1837 1327 1907 aegris
1349 1848 1529 1894 autem
1564 1848 1617 1892 et
1653 1839 1817 1908 hujus
1838 1840 1959 1893 vitae
1990 1839 2089 1893 mi-

511 1923 654 1977 seria
683 1923 1076 1990 laborantibus,
1120 1942 1183 1980 ac
1222 1936 1503 1996 propterea
1553 1930 1860 1986 sitientibus
1909 1929 1970 1984 ﬁt
2007 1931 2090 1984 vi-

515 2029 642 2068 num
675 2015 826 2070 cordi
859 2013 1100 2071 laatitiam
1144 2019 1456 2075 aﬁ'ereus”.

580 2196 807 2266 Oportet
832 2204 1014 2255 autem
1051 2211 1148 2266 per
1178 2212 1241 2251 ea
1271 2212 1392 2264 quae
1427 2196 1573 2251 dicta
1624 2205 1754 2264 sunt
1807 2199 1914 2253 vim
1965 2216 2088 2254 ora-

511 2287 675 2342 tionis
712 2289 1030 2358 inlelligerc,
1094 2301 1201 2358 qua
1254 2291 1472 2344 animus
1535 2305 1601 2342 ex
1665 2291 1918 2359 praasenti
1983 2309 2085 2347 usu

514 2377 746 2447 gratiam
776 2379 1052 2448 accipiens
1083 2379 1269 2443 alitur,
1309 2385 1370 2432 ut
1424 2379 1630 2433 iudicat
1681 2379 1910 2451 arnigma
1957 2379 2088 2433 Pro-

515 2468 707 2536 phet:e,
741 2469 833 2537 qui
865 2469 986 2522 loco
1012 2485 1248 2538 pascuae,
1283 2477 1337 2522 et
1364 2485 1504 2538 aqua
1539 2470 1856 2525 refectionis
1885 2487 2083 2525 conso-

513 2558 772 2612 lationem
821 2559 1092 2629 signiﬁcat
1124 2557 1192 2625 3°,
1251 2575 1374 2631 quae
1403 2561 1652 2616 oratione
1709 2562 2087 2617 laborantibus

512 2660 568 2704 et
600 2649 817 2707 afﬂictis
848 2651 1158 2706 adhibetur.
1193 2653 1289 2706 Sin
1321 2654 1521 2722 aliquis
1555 2655 1719 2709 etiam
1784 2655 1850 2708 ad
1887 2667 2086 2726 myste-

513 2743 656 2796 rium
691 2743 988 2813 respiciens
1021 2745 1169 2799 dicat
1197 2746 1378 2799 cibum
1413 2754 1464 2799 et
1506 2755 1689 2816 potum
1726 2748 1947 2816 proprie
1988 2745 2086 2800 Do-

514 2833 722 2888 minum
755 2835 1049 2900 nominari,
1086 2849 1154 2890 ne
1181 2835 1234 2889 id
1265 2836 1482 2905 quidem
1524 2851 1552 2889 a
1591 2852 1848 2907 germana
1881 2837 2086 2906 signiti-

513 2919 729 2980 catione
758 2927 1078 2981 recesserit:
1111 2942 1236 2981 vere
1266 2928 1408 2980 enim
1439 2941 1571 2980 raro
1598 2927 1770 2996 ipsius
1796 2936 1879 2982 est
1908 2928 2086 2988 cibus.

514 3024 570 3071 et
599 3017 827 3087 sanguis
854 3016 976 3085 ejus
1013 3031 1138 3070 vere
1179 3025 1265 3071 est
1297 3025 1458 3086 potus
1487 3016 1551 3071 ³¹.
1584 3018 1761 3087 Atque
1791 3025 2083 3071 memorata

2193 1837 2415 1909 καρδίαν
2451 1834 2734 1906 ἀνθρώπου
2758 1850 2771 1863 ·
2803 1837 2914 1896 τοῖς
2958 1833 3013 1886 δὲ
3050 1831 3352 1903 κεκμηκόσι
3380 1831 3466 1884 διὰ
3505 1830 3602 1901 τὴν
3629 1830 3764 1900 πρὸς

2191 1928 2281 1981 τὸν
2318 1927 2430 1998 βίον
2461 1926 2646 1980 τοῦτον
2686 1925 3084 1994 ταλαιπωρίαν,
3122 1924 3216 1976 καὶ
3245 1923 3331 1976 διὰ
3359 1923 3516 1976 τοῦτο
3542 1921 3763 1992 γενομέ.⁹

2191 2035 2301 2081 νοις
2347 2017 2651 2086 διψώδεσιν,
2690 2011 2828 2078 οἶνος
2875 2014 3102 2082 γίνεται,
3148 2012 3244 2084 τὴν
3292 2013 3518 2084 καρδίαν
3559 2014 3639 2074 είς
3669 2011 3762 2064 εύ-

2193 2110 2465 2182 φροσύνην
2494 2109 2662 2177 ἄγων.

2264 2206 2423 2256 Νοείν
2460 2202 2515 2254 δέ
2561 2200 2669 2272 χρὴ
2715 2198 2800 2252 διὰ
2842 2197 2951 2250 τῶν
3003 2195 3306 2268 εἰρημένων
3338 2193 3434 2247 τοῦ
3477 2193 3636 2261 λόγου
3666 2192 3760 2262 τὴν

2189 2295 2436 2365 δύναμιν,
2489 2293 2550 2347 δι’
2617 2286 2677 2346 οὐ
2722 2291 2978 2361 τρέφεται
3023 2289 3058 2358 ἡ
3102 2288 3247 2356 ψυχὴ
3305 2285 3648 2356 καταλλήλως
3695 2287 3764 2354 τῇ

2191 2387 2366 2458 χρείᾳ,
2405 2385 2502 2456 τὴν
2546 2385 2639 2437 ἀπ’
2669 2381 2832 2436 αὐτοῦ
2862 2381 3019 2452 χάριν
3065 2379 3488 2451 προσδεχομένη,
3519 2377 3657 2431 κατά
3705 2377 3761 2430 τὸ

2190 2479 2415 2548 αἴνιγμα
2455 2474 2549 2528 τοῦ
2589 2475 2889 2544 προφήτου,
2947 2472 3004 2534 ὃς
3044 2472 3192 2540 τόπῳ
3246 2469 3406 2540 χλόης
3451 2468 3545 2521 καὶ
3572 2466 3761 2530 ὓδατος

2189 2565 2546 2627 ἀναπαύσεως
2588 2564 2682 2633 τὴν
2733 2565 2799 2615 ἐκ
2825 2561 2918 2613 τοῦ
2952 2560 3110 2628 λόγου
3156 2557 3448 2629 γινομένην
3501 2558 3614 2619 τοῖς
3672 2573 3757 2608 κε-

2189 2657 2425 2729 κμηκόσι
2477 2653 2827 2726 παραμυθίαν
2883 2651 3248 2720 διασημαίνει.
3302 2651 3363 2702 Εἰ
3412 2649 3470 2702 δέ
3516 2648 3650 2719 πρὸς
3701 2648 3760 2701 τὺ

2191 2747 2487 2818 μυστήριόν
2551 2763 2636 2809 τις
2687 2745 2922 2815 βλέπων,
2981 2742 3176 2814 βρῶμα
3226 2743 3319 2795 καὶ
3374 2741 3523 2812 πόμα
3561 2740 3761 2810 κυρίως

2188 2838 2546 2909 ὀνομάζεσθαι
2565 2837 2713 2906 λέγοι
2738 2835 2828 2889 τὸν
2858 2835 3079 2904 Κύριον,
3116 2834 3235 2887 οὐδέ
3261 2833 3423 2886 τοῦτο
3447 2833 3542 2903 τῆς
3570 2832 3761 2902 κυρίας

2188 2931 2478 3000 ἐμφάσεως
2520 2927 2890 2993 ἀπεξένωται·
2929 2925 3143 2996 ἀληθῶς
3187 2926 3295 2997 γὰρ
3341 2928 3374 2996 ἡ
3420 2925 3554 2995 σὰρξ
3597 2923 3760 2979 αὐτοῦ

2192 3021 2390 3092 βρῶσίς
2420 3023 2554 3084 ἐστι,
2587 3021 2682 3074 καὶ
2712 3020 2772 3072 τὺ
2797 3013 2936 3089 αἷμα
2979 3016 3146 3077 αὐτοῦ
3177 3016 3389 3087 ἀληθῶς
3434 3019 3548 3070 ἐστι
3584 3017 3760 3079 πόσις.

516 3107 734 3176 quidem
783 3107 1198 3178 signiﬁcatione,
1237 3107 1493 3162 omnibus
1538 3122 1662 3161 cum
1699 3114 1968 3178 potestate
2006 3107 2084 3162 fa-

2200 3112 2339 3164 ’Λλλ’
2375 3112 2464 3164 ἐπὶ
2496 3111 2594 3180 τῆς
2624 3110 3026 3182 προρῤηθείσης
3061 3109 3157 3178 μὲν
3182 3108 3435 3172 διανοίας,
3469 3108 3602 3161 πᾶσι
3642 3109 3760 3160 κατ’

517 3200 696 3253 cultas
719 3200 879 3252 datur
913 3205 972 3252 ut
1004 3199 1297 3268 participes
1330 3199 1441 3253 sint
1492 3197 1677 3261 Verbi,
1709 3199 1856 3268 quod
1905 3199 1973 3254 ab
2021 3200 2085 3252 iis

516 3289 608 3358 qui
641 3288 930 3357 requirunt
963 3287 1095 3342 illud
1143 3298 1448 3357 acceptum,
1485 3288 1541 3341 lit
1605 3289 1764 3344 cibus
1810 3297 1864 3342 et
1928 3299 2085 3358 potus

516 3379 637 3433 sine
667 3378 987 3432 discrimine
1027 3387 1298 3448 gustatus.
1347 3377 1406 3432 lu
1441 3380 1612 3432 altera
1645 3389 1826 3432 autem
1881 3380 2088 3449 signiti-

517 3469 732 3523 catione
766 3483 872 3521 non
933 3470 1052 3524 sine
1087 3470 1402 3538 probatione
1465 3479 1557 3524 aut
1611 3471 1729 3525 sine
1765 3471 1966 3526 dilectu
2030 3473 2086 3525 tit

515 3559 790 3628 ejusmodi
825 3558 932 3613 cibi
964 3566 1234 3628 potusque
1262 3561 1641 3630 participatio,
1685 3577 1808 3615 cum
1844 3563 2084 3632 Aposto-

516 3649 604 3704 lus
635 3650 706 3703 ita
736 3648 1044 3704 deﬁnierit:
1089 3669 1108 3700 ι
1148 3645 1350 3704 Probet
1409 3660 1615 3714 autem,
1672 3653 1869 3722 inquit,
1902 3669 1960 3709 se
2005 3655 2087 3723 ip-

517 3752 642 3792 sum
675 3738 933 3807 quisque,
966 3745 1020 3792 et
1047 3739 1125 3792 sie
1149 3739 1214 3792 dc
1250 3755 1388 3808 pane
1429 3739 1520 3794 illo
1551 3741 1702 3803 edat,
1727 3741 1874 3796 etde
1921 3743 2087 3797 calice

518 3829 684 3883 bibat.
719 3828 820 3894 Qui
851 3830 996 3882 enim
1027 3829 1248 3900 indigne
1291 3831 1591 3887 manducat
1646 3843 1699 3886 et
1749 3833 1903 3897 bibit,
1940 3835 2086 3903 judi-

516 3921 660 3974 cium
708 3920 810 3974 sibi
841 3920 1134 3974 manducat
1161 3928 1216 3974 ct
1244 3922 1380 3976 bibit
1412 3921 1478 3978 ".
1511 3942 1529 3975 ι
1600 3921 1718 3977 Huc
1754 3932 1933 3978 autem
2001 3940 2086 3979 re.

516 4011 756 4081 spiciens
789 4012 1123 4080 evangelista
1152 4012 1312 4083 plane
1340 4013 1559 4067 videtur
1587 4014 1835 4069 eamdem
1881 4015 2086 4085 signiﬁ-

516 4101 786 4154 cationem
822 4100 1198 4165 conﬁrmasse,
1229 4116 1352 4154 cum
1382 4103 1627 4174 mysticae
1655 4104 1927 4174 passionis
1953 4114 2086 4158 tem-

515 4205 648 4260 pore
700 4191 898 4246 nobilis
952 4192 1042 4246 ille
1103 4201 1326 4247 senator
1384 4194 1734 4248 immaculata
1775 4194 2086 4264 mundaque

514 4280 747 4335 sindone
786 4282 1071 4336 involvens
1101 4281 1316 4336 Domini
1348 4298 1548 4354 corpus
1580 4285 1634 4339 in
1671 4302 1812 4341 novo
1844 4295 1898 4341 et
1947 4303 2085 4356 puro

514 4379 868 4424 monumento
921 4373 1100 4440 posuit
1140 4373 1208 4426 ³³.
1279 4373 1641 4439 Quamobrem
1714 4388 1767 4433 et
1838 4379 2080 4449 Apostoli

514 4470 786 4530 prrecepto
840 4470 894 4515 et
919 4464 1268 4532 evangelistze
1335 4465 1719 4522 observatione
1767 4484 2082 4524 commone-

515 4567 658 4616 mur,
691 4561 749 4606 ut
778 4561 1190 4608 sacrosanctum
1251 4557 1460 4610 homini
1512 4574 1713 4629 corpus
1761 4578 1896 4630 pura
1947 4578 2078 4617 con-

515 4643 743 4697 scientia
775 4644 1163 4712 suscipiamus.
1194 4645 1349 4710 Quod
1398 4649 1442 4701 si
1477 4649 1654 4719 aliqua
1711 4653 1917 4720 peccati
1967 4670 2082 4708 ma-

515 4734 639 4787 cula
672 4733 870 4788 infecta
897 4735 992 4799 sit,
1044 4751 1163 4790 eam
1203 4753 1342 4806 aqua
1382 4739 1744 4809 lacrymarum
1795 4745 2081 4802 abluatuus

515 4831 569 4876 et
605 4837 994 4892 expurgemus.
1030 4823 1229 4878 Verum
1281 4827 1404 4895 quia
1453 4831 1615 4884 etiam
1675 4842 1823 4900 petra
1879 4835 2080 4889 dicitur

513 4912 768 4967 Christus
796 4913 862 4978 ³⁵,
910 4928 1030 4966 eam
1085 4916 1245 4970 nobis
1289 4915 1339 4969 id
1374 4934 1570 4973 nomen
1625 4922 1814 4978 aﬂ‘eret
1870 4926 2077 4980 utilita-

515 5013 644 5070 tem,
676 5012 735 5059 ut
765 5014 970 5059 rectam
1010 5005 1222 5061 vivendi
1252 5010 1517 5066 raticnem
1549 5011 1759 5068 ﬁrmam
1804 5030 1867 5069 ac
1910 5017 2080 5071 stabi-

515 5097 622 5151 lem
667 5105 972 5163 teneamus,
998 5103 1051 5150 et
1083 5097 1137 5151 in
1172 5099 1337 5153 rebus
1395 5101 1642 5157 adversis
1698 5103 1907 5160 fortiter
1954 5121 2078 5176 per-

515 5186 753 5242 ferendis
813 5195 1132 5243 constantes
1180 5190 1375 5254 simus,
1438 5193 1808 5264 adversusque
1859 5211 2077 5252 omnem

515 5277 720 5345 peccati
760 5277 1022 5346 impetum
1063 5288 1319 5335 strenuos
1368 5290 1532 5350 atque
1571 5282 1814 5340 invictos
1866 5286 2078 5342 animos

516 5376 870 5436 praestemus:
903 5384 969 5425 es
1007 5369 1094 5425 his
1127 5371 1270 5425 enim
1299 5372 1464 5426 rebus
1518 5383 1571 5428 et
1625 5377 1747 5432 aliis
1807 5375 2078 5448 ejusmodi

584 5563 632 5595 "
660 5562 907 5636 [Comm
933 5563 998 5617 16
1027 5582 1148 5636 sqq.

517 5633 603 5688 53.
695 5634 739 5665 ³⁸
762 5635 778 5687 l
801 5634 927 5688 Cor.
953 5651 1008 5700 ι,
1038 5633 1092 5690 4.

2186 3202 2429 3267 ἐξουσίαν
2473 3203 2618 3254 ἐστὶν
2674 3202 2706 3270 ἡ
2762 3201 3018 3270 μετουσία
3066 3199 3160 3252 τοῦ
3210 3199 3419 3266 Λόγου,
3464 3199 3522 3261 ὃς
3554 3198 3757 3266 γίνεται

2186 3295 2380 3364 βρῶμα
2427 3293 2520 3345 καὶ
2569 3293 2718 3362 πόμα
2767 3292 3207 3361 προσφερόμενον
3258 3289 3602 3359 ἀδιακρίτως,
3657 3287 3761 3340 aut

2187 3387 2292 3437 τῶν
2329 3383 2729 3453 ἐπιζητούντων
2761 3383 2922 3436 αὐτὸν
2954 3382 3377 3452 λαμϐανόμενος.
3428 3380 3549 3434 Ἐπὶ
3581 3381 3636 3434 δέ
3663 3380 3758 3450 τῆς

2186 3477 2376 3545 ἐτέρας
2417 3474 2640 3536 ἐννοίας.
2681 3474 2780 3526 οὐκ
2811 3472 2954 3525 ἔστιν
3003 3471 3353 3536 ἁνεξέταστος
3383 3471 3475 3525 καὶ
3513 3471 3756 3541 ἀδιάκρι-

2184 3583 2273 3629 τος
2304 3567 2336 3636 ἢ
2363 3565 2462 3630 τῆς
2494 3563 2746 3632 τοιαύτης
2775 3562 2978 3633 τροφῆς
3005 3580 3060 3615 τε
3093 3562 3184 3616 καὶ
3233 3563 3440 3624 πόσεως
3478 3561 3758 3630 μετουσία,

2185 3657 2354 3720 οὕτως
2393 3655 2487 3708 τοῦ
2535 3655 2856 3708 Ἀποστόλου
2889 3653 3381 3726 προσδιορίσαντος,
3433 3654 3514 3706 ὅτι
3545 3673 3563 3703 ι
3608 3654 3758 3705 Δοκι⁹

2189 3745 2403 3816 μαζέτω
2427 3744 2485 3798 δὲ
2514 3745 2741 3806 ἕκαστος
2775 3744 2985 3809 ἑαυτὸν,
3021 3743 3114 3796 καὶ
3157 3742 3328 3806 οὕτως
3373 3744 3437 3795 ἐκ
3469 3742 3560 3794 τοῦ
3595 3742 3759 3812 ἄρτου

2184 3837 2424 3893 ἐσθιέτω,
2458 3837 2552 3887 καὶ
2585 3836 2646 3886 ἐκ
2684 3833 2778 3886 τοῦ
2811 3835 3067 3904 ποτηρίου
3099 3833 3318 3886 πινέτω.
3361 3835 3418 3885 Ὀ
3443 3833 3499 3885 δὲ
3526 3833 3756 3897 ἀναξίως

2183 3923 2374 3977 ἐσθίων
2397 3924 2489 3977 καὶ
2514 3925 2684 3976 πίνων
2703 3963 2718 3986 ,
2741 3923 2818 3985 εἰς
2847 3925 3016 3992 κρῖμα
3036 3921 3211 3990 ἐαυτῷ
3233 3921 3395 3974 ἐσθίει
3422 3921 3515 3974 καὶ
3542 3922 3702 3974 πίνει.
3733 3941 3752 3973 ι

2184 4015 2326 4084 Πρὸς
2353 4015 2380 4067 ὅ
2405 4031 2492 4084 μοι
2521 4015 2668 4066 δοκεῖ
2691 4015 2718 4065 ὁ
2749 4011 3134 4082 εύαγγελιστὴς
3161 4012 3391 4081 βλέπων,
3428 4012 3755 4082 ἡσφαλισμέ·

2183 4122 2288 4168 νως
2324 4105 2384 4157 τὸ
2430 4104 2637 4156 τοιοῦτο
2687 4103 3205 4174 παρασημήνασθαι.
3241 4102 3322 4154 ὅτι
3369 4103 3425 4155 ἐν
3467 4102 3544 4171 τῷ
3583 4103 3757 4173 καιρῷ

2183 4197 2274 4250 τοῦ
2312 4195 2572 4267 μυστικοῦ
2607 4194 2809 4257 πάθους
2839 4196 2868 4244 ὁ
2891 4193 3180 4262 εὐσχήμων
3209 4193 3412 4255 ἐκεῖνος
3445 4192 3756 4262 βουλευτὴς,

2184 4288 2395 4355 ἀσπίλῳ
2424 4288 2516 4339 καὶ
2555 4285 2769 4355 καθαρᾷ
2803 4287 2866 4353 τῇ
2909 4283 3101 4335 σινδόνι
3139 4282 3197 4335 τὸ
3228 4283 3384 4354 σῶμα
3415 4281 3508 4336 τοῦ
3553 4285 3756 4354 Κυρίου

2186 4375 2472 4439 διαλαϐὼν,
2498 4373 2668 4444 καινῴ
2699 4390 2756 4425 τε
2790 4373 2882 4424 καὶ
2913 4371 3134 4442 καθαρῴ
3172 4373 3408 4442 μνήματι
3435 4372 3723 4425 ἐναπέθετο
3743 4389 3754 4402 “

2188 4470 2326 4523 ὥστε
2380 4469 2538 4539 νόμον
2582 4467 2743 4519 πᾶσιν
2785 4466 2913 4534 ἡμῖν
2953 4464 3010 4515 τό
3041 4481 3098 4515 τε
3130 4463 3224 4517 τοῦ
3270 4465 3586 4518 Ἀποστόλου
3619 4482 3756 4536 παρ-

2190 4556 2436 4625 άγγελμα
2460 4553 2729 4622 γενέσθαι,
2770 4552 2862 4604 καὶ
2885 4551 2944 4603 τὸ
2977 4551 3068 4604 τοῦ
3093 4553 3474 4620 εὐαγγελιστοῦ
3510 4555 3754 4626 παρατή-
3841 4582 3846 4586 -

2192 4664 2358 4717 ρημα,
2406 4644 2498 4697 τοῦ
2533 4643 2744 4714 καθαρᾷ
2787 4645 2852 4711 τῇ
2905 4643 3205 4712 συνειδήσει
3256 4644 3315 4696 τὸ
3367 4644 3520 4714 ἆγιον
3562 4647 3753 4700 ὐποδέ-

2189 4735 2375 4806 χεσθαι
2411 4733 2566 4802 σῶμα
2590 4748 2602 4762 ο
2640 4732 2692 4783 εἴ
2713 4731 2813 4783 πού
2850 4748 2930 4793 τις
2969 4731 3025 4794 ἐξ
3053 4733 3326 4803 ἁμαρτίας
3358 4734 3442 4805 εἴη
3476 4735 3650 4806 κηλὶς,
3679 4735 3754 4807 τῷ

2189 4827 2340 4880 ὐδατι
2365 4826 2471 4878 τῶν
2503 4825 2751 4894 δακρύων
2781 4823 3225 4892 ἀπορρύψαντας.
3276 4825 3434 4877 Ἀλλὰ
3464 4827 3636 4897 πέτρα
3665 4827 3754 4878 λε-

2187 4922 2412 4988 γόμενος
2439 4921 2468 4970 ό
2501 4916 2752 4986 Χριστὸς,
2787 4915 3059 4986 ὠφελήσει
3100 4915 3187 4967 διὰ
3216 4915 3308 4968 τοῦ
3347 4917 3604 4985 ὀνόματος
3632 4918 3754 4971 τούο

2186 5029 2279 5065 τον
2311 5011 2471 5080 ἡμᾶς,
2503 5011 2559 5060 ἐν
2592 5007 2668 5077 τῷ
2700 5008 2880 5076 παγίῳ
2926 5024 2983 5058 τε
3021 5007 3111 5060 καί¹
3158 5007 3472 5076 ἁμεταθέτῳ
3508 5009 3604 5077 τῆς
3636 5011 3753 5061 κατ’

2187 5103 2385 5173 ἀρετὴν
2416 5100 2578 5170 ζωῆς,
2613 5100 2704 5152 καὶ
2730 5100 2786 5150 ἐν
2813 5098 2889 5168 τῷ
2918 5097 3156 5170 στερρῶς
3191 5097 3333 5167 ἔχειν
3360 5099 3490 5168 πρὸς
3526 5099 3621 5167 τὴν
3648 5099 3753 5152 τῶν

2187 5192 2520 5262 παθημάτων
2587 5192 2898 5262 ὑπομονὴν,
2943 5191 3038 5243 καὶ
3092 5190 3178 5242 διὰ
3231 5189 3323 5243 τοῦ
3379 5191 3512 5260 πρὸς
3577 5194 3756 5246 πᾶσαν

2185 5283 2489 5356 προσϐολὴν
2540 5283 2810 5354 ἁμαρτίας
2862 5281 3150 5334 ἀντίτυπον
3193 5283 3286 5335 καὶ
3339 5283 3616 5336 ἀνένδοτον
3660 5283 3754 5354 τὴν

2184 5375 2360 5448 ψυχὴν
2387 5374 2818 5428 ἐπιδείκνυσθαι·
2845 5373 2930 5426 διὰ
2961 5373 3163 5426 τούτων
3201 5374 3307 5444 γὰρ
3340 5376 3431 5427 καὶ
3463 5374 3570 5428 τῶν
3591 5376 3734 5428 τοιού

1225 5567 1269 5600 ²⁹
1299 5566 1446 5626 Psal.
1471 5585 1587 5641 Cltl,
1617 5571 1705 5627 15.
1781 5574 1826 5606 ³ο
1849 5571 2080 5630 Psal.:x

2189 5573 2228 5630 ἰ.
2313 5573 2354 5606 ³⁸
2385 5573 2546 5630 Joan.
2567 5587 2643 5638 νι,
2669 5571 2756 5628 56.
2834 5569 2919 5624 ³³1
2947 5568 3073 5626 Cor.
3099 5567 3283 5636 xr,28.
3362 5567 3408 5600 ³⁸
3430 5567 3564 5625 Luc.
3598 5583 3751 5633 mn,
