4096 6354
392 282 492 337 269

1408 280 1494 335 DE
1532 280 1892 336 PERFECTA
1919 279 2312 337 CHRISTIANI
2338 279 2597 338 FOKMA.

3518 277 3627 339 270

390 414 498 450 των
548 398 718 468 πέτρα
762 396 851 450 καὶ
898 397 1055 466 ἡμεῖς
1091 395 1341 464 ἐσόμεθα,
1385 397 1727 466 μιμούμενοι,
1778 396 1958 459 καθώς

2067 409 2166 450 nos
2191 397 2319 451 item
2347 399 2553 453 erimus
2581 404 2756 468 petra,
2794 398 2847 451 iu
2871 405 3065 455 natura
3100 399 3276 471 fragili
3316 399 3526 456 firmum
3570 412 3625 455 ct

390 493 502 544 ἐστι
546 491 790 553 δυνατὸν,
835 491 892 541 ὲν
928 490 993 557 τῆ
1029 492 1234 558 τρεπτῇ
1274 488 1431 557 φύσει
1467 488 1528 540 τὸ
1561 488 1824 557 ἄτρεπτον
1866 486 1956 538 τοῦ

390 581 657 634 Δεσπότω
704 582 795 634 καὶ
826 581 1172 651 ἀμετάθετον.
1219 580 1280 631 El
1328 579 1385 632 δὲ
1418 579 1448 631 6
1477 579 1637 641 αὑτὸς
1668 577 1818 648 παρά
1864 576 1957 629 τοῦ

389 670 552 740 σοφοῦ
580 671 955 742 ἀρχιτέκτονος
990 670 1083 723 καὶ
1133 669 1379 738 θεμέλιος
1416 670 1670 731 πίστεως.
1711 669 1802 721 καὶ
1853 684 1959 735 γω-

389 763 500 825 νίας
548 762 758 833 κεφαλὴ
806 762 1148 831 ὀνομάζεται,
1192 761 1311 814 οὑδὲ
1352 760 1506 812 τοῦτο
1542 760 1674 830 πρὸς
1722 761 1817 828 τὴν
1864 758 1956 811 τοῦ

388 854 506 906 κατ’
539 852 736 924 ἀρετὴν
788 854 901 924 βίου
959 854 1313 923 συνεισφοράν
1363 853 1647 914 ἀσυντελὲς
1680 853 1809 921 ἡμῖν
1841 854 1957 903 ἑπι-

386 944 745 1013 δειχθήσεται.
774 944 1142 1013 Διδασκόμεθα
1167 944 1271 1014 γὰρ
1302 943 1387 995 διὰ
1419 943 1641 1003 τούτων,
1670 944 1749 994 ὅτι
1781 943 1956 1011 πάσης

386 1032 595 1103 ἀγαθῆς
626 1033 916 1095 πολιτείας,
941 1033 1032 1085 καὶ
1065 1034 1261 1094 παντὸς
1291 1030 1495 1098 ἀγαθοῦ
1549 1030 1861 1100 μαθήματός
1897 1046 1955 1082 τε

387 1126 480 1178 καὶ
506 1125 952 1195 ἐπιτηδεύματος,
986 1126 1076 1179 καὶ
1109 1125 1248 1196 ἀρχὴ
1281 1126 1372 1178 καὶ
1412 1125 1562 1186 τέλος
1600 1124 1747 1176 ἐστὶν
1784 1125 1812 1175 6
1841 1123 1955 1175 Κύ-

390 1233 520 1287 ριος.
575 1218 645 1268 Ἦ
678 1234 739 1268 τε
774 1217 880 1287 γὰρ
926 1216 1079 1278 ἐλπὶς
1110 1216 1195 1286 (ἢν
1245 1217 1363 1269 ἀντὶ
1416 1215 1655 1284 κεφαλῆς
1708 1213 1953 1283 νοοῦμεν,

387 1306 523 1377 πρὸς
565 1306 631 1377 ἢν
663 1307 838 1360 πάντα
876 1306 1083 1377 βλέπει,
1135 1306 1205 1359 τά
1249 1308 1370 1358 κατ’
1416 1304 1613 1376 ἀρετὴν
1660 1300 1955 1365 σπουδαζό-

389 1396 544 1462 μενα)
584 1394 787 1456 ἐκεῖνός
835 1394 1003 1454 ἐστιν,
1054 1391 1225 1453 οὑτως
1253 1391 1637 1461 ὠνομασμένος
1677 1391 1825 1461 παρά
1862 1387 1953 1441 τοῦ

387 1484 620 1548 Παύλου,
666 1484 759 1537 καὶ
806 1486 839 1554 ὴ
877 1482 1017 1555 ἀρχὴ
1063 1485 1162 1553 τῆς
1211 1482 1417 1552 ὑψηλῆς
1460 1481 1663 1551 ταύτης
1706 1479 1797 1532 τοῦ
1843 1477 1955 1548 βίου

388 1575 766 1648 πυργοποιίας.
796 1576 828 1645 ἡ
858 1577 937 1638 είς
962 1574 1123 1627 αὑτὸν
1149 1572 1356 1642 γίνεται
1394 1572 1595 1635 πίστις,
1630 1573 1713 1639 ἐφ’
1743 1567 1811 1642 ἦς
1848 1565 1958 1623 οἷόν

385 1684 508 1720 τινα
551 1665 797 1737 θεμέλιον
829 1667 926 1729 τὰς
961 1666 1134 1737 ἀρχὰς
1170 1664 1265 1718 τοῦ
1313 1663 1428 1733 βίου
1473 1662 1957 1732 καταϐαλλομένων

2063 486 2402 542 immutabile
2460 488 2669 541 Domini
2719 490 2892 544 robur
2936 505 3034 559 pro
3072 491 3281 547 viribus
3324 492 3627 548 imitantes.

2061 575 2213 642 Quod
2242 588 2422 634 autem
2453 594 2481 632 a
2508 580 2756 649 sapiente
2786 581 3089 639 architecto
3120 582 3165 613 ³⁵
3209 581 3623 638 fundamentum

2062 670 2181 725 ﬁdei
2208 672 2253 702 ⁸⁸
2298 680 2352 726 et
2395 674 2576 741 anguli
2630 682 2792 742 caput
2819 673 2861 703 ³⁷
2916 681 3282 743 nuncupatur,
3319 674 3372 728 id
3406 688 3625 743 quoque

2061 762 2217 815 nobis
2257 761 2322 816 ad
2350 762 2512 816 vitam
2557 779 2619 818 ex
2656 764 2857 818 virtute
2911 763 3299 819 instituendam
3352 765 3622 833 expediet.

2062 850 2152 905 Sic
2180 855 2324 906 enim
2386 854 2652 908 bonarum
2705 857 2946 908 omnium
2999 863 3055 909 et
3085 855 3623 910 administrationum

2059 943 2324 1003 civilimn,
2377 952 2432 996 et
2485 945 2920 1013 disciplinarum,
2971 956 3025 999 et
3077 947 3454 1001 institutorum
3508 953 3623 999 tum

2061 1030 2426 1101 principium,
2458 1040 2571 1086 tum
2613 1034 2773 1086 etiam
2823 1035 2980 1088 linem
3032 1050 3155 1089 esse
3201 1034 3489 1089 Dominum
3543 1035 3627 1088 di-

2060 1122 2287 1176 scimus.
2328 1120 2461 1175 Nam
2493 1132 2549 1177 et
2579 1140 2726 1192 spes,
2768 1139 2929 1194 quam
2970 1139 3067 1193 pro
3095 1125 3272 1195 capite
3302 1126 3623 1195 accipimus,

2060 1212 2124 1266 ad
2200 1228 2365 1281 quam
2436 1221 2598 1268 recta:
2664 1216 3019 1285 honestaeque
3104 1218 3352 1272 actiones
3419 1226 3624 1271 nostrae

2060 1317 2252 1358 omnes
2277 1305 2526 1385 tendunt,
2558 1306 2646 1359 ille
2669 1307 2979 1360 nominatus
3002 1317 3085 1362 est
3117 1323 3147 1361 a
3171 1307 3339 1361 Paulo
3365 1308 3446 1368 ³⁸;
3480 1317 3533 1361 et
3568 1309 3625 1361 in

2060 1394 2331 1463 principio
2381 1395 2623 1473 hujusce
2669 1398 2788 1452 vitae
2858 1399 3070 1451 aedilicii
3124 1398 3271 1467 quod
3339 1399 3405 1452 ad
3446 1400 3624 1469 ipsum

2058 1485 2355 1555 dirigitur,
2426 1486 2644 1552 fides”,
2705 1488 2757 1541 iu
2810 1503 2918 1556 qua
2985 1489 3109 1542 vita:
3172 1490 3437 1559 principia
3489 1498 3626 1541 tan—-

2062 1592 2226 1646 quam
2296 1577 2646 1634 fundamenta
2699 1579 2956 1648 jacimus.
3024 1588 3078 1634 et
3140 1579 3472 1649 quotidianis
3513 1578 3629 1631 θαί-

2061 1667 2164 1722 ciis
2227 1683 2392 1738 puras
2452 1675 2568 1722 tum
2634 1668 2993 1737 cogitatiooes
3056 1678 3168 1722 tum
3228 1668 3472 1723 actiones
3533 1683 3631 1719 no~

385 1758 563 1828 ἡμῶν,
599 1758 691 1811 καὶ
718 1758 805 1811 διὰ
850 1758 1229 1828 καθημερινῶν
1254 1755 1692 1827 κατορθωμάτων
1732 1755 1827 1818 τὰς
1857 1772 1954 1808 κα-

2060 1766 2203 1813 stras
2256 1759 2624 1823 model-amur,
2683 1771 2846 1829 atque
2893 1758 2989 1823 ita,
3026 1758 3188 1828 'quod
3251 1759 3491 1813 universi
3540 1769 3627 1813 est

386 1850 557 1921 θαράς
581 1850 787 1913 ἑννοίας
808 1866 867 1902 τε
890 1850 983 1901 καὶ
1005 1849 1282 1919 ἐνεργείας
1311 1846 1764 1917 νομοθετούντων,
1789 1845 1961 1907 οὑτως

389 1942 421 2011 ἠ
461 1938 553 1993 τοῦ
600 1942 799 2003 παντὸς
838 1938 1043 2009 κεφαλὴ
1087 1941 1181 1993 καὶ
1213 1938 1454 2009 ἡμετέρα
1496 1938 1700 2006 γίνεται
1731 1935 1958 2006 κεφαλὴ,

390 2032 501 2093 τοῖς
531 2028 623 2082 δύο
666 2030 763 2099 τῆς
806 2030 950 2097 ζωῆς
999 2028 1154 2100 ήμῶν
1202 2029 1420 2099 τοίχοις,
1465 2031 1574 2091 τοῖς
1617 2044 1677 2079 τε
1711 2027 1852 2081 κατά
1900 2026 1963 2079 τὸ

388 2121 545 2191 σῶμα
576 2122 670 2173 καὶ
692 2122 788 2192 τὴν
820 2121 1016 2191 ψυχὴν,
1048 2120 1114 2173 δι’
1142 2119 1554 2191 εὐσχημοσύνης
1592 2120 1684 2172 καὶ
1716 2116 1959 2186 καθαρό-

385 2227 546 2281 τητος
574 2214 1129 2283 ἐποικοδομουμένοις,
1164 2213 1251 2266 διὰ
1288 2213 1388 2281 τῆς
1420 2211 1649 2279 ἀγωνίου
1692 2212 1962 2281 συμφυΐας

386 2302 584 2374 ἑαυτὴν
615 2304 1015 2373 ὲφαρμόζουσα.
1062 2306 1147 2366 Ὠς
1180 2304 1274 2356 ὲάν
1302 2304 1523 2373 ἐλλείπῃ
1553 2302 1612 2354 τὸ
1640 2303 1822 2372 ἕτερον
1852 2303 1960 2354 τῶν

385 2394 852 2463 οἰκοδομημάτων,
882 2395 1000 2463 ἦτοι
1025 2393 1126 2463 τῆς
1166 2394 1304 2447 κατά
1332 2394 1393 2446 τὸ
1420 2393 1740 2463 φαινόμενον
1768 2393 1963 2463 εὐσχη-

394 2483 629 2554 μοσύνης
654 2487 719 2554 τῇ
745 2484 841 2554 τῆς
865 2483 1044 2554 ψυχῆς
1072 2482 1401 2555 καθαρότητι
1450 2483 1523 2553 μὴ
1558 2482 1961 2552 συνοικοδομου-

393 2575 580 2644 μένης,
634 2573 801 2644 ἢτῆς
862 2574 1097 2645 ψυχικῆς
1153 2573 1352 2643 ἀρετῆς
1404 2572 1483 2644 τῷ
1531 2572 1836 2643 φαινομένῳ
1887 2574 1961 2645 μὴ

391 2662 821 2735 συμϐαινούσης,
852 2665 951 2717 οὑκ
992 2665 1058 2717 ἂν
1085 2664 1292 2731 γένοιτο
1322 2662 1415 2717 τοῦ
1447 2664 1733 2735 ήμιτελοῦς
1773 2665 1960 2719 τούτου

390 2755 505 2825 βίου
532 2754 740 2822 κεφαλὴ
766 2756 793 2807 6
821 2753 1071 2824 Χριστὸς,
1122 2757 1149 2806 6
1197 2754 1330 2825 μόνῃ
1361 2758 1425 2825 τῇ
1454 2756 1612 2825 διπλῇ
1641 2772 1698 2807 τε
1726 2756 1819 2808 καὶ
1849 2757 1960 2809 δια-

388 2844 559 2916 γωνίᾳ
591 2844 866 2916 οἰκοδομίᾳ
910 2845 1101 2896 ἑαυτὸν
1144 2845 1499 2915 ἑφαρμὸζωνο
1526 2846 1646 2899 οὑδὲ
1693 2846 1801 2917 γάρ
1846 2848 1960 2899 ἐστι

386 2936 626 2999 δυνατὸν,
673 2936 839 3006 χωρὶς
885 2935 984 3005 τῆς
1023 2936 1132 2988 τῶν
1171 2935 1262 2989 δύο
1292 2937 1486 3007 τοίχων
1536 2936 1829 3007 συμϐολῆς,
1861 2955 1962 3006 γω-

388 3025 503 3087 νίας
541 3024 811 3093 γενέσθαι.
847 3025 976 3077 Τότε
1011 3021 1103 3079 οῦν
1144 3027 1522 3096 ἐπιτεθήσεται
1563 3027 1640 3097 τῷ
1680 3028 1960 3099 οἰκοδομή-

2063 1857 2246 1917 caput,
2274 1861 2521 1904 nostrum
2545 1850 2709 1904 etiam
2746 1858 2911 1919 caput
2947 1850 3197 1916 edicitur,
3240 1865 3366 1905 cum
3412 1852 3628 1907 duobus

2063 1938 2186 1992 vitae
2214 1946 2432 2003 nostrae,
2461 1938 2710 2009 corporis
2740 1938 2996 1993 videlicet
3018 1948 3183 2009 atque
3213 1938 3403 2003 animi,
3451 1940 3626 1994 muris

2063 2044 2158 2098 per
2186 2030 2522 2086 honestatem
2557 2038 2613 2085 et
2660 2031 2949 2101 puritatem
2998 2030 3334 2085 constructis
3377 2030 3629 2099 angulari

2061 2121 2449 2188 conjunctione
2475 2128 2599 2190 apte
2628 2122 2886 2177 cohaeret.
2916 2121 3070 2187 Quod
3115 2123 3162 2176 si
3191 2122 3361 2175 altera
3384 2135 3511 2191 pars
3540 2120 3632 2175 de-

2062 2212 2405 2277 sitaediﬁcio,
2444 2222 2502 2268 ut
2529 2214 2614 2268 vel
2649 2213 2817 2268 animi
2871 2213 3084 2282 puritas
3128 2213 3483 2282 conspicuam
3531 2227 3632 2266 ex-

2063 2304 2337 2359 trinsecus
2365 2304 2703 2359 honestatem
2732 2320 2840 2357 non
2878 2302 3094 2365 habeat,
3117 2304 3203 2358 vel
3231 2303 3347 2357 haec
3380 2317 3503 2372 quae
3549 2303 3628 2356 vi-

2061 2395 2220 2449 detur
2240 2396 2406 2449 animi
2432 2400 2633 2449 virtute
2658 2402 2834 2459 vacet,
2856 2394 2977 2464 ejus
3020 2407 3225 2447 manca:
3252 2392 3630 2462 inchoatasque

2062 2489 2183 2541 vitae
2216 2495 2380 2556 caput
2425 2501 2529 2539 non
2567 2486 2671 2540 erit
2699 2485 2975 2549 Christus,
3028 2485 3231 2554 quippe
3283 2484 3377 2553 qui
3424 2484 3629 2553 duplici

2065 2577 2425 2647 angularique
2468 2576 2689 2630 fabricae
2720 2574 3096 2629 tantummodo
3138 2575 3401 2644 quadrat;
3455 2589 3632 2642 neque

2062 2668 2227 2727 enim,
2282 2667 2382 2721 nisi
2411 2666 2520 2720 duo
2548 2670 2881 2719 concurrant
2925 2663 3179 2732 parietes,
3227 2663 3459 2732 angulus
3512 2661 3629 2715 fieri

2064 2766 2260 2825 potest.
2289 2757 2466 2820 Quare
2497 2763 2628 2810 ttmc
2657 2756 2966 2826 imponetur
2988 2754 3217 2809 aedilicio
3249 2763 3436 2808 nostro
3480 2768 3632 2808 sum-

2066 2848 2137 2900 ιιιὶ
2183 2848 2463 2915 augularis
2499 2846 2706 2915 fastigii
2752 2846 3122 2916 pulchritudo,
3143 2860 3267 2897 cum
3309 2860 3371 2898 ex
3402 2852 3633 2914 utraque

2064 2944 2215 3006 parte
2265 2937 2329 2990 ad
2389 2945 2590 2991 rectam
2640 2936 2856 2990 virtutis
2890 2950 3138 2989 normam
3179 2937 3375 3005 duplex
3420 2937 3532 2990 vita
3576 2949 3633 2992 et

2067 3038 2233 3088 recta.
2260 3037 2313 3082 et
2342 3037 2626 3090 constans,
2654 3034 2709 3081 et
2730 3027 2867 3080 nihil
2893 3027 3100 3096 obliqui
3114 3029 3377 3097 curvique
3398 3028 3628 3092 habens,

390 3131 520 3184 ματι
551 3114 706 3185 ήμῶν
731 3113 823 3168 τοῦ
851 3115 1242 3184 ἀκρογωνιαίου
1279 3116 1339 3168 τὸ
1381 3115 1592 3181 κάλλος,
1635 3118 1758 3171 ὅταν
1787 3120 1958 3189 ἀμφο-

2063 3120 2452 3189 perpendiculo
2479 3119 2748 3173 concinne
2767 3118 2872 3173 erit
2897 3119 3319 3173 accommodata.

386 3210 620 3281 τέρωθεν
645 3210 736 3262 τὸν
776 3208 932 3278 ὀρθὸν
962 3208 1055 3261 τοῦ
1101 3210 1213 3278 βίου
1245 3210 1444 3263 κανόνα
1470 3212 1536 3280 τῇ
1574 3210 1682 3263 τῶν
1719 3210 1927 3280 ἀρετῶν
1969 3212 2194 3281 σπάρτῳ
2237 3210 2480 3281 ἀποταθῇ
2512 3210 2844 3281 ὲναρμονίως
2890 3212 2919 3263 6
2962 3210 3178 3273 διπλοῦς
3219 3210 3349 3279 βίος,
3389 3212 3547 3284 ὁρθος
3573 3228 3632 3268 τι

387 3304 481 3357 καὶ
501 3303 875 3372 ἀδιάστροφος,
904 3303 995 3353 καὶ
1020 3301 1167 3353 οὐδὲν
1200 3301 1336 3371 ἔχων
1364 3303 1420 3353 ἐν
1448 3300 1625 3371 ἐαυτῷ
1654 3301 1861 3354 σκολιὸν
1898 3302 1931 3371 ἢ
1960 3300 2471 3371 κατηγκυλωμένον.

458 3393 653 3445 Είκόνα
693 3391 748 3444 δὲ
784 3391 874 3443 τοῦ
903 3391 1033 3444 Θεοῦ
1060 3392 1151 3444 τοῦ
1192 3391 1420 3462 ἀοράτου
1450 3392 1537 3444 τὸν
1571 3392 1802 3462 Χριστὸν
1840 3393 1951 3445 ὀνο-

391 3484 574 3555 μάζων
612 3486 641 3536 6
690 3482 918 3547 Παῦλος,
953 3482 1045 3536 τὸν
1093 3483 1184 3534 ἐπὶ
1233 3483 1448 3536 πάντων
1486 3483 1617 3536 Θεὸν
1661 3484 1753 3537 καὶ
1787 3484 1959 3553 μέγαν

386 3575 517 3627 Θεόν
536 3591 549 3605 ’
578 3574 673 3627 καί
696 3572 919 3635 ταύταις
950 3572 1059 3643 γὰρ
1083 3575 1202 3635 ταῖς
1232 3576 1435 3641 φωναῖς
1463 3573 1831 3644 ἀνακηρύσσει
1864 3573 1957 3627 τοῦ

387 3664 638 3737 ἀληθινοῦ
677 3665 942 3717 Δεσπότου
965 3664 1027 3717 τὸ
1055 3664 1356 3735 μεγαλεῖον,
1390 3663 1562 3732 λέγων
1581 3682 1595 3696 ·
1629 3664 1765 3718 «Τοῦ
1793 3666 1956 3736 μεγά-

387 3758 480 3811 λου
515 3756 647 3809 Θεοῦ
676 3756 768 3809 καὶ
798 3755 1046 3825 Σωτῆρος
1081 3754 1235 3825 ἡμῶν
1269 3754 1442 3824 Ἰησοῦ
1476 3755 1740 3825 Χριστοῦο
1780 3774 1797 3807 ι
1838 3757 1952 3817 καὶ,

393 3869 411 3899 ι
457 3846 544 3912 Ἐξ
575 3844 648 3900 ὧν
673 3849 701 3900 6
726 3846 977 3917 Χριστὸς,
1015 3848 1073 3899 τὸ
1095 3846 1234 3899 κατά
1262 3845 1458 3914 σάρκα,
1481 3847 1509 3898 6
1530 3845 1604 3900 ῶν
1629 3847 1719 3898 ἐπὶ
1742 3848 1955 3900 πάντων

386 3940 538 4003 Θεὸς,
574 3940 859 4009 εὐλογητὸς
889 3940 966 4003 εἰς
1005 3940 1128 4001 τοὺς
1155 3938 1353 4001 αἰῶνας
1374 3955 1386 3968 ο
1413 3958 1432 3988 ι
1474 3938 1645 3992 ταῦτα
1668 3936 1759 3993 οὖν
1785 3940 1956 4007 λέγων

388 4050 490 4085 που
514 4072 527 4093 ,
565 4032 804 4085 παιδεύει
831 4030 917 4084 διά
956 4028 1062 4082 τῶν
1104 4030 1409 4099 λεγομένων
1439 4032 1603 4099 ἡμᾶς,
1646 4032 1728 4083 ὅτι
1766 4032 1853 4084 ἀεὶ
1881 4030 1957 4083 ὢν

362 4123 521 4192 ὅπερ
567 4122 712 4174 ἐστὶν
758 4121 906 4189 (ἔστι
945 4121 999 4173 δὲ
1046 4122 1237 4182 ἐκεῖνο,
1288 4121 1425 4189 ὅπερ
1473 4121 1501 4173 6
1547 4115 1621 4173 ῶν
1674 4121 1956 4174 ἐπίσταται

392 4212 610 4283 μόνος),
660 4212 757 4280 τῆς
806 4212 861 4265 δὲ
901 4212 1243 4283 ἀνθρωπίνης
1286 4212 1674 4283 καταλήψεως,

388 4304 535 4375 αὐτῷ
565 4305 650 4358 διὰ
683 4305 964 4375 προκοπῆς
1006 4303 1337 4374 προσεγγίζῃ
1382 4306 1411 4356 6
1456 4304 1523 4356 τὰ
1570 4304 1681 4357 ἄνω
1719 4304 1951 4374 φρονῶν,

388 4395 615 4448 πάντοτε
649 4394 727 4463 τῷ
758 4397 854 4464 ἴσῳ
886 4395 1067 4463 μέτρῳ
1095 4396 1551 4465 ὑπερανέστηκεν.
1582 4387 1749 4456 Οὗτος
1781 4394 1956 4447 τοίνυν

390 4485 709 4552 ὑπερέκεινα
754 4487 933 4554 πάσης
973 4484 1224 4551 γνώσεώς
1264 4502 1321 4536 τε
1364 4486 1456 4538 καὶ
1506 4486 1881 4556 καταλήψεως.
1929 4489 1957 4538 6

388 4575 661 4644 ἇφραστός
697 4593 753 4627 τε
790 4578 882 4628 καὶ
918 4575 1274 4646 ἀνεκλάλητος
1310 4578 1402 4629 καὶ
1440 4576 1747 4646 ἀδιήγητος,
1783 4578 1868 4630 ἵνα
1899 4594 1957 4629 σε

391 4671 589 4736 ποιήσῃ
614 4667 770 4718 πάλιν
810 4667 992 4719 εἰκόνα
1030 4666 1184 4726 Θεοῦ,
1218 4668 1309 4719 καὶ
1338 4667 1498 4729 αὑτὸς
1531 4667 1632 4719 ὑπὸ
1655 4666 1955 4737 φιλανθρω-

390 4756 516 4818 πίας
554 4757 769 4824 ἑγένετο
798 4756 957 4810 εἰκὼν
987 4756 1078 4810 τοῦ
1112 4757 1246 4810 Θεοῦ
1282 4756 1375 4810 τοῦ
1414 4757 1645 4827 ἀοράτου
1667 4774 1681 4787 ·
1720 4756 1858 4809 ῶστε
1889 4760 1953 4826 τῇ

393 4848 497 4919 ἰδία
524 4852 724 4919 μορφῇ,
748 4849 814 4918 ἢν
847 4849 1123 4909 ἀνέλαϐεν,
1162 4850 1219 4900 ἐν
1243 4849 1322 4901 σοὶ
1360 4849 1729 4919 μορφωθῆναι,
1768 4848 1861 4900 καὶ
1898 4848 1955 4899 σὲ

388 4940 547 4994 πάλιν
583 4942 649 4995 δι’
686 4941 875 4994 ἑαυτοῦ
910 4941 1043 5012 πρὸς
1067 4940 1156 4993 τὸν
1178 4944 1499 5012 χαρακτῆρα
1526 4939 1619 4993 τοῦ
1650 4938 1955 5010 ἀρχετύπου

389 5032 889 5103 συσχηματισθῆναι
934 5032 1192 5094 κάλλους,
1241 5035 1319 5093 εἰς
1373 5031 1433 5082 τὸ
1500 5030 1780 5097 γενέσθαι,
1822 5030 1956 5098 ὅπερ

385 5118 453 5193 ἧς
480 5123 539 5187 ἐξ
569 5124 758 5194 ἀρχῆς.
787 5123 994 5175 Οὑκοῦν
1019 5125 1067 5175 εἰ
1101 5122 1381 5193 μέλλοιμεν
1416 5121 1659 5189 γίνεσθαι
1677 5120 1769 5174 καὶ
1797 5121 1956 5190 ἡμεῖς

388 5216 546 5267 εἰκὼν
588 5214 680 5267 τοῦ
738 5214 871 5267 Θεοῦ
919 5213 1012 5267 τοῦ
1058 5215 1325 5285 ἀοράτου,
1373 5213 1503 5281 πρὸς
1540 5214 1600 5264 τὸ
1640 5212 1954 5280 ἐκκείμενον

387 5306 515 5375 ἡμῖν
544 5303 637 5358 τοῦ
671 5304 786 5374 βίου
822 5305 1123 5373 ὑπόδειγμα
1169 5303 1465 5355 τυποῦσθαι
1500 5305 1643 5372 ζωῆς
1692 5303 1954 5372 προσήκει

386 5396 480 5466 τῆς
510 5395 667 5467 ἡμῶν
694 5395 754 5449 τὸ
783 5391 948 5459 εἶδοςο
983 5395 1139 5447 τοῦτο
1175 5394 1231 5447 δέ
1267 5397 1379 5447 ἐστι
1412 5395 1495 5459 τί;
1523 5394 1584 5447 τὸ
1631 5395 1792 5464 σαρκὶ
1825 5393 1957 5458 ζῶν-

476 5594 561 5646 ⁸⁸1
596 5595 724 5649 Cor.
753 5611 832 5657 ιιι,
872 5595 951 5647 Η).
1030 5594 1075 5624 ³⁸
1098 5594 1295 5662 Ephes.
1326 5610 1384 5659 ll,
1416 5594 1505 5651 ει).
1584 5595 1625 5625 ³⁷
1658 5593 1790 5648 Luc.
1826 5609 1916 5658 xx,
1958 5594 2039 5647 17.

386 5664 427 5697 ⁸¹
451 5662 558 5718 Tit.
595 5681 651 5729 ιι,
690 5666 773 5718 13.
852 5663 893 5696 ’δ’
917 5663 1071 5717 Rom.
1109 5664 1260 5728 “,5.

2136 3392 2203 3444 At
2254 3407 2380 3446 vero
2432 3406 2556 3444 cum
2604 3391 2693 3445 Dei
2750 3390 3042 3447 invisibilis
3103 3391 3392 3462 imaginem
3431 3394 3632 3453 Paulus

2060 3482 2337 3536 Christum
2373 3482 2607 3552 appellat
2632 3481 2699 3543 ω,
2753 3489 2807 3535 et
2836 3480 2889 3535 in
2924 3482 3180 3537 omnibus
3213 3483 3381 3538 Deum
3426 3494 3480 3539 et
3515 3502 3631 3541 ma-

2061 3589 2226 3643 gntm
2257 3573 2422 3628 Deum
2448 3574 2467 3643 (
2498 3573 2582 3627 his
2607 3572 2749 3627 enim
2777 3573 3000 3628 vocibus
3038 3574 3151 3628 veri
3179 3574 3388 3629 Domini
3421 3579 3632 3647 magni-

2053 3665 2297 3718 tudinem
2357 3664 2612 3734 praedicat
2637 3703 2651 3727 ,
2691 3682 2708 3712 ι
2750 3662 2946 3734 Magni,
2988 3685 3006 3716 ι
3042 3666 3311 3731 inquiens,
3349 3687 3368 3718 ι
3408 3668 3540 3733 Dei,
3577 3677 3632 3725 et

2059 3755 2357 3810 Salvatoris
2406 3755 2575 3808 nostri
2625 3753 2751 3809 Jcsu
2788 3753 2989 3809 Christi
3025 3757 3109 3823 ⁴⁵¹;
3153 3778 3169 3808 ι
3203 3766 3279 3822 et,
3314 3778 3331 3809 ι
3372 3759 3449 3813 Ex
3500 3761 3629 3829 qui-

2059 3847 2161 3903 bus
2246 3846 2502 3901 Christus
2568 3845 2865 3899 secundum
2942 3861 3203 3912 carnem,
3261 3851 3353 3918 qui
3419 3859 3503 3905 est.
3572 3852 3628 3907 in

2058 3939 2315 3991 omnibus
2384 3936 2525 3990 Deus
2582 3934 2902 3990 benedictus
2963 3937 3011 3990 iu
3074 3940 3270 3992 smcula
3293 3944 3339 3971 δ’
3377 3960 3396 3991 ι
3433 3947 3487 4008 ),
3530 3958 3630 3997 nos

2060 4030 2238 4087 tloret,
2290 4042 2413 4079 eum
2492 4039 2705 4093 semper
2756 4039 2917 4086 esse,
2961 4027 3050 4093 qui
3113 4036 3215 4082 est.
3271 4028 3362 4083 Est
3445 4038 3628 4086 autem

2061 4121 2149 4173 ille
2182 4118 2372 4185 major,
2407 4131 2569 4185 quam
2626 4122 2682 4167 ut
2714 4113 2950 4169 humana
3005 4126 3185 4172 mente
3238 4121 3626 4188 comprehendi

1719 4213 1822 4266 κᾶν
1870 4214 1955 4266 ἀεὶ
1992 4208 2031 4261 D
2063 4211 2271 4280 possit,
2335 4208 2380 4261 si
2431 4223 2615 4260 secum
2670 4208 2784 4278 ipse
2844 4220 3122 4273 versetur,
3172 4226 3266 4279 per
3313 4210 3627 4267 felicitatem

2061 4301 2304 4356 caelestia
2347 4300 2589 4353 sentiens
2619 4338 2632 4361 ,
2690 4312 2744 4353 et
2802 4301 3064 4370 aequalem
3128 4300 3366 4370 undique
3409 4318 3628 4358 mensu-

2060 4407 2197 4445 ram.
2265 4389 2364 4443 Hic
2409 4391 2573 4459 igitur
2651 4391 2808 4461 longe
2877 4392 3271 4461 praestantior,
3332 4408 3494 4462 quam
3571 4403 3629 4448 ut

2060 4482 2296 4534 humana
2358 4481 2673 4549 cognitione
2728 4482 3242 4552 comprehendatur,
3301 4484 3394 4554 qui
3459 4485 3627 4540 nullis

2058 4574 2260 4639 verbis,
2328 4575 2475 4628 nulla
2524 4575 2790 4641 oratione,
2838 4577 2986 4630 nulla
3038 4579 3089 4631 vi
3135 4579 3280 4643 dici,
3337 4582 3624 4644 enarrari,

2058 4664 2394 4717 declararive
2438 4672 2653 4733 potest,
2711 4674 2771 4717 ut
2815 4674 2866 4719 te
2913 4681 3140 4735 prorsus
3190 4668 3392 4724 faceret
3442 4671 3630 4741 imagi-

2060 4770 2180 4807 nem
2231 4752 2323 4807 Dei
2358 4794 2371 4815 ,
2417 4755 2534 4822 ipse
2575 4772 2673 4823 pro
2713 4770 2812 4811 sua
2859 4772 2985 4826 erga
3060 4759 3332 4815 hominem
3392 4761 3627 4816 benevo-

2062 4845 2223 4897 lentia
2278 4843 2454 4899 factus
2498 4853 2583 4898 est
2637 4847 2813 4916 imago
2876 4846 2966 4900 Dei
3002 4849 3312 4912 invisibilis,
3361 4850 3462 4905 hoc
3521 4860 3627 4913 est,

2058 4935 2126 4988 ad
2191 4935 2441 4989 humana:
2499 4944 2710 4989 natura)
2766 4953 3077 4993 mensuram
3132 4954 3255 4994 sese
3295 4940 3534 5002 demisit.
3569 4950 3629 4997 ut

2060 5043 2160 5081 nos
2209 5027 2615 5081 adrdivinitatis
2650 5043 2963 5083 mensuram
2995 5031 3341 5085 extollamur.
3372 5029 3449 5085 Ea
3480 5034 3628 5087 enim

2061 5117 2228 5171 fuerit
2287 5119 2585 5188 negotiatio
2647 5118 2769 5172 Filii
2820 5118 2959 5185 Dei,
3014 5128 3072 5174 ut
3136 5123 3352 5191 propria
3411 5123 3627 5191 forma,

2056 5224 2217 5278 quam
2249 5210 2500 5278 smnpsit,
2532 5208 2755 5264 effectus
2786 5211 2950 5265 homo
2972 5250 2986 5275 ,
3020 5228 3080 5266 se
3108 5228 3302 5269 rursus
3352 5215 3417 5269 ad
3448 5231 3631 5270 exem-

2058 5300 2225 5369 plaris
2264 5298 2684 5368 pulchritudinis
2727 5300 2949 5368 figuram
2985 5300 3277 5373 efﬁngeret,
3306 5311 3363 5356 ut
3392 5315 3538 5359 esset
3577 5304 3629 5358 id

2057 5391 2200 5460 quod
2262 5390 2416 5443 initio
2458 5388 2657 5445 fuerat.
2717 5390 2950 5447 Proinde
3011 5403 3072 5446 ut
3119 5409 3220 5449 nos
3285 5394 3415 5451 item
3459 5396 3629 5452 simus

2148 5593 2191 5626 ³⁸
2259 5594 2383 5650 Cor.
2417 5609 2457 5660 ι,
2491 5593 2542 5647 7.
2620 5594 2663 5629 ”
2697 5592 2817 5647 Gal.
2850 5608 2932 5662 ιιι,
2964 5594 2997 5649 5
3023 5607 3145 5665 sqq.
3241 5596 3286 5627 ⁸ο
3306 5594 3424 5650 Col.
3459 5609 3497 5657 ι,
3532 5593 3635 5659 16.
