4096 6354
492 301 594 356 9.71

1756 291 1813 346 S.
1855 287 2181 346 GREGORII
2218 288 2260 342 N
2273 289 2513 345 YSSENI

3641 288 3749 343 979.

498 413 681 481 imago
718 409 1010 466 invisibilis
1051 407 1181 475 Dei,
1212 407 1278 462 ad
1311 405 1652 477 propositum
1677 405 1836 460 nobis
1881 419 2067 459 exenu

2170 422 2288 470 τας,
2338 406 2412 476 μὴ
2461 403 2601 458 κατὰ
2643 403 2823 476 σάρκα
2867 403 2986 475 ζῇν.
3032 403 3141 456 Καὶ
3171 401 3282 473 γάρ
3319 403 3354 471 ἡ
3396 401 3747 472 πρωτότυπος

491 505 611 574 plar
645 503 770 556 vita:
800 510 988 556 nostra
1018 500 1232 555 vivendi
1273 502 1414 554 ratio
1459 497 1809 568 exprimenda
1837 504 1920 551 est
1953 514 1966 549 :
2001 511 2068 551 eo

491 595 746 648 nimirum
772 600 954 662 pacto,
991 600 1051 645 ut
1078 592 1134 645 in
1168 605 1334 646 carne
1371 591 1633 653 viventes,
1667 588 1886 643 minime
1914 587 2067 641 viva-

492 699 614 739 mus
650 683 949 738 secundum
984 683 1282 745 carnem",
1313 681 1577 751 siquidem
1608 688 1660 734 et
1693 679 1946 748 princeps
1974 677 2068 731 illa

493 774 583 829 Dei
625 773 913 828 invisibilis
943 772 1141 842 imago,
1167 787 1287 842 qua:
1312 773 1376 825 ad
1409 786 1508 826 nos
1544 785 1639 840 per
1669 767 1944 839 Virginem
1973 783 2068 838 ap-

493 867 896 936 propinquavit,
931 881 1026 934 per
1069 865 1250 919 omnia
1283 863 1350 918 ad
1389 865 1639 918 humana:
1672 870 1878 916 natura:
1915 860 2068 916 simi-

494 957 775 1011 litudinem
821 965 1048 1010 eatenus
1098 963 1300 1009 tentata
1351 962 1455 1016 est,
1505 960 1564 1004 ut
1605 951 1809 1005 nullum
1861 950 2067 1020 peccati

492 1049 922 1118 experimentum
967 1046 1289 1115 susceperit.
1341 1064 1359 1096 ι
1397 1045 1496 1110 Qui
1534 1052 1812 1114 peccatum
1848 1057 1956 1096 non
1991 1040 2068 1096 fe-

491 1139 587 1202 cit,
619 1153 720 1192 nec
749 1138 1002 1192 inventus
1034 1144 1118 1191 est
1159 1137 1320 1191 dolus
1357 1137 1410 1190 in
1448 1151 1543 1190 ore
1578 1136 1698 1204 ejus
1716 1135 1782 1188 “.
1815 1153 1832 1186 ι
1865 1133 2066 1198 Quem-

491 1228 782 1282 admodum
817 1229 979 1298 igitur
1013 1228 1056 1282 si
1089 1228 1343 1298 pingendi
1372 1236 1542 1282 artem
1574 1225 1928 1288 disceremus,
1954 1240 2069 1278 rna-

489 1318 659 1388 gister
685 1318 920 1387 aliquam
951 1319 1107 1371 nobis
1139 1317 1497 1386 pulcherrime
1528 1316 1795 1386 depictam
1834 1312 2064 1367 formam

491 1409 544 1461 iu
571 1408 754 1462 tabula
793 1416 1138 1477 proponeret,
1167 1407 1324 1478 cujus
1352 1425 1404 1462 ιη
1435 1423 1531 1462 sua
1558 1423 1826 1478 quemque
1855 1406 2066 1476 pictura

487 1509 760 1569 oporteret
791 1500 1250 1568 pulchritudinem
1276 1500 1498 1562 imitari,
1522 1508 1580 1553 ut
1608 1499 1849 1554 omnium
1873 1496 2068 1550 tabulae

489 1591 556 1644 ad
595 1600 929 1661 propositum
980 1591 1398 1661 pulchritudinis
1449 1590 1724 1654 exemplar
1758 1589 2067 1658 expoliren-

489 1691 611 1736 tur:
637 1683 738 1745 sic,
761 1682 1017 1751 quoniam
1053 1697 1166 1736 sua:
1192 1684 1422 1752 quisque
1449 1683 1573 1735 vita:
1614 1681 1784 1751 pictor
1822 1679 2062 1741 exsistit,

2169 497 2347 567 ἐκείνη
2378 494 2472 549 τοῦ
2506 496 2737 568 ἀοράτου
2768 494 2904 549 Θεοῦ
2933 493 3118 558 εἰκὼν,
3163 493 3197 562 ἠ
3225 493 3314 546 διὰ
3350 491 3448 562 τῆς
3472 491 3747 562 Παρθένου

2168 585 2569 656 ἐπιδημήσασα,
2599 585 2865 656 ἐπειράθη
2891 585 2990 656 μέν
3013 583 3156 638 κατὰ
3181 583 3362 639 πάντα
3380 625 3394 648 ,
3423 583 3544 636 καθ’
3572 583 3750 652 ὁμοιό-

2166 693 2303 748 τητα
2323 675 2422 747 τῆς
2444 675 2788 746 ἀνθρωπίνης
2812 676 3046 745 φύσεως,
3073 677 3240 746 μόνης
3270 675 3313 728 δ’
3333 675 3392 727 οὐ
3421 673 3749 744 παρεδέξατο

2165 767 2265 838 τῆς
2303 767 2576 837 ἁμαρτίας
2615 766 2712 838 τὴν
2757 769 2971 834 πεῖραν.
3007 768 3138 829 ιὋς
3182 764 3450 836 ἁμαρτίαν
3489 763 3598 834 γὰρ
3648 763 3749 815 οὐκ

2167 858 2411 928 ἐποίησε,
2443 878 2461 911 ι
2496 860 2679 928 φησιν,
2721 879 2739 910 ι
2766 859 2875 912 οὐδ’
2894 857 3095 928 εὑρέθη
3129 856 3280 920 δόλος
3311 857 3369 909 ἐν
3403 854 3480 926 τῷ
3521 854 3748 924 στόματι

2167 950 2352 1004 αὑτοῦ.
2379 970 2398 1002 ι
2417 952 2624 1020 ’Ὥσπερ
2665 951 2864 1013 τοίνυν,
2888 952 2935 1002 εἰ
2968 949 3066 1020 τὴν
3091 949 3444 1018 ζωγραφικὴν
3470 947 3750 1000 ἐπαιδευό·

2171 1041 2309 1112 μεθα
2335 1042 2554 1112 τέχνην,
2589 1041 2877 1112 προθέντος
2911 1044 3044 1111 ἡμῖν
3080 1040 3172 1094 τοῦ
3208 1038 3528 1093 διδασκάλου
3551 1036 3748 1090 κεκαλ-

2167 1131 2517 1202 λωπισμένην
2533 1133 2653 1185 τινὰ
2677 1133 2890 1202 μορφὴν
2913 1132 3005 1185 ἐπὶ
3033 1132 3257 1193 πίνακος
3275 1148 3288 1160 ·
3319 1130 3424 1182 ἔδει
3453 1129 3667 1191 πάντως
3687 1128 3751 1180 τὸ

2167 1225 2261 1276 ἀπ’
2289 1223 2500 1294 ἐκείνης
2534 1223 2726 1286 κάλλος
2755 1222 2848 1274 ἐπὶ
2877 1223 2973 1293 τῆς
3009 1222 3144 1284 ἰδίας
3173 1222 3400 1276 ἕκαστον
3431 1220 3749 1290 ζωγραφίας

2171 1315 2535 1386 μιμήσασθαι,
2568 1315 2706 1368 ὥστε
2741 1316 2865 1378 τοὺς
2890 1315 3104 1368 πάντων
3135 1314 3368 1376 πίνακας
3393 1312 3534 1366 κατὰ
3560 1312 3619 1365 τὸ
3653 1313 3747 1365 ἐκ-

2169 1408 2418 1478 κείμενον
2440 1407 2531 1460 τοῦ
2553 1407 2776 1470 κάλλους
2796 1406 3096 1476 ὑπόδειγμα
3115 1403 3583 1473 καλλωπισθῆνᾱισ
3605 1404 3746 1457 κατὰ

2165 1498 2256 1551 τὸν
2309 1499 2469 1552 αὑτὸν
2513 1499 2748 1569 τρόπον,
2791 1497 2978 1568 ἐπειδὴ
3027 1497 3126 1567 τῆς
3178 1496 3311 1558 ἰδίας
3358 1495 3588 1557 ἔκαστός
3631 1495 3748 1546 ἐστι

2168 1587 2314 1656 ζωῆς
2367 1587 2673 1659 ζωγράφος,
2703 1589 2934 1657 τεχνῖτις
2979 1585 3036 1640 δὲ
3074 1587 3174 1656 τῆς
3214 1585 3572 1655 δημιουργίας
3612 1583 3749 1637 ταύ-

2165 1695 2264 1749 της
2303 1679 2448 1732 ἐστὶν
2479 1681 2512 1750 ἡ
2553 1678 2888 1750 προαίρεσις,
2934 1675 3198 1748 χρώματα
3237 1677 3294 1730 δὲ
3329 1676 3465 1748 πρὸς
3499 1675 3608 1747 ξτὴν
3639 1675 3745 1728 ἅτ.-

489 1772 682 1826 artifex
717 1783 893 1826 autem
939 1772 1164 1842 hujusce
1207 1773 1387 1841 operis
1427 1772 1680 1826 voluntas
1717 1778 1822 1836 est,
1855 1770 2066 1824 colores

2170 1771 2428 1842 εργασίαν
2459 1772 2557 1842 τῆς
2591 1771 2796 1833 εἰκόνος
2821 1769 3100 1840 αἰιάρεταί
3121 1786 3134 1799 ³
3170 1769 3408 1831 κίνδυνος
3437 1769 3496 1820 οὑ
3529 1767 3746 1838 μικρὸς,

457 1851 462 1854 ’
490 1876 618 1916 vero
645 1861 710 1915 ad
763 1861 1168 1930 exprimendam
1201 1861 1490 1932 imaginem
1527 1861 1756 1916 virtutes
1782 1867 1931 1926 sunt,
1955 1873 2066 1913 non

489 1953 766 2007 mediocre
795 1954 1095 2022 periculum
1134 1961 1240 2018 est,
1267 1969 1333 2008 ne
1365 1969 1394 2007 a
1438 1951 1861 2024 pulchritudinis
1893 1966 2069 2006 exem-

486 2043 624 2113 plari
676 2043 742 2096 ad
785 2055 993 2113 turpem
1042 2058 1106 2097 ac
1144 2043 1439 2098 deformem
1494 2044 1732 2114 aliquam
1782 2056 2066 2111 personam

489 2132 704 2210 recedat
733 2132 986 2197 imitatio,
1013 2144 1066 2186 et
1101 2148 1198 2202 pro
1231 2131 1442 2188 Domini
1484 2131 1654 2187 forma
1690 2131 1915 2200 eiligiem
1949 2130 2068 2182 vitii

489 2223 726 2280 sordidis
778 2225 1051 2280 coloribus
1090 2223 1498 2278 adumbremus.
1529 2222 1714 2293 Itaque
1753 2236 1850 2292 pro
1884 2229 2068 2275 nostra

488 2315 629 2369 virili
682 2315 837 2370 nobis
865 2315 1179 2369 enitendum
1212 2323 1318 2380 est,
1343 2323 1401 2368 ut
1426 2316 1686 2367 virtutum
1713 2315 1925 2368 colores
1947 2313 2068 2382 puri

489 2408 620 2470 sint,
643 2415 698 2461 et
718 2406 954 2462 scienter
982 2407 1264 2476 periteque
1293 2407 1359 2460 ad
1381 2405 1753 2474 excipiendam
1783 2405 2067 2474 imaginem

486 2498 966 2557 commisceantur,
999 2504 1058 2550 ut
1093 2497 1345 2566 imaginis
1377 2497 1554 2566 imago
1583 2498 1774 2560 simus,
1807 2504 1860 2551 et
1889 2495 2069 2562 quoad

487 2589 605 2656 ejus
639 2588 753 2642 fieri
791 2595 990 2658 potest,
1035 2588 1338 2641 imitatione
1384 2590 1669 2656 perspicua
1707 2585 2072 2656 pulchritudi-

488 2680 573 2734 nis
609 2679 918 2748 exemplum
959 2679 1350 2748 exprimamus,
1378 2688 1435 2731 ut
1473 2679 1702 2732 faciebat
1730 2677 1951 2742 Paulus,
1975 2676 2068 2745 qui

487 2786 552 2823 ex
581 2769 780 2822 virtute
807 2770 971 2822 vitam
997 2769 1307 2833 instituens,
1332 2767 1537 2821 Christi
1568 2769 1808 2822 imitator
1830 2768 1931 2822 fuit
1950 2768 2015 2818 ".
2046 2785 2065 2817 ι

488 2859 644 2926 Quod
673 2860 718 2915 si
749 2861 951 2914 clarius
985 2876 1046 2914 ea
1087 2861 1360 2930 sigillatim
1396 2859 1645 2914 oxatione
1693 2860 1944 2928 persequi
1975 2873 2070 2913 vo-

488 2953 689 3016 lumus,
718 2952 919 3021 quibus
967 2951 1227 3005 imitando
1273 2951 1561 3020 imaginem
1593 2958 2066 3017 repra'sentamus,

488 3057 629 3096 unus
680 3041 832 3095 colur
885 3049 968 3095 est
1019 3040 1318 3094 humilitas.
1381 3057 1399 3089 ι
1442 3038 1661 3101 Discite,
1699 3058 1716 3089 ι
1754 3040 1948 3108 inquit,
1988 3058 2006 3090 ι
2039 3054 2068 3092 a

486 3148 592 3198 me,
627 3133 753 3202 quia
785 3133 932 3186 mitis
961 3146 1079 3185 sum
1105 3139 1159 3186 et
1187 3131 1407 3184 humilis
1441 3129 1604 3184 corde
1628 3129 1674 3160 “
1707 3148 1720 3183 :
1758 3149 1778 3180 ι
1819 3129 1957 3184 alter
1980 3137 2066 3184 est

487 3224 765 3293 patientia,
797 3240 917 3294 qum
944 3231 1075 3293 quot
1106 3222 1282 3276 modis
1316 3224 1367 3276 in
1399 3222 1633 3291 imagine
1658 3222 1945 3276 invisibilis
1972 3219 2064 3274 Dei

487 3315 869 3384 conspicitur?
897 3317 989 3368 ubi
1042 3315 1227 3384 gladii,
1264 3323 1317 3366 et
1356 3314 1550 3376 fustes,
1591 3322 1646 3367 et
1682 3314 1917 3375 vincula,
1947 3328 2068 3366 ver-

487 3407 636 3472 bera,
669 3407 840 3476 alapis
887 3407 1117 3460 maxillae
1144 3421 1446 3476 percussae,
1483 3405 1650 3460 facies
1674 3408 1849 3475 sputis
1876 3406 2064 3469 oblita,

487 3495 700 3551 humeri
755 3496 1073 3551 verberibus
1118 3495 1327 3558 traditi,
1356 3495 1620 3564 judicium
1659 3496 1904 3566 impium,
1941 3510 2069 3549 cra-

487 3588 623 3644 detis
655 3590 945 3651 sententia,
993 3589 1192 3644 milites
1225 3588 1765 3653 subsannationibus,
1800 3587 2068 3642 irrisioni-

488 3679 613 3744 bus,
645 3679 990 3734 contumeliis
1019 3691 1071 3733 et
1109 3679 1300 3733 calami
1331 3679 1773 3748 percussionibus
1805 3678 2065 3732 immitem

489 3771 810 3826 sententiam
848 3785 945 3840 per
987 3770 1209 3826 delicias
1242 3772 1650 3833 cxacerhantcs,
1683 3770 1841 3833 clavi,
1873 3777 1926 3823 et
1972 3769 2064 3834 fel,

487 3867 543 3913 tt
581 3868 817 3926 acetum,
855 3869 908 3914 et
954 3859 1277 3928 gravissima
1315 3875 1542 3928 quasque
1594 3858 1696 3927 ipsi
1751 3857 1870 3910 sine
1901 3870 2067 3910 causa

490 3949 655 4012 illata,
691 3947 799 4002 imo
832 3964 961 4004 vero
994 3963 1092 4018 pro
1125 3947 1614 4002 inmmierahiiibns
1645 3947 1921 4001 beneficiis
1951 3944 2067 3999 red-

489 4036 601 4090 dita
629 4053 647 4090 :
673 4045 803 4090 tunc
837 4037 925 4090 ille
958 4053 1067 4107 quo
1098 4041 1256 4090 modo
1291 4038 1394 4090 ista
1426 4044 1701 4106 patrantes
1757 4036 1901 4089 ultus
1946 4035 2068 4089 est?

496 4146 520 4185 ο
543 4130 719 4195 Pater,
751 4149 769 4182 ι
816 4129 1012 4200 inquit,
1045 4149 1064 4180 ι
1097 4131 1317 4199 ignosce
1353 4131 1365 4183 i
1394 4131 1478 4193 lis,
1502 4131 1627 4199 quia
1661 4131 1906 4184 nesciunt
1935 4129 2064 4199 quid

490 4218 701 4272 faciunt
722 4217 788 4272 ⁸⁷.
822 4237 840 4269 ι
873 4217 1063 4276 Nonne
1113 4231 1321 4288 poterat
1351 4231 1540 4275 contra
1576 4236 1670 4274 eos
1699 4224 1953 4290 superius
1983 4221 2066 4274 vel

489 4311 687 4364 cmlum
728 4309 1080 4382 perfringere,
1120 4313 1202 4366 vel
1261 4315 1409 4381 ipsos
1461 4323 1621 4367 terra:
1671 4314 1911 4367 hiatibus
1941 4312 2067 4366 abo-

2170 1859 2542 1932 μεταχαράξαι
2574 1859 2668 1913 τοῦ
2703 1860 3059 1934 πρωτοτύπου
3099 1859 3328 1923 κάλλους
3370 1861 3468 1931 τὴν
3517 1860 3748 1931 μίμησιν

2166 1953 2482 2024 εἰςείδεχθές
2506 1968 2556 2004 τι
2587 1952 2680 2005 καὶ
2705 1952 2954 2022 άμοριρον
2995 1954 3336 2022 προσωπεῖον
3354 1991 3368 2014 ,
3399 1951 3486 2004 διὰ
3513 1950 3622 2002 τῶν
3650 1955 3748 2020 pu-

2168 2045 2359 2115 παρῶν
2402 2042 2728 2115 χρωμάτων,
2775 2043 2897 2096 ἀντὶ
2935 2041 3031 2096 τοῦ
3077 2040 3405 2095 Δεσποτικοῦ
3447 2041 3617 2104 εῐδους
3656 2040 3748 2093 τὸν

2167 2141 2264 2209 τῆς
2295 2139 2490 2201 κακίας
2539 2138 2860 2209 χαρακτῆρα
2894 2139 3422 2209 σκιογραφήσαντας.
3469 2137 3629 2191 Ἀλλά
3671 2137 3749 2201 ὡς

2169 2227 2283 2280 ἐστι
2335 2228 2594 2290 δυνατὸν,
2653 2226 2870 2297 καθαρά
2920 2227 3030 2280 τῶν
3077 2227 3285 2298 ἀρετῶν
3336 2227 3404 2280 τά
3461 2227 3747 2298 χρώματα,

2169 2321 2312 2376 κατά
2353 2339 2477 2376 τινα
2521 2320 2773 2391 τεχνικὴν
2811 2319 2956 2391 μίξιν
3002 2320 3136 2391 πρὸς
3186 2319 3391 2391 ἄλληλα
3437 2337 3732 2392 συγκεκραι

2173 2412 2328 2482 μένα,
2367 2411 2502 2480 πρὸς
2546 2410 2646 2481 τὴν
2694 2409 2790 2463 τοῦ
2839 2409 3071 2472 κάλλους
3123 2410 3351 2480 μίμησιν
3386 2409 3750 2480 παραλαμϐά-

2169 2523 2302 2569 νειν,
2357 2504 2497 2558 ὥστε
2542 2501 2796 2572 γενέσθαι
2829 2503 2977 2572 ἡμᾶς
3023 2501 3122 2568 τῆς
3173 2500 3384 2562 εἰκόνος
3431 2500 3632 2566 εἰκόνα,
3679 2497 3748 2553 δι’

2169 2595 2423 2666 ἐνεργοῦς
2469 2595 2541 2657 ὡς
2587 2589 2700 2646 οἷόν
2748 2609 2808 2646 τε
2859 2594 3142 2662 μιμήσεως
3198 2591 3611 2662 ἐκμαξαμένους
3688 2591 3754 2645 τὸ

2172 2685 2525 2761 πρωτότυπον
2572 2681 2787 2745 κάλλος,
2824 2681 2900 2743 ὡς
2936 2680 3106 2733 ἐποίει
3146 2680 3174 2732 ὁ
3223 2679 3450 2744 Παῦλος,
3506 2681 3748 2752 μιμητὴς

2172 2774 2268 2827 τοῦ
2321 2773 2558 2844 Χριστοῦ
2607 2772 2695 2826 διὰ
2741 2771 2832 2826 τοῦ
2870 2771 2991 2825 κατ’
3030 2770 3229 2842 ἀρετὴν
3277 2771 3394 2840 βίου
3443 2773 3746 2842 γινόμενος.

2172 2865 2235 2917 Εἰ
2273 2863 2330 2916 δὲ
2381 2863 2486 2934 χρὴ
2533 2863 2628 2916 καὶ
2661 2861 2750 2914 ’τά
2807 2859 2928 2914 καθ’
2978 2859 3205 2912 ἕκαστον
3253 2857 3621 2928 διευκρινῆσαι
3669 2857 3752 2928 τῷ

2171 2953 2335 3023 λόγῳ,
2385 2953 2454 3005 δι’
2505 2947 2580 3006 ὧν
2629 2954 2664 3022 ἡ
2711 2951 2812 3021 τῆς
2861 2950 3068 3012 εἰκόνος
3129 2950 3359 3020 μίμησις
3413 2948 3640 3017 γίνεται,
3690 2948 3749 3001 ἐν

2173 3044 2371 3114 χρῶμα
2409 3045 2442 3115 ἡ
2483 3042 2970 3114 ταπεινοφροσύνη.
3021 3061 3039 3092 ι
3094 3040 3305 3095 Μάθετε
3345 3061 3364 3093 ι
3402 3042 3531 3111 γὰρ,
3561 3041 3748 3112 φησὶν,

2180 3154 2198 3185 ι
2246 3135 2340 3188 ἀπ’
2376 3135 2532 3204 ἐμοῦ,
2566 3135 2648 3188 ὅτι
2683 3134 2858 3206 πρᾶός
2906 3135 3044 3204 εἰμι,
3092 3133 3186 3186 καὶ
3226 3133 3480 3197 ταπεινὸς
3507 3137 3573 3205 τῇ
3617 3151 3750 3206 καρ-

2171 3225 2279 3296 δίᾳ.
2333 3245 2350 3277 ι
2410 3223 2636 3296 Ἕτερον
2681 3223 2899 3294 χρῶμα,
2951 3224 2984 3294 ἡ
3033 3221 3404 3294 μακροθυμία,
3451 3225 3486 3294 ἡ
3533 3223 3652 3287 πῶς
3681 3227 3746 3296 τῇ

2172 3317 2340 3370 εἰκόνι
2384 3316 2479 3369 τοῦ
2514 3316 2744 3386 ἀοράτου
2791 3313 2930 3368 Θεοῦ
2975 3316 3330 3383 ἐπιφανείσας
3369 3316 3632 3386 Μάχαιρά
3689 3333 3749 3370 τε

2174 3409 2268 3460 καὶ
2301 3407 2453 3474 ξύλα,
2493 3407 2588 3460 καὶ
2636 3405 2809 3475 δεσμὰ
2842 3407 2936 3459 καὶ
2976 3406 3258 3475 μάστιγες,
3306 3403 3554 3472 σιαγόνος
3588 3406 3750 3475 ῥαπι-

2173 3499 2433 3567 ζόμεναι,
2489 3498 2780 3568 πρόσωπον
2826 3497 3234 3566 ἐμπτυόμενον,
3294 3494 3465 3548 νῶτον
3516 3495 3750 3565 πληγαῖς

2173 3587 2540 3658 ἐκδεδομένον,
2594 3587 2874 3657 κριτήριον
2922 3585 3134 3651 ἀσεϐὲς,
3183 3585 3456 3654 ἀπόφασις
3513 3586 3746 3656 ἀπηνὴς,

2175 3675 2502 3748 στρατιῶται
2563 3677 2660 3744 τῆς
2724 3675 3049 3746 σκυθρωπῆς
3103 3675 3426 3743 ἀποφάσεως
3478 3662 3750 3746 κατατρυο

2174 3768 2401 3837 φῶντες,
2451 3769 2509 3820 ἐν
2554 3766 2882 3836 χλευασμοῖς
2929 3767 3022 3820 καὶ
3069 3766 3372 3837 εἰρωνείαις
3412 3768 3506 3820 καὶ
3539 3771 3657 3828 ταῖς
3684 3770 3749 3820 ἐκ

2174 3859 2418 3929 καλάμου
2446 3858 2701 3929 πληγαῖς,
2724 3853 2866 3927 ἧλοι,
2888 3858 2983 3912 καὶ
3007 3857 3158 3928 χολὴ,
3188 3859 3282 3910 καὶ
3309 3855 3429 3922 ὅξος
3456 3857 3748 3911 καὶτπάντα

2172 3951 2239 4002 τά
2257 3951 2556 4014 δεινότατα,
2583 3948 2706 4002 ἄνευ
2729 3949 2906 4011 αἰτίας
2929 3947 3076 4017 αῦτῷ
3114 3949 3514 4018 προσαγόμενα,
3550 3950 3749 4018 μᾶλλον

2171 4041 2227 4094 δὲ
2278 4041 2418 4112 ὑπὲρ
2459 4041 2556 4110 τῆς
2601 4039 2939 4108 πολυτρόπου
2989 4039 3302 4110 εὐεργεσίας
3354 4040 3744 4110 άντιδιδὸμενα.

2173 4132 2268 4195 Τίς
2286 4117 2535 4186 οὖνκατὰ
2556 4129 2657 4182 τῶν
2679 4129 2848 4184 ταῦτα
2877 4129 3222 4200 ποιούντωνιή
3246 4130 3455 4200 ἄμυνας
3492 4150 3509 4181 ι
3541 4131 3744 4200 Πάτερ,

2175 4221 2524 4292 συγχώρησον
2550 4221 2734 4283 αὐτοῖς
2755 4237 2769 4250 θ
2803 4221 2863 4272 οῦ
2887 4220 2995 4290 γὰρ
3023 4219 3195 4271 οἴδασι
3229 4219 3280 4272 τί
3319 4219 3549 4273 ποιοῦσι.
3593 4241 3610 4273 ι
3655 4223 3746 4290 Μὴ

2171 4313 2270 4366 οὐκ
2301 4309 2369 4382 ἦν
2401 4311 2624 4365 δυνατὸν
2654 4311 2860 4364 ἄνωθεν
2903 4311 3084 4373 αὐτοῖς
3133 4309 3295 4362 αὑτὸν
3332 4312 3623 4383 ἐπιῤῥῆξαι
3657 4314 3748 4366 τὸν

489 4401 624 4467 iere,
660 4403 742 4458 Vel
790 4402 1066 4458 dimovere
1104 4420 1168 4459 ex
1219 4405 1450 4474 propriis
1499 4406 1746 4458 terminis
1801 4419 1981 4467 mare,
2011 4411 2065 4458 et

2171 4404 2418 4476 οὐρανὸν,
2448 4403 2484 4473 ἢ
2518 4403 2751 4472 χάσματι
2777 4402 2879 4471 γῆς
2904 4401 3221 4469 ἐξαφανίσαι
3251 4403 3377 4466 τοὺς
3406 4405 3684 4474 ὑϐριστάς,
3711 4407 3743 4475 ἢ

489 4494 840 4563 voraginibus
901 4505 1098 4548 terram
1127 4495 1493 4564 submergere,
1531 4497 1614 4548 vel
1669 4495 2061 4550 Sodomiticum

491 4584 633 4654 ignis
673 4585 898 4639 imbrem
948 4585 1235 4640 demittere
1283 4585 1445 4638 unico
1498 4587 1681 4648 verbo,
1724 4588 1802 4640 vel
1841 4585 2064 4656 aliquod

492 4675 638 4734 aliud
671 4675 926 4729 acerbum
958 4677 1280 4745 supplicium
1312 4676 1595 4745 irrogare?

559 4856 816 4909 Attamen
880 4855 992 4909 hate
1061 4853 1244 4908 omnia
1303 4857 1417 4909 mili
1484 4857 1818 4925 patientique
1882 4859 2066 4911 animo

492 4946 734 5016 pertulit,
768 4947 999 5016 vitaeque
1027 4956 1132 5000 tua:
1175 4962 1272 5016 per
1313 4949 1553 5018 seipsum
1597 4949 1745 5018 leges
1791 4950 2067 5018 patientia:

494 5036 666 5092 dedit.
706 5036 799 5092 Sic
828 5038 934 5092 alia
964 5039 1155 5092 omnia
1196 5040 1250 5092 in
1279 5040 1526 5108 principe
1549 5039 1639 5094 Dei
1674 5041 1910 5110 imagine
1941 5040 2069 5095 licet

491 5127 716 5192 intueri,
757 5127 826 5182 ad
856 5143 1018 5199 quam
1057 5130 1154 5199 qui
1180 5131 1422 5200 respicit,
1454 5142 1507 5184 et
1551 5131 1618 5184 ad
1651 5130 1772 5201 ejus
1812 5131 2071 5186 similitu-

493 5217 676 5272 dinem
743 5217 976 5273 formam
1032 5228 1263 5274 exornat
1319 5236 1496 5285 snam,
1545 5222 1661 5291 ipse
1716 5237 1934 5292 quoque
2010 5223 2069 5274 fit

494 5310 672 5380 imago
713 5310 806 5366 Dei
879 5313 1178 5369 invisibilis
1223 5329 1321 5383 per
1382 5315 1730 5369 tolerantiam
1780 5328 2066 5384 expressa.

497 5395 602 5462 Qui
634 5410 817 5455 autem
847 5401 1109 5458 Ecclesiae
1144 5414 1309 5474 caput
1344 5405 1624 5462 Christum
1650 5421 1773 5461 esse
1795 5406 1986 5460 didicit
2007 5407 2076 5469 “,

2169 4495 2488 4550 ἐπεκϐαλεῖν
2533 4493 2637 4557 ἔξω
2682 4494 2791 4546 τῶν
2828 4493 2970 4546 ἰδίων
3010 4495 3152 4564 ὅρων
3183 4497 3280 4566 τὴν
3315 4495 3607 4562 θάλασσαν,
3655 4498 3748 4550 καὶ

2167 4589 2278 4650 τοίς
2303 4587 2482 4657 βυθοίς
2506 4586 2726 4656 ποιῆσαι
2745 4585 2844 4654 τὴν
2866 4586 2967 4655 γῆν
2992 4586 3341 4656 ὑποϐρύχιον,
3361 4590 3394 4658 ἢ
3418 4588 3513 4659 τὴν
3536 4589 3748 4658 Σοδομι-

2169 4678 2324 4748 τικὴν
2356 4677 2537 4738 αὐτοῖς
2573 4675 2847 4728 ἐπιϐαλεῖν
2873 4675 2965 4728 τοῦ
3003 4677 3174 4748 πυρὸς
3205 4679 3528 4750 ἐπομϐρίαν,
3561 4680 3594 4750 ἢ
3621 4679 3748 4733 ἄλλο

2165 4785 2219 4822 τι
2253 4770 2474 4838 ποιῆσαι
2499 4767 2607 4820 τῶν
2637 4767 2976 4838 σκυθρωπῶν
3004 4769 3092 4822 διὰ
3115 4771 3568 4840 προστάγματος;

2251 4859 2411 4913 Ἀλλὰ
2454 4859 2625 4912 ταῦτα
2659 4859 2888 4929 ἤνεγκεν
2926 4861 2984 4911 ἐν
3031 4859 3294 4931 πραότητι
3332 4861 3427 4914 καὶ
3468 4859 3746 4931 μακροθυηο

2175 4951 2294 5021 μίᾳ,
2327 4952 2357 5002 ὁ
2392 4949 2469 5019 τῷ
2517 4948 2594 5019 σῷ
2633 4948 2732 5020 βίῳ
2769 4949 2836 5002 δι’
2881 4950 3074 5004 ἐαυτοῦ
3105 4950 3410 5021 νομοθετῶν
3446 4951 3505 5004 τὸ
3541 4952 3746 5022 μακρό-

2173 5042 2366 5113 θυμον.
2403 5041 2559 5095 Οῦτω
2589 5041 2682 5095 καὶ
2708 5039 2776 5094 τὰ
2810 5040 2943 5095 ἄλλα
2975 5043 3150 5096 πάντα
3177 5046 3306 5113 περὶ
3335 5046 3434 5113 τὴν
3466 5043 3746 5114 πρωτότο-

2172 5149 2273 5187 πον
2302 5131 2397 5185 τοῦ
2426 5131 2560 5184 Θεοῦ
2600 5132 2783 5185 εἰκόνα
2817 5133 2962 5186 ἐστιν
2999 5135 3145 5196 ἰδεῖν,
3179 5137 3312 5207 πρὸς
3338 5137 3406 5206 ἢν
3447 5139 3476 5190 ό
3509 5137 3743 5207 βλέπων,

2173 5224 2266 5274 καὶ
2313 5225 2431 5276 κατ’
2487 5223 2700 5292 ἐκείνην
2741 5225 2986 5294 ἐναργῶς
3027 5226 3382 5290 καλλωπίξιιιν
3422 5227 3519 5299 τὴν
3550 5227 3744 5281 ἐαυτοῦ

2175 5313 2408 5383 μορφὴν,
2443 5311 2605 5365 εἰκὼν
2628 5314 2722 5365 καὶ
2753 5313 2916 5376 αὐτὸς
2945 5314 3153 5381 γίνεται
3180 5314 3272 5368 τοῦ
3299 5315 3432 5368 Θεοῦ
3457 5315 3549 5368 τοῦ
3576 5315 3742 5385 ἀορά-

2169 5423 2284 5458 του.
2322 5405 2410 5458 διά
2445 5405 2537 5474 τῆς
2568 5403 2846 5475 ὑπομονῆς
2887 5405 3362 5477 ζωγραφούμενος.
3408 5407 3464 5459 '0
3492 5405 3548 5458 δέ
3576 5423 3743 5474 κεφα-

564 5595 782 5675 lillam.
817 5617 932 5669 vui,
968 5601 1030 5659 l2
1050 5620 1170 5675 sqq.
1249 5605 1338 5659 ⁸δοί
1369 5607 1515 5663 Pctr.
1545 5623 1607 5669 ﬂ,
1648 5605 1739 5660 2'2.
1818 5602 1903 5658 “l
1932 5603 2061 5662 Cor.

2170 5647 2179 5670 ,
2217 5606 2302 5660 ιο,
2381 5606 2424 5636 ⁸⁸
2460 5604 2649 5658 Matth.
2685 5604 2867 5672 x529.
2947 5605 2990 5636 "
3021 5603 3158 5659 Luc.
3189 5605 3456 5664 xxntu’ii.
3535 5603 3578 5636 “
3603 5602 3741 5674 Eph.

494 5681 547 5719 v.
567 5664 655 5719 25.
