4096 6354
354 388 460 442 2ἷὸ

1351 388 1437 441 DE
1468 386 1830 444 PEItFECTA
1866 388 2265 444 CHRISTiANl
2305 388 2565 445 FORMA.

3487 387 3596 443 ετι

355 502 449 571 λὴν
476 500 573 571 τῆς
617 500 935 571 Ἑκκλησξας
963 500 1050 553 τδν
1080 502 1315 571 Χριστὸν
1343 500 1479 555 εἶναι
1522 502 1728 571 μαθὼν,
1765 502 1906 555 τοῦτ(

2023 502 2156 556 illud
2199 503 2252 556 in
2291 502 2482 572 primis
2513 500 2738 571 cogitet,
2775 516 2939 554 unam
2986 516 3107 557 esse
3143 500 3341 570 capitis
3375 509 3429 557 et
3465 504 3597 558 sub-

358 592 461 660 πρὸ
496 591 709 644 πάντων
737 590 1068 657 διανοείσθω,
1092 592 1175 645 ὅτι
1198 593 1344 645 πᾶσα
1371 592 1580 663 κεφαλὴ
1604 591 1681 663 τῷ
1711 593 1924 645 ὑποκει-

358 684 502 753 μένῳ
542 680 751 753 σώματι
799 684 1044 753 ὀμοφυής
1077 684 1193 736 ἐστι
1226 684 1320 737 καὶ
1359 682 1658 754 ὁμοούσιος,
1701 683 1795 735 καὶ
1826 683 1925 751 μία

354 775 436 839 τίς
470 777 584 829 ἐστι
612 775 721 828 τῶν
745 775 865 829 καθ’
896 776 1123 829 ἕκαστον
1161 776 1337 847 μελῶν
1382 776 1516 847 πρὸς
1547 777 1608 830 τὸ
1636 777 1753 831 ὃλον
1785 794 1923 847 συμ-

356 867 485 933 φυῖα
508 906 523 927 ,
573 864 661 918 διά
694 867 821 934 μιᾶς
855 866 1155 935 συμπνοίας
1196 866 1639 937 κατεργαζομένη
1675 867 1809 937 πρὸς
1856 867 1924 919 τὰ

357 956 495 1027 μέρη
529 956 605 1026 τῷ
654 957 816 1009 παντὶ
867 956 965 1026 τὴν
1001 956 1359 1025 συμπάθειαν.
1408 958 1617 1011 Οὐκοῦν
1657 957 1711 1009 εἴ
1747 975 1801 1010 τι
1828 958 1922 1010 τοῦ

354 1044 607 1116 σώματός
650 1048 798 1101 ἐστιν
842 1047 1015 1113 ἐκτὸς,
1051 1047 1207 1100 τοῦτο
1242 1048 1333 1101 καὶ
1374 1049 1509 1119 πρὸς
1552 1048 1650 1119 τὴν
1682 1048 1923 1120 κεφαλὴν

354 1137 568 1200 πάντως
612 1137 904 1209 ἀλλοτρίως
937 1138 1067 1207 ἔχει.
1113 1138 1358 1192 Παιδεύει
1392 1138 1569 1190 τοίνυν
1605 1138 1695 1191 διὰ
1719 1138 1922 1192 τούτων

350 1231 379 1280 ὁ
408 1230 563 1297 λόγος
594 1230 760 1299 ἡμᾶς,
792 1231 927 1301 ὅπερ
956 1232 1103 1283 ἐστὶν
1142 1232 1179 1301 ῆ
1208 1230 1415 1303 κεφαλὴ
1446 1232 1588 1285 κατά
1612 1232 1709 1303 τὴν
1739 1231 1918 1299 φύσιν,

350 1320 507 1373 τοῦτο
538 1322 720 1375 καὶτὰ
761 1321 881 1374 καθ’
927 1323 1154 1375 ἕκαστον
1193 1323 1433 1390 γίνεσθαι
1466 1323 1620 1394 μέλη,
1656 1325 1739 1376 ἵνα
1787 1325 1922 1394 πρὸς

348 1412 445 1482 τὴν
478 1412 719 1482 κεφαλὴν
748 1413 959 1477 οἰκείως
987 1414 1102 1485 ἔχῃ.
1146 1416 1333 1485 Ἡμεῖς
1362 1415 1418 1467 δέ
1456 1416 1621 1482 ἐσμεν
1662 1415 1731 1468 τὰ
1762 1415 1918 1485 μέλη,

348 1508 395 1556 οἱ
426 1507 503 1567 είς
542 1505 603 1556 τὸ
634 1505 794 1575 σῶμα
821 1504 914 1558 τοῦ
948 1504 1181 1576 Χριστοῦ
1214 1504 1608 1568 συντελοῦντες.
1652 1507 1715 1560 Εἰ
1745 1506 1921 1561 τοίνυν

347 1613 428 1657 τις
452 1596 588 1664 ἄρας
609 1598 669 1647 τὸ
691 1596 849 1666 μέλος
873 1596 965 1649 τοῦ
986 1596 1244 1667 Χριστοῦ,
1274 1598 1473 1669 ποιήσῃ
1497 1597 1655 1667 μέλος
1676 1599 1877 1669 πόρνης
1903 1616 1918 1629 ο

346 1680 456 1737 οἶόν
481 1701 600 1739 τινα
630 1688 903 1757 μάχαιραν
932 1686 1183 1756 ἐμϐαλὼν
1225 1688 1322 1757 τὴν
1366 1688 1662 1741 ἀκόλαστον
1694 1689 1916 1754 λύσσαν,

344 1776 433 1830 διὰ
466 1778 558 1831 τοῦ
583 1779 818 1849 πονηροῦ
843 1779 1030 1831 τούτου
1064 1779 1267 1841 πάθους
1292 1780 1351 1831 τὸ
1380 1779 1537 1849 μέλος
1571 1780 1786 1844 πάντως
1820 1781 1920 1850 τῆς

345 1868 585 1938 κεφαλῆς
620 1869 996 1940 ἠλλοτρίωσεν.
1025 1869 1181 1923 Οῦτω
1214 1870 1269 1922 δὲ
1294 1869 1386 1922 καὶ
1409 1870 1477 1923 τὰ
1508 1870 1670 1923 λοιπά
1698 1872 1796 1941 τῆς
1816 1890 1915 1924 xa-

344 1962 468 2023 κίας
495 1961 721 2032 ὄργανα,
763 1962 1026 2034 μάχαιραι
1057 1964 1315 2031 γίνονται,
1351 1963 1416 2016 δι’
1449 1958 1524 2017 ὧν
1549 1965 1617 2016 τὰ
1652 1965 1786 2035 μέλη
1817 1964 1911 2018 τοῦ

346 2053 622 2123 συμφυοῦς
661 2056 1023 2124 ἀποτέμνεται
1068 2054 1347 2125 σώματος,
1393 2056 1484 2108 καὶ
1532 2056 1632 2124 τῆς
1674 2055 1911 2125 κεφαλῆς

342 2143 657 2213 ἀφορίζεται
686 2145 880 2202 πάντα,
916 2145 1097 2208 καθὼς
1134 2146 1197 2200 ἂν
1222 2146 1319 2217 τὴν
1340 2146 1514 2217 τομὴν
1542 2147 1813 2220 ἐνεργήσῃ
1844 2147 1911 2200 τὰ

342 2233 508 2305 πάθη.
547 2236 663 2288 Ἶνα
690 2231 781 2288 οῦν
812 2234 988 2289 τοίνυν
1013 2238 1069 2289 ὲν
1099 2236 1175 2308 τῷ
1198 2239 1339 2292 κατά
1361 2238 1521 2308 φύσιν
1543 2240 1660 2292 ὅλον
1686 2238 1912 2310 διαμένῃ

340 2325 400 2376 τὸ
426 2324 605 2393 σῶμα.
647 2327 780 2397 πρὸς
808 2327 907 2396 τὴν
943 2328 1182 2399 κεφαλήν
1211 2330 1425 2392 οἰκείως
1462 2330 1606 2400 ἔχειν
1646 2331 1911 2400 προσήκει

341 2415 432 2467 καὶ
460 2416 529 2468 τὰ
562 2417 681 2469 καθ’
710 2417 937 2470 ἕκαστον
970 2419 1130 2489 μέλη,
1155 2414 1262 2472 οἷον
1290 2420 1531 2491 καθαρὰν
1550 2421 1790 2492 τῷλόγῳ
1814 2422 1911 2491 τῆς

339 2508 525 2570 ούσίας
546 2510 643 2578 τὴν
673 2510 913 2580 κεφαλὴν
949 2510 1320 2565 συντελοῦντα.
1343 2512 1402 2563 Εἰ
1432 2511 1735 2580 ἀφθαρσίαν
1758 2514 1910 2567 νοοῦ-

344 2617 444 2669 μεν
466 2599 564 2670 τῆν
592 2600 849 2670 κεφαλὴν,
882 2603 940 2653 ὲν
968 2602 1243 2673 ἀφθαρσίᾳ
1276 2603 1380 2673 χρὴ
1413 2604 1626 2667 πάντως
1658 2605 1911 2659 συνεστά-

339 2708 425 2744 ναι
454 2692 521 2745 τὰ
553 2693 707 2762 μέλη.
751 2692 906 2746 Οῦτω
936 2697 1029 2747 καὶ
1064 2695 1133 2747 τά
1170 2695 1303 2749 ἄλλα
1332 2696 1595 2764 νοήματα,
1624 2697 1724 2750 ὅσα
1758 2700 1789 2767 ἡ
1820 2715 1911 2751 κε-

339 2782 480 2853 φαλὴ
536 2787 767 2846 νοεῖται,
816 2787 910 2837 καὶ
964 2786 1055 2837 ἐπὶ
1098 2785 1204 2838 τῶν
1247 2785 1421 2855 μελῶν
1474 2787 1762 2841 ἀκόλουθόν
1794 2790 1906 2842 ἐστι

339 2873 688 2943 καθορᾶσθαι,
714 2874 808 2944 τὴν
831 2877 1073 2946 εἰρήνην,
1095 2876 1183 2929 τὸν
1206 2877 1494 2948 ἁγιασμόν,
1516 2878 1612 2949 τὴν
1631 2879 1905 2950 ἀλήθειαν,

339 2965 430 3016 καὶ
460 2964 634 3018 πάντα
661 2965 727 3017 τὰ
755 2965 996 3019 τοιαῦτα.
1039 2967 1137 3019 Διά
1179 2968 1284 3037 γὰρ
1315 2968 1409 3020 τοῦ
1442 2969 1568 3021 Υίοῦ
1615 2969 1782 3023 ταῦτα
1814 2972 1908 3024 καὶ

337 3053 405 3109 τὰ
434 3055 655 3110 τοιαῦτα
704 3058 761 3108 ὲν
804 3059 913 3120 τοῖς
961 3057 1144 3127 μέλεσι
1185 3058 1476 3122 δείκνυται,
1520 3060 1598 3130 τῷ
1648 3062 1906 3131 συμφυῶς

337 3146 478 3216 ἔχειν
512 3147 649 3200 αύτά
690 3149 825 3220 πρὸς
856 3148 952 3219 τὴν
982 3150 1223 3221 κεφαλὴν
1270 3153 1661 3223 μαρτυρεῖσθαι
1684 3170 1698 3186 ⁸
1735 3154 1905 3217 οὓτως
1933 3186 1976 3241 c

337 3238 577 3300 εἰπόντος
606 3238 698 3291 τοῦ
739 3239 1082 3303 Ἀποστόλου,
1113 3242 1193 3293 ὅτι
1227 3242 1433 3304 ἐκεῖνος
1466 3242 1562 3309 μέν
1584 3244 1730 3294 ἐστιν
1756 3244 1788 3311 ή
1817 3260 1907 3295 κε-

339 3329 500 3399 φαλὴ,
537 3331 595 3396 ἐξ
619 3329 782 3383 αὑτοῦ
816 3329 872 3383 δὲ
902 3332 1010 3383 πᾶν
1054 3331 1114 3383 τὸ
1144 3331 1301 3401 σῶμα
1336 3332 1905 3403 συναρμολογούμενον

338 3422 428 3473 καὶ
458 3419 921 3491 συμϐιϐαζόμενον
944 3422 1030 3474 διὰ
1070 3422 1248 3491 πάσης
1280 3424 1442 3492 ἁφῆς,
1486 3423 1583 3492 τῆς
1612 3423 1728 3476 κατ’
1756 3423 1905 3495 ἐνέρ-

334 3528 487 3579 γειαν
534 3515 590 3565 ἐν
624 3513 804 3583 μέτρῳ
839 3510 956 3575 ἐνὸς
1002 3513 1229 3566 ἑκάστου
1267 3514 1485 3584 μέρους,
1541 3514 1640 3582 τὴν
1679 3513 1905 3585 αὔξησιν

333 3600 425 3652 τοῦ
454 3600 700 3671 σώματος
745 3604 995 3653 ποιεῖται.
1038 3603 1150 3655 Καὶ
1177 3602 1335 3655 τοῦτο
1374 3604 1635 3674 προσήκει
1680 3603 1765 3656 διά
1806 3603 1902 3657 τοῦ

332 3687 428 3757 τῆς
457 3688 695 3758 κεφαλῆς
725 3690 983 3759 ὀνόματος
1024 3690 1371 3759 παιδευθῆναι
1400 3732 1413 3753 ,
1466 3694 1548 3745 ὄτι
1592 3691 1778 3764 ὥσπερ
1812 3695 1903 3747 ἐπὶ

332 3777 438 3829 τῶν
480 3775 631 3840 ζώων
661 3781 722 3831 ἐκ
758 3782 855 3847 τῆς
893 3780 1132 3848 κεφαλῆς
1172 3781 1287 3831 ἐστι
1329 3780 1407 3849 τῷ
1438 3782 1646 3851 σώματι
1677 3782 1736 3835 τὸ
1768 3784 1903 3853 πρὸς

332 3869 425 3932 τάς
448 3871 721 3939 ἐνεργείας
748 3871 1027 3940 ἐνδόσιμον
1053 3887 1065 3898 ·
1102 3871 1169 3924 δι’
1192 3870 1467 3941 ὀφθαλμοῦ
1490 3872 1595 3942 γὰρ
1621 3874 1710 3926 καὶ
1736 3874 1901 3943 ἀκοῆς

330 3959 397 4011 τὰ
435 3959 554 4011 καθ’
596 3959 826 4013 ἕκαστον
859 3960 1161 4026 εὐθύνεται,
1194 3961 1227 4029 ἦ
1260 3978 1317 4013 τε
1354 3961 1441 4015 διὰ
1475 3962 1647 4014 ποδῶν
1690 3963 1900 4029 κίνησις

330 4051 472 4119 καὶὴ
498 4049 585 4102 διά
618 4050 815 4121 χειρῶν
837 4051 1084 4121 ἐνέργεια
1110 4068 1123 4082 ο
1154 4052 1215 4104 οὗ
1250 4053 1357 4122 γὰρ
1388 4052 1531 4105 ἔστιν
1557 4054 1590 4123 ἢ
1622 4053 1898 4125 ὀφθαλμοῦ

331 4141 405 4213 μὴ
441 4142 853 4207 ἐπιστατοῦντος
885 4144 993 4196 τῶν
1037 4144 1504 4215 σπουδαζομένων,
1548 4146 1580 4215 ἢ
1634 4147 1709 4217 μὴ
1750 4147 1899 4217 δεχο-

330 4234 495 4302 μένης
549 4234 645 4303 τῆς
698 4236 865 4305 ἀκοῆς
912 4234 1010 4305 τὴν
1062 4237 1358 4306 ὑφήγησιν,
1407 4236 1633 4299 δεόντως
1680 4254 1730 4291 τι
1787 4238 1897 4292 τῶν

327 4325 698 4395 προκειμένων
722 4326 975 4392 γενέσθαι
1001 4345 1013 4357 ο
1050 4326 1191 4379 οὕτω
1220 4326 1324 4397 χρὴ
1355 4326 1495 4380 κατά
1515 4328 1613 4398 τὴν
1640 4329 1897 4401 ἀληθινὴν

324 4415 565 4486 κεφαλὴν
613 4418 706 4468 καὶ
743 4418 889 4485 ἡμᾶς
933 4418 993 4468 τδ
1032 4417 1189 4486 σῶμα
1241 4418 1587 4487 καταλλήλως
1631 4419 1895 4474 κινεῖσθαι

2020 593 2150 663 jecti
2195 594 2443 661 corporis
2476 600 2749 655 naturam,
2787 599 2857 655 ,οι
2906 591 3120 661 singula
3178 592 3417 646 membra
3466 608 3593 649 cum

2024 692 2140 738 toto
2206 684 2443 739 naturali
2517 684 2751 754 quadam
2820 684 3224 739 necessitudine
3299 671 3594 755 cenjuncta

2023 790 2166 840 esse,
2201 790 2323 843 quae
2355 781 2535 843 partes
2580 773 2679 826 toti
2733 773 2805 824 ita
2850 772 3126 835 conciliat,
3172 778 3231 824 ut
3281 772 3417 825 miro
3463 786 3595 825 con-

2024 882 2188 922 sensu
2233 866 2374 918 inter
2404 880 2461 919 se
2493 863 2844 918 conveniant.
2898 862 2976 915 Ex
3021 878 3132 933 quo
3163 864 3225 915 ﬁt
3257 870 3337 928 ιιι,
3384 863 3429 917 si
3459 863 3591 932 quid

2023 964 2174 1010 extra
2208 972 2409 1026 corpus
2439 964 2545 1018 est,
2580 955 2631 1008 id
2676 955 2837 1009 etiam
2869 970 2897 1007 a
2928 956 3105 1023 capite
3144 953 3366 1009 omnino
3400 955 3591 1022 sejun-

2023 1056 2170 1101 ctum
2208 1049 2297 1101 sit.
2338 1047 2412 1100 Ex
2444 1047 2547 1101 hoc
2589 1047 2752 1117 igitur
2795 1047 3171 1117 intelligimus,
3212 1047 3354 1117 quod
3398 1054 3593 1100 natura

2022 1145 2185 1207 caput
2214 1147 2321 1201 est,
2347 1138 2489 1192 idem
2520 1138 2634 1191 ﬁeri
2668 1137 2881 1207 singula
2918 1136 3180 1200 membra,
3213 1144 3272 1190 ut
3301 1150 3427 1189 cum
3473 1136 3593 1205 ipso

2022 1230 2202 1300 capite
2249 1230 2469 1299 preprie
2524 1230 2805 1298 amiceque
2853 1228 3224 1284 consentiant.
3258 1227 3368 1283 Nos
3410 1237 3590 1283 autem

2023 1321 2263 1373 membra
2289 1336 2501 1386 sumus,
2537 1321 2628 1390 qui
2659 1322 2711 1374 iu
2739 1320 2943 1375 Christi
2978 1335 3178 1389 corpus
3207 1320 3587 1375 coalescimus.

2022 1412 2203 1478 Quare
2252 1414 2297 1467 si
2348 1414 2472 1483 quis
2527 1414 2825 1467 membrum
2873 1412 3079 1468 Christi
3132 1412 3348 1475 tollens,
3395 1412 3592 1467 efﬁciat

2023 1503 2328 1558 membrum
2372 1505 2674 1559 meretricis
2697 1505 2761 1568 δ’,
2800 1503 2887 1557 hic
2912 1502 3119 1558 rabiem
3153 1503 3415 1573 improba:
3442 1494 3591 1557 illius

2022 1595 2265 1650 libidinis
2327 1603 2584 1664 tanquam
2633 1595 2871 1663 gladium
2921 1595 3231 1664 arripiens,
3293 1609 3389 1664 per
3449 1584 3591 1648 hanc

2021 1700 2245 1755 pravam
2283 1687 2747 1756 perturbationem
2780 1686 3081 1740 membrum
3116 1700 3343 1754 prorsus
3370 1685 3589 1740 abscin-

2021 1778 2100 1830 dit
2142 1793 2171 1830 a
2206 1779 2403 1847 capite.
2450 1777 2542 1831 Sic
2583 1777 2708 1831 item
2740 1778 2947 1847 reliqua
2980 1778 3198 1831 malitiae
3227 1777 3587 1832 instrumenta

2020 1877 2148 1925 sunt
2188 1869 2353 1924 veluti
2403 1868 2586 1939 gladii,
2622 1870 2819 1939 quibus
2863 1869 3104 1923 membra
3148 1883 3177 1922 a
3212 1869 3433 1939 proprio
3468 1884 3589 1923 cor-

2019 1976 2151 2031 pore
2193 1968 2564 2031 amputantur,
2604 1971 2655 2016 et
2690 1961 2875 2015 omnia
2922 1961 3283 2032 sejunguntur
3328 1976 3358 2015 a
3387 1963 3582 2030 capite,

2019 2067 2251 2121 quorum
2283 2052 2578 2106 sectionem
2609 2050 3045 2120 perturbationes
3083 2050 3342 2106 efﬁciunt.
3377 2049 3446 2105 Ut
3484 2050 3583 2120 igi-

2020 2151 2108 2194 tur
2138 2148 2311 2194 totum
2354 2155 2556 2210 corpus
2600 2139 2653 2193 in
2700 2140 2933 2194 naturali
2973 2139 3211 2193 amicitia
3243 2154 3367 2193 cum
3402 2139 3583 2210 capite

2016 2238 2354 2301 permaneat,
2382 2246 2597 2301 aaquum
2622 2240 2704 2285 est
2740 2240 2800 2284 ut
2828 2242 3012 2284 mutua
3043 2220 3336 2285 concordia
3366 2231 3582 2302 singula

2014 2322 2143 2377 item
2180 2323 2419 2377 membra
2461 2323 2603 2376 inter
2647 2337 2705 2376 se
2750 2322 3170 2392 conjungantur.
3213 2321 3578 2387 Quamobrem

2013 2429 2137 2468 eum
2186 2414 2361 2482 ipsum
2411 2423 2574 2483 caput
2627 2429 2734 2468 non
2785 2413 2946 2467 modo
3014 2428 3207 2483 purum
3239 2454 3254 2479 ,
3304 2413 3574 2483 integrum

2010 2513 2331 2574 castumque
2376 2509 2488 2569 sit,
2535 2506 2629 2561 sed
2684 2506 2801 2576 ipsa
2848 2507 3086 2576 quodam
3136 2506 3297 2560 modo
3346 2508 3577 2576 puritas,

2012 2595 2294 2664 integritas
2342 2604 2396 2651 et
2436 2598 2662 2653 castitas
2707 2598 3073 2663 existimetur,
3117 2614 3239 2668 quae
3272 2599 3373 2653 sub
3430 2599 3581 2667 ejus—

2010 2690 2156 2743 modi
2198 2700 2363 2760 caput
2413 2692 2654 2746 membra
2707 2680 3076 2759 concurrunt,
3126 2707 3189 2748 ea
3256 2692 3381 2746 item
3421 2708 3581 2762 pura,

2010 2783 2323 2852 incorrupta
2378 2792 2637 2853 castaque
2688 2784 2797 2839 sint
2844 2792 3271 2838 consentaneum
3322 2795 3426 2838 cst.
3473 2781 3578 2837 De-

2009 2875 2174 2942 nique
2218 2873 2483 2943 quidquid
2538 2874 2606 2927 de
2660 2875 2836 2944 capite
2883 2874 3209 2945 cogitamus,
3268 2882 3325 2927 ut
3364 2889 3575 2942 pacem,

2010 2965 2453 3029 sanctimoniam,
2493 2965 2803 3026 veritatem,
2851 2973 2906 3019 et
2948 2964 3053 3017 alia
3096 2964 3278 3017 omnia
3328 2963 3579 3031 ejusdem

2010 3058 2245 3125 generis,
2303 3058 2357 3110 in
2414 3057 2675 3111 membris
2712 3071 2931 3125 quoque
2988 3054 3375 3124 conspicienda
3424 3063 3575 3111 sunt.

2010 3148 2113 3203 Per
2147 3147 2340 3202 Filium
2374 3148 2519 3203 enim
2569 3148 2683 3203 haec
2714 3156 2768 3203 et
2794 3149 2921 3201 talia
2971 3147 3026 3201 in
3065 3148 3322 3202 membris
3352 3149 3578 3202 demon-

2010 3248 2275 3301 strantur,
2309 3239 2453 3307 quod
2500 3254 2565 3292 ea
2597 3239 2832 3293 naturali
2868 3239 3278 3293 necessitudine
3323 3253 3446 3291 cum
3491 3253 3579 3292 ca-

2006 3332 2118 3399 pite
2147 3331 2420 3385 cohaerere
2469 3331 2540 3384 sit
2591 3329 2907 3385 testimonio
2957 3330 3415 3400 comprobatum:
3450 3345 3574 3383 cum

2007 3424 2088 3478 sic
2142 3423 2438 3491 Apostolus
2481 3422 2705 3485 dixerit,
2754 3422 3035 3477 Christum
3091 3437 3212 3476 esse
3269 3432 3451 3490 caput,
3507 3436 3572 3473 ex

2006 3528 2115 3583 quo
2166 3521 2340 3566 totum
2394 3529 2593 3583 corpus
2647 3521 2991 3583 compactum
3029 3521 3083 3565 ct
3130 3527 3435 3566 connexum
3478 3526 3605 3582 per,

2005 3622 2222 3661 onmem
2250 3606 2567 3674 juncturam
2601 3604 2900 3661 secundum
2926 3604 3298 3673 operationem
3333 3602 3387 3655 in
3422 3618 3572 3656 meu-

2004 3711 2189 3751 suram
2215 3697 2649 3767 uniuscujusque
2678 3697 2905 3751 membri
2945 3706 3292 3765 augmentum
3323 3692 3571 3763 corporis

2003 3788 2218 3843 facit”.
2287 3790 2418 3842 Illud
2475 3798 2735 3857 praeterea
2804 3803 2869 3841 ex
2924 3787 3027 3841 hoc
3080 3786 3274 3855 capitis
3348 3785 3571 3839 nomine

2002 3881 2213 3935 discere
2243 3880 2537 3934 debemus:
2562 3877 3017 3947 quemadmodum
3050 3878 3103 3931 in
3134 3876 3463 3929 animalibus
3502 3892 3571 3930 ex

2001 3972 2180 4041 capite
2208 3970 2457 4038 provenit
2496 3970 2712 4039 corpori
2742 3969 2809 4022 ad
2851 3969 3121 4039 agendum
3153 3969 3374 4022 occasio
3406 3974 3571 4036 atque

2001 4059 2274 4119 incitatio,
2324 4057 2593 4127 siquidem
2643 4066 2697 4111 et
2746 4056 2943 4127 pedum
2986 4065 3039 4111 et
3090 4071 3347 4110 manuum
3388 4063 3568 4109 motus

2000 4160 2162 4219 atque
2192 4162 2357 4217 opera
2391 4149 2574 4201 omnia
2618 4149 2902 4203 oculorum
2934 4158 2986 4201 et
3030 4152 3243 4200 aurium
3279 4162 3381 4215 ope
3428 4145 3567 4199 diri-

1999 4248 2240 4311 guntur;
2271 4240 2472 4293 etenim
2502 4240 2607 4293 nisi
2641 4239 2787 4293 oculi
2818 4238 3042 4307 praesint
3065 4239 3353 4307 satagenti,
3382 4245 3436 4291 et
3471 4252 3569 4290 au-

1998 4333 2078 4388 ris
2119 4332 2406 4399 itnperium
2440 4330 2696 4399 excipiat,
2732 4330 2865 4383 nihil
2901 4344 3092 4383 eorum
3140 4344 3259 4398 qua:
3286 4330 3567 4399 proposita

2000 4431 2130 4476 sunt
2163 4430 2311 4474 recte
2342 4420 2459 4473 ﬁeri
2499 4427 2681 4488 potest
2709 4435 2722 4471 :
2757 4418 2840 4473 sic
2868 4432 2930 4472 ex
2963 4417 3076 4471 veri
3105 4418 3303 4488 capitis
3343 4425 3567 4472 senten-

326 4506 461 4576 πρὸς
501 4508 679 4562 πᾶσαν
706 4507 881 4578 ὁρμὴν
907 4508 997 4560 καὶ
1038 4508 1335 4578 ἐνέργειαν,
1367 4510 1612 4579 ὅπουπερ
1634 4512 1662 4564 ὁ
1689 4511 1897 4576 πλάσας

2008 4513 2075 4567 tia
2110 4526 2311 4580 corpus
2343 4511 2397 4564 in
2440 4510 2603 4565 rebus
2630 4510 2886 4564 omnibus
2929 4506 3088 4563 modo
3122 4507 3188 4561 ad
3228 4508 3354 4571 hoc,
3406 4507 3567 4561 modo

324 4599 412 4651 τὸν
457 4599 748 4670 ὀφθαλμὸν,
797 4600 831 4671 ἦ
877 4601 905 4651 ὁ
953 4600 1218 4668 φυτεύσας
1261 4601 1321 4653 τὸ
1364 4597 1456 4664 οῦς
1499 4601 1889 4671 καθηγήσεται.

338 4686 485 4738 Ἐπεὶ
521 4682 613 4740 οὖν
644 4690 676 4757 ή
704 4687 911 4758 κεφαλὴ
941 4687 1008 4741 τὰ
1046 4688 1156 4741 ἀνω
1182 4689 1386 4757 βλέπει,
1427 4692 1520 4744 καὶ
1551 4691 1617 4744 τά
1649 4692 1782 4762 μέλη
1813 4693 1895 4746 δεῖ

323 4779 555 4841 πάντως,
578 4777 646 4829 τὰ
679 4779 1073 4848 ὑφηρμοσμένα
1097 4782 1161 4849 τῇ
1192 4781 1419 4851 κεφαλῇ,
1444 4781 1667 4835 ἔπεσθαι
1696 4786 1763 4855 τῇ
1791 4784 1891 4854 τῆς

321 4867 559 4938 κεφαλῆς
584 4869 795 4939 ὁδηγίᾳ,
841 4870 934 4923 καὶ
963 4872 1099 4941 πρὸς
1136 4872 1203 4924 τά
1246 4872 1357 4925 ἀνω
1389 4873 1489 4941 τὴν
1521 4875 1691 4945 ῥοπὴν
1724 4874 1886 4945 ἔχειν.

322 4961 490 5012 Ὅταν
521 4959 576 5011 δὲ
606 4960 946 5029 πρωτότοκον
977 4961 1075 5030 τῆς
1115 4962 1343 5025 κτίσεως
1367 4958 1507 5016 εἶναι
1536 4964 1695 5017 αὐτὸν
1723 4965 1888 5018 ἀκού-

322 5065 524 5119 σωμεν,
561 5052 654 5103 καὶ
684 5051 1023 5120 πρωτότοκον
1051 5054 1115 5104 ὲκ
1154 5053 1385 5123 νεκρῶν,
1416 5055 1508 5106 καὶ
1549 5055 1891 5124 πρωτότοκον

319 5142 377 5193 ἐν
404 5141 616 5203 πολλοῖς
645 5141 910 5210 ἀδελφοῖς,
946 5142 1160 5212 πρῶτον
1204 5145 1301 5212 μὲν
1326 5145 1423 5207 τάς
1448 5146 1726 5215 αἱρετικάς
1758 5148 1889 5200 ὑπο-

316 5230 503 5301 λήψεις
528 5232 1001 5302 ἀποπεμπὼμεθα,
1038 5235 1112 5295 ὡς
1143 5234 1399 5305 οὐδεμίαν
1434 5238 1759 5308 συνηγορίαν
1792 5239 1890 5309 τῆς

316 5324 557 5391 πονηρᾶς
583 5316 761 5376 αὐτῶν
802 5323 1221 5392 δογματοποιίας
1256 5328 1321 5379 ἐκ
1362 5326 1470 5381 τῶν
1510 5330 1883 5399 προκειμένων

318 5413 574 5482 ῥημάτων
612 5414 857 5483 ἐχούσας.
894 5417 1045 5470 Μετὰ
1075 5418 1244 5471 ταῦτα
1282 5418 1337 5470 δὲ
1368 5419 1459 5471 καὶ
1496 5420 1564 5471 τὰ
1612 5422 1746 5491 πρὸς
1792 5422 1883 5475 τὸν

314 5503 501 5571 ἠθικὸν
523 5504 636 5574 βίον
662 5505 751 5558 διὰ
778 5506 980 5559 τούτων
1006 5511 1135 5579 ἡμῖν
1162 5510 1510 5562 συντελοῦντα
1539 5514 1879 5581 κατανοήσω-

315 5608 434 5663 μεν.
475 5595 690 5667 Ἐπειδὴ
724 5597 833 5669 γάρ
861 5594 949 5650 τὸν
979 5600 1255 5671 Μονογενῆ
1286 5600 1418 5653 Θεὸν
1440 5601 1533 5655 τὸν
1557 5602 1650 5655 τοῦ
1680 5602 1878 5665 παντὸς

1997 4606 2063 4657 ad
2109 4604 2242 4657 illud
2278 4603 2547 4671 agendum
2600 4601 2760 4671 dirigi
2815 4607 2869 4655 et
2910 4600 3115 4654 moveri
3167 4606 3404 4669 oportet,
3436 4613 3569 4669 quo-

1996 4712 2213 4765 cunque
2243 4696 2333 4754 ille
2360 4696 2451 4764 qui
2482 4695 2635 4749 tinxit
2666 4695 2887 4748 oculum
2916 4703 2968 4747 et
2999 4693 3264 4762 plantavit
3286 4706 3472 4745 aurem
3493 4692 3560 4752 ⁸³,

1994 4790 2177 4844 ducet.
2211 4788 2440 4854 Quando
2480 4787 2645 4857 igitur
2674 4793 2839 4857 caput
2868 4802 2987 4855 qua:
3022 4800 3185 4854 supra
3226 4792 3354 4838 sunt
3399 4784 3563 4853 respi-

1993 4882 2092 4943 cit,
2143 4896 2282 4949 opus
2333 4886 2419 4935 est
2482 4886 2541 4933 ut
2577 4896 2699 4948 qua:
2743 4878 2908 4948 capiti
2959 4886 3084 4946 apte
3144 4875 3388 4953 subnexa
3434 4882 3563 4929 sunt

1992 4969 2259 5035 membra,
2292 4968 2467 5038 ipsius
2492 4969 2690 5039 capitis
2712 4970 2933 5023 ductum
2966 4974 3284 5035 sequantur,
3314 4972 3367 5019 et
3396 4966 3460 5020 ad
3497 4979 3561 5019 ea

1988 5077 2111 5131 qua:
2162 5076 2327 5129 supra
2383 5068 2511 5115 sunt
2563 5060 2802 5114 tendant.
2869 5058 3068 5112 Verum
3120 5056 3378 5126 quoniam
3434 5072 3557 5110 eum

1988 5167 2114 5206 esse
2152 5150 2573 5221 primogenitum
2602 5158 2873 5205 creatura:
2901 5149 3164 5202 discimus
3188 5148 3234 5178 ⁸²
3265 5156 3319 5202 et
3355 5140 3558 5217 primo?

1992 5243 2233 5311 genitum
2270 5256 2334 5294 ex
2368 5241 2688 5306 mortuis”,
2735 5250 2787 5295 et
2816 5241 3241 5310 primogenitum
3282 5238 3339 5293 in
3369 5237 3559 5294 multis

1994 5331 2346 5393 fratribus“,
2398 5331 2633 5399 primum
2670 5332 2887 5402 quidem
2935 5331 3221 5386 haereticas
3269 5329 3558 5400 opiniones

1988 5422 2312 5485 refutemus,
2343 5430 2533 5492 utpote
2567 5438 2688 5491 qum
2723 5423 2932 5477 nullum
2959 5440 3021 5476 ex
3052 5423 3345 5493 propositis
3375 5420 3556 5477 verbis

1990 5529 2158 5583 pravo
2209 5529 2309 5569 suo
2350 5513 2586 5584 dogmati
2618 5530 2863 5584 quaarere
2897 5515 3253 5583 patrocinium
3305 5513 3553 5584 possint;

1985 5604 2180 5659 deinde
2219 5619 2348 5659 vero
2393 5621 2512 5675 qurc
2545 5606 2703 5661 nobis
2746 5605 2812 5659 ad
2856 5606 3017 5658 vitam
3051 5612 3105 5659 et
3143 5620 3323 5660 mores
3356 5620 3422 5657 ex
3468 5590 3555 5655 his

382 5766 616 5829 “lCor.
654 5790 726 5839 γι,
757 5774 841 5828 15.
919 5777 963 5805 ⁵ο
988 5774 1185 5846 Ephes.
1228 5792 1304 5843 Iv,
1346 5777 1429 5833 16.
1506 5780 1546 5811 ⁸¹
1574 5779 1717 5835 Psal.
1747 5795 1897 5845 xcm,

2054 5782 2334 5838 "Coloss.
2372 5799 2408 5844 ι.
2439 5784 2522 5839 15.
2604 5783 2650 5815 ³⁸
2678 5783 2808 5839 ibid.
2846 5785 2928 5839 18.
3008 5783 3053 5815 ⁵⁸
3078 5781 3235 5836 Rom.
3278 5797 3392 5841 νιι..
3426 5780 3514 5836 29.
