4096 6354
452 385 560 441 9'75

1686 381 1744 436 S.
1786 379 2114 438 GliEGOBll
2146 380 2439 438 NYSSENI

3600 389 3700 444 27G

457 503 771 560 conducunt
809 503 1244 559 consideremus.
1269 501 1466 557 Hostes
1498 502 1664 574 igitur
1697 503 1787 558 Dei
1815 503 1859 558 si
1901 505 2024 556 uni-

2127 505 2476 577 δημιουργόν,
2505 506 2594 558 τὸν
2623 505 2682 570 ἐξ
2709 498 2791 570 οὗ,
2823 507 2913 561 καὶ
2939 507 3005 562 δι’
3027 499 3112 572 οὗ,
3140 509 3231 562 καὶ
3260 510 3317 563 ὲν
3344 503 3388 577 ᾧ
3415 509 3479 564 τὰ
3503 511 3699 578 πάντα,

459 597 700 666 genitum
734 592 902 649 Deum
925 634 940 658 ,
973 593 1215 648 universi
1245 593 1578 655 effectorem,
1620 608 1684 647 ex
1708 608 1817 662 quo
1847 602 1899 647 et
1932 607 2029 662 per

461 703 621 757 quem
670 693 724 741 et
779 684 833 740 in
888 699 998 754 quo
1027 685 1212 739 omnia
1236 685 1304 749 ",
1335 683 1538 740 factum
1587 699 1712 738 esse
1744 682 1936 737 dicunt
1973 692 2030 737 et

455 787 702 836 creatum
739 791 768 830 a
811 776 940 844 Deo,
973 775 1202 847 ideoque
1239 783 1297 830 ut
1327 784 1596 830 creaturae
1636 775 1860 830 fratrem
1917 775 2025 830 dici

456 876 728 924 creatura:
785 868 1206 939 primogenitum
1261 875 1538 932 asserunt,
1589 881 1714 922 cum
1764 866 2028 937 temporis

453 960 580 1030 jure
629 960 1010 1015 tantummodo
1061 959 1356 1030 prwcellat,
1411 959 1870 1031 quemadmodum
1918 960 2030 1012 itu-

457 1051 560 1105 ben
593 1066 700 1104 non
735 1058 924 1104 natura
944 1088 958 1114 ,
989 1050 1085 1105 sed
1115 1051 1374 1122 temporis
1404 1049 1760 1120 praerogativa
1790 1049 2028 1120 propriis

457 1139 721 1196 fratribus
748 1141 1194 1215 prmponebatur:
1223 1141 1353 1194 illud
1380 1140 1648 1210 imprimis
1674 1149 1867 1194 contra
1890 1141 2026 1195 istos

457 1229 744 1284 dicendum
779 1237 884 1293 est,
917 1229 1165 1284 eumdem
1199 1245 1306 1284 non
1335 1245 1495 1302 posse
1520 1237 1575 1284 et
1606 1230 1946 1300 unigenitum
1970 1239 2024 1285 et

457 1321 875 1396 primogenitum
905 1320 1053 1376 credi
1083 1337 1097 1374 :
1143 1329 1238 1376 aut
1266 1324 1410 1376 enim
1441 1321 1752 1393 unigenitus
1795 1329 1899 1385 est,
1929 1331 2023 1376 aut

456 1427 521 1466 ex
565 1411 830 1469 fratribus
880 1411 1276 1482 primogenitus
1305 1430 1318 1464 :
1352 1411 1397 1465 si
1448 1411 1786 1481 uuigenitus,
1823 1410 2025 1466 fratres

456 1517 564 1556 non
599 1501 794 1565 habet;
847 1501 930 1557 sin
968 1501 1198 1555 fratrum
1249 1503 1666 1572 primogenitus,
1711 1502 2028 1573 unigenitus

456 1608 634 1662 neque
657 1608 803 1657 esse,
834 1607 1013 1662 neque
1045 1591 1152 1646 dici
1185 1599 1368 1662 potest
1399 1593 1645 1646 omnino.

525 1683 707 1752 Quare
726 1697 850 1737 cum
880 1683 994 1737 lucc
1028 1684 1249 1737 nomina
1281 1683 1334 1736 in
1363 1683 1551 1738 eodem
1579 1685 1875 1738 convenire
1898 1700 2027 1739 cono

451 1777 720 1851 jungique
761 1783 1071 1846 nequeant,‘
1100 1773 1243 1844 quod
1280 1775 1394 1829 ﬁeri
1439 1791 1546 1829 non
1579 1757 1752 1846 possit
1782 1787 1841 1829 ut
1880 1777 2021 1830 idem

454 1876 508 1921 et.
539 1867 849 1938 unigenitus
882 1875 936 1920 et
969 1865 1364 1936 primogenitus
1399 1869 1731 1928 nominetur,
1763 1866 1816 1919 in
1874 1865 2026 1919 Scri-

459 1969 618 2028 ptura
649 1966 830 2019 autem
865 1958 931 2012 de
966 1955 1148 2012 Verbo
1180 1957 1292 2022 illo,
1321 1956 1466 2026 quod
1502 1967 1618 2010 erat
1652 1956 1704 2010 in
1732 1956 2024 2026 principio,

458 2050 694 2114 dicatur,
727 2049 1038 2120 unigenitus
1074 2047 1240 2110 Deus,
1267 2057 1321 2102 et
1366 2063 1565 2103 rursus
1595 2048 1735 2118 apud
1773 2047 2023 2114 Paulum,

459 2141 864 2212 Primogenltus
891 2139 1073 2194 omnis
1100 2148 1366 2194 creatura:
1392 2158 1404 2193 :
1426 2139 1669 2194 veritatis
1696 2137 1906 2211 judicio
1944 2139 2026 2194 sic

459 2239 676 2303 oportet
710 2231 827 2285 haec
869 2229 1091 2284 nomina
1123 2243 1384 2298 separare
1427 2236 1481 2282 et
1526 2228 1866 2300 distinguere
1901 2227 2026 2282 dili-

458 2333 667 2396 genter,
724 2331 783 2377 ut
845 2321 1192 2392 Unigenitum
1246 2320 1619 2388 intelligamus
1660 2320 1712 2374 id
1761 2318 2023 2384 Verbum,

458 2415 604 2485 quod
635 2423 720 2470 est
756 2422 884 2468 ante
933 2413 1164 2478 saecula;
1195 2411 1375 2465 omnis
1423 2418 1604 2465 autem
1650 2418 1920 2466 creatura
1970 2411 2022 2464 in

465 2506 687 2560 Christo
729 2503 907 2565 factae,
954 2501 1194 2557 Verbum
1239 2515 1457 2556 carnem
1505 2499 1705 2553 factum
1732 2515 1877 2554 -esse
1906 2498 2024 2553 Pri-

460 2595 819 2663 mogenitum.
853 2592 1081 2658 Quodsi,
1112 2607 1221 2660 quo
1262 2589 1422 2644 modo
1470 2591 1558 2644 ille
1595 2597 1650 2643 et
1695 2588 2024 2657 primogeni-

456 2697 548 2740 tus
575 2701 639 2741 ex
668 2683 920 2744 mortuis,
945 2691 1000 2736 et
1025 2680 1416 2752 primogenitus
1457 2679 1510 2732 in
1547 2679 1734 2734 multis
1764 2679 2026 2733 fratribus

461 2778 822 2848 intelligatur,
867 2774 1247 2837 didicerimus,
1311 2774 1473 2829 simul
1519 2772 1683 2826 etiam
1725 2786 1834 2840 quo
1862 2771 2025 2825 modo

457 2871 529 2924 sit
564 2877 833 2923 creaturae
865 2865 1285 2935 primogenitus,
1335 2877 1748 2934 cognoscemus.
1790 2860 1887 2914 Est
1927 2861 2026 2932 igi-

457 2970 545 3014 tur
597 2974 662 3013 ex
717 2955 954 3012 mortuis
994 2955 1391 3025 priumgenitus
1449 2962 1544 3006 aut
1595 2952 1854 3022 primitiae
1900 2952 2026 3005 dor-

458 3050 738 3104 mieulium
763 3049 812 3080 "
840 3046 1040 3109 factus,
1086 3055 1145 3100 ut
1178 3046 1327 3099 omni
1361 3046 1513 3099 carni
1551 3043 1618 3097 ad
1662 3043 2022 3098 resurrectio-

2057 1836 2100 1891 Β

2131 597 2288 669 ἔργον
2333 594 2471 652 εἶναι
2513 598 2606 651 τοῦ
2639 598 2797 662 Θεοῦ,
2832 602 2924 653 καὶ
2957 601 3183 671 κτίσμα.
3219 603 3312 654 καὶ
3355 603 3584 674 ποίημα,
3614 605 3686 657 λέ-

2129 705 2314 755 γουσιν
2341 689 2390 741 οἱ
2416 689 2692 760 θεομάχοι,
2727 690 2822 742 καὶ
2842 689 2927 742 διά
2961 690 3116 744 τοῦτο
3142 691 3322 762 πάσης
3346 695 3445 762 τῆς
3471 695 3699 757 κτίσεως

2130 781 2472 852 πρωτότοκον
2522 782 2682 834 αὐτὸν
2739 781 3031 850 λέγεσθαι,
3100 781 3456 853 διορίζονται·
3519 784 3575 854 ἢ,
3625 785 3700 848 ὡς

2128 871 2353 941 ἀδελφὸν
2398 873 2526 925 ὄντα
2552 873 2649 941 τῆς
2681 872 2930 938 κτίσεως,
2977 874 3158 944 μόνοις
3200 877 3311 938 τοῖς
3363 874 3458 926 τοῦ
3507 875 3698 944 χρόνου

2130 962 2437 1034 πρεσϐείοις
2461 965 2621 1016 αὐτὸν
2647 965 3064 1036 προτερεύοντα,
3094 965 3170 1025 ὼς
3201 965 3289 1018 τὸν
3333 964 3563 1034 Ῥουϐὶμ
3588 964 3698 1018 τῶν

2133 1051 2276 1105 ίδίων
2310 1051 2575 1122 ἀδελφῶν,
2605 1055 2665 1106 οὐ
2702 1053 2858 1122 φύσει
2887 1053 3324 1124 προτεταγμένον
3346 1094 3362 1119 ,
3409 1053 3543 1106 ἀλλά
3591 1055 3700 1115 τοῖς

2129 1145 2192 1196 ὲκ
2239 1143 2430 1214 χρόνου
2488 1144 2798 1216 πρεσϐείοις
2860 1144 3282 1214 προτερεύοντα⁹
3338 1143 3551 1216 πρῶτον
3604 1144 3700 1213 μὲν

2129 1237 2285 1291 τοῦτο
2335 1238 2468 1308 πρὸς
2500 1238 2740 1301 ἐκείνους
2773 1238 2982 1307 ῥητέον,
3033 1237 3113 1289 δτι
3143 1236 3244 1288 οὐκ
3275 1234 3391 1288 ἔστι
3420 1235 3507 1287 τὸν
3538 1233 3699 1287 αὐτὸν

2129 1329 2223 1382 καὶ
2255 1327 2515 1397 μονογενῆ
2541 1329 2635 1380 καὶ⁴
2663 1328 3002 1397 πρωτότοκον
3032 1325 3401 1378 πιστεύεσθαι.
3434 1325 3570 1379 Οὐτε
3593 1325 3700 1396 γὰρ

2126 1419 2155 1470 ό
2201 1415 2492 1487 μονογενὴς
2561 1415 2697 1486 μετὰ
2753 1415 2994 1484 ἀδελφῶν
3047 1417 3286 1467 νοεῖται·
3348 1413 3471 1467 οὐτε
3531 1413 3700 1484 χωρὶς

2127 1503 2368 1577 ἀδελφῶν
2392 1509 2420 1561 ό
2443 1507 2800 1579 πρωτότοκος,
2829 1506 3118 1577 μονογενὴς
3147 1507 3360 1569 πάντως
3383 1504 3504 1560 οὔτε
3531 1504 3697 1571 ἐστιν,

2128 1596 2250 1650 οὐτε
2282 1596 2518 1666 λέγεται.

2197 1688 2404 1741 Οὐκοῦν
2431 1687 2723 1756 ἀσύμϐατά
2746 1687 2861 1738 ἐστι
2888 1687 2978 1738 καὶ
3003 1684 3342 1754 ἀκοινώνητα
3371 1681 3542 1736 ταῦτα
3565 1681 3700 1753 πρὸς

2127 1778 2329 1849 ἄλληλα
2359 1779 2451 1830 ἐπὶ
2481 1777 2576 1831 τοῦ
2607 1777 2771 1830 αὐτοῦ
2806 1778 2874 1830 τὰ
2909 1778 3177 1847 νοήματα,
3225 1776 3300 1838 ὼς
3335 1773 3589 1827 ἀδύνατον
3619 1767 3699 1825 εἷ-

2127 1887 2236 1935 ναι,
2268 1869 2336 1922 τὰ
2357 1869 2450 1921 δύο
2478 1869 2568 1921 τὸν
2598 1868 2759 1922 αὐτὸν
2789 1866 3170 1938 ὀνομάζεσθαι,
3199 1867 3290 1919 καὶ
3317 1863 3578 1934 μονογενῆ
3608 1862 3701 1916 καὶ

2129 1960 2492 2032 πρωτότοκον.
2529 1959 2687 2012 Ἀλλὰ
2739 1959 2844 2030 μὴν
2893 1959 3103 2028 εἴρηται
3149 1956 3298 2026 παρά
3332 1955 3433 2024 τῆς
3475 1953 3700 2024 Γραφῆς

2127 2051 2254 2122 περὶ
2309 2049 2399 2103 τοῦ
2457 2051 2516 2103 ὲν
2566 2051 2708 2121 ἀρχῇ
2758 2050 2910 2112 ὄντος
2942 2049 3137 2116 Λόγου,
3184 2048 3265 2100 ὅτι
3315 2047 3344 2098 ό
3394 2043 3701 2114 Μονογενὴς

2125 2140 2276 2205 Θεὸς,
2308 2141 2651 2212 Πρωτότοκος
2677 2143 2855 2209 πάσης
2883 2139 3129 2202 κτίσεως.
3154 2136 3362 2192 Οὐκοῦν
3388 2135 3701 2206 ὲπιμερίσαι

2127 2234 2391 2304 προσήκει
2437 2231 2514 2302 τῷ
2545 2231 2827 2302 μυστηρίῳ
2855 2232 2954 2302 τῆς
2986 2228 3260 2299 ἀληθείας,
3295 2227 3550 2297 ἑκάτερον
3575 2224 3700 2277 τού-

2125 2342 2232 2378 των
2263 2325 2371 2378 τῶν
2403 2324 2680 2394 ὀνομάτων
2705 2323 2940 2387 εὐσεϐῶς
2971 2321 3337 2376 διαστείλαντα
3357 2337 3368 2349 '
3415 2319 3553 2372 ὥστε
3584 2319 3700 2372 Μο-

2126 2415 2318 2485 νογενῆ
2350 2415 2447 2485 μὲν
2475 2412 2612 2468 εἶναι
2643 2415 2734 2467 τὸν
2765 2412 3084 2484 προαιώνιον
3113 2412 3305 2480 Λόγον,
3334 2410 3434 2479 τῆς
3462 2408 3519 2464 δὲ
3564 2407 3701 2478 μετὰ

2123 2507 2297 2560 ταῦτα
2323 2507 2380 2557 ὲν
2407 2505 2485 2575 τῷ
2512 2503 2733 2575 Χριστῷ
2766 2503 3062 2574 γενομένης
3101 2502 3331 2564 κτίσεως
3363 2497 3698 2570 πρωτότοκον

2126 2594 2377 2665 γενέσθαι
2409 2593 2500 2646 τὸν
2537 2593 2727 2661 Λόγον,
2765 2594 2941 2663 σάρκα
2971 2592 3278 2660 γενόμενον.
3325 2587 3432 2641 Καὶ
3463 2588 3598 2654 ὅπερ
3632 2583 3698 2638 ἂν

2127 2689 2257 2756 ἡμῖν
2284 2684 2570 2755 ἐγγένηται
2599 2685 2798 2754 νόημα,
2829 2682 3169 2754 πρωτότοκον
3203 2679 3364 2734 αὐτὸν
3393 2681 3457 2732 ὲκ
3488 2675 3698 2748 νεκρῶν

2102 2775 2264 2847 ,εἶναι
2296 2777 2578 2848 μαθόντες,
2607 2777 2701 2830 καὶ
2732 2775 3072 2846 πρωτότοκον
3097 2775 3152 2827 ἐν
3178 2772 3388 2834 πολλοῖς
3416 2769 3661 2838 ἀδελφοῖς
3684 2783 3696 2799 ’

2125 2872 2299 2924 ἐκεῖνο
2322 2869 2415 2922 καὶ
2443 2870 2535 2922 ἐπὶ
2553 2868 2631 2939 τῷ
2655 2867 2982 2939 πρωτοτόκῳ
3008 2865 3107 2932 τῆς
3139 2864 3366 2926 κτίσεως
3395 2859 3701 2921 ἀκολούθως

2125 2963 2406 3032 νοήσομεν.
2436 2960 2642 3012 Οὐκοῦν
2664 2960 2726 3012 ἐκ
2751 2957 2957 3030 νεκρῶν
2984 2955 3081 3026 μὲν
3107 2953 3446 3024 πρωτότοκος
3469 2951 3698 3019 γίνεται,

2125 3057 2153 3108 ό
2185 3054 2404 3123 ἀπαρχὴ
2433 3052 2540 3105 τῶν
2572 3050 2981 3120 κεκοιμημένων
3006 3047 3311 3117 γενόμενος,
3340 3046 3428 3098 ἴνα
3459 3045 3702 3114 ὁδοποιή-

457 3153 577 3195 nem
611 3138 716 3192 iter
747 3137 986 3207 aperiret
1007 3137 1074 3191 ".
1107 3136 1353 3205 Cumque
1386 3150 1510 3197 nos,
1542 3134 1636 3204 qui
1678 3143 1872 3188 natura
1903 3149 2021 3188 era-

2127 3162 2195 3217 σῃ
2223 3147 2385 3212 σαρκὶ
2410 3147 2508 3214 τὴν
2537 3145 2850 3198 ἀνάστασιν.
2901 3143 3006 3197 Καὶ
3054 3143 3262 3214 μέλλων
3305 3142 3451 3212 ἡμᾶς
3482 3140 3568 3194 διὰ
3599 3140 3698 3210 τῆς

456 3244 578 3283 inus
617 3227 712 3281 ﬁlii
765 3228 881 3291 irae,
933 3227 1146 3282 caelesti
1192 3227 1541 3295 generatione
1586 3240 1682 3295 per
1725 3240 1922 3294 aquam
1967 3234 2022 3279 et

457 3316 718 3388 Spiritum
756 3317 896 3371 ﬁlios
929 3317 1070 3371 lucis
1095 3324 1149 3370 et
1190 3315 1298 3370 diei
1331 3315 1470 3369 ﬁlios
1506 3324 1653 3370 esset
1703 3314 2019 3376 eiiecturus,

454 3407 722 3480 ejusmodi
765 3409 1116 3478 generatione
1139 3407 1193 3458 in
1217 3404 1474 3460 Jordanis
1513 3403 1738 3458 flumine
1763 3405 1874 3457 dux
1909 3404 2022 3473 ipse

456 3500 755 3574 praecessit,
799 3509 857 3555 ut
891 3497 958 3552 ad
993 3506 1203 3552 natura:
1243 3507 1443 3551 nostrae
1482 3496 1749 3565 primitias
1783 3495 2026 3565 Spiritus

455 3590 683 3662 gratiam
737 3589 1062 3652 attraiieret,
1113 3588 1167 3641 id
1211 3595 1296 3643 est
1347 3595 1406 3642 ut
1447 3602 1640 3642 omnes
1688 3601 1751 3641 ex
1793 3586 2025 3655 spiritali

455 3681 870 3753 regeneratione
907 3681 974 3735 ad
1002 3681 1170 3735 vitam
1216 3688 1508 3751 generatos
1537 3679 1734 3734 fratres
1781 3679 1898 3748 ipse
1928 3693 2025 3748 per

455 3786 651 3841 aquam
693 3780 748 3830 et
796 3771 1062 3842 Spiritum
1114 3771 1461 3843 antegenitus
1507 3773 1892 3826 constitueret.
1941 3769 2026 3826 Ad

456 3860 707 3917 eumdem
763 3862 986 3916 modum
1047 3870 1314 3917 creaturae
1363 3863 1420 3917 in
1482 3861 1706 3919 Christo
1753 3869 2027 3933 generata:

455 3955 634 4023 ipsum
679 3953 1100 4024 primogenitum
1142 3955 1468 4022 cogitantes,
1517 3953 1585 4008 ab
1629 3954 1887 4024 opinione
1936 3953 2027 4023 pia

456 4046 679 4105 minime
719 4047 1131 4101 recesserimus.
1169 4044 1438 4110 Quoniam
1467 4046 1636 4115 igitur
1669 4053 1824 4101 vetus
1873 4058 2027 4100 crea-

457 4147 579 4197 tura
607 4137 848 4202 transiit,
880 4152 976 4206 per
998 4147 1282 4207 peccatum
1325 4135 1536 4192 inutilis
1563 4136 1795 4202 reddita,
1823 4151 2026 4190 ncces—

456 4229 606 4290 sario
636 4238 758 4299 post
795 4213 1089 4283 transitum
1122 4244 1313 4284 eorum
1342 4244 1462 4299 quae
1493 4229 1671 4284 deleta
1701 4236 1853 4291 sunt,
1903 4245 2027 4284 suc-

457 4321 625 4375 cessit
645 4308 790 4376 Inova
817 4321 941 4375 vita:
967 4329 1242 4386 creatura,
1275 4337 1395 4391 quae
1430 4337 1524 4391 per
1553 4322 2023 4391 regenerationem

454 4423 509 4472 et
551 4415 1012 4469 resurrectionem
1056 4431 1118 4468 ex
1170 4415 1401 4469 mortuis
1448 4415 1826 4481 constituitur,
1864 4417 2023 4482 cujus

456 4505 713 4582 princeps
755 4514 1059 4572 auctorque
1100 4504 1222 4559 vitae
1264 4505 1662 4574 primogenitus
1702 4516 1788 4561 est
1837 4519 1890 4562 et
1934 4524 2023 4579 ap-
2052 4495 2097 4550 ι)

455 4596 708 4666 pellatur.
733 4596 908 4665 Atque
932 4597 1046 4650 haec
1077 4595 1296 4664 quidem
1325 4609 1500 4665 pauca
1536 4596 1802 4651 studiosis
1834 4597 1901 4650 ad
1935 4614 2020 4653 re-

455 4685 736 4756 pellendos
768 4685 1141 4745 adversarios,
1172 4698 1225 4738 et
1250 4683 1319 4737 ad
1359 4685 1794 4754 perspiciendam
1822 4686 2025 4739 verita-

455 4787 565 4833 tem
612 4779 746 4833 satis
775 4786 956 4833 crunt.
1000 4777 1179 4842 Quare
1206 4777 1318 4845 jam
1358 4791 1522 4846 quam
1559 4777 1713 4829 utilia
1767 4777 1876 4831 sint
1913 4777 2026 4832 hac

455 4870 621 4927 verba
646 4870 711 4923 ad
743 4870 999 4938 virtutem
1035 4877 1089 4921 et
1120 4870 1310 4928 vitam,
1344 4869 1580 4922 breviter
1610 4883 2022 4936 percurramus.

457 4964 648 5018 Ruben
683 4977 874 5017 eorum
905 4963 996 5031 qui
1030 4970 1152 5030 post
1188 4976 1248 5016 se
1292 4962 1461 5031 geniti
1495 4969 1625 5014 sunt
1655 4960 1875 5026 fratres,
1921 4966 2022 5030 pri-

455 5053 762 5121 mogenitus
815 5050 914 5104 fuit
937 5051 981 5082 ⁸⁸
1019 5069 1032 5104 :
1069 5050 1450 5120 cognationem
1497 5059 1698 5112 autem,
1752 5066 1857 5129 qua
1898 5066 2022 5104 cum

454 5143 574 5211 ipso
602 5142 886 5211 conjuncti
915 5148 1092 5204 erant,
1129 5142 1345 5210 signqu
1379 5154 1596 5209 quoque
1623 5141 1676 5193 in
1701 5141 1781 5193 cis
1816 5141 2027 5209 perspi-

454 5246 618 5286 cuum
665 5231 1030 5302 primogenita
1073 5231 1252 5285 simile
1302 5231 1630 5292 testabatur,
1691 5239 1750 5284 ut
1785 5231 2025 5285 fraterna

454 5308 738 5392 sanguinis
781 5324 1094 5390 coniunctio
1128 5323 1315 5378 forma:
1348 5324 1716 5379 similitudine
1748 5323 2021 5379 declarata

457 5415 694 5487 ignorari
726 5431 834 5468 non
866 5423 1068 5484 posset.
1095 5415 1440 5484 Quapropter
1468 5417 1512 5470 si
1545 5432 1643 5470 nos
1672 5416 1800 5468 item
1829 5416 2018 5470 eodem

455 5506 620 5559 modo
637 5522 730 5574 per
762 5506 1224 5575 regenerationem
1270 5521 1423 5577 aquae
1451 5516 1504 5562 et
1541 5508 1767 5576 spiritus
1805 5506 2016 5559 Domini

456 5597 657 5663 fratres
703 5599 866 5668 geniti
918 5614 1130 5664 sumus,
1177 5599 1269 5668 qui
1299 5609 1519 5670 propter
1560 5615 1656 5654 nos
1716 5598 1892 5652 fartus
1935 5607 2018 5652 est

531 5775 575 5820 δ’
619 5773 771 5842 Βοω.
805 5794 880 5842 XI.
915 5777 1002 5838 56.
1083 5777 1172 5831 “l
1207 5778 1328 5831 Cor.
1371 5795 1454 5841 xv,
1496 5776 1586 5830 ‘20.

2123 3235 2326 3290 ἄνωθεν
2367 3237 2690 3305 γεννήσεως,
2725 3234 2790 3288 δι’
2824 3233 3012 3296 ὕδατος
3041 3233 3132 3285 καὶ
3175 3230 3511 3301 Πνεύματος,
3552 3230 3700 3294 υἱοὺς

2122 3326 2334 3398 ἡμέρας
2363 3329 2453 3380 καὶ
2477 3327 2622 3390 υἱοὺς
2647 3325 2822 3395 φωτὸς
2841 3321 3265 3398 ἀπεργάζεσθαι,
3292 3321 3415 3386 τούς
3440 3321 3702 3393 πρότερον

2123 3419 2281 3481 ὄντας
2331 3417 2495 3470 τέκνα
2541 3417 2700 3482 φύσει
2747 3417 2954 3490 ὀργῆς,
3009 3416 3168 3480 αὐτὸς
3221 3415 3540 3486 καθηγεῖται
3600 3413 3700 3483 τῆς

2123 3508 2378 3578 τοιαύτςς
2419 3510 2720 3580 γεννήσεως
2745 3549 2760 3571 ,
2815 3511 2872 3561 έν
2917 3507 2996 3577 τῷ
3045 3508 3244 3578 ῥείθρῳ
3276 3505 3368 3560 τοῦ
3412 3504 3697 3576 Ἰορδάνου,

2125 3602 2216 3653 ἐπὶ
2239 3599 2333 3672 τὴν
2356 3601 2607 3672 ἀπαρχὴν
2624 3600 2721 3670 τῆς
2744 3601 2955 3670 φύσεως
2974 3601 3006 3671 ἡ
3015 3600 3149 3671 μῶν,
3162 3598 3262 3670 τὴν
3277 3597 3370 3652 τοῦ
3388 3596 3525 3651 Πνεύ
3535 3611 3700 3666 ματος

2126 3693 2284 3763 χάριν
2327 3693 2786 3762 ἐπισπασάμενος.
2836 3693 2998 3744 Ὥστε
3056 3692 3263 3754 πάντας
3311 3689 3437 3750 τούς
3485 3690 3549 3741 ἐκ
3597 3686 3697 3757 τῆς

2127 3784 2497 3856 πνευματικῆς
2544 3784 2952 3854 ἀναγεννήσεως
2997 3783 3075 3845 εἰς
3118 3780 3262 3852 ζωὴν
3307 3777 3698 3848 γεννωμένους,

2126 3876 2388 3944 ἀδελφοὺς
2433 3876 2771 3947 χρηματίσαι
2821 3873 2914 3927 τοῦ
2965 3873 3419 3945 προγεννηθέντος
3466 3869 3554 3924 διά
3602 3868 3698 3924 τοῦ

2127 3967 2317 4030 ὕδατός
2345 3985 2403 4021 τε
2444 3967 2533 4021 καὶ
2573 3967 2905 4039 Πνεύματος.
2948 3965 3104 4019 Κατά
3150 3964 3242 4018 τὸν
3289 3963 3450 4018 αὐτὸν
3475 3961 3696 4032 τρόπον,

2129 4062 2221 4114 καὶ
2258 4061 2357 4130 τῆς
2403 4061 2460 4112 ὲν
2504 4059 2724 4130 Χριστῷ
2769 4057 3062 4128 γενομένης
3098 4057 3324 4118 κτίσεως
3357 4054 3699 4126 πρωτότοκον

2126 4152 2284 4206 αὐτὸν
2311 4150 2573 4213 νοοῦντες,
2601 4151 2700 4202 οὐκ
2732 4148 2836 4213 ἔξω
2863 4147 3121 4218 γινόμεθα
3146 4145 3246 4214 τῆς
3276 4142 3532 4206 εὐσεϐοῦς
3563 4143 3699 4196 ὐπο-

2126 4243 2359 4313 λήψεως.
2424 4239 2638 4310 Ἐπειδὴ
2667 4241 2774 4310 γὰρ
2805 4242 2837 4310 ὴ
2870 4237 3067 4308 ἀρχαία
3104 4235 3279 4298 κτίσις
3323 4233 3567 4305 παρῆλοε
3610 4230 3699 4286 διά

2125 4334 2222 4404 τῆς
2249 4332 2526 4403 ἁμαρτίας
2552 4328 2930 4400 ἀχρειωθεῖσα,
2962 4326 3271 4396 ἀναγκαίως
3295 4325 3393 4396 τὴν
3416 4323 3524 4376 τῶν
3556 4323 3697 4391 ἀφα-

2125 4423 2414 4478 νισθέντων
2458 4422 2690 4493 πάροδον
2721 4419 2988 4483 διεδέξατο
3016 4419 3049 4488 ή
3079 4417 3240 4488 καινὴ
3264 4419 3362 4486 τῆς
3392 4414 3536 4483 ζωῆς
3579 4412 3697 4466 κτί-

2127 4531 2228 4577 σις,
2263 4513 2349 4567 διὰ
2393 4513 2494 4582 τῆς
2540 4511 2944 4582 ἁναγεννὴσεως
2976 4510 3070 4562 καὶ
3108 4507 3206 4577 τῆς
3235 4508 3300 4559 ὲκ
3327 4504 3534 4574 νεκρῶν
3563 4503 3698 4556 ἀνα-

2125 4604 2365 4666 στάσεως
2391 4602 2755 4671 συνισταμένη
2778 4617 2790 4629 ’
2837 4595 2904 4670 ἦς
2929 4599 2956 4649 ὁ
2988 4595 3225 4668 ἀρχηγὸς
3255 4596 3353 4664 τῆς
3384 4594 3530 4662 ξωῆς
3560 4594 3698 4664 ἡγη-

2127 4692 2375 4761 σάμενος,
2405 4691 2744 4760 πρωτότοκος
2783 4688 2882 4757 τῆς
2929 4686 3073 4754 ζωῆς
3117 4685 3321 4753 γίνεται
3365 4683 3458 4736 καὶ
3495 4679 3695 4752 ὀνομά-

2125 4781 2294 4845 ζεται.
2352 4780 2488 4832 Ἀλλ’
2527 4780 2673 4842 ὅπως
2715 4777 2819 4848 χρὴ
2860 4777 2994 4846 πρὸς
3041 4778 3167 4839 τοὺς
3211 4773 3696 4842 ἀντιτεταγμένους

2123 4869 2287 4939 ἔχειν,
2335 4869 2401 4921 δι’
2445 4869 2637 4936 ὀλίγων
2667 4868 2775 4920 τῶν
2823 4866 3125 4936 εἰρημένων
3170 4863 3347 4936 ῥᾴδιον
3391 4862 3458 4916 ἂν
3490 4863 3699 4930 γένοιτο

2122 4964 2231 5023 τοῖς
2277 4959 2747 5029 φιλοπονωτέροις,
2790 4959 3035 5028 αὐτάρκη
3082 4954 3396 5026 συμμαχίαν
3429 4954 3563 5025 πρὸς
3593 4953 3694 5024 τὴν

2123 5052 2378 5120 ἀλήθειαν
2410 5050 2572 5120 ἔχειν.
2605 5050 2793 5110 Ὅπως
2816 5049 2858 5102 δ’
2881 5049 2946 5102 ἂν
2970 5047 3161 5116 φανείη
3192 5045 3540 5103 συντελοῦντα
3561 5046 3696 5116 πρὸς

2123 5143 2212 5194 τὸν
2241 5143 2360 5194 κατ’
2390 5141 2590 5211 ἀρετὴν
2619 5140 2729 5209 βίον
2755 5139 2822 5192 τὰ
2853 5143 3070 5211 ῥήματα
3099 5137 3296 5199 ταῦτα,
3337 5135 3425 5189 διὰ
3453 5135 3693 5206 βραχέων

2124 5232 2557 5302 ὲπελευσόμεθα·
2595 5232 2940 5303 Πρωτότοκος
2985 5226 3052 5300 ἦν
3097 5229 3203 5283 τῶν
3253 5231 3369 5298 μετ’
3404 5227 3564 5281 αὐτὸν
3613 5226 3697 5280 διὰ

2129 5327 2430 5398 γεννήσεως
2463 5323 2848 5395 παραχθέντων
2899 5325 2928 5376 ὁ
2970 5321 3227 5391 Ῥουὸίμ·
3275 5321 3352 5382 ὡς
3401 5317 3697 5389 ἐμαρτύρει

2128 5421 2238 5481 τοῖς
2271 5418 2386 5488 μετ’
2416 5416 2576 5470 αὐτὸν
2623 5415 2924 5486 γεννηθεῖσι
2975 5413 3074 5483 τὴν
3123 5413 3256 5482 πρὸς
3297 5411 3456 5464 αὐτὸν
3503 5410 3697 5476 συγγέ-

2127 5525 2272 5560 νειαν
2293 5510 2322 5559 ὁ
2341 5507 2754 5576 ἐπιφαινόμενος
2783 5504 2964 5565 αὐτοῖς
2992 5500 3294 5574 χαρακτὴρ,
3324 5497 3534 5560 οἰκείως
3561 5496 3694 5566 πρὸς

2123 5599 2213 5652 τὸν
2241 5597 2578 5669 πρωτότοκον
2608 5593 2768 5664 ἔχων,
2795 5592 2932 5645 ὥστε
2967 5591 3041 5662 μὴ
3075 5588 3386 5659 ἀγνοεῖσθαι
3419 5587 3515 5658 τὴν
3549 5585 3692 5640 ἀδελ·

1682 5775 1768 5828 ’τι
1805 5771 2000 5834 Thess.
2031 5787 2105 5838 iV,
2141 5773 2226 5828 15.
2301 5773 2345 5808 ⁸⁸
2377 5771 2512 5828 Gen.
2549 5785 2702 5836 XXIX,
2733 5768 2821 5827 52.
