4096 6354
344 356 447 410 277

1338 358 1428 414 DE
1469 358 1824 417 PERFECTA
1872 362 2270 419 ClllilS'l‘lANl
2312 367 2573 425 FURMA.

3488 375 3598 429 ‘278

346 470 571 539 φότητα,
606 468 695 521 διὰ
716 469 809 538 τῆς
842 468 980 522 κατά
1005 469 1102 540 τὴν
1133 470 1344 542 μορφὴν
1368 472 1682 543 ὁμοιότητος
1713 491 1916 547 μαρτυ-

2025 479 2413 550 primogeuitus
2476 483 2527 534 in
2585 482 2770 535 multis
2817 481 3105 549 fratribus,
3149 499 3366 554 :equum
3412 497 3497 539 est
3542 483 3601 538 ιιι

349 559 637 631 ρουμένην.
688 559 894 612 Ούκοῦν
930 561 978 613 εί
1027 560 1114 614 διά
1148 562 1244 630 τῆς
1286 562 1590 633 όμοτρόπου
1624 565 1926 635 ἀναγεννή-

349 666 505 713 σεως,
532 651 629 718 τῆς
656 650 721 702 δι’
749 648 938 713 ὓδατος
970 651 1066 705 καὶ
1091 650 1418 721 πνεύματος,
1453 653 1546 707 καὶ
1580 655 1739 724 ἡμεῖς
1771 654 1924 707 ἀδελ-

351 740 440 808 φοὶ
471 739 561 793 τοῦ
596 740 797 810 Κυρίου
830 740 1152 811 γεγόναμεν,
1204 740 1298 794 τοῦ
1344 742 1410 794 δι’
1441 744 1587 813 ἡμᾶς
1634 745 1923 815 γενομένου

350 829 695 899 πρωτοτόκου
731 831 788 882 ἐν
822 830 1033 892 πολλοῖς
1066 830 1310 899 ἀδελφοῖς
1332 848 1345 862 ⁸
1378 832 1667 886 ἀκόλουθον
1715 832 1779 887 ἂν
1812 835 1921 904 εἴη,

348 919 435 973 διὰ
456 921 565 972 τῶν
589 920 682 973 τοῦ
718 920 831 990 βίου
864 923 1229 991 χαρακτήρων
1275 923 1630 978 ἐπιδεικνύειν
1660 926 1757 997 τὴν
1786 928 1921 997 πρὸς

348 1011 511 1064 αὐτὸν
540 1012 854 1079 ἀγχιστείαν
877 1030 890 1042 ·
930 1014 1381 1084 ἐμμορφουμένου
1407 1019 1472 1086 τῇ
1503 1016 1615 1089 ζωῇ
1646 1021 1677 1088 ὴ
1687 1018 1802 1083 μῶν
1830 1019 1922 1072 τοῦ

350 1104 692 1174 πρωτοτόκου
737 1104 837 1169 τῆς
887 1105 1133 1168 κτίσεως.
1186 1108 1318 1160 Τίνα
1360 1109 1415 1161 δὲ
1462 1111 1782 1181 χαρακτῆρα
1824 1112 1924 1181 τῆς

350 1196 554 1247 ἐκείνου
589 1195 801 1265 μορφῆς
828 1197 973 1266 παρά
1002 1197 1101 1266 τῆς
1124 1198 1342 1269 Γραφῆς
1370 1201 1769 1272 μεμαθήκαμεν
1790 1221 1803 1268 ;
1827 1206 1922 1257 Ὃν

350 1286 561 1349 πολλοῖς
576 1288 896 1357 εἰρήκαμεν,
925 1289 1005 1340 ὅτι
1025 1308 1041 1337 ι
1076 1289 1374 1360 Ἀμαρτίαν
1387 1292 1485 1344 οὐκ
1502 1293 1776 1363 ἐποίησεν,
1801 1295 1921 1348 οὐδὲ

349 1376 545 1447 εὑρέθη
567 1376 716 1440 δόλος
743 1378 801 1429 ἐν
832 1377 906 1448 τῷ
940 1379 1163 1448 στόματι
1192 1378 1381 1433 αὑτοῦ.
1419 1400 1436 1431 ι
1466 1382 1672 1441 Οὐκοῦν
1707 1386 1753 1437 εἰ
1791 1385 1921 1454 μέλ-

347 1467 531 1536 λοιμεν
554 1467 770 1536 ἀδελφοὶ
796 1469 1151 1538 χρηματίζειν
1173 1469 1265 1521 τοῦ
1293 1471 1742 1543 καθηγησαμένου
1767 1477 1798 1545 ἡ
1804 1475 1922 1545 μῶν

348 1559 445 1620 τῆς
478 1559 801 1629 γεννήσεως,
844 1559 904 1612 τὸ
934 1560 1313 1630 ἀναμάρτητον
1340 1563 1435 1631 τῆς
1470 1562 1614 1631 ζωῆς
1640 1566 1671 1634 ἡ
1682 1564 1798 1633 μῶν
1833 1583 1922 1618 πι-

348 1650 612 1704 στώσεται
640 1652 737 1721 τὴν
766 1652 901 1720 πρὸς
934 1654 1140 1706 ἐκεῖνον
1172 1653 1514 1722 συγγένειαν,
1567 1657 1794 1726 μηδενὸς
1826 1657 1919 1727 ρύ-

347 1755 451 1791 που
504 1741 602 1810 τῆς
658 1742 793 1812 πρὸς
851 1746 949 1812 τὴν
1024 1742 1369 1813 καθαρότητα
1426 1747 1718 1814 συναφείας
1770 1750 1919 1819 ἡμᾶς

2027 570 2150 624 vitae
2209 571 2379 640 signis
2448 581 2692 626 nostram
2758 587 2883 625 cum
2948 573 3067 642 ipso
3134 575 3597 630 necessitudinem

2025 658 2379 713 ostendamus
2410 678 2422 713 :
2459 658 2583 713 vitai
2617 659 2763 713 enim
2809 668 3010 715 nostrae
3048 660 3277 715 formam
3322 663 3601 732 impressit

2027 750 2421 819 primogenitus
2459 756 2746 804 creatum.
2786 750 2918 817 Quae
2947 760 3125 806 autem
3161 752 3234 806 sit
3258 754 3379 821 ejus
3409 753 3597 809 forma

2027 851 2176 902 nota,
2218 856 2281 894 ex
2320 838 2600 910 Scriptura
2642 856 2787 911 saepe
2817 844 3392 899 commemoravimus.
3433 864 3451 896 ‹
3490 845 3597 910 Qui

2026 939 2336 1000 peccatum,
2380 950 2398 983 ι
2440 933 2636 1001 inquit,
2681 952 2708 983 ι.
2735 948 2842 986 non
2890 932 3037 995 fecit,
3083 949 3181 988 nec
3219 934 3473 990 inventus
3511 944 3598 989 cst

2026 1023 2183 1077 dolus
2234 1024 2286 1076 in
2333 1038 2427 1078 ore
2471 1023 2592 1092 ejus
2615 1026 2682 1077 ⁵³.
2717 1043 2736 1075 ι
2795 1022 3028 1079 Proinde
3089 1032 3272 1077 utrum
3319 1026 3465 1079 illius
3503 1027 3611 1094 quia

2025 1112 2380 1182 generatione
2414 1114 2699 1182 praecessit
2742 1113 3000 1183 appellari
3036 1114 3228 1168 fratres
3272 1114 3591 1179 debeamus,

2025 1203 2337 1261 innocentia
2379 1205 2504 1258 vita;
2553 1203 2928 1259 testimonium
2981 1204 3147 1269 dabit,
3190 1205 3236 1258 si
3285 1206 3432 1258 nulla
3483 1222 3596 1259 ma-

2023 1294 2142 1347 cula
2167 1309 2195 1346 a
2230 1294 2481 1363 puritatis
2503 1295 2894 1365 conjunctione
2929 1310 3026 1348 nos
3057 1296 3413 1365 separavcrit.
3442 1294 3615 1350 Proem

2024 1390 2169 1436 terea
2195 1382 2410 1450 justitia
2453 1391 2536 1436 est
2580 1384 3000 1452 primogenitus,
3030 1393 3085 1439 et
3118 1385 3503 1446 sanctificatio,
3540 1396 3593 1439 ct

2022 1473 2288 1535 cbaritas,
2340 1484 2397 1529 ct
2435 1476 2759 1545 redemptio,
2809 1484 2865 1530 et
2894 1478 2998 1531 alia
3046 1477 3336 1547 ejusmodi.
3382 1477 3593 1542 Quibus

2023 1565 2066 1618 si
2101 1565 2207 1618 vita
2260 1567 2385 1621 item
2433 1576 2620 1621 nostra
2654 1568 2817 1623 fuerit
2852 1568 3133 1640 insignita,
3166 1569 3303 1624 adeo
3333 1569 3591 1638 praeclara

2021 1656 2384 1727 praebebimus
2417 1667 2619 1712 nostra:
2667 1659 2965 1714 nobilitatis
3011 1659 3233 1725 indicia,
3268 1670 3345 1724 ut,
3373 1660 3466 1730 qui
3501 1661 3591 1713 illa

2022 1750 2409 1816 conspexerint
2435 1749 2490 1802 in
2528 1759 2713 1802 nostra
2755 1750 2888 1812 vita,
2920 1749 3022 1818 ipsi
3051 1764 3270 1819 quoque
3300 1765 3400 1803 nos
3434 1747 3593 1802 Chri-

346 1833 712 1901 ἁφορίζοντος.
772 1834 930 1889 Ἀλλά
980 1836 1075 1889 καὶ
1126 1836 1438 1907 δικαιοσύνη
1472 1839 1565 1890 καὶ
1598 1839 1860 1909 ἁγιασμὸς
1894 1842 1921 1893 6

2025 1838 2092 1892 sti
2117 1837 2314 1892 fratres
2359 1853 2503 1901 esse,
2558 1840 2668 1893 sint
2716 1847 2884 1894 testes
2918 1838 3112 1894 futuri.
3152 1839 3269 1909 Ipse
3311 1840 3454 1894 enim
3508 1846 3595 1894 est

346 1925 688 1991 πρωτότοκός
732 1928 869 1988 ἐστι,
912 1929 1003 1980 καὶ
1035 1927 1243 1997 ἀγάπη,
1279 1928 1373 1982 καὶ
1402 1929 1795 1999 ἀπολύτρωσις,
1828 1934 1922 1990 καὶ

345 2011 415 2065 τὰ
440 2013 682 2067 τοιαῦτα.
713 2014 920 2067 Οὐκοῦν
953 2017 1001 2068 εί
1047 2015 1133 2068 διὰ
1165 2015 1273 2068 τῶν
1302 2016 1555 2070 τοιούτων
1588 2016 1682 2071 καὶ
1720 2019 1748 2071 6
1778 2019 1912 2087 ἡμέ-

345 2120 501 2173 τερος
550 2106 1005 2176 χαρακτηρίζοιτο
1049 2106 1183 2176 βίος,
1214 2108 1417 2178 ἐναργῆ
1452 2109 1799 2179 παρεξόμεθα
1822 2109 1920 2179 τῆς

346 2195 623 2261 εὐγενείας
654 2196 809 2267 ἡμῶν
844 2198 909 2250 τὰ
959 2198 1331 2268 γνωρίσματα.
1374 2198 1511 2256 ὥστε
1541 2201 1630 2255 τὸν
1662 2198 1833 2253 ταῦτα
1861 2200 1919 2251 ἐν

344 2285 411 2353 τῇ
443 2282 553 2354 ζωῇ
583 2285 897 2355 καθορῶντα
923 2291 988 2356 τῇ
1023 2286 1286 2357 ἡμετέρα,
1320 2291 1760 2360 προσμαρτυρεῖν
1789 2290 1919 2359 ἡμῖν

2019 1928 2112 1997 qui
2144 1930 2571 1984 resurrectionis
2600 1930 2761 1985 nobis
2795 1931 3006 1985 aditum
3032 1930 3308 2001 patefecit,
3345 1936 3399 1985 et
3436 1930 3507 1983 ob
3533 1929 3589 1984 id

2019 2016 2273 2085 primitiae
2305 2015 2693 2072 dormientium
2727 2018 2902 2073 factus
2932 2030 3034 2074 est.
3062 2018 3172 2073 Nos
3204 2020 3369 2089 igitur
3401 2034 3595 2073 omnes

2018 2115 2428 2163 resurrecturos
2478 2110 2532 2164 in
2581 2112 2688 2164 ictu
2735 2112 2877 2165 oculi
2935 2112 2990 2166 in
3040 2112 3337 2166 novissima
3395 2111 3526 2165 tuba
3548 2110 3607 2143 ⁸⁸η

2019 2215 2115 2271 per
2136 2214 2198 2255 ea
2226 2200 2642 2267 demonstravit,
2680 2212 2792 2256 tum
2834 2219 2954 2273 quae
2994 2205 3047 2256 in
3088 2204 3296 2273 seipso,
3324 2212 3438 2257 tum
3472 2216 3604 2273 quae

2030 2292 2082 2345 in
2109 2292 2325 2347 caeteris
2356 2293 2451 2361 qui
2492 2308 2520 2346 a
2549 2302 2725 2347 morte
2756 2295 3100 2357 tenebantur,
3127 2294 3323 2349 effecit.

343 2372 443 2444 τὴν
477 2375 611 2446 πρὸς
644 2376 734 2429 τὸν
778 2378 1008 2447 Χριστὸν
1035 2378 1387 2449 ἀδελφότητα.
1423 2379 1593 2442 Αὐτὸς
1621 2380 1728 2451 γάρ
1770 2381 1915 2433 ἐστιν
1952 2381 1980 2433 ὁ
2009 2380 2225 2446 ἀνοίξας
2272 2384 2406 2453 ἡμῖν
2437 2384 2535 2454 τὴν
2567 2383 2738 2454 θύραν
2771 2386 2868 2455 τῆς
2912 2386 3278 2450 ἀναστάσεως,
3346 2388 3441 2439 καὶ
3506 2385 3603 2439 διὰ

342 2468 500 2523 τοῦτο
518 2471 739 2543 ἀπαρχὴ
763 2472 871 2525 τῶν
899 2475 1311 2544 κεκοιμημένων
1330 2476 1633 2543 γενόμενος.
1666 2473 1791 2529 Ὅτι
1854 2476 1950 2545 μὲν
1987 2472 2079 2529 οὖν
2110 2476 2307 2540 πάντες
2335 2479 2753 2549 ἀναστησόμεθα
2785 2482 2841 2533 ἐν
2869 2481 3073 2551 ἀτόμῳ,
3106 2482 3164 2533 ἐν
3197 2483 3335 2551 ῥοπῇ
3402 2478 3601 2547 ὀφθαλς

348 2562 471 2634 μοῦ,
514 2565 572 2618 ἐν
615 2567 681 2634 τῇ
728 2566 932 2638 ἐσχάτῃ
971 2567 1227 2634 σάλπιγγι
1257 2585 1270 2598 ·
1304 2567 1462 2620 τοῦτο
1492 2568 1710 2632 ἔδειξεν,
1752 2565 1832 2630 οἷς
1859 2585 1918 2620 τε
1956 2568 2039 2637 ἐφ’
2068 2569 2261 2623 ἑαυτοῦ
2294 2572 2385 2624 καὶ
2417 2569 2498 2635 οἷς
2530 2571 2752 2625 ἐπὶτῶν
2784 2572 3006 2638 λοιπῶν,
3040 2573 3148 2626 τῶν
3174 2572 3278 2626 ὑπὸ
3340 2571 3433 2625 τοῦ
3499 2572 3598 2625 θα·-

344 2653 505 2708 νάτου
546 2656 947 2726 κρατηθέντων,
977 2660 1249 2728 ἐποίησεν.

415 2749 489 2801 Ού
544 2750 651 2819 μὴν
706 2751 794 2820 ἴση
839 2754 1169 2815 κατάστασις
1200 2755 1257 2806 ἐν
1306 2754 1384 2825 τῷ
1432 2754 1571 2825 μετά
1606 2752 1778 2809 ταῦτα
1823 2758 1921 2824 βιῳ

347 2839 553 2903 πάντας
600 2842 725 2903 τοὺς
774 2844 836 2894 ἐκ
870 2842 962 2895 τοῦ
993 2846 1094 2914 τῆς
1145 2845 1247 2914 γῆς
1287 2845 1540 2915 χώματος
1584 2847 1922 2908 ἀναστάντας

346 2931 639 2995 ἐκδέξεται,
668 2932 802 2986 ἀλλά
849 2954 867 2984 ι
897 2935 1298 3005 Πορευσόμεθα,
1323 2955 1341 2988 ι
1378 2937 1563 3006 φησὶν,
1598 2939 1686 2989 «οἱ
1724 2938 1822 3007 μὲν
1857 2937 1924 2990 τὰ

345 3021 526 3090 ἀγαθά
567 3025 889 3091 ποιήσαντες
914 3064 929 3089 ,
969 3028 1048 3088 εἰς
1086 3026 1378 3080 ἀνάστασιν
1421 3027 1565 3097 ζωῆς
1590 3044 1604 3060 ο
1651 3029 1700 3080 oi
1754 3028 1810 3079 δὲ
1856 3026 1926 3079 τὰ

2091 2751 2290 2807 Verum
2320 2754 2372 2807 in
2400 2769 2463 2808 ea
2496 2769 2616 2824 quae
2638 2755 2821 2808 futura
2852 2762 2936 2809 est
2966 2756 3073 2808 vita
3102 2770 3209 2809 non
3239 2754 3379 2809 idem
3404 2770 3605 2812 omnes

2019 2852 2232 2899 eterra:
2304 2846 2517 2900 tumulo
2580 2855 2868 2917 surgentes
2938 2846 3143 2916 excipit
3206 2854 3423 2911 status,
3495 2849 3593 2903 sed

2024 2952 2043 2984 ι
2078 2934 2258 2996 Ibunt,
2300 2954 2318 2986 ι
2373 2934 2576 3004 inquit,
2615 2954 2632 2987 ι
2663 2936 2755 3005 qui
2794 2936 2934 2991 bona
2979 2936 3246 2998 fecerunt,
3303 2937 3362 2989 in
3404 2951 3595 2990 resur-

2023 3025 2320 3079 rectionem
2347 3027 2491 3087 vit;e,
2525 3026 2618 3095 qui
2651 3042 2777 3081 vero
2816 3028 2955 3079 mala
3010 3034 3255 3096 egerunt,
3314 3025 3369 3079 in
3417 3041 3601 3080 resur-

348 3111 526 3180 φαῦλα
561 3114 879 3182 πράξαντες,
910 3116 990 3178 είς
1016 3116 1310 3173 ἀνάστασιν
1343 3116 1593 3187 κρίσεως.
1627 3136 1645 3167 ι
1686 3118 1845 3171 Ὥστε
1874 3118 1921 3169 εἰ

2028 3112 2323 3167 rectionem
2344 3113 2540 3182 judicii
2563 3114 2625 3166 ".
2660 3132 2678 3164 ι
2711 3114 3075 3178 Quamobrem
3119 3113 3164 3170 si
3198 3113 3359 3183 cujus
3392 3115 3502 3167 vita
3528 3115 3598 3170 ad

347 3221 492 3267 τινος
522 3204 656 3274 πρὸς
697 3204 793 3275 τὴν
844 3204 1078 3276 φοϐερὰν
1131 3206 1345 3275 ἐκείνην
1395 3207 1717 3277 κατάκρισιν
1753 3209 1781 3259 6
1810 3207 1921 3276 βίος

2027 3202 2424 3259 formidandam
2474 3204 2623 3257 illam
2690 3212 2902 3273 spectat
2960 3203 3495 3268 condemnationem,
3552 3204 3599 3259 is

351 3294 533 3364 βλέπει
560 3313 574 3326 θ
623 3290 795 3361 οὗτος,
845 3297 948 3350 κᾶν
991 3295 1081 3350 διὰ
1121 3297 1219 3366 τῆς
1245 3297 1449 3350 ἄνωθεν
1481 3298 1781 3368 γεννήσεως
1812 3299 1923 3360 τοῖς

349 3386 593 3455 ἀδελφοῖς
639 3387 733 3440 τοι]
774 3389 974 3458 Κυρίου
1022 3388 1519 3458 συναριθμούμενος
1561 3388 1716 3459 τύχῃ,
1751 3404 1922 3441 κατα-

346 3478 598 3547 ψεύδεται
626 3479 721 3531 τοῦ
761 3479 1042 3550 ὀνόματος,
1075 3481 1133 3533 ἐν
1163 3483 1227 3551 τῇ
1262 3483 1443 3550 μορφῇ
1478 3480 1575 3550 τῆς
1600 3481 1799 3543 κακίας
1828 3481 1925 3550 τὴν

351 3570 486 3642 πρὸς
516 3571 606 3623 τὸν
651 3572 991 3643 πρωτότοκον
1019 3572 1337 3642 ἀγχιστείαν
1382 3571 1730 3641 ἀρνούμενος.
1780 3572 1838 3624 Ὀ
1867 3572 1923 3629 δὲ

354 3661 578 3731 μεσίτης
604 3660 751 3714 Θεοῦ
770 3662 863 3714 καὶ
906 3661 1226 3732 ἀνθρώπων,
1258 3664 1286 3714 6
1312 3661 1379 3715 δι’
1410 3660 1605 3715 ἐαυτοῦ
1640 3662 1923 3714 συνάπτων

350 3751 428 3821 τῷ
452 3751 570 3821 Θεῷ
598 3752 657 3804 τὸ
686 3752 1043 3823 ἀνθρώπινον,
1074 3755 1247 3805 ἐκεῖνο
1288 3752 1543 3805 συνάπτει
1574 3752 1753 3821 μόνον,
1787 3752 1923 3821 ὅπερ

354 3841 418 3895 ἂν
443 3842 545 3911 τῆς
570 3843 706 3914 πρὸς
724 3843 853 3896 Θεὸν
885 3844 1165 3913 συμφυΐας
1195 3842 1342 3910 ἄξιον
1429 3860 1441 3871 ·
1482 3843 1691 3913 ’Ὥσπερ
1714 3837 1806 3894 οὖν
1834 3841 1924 3894 τὸν

352 3934 545 3987 ἐαυτοῦ
593 3935 877 4005 ἄνθρωπον
921 3939 986 4007 τῇ
1029 3936 1252 4005 δυνάμει
1311 3936 1407 4005 τῆς
1448 3934 1697 4004 θεότητος
1746 3933 1924 4003 ἐαυτῷ

353 4023 754 4094 προσῳκείωσε,
791 4026 954 4096 μέρος
991 4025 1086 4095 μὲν
1110 4025 1208 4093 τῆς
1241 4023 1427 4092 κοινῆς
1454 4022 1664 4091 φύσεως
1691 4022 1841 4087 ὄντα,
1862 4023 1922 4081 οὐ

355 4115 461 4186 μὴν
490 4117 601 4178 τοῖς
632 4115 859 4169 πάθεσιν
887 4116 1314 4168 ὑποπεπτωκότα
1338 4114 1438 4183 τῆς
1468 4112 1682 4181 φύσεως
1709 4115 1821 4175 τοῖς
1844 4113 1924 4175 εἰς

320 4200 625 4276 ’ἁμαρτίαν
656 4205 1075 4275 ἐκκαλουμένοις
1105 4205 1123 4274 (
1153 4225 1171 4255 ι
1193 4204 1491 4274 Ἀμαρτίαν
1519 4224 1535 4256 ι
1578 4203 1706 4273 ⁸ᾲῖιρ,
1740 4202 1922 4273 φησὶν,

354 4314 375 4347 ι
404 4297 506 4350 οὐκ
537 4298 811 4368 ἐποίησεν,
842 4297 963 4350 οὐδὲ
1014 4295 1208 4367 εὑρέθη
1269 4295 1417 4359 δόλος
1465 4296 1523 4348 ἐν
1573 4293 1651 4364 τῷ
1699 4292 1925 4361 στόματι

351 4385 519 4440 αὑτοῦ
559 4406 578 4438 ι
606 4386 648 4456 )·
701 4387 841 4439 οὕτω
873 4387 969 4439 καὶ
992 4388 1117 4449 τοὺς
1141 4386 1261 4438 καθ’
1287 4384 1511 4439 ἕκαστον
1551 4381 1809 4453 προσάξει
1856 4382 1922 4451 τῇ

2027 3291 2244 3346 tametsi
2302 3306 2400 3361 per
2455 3293 2923 3361 regenerationem
2977 3292 3044 3349 ad
3093 3292 3323 3345 fratrum
3386 3291 3599 3349 Domini

2026 3396 2312 3439 numerum
2348 3381 2488 3437 forte
2516 3382 2790 3452 ascriptus
2832 3384 2925 3447 sit,
2962 3397 3160 3435 nomen
3187 3382 3505 3449 ementitur,
3543 3382 3606 3443 in

2025 3474 2245 3528 malitize
2284 3473 2452 3528 forma
2501 3475 2707 3529 nullam
2742 3488 2868 3527 cum
2915 3474 3280 3543 primogenita
3322 3475 3600 3544 cognatio-

2026 3580 2147 3617 nem
2177 3579 2289 3635 pra:
2332 3580 2392 3620 se
2432 3564 2635 3621 ferens.
2682 3565 2948 3620 Mediator
2986 3573 3168 3621 autem
3201 3565 3295 3620 Dei
3338 3574 3394 3623 et
3425 3568 3602 3621 homi-

2025 3670 2177 3719 num,
2207 3655 2301 3724 qui
2350 3671 2445 3725 per
2475 3657 2716 3726 seipsum
2764 3671 2937 3726 genus
2975 3655 3272 3711 humanum
3315 3657 3601 3728 conjungi:

2034 3746 2164 3811 Deo,
2208 3748 2385 3802 solum
2428 3749 2559 3802 illud
2602 3748 2890 3817 conjungit
2917 3749 3060 3817 quod
3107 3762 3170 3804 ea
3211 3748 3601 3817 conjunctione

2027 3837 2100 3891 sit
2134 3835 2379 3904 dignum.
2412 3835 2879 3902 Quemadmodum
2930 3836 3132 3889 virtute
3184 3836 3370 3889 divina
3421 3837 3600 3890 homi-

2029 3944 2153 3987 nem
2183 3930 2380 3995 induit,
2410 3937 2635 3984 eatenus
2665 3929 2886 3998 quidem
2907 3928 3156 3981 humana:
3190 3936 3401 3986 natura:
3429 3929 3600 3998 parti-

2027 4020 2223 4089 cipcm,
2270 4032 2327 4074 ut
2353 4020 2516 4074 nullis
2552 4026 2759 4073 natura:
2793 4020 3296 4089 perturbationibus
3319 4021 3384 4075 ad
3407 4036 3600 4091 peccau-

2027 4120 2140 4164 tum
2163 4112 2527 4181 excitantibus
2553 4110 2889 4179 subjaccret:
2920 4127 2939 4160 ι
2965 4109 3250 4165 Peccatum
3278 4131 3296 4162 ι
3325 4111 3599 4177 enim,in-.

2029 4202 2167 4271 quit,
2189 4221 2208 4252 ι
2236 4217 2344 4256 non
2367 4200 2516 4264 fecit,
2540 4216 2638 4255 nec
2661 4202 2914 4256 inventus
2931 4211 3014 4257 cst
3031 4201 3261 4255 dolusin
3275 4217 3370 4256 ore
3392 4202 3543 4271 ejus:
3572 4221 3597 4259 ι

2029 4292 2111 4347 sic
2152 4291 2401 4346 homines
2434 4289 2690 4360 singulos.
2717 4288 2785 4342 ad
2816 4289 3596 4347 divinitatis.communionem

2029 4383 2282 4447 adducet,
2326 4382 2371 4436 si
2423 4381 2556 4435 nihil
2600 4396 2671 4439 ea
2714 4381 3022 4436 divinitatis
3071 4380 3466 4451 conjunctione
3507 4382 3592 4434 in-

352 4478 618 4548 συναφείᾳ
642 4478 740 4547 τῆς
769 4476 1041 4548 θεότητος,
1075 4479 1125 4530 εἰ
1158 4477 1324 4547 μηδὲν
1348 4477 1635 4544 ἐπάγοιντο
1660 4475 1759 4543 τῆς
1789 4473 1921 4544 πρὸς

2032 4470 2255 4542 dignum
2284 4468 2535 4527 afferant.
2574 4465 2632 4522 Si
2663 4468 2789 4537 quis
2812 4470 3070 4527 nimirum
3093 4484 3220 4523 vere
3246 4469 3319 4524 sit
3335 4470 3595 4537 templum

352 4567 413 4620 τὸ
431 4567 583 4620 Θείον
614 4568 906 4636 συναφείας
936 4567 1169 4631 ἀνάξιον.
1215 4566 1353 4619 Ἀλλ’
1388 4566 1442 4619 εἴ
1482 4584 1564 4628 τις
1593 4563 1804 4634 ἀληθῶς
1836 4563 1920 4632 εἴη

352 4657 486 4711 Θεοῦ
515 4658 660 4724 ναὸς,
694 4658 857 4728 μηδὲν
905 4658 1103 4720 κακίας
1151 4658 1366 4711 εἴδωλον
1398 4659 1491 4710 καὶ
1538 4656 1819 4726 ἀφίδρυμα
1866 4656 1923 4707 ἐν

352 4752 530 4821 ἐαυτῷ
564 4751 852 4821 περιέχων,
886 4747 1037 4813 οὗτος
1067 4752 1172 4804 ὑπὸ
1196 4751 1287 4803 τοῦ
1319 4750 1537 4821 μεσίτου
1566 4750 1699 4820 πρὸς
1731 4766 1917 4819 μετου-

354 4846 473 4897 σίαν
516 4844 619 4913 τῆς
669 4845 917 4912 θεότητος
961 4843 1467 4913 παραληφθήσεται,
1504 4841 1740 4912 καθαρὸς
1772 4841 1923 4910 γενόο

354 4954 513 5005 μενος
561 4936 696 5007 πρὸς
741 4935 839 5006 τὴν
887 4934 1149 5006 ὑποδοχὴν
1194 4934 1291 5004 τῆς
1323 4933 1488 4987 αὐτοῦ
1537 4932 1921 5004 καθαρότητος.

350 5026 487 5079 Ούτε
517 5027 627 5095 γάρ
656 5028 735 5090 είς
762 5027 1086 5096 κακότεχνον
1127 5025 1303 5097 ψυχὴν
1341 5022 1704 5079 εἰσελεύσεται
1742 5022 1923 5091 σοφία,

350 5115 533 5179 καθὼς
552 5118 580 5168 ὁ
606 5115 759 5184 λόγος
792 5115 975 5186 φησὶν,
1007 5115 1128 5167 οὔτε
1153 5118 1181 5169 6
1208 5114 1444 5185 καθαρὸς
1470 5116 1536 5184 τῇ
1570 5112 1764 5183 καρδίᾳ
1801 5112 1924 5165 ἄλλο

349 5220 401 5255 τι
429 5205 578 5275 παρὰ
604 5204 695 5257 τὸν
720 5204 850 5257 Θεὸν
876 5207 933 5257 ἐν
962 5204 1140 5274 ἐαυτῷ
1168 5203 1356 5274 βλέπει
1379 5218 1392 5233 ’
1424 5196 1468 5269 ᾧ
1487 5202 1574 5255 διά
1596 5204 1693 5272 τῆς
1717 5201 1920 5272 ἀφθαρ-

353 5294 472 5353 σίας
507 5294 947 5364 προσκολληθεὶς,
981 5293 1131 5357 ἐντὸς
1164 5293 1361 5345 ἑαυτοῦ
1392 5294 1569 5347 πᾶσαν
1592 5292 1691 5362 τὴν
1709 5292 1918 5362 ἀγαθὴν

346 5384 624 5452 βασιλείαν
653 5385 884 5451 ἐδέξατο,
929 5385 1144 5438 Μᾶλλον
1184 5386 1227 5445 δ’
1261 5384 1325 5438 ἄν
1358 5366 1567 5451 γένοιτο
1598 5385 1726 5454 ἡμῖν
1752 5400 1918 5443 κατα-

350 5476 516 5543 φανὲς
540 5475 599 5529 τὸ
622 5475 930 5544 λεγόμενον,
960 5478 1009 5529 εἰ
1040 5477 1139 5548 τὴν
1170 5475 1264 5528 τοῦ
1292 5476 1496 5546 Κυρίου
1520 5475 1722 5543 φωνὴν,
1745 5474 1811 5543 ἢν
1834 5474 1919 5526 διὰ

347 5567 447 5636 τῆς
481 5568 698 5637 Μαρίας
728 5568 862 5638 πρὸς
904 5570 1029 5632 τοὺς
1073 5568 1399 5631 ἀποστόλους
1434 5567 1743 5636 πεποίηται,
1783 5567 1915 5636 πρὸς

2024 4562 2140 4625 Dei,
2175 4560 2497 4629 nullumque
2543 4560 2766 4614 malitia:
2810 4560 3166 4615 simulacrum
3221 4571 3315 4615 aut
3357 4569 3595 4621 statuam

2024 4654 2322 4714 contineat,
2372 4652 2417 4711 is
2446 4667 2475 4704 a
2517 4650 2835 4714 mediatore,
2867 4658 2926 4705 ut
2973 4650 3278 4706 divinitatis
3306 4653 3590 4722 particeps

2026 4743 2150 4807 fiat,
2198 4742 2534 4806 admittetur,
2575 4757 2699 4797 cum
2745 4758 2918 4811 purus
2966 4742 3036 4797 sit
3087 4750 3140 4797 et
3192 4742 3261 4796 ad
3304 4744 3597 4812 puritatem

2026 4831 2200 4904 ipsius
2247 4830 2651 4899 suscipiendam
2702 4828 2952 4885 idoneus.
2981 4828 3169 4897 Neque
3206 4829 3351 4883 enim
3389 4829 3441 4882 in
3476 4842 3593 4881 ma—

2025 4924 2254 4977 levolam
2297 4923 2557 4987 animam,
2593 4928 2651 4974 ut
2684 4921 2950 4989 scriptum
2998 4928 3084 4982 cst
3115 4920 3181 4984 ⁸³,
3216 4919 3465 4972 introibit
3509 4932 3597 4971 sa-

2026 5015 2251 5086 pientia,
2282 5021 2336 5066 et
2364 5014 2455 5083 qui
2489 5012 2727 5069 mundus
2779 5020 2863 5067 est
2912 5010 3098 5073 corde,
3133 5010 3268 5069 nihil
3311 5008 3365 5062 in
3414 5007 3599 5077 seipso

2028 5114 2224 5176 praeter
2257 5104 2423 5159 Deum
2449 5104 2664 5162 videns.
2698 5102 3126 5172 incorrupteque
3152 5100 3257 5169 ipsi
3288 5100 3593 5163 coluerens,

2026 5212 2189 5251 omne
2226 5195 2430 5249 bonum
2478 5210 2703 5263 regnum
2749 5195 2802 5247 in
2854 5207 2914 5247 se
2951 5191 3182 5259 accepit.
3232 5190 3499 5253 Caeterum
3542 5188 3595 5242 id

2027 5290 2171 5359 quod
2224 5289 2369 5351 dico,
2413 5289 2586 5357 magis
2632 5288 2978 5357 perspicuum
3019 5285 3130 5346 fiet,
3177 5285 3223 5349 si
3272 5285 3436 5339 verba
3474 5300 3598 5354 quae

2030 5380 2292 5434 Dominus
2335 5379 2599 5448 apostolis
2661 5393 2755 5447 per
2808 5376 3032 5430 Mariam
3093 5375 3334 5429 nuntiari
3397 5376 3594 5441 voluit,

2028 5472 2499 5527 considerabimus
2530 5490 2542 5524 :
2580 5490 2597 5520 ι
2636 5469 2909 5532 Ascendo,
2936 5488 2953 5520 ›
2987 5469 3185 5537 inquit,
3224 5486 3241 5515 ι
3278 5466 3342 5519 ad
3382 5466 3594 5521 Patrem

2029 5578 2205 5619 meum
2230 5569 2285 5617 et
2312 5561 2525 5616 Patrem
2554 5569 2817 5627 vestrum,
2846 5568 2900 5616 et
2936 5560 3103 5615 Deum
3131 5574 3308 5621 meum
3336 5572 3385 5613 et
3426 5558 3592 5619 Deum

418 5753 461 5785 "
504 5754 517 5806 I
556 5753 696 5811 Ριτιτ.
733 5770 792 5817 tl,
823 5755 910 5809 ἓξ.
992 5754 1074 5807 ⁸⁸1
1105 5755 1230 5809 Cor.
1264 5772 1348 5819 sV,
1385 5757 1469 5810 δὲ.
1547 5756 1587 5786 ⁵³
1612 5756 1765 5811 Joan.
1794 5773 1844 5816 ν,
1876 5757 1921 5808 ΞΞἿ

2046 5759 2088 5788 ⁸³
2132 5756 2259 5815 Sun.
2297 5770 2334 5816 ι,
2366 5755 2413 5806 ι.
