4096 6354
394 364 490 422 εει

1377 367 1466 423 DE
1522 367 2338 426 PERFECTA'CHBISTIANI
2392 369 2659 426 FORMA.

3534 367 3644 423 28%

397 480 508 551 ζωὴ
562 479 778 542 πάντως
828 481 923 534 καὶ⁸
970 481 1032 534 :6
1073 483 1210 551 μετά
1256 482 1355 553 τὴν
1398 484 1573 555 ἀρχὴν
1626 485 1780 538 ἔσται
1820 483 1968 537 νοού-

2077 491 2180 538 tam
2220 485 2554 555 principium
2597 481 2893 548 deﬁnierit,
2929 481 3039 536 vita
3084 482 3307 535 omnino
3333 490 3461 550 post
3489 480 3642 549 priu-

400 588 557 642 μενον
580 587 593 599 ·
642 574 738 623 καὶ
779 575 827 626 εί
872 572 990 640 φῶς
1021 575 1055 643 ή
1090 572 1253 644 ἀρχή,
1308 575 1425 644 φῶς
1456 577 1553 629 καὶ
1589 576 1653 629 τὸ
1699 576 1837 647 μετά
1871 577 1969 646 τὴν

398 664 568 733 ἀρχὴν
600 663 941 733 νοηθήσεται.
992 665 1055 715 Τί
1107 661 1199 717 οὖν
1230 665 1319 717 διὰ
1360 665 1453 719 τοῦ
1488 666 1762 721 πιστεύειν
1809 666 1972 721 αὐτὸν

400 749 531 806 εἶναι
583 754 757 824 ἀρχὴν
809 755 1161 825 ὠφελούμεθα
1198 772 1212 821 ;
1275 756 1348 809 T6
1397 757 1650 825 γενέσθαι
1698 757 1971 821 τοιούτους

398 848 562 918 ἡμᾶς,
586 847 702 898 οἵαν
732 845 868 899 εἶναι
897 847 996 917 τὴν
1027 848 1198 917 ἀρχὴν
1220 847 1375 918 ήμῶν
1403 848 1864 919 πεπιστεύκαμεν.
1893 850 1971 901 Oti

397 936 504 1005 γάρ
526 937 745 998 σκότους
770 938 911 1007 ἀρχὴ
939 938 1000 990 τὸ
1017 937 1131 1005 φῶς
1154 937 1481 1008 ὀνομάζεται
1508 957 1521 970 ·
1559 940 1680 992 οὐδὲ
1706 939 1806 1009 τῆς
1828 939 1971 1009 ζωῆς

398 1030 476 1091 είς
504 1030 677 1099 ἀρχὴν
706 1030 1042 1099 τεταγμένης
1068 1068 1082 1091 ,
1126 1029 1215 1082 τὸν
1251 1030 1478 1083 θάνατον
1525 1031 1585 1083 τὸ
1621 1030 1840 1101 συνεχὲς
1872 1032 1970 1101 τῆς

398 1118 542 1187 ζωῆς
577 1119 894 1188 ὲνοήσαμεν.
957 1119 1094 1170 Ἀλλ’
1143 1119 1189 1171 εί
1227 1120 1299 1189 μή
1344 1136 1429 1183 τις
1458 1119 1711 1189 ὁμοφυῶς
1745 1120 1880 1189 πρὸς
1911 1120 1972 1173 τὸ

398 1209 801 1280 καθηγούμενον
829 1210 961 1279 ἔχοι,
988 1210 1053 1262 δι’
1084 1211 1351 1274 ἀπαθείας
1382 1211 1474 1264 καὶ
1502 1212 1705 1281 ἀρετῆς
1734 1215 1797 1282 τῇ
1828 1212 1968 1282 ἀρχῇ

401 1303 816 1370 σννατπόμενος,
872 1302 972 1353 οὐκ
1025 1300 1089 1353 ἂν
1136 1300 1343 1368 γένοιτο
1370 1300 1556 1355 τούτου
1597 1302 1772 1372 ἁρχὴ,
1797 1304 1830 1372 ή
1861 1301 1971 1353 τῶν

396 1392 565 1445 ὄντων
611 1393 775 1463 ἀρχή.
827 1390 1111 1444 Σκοτεινοῦ
1166 1392 1316 1462 βίου,
1370 1395 1399 1445 6
1445 1394 1841 1464 κοσμοκράτωρ
1876 1391 1970 1445 τοῦ

402 1484 644 1545 σκότους,
683 1484 823 1554 ἀρχή
850 1501 862 1513 ο
888 1483 986 1552 τῆς
1019 1483 1395 1554 θανατηφόρου
1438 1485 1730 1554 ἁμαρτίας,
1771 1487 1799 1536 6
1834 1482 1973 1553 ἔχων

399 1574 491 1626 τοῦ
523 1573 750 1627 θανάτου
781 1574 841 1625 τὸ
872 1575 1091 1643 κράτος.
1140 1573 1253 1627 Ούκ
1280 1573 1425 1626 ἔστιν
1454 1570 1545 1626 οὖν
1570 1574 1656 1626 διὰ
1694 1573 1973 1644 μοχθηρᾶς

402 1666 545 1733 ζωῆς
576 1666 680 1717 ὑπὸ
708 1666 807 1735 τὴν
840 1664 932 1717 τοῦ
982 1664 1205 1727 σκότους
1248 1665 1421 1735 ἀρχὴν
1462 1664 1828 1733 τεταγμένον,
1873 1664 1973 1733 τὴν

400 1758 600 1820 παντὸς
628 1757 831 1826 ἀγαθοῦ
855 1758 1026 1828 ἀρχὴν
1055 1758 1247 1810 ἑαυτοῦ
1277 1752 1416 1809 εἶναι
1442 1755 1618 1821 λέγειν
1646 1756 1817 1826 ἀρχήν
1835 1771 1852 1785 ο
1876 1755 1975 1825 τῆς

2071 576 2280 647 cipium
2327 577 2684 647 intelligetur.
2736 573 2794 629 Si
2832 574 2923 627 lux
2953 580 3039 629 est
3079 572 3435 643 principium,
3489 578 3545 626 et
3582 586 3645 624 ea

2073 677 2198 739 post
2218 670 2548 738 principium
2590 668 2942 739 cogitabitur.
2978 666 3118 731 Quid
3146 665 3316 735 igitur
3340 678 3467 719 eum
3498 664 3647 733 pri-u-

2071 761 2274 831 cipium
2314 775 2438 815 esse
2485 760 2773 814 credentes
2814 757 3203 828 assequimur?
3248 755 3303 810 ld
3351 755 3645 818 nimirum,

2071 859 2133 905 ut
2187 853 2328 907 tales
2375 854 2573 913 simus,
2620 850 2782 921 quale
2830 848 3160 919 principium
3220 852 3469 901 nostrum
3526 857 3650 898 esse

2072 942 2427 998 credidimus.
2482 943 2671 1012 Neque
2713 943 2860 997 enim
2910 941 3255 996 tenebrarum
3316 936 3648 1008 principium

2072 1036 2166 1090 lux
2202 1035 2437 1100 dicitur;
2492 1048 2695 1103 neque,
2746 1046 2872 1085 cum
2915 1032 2984 1085 ad
3042 1028 3375 1100 principium
3418 1027 3529 1081 vita
3577 1024 3652 1081 sit

2072 1125 2320 1182 instituta
2369 1135 2533 1195 atque
2581 1124 2811 1188 directa,
2838 1138 2965 1178 eum
2997 1122 3248 1177 ordinem
3279 1127 3334 1174 et
3364 1119 3490 1173 vita:
3517 1132 3653 1173 con-

2072 1218 2432 1273 tinuationem
2466 1223 2698 1269 mortem
2737 1227 2858 1270 esse
2897 1211 3214 1267 didicimus.
3258 1209 3414 1277 Quod
3442 1209 3488 1265 si
3524 1209 3651 1279 quis

2073 1318 2283 1365 natura:
2311 1306 2673 1364 similitudine
2696 1320 2803 1361 non
2841 1310 3106 1374 sequatur
3123 1301 3480 1372 principium,
3500 1298 3651 1369 quod

2072 1400 2355 1473 praecedit,
2407 1401 2569 1468 eique
2608 1405 2733 1467 apte
2772 1395 3088 1449 innocentia
3125 1392 3437 1461 virtuteque
3462 1388 3650 1444 colue-

2073 1503 2226 1557 reat,
2268 1492 2392 1563 ejus
2430 1491 2763 1562 principium
2810 1501 2934 1542 esse
2984 1499 3092 1540 non
3157 1482 3357 1554 poterit
3415 1481 3508 1536 ille
3556 1480 3653 1550 qui

2074 1600 2259 1640 rerum
2310 1582 2645 1653 principium
2697 1586 2803 1634 est.
2857 1578 3122 1632 Obscura:
3180 1571 3655 1639 tenebricosaaque

2073 1678 2198 1731 vitae
2242 1674 2571 1745 principium
2611 1679 2697 1727 est
2733 1669 2923 1723 mundi
2981 1667 3142 1722 istius
3184 1679 3249 1720 ac
3304 1662 3653 1719 tenebrarum

2074 1767 2382 1837 princeps;
2435 1762 2704 1818 mortiferi
2761 1758 2972 1831 peccati
3020 1757 3352 1827 principium
3405 1762 3491 1811 est
3540 1752 3651 1816 ille,

397 1845 454 1898 δὲ
485 1846 651 1914 αὐτῆς
680 1845 859 1915 ἔχεται
891 1847 1127 1909 διανοίας
1150 1886 1166 1910 ,
1217 1849 1329 1908 τοῖς
1362 1847 1500 1916 πρὸς
1529 1846 1589 1898 τὸ
1620 1846 1749 1898 ἴδιον
1775 1845 1976 1913 ἀγαθὸν

2077 1857 2172 1928 qui
2221 1857 2417 1911 mortis
2463 1855 2630 1909 habet
2664 1858 3016 1923 potestatem.
3056 1847 3267 1902 idcirco
3313 1858 3424 1901 non
3474 1851 3657 1915 potest

398 1938 497 2001 τὰς
536 1938 683 2000 θείας
716 1939 896 2006 φωνὰς
926 1937 1329 2008 ἐκλαμϐάνουσι
1360 1977 1375 1999 ,
1424 1936 1484 1991 τὸ
1518 1939 1612 1991 καὶ
1643 1936 1868 2007 βασιλέα
1898 1938 1977 1990 δι-

401 2029 691 2099 καιοσύνης
716 2046 775 2081 τε
803 2031 894 2082 καὶ
919 2031 1140 2100 εἰρήνης
1158 2030 1318 2083 αὑτὸν
1340 2028 1716 2098 ὀνομάζεσθαι.
1762 2026 1825 2083 Ὀ
1845 2028 1975 2098 γὰρ,

400 2121 537 2173 κατά
567 2120 664 2189 τὴν
691 2119 1037 2173 διδασκαλίαν
1062 2122 1162 2190 τῆς
1194 2121 1527 2191 προσευχῆς,
1562 2121 1735 2174 ἐλθεῖν
1766 2121 1852 2175 ἐπ’
1877 2122 1975 2174 αὐ-

400 2213 491 2264 τὸν
531 2213 633 2283 τὴν
679 2211 773 2264 τοῦ
822 2211 955 2265 Θεοῦ
1005 2212 1282 2283 βασιλείαν
1321 2212 1631 2283 εὐχόμενος,
1678 2212 1865 2283 μαθὼν
1894 2213 1975 2265 ὅτι

397 2304 741 2377 δικαιοσύνης
772 2322 829 2358 τε
859 2306 951 2358 καὶ
978 2308 1199 2376 εἰρήνης
1244 2308 1359 2359 ἐστὶ
1392 2306 1645 2375 βασιλεὺς
1672 2309 1701 2358 6
1726 2306 1976 2377 ἀληθινὸς

402 2396 653 2466 βασιλεὺς
679 2436 693 2459 ,
755 2398 1089 2469 κατορθώσει
1158 2398 1375 2461 πάντως
1440 2397 1518 2468 τῷ
1571 2398 1686 2469 ἰδίῳ
1732 2399 1833 2469 βίῳ
1877 2398 1976 2469 τήν

399 2488 739 2557 δικαιοσύνην
765 2506 825 2541 τε
860 2491 953 2542 καὶ⁹
978 2491 1220 2561 εἰρήνην,
1263 2490 1348 2542 ἵνα
1380 2489 1693 2562 βασιλεύσῃ,
1727 2489 1914 2553 αἰτῶν,
1948 2491 1977 2542 6

397 2580 497 2650 τῆς
528 2580 873 2649 δικαιοσύνης
910 2581 1162 2650 βασιλεὺς
1207 2582 1302 2634 καὶ
1339 2582 1437 2651 τῆς
1479 2582 1721 2651 εἰρήνης.
1769 2580 1977 2634 Οὐκοῦν

401 2673 627 2741 στρατὸς
666 2673 763 2743 μὲν
785 2675 985 2727 νοεῖται
1018 2671 1111 2725 τοῦ
1141 2672 1425 2741 βασιλέως,
1459 2674 1607 2725 πᾶσα
1640 2673 1807 2742 ἀρετή
1838 2689 1850 2701 ο
1888 2671 1978 2724 διὰ

398 2764 506 2836 γάρ
553 2765 655 2835 τῆς
701 2764 1044 2834 δικαιοσύνης
1087 2781 1147 2816 τε
1200 2765 1294 2817 καὶ
1338 2765 1562 2834 εἰρήνης
1615 2765 1792 2826 πάσας
1821 2758 1977 2832 οἶμαι

398 2853 505 2905 δεῖν
530 2853 627 2916 τάς
655 2855 854 2924 ἀρετὰς
887 2857 1025 2907 νοεῖν
1053 2870 1066 2883 ·
1100 2855 1257 2917 εἴτις
1287 2851 1380 2907 οὖν
1412 2854 1843 2922 λειποτακτήσας
1871 2854 1977 2907 ἀπὸ

398 2947 496 3015 τῆς
528 2944 621 2997 τοῦ
655 2946 788 2999 Θεοῦ
825 2946 1082 3017 στρατιᾶς
1104 2986 1118 3008 ,
1167 2948 1232 3015 τῇ
1264 2946 1567 3016 παρατάξει
1600 2946 1708 2998 τῶν
1741 2945 1975 3014 ἀλλοφύ-

399 3036 507 3088 λῶν
555 3037 745 3088 ἑαυτὸν
798 3036 1151 3102 καταλέξειε,
1201 3035 1291 3089 τοῦ
1352 3037 1574 3108 εύρέτου
1632 3038 1729 3107 τῆς
1782 3037 1977 3100 κακίας

2076 1964 2222 2015 eum,
2259 1949 2355 2015 qui
2407 1948 2677 2000 bonorum
2718 1943 2962 1999 omnium
2992 1939 3323 2010 principium
3359 1943 3467 2000 est,
3496 1934 3656 2006 prin-

2077 2040 2282 2110 cipium
2312 2054 2472 2093 suum
2500 2052 2626 2093 esse
2646 2036 2852 2097 dicere,
2886 2033 2979 2103 qui
3000 2032 3105 2087 sub
3130 2029 3482 2085 tenebrarum
3505 2027 3657 2097 prin-

2078 2131 2223 2201 cipio
2268 2130 2536 2199 ﬂagitiose
2582 2127 2749 2182 vitam
2794 2124 3068 2190 instituit;
3109 2122 3203 2194 qui
3250 2136 3414 2177 voces
3438 2119 3657 2175 divinas

2079 2226 2144 2279 ad
2177 2224 2450 2293 propriam
2478 2220 2767 2274 utilitatem
2799 2218 3101 2288 excipiunt,
3125 2214 3315 2270 eodem
3345 2214 3508 2269 modo
3539 2212 3658 2265 aui-

2078 2314 2187 2369 mis
2223 2313 2545 2374 allicienzur,
2591 2325 2717 2364 cum
2764 2309 2994 2378 justitia:
3041 2307 3304 2377 pacisque
3332 2318 3514 2373 regem
3558 2316 3659 2357 no~

2079 2406 2282 2461 minari
2328 2405 2611 2460 Christum
2666 2402 2993 2471 intelligent.
3028 2398 3244 2453 Etenim
3292 2397 3388 2467 qui
3436 2411 3503 2450 ex
3536 2408 3660 2465 pre-

2079 2500 2241 2554 candi
2288 2497 2583 2567 disciplina
2626 2496 2906 2556 obsecrat,
2953 2501 3013 2547 ut
3070 2495 3125 2546 in
3170 2488 3414 2560 seipsum
3475 2484 3660 2542 veniat

2080 2603 2309 2659 regnum
2347 2585 2589 2650 Domini,
2628 2599 2752 2638 cum
2795 2598 2918 2637 eum
2947 2582 3040 2652 qui
3075 2596 3201 2635 vere
3232 2588 3316 2634 est
3349 2592 3467 2636 rex.
3492 2574 3661 2645 justi-

2081 2684 2171 2736 tiaa
2224 2690 2276 2733 et
2344 2678 2498 2749 pacis
2557 2691 2739 2746 regem
2793 2690 2917 2730 esse
2982 2672 3341 2743 cognoverit,
3390 2667 3659 2739 justitiam

2080 2788 2309 2844 prorsus
2358 2779 2413 2825 et
2463 2784 2649 2839 pacem
2704 2768 2759 2821 in
2811 2766 3035 2836 propria
3083 2766 3194 2819 vita
3240 2763 3657 2831 complectetur,

2079 2872 2141 2917 ut
2176 2863 2228 2915 in
2264 2877 2322 2915 se
2349 2876 2440 2915 rex
2468 2858 2700 2929 justitiaa
2731 2864 2785 2911 et
2810 2856 2958 2925 pacis
2987 2862 3192 2921 regnet.
3226 2853 3380 2919 Quod
3417 2852 3460 2906 si
3491 2851 3659 2919 hujus

2080 2954 2224 3023 regis
2263 2951 2560 3006 exercitum
2604 2949 2839 3001 virtutes
2889 2946 3095 2998 faciunt
3143 2943 3314 3013 (nam
3350 2940 3562 3011 justitia
3605 2946 3659 2995 et

2078 3059 2214 3113 pace
2260 3042 2497 3096 arbitror
2542 3040 2772 3093 virtutes
2814 3052 3004 3090 omnes
3054 3034 3358 3103 intelligi),
3414 3032 3506 3100 qui
3565 3028 3658 3084 Dei

399 3126 625 3197 ὁπλίτης
670 3127 988 3197 γενόμενος,
1038 3130 1130 3182 καὶ
1180 3128 1585 3198 ἀποδυσάμενος
1630 3128 1721 3180 τὸν
1754 3128 1976 3200 θώρακα

2082 3132 2327 3187 militiam
2369 3131 2630 3185 deserens
2684 3144 2743 3185 se
2788 3136 3047 3197 tanquam
3097 3123 3318 3178 malitia:
3358 3120 3659 3177 inventoris

398 3222 496 3290 τῆς
524 3220 885 3290 δικαιοσύνης,
921 3220 1015 3273 καὶ
1064 3222 1243 3275 πᾶσαν
1273 3220 1372 3290 τὴν
1421 3220 1701 3291 εἰρηνικὴν
1742 3239 1975 3275 παντευ-

398 3311 522 3380 χίαν
549 3328 561 3341 ’
594 3309 709 3373 πῶς
738 3304 891 3374 οὗτος
920 3310 1025 3363 ὑπὸ
1054 3309 1145 3361 τὸν
1169 3308 1389 3379 βασιλέα
1418 3312 1515 3378 τῆς
1542 3311 1761 3380 εἰρήνης
1784 3310 1978 3380 ταχθή-

403 3420 571 3468 σεται,
604 3402 864 3474 ῥίψασπις
891 3403 989 3473 τῆς
1013 3402 1269 3472 ἀληθείας
1298 3401 1586 3471 γενόμενος
1610 3419 1623 3465 ;
1653 3403 1819 3472 Δῆλον
1848 3404 1976 3474 γάρ,

398 3497 481 3549 ὅτι
507 3496 567 3548 τὸ
601 3495 867 3565 ἐπίσημον
895 3493 1056 3548 αὑτοῦ
1105 3494 1205 3563 τῆς
1229 3493 1496 3556 ὁπλίσεως
1523 3493 1684 3557 δείξει
1710 3495 1802 3546 τὸν
1829 3494 1980 3564 βασι-

398 3586 640 3651 λεύοντα,
676 3589 794 3640 ἀντὶ
818 3587 917 3656 τῆς
952 3585 1523 3655 ὲνσκιογραφουμένης
1556 3587 1669 3648 τοῖς
1692 3586 1874 3649 ὅπλοις
1904 3587 1981 3638 εἰ-

400 3680 555 3741 κόνος
582 3680 639 3729 ὲν
671 3677 747 3748 τῷ
778 3677 1082 3749 χαρακτῆρι
1120 3676 1213 3729 τοῦ
1262 3676 1375 3746 βίου
1422 3676 1679 3729 δεικνύων
1722 3675 1810 3729 τὸν
1844 3677 1979 3731 καθ·

400 3770 718 3841 ηγούμενον.
760 3772 847 3834 Ὧς
895 3770 1165 3840 μακάριος
1206 3770 1433 3832 ἐκεῖνος,
1478 3772 1506 3822 6
1546 3770 1649 3823 ὑπὸ
1692 3770 1791 3841 τὴν
1830 3770 1980 3824 θείαν

400 3863 729 3932 στρατηγίαν
772 3861 1144 3931 τεταγμένος,
1194 3861 1289 3913 καὶ
1341 3864 1452 3923 τοῖς
1494 3863 1734 3931 τάγμασι
1774 3863 1883 3915 τῶν
1922 3864 1981 3917 ὲν

402 3953 659 4023 μυριάσιν
687 3953 1102 4024 ἀριθμουμένων
1127 3952 1564 4022 κατειλεγμένος,
1595 3953 1689 4005 καὶ
1720 3954 1856 4023 μετά
1881 3955 1982 4025 τῆς

400 4044 593 4108 κακίας
622 4044 709 4097 διά
735 4044 843 4097 τῶν
873 4045 1084 4115 ἀρετῶν
1128 4044 1512 4113 όπλιζόμενος,
1548 4047 1604 4099 αἶ
1652 4044 1750 4116 τήν
1799 4048 1982 4101 εἰκόνα

398 4134 493 4189 τοῦ
518 4136 797 4206 βασιλέως,
823 4135 917 4188 τοῦ
941 4136 1299 4206 ὲνδυσαμένου
1323 4136 1513 4199 αὐτάς,
1542 4137 1977 4207 ὲνσημαίνονται.

400 4230 510 4283 Καὶ
532 4227 583 4281 τί
607 4231 708 4300 χρὴ
742 4229 1047 4299 περαιτέρω
1072 4229 1160 4282 τὸν
1192 4228 1348 4297 λόγον
1374 4229 1657 4300 προάγειν,
1683 4229 1862 4292 πάσας
1883 4231 1981 4294 τὰς

402 4320 620 4389 φωνὰς,
671 4316 755 4383 αἷς
801 4320 861 4372 τ’)
908 4319 1003 4372 τοῦ
1054 4320 1288 4390 Χριστοῦ
1343 4320 1752 4390 διερμηνεύεται
1787 4322 1978 4391 δνομα,

402 4413 722 4482 προτιθέντα
751 4414 813 4482 τῇ
845 4410 1133 4482 ἀκολουθίᾳ
1159 4412 1260 4481 τῆς
1303 4412 1622 4477 ἐξετάσεως,
1667 4413 1735 4465 δι’
1762 4406 1836 4466 ὧν
1865 4413 1980 4466 ἐστι

2080 3225 2337 3288 militem,
2368 3224 2582 3291 abjecto
2604 3220 2831 3290 justitiae
2862 3218 3086 3271 thorace
3118 3224 3171 3271 et
3199 3213 3348 3268 omni
3382 3221 3661 3268 armatura

2078 3315 2341 3388 pacifica,
2390 3314 2443 3367 in
2494 3313 2612 3367 acie
2656 3310 3096 3365 adversariorum
3148 3306 3481 3369 constituet,
3525 3320 3662 3376 quo-

2078 3408 2243 3462 modo
2286 3406 2373 3459 hic
2404 3421 2433 3458 a
2470 3406 2703 3459 veritate
2751 3401 2965 3457 alienus
2997 3399 3102 3454 sub
3141 3396 3373 3468 justitiaa
3404 3410 3529 3466 rege
3554 3395 3663 3450 col-

2079 3499 2351 3553 locabitur
2374 3497 2397 3550 τ
2420 3494 2554 3565 Ejus
2575 3497 2721 3548 enim
2748 3501 3044 3547 armaturae
3067 3489 3279 3560 insigne
3300 3488 3459 3557 plane
3479 3500 3660 3557 regem

2079 3590 2255 3660 ipsius
2303 3587 2595 3651 indicabit,
2650 3585 2849 3655 quippe
2890 3581 2982 3653 qui
3022 3579 3236 3635 vivendi
3288 3579 3501 3633 ratione
3542 3585 3663 3630 tan-

2078 3694 2243 3750 quam
2302 3677 2566 3747 impressa
2626 3676 2795 3730 armis
2855 3672 3091 3741 imagine
3142 3671 3337 3725 (lucem
3401 3667 3660 3724 ostendat

2080 3786 2259 3826 suum.
2310 3768 2489 3834 Quare
2543 3768 2734 3820 beatus
2785 3765 2895 3828 ille,
2951 3763 3043 3833 qui
3104 3763 3157 3817 in
3217 3760 3403 3815 divina
3463 3759 3660 3814 militia

2080 3861 2412 3914 constitutus
2445 3867 2546 3920 est,
2572 3864 2624 3909 et
2671 3853 2956 3907 ordinibus
2985 3864 3174 3905 eorum
3201 3849 3293 3918 qui
3325 3848 3380 3901 in
3412 3847 3660 3900 millibus

2080 3950 2315 4004 millium
2342 3955 2703 4001 numerantur
2729 3943 3040 4012 adscriptus
3078 3940 3145 4003 θ’,
3179 3946 3370 3993 contra
3396 3937 3658 3990 malitiam

2081 4040 2378 4095 virtutibus
2425 4045 2691 4095 armatur,
2732 4050 2856 4103 qua-
2896 4034 2949 4086 in
2981 4048 3046 4086 eo
3093 4032 3185 4099 qui
3222 4031 3370 4099 ipsas
3417 4028 3661 4080 induerit

2081 4132 2373 4201 imaginem
2416 4130 2562 4196 regis
2608 4127 3011 4180 demonstrant.
3044 4122 3336 4182 Caeterum,
3382 4117 3515 4188 quid
3575 4123 3662 4172 est

2082 4236 2309 4277 necesse
2362 4227 2419 4272 ut
2473 4234 2568 4271 cas
2618 4230 2803 4277 voces,
2854 4212 3055 4282 quibus
3093 4207 3300 4264 Christi
3338 4221 3533 4261 nomen
3563 4219 3659 4261 ex-

2082 4316 2319 4385 plicatur
2359 4322 2413 4365 et
2469 4312 2534 4362 ad
2571 4316 2777 4363 rectam
2807 4322 2873 4360 ex
2906 4305 3110 4359 virtute
3134 4299 3350 4356 vivendi
3393 4297 3659 4353 rationem

2081 4407 2418 4479 pervenitur,
2470 4416 2594 4455 cum
2647 4414 2709 4454 ea
2762 4396 3001 4452 nominis
3056 4393 3275 4464 propria
3322 4390 3395 4447 sit
3441 4388 3546 4453 vis,
3600 4394 3661 4449 ut

402 4504 534 4574 προς
562 4503 651 4556 τὸν
686 4505 802 4556 κατ’
836 4503 1033 4573 ἀρετὴν
1064 4502 1174 4571 βίον
1200 4502 1551 4573 ὁδηγηθῆναι,
1597 4504 1825 4558 ἑκάστου
1862 4505 1976 4558 6‘16-

2086 4499 2245 4555 uobis
2276 4496 2503 4551 omnino
2542 4492 2606 4547 ad
2641 4492 2766 4546 vita:
2797 4487 3187 4561 perfectionem
3213 4484 3504 4547 conducat,
3535 4494 3661 4551 pro-

406 4612 592 4664 ματος,
637 4594 724 4648 διὰ
754 4594 854 4663 τῆς
901 4594 1106 4655 οἰκείας
1135 4594 1447 4664 ἐμφάσεως,
1497 4595 1881 4665 συνεργοῦντός
1926 4613 1976 4649 τι

2084 4600 2372 4663 ponentes,
2426 4598 2588 4655 atque
2638 4582 2831 4635 ordine
2869 4579 3235 4638 declarantes,
3286 4574 3502 4644 longius
3534 4584 3661 4641 pro-

402 4687 616 4749 πάντως
662 4688 791 4756 ἡμῖν
842 4685 979 4758 πρὸς
1027 4686 1124 4757 τὴν
1170 4687 1263 4739 τοῦ
1316 4687 1429 4757 βίου
1480 4688 1795 4756 τελείωσιν;
1845 4691 1981 4744 ἀλλά

400 4776 580 4839 καλῶς
614 4776 756 4846 ἔχειν
791 4777 929 4847 φημὶ
960 4777 1058 4846 τὴν
1093 4777 1202 4829 τῶν
1251 4779 1730 4848 μνημονευθέντων
1779 4783 1977 4836 ἀνακε-

403 4867 811 4937 φαλαιώσασθαι
865 4869 1083 4938 μνήμην
1106 4871 1139 4937 οι
1176 4868 1316 4922 ὥστε
1366 4872 1488 4925 τινα
1537 4872 1789 4939 γενέσθαι
1828 4890 1976 4945 χειρ-

403 4959 645 5027 αγωγίαν
669 4960 796 5029 ἡμῖν
821 4959 955 5031 πρὸς
977 4959 1066 5013 τὸν
1093 4960 1185 5013 τοῦ
1212 4960 1370 5028 λόγου
1396 4964 1615 5027 σκοπὸν,
1650 4964 1707 5015 ὃν
1726 4963 1785 5030 ἐξ
1806 4964 1977 5036 ἀρχῆς

403 5051 714 5121 ὑπεθέμεθα
742 5070 755 5083 ο
793 5050 1113 5123 ζητοῦντες,
1165 5053 1281 5116 πῶς
1327 5054 1392 5108 ἄν
1438 5072 1523 5118 τις
1567 5056 1629 5107 τὸ
1670 5055 1874 5109 τέλειον
1922 5058 1979 5109 ἐν

404 5142 585 5214 ἑαυτῷ
615 5141 1024 5214 κατορθώσειεν.
1083 5139 1249 5214 Οἶμαι
1282 5144 1408 5217 γὰρ,
1456 5147 1504 5198 εί
1534 5147 1619 5199 ἀεὶ
1647 5146 1804 5201 τοῦτο
1830 5148 1978 5217 λογί-

404 5235 569 5300 ζοιτο,
601 5236 681 5287 ὃτι
714 5236 966 5299 κοινωνός
996 5238 1109 5291 ἐστι
1154 5236 1246 5290 τοῦ
1278 5239 1747 5309 προσκυνουμένου
1778 5239 1976 5311 ὀνόμα-

403 5343 513 5392 τος,
548 5324 689 5379 κατὰ
722 5325 783 5378 τὸ
809 5325 983 5395 δόγμα
1010 5325 1118 5378 τῶν
1145 5326 1456 5380 ἀποστόλων
1488 5329 1812 5399 Χριστιανὸς
1841 5346 1979 5400 χρη-

408 5416 667 5485 ματίζων,
703 5416 1016 5484 ἀναγκαίως
1046 5416 1139 5470 καὶ
1167 5417 1276 5470 τῶν
1304 5416 1477 5471 ἀλλων
1505 5418 1804 5489 ὀνομάτων,
1836 5414 1917 5483 οἷς
1949 5420 1977 5473 6

403 5509 635 5579 Χριστὸς
669 5511 888 5568 νοεῖται.
928 5511 1021 5563 καὶ
1051 5510 1134 5577 ἐφ’
1161 5509 1352 5563 ἐαυτοῦ
1393 5509 1562 5576 δείξαι
1595 5512 1691 5582 τὴν
1725 5511 1975 5583 δύναμιν,

405 5599 657 5662 κοινωνὸς
685 5599 919 5669 ἑκάστης
947 5599 1191 5669 κλήσεως
1214 5601 1301 5655 διὰ
1327 5600 1421 5655 τοῦ
1454 5602 1568 5673 βίου
1600 5604 1900 5671 γινόμενος.

2080 4661 2437 4753 grediamur?
2488 4690 2610 4729 cum
2646 4672 2783 4727 satis
2817 4684 2935 4723 mea
2984 4667 3205 4738 quidem
3266 4662 3538 4719 sententia
3563 4661 3660 4725 sit,

2082 4775 2128 4828 si
2171 4788 2255 4835 ea,
2307 4784 2428 4841 quae
2478 4763 3054 4822 commemoravimus,
3101 4756 3366 4812 memoria
3422 4755 3660 4809 breviter

2080 4873 2390 4936 repetentes
2429 4861 2482 4913 iu
2518 4870 2789 4914 summam
2824 4852 3172 4922 redigamus,
3216 4862 3337 4917 qua:
3386 4844 3546 4899 nobis
3590 4841 3658 4897 ad

2081 4933 2205 5013 eum
2255 4955 2415 5009 linem
2448 4960 2705 5019 tanquam
2738 4946 2845 5000 dux
2881 4942 3133 5003 exsistat,
3180 4952 3341 5008 quem
3391 4933 3658 4989 orationis

2078 5048 2233 5105 initio
2276 5041 2680 5114 proposuimus,
2723 5050 2845 5090 cum
2891 5034 2988 5087 abs
3037 5040 3090 5087 te
3137 5034 3494 5100 quatreretur,
3522 5039 3659 5094 quo-

2079 5139 2241 5195 modo
2282 5136 2404 5207 quis
2442 5134 2493 5187 in
2531 5130 2713 5200 seipso
2746 5125 3047 5197 perfectum
3089 5117 3307 5175 vivendi
3347 5130 3521 5188 genus
3562 5130 3654 5170 asv

2078 5231 2231 5300 sequi
2282 5232 2490 5298 posset.
2541 5223 2601 5277 Si
2640 5218 2766 5289 quis
2809 5216 2953 5272 enim
2998 5214 3221 5269 assidue
3270 5208 3565 5264 meditetur
3602 5214 3658 5259 et

2079 5326 2302 5396 cogitet,
2354 5336 2413 5376 se
2474 5312 2738 5371 adorandi
2804 5308 3044 5363 nominis
3110 5319 3233 5360 esse
3298 5300 3653 5373 participem,

2086 5393 2234 5475 ct'ex
2264 5413 2638 5486 apostolorum
2683 5404 2934 5460 instituto
2965 5398 3340 5452 Christianum
3371 5393 3502 5460 dici,
3530 5407 3657 5449 eum

2084 5525 2185 5581 ego
2220 5484 2557 5575 singularum
2594 5500 2719 5553 vita:
2771 5492 3196 5566 appellationum
3230 5496 3536 5559 compotem
3572 5484 3655 5539 fa-

2083 5578 2253 5660 ctum.
2290 5594 2600 5653 necessario
2624 5591 2788 5647 etiam
2836 5587 3069 5643 aliorum
3112 5584 3420 5646 nominum,
3456 5578 3658 5653 quibus

405 5694 658 5751 Christus
686 5703 1056 5763 nuncupatur,
1093 5696 1332 5753 arbitror
1358 5698 1412 5753 in
1453 5715 1511 5755 sc
1552 5700 1670 5770 ipso
1702 5708 2054 5757 ostensurum
2095 5711 2217 5753 esse
2247 5697 2595 5767 potestatem.

496 5813 541 5844 θ’
572 5813 737 5883 Apoc.
765 5829 858 5878 vn,
892 5813 924 5867 ι
954 5830 1077 5887 sqq.
