4096 6354
432 304 539 360 285

1710 304 1767 358 S.
1798 297 2121 358 GREGORII
2160 297 2202 352 Ν
2211 296 2454 355 YSSENI

3573 260 3676 336 ω

503 413 660 481 Quod
698 424 878 471 autem
908 416 1054 482 dico,
1080 416 1160 473 sic
1191 417 1302 474 lere
1333 417 1498 474 habet
1524 437 1536 473 :
1573 417 1702 472 Tria
1733 425 1858 474 sunt
1884 430 2008 486 quae

2149 419 2151 421 ’
2177 411 2303 469 Οἷόν
2333 404 2543 478 τιλέγω
2567 425 2580 441 ο
2621 405 2761 476 Τρία
2781 403 2849 457 τὰ
2880 395 3390 486 χαρακτηριζόμενα
3419 391 3527 486 τοῦ*
3546 371 3688 486 Χριξ

433 503 736 558 Christiani
761 505 927 558 vitam
951 505 1234 561 declarant
1259 517 1422 576 atque
1447 508 1814 577 distinguunt,
1841 506 2006 567 actio,

435 607 642 657 sermo,
671 595 956 664 cogitatio.
997 597 1079 650 Ex
1107 597 1195 652 his
1242 599 1448 668 primas
1471 598 1683 652 obtinet
1715 596 2005 666 cogitatio;

438 684 683 739 secundo
735 685 857 740 loco
911 687 1135 756 ponitur
1184 703 1386 754 sermo,
1443 690 1538 758 qui
1578 697 1901 758 conceptam
1955 691 2012 741 et

439 776 764 846 impressam
815 778 1001 832 animo
1049 780 1438 848 cogitationem
1490 779 1675 834 verbis
1735 779 1908 846 aperit
1957 785 2012 830 et

439 864 703 934 exponit:
733 874 857 934 post
896 867 1282 936 cogitationem
1313 875 1367 923 et
1409 883 1717 924 sermonem
1751 867 1896 921 actio
1922 880 2012 920 or-

441 955 568 1011 dine
586 957 906 1022 collocatur,
938 973 1060 1026 quae
1087 958 1270 1012 animo
1293 960 1528 1029 cogitata
1565 957 1724 1014 lactis
1757 957 2010 1026 exsequi-

442 1053 552 1100 tur.
604 1044 661 1100 Si
709 1047 840 1116 quid
894 1049 1086 1103 horum
1146 1050 1312 1120 igitur
1363 1065 1486 1113 nos,
1541 1057 1601 1105 ut
1653 1051 1732 1112 lit,
1793 1057 1889 1102 aut
1943 1047 2012 1102 ad

442 1134 733 1204 agendum,
781 1146 875 1190 aut
930 1137 997 1191 ad
1045 1138 1419 1209 cogitandum,
1454 1149 1547 1193 aut
1585 1141 1650 1194 ad
1685 1141 2013 1210 loquendum

441 1224 632 1290 ducit;
662 1240 802 1295 Opus
825 1234 929 1289 est,
975 1238 1032 1280 ut
1062 1229 1240 1282 omnia
1306 1238 1494 1285 nostra
1545 1238 1658 1284 tum
1693 1229 1861 1295 dicta,
1897 1241 2012 1284 tum

444 1313 610 1376 facta,
661 1325 776 1369 tum
813 1317 1049 1388 cogitata
1094 1318 1162 1372 ad
1211 1318 1450 1374 divinam
1485 1335 1672 1375 earum
1707 1323 2026 1385 notionum,‘

443 1405 646 1471 quibus
681 1405 938 1462 Christus
983 1407 1319 1474 declaratur,
1361 1413 1600 1481 regulam
1649 1413 1733 1468 sic
1776 1413 2017 1484 dirigan-

445 1505 558 1558 tur,
589 1507 649 1551 ut
690 1498 825 1553 nihil
862 1500 1186 1569 cogitemus,
1219 1500 1358 1554 nihil
1389 1500 1657 1563 dicamus.
1683 1501 1819 1556 nihil
1849 1501 2013 1556 facia-

447 1603 590 1651 mus,
633 1588 779 1658 quod
814 1603 844 1642 a
876 1588 1096 1642 sublimi
1136 1604 1323 1645 earum
1347 1590 1746 1662 signiﬁcatione
1775 1592 2012 1647 recedat.

448 1674 582 1730 Nam
642 1685 699 1730 ut
750 1679 1015 1748 quidquid
1064 1696 1173 1735 non
1209 1688 1295 1736 est
1325 1682 1403 1750 ζει
1449 1681 1553 1736 ﬁde
1588 1682 1790 1738 Paulus
1826 1698 2020 1753 pecca-

447 1774 563 1819 tum
621 1767 836 1832 dicit",
872 1769 948 1822 ita
978 1785 1077 1826 nos
1115 1770 1302 1826 eodem
1333 1771 1495 1825 modo
1527 1773 1830 1842 cogitantes
1860 1772 2018 1842 plane
2050 1758 2090 1813 Β

450 1870 746 1924 possumus
794 1857 1096 1924 alIirmare,
1157 1874 1496 1930 quaecunque
1543 1876 1652 1915 non
1718 1861 2019 1931 respiciunt

448 1944 751 2011 Christum,
797 1961 893 2002 seu
941 1949 1125 2013 verba,
1179 1965 1276 2004 seu
1310 1964 1473 2020 opera
1513 1951 1642 2014 sint,
1681 1965 1777 2007 seu
1813 1951 2019 2021 cogita.-

451 2037 654 2099 tiones.
709 2037 800 2090 illa
847 2039 1032 2093 omnia
1069 2040 1135 2094 ad
1173 2039 1227 2094 id
1281 2041 1508 2096 omnino
1554 2052 1826 2112 spectare,
1873 2041 2021 2112 quod

451 2124 674 2182 Christo
715 2129 1053 2183 contrarium
1087 2138 1192 2185 est.
1223 2129 1327 2196 Qui
1366 2132 1511 2185 enim
1559 2140 1712 2186 extra
1743 2132 1921 2186 lucem
1968 2140 2023 2185 et

450 2216 616 2270 vitam
651 2227 757 2281 est,
781 2219 829 2274 is
850 2219 904 2272 in
938 2221 1178 2276 tenebris
1211 2236 1438 2291 prorsus
1465 2230 1519 2276 et
1559 2229 1735 2277 morte
1763 2237 1869 2276 non
1901 2237 2025 2277 esse

454 2323 564 2364 nor.
606 2316 805 2378 potest.
848 2311 1212 2376 Quamobrem
1262 2313 1331 2375 si,
1375 2313 1522 2382 quod
1566 2327 1631 2366 ex
1666 2313 1884 2368 Christo
1913 2328 2024 2367 non

443 2397 538 2458 fit.
571 2399 868 2454 adicitur
895 2409 950 2455 et
979 2403 1274 2470 cogitatur,
1306 2402 1408 2464 iiIi,
1432 2401 1578 2472 quod
1603 2411 1688 2457 est
1727 2404 1870 2457 bono
1895 2417 2028 2456 con-

454 2489 705 2551 trarium,
753 2489 1107 2558 conjunctum
1150 2499 1235 2545 est
1267 2509 1281 2545 :
1319 2506 1386 2545 ex
1419 2491 1522 2545 hoc
1580 2492 1754 2548 cuivis
1792 2491 2025 2547 manife-

455 2589 601 2632 stum
641 2578 826 2644 fuerit,
877 2581 929 2635 id
960 2581 1104 2650 quod
1132 2582 1259 2636 hinc
1284 2582 1582 2652 colligitur,
1626 2583 1857 2644 scilicet,
1884 2581 2028 2651 quod

456 2670 731 2739 relinquat
767 2670 1070 2735 Christum,
1113 2674 1205 2742 qui
1242 2673 1310 2726 ah
1338 2674 1430 2728 illo
1481 2673 1764 2741 seiunctus
1805 2683 1892 2729 est
1934 2689 2031 2743 per

456 2776 578 2830 quae
601 2762 682 2814 vel
706 2762 908 2831 cogitat
937 2764 1161 2833 aliquid,
1193 2764 1274 2819 vel
1296 2765 1426 2834 agit,
1452 2766 1533 2819 vel
1561 2765 1819 2835 loquitur.
1843 2764 2031 2820 Divina

460 2853 630 2923 igitur
665 2853 754 2906 illa
793 2852 1078 2922 Propheta!
1114 2856 1277 2910 verba
1313 2856 1593 2911 verissima
1625 2863 1750 2910 sunt
1789 2875 1802 2910 :
1842 2874 1858 2906 ι
1887 2855 2033 2910 Prae-

463 2942 776 2998 varicantes
823 2945 1070 3015 reputavi
1126 2959 1316 3000 omnes
1368 2956 1682 3015 peccatores
1731 2949 2026 3012 terrae".i

469 3030 540 3088 Ut
583 3034 727 3088 enim
758 3034 851 3104 qui
894 3034 1170 3090 Christum
1217 3036 1271 3090 in
1321 3038 1794 3106 persecutionibus
1841 3048 2030 3110 negat,

459 3125 631 3182 divini
683 3127 923 3182 nominis
990 3129 1374 3198 pnevaricator
1422 3139 1546 3197 est;
1599 3132 1680 3186 sic
1741 3133 1927 3194 etiam,
1987 3133 2033 3188 si

460 3217 587 3286 quis
628 3218 935 3283 veritatem,
968 3226 1021 3274 et
1044 3218 1340 3287 justitiam,
1372 3229 1426 3274 et
1466 3222 1836 3284 sanctitatem,
1870 3231 1923 3276 ct
1955 3222 2038 3278 in-

464 3307 800 3376 tegritatem,
849 3317 904 3362 et
965 3310 1010 3364 si
1068 3309 1202 3378 quid
1259 3309 1400 3367 aliud
1467 3311 1652 3364 virtuti
1707 3311 2038 3366 conveniens

463 3398 757 3468 cogitatur,
807 3408 989 3468 negat,
1022 3407 1073 3453 et
1105 3414 1213 3468 quo
1253 3407 1497 3468 tempore
1529 3409 1720 3454 contra
1751 3401 2039 3471 perturba-

465 3490 643 3545 tiones
685 3499 739 3545 et
773 3491 904 3544 vitia
951 3489 1164 3546 fortiter
1210 3492 1558 3560 pugnandum
1599 3502 1707 3559 est,
1744 3494 1867 3552 vita:
1905 3509 2040 3548 con-

467 3581 726 3635 stantiam
757 3579 968 3650 ahjicit,
1007 3581 1054 3636 is
1086 3595 1116 3634 a
1139 3580 1408 3650 Propheta
1437 3584 1827 3652 przevaricator
1856 3586 2040 3654 appel-

471 3672 614 3727 latur
646 3690 659 3726 :
698 3673 753 3726 in
786 3673 872 3728 his
900 3674 1044 3727 enim
1083 3674 1318 3743 singulis
1361 3689 1390 3728 a
1427 3673 1670 3737 Christo,
1712 3676 1802 3744 qui
1833 3685 1919 3730 est
1951 3677 2040 3730 illa

471 3765 677 3830 omnia,
730 3766 840 3819 vita
888 3764 1118 3831 recedit,
1153 3776 1209 3820 et
1255 3767 1662 3836 praevaricatum
1696 3765 1835 3832 Quid
1883 3767 2044 3837 igitur

472 3855 621 3910 aliud
664 3871 789 3910 eum
832 3865 1043 3926 oportet
1089 3856 1290 3923 facere,
1337 3856 1430 3926 qui
1477 3872 1674 3925 magno
1711 3857 1915 3913 Christi
1947 3874 2044 3912 co-

473 3945 732 4017 gnomine
774 3945 974 4015 dignus
1025 3945 1251 4001 cﬂectus
1301 3955 1408 4008 cst,
1457 3947 1562 4002 nisi
1611 3954 1669 4001 ut
1707 3950 1888 4002 omnia
1939 3963 2041 4004 sua

476 4049 590 4093 tum
615 4039 869 4110 cogitata,
890 4039 1189 4102 tumdicta,
1219 4046 1333 4096 tum
1366 4039 1506 4094 facta
1537 4039 1825 4110 diligenter
1857 4041 2045 4110 explo-

474 4135 580 4194 ret,
611 4137 687 4192 et,
722 4135 903 4184 utrum
932 4145 1120 4184 eorum
1144 4131 1357 4201 singula
1386 4131 1452 4184 ad
1487 4130 1765 4186 Christum
1797 4133 2044 4196 tendant,

477 4237 545 4275 an
611 4220 680 4276 ab
724 4221 818 4275 illo
866 4222 978 4276 sint
1025 4222 1221 4284 aliena,
1277 4221 1583 4292 dijudieet?
1631 4222 1813 4278 Multis
1868 4234 2046 4278 autem

478 4311 656 4366 modis
684 4310 742 4365 ﬁt
775 4313 886 4366 haec
925 4313 1184 4382 praeclara
1217 4311 1560 4382 dijudicatio.
1601 4313 1875 4384 Quidquid
1903 4314 2048 4369 enim

2110 503 2327 560 στιανοῦ
2348 503 2439 556 τὸν
2468 500 2579 570 βίον
2611 497 2746 562 ἐστὶ,
2764 492 2983 565 πρᾶξις,
3002 489 3180 557 λόγος,
3199 484 3472 553 ἐνθύμιον.
3515 481 3681 552 Ἀρχὴ

2107 596 2217 667 γὰρ
2247 595 2455 663 γίνεται
2480 590 2638 658 λόγου
2657 586 2857 648 παντὸς
2883 585 2916 654 ή
2937 582 3144 636 διάνοια
3159 595 3172 610 ·
3197 576 3449 667 δεύτερον
3465 573 3523 627 δὲ
3543 572 3682 667 μετά

2108 666 2206 756 τὴν
2236 683 2552 754 ἐνθύμησιν,
2591 681 2620 732 6
2651 678 2806 745 λόγος
2857 674 2994 736 ἐστὶ,
3037 671 3136 742 τὴν
3181 666 3584 756 ὲντυπωθεῖσαν
3617 666 3681 733 τῇ

2109 755 2253 847 ψυχῇ
2285 774 2520 829 διάνοιαν
2550 770 2640 825 διὰ
2680 769 2778 838 τῆς
2821 765 3010 834 φωνῆς
3057 758 3432 816 ὲκκαλύπτων.
3481 755 3682 826 Τρίτην

2109 869 2166 922 δὲ
2189 867 2340 930 τάξιν
2368 865 2553 934 ἐπέχει
2587 860 2723 932 μετὰ
2747 860 2838 913 τὸν
2871 856 2993 910 νοῦν
3040 854 3132 908 καὶ¹
3166 852 3257 904 τὸν
3287 851 3440 918 λόγον
3472 850 3502 917 ή
3545 847 3684 917 πρᾶ-

2114 957 2214 1022 ξις,
2243 955 2304 1008 τὸ
2342 953 2528 1022 νοηθὲν
2569 953 2647 1013 είς
2692 947 2973 1018 ἐνέργειαν
3002 944 3230 1011 ἄγουσα.
3280 937 3508 998 Οὐκοῦν,
3558 935 3684 987 ὅταν

2112 1051 2191 1112 εῐς
2218 1066 2272 1101 τι
2299 1046 2500 1100 τούτων
2516 1045 2665 1114 ἡμᾶς
2685 1039 2992 1100 ἀκολούθως
3019 1035 3096 1105 τῷ
3125 1035 3224 1104 βίῳ
3247 1028 3684 1103 προσαγάγηται,

2113 1137 2293 1201 καλῶς
2325 1136 2437 1206 ἔχει
2466 1133 2663 1195 παντὸς
2695 1131 2788 1184 καὶ
2827 1129 2984 1198 λόγου
3015 1128 3108 1180 καὶ
3133 1124 3295 1195 ἔργου
3328 1123 3422 1174 καὶ
3455 1118 3708 1186 ὲνθυμή-.

2118 1244 2286 1298 ματος
2317 1226 2384 1278 τὰ
2407 1222 2718 1279 θεῖα’ταῦτα
2741 1221 3006 1290 νοήματα,
3034 1216 3099 1269 δι’
3130 1207 3204 1268 ὧν
3222 1215 3249 1266 6
3271 1211 3472 1282 Κύριος
3489 1209 3686 1261 νοεῖται

2115 1319 2208 1372 καὶ
2235 1315 2581 1388 ὀνομάζεται,
2609 1314 2676 1367 δι’
2704 1309 2988 1381 ἀκριϐείας
3017 1302 3451 1362 ἐπισκοπεῖσθαι,
3480 1303 3553 1371 μὴ
3586 1298 3688 1364 ἔξω

2115 1411 2212 1480 τῆς
2240 1409 2522 1478 δυνάμεως
2558 1405 2665 1458 τῶν
2701 1402 2920 1472 ὑψηλῶν
2949 1399 3176 1452 ἐκείνων
3205 1394 3483 1465 ὀνομάτων
3522 1391 3690 1460 φέρη-

2115 1518 2204 1554 ται
2250 1499 2407 1571 ήμῶν
2439 1497 2472 1568 ἢ
2509 1497 2571 1550 τὸ
2598 1495 2775 1566 ἔργον,
2812 1493 2845 1563 ἢ
2879 1493 2907 1544 6
2937 1490 3118 1556 λόγος,
3155 1489 3188 1558 ἢ
3224 1486 3284 1539 τὸ
3316 1482 3690 1554 ὲνθύμιον.⁰Ως

2117 1591 2226 1662 γάρ
2251 1593 2277 1644 ὁ
2302 1588 2511 1651 Παῦλός
2535 1603 2718 1657 φησιν,
2748 1585 2829 1638 ὅτι
2856 1585 2982 1644 πᾶν,
3005 1581 3032 1635 ὃ
3054 1580 3126 1651 μὴ
3163 1579 3226 1631 ἐκ
3249 1577 3503 1638 πίστεως.
3523 1575 3694 1643 ἀμαρ-

2117 1683 2208 1736 τία
2232 1680 2398 1734 ἐστίν’
2441 1677 2613 1740 οὕτως
2659 1677 2806 1728 ἔστιν
2856 1674 2920 1726 ὲκ
2959 1669 3054 1724 τοῦ
3091 1667 3384 1722 ἀκολούθου
3422 1664 3694 1732 νοήσαντα

2120 1772 2305 1842 σαφῶς
2358 1767 2758 1839 ἀποφήνασθαι,
2798 1765 2878 1836 ὅτι
2945 1763 3052 1815 πᾶν
3084 1759 3113 1812 ὃ
3145 1758 3219 1830 μὴ
3267 1759 3346 1820 είς
3394 1752 3628 1824 Χριστὸν
3658 1751 3692 1819 ἦ

2122 1867 2291 1938 ῥῆμα.
2311 1863 2358 1934 ’ἢ
2389 1862 2568 1934 ἔργον,
2601 1861 2635 1930 ἢ
2660 1860 2858 1930 νόημα.
2883 1856 2961 1918 είς
2985 1854 3046 1906 τὸ
3068 1850 3440 1938 ἀντικείμενον
3470 1844 3696 1938 1939}-

2254 1933 2469 2016 πάντως
2505 1953 2626 2022 ὁρᾷ.
2652 1950 2726 2003 Οὑ
2761 1948 2870 2018 γὰρ
2895 1947 3011 1998 ἔστι
3031 1943 3124 1996 τὸν
3153 1940 3257 2006 ἔξω
3287 1937 3463 2008 φωτὸς
3478 1935 3524 2025 ᾖ
3553 1933 3696 2025 {mile

2122 2020 2428 2114 γενόμενον,
2459 2020 2601 2112 μήήὲν
2626 2039 2806 2092 σκότει
2832 2036 3049 2096 πάντως
3070 2035 3102 2102 ἢ
3132 2033 3191 2084 ὲν
3209 2028 3425 2097 θανάτῳ
3453 2020 3607 2078 εἶναι.
3633 2022 3697 2074 Εἰ

2123 2137 2299 2191 τοίνυν
2314 2135 2373 2189 τὸ
2397 2135 2470 2205 μὴ
2491 2131 2632 2187 κατά
2647 2129 2878 2202 Χριστὸν
2906 2122 3290 2198 ὲνεργούμενόν
3309 2137 3368 2172 τε
3392 2121 3485 2172 καὶ
3506 2114 3700 2171 λαλού--

2125 2244 2308 2299 μενον,
2327 2227 2420 2278 καὶ
2439 2223 2746 2293 νοούμενον,
2779 2219 2914 2291 πρὸς
2928 2218 2987 2271 τὸ
3005 2216 3082 2287 τῷ
3111 2211 3297 2282 ἀγαθῷ
3329 2207 3700 2277 ἀντικείμενον

2125 2318 2338 2381 οἰκείως
2359 2316 2489 2386 ἔχει·
2512 2314 2670 2368 παντὶ
2685 2312 2842 2381 δῆλον
2860 2309 2925 2364 ἂν
2940 2309 3047 2379 εἴη,
3064 2306 3125 2360 τὸ
3141 2304 3230 2358 διὰ
3247 2302 3449 2356 τούτων
3470 2301 3700 2386 ἀναφαι-

2125 2409 2368 2479 νόμενον,
2389 2384 2480 2459 νότι
2509 2402 2800 2474 άφίησιτδν
2820 2399 3073 2472 Χριστὸν,
3103 2398 3128 2448 6
3157 2394 3260 2460 ἔξω
3299 2390 3505 2445 ἐκείνου
3549 2384 3701 2455 γενό-

2132 2517 2309 2571 μενος,
2343 2498 2408 2550 δι’
2439 2490 2514 2550 ὧν
2554 2497 2586 2566 ἢ
2633 2492 2831 2547 νοεῖταί
2863 2509 2938 2553 τι,
2972 2490 3006 2561 ἢ
3036 2488 3284 2558 πράττει,
3315 2484 3347 2553 ἢ
3381 2482 3696 2551 φθέγγεται.

2129 2588 2334 2644 Οὐκοῦν
2361 2586 2613 2656 ἀληθεύει
2644 2583 2817 2655 ήθεία
2841 2580 2936 2634 τοῦ
2967 2579 3248 2650 προφήτου
3278 2574 3449 2644 φωνή.
3472 2572 3507 2642 ἥ
3535 2587 3666 2642 φησι
3684 2585 3698 2598 ⁸

2137 2700 2156 2732 ι
2189 2677 2629 2748 Παραϐαίνοντας
2682 2671 3012 2740 ἐλογισάμην
3048 2668 3255 2729 πάντας
3281 2664 3405 2726 τοὺς
3446 2663 3704 2748 ἀμαρτω-

2131 2768 2254 2831 λοὺς
2279 2747 2378 2837 τῆς
2409 2766 2532 2834 γῆς.
2568 2784 2584 2814 ι
2638 2764 2724 2824 Ὠς
2776 2761 2883 2830 γάρ
2912 2761 2940 2811 6
2965 2757 3056 2810 τὸν
3099 2753 3330 2826 Χριστὸν
3362 2753 3418 2803 ὲν
3446 2751 3555 2812 τοῖς
3581 2747 3704 2800 διω-

2132 2862 2290 2930 γμοίς
2319 2857 2713 2929 ἀρνησάμενος,
2748 2848 3072 2921 παραϐάτης
3095 2846 3211 2899 ἐστὶ
3240 2842 3334 2896 τοῦ
3370 2856 3705 2930 προσκυνου-

2138 2928 2297 3020 μένου
2321 2928 2578 3018 ὀνόματος
2604 2962 2616 2975 ’
2647 2943 2790 2997 οῦτω
2815 2941 2909 2994 καὶ
2941 2940 2994 2992 εἴ
3031 2954 3116 3000 τις
3150 2935 3407 3004 ἀλήθειαν
3447 2931 3480 3002 ἢ
3514 2931 3611 3020 τὴν
3630 2928 3709 2981 δι-

2135 3019 2425 3108 καιοσύνην
2451 3037 2761 3109 ἀρνήσαιτο,
2792 3032 2825 3103 ἢ
2853 3031 2943 3084 τὸν
2989 3026 3258 3098 ἁγιασμόν
3283 3042 3343 3078 τε
3384 3023 3476 3076 καὶ
3499 3019 3708 3090 ἀφθαρ-

2139 3131 2278 3192 σίαν,
2323 3131 2356 3200 ἢ
2413 3129 2464 3181 εἴ
2506 3145 2557 3180 τι
2614 3125 2741 3179 ἄλλο
2765 3123 2873 3176 τῶν
2919 3121 3037 3175 κατ’
3075 3117 3272 3189 ἀρετὴν
3297 3113 3618 3184 νοουμένων,
3652 3110 3710 3166 ὲν

2136 3219 2311 3291 καιρῷ
2337 3220 2434 3289 τῆς
2456 3219 2563 3270 τῶν
2611 3214 2949 3285 παθημάτων
2983 3210 3415 3280 ἑπικρατήσεως,
3446 3201 3710 3258 ἀποϐάλοι

2136 3289 2244 3362 τοῦ
2266 3307 2401 3378 βίου,
2431 3305 2750 3376 παραϐάτης
2770 3301 3088 3373 ὀνομάζεται
3109 3297 3212 3350 ὑπὸ
3234 3299 3330 3365 τῆς
3353 3289 3709 3365 προφητείας

2137 3401 2203 3453 δι’
2235 3399 2466 3453 ἑκάστου
2496 3396 2699 3451 τούτων
2745 3394 2846 3447 τὸν.
2869 3391 3042 3446 ταῦτα
3080 3391 3207 3448 ὄντα
3249 3384 3604 3457 παραϐαίνων
3630 3378 3711 3448 τῷ

2142 3493 2260 3562 βίῳ.
2297 3491 2362 3544 Τί
2397 3486 2489 3543 οὖν
2518 3486 2624 3557 χρὴ
2647 3486 2904 3556 πράττειν
2937 3484 3028 3536 τὸν
3053 3481 3152 3552 τῆς
3184 3478 3424 3550 μεγάλης
3457 3475 3550 3532 τοῦ
3583 3472 3715 3543 Χρι-

2143 3581 2267 3636 στοῦ
2321 3579 2638 3650 ἐπωνυμίας
2668 3576 2996 3642 ἀξιιυθέντα;
3037 3572 3095 3631 τί,
3143 3571 3290 3632 ἄλλο,
3324 3569 3356 3639 ἢ
3396 3567 3484 3621 διὰ
3516 3563 3715 3628 παντὸς

2142 3673 2468 3744 φιλοκρινεῖν
2496 3671 2551 3723 ὲν
2579 3667 2754 3737 ἑαυτῷ
2781 3667 2848 3720 τὰ
2866 3660 3114 3737 νοήματᾶ
3165 3678 3222 3715 τε
3252 3661 3347 3714 καὶ
3371 3659 3440 3712 τά
3471 3658 3714 3727 ῥήματα,

2143 3764 2235 3818 καὶ
2253 3763 2321 3817 τὰ
2349 3762 2505 3838 ἔργα,
2532 3763 2640 3815 εἴτε
2664 3759 2800 3830 πρὸς
2833 3755 3065 3829 Χριστὸν
3091 3755 3322 3808 ἕκαστον
3359 3749 3564 3804 τούτων
3597 3747 3718 3818 βλέ-

2144 3873 2256 3916 πει,
2301 3855 2410 3909 εῐτε
2450 3852 2544 3907 τοῦ
2600 3850 2836 3923 Χριστοῦ
2883 3846 3272 3918 ἡλλοτρίωται;
3318 3841 3494 3910 Πολλὴ
3524 3841 3581 3892 δὲ
3621 3838 3718 3907 τῆς

2143 3945 2465 4017 διακρίσεως
2489 3942 2596 3996 τῶν
2618 3939 2874 3995 τοιούτων
2896 3937 3042 3991 ἐστὶν
3071 3937 3103 4005 ἡ
3136 3932 3374 3986 εὐκολία.
3413 3933 3478 3983 Ὃ
3508 3926 3721 4017 γάρδιά

2147 4016 2350 4098 πάθους
2379 4033 2522 4098 τινὸς
2554 4034 2874 4104 ἐνεργεῖται,
2909 4029 2943 4100 ἢ
2973 4029 3193 4090 νοεῖται,
3235 4023 3268 4093 ἢ
3302 4022 3515 4090 λέγεται
3535 4059 3550 4084 ,
3569 4016 3723 4070 τοῦτο

2146 4127 2400 4199 οὐδεμίαν
2429 4126 2540 4196 ἔχει
2564 4124 2700 4194 πρὸς
2734 4123 2823 4176 τὸν
2845 4117 3076 4190 Χριστὸν
3107 4114 3443 4186 συμφωνίαν,
3474 4108 3619 4199 ἀλλά
3631 4107 3723 4160 τὸν

2148 4197 2470 4288 χαρακτῆρα
2494 4213 2586 4266 τοῦ
2620 4209 2995 4279 ἀντικειμένου
3023 4206 3196 4275 φέρει,
3227 4203 3286 4266 ὃς
3313 4201 3433 4256 ἀντὶ
3464 4197 3721 4288 βορϐόρου

2150 4287 2396 4374 τὰπάθη
2426 4304 2502 4376 τῷ
2530 4303 2846 4374 μαργαρίτῃ
2868 4300 2964 4370 τῆς
2985 4297 3163 4367 ψυχῆς
3188 4291 3587 4366 προσαλείφων,
3622 4287 3724 4356 τὴν

479 4402 890 4470 perturbatione
923 4378 1102 4472 aliqua
1142 4412 1235 4456 aut
1274 4378 1472 4473 agitur,
1513 4413 1607 4459 aut
1635 4378 1925 4475 cogitatur.
1957 4417 2033 4460 aul

2152 4397 2471 4469 λαμπηδόνα
2516 4393 2610 4454 τοῦ
2659 4392 2840 4463 τιμίου
2887 4389 3034 4441 λίθου
3081 4385 3505 4454 διαλυμαίνεται.
3547 4378 3724 4475 ΔΤὺΑδὲ

478 4491 704 4553 dicitur.
769 4489 823 4545 id
889 4506 1012 4545 cum
1081 4492 1303 4546 Christo
1349 4492 1572 4548 minime
1622 4495 1897 4562 congruit,
1951 4493 2044 4549 sed

479 4579 781 4634 adversarii
835 4589 1020 4633 notam
1063 4588 1116 4635 et
1157 4581 1448 4651 imaginem
1513 4582 1675 4652 gerit,
1727 4584 1823 4652 qui
1879 4584 2050 4638 animi

481 4671 790 4741 margarita:
826 4686 926 4740 pro
965 4686 1122 4726 como
1157 4673 1594 4742 perturbationes
1643 4674 1932 4738 admiscet,
1991 4685 2052 4730 ut

482 4762 708 4833 pretiosi
732 4762 927 4832 lapidis
949 4763 1292 4833 splendorem
1315 4764 1581 4821 deformet
1601 4781 1664 4822 ac
1679 4765 1878 4822 deleat.
1895 4767 2052 4834 Quod

482 4867 612 4907 vero
641 4851 710 4905 ab
750 4850 898 4905 omni
929 4851 1146 4905 turbida
1190 4850 1474 4907 aﬂectionc
1514 4867 1744 4906 vacuum
1773 4860 1828 4907 et
1855 4867 2052 4922 purum

485 4950 593 5004 est,
631 4941 683 4995 id
730 4943 795 4996 ad
845 4942 1258 5012 tranquillitatis
1309 4949 1585 4997 auctorem
1645 4953 1698 4997 et
1749 4943 2052 5013 principem

488 5039 726 5102 Spectat,
775 5031 868 5101 qui
891 5031 1146 5086 Christus
1172 5039 1277 5093 est,
1305 5046 1369 5085 ex
1399 5046 1506 5101 quo
1531 5041 1787 5101 tanquam
1820 5048 1886 5086 ex
1916 5046 2054 5102 puro

491 5124 917 5192 incorruptoquc
944 5119 1112 5185 fonte,
1141 5122 1233 5189 qui
1264 5137 1393 5176 suas
1422 5121 1587 5178 animi
1613 5121 1864 5178 notiones
1892 5128 2056 5190 atque

491 5209 803 5267 aﬁ'ectiones
837 5212 1020 5267 haurit
1061 5220 1116 5266 et
1147 5211 1377 5278 derivat,
1429 5213 1589 5266 talem
1630 5227 1752 5265 cum
1786 5212 2058 5282 principio

493 5310 652 5378 atque
680 5300 891 5370 origine
941 5300 1351 5356 similitudinem
1398 5316 1510 5371 pra:
1557 5317 1616 5356 se
1646 5301 1804 5368 feret,
1845 5301 2058 5371 qualem

494 5391 703 5446 obtinet
744 5405 867 5444 cum
915 5391 1036 5460 ipso
1073 5390 1245 5456 fonte,
1285 5408 1407 5462 quae
1455 5391 1510 5446 in
1558 5392 1734 5447 rivulo
1794 5391 2058 5455 decurrit,

495 5495 722 5552 quaeque
762 5480 816 5536 in
862 5481 1122 5551 amphora
1165 5482 1475 5552 resplendet
1518 5497 1684 5555 aqua.
1715 5482 1920 5538 Etenim
1951 5497 2060 5536 una

590 5655 813 5712 "ltum.
853 5671 962 5711 xxv.
1006 5655 1092 5710 25.
1172 5657 1215 5688 ⁷³
1246 5655 1390 5711 Psal.
1417 5669 1604 5714 cxvm.
1634 5657 1750 5712 119.

2155 4467 2455 4559 καθαρεῦον
2490 4484 2670 4551 πάσης
2700 4479 2979 4551 ὲμπαθοῦς
3014 4475 3326 4536 διαθέσεως,
3361 4470 3496 4541 πρὸς
3512 4468 3602 4520 τὸν
3624 4467 3725 4559 dp:

2155 4556 2322 4650 χηγὸν
2362 4578 2459 4647 τῆς
2505 4573 2769 4634 ἀπαθείας
2813 4570 3016 4639 βλέπει,
3058 4569 3115 4630 ὃς
3155 4567 3300 4620 ἐστιν
3332 4566 3360 4616 6
3388 4559 3637 4632 Χριστὸς,
3669 4556 3728 4650 ἐξ

2264 4667 2513 4739 καθάπερ
2545 4669 2609 4720 ὲκ
2635 4664 2881 4739 καθαρᾶς
2906 4663 2997 4714 καὶ
3029 4658 3308 4729 ἀφράκτου
3332 4653 3536 4723 πηγῆς,
3568 4649 3730 4719 ἀρυόε-

2163 4761 2319 4831 μενός
2333 4776 2415 4821 τις
2438 4759 2516 4820 είς
2547 4755 2734 4809 ἑαυτὸν
2755 4754 2822 4806 τά
2842 4753 2933 4822 νοή
2943 4768 3106 4821 ματα,
3130 4746 3380 4816 τοιαύτην
3404 4743 3576 4812 ἐαυτῷ
3595 4742 3729 4811 πρὸς

2158 4849 2220 4906 τὸ
2252 4849 2599 4920 πρωτότυπον
2623 4844 2785 4910 δείξει
2831 4844 2928 4914 τὴν
2968 4839 3279 4911 ὁμοιότητα,
3314 4836 3402 4894 οἵα
3431 4834 3548 4886 ἐστὶ
3595 4831 3730 4905 πρὸς

2158 4941 2218 4994 τὸ
2266 4941 2405 5011 ὕδωρ
2452 4939 2528 5010 τῷ
2573 4937 2747 5002 ὕδατι,
2785 4933 2866 5006 τῷ
2905 4952 2966 4986 τε
3008 4930 3228 5001 πηγαίῳ
3256 4927 3333 4998 τῷ
3366 4925 3601 4997 βρύοντι,
3636 4922 3732 4976 καὶ

2158 5029 2235 5100 τῷ
2287 5028 2494 5082 ἐκεῖθεν
2539 5029 2595 5081 ὲν
2645 5024 2722 5094 τῷ
2771 5023 3011 5094 ἀμφορεῖ
3052 5015 3418 5094 γεγενημένῳ.
3464 5013 3581 5066 Μία
3623 5011 3733 5080 γάρ

2157 5123 2224 5197 τῇ
2251 5121 2411 5189 φύσει
2446 5120 2479 5190 ή
2511 5117 2837 5186 καθαρότης,
2863 5113 2898 5183 ἦ
2937 5129 2995 5165 τε
3029 5113 3088 5164 ὲν
3118 5105 3338 5180 Χριστῷ
3367 5103 3473 5197 καλ.Δ
3499 5105 3532 5174 ή
3567 5103 3634 5197 ὲνΔ
3654 5100 3733 5197 vi?

2165 5191 2440 5282 μετέχοντι
2488 5205 2854 5278 θειυρουμένη.
2899 5201 3036 5255 Ἀλλ’
3082 5201 3111 5253 6
3161 5197 3256 5269 μὲν
3303 5193 3572 5264 πηγάζει·
3611 5193 3640 5243 6
3676 5191 3734 5282 δὲ

2169 5281 2405 5372 μετέχων
2457 5297 2705 5370 ἁρύεται,
2752 5294 3000 5366 μετάγων
3051 5290 3143 5342 ἐπὶ
3168 5288 3256 5340 τὸν
3299 5286 3411 5356 βίον
3447 5284 3507 5336 τὸ
3545 5283 3602 5335 ἐν
3626 5281 3736 5372 τοῖς

2166 5371 2399 5462 νοήμασι
2429 5390 2649 5452 κάλλος·
2678 5388 2816 5442 ὥστε
2846 5381 3163 5454 συμφωνίαν
3205 5373 3340 5431 εἶναι
3367 5373 3460 5429 τοῦ
3493 5371 3737 5446 κρυπτοῦ

2166 5482 2450 5554 ἀνθρώπου
2489 5481 2623 5554 πρὸς
2666 5480 2756 5536 τὸν
2814 5476 3155 5549 φαινόμενον,
3196 5467 3596 5541 συμϐαινούσης
3639 5465 3738 5535 τῆς
