4096 6354
378 344 485 403 235
1440 355 1525 410 DE
1557 354 1922 412 PERFECTA
1949 354 2350 412 CENSTIANI
2390 357 2644 413 FORMA.
3530 353 3640 411 285

384 460 472 513 τοῦ
498 459 612 529 βίον
634 462 1045 537 εὐσχημοσύνης
1062 467 1178 531 τοῖς
1206 466 1346 522 κατά
1366 468 1597 539 Χριστὸν
1622 467 1953 539 κινουμένοις

2066 477 2119 521 ct
2164 468 2352 525 eadem
2381 476 2488 532 est,
2530 483 2655 538 qua
2680 469 2737 523 in
2767 466 3011 532 Christo,
3038 473 3094 520 et
3129 480 3252 537 qua:
3279 469 3333 519 iu
3366 466 3636 518 mentibus

381 552 633 621 νοήμασι.
2070 557 2274 612 nostris
2297 558 2635 627 Conspicitur
2657 559 2888 627 puritas.
2910 556 3020 612 Sed
3041 556 3135 611 illa
3164 556 3221 609 in
3262 555 3412 610 fonte
3448 554 3636 609 nasci-

379 654 489 709 tur,
523 646 635 699 haec
667 645 792 700 inde
832 656 1017 701 manat
1049 656 1104 703 et
1138 649 1192 703 in
1222 666 1322 706 nos
1349 650 1630 705 derivatur
1666 668 1678 704 :
1721 663 1842 704 eam
1882 649 2165 701 notionum
2217 648 2679 716 pulchritudinem
2732 649 2799 703 ad
2848 649 3015 702 vitam
3066 662 3253 703 secum
3293 647 3538 707 trahens,
3576 641 3638 715 μί

380 735 686 789 a‘isconditi
733 736 1118 808 maniiestique
1162 741 1400 795 hominis
1433 740 1814 795 convenientia
1853 745 1907 793 et
1945 744 2211 807 tanquam
2265 748 2569 795 concentus
2618 740 2839 810 quidam
2872 750 3148 809 appareat,
3193 755 3318 793 cum
3357 739 3481 792 vita:
3518 752 3637 791 mo-

379 826 607 880 destiam
640 834 693 879 et
717 826 1058 882 honestatem
1092 831 1342 887 notiones
1376 848 1441 887 ex
1482 832 1703 887 Christo
1743 828 2128 900 provenientes
2170 831 2525 885 moderentur
2561 838 2616 884 et
2661 837 2935 883 moveant.

451 916 620 970 Τοῦτο
669 920 847 972 τοίνυν
910 922 1054 984 ἐστὶ,
1109 926 1250 979 κατά
1312 942 1376 992 γε
1422 925 1519 997 τὴν
1570 926 1709 996 ἐμὴν
1749 924 1951 995 κρίσιν,

381 1007 441 1059 τὸ
481 1008 541 1061 ἐν
595 1008 672 1079 τῷ
731 1010 1040 1082 Χριστιανῷ
1088 1013 1186 1084 βίῳ
1236 1015 1469 1081 τέλειον,
1512 1018 1541 1070 6
1587 1016 1808 1070 πάντων
1844 1015 1954 1067 τῶν

381 1097 655 1167 ὀνομάτων
683 1100 761 1162 είς
806 1101 865 1151 τδ
914 1100 1005 1153 τοῦ
1040 1104 1277 1173 Χριστοῦ
1309 1106 1723 1176 διασημαίνεται
1760 1105 1950 1173 ὄνομα,

379 1188 438 1241 τὺ
464 1189 746 1243 κοινωνίαν
771 1188 915 1259 ἔχειν
947 1192 1006 1243 ὲν
1035 1191 1179 1263 ψυχῇ
1217 1211 1277 1247 τε
1310 1196 1401 1247 καὶ
1435 1196 1596 1265 λόγῳ,
1627 1195 1722 1248 καὶ
1758 1196 1815 1246 ὲν
1841 1194 1952 1255 τοῖς

379 1278 472 1333 τοῦ
498 1279 614 1348 βίου
658 1281 1098 1350 ἐπιτηδεύμασιν,
1133 1283 1271 1337 ὥστε
1307 1285 1520 1354 ὁλοτελῆ
1546 1287 1636 1339 τὸν
1664 1285 1953 1354 ἀγιασμὸν,

383 1370 521 1422 κατά
570 1370 667 1440 τὴν
718 1370 963 1437 εὐλογίαν
993 1369 1086 1423 τοῦ
1133 1372 1367 1437 Παύλου,
1394 1375 1478 1441 ἐφ’
1501 1372 1714 1434 ἑαυτοῦ,
1747 1374 1803 1425 ἐν
1835 1370 1953 1423 ὁλο-

383 1460 569 1529 κλήρῳ
610 1460 689 1530 τῷ
719 1460 927 1530 σώματι
978 1461 1063 1513 (αὶ
1094 1464 1161 1533 τῇ
1199 1462 1343 1533 ψυχῇ
1399 1464 1495 1516 καὶ
1536 1461 1613 1532 τῷ
1660 1460 1952 1530 πνεύματι,

380 1551 486 1616 ἔξω
518 1551 615 1620 τῆς
632 1550 761 1622 πρὸς
788 1551 849 1604 τὺ
880 1552 1048 1605 κακὸν
1084 1554 1361 1621 ἐπιμιξίας
1389 1553 1650 1624 διηνεκῶς
1685 1552 1953 1621 φυλασσό-

383 1659 559 1711 μενον.
586 1644 647 1696 Ei
683 1642 740 1695 δέ
777 1660 859 1705 τις
911 1644 1056 1711 λέγοι
1081 1643 1522 1714 δυσκατόρθωτον
1560 1641 1719 1705 εἶναι,
1762 1644 1947 1713 ἐπειδὴ

380 1731 646 1803 ἄτρεπτος
663 1731 872 1803 μόνοςό
909 1734 1008 1806 τῆς
1042 1735 1273 1794 κτίσεως
1322 1734 1544 1806 Κύριος,
1580 1733 1785 1804 τρεπτὴ
1817 1732 1875 1786 δὲ
1912 1736 1946 1804 ἡ

380 1821 690 1895 ἀνθρωπίνη
712 1823 892 1893 φύσις,
917 1825 1010 1878 καὶ
1044 1825 1177 1896 πρὸς
1198 1826 1292 1887 τὰς
1316 1824 1615 1895 μεταϐολὰς
1632 1824 1949 1894 ἐπιτηδείως

2132 921 2190 977 In
2241 924 2343 978 hoc
2390 925 2558 993 igitur
2608 924 2751 993 (meo
2805 924 3026 993 quidem
3066 920 3301 993 judicio)
3357 920 3640 975 Christia-

2061 1028 2145 1066 nae
2198 1014 2324 1068 vita:
2371 1014 2632 1084 perfectio
2666 1014 2768 1068 sita
2825 1022 2930 1075 est,
2998 1022 3059 1066 ut
3109 1012 3393 1065 nominum
3430 1012 3634 1080 quibus

2054 1102 2266 1158 Christi
2306 1120 2506 1159 nomen
2554 1104 2903 1174 signiﬁcatur
2936 1104 3254 1173 participes,
3303 1117 3494 1157 eorum
3526 1102 3634 1155 vim

2059 1203 2115 1249 et
2137 1196 2343 1257 animo.
2373 1204 2427 1250 et
2451 1196 2722 1259 oratione,
2746 1204 2800 1249 et
2827 1194 3043 1248 vivendi
3072 1192 3339 1249 institutis
3360 1194 3637 1261 exprima-

2054 1300 2194 1346 mus,
2246 1293 2306 1339 ut
2358 1286 2664 1340 absolutam
2715 1284 2861 1337 illam
2912 1298 2942 1337 a
2984 1283 3151 1337 Paulo
3197 1281 3633 1337 commendatam

2052 1376 2400 1431 sanctitatem
2436 1375 2802 1444 suscipientes
2824 1376 2891 1439 ",
2917 1390 3017 1430 nos
3041 1375 3255 1441 integro
3294 1381 3349 1427 et
3378 1387 3631 1442 corpore,

2051 1474 2104 1520 et
2134 1468 2341 1529 animo,
2373 1474 2427 1520 et
2460 1466 2657 1536 spiritu
2691 1466 2839 1519 nulla
2877 1466 3004 1521 mali
3036 1464 3393 1533 permistione
3439 1469 3633 1516 conta-

2054 1556 2291 1611 minatos
2332 1572 2746 1611 conservemus.
2782 1555 2936 1620 Quod
2971 1556 3016 1610 si
3058 1554 3184 1624 quis
3213 1553 3282 1607 ad
3328 1551 3626 1622 perfectam

2052 1648 2308 1701 virtutem
2342 1647 2741 1717 assequendam
2772 1646 3144 1700 diﬂicillimam
3181 1658 3307 1698 esse
3328 1643 3494 1695 vitam
3530 1640 3630 1695 ob-

2050 1738 2226 1805 jiciat,
2260 1754 2383 1793 cum
2404 1755 2468 1791 ex
2499 1738 2645 1792 omni
2676 1746 2929 1791 creatura
2970 1736 3123 1791 solus
3168 1732 3528 1788 immutabilis
3556 1733 3630 1786 sit

2054 1828 2331 1895 Christus,
2370 1831 2691 1883 inconstans
2741 1835 2924 1881 autem
2971 1835 3166 1880 natura
3209 1826 3445 1878 humana
3475 1829 3529 1875 et
3561 1820 3631 1875 ad

381 1911 514 1983 ἔχει,
556 1913 674 1977 πῶς
699 1910 795 1968 ὀὖν
830 1916 941 1968 ἐστι
966 1916 1208 1978 δυνατὸν,
1238 1916 1298 1968 τὸ
1330 1918 1387 1970 ὲν
1424 1915 1501 1986 τῷ
1535 1916 1723 1986 ἀγαθῷ
1758 1916 1950 1984 πάγιόν

2058 1919 2390 1971 mutationes
2417 1916 2695 1986 proelivis,
2730 1915 2961 1984 ideoque
2996 1914 3112 1967 ﬁeri
3142 1927 3251 1965 non
3278 1925 3456 1980 posse,
3484 1918 3545 1962 ut
3565 1909 3633 1962 ad

380 2016 441 2053 τε
469 2001 559 2054 καὶ
609 2002 1012 2073 ἀμετάτρεπτον
1064 2006 1120 2056 ἓν
1154 2007 1218 2075 τῇ
1281 2009 1488 2077 τρεπτῇ
1540 2006 1952 2076 κατορθωθῆναι

383 2088 562 2157 φύσει’
591 2090 726 2161 πρὸς
755 2092 933 2146 τοίνυν
964 2094 1056 2145 τὸν
1083 2092 1318 2149 τοιοῦτον
1341 2095 1515 2163 λόγον,
1548 2097 1721 2150 ἐκεῖνό
1752 2114 1952 2167 φαμεν,

380 2178 462 2232 ὅτι
518 2180 618 2233 οὐκ
668 2180 782 2234 ἔστι
822 2184 1227 2254 στεφανωθῆναι
1290 2203 1411 2239 τινα
1440 2186 1531 2241 τὸν
1582 2188 1657 2258 μὴ
1710 2188 1954 2258 νομίμως

379 2269 685 2342 ἀθλήσαντα
704 2288 722 2306 ο
748 2272 847 2327 οὐκ
877 2272 942 2327 ἂν
968 2273 1027 2328 δὲ
1059 2275 1269 2344 γένοιτο
1310 2277 1557 2347 νομίμως
1598 2277 1843 2348 ἄθλησις,
1878 2276 1954 2348 μὴ

378 2358 530 2421 ὄντος
543 2359 638 2413 τοῦ
665 2362 1141 2432 προσπαλαίοντος.
1173 2367 1234 2419 Εἰ
1271 2361 1362 2419 οὖν
1387 2366 1460 2437 μὴ
1482 2362 1548 2437 ἦν
1580 2368 1608 2419 6
1640 2368 1950 2431 ἀντίπαλος,

378 2450 471 2503 οὐδ
502 2451 567 2504 ἂν
596 2454 624 2505 6
660 2454 919 2521 στέφανος
951 2450 1018 2525 ἦν
1044 2470 1057 2485 ⁶
1098 2458 1132 2526 ἡ
1178 2457 1303 2526 νίκη
1331 2456 1439 2528 γὰρ
1463 2457 1583 2510 καθ’
1629 2458 1826 2528 ἑαυτὴν
1853 2458 1953 2511 οὐκ

380 2538 543 2605 ἔστιν,
570 2542 663 2594 ἐὰν
700 2542 773 2614 μὴ
809 2539 916 2614 ᾖτὸ
944 2544 1273 2615 ἡττώμενον.
1305 2546 1511 2599 Οὐκοῦν
1547 2546 1679 2616 πρὸς
1725 2547 1854 2599 αὐτὸ
1888 2547 1949 2600 τὸ

378 2632 608 2701 τρεπτδν
633 2633 731 2703 τῆς
783 2634 996 2703 φύσεως
1030 2635 1185 2706 ήμῶν
1239 2635 1654 2706 ἀγωνισώμεθα,
1685 2631 1795 2691 οἷόν
1850 2654 1953 2690 τινι

378 2722 658 2793 ἀντιπάλῳ
700 2724 790 2777 διὰ
826 2724 933 2778 τῶν
972 2724 1247 2796 λογισμῶν
1280 2726 1735 2796 συμπλεκόμενοι,
1768 2727 1829 2780 οὑ
1865 2727 1953 2781 διὰ

378 2813 472 2867 τοῦ
502 2815 827 2871 καταϐαλεῖν
871 2816 1041 2888 αὐτὴν
1100 2798 1316 2882 νικηταὶ
1352 2817 1647 2887 γινόμενοι,
1694 2816 1829 2870 ἀλλά
1866 2816 1953 2870 διὰ

377 2905 471 2957 τοῦ
512 2904 586 2975 μὴ
614 2909 964 2976 συγχωρῆσαι
995 2910 1199 2959 πεσεῖν.
1236 2907 1368 2960 Οὐδὲ
1394 2907 1503 2977 γὰρ
1535 2908 1692 2977 μόνον
1730 2907 1866 2978 πρὸς
1893 2906 1951 2959 τὺ

379 2995 547 3049 κακὸν
570 2998 598 3049 6
627 2996 907 3065 ἄνθρωπος
930 3000 996 3066 τῇ
1026 3001 1201 3069 τροπῇ
1239 2999 1435 3068 χρῆται
1483 2996 1537 3071 (ἦ
1568 2998 1676 3069 γάρ
1711 2998 1777 3051 ἂν
1808 2999 1953 3067 ἀμή-

378 3104 540 3152 χανον
562 3082 631 3158 ἦν
668 3087 831 3141 αὐτὸν
862 3088 918 3141 ἐν
944 3087 1133 3158 ἀγαθῷ
1160 3088 1431 3157 γενέσθαι,
1456 3090 1504 3142 εἰ
1541 3090 1676 3161 πρὸς
1707 3089 1769 3142 τὸ
1802 3091 1952 3143 ὲναν-

379 3176 491 3231 τίον
517 3177 676 3247 μόνον
728 3177 826 3247 τὴν
869 3178 1040 3249 ῥοπὴν
1069 3173 1212 3249 εἶχεν
1243 3181 1307 3232 ὲκ
1334 3178 1568 3248 φύσεως)
1596 3196 1611 3211 ·
1636 3180 1752 3233 νυνὶ
1788 3178 1845 3232 δὲ
1890 3178 1953 3233 τὸ

2053 2023 2173 2063 eam
2203 2009 2607 2079 perveniamus,
2649 2008 2834 2074 ibique
2863 2006 3002 2059 ﬁrmi
3033 2013 3085 2059 et
3112 2002 3481 2057 immutabiles
3501 2015 3635 2054 con-

2054 2099 2340 2163 sistamus,
2387 2098 2516 2152 huic
2570 2096 3049 2165 respondebimus,
3114 2093 3373 2146 athletam
3424 2090 3633 2144 nullum

2052 2191 2327 2254 coronari,
2362 2191 2453 2260 qui
2482 2204 2591 2243 non
2625 2190 2863 2259 legitime
2922 2184 3321 2251 certaverit";
3355 2192 3631 2237 certamen

2052 2298 2217 2353 porro
2244 2298 2353 2336 non
2376 2297 2498 2337 esse
2519 2280 2841 2351 legitimum.
2880 2278 2926 2334 si
2956 2276 3142 2331 nullus
3169 2288 3406 2344 quocum
3424 2285 3634 2342 pugnes

2053 2375 2198 2430 adsit
2226 2373 2597 2428 adversarius.
2629 2371 2995 2438 Quamobrem
3030 2369 3073 2424 si
3103 2365 3455 2421 adversarius
3523 2378 3633 2416 non

2053 2472 2157 2528 est,
2183 2480 2385 2519 corona
2439 2480 2545 2517 non
2587 2464 2731 2529 erit;
2776 2460 3007 2515 victoria
3058 2459 3225 2517 enim,
3276 2457 3382 2511 nisi
3429 2452 3633 2523 aliquid

2054 2558 2257 2610 victum
2286 2557 2379 2618 sit,
2412 2571 2534 2609 esse
2564 2569 2669 2608 non
2701 2559 2902 2623 potest.
2957 2549 3089 2604 Cum
3136 2549 3229 2602 illo
3262 2547 3447 2617 igitur,
3485 2542 3631 2614 quod

2054 2646 2109 2701 in
2144 2656 2337 2699 natura
2367 2653 2558 2699 nostra
2580 2643 2838 2697 mutabile
2859 2650 2964 2705 est,
2994 2648 3255 2707 tanquam
3286 2652 3409 2691 cum
3432 2635 3631 2689 adver~

2054 2736 2202 2792 sario
2229 2750 2293 2790 ea
2327 2736 2540 2789 ratione
2578 2733 2873 2803 compositi
2923 2734 3268 2787 decertemus
3290 2773 3303 2793 ,
3338 2738 3394 2782 ut
3454 2728 3630 2797 ipsam

2054 2841 2162 2879 non
2218 2823 2560 2893 dejicieutes,
2619 2823 2713 2878 sed
2766 2822 2963 2878 cadere
3030 2836 3135 2873 nou
3201 2816 3627 2887 permittentes,

2054 2916 2293 2969 victores
2353 2914 2549 2968 simus.
2606 2912 2790 2982 Neque
2842 2926 2969 2965 vero
3017 2910 3083 2963 ad
3136 2908 3338 2961 malum
3389 2913 3636 2958 tantum-

2054 3004 2218 3057 modo
2249 3002 2671 3073 propensionem
2707 3002 2871 3055 habet
2905 3002 3070 3053 homo
3107 3016 3119 3052 :
3159 3013 3285 3051 nam
3319 2997 3364 3051 si
3400 2994 3467 3048 ad
3514 3008 3635 3048 eam

2054 3102 2274 3165 partem
2310 3093 2574 3148 duntaxat
2609 3100 2803 3146 natura
2852 3090 3107 3161 prOi-livis
3135 3094 3301 3151 esset,
3331 3086 3397 3140 ad
3427 3087 3631 3139 bonum

2053 3202 2175 3242 sese
2197 3200 2305 3241 nou
2334 3193 2520 3256 posset
2551 3193 2889 3239 convertere.
2926 3181 3084 3235 Nunc
3114 3189 3294 3234 autem
3328 3176 3635 3249 pulcherri-

381 3267 665 3322 κάλλιστον
687 3269 786 3339 τῆς
813 3271 1016 3341 τροπῆς
1047 3270 1226 3343 ἔργον,
1257 3274 1290 3341 ή
1320 3272 1378 3323 ὲν
1405 3274 1515 3335 τοῖς
1551 3271 1775 3339 ἀγαθοῖς
1806 3273 1953 3323 ἐστιν

2058 3292 2206 3331 mum
2240 3276 2502 3330 motionis
2532 3290 2674 3345 opus
2703 3282 2811 3337 est,
2842 3275 3020 3342 ipsum
3054 3273 3107 3325 in
3129 3271 3288 3325 bonis
3324 3269 3637 3323 incremen-

382 3357 627 3429 αὔξησις,
678 3360 908 3414 πάντοτε
942 3361 1042 3430 τῆς
1075 3361 1210 3431 πρὸς
1243 3362 1302 3415 τὸ
1352 3365 1595 3435 κρεῖττον
1620 3361 1954 3427 ἀλλοιώσεως

381 3450 476 3502 ἐπὶ
502 3450 562 3503 τὸ
582 3449 849 3522 θειότερον
888 3453 1285 3523 μεταποιούσης
1304 3453 1395 3507 τὸν
1426 3453 1603 3517 καλῶς
1638 3454 1956 3525 ἀλλοιούμε-

380 3558 492 3597 νον.
541 3543 745 3598 Οὐκοῦν
787 3543 848 3597 τὸ
898 3544 1124 3616 φοϐερὸν
1172 3543 1310 3598 εἶναι
1366 3546 1556 3600 δοκοῦν
1604 3547 1768 3617 (λέγω
1796 3548 1851 3601 δὲ
1896 3549 1957 3602 τὸ

382 3632 619 3703 τρεπτὴν
647 3633 802 3705 ἡμῶν
823 3630 967 3689 εῖναι
1009 3635 1106 3706 τὴν
1140 3636 1347 3706 φύσιν),
1383 3635 1493 3690 οἷόν
1517 3654 1570 3690 τι
1599 3637 1795 3709 πτερὸν
1820 3639 1955 3708 πρὸς

382 3720 481 3792 τὴν
509 3723 600 3776 ἐπὶ
622 3723 689 3779 τὰ
722 3722 892 3793 μείζω
914 3724 1109 3795 πτῆσιν
1137 3726 1166 3777 ὁ
1194 3723 1347 3792 λόγος
1375 3725 1649 3789 ὑπέδειξεν
1668 3742 1682 3758 ο
1730 3727 1805 3789 ὼς
1860 3726 1955 3797 ζη-

389 3812 517 3881 μίαν
546 3808 687 3866 είναι
734 3816 865 3884 ἡμῖν
907 3815 967 3868 τὸ
1004 3815 1079 3885 μὴ
1113 3813 1371 3868 δύνασθαι
1412 3815 1510 3886 τὴν
1542 3815 1676 3885 πρὸς
1700 3816 1759 3868 τὸ
1786 3818 1957 3888 κρεῖτ-

383 3921 473 3959 τον
499 3905 779 3958 ἀλλοίωσιν
794 3906 1070 3973 δέξασθαι.
1089 3906 1180 3980 Μὴ
1203 3908 1382 3961 τοίνυν
1404 3907 1678 3963 λυπείσθω
1698 3911 1724 3961 6
1746 3908 1956 3978 βλέπων

384 3999 442 4050 ὲν
474 3999 539 4068 τῇ
572 3996 731 4066 φύσει
754 3998 814 4050 τὸ
839 3997 974 4066 πρὸς
1008 3998 1104 4068 τὴν
1140 3998 1438 4070 μεταϐολὴν
1461 4000 1784 4068 ἐπιτήδειον,
1822 3999 1957 4053 ἀλλά

385 4088 519 4160 πρὸς
538 4088 598 4142 τὸ
623 4092 865 4160 κρεῖττον
904 4090 1118 4154 πάντως
1170 4090 1566 4160 ἀλλοιούμενος,
1600 4092 1694 4145 καὶ
1727 4091 1834 4144 ἀπὸ
1874 4091 1956 4144 δό-

384 4180 483 4250 ξης
510 4181 590 4243 είς
618 4180 773 4247 δόξαν
796 4180 1326 4251 μεταμορφούμενος,
1350 4180 1489 4234 οὕτω
1525 4180 1827 4251 τρεπέσθω,
1869 4181 1956 4236 διὰ

382 4270 481 4339 τῆς
513 4266 635 4323 καθ’
666 4270 878 4342 ἡμέραν
926 4271 1205 4340 αὐξήσεως
1233 4272 1461 4325 πάντοτε
1506 4272 1765 4341 κρείττων
1807 4273 1953 4339 γινόν

387 4377 563 4431 μενος,
596 4363 691 4415 καὶ
738 4362 827 4416 ἀεὶ
859 4361 1250 4432 τελειούμενος,
1304 4363 1399 4419 καὶ
1439 4363 1704 4433 μηδέποτε
1740 4365 1874 4435 πρὸς
1896 4364 1955 4416 τὸ

385 4451 556 4522 πέρας
585 4452 799 4521 φθάνων
835 4453 933 4522 τῆς
966 4452 1317 4524 τελειότητος.
1344 4454 1552 4509 Αὐτίκα
1582 4454 1691 4525 γάρ
1713 4456 1859 4507 ἐστιν
1880 4456 1955 4518 ὼς

384 4542 597 4612 ἀληθῶς
624 4542 891 4613 τελειότης
917 4544 976 4598 τὸ
1005 4544 1271 4613 μηδέποτε
1302 4544 1494 4614 στῆναι
1530 4544 1663 4613 πρὸς
1695 4545 1755 4597 τὸ
1780 4548 1957 4615 κρεῖτ-

2058 3376 2195 3431 tum,
2226 3382 2349 3421 cum
2417 3366 2620 3435 impetu
2655 3365 2766 3427 illo,
2800 3379 2910 3433 quo
2939 3365 3005 3417 ad
3030 3363 3224 3416 melius
3256 3358 3551 3422 trahimur,
3588 3355 3636 3412 is

2056 3460 2150 3529 (ιυί
2173 3467 2319 3514 recte
2346 3469 2613 3520 movetur,
2649 3457 2871 3512 assidue
2918 3453 3251 3509 transfertur
3286 3452 3353 3505 ad
3397 3466 3461 3505 ea
3513 3463 3637 3519 qua

2057 3550 2326 3606 diviniora
2359 3557 2506 3603 sunt.
2533 3548 2589 3601 ld
2618 3562 2770 3618 ergo,
2810 3547 2952 3614 quod
2980 3543 3379 3598 formidandum
3413 3540 3636 3595 videba-

2059 3650 2167 3702 tur,
2202 3656 2396 3710 nempe
2422 3649 2674 3693 naturam
2711 3649 2955 3693 nostram
2987 3635 3302 3689 mutabilem
3342 3646 3489 3697 esse,
3537 3644 3638 3686 no-

2056 3730 2143 3785 bis
2173 3740 2430 3797 tanquam
2472 3730 2611 3793 alas,
2639 3727 2839 3795 quibus
2862 3724 2929 3778 ad
2960 3724 3165 3792 majora
3199 3721 3464 3783 volemus,
3498 3732 3635 3788 pra-

2055 3820 2185 3873 bere
2209 3818 2710 3873 demonstravimus
2743 3835 2757 3871 :
2794 3815 2996 3869 damno
3027 3814 3172 3867 enim
3204 3811 3255 3866 id
3288 3811 3449 3866 nobis
3482 3811 3634 3863 futu-

2056 3926 2177 3965 rum
2210 3910 2401 3974 fuisse,
2426 3909 2472 3963 si
2516 3909 2870 3962 mutationem
2895 3906 2961 3959 ad
2994 3905 3186 3958 melius
3202 3902 3483 3970 suscipere
3520 3913 3633 3952 non

2058 4015 2367 4070 possemus.
2409 3997 2488 4052 Ne
2516 3999 2643 4067 quis
2674 3997 2841 4066 igitur
2862 3997 2969 4050 vim
3004 3995 3056 4048 in
3084 4002 3280 4047 natura
3312 3989 3633 4043 mutationi-

2058 4092 2159 4145 bus
2183 4097 2364 4160 aptam
2381 4098 2436 4144 et
2465 4090 2713 4143 idoneam
2743 4102 2975 4142 cernens
2998 4085 3179 4139 doleat
3214 4091 3307 4135 aut
3328 4094 3633 4149 conquera-

2057 4193 2168 4247 tur,
2195 4182 2291 4236 sed
2316 4197 2441 4237 sese
2484 4181 2831 4235 continenter
2865 4179 2919 4232 in
2979 4177 3173 4231 melius
3210 4187 3533 4244 promovens
3576 4184 3631 4230 et

2056 4276 2123 4329 de
2151 4275 2321 4343 gloria
2346 4274 2399 4327 in
2431 4272 2661 4342 gloriam
2690 4270 3052 4331 transferens,
3086 4266 3423 4336 quotidianis
3460 4267 3632 4320 incre-

2057 4366 2252 4419 mentis
2280 4366 2353 4418 ita
2382 4372 2645 4426 vertatur,
2684 4370 2743 4415 ut
2789 4361 2844 4416 in
2878 4358 2995 4413 dies
3025 4358 3217 4411 melior
3255 4366 3309 4411 et
3338 4356 3630 4426 perfectior

2058 4458 2172 4520 fiat,
2199 4470 2299 4510 nec
2330 4469 2570 4524 unquam
2627 4468 2685 4509 se
2714 4450 2780 4504 ad
2815 4449 3167 4521 perfectionis
3208 4458 3404 4502 metam
3442 4466 3632 4519 perve-

2063 4550 2213 4602 nisse
2254 4547 2355 4601 sibi
2386 4544 2735 4615 persuadeat.
2774 4543 2849 4596 Ea
2889 4540 3034 4596 enim
3065 4554 3188 4594 vere
3222 4537 3485 4608 perfectio
3516 4546 3628 4603 est,

384 4650 473 4687 τον
500 4634 881 4705 αὐξανόμενον,
916 4636 1048 4706 μηδέ
1068 4653 1171 4688 τινι
1198 4636 1389 4708 πέρατι
1415 4636 1719 4706 περιορίσαι
1744 4636 1842 4705 τὴν
1861 4653 1946 4687 τε-

2064 4649 2121 4692 υι
2178 4637 2270 4705 qui
2340 4643 2571 4705 augetur
2636 4634 2690 4687 in
2737 4631 2953 4693 melius.
3005 4642 3284 4699 nunquam
3335 4628 3624 4692 consistat,

384 4721 651 4795 λειότητα.

453 4904 499 4936 τ’
527 4905 542 4959 l
570 4903 761 4962 Thess.
790 4923 841 4973 v,
873 4906 964 4962 23.
1041 4908 1089 4939 ⁷³
1110 4906 1154 4961 ll
1181 4906 1321 4961 Tim.
1358 4922 1419 4976 ιι,
1455 4907 1507 4963 5.

2060 4745 2235 4797 nequc
2278 4727 2530 4781 terminis
2578 4725 2702 4780 ullis
2744 4723 3135 4794 pcrfectioncm
3179 4719 3457 4777 existimet
3503 4732 3629 4775 esse

2062 4818 2400 4874 conclusam.
