4096 6354
453 355 559 407 28⁸1

1761 355 1818 411 8.
1853 355 2180 412 οιιεσοιιιι
2211 356 2500 413 NYSSENI

3599 348 3705 413 288

1284 673 1511 760 ΤΟΥ
1583 671 1728 760 ΕΝ
1797 670 2162 764 ΑΓΙΟΙΣ
2232 668 2854 762 ΓΡΗῙὊΡΙΟΥ

819 864 1172 980 ΠΕΡΙ
1260 863 1561 980 ΤΟΥ
1651 865 2068 981 ΚΑΤΑ
2157 861 2577 983 ΘΕΟΝ
2691 860 3339 980 ΣΚΟΠΟΥ

459 1099 574 1152 ΚΑΙ
621 1099 757 1153 ΤΗΣ
805 1100 992 1152 ΚΑΤΑ
1044 1101 1429 1155 ΑΛΗΘΕΙΑΝ
1467 1102 1849 1156 ΑΣΚΗΣΕΩΣ
1873 1117 1887 1132 ·
1927 1102 2060 1156 ΚΑΙ
2094 1104 2291 1156 ΠΡΟΣ
2329 1103 2518 1156 ΤΟΥΣ
2547 1100 3117 1155 ΑΠΑΙΤΗΣΑΝΤΑΣ
3147 1096 3485 1151 ΑΣΚΗΤΑΣ
3520 1090 3704 1146 ΠΕΡΙ

533 1215 672 1269 ΤΗΣ
717 1211 1129 1271 ΕΥΣΕΒΕΙΑΣ
1172 1216 1504 1270 ΣΚΟΠΟΥ·
1554 1212 1685 1272 ΚΑΙ
1734 1217 1875 1271 ἸῸΥ
1922 1219 2115 1273 ΟΠΩΣ
2148 1214 2298 1272 ΧΡΗ
2333 1216 2697 1272 ΣΥΝΕΙΝΑῘ
2727 1214 3096 1269 ΑΛΛΗΛΟΙΣ
3130 1213 3264 1266 ΚΑΙ
3298 1209 3547 1264 ΣΥΝΑΓ
3549 1205 3706 1262 9N1-

527 1325 801 1382 ΖΕΣΘΑῙ
813 1370 830 1395 ,
873 1327 1354 1386 ΥΠΟΤΥΠΩΣΙΣ.

1527 1585 1624 1677 S.
1689 1589 1793 1678 P.
1855 1582 1971 1679 Ν.
2030 1586 2606 1698 GREGOBII

891 1801 1074 1910 DE
1157 1799 1950 1915 PROPOSITO
2031 1795 2798 1914 SECUNDUM
2864 1798 3252 1911 DEUM

460 2034 558 2093 ET
613 2033 1220 2095 EXERCITATIONE
1277 2035 1512 2094 JUXTA
1581 2032 2043 2105 VERITATEM,‘
2103 2039 2196 2095 ET
2262 2039 2360 2094 AD
2422 2035 2872 2092 RELIGIOSOS
2919 2033 3055 2103 QUI
3109 2020 3706 2089 PBOPOSUERANT

533 2148 1075 2217 QUESTIONEM,
1122 2151 1220 2205 DE
1273 2149 1625 2206 PIETATIS
1664 2149 1920 2216 SCOPO,
1981 2143 2075 2205 ET
2117 2143 2214 2204 DE
2258 2141 2598 2204 RATIONE
2651 2147 2794 2214 QUA
2855 2143 3088 2201 INTER
3141 2145 3230 2202 SE
3284 2132 3705 2201 CONVERSA-

527 2263 830 2322 RENTUR
874 2264 971 2322 ΕΤ
1023 2265 1170 2322 υΝΑ
1223 2266 1839 2347 ΟΟΝΟΕΠΤΑῌΕΧΤ,
1890 2266 2056 2324 ΗΕΒ(

2133 2265 2341 2322 ΙΡΤΙΟ
2399 2265 2813 2322 SUMMAIUA.

1403 2442 1472 2492 Ex
1497 2443 1704 2504 interpr.
1728 2442 1976 2492 Frederici
2001 2441 2215 2503 Morelli,
2237 2442 2452 2492 Profess.
2479 2443 2598 2504 Reg.
2629 2442 2822 2490 Decani.

531 2733 591 2789 Si
644 2734 790 2806 quis,
822 2733 1156 2805 cogitatione
1211 2733 1490 2805 paululum
1565 2750 1598 2788 a
1651 2751 1879 2808 corpore
1938 2753 2025 2792 se-

2197 2735 2262 2792 Εῑ
2286 2755 2366 2801 τις
2394 2737 2623 2808 σμικρὴν
2671 2737 2985 2807 ἀποστήσας
3023 2736 3117 2789 τοῦ
3158 2736 3409 2807 σώματος
3446 2736 3545 2809 τὴν
3596 2737 3704 2791 διά·

457 2828 670 2898 juncta,
725 2833 780 2883 et
814 2843 844 2880 a
879 2827 1352 2897 perturbationum
1398 2830 1659 2883 servitute
1687 2839 1742 2884 et
1796 2830 2026 2884 stultitia

461 2919 624 2987 plane
655 2917 942 2978 liberatus,
994 2917 1295 2987 perspicaci
1328 2931 1392 2970 ac
1441 2917 1654 2972 sincera
1684 2920 1884 2974 mentis
1913 2921 2030 2974 acie

462 3021 621 3062 suum
649 3005 819 3075 ipsius
842 3005 1084 3058 animum
1121 3005 1352 3060 intuitus
1383 3003 1566 3069 fuerit,
1602 3006 1656 3060 in
1677 3007 1800 3074 ejus
1833 3015 2026 3062 natura

460 3111 588 3153 cum
651 3096 746 3152 Dei
769 3111 896 3168 erga
919 3111 1021 3152 nos
1050 3096 1391 3159 charitatem,
1461 3105 1574 3151 tum
1627 3098 1830 3168 Opiﬁcii
1882 3098 2030 3155 illius

459 3193 796 3244 voluntatem
848 3202 984 3257 pure
1021 3188 1343 3259 conspiciet.
1373 3186 1486 3242 Hoc
1518 3187 1663 3242 enim
1699 3189 1860 3244 modo
1893 3205 2028 3246 con-

460 3281 710 3336 siderans
736 3279 1010 3348 appetitus
1035 3277 1298 3347 impetum
1331 3277 1396 3331 ad
1433 3277 1487 3332 id
1522 3277 1667 3348 quod
1704 3281 2024 3348 praeclarum

460 3375 836 3442 Optimumque
869 3378 974 3433 est,
1006 3369 1211 3422 homini
1238 3375 1554 3438 cognatum,
1576 3377 1632 3424 ct
1670 3371 1827 3438 quasi
1850 3371 2032 3424 coha-

460 3473 671 3525 rentem
698 3471 753 3518 et
782 3461 1006 3516 insitum
1036 3459 1370 3530 comperiet;
1406 3467 1459 3514 et
1497 3459 1855 3530 intelligibilis
1880 3461 2028 3517 illius

461 3569 526 3612 ac
613 3555 784 3608 beatas
861 3550 1135 3622 imaginis,
1219 3549 1377 3618 cujus
1447 3549 1610 3604 homo
1676 3550 2028 3606 simulacrum

461 3653 567 3710 est,
601 3643 1052 3714 imperturbatum
1077 3657 1140 3696 ac
1185 3639 1396 3695 felicem
1427 3653 1664 3693 amorem
1704 3649 1912 3696 natura;
1936 3657 2032 3696 co-

461 3738 730 3806 pulatum.
757 3733 960 3789 Verum
973 3748 1124 3788 error
1155 3731 1374 3802 quidam
1404 3731 1595 3785 harum
1615 3732 2028 3800 aspectabillum

462 3841 650 3884 rerum
682 3833 736 3882 et
763 3841 884 3896 qnte
915 3839 1130 3894 semper
1152 3822 1326 3878 ﬂuunt
1353 3838 1452 3892 per
1489 3822 1723 3876 rationis
1753 3833 2028 3892 expertem

464 3917 740 3980 affectum,
765 3924 819 3970 et
857 3915 1189 3984 voluptatem
1239 3926 1478 3965 amaram
1505 3949 1520 3975 ,
1573 3913 1917 3967 instrenuum
1975 3920 2032 3966 ct

464 4011 749 4074 Incautum
782 4021 894 4076 prae
927 4006 1140 4074 ignavia
1171 4003 1412 4057 animum
1446 4003 1724 4073 decipiens
1752 4012 1917 4073 atque
1945 4004 2029 4058 in-

2129 2843 2296 2891 νοιαν,
2322 2830 2414 2883 καὶ
2442 2829 2540 2897 τῆς
2572 2823 2679 2880 τῶν
2709 2821 2896 2880 παθῶν
2924 2827 3166 2891 δουλείας
3191 2843 3249 2880 τε
3283 2829 3376 2881 καὶ
3397 2827 3705 2899 ἀφροσῦνης

2129 2923 2233 2987 ἔξω
2257 2921 2564 2991 γενόμενος,
2597 2919 2803 2990 εὑδήλῳ
2854 2920 2946 2972 καὶ
3004 2919 3287 2987 εἰλικρινεῖ
3327 2919 3570 2989 λογισμῷ
3611 2919 3705 2988 τὴν

2128 3012 2290 3074 αὐτὸς
2319 3012 2509 3064 ἑαυτοῦ
2540 3012 2742 3064 κατίδοι
2786 3011 2962 3080 ψυχήν
2988 3027 3002 3040 ο
3049 3009 3237 3079 ὄψεται
3267 3009 3520 3081 καθαρῶς
3551 3013 3608 3062 ἐν
3640 3011 3706 3080 τῇ

2127 3102 2326 3171 ταύτης
2367 3100 2524 3170 φύσει
2556 3101 2647 3154 τοῦ
2676 3101 2810 3153 Θεοῦ
2831 3103 2927 3170 τήν
2952 3114 3010 3153 τε
3040 3101 3169 3170 περὶ
3198 3101 3342 3170 ἡμᾶς
3371 3100 3592 3170 ἀγάπην
3612 3099 3705 3153 καὶ

2128 3193 2191 3245 τὸ
2222 3193 2463 3263 βούλημα
2491 3187 2588 3264 τῆς
2619 3192 2828 3246 ἐκείνου
2876 3191 3252 3261 δημιουργίας.
3291 3185 3526 3262 Εὑρήσει
3575 3191 3704 3266 γὰρ,

2128 3282 2313 3336 τοῦτον
2338 3283 2429 3336 τὸν
2463 3283 2662 3352 τρόπον
2693 3283 3026 3344 ἐπισκοπῶν,
3055 3282 3506 3352 συνουσιονμένην
3529 3297 3586 3334 τε
3615 3281 3706 3334 καὶ

2132 3378 2550 3444 συμπεφυκυῖαν
2574 3369 2651 3446 τῷ
2683 3373 2957 3444 ἀνθρώπῳ
2983 3375 3082 3445 τὴν
3125 3373 3216 3426 ἐπὶ
3244 3373 3302 3426 τὸ
3335 3372 3500 3426 καλόν
3527 3389 3586 3426 τε
3612 3374 3706 3425 καὶ

2129 3466 2349 3538 ἄριστον
2370 3466 2470 3536 τῆς
2497 3466 2790 3537 ἐπιθυμίας
2823 3467 3000 3536 ὁρμήν
3022 3482 3036 3496 ·
3071 3464 3165 3516 καὶ
3205 3466 3303 3534 τῆς
3331 3463 3528 3532 νοητῆς
3567 3462 3706 3515 ἐκεί-

2129 3571 2226 3626 νης
2254 3558 2346 3610 καὶ
2401 3557 2673 3627 μακαρίας
2721 3557 2947 3620 εἰκόνος.
2979 3551 3046 3628 ἧς
3072 3558 3100 3609 ό
3129 3555 3414 3626 ἄνθρωπος
3462 3555 3706 3624 μίμημα,

2128 3649 2217 3702 τὸν
2247 3648 2428 3718 ἀπαθῆ
2448 3650 2541 3701 ἰαὶ
2567 3649 2832 3720 μακάριον
2853 3648 3032 3718 ἔρωτα
3068 3647 3414 3717 συνημμένον
3434 3649 3500 3716 τῇ
3525 3646 3704 3714 φύσει.

2143 3739 2300 3792 Ἀλλὰ
2328 3740 2502 3810 πλάνη
2534 3757 2615 3804 τις
2640 3740 2748 3793 τῶν
2783 3737 2995 3809 ὁρατῶν
3016 3738 3220 3791 τούτοιν
3251 3740 3344 3791 καὶ
3365 3739 3595 3808 ῥεόντων
3623 3737 3704 3789 ἀεὶ

2127 3829 2214 3884 διὰ
2245 3831 2444 3893 πάθους
2479 3831 2671 3899 ἀλόγου
2706 3833 2795 3883 καὶ
2831 3833 3030 3901 πικρᾶς
3051 3830 3241 3899 ἡδονῆς
3271 3830 3368 3900 τὴν
3404 3831 3583 3900 ἀμελῆ
3616 3831 3704 3882 καὶ

2129 3923 2435 3990 ἀφύλακτον
2465 3923 2569 3975 {tn-5
2612 3921 2882 3992 ῥᾳθυμίας
2912 3921 3088 3991 ψυχὴν
3138 3922 3405 3974 ἁπατῶσα
3447 3923 3540 3974 καὶ
3576 3939 3705 3988 γοη-

2130 4017 2382 4078 τεύουσα,
2437 4016 2574 4086 πρὸς
2607 4015 2804 4068 κακίαν
2835 4015 2980 4067 ’ἐλκει
3018 4014 3215 4084 δεινὴν,
3261 4013 3608 4082 γεννωμένην
3647 4029 3704 4064 τε

464 4109 718 4165 cantans,
754 4099 824 4154 ad
857 4097 1123 4153 nefarium
1157 4096 1350 4148 vitium
1397 4095 1565 4147 trahit
1594 4111 1626 4149 ο
1664 4095 1788 4149 vitae
1817 4095 2032 4150 deliciis

2135 4108 2199 4159 ὲκ
2226 4105 2334 4159 τῶν
2363 4105 2560 4176 ἡδονῶν
2603 4106 2694 4158 τοῦ
2735 4107 2870 4175 βίου,
2905 4105 2998 4158 καὶ
3035 4105 3308 4172 γεννῶσαν
3342 4104 3566 4156 θάνατον
3597 4107 3705 4166 τοῖς

463 4200 807 4264 procreatum
841 4198 897 4245 et
929 4195 1158 4242 mortem
1218 4185 1334 4242 suis
1381 4186 1718 4241 amatoribus
1780 4187 2028 4257 gignens.

464 4287 757 4356 Propterea
795 4281 1043 4338 veritatis
1073 4278 1345 4338 notitiam.
1406 4277 1551 4348 quod
1585 4278 1826 4332 salutare
1854 4279 2029 4333 medi-

463 4385 774 4435 camentum
814 4383 900 4432 est
955 4373 1172 4435 animis,
1207 4369 1508 4424 Salvatoris
1543 4371 1717 4423 nostri
1759 4372 1932 4440 gratia
1963 4370 2032 4425 iis

463 4471 558 4541 qui
592 4483 715 4522 cum
750 4465 1022 4522 desiderio
1048 4464 1380 4533 percipiunt,
1432 4461 1627 4530 largita
1660 4470 1762 4523 est,
1798 4475 1904 4529 qua
1929 4462 2033 4514 sol-

462 4563 607 4621 vitur
637 4575 773 4616 sane
797 4559 945 4614 fraus
975 4571 1094 4624 qua;
1154 4554 1425 4608 hominem
1459 4554 1710 4606 incantat
1739 4569 1753 4617 ;
1789 4563 1842 4606 et
1877 4553 2033 4622 igno-

463 4656 590 4712 bilis
632 4651 808 4707 Iastus
858 4649 1045 4704 carnis
1073 4647 1442 4716 exstinguitur
1498 4651 1552 4699 et
1617 4643 2029 4712 comprimitur,

464 4749 643 4803 anima
660 4758 781 4814 quae
810 4751 920 4797 tam
951 4748 1156 4794 arctam
1191 4740 1443 4809 copulam
1475 4745 1632 4791 nacta
1670 4744 1755 4791 est
1783 4751 1879 4806 per
1898 4737 2036 4790 veri-

463 4839 592 4894 tatis
618 4838 791 4891 lucem
851 4833 919 4897 ad
956 4847 1157 4886 numen
1205 4830 1450 4886 divinum
1487 4836 1542 4884 et
1592 4828 1824 4884 salutem
1875 4817 2059 4882 suam’

462 4930 715 4984 deducta.
745 4925 851 4980 Par
869 4933 953 4980 est
977 4924 1162 4990 igitur.
1195 4929 1256 4974 ut
1278 4922 1324 4976 is
1364 4921 1455 4990 qui
1476 4935 1679 4988 corpus
1702 4929 1757 4974 et
1789 4919 2030 4973 animum

457 5023 615 5092 juxta
655 5017 874 5090 pietatis
912 5017 1086 5086 legem
1144 5013 1413 5068 adducere
1453 5010 1562 5066 Deo
1608 5012 1834 5080 cogitat,
1870 5021 2034 5080 atque

460 5115 808 5167 incruentum
855 5119 1120 5177 etpurum
1172 5104 1273 5173 ipsi
1302 5105 1508 5158 cultum
1567 5102 1848 5164 exhibere,
1907 5101 2030 5156 vitae

460 5204 653 5257 ducem
689 5197 1022 5255 instituendo
1081 5195 1221 5264 piam
1286 5192 1442 5246 ﬁdem
1465 5234 1479 5256 ,
1511 5207 1670 5260 quam
1711 5199 2028 5245 sanctorum

460 5307 625 5348 voces
659 5305 754 5360 per
784 5303 999 5343 onmem
1032 5287 1188 5340 nobis
1229 5282 1568 5352 Scripturam
1601 5283 1858 5341 clamant,
1899 5282 2034 5336 adeo

2137 4196 2336 4265 ἑαυτῆς
2368 4199 2636 4264 ἐρασταῖς.
2659 4196 2756 4248 Διὰ
2782 4196 2939 4248 τοῦτο
2961 4197 3060 4264 τὴν
3088 4195 3286 4262 γνῶσιν
3308 4195 3407 4264 τῆς
3429 4185 3704 4264 ἀληθείας,

2136 4282 2194 4336 τὸ
2243 4286 2505 4355 σωτήριον
2536 4287 2653 4347 ταῖς
2687 4287 2883 4354 ψυχαῖς
2909 4287 3226 4355 φάρμακον,
3259 4287 3292 4355 ἡ
3321 4283 3415 4337 τοῦ
3456 4281 3705 4355 Σωτῆρος

2137 4375 2291 4445 ἡμῶν
2334 4380 2443 4439 τοῖς
2475 4375 2622 4446 πόθῳ
2654 4377 2961 4447 δεχομένοις
3019 4377 3328 4447 ἐδωρήσατο
3370 4375 3564 4447 χάρις·
3614 4377 3706 4444 ὑφ’

2136 4463 2398 4537 ἧς>.ύεται
2428 4469 2524 4536 μὲν
2565 4470 2597 4538 ἡ
2628 4469 2810 4540 ἀπάτη
2845 4471 2877 4539 ἡ
2907 4469 2996 4521 τὸν
3033 4469 3316 4540 ἄνθρωπον
3339 4467 3671 4538 γοητεύουσα
3690 4485 3703 4498 ·

2136 4557 2197 4610 τὸ
2214 4557 2270 4610 δὲ
2294 4559 2390 4627 τῆς
2421 4559 2617 4629 σαρκὸς
2644 4559 2836 4630 ἄτιμον
2869 4561 3294 4614 κατασϐέννυται
3334 4561 3606 4629 φρόνημα,
3629 4559 3705 4629 τῷ

2137 4649 2233 4718 τῆς
2253 4649 2509 4720 ἀληθείας
2563 4652 2701 4718 φωτὶ
2747 4651 2882 4722 πρὸς
2910 4652 2968 4704 τὸ
3005 4652 3156 4704 Θεῖόν
3178 4669 3236 4704 τε
3264 4651 3356 4704 καὶ
3385 4651 3482 4721 τὴν
3510 4651 3704 4720 ἑαυτῆς

2140 4736 2408 4807 σωτηρίαν
2440 4737 2806 4808 όδηγουμὲνης
2826 4739 2922 4808 τῆς
2941 4738 3136 4808 ψυχῆς,
3167 4741 3200 4809 ἢ
3229 4737 3326 4808 τὴν
3359 4739 3548 4791 ἕνωσιν
3589 4737 3702 4790 ἐδέ-

2140 4823 2284 4888 ξατο.
2309 4826 2400 4876 Δεῖ
2436 4825 2611 4877 τοίνυν
2645 4825 2736 4878 τὸν
2768 4825 3028 4897 μέλλοντα
3058 4827 3233 4897 ψυχὴν
3264 4827 3356 4880 καὶ
3381 4826 3539 4897 σῶμα
3566 4830 3702 4880 κατό

2139 4915 2226 4967 τὸν
2238 4915 2335 4984 τῆς
2367 4914 2648 4978 εὐσεόείας
2676 4915 2836 4984 νόμον
2851 4913 3144 4988 προσάγειν
3165 4915 3305 4987 Θεῷ,
3323 4917 3414 4969 καὶ
3436 4916 3534 4986 τὴν
3555 4915 3680 4969 ἀναί

2142 5025 2346 5078 μακτον
2373 5007 2517 5078 αὐτῷ
2544 5009 2637 5062 καὶ
2665 5009 2910 5079 καθαρὰν
2947 5011 3252 5064 ἀποδιδόναι
3279 5009 3549 5082 λατρείαν,
3573 5011 3700 5078 ἠγεο

2142 5101 2276 5169 μόνα
2302 5117 2359 5152 τε
2387 5099 2480 5152 τοῦ
2514 5100 2628 5169 βίου
2649 5099 2746 5170 τὴν
2765 5101 2959 5170 εὐσεϐῆ
2982 5100 3166 5154 πίστιν
3198 5101 3534 5170 ποιούμενον,
3567 5101 3631 5171 ἢν
3648 5099 3701 5152 al

2137 5191 2244 5244 τῶν
2274 5190 2442 5258 ἁγίων
2473 5190 2646 5259 φωναὶ
2670 5189 2757 5243 διὰ
2786 5191 2964 5261 πάσης
2990 5193 3122 5262 ἡμῖν
3161 5191 3323 5260 βοῶσι
3349 5191 3591 5260 Γραφῆς,
3616 5189 3692 5243 οὖν

2137 5300 2242 5345 τως
2273 5282 2498 5352 εὐπειθῆ
2539 5282 2634 5336 καὶ
2666 5282 2876 5351 εὐήνιον
2907 5283 3003 5353 τὴν
3032 5283 3207 5353 ψυχὴν
3245 5286 3356 5346 τοῖς
3384 5285 3481 5353 τῆς
3505 5283 3702 5354 ἀρετῆς

461 5383 788 5452 morigerum
857 5387 910 5432 et
983 5377 1442 5432 obsecundantem
1518 5374 1758 5426 animum
1813 5373 2032 5427 virtutis

2139 5375 2423 5430 ἐπιδιδόναι
2471 5376 2722 5447 δρόμοις·
2749 5377 2940 5430 λύοντα
2975 5380 3072 5448 μὲν
3098 5379 3286 5432 ἑαυτὸν
3321 5379 3430 5432 τῶν
3460 5377 3552 5432 τοῦ
3588 5378 3700 5447 βίον

461 5473 751 5530 curriculis
817 5471 1110 5533 exhibere,
1197 5469 1436 5538 seipsum
1491 5481 1521 5518 a
1601 5465 1832 5520 vinculis
1909 5465 2032 5521 vitae

2135 5467 2348 5538 δεσμῶν
2371 5509 2386 5533 ,
2416 5441 2535 5547 ὅλον
2563 5441 2618 5521 δὲ
2648 5473 2714 5539 τῇ
2757 5471 2937 5524 πίστει
2961 5441 3056 5524 καὶ
3092 5471 3169 5542 τῷ
3195 5471 3293 5542 βίῳ
3319 5471 3410 5524 τοῦ
3443 5441 3694 5540 Θεοῦ-μό-

461 5563 793 5622 exsolvendo
813 5601 828 5626 ,
861 5570 1033 5614 totum
1058 5575 1187 5614 vero
1213 5574 1271 5613 se
1310 5558 1432 5612 lidei
1464 5564 1518 5612 et
1543 5557 1666 5610 vitae
1697 5555 1786 5611 Dei
1817 5564 2027 5612 tantum

461 5652 746 5715 tradendo,
777 5651 903 5705 dum
935 5649 1151 5720 penitus
1183 5647 1459 5716 cognitum
1485 5645 1752 5714 planeque
1807 5660 2028 5715 perspe-

463 5760 609 5810 ctum
644 5747 825 5802 habet.
857 5744 905 5800 ei
943 5741 1086 5800 apud
1136 5755 1294 5799 auem
1333 5739 1548 5807 pictatis
1580 5738 1714 5793 lidcs
1761 5749 1814 5792 ct
1848 5737 2019 5794 incul-

2136 5577 2223 5612 vov
2245 5559 2543 5627 γινόμενον,
2571 5559 2748 5614 είδότα
2765 5562 2971 5630 σαφῶς,
2990 5562 3064 5625 ὡς
3090 5555 3202 5629 ὲνῷ
3218 5562 3398 5625 πίστις
3427 5561 3699 5623 εὐσεϐείας,

2136 5651 2227 5704 καὶ
2246 5648 2356 5724 βίος
2372 5651 2677 5721 ἄμεμπτος,
2699 5653 2814 5706 ἐκεῖ
2833 5656 2926 5706 καὶ
2942 5655 3176 5724 Χριστοῦ
3192 5655 3419 5724 πάρεστι
3441 5655 3668 5724 δύναμις
3688 5671 3700 5683 '

2134 5744 2190 5794 ἐν
2327 5740 2383 5793 δὲ
2422 5743 2656 5813 Χριστοῦ
2703 5743 2950 5811 δύναμις,
3012 5746 3126 5801 ἐκεῖ
3189 5749 3384 5811 κακίας
3425 5745 3685 5812 ἀποφυγή
