4096 6354
363 311 468 365 289
546 352 547 355 η

1492 301 1582 355 DE
1620 299 1994 357 lNSTlTUTO
2039 297 2475 357 CHRlSTiANO.

3502 298 3608 352 290

361 422 521 489 Μέγα
567 418 654 489 δὴ,
696 416 840 488 μέγα
884 416 1019 487 πρὸς
1050 414 1245 483 κτῆσιν
1277 412 1384 468 τῶν
1429 415 1633 485 νοητῶν
1654 417 1766 478 τοῖς
1792 414 1941 482 φόόῳ

2046 421 2168 482 pata
2197 413 2305 466 vita
2334 410 2579 476 exsistit,
2608 410 2769 465 etiam
2801 410 3006 465 Christi
3039 408 3341 481 potentiam
3379 408 3610 473 adesse;

360 511 667 583 δεχομένοις
700 508 761 561 τὸ
807 509 963 576 ἅγιον
995 507 1298 577 βάπτισμα.
1324 506 1397 558 Τὸ
1423 506 1533 577 γὰρ
1572 506 1823 559 πλούσιον
1847 506 1942 558 καὶ

362 603 589 670 ἄφθονον
626 600 850 670 Πνεῦμα
889 599 951 652 τὸ
986 598 1107 669 ῥέον
1140 598 1225 650 ἀεὶ
1257 600 1367 660 τοῖς
1396 598 1703 668 δεχομένοις
1728 598 1826 667 τὴν
1845 596 1942 672 χά-

366 710 466 763 ριν,
496 686 563 763 ἦς
584 691 634 741 oi
660 689 803 757 ἅγιοι
827 686 1205 756 πληρωθέντες
1229 688 1532 744 ἀπόστολοι.
1556 690 1675 751 ταῖς
1695 686 1787 739 τοῦ
1810 688 1943 757 Χρι-

363 782 487 836 στοῦ
524 779 871 850 Ἑκκλησίαις
900 778 1025 841 τοὺς
1050 780 1295 849 καρποὺς
1315 777 1656 844 ἐπεδείξαντο
1684 777 1775 829 τοῦ
1802 776 1939 847 πλη-

363 871 631 942 ρώματος,
658 868 837 931 τοῦτο,
864 871 976 932 τοῖς
1004 868 1103 939 τὴν
1137 868 1343 938 δωρεὰν
1379 868 1684 939 εἰλικρινῶς
1722 867 1941 937 δεξαμέ-

359 976 471 1022 νοις
499 958 640 1012 κατὰ
666 957 728 1010 τὸ
767 957 964 1027 μέτρον
1000 955 1099 1024 τῆς
1130 957 1358 1009 ἑκάστου
1394 956 1503 1009 τῶν
1542 957 1940 1027 μετειληφότων

360 1050 597 1112 πίστεως
622 1088 638 1112 ,
681 1048 937 1119 συνεργὸν
972 1049 1065 1101 καλ⁸
1120 1046 1361 1101 σύνοικον
1391 1049 1716 1118 παραμένει,
1740 1054 1937 1106 οἰκοδο-

256 1156 259 1157 '
362 1140 499 1211 μοῦν
527 1142 584 1192 ἐν
617 1138 831 1209 ἑκάστῳ
861 1138 922 1191 τὸ
958 1138 1161 1206 ἀγαθὸν
1199 1139 1334 1209 πρὸς
1372 1140 1471 1208 τὴν
1522 1141 1619 1210 τῆς
1660 1141 1834 1212 ψυχῆς
1882 1147 1939 1196 ἐν

359 1233 470 1292 τοῖς
501 1231 599 1300 τῆς
625 1229 859 1293 πίστεως
910 1229 1089 1300 ἔργοις
1138 1230 1392 1299 σπουδήν.
1442 1231 1562 1301 Χρὴ
1590 1228 1679 1284 οὖν
1713 1234 1939 1288 ἕκαστον

360 1320 516 1389 ἡμῶν
541 1320 605 1373 δι’
627 1320 827 1390 ἀρετῆς
877 1320 1254 1390 προκόπτοντα
1287 1320 1375 1375 ἀεὶ
1426 1322 1723 1391 προσάγειν
1751 1326 1939 1379 ἐαυτὸν

359 1414 439 1475 είς
504 1410 670 1482 ἄνδρα
714 1410 941 1475 τέλειον,
976 1409 1116 1462 κατὰ
1161 1410 1254 1462 τὸν
1301 1410 1621 1464 Ἀπόστολον
1654 1455 1667 1477 ,
1706 1432 1723 1463 ι
1763 1415 1938 1485 Μέχρι

360 1505 793 1573 καταντήσωμεν
818 1502 867 1554 οἱ
890 1503 1087 1565 πάντες
1107 1504 1186 1564 εις
1202 1499 1299 1572 τὴν
1329 1501 1554 1571 ἑνότητα
1579 1502 1677 1572 τῆς
1706 1503 1940 1569 πίστεως

362 1595 456 1647 καὶ
489 1596 587 1665 τῆς
610 1592 956 1661 ἐπιγνώσεως
980 1592 1073 1645 τοῦ
1106 1590 1235 1645 Υίοῦ
1265 1592 1359 1646 τοῦ
1385 1593 1544 1657 Θεοῦ,
1570 1596 1646 1658 είς
1670 1595 1839 1665 ἄνδρα
1862 1597 1942 1650 τέ-

361 1686 522 1750 λειον,
551 1688 631 1748 είς
665 1685 861 1755 μέτρον
894 1684 1109 1755 ἡλικίας
1144 1684 1238 1737 τοῦ
1274 1684 1637 1756 πληρώματος
1679 1689 1772 1740 τοῦ
1802 1691 1935 1760 Χρι-

2041 506 2132 558 ubi
2163 520 2294 558 vero
2318 504 2523 559 Christi
2548 504 2725 559 virtus
2765 512 2871 569 est,
2905 503 2977 571 ibi
3005 504 3122 555 vitii
3154 500 3279 572 fuga
3307 513 3409 556 est.
3436 499 3614 570 Magni

2043 596 2286 664 profecto
2326 594 2612 660 momenti,
2649 594 2851 665 magni,
2892 594 3141 663 inquam,
3190 599 3274 647 est
3328 592 3394 646 ad
3432 608 3613 649 rerum

2043 685 2464 754 intelligibilium
2495 683 2963 752 comparationem
2994 683 3046 734 in
3067 682 3139 735 iis
3159 680 3395 750 quicum
3423 679 3617 733 timore
3695 717 3698 721 η

2042 784 2233 828 saneto
2268 774 2592 842 baptismate
2620 774 2774 826 tincti
2806 770 3108 827 sunt.Nam
3130 771 3281 825 dives
3307 779 3359 824 et
3386 770 3617 840 epulen-

2042 873 2132 919 tus
2166 864 2423 934 Spiritus,
2459 864 2551 933 qui
2584 879 2799 933 semper
2825 861 3133 916 infunditur
3163 862 3218 915 in
3248 878 3343 917 eos
3371 862 3465 932 qui
3490 878 3616 931 gra-

2043 958 2169 1010 tiam
2194 964 2541 1025 acceperunt,
2569 971 2676 1026 qua
2709 954 2886 1009 sancti
2909 953 3141 1023 apostoli
3178 954 3385 1019 referti,
3411 953 3616 1007 Christi

2043 1047 2307 1103 Ecclesiis
2339 1047 2551 1103 fruetus
2584 1046 2974 1116 complementi
3040 1046 3404 1100 ostenderunt
3431 1045 3500 1100 iis
3521 1045 3615 1115 qui

2042 1155 2241 1194 munus
2273 1139 2488 1195 sincere
2518 1139 2881 1203 admiserunt,
2910 1152 3010 1206 pro
3041 1150 3299 1192 mensura
3352 1138 3619 1205 cujusque

2039 1246 2228 1286 eorum
2264 1232 2359 1301 qui
2416 1232 2538 1287 ﬁdei
2567 1232 2858 1301 participes
2904 1229 3081 1293 fuere,
3118 1228 3384 1296 adiuvans
3416 1236 3470 1284 ct
3511 1243 3616 1282 una

2043 1322 2292 1375 habitans
2320 1333 2621 1392 permanet,
2665 1329 2719 1376 et
2750 1323 2951 1376 bonum
3012 1322 3065 1374 in
3101 1334 3433 1389 unoquoque
3483 1334 3618 1372 con-

2042 1415 2223 1475 struit,
2258 1413 2323 1468 ad
2375 1414 2569 1467 anima:
2603 1413 2843 1469 studium
2890 1412 2945 1466 in
2978 1411 3100 1465 lidei
3157 1411 3431 1481 operibus.
3476 1408 3619 1479 Ergo

2040 1520 2139 1574 par
2168 1516 2271 1569 est,
2304 1514 2364 1560 ut
2387 1506 2621 1576 quisque
2653 1514 2897 1560 nostrum
2946 1519 3163 1575 semper
3202 1518 3260 1559 se
3291 1503 3347 1557 in
3418 1504 3618 1561 virtute

2043 1597 2409 1667 proficientem
2475 1598 2542 1651 ad
2605 1599 2776 1653 virum
2826 1597 3121 1669 perfectum
3173 1598 3425 1659 adducat,
3459 1596 3616 1665 juxta

2046 1689 2285 1758 Apostoli
2317 1690 2543 1751 dictum,
2564 1708 2581 1739 ι
2611 1689 2908 1758 Quousque
2928 1704 3287 1743 occurramus
3318 1704 3510 1740 omnes
3546 1686 3614 1740 ad

364 1748 515 1833 61:05.
544 1796 562 1828 ι
606 1748 677 1829 Ἦ.
719 1748 823 1847 μέν
854 1748 946 1829 τοῦ
983 1775 1233 1846 σώματος
1268 1748 1405 1847 πρδς
1452 1748 1511 1829 τὸ
1540 1748 1781 1831 ἀνελθεῖν
1815 1748 1933 1831 ἐπί-

2047 1748 2307 1832 unitatem
2341 1779 2484 1841 lidei,
2505 1788 2558 1833 et
2589 1748 2882 1849 agnitionis
2906 1778 3024 1832 Filii
3056 1778 3173 1844 Dei,
3193 1779 3257 1837 ad
3296 1778 3465 1831 virum
3494 1793 3619 1847 pcr-

360 1869 526 1931 δοσις,
560 1868 710 1921 οὐδὲν
727 1867 975 1938 ἐφ’ὴμῖν.
995 1868 1067 1920 Οὐ
1090 1867 1198 1938 γάρ
1223 1870 1289 1938 τῇ
1306 1866 1400 1920 τοῦ
1423 1867 1605 1937 ἀνθρώ
1616 1887 1712 1922 που
1745 1869 1939 1941 γνώμῃ

361 1960 455 2013 καὶ
485 1959 645 2030 ἡδονῇ
678 1961 865 2029 μετρεί
890 1959 949 2011 τὸ
984 1959 1211 2029 μέγεθος
1239 1960 1272 2030 ἡ
1308 1960 1488 2028 φύσις,
1508 1961 1641 2014 ἀλλὰ
1674 1964 1739 2032 τῇ
1772 1962 1941 2033 αὐτῆς

360 2053 502 2121 ὁρμῇ
536 2052 628 2103 καὶ
657 2051 891 2122 ἀνάγκῃ.
915 2050 988 2103 Τὸ
1015 2050 1071 2102 δὲ
1108 2050 1208 2118 τῆς
1234 2050 1411 2121 ψυχῆς
1436 2051 1493 2104 ἐν
1527 2054 1590 2123 τῇ
1631 2053 1729 2121 τῆς
1757 2054 1939 2123 γεννή-

363 2154 500 2203 σεως
533 2139 830 2194 άνανεώσει
865 2141 1061 2210 μέτρον
1091 2141 1184 2195 καὶ
1219 2140 1433 2204 κάλλος,
1466 2142 1609 2212 άπερ
1642 2142 1822 2194 δίδωσι
1850 2141 1941 2200 διὰ,

360 2234 460 2303 τῆς
482 2232 574 2285 τοῦ
608 2231 895 2303 δεχομένου
939 2232 1172 2301 σπουδῆς
1203 2235 1235 2303 ἡ
1264 2232 1356 2285 τοῦ
1404 2234 1719 2304 Πνεύματος
1759 2234 1935 2304 χάρις,

362 2323 459 2391 τῆς
485 2323 759 2393 ἡμετέρας
787 2324 1020 2393 ἤρτηται
1070 2323 1292 2393 γνώμης
1313 2339 1326 2353 °
1373 2325 1497 2377 ὅσον
1544 2324 1652 2395 γὰρ
1685 2325 1941 2387 ἐκτείνεις

361 2415 489 2476 τοὺς
521 2414 658 2484 ὑπὲρ
689 2415 787 2484 τῆς
832 2415 1115 2478 εὐσεὸείας
1166 2415 1406 2482 ἀγῶνας,
1451 2415 1705 2469 τοσοῦτον
1755 2415 1940 2469 καὶτὸ

362 2502 461 2570 τῆς
484 2501 662 2572 ψυχῆς
695 2504 1090 2558 συνεκτείνεται
1119 2505 1361 2573 μέγεθος.
1398 2506 1506 2558 Καὶ
1525 2505 1621 2576 τὴν
1648 2505 1745 2575 μὲν
1771 2506 1943 2558 ἀΐδιον

363 2592 526 2664 ζωὴν,
547 2594 640 2649 καὶ
670 2594 766 2665 τὴν
793 2596 1028 2665 ἄρρητον
1060 2596 1117 2647 ἐν
1139 2595 1383 2664 οὐρανοῖς
1408 2594 1815 2664 εύφροσύνην,ή
1845 2593 1942 2647 τοῦ

364 2681 680 2753 Πνεύματος
704 2683 882 2736 δίδωσι
920 2683 1077 2754 χάρις
1097 2701 1110 2715 ι
1146 2685 1243 2753 τὴν
1277 2685 1333 2737 δέ
1366 2684 1522 2747 ἀξίαν
1562 2684 1656 2737 τοῦ
1689 2684 1939 2748 δέξασθαι

363 2773 429 2825 τὰ
454 2773 623 2846 δῶρα,
654 2776 748 2827 καὶ
788 2775 1096 2827 ἀπολαῦσαι
1124 2776 1222 2845 τῆς
1264 2776 1505 2846 χάριτος,
1537 2777 1564 2828 ὁ
1595 2775 1681 2830 διὰ
1718 2776 1815 2845 τῆς
1853 2774 1941 2827 πί-

366 2880 536 2927 στεως
571 2865 725 2935 παρὰ
750 2865 875 2927 τοὺς
906 2865 1101 2929 πόνους
1126 2865 1262 2937 ἔρως
1287 2867 1420 2936 ἔχει.

435 3043 798 3116 Προελθοῦσαι
833 3044 890 3097 δὲ
940 3045 1020 3108 είς
1056 3045 1252 3099 ταύτὸν
1289 3044 1598 3113 δικαιοσύνη
1638 3044 1813 3116 ἔργων
1848 3045 1942 3097 καὶ
1970 3073 2012 3129 C

366 3137 679 3206 Πνεύματος
720 3136 898 3206 χάρις,
954 3137 1034 3198 ε’ίς
1078 3138 1145 3205 ἢν
1196 3135 1456 3206 συνῆλθον
1506 3136 1702 3207 ψυχὴν,
1740 3136 1943 3205 ταύτην

368 3229 512 3298 ζωῆς
561 3228 836 3299 μακαρίας
888 3229 1005 3296 μετ’
1080 3227 1324 3297 ἀλλήλων
1373 3227 1676 3298 ἐνέπλησαν
1700 3243 1715 3256 ⁸
1762 3225 1946 3290 διαζυ-

368 3322 548 3387 γείσαι
578 3318 635 3371 δὲ
671 3318 763 3373 ἀπ’
790 3318 1033 3389 ἀλλήλων
1074 3318 1226 3371 οὐδὲν
1256 3321 1322 3388 τῇ
1357 3318 1502 3388 ψυχῇ
1561 3318 1747 3389 κέρδος
1804 3334 1945 3388 παρ-

368 3411 602 3481 έχουσιν.
644 3410 717 3462 Ἦ
748 3426 804 3461 τε
834 3409 943 3479 γὰρ
989 3408 1083 3461 τοῦ
1122 3409 1255 3462 Θεοῦ
1302 3410 1461 3481 χάρις
1488 3410 1686 3478 ψυχαῖς
1715 3408 1946 3478 φευγού-

371 3516 493 3562 σαις
547 3500 644 3568 τὴν
708 3499 982 3569 σωτηρίαν
1032 3500 1133 3551 οὐκ
1181 3500 1293 3569 ἔχει
1343 3502 1647 3568 ἐπιφοιτᾷν,
1678 3501 1712 3569 ἦ
1765 3516 1822 3551 τε
1847 3498 1947 3569 τῆς

367 3590 463 3649 τοῦ
495 3588 781 3662 ἀνθρώπου
812 3592 1010 3661 ἀρετῆς
1040 3591 1288 3660 δύναμις,
1311 3593 1410 3644 οὐκ
1432 3592 1653 3661 ἐξαρκεῖ
1680 3590 1799 3649 καθ’
1817 3592 1947 3642 ἐαυ-

368 3684 467 3751 τὴν
502 3683 638 3753 πρὸς
667 3683 837 3753 τὸτῆς
872 3682 1016 3752 ζωῆς
1048 3679 1185 3746 εἶδος
1211 3684 1537 3736 ἀναϐιϐάσαι
1576 3682 1751 3751 ψυχὰς
1791 3684 1949 3751 ἀμοι-

374 3774 567 3844 ρούσας
612 3775 711 3844 τῆς
741 3777 983 3846 χάριτος.
1026 3794 1045 3825 ι
1092 3777 1217 3829 Ἐὰν
1266 3776 1340 3847 μὴ
1383 3774 1581 3846 Κύριος
1619 3775 1945 3845 οἰκοδομήσῃ

372 3860 537 3929 οἷκον,
582 3867 675 3919 καὶ
717 3866 929 3939 φυλάξῃ
980 3867 1153 3928 πόλιν,
1198 3869 1277 3926 εἰς
1314 3866 1491 3936 μάτην
1523 3867 1726 3937 οἱπερὶ
1777 3865 1949 3919 ταῦτα

373 3956 615 4013 πονοῦσι.
652 3976 671 4010 ι
726 3958 1035 4013 Κάντεῦθεν
1066 3959 1446 4028 διδασκόμεθα,
1480 3959 1553 4030 μὴ
1593 3958 1704 4011 δεῖν
1734 3960 1948 4028 φρονεῖν

372 4052 490 4106 ταῖς
510 4049 874 4119 ἀνθρωπίναις
897 4051 1151 4112 σπουδαῖς
1175 4049 1292 4102 ὅλον
1316 4050 1527 4103 κεῖσθαι
1549 4049 1639 4101 τὸν
1665 4050 1945 4117 στέφανον’

372 4141 486 4194 ἀλλ’
516 4141 807 4212 ἀναφέρειν
835 4141 927 4193 ἐπὶ
963 4140 1023 4192 τὸ
1059 4139 1155 4195 τοῦ
1178 4140 1311 4193 Θεοῦ
1339 4140 1551 4210 θέλημα
1574 4139 1668 4203 τὰς
1704 4138 1948 4210 περὶτοῦ

372 4232 556 4294 τέλους
578 4231 817 4294 ἐλπίδας.
854 4233 1008 4285 Ἔστι
1039 4233 1097 4285 δὲ
1125 4231 1335 4300 θέλημα
1359 4231 1494 4283 θεοῦ
1513 4231 1574 4283 τὸ
1599 4230 1836 4303 καθᾶραι
1862 4231 1950 4283 διὰ

374 4322 471 4392 τῆς
504 4322 724 4393 χάριτος
760 4322 857 4393 τὴν
886 4324 1084 4394 ψυχὴν,
1107 4322 1354 4393 καθαρὰν
1380 4323 1548 4391 αὐτὴν
1578 4325 1949 4390 προσαγαγεῖν

2042 1870 2267 1933 fectum.
2298 1872 2364 1925 ad
2394 1888 2702 1928 mensuram
2730 1872 2907 1927 :etatis
2936 1870 3287 1942 plenitudinis
3315 1869 3517 1923 Clu-isti
3541 1870 3574 1920 '.
3594 1888 3612 1920 ι

2040 1962 2298 2031 Corporis
2348 1971 2494 2018 certe
2540 1971 2892 2032 augmentum
2946 1961 3013 2015 ad
3053 1960 3463 2016 increscendutn
3511 1974 3617 2013 non

2042 2053 2095 2105 in
2137 2052 2294 2106 nobis
2329 2053 2491 2107 situm
2530 2061 2630 2107 est.
2670 2050 3098 2122 Haudquaquam
3128 2063 3319 2104 natura
3345 2066 3409 2104 ex
3442 2049 3618 2103 homi-

2043 2144 2127 2196 nis
2150 2142 2415 2196 sententia
2452 2150 2505 2196 et
2541 2142 2762 2196 libidine
2798 2150 3058 2196 staturam
3106 2141 3349 2206 metitur,
3390 2140 3482 2194 sed
3518 2154 3618 2193 suo

2043 2233 2328 2301 ipsiusmet
2358 2233 2559 2301 impetu
2590 2238 2644 2284 et
2674 2232 3020 2286 necessitate.
3072 2229 3252 2284 Animi
3285 2246 3409 2285 vero
3440 2229 3494 2285 in
3529 2243 3618 2280 or-

2042 2332 2129 2377 tus
2175 2323 2527 2378 renovatione
2568 2322 2763 2377 modus
2790 2330 2844 2376 et
2874 2322 3063 2387 decus,
3093 2338 3213 2392 qua:
3243 2321 3476 2391 Spiritus
3494 2338 3618 2393 gra-

2042 2416 2113 2467 tia
2168 2414 2412 2482 largitur,
2443 2429 2539 2483 per
2576 2412 2695 2482 ejus
2742 2412 2834 2481 qui
2870 2421 3128 2481 acceptus
3162 2420 3265 2477 est,
3297 2414 3557 2479 studium,
3590 2431 3619 2468 a

2040 2505 2270 2559 consilio
2295 2514 2486 2558 nostro
2511 2504 2744 2573 pendent
2775 2523 2787 2557 :
2823 2518 2946 2556 nam
2976 2514 3180 2573 quanto
3209 2505 3381 2574 magis
3408 2505 3619 2561 labores

2040 2609 2139 2661 pro
2162 2593 2360 2662 pietate
2379 2593 2648 2655 extendis,
2670 2601 2820 2647 tanto
2841 2594 3003 2647 etiam
3034 2593 3207 2663 magis
3224 2595 3388 2649 animi
3411 2598 3619 2666 magni-

2042 2684 2172 2736 tudo
2203 2684 2363 2739 simul
2390 2684 2720 2738 extenditur.
2759 2684 2822 2736 Et
2846 2686 3232 2754 sempiternam
3260 2688 3423 2740 vitam
3460 2698 3620 2758 atque

2042 2773 2363 2828 ineﬂ‘abilem
2379 2791 2499 2844 quae
2519 2776 2569 2828 in
2588 2776 2743 2829 caelis
2763 2784 2847 2830 est
2866 2772 3102 2831 laetitiam
3124 2777 3365 2846 ejusdem
3388 2780 3620 2849 Spiritus

2044 2868 2217 2935 gratia
2243 2867 2494 2921 concedit
2523 2883 2536 2919 :
2560 2866 2861 2936 accipiendi
2898 2882 3028 2923 vero
3052 2884 3276 2924 munera
3307 2869 3621 2939 dignitatem

2046 2963 2099 3011 et
2119 2957 2291 3025 gratia
2319 2956 2553 3020 fruendi,
2580 2972 2734 3011 amor
2754 2973 2851 3027 per
2874 2958 3032 3013 ﬁdem
3059 2959 3335 3015 laboribus
3358 2962 3583 3016 obtinet.

2118 3046 2237 3101 Jam
2275 3063 2401 3101 vero
2433 3047 2499 3100 ad
2535 3047 2676 3101 idem
2727 3064 3031 3118 progressa:
3066 3064 3292 3119 operum
3333 3052 3543 3120 justitia
3571 3064 3619 3109 et

2048 3138 2282 3208 Spiritus
2337 3137 2533 3207 gratia,
2595 3139 2647 3190 in
2703 3152 2809 3206 qua
2853 3138 3033 3191 anima
3056 3150 3623 3204 concurrerunt,cam

2046 3231 2200 3285 beata
2231 3229 2339 3281 vita
2369 3229 2619 3282 certatim
2650 3229 2923 3298 complent
2948 3247 2961 3293 ;
2989 3230 3083 3284 sed
3104 3245 3132 3282 a
3164 3246 3223 3284 se
3252 3231 3490 3286 invicem
3510 3233 3614 3287 dis-

2040 3321 2265 3390 junctte,
2346 3321 2557 3373 nullum
2616 3323 2811 3374 anima:
2860 3322 3285 3376 emolumentum
3346 3326 3622 3380 exhibent.

2047 3411 2257 3465 Etenim
2296 3411 2387 3466 Dei
2433 3412 2607 3481 gratia
2663 3412 2716 3465 in
2768 3413 2964 3467 animis
2988 3414 3081 3483 qui
3124 3415 3353 3469 salutem
3391 3416 3622 3486 fugiunt,

2048 3518 2155 3555 non
2192 3510 2368 3571 potest
2400 3502 2714 3572 frequenter
2743 3504 2955 3558 adesse.
3001 3503 3248 3561 llominis
3282 3523 3411 3561 vero
3452 3510 3622 3563 virtu-

2048 3594 2118 3647 tis
2154 3595 2237 3647 vis
2272 3608 2368 3663 per
2394 3608 2455 3648 se
2497 3610 2605 3647 non
2643 3592 2841 3648 suﬂicit
2870 3594 2937 3649 ad
2974 3596 3185 3650 animos
3219 3599 3404 3667 gratia:
3434 3614 3622 3669 exper-

2050 3692 2151 3747 tes,
2188 3684 2255 3737 ad
2278 3685 2401 3738 vitae
2434 3683 2661 3738 formam
2704 3686 3008 3739 absolutam
3034 3688 3389 3742 extollendos.
3428 3708 3447 3740 ι
3512 3690 3623 3745 Nisi

2049 3772 2315 3827 Dominus
2347 3775 2699 3827 aediﬁcaverit
2728 3775 2973 3839 domum,
3006 3784 3060 3830 et
3092 3779 3413 3833 custodierit
3439 3780 3623 3834 civita-

2049 3873 2180 3932 tem,
2208 3867 2261 3918 in
2294 3881 2490 3919 vanum
2524 3866 2907 3920 laboraverunt
2945 3868 3035 3937 qui
3073 3868 3346 3924 adiﬁcant
3378 3886 3495 3926 eam
3519 3875 3563 3927 ’.
3601 3890 3620 3924 ι

2050 3954 2186 4010 llinc
2233 3956 2527 4011 edocemur
2567 3972 2675 4011 non
2714 3973 2838 4012 esse
2867 3957 2923 4011 in
2953 3968 3187 4013 mentem
3231 3960 3623 4027 inducendum,

2050 4048 2103 4101 in
2139 4047 2378 4101 humano
2410 4047 2592 4102 studio
2613 4054 2780 4101 totam
2804 4047 2962 4102 sitam
2978 4063 3100 4104 esse
3121 4063 3376 4103 coronam
3403 4068 3417 4115 ;
3442 4067 3623 4106 verum

2049 4138 2116 4192 ad
2148 4137 2240 4191 Dei
2290 4140 2623 4192 voluntatem
2665 4135 3006 4191 referendam
3062 4152 3183 4193 esse
3220 4153 3370 4207 spem
3406 4138 3473 4194 de
3521 4140 3622 4195 line

2050 4231 2345 4285 obtinenti:
2382 4248 2396 4285 :
2428 4244 2593 4299 porro
2653 4227 2746 4283 Dci
2779 4228 3033 4282 voluntas
3060 4237 3164 4292 est,
3198 4236 3257 4281 ut
3291 4228 3472 4281 anima
3532 4244 3622 4298 per

2049 4322 2281 4391 gratiam
2322 4328 2583 4391 purgetur
2630 4328 2683 4373 et
2724 4333 2859 4387 pura
2888 4332 2955 4372 ac
2977 4319 3177 4373 munda
3206 4317 3316 4373 Deo
3346 4316 3622 4374 oﬂeratur.

373 4413 449 4482 τῷ
477 4413 614 4484 Θεῷ.
649 4414 785 4477 Τοὺς
812 4413 919 4485 γὰρ
939 4413 1211 4475 τοιούτους
1240 4416 1268 4467 ὁ
1294 4412 1495 4482 Κύριος
1526 4414 1835 4483 μακαρίζει,
1864 4413 1950 4465 λέ-

2051 4412 2185 4466 Nam
2213 4412 2469 4466 Dominus
2509 4407 2779 4479 ejusmodi
2813 4410 2999 4464 beatos
3040 4410 3315 4480 pradicat,
3367 4426 3489 4464 cum
3526 4413 3623 4477 ait,

374 4519 486 4570 γων
507 4520 522 4535 ο
565 4523 583 4556 ‹
620 4504 893 4576 Μακάριοι
913 4507 961 4559 oi
986 4505 1215 4574 καθαροὶ
1230 4507 1297 4575 τῇ
1324 4504 1537 4573 καρδίᾳ,
1566 4505 1647 4557 ὃτι
1681 4506 1833 4557 αὐτοὶ
1858 4505 1950 4558 τὸν

375 4592 506 4645 Θεὸν
532 4593 771 4662 ὄψονται.
801 4615 820 4647 ι
857 4596 1023 4665 Ὁρᾷς
1053 4595 1113 4648 τὸ
1144 4594 1394 4665 βραϐεῖον
1420 4595 1519 4663 τῆς
1542 4594 1946 4665 καθαρότητος;

376 4682 441 4734 Τί
478 4687 723 4753 κρεῖττον
749 4685 841 4738 τοῦ
881 4686 1006 4739 [δεῖν
1044 4686 1133 4740 τὸν
1159 4686 1308 4749 Θεὸν,
1339 4685 1519 4749 καθὼς
1538 4688 1668 4756 ἡμῖν
1696 4687 1946 4756 ἐγχωρεῖς

376 4777 469 4831 Διὸ
517 4779 609 4831 καὶ
645 4779 674 4830 ὁ
718 4779 881 4832 Δαόὶδ
932 4781 1071 4833 αἰτεῖ
1109 4779 1284 4842 τοῦτο,
1332 4779 1541 4847 λέγων’
1592 4797 1610 4828 ι
1648 4778 1947 4849 Γενέσθωή

378 4868 570 4940 καρδία
601 4886 701 4938 μου
737 4870 966 4941 ἄμωμος
988 4874 1097 4933 τοῖς
1127 4870 1457 4941 δικαιώμασί
1478 4870 1755 4933 σου,ὃπως
1785 4869 1849 4925 ἂν
1876 4870 1952 4940 μὴ

378 4959 670 5030 αἰσχυνθῶ.
723 4982 741 5013 ι
788 4962 1073 5017 Φοὸεἰσθαι
1129 4962 1337 5015 κελεύει
1360 4963 1458 5031 τὴν
1508 4961 1804 5031 αἰσχύνην⁸
1859 4963 1953 5014 καὶ

377 5046 671 5101 ἀποθέσθαι
693 5048 903 5103 κελεύει
923 5049 1146 5120 ταύτην,
1167 5051 1243 5113 ὡς
1264 5050 1463 5120 ἐσθῆτα
1488 5050 1764 5121 ρυπῶσαν.
1786 5050 1955 5107 Πάλιν

376 5139 437 5199 δέ⁵
458 5155 617 5209 φησι·
660 5140 763 5193 «Τό
777 5157 835 5193 τε
866 5143 926 5194 οὐ
961 5142 1034 5211 μὴ
1053 5141 1322 5211 αἰσχυνθῶ
1356 5144 1412 5194 ἐν
1443 5142 1521 5212 τῷ
1551 5159 1618 5212 με
1645 5142 1957 5196 ἐπιϐλέπειν

378 5231 468 5282 ἐπὶ
493 5232 671 5295 πάσας
697 5231 791 5295 τὰς
814 5233 1031 5295 ἐντολάς
1057 5250 1168 5285 σου.
1204 5253 1222 5284 ›
1269 5234 1357 5285 Ἐν
1384 5232 1491 5304 γὰρ
1525 5234 1601 5304 τῷ
1632 5233 1957 5305 πληρώματι

378 5319 483 5371 τῶν
509 5321 735 5374 ἐντολῶν
762 5323 969 5376 τίθεται
998 5323 1057 5375 τὸ
1092 5323 1315 5393 Πνεῦμα
1357 5323 1455 5393 τὴν
1482 5323 1811 5395 παρρησίαν.
1843 5324 1952 5377 Καὶ

380 5411 540 5465 πάλιν
562 5430 575 5443 ·
611 5431 633 5464 ι
654 5415 895 5485 Καρδίαν
928 5414 1174 5484 καθαρὰν
1202 5413 1383 5467 κτίσον
1414 5415 1470 5466 ἐν
1509 5414 1651 5482 ἐμοὶ,
1681 5415 1709 5466 ὁ
1737 5412 1897 5476 Θεός·
1926 5432 1944 5465 ι

380 5504 493 5567 καὶ,
524 5522 543 5555 ι
584 5505 860 5575 Πνεύματι
884 5505 1196 5575 ἡγεμονικῷ
1225 5504 1475 5576 στήριξὸν
1506 5522 1593 5576 με.
1630 5524 1648 5556 ι
1692 5504 1949 5574 Ἀλλαχοῦ

454 5702 467 5732 ³
499 5701 694 5770 Ephes.
725 5717 799 5769 tv,
822 5703 910 5757 15.
991 5703 1011 5733 ²
1032 5700 1177 5757 Psal.
1200 5717 1377 5766 cxxrt,
1401 5703 1448 5757 l.

2012 5302 2015 5307 ι
2055 5233 2218 5287 nibus
2269 5232 2542 5287 mandatis

1525 5701 1753 5755 ’M..ttb.
1778 5718 1827 5766 γ,
1854 5702 1906 5756 8.
1982 5700 2003 5733 ⁸
2024 5699 2166 5755 Psal.
2194 5715 2379 5765 cantu,
2406 5700 2492 5754 80.
2571 5702 2590 5733 ⁵
2619 5700 2748 5755 ibid.
2780 5702 2831 5757 6.
2912 5702 3084 5749 ’.ναίει
3135 5718 3151 5738 ν

2058 4526 2076 4556 ι
2107 4505 2257 4559 Beati
2289 4504 2493 4558 mundo
2520 4503 2706 4563 corde,
2734 4503 2863 4572 quia
2890 4502 2994 4572 ipsi
3024 4502 3189 4557 Deum
3223 4502 3482 4557 videbant
3511 4505 3553 4559 ³.
3603 4522 3622 4556 ›

2053 4596 2289 4652 Videsne
2322 4596 2575 4666 puritatis
2600 4593 2922 4665 praemium?
2955 4593 3096 4660 Quid
3133 4595 3326 4649 melius
3352 4606 3432 4649 est
3462 4612 3623 4666 quam

2054 4686 2220 4741 Deum
2241 4685 2446 4749 videre,
2467 4694 2737 4755 quatenus
2762 4685 2920 4739 nobis
2932 4699 3255 4739 concessum
3278 4697 3363 4740 est
3381 4687 3403 4739 ?
3418 4686 3626 4743 Idcirco

2051 4780 2213 4834 etiam
2261 4777 2429 4832 David
2457 4777 2561 4832 hoc
2590 4778 2831 4847 postulat
2850 4777 3072 4832 dicens:
3105 4795 3123 4827 ι
3159 4774 3277 4831 Fiat
3307 4793 3401 4832 cer
3447 4794 3624 4833 meum

2050 4870 2391 4939 inculpatum
2434 4869 2488 4923 in
2516 4869 3009 4938 justiiicationibus
3066 4869 3196 4933 tuis,
3251 4879 3309 4922 ut
3351 4886 3456 4923 non
3495 4886 3627 4925 con-

2050 4961 2251 5015 fundar
2279 4962 2325 5015 ⁸.
2369 4979 2388 5012 ι
2422 4959 2584 5015 Jubet
2634 4960 2873 5015 dedecus
2906 4969 3166 5022 metuere,
3212 4968 3262 5013 et
3296 4962 3397 5014 hoc
3429 4977 3627 5017 exuere

2050 5049 2322 5120 praecipit,
2358 5058 2619 5119 tanquam
2653 5058 2855 5104 vestem
2880 5050 3178 5105 sordidam.
3203 5049 3416 5105 Rursus
3444 5061 3624 5106 autem

2054 5142 2130 5195 ait
2154 5160 2167 5195 :
2204 5160 2221 5192 ι
2250 5141 2405 5195 Tunc
2428 5158 2533 5195 non
2561 5140 2889 5207 confundar,
2917 5159 3038 5197 cum
3064 5157 3391 5213 perspexero
3422 5144 3476 5197 in
3506 5160 3627 5197 om-

2600 5233 2711 5286 tuis
2737 5232 2780 5285 ⁸.
2855 5252 2873 5284 ι
2930 5232 3064 5286 Nam
3133 5235 3186 5287 in
3244 5235 3624 5289 mandatorum

2057 5324 2250 5381 effectu
2294 5322 2538 5394 Spiritus
2588 5325 2892 5379 libertatem
2951 5340 3014 5379 ac
3060 5325 3312 5379 ﬁduciam
3371 5327 3624 5382 collocat.

2058 5418 2259 5472 lterum
2302 5418 2375 5470 ait
2430 5417 2627 5471 idem:
2686 5436 2704 5468 ι
2770 5417 2881 5470 Cor
2920 5416 3180 5471 mundum
3224 5433 3349 5472 crea
3406 5418 3460 5472 in
3518 5434 3621 5483 me,

2059 5504 2203 5560 Deus
2231 5507 2253 5537 ⁸
2283 5522 2298 5571 ;
2335 5523 2354 5556 ι
2399 5514 2474 5570 et,
2522 5525 2539 5556 ι
2577 5506 2782 5575 Spiritu
2818 5506 3385 5577 principaliconlirma
3420 5523 3504 5562 mc
3526 5508 3565 5559 ⁷.
3602 5526 3621 5558 ι

3210 5701 3275 5747 ιο
3348 5704 3365 5735 ⁷
3391 5686 3622 5757 "seu.
