4096 6354
453 200 552 253 2?”

1647 187 1706 244 S.
1744 183 2071 241 GREGORU
2115 182 2406 240 NYSSESI

3602 177 3707 236 ΞΜ

453 313 594 368 Alibi
629 327 754 366 vero
781 314 1080 384 interrogat
1113 328 1126 364 :
1175 329 1192 362 ι
1228 309 1365 376 Quis
1419 308 1680 364 ascendet
1709 309 1764 360 in
1790 317 2028 360 montem

2133 307 2191 360 δὲ
2209 309 2408 378 ἐρωτᾷ·
2443 325 2461 358 ι
2486 308 2582 370 Τίς
2602 305 2931 376 ἀναὸήσεται
2959 305 3038 367 είς
3063 303 3124 357 τὸ
3151 303 3276 374 ὅρος
3299 299 3394 356 τοῦ
3417 303 3620 374 Κυρίου
3643 323 3654 366 ς
3680 321 3699 354 ο

455 404 714 460 Domini?
743 422 762 456 ι
796 402 992 458 deinde
1032 403 1346 471 respondet,
1399 419 1418 452 ι
1452 399 1722 454 lnnocens
1772 399 2027 453 manibus

452 503 510 550 et
539 494 745 549 mundo
773 487 937 548 corde
959 493 1000 546 ⁸.
1045 512 1062 543 ι
1103 490 1205 545 Par
1243 501 1328 546 est
1385 507 1518 562 ergo
1544 507 1667 545 eum
1695 491 1790 560 qui
1824 490 2029 560 appetit

453 585 884 657 adjungialicui,
921 598 1101 638 mores
1147 583 1298 638 illius
1329 582 1551 637 imitari.
1611 583 1779 652 Igitur
1802 595 2030 635 necesse

451 687 538 734 est
569 688 628 731 ut
668 678 849 732 anima
891 692 1014 746 qua:
1053 676 1256 730 Christi
1299 690 1499 744 sponsa
1565 675 1678 728 fieri
1733 674 2026 738 desiderat,

453 767 847 838 pulchritudini
888 765 1095 822 Christi
1141 767 1322 836 quoad
1383 765 1506 835 ejus
1548 766 1662 820 lieri
1715 765 1914 835 poterit
1955 764 2030 818 si-

453 857 596 910 milis
618 856 710 910 tiat
748 876 762 910 :
791 863 1026 925 oportet,
1059 856 1304 925 inquam,
1343 865 1400 908 ut
1426 856 1606 907 anima
1637 870 1758 922 qua:
1775 853 2028 908 advolare

453 947 518 999 ad
551 945 763 1001 Numen
799 948 1023 1016 cogitat,
1056 954 1109 1000 et
1137 945 1415 1000 adhaarere
1437 945 1678 1008 Christo,
1705 959 1868 998 onme
1899 959 2027 1014 pec-

450 1045 631 1090 catum
654 1051 683 1088 a
705 1052 762 1090 se
783 1036 1036 1106 expellat,
1057 1035 1259 1090 furtum
1278 1036 1421 1100 diro,
1445 1043 1498 1089 et
1525 1035 1791 1104 r.-pinam,
1809 1035 2029 1089 etadul-

451 1127 671 1192 terium,
707 1134 761 1180 et
799 1125 1108 1193 avaritiam,
1159 1136 1214 1180 et
1262 1131 1674 1190 scortationem,
1726 1138 1780 1180 et
1833 1127 2028 1196 lingua;

449 1217 623 1278 virus,
659 1227 713 1271 et
739 1232 900 1271 omne
925 1216 1275 1271 manifestum
1304 1218 1627 1272 delictorqu
1652 1232 1844 1288 genus,
1865 1225 2028 1287 atque

449 1311 615 1363 etiam
648 1313 947 1370 occultum,
977 1308 1282 1378 cujusmodi
1310 1320 1395 1361 est
1435 1307 1672 1370 invidia,
1705 1305 2024 1369 difﬁdentia,

449 1397 785 1468 malignitas,
822 1395 992 1462 fraus,
1029 1404 1083 1450 et
1121 1410 1456 1466 quaecunque
1510 1395 1615 1447 alia
1675 1395 1899 1448 latentia
1948 1395 2029 1447 vi-

453 1488 654 1542 tiorum
689 1487 965 1550 examina,
995 1502 1116 1557 qua:
1147 1503 1301 1556 teque
1331 1501 1394 1540 ac
1438 1497 1689 1556 apertum
1719 1494 2026 1539 erratorum

450 1591 622 1648 genus
656 1578 771 1632 odit
804 1576 1110 1648 Scriptura,
1141 1585 1195 1631 et
1229 1576 1598 1631 abominatur.
1628 1576 1873 1642 Quorum
1913 1575 2028 1630 dis-

2136 398 2254 452 εἶτα
2285 398 2636 469 ἀποκρίνεται
2662 412 2674 426 ·
2711 414 2728 446 ι
2769 395 2968 456 Ἀθῶος
3010 395 3187 464 χερσὶ,
3228 393 3324 446 καὶ
3365 393 3601 464 καθαρὸς
3641 394 3708 463 τῇ

2137 490 2351 560 καρδία.
2390 508 2408 540 ι
2440 490 2531 540 Δεῖ
2566 484 2657 541 οῦν
2689 487 2780 540 τὸν
2801 484 3167 554 ἐπιθυμοῦντα
3199 484 3542 556 οἰκειωθῆναί
3580 502 3706 547 τινι,

2134 579 2227 632 τὸν
2283 579 2491 632 ἐκείνου
2541 579 2739 646 τρόπον
2776 576 3079 647 μιμεῖσθαι.
3129 575 3336 628 Οὐκοῦν
3368 576 3579 646 ἀνάγκη
3615 577 3710 630 καὶ

2134 670 2232 739 τὴν
2283 666 2518 738 Χριστοῦ
2555 666 2824 720 ποθοῦσαν
2860 667 3112 734 γενέσθαι
3143 667 3359 738 νύμφην
3394 668 3590 739 ψυχὴν,
3631 669 3710 739 τῷ

2134 759 2229 814 τοῦ
2263 757 2492 828 Χριστοῦ
2513 757 2840 828 ὁμοιωθῆναι
2879 757 3064 809 κάλλει
3095 758 3155 811 τὺ
3181 759 3318 811 κατὰ
3346 758 3592 829 δύναμιν.
3621 762 3711 813 Δεῖ

2135 851 2233 922 τὴν
2267 851 2564 921 μέλλουσαν
2595 848 2920 902 ἀνίπτασθαι
2959 849 3095 919 πρὸς
3126 849 3185 902 τὸ
3214 849 3366 902 Θεῖον
3395 850 3591 920 ψυχὴν,
3617 853 3710 905 καὶ

2137 944 2430 998 κολλᾶσθαι
2461 941 2700 1013 Χριστῷ,
2747 943 2924 994 πᾶσαν
2973 940 3276 1004 ἐξελαύνειν
3319 943 3590 1012 ἁμαρτίαν
3617 943 3710 1012 ἀφ’

2136 1039 2355 1108 ἑαυτῆς,
2393 1036 2596 1107 κλοπὴν
2647 1035 2808 1102 λέγω,
2862 1035 2954 1088 καὶ
2999 1034 3254 1105 ἁρπαγὴν
3305 1036 3396 1087 καὶ
3441 1035 3708 1106 μοιχείαν,

2137 1130 2232 1183 καὶ
2269 1129 2600 1194 πλεονεξίαν,
2634 1128 2727 1181 καὶ
2752 1127 3004 1197 πορνείαν
3027 1127 3121 1179 καὶ
3145 1127 3391 1196 γλώσσης
3413 1127 3585 1192 νόσον,
3615 1129 3710 1181 καὶ¹

2137 1223 2244 1275 πᾶν
2274 1222 2394 1274 ὅσον
2419 1219 2660 1290 ἐμφανὲς
2698 1217 3108 1289 ἁμαρτημάτων
3145 1217 3316 1285 γένος,
3352 1218 3441 1269 καὶ
3469 1217 3591 1269 ὅσον
3615 1217 3710 1270 λα-

2137 1313 2342 1384 θραῖον,
2360 1311 2516 1364 τοῦτό
2542 1311 2658 1362 ἐστι
2685 1308 2900 1378 φθόνος,
2928 1308 3176 1366 ἀπιστία.
3207 1307 3518 1375 κακοήθεια.
3538 1306 3706 1370 δόλος,

2135 1406 2229 1457 καὶ
2279 1404 2400 1456 ὅσον
2449 1401 2676 1455 ὓπουλον
2703 1401 2804 1470 τῆς
2843 1400 3042 1463 κακίας
3072 1399 3296 1469 σμῆνος,
3333 1400 3468 1468 ὅπερ
3502 1399 3560 1462 ἐξ
3593 1399 3708 1450 ἴσου

2134 1495 2212 1565 τῷ
2251 1492 2468 1564 φανερῷ
2499 1494 2644 1562 γένει
2676 1492 2784 1545 τῶν
2826 1491 3237 1562 ἁμαρτημάτων
3274 1492 3306 1560 ἡ
3342 1489 3530 1561 Γραφὴ
3566 1491 3710 1559 μισεῖ

2135 1589 2228 1640 καὶ
2255 1586 2616 1657 βδελύσσεται.
2642 1585 2798 1647 Τίνος
2827 1585 3148 1654 ἒσκόρπισεν
3173 1582 3304 1636 ὀστᾶ
3333 1584 3360 1634 ό
3382 1582 3612 1652 Κύριος;
3646 1581 3708 1634 οὐ

451 1672 648 1742 sipavit
677 1686 802 1727 ossa
846 1671 1110 1727 Dominus
1133 1673 1154 1704 '
1183 1672 1205 1723 τ
1245 1686 1428 1726 nonne
1468 1671 1778 1724 hominibus
1812 1670 2028 1740 placere

2132 1679 2239 1732 τῶν
2264 1677 2768 1749 ἀνθρωπαρέσκωνς
2811 1677 2945 1729 Τίνα
2975 1674 3314 1745 βδελύσσεται
3343 1674 3596 1745 όΚύριος,
3635 1674 3712 1739 ῶς

451 1765 786 1819 studentium
815 1763 832 1818 ἒ
864 1762 1034 1830 Quem
1063 1762 1413 1816 abominatur
1437 1761 1700 1815 Dominus
1735 1771 1794 1815 ut
1816 1761 2026 1815 facino—

450 1870 638 1909 rosum
664 1863 718 1910 et
751 1855 1234 1926 sanguinolentum
1261 1855 1285 1906 ?
1312 1868 1495 1907 nonne
1520 1852 1808 1908 subdolum
1847 1852 2023 1906 virum

449 1957 504 2001 et
539 1945 987 2001 fraudulentum?
1012 1960 1158 2010 nam,
1201 1963 1219 1995 ι
1248 1942 1439 1998 Virum
1477 1945 1803 2014 sanguinum
1833 1951 1887 1998 et
1925 1943 2026 1996 do-

452 2037 628 2092 losum
657 2035 1006 2090 abominatur
1037 2035 1410 2092 Dominus‘°.t
1429 2033 1620 2088 Nonne
1645 2043 1830 2106 aperte
1862 2034 2028 2089 David

453 2127 522 2184 iis
558 2147 577 2179 ι
621 2129 716 2198 qui
746 2128 1045 2196 loquuntur
1097 2141 1284 2195 pacem
1330 2141 1453 2180 cum
1489 2125 1687 2180 vicinis
1717 2125 1856 2185 suis.
1887 2125 2028 2178 mala

450 2234 583 2272 vero
621 2215 674 2272 in
729 2217 990 2272 cordibus
1032 2218 1149 2271 suis
1206 2218 1271 2278 “,
1320 2236 1336 2268 ι
1393 2215 1771 2284 imprecetur?
1817 2212 2029 2269 Idcirco

451 2309 612 2362 etiam
642 2307 694 2360 in
727 2306 997 2360 mandatis
1017 2305 1305 2369 habemus,
1331 2313 1388 2360 ut
1423 2320 1599 2376 neque
1623 2306 1690 2358 ab
1709 2305 2030 2361 hominibus

453 2404 641 2458 laudes
673 2417 1028 2474 aucupentur,
1064 2418 1244 2472 neque
1283 2402 1706 2473 ignominiarum
1766 2403 1836 2458 ab
1893 2403 2031 2474 ipsis

453 2513 798 2572 acceptarum
835 2499 1078 2570 pudeat:
1129 2499 1329 2554 etenim
1381 2513 1478 2554 eos
1513 2500 1605 2568 qui
1650 2515 1743 2569 per
1785 2507 2030 2554 ostenta-

453 2597 654 2650 tionem
704 2596 962 2650 virtutem
999 2595 1238 2664 aliquam
1265 2604 1521 2648 exercent
1553 2593 1838 2664 Scriptura
1870 2608 2028 2648 sacra

2126 1775 2216 1828 τὸν
2250 1773 2419 1842 ὲναγῆ
2450 1773 2543 1825 καὶ
2590 1772 2904 1843 μιαιφόνονς
2943 1772 3003 1823 οὐ
3039 1770 3130 1822 τὸν
3157 1770 3384 1822 ὓπουλον
3418 1769 3584 1839 ᾶνδρα
3616 1769 3711 1822 καὶ

2128 1865 2325 1928 δόλιον;
2354 1884 2371 1915 ι
2395 1864 2588 1934 Ἄνδρα
2611 1881 2629 1914 ι
2660 1866 2768 1934 γάρ
2805 1883 2821 1913 ι
2843 1863 3088 1932 αἱμάτων
3119 1863 3208 1914 καὶ
3229 1861 3397 1914 δόλιον
3425 1860 3708 1932 βδελύσσε-

2127 1975 2218 2012 ται
2234 1958 2454 2029 Κύριος.
2469 1977 2486 2009 ι
2509 1957 2582 2009 υύ
2601 1956 2847 2027 φανερῶς
2868 1956 2896 2007 ὁ
2914 1954 3076 2006 Δαϐὶδ
3090 1956 3200 2017 τοῖς
3213 1953 3462 2006 λαλοῦσιν
3487 1955 3710 2024 εἰρήνην

2136 2051 2274 2122 μετά
2311 2051 2420 2103 τῶν
2472 2049 2697 2119 πλησίον
2738 2046 2935 2111 αὐτῶν,
2983 2046 3128 2100 κακά
3155 2045 3210 2098 δὲ
3239 2048 3294 2097 ὲν
3324 2049 3440 2108 ταῖς
3461 2045 3707 2116 καρδίαις

2136 2141 2333 2206 αὐτῶν,
2369 2141 2708 2210 καταρᾶται;
2744 2137 2843 2190 Διά
2876 2135 3032 2190 τοῦτο
3075 2135 3169 2190 καλ⁹
3199 2136 3704 2206 παραγγελλόμεθα,

2137 2235 2272 2304 μήτε
2303 2233 2401 2296 τὰς
2432 2231 2583 2302 παρά
2616 2230 2918 2301 ἀνθρώπων
2963 2229 3238 2299 εὐφημίας
3291 2226 3524 2291 διώκειν,
3572 2228 3706 2297 μήτε

2131 2324 2229 2388 τὰς
2256 2325 2384 2394 παρ’
2415 2322 2594 2376 αὐτῶν
2623 2320 2842 2389 ἀτιμίας
2884 2318 3233 2388 αἰσχύνεσθαι
3253 2334 3266 2347 ·
3299 2317 3422 2379 τοὺς
3451 2315 3558 2385 γάρ
3591 2317 3708 2368 ἐπι-

2131 2412 2414 2473 δεικτικῶς
2441 2413 2558 2464 οἵαν
2585 2411 2707 2463 τινὰ
2733 2410 2929 2480 ἀρετὴν
2961 2407 3264 2471 ποιοῦντας,
3294 2407 3585 2476 ἀποστερεῖ
3601 2404 3707 2457 τῶν

2130 2504 2188 2555 ὲν
2225 2503 2471 2572 οὐρανοῖς
2521 2499 2726 2570 μισθῶν
2772 2501 2803 2569 ὴ
2841 2500 3050 2569 Γραφὴ,
3099 2499 3172 2561 ὼς
3200 2495 3429 2550 ἐνταῦθα
3469 2497 3558 2550 τὸν
3597 2494 3706 2548 τῶν

2130 2592 2430 2663 ἀνθρώπων
2461 2590 2942 2660 ἀπολαμϐάνοντας
2973 2590 3193 2642 ἔπαινον

452 2686 702 2742 mercede
731 2701 848 2755 (ιιιίυ
879 2685 932 2738 in
962 2685 1114 2740 cmlis
1137 2692 1220 2738 est
1251 2683 1446 2753 privat,
1471 2691 1653 2752 utpote
1680 2684 1771 2753 qui
1799 2684 1886 2738 hic
1918 2683 2280 2738 laudationem
2315 2681 2591 2734 hominum
2623 2680 2897 2750 accipiunt
2918 2681 2981 2731 ι’.

523 2779 627 2834 Sed
665 2780 937 2848 inquiunt,
971 2779 1032 2832 Et
1074 2777 1346 2848 quomodo
1375 2777 1508 2832 dicit
1539 2777 1797 2832 Dominus
1831 2796 1843 2831 :
1877 2796 1894 2828 ι
1938 2777 2028 2831 Sic

454 2869 633 2924 luceat
678 2870 768 2922 lux
828 2879 1006 2924 vestra
1060 2881 1243 2921 coram
1302 2866 1654 2931 hominibus,
1698 2879 1757 2922 ut
1814 2867 2030 2921 videant

2215 2775 2375 2828 Ἀλλά
2420 2789 2585 2844 φασι·
2636 2774 2744 2826 Καὶ
2790 2772 2905 2834 πῶς
2958 2771 3103 2840 λέγει
3157 2772 3185 2824 ὁ
3233 2771 3454 2834 Κύριος,
3501 2789 3520 2821 ι
3555 2773 3710 2843 Λαμ·

2133 2868 2288 2936 φάτω
2352 2866 2409 2918 τὸ
2464 2865 2579 2934 φῶς
2635 2864 2789 2935 ὐμῶν
2843 2863 3148 2934 ἔμπροσθεν
3204 2863 3312 2915 τῶν
3373 2863 3704 2934 ἀνθρώπων,

453 2973 617 3028 opera
650 2969 827 3014 vestra
871 2959 1044 3018 bona,
1090 2964 1144 3012 et
1185 2957 1487 3027 glorificent
1531 2958 1741 3013 Patrem
1790 2972 2028 3014 vestrum

2135 2958 2278 3019 ὅπως
2334 2958 2481 3009 ἴδωσι
2547 2956 2613 3009 τὰ
2656 2955 2793 3008 καλά
2846 2955 2981 3025 ἔργα
3035 2955 3226 3024 ὑμῶν,
3294 2955 3386 3008 καὶ
3445 2955 3707 3020 δοξάσωσι

454 3052 549 3121 qui
600 3051 653 3104 in
695 3049 847 3104 cmlis
886 3058 969 3104 est
1001 3049 1078 3102 υἱ)
1111 3069 1128 3100 ι
1165 3049 1306 3120 Ergo
1346 3048 1448 3102 hoc
1483 3050 1577 3104 tibi
1609 3051 1859 3116 dicimus,
1887 3051 2032 3104 hunc

455 3157 760 3197 sermonem
797 3141 1108 3211 praecipere,
1142 3147 1201 3194 ut
1223 3143 1266 3193 is
1291 3142 1384 3210 qui
1416 3140 1506 3196 Dei
1533 3143 1801 3197 mandatis
1825 3143 2034 3197 obtem-

457 3243 629 3304 perat,
658 3231 918 3302 quidquid
947 3229 1098 3294 facit,
1121 3235 1173 3284 in
1203 3233 1354 3285 illum
1378 3233 1638 3288 intuendo
1662 3234 1847 3299 faciat,
1873 3242 2034 3302 atque

453 3325 584 3379 huic
631 3324 730 3378 soli
772 3323 986 3392 placere
1037 3323 1294 3386 studeat,
1343 3325 1544 3377 nullatn
1603 3325 1671 3377 ab
1721 3325 2033 3379 hominibus

454 3415 680 3485 gloriam
712 3412 960 3467 venando
1001 3431 1013 3466 :
1049 3429 1236 3466 verum
1271 3414 1442 3484 fugiat
1481 3414 1696 3484 quidem
1746 3417 1934 3471 laudes
1967 3418 2035 3470 ab

458 3506 543 3560 his
567 3506 818 3568 tributas,
860 3517 1070 3558 necnon
1117 3505 1562 3567 ostentationem,
1601 3520 1698 3574 per
1727 3505 1891 3558 vitam
1932 3521 2032 3558 au-

457 3605 562 3652 tem
605 3605 660 3650 ct
699 3611 862 3665 opera
919 3603 1314 3663 cognoscatur,
1357 3602 1416 3648 ut
1460 3603 1795 3664 spectatores
1840 3597 2031 3649 horum

455 3686 653 3750 elTecti,
690 3702 795 3740 non
838 3685 994 3748 dixit,
1037 3693 1404 3740 ostentantem
1439 3701 1497 3739 se
1533 3689 1892 3750 admirentur,
1939 3687 2032 3740 scd

455 3779 669 3834 Patrem
699 3788 937 3833 vestrum
971 3779 1065 3847 qui
1094 3779 1146 3831 in
1175 3777 1330 3832 caelis
1353 3785 1437 3831 est
1465 3777 1793 3846 gloriliecnl.
1815 3775 1944 3829 Nam
1968 3793 2033 3831 eo

457 3868 685 3939 gloriam
715 3882 931 3922 omnem
964 3865 1154 3920 referri
1194 3865 1372 3935 jubet,
1418 3875 1584 3935 atque
1628 3868 1694 3919 ad
1733 3866 1880 3921 illius
1937 3882 2032 3920 vo-

458 3959 716 4012 luntatem
749 3959 1017 4011 actionem
1041 3971 1256 4010 omnem
1290 3956 1499 4026 perlici,
1523 3957 1664 4026 apud
1687 3973 1847 4026 quem
1868 3958 2029 4011 etian

458 4066 667 4105 merces
692 4051 972 4120 proposita
999 4057 1083 4104 est
1113 4051 1336 4106 virtutis
1365 4067 1612 4120 operum.
1642 4051 1885 4118 Cupidus
1915 4061 2032 4105 esto

457 4140 701 4200 laudum,
741 4154 863 4208 qua:
914 4140 966 4191 in
1019 4140 1233 4209 Superis
1280 4143 1627 4205 consistunt,
1677 4141 1865 4196 dicens
1901 4143 2031 4195 illud

457 4231 716 4286 Davidis:
755 4248 774 4282 ι
817 4231 974 4302 Apud
1009 4242 1059 4286 te
1095 4233 1214 4288 laus
1243 4249 1361 4288 mea
1389 4235 1451 4288 “‘.
1494 4253 1511 4285 ι
1547 4233 1632 4296 Ει,
1669 4254 1686 4285 ι
1715 4234 1771 4286 In
1804 4234 2031 4288 Domino

2135 3050 2224 3100 τὸν
2267 3049 2481 3120 Πατέρα
2530 3047 2680 3118 ὐμῶν
2725 3047 2812 3100 τὸν
2854 3050 2911 3100 ὲν
2954 3050 3065 3110 τοῖς
3101 3049 3381 3116 οὐρανοῖς;
3414 3067 3432 3098 ι
3465 3047 3709 3116 Λέγομεν

2132 3137 2225 3193 οὗν
2275 3157 2394 3202 σοι,
2443 3141 2524 3192 ὅτι
2579 3139 2786 3192 κελεύει
2835 3141 2863 3190 ὁ
2915 3138 3070 3206 λόγος
3126 3139 3216 3192 τὸν
3285 3138 3545 3207 ἑπόμενον
3588 3141 3708 3201 ταῖς

2133 3232 2371 3293 ἐντολαῖς
2408 3231 2500 3283 τοῦ
2543 3230 2711 3293 Θεοῦ,
2751 3232 2854 3283 πᾶν
2893 3231 3030 3301 ὅπερ
3076 3229 3141 3283 ἂν
3188 3232 3352 3299 ποιῇ,
3395 3230 3528 3300 πρὸς
3565 3231 3707 3282 ἐκεῖ·

2133 3340 2221 3375 νον
2277 3324 2537 3392 βλέποντα
2596 3325 2797 3388 ποιεῖν,
2853 3323 2946 3373 καὶ
2993 3320 3166 3390 τούτῳ
3214 3321 3359 3390 μόνῳ
3412 3320 3705 3388 ἀρέσκειν,

2138 3413 2405 3483 μηδεμίαν
2457 3415 2606 3483 παρὰ
2649 3413 2758 3464 τῶν
2809 3411 3110 3480 ἀνθρώπων
3147 3410 3302 3476 δόξαν
3352 3409 3702 3481 θηρώμενον·

2133 3503 2268 3555 ἀλλά
2307 3501 2528 3569 φεύγειν
2563 3501 2662 3570 μὲν
2706 3501 2829 3562 τοὺς
2872 3499 3020 3570 παρὰ
3053 3499 3256 3551 τούτων
3304 3499 3577 3562 ἐπαίνους,
3613 3499 3709 3552 καὶ

2136 3592 2232 3662 τὴν
2267 3592 2545 3656 ἐπίδειξιν,
2589 3593 2676 3645 διὰ
2701 3591 2755 3643 δὲ
2783 3591 2876 3643 τοῦ
2906 3592 3019 3659 βίου
3048 3591 3140 3644 καὶ
3163 3591 3270 3643 τῶν
3293 3591 3470 3663 ἔργων
3509 3592 3706 3661 γνωρίο

2134 3683 2319 3747 ζεσθαι
2341 3685 2465 3746 πᾶς’
2496 3684 2643 3745 ὅπως
2667 3682 2857 3734 θεαταὶ
2883 3681 3084 3734 τούτων
3110 3684 3409 3752 γενόμενοι,
3435 3682 3534 3734 οὐκ
3559 3676 3702 3743 εἷπε,

2132 3777 2464 3848 Θαυμάσωσι
2488 3778 2578 3830 τὸν
2601 3778 3058 3847 ἐπιδεικνύμενον,
3095 3777 3245 3841 ἀλλὰ,
3281 3797 3298 3828 ι
3324 3777 3594 3842 Δοξάσωσι
3614 3777 3706 3833 τὸν

2133 3869 2353 3940 Πατέρα
2391 3867 2541 3938 ὑμῶν
2569 3868 2659 3920 τὸν
2705 3869 2760 3920 ἐν
2803 3871 2913 3931 τοῖς
2944 3869 3207 3939 οὐρανοῖς.
3244 3889 3260 3919 ι
3310 3870 3456 3921 Ἐκεῖ
3480 3869 3580 3939 γάρ
3611 3885 3704 3922 κε-

2132 3960 2277 4012 λεύει
2309 3961 2486 4013 πᾶσαν
2522 3959 2885 4030 ἀναφέρεσθαι
2919 3959 3095 4025 δόξαν,
3129 3963 3220 4014 καὶ
3255 3962 3392 4033 πρὸς
3413 3963 3473 4015 τὸ
3497 3963 3703 4015 ἐκείνου

2133 4051 2345 4121 θέλημα
2398 4051 2595 4122 πρᾶξιν
2639 4051 3034 4122 ἀπαρτίζεσθαι
3081 4055 3285 4118 πᾶσαν,
3340 4055 3469 4125 παρ’
3521 4047 3565 4120 ᾧ
3610 4055 3704 4107 καὶ

2136 4143 2324 4212 μισθὸς
2369 4143 2652 4195 ἀπόκειται
2689 4142 2795 4196 τῶν
2843 4143 2943 4213 τῆς
2986 4145 3186 4213 ἀρετῆς
3236 4144 3431 4214 ἔργων.
3477 4146 3700 4215 Ὀρέγου

2131 4235 2239 4286 τῶν
2269 4237 2379 4288 ᾶνω
2413 4235 2670 4297 ἐπαίνων,
2692 4235 2752 4288 τὸ
2787 4234 2880 4288 τοῦ
2903 4234 3064 4288 Δαϐὶδ
3083 4236 3282 4303 λέγων·
3325 4257 3342 4287 ι
3379 4237 3531 4307 Παρὰ
3567 4239 3647 4289 σοὶ
3674 4237 3705 4290 ό

456 4324 766 4377 laudabitur
803 4323 988 4376 anima
1032 4339 1149 4377 mea
1178 4325 1241 4377 ¹⁵.
1293 4344 1312 4376 ι
1355 4324 1488 4377 Eum
1535 4326 1626 4394 qui
1681 4326 1905 4380 honoris
1943 4328 2028 4380 hic

2135 4325 2349 4389 ἔπαινός
2381 4344 2501 4396 μου.
2545 4347 2562 4378 ι
2599 4327 2729 4388 Καὶ,
2766 4348 2782 4379 ι
2834 4328 2920 4380 Ἐν
2957 4327 3034 4396 τῷ
3068 4330 3255 4398 Κυρίῳ
3289 4330 3701 4400 ἐπαινεθήσεται

456 4416 640 4470 collati
672 4423 934 4484 appetens
959 4423 1063 4477 est,
1096 4415 1356 4470 Dominus
1387 4417 1525 4470 inter
1557 4415 1806 4472 infideles
1839 4434 2030 4471 recen-

454 4518 556 4562 set.
590 4507 824 4569 Etenim,
889 4525 907 4556 ι
955 4506 1242 4572 Quomodo
1298 4523 1395 4561 vos
1453 4510 1702 4576 potestis,
1745 4527 1763 4557 ι
1831 4510 2028 4578 inquit,

461 4611 480 4645 ι
519 4594 769 4656 credere,
810 4594 902 4662 qui
950 4595 1019 4648 ab
1069 4594 1383 4648 hominibus
1409 4597 1638 4665 gioriam
1672 4599 1944 4668 accipztis.
1973 4607 2029 4652 et

454 4685 706 4755 gloriam,
737 4699 858 4754 qua:
889 4699 917 4736 a
977 4683 1088 4738 Deo
1125 4685 1242 4739 solo
1289 4695 1395 4751 est,
1431 4702 1536 4740 non
1599 4689 1957 4757 quaeritis“?
2002 4709 2020 4741 ι

454 4775 652 4831 Odium
681 4776 842 4830 etiam
875 4791 943 4830 ex
979 4777 1216 4832 occultis
1247 4779 1448 4832 erratis
1494 4787 1596 4833 est.
1635 4777 1869 4835 Proinde
1899 4782 2025 4836 audi

454 4867 744 4923 Dominum
791 4869 1108 4924 dicentem:
1161 4888 1179 4921 ι
1224 4870 1324 4935 Qui
1387 4872 1501 4924 odit
1552 4873 1776 4925 fratrem
1835 4889 2026 4938 suum,

454 4960 726 5015 homicida
753 4970 856 5016 est.
901 4960 966 5014 Et
994 4961 1152 5015 scitis
1211 4962 1469 5030 quoniam
1528 4964 1708 5017 onmis
1758 4963 2029 5018 homicida

455 5066 564 5105 non
589 5051 750 5106 habet
784 5053 948 5105 vitam
979 5061 1238 5106 aeternam
1269 5052 1366 5104 ³⁷.»
1390 5053 1574 5122 Itaque
1611 5055 1832 5123 expellit
1860 5069 1888 5107 a
1922 5056 2028 5108 vita

453 5156 577 5195 eum
609 5142 702 5211 qui
731 5142 845 5196 odit
877 5142 1101 5196 fratrem
1135 5159 1318 5210 suum,
1348 5153 1624 5213 tanquam
1674 5145 2026 5199 homicidam.

452 5229 571 5283 Jam
599 5248 726 5285 vero
759 5233 901 5301 quod
950 5234 1156 5286 nullum
1207 5233 1502 5288 discrimen
1559 5234 1631 5288 sit
1691 5235 1834 5288 inter
1883 5233 2022 5286 mala

453 5312 602 5376 intus
634 5323 812 5376 abdita
861 5332 915 5377 et
964 5339 1028 5378 ea
1081 5339 1200 5394 qua:
1235 5332 1449 5394 patent,
1495 5324 1622 5390 audi
1650 5326 1968 5394 Apostolum
2006 5345 2020 5380 :

459 5432 478 5466 ι
510 5412 575 5466 Ει
607 5413 750 5468 sicut
796 5431 905 5468 non
926 5417 1320 5486 probaverunt,
1356 5437 1374 5469 ι
1411 5418 1621 5486 inquit,
1657 5437 1676 5468 ι
1719 5410 1884 5471 Deum
1927 5417 2024 5472 ha-

523 5524 545 5556 ⁸
568 5523 711 5580 Psal.
733 5540 887 5589 χχιιι,
915 5526 969 5589 ’5,
998 5533 1050 5578 4.
1127 5528 1149 5558 ⁹
1172 5525 1318 5582 Psal.
1342 5544 1394 5591 ν,
1418 5528 1471 5582 7.
1553 5529 1596 5560 ¹⁰
1625 5528 1756 5583 ibid.

454 5611 568 5660 xu,
603 5596 695 5649 26.
773 5596 817 5626 ³⁵
845 5595 988 5650 t'sal.
1018 5612 1218 5662 xxxnn,
1243 5598 1295 5650 '5.
1391 5597 1615 5652 “Joan.
1652 5615 1701 5662 v,
1739 5600 1828 5652 44.

1837 5531 1875 5562 ¹¹
1909 5527 2050 5585 Psal.
2073 5547 2241 5592 xxvii,
2274 5532 2327 5583 5.

1907 5599 1947 5630 ¹⁷
1973 5601 1990 5651 Ι
2020 5600 2177 5656 Joan.
2205 5618 2284 5667 ιιι,
2321 5601 2407 5653 15.

2137 4419 2170 4486 ἡ
2195 4417 2341 4487 ψυχή
2370 4435 2493 4487 μου.
2521 4438 2538 4469 ι
2568 4419 2670 4471 Τὸν
2699 4420 2797 4488 τῆς
2831 4418 3063 4472 ἐνταῦθα
3090 4419 3255 4488 τιμῆς
3285 4421 3565 4490 ἐφιέμενον
3589 4423 3700 4485 τοῖς

2135 4509 2381 4571 ἀπίστοις
2421 4510 2770 4578 ὲγκαταλέγει
2802 4511 2830 4561 ὁ
2864 4510 3083 4580 Κύριος.
3116 4529 3133 4560 ι
3164 4510 3284 4573 Πῶς
3317 4529 3333 4559 ι
3365 4511 3471 4580 γὰρ
3496 4529 3516 4562 ι
3543 4511 3699 4565 δύναο

2135 4597 2281 4664 σθε,›
2309 4602 2493 4670 φησιν,
2521 4618 2537 4650 ι
2559 4601 2715 4670 ὑμεῖς
2738 4600 3030 4656 πιστεύειν.
3050 4601 3202 4665 δόξαν
3226 4602 3375 4672 παρὰ
3403 4601 3702 4674 ἀνθρώπων

2131 4686 2494 4757 λαμϐάνοντες
2515 4705 2526 4717 ·
2554 4689 2648 4740 καὶ
2671 4688 2768 4759 τὴν
2789 4688 2942 4755 δόξαν
2964 4689 3060 4760 τὴν
3092 4707 3165 4742 πα
3174 4691 3241 4761 ρὰ
3266 4690 3359 4743 τοῦ
3381 4691 3539 4760 μόνου
3567 4691 3698 4744 Θεοῦ

2129 4779 2190 4830 οὐ
2243 4777 2571 4848 ζητοῦντες;
2619 4798 2639 4830 ι
2703 4779 2822 4833 Τῶν
2875 4781 3094 4849 ἀφανῶν
3139 4785 3255 4834 ἐστι
3306 4783 3398 4836 καὶ
3446 4783 3506 4835 τὸ
3546 4786 3700 4854 μῖσος

2127 4868 2556 4939 ἁμαρτημάτων.
2605 4870 2714 4922 Καὶ
2751 4870 2980 4924 ἄκουσον
3030 4869 3123 4925 τοῦ
3160 4873 3361 4943 Κυρίου
3415 4873 3694 4942 λέγοντος·

2131 4979 2148 5010 ι
2174 4960 2230 5012 '0
2263 4960 2434 5031 μισῶν
2464 4961 2556 5013 τὸν
2591 4961 2817 5032 ἀδελφὺν
2851 4963 3034 5026 αὑτοῦ,
3084 4965 3524 5035 ἀνθρωποκτόνος
3559 4963 3694 5021 ἐστί.

2125 5052 2236 5103 Καὶ
2275 5051 2452 5104 οἴδατε
2495 5053 2577 5105 ὅτι
2621 5055 2727 5116 πᾶς
2777 5054 3219 5124 ἀνθρωποκτόνος
3255 5057 3353 5110 οὐκ
3391 5056 3502 5126 ἔχει
3551 5055 3695 5128 ζωὴν

2125 5142 2360 5201 αἰώνιον.
2404 5165 2420 5196 ι
2466 5146 2756 5199 Ἐκσαλλου
2783 5143 2882 5200 οὖν
2905 5148 3002 5217 τῆς
3032 5146 3176 5217 ζωῆς
3198 5149 3285 5201 τὸν
3314 5149 3573 5220 μισοῦντα
3603 5150 3694 5203 τὸν

2129 5235 2374 5303 ἀδελφὸν,
2407 5235 2594 5307 ῶσπερ
2622 5238 2710 5290 τὸν
2733 5237 3072 5309 ἀνδροφόνον.
3101 5241 3221 5293 Ὅτι
3243 5241 3299 5294 δὲ
3329 5241 3550 5312 οὐδεμία
3579 5242 3694 5297 δια-

2130 5327 2270 5396 φορὰ
2319 5327 2424 5378 τῶν
2454 5325 2599 5379 ἔνδον
2643 5329 3042 5398 κεκρυμμένων
3075 5330 3259 5381 κακῶν
3313 5329 3448 5402 πρὸς
3489 5330 3556 5382 τὰ
3597 5332 3697 5400 ἐμ-

2131 5419 2292 5488 φανῆ.
2328 5420 2555 5471 ἄκουσον
2587 5420 2677 5472 τοῦ
2720 5420 3040 5472 ’Λποστόλου
3062 5438 3074 5450 ·
3111 5441 3129 5472 ι
3173 5421 3371 5485 Καθὼς
3400 5423 3498 5475 οὐκ
3527 5421 3698 5475 ἐδοκί·

2409 5533 2450 5563 ¹²
2479 5531 2666 5587 Matth.
2708 5549 2782 5596 ιἰ,
2815 5533 2864 5586 1.
2943 5533 2986 5564 ¹³
3009 5533 3198 5589 Matth.
3231 5551 3280 5602 ι’,
3322 5535 3404 5594 16..
3483 5537 3526 5568 ⁸⁸
3549 5537 3695 5595 Psal.
