  <div class='ocr_page' id='page_1' title='image "/cluster/home/n/w/nwhite01/storage/ocr_20150623/46/nnc1.0046978380/154.png"; bbox 0 0 4096 6354; ppageno 0'>
   <div class='ocr_carea' id='block_1_1' title="bbox 365 264 469 314">
    <p class='ocr_par' dir='ltr' id='par_1_1' title="bbox 365 264 469 314">
     <span class='ocr_line' id='line_1_1' title="bbox 365 264 469 314; baseline 0 -1"><span class='ocrx_word' id='word_1_1' title='bbox 365 264 469 314; x_wconf 63' lang='grc' dir='ltr'><strong>Ξῐνῦ</strong></span> 
     </span>
    </p>
   </div>
   <div class='ocr_carea' id='block_1_2' title="bbox 1496 259 2484 317">
    <p class='ocr_par' dir='ltr' id='par_1_2' title="bbox 1496 259 2484 317">
     <span class='ocr_line' id='line_1_2' title="bbox 1496 259 2484 317; baseline 0.001 -5"><span class='ocrx_word' id='word_1_2' title='bbox 1496 261 1581 313; x_wconf 78' lang='lat' dir='ltr'><strong>DE</strong></span> <span class='ocrx_word' id='word_1_3' title='bbox 1621 260 1993 317; x_wconf 71' lang='lat' dir='ltr'><strong>INSTITL&#39;TO</strong></span> <span class='ocrx_word' id='word_1_4' title='bbox 2042 259 2484 314; x_wconf 74' lang='lat' dir='ltr'><strong>ClllilSTlANO.</strong></span> 
     </span>
    </p>
   </div>
   <div class='ocr_carea' id='block_1_3' title="bbox 3502 262 3609 319">
    <p class='ocr_par' dir='ltr' id='par_1_3' title="bbox 3502 262 3609 319">
     <span class='ocr_line' id='line_1_3' title="bbox 3502 262 3609 319; baseline 0.009 -3"><span class='ocrx_word' id='word_1_5' title='bbox 3502 262 3609 319; x_wconf 72' lang='grc' dir='ltr'><strong>εοι</strong></span> 
     </span>
    </p>
   </div>
   <div class='ocr_carea' id='block_1_4' title="bbox 366 374 1964 451">
    <p class='ocr_par' dir='ltr' id='par_1_4' title="bbox 366 380 1939 451">
     <span class='ocr_line' id='line_1_4' title="bbox 366 380 1939 451; baseline 0 -19"><span class='ocrx_word' id='word_1_6' title='bbox 366 396 564 451; x_wconf 89' lang='grc' dir='ltr'>μασαν,</span> <span class='ocrx_word' id='word_1_7' title='bbox 612 399 630 430; x_wconf 87' lang='grc' dir='ltr'><strong>ι</strong></span> <span class='ocrx_word' id='word_1_8' title='bbox 666 382 818 451; x_wconf 71' lang='grc' dir='ltr'>φησὶ,</span> <span class='ocrx_word' id='word_1_9' title='bbox 858 401 877 432; x_wconf 80' lang='grc' dir='ltr'><strong>ι</strong></span> <span class='ocrx_word' id='word_1_10' title='bbox 907 380 997 433; x_wconf 85' lang='grc' dir='ltr'>τὸν</span> <span class='ocrx_word' id='word_1_11' title='bbox 1026 381 1159 435; x_wconf 76' lang='grc' dir='ltr'>Θεὸν</span> <span class='ocrx_word' id='word_1_12' title='bbox 1191 380 1335 450; x_wconf 78' lang='grc' dir='ltr'>ἔχειν</span> <span class='ocrx_word' id='word_1_13' title='bbox 1361 383 1419 433; x_wconf 82' lang='grc' dir='ltr'>ὲν</span> <span class='ocrx_word' id='word_1_14' title='bbox 1457 380 1769 448; x_wconf 76' lang='grc' dir='ltr'>ἐπιγνώσει.</span> <span class='ocrx_word' id='word_1_15' title='bbox 1802 398 1939 449; x_wconf 63' lang='grc' dir='ltr'>παρη</span> 
     </span>
    </p>
   </div>
   <div class='ocr_carea' id='block_1_5' title="bbox 2071 374 3608 451">
    <p class='ocr_par' dir='ltr' id='par_1_5' title="bbox 2071 374 3608 447">
     <span class='ocr_line' id='line_1_5' title="bbox 2071 374 3608 447; baseline 0.001 -18"><span class='ocrx_word' id='word_1_16' title='bbox 2071 392 2172 432; x_wconf 72' lang='grc' dir='ltr'>»θιε</span> <span class='ocrx_word' id='word_1_17' title='bbox 2202 378 2255 430; x_wconf 95' lang='lat' dir='ltr'><strong>in</strong></span> <span class='ocrx_word' id='word_1_18' title='bbox 2286 378 2513 442; x_wconf 87' lang='lat' dir='ltr'><strong>notitia,</strong></span> <span class='ocrx_word' id='word_1_19' title='bbox 2557 376 2781 432; x_wconf 74' lang='lat' dir='ltr'><strong>tradidit</strong></span> <span class='ocrx_word' id='word_1_20' title='bbox 2823 377 2946 431; x_wconf 90' lang='lat' dir='ltr'><strong>illos</strong></span> <span class='ocrx_word' id='word_1_21' title='bbox 3009 374 3151 432; x_wconf 90' lang='lat' dir='ltr'><strong>Deus</strong></span> <span class='ocrx_word' id='word_1_22' title='bbox 3203 378 3257 431; x_wconf 94' lang='lat' dir='ltr'><strong>in</strong></span> <span class='ocrx_word' id='word_1_23' title='bbox 3316 378 3608 447; x_wconf 88' lang='lat' dir='ltr'><strong>reprobqu</strong></span> 
     </span>
    </p>
   </div>
   <div class='ocr_carea' id='block_1_6' title="bbox 363 470 1930 543">
    <p class='ocr_par' dir='ltr' id='par_1_6' title="bbox 363 470 1930 543">
     <span class='ocr_line' id='line_1_6' title="bbox 363 470 1930 543; baseline -0.001 -20"><span class='ocrx_word' id='word_1_24' title='bbox 363 472 561 524; x_wconf 87' lang='grc' dir='ltr'>έδωκεν</span> <span class='ocrx_word' id='word_1_25' title='bbox 607 473 802 534; x_wconf 82' lang='grc' dir='ltr'>αὑτοὺς</span> <span class='ocrx_word' id='word_1_26' title='bbox 871 475 948 535; x_wconf 85' lang='grc' dir='ltr'>εἰς</span> <span class='ocrx_word' id='word_1_27' title='bbox 997 472 1254 543; x_wconf 87' lang='grc' dir='ltr'>ἀδόκιμον</span> <span class='ocrx_word' id='word_1_28' title='bbox 1298 472 1458 535; x_wconf 91' lang='grc' dir='ltr'>νοῦν,</span> <span class='ocrx_word' id='word_1_29' title='bbox 1513 475 1686 524; x_wconf 79' lang='grc' dir='ltr'>ποιεῖν</span> <span class='ocrx_word' id='word_1_30' title='bbox 1737 472 1804 523; x_wconf 87' lang='grc' dir='ltr'><strong>τά</strong></span> <span class='ocrx_word' id='word_1_31' title='bbox 1857 470 1930 540; x_wconf 83' lang='grc' dir='ltr'>μὴ</span> 
     </span>
    </p>
   </div>
   <div class='ocr_carea' id='block_1_7' title="bbox 363 561 1929 635">
    <p class='ocr_par' dir='ltr' id='par_1_7' title="bbox 363 561 1929 635">
     <span class='ocr_line' id='line_1_7' title="bbox 363 561 1929 635; baseline 0.003 -21"><span class='ocrx_word' id='word_1_32' title='bbox 363 562 690 632; x_wconf 77' lang='grc' dir='ltr'>καθήκοντα,</span> <span class='ocrx_word' id='word_1_33' title='bbox 725 563 1188 633; x_wconf 82' lang='grc' dir='ltr'>πεπληρῶμένους</span> <span class='ocrx_word' id='word_1_34' title='bbox 1240 564 1388 635; x_wconf 82' lang='grc' dir='ltr'>πάσῃ</span> <span class='ocrx_word' id='word_1_35' title='bbox 1431 562 1646 633; x_wconf 72' lang='grc' dir='ltr'>ἀδικία,</span> <span class='ocrx_word' id='word_1_36' title='bbox 1685 561 1929 632; x_wconf 66' lang='grc' dir='ltr'>πορνείᾳ.</span> 
     </span>
    </p>
   </div>
   <div class='ocr_carea' id='block_1_8' title="bbox 362 653 1929 725">
    <p class='ocr_par' dir='ltr' id='par_1_8' title="bbox 362 653 1929 725">
     <span class='ocr_line' id='line_1_8' title="bbox 362 653 1929 725; baseline 0.001 -22"><span class='ocrx_word' id='word_1_37' title='bbox 362 653 616 723; x_wconf 66' lang='grc' dir='ltr'>πονηρία,</span> <span class='ocrx_word' id='word_1_38' title='bbox 653 653 954 724; x_wconf 72' lang='grc' dir='ltr'>πλεονεξίᾳ,</span> <span class='ocrx_word' id='word_1_39' title='bbox 988 654 1153 725; x_wconf 73' lang='grc' dir='ltr'>κακίᾳ.</span> <span class='ocrx_word' id='word_1_40' title='bbox 1173 673 1186 684; x_wconf 94' lang='grc'><strong>·</strong></span> <span class='ocrx_word' id='word_1_41' title='bbox 1222 654 1453 724; x_wconf 81' lang='grc' dir='ltr'>μεστοὺς</span> <span class='ocrx_word' id='word_1_42' title='bbox 1483 653 1698 722; x_wconf 83' lang='grc' dir='ltr'>φθόνου,</span> <span class='ocrx_word' id='word_1_43' title='bbox 1731 653 1891 721; x_wconf 87' lang='grc' dir='ltr'>φόνου</span> <span class='ocrx_word' id='word_1_44' title='bbox 1915 691 1929 715; x_wconf 94' lang='grc'><strong>,</strong></span> 
     </span>
    </p>
   </div>
   <div class='ocr_carea' id='block_1_9' title="bbox 364 740 1931 812">
    <p class='ocr_par' dir='ltr' id='par_1_9' title="bbox 364 740 1931 812">
     <span class='ocr_line' id='line_1_9' title="bbox 364 740 1931 812; baseline -0.001 -19"><span class='ocrx_word' id='word_1_45' title='bbox 364 741 557 810; x_wconf 72' lang='grc' dir='ltr'>ἔριδος,</span> <span class='ocrx_word' id='word_1_46' title='bbox 592 741 775 804; x_wconf 88' lang='grc' dir='ltr'>δόλου,</span> <span class='ocrx_word' id='word_1_47' title='bbox 808 741 1134 812; x_wconf 78' lang='grc' dir='ltr'>κακοηθείας</span> <span class='ocrx_word' id='word_1_48' title='bbox 1155 758 1168 771; x_wconf 89' lang='grc'><strong>·</strong></span> <span class='ocrx_word' id='word_1_49' title='bbox 1199 740 1541 811; x_wconf 76' lang='grc' dir='ltr'>ψιθυριστάς,</span> <span class='ocrx_word' id='word_1_50' title='bbox 1576 740 1931 802; x_wconf 83' lang='grc' dir='ltr'>καταλάλους,</span> 
     </span>
    </p>
   </div>
   <div class='ocr_carea' id='block_1_10' title="bbox 364 831 1935 904">
    <p class='ocr_par' dir='ltr' id='par_1_10' title="bbox 364 831 1935 904">
     <span class='ocr_line' id='line_1_10' title="bbox 364 831 1935 904; baseline -0.003 -19"><span class='ocrx_word' id='word_1_51' title='bbox 364 833 693 900; x_wconf 80' lang='grc' dir='ltr'>θεοστυγεῖς,</span> <span class='ocrx_word' id='word_1_52' title='bbox 726 832 1007 903; x_wconf 81' lang='grc' dir='ltr'>ὑϐριστάς,</span> <span class='ocrx_word' id='word_1_53' title='bbox 1032 831 1433 904; x_wconf 80' lang='grc' dir='ltr'>ὑπερηφάνους,</span> <span class='ocrx_word' id='word_1_54' title='bbox 1464 831 1747 893; x_wconf 82' lang='grc' dir='ltr'>ἀλαζόνας,</span> <span class='ocrx_word' id='word_1_55' title='bbox 1773 832 1935 899; x_wconf 77' lang='grc' dir='ltr'>ἐφευ-</span> 
     </span>
    </p>
   </div>
   <div class='ocr_carea' id='block_1_11' title="bbox 371 921 1923 993">
    <p class='ocr_par' dir='ltr' id='par_1_11' title="bbox 371 921 1923 993">
     <span class='ocr_line' id='line_1_11' title="bbox 371 921 1923 993; baseline -0.001 -18"><span class='ocrx_word' id='word_1_56' title='bbox 371 923 531 993; x_wconf 81' lang='grc' dir='ltr'>ρὲτας</span> <span class='ocrx_word' id='word_1_57' title='bbox 563 922 767 988; x_wconf 84' lang='grc' dir='ltr'>κακῶν,</span> <span class='ocrx_word' id='word_1_58' title='bbox 800 922 1048 991; x_wconf 78' lang='grc' dir='ltr'>γονεῦσιν</span> <span class='ocrx_word' id='word_1_59' title='bbox 1072 922 1335 986; x_wconf 85' lang='grc' dir='ltr'>ἀπειθεῖς,</span> <span class='ocrx_word' id='word_1_60' title='bbox 1371 923 1682 986; x_wconf 81' lang='grc' dir='ltr'>ἀσυνέτους,</span> <span class='ocrx_word' id='word_1_61' title='bbox 1709 921 1923 974; x_wconf 77' lang='grc' dir='ltr'>ἀσυνθὲ-</span> 
     </span>
    </p>
   </div>
   <div class='ocr_carea' id='block_1_12' title="bbox 365 1011 1938 1084">
    <p class='ocr_par' dir='ltr' id='par_1_12' title="bbox 365 1011 1938 1084">
     <span class='ocr_line' id='line_1_12' title="bbox 365 1011 1938 1084; baseline -0.003 -17"><span class='ocrx_word' id='word_1_62' title='bbox 365 1031 508 1078; x_wconf 83' lang='grc' dir='ltr'>τους,</span> <span class='ocrx_word' id='word_1_63' title='bbox 543 1011 862 1084; x_wconf 77' lang='grc' dir='ltr'>ἀστόργους,</span> <span class='ocrx_word' id='word_1_64' title='bbox 887 1015 1204 1079; x_wconf 78' lang='grc' dir='ltr'>ἀσπόνδους,</span> <span class='ocrx_word' id='word_1_65' title='bbox 1227 1015 1610 1084; x_wconf 89' lang='grc' dir='ltr'>ἀνελεήμονας.</span> <span class='ocrx_word' id='word_1_66' title='bbox 1641 1013 1849 1074; x_wconf 85' lang='grc' dir='ltr'>Οἵτινες</span> <span class='ocrx_word' id='word_1_67' title='bbox 1875 1011 1938 1064; x_wconf 86' lang='grc' dir='ltr'><strong>τὸ</strong></span> 
     </span>
    </p>
   </div>
   <div class='ocr_carea' id='block_1_13' title="bbox 365 1103 1938 1175">
    <p class='ocr_par' dir='ltr' id='par_1_13' title="bbox 365 1103 1938 1175">
     <span class='ocr_line' id='line_1_13' title="bbox 365 1103 1938 1175; baseline -0.001 -19"><span class='ocrx_word' id='word_1_68' title='bbox 365 1105 636 1175; x_wconf 78' lang='grc' dir='ltr'>δικαίωμα</span> <span class='ocrx_word' id='word_1_69' title='bbox 686 1105 779 1157; x_wconf 87' lang='grc' dir='ltr'><strong>τοῦ</strong></span> <span class='ocrx_word' id='word_1_70' title='bbox 814 1105 948 1158; x_wconf 86' lang='grc' dir='ltr'>Θεοῦ</span> <span class='ocrx_word' id='word_1_71' title='bbox 982 1106 1291 1173; x_wconf 78' lang='grc' dir='ltr'>ἐπιγνόντες</span> <span class='ocrx_word' id='word_1_72' title='bbox 1317 1147 1331 1168; x_wconf 93' lang='grc'><strong>,</strong></span> <span class='ocrx_word' id='word_1_73' title='bbox 1367 1107 1449 1158; x_wconf 87' lang='grc' dir='ltr'><strong>ὃτι</strong></span> <span class='ocrx_word' id='word_1_74' title='bbox 1495 1107 1545 1157; x_wconf 82' lang='grc' dir='ltr'><strong>οἱ</strong></span> <span class='ocrx_word' id='word_1_75' title='bbox 1596 1103 1666 1156; x_wconf 83' lang='grc' dir='ltr'><strong>τὰ</strong></span> <span class='ocrx_word' id='word_1_76' title='bbox 1713 1104 1938 1157; x_wconf 87' lang='grc' dir='ltr'>τοιαῦτα</span> 
     </span>
    </p>
   </div>
   <div class='ocr_carea' id='block_1_14' title="bbox 368 1189 1939 1263">
    <p class='ocr_par' dir='ltr' id='par_1_14' title="bbox 368 1189 1939 1263">
     <span class='ocr_line' id='line_1_14' title="bbox 368 1189 1939 1263; baseline -0.002 -17"><span class='ocrx_word' id='word_1_77' title='bbox 368 1194 697 1263; x_wconf 87' lang='grc' dir='ltr'>πράττοντες</span> <span class='ocrx_word' id='word_1_78' title='bbox 743 1192 882 1260; x_wconf 74' lang='grc' dir='ltr'>ἄξιοι</span> <span class='ocrx_word' id='word_1_79' title='bbox 930 1192 1160 1247; x_wconf 89' lang='grc' dir='ltr'>θανάτου</span> <span class='ocrx_word' id='word_1_80' title='bbox 1207 1194 1364 1246; x_wconf 87' lang='grc' dir='ltr'>είσίν.</span> <span class='ocrx_word' id='word_1_81' title='bbox 1404 1212 1422 1245; x_wconf 79' lang='grc' dir='ltr'><strong>ι</strong></span> <span class='ocrx_word' id='word_1_82' title='bbox 1472 1192 1635 1263; x_wconf 84' lang='grc' dir='ltr'>Ὁρᾷς</span> <span class='ocrx_word' id='word_1_83' title='bbox 1668 1192 1813 1253; x_wconf 79' lang='grc' dir='ltr'>ὅπως</span> <span class='ocrx_word' id='word_1_84' title='bbox 1841 1189 1939 1260; x_wconf 82' lang='grc' dir='ltr'>τὴν</span> 
     </span>
    </p>
   </div>
   <div class='ocr_carea' id='block_1_15' title="bbox 369 1281 1940 1356">
    <p class='ocr_par' dir='ltr' id='par_1_15' title="bbox 369 1281 1940 1356">
     <span class='ocr_line' id='line_1_15' title="bbox 369 1281 1940 1356; baseline -0.003 -20"><span class='ocrx_word' id='word_1_85' title='bbox 369 1284 696 1355; x_wconf 82' lang='grc' dir='ltr'>κακοήθειαν</span> <span class='ocrx_word' id='word_1_86' title='bbox 729 1285 823 1338; x_wconf 77' lang='grc' dir='ltr'>καὶ</span> <span class='ocrx_word' id='word_1_87' title='bbox 854 1284 953 1356; x_wconf 83' lang='grc' dir='ltr'>τὴν</span> <span class='ocrx_word' id='word_1_88' title='bbox 984 1284 1360 1355; x_wconf 81' lang='grc' dir='ltr'>ὑπερηφανίαν</span> <span class='ocrx_word' id='word_1_89' title='bbox 1392 1284 1486 1336; x_wconf 77' lang='grc' dir='ltr'>καὶ</span> <span class='ocrx_word' id='word_1_90' title='bbox 1532 1282 1621 1335; x_wconf 81' lang='grc' dir='ltr'><strong>τὸν</strong></span> <span class='ocrx_word' id='word_1_91' title='bbox 1663 1282 1813 1335; x_wconf 90' lang='grc' dir='ltr'>δόλον</span> <span class='ocrx_word' id='word_1_92' title='bbox 1846 1281 1940 1333; x_wconf 76' lang='grc' dir='ltr'><strong>καὶ</strong></span> 
     </span>
    </p>
   </div>
   <div class='ocr_carea' id='block_1_16' title="bbox 368 1370 1944 1445">
    <p class='ocr_par' dir='ltr' id='par_1_16' title="bbox 368 1370 1944 1445">
     <span class='ocr_line' id='line_1_16' title="bbox 368 1370 1944 1445; baseline -0.004 -18"><span class='ocrx_word' id='word_1_93' title='bbox 368 1375 440 1427; x_wconf 78' lang='grc' dir='ltr'>τὰ</span> <span class='ocrx_word' id='word_1_94' title='bbox 471 1375 630 1428; x_wconf 84' lang='grc' dir='ltr'>λοιπά</span> <span class='ocrx_word' id='word_1_95' title='bbox 659 1374 766 1427; x_wconf 88' lang='grc' dir='ltr'><strong>τῶν</strong></span> <span class='ocrx_word' id='word_1_96' title='bbox 812 1375 1089 1445; x_wconf 88' lang='grc' dir='ltr'>κρυπτῶν,</span> <span class='ocrx_word' id='word_1_97' title='bbox 1141 1375 1218 1445; x_wconf 83' lang='grc' dir='ltr'>τῷ</span> <span class='ocrx_word' id='word_1_98' title='bbox 1250 1375 1395 1444; x_wconf 85' lang='grc' dir='ltr'>φόνῳ</span> <span class='ocrx_word' id='word_1_99' title='bbox 1435 1374 1526 1426; x_wconf 70' lang='grc' dir='ltr'><strong>καὶ</strong></span> <span class='ocrx_word' id='word_1_100' title='bbox 1560 1376 1627 1443; x_wconf 82' lang='grc' dir='ltr'>τῇ</span> <span class='ocrx_word' id='word_1_101' title='bbox 1662 1370 1944 1440; x_wconf 77' lang='grc' dir='ltr'>πλεονεξίᾳ</span> 
     </span>
    </p>
   </div>
   <div class='ocr_carea' id='block_1_17' title="bbox 371 1464 1944 1530">
    <p class='ocr_par' dir='ltr' id='par_1_17' title="bbox 371 1464 1944 1530">
     <span class='ocr_line' id='line_1_17' title="bbox 371 1464 1944 1530; baseline -0.004 -11"><span class='ocrx_word' id='word_1_102' title='bbox 371 1467 463 1522; x_wconf 72' lang='grc' dir='ltr'>καὶ</span> <span class='ocrx_word' id='word_1_103' title='bbox 494 1469 605 1530; x_wconf 90' lang='grc' dir='ltr'>τοῖς</span> <span class='ocrx_word' id='word_1_104' title='bbox 627 1466 887 1529; x_wconf 85' lang='grc' dir='ltr'>τοιούτοις</span> <span class='ocrx_word' id='word_1_105' title='bbox 925 1468 1059 1519; x_wconf 83' lang='grc' dir='ltr'>πᾶσι</span> <span class='ocrx_word' id='word_1_106' title='bbox 1088 1464 1393 1529; x_wconf 79' lang='grc' dir='ltr'>συνέταξεν.</span> <span class='ocrx_word' id='word_1_107' title='bbox 1436 1465 1590 1518; x_wconf 76' lang='grc' dir='ltr'>Οὕτω</span> <span class='ocrx_word' id='word_1_108' title='bbox 1617 1464 1672 1517; x_wconf 85' lang='grc' dir='ltr'>δέ</span> <span class='ocrx_word' id='word_1_109' title='bbox 1706 1464 1819 1515; x_wconf 80' lang='grc' dir='ltr'>ἐστι</span> <span class='ocrx_word' id='word_1_110' title='bbox 1849 1478 1944 1513; x_wconf 90' lang='grc' dir='ltr'>πο-</span> 
     </span>
    </p>
   </div>
   <div class='ocr_carea' id='block_1_18' title="bbox 374 1552 1943 1629">
    <p class='ocr_par' dir='ltr' id='par_1_18' title="bbox 374 1552 1943 1629">
     <span class='ocr_line' id='line_1_18' title="bbox 374 1552 1943 1629; baseline -0.004 -18"><span class='ocrx_word' id='word_1_111' title='bbox 374 1559 512 1629; x_wconf 87' lang='grc' dir='ltr'><strong>νηρά</strong></span> <span class='ocrx_word' id='word_1_112' title='bbox 567 1559 660 1612; x_wconf 65' lang='grc' dir='ltr'>καλ.</span> <span class='ocrx_word' id='word_1_113' title='bbox 701 1558 928 1611; x_wconf 81' lang='grc' dir='ltr'>δυσίατα</span> <span class='ocrx_word' id='word_1_114' title='bbox 979 1558 1051 1611; x_wconf 86' lang='grc' dir='ltr'>τὰ</span> <span class='ocrx_word' id='word_1_115' title='bbox 1102 1560 1221 1621; x_wconf 85' lang='grc' dir='ltr'>ταῖς</span> <span class='ocrx_word' id='word_1_116' title='bbox 1272 1558 1471 1627; x_wconf 81' lang='grc' dir='ltr'>ψυχαῖς</span> <span class='ocrx_word' id='word_1_117' title='bbox 1518 1552 1943 1627; x_wconf 81' lang='grc' dir='ltr'>ὲγκεκρυμμένα</span> 
     </span>
    </p>
   </div>
   <div class='ocr_carea' id='block_1_19' title="bbox 371 1644 1946 1721">
    <p class='ocr_par' dir='ltr' id='par_1_19' title="bbox 371 1644 1946 1721">
     <span class='ocr_line' id='line_1_19' title="bbox 371 1644 1946 1721; baseline -0.005 -17"><span class='ocrx_word' id='word_1_118' title='bbox 371 1651 517 1705; x_wconf 83' lang='grc' dir='ltr'><strong>κακά</strong></span> <span class='ocrx_word' id='word_1_119' title='bbox 541 1690 556 1715; x_wconf 90' lang='grc'><strong>,</strong></span> <span class='ocrx_word' id='word_1_120' title='bbox 592 1649 732 1703; x_wconf 83' lang='grc' dir='ltr'>ὥστε</span> <span class='ocrx_word' id='word_1_121' title='bbox 762 1650 835 1721; x_wconf 82' lang='grc' dir='ltr'>μὴ</span> <span class='ocrx_word' id='word_1_122' title='bbox 861 1650 1090 1703; x_wconf 82' lang='grc' dir='ltr'>δυνατὸν</span> <span class='ocrx_word' id='word_1_123' title='bbox 1118 1644 1257 1702; x_wconf 77' lang='grc' dir='ltr'>εἶναι</span> <span class='ocrx_word' id='word_1_124' title='bbox 1294 1648 1382 1702; x_wconf 83' lang='grc' dir='ltr'>διὰ</span> <span class='ocrx_word' id='word_1_125' title='bbox 1416 1647 1581 1718; x_wconf 87' lang='grc' dir='ltr'>μόνης</span> <span class='ocrx_word' id='word_1_126' title='bbox 1616 1646 1713 1717; x_wconf 74' lang='grc' dir='ltr'>τῆς</span> <span class='ocrx_word' id='word_1_127' title='bbox 1737 1644 1946 1716; x_wconf 85' lang='grc' dir='ltr'>ἀνθρω-</span> 
     </span>
    </p>
   </div>
   <div class='ocr_carea' id='block_1_20' title="bbox 2038 468 3613 540">
    <p class='ocr_par' dir='ltr' id='par_1_20' title="bbox 2038 468 3613 540">
     <span class='ocr_line' id='line_1_20' title="bbox 2038 468 3613 540; baseline -0.001 -16"><span class='ocrx_word' id='word_1_128' title='bbox 2038 484 2283 533; x_wconf 85' lang='lat' dir='ltr'><strong>sensum,</strong></span> <span class='ocrx_word' id='word_1_129' title='bbox 2315 480 2377 523; x_wconf 89' lang='lat' dir='ltr'><strong>ut</strong></span> <span class='ocrx_word' id='word_1_130' title='bbox 2405 468 2607 523; x_wconf 92' lang='lat' dir='ltr'><strong>faciant</strong></span> <span class='ocrx_word' id='word_1_131' title='bbox 2637 484 2699 524; x_wconf 88' lang='lat' dir='ltr'><strong>ea</strong></span> <span class='ocrx_word' id='word_1_132' title='bbox 2729 484 2852 538; x_wconf 62' lang='lat' dir='ltr'><strong>quae</strong></span> <span class='ocrx_word' id='word_1_133' title='bbox 2884 483 2993 521; x_wconf 94' lang='lat' dir='ltr'><strong>non</strong></span> <span class='ocrx_word' id='word_1_134' title='bbox 3030 469 3391 534; x_wconf 85' lang='lat' dir='ltr'><strong>conveniunt,</strong></span> <span class='ocrx_word' id='word_1_135' title='bbox 3436 469 3613 540; x_wconf 80' lang='lat' dir='ltr'><strong>reple-</strong></span> 
     </span>
    </p>
   </div>
   <div class='ocr_carea' id='block_1_21' title="bbox 2040 560 3609 629">
    <p class='ocr_par' dir='ltr' id='par_1_21' title="bbox 2040 560 3609 629">
     <span class='ocr_line' id='line_1_21' title="bbox 2040 560 3609 629; baseline 0.001 -16"><span class='ocrx_word' id='word_1_136' title='bbox 2040 570 2124 613; x_wconf 91' lang='lat' dir='ltr'><strong>tos</strong></span> <span class='ocrx_word' id='word_1_137' title='bbox 2152 562 2300 613; x_wconf 90' lang='lat' dir='ltr'><strong>omni</strong></span> <span class='ocrx_word' id='word_1_138' title='bbox 2334 561 2644 629; x_wconf 75' lang='lat' dir='ltr'><strong>iniquitate,</strong></span> <span class='ocrx_word' id='word_1_139' title='bbox 2678 561 2905 623; x_wconf 82' lang='lat' dir='ltr'><strong>malitia,</strong></span> <span class='ocrx_word' id='word_1_140' title='bbox 2935 560 3321 625; x_wconf 73' lang='lat' dir='ltr'><strong>fornicatione,</strong></span> <span class='ocrx_word' id='word_1_141' title='bbox 3357 562 3609 624; x_wconf 89' lang='lat' dir='ltr'><strong>avaritia,</strong></span> 
     </span>
    </p>
   </div>
   <div class='ocr_carea' id='block_1_22' title="bbox 2040 650 3611 720">
    <p class='ocr_par' dir='ltr' id='par_1_22' title="bbox 2040 650 3611 720">
     <span class='ocr_line' id='line_1_22' title="bbox 2040 650 3611 720; baseline 0.001 -18"><span class='ocrx_word' id='word_1_142' title='bbox 2040 651 2322 719; x_wconf 91' lang='lat' dir='ltr'><strong>nequitia;</strong></span> <span class='ocrx_word' id='word_1_143' title='bbox 2352 651 2543 720; x_wconf 90' lang='lat' dir='ltr'><strong>plenos</strong></span> <span class='ocrx_word' id='word_1_144' title='bbox 2575 650 2798 716; x_wconf 81' lang='lat' dir='ltr'><strong>invidia,</strong></span> <span class='ocrx_word' id='word_1_145' title='bbox 2861 650 3181 717; x_wconf 89' lang='lat' dir='ltr'><strong>homicidio,</strong></span> <span class='ocrx_word' id='word_1_146' title='bbox 3239 651 3611 714; x_wconf 79' lang='lat' dir='ltr'><strong>contentione,</strong></span> 
     </span>
    </p>
   </div>
   <div class='ocr_carea' id='block_1_23' title="bbox 2040 740 3616 810">
    <p class='ocr_par' dir='ltr' id='par_1_23' title="bbox 2040 740 3616 810">
     <span class='ocr_line' id='line_1_23' title="bbox 2040 740 3616 810; baseline 0.001 -17"><span class='ocrx_word' id='word_1_147' title='bbox 2040 741 2187 806; x_wconf 88' lang='lat' dir='ltr'><strong>dolo,</strong></span> <span class='ocrx_word' id='word_1_148' title='bbox 2231 742 2611 810; x_wconf 80' lang='lat' dir='ltr'><strong>malignitate;</strong></span> <span class='ocrx_word' id='word_1_149' title='bbox 2667 756 3018 807; x_wconf 84' lang='lat' dir='ltr'><strong>susurrones,</strong></span> <span class='ocrx_word' id='word_1_150' title='bbox 3078 742 3440 807; x_wconf 89' lang='lat' dir='ltr'><strong>detractorcs,</strong></span> <span class='ocrx_word' id='word_1_151' title='bbox 3505 740 3616 796; x_wconf 91' lang='lat' dir='ltr'><strong>Deo</strong></span> 
     </span>
    </p>
   </div>
   <div class='ocr_carea' id='block_1_24' title="bbox 2041 832 3617 900">
    <p class='ocr_par' dir='ltr' id='par_1_24' title="bbox 2041 832 3617 900">
     <span class='ocr_line' id='line_1_24' title="bbox 2041 832 3617 900; baseline -0.001 -15"><span class='ocrx_word' id='word_1_152' title='bbox 2041 832 2293 895; x_wconf 87' lang='lat' dir='ltr'><strong>odibiles,</strong></span> <span class='ocrx_word' id='word_1_153' title='bbox 2331 833 2784 895; x_wconf 67' lang='lat' dir='ltr'><strong>contumeliosos,</strong></span> <span class='ocrx_word' id='word_1_154' title='bbox 2818 832 3104 900; x_wconf 84' lang='lat' dir='ltr'><strong>superbos,</strong></span> <span class='ocrx_word' id='word_1_155' title='bbox 3144 833 3338 897; x_wconf 89' lang='lat' dir='ltr'><strong>elatos,</strong></span> <span class='ocrx_word' id='word_1_156' title='bbox 3365 833 3617 886; x_wconf 89' lang='lat' dir='ltr'><strong>invento-</strong></span> 
     </span>
    </p>
   </div>
   <div class='ocr_carea' id='block_1_25' title="bbox 2042 920 3618 990">
    <p class='ocr_par' dir='ltr' id='par_1_25' title="bbox 2042 920 3618 990">
     <span class='ocr_line' id='line_1_25' title="bbox 2042 920 3618 990; baseline 0 -17"><span class='ocrx_word' id='word_1_157' title='bbox 2042 936 2132 976; x_wconf 87' lang='lat' dir='ltr'><strong>res</strong></span> <span class='ocrx_word' id='word_1_158' title='bbox 2165 924 2454 987; x_wconf 89' lang='lat' dir='ltr'><strong>malorum,</strong></span> <span class='ocrx_word' id='word_1_159' title='bbox 2487 922 2809 990; x_wconf 86' lang='lat' dir='ltr'><strong>parentibus</strong></span> <span class='ocrx_word' id='word_1_160' title='bbox 2834 936 2940 973; x_wconf 90' lang='lat' dir='ltr'><strong>non</strong></span> <span class='ocrx_word' id='word_1_161' title='bbox 2977 920 3318 981; x_wconf 89' lang='lat' dir='ltr'><strong>obedientes,</strong></span> <span class='ocrx_word' id='word_1_162' title='bbox 3350 920 3618 990; x_wconf 90' lang='lat' dir='ltr'><strong>insipien-</strong></span> 
     </span>
    </p>
   </div>
   <div class='ocr_carea' id='block_1_26' title="bbox 2043 1011 3615 1082">
    <p class='ocr_par' dir='ltr' id='par_1_26' title="bbox 2043 1011 3615 1082">
     <span class='ocr_line' id='line_1_26' title="bbox 2043 1011 3615 1082; baseline -0.001 -15"><span class='ocrx_word' id='word_1_163' title='bbox 2043 1023 2148 1077; x_wconf 90' lang='lat' dir='ltr'><strong>tes,</strong></span> <span class='ocrx_word' id='word_1_164' title='bbox 2192 1013 2609 1082; x_wconf 86' lang='lat' dir='ltr'><strong>incompositos,</strong></span> <span class='ocrx_word' id='word_1_165' title='bbox 2649 1013 2769 1067; x_wconf 87' lang='lat' dir='ltr'><strong>sine</strong></span> <span class='ocrx_word' id='word_1_166' title='bbox 2798 1011 3106 1075; x_wconf 68' lang='lat' dir='ltr'><strong>adectione,</strong></span> <span class='ocrx_word' id='word_1_167' title='bbox 3144 1013 3352 1081; x_wconf 86' lang='lat' dir='ltr'><strong>absque</strong></span> <span class='ocrx_word' id='word_1_168' title='bbox 3388 1012 3615 1076; x_wconf 57' lang='lat' dir='ltr'><strong>foedere,</strong></span> 
     </span>
    </p>
   </div>
   <div class='ocr_carea' id='block_1_27' title="bbox 2042 1102 3621 1179">
    <p class='ocr_par' dir='ltr' id='par_1_27' title="bbox 2042 1102 3621 1179">
     <span class='ocr_line' id='line_1_27' title="bbox 2042 1102 3621 1179; baseline -0.003 -21"><span class='ocrx_word' id='word_1_169' title='bbox 2042 1103 2162 1158; x_wconf 86' lang='lat' dir='ltr'><strong>sine</strong></span> <span class='ocrx_word' id='word_1_170' title='bbox 2215 1102 2616 1157; x_wconf 85' lang='lat' dir='ltr'><strong>misericordia.</strong></span> <span class='ocrx_word' id='word_1_171' title='bbox 2663 1102 2769 1168; x_wconf 85' lang='lat' dir='ltr'><strong>Qui</strong></span> <span class='ocrx_word' id='word_1_172' title='bbox 2824 1117 2947 1157; x_wconf 94' lang='lat' dir='ltr'><strong>cum</strong></span> <span class='ocrx_word' id='word_1_173' title='bbox 2978 1104 3245 1179; x_wconf 54' lang='lat' dir='ltr'><strong>justitiqm</strong></span> <span class='ocrx_word' id='word_1_174' title='bbox 3290 1103 3382 1157; x_wconf 90' lang='lat' dir='ltr'><strong>Dei</strong></span> <span class='ocrx_word' id='word_1_175' title='bbox 3416 1118 3621 1172; x_wconf 83' lang='lat' dir='ltr'><strong>cogno-</strong></span> 
     </span>
    </p>
   </div>
   <div class='ocr_carea' id='block_1_28' title="bbox 2048 1191 3619 1261">
    <p class='ocr_par' dir='ltr' id='par_1_28' title="bbox 2048 1191 3619 1261">
     <span class='ocr_line' id='line_1_28' title="bbox 2048 1191 3619 1261; baseline 0.001 -19"><span class='ocrx_word' id='word_1_176' title='bbox 2048 1192 2273 1256; x_wconf 90' lang='lat' dir='ltr'><strong>vissent,</strong></span> <span class='ocrx_word' id='word_1_177' title='bbox 2302 1206 2409 1244; x_wconf 89' lang='lat' dir='ltr'><strong>non</strong></span> <span class='ocrx_word' id='word_1_178' title='bbox 2436 1191 2848 1254; x_wconf 80' lang='lat' dir='ltr'><strong>intellexerunt,</strong></span> <span class='ocrx_word' id='word_1_179' title='bbox 2871 1192 3131 1259; x_wconf 89' lang='lat' dir='ltr'><strong>quoniam</strong></span> <span class='ocrx_word' id='word_1_180' title='bbox 3159 1191 3252 1259; x_wconf 88' lang='lat' dir='ltr'><strong>qui</strong></span> <span class='ocrx_word' id='word_1_181' title='bbox 3276 1192 3399 1244; x_wconf 88' lang='lat' dir='ltr'><strong>talia</strong></span> <span class='ocrx_word' id='word_1_182' title='bbox 3427 1200 3619 1261; x_wconf 86' lang='lat' dir='ltr'><strong>agunt,</strong></span> 
     </span>
    </p>
   </div>
   <div class='ocr_carea' id='block_1_29' title="bbox 2048 1280 3620 1353">
    <p class='ocr_par' dir='ltr' id='par_1_29' title="bbox 2048 1280 3620 1353">
     <span class='ocr_line' id='line_1_29' title="bbox 2048 1280 3620 1353; baseline -0.001 -18"><span class='ocrx_word' id='word_1_183' title='bbox 2048 1290 2223 1336; x_wconf 87' lang='lat' dir='ltr'><strong>morte</strong></span> <span class='ocrx_word' id='word_1_184' title='bbox 2254 1284 2400 1352; x_wconf 88' lang='lat' dir='ltr'><strong>digni</strong></span> <span class='ocrx_word' id='word_1_185' title='bbox 2446 1288 2575 1337; x_wconf 87' lang='lat' dir='ltr'><strong>sunt</strong></span> <span class='ocrx_word' id='word_1_186' title='bbox 2600 1281 2664 1335; x_wconf 75' lang='grc'><strong>⁸⁸.</strong></span> <span class='ocrx_word' id='word_1_187' title='bbox 2702 1301 2719 1333; x_wconf 86' lang='grc' dir='ltr'><strong>ι</strong></span> <span class='ocrx_word' id='word_1_188' title='bbox 2776 1280 2942 1336; x_wconf 75' lang='lat' dir='ltr'><strong>Vides</strong></span> <span class='ocrx_word' id='word_1_189' title='bbox 2973 1289 3033 1335; x_wconf 90' lang='lat' dir='ltr'><strong>ut</strong></span> <span class='ocrx_word' id='word_1_190' title='bbox 3088 1283 3504 1353; x_wconf 89' lang='lat' dir='ltr'><strong>malignitatem,</strong></span> <span class='ocrx_word' id='word_1_191' title='bbox 3565 1289 3620 1335; x_wconf 91' lang='lat' dir='ltr'><strong>et</strong></span> 
     </span>
    </p>
   </div>
   <div class='ocr_carea' id='block_1_30' title="bbox 2049 1372 3617 1443">
    <p class='ocr_par' dir='ltr' id='par_1_30' title="bbox 2049 1372 3617 1443">
     <span class='ocr_line' id='line_1_30' title="bbox 2049 1372 3617 1443; baseline -0.003 -16"><span class='ocrx_word' id='word_1_192' title='bbox 2049 1374 2391 1443; x_wconf 86' lang='lat' dir='ltr'><strong>superbiam,</strong></span> <span class='ocrx_word' id='word_1_193' title='bbox 2421 1381 2476 1427; x_wconf 92' lang='lat' dir='ltr'><strong>et</strong></span> <span class='ocrx_word' id='word_1_194' title='bbox 2511 1372 2758 1426; x_wconf 90' lang='lat' dir='ltr'><strong>fraudem</strong></span> <span class='ocrx_word' id='word_1_195' title='bbox 2787 1380 2842 1426; x_wconf 87' lang='lat' dir='ltr'><strong>et</strong></span> <span class='ocrx_word' id='word_1_196' title='bbox 2866 1380 3061 1426; x_wconf 74' lang='lat' dir='ltr'><strong>caetera</strong></span> <span class='ocrx_word' id='word_1_197' title='bbox 3086 1374 3301 1427; x_wconf 89' lang='lat' dir='ltr'><strong>occulta</strong></span> <span class='ocrx_word' id='word_1_198' title='bbox 3330 1373 3460 1426; x_wconf 87' lang='lat' dir='ltr'><strong>vitia</strong></span> <span class='ocrx_word' id='word_1_199' title='bbox 3484 1372 3617 1425; x_wconf 64' lang='lat' dir='ltr'><strong>caadi</strong></span> 
     </span>
    </p>
   </div>
   <div class='ocr_carea' id='block_1_31' title="bbox 2048 1460 3624 1531">
    <p class='ocr_par' dir='ltr' id='par_1_31' title="bbox 2048 1460 3624 1531">
     <span class='ocr_line' id='line_1_31' title="bbox 2048 1460 3624 1531; baseline -0.001 -15"><span class='ocrx_word' id='word_1_200' title='bbox 2048 1471 2102 1517; x_wconf 91' lang='lat' dir='ltr'><strong>et</strong></span> <span class='ocrx_word' id='word_1_201' title='bbox 2131 1462 2396 1528; x_wconf 61' lang='lat' dir='ltr'><strong>avaritiae,</strong></span> <span class='ocrx_word' id='word_1_202' title='bbox 2430 1470 2595 1531; x_wconf 90' lang='lat' dir='ltr'><strong>atque</strong></span> <span class='ocrx_word' id='word_1_203' title='bbox 2627 1460 2897 1528; x_wconf 86' lang='lat' dir='ltr'><strong>ejusmodi</strong></span> <span class='ocrx_word' id='word_1_204' title='bbox 2936 1462 3096 1515; x_wconf 85' lang='lat' dir='ltr'><strong>malis</strong></span> <span class='ocrx_word' id='word_1_205' title='bbox 3137 1463 3395 1515; x_wconf 87' lang='lat' dir='ltr'><strong>omnibus</strong></span> <span class='ocrx_word' id='word_1_206' title='bbox 3424 1460 3624 1525; x_wconf 68' lang='lat' dir='ltr'><strong>adium</strong></span> 
     </span>
    </p>
   </div>
   <div class='ocr_carea' id='block_1_32' title="bbox 2051 1545 3624 1623">
    <p class='ocr_par' dir='ltr' id='par_1_32' title="bbox 2051 1545 3624 1623">
     <span class='ocr_line' id='line_1_32' title="bbox 2051 1545 3624 1623; baseline -0.001 -16"><span class='ocrx_word' id='word_1_207' title='bbox 2051 1552 2240 1607; x_wconf 77' lang='lat' dir='ltr'><strong>xerit?</strong></span> <span class='ocrx_word' id='word_1_208' title='bbox 2274 1553 2353 1606; x_wconf 89' lang='lat' dir='ltr'><strong>lta</strong></span> <span class='ocrx_word' id='word_1_209' title='bbox 2380 1568 2545 1623; x_wconf 91' lang='lat' dir='ltr'><strong>porro</strong></span> <span class='ocrx_word' id='word_1_210' title='bbox 2576 1567 2845 1621; x_wconf 71' lang='lat' dir='ltr'><strong>perversa:</strong></span> <span class='ocrx_word' id='word_1_211' title='bbox 2884 1561 2939 1606; x_wconf 88' lang='lat' dir='ltr'><strong>et</strong></span> <span class='ocrx_word' id='word_1_212' title='bbox 2983 1564 3179 1607; x_wconf 89' lang='lat' dir='ltr'><strong>sanatu</strong></span> <span class='ocrx_word' id='word_1_213' title='bbox 3215 1552 3462 1607; x_wconf 87' lang='lat' dir='ltr'><strong>dillicilcs</strong></span> <span class='ocrx_word' id='word_1_214' title='bbox 3494 1545 3624 1607; x_wconf 65' lang='lat' dir='ltr'><strong>sdnt</strong></span> 
     </span>
    </p>
   </div>
   <div class='ocr_carea' id='block_1_33' title="bbox 2057 1641 3624 1708">
    <p class='ocr_par' dir='ltr' id='par_1_33' title="bbox 2057 1641 3624 1708">
     <span class='ocr_line' id='line_1_33' title="bbox 2057 1641 3624 1708; baseline -0.001 -11"><span class='ocrx_word' id='word_1_215' title='bbox 2057 1643 2256 1697; x_wconf 90' lang='lat' dir='ltr'><strong>animis</strong></span> <span class='ocrx_word' id='word_1_216' title='bbox 2287 1643 2625 1697; x_wconf 70' lang='lat' dir='ltr'><strong>absconditae</strong></span> <span class='ocrx_word' id='word_1_217' title='bbox 2659 1643 2832 1708; x_wconf 86' lang='lat' dir='ltr'><strong>labes,</strong></span> <span class='ocrx_word' id='word_1_218' title='bbox 2871 1650 2928 1696; x_wconf 92' lang='lat' dir='ltr'><strong>ut</strong></span> <span class='ocrx_word' id='word_1_219' title='bbox 2955 1641 3111 1698; x_wconf 80' lang='lat' dir='ltr'><strong>nefas</strong></span> <span class='ocrx_word' id='word_1_220' title='bbox 3133 1644 3204 1698; x_wconf 90' lang='lat' dir='ltr'><strong>sit</strong></span> <span class='ocrx_word' id='word_1_221' title='bbox 3230 1644 3349 1698; x_wconf 90' lang='lat' dir='ltr'><strong>solo</strong></span> <span class='ocrx_word' id='word_1_222' title='bbox 3385 1643 3624 1698; x_wconf 82' lang='lat' dir='ltr'><strong>humano</strong></span> 
     </span>
    </p>
   </div>
   <div class='ocr_carea' id='block_1_34' title="bbox 372 1732 1964 1812">
    <p class='ocr_par' dir='ltr' id='par_1_34' title="bbox 372 1735 1947 1812">
     <span class='ocr_line' id='line_1_34' title="bbox 372 1735 1947 1812; baseline -0.004 -19"><span class='ocrx_word' id='word_1_223' title='bbox 372 1742 535 1812; x_wconf 88' lang='grc' dir='ltr'>πίνης</span> <span class='ocrx_word' id='word_1_224' title='bbox 568 1741 803 1810; x_wconf 77' lang='grc' dir='ltr'>σπουδῆς</span> <span class='ocrx_word' id='word_1_225' title='bbox 837 1741 931 1794; x_wconf 82' lang='grc' dir='ltr'>καὶ</span> <span class='ocrx_word' id='word_1_226' title='bbox 967 1740 1165 1811; x_wconf 83' lang='grc' dir='ltr'>ἀρετῆς</span> <span class='ocrx_word' id='word_1_227' title='bbox 1200 1738 1460 1810; x_wconf 76' lang='grc' dir='ltr'>ἐκτρῖψαι</span> <span class='ocrx_word' id='word_1_228' title='bbox 1500 1737 1593 1790; x_wconf 76' lang='grc' dir='ltr'><strong>καὶ</strong></span> <span class='ocrx_word' id='word_1_229' title='bbox 1627 1736 1858 1799; x_wconf 86' lang='grc' dir='ltr'>ἀνελεῖν,</span> <span class='ocrx_word' id='word_1_230' title='bbox 1898 1735 1947 1787; x_wconf 81' lang='grc' dir='ltr'><strong>εί</strong></span> 
     </span>
    </p>
   </div>
   <div class='ocr_carea' id='block_1_35' title="bbox 2071 1732 3625 1812">
    <p class='ocr_par' dir='ltr' id='par_1_35' title="bbox 2071 1732 3625 1803">
     <span class='ocr_line' id='line_1_35' title="bbox 2071 1732 3625 1803; baseline -0.001 -15"><span class='ocrx_word' id='word_1_231' title='bbox 2071 1732 2238 1788; x_wconf 70' lang='lat' dir='ltr'><strong>studio</strong></span> <span class='ocrx_word' id='word_1_232' title='bbox 2266 1746 2329 1787; x_wconf 88' lang='lat' dir='ltr'><strong>ac</strong></span> <span class='ocrx_word' id='word_1_233' title='bbox 2363 1734 2567 1787; x_wconf 87' lang='lat' dir='ltr'><strong>virtute</strong></span> <span class='ocrx_word' id='word_1_234' title='bbox 2588 1732 2761 1793; x_wconf 86' lang='lat' dir='ltr'><strong>deteri</strong></span> <span class='ocrx_word' id='word_1_235' title='bbox 2794 1741 2959 1802; x_wconf 89' lang='lat' dir='ltr'><strong>atque</strong></span> <span class='ocrx_word' id='word_1_236' title='bbox 3024 1733 3211 1797; x_wconf 79' lang='lat' dir='ltr'><strong>eximi,</strong></span> <span class='ocrx_word' id='word_1_237' title='bbox 3267 1733 3374 1789; x_wconf 90' lang='lat' dir='ltr'><strong>nisi</strong></span> <span class='ocrx_word' id='word_1_238' title='bbox 3423 1737 3468 1788; x_wconf 88' lang='lat' dir='ltr'><strong>si</strong></span> <span class='ocrx_word' id='word_1_239' title='bbox 3501 1738 3625 1803; x_wconf 90' lang='lat' dir='ltr'><strong>quis</strong></span> 
     </span>
    </p>
   </div>
   <div class='ocr_carea' id='block_1_36' title="bbox 378 1827 1948 1902">
    <p class='ocr_par' dir='ltr' id='par_1_36' title="bbox 378 1827 1948 1902">
     <span class='ocr_line' id='line_1_36' title="bbox 378 1827 1948 1902; baseline -0.013 -15"><span class='ocrx_word' id='word_1_240' title='bbox 378 1834 451 1902; x_wconf 85' lang='grc' dir='ltr'><strong>μή</strong></span> <span class='ocrx_word' id='word_1_241' title='bbox 485 1849 565 1895; x_wconf 87' lang='grc' dir='ltr'><strong>τις</strong></span> <span class='ocrx_word' id='word_1_242' title='bbox 596 1832 694 1901; x_wconf 81' lang='grc' dir='ltr'>τὴν</span> <span class='ocrx_word' id='word_1_243' title='bbox 719 1829 814 1883; x_wconf 86' lang='grc' dir='ltr'><strong>τοῦ</strong></span> <span class='ocrx_word' id='word_1_244' title='bbox 852 1830 1162 1901; x_wconf 86' lang='grc' dir='ltr'>Πνεύματος</span> <span class='ocrx_word' id='word_1_245' title='bbox 1196 1830 1422 1901; x_wconf 84' lang='grc' dir='ltr'>δύναμιν</span> <span class='ocrx_word' id='word_1_246' title='bbox 1451 1827 1736 1899; x_wconf 84' lang='grc' dir='ltr'>σύμμαχον</span> <span class='ocrx_word' id='word_1_247' title='bbox 1779 1843 1948 1897; x_wconf 83' lang='grc' dir='ltr'>προσ..</span> 
     </span>
    </p>
   </div>
   <div class='ocr_carea' id='block_1_37' title="bbox 374 1918 1951 1996">
    <p class='ocr_par' dir='ltr' id='par_1_37' title="bbox 374 1918 1951 1996">
     <span class='ocr_line' id='line_1_37' title="bbox 374 1918 1951 1996; baseline -0.004 -21"><span class='ocrx_word' id='word_1_248' title='bbox 374 1923 535 1996; x_wconf 80' lang='grc' dir='ltr'>λάϐῃ.</span> <span class='ocrx_word' id='word_1_249' title='bbox 588 1922 678 1974; x_wconf 84' lang='grc' dir='ltr'>Διὸ</span> <span class='ocrx_word' id='word_1_250' title='bbox 707 1922 800 1977; x_wconf 78' lang='grc' dir='ltr'><strong>καὶ</strong></span> <span class='ocrx_word' id='word_1_251' title='bbox 837 1923 866 1975; x_wconf 91' lang='lat'><strong>6</strong></span> <span class='ocrx_word' id='word_1_252' title='bbox 914 1922 1077 1975; x_wconf 79' lang='grc' dir='ltr'>Δαϐίδ</span> <span class='ocrx_word' id='word_1_253' title='bbox 1109 1936 1293 1992; x_wconf 86' lang='grc' dir='ltr'>φησιν·</span> <span class='ocrx_word' id='word_1_254' title='bbox 1332 1939 1351 1972; x_wconf 78' lang='grc' dir='ltr'><strong>ι</strong></span> <span class='ocrx_word' id='word_1_255' title='bbox 1424 1921 1519 1973; x_wconf 85' lang='grc' dir='ltr'>Ἐκ</span> <span class='ocrx_word' id='word_1_256' title='bbox 1559 1918 1666 1972; x_wconf 88' lang='grc' dir='ltr'><strong>τῶν</strong></span> <span class='ocrx_word' id='word_1_257' title='bbox 1710 1918 1951 1989; x_wconf 82' lang='grc' dir='ltr'>κρυφίων</span> 
     </span>
    </p>
   </div>
   <div class='ocr_carea' id='block_1_38' title="bbox 381 2008 1952 2085">
    <p class='ocr_par' dir='ltr' id='par_1_38' title="bbox 381 2008 1952 2085">
     <span class='ocr_line' id='line_1_38' title="bbox 381 2008 1952 2085; baseline -0.003 -19"><span class='ocrx_word' id='word_1_258' title='bbox 381 2032 483 2085; x_wconf 82' lang='grc' dir='ltr'><strong>μου</strong></span> <span class='ocrx_word' id='word_1_259' title='bbox 513 2013 807 2085; x_wconf 87' lang='grc' dir='ltr'>καθάρισόν</span> <span class='ocrx_word' id='word_1_260' title='bbox 840 2031 926 2082; x_wconf 89' lang='grc' dir='ltr'><strong>με,</strong></span> <span class='ocrx_word' id='word_1_261' title='bbox 964 2014 1058 2067; x_wconf 74' lang='grc' dir='ltr'><strong>καὶ</strong></span> <span class='ocrx_word' id='word_1_262' title='bbox 1079 2014 1171 2066; x_wconf 79' lang='grc' dir='ltr'>ἀπ’</span> <span class='ocrx_word' id='word_1_263' title='bbox 1198 2011 1490 2083; x_wconf 86' lang='grc' dir='ltr'>ἀλλοτρίων</span> <span class='ocrx_word' id='word_1_264' title='bbox 1521 2012 1702 2079; x_wconf 89' lang='grc' dir='ltr'>φεῖσαι</span> <span class='ocrx_word' id='word_1_265' title='bbox 1719 2008 1809 2062; x_wconf 89' lang='grc' dir='ltr'><strong>τοῦ</strong></span> <span class='ocrx_word' id='word_1_266' title='bbox 1830 2008 1952 2062; x_wconf 84' lang='grc' dir='ltr'>δού-</span> 
     </span>
    </p>
   </div>
   <div class='ocr_carea' id='block_1_39' title="bbox 377 2099 1950 2173">
    <p class='ocr_par' dir='ltr' id='par_1_39' title="bbox 377 2099 1950 2173">
     <span class='ocr_line' id='line_1_39' title="bbox 377 2099 1950 2173; baseline -0.004 -16"><span class='ocrx_word' id='word_1_267' title='bbox 377 2106 469 2157; x_wconf 90' lang='grc' dir='ltr'><strong>λου</strong></span> <span class='ocrx_word' id='word_1_268' title='bbox 502 2122 619 2158; x_wconf 83' lang='grc' dir='ltr'>σου.</span> <span class='ocrx_word' id='word_1_269' title='bbox 678 2124 695 2156; x_wconf 75' lang='grc' dir='ltr'><strong>ι</strong></span> <span class='ocrx_word' id='word_1_270' title='bbox 750 2103 847 2157; x_wconf 87' lang='grc' dir='ltr'><strong>Ἐκ</strong></span> <span class='ocrx_word' id='word_1_271' title='bbox 878 2104 970 2157; x_wconf 80' lang='grc' dir='ltr'><strong>δύο</strong></span> <span class='ocrx_word' id='word_1_272' title='bbox 999 2105 1107 2173; x_wconf 91' lang='grc' dir='ltr'><strong>γάρ</strong></span> <span class='ocrx_word' id='word_1_273' title='bbox 1147 2105 1175 2157; x_wconf 98' lang='lat'><strong>6</strong></span> <span class='ocrx_word' id='word_1_274' title='bbox 1207 2099 1287 2166; x_wconf 75' lang='grc' dir='ltr'>εἷς</span> <span class='ocrx_word' id='word_1_275' title='bbox 1329 2102 1612 2172; x_wconf 86' lang='grc' dir='ltr'>ἄνθρωπος</span> <span class='ocrx_word' id='word_1_276' title='bbox 1642 2101 1910 2172; x_wconf 79' lang='grc' dir='ltr'>ἥρμοσται</span> <span class='ocrx_word' id='word_1_277' title='bbox 1936 2140 1950 2165; x_wconf 91' lang='grc'><strong>,</strong></span> 
     </span>
    </p>
   </div>
   <div class='ocr_carea' id='block_1_40' title="bbox 377 2190 1956 2264">
    <p class='ocr_par' dir='ltr' id='par_1_40' title="bbox 377 2190 1956 2264">
     <span class='ocr_line' id='line_1_40' title="bbox 377 2190 1956 2264; baseline -0.002 -18"><span class='ocrx_word' id='word_1_278' title='bbox 377 2193 556 2264; x_wconf 75' lang='grc' dir='ltr'>ψυχῆς</span> <span class='ocrx_word' id='word_1_279' title='bbox 600 2210 660 2245; x_wconf 89' lang='grc' dir='ltr'><strong>τε</strong></span> <span class='ocrx_word' id='word_1_280' title='bbox 697 2194 790 2246; x_wconf 74' lang='grc' dir='ltr'><strong>καὶ</strong></span> <span class='ocrx_word' id='word_1_281' title='bbox 829 2191 1102 2263; x_wconf 82' lang='grc' dir='ltr'>σώματος.</span> <span class='ocrx_word' id='word_1_282' title='bbox 1138 2193 1249 2245; x_wconf 74' lang='grc' dir='ltr'>Καὶ</span> <span class='ocrx_word' id='word_1_283' title='bbox 1286 2193 1347 2244; x_wconf 87' lang='grc' dir='ltr'>τὺ</span> <span class='ocrx_word' id='word_1_284' title='bbox 1384 2192 1504 2262; x_wconf 79' lang='grc' dir='ltr'>μὲν,</span> <span class='ocrx_word' id='word_1_285' title='bbox 1550 2191 1712 2244; x_wconf 85' lang='grc' dir='ltr'>αὑτοῦ</span> <span class='ocrx_word' id='word_1_286' title='bbox 1757 2190 1956 2254; x_wconf 80' lang='grc' dir='ltr'>ἔξωθέν</span> 
     </span>
    </p>
   </div>
   <div class='ocr_carea' id='block_1_41' title="bbox 381 2279 1956 2356">
    <p class='ocr_par' dir='ltr' id='par_1_41' title="bbox 381 2279 1956 2356">
     <span class='ocr_line' id='line_1_41' title="bbox 381 2279 1956 2356; baseline -0.003 -18"><span class='ocrx_word' id='word_1_287' title='bbox 381 2289 528 2338; x_wconf 75' lang='grc' dir='ltr'>ἐστιν</span> <span class='ocrx_word' id='word_1_288' title='bbox 553 2303 568 2317; x_wconf 79' lang='grc' dir='ltr'><strong>ο</strong></span> <span class='ocrx_word' id='word_1_289' title='bbox 598 2288 632 2356; x_wconf 84' lang='grc' dir='ltr'><strong>ή</strong></span> <span class='ocrx_word' id='word_1_290' title='bbox 655 2286 731 2349; x_wconf 80' lang='grc' dir='ltr'>δὲ,</span> <span class='ocrx_word' id='word_1_291' title='bbox 765 2285 910 2337; x_wconf 75' lang='grc' dir='ltr'>ἔνδον</span> <span class='ocrx_word' id='word_1_292' title='bbox 943 2284 1093 2355; x_wconf 87' lang='grc' dir='ltr'><strong>παρά</strong></span> <span class='ocrx_word' id='word_1_293' title='bbox 1130 2285 1218 2336; x_wconf 78' lang='grc' dir='ltr'><strong>τὸν</strong></span> <span class='ocrx_word' id='word_1_294' title='bbox 1250 2282 1362 2353; x_wconf 87' lang='grc' dir='ltr'>βίον</span> <span class='ocrx_word' id='word_1_295' title='bbox 1391 2284 1560 2353; x_wconf 74' lang='grc' dir='ltr'>μένει.</span> <span class='ocrx_word' id='word_1_296' title='bbox 1596 2283 1716 2355; x_wconf 81' lang='grc' dir='ltr'><strong>Χρὴ</strong></span> <span class='ocrx_word' id='word_1_297' title='bbox 1746 2279 1839 2337; x_wconf 79' lang='grc' dir='ltr'><strong>οὖν</strong></span> <span class='ocrx_word' id='word_1_298' title='bbox 1866 2283 1956 2335; x_wconf 80' lang='grc' dir='ltr'><strong>τὸν</strong></span> 
     </span>
    </p>
   </div>
   <div class='ocr_carea' id='block_1_42' title="bbox 382 2375 1958 2447">
    <p class='ocr_par' dir='ltr' id='par_1_42' title="bbox 382 2375 1958 2447">
     <span class='ocr_line' id='line_1_42' title="bbox 382 2375 1958 2447; baseline -0.004 -14"><span class='ocrx_word' id='word_1_299' title='bbox 382 2378 682 2447; x_wconf 79' lang='grc' dir='ltr'>ἄνθρωπον.</span> <span class='ocrx_word' id='word_1_300' title='bbox 715 2378 776 2430; x_wconf 80' lang='grc' dir='ltr'>τὺ</span> <span class='ocrx_word' id='word_1_301' title='bbox 827 2377 923 2447; x_wconf 83' lang='grc' dir='ltr'><strong>μὲν</strong></span> <span class='ocrx_word' id='word_1_302' title='bbox 972 2376 1169 2441; x_wconf 75' lang='grc' dir='ltr'>ἔξωθεν</span> <span class='ocrx_word' id='word_1_303' title='bbox 1214 2378 1647 2447; x_wconf 85' lang='grc' dir='ltr'>παραγρυπνεῖν,</span> <span class='ocrx_word' id='word_1_304' title='bbox 1690 2375 1958 2446; x_wconf 87' lang='grc' dir='ltr'>τηροῦντα</span> 
     </span>
    </p>
   </div>
   <div class='ocr_carea' id='block_1_43' title="bbox 390 2467 1962 2541">
    <p class='ocr_par' dir='ltr' id='par_1_43' title="bbox 390 2467 1962 2541">
     <span class='ocr_line' id='line_1_43' title="bbox 390 2467 1962 2541; baseline -0.003 -19"><span class='ocrx_word' id='word_1_305' title='bbox 390 2469 463 2539; x_wconf 83' lang='grc' dir='ltr'><strong>μή</strong></span> <span class='ocrx_word' id='word_1_306' title='bbox 485 2487 538 2522; x_wconf 89' lang='grc' dir='ltr'><strong>τι</strong></span> <span class='ocrx_word' id='word_1_307' title='bbox 559 2468 664 2521; x_wconf 89' lang='grc' dir='ltr'><strong>τῶν</strong></span> <span class='ocrx_word' id='word_1_308' title='bbox 693 2468 972 2541; x_wconf 81' lang='grc' dir='ltr'>σφαλερῶν</span> <span class='ocrx_word' id='word_1_309' title='bbox 998 2468 1410 2537; x_wconf 86' lang='grc' dir='ltr'>ἁμαρτημάτων</span> <span class='ocrx_word' id='word_1_310' title='bbox 1440 2467 1767 2538; x_wconf 84' lang='grc' dir='ltr'>προσπεσὸν,</span> <span class='ocrx_word' id='word_1_311' title='bbox 1793 2483 1962 2519; x_wconf 85' lang='grc' dir='ltr'>κατα-</span> 
     </span>
    </p>
   </div>
   <div class='ocr_carea' id='block_1_44' title="bbox 390 2548 1961 2630">
    <p class='ocr_par' dir='ltr' id='par_1_44' title="bbox 390 2548 1961 2630">
     <span class='ocr_line' id='line_1_44' title="bbox 390 2548 1961 2630; baseline -0.003 -20"><span class='ocrx_word' id='word_1_312' title='bbox 390 2559 544 2630; x_wconf 82' lang='grc' dir='ltr'>σείσῃ</span> <span class='ocrx_word' id='word_1_313' title='bbox 597 2559 690 2611; x_wconf 75' lang='grc' dir='ltr'><strong>καὶ</strong></span> <span class='ocrx_word' id='word_1_314' title='bbox 743 2557 1048 2627; x_wconf 84' lang='grc' dir='ltr'>διαφθείρῃ.</span> <span class='ocrx_word' id='word_1_315' title='bbox 1098 2556 1230 2626; x_wconf 69' lang='grc' dir='ltr'>Περὶ</span> <span class='ocrx_word' id='word_1_316' title='bbox 1272 2548 1333 2608; x_wconf 77' lang='grc' dir='ltr'><strong>οὑ</strong></span> <span class='ocrx_word' id='word_1_317' title='bbox 1394 2556 1485 2607; x_wconf 82' lang='grc' dir='ltr'><strong>καὶ</strong></span> <span class='ocrx_word' id='word_1_318' title='bbox 1547 2559 1574 2609; x_wconf 92' lang='lat'><strong>6</strong></span> <span class='ocrx_word' id='word_1_319' title='bbox 1639 2554 1961 2617; x_wconf 78' lang='grc' dir='ltr'>Ἀπόστολος</span> 
     </span>
    </p>
   </div>
   <div class='ocr_carea' id='block_1_45' title="bbox 391 2646 1959 2716">
    <p class='ocr_par' dir='ltr' id='par_1_45' title="bbox 391 2646 1959 2716">
     <span class='ocr_line' id='line_1_45' title="bbox 391 2646 1959 2716; baseline -0.003 -13"><span class='ocrx_word' id='word_1_320' title='bbox 391 2650 603 2703; x_wconf 85' lang='grc' dir='ltr'>ἀπειλεῖ</span> <span class='ocrx_word' id='word_1_321' title='bbox 632 2649 828 2716; x_wconf 79' lang='grc' dir='ltr'>λέγων’</span> <span class='ocrx_word' id='word_1_322' title='bbox 868 2667 884 2699; x_wconf 81' lang='lat' dir='ltr'><strong>t</strong></span> <span class='ocrx_word' id='word_1_323' title='bbox 920 2650 960 2700; x_wconf 83' lang='grc' dir='ltr'>Τ</span> <span class='ocrx_word' id='word_1_324' title='bbox 965 2648 1023 2700; x_wconf 77' lang='grc' dir='ltr'>ὸν</span> <span class='ocrx_word' id='word_1_325' title='bbox 1054 2646 1340 2716; x_wconf 80' lang='grc' dir='ltr'>φθείροντα</span> <span class='ocrx_word' id='word_1_326' title='bbox 1377 2647 1467 2699; x_wconf 82' lang='grc' dir='ltr'><strong>τὸν</strong></span> <span class='ocrx_word' id='word_1_327' title='bbox 1506 2646 1631 2699; x_wconf 74' lang='grc' dir='ltr'>ναὸν</span> <span class='ocrx_word' id='word_1_328' title='bbox 1670 2646 1763 2699; x_wconf 89' lang='grc' dir='ltr'><strong>τοῦ</strong></span> <span class='ocrx_word' id='word_1_329' title='bbox 1802 2646 1959 2709; x_wconf 88' lang='grc' dir='ltr'>Θεοῦ,</span> 
     </span>
    </p>
   </div>
   <div class='ocr_carea' id='block_1_46' title="bbox 392 2736 1963 2811">
    <p class='ocr_par' dir='ltr' id='par_1_46' title="bbox 392 2736 1963 2811">
     <span class='ocr_line' id='line_1_46' title="bbox 392 2736 1963 2811; baseline 0 -20"><span class='ocrx_word' id='word_1_330' title='bbox 392 2736 581 2811; x_wconf 75' lang='grc' dir='ltr'>φθερεῖ</span> <span class='ocrx_word' id='word_1_331' title='bbox 614 2743 643 2794; x_wconf 89' lang='lat'><strong>6</strong></span> <span class='ocrx_word' id='word_1_332' title='bbox 679 2740 830 2803; x_wconf 85' lang='grc' dir='ltr'>Θεός.</span> <span class='ocrx_word' id='word_1_333' title='bbox 866 2759 884 2791; x_wconf 85' lang='grc' dir='ltr'><strong>ι</strong></span> <span class='ocrx_word' id='word_1_334' title='bbox 935 2739 1046 2809; x_wconf 82' lang='grc' dir='ltr'><strong>Τὴν</strong></span> <span class='ocrx_word' id='word_1_335' title='bbox 1079 2738 1137 2790; x_wconf 82' lang='grc' dir='ltr'>δὲ</span> <span class='ocrx_word' id='word_1_336' title='bbox 1164 2739 1310 2793; x_wconf 77' lang='grc' dir='ltr'>ἔνδον</span> <span class='ocrx_word' id='word_1_337' title='bbox 1358 2739 1445 2791; x_wconf 78' lang='grc' dir='ltr'>διὰ</span> <span class='ocrx_word' id='word_1_338' title='bbox 1487 2740 1665 2809; x_wconf 82' lang='grc' dir='ltr'>πάσης</span> <span class='ocrx_word' id='word_1_339' title='bbox 1706 2742 1963 2811; x_wconf 83' lang='grc' dir='ltr'>φρουρεῖν</span> 
     </span>
    </p>
   </div>
   <div class='ocr_carea' id='block_1_47' title="bbox 395 2827 1965 2901">
    <p class='ocr_par' dir='ltr' id='par_1_47' title="bbox 395 2827 1965 2901">
     <span class='ocr_line' id='line_1_47' title="bbox 395 2827 1965 2901; baseline -0.001 -18"><span class='ocrx_word' id='word_1_340' title='bbox 395 2831 655 2901; x_wconf 67' lang='grc' dir='ltr'>φυλακῆς,</span> <span class='ocrx_word' id='word_1_341' title='bbox 685 2833 757 2900; x_wconf 87' lang='grc' dir='ltr'><strong>μή</strong></span> <span class='ocrx_word' id='word_1_342' title='bbox 790 2847 869 2893; x_wconf 90' lang='grc' dir='ltr'><strong>τις</strong></span> <span class='ocrx_word' id='word_1_343' title='bbox 896 2829 1050 2897; x_wconf 80' lang='grc' dir='ltr'>λόγος</span> <span class='ocrx_word' id='word_1_344' title='bbox 1086 2828 1282 2891; x_wconf 85' lang='grc' dir='ltr'>κακίας</span> <span class='ocrx_word' id='word_1_345' title='bbox 1311 2830 1374 2881; x_wconf 83' lang='grc' dir='ltr'><strong>ὲκ</strong></span> <span class='ocrx_word' id='word_1_346' title='bbox 1410 2827 1606 2897; x_wconf 86' lang='grc' dir='ltr'>βάθους</span> <span class='ocrx_word' id='word_1_347' title='bbox 1639 2829 1800 2881; x_wconf 83' lang='grc' dir='ltr'>ποθὲν</span> <span class='ocrx_word' id='word_1_348' title='bbox 1828 2831 1965 2881; x_wconf 83' lang='grc' dir='ltr'>ἀνα-</span> 
     </span>
    </p>
   </div>
   <div class='ocr_carea' id='block_1_48' title="bbox 400 2918 1962 2990">
    <p class='ocr_par' dir='ltr' id='par_1_48' title="bbox 400 2918 1962 2990">
     <span class='ocr_line' id='line_1_48' title="bbox 400 2918 1962 2990; baseline -0.002 -16"><span class='ocrx_word' id='word_1_349' title='bbox 400 2922 597 2990; x_wconf 73' lang='grc' dir='ltr'>κύψας,</span> <span class='ocrx_word' id='word_1_350' title='bbox 638 2921 733 2972; x_wconf 71' lang='grc' dir='ltr'><strong>καὶ</strong></span> <span class='ocrx_word' id='word_1_351' title='bbox 763 2920 851 2972; x_wconf 73' lang='grc' dir='ltr'>τὸν</span> <span class='ocrx_word' id='word_1_352' title='bbox 889 2921 985 2990; x_wconf 84' lang='grc' dir='ltr'><strong>τῆς</strong></span> <span class='ocrx_word' id='word_1_353' title='bbox 1025 2918 1304 2981; x_wconf 77' lang='grc' dir='ltr'>εὐσεϐείας</span> <span class='ocrx_word' id='word_1_354' title='bbox 1327 2919 1585 2989; x_wconf 83' lang='grc' dir='ltr'>λογισμὸν</span> <span class='ocrx_word' id='word_1_355' title='bbox 1613 2920 1962 2990; x_wconf 83' lang='grc' dir='ltr'>διαφθείρας,</span> 
     </span>
    </p>
   </div>
   <div class='ocr_carea' id='block_1_49' title="bbox 399 3008 1965 3079">
    <p class='ocr_par' dir='ltr' id='par_1_49' title="bbox 399 3008 1965 3079">
     <span class='ocr_line' id='line_1_49' title="bbox 399 3008 1965 3079; baseline -0.001 -16"><span class='ocrx_word' id='word_1_356' title='bbox 399 3009 734 3078; x_wconf 80' lang='grc' dir='ltr'>δουλώσηται</span> <span class='ocrx_word' id='word_1_357' title='bbox 782 3010 881 3078; x_wconf 78' lang='grc' dir='ltr'>τὴν</span> <span class='ocrx_word' id='word_1_358' title='bbox 920 3008 1115 3079; x_wconf 66' lang='grc' dir='ltr'>ψυχὴν,</span> <span class='ocrx_word' id='word_1_359' title='bbox 1172 3008 1462 3077; x_wconf 84' lang='grc' dir='ltr'>πληρώσας</span> <span class='ocrx_word' id='word_1_360' title='bbox 1493 3008 1601 3060; x_wconf 90' lang='grc' dir='ltr'><strong>τῶν</strong></span> <span class='ocrx_word' id='word_1_361' title='bbox 1651 3008 1965 3062; x_wconf 87' lang='grc' dir='ltr'>διελκόντων</span> 
     </span>
    </p>
   </div>
   <div class='ocr_carea' id='block_1_50' title="bbox 404 3084 2038 3170">
    <p class='ocr_par' dir='ltr' id='par_1_50' title="bbox 404 3084 2038 3170">
     <span class='ocr_line' id='line_1_50' title="bbox 404 3084 2038 3170; baseline -0.001 -16"><span class='ocrx_word' id='word_1_362' title='bbox 404 3102 572 3170; x_wconf 83' lang='grc' dir='ltr'>αὑτὴν</span> <span class='ocrx_word' id='word_1_363' title='bbox 588 3100 761 3169; x_wconf 89' lang='grc' dir='ltr'>λάθρα</span> <span class='ocrx_word' id='word_1_364' title='bbox 791 3099 995 3152; x_wconf 85' lang='grc' dir='ltr'>παθῶν.</span> <span class='ocrx_word' id='word_1_365' title='bbox 1023 3122 1040 3149; x_wconf 75' lang='grc' dir='ltr'><strong>ι</strong></span> <span class='ocrx_word' id='word_1_366' title='bbox 1066 3099 1140 3151; x_wconf 88' lang='grc' dir='ltr'>Οὑ</span> <span class='ocrx_word' id='word_1_367' title='bbox 1159 3098 1387 3165; x_wconf 77' lang='grc' dir='ltr'>ζεύξεις,</span> <span class='ocrx_word' id='word_1_368' title='bbox 1419 3120 1434 3151; x_wconf 88' lang='grc' dir='ltr'><strong>ι</strong></span> <span class='ocrx_word' id='word_1_369' title='bbox 1465 3100 1628 3170; x_wconf 75' lang='grc' dir='ltr'>φησὶν</span> <span class='ocrx_word' id='word_1_370' title='bbox 1648 3102 1675 3153; x_wconf 93' lang='lat'><strong>6</strong></span> <span class='ocrx_word' id='word_1_371' title='bbox 1702 3100 1966 3170; x_wconf 87' lang='grc' dir='ltr'>μακάριος</span> <span class='ocrx_word' id='word_1_372' title='bbox 1996 3084 2038 3142; x_wconf 78' lang='lat' dir='ltr'><strong><em>C</em></strong></span> 
     </span>
    </p>
   </div>
   <div class='ocr_carea' id='block_1_51' title="bbox 401 3189 1965 3261">
    <p class='ocr_par' dir='ltr' id='par_1_51' title="bbox 401 3189 1965 3261">
     <span class='ocr_line' id='line_1_51' title="bbox 401 3189 1965 3261; baseline -0.002 -15"><span class='ocrx_word' id='word_1_373' title='bbox 401 3192 658 3260; x_wconf 82' lang='grc' dir='ltr'>Μωὺσῆς,</span> <span class='ocrx_word' id='word_1_374' title='bbox 690 3211 706 3241; x_wconf 81' lang='grc' dir='ltr'><strong>ι</strong></span> <span class='ocrx_word' id='word_1_375' title='bbox 740 3193 796 3243; x_wconf 79' lang='grc' dir='ltr'>ὲν</span> <span class='ocrx_word' id='word_1_376' title='bbox 815 3194 881 3261; x_wconf 82' lang='grc' dir='ltr'>τῇ</span> <span class='ocrx_word' id='word_1_377' title='bbox 902 3191 1065 3243; x_wconf 79' lang='grc' dir='ltr'>ἀλωνί</span> <span class='ocrx_word' id='word_1_378' title='bbox 1094 3207 1188 3244; x_wconf 90' lang='grc' dir='ltr'><strong>σου</strong></span> <span class='ocrx_word' id='word_1_379' title='bbox 1208 3189 1322 3252; x_wconf 76' lang='grc' dir='ltr'>ζῶα</span> <span class='ocrx_word' id='word_1_380' title='bbox 1343 3191 1602 3259; x_wconf 82' lang='grc' dir='ltr'>ἀλλογενῆ</span> <span class='ocrx_word' id='word_1_381' title='bbox 1622 3192 1711 3243; x_wconf 69' lang='grc' dir='ltr'><strong>ἐπὶ</strong></span> <span class='ocrx_word' id='word_1_382' title='bbox 1732 3193 1792 3244; x_wconf 83' lang='grc' dir='ltr'><strong>τὸ</strong></span> <span class='ocrx_word' id='word_1_383' title='bbox 1817 3191 1965 3244; x_wconf 77' lang='grc' dir='ltr'>αὑτόο</span> 
     </span>
    </p>
   </div>
   <div class='ocr_carea' id='block_1_52' title="bbox 402 3279 1969 3353">
    <p class='ocr_par' dir='ltr' id='par_1_52' title="bbox 402 3279 1969 3353">
     <span class='ocr_line' id='line_1_52' title="bbox 402 3279 1969 3353; baseline -0.002 -16"><span class='ocrx_word' id='word_1_384' title='bbox 402 3279 533 3350; x_wconf 79' lang='grc' dir='ltr'>οἷον,</span> <span class='ocrx_word' id='word_1_385' title='bbox 562 3283 683 3353; x_wconf 84' lang='grc' dir='ltr'>βοῦν</span> <span class='ocrx_word' id='word_1_386' title='bbox 719 3283 812 3335; x_wconf 75' lang='grc' dir='ltr'><strong>καὶ</strong></span> <span class='ocrx_word' id='word_1_387' title='bbox 844 3282 961 3334; x_wconf 76' lang='grc' dir='ltr'>ὄνον</span> <span class='ocrx_word' id='word_1_388' title='bbox 1005 3281 1139 3333; x_wconf 75' lang='grc' dir='ltr'>Οὐδὲ</span> <span class='ocrx_word' id='word_1_389' title='bbox 1168 3285 1487 3351; x_wconf 76' lang='grc' dir='ltr'>συνυφανείς</span> <span class='ocrx_word' id='word_1_390' title='bbox 1518 3284 1575 3334; x_wconf 82' lang='grc' dir='ltr'><strong>ὲν</strong></span> <span class='ocrx_word' id='word_1_391' title='bbox 1611 3281 1808 3351; x_wconf 83' lang='grc' dir='ltr'>ίματίῳ</span> <span class='ocrx_word' id='word_1_392' title='bbox 1827 3282 1969 3353; x_wconf 80' lang='grc' dir='ltr'>ἔριον</span> 
     </span>
    </p>
   </div>
   <div class='ocr_carea' id='block_1_53' title="bbox 402 3372 1972 3444">
    <p class='ocr_par' dir='ltr' id='par_1_53' title="bbox 402 3372 1972 3444">
     <span class='ocr_line' id='line_1_53' title="bbox 402 3372 1972 3444; baseline 0 -19"><span class='ocrx_word' id='word_1_393' title='bbox 402 3374 549 3444; x_wconf 86' lang='grc' dir='ltr'>λίνῳ.</span> <span class='ocrx_word' id='word_1_394' title='bbox 602 3375 675 3426; x_wconf 77' lang='grc' dir='ltr'><strong>Οὐ</strong></span> <span class='ocrx_word' id='word_1_395' title='bbox 710 3375 1044 3443; x_wconf 80' lang='grc' dir='ltr'>γεωργήσεις</span> <span class='ocrx_word' id='word_1_396' title='bbox 1089 3374 1147 3425; x_wconf 82' lang='grc' dir='ltr'>ὲν</span> <span class='ocrx_word' id='word_1_397' title='bbox 1187 3375 1251 3443; x_wconf 82' lang='grc' dir='ltr'>τῇ</span> <span class='ocrx_word' id='word_1_398' title='bbox 1283 3374 1432 3444; x_wconf 77' lang='grc' dir='ltr'>χώρᾳ</span> <span class='ocrx_word' id='word_1_399' title='bbox 1466 3376 1562 3444; x_wconf 80' lang='grc' dir='ltr'>τῆς</span> <span class='ocrx_word' id='word_1_400' title='bbox 1604 3375 1706 3443; x_wconf 87' lang='grc' dir='ltr'>γῆς</span> <span class='ocrx_word' id='word_1_401' title='bbox 1734 3390 1825 3425; x_wconf 92' lang='grc' dir='ltr'><strong>σου</strong></span> <span class='ocrx_word' id='word_1_402' title='bbox 1878 3372 1972 3426; x_wconf 78' lang='grc' dir='ltr'>δύο</span> 
     </span>
    </p>
   </div>
   <div class='ocr_carea' id='block_1_54' title="bbox 403 3463 1967 3534">
    <p class='ocr_par' dir='ltr' id='par_1_54' title="bbox 403 3463 1967 3534">
     <span class='ocr_line' id='line_1_54' title="bbox 403 3463 1967 3534; baseline -0.002 -15"><span class='ocrx_word' id='word_1_403' title='bbox 403 3466 646 3534; x_wconf 80' lang='grc' dir='ltr'>καρποὺς</span> <span class='ocrx_word' id='word_1_404' title='bbox 680 3466 769 3516; x_wconf 72' lang='grc' dir='ltr'>ἐπὶ</span> <span class='ocrx_word' id='word_1_405' title='bbox 798 3465 857 3516; x_wconf 82' lang='grc' dir='ltr'><strong>τὸ</strong></span> <span class='ocrx_word' id='word_1_406' title='bbox 895 3465 1043 3515; x_wconf 86' lang='grc' dir='ltr'>αὑτό.</span> <span class='ocrx_word' id='word_1_407' title='bbox 1077 3464 1210 3516; x_wconf 83' lang='grc' dir='ltr'>Οὑδὲ</span> <span class='ocrx_word' id='word_1_408' title='bbox 1248 3464 1494 3532; x_wconf 80' lang='grc' dir='ltr'>δεύτερον</span> <span class='ocrx_word' id='word_1_409' title='bbox 1524 3464 1615 3515; x_wconf 88' lang='grc' dir='ltr'><strong>τοῦ</strong></span> <span class='ocrx_word' id='word_1_410' title='bbox 1642 3463 1906 3517; x_wconf 83' lang='grc' dir='ltr'>ἐνιαυτοῦ.</span> <span class='ocrx_word' id='word_1_411' title='bbox 1947 3483 1967 3516; x_wconf 75' lang='grc' dir='ltr'><strong>ι</strong></span> 
     </span>
    </p>
   </div>
   <div class='ocr_carea' id='block_1_55' title="bbox 404 3555 1971 3627">
    <p class='ocr_par' dir='ltr' id='par_1_55' title="bbox 404 3555 1971 3627">
     <span class='ocr_line' id='line_1_55' title="bbox 404 3555 1971 3627; baseline 0 -16"><span class='ocrx_word' id='word_1_412' title='bbox 404 3558 518 3612; x_wconf 81' lang='grc' dir='ltr'>Οὐκ</span> <span class='ocrx_word' id='word_1_413' title='bbox 542 3557 815 3619; x_wconf 75' lang='grc' dir='ltr'>ἐπιϐαλεῖς</span> <span class='ocrx_word' id='word_1_414' title='bbox 844 3556 1155 3627; x_wconf 77' lang='grc' dir='ltr'>ἑτερογενὲς</span> <span class='ocrx_word' id='word_1_415' title='bbox 1182 3555 1316 3619; x_wconf 78' lang='grc' dir='ltr'>ζῶον</span> <span class='ocrx_word' id='word_1_416' title='bbox 1345 3558 1435 3609; x_wconf 77' lang='grc' dir='ltr'>ἐπὶ</span> <span class='ocrx_word' id='word_1_417' title='bbox 1464 3557 1647 3626; x_wconf 78' lang='grc' dir='ltr'>ἕτερον</span> <span class='ocrx_word' id='word_1_418' title='bbox 1677 3558 1755 3619; x_wconf 84' lang='grc' dir='ltr'><strong>είς</strong></span> <span class='ocrx_word' id='word_1_419' title='bbox 1787 3558 1971 3627; x_wconf 88' lang='grc' dir='ltr'>γονήν.</span> 
     </span>
    </p>
   </div>
   <div class='ocr_carea' id='block_1_56' title="bbox 476 3740 1977 3817">
    <p class='ocr_par' dir='ltr' id='par_1_56' title="bbox 476 3740 1977 3817">
     <span class='ocr_line' id='line_1_56' title="bbox 476 3740 1977 3817; baseline 0.004 -25"><span class='ocrx_word' id='word_1_420' title='bbox 476 3741 540 3792; x_wconf 86' lang='grc' dir='ltr'>Τί</span> <span class='ocrx_word' id='word_1_421' title='bbox 578 3741 749 3795; x_wconf 82' lang='grc' dir='ltr'>ταῦτα</span> <span class='ocrx_word' id='word_1_422' title='bbox 784 3741 1032 3810; x_wconf 80' lang='grc' dir='ltr'>βούλεται</span> <span class='ocrx_word' id='word_1_423' title='bbox 1054 3740 1123 3793; x_wconf 75' lang='grc' dir='ltr'><strong>τά</strong></span> <span class='ocrx_word' id='word_1_424' title='bbox 1147 3741 1477 3811; x_wconf 78' lang='grc' dir='ltr'>αἰνίγματα;</span> <span class='ocrx_word' id='word_1_425' title='bbox 1510 3742 1572 3794; x_wconf 71' lang='grc' dir='ltr'><strong>τὸ</strong></span> <span class='ocrx_word' id='word_1_426' title='bbox 1602 3743 1676 3814; x_wconf 87' lang='grc' dir='ltr'><strong>μὴ</strong></span> <span class='ocrx_word' id='word_1_427' title='bbox 1697 3744 1806 3797; x_wconf 88' lang='grc' dir='ltr'>δεῖν</span> <span class='ocrx_word' id='word_1_428' title='bbox 1833 3748 1889 3798; x_wconf 79' lang='grc' dir='ltr'>ὲν</span> <span class='ocrx_word' id='word_1_429' title='bbox 1911 3748 1977 3817; x_wconf 80' lang='grc' dir='ltr'>τῇ</span> 
     </span>
    </p>
   </div>
   <div class='ocr_carea' id='block_1_57' title="bbox 408 3830 1977 3904">
    <p class='ocr_par' dir='ltr' id='par_1_57' title="bbox 408 3830 1977 3904">
     <span class='ocr_line' id='line_1_57' title="bbox 408 3830 1977 3904; baseline 0.002 -21"><span class='ocrx_word' id='word_1_430' title='bbox 408 3830 544 3902; x_wconf 83' lang='grc' dir='ltr'>αὑτῇ</span> <span class='ocrx_word' id='word_1_431' title='bbox 565 3832 707 3902; x_wconf 76' lang='grc' dir='ltr'>ψυχῇ</span> <span class='ocrx_word' id='word_1_432' title='bbox 741 3832 936 3884; x_wconf 85' lang='grc' dir='ltr'>κακίαν</span> <span class='ocrx_word' id='word_1_433' title='bbox 962 3832 1055 3884; x_wconf 76' lang='grc' dir='ltr'>καὶ</span> <span class='ocrx_word' id='word_1_434' title='bbox 1084 3830 1284 3903; x_wconf 82' lang='grc' dir='ltr'>ἀρετὴν</span> <span class='ocrx_word' id='word_1_435' title='bbox 1311 3831 1671 3901; x_wconf 80' lang='grc' dir='ltr'>συμφυτευειν</span> <span class='ocrx_word' id='word_1_436' title='bbox 1704 3833 1977 3904; x_wconf 87' lang='grc' dir='ltr'>ἀλλήλαις.</span> 
     </span>
    </p>
   </div>
   <div class='ocr_carea' id='block_1_58' title="bbox 409 3924 1981 3995">
    <p class='ocr_par' dir='ltr' id='par_1_58' title="bbox 409 3924 1981 3995">
     <span class='ocr_line' id='line_1_58' title="bbox 409 3924 1981 3995; baseline -0.001 -17"><span class='ocrx_word' id='word_1_437' title='bbox 409 3926 543 3978; x_wconf 88' lang='grc' dir='ltr'>Ποία</span> <span class='ocrx_word' id='word_1_438' title='bbox 577 3926 725 3994; x_wconf 85' lang='grc' dir='ltr'>φιλία</span> <span class='ocrx_word' id='word_1_439' title='bbox 744 3924 1094 3995; x_wconf 81' lang='grc' dir='ltr'>σωφροσύνης</span> <span class='ocrx_word' id='word_1_440' title='bbox 1123 3924 1258 3994; x_wconf 78' lang='grc' dir='ltr'>πρὸς</span> <span class='ocrx_word' id='word_1_441' title='bbox 1288 3924 1557 3994; x_wconf 85' lang='grc' dir='ltr'>ἀκρασίαν</span> <span class='ocrx_word' id='word_1_442' title='bbox 1581 3942 1595 3986; x_wconf 89' lang='grc'><strong>;</strong></span> <span class='ocrx_word' id='word_1_443' title='bbox 1620 3924 1747 3977; x_wconf 88' lang='grc' dir='ltr'>ποία</span> <span class='ocrx_word' id='word_1_444' title='bbox 1777 3925 1981 3978; x_wconf 85' lang='grc' dir='ltr'>δικαιο-</span> 
     </span>
    </p>
   </div>
   <div class='ocr_carea' id='block_1_59' title="bbox 412 4016 1983 4089">
    <p class='ocr_par' dir='ltr' id='par_1_59' title="bbox 412 4016 1983 4089">
     <span class='ocr_line' id='line_1_59' title="bbox 412 4016 1983 4089; baseline 0.001 -20"><span class='ocrx_word' id='word_1_445' title='bbox 412 4017 577 4086; x_wconf 87' lang='grc' dir='ltr'>σύνης</span> <span class='ocrx_word' id='word_1_446' title='bbox 599 4018 732 4087; x_wconf 79' lang='grc' dir='ltr'>πρὸς</span> <span class='ocrx_word' id='word_1_447' title='bbox 759 4018 970 4070; x_wconf 85' lang='grc' dir='ltr'>ἀδικίαν</span> <span class='ocrx_word' id='word_1_448' title='bbox 988 4018 1227 4085; x_wconf 84' lang='grc' dir='ltr'>ὁμόνοια;</span> <span class='ocrx_word' id='word_1_449' title='bbox 1254 4016 1408 4069; x_wconf 77' lang='grc' dir='ltr'>ἀεὶτὸ</span> <span class='ocrx_word' id='word_1_450' title='bbox 1433 4017 1617 4089; x_wconf 81' lang='grc' dir='ltr'>ἕτερον</span> <span class='ocrx_word' id='word_1_451' title='bbox 1634 4018 1983 4084; x_wconf 84' lang='grc' dir='ltr'>ὑπεξίσταται</span> 
     </span>
    </p>
   </div>
   <div class='ocr_carea' id='block_1_60' title="bbox 408 4104 1983 4179">
    <p class='ocr_par' dir='ltr' id='par_1_60' title="bbox 408 4104 1983 4179">
     <span class='ocr_line' id='line_1_60' title="bbox 408 4104 1983 4179; baseline 0.001 -18"><span class='ocrx_word' id='word_1_452' title='bbox 408 4108 487 4178; x_wconf 80' lang='grc' dir='ltr'><strong>τῷ</strong></span> <span class='ocrx_word' id='word_1_453' title='bbox 534 4109 723 4177; x_wconf 79' lang='grc' dir='ltr'>ἑτέρῳ.</span> <span class='ocrx_word' id='word_1_454' title='bbox 761 4111 849 4159; x_wconf 84' lang='grc' dir='ltr'>Δεῖ</span> <span class='ocrx_word' id='word_1_455' title='bbox 884 4104 975 4160; x_wconf 73' lang='grc' dir='ltr'><strong>οὖν</strong></span> <span class='ocrx_word' id='word_1_456' title='bbox 1006 4107 1095 4160; x_wconf 79' lang='grc' dir='ltr'><strong>τὸν</strong></span> <span class='ocrx_word' id='word_1_457' title='bbox 1132 4106 1295 4176; x_wconf 83' lang='grc' dir='ltr'>σοφὸν</span> <span class='ocrx_word' id='word_1_458' title='bbox 1332 4109 1599 4178; x_wconf 81' lang='grc' dir='ltr'>γεωργὸν,</span> <span class='ocrx_word' id='word_1_459' title='bbox 1637 4108 1887 4179; x_wconf 80' lang='grc' dir='ltr'>καθάπερ</span> <span class='ocrx_word' id='word_1_460' title='bbox 1919 4110 1983 4163; x_wconf 75' lang='grc' dir='ltr'><strong>ἐκ</strong></span> 
     </span>
    </p>
   </div>
   <div class='ocr_carea' id='block_1_61' title="bbox 410 4198 1984 4271">
    <p class='ocr_par' dir='ltr' id='par_1_61' title="bbox 410 4198 1984 4271">
     <span class='ocr_line' id='line_1_61' title="bbox 410 4198 1984 4271; baseline 0.001 -20"><span class='ocrx_word' id='word_1_461' title='bbox 410 4200 508 4266; x_wconf 74' lang='grc' dir='ltr'><strong>τῆς</strong></span> <span class='ocrx_word' id='word_1_462' title='bbox 540 4202 721 4269; x_wconf 82' lang='grc' dir='ltr'>πηγῆς</span> <span class='ocrx_word' id='word_1_463' title='bbox 754 4199 983 4268; x_wconf 83' lang='grc' dir='ltr'>ποτίμου</span> <span class='ocrx_word' id='word_1_464' title='bbox 1016 4199 1109 4250; x_wconf 75' lang='grc' dir='ltr'><strong>καὶ</strong></span> <span class='ocrx_word' id='word_1_465' title='bbox 1142 4198 1348 4267; x_wconf 79' lang='grc' dir='ltr'>ἀγαθῆς</span> <span class='ocrx_word' id='word_1_466' title='bbox 1372 4239 1387 4263; x_wconf 90' lang='grc'><strong>,</strong></span> <span class='ocrx_word' id='word_1_467' title='bbox 1435 4199 1650 4267; x_wconf 79' lang='grc' dir='ltr'>καθαρὰ</span> <span class='ocrx_word' id='word_1_468' title='bbox 1699 4200 1984 4271; x_wconf 83' lang='grc' dir='ltr'>παραπέμ-</span> 
     </span>
    </p>
   </div>
   <div class='ocr_carea' id='block_1_62' title="bbox 411 4284 1983 4359">
    <p class='ocr_par' dir='ltr' id='par_1_62' title="bbox 411 4284 1983 4359">
     <span class='ocr_line' id='line_1_62' title="bbox 411 4284 1983 4359; baseline 0.003 -22"><span class='ocrx_word' id='word_1_469' title='bbox 411 4300 533 4337; x_wconf 88' lang='grc' dir='ltr'>πειν</span> <span class='ocrx_word' id='word_1_470' title='bbox 560 4286 653 4337; x_wconf 84' lang='grc' dir='ltr'><strong>τοῦ</strong></span> <span class='ocrx_word' id='word_1_471' title='bbox 687 4284 800 4355; x_wconf 78' lang='grc' dir='ltr'>βίου</span> <span class='ocrx_word' id='word_1_472' title='bbox 829 4287 895 4338; x_wconf 73' lang='grc' dir='ltr'>τὰ</span> <span class='ocrx_word' id='word_1_473' title='bbox 924 4286 1138 4355; x_wconf 86' lang='grc' dir='ltr'>νάματα</span> <span class='ocrx_word' id='word_1_474' title='bbox 1157 4300 1170 4313; x_wconf 82' lang='grc'><strong>’</strong></span> <span class='ocrx_word' id='word_1_475' title='bbox 1200 4285 1335 4355; x_wconf 80' lang='grc' dir='ltr'>μόνα</span> <span class='ocrx_word' id='word_1_476' title='bbox 1360 4286 1427 4339; x_wconf 77' lang='grc' dir='ltr'>τὰ</span> <span class='ocrx_word' id='word_1_477' title='bbox 1459 4286 1550 4339; x_wconf 85' lang='grc' dir='ltr'><strong>τοῦ</strong></span> <span class='ocrx_word' id='word_1_478' title='bbox 1581 4287 1715 4341; x_wconf 86' lang='grc' dir='ltr'>Θεοῦ</span> <span class='ocrx_word' id='word_1_479' title='bbox 1743 4288 1983 4359; x_wconf 82' lang='grc' dir='ltr'>γεώργια</span> 
     </span>
    </p>
   </div>
   <div class='ocr_carea' id='block_1_63' title="bbox 412 4376 1980 4449">
    <p class='ocr_par' dir='ltr' id='par_1_63' title="bbox 412 4376 1980 4449">
     <span class='ocr_line' id='line_1_63' title="bbox 412 4376 1980 4449; baseline 0.001 -21"><span class='ocrx_word' id='word_1_480' title='bbox 412 4376 619 4439; x_wconf 79' lang='grc' dir='ltr'>εἰδότα,</span> <span class='ocrx_word' id='word_1_481' title='bbox 652 4377 747 4428; x_wconf 73' lang='grc' dir='ltr'><strong>καὶ</strong></span> <span class='ocrx_word' id='word_1_482' title='bbox 780 4377 986 4439; x_wconf 76' lang='grc' dir='ltr'>τούτοις</span> <span class='ocrx_word' id='word_1_483' title='bbox 1017 4376 1273 4429; x_wconf 85' lang='grc' dir='ltr'>πονοῦντα</span> <span class='ocrx_word' id='word_1_484' title='bbox 1309 4377 1394 4429; x_wconf 84' lang='grc' dir='ltr'><strong>διά</strong></span> <span class='ocrx_word' id='word_1_485' title='bbox 1429 4377 1565 4447; x_wconf 88' lang='grc' dir='ltr'>βίου,</span> <span class='ocrx_word' id='word_1_486' title='bbox 1600 4379 1694 4430; x_wconf 78' lang='grc' dir='ltr'><strong>καὶ</strong></span> <span class='ocrx_word' id='word_1_487' title='bbox 1727 4379 1980 4449; x_wconf 77' lang='grc' dir='ltr'>παραμέσ-</span> 
     </span>
    </p>
   </div>
   <div class='ocr_carea' id='block_1_64' title="bbox 414 4467 1986 4540">
    <p class='ocr_par' dir='ltr' id='par_1_64' title="bbox 414 4467 1986 4540">
     <span class='ocr_line' id='line_1_64' title="bbox 414 4467 1986 4540; baseline 0.001 -21"><span class='ocrx_word' id='word_1_488' title='bbox 414 4483 567 4520; x_wconf 90' lang='grc' dir='ltr'>νοντα</span> <span class='ocrx_word' id='word_1_489' title='bbox 591 4482 604 4493; x_wconf 86' lang='grc'><strong><em>⁸</em></strong></span> <span class='ocrx_word' id='word_1_490' title='bbox 634 4468 781 4529; x_wconf 84' lang='grc' dir='ltr'>ὅπως</span> <span class='ocrx_word' id='word_1_491' title='bbox 810 4467 911 4520; x_wconf 76' lang='grc' dir='ltr'>κᾶν</span> <span class='ocrx_word' id='word_1_492' title='bbox 941 4467 1243 4537; x_wconf 81' lang='grc' dir='ltr'>ὑποφύηταί</span> <span class='ocrx_word' id='word_1_493' title='bbox 1268 4486 1348 4531; x_wconf 89' lang='grc' dir='ltr'><strong>τις</strong></span> <span class='ocrx_word' id='word_1_494' title='bbox 1375 4468 1521 4531; x_wconf 77' lang='grc' dir='ltr'>ξένος</span> <span class='ocrx_word' id='word_1_495' title='bbox 1545 4468 1800 4539; x_wconf 83' lang='grc' dir='ltr'>λογισμὸς</span> <span class='ocrx_word' id='word_1_496' title='bbox 1830 4471 1887 4521; x_wconf 81' lang='grc' dir='ltr'><strong>ἐν</strong></span> <span class='ocrx_word' id='word_1_497' title='bbox 1909 4469 1986 4540; x_wconf 81' lang='grc' dir='ltr'>τῷ</span> 
     </span>
    </p>
   </div>
   <div class='ocr_carea' id='block_1_65' title="bbox 415 4558 1988 4629">
    <p class='ocr_par' dir='ltr' id='par_1_65' title="bbox 415 4558 1988 4629">
     <span class='ocr_line' id='line_1_65' title="bbox 415 4558 1988 4629; baseline 0.002 -17"><span class='ocrx_word' id='word_1_498' title='bbox 415 4559 628 4629; x_wconf 83' lang='grc' dir='ltr'>κρυφίῳ</span> <span class='ocrx_word' id='word_1_499' title='bbox 657 4558 756 4628; x_wconf 80' lang='grc' dir='ltr'>τῆς</span> <span class='ocrx_word' id='word_1_500' title='bbox 792 4558 1013 4629; x_wconf 75' lang='grc' dir='ltr'>ἀρετῆς,</span> <span class='ocrx_word' id='word_1_501' title='bbox 1048 4560 1176 4623; x_wconf 76' lang='grc' dir='ltr'>τοὺς</span> <span class='ocrx_word' id='word_1_502' title='bbox 1212 4562 1337 4623; x_wconf 77' lang='grc' dir='ltr'>σοὺς</span> <span class='ocrx_word' id='word_1_503' title='bbox 1369 4560 1491 4613; x_wconf 88' lang='grc' dir='ltr'>ἰδὼν</span> <span class='ocrx_word' id='word_1_504' title='bbox 1526 4561 1718 4625; x_wconf 89' lang='grc' dir='ltr'>πόνους</span> <span class='ocrx_word' id='word_1_505' title='bbox 1755 4564 1782 4615; x_wconf 86' lang='grc' dir='ltr'>ὁ</span> <span class='ocrx_word' id='word_1_506' title='bbox 1811 4562 1988 4615; x_wconf 85' lang='grc' dir='ltr'>πάντα</span> 
     </span>
    </p>
   </div>
   <div class='ocr_carea' id='block_1_66' title="bbox 414 4647 1988 4720">
    <p class='ocr_par' dir='ltr' id='par_1_66' title="bbox 414 4647 1988 4720">
     <span class='ocr_line' id='line_1_66' title="bbox 414 4647 1988 4720; baseline 0.001 -20"><span class='ocrx_word' id='word_1_507' title='bbox 414 4648 577 4718; x_wconf 76' lang='grc' dir='ltr'>ὁρῶν,</span> <span class='ocrx_word' id='word_1_508' title='bbox 616 4648 826 4716; x_wconf 84' lang='grc' dir='ltr'>ταχέως</span> <span class='ocrx_word' id='word_1_509' title='bbox 868 4650 935 4717; x_wconf 89' lang='grc' dir='ltr'>τῇ</span> <span class='ocrx_word' id='word_1_510' title='bbox 972 4647 1164 4699; x_wconf 82' lang='grc' dir='ltr'>ἑαυτοῦ</span> <span class='ocrx_word' id='word_1_511' title='bbox 1200 4648 1420 4718; x_wconf 88' lang='grc' dir='ltr'>δυνάμει</span> <span class='ocrx_word' id='word_1_512' title='bbox 1451 4648 1547 4719; x_wconf 83' lang='grc' dir='ltr'>τὴν</span> <span class='ocrx_word' id='word_1_513' title='bbox 1581 4648 1810 4703; x_wconf 76' lang='grc' dir='ltr'>ὕπουλον</span> <span class='ocrx_word' id='word_1_514' title='bbox 1838 4650 1988 4720; x_wconf 75' lang='grc' dir='ltr'>ῥίζαν</span> 
     </span>
    </p>
   </div>
   <div class='ocr_carea' id='block_1_67' title="bbox 415 4738 1993 4813">
    <p class='ocr_par' dir='ltr' id='par_1_67' title="bbox 415 4738 1993 4813">
     <span class='ocr_line' id='line_1_67' title="bbox 415 4738 1993 4813; baseline 0.001 -21"><span class='ocrx_word' id='word_1_515' title='bbox 415 4741 521 4792; x_wconf 88' lang='grc' dir='ltr'><strong>τῶν</strong></span> <span class='ocrx_word' id='word_1_516' title='bbox 555 4738 830 4809; x_wconf 83' lang='grc' dir='ltr'>λογισμῶν</span> <span class='ocrx_word' id='word_1_517' title='bbox 858 4738 964 4809; x_wconf 86' lang='grc' dir='ltr'><strong>πρὸ</strong></span> <span class='ocrx_word' id='word_1_518' title='bbox 988 4738 1088 4807; x_wconf 82' lang='grc' dir='ltr'>τῆς</span> <span class='ocrx_word' id='word_1_519' title='bbox 1124 4739 1357 4810; x_wconf 84' lang='grc' dir='ltr'>βλάστης</span> <span class='ocrx_word' id='word_1_520' title='bbox 1402 4742 1674 4810; x_wconf 77' lang='grc' dir='ltr'>ἐκτεμεῖν.</span> <span class='ocrx_word' id='word_1_521' title='bbox 1710 4742 1845 4795; x_wconf 86' lang='grc' dir='ltr'>Οὑδὲ</span> <span class='ocrx_word' id='word_1_522' title='bbox 1884 4742 1993 4813; x_wconf 81' lang='grc' dir='ltr'><strong>γάρ</strong></span> 
     </span>
    </p>
   </div>
   <div class='ocr_carea' id='block_1_68' title="bbox 420 4828 1995 4901">
    <p class='ocr_par' dir='ltr' id='par_1_68' title="bbox 420 4828 1995 4901">
     <span class='ocr_line' id='line_1_68' title="bbox 420 4828 1995 4901; baseline -0.001 -17"><span class='ocrx_word' id='word_1_523' title='bbox 420 4832 567 4884; x_wconf 79' lang='grc' dir='ltr'>ἔστιν</span> <span class='ocrx_word' id='word_1_524' title='bbox 603 4832 867 4900; x_wconf 87' lang='grc' dir='ltr'>ἁμαρτεῖν</span> <span class='ocrx_word' id='word_1_525' title='bbox 899 4829 997 4898; x_wconf 78' lang='grc' dir='ltr'>τῆς</span> <span class='ocrx_word' id='word_1_526' title='bbox 1029 4828 1259 4895; x_wconf 77' lang='grc' dir='ltr'>ἐλπίδος,</span> <span class='ocrx_word' id='word_1_527' title='bbox 1295 4829 1414 4882; x_wconf 83' lang='grc' dir='ltr'>οὐδὲ</span> <span class='ocrx_word' id='word_1_528' title='bbox 1441 4830 1787 4901; x_wconf 88' lang='grc' dir='ltr'>ἀνεκδίκητον</span> <span class='ocrx_word' id='word_1_529' title='bbox 1818 4833 1995 4900; x_wconf 86' lang='grc' dir='ltr'>μεῖναι</span> 
     </span>
    </p>
   </div>
   <div class='ocr_carea' id='block_1_69' title="bbox 418 4917 1997 4990">
    <p class='ocr_par' dir='ltr' id='par_1_69' title="bbox 418 4917 1997 4990">
     <span class='ocr_line' id='line_1_69' title="bbox 418 4917 1997 4990; baseline -0.001 -16"><span class='ocrx_word' id='word_1_530' title='bbox 418 4922 509 4974; x_wconf 79' lang='grc' dir='ltr'><strong>τὸν</strong></span> <span class='ocrx_word' id='word_1_531' title='bbox 535 4921 620 4974; x_wconf 76' lang='grc' dir='ltr'>ἀεὶ</span> <span class='ocrx_word' id='word_1_532' title='bbox 645 4917 1050 4990; x_wconf 84' lang='grc' dir='ltr'>παρεδρεύοντα</span> <span class='ocrx_word' id='word_1_533' title='bbox 1075 4918 1154 4988; x_wconf 79' lang='grc' dir='ltr'>τῷ</span> <span class='ocrx_word' id='word_1_534' title='bbox 1176 4918 1313 4988; x_wconf 80' lang='grc' dir='ltr'>Θεῷ.</span> <span class='ocrx_word' id='word_1_535' title='bbox 1338 4920 1398 4971; x_wconf 88' lang='grc' dir='ltr'>Εί</span> <span class='ocrx_word' id='word_1_536' title='bbox 1423 4919 1479 4971; x_wconf 76' lang='grc' dir='ltr'>δὲ</span> <span class='ocrx_word' id='word_1_537' title='bbox 1512 4920 1610 4989; x_wconf 84' lang='grc' dir='ltr'>τὴν</span> <span class='ocrx_word' id='word_1_538' title='bbox 1637 4922 1693 4973; x_wconf 83' lang='grc' dir='ltr'>ὲν</span> <span class='ocrx_word' id='word_1_539' title='bbox 1717 4919 1794 4989; x_wconf 81' lang='grc' dir='ltr'><strong>τῷ</strong></span> <span class='ocrx_word' id='word_1_540' title='bbox 1824 4921 1997 4988; x_wconf 86' lang='grc' dir='ltr'>Εὑαγ-</span> 
     </span>
    </p>
   </div>
   <div class='ocr_carea' id='block_1_70' title="bbox 420 5010 1994 5083">
    <p class='ocr_par' dir='ltr' id='par_1_70' title="bbox 420 5010 1994 5083">
     <span class='ocr_line' id='line_1_70' title="bbox 420 5010 1994 5083; baseline 0.011 -2"><span class='ocrx_word' id='word_1_541' title='bbox 420 5013 581 5083; x_wconf 81' lang='grc' dir='ltr'>Υελίῳ</span> <span class='ocrx_word' id='word_1_542' title='bbox 611 5013 807 5081; x_wconf 72' lang='grc' dir='ltr'>χήραν,</span> <span class='ocrx_word' id='word_1_543' title='bbox 852 5011 1157 5081; x_wconf 78' lang='grc' dir='ltr'>ῆπροσῆγε</span> <span class='ocrx_word' id='word_1_544' title='bbox 1201 5010 1300 5080; x_wconf 73' lang='grc' dir='ltr'>μὲν</span> <span class='ocrx_word' id='word_1_545' title='bbox 1336 5011 1391 5063; x_wconf 66' lang='grc' dir='ltr'><strong>οὐ</strong></span> <span class='ocrx_word' id='word_1_546' title='bbox 1433 5010 1798 5082; x_wconf 68' lang='grc' dir='ltr'>φιλανθρώπῳ</span> <span class='ocrx_word' id='word_1_547' title='bbox 1836 5013 1994 5080; x_wconf 77' lang='grc' dir='ltr'>κριτῇ</span> 
     </span>
    </p>
   </div>
   <div class='ocr_carea' id='block_1_71' title="bbox 420 5099 1991 5171">
    <p class='ocr_par' dir='ltr' id='par_1_71' title="bbox 420 5099 1991 5171">
     <span class='ocr_line' id='line_1_71' title="bbox 420 5099 1991 5171; baseline 0.001 -18"><span class='ocrx_word' id='word_1_548' title='bbox 420 5103 480 5154; x_wconf 83' lang='grc' dir='ltr'><strong>τὸ</strong></span> <span class='ocrx_word' id='word_1_549' title='bbox 513 5102 610 5171; x_wconf 82' lang='grc' dir='ltr'><strong>τῆς</strong></span> <span class='ocrx_word' id='word_1_550' title='bbox 636 5100 849 5163; x_wconf 86' lang='grc' dir='ltr'>ἀδικίας</span> <span class='ocrx_word' id='word_1_551' title='bbox 882 5099 1112 5169; x_wconf 86' lang='grc' dir='ltr'>μέγεθος</span> <span class='ocrx_word' id='word_1_552' title='bbox 1139 5140 1153 5164; x_wconf 94' lang='grc'><strong>,</strong></span> <span class='ocrx_word' id='word_1_553' title='bbox 1182 5102 1214 5170; x_wconf 82' lang='grc' dir='ltr'>ἡ</span> <span class='ocrx_word' id='word_1_554' title='bbox 1241 5100 1297 5151; x_wconf 87' lang='grc' dir='ltr'><strong>δὲ</strong></span> <span class='ocrx_word' id='word_1_555' title='bbox 1330 5100 1495 5170; x_wconf 82' lang='grc' dir='ltr'>πολλὴ</span> <span class='ocrx_word' id='word_1_556' title='bbox 1525 5101 1652 5171; x_wconf 76' lang='grc' dir='ltr'>περὶ</span> <span class='ocrx_word' id='word_1_557' title='bbox 1680 5103 1777 5170; x_wconf 73' lang='grc' dir='ltr'>τὴν</span> <span class='ocrx_word' id='word_1_558' title='bbox 1808 5100 1991 5171; x_wconf 82' lang='grc' dir='ltr'>δέησιν</span> 
     </span>
    </p>
   </div>
   <div class='ocr_carea' id='block_1_72' title="bbox 425 5191 1993 5264">
    <p class='ocr_par' dir='ltr' id='par_1_72' title="bbox 425 5191 1993 5264">
     <span class='ocr_line' id='line_1_72' title="bbox 425 5191 1993 5264; baseline 0 -18"><span class='ocrx_word' id='word_1_559' title='bbox 425 5194 587 5264; x_wconf 64' lang='grc' dir='ltr'>σχολὴ</span> <span class='ocrx_word' id='word_1_560' title='bbox 619 5195 713 5247; x_wconf 77' lang='grc' dir='ltr'>καὶ</span> <span class='ocrx_word' id='word_1_561' title='bbox 744 5193 1012 5264; x_wconf 86' lang='grc' dir='ltr'>καρτερία</span> <span class='ocrx_word' id='word_1_562' title='bbox 1041 5193 1313 5263; x_wconf 79' lang='grc' dir='ltr'>νικήσασα</span> <span class='ocrx_word' id='word_1_563' title='bbox 1345 5191 1436 5244; x_wconf 86' lang='grc' dir='ltr'><strong>τοῦ</strong></span> <span class='ocrx_word' id='word_1_564' title='bbox 1470 5192 1722 5245; x_wconf 85' lang='grc' dir='ltr'>δικαστοῦ</span> <span class='ocrx_word' id='word_1_565' title='bbox 1753 5193 1844 5246; x_wconf 86' lang='grc' dir='ltr'><strong>τὸν</strong></span> <span class='ocrx_word' id='word_1_566' title='bbox 1877 5192 1993 5264; x_wconf 67' lang='grc' dir='ltr'>τρόο</span> 
     </span>
    </p>
   </div>
   <div class='ocr_carea' id='block_1_73' title="bbox 424 5282 1990 5357">
    <p class='ocr_par' dir='ltr' id='par_1_73' title="bbox 424 5282 1990 5357">
     <span class='ocr_line' id='line_1_73' title="bbox 424 5282 1990 5357; baseline 0 -19"><span class='ocrx_word' id='word_1_567' title='bbox 424 5304 547 5352; x_wconf 87' lang='grc' dir='ltr'>πον,</span> <span class='ocrx_word' id='word_1_568' title='bbox 583 5286 806 5339; x_wconf 68' lang='grc' dir='ltr'>ἐκκαλεῖ</span> <span class='ocrx_word' id='word_1_569' title='bbox 851 5286 987 5357; x_wconf 86' lang='grc' dir='ltr'>πρὸς</span> <span class='ocrx_word' id='word_1_570' title='bbox 1031 5284 1130 5355; x_wconf 78' lang='grc' dir='ltr'>τὴν</span> <span class='ocrx_word' id='word_1_571' title='bbox 1171 5282 1264 5337; x_wconf 86' lang='grc' dir='ltr'><strong>τοῦ</strong></span> <span class='ocrx_word' id='word_1_572' title='bbox 1300 5284 1649 5354; x_wconf 81' lang='grc' dir='ltr'>ἀδικήσαντος</span> <span class='ocrx_word' id='word_1_573' title='bbox 1687 5285 1990 5355; x_wconf 87' lang='grc' dir='ltr'>τιμωρίαν·</span> 
     </span>
    </p>
   </div>
   <div class='ocr_carea' id='block_1_74' title="bbox 428 5375 1993 5450">
    <p class='ocr_par' dir='ltr' id='par_1_74' title="bbox 428 5375 1993 5450">
     <span class='ocr_line' id='line_1_74' title="bbox 428 5375 1993 5450; baseline -0.003 -18"><span class='ocrx_word' id='word_1_574' title='bbox 428 5380 501 5450; x_wconf 82' lang='grc' dir='ltr'>μὴ</span> <span class='ocrx_word' id='word_1_575' title='bbox 532 5379 707 5432; x_wconf 89' lang='grc' dir='ltr'>τοίνυν</span> <span class='ocrx_word' id='word_1_576' title='bbox 736 5377 869 5448; x_wconf 83' lang='grc' dir='ltr'>μηδὲ</span> <span class='ocrx_word' id='word_1_577' title='bbox 916 5377 979 5430; x_wconf 85' lang='grc' dir='ltr'><strong>σὺ</strong></span> <span class='ocrx_word' id='word_1_578' title='bbox 1024 5376 1455 5447; x_wconf 70' lang='grc' dir='ltr'>προσευχόμενος</span> <span class='ocrx_word' id='word_1_579' title='bbox 1496 5375 1755 5445; x_wconf 79' lang='grc' dir='ltr'>ἀπείπῃς.</span> <span class='ocrx_word' id='word_1_580' title='bbox 1794 5375 1855 5429; x_wconf 74' lang='lat' dir='ltr'><strong>Et</strong></span> <span class='ocrx_word' id='word_1_581' title='bbox 1885 5375 1993 5445; x_wconf 80' lang='grc' dir='ltr'>γὰρ</span> 
     </span>
    </p>
   </div>
   <div class='ocr_carea' id='block_1_75' title="bbox 501 5578 1059 5642">
    <p class='ocr_par' dir='ltr' id='par_1_75' title="bbox 501 5578 1059 5642">
     <span class='ocr_line' id='line_1_75' title="bbox 501 5578 1059 5642; baseline 0.011 -16"><span class='ocrx_word' id='word_1_582' title='bbox 501 5578 542 5607; x_wconf 82' lang='grc'><strong>¹⁸</strong></span> <span class='ocrx_word' id='word_1_583' title='bbox 584 5578 739 5634; x_wconf 72' lang='lat' dir='ltr'><strong>ltom.</strong></span> <span class='ocrx_word' id='word_1_584' title='bbox 779 5595 819 5642; x_wconf 85' lang='grc' dir='ltr'><strong>ι,</strong></span> <span class='ocrx_word' id='word_1_585' title='bbox 873 5578 1059 5634; x_wconf 70' lang='lat'><strong>28-52.</strong></span> 
     </span>
    </p>
   </div>
   <div class='ocr_carea' id='block_1_76' title="bbox 1164 5578 1840 5648">
    <p class='ocr_par' dir='ltr' id='par_1_76' title="bbox 1164 5578 1840 5648">
     <span class='ocr_line' id='line_1_76' title="bbox 1164 5578 1840 5648; baseline 0.01 -18"><span class='ocrx_word' id='word_1_586' title='bbox 1164 5580 1205 5613; x_wconf 73' lang='grc' dir='ltr'><strong>ιν</strong></span> <span class='ocrx_word' id='word_1_587' title='bbox 1248 5578 1393 5633; x_wconf 87' lang='lat' dir='ltr'><strong>Psal.</strong></span> <span class='ocrx_word' id='word_1_588' title='bbox 1433 5594 1591 5643; x_wconf 81' lang='lat' dir='ltr'><strong>xvm,</strong></span> <span class='ocrx_word' id='word_1_589' title='bbox 1634 5581 1720 5648; x_wconf 79' lang='grc'><strong>15,</strong></span> <span class='ocrx_word' id='word_1_590' title='bbox 1754 5582 1840 5637; x_wconf 72' lang='lat' dir='ltr'><strong>Ui.</strong></span> 
     </span>
    </p>
   </div>
   <div class='ocr_carea' id='block_1_77' title="bbox 430 5647 905 5713">
    <p class='ocr_par' dir='ltr' id='par_1_77' title="bbox 430 5647 905 5713">
     <span class='ocr_line' id='line_1_77' title="bbox 430 5647 905 5713; baseline 0.015 -14"><span class='ocrx_word' id='word_1_591' title='bbox 430 5647 475 5677; x_wconf 77' lang='grc'>’³</span> <span class='ocrx_word' id='word_1_592' title='bbox 501 5647 654 5705; x_wconf 83' lang='lat' dir='ltr'><strong>Deut.</strong></span> <span class='ocrx_word' id='word_1_593' title='bbox 689 5665 819 5713; x_wconf 75' lang='lat' dir='ltr'><strong>xx&quot;,</strong></span> <span class='ocrx_word' id='word_1_594' title='bbox 852 5650 905 5705; x_wconf 91' lang='lat'><strong>9.</strong></span> 
     </span>
    </p>
   </div>
   <div class='ocr_carea' id='block_1_78' title="bbox 993 5650 1598 5718">
    <p class='ocr_par' dir='ltr' id='par_1_78' title="bbox 993 5650 1598 5718">
     <span class='ocr_line' id='line_1_78' title="bbox 993 5650 1598 5718; baseline -0.007 -12"><span class='ocrx_word' id='word_1_595' title='bbox 993 5650 1040 5682; x_wconf 71' lang='grc'><strong>¹¹⁵</strong></span> <span class='ocrx_word' id='word_1_596' title='bbox 1062 5650 1193 5705; x_wconf 87' lang='lat' dir='ltr'><strong>Luc.</strong></span> <span class='ocrx_word' id='word_1_597' title='bbox 1228 5652 1381 5717; x_wconf 70' lang='lat' dir='ltr'><strong>iii-iu,</strong></span> <span class='ocrx_word' id='word_1_598' title='bbox 1415 5650 1449 5703; x_wconf 84' lang='lat'><strong>5</strong></span> <span class='ocrx_word' id='word_1_599' title='bbox 1477 5665 1598 5718; x_wconf 86' lang='lat' dir='ltr'><strong>sqq.</strong></span> 
     </span>
    </p>
   </div>
   <div class='ocr_carea' id='block_1_79' title="bbox 1942 5582 3047 5655">
    <p class='ocr_par' dir='ltr' id='par_1_79' title="bbox 1942 5582 3047 5655">
     <span class='ocr_line' id='line_1_79' title="bbox 1942 5582 3047 5655; baseline -0.001 -17"><span class='ocrx_word' id='word_1_600' title='bbox 1942 5583 1989 5616; x_wconf 84' lang='grc'><strong>¹⁰</strong></span> <span class='ocrx_word' id='word_1_601' title='bbox 2016 5583 2036 5638; x_wconf 85' lang='lat' dir='ltr'><strong>i</strong></span> <span class='ocrx_word' id='word_1_602' title='bbox 2064 5582 2191 5640; x_wconf 87' lang='lat' dir='ltr'><strong>Cor.</strong></span> <span class='ocrx_word' id='word_1_603' title='bbox 2237 5599 2319 5649; x_wconf 83' lang='lat' dir='ltr'><strong>in,</strong></span> <span class='ocrx_word' id='word_1_604' title='bbox 2355 5583 2442 5640; x_wconf 82' lang='lat' dir='ltr'><strong>l7.</strong></span> <span class='ocrx_word' id='word_1_605' title='bbox 2519 5582 2761 5655; x_wconf 23' lang='lat' dir='ltr'><strong>“‘Deut.</strong></span> <span class='ocrx_word' id='word_1_606' title='bbox 2791 5600 2926 5648; x_wconf 70' lang='lat' dir='ltr'><strong>xxii,</strong></span> <span class='ocrx_word' id='word_1_607' title='bbox 2964 5584 3047 5638; x_wconf 86' lang='grc'>10.</span> 
     </span>
    </p>
   </div>
   <div class='ocr_carea' id='block_1_80' title="bbox 2061 1823 3624 1896">
    <p class='ocr_par' dir='ltr' id='par_1_80' title="bbox 2061 1823 3624 1896">
     <span class='ocr_line' id='line_1_80' title="bbox 2061 1823 3624 1896; baseline 0.004 -20"><span class='ocrx_word' id='word_1_608' title='bbox 2061 1823 2303 1893; x_wconf 91' lang='lat' dir='ltr'><strong>Spiritus</strong></span> <span class='ocrx_word' id='word_1_609' title='bbox 2336 1823 2630 1892; x_wconf 87' lang='lat' dir='ltr'><strong>potentiam</strong></span> <span class='ocrx_word' id='word_1_610' title='bbox 2691 1824 3090 1893; x_wconf 86' lang='lat' dir='ltr'><strong>opitulatricem</strong></span> <span class='ocrx_word' id='word_1_611' title='bbox 3124 1830 3504 1896; x_wconf 86' lang='lat' dir='ltr'><strong>assumpserit.</strong></span> <span class='ocrx_word' id='word_1_612' title='bbox 3536 1829 3624 1883; x_wconf 65' lang='lat' dir='ltr'><strong>ld~</strong></span> 
     </span>
    </p>
   </div>
   <div class='ocr_carea' id='block_1_81' title="bbox 2057 1913 3627 1984">
    <p class='ocr_par' dir='ltr' id='par_1_81' title="bbox 2057 1913 3627 1984">
     <span class='ocr_line' id='line_1_81' title="bbox 2057 1913 3627 1984; baseline 0.002 -14"><span class='ocrx_word' id='word_1_613' title='bbox 2057 1916 2207 1970; x_wconf 91' lang='lat' dir='ltr'><strong>circo</strong></span> <span class='ocrx_word' id='word_1_614' title='bbox 2246 1916 2323 1968; x_wconf 89' lang='lat' dir='ltr'><strong>ait</strong></span> <span class='ocrx_word' id='word_1_615' title='bbox 2354 1913 2554 1968; x_wconf 84' lang='lat' dir='ltr'><strong>David;</strong></span> <span class='ocrx_word' id='word_1_616' title='bbox 2587 1933 2605 1966; x_wconf 85' lang='grc'><em>‹</em></span> <span class='ocrx_word' id='word_1_617' title='bbox 2645 1913 2729 1968; x_wconf 83' lang='grc' dir='ltr'><strong>Αι›</strong></span> <span class='ocrx_word' id='word_1_618' title='bbox 2760 1915 2989 1970; x_wconf 87' lang='lat' dir='ltr'><strong>occultis</strong></span> <span class='ocrx_word' id='word_1_619' title='bbox 3024 1917 3159 1972; x_wconf 88' lang='lat' dir='ltr'><strong>meis</strong></span> <span class='ocrx_word' id='word_1_620' title='bbox 3194 1919 3395 1972; x_wconf 88' lang='lat' dir='ltr'><strong>munda</strong></span> <span class='ocrx_word' id='word_1_621' title='bbox 3426 1935 3529 1984; x_wconf 88' lang='lat' dir='ltr'><strong>me,</strong></span> <span class='ocrx_word' id='word_1_622' title='bbox 3575 1930 3627 1973; x_wconf 87' lang='lat' dir='ltr'><strong>et</strong></span> 
     </span>
    </p>
   </div>
   <div class='ocr_carea' id='block_1_82' title="bbox 2059 2006 3628 2076">
    <p class='ocr_par' dir='ltr' id='par_1_82' title="bbox 2059 2006 3628 2076">
     <span class='ocr_line' id='line_1_82' title="bbox 2059 2006 3628 2076; baseline 0.001 -14"><span class='ocrx_word' id='word_1_623' title='bbox 2059 2009 2127 2062; x_wconf 85' lang='lat' dir='ltr'><strong>ab</strong></span> <span class='ocrx_word' id='word_1_624' title='bbox 2157 2008 2350 2062; x_wconf 89' lang='lat' dir='ltr'><strong>alienis</strong></span> <span class='ocrx_word' id='word_1_625' title='bbox 2379 2022 2543 2076; x_wconf 87' lang='lat' dir='ltr'><strong>parce</strong></span> <span class='ocrx_word' id='word_1_626' title='bbox 2572 2020 2731 2059; x_wconf 87' lang='lat' dir='ltr'><strong>servo</strong></span> <span class='ocrx_word' id='word_1_627' title='bbox 2790 2015 2883 2060; x_wconf 92' lang='lat' dir='ltr'><strong>tuo</strong></span> <span class='ocrx_word' id='word_1_628' title='bbox 2907 2007 2972 2060; x_wconf 70' lang='grc' dir='ltr'><strong>ι’.</strong></span> <span class='ocrx_word' id='word_1_629' title='bbox 3013 2026 3032 2059; x_wconf 82' lang='grc' dir='ltr'><strong>ι</strong></span> <span class='ocrx_word' id='word_1_630' title='bbox 3098 2006 3232 2061; x_wconf 90' lang='lat' dir='ltr'><strong>Nam</strong></span> <span class='ocrx_word' id='word_1_631' title='bbox 3288 2025 3355 2063; x_wconf 80' lang='lat' dir='ltr'><strong>ex</strong></span> <span class='ocrx_word' id='word_1_632' title='bbox 3412 2009 3628 2064; x_wconf 86' lang='lat' dir='ltr'><strong>duobus</strong></span> 
     </span>
    </p>
   </div>
   <div class='ocr_carea' id='block_1_83' title="bbox 2061 2097 3625 2162">
    <p class='ocr_par' dir='ltr' id='par_1_83' title="bbox 2061 2097 3625 2162">
     <span class='ocr_line' id='line_1_83' title="bbox 2061 2097 3625 2162; baseline -0.001 -9"><span class='ocrx_word' id='word_1_633' title='bbox 2061 2113 2206 2154; x_wconf 91' lang='lat' dir='ltr'><strong>unus</strong></span> <span class='ocrx_word' id='word_1_634' title='bbox 2241 2099 2405 2151; x_wconf 85' lang='lat' dir='ltr'><strong>homo</strong></span> <span class='ocrx_word' id='word_1_635' title='bbox 2460 2111 2742 2151; x_wconf 82' lang='lat' dir='ltr'><strong>connexus</strong></span> <span class='ocrx_word' id='word_1_636' title='bbox 2780 2103 2885 2162; x_wconf 83' lang='lat' dir='ltr'><strong>est,</strong></span> <span class='ocrx_word' id='word_1_637' title='bbox 2935 2111 2998 2150; x_wconf 77' lang='lat' dir='ltr'><strong>ex</strong></span> <span class='ocrx_word' id='word_1_638' title='bbox 3030 2097 3212 2150; x_wconf 87' lang='lat' dir='ltr'><strong>animo</strong></span> <span class='ocrx_word' id='word_1_639' title='bbox 3268 2099 3520 2153; x_wconf 88' lang='lat' dir='ltr'><strong>videlicet</strong></span> <span class='ocrx_word' id='word_1_640' title='bbox 3572 2110 3625 2153; x_wconf 88' lang='lat' dir='ltr'><strong>et</strong></span> 
     </span>
    </p>
   </div>
   <div class='ocr_carea' id='block_1_84' title="bbox 2061 2190 3627 2262">
    <p class='ocr_par' dir='ltr' id='par_1_84' title="bbox 2061 2190 3627 2262">
     <span class='ocr_line' id='line_1_84' title="bbox 2061 2190 3627 2262; baseline -0.001 -15"><span class='ocrx_word' id='word_1_641' title='bbox 2061 2208 2309 2262; x_wconf 85' lang='lat' dir='ltr'><strong>corpore.</strong></span> <span class='ocrx_word' id='word_1_642' title='bbox 2372 2192 2549 2260; x_wconf 86' lang='lat' dir='ltr'><strong>Atque</strong></span> <span class='ocrx_word' id='word_1_643' title='bbox 2613 2190 2716 2245; x_wconf 89' lang='lat' dir='ltr'><strong>hoc</strong></span> <span class='ocrx_word' id='word_1_644' title='bbox 2773 2190 2993 2260; x_wconf 90' lang='lat' dir='ltr'><strong>quidem</strong></span> <span class='ocrx_word' id='word_1_645' title='bbox 3051 2197 3205 2244; x_wconf 80' lang='lat' dir='ltr'><strong>extra</strong></span> <span class='ocrx_word' id='word_1_646' title='bbox 3269 2192 3446 2260; x_wconf 87' lang='lat' dir='ltr'><strong>ipsum</strong></span> <span class='ocrx_word' id='word_1_647' title='bbox 3496 2201 3627 2247; x_wconf 85' lang='lat' dir='ltr'><strong>est:</strong></span> 
     </span>
    </p>
   </div>
   <div class='ocr_carea' id='block_1_85' title="bbox 2064 2281 3629 2350">
    <p class='ocr_par' dir='ltr' id='par_1_85' title="bbox 2064 2281 3629 2350">
     <span class='ocr_line' id='line_1_85' title="bbox 2064 2281 3629 2350; baseline -0.001 -13"><span class='ocrx_word' id='word_1_648' title='bbox 2064 2284 2278 2337; x_wconf 88' lang='lat' dir='ltr'><strong>animus</strong></span> <span class='ocrx_word' id='word_1_649' title='bbox 2313 2291 2493 2335; x_wconf 89' lang='lat' dir='ltr'><strong>autem</strong></span> <span class='ocrx_word' id='word_1_650' title='bbox 2548 2281 2696 2335; x_wconf 86' lang='lat' dir='ltr'><strong>intus</strong></span> <span class='ocrx_word' id='word_1_651' title='bbox 2757 2289 2976 2350; x_wconf 89' lang='lat' dir='ltr'><strong>propter</strong></span> <span class='ocrx_word' id='word_1_652' title='bbox 3012 2283 3178 2334; x_wconf 91' lang='lat' dir='ltr'><strong>vitam</strong></span> <span class='ocrx_word' id='word_1_653' title='bbox 3237 2289 3438 2337; x_wconf 87' lang='lat' dir='ltr'><strong>manet.</strong></span> <span class='ocrx_word' id='word_1_654' title='bbox 3480 2283 3629 2348; x_wconf 86' lang='lat' dir='ltr'><strong>Qua-</strong></span> 
     </span>
    </p>
   </div>
   <div class='ocr_carea' id='block_1_86' title="bbox 2067 2370 3631 2444">
    <p class='ocr_par' dir='ltr' id='par_1_86' title="bbox 2067 2370 3631 2444">
     <span class='ocr_line' id='line_1_86' title="bbox 2067 2370 3631 2444; baseline 0.001 -18"><span class='ocrx_word' id='word_1_655' title='bbox 2067 2382 2288 2444; x_wconf 86' lang='lat' dir='ltr'><strong>propter</strong></span> <span class='ocrx_word' id='word_1_656' title='bbox 2320 2372 2597 2425; x_wconf 80' lang='lat' dir='ltr'><strong>liominem</strong></span> <span class='ocrx_word' id='word_1_657' title='bbox 2629 2379 2844 2441; x_wconf 87' lang='lat' dir='ltr'><strong>oportet</strong></span> <span class='ocrx_word' id='word_1_658' title='bbox 2900 2370 3035 2425; x_wconf 92' lang='lat' dir='ltr'><strong>foris</strong></span> <span class='ocrx_word' id='word_1_659' title='bbox 3089 2372 3308 2440; x_wconf 86' lang='lat' dir='ltr'><strong>quidem</strong></span> <span class='ocrx_word' id='word_1_660' title='bbox 3343 2374 3631 2444; x_wconf 80' lang='lat' dir='ltr'><strong>evigilare,</strong></span> 
     </span>
    </p>
   </div>
   <div class='ocr_carea' id='block_1_87' title="bbox 2064 2462 3635 2531">
    <p class='ocr_par' dir='ltr' id='par_1_87' title="bbox 2064 2462 3635 2531">
     <span class='ocr_line' id='line_1_87' title="bbox 2064 2462 3635 2531; baseline 0.001 -13"><span class='ocrx_word' id='word_1_661' title='bbox 2064 2464 2408 2518; x_wconf 85' lang='lat' dir='ltr'><strong>observando</strong></span> <span class='ocrx_word' id='word_1_662' title='bbox 2441 2462 2662 2531; x_wconf 88' lang='lat' dir='ltr'><strong>nequid</strong></span> <span class='ocrx_word' id='word_1_663' title='bbox 2696 2477 2759 2516; x_wconf 82' lang='lat' dir='ltr'><strong>ex</strong></span> <span class='ocrx_word' id='word_1_664' title='bbox 2794 2462 3121 2530; x_wconf 84' lang='lat' dir='ltr'><strong>periculosis</strong></span> <span class='ocrx_word' id='word_1_665' title='bbox 3151 2463 3368 2520; x_wconf 85' lang='lat' dir='ltr'><strong>delictis</strong></span> <span class='ocrx_word' id='word_1_666' title='bbox 3389 2465 3635 2521; x_wconf 81' lang='lat' dir='ltr'><strong>incidens</strong></span> 
     </span>
    </p>
   </div>
   <div class='ocr_carea' id='block_1_88' title="bbox 2066 2551 3636 2624">
    <p class='ocr_par' dir='ltr' id='par_1_88' title="bbox 2066 2551 3636 2624">
     <span class='ocr_line' id='line_1_88' title="bbox 2066 2551 3636 2624; baseline 0.001 -16"><span class='ocrx_word' id='word_1_667' title='bbox 2066 2555 2345 2609; x_wconf 83' lang='lat' dir='ltr'><strong>concutiat</strong></span> <span class='ocrx_word' id='word_1_668' title='bbox 2380 2562 2435 2607; x_wconf 90' lang='lat' dir='ltr'><strong>et</strong></span> <span class='ocrx_word' id='word_1_669' title='bbox 2460 2560 2793 2622; x_wconf 85' lang='lat' dir='ltr'><strong>corrumpat.</strong></span> <span class='ocrx_word' id='word_1_670' title='bbox 2831 2551 2906 2605; x_wconf 90' lang='lat' dir='ltr'><strong>De</strong></span> <span class='ocrx_word' id='word_1_671' title='bbox 2960 2566 3069 2621; x_wconf 90' lang='lat' dir='ltr'><strong>quo</strong></span> <span class='ocrx_word' id='word_1_672' title='bbox 3129 2554 3291 2606; x_wconf 90' lang='lat' dir='ltr'><strong>etiam</strong></span> <span class='ocrx_word' id='word_1_673' title='bbox 3342 2557 3636 2624; x_wconf 80' lang='lat' dir='ltr'><strong>Apostolus</strong></span> 
     </span>
    </p>
   </div>
   <div class='ocr_carea' id='block_1_89' title="bbox 2069 2642 3636 2712">
    <p class='ocr_par' dir='ltr' id='par_1_89' title="bbox 2069 2642 3636 2712">
     <span class='ocr_line' id='line_1_89' title="bbox 2069 2642 3636 2712; baseline 0.002 -16"><span class='ocrx_word' id='word_1_674' title='bbox 2069 2644 2371 2709; x_wconf 86' lang='lat' dir='ltr'><strong>minitatur,</strong></span> <span class='ocrx_word' id='word_1_675' title='bbox 2398 2657 2522 2696; x_wconf 90' lang='lat' dir='ltr'><strong>cum</strong></span> <span class='ocrx_word' id='word_1_676' title='bbox 2559 2642 2673 2696; x_wconf 89' lang='lat' dir='ltr'><strong>ait:</strong></span> <span class='ocrx_word' id='word_1_677' title='bbox 2712 2661 2730 2693; x_wconf 78' lang='grc' dir='ltr'><strong>ι</strong></span> <span class='ocrx_word' id='word_1_678' title='bbox 2772 2642 2831 2695; x_wconf 87' lang='lat' dir='ltr'><strong>Si</strong></span> <span class='ocrx_word' id='word_1_679' title='bbox 2869 2642 2996 2711; x_wconf 92' lang='lat' dir='ltr'><strong>quis</strong></span> <span class='ocrx_word' id='word_1_680' title='bbox 3029 2644 3290 2712; x_wconf 86' lang='lat' dir='ltr'><strong>templqu</strong></span> <span class='ocrx_word' id='word_1_681' title='bbox 3341 2645 3432 2700; x_wconf 88' lang='lat' dir='ltr'><strong>Dei</strong></span> <span class='ocrx_word' id='word_1_682' title='bbox 3466 2646 3636 2699; x_wconf 88' lang='lat' dir='ltr'><strong>viola-</strong></span> 
     </span>
    </p>
   </div>
   <div class='ocr_carea' id='block_1_90' title="bbox 2070 2732 3637 2805">
    <p class='ocr_par' dir='ltr' id='par_1_90' title="bbox 2070 2732 3637 2805">
     <span class='ocr_line' id='line_1_90' title="bbox 2070 2732 3637 2805; baseline 0.002 -17"><span class='ocrx_word' id='word_1_683' title='bbox 2070 2735 2226 2799; x_wconf 86' lang='lat' dir='ltr'><strong>verit,</strong></span> <span class='ocrx_word' id='word_1_684' title='bbox 2288 2735 2566 2805; x_wconf 90' lang='lat' dir='ltr'><strong>disperdct</strong></span> <span class='ocrx_word' id='word_1_685' title='bbox 2624 2749 2749 2789; x_wconf 90' lang='lat' dir='ltr'><strong>eum</strong></span> <span class='ocrx_word' id='word_1_686' title='bbox 2810 2732 2954 2790; x_wconf 89' lang='lat' dir='ltr'><strong>Deus</strong></span> <span class='ocrx_word' id='word_1_687' title='bbox 2975 2734 3043 2788; x_wconf 81' lang='lat'><strong>’°.</strong></span> <span class='ocrx_word' id='word_1_688' title='bbox 3095 2754 3114 2786; x_wconf 77' lang='grc' dir='ltr'><strong>ι</strong></span> <span class='ocrx_word' id='word_1_689' title='bbox 3179 2736 3282 2788; x_wconf 88' lang='lat' dir='ltr'><strong>Par</strong></span> <span class='ocrx_word' id='word_1_690' title='bbox 3344 2747 3427 2792; x_wconf 88' lang='lat' dir='ltr'><strong>est</strong></span> <span class='ocrx_word' id='word_1_691' title='bbox 3472 2740 3637 2792; x_wconf 89' lang='lat' dir='ltr'><strong>etiam</strong></span> 
     </span>
    </p>
   </div>
   <div class='ocr_carea' id='block_1_91' title="bbox 2071 2827 3641 2894">
    <p class='ocr_par' dir='ltr' id='par_1_91' title="bbox 2071 2827 3641 2894">
     <span class='ocr_line' id='line_1_91' title="bbox 2071 2827 3641 2894; baseline 0.003 -14"><span class='ocrx_word' id='word_1_692' title='bbox 2071 2828 2236 2881; x_wconf 90' lang='lat' dir='ltr'><strong>animi</strong></span> <span class='ocrx_word' id='word_1_693' title='bbox 2265 2842 2461 2883; x_wconf 91' lang='lat' dir='ltr'><strong>sensus</strong></span> <span class='ocrx_word' id='word_1_694' title='bbox 2496 2827 2717 2881; x_wconf 90' lang='lat' dir='ltr'><strong>intimos</strong></span> <span class='ocrx_word' id='word_1_695' title='bbox 2749 2829 2897 2880; x_wconf 89' lang='lat' dir='ltr'><strong>omni</strong></span> <span class='ocrx_word' id='word_1_696' title='bbox 2927 2828 3182 2882; x_wconf 88' lang='lat' dir='ltr'><strong>cautione</strong></span> <span class='ocrx_word' id='word_1_697' title='bbox 3234 2831 3536 2894; x_wconf 88' lang='lat' dir='ltr'><strong>custodire,</strong></span> <span class='ocrx_word' id='word_1_698' title='bbox 3572 2847 3641 2886; x_wconf 91' lang='lat' dir='ltr'><strong>ne</strong></span> 
     </span>
    </p>
   </div>
   <div class='ocr_carea' id='block_1_92' title="bbox 2072 2918 3636 2991">
    <p class='ocr_par' dir='ltr' id='par_1_92' title="bbox 2072 2918 3636 2991">
     <span class='ocr_line' id='line_1_92' title="bbox 2072 2918 3636 2991; baseline 0.001 -19"><span class='ocrx_word' id='word_1_699' title='bbox 2072 2935 2177 2988; x_wconf 89' lang='lat' dir='ltr'><strong>qua</strong></span> <span class='ocrx_word' id='word_1_700' title='bbox 2202 2918 2520 2975; x_wconf 88' lang='lat' dir='ltr'><strong>vitiositatis</strong></span> <span class='ocrx_word' id='word_1_701' title='bbox 2541 2919 2679 2973; x_wconf 86' lang='lat' dir='ltr'><strong>ratio</strong></span> <span class='ocrx_word' id='word_1_702' title='bbox 2703 2919 2953 2974; x_wconf 90' lang='lat' dir='ltr'><strong>alicunde</strong></span> <span class='ocrx_word' id='word_1_703' title='bbox 2983 2936 3266 2991; x_wconf 78' lang='lat' dir='ltr'><strong>emergens</strong></span> <span class='ocrx_word' id='word_1_704' title='bbox 3287 2937 3316 2974; x_wconf 88' lang='lat' dir='ltr'><strong>e</strong></span> <span class='ocrx_word' id='word_1_705' title='bbox 3346 2922 3636 2990; x_wconf 83' lang='lat' dir='ltr'><strong>profundo,</strong></span> 
     </span>
    </p>
   </div>
   <div class='ocr_carea' id='block_1_93' title="bbox 2074 3011 3641 3081">
    <p class='ocr_par' dir='ltr' id='par_1_93' title="bbox 2074 3011 3641 3081">
     <span class='ocr_line' id='line_1_93' title="bbox 2074 3011 3641 3081; baseline -0.001 -16"><span class='ocrx_word' id='word_1_706' title='bbox 2074 3011 2372 3081; x_wconf 65' lang='lat' dir='ltr'><strong>depraxato</strong></span> <span class='ocrx_word' id='word_1_707' title='bbox 2402 3012 2868 3081; x_wconf 82' lang='lat' dir='ltr'><strong>pietatisjudicio,</strong></span> <span class='ocrx_word' id='word_1_708' title='bbox 2927 3012 3163 3065; x_wconf 86' lang='lat' dir='ltr'><strong>animam</strong></span> <span class='ocrx_word' id='word_1_709' title='bbox 3197 3014 3262 3065; x_wconf 85' lang='lat' dir='ltr'><strong>ad</strong></span> <span class='ocrx_word' id='word_1_710' title='bbox 3321 3013 3641 3067; x_wconf 83' lang='lat' dir='ltr'><strong>servitutem</strong></span> 
     </span>
    </p>
   </div>
   <div class='ocr_carea' id='block_1_94' title="bbox 2075 3102 3643 3173">
    <p class='ocr_par' dir='ltr' id='par_1_94' title="bbox 2075 3102 3643 3173">
     <span class='ocr_line' id='line_1_94' title="bbox 2075 3102 3643 3173; baseline 0 -16"><span class='ocrx_word' id='word_1_711' title='bbox 2075 3102 2303 3173; x_wconf 81' lang='lat' dir='ltr'><strong>redigat,</strong></span> <span class='ocrx_word' id='word_1_712' title='bbox 2341 3116 2463 3157; x_wconf 86' lang='lat' dir='ltr'><strong>eum</strong></span> <span class='ocrx_word' id='word_1_713' title='bbox 2492 3102 2776 3158; x_wconf 80' lang='lat' dir='ltr'><strong>affectibus</strong></span> <span class='ocrx_word' id='word_1_714' title='bbox 2809 3103 2980 3172; x_wconf 88' lang='lat' dir='ltr'><strong>ipsam</strong></span> <span class='ocrx_word' id='word_1_715' title='bbox 3011 3105 3223 3156; x_wconf 79' lang='lat' dir='ltr'><strong>occulte</strong></span> <span class='ocrx_word' id='word_1_716' title='bbox 3258 3103 3643 3157; x_wconf 85' lang='lat' dir='ltr'><strong>divellentibus</strong></span> 
     </span>
    </p>
   </div>
   <div class='ocr_carea' id='block_1_95' title="bbox 2077 3193 3640 3265">
    <p class='ocr_par' dir='ltr' id='par_1_95' title="bbox 2077 3193 3640 3265">
     <span class='ocr_line' id='line_1_95' title="bbox 2077 3193 3640 3265; baseline 0.001 -18"><span class='ocrx_word' id='word_1_717' title='bbox 2077 3194 2385 3262; x_wconf 87' lang='lat' dir='ltr'><strong>repleverit.</strong></span> <span class='ocrx_word' id='word_1_718' title='bbox 2423 3211 2441 3243; x_wconf 77' lang='grc' dir='ltr'><strong>ι</strong></span> <span class='ocrx_word' id='word_1_719' title='bbox 2489 3193 2608 3247; x_wconf 90' lang='lat' dir='ltr'><strong>Non</strong></span> <span class='ocrx_word' id='word_1_720' title='bbox 2657 3194 2876 3264; x_wconf 81' lang='lat' dir='ltr'><strong>junges,</strong></span> <span class='ocrx_word' id='word_1_721' title='bbox 2917 3213 2935 3245; x_wconf 81' lang='grc' dir='ltr'><strong>ι</strong></span> <span class='ocrx_word' id='word_1_722' title='bbox 2967 3195 3143 3263; x_wconf 85' lang='lat' dir='ltr'><strong>inquit</strong></span> <span class='ocrx_word' id='word_1_723' title='bbox 3177 3195 3366 3248; x_wconf 87' lang='lat' dir='ltr'><strong>beatus</strong></span> <span class='ocrx_word' id='word_1_724' title='bbox 3402 3194 3640 3265; x_wconf 73' lang='lat' dir='ltr'><strong>Moyses,</strong></span> 
     </span>
    </p>
   </div>
   <div class='ocr_carea' id='block_1_96' title="bbox 2082 3285 3645 3355">
    <p class='ocr_par' dir='ltr' id='par_1_96' title="bbox 2082 3285 3645 3355">
     <span class='ocr_line' id='line_1_96' title="bbox 2082 3285 3645 3355; baseline 0.003 -19"><span class='ocrx_word' id='word_1_725' title='bbox 2082 3304 2101 3336; x_wconf 77' lang='grc' dir='ltr'><strong>ι</strong></span> <span class='ocrx_word' id='word_1_726' title='bbox 2136 3287 2190 3337; x_wconf 91' lang='lat' dir='ltr'><strong>in</strong></span> <span class='ocrx_word' id='word_1_727' title='bbox 2232 3300 2357 3338; x_wconf 86' lang='lat' dir='ltr'><strong>arca</strong></span> <span class='ocrx_word' id='word_1_728' title='bbox 2387 3293 2480 3338; x_wconf 87' lang='lat' dir='ltr'><strong>tua</strong></span> <span class='ocrx_word' id='word_1_729' title='bbox 2511 3285 2712 3339; x_wconf 85' lang='lat' dir='ltr'><strong>diversi</strong></span> <span class='ocrx_word' id='word_1_730' title='bbox 2742 3286 2959 3355; x_wconf 80' lang='lat' dir='ltr'><strong>generis</strong></span> <span class='ocrx_word' id='word_1_731' title='bbox 2983 3286 3235 3339; x_wconf 83' lang='lat' dir='ltr'><strong>anim-alia</strong></span> <span class='ocrx_word' id='word_1_732' title='bbox 3266 3287 3447 3351; x_wconf 88' lang='lat' dir='ltr'><strong>simul,</strong></span> <span class='ocrx_word' id='word_1_733' title='bbox 3479 3285 3645 3340; x_wconf 82' lang='lat' dir='ltr'><strong>veluti</strong></span> 
     </span>
    </p>
   </div>
   <div class='ocr_carea' id='block_1_97' title="bbox 2078 3375 3645 3446">
    <p class='ocr_par' dir='ltr' id='par_1_97' title="bbox 2078 3375 3645 3446">
     <span class='ocr_line' id='line_1_97' title="bbox 2078 3375 3645 3446; baseline 0.001 -17"><span class='ocrx_word' id='word_1_734' title='bbox 2078 3375 2268 3429; x_wconf 89' lang='lat' dir='ltr'><strong>bovem</strong></span> <span class='ocrx_word' id='word_1_735' title='bbox 2292 3382 2347 3429; x_wconf 88' lang='lat' dir='ltr'><strong>et</strong></span> <span class='ocrx_word' id='word_1_736' title='bbox 2371 3376 2583 3431; x_wconf 90' lang='lat' dir='ltr'><strong>asinum</strong></span> <span class='ocrx_word' id='word_1_737' title='bbox 2607 3377 2673 3429; x_wconf 83' lang='grc'><strong>²¹.</strong></span> <span class='ocrx_word' id='word_1_738' title='bbox 2697 3375 2882 3445; x_wconf 83' lang='lat' dir='ltr'><strong>Neque</strong></span> <span class='ocrx_word' id='word_1_739' title='bbox 2906 3385 3162 3431; x_wconf 79' lang='lat' dir='ltr'><strong>contexes</strong></span> <span class='ocrx_word' id='word_1_740' title='bbox 3188 3378 3239 3430; x_wconf 90' lang='lat' dir='ltr'><strong>in</strong></span> <span class='ocrx_word' id='word_1_741' title='bbox 3273 3378 3435 3446; x_wconf 84' lang='lat' dir='ltr'><strong>palllo</strong></span> <span class='ocrx_word' id='word_1_742' title='bbox 3466 3378 3645 3431; x_wconf 79' lang='lat' dir='ltr'><strong>lanam</strong></span> 
     </span>
    </p>
   </div>
   <div class='ocr_carea' id='block_1_98' title="bbox 2079 3466 3646 3524">
    <p class='ocr_par' dir='ltr' id='par_1_98' title="bbox 2079 3466 3646 3524">
     <span class='ocr_line' id='line_1_98' title="bbox 2079 3466 3646 3524; baseline 0.002 -4"><span class='ocrx_word' id='word_1_743' title='bbox 2079 3466 2344 3521; x_wconf 90' lang='lat' dir='ltr'><strong>liuo.Non</strong></span> <span class='ocrx_word' id='word_1_744' title='bbox 2364 3468 2512 3522; x_wconf 86' lang='lat' dir='ltr'><strong>coles</strong></span> <span class='ocrx_word' id='word_1_745' title='bbox 2534 3467 2585 3521; x_wconf 93' lang='lat' dir='ltr'><strong>in</strong></span> <span class='ocrx_word' id='word_1_746' title='bbox 2609 3468 2726 3523; x_wconf 90' lang='lat' dir='ltr'><strong>solo</strong></span> <span class='ocrx_word' id='word_1_747' title='bbox 2750 3478 2907 3522; x_wconf 73' lang='lat' dir='ltr'><strong>terra:</strong></span> <span class='ocrx_word' id='word_1_748' title='bbox 2930 3475 3034 3521; x_wconf 73' lang='lat' dir='ltr'><strong>tua:</strong></span> <span class='ocrx_word' id='word_1_749' title='bbox 3058 3469 3165 3521; x_wconf 85' lang='lat' dir='ltr'><strong>duo</strong></span> <span class='ocrx_word' id='word_1_750' title='bbox 3187 3469 3344 3521; x_wconf 87' lang='lat' dir='ltr'><strong>simul</strong></span> <span class='ocrx_word' id='word_1_751' title='bbox 3372 3468 3646 3524; x_wconf 83' lang='lat' dir='ltr'><strong>fructuum</strong></span> 
     </span>
    </p>
   </div>
   <div class='ocr_carea' id='block_1_99' title="bbox 2080 3558 3647 3630">
    <p class='ocr_par' dir='ltr' id='par_1_99' title="bbox 2080 3558 3647 3630">
     <span class='ocr_line' id='line_1_99' title="bbox 2080 3558 3647 3630; baseline -0.001 -17"><span class='ocrx_word' id='word_1_752' title='bbox 2080 3575 2298 3629; x_wconf 87' lang='lat' dir='ltr'><strong>genera.</strong></span> <span class='ocrx_word' id='word_1_753' title='bbox 2316 3558 2503 3630; x_wconf 88' lang='lat' dir='ltr'><strong>Neque</strong></span> <span class='ocrx_word' id='word_1_754' title='bbox 2524 3560 2607 3614; x_wconf 89' lang='lat' dir='ltr'><strong>bis</strong></span> <span class='ocrx_word' id='word_1_755' title='bbox 2631 3575 2724 3630; x_wconf 88' lang='lat' dir='ltr'><strong>per</strong></span> <span class='ocrx_word' id='word_1_756' title='bbox 2742 3575 2943 3613; x_wconf 90' lang='lat' dir='ltr'><strong>annum</strong></span> <span class='ocrx_word' id='word_1_757' title='bbox 2959 3560 3056 3613; x_wconf 80' lang='grc'><strong>³³.»</strong></span> <span class='ocrx_word' id='word_1_758' title='bbox 3079 3561 3290 3613; x_wconf 82' lang='lat' dir='ltr'><strong>Animal</strong></span> <span class='ocrx_word' id='word_1_759' title='bbox 3314 3560 3536 3613; x_wconf 76' lang='lat' dir='ltr'><strong>alterius</strong></span> <span class='ocrx_word' id='word_1_760' title='bbox 3557 3577 3647 3626; x_wconf 44' lang='lat' dir='ltr'><strong>gi:-</strong></span> 
     </span>
    </p>
   </div>
   <div class='ocr_carea' id='block_1_100' title="bbox 2079 3649 3645 3719">
    <p class='ocr_par' dir='ltr' id='par_1_100' title="bbox 2079 3649 3645 3719">
     <span class='ocr_line' id='line_1_100' title="bbox 2079 3649 3645 3719; baseline -0.001 -14"><span class='ocrx_word' id='word_1_761' title='bbox 2079 3651 2228 3706; x_wconf 87' lang='lat' dir='ltr'><strong>neris</strong></span> <span class='ocrx_word' id='word_1_762' title='bbox 2252 3667 2359 3704; x_wconf 88' lang='lat' dir='ltr'><strong>non</strong></span> <span class='ocrx_word' id='word_1_763' title='bbox 2384 3649 2551 3705; x_wconf 85' lang='lat' dir='ltr'><strong>facies</strong></span> <span class='ocrx_word' id='word_1_764' title='bbox 2571 3653 2718 3705; x_wconf 89' lang='lat' dir='ltr'><strong>coire</strong></span> <span class='ocrx_word' id='word_1_765' title='bbox 2738 3666 2862 3705; x_wconf 90' lang='lat' dir='ltr'><strong>cum</strong></span> <span class='ocrx_word' id='word_1_766' title='bbox 2886 3652 3055 3705; x_wconf 87' lang='lat' dir='ltr'><strong>altero</strong></span> <span class='ocrx_word' id='word_1_767' title='bbox 3078 3652 3141 3704; x_wconf 88' lang='lat' dir='ltr'><strong>ad</strong></span> <span class='ocrx_word' id='word_1_768' title='bbox 3168 3650 3560 3719; x_wconf 81' lang='lat' dir='ltr'><strong>procreandum</strong></span> <span class='ocrx_word' id='word_1_769' title='bbox 3579 3654 3645 3704; x_wconf 80' lang='grc'>⁷⁸⁸.</span> 
     </span>
    </p>
   </div>
   <div class='ocr_carea' id='block_1_101' title="bbox 2155 3744 3648 3815">
    <p class='ocr_par' dir='ltr' id='par_1_101' title="bbox 2155 3744 3648 3815">
     <span class='ocr_line' id='line_1_101' title="bbox 2155 3744 3648 3815; baseline 0 -18"><span class='ocrx_word' id='word_1_770' title='bbox 2155 3744 2295 3810; x_wconf 85' lang='lat' dir='ltr'><strong>Quid</strong></span> <span class='ocrx_word' id='word_1_771' title='bbox 2332 3746 2447 3801; x_wconf 84' lang='lat' dir='ltr'><strong>haec</strong></span> <span class='ocrx_word' id='word_1_772' title='bbox 2483 3745 2588 3800; x_wconf 90' lang='lat' dir='ltr'><strong>sibi</strong></span> <span class='ocrx_word' id='word_1_773' title='bbox 2616 3746 2806 3800; x_wconf 86' lang='lat' dir='ltr'><strong>volunt</strong></span> <span class='ocrx_word' id='word_1_774' title='bbox 2837 3746 3164 3815; x_wconf 69' lang='lat' dir='ltr'><strong>aenigmata?</strong></span> <span class='ocrx_word' id='word_1_775' title='bbox 3197 3746 3343 3814; x_wconf 89' lang='lat' dir='ltr'><strong>quod</strong></span> <span class='ocrx_word' id='word_1_776' title='bbox 3375 3746 3427 3798; x_wconf 93' lang='lat' dir='ltr'><strong>in</strong></span> <span class='ocrx_word' id='word_1_777' title='bbox 3457 3746 3648 3800; x_wconf 79' lang='lat' dir='ltr'><strong>eodem</strong></span> 
     </span>
    </p>
   </div>
   <div class='ocr_carea' id='block_1_102' title="bbox 2084 3837 3652 3893">
    <p class='ocr_par' dir='ltr' id='par_1_102' title="bbox 2084 3837 3652 3893">
     <span class='ocr_line' id='line_1_102' title="bbox 2084 3837 3652 3893; baseline 0.002 -4"><span class='ocrx_word' id='word_1_778' title='bbox 2084 3837 2268 3889; x_wconf 87' lang='lat' dir='ltr'><strong>animo</strong></span> <span class='ocrx_word' id='word_1_779' title='bbox 2294 3838 2482 3890; x_wconf 88' lang='lat' dir='ltr'><strong>vitium</strong></span> <span class='ocrx_word' id='word_1_780' title='bbox 2531 3845 2584 3891; x_wconf 89' lang='lat' dir='ltr'><strong>et</strong></span> <span class='ocrx_word' id='word_1_781' title='bbox 2640 3838 2895 3890; x_wconf 91' lang='lat' dir='ltr'><strong>virtutem</strong></span> <span class='ocrx_word' id='word_1_782' title='bbox 2959 3852 3249 3892; x_wconf 83' lang='lat' dir='ltr'><strong>conserere</strong></span> <span class='ocrx_word' id='word_1_783' title='bbox 3277 3839 3419 3891; x_wconf 87' lang='lat' dir='ltr'><strong>inter</strong></span> <span class='ocrx_word' id='word_1_784' title='bbox 3449 3853 3507 3893; x_wconf 89' lang='lat' dir='ltr'><strong>se</strong></span> <span class='ocrx_word' id='word_1_785' title='bbox 3542 3854 3652 3892; x_wconf 85' lang='lat' dir='ltr'><strong>non</strong></span> 
     </span>
    </p>
   </div>
   <div class='ocr_carea' id='block_1_103' title="bbox 2087 3926 3651 3995">
    <p class='ocr_par' dir='ltr' id='par_1_103' title="bbox 2087 3926 3651 3995">
     <span class='ocr_line' id='line_1_103' title="bbox 2087 3926 3651 3995; baseline 0.003 -17"><span class='ocrx_word' id='word_1_786' title='bbox 2087 3934 2360 3995; x_wconf 87' lang='lat' dir='ltr'><strong>oporteat.</strong></span> <span class='ocrx_word' id='word_1_787' title='bbox 2414 3926 2545 3992; x_wconf 68' lang='lat' dir='ltr'><strong>Quae</strong></span> <span class='ocrx_word' id='word_1_788' title='bbox 2578 3928 2945 3995; x_wconf 73' lang='lat' dir='ltr'><strong>temperantis:</strong></span> <span class='ocrx_word' id='word_1_789' title='bbox 3002 3929 3242 3981; x_wconf 82' lang='lat' dir='ltr'><strong>amicitia</strong></span> <span class='ocrx_word' id='word_1_790' title='bbox 3295 3936 3379 3982; x_wconf 90' lang='lat' dir='ltr'><strong>est</strong></span> <span class='ocrx_word' id='word_1_791' title='bbox 3409 3944 3531 3983; x_wconf 91' lang='lat' dir='ltr'><strong>cum</strong></span> <span class='ocrx_word' id='word_1_792' title='bbox 3570 3930 3651 3982; x_wconf 85' lang='lat' dir='ltr'><strong>in-</strong></span> 
     </span>
    </p>
   </div>
   <div class='ocr_carea' id='block_1_104' title="bbox 2086 4016 3652 4086">
    <p class='ocr_par' dir='ltr' id='par_1_104' title="bbox 2086 4016 3652 4086">
     <span class='ocr_line' id='line_1_104' title="bbox 2086 4016 3652 4086; baseline 0.001 -16"><span class='ocrx_word' id='word_1_793' title='bbox 2086 4018 2471 4070; x_wconf 83' lang='lat' dir='ltr'><strong>contiuctitia?</strong></span> <span class='ocrx_word' id='word_1_794' title='bbox 2507 4016 2637 4082; x_wconf 72' lang='lat' dir='ltr'><strong>Quae</strong></span> <span class='ocrx_word' id='word_1_795' title='bbox 2669 4019 2899 4086; x_wconf 71' lang='lat' dir='ltr'><strong>justitia:</strong></span> <span class='ocrx_word' id='word_1_796' title='bbox 2948 4019 3241 4072; x_wconf 88' lang='lat' dir='ltr'><strong>concordia</strong></span> <span class='ocrx_word' id='word_1_797' title='bbox 3283 4029 3367 4073; x_wconf 88' lang='lat' dir='ltr'><strong>est</strong></span> <span class='ocrx_word' id='word_1_798' title='bbox 3414 4036 3537 4073; x_wconf 90' lang='lat' dir='ltr'><strong>cum</strong></span> <span class='ocrx_word' id='word_1_799' title='bbox 3570 4024 3652 4074; x_wconf 60' lang='lat' dir='ltr'><strong>in,</strong></span> 
     </span>
    </p>
   </div>
   <div class='ocr_carea' id='block_1_105' title="bbox 2082 4108 3649 4179">
    <p class='ocr_par' dir='ltr' id='par_1_105' title="bbox 2082 4108 3649 4179">
     <span class='ocr_line' id='line_1_105' title="bbox 2082 4108 3649 4179; baseline 0.005 -19"><span class='ocrx_word' id='word_1_800' title='bbox 2082 4108 2294 4178; x_wconf 83' lang='lat' dir='ltr'><strong>justitia</strong></span> <span class='ocrx_word' id='word_1_801' title='bbox 2320 4109 2341 4161; x_wconf 70' lang='grc' dir='ltr'><strong>ἱ)</strong></span> <span class='ocrx_word' id='word_1_802' title='bbox 2372 4109 2615 4162; x_wconf 79' lang='lat' dir='ltr'><strong>Alterum</strong></span> <span class='ocrx_word' id='word_1_803' title='bbox 2648 4126 2860 4179; x_wconf 83' lang='lat' dir='ltr'><strong>semper</strong></span> <span class='ocrx_word' id='word_1_804' title='bbox 2884 4110 3097 4164; x_wconf 87' lang='lat' dir='ltr'><strong>decedit</strong></span> <span class='ocrx_word' id='word_1_805' title='bbox 3127 4111 3299 4164; x_wconf 82' lang='lat' dir='ltr'><strong>altero</strong></span> <span class='ocrx_word' id='word_1_806' title='bbox 3338 4111 3649 4168; x_wconf 87' lang='lat' dir='ltr'><strong>accedente.</strong></span> 
     </span>
    </p>
   </div>
   <div class='ocr_carea' id='block_1_106' title="bbox 2089 4200 3653 4274">
    <p class='ocr_par' dir='ltr' id='par_1_106' title="bbox 2089 4200 3653 4274">
     <span class='ocr_line' id='line_1_106' title="bbox 2089 4200 3653 4274; baseline 0.004 -22"><span class='ocrx_word' id='word_1_807' title='bbox 2089 4200 2356 4264; x_wconf 88' lang='lat' dir='ltr'><strong>Quocirca</strong></span> <span class='ocrx_word' id='word_1_808' title='bbox 2388 4201 2707 4268; x_wconf 87' lang='lat' dir='ltr'><strong>prudentem</strong></span> <span class='ocrx_word' id='word_1_809' title='bbox 2757 4202 3047 4271; x_wconf 81' lang='lat' dir='ltr'><strong>agricolam</strong></span> <span class='ocrx_word' id='word_1_810' title='bbox 3090 4206 3347 4269; x_wconf 85' lang='lat' dir='ltr'><strong>tanquam</strong></span> <span class='ocrx_word' id='word_1_811' title='bbox 3375 4219 3403 4257; x_wconf 91' lang='lat' dir='ltr'><strong>e</strong></span> <span class='ocrx_word' id='word_1_812' title='bbox 3428 4206 3653 4274; x_wconf 88' lang='lat' dir='ltr'><strong>potabili</strong></span> 
     </span>
    </p>
   </div>
   <div class='ocr_carea' id='block_1_107' title="bbox 2089 4291 3656 4367">
    <p class='ocr_par' dir='ltr' id='par_1_107' title="bbox 2089 4291 3656 4367">
     <span class='ocr_line' id='line_1_107' title="bbox 2089 4291 3656 4367; baseline 0.005 -23"><span class='ocrx_word' id='word_1_813' title='bbox 2089 4299 2143 4344; x_wconf 90' lang='lat' dir='ltr'><strong>et</strong></span> <span class='ocrx_word' id='word_1_814' title='bbox 2180 4291 2326 4344; x_wconf 91' lang='lat' dir='ltr'><strong>bono</strong></span> <span class='ocrx_word' id='word_1_815' title='bbox 2355 4291 2502 4344; x_wconf 89' lang='lat' dir='ltr'><strong>fonte</strong></span> <span class='ocrx_word' id='word_1_816' title='bbox 2530 4306 2698 4360; x_wconf 88' lang='lat' dir='ltr'><strong>puros</strong></span> <span class='ocrx_word' id='word_1_817' title='bbox 2728 4294 3099 4346; x_wconf 88' lang='lat' dir='ltr'><strong>transmittere</strong></span> <span class='ocrx_word' id='word_1_818' title='bbox 3134 4295 3255 4349; x_wconf 83' lang='lat' dir='ltr'><strong>vitae</strong></span> <span class='ocrx_word' id='word_1_819' title='bbox 3315 4296 3463 4350; x_wconf 91' lang='lat' dir='ltr'><strong>rivos</strong></span> <span class='ocrx_word' id='word_1_820' title='bbox 3494 4312 3656 4367; x_wconf 89' lang='lat' dir='ltr'><strong>opor-</strong></span> 
     </span>
    </p>
   </div>
   <div class='ocr_carea' id='block_1_108' title="bbox 2091 4380 3659 4454">
    <p class='ocr_par' dir='ltr' id='par_1_108' title="bbox 2091 4380 3659 4454">
     <span class='ocr_line' id='line_1_108' title="bbox 2091 4380 3659 4454; baseline 0.006 -22"><span class='ocrx_word' id='word_1_821' title='bbox 2091 4388 2187 4441; x_wconf 82' lang='lat' dir='ltr'><strong>tet,</strong></span> <span class='ocrx_word' id='word_1_822' title='bbox 2228 4381 2444 4450; x_wconf 41' lang='lat' dir='ltr'><strong>quippe,</strong></span> <span class='ocrx_word' id='word_1_823' title='bbox 2477 4384 2571 4450; x_wconf 91' lang='lat' dir='ltr'><strong>qui</strong></span> <span class='ocrx_word' id='word_1_824' title='bbox 2619 4381 2733 4435; x_wconf 89' lang='lat' dir='ltr'><strong>sola</strong></span> <span class='ocrx_word' id='word_1_825' title='bbox 2778 4380 2871 4435; x_wconf 92' lang='lat' dir='ltr'><strong>Dei</strong></span> <span class='ocrx_word' id='word_1_826' title='bbox 2917 4383 3132 4436; x_wconf 80' lang='lat' dir='ltr'><strong>novalia</strong></span> <span class='ocrx_word' id='word_1_827' title='bbox 3178 4385 3322 4438; x_wconf 91' lang='lat' dir='ltr'><strong>culta</strong></span> <span class='ocrx_word' id='word_1_828' title='bbox 3370 4388 3541 4454; x_wconf 89' lang='lat' dir='ltr'><strong>novit,</strong></span> <span class='ocrx_word' id='word_1_829' title='bbox 3572 4396 3659 4443; x_wconf 87' lang='lat' dir='ltr'><strong>at-</strong></span> 
     </span>
    </p>
   </div>
   <div class='ocr_carea' id='block_1_109' title="bbox 2093 4473 3659 4550">
    <p class='ocr_par' dir='ltr' id='par_1_109' title="bbox 2093 4473 3659 4550">
     <span class='ocr_line' id='line_1_109' title="bbox 2093 4473 3659 4550; baseline 0.006 -24"><span class='ocrx_word' id='word_1_830' title='bbox 2093 4489 2198 4541; x_wconf 86' lang='lat' dir='ltr'><strong>que</strong></span> <span class='ocrx_word' id='word_1_831' title='bbox 2234 4474 2285 4526; x_wconf 91' lang='lat' dir='ltr'><strong>in</strong></span> <span class='ocrx_word' id='word_1_832' title='bbox 2325 4473 2409 4527; x_wconf 87' lang='lat' dir='ltr'><strong>bis</strong></span> <span class='ocrx_word' id='word_1_833' title='bbox 2436 4488 2533 4544; x_wconf 89' lang='lat' dir='ltr'><strong>per</strong></span> <span class='ocrx_word' id='word_1_834' title='bbox 2561 4474 2725 4527; x_wconf 88' lang='lat' dir='ltr'><strong>vitam</strong></span> <span class='ocrx_word' id='word_1_835' title='bbox 2748 4513 2763 4540; x_wconf 89' lang='lat'><strong>,</strong></span> <span class='ocrx_word' id='word_1_836' title='bbox 2799 4474 3039 4529; x_wconf 86' lang='lat' dir='ltr'><strong>laborem</strong></span> <span class='ocrx_word' id='word_1_837' title='bbox 3101 4477 3412 4545; x_wconf 89' lang='lat' dir='ltr'><strong>impendere</strong></span> <span class='ocrx_word' id='word_1_838' title='bbox 3475 4496 3659 4550; x_wconf 87' lang='lat' dir='ltr'><strong>perse-</strong></span> 
     </span>
    </p>
   </div>
   <div class='ocr_carea' id='block_1_110' title="bbox 2093 4562 3659 4636">
    <p class='ocr_par' dir='ltr' id='par_1_110' title="bbox 2093 4562 3659 4636">
     <span class='ocr_line' id='line_1_110' title="bbox 2093 4562 3659 4636; baseline 0.004 -21"><span class='ocrx_word' id='word_1_839' title='bbox 2093 4570 2285 4626; x_wconf 77' lang='lat' dir='ltr'><strong>verat,</strong></span> <span class='ocrx_word' id='word_1_840' title='bbox 2348 4570 2407 4615; x_wconf 91' lang='lat' dir='ltr'><strong>ut</strong></span> <span class='ocrx_word' id='word_1_841' title='bbox 2462 4562 2713 4631; x_wconf 87' lang='lat' dir='ltr'><strong>quamvis</strong></span> <span class='ocrx_word' id='word_1_842' title='bbox 2767 4571 2991 4617; x_wconf 86' lang='lat' dir='ltr'><strong>externa</strong></span> <span class='ocrx_word' id='word_1_843' title='bbox 3043 4572 3096 4618; x_wconf 90' lang='lat' dir='ltr'><strong>et</strong></span> <span class='ocrx_word' id='word_1_844' title='bbox 3164 4566 3343 4620; x_wconf 87' lang='lat' dir='ltr'><strong>aliena</strong></span> <span class='ocrx_word' id='word_1_845' title='bbox 3411 4569 3659 4636; x_wconf 70' lang='lat' dir='ltr'><strong>quaedam</strong></span> 
     </span>
    </p>
   </div>
   <div class='ocr_carea' id='block_1_111' title="bbox 2098 4654 3663 4727">
    <p class='ocr_par' dir='ltr' id='par_1_111' title="bbox 2098 4654 3663 4727">
     <span class='ocr_line' id='line_1_111' title="bbox 2098 4654 3663 4727; baseline 0.003 -19"><span class='ocrx_word' id='word_1_846' title='bbox 2098 4655 2359 4725; x_wconf 78' lang='lat' dir='ltr'><strong>cogitatio</strong></span> <span class='ocrx_word' id='word_1_847' title='bbox 2410 4654 2728 4723; x_wconf 79' lang='lat' dir='ltr'><strong>subreperet</strong></span> <span class='ocrx_word' id='word_1_848' title='bbox 2755 4654 2807 4707; x_wconf 93' lang='lat' dir='ltr'><strong>in</strong></span> <span class='ocrx_word' id='word_1_849' title='bbox 2833 4656 3050 4709; x_wconf 87' lang='lat' dir='ltr'><strong>occulto</strong></span> <span class='ocrx_word' id='word_1_850' title='bbox 3102 4657 3343 4723; x_wconf 87' lang='lat' dir='ltr'><strong>virtutis,</strong></span> <span class='ocrx_word' id='word_1_851' title='bbox 3393 4660 3485 4727; x_wconf 93' lang='lat' dir='ltr'><strong>qui</strong></span> <span class='ocrx_word' id='word_1_852' title='bbox 3522 4660 3663 4713; x_wconf 88' lang='lat' dir='ltr'><strong>videt</strong></span> 
     </span>
    </p>
   </div>
   <div class='ocr_carea' id='block_1_112' title="bbox 2095 4744 3664 4818">
    <p class='ocr_par' dir='ltr' id='par_1_112' title="bbox 2095 4744 3664 4818">
     <span class='ocr_line' id='line_1_112' title="bbox 2095 4744 3664 4818; baseline 0.003 -20"><span class='ocrx_word' id='word_1_853' title='bbox 2095 4744 2300 4805; x_wconf 79' lang='lat' dir='ltr'><strong>ouinia,</strong></span> <span class='ocrx_word' id='word_1_854' title='bbox 2337 4753 2459 4798; x_wconf 89' lang='lat' dir='ltr'><strong>tuos</strong></span> <span class='ocrx_word' id='word_1_855' title='bbox 2483 4745 2714 4797; x_wconf 89' lang='lat' dir='ltr'><strong>intuitus</strong></span> <span class='ocrx_word' id='word_1_856' title='bbox 2747 4745 2983 4807; x_wconf 84' lang='lat' dir='ltr'><strong>labores.</strong></span> <span class='ocrx_word' id='word_1_857' title='bbox 3018 4746 3127 4800; x_wconf 90' lang='lat' dir='ltr'><strong>cito</strong></span> <span class='ocrx_word' id='word_1_858' title='bbox 3175 4762 3273 4800; x_wconf 89' lang='lat' dir='ltr'><strong>sua</strong></span> <span class='ocrx_word' id='word_1_859' title='bbox 3307 4749 3480 4817; x_wconf 87' lang='lat' dir='ltr'><strong>ipsius</strong></span> <span class='ocrx_word' id='word_1_860' title='bbox 3507 4757 3664 4818; x_wconf 89' lang='lat' dir='ltr'><strong>pote-</strong></span> 
     </span>
    </p>
   </div>
   <div class='ocr_carea' id='block_1_113' title="bbox 2098 4831 3664 4904">
    <p class='ocr_par' dir='ltr' id='par_1_113' title="bbox 2098 4831 3664 4904">
     <span class='ocr_line' id='line_1_113' title="bbox 2098 4831 3664 4904; baseline 0.003 -19"><span class='ocrx_word' id='word_1_861' title='bbox 2098 4843 2239 4885; x_wconf 86' lang='lat' dir='ltr'><strong>state</strong></span> <span class='ocrx_word' id='word_1_862' title='bbox 2266 4831 2523 4885; x_wconf 87' lang='lat' dir='ltr'><strong>latentem</strong></span> <span class='ocrx_word' id='word_1_863' title='bbox 2544 4831 2934 4901; x_wconf 88' lang='lat' dir='ltr'><strong>cogitationum</strong></span> <span class='ocrx_word' id='word_1_864' title='bbox 2969 4832 3209 4886; x_wconf 85' lang='lat' dir='ltr'><strong>radicem</strong></span> <span class='ocrx_word' id='word_1_865' title='bbox 3262 4842 3388 4888; x_wconf 88' lang='lat' dir='ltr'><strong>ante</strong></span> <span class='ocrx_word' id='word_1_866' title='bbox 3443 4850 3664 4904; x_wconf 87' lang='lat' dir='ltr'><strong>germen</strong></span> 
     </span>
    </p>
   </div>
   <div class='ocr_carea' id='block_1_114' title="bbox 2097 4920 3665 4993">
    <p class='ocr_par' dir='ltr' id='par_1_114' title="bbox 2097 4920 3665 4993">
     <span class='ocr_line' id='line_1_114' title="bbox 2097 4920 3665 4993; baseline 0.003 -18"><span class='ocrx_word' id='word_1_867' title='bbox 2097 4921 2403 4985; x_wconf 74' lang='lat' dir='ltr'><strong>exscindat.</strong></span> <span class='ocrx_word' id='word_1_868' title='bbox 2438 4920 2622 4990; x_wconf 86' lang='lat' dir='ltr'><strong>Neque</strong></span> <span class='ocrx_word' id='word_1_869' title='bbox 2650 4923 2794 4976; x_wconf 87' lang='lat' dir='ltr'><strong>enim</strong></span> <span class='ocrx_word' id='word_1_870' title='bbox 2832 4923 2913 4977; x_wconf 84' lang='lat' dir='ltr'><strong>fas</strong></span> <span class='ocrx_word' id='word_1_871' title='bbox 2944 4933 3026 4977; x_wconf 86' lang='lat' dir='ltr'><strong>est</strong></span> <span class='ocrx_word' id='word_1_872' title='bbox 3057 4938 3086 4976; x_wconf 88' lang='lat' dir='ltr'><strong>a</strong></span> <span class='ocrx_word' id='word_1_873' title='bbox 3118 4940 3218 4993; x_wconf 90' lang='lat' dir='ltr'><strong>spe</strong></span> <span class='ocrx_word' id='word_1_874' title='bbox 3247 4926 3531 4990; x_wconf 82' lang='lat' dir='ltr'><strong>aberrare,</strong></span> <span class='ocrx_word' id='word_1_875' title='bbox 3564 4941 3665 4980; x_wconf 89' lang='lat' dir='ltr'><strong>ne-</strong></span> 
     </span>
    </p>
   </div>
   <div class='ocr_carea' id='block_1_115' title="bbox 2099 5010 3665 5086">
    <p class='ocr_par' dir='ltr' id='par_1_115' title="bbox 2099 5010 3665 5086">
     <span class='ocr_line' id='line_1_115' title="bbox 2099 5010 3665 5086; baseline 0.004 -23"><span class='ocrx_word' id='word_1_876' title='bbox 2099 5025 2205 5079; x_wconf 90' lang='lat' dir='ltr'><strong>que</strong></span> <span class='ocrx_word' id='word_1_877' title='bbox 2221 5010 2452 5063; x_wconf 89' lang='lat' dir='ltr'><strong>inultum</strong></span> <span class='ocrx_word' id='word_1_878' title='bbox 2484 5026 2705 5065; x_wconf 88' lang='lat' dir='ltr'><strong>manere</strong></span> <span class='ocrx_word' id='word_1_879' title='bbox 2733 5026 2856 5065; x_wconf 90' lang='lat' dir='ltr'><strong>eum</strong></span> <span class='ocrx_word' id='word_1_880' title='bbox 2876 5012 2966 5080; x_wconf 90' lang='lat' dir='ltr'><strong>qui</strong></span> <span class='ocrx_word' id='word_1_881' title='bbox 2994 5028 3210 5081; x_wconf 83' lang='lat' dir='ltr'><strong>semper</strong></span> <span class='ocrx_word' id='word_1_882' title='bbox 3234 5012 3455 5067; x_wconf 89' lang='lat' dir='ltr'><strong>Numini</strong></span> <span class='ocrx_word' id='word_1_883' title='bbox 3484 5015 3665 5086; x_wconf 65' lang='lat' dir='ltr'><strong>adhae-</strong></span> 
     </span>
    </p>
   </div>
   <div class='ocr_carea' id='block_1_116' title="bbox 2097 5099 3666 5173">
    <p class='ocr_par' dir='ltr' id='par_1_116' title="bbox 2097 5099 3666 5173">
     <span class='ocr_line' id='line_1_116' title="bbox 2097 5099 3666 5173; baseline 0.004 -20"><span class='ocrx_word' id='word_1_884' title='bbox 2097 5108 2199 5155; x_wconf 89' lang='lat' dir='ltr'><strong>ret.</strong></span> <span class='ocrx_word' id='word_1_885' title='bbox 2226 5099 2380 5165; x_wconf 89' lang='lat' dir='ltr'><strong>Quod</strong></span> <span class='ocrx_word' id='word_1_886' title='bbox 2408 5100 2454 5153; x_wconf 88' lang='lat' dir='ltr'><strong>si</strong></span> <span class='ocrx_word' id='word_1_887' title='bbox 2493 5101 2733 5164; x_wconf 87' lang='lat' dir='ltr'><strong>viduam,</strong></span> <span class='ocrx_word' id='word_1_888' title='bbox 2778 5116 2899 5170; x_wconf 70' lang='lat' dir='ltr'><strong>qua:</strong></span> <span class='ocrx_word' id='word_1_889' title='bbox 2930 5102 2985 5155; x_wconf 89' lang='lat' dir='ltr'><strong>iu</strong></span> <span class='ocrx_word' id='word_1_890' title='bbox 3040 5101 3332 5173; x_wconf 79' lang='lat' dir='ltr'><strong>Evangelia</strong></span> <span class='ocrx_word' id='word_1_891' title='bbox 3391 5119 3666 5159; x_wconf 88' lang='lat' dir='ltr'><strong>memora-</strong></span> 
     </span>
    </p>
   </div>
   <div class='ocr_carea' id='block_1_117' title="bbox 2099 5191 3668 5266">
    <p class='ocr_par' dir='ltr' id='par_1_117' title="bbox 2099 5191 3668 5266">
     <span class='ocr_line' id='line_1_117' title="bbox 2099 5191 3668 5266; baseline 0.003 -20"><span class='ocrx_word' id='word_1_892' title='bbox 2099 5199 2190 5246; x_wconf 86' lang='lat' dir='ltr'><strong>tur</strong></span> <span class='ocrx_word' id='word_1_893' title='bbox 2208 5191 2275 5255; x_wconf 73' lang='lat'><strong>”,</strong></span> <span class='ocrx_word' id='word_1_894' title='bbox 2311 5192 2378 5246; x_wconf 87' lang='lat' dir='ltr'><strong>ad</strong></span> <span class='ocrx_word' id='word_1_895' title='bbox 2404 5192 2642 5260; x_wconf 85' lang='lat' dir='ltr'><strong>judicem</strong></span> <span class='ocrx_word' id='word_1_896' title='bbox 2674 5208 2782 5246; x_wconf 91' lang='lat' dir='ltr'><strong>non</strong></span> <span class='ocrx_word' id='word_1_897' title='bbox 2846 5193 3140 5261; x_wconf 81' lang='lat' dir='ltr'><strong>benignum</strong></span> <span class='ocrx_word' id='word_1_898' title='bbox 3174 5194 3402 5248; x_wconf 77' lang='lat' dir='ltr'><strong>adduxit</strong></span> <span class='ocrx_word' id='word_1_899' title='bbox 3456 5197 3668 5266; x_wconf 60' lang='lat' dir='ltr'><strong>injuriaI</strong></span> 
     </span>
    </p>
   </div>
   <div class='ocr_carea' id='block_1_118' title="bbox 2102 5287 3671 5358">
    <p class='ocr_par' dir='ltr' id='par_1_118' title="bbox 2102 5287 3671 5358">
     <span class='ocr_line' id='line_1_118' title="bbox 2102 5287 3671 5358; baseline 0.003 -17"><span class='ocrx_word' id='word_1_900' title='bbox 2102 5287 2457 5357; x_wconf 88' lang='lat' dir='ltr'><strong>magnitudo,</strong></span> <span class='ocrx_word' id='word_1_901' title='bbox 2505 5296 2560 5341; x_wconf 90' lang='lat' dir='ltr'><strong>et</strong></span> <span class='ocrx_word' id='word_1_902' title='bbox 2616 5287 2784 5339; x_wconf 88' lang='lat' dir='ltr'><strong>nmlta</strong></span> <span class='ocrx_word' id='word_1_903' title='bbox 2837 5287 3174 5341; x_wconf 76' lang='lat' dir='ltr'><strong>muliercula:</strong></span> <span class='ocrx_word' id='word_1_904' title='bbox 3239 5291 3291 5342; x_wconf 93' lang='lat' dir='ltr'><strong>in</strong></span> <span class='ocrx_word' id='word_1_905' title='bbox 3357 5293 3671 5358; x_wconf 78' lang='lat' dir='ltr'><strong>precatiore</strong></span> 
     </span>
    </p>
   </div>
   <div class='ocr_carea' id='block_1_119' title="bbox 2103 5376 3675 5448">
    <p class='ocr_par' dir='ltr' id='par_1_119' title="bbox 2103 5376 3675 5448">
     <span class='ocr_line' id='line_1_119' title="bbox 2103 5376 3675 5448; baseline 0.002 -17"><span class='ocrx_word' id='word_1_906' title='bbox 2103 5376 2365 5431; x_wconf 88' lang='lat' dir='ltr'><strong>sedulitas</strong></span> <span class='ocrx_word' id='word_1_907' title='bbox 2396 5390 2459 5429; x_wconf 87' lang='lat' dir='ltr'><strong>ac</strong></span> <span class='ocrx_word' id='word_1_908' title='bbox 2491 5378 2915 5446; x_wconf 80' lang='lat' dir='ltr'><strong>perseverantia,</strong></span> <span class='ocrx_word' id='word_1_909' title='bbox 2961 5376 3167 5445; x_wconf 86' lang='lat' dir='ltr'><strong>judicis</strong></span> <span class='ocrx_word' id='word_1_910' title='bbox 3215 5379 3463 5435; x_wconf 86' lang='lat' dir='ltr'><strong>moribus</strong></span> <span class='ocrx_word' id='word_1_911' title='bbox 3513 5396 3675 5448; x_wconf 81' lang='lat' dir='ltr'><strong>supc-</strong></span> 
     </span>
    </p>
   </div>
   <div class='ocr_carea' id='block_1_120' title="bbox 3141 5585 3671 5651">
    <p class='ocr_par' dir='ltr' id='par_1_120' title="bbox 3141 5585 3671 5651">
     <span class='ocr_line' id='line_1_120' title="bbox 3141 5585 3671 5651; baseline -0.002 -11"><span class='ocrx_word' id='word_1_912' title='bbox 3141 5588 3185 5619; x_wconf 80' lang='grc'><strong>³¹</strong></span> <span class='ocrx_word' id='word_1_913' title='bbox 3227 5585 3400 5643; x_wconf 82' lang='lat' dir='ltr'><strong>Levit.</strong></span> <span class='ocrx_word' id='word_1_914' title='bbox 3441 5604 3551 5651; x_wconf 69' lang='lat' dir='ltr'><strong>XIX,</strong></span> <span class='ocrx_word' id='word_1_915' title='bbox 3586 5586 3671 5640; x_wconf 74' lang='grc'><strong>1⁸).</strong></span> 
     </span>
    </p>
   </div>
  </div>
