4096 6354
453 251 561 308 295

1675 244 1735 300 S.
1775 241 2106 301 GREGORII
2136 243 2432 301 NYSSENI

3601 249 3708 306 2ί¹6

454 362 613 426 ratis,
644 361 823 434 ipsum
853 359 920 416 ad
953 361 1286 431 punitionem
1317 359 1443 430 ejus
1489 359 1584 430 qui
1620 360 1857 428 iniurius
1912 358 2028 415 fue~

2132 361 2192 416 τὸ
2225 361 2439 434 ἐκείνης
2469 361 2596 433 περὶ
2644 361 2744 433 τὴν
2796 360 2978 433 δέησιν
3026 361 3276 428 ἀναιδὲς,
3311 362 3571 434 ἄρχοντος
3608 365 3706 417 ἀν-

454 461 541 508 rat
582 452 841 508 excitavit
875 470 889 507 :
926 469 996 506 ne
1029 467 1162 507 vero
1199 461 1255 506 ιιι
1289 467 1508 522 quoque
1555 452 1612 506 in
1658 452 1869 506 orando
1916 450 2029 506 Deo

455 543 698 599 animum
748 543 1112 614 despondeas.
1150 543 1284 597 Nam
1345 544 1392 600 si
1425 544 1576 597 illius
1602 543 1780 597 viduae
1811 542 2028 598 invere-

455 633 657 692 cundia
712 633 768 688 in
824 633 1100 704 precando
1145 635 1498 702 magistratus
1541 633 1768 686 immitis
1810 640 2029 687 senten-

453 725 585 782 tiam
618 723 787 788 flexit,
821 725 914 793 qui
947 741 1047 779 nos
1075 725 1128 778 in
1167 724 1348 779 studio
1385 724 1569 778 cultus
1605 722 1696 778 Dei
1738 723 2030 794 desperare

453 816 767 874 convenit?
807 815 978 885 Cujus
1027 815 1458 870 misericordiam
1521 829 1664 884 saepe
1740 822 2027 883 poscentes

454 914 800 964 antevertere
827 909 995 962 nosti.
1039 926 1058 958 ι
1105 907 1486 972 ΛΕιιιοίαηιίηἱ,
1525 927 1544 959 ι
1591 909 1767 975 inquit
1793 907 2030 977 Aposto-

453 999 566 1063 lus,
611 1015 632 1050 ι
669 997 980 1068 spiritualia
1020 998 1376 1053 charismata.
1421 997 1486 1050 Et
1524 998 1705 1053 adhuc
1730 999 1814 1052 his
1840 1000 2029 1053 excel-

452 1089 737 1148 lentiorem
768 1092 914 1146 viam
945 1090 1104 1146 vobis
1134 1089 1368 1144 ostendo
1389 1089 1456 1143 ¹⁸.
1514 1088 1572 1143 Si
1624 1091 1824 1160 linguis
1859 1090 2030 1144 homi-

453 1196 585 1238 num
625 1182 819 1252 loquar
856 1188 912 1236 et
947 1179 1284 1250 angelorum,
1330 1179 1654 1233 charitatem
1688 1187 1870 1234 autem
1917 1195 2026 1233 non

451 1272 706 1335 habeam,
735 1271 912 1326 factus
937 1287 1060 1326 sum
1102 1270 1253 1324 velut
1287 1285 1363 1324 aes
1393 1285 1618 1331 sonans,
1666 1278 1761 1323 aut
1813 1271 2028 1340 cymba-

452 1363 567 1420 lum
596 1363 836 1418 tinniens
859 1364 926 1415 ³⁸³.
959 1381 978 1414 ι
1005 1361 1161 1427 Quod
1195 1377 1323 1416 vero
1349 1361 1632 1415 charitatis
1674 1362 1883 1414 lucrum
1932 1361 2025 1426 sit,

453 1454 544 1509 hic
596 1454 876 1508 declarat:
909 1453 1204 1508 cCharitas
1247 1467 1354 1505 non
1400 1453 1708 1516 tumulatur,
1749 1468 1856 1506 non
1901 1467 2026 1522 per-

453 1555 639 1614 peram
673 1544 806 1614 agit.
852 1558 961 1598 non
1020 1542 1261 1606 inﬂatur,
1306 1559 1415 1596 non
1458 1551 1542 1599 est
1580 1545 1890 1607 ambitiosa,
1917 1561 2025 1598 non

451 1633 648 1701 quaerit
681 1645 803 1701 quae
860 1647 960 1684 sua
991 1641 1138 1695 sunt,
1173 1647 1282 1686 non
1339 1631 1616 1696 irritatur,
1663 1647 1770 1687 non
1825 1633 2027 1702 rcgitat

2132 453 2326 522 ηλεοῦς
2373 453 2550 506 ἔκλινε
2587 453 2832 523 γνώμην,
2881 452 2998 515 πῶς
3021 455 3168 522 ἡμᾶς
3195 453 3300 525 χρὴ
3326 455 3426 522 τῆς
3455 455 3583 524 περὶ
3617 455 3710 508 τὸν

2133 544 2266 596 Θεὸν
2305 544 2613 613 ἀπογνῶναι
2651 547 2914 616 σπουδῆς;
2945 541 3019 601 Oi}
3048 547 3106 600 τὸ
3141 547 3286 609 έλεος
3318 547 3538 615 φθάνειν
3563 543 3709 611 οἶδας

2134 634 2394 698 πολλάκις
2413 635 2538 698 τοὺς
2565 635 2868 700 αἰτοῦντας.
2901 656 2919 689 ι
2954 637 3207 709 Ζηλοῦτε,
3243 657 3262 689 ι
3293 638 3455 708 φησὶν
3479 637 3508 688 ὁ
3548 637 3710 690 ’Λπό-

2136 723 2347 788 στολος,
2385 743 2404 776 ι
2447 724 2516 778 τά
2550 727 2894 796 πνευματικά
2942 729 3258 799 χαρίσματα
3281 745 3294 758 ο
3334 729 3428 782 καὶ
3461 728 3542 781 ἔτι
3585 728 3708 782 καθ’

2135 812 2458 883 ὑπερϐολὴν,
2499 814 2616 866 ὁδὸν
2652 815 2780 885 ύμῖν
2815 815 3082 886 δείκνυμι.
3130 817 3255 870 Ἐάν
3288 819 3408 880 ταῖς
3435 814 3708 886 γλώσσαις

2133 902 2242 954 τῶν
2280 903 2580 975 ἀνθρώπων
2627 905 2772 958 λαλῶ
2823 909 2917 960 καὶ
2958 908 3064 961 τῶν
3105 909 3371 976 ἀγγέλων,
3405 909 3626 978 ἀγάπην
3653 909 3708 962 δὲ

2138 990 2213 1061 μή
2236 991 2363 1059 έχω,
2389 994 2585 1060 γέγονα
2606 996 2801 1063 χαλκὸς
2825 998 3042 1068 ἠχῶν,ἥ
3070 998 3346 1068 κύμϐαλον
3373 997 3656 1064 ἀλαλάζον.
3683 1019 3702 1052 ι

2135 1083 2200 1135 Τί
2236 1083 2293 1136 δὲ
2338 1084 2399 1137 τὸ
2437 1085 2623 1156 κέρδος
2664 1090 2764 1157 τῆς
2800 1088 3051 1160 ἀγάπης,
3094 1089 3340 1143 ἐντεῦθεν
3382 1090 3560 1160 δηλοῖ’
3601 1091 3708 1144 «Ἦ

2134 1173 2317 1244 ἀγάπη
2355 1175 2415 1226 ού
2446 1174 2618 1246 ζηλοῖ,
2637 1177 2698 1229 ού
2727 1179 3148 1248 περπερεύεται,
3183 1180 3244 1232 ού
3280 1180 3584 1248 φυσιοῦται,
3609 1181 3709 1232 οὐκ

2133 1265 2450 1334 ἀσχημονεῖ,
2479 1267 2539 1319 ού
2579 1268 2732 1338 ζητεῖ
2757 1271 2825 1322 τά
2853 1271 3070 1341 ἑαυτῆς,
3114 1272 3174 1324 οὺ
3218 1271 3600 1341 παροξύνεται,
3645 1272 3704 1324 ού

2133 1355 2406 1422 λογίζεται
2441 1357 2501 1410 τὸ
2527 1359 2696 1412 κακὸν
2722 1399 2738 1423 ,
2770 1361 2830 1413 οὐ
2861 1362 3040 1432 χαίρει
3073 1364 3140 1434 τῇ
3171 1362 3355 1433 ἀδικίᾳ
3377 1381 3390 1395 ο
3426 1363 3707 1434 συγχαίρει

2133 1447 2198 1515 τῇ
2237 1445 2462 1518 ἀληθείᾳ
2485 1485 2501 1511 ,
2532 1448 2708 1501 πάντα
2745 1450 2957 1518 στέγει,
2989 1451 3165 1504 πάντα
3207 1452 3482 1511 πιστεύει,
3527 1454 3705 1505 πάντα

2134 1537 2377 1602 ἐλπίζει,
2425 1539 2602 1593 πάντα
2643 1541 2922 1611 ὑπομένει·
2969 1545 3001 1614 ή
3038 1543 3226 1616 ἀγάπη
3263 1543 3519 1596 οὐδέποτε
3560 1544 3709 1596 ἐκπί-

2137 1645 2278 1682 πτει.
2309 1649 2327 1680 ι
2371 1629 2436 1682 Τί
2467 1629 2624 1684 τοῦτό
2660 1634 2842 1698 ὲστιν;
2885 1633 2948 1685 Εἰ
2979 1633 3071 1686 καὶ⁸
3102 1634 3210 1686 τῶν
3239 1633 3412 1688 ἀλλων
3439 1652 3523 1697 τις
3555 1633 3707 1704 τύχοι

451 1723 678 1787 malum,
741 1737 850 1777 non
903 1721 1101 1792 gaudet
1141 1737 1310 1794 super
1351 1724 1661 1792 iniquitate,
1717 1724 2024 1794 congaudet

2132 1721 2498 1792 χαρισμάτων,
2542 1719 2618 1775 ὢν
2644 1723 2702 1775 τὸ
2731 1725 2953 1793 Πνεῦμα
2991 1725 3217 1796 παρέχει
3259 1724 3526 1794 (γλώσσας
3564 1724 3707 1793 λέγω

455 1812 689 1877 veritati,
721 1811 906 1866 omnia
926 1810 1142 1876 sull'crt,
1167 1812 1352 1866 omnia
1383 1811 1578 1877 credit,
1613 1815 1796 1867 omnia
1819 1822 2022 1884 sperat,

452 1903 638 1958 omnia
663 1903 918 1958 sustinet.
945 1901 1199 1958 Charitas
1218 1918 1500 1973 nunquam
1525 1904 1728 1959 excidit
1750 1905 1816 1958 ⁸⁷.
1843 1923 1861 1955 ι
1885 1904 2025 1972 Quid

452 1994 557 2048 hoc
583 1995 662 2049 rei
687 1995 814 2050 est?
855 1992 1094 2048 Tametsi
1123 1993 1228 2047 alia
1254 1993 1381 2064 quis
1416 1994 1659 2048 obtineat
1697 1993 1863 2062 dona,
1905 2012 2028 2067 quae

453 2084 698 2154 Spiritus
723 2087 948 2156 praebet,
983 2085 1198 2154 linguas
1227 2083 1350 2138 dico
1391 2086 1660 2154 gentium,
1701 2095 1756 2140 et
1797 2089 2028 2158 prophe-

451 2177 606 2243 liam,
630 2185 683 2230 et
706 2176 990 2232 scientiam
1021 2183 1076 2229 et
1109 2177 1458 2230 sanationum
1494 2191 1742 2240 munera,
1784 2180 2025 2233 nondum

453 2282 584 2322 vero
647 2282 782 2336 pure
843 2266 1105 2320 liberatus
1165 2265 1350 2330 fuerit,
1400 2263 1641 2336 Spiritus
1678 2269 1907 2333 auxilio,
1956 2270 2028 2324 ab

452 2359 999 2426 atl‘ectionibus,qua:
1026 2358 1171 2410 intus
1216 2359 1560 2426 perturbant,
1612 2375 1792 2429 neque
1829 2361 2027 2417 salutis

453 2452 754 2523 perfectum
787 2452 840 2504 in
869 2450 1051 2504 animo
1100 2449 1559 2503 medicamentum
1597 2453 1911 2520 acceperit;
1970 2456 2025 2507 in

452 2547 648 2598 timore
675 2557 838 2598 casus
867 2541 1046 2596 adhuc
1077 2541 1352 2601 consistit,
1393 2541 1521 2609 quia
1567 2541 1890 2596 charitatem
1917 2558 2024 2597 non

453 2633 640 2697 habet,
683 2647 806 2703 quae
831 2630 1044 2686 stabilit
1065 2639 1120 2684 et
1169 2630 1458 2684 conﬁrmat
1493 2630 1550 2683 in
1594 2631 1812 2685 virtutis
1853 2643 2020 2687 statu.

452 2723 679 2792 Quando
706 2723 872 2794 igitur
891 2722 958 2774 ad
979 2729 1031 2776 te
1049 2721 1256 2774 venerit
1281 2721 1612 2790 precationis
1637 2720 1783 2774 illius
1804 2724 2028 2792 opulen-

450 2815 550 2880 tia,
585 2823 718 2869 tunc
758 2827 922 2870 sensu
962 2825 1168 2882 pauper
1184 2819 1323 2873 esto,
1347 2811 1681 2866 submittens
1711 2821 1761 2867 te
1790 2829 2025 2882 semper,

451 2913 503 2961 et
547 2904 830 2960 charitatis
873 2909 1257 2958 ornamentum
1306 2910 1570 2972 tanquam
1613 2901 2028 2957 fundamentum

451 2995 670 3068 aliquod
709 2993 955 3051 thesauri
997 2994 1191 3062 gratiae
1225 2994 1411 3047 animo
1448 3007 1799 3064 comparans,
1838 3001 1893 3047 et
1931 2994 2027 3046 ad—

450 3103 641 3144 versus
675 3101 890 3141 omnem
932 3083 1186 3139 affectum
1217 3095 1460 3144 certans,
1498 3098 1782 3156 quousque
1809 3084 1875 3138 ad
1912 3085 2025 3153 pie-

452 3176 579 3232 tatis
627 3183 826 3230 metam
873 3182 1093 3228 ventum
1128 3173 1257 3228 erit.
1300 3171 1513 3227 Rursus
1564 3173 1746 3243 inquit
1795 3174 2028 3244 Aposto.

451 3279 587 3323 tus:
633 3285 652 3317 ι
689 3265 746 3320 Si
796 3281 918 3334 qua:
965 3265 1023 3318 in
1073 3263 1296 3320 Christo
1343 3278 1484 3318 nova
1527 3273 1804 3327 creatura,
1845 3273 2031 3318 vetera

450 3357 784 3414 transierunt
805 3357 874 3412 “.
919 3374 938 3408 ι
1007 3355 1270 3410 Caeterum
1329 3369 1523 3408 novam
1568 3361 1876 3408 creaturam
1929 3369 2030 3424 ap-

451 3448 668 3520 pellavit
724 3446 961 3516 Spiritus
1019 3445 1196 3500 sancti
1245 3444 1729 3508 inbabitatiouem,
1777 3445 1832 3498 in
1891 3459 2030 3512 puro

453 3550 503 3595 et
538 3539 815 3608 inculpato
851 3537 1015 3592 corde
1043 3536 1304 3606 omnique
1335 3535 1546 3589 malitia
1569 3541 1734 3604 atque
1770 3535 2032 3604 improbi-

452 3641 563 3685 tate
598 3645 661 3684 ac
693 3630 962 3685 dedecore
991 3628 1190 3684 libero.
1227 3626 1361 3680 Nam
1397 3627 1620 3696 quando
1649 3627 1867 3680 animus
1899 3640 2030 3695 pec-

455 3729 635 3776 catmu
677 3721 807 3776 odio
845 3730 1173 3790 prosecutus
1226 3717 1414 3779 fuerit,
1440 3733 1506 3772 ac
1563 3733 1622 3772 se
1661 3733 1762 3787 pro
1813 3718 2028 3773 viribus

453 3814 675 3868 virtutis
710 3809 1175 3867 administrationi
1209 3809 1516 3874 tradiderit,
1561 3818 1724 3878 atque
1762 3823 1886 3862 cum
1920 3810 2028 3862 vita

455 3911 818 3961 commutatus
883 3903 1122 3972 Spiritus
1178 3902 1234 3955 in
1301 3916 1361 3955 se
1417 3900 1653 3968 gratiam
1705 3901 2022 3970 acceperit,

455 4011 634 4053 novus
665 3995 893 4050 ellectus
922 4001 1009 4049 est
1048 4001 1217 4057 totus,
1242 3999 1297 4047 et
1323 4001 1609 4062 reparatus
1633 3999 1797 4062 atque
1817 3993 2029 4047 instau-

454 4098 628 4142 ratus.
663 4082 976 4150 Quinetiam
1005 4081 1173 4146 istud,
1204 4099 1222 4131 ‹
1256 4080 1571 4148 Expurgate
1593 4088 1749 4134 vetus
1792 4079 2029 4136 fermen-

455 4193 608 4240 tum,
655 4183 714 4230 ut
757 4176 878 4230 sitis
923 4188 1062 4227 nova
1097 4175 1415 4240 conspersio
1453 4172 1520 4235 ",
1564 4191 1581 4220 ι
1636 4179 1688 4224 et
1734 4173 1839 4225 hoc
1892 4187 2028 4242 quo-

2127 1809 2319 1877 γενῶν,
2352 1812 2444 1863 καὶ
2477 1812 2831 1883 προφητείαν,
2873 1815 2967 1867 καὶ
2999 1815 3217 1882 γνῶσιν.
3268 1815 3362 1868 καὶ
3392 1816 3706 1886 χαρίσματα

2131 1902 2416 1972 ἰαμάτων),
2451 1903 2675 1974 μηδέπω
2701 1905 2756 1957 δὲ
2785 1906 3032 1977 λυτρωθῇ
3065 1905 3323 1978 καθαρῶς
3349 1907 3456 1961 ἀπὸ
3486 1908 3594 1960 τῶν
3623 1905 3706 1961 ἔνο

2125 1992 2214 2047 δον
2241 1993 2594 2063 ἐνοχλούντων
2639 1995 2823 2049 παθῶν
2869 2001 2935 2068 τῇ
2986 1996 3078 2050 τοῦ
3121 1998 3436 2068 Πνεύματος
3463 1997 3702 2070 βοηθείᾳ,

2131 2082 2266 2152 μηδὲ
2311 2083 2372 2137 τὸ
2411 2085 2618 2138 τέλειον
2649 2088 2748 2156 τῆς
2797 2086 3070 2157 σωτηρίας
3116 2089 3173 2142 ὲν
3208 2090 3272 2159 τῇ
3310 2089 3454 2158 ψυχῇ
3484 2087 3705 2156 δέξηται

2129 2171 2444 2243 φάρμακον·
2477 2175 2534 2228 ὲν
2575 2175 2724 2246 φόϐῳ
2767 2176 3104 2246 καθέστηκεν
3147 2177 3226 2230 έτι
3255 2178 3354 2248 τῆς
3401 2177 3659 2241 πτώσεως
3686 2220 3702 2245 ,

2126 2263 2227 2334 τὴν
2256 2265 2618 2336 στηρίζουσαν
2671 2269 2764 2319 καὶ
2810 2267 3133 2337 βεϐαιοῦσαν
3181 2270 3238 2322 έν
3269 2271 3336 2339 τῇ
3369 2269 3467 2339 τῆς
3504 2270 3705 2340 ἀρετῆς

2129 2355 2313 2410 στάσει
2364 2357 2438 2428 μὴ
2493 2358 2628 2427 ἔχων
2671 2358 2910 2430 ἀγάπην.
2935 2359 3105 2412 Ὅταν
3143 2356 3237 2414 οὖν
3290 2360 3415 2431 ἔλθῃ
3473 2361 3609 2433 πρὸς
3646 2363 3705 2415 at

2126 2445 2225 2514 τῆς
2252 2444 2487 2514 δεήσεως
2514 2447 2728 2516 ὲκείνης
2763 2449 2790 2499 ὁ
2825 2447 3052 2511 πλοῦτος
3072 2490 3087 2512 ,
3121 2449 3241 2502 τότε
3267 2449 3418 2518 γίνου
3448 2449 3526 2520 τῷ
3568 2467 3702 2522 φρο-

2127 2533 2330 2602 νήματι
2365 2535 2552 2604 πένης,
2584 2537 2906 2588 ὑποπίπτων
2956 2537 3083 2600 ἀεὶ,
3131 2540 3225 2592 καὶ
3253 2539 3314 2591 τὸ
3361 2541 3458 2609 τῆς
3486 2541 3704 2610 ἀγάπης

2128 2624 2310 2688 καλὸν,
2341 2624 2528 2696 ὥσπερ
2562 2625 2681 2678 τινὰ
2716 2627 2957 2697 κρηπίδα
2991 2627 3084 2680 τοῦ
3120 2627 3220 2698 τῆς
3255 2629 3472 2700 χάριτος
3505 2629 3703 2699 θησαυ-

2133 2715 2246 2785 ροῦ,
2291 2717 2603 2787 προσδοκῶν
2628 2721 2694 2788 τῇ
2728 2718 2900 2788 ψυχῇ,
2934 2719 3028 2771 καὶ
3067 2719 3202 2789 πρὸς
3230 2722 3335 2773 πᾶν
3365 2720 3702 2792 ἀγωνιζόίοεσ-

2127 2823 2218 2870 νος
2262 2808 2463 2872 πάθος,
2502 2810 2662 2880 μέχρι
2703 2809 2797 2862 τοῦ
2830 2809 3109 2876 ἐφικέσθαι
3147 2813 3241 2863 τοῦ
3285 2812 3382 2883 τῆς
3423 2812 3704 2876 εὐσεϐείας

2131 2899 2354 2951 σκοποῦ.
2380 2900 2549 2952 Πάλιν
2570 2901 2733 2968 φησὶν
2749 2899 2776 2950 ὁ
2807 2899 3125 2964 Ἀπόστολος
3142 2918 3155 2930 ·
3185 2921 3203 2952 ι
3226 2901 3290 2952 Εἴ
3305 2918 3389 2964 τις
3411 2901 3468 2954 έν
3489 2899 3706 2972 Χριστῷ

2131 2990 2290 3059 καινὴ
2321 2989 2512 3053 κτίσις,
2537 2991 2604 3043 τά
2632 2991 2833 3060 ἀρχαῖα
2853 2991 3116 3060 παρῆλθε.
3151 3011 3168 3040 ι
3207 2991 3412 3058 Καινήν
3445 2991 3501 3043 δὲ
3527 2992 3704 3044 κτίσιν

2132 3079 2356 3132 ἐκάλεσε
2378 3079 2474 3150 τήν
2491 3083 2548 3134 ὲν
2575 3080 2791 3151 καθαρᾷ
2812 3082 2904 3133 καὶ
2927 3081 3141 3151 ἀμώμῳ
3167 3081 3382 3152 καρδίᾳ,
3411 3082 3503 3133 καὶ
3528 3082 3706 3150 πάσης

2129 3171 2522 3243 ἀπηλλαγμένῃ
2574 3172 2774 3236 κακίας
2821 3173 2914 3226 καὶ
2957 3172 3219 3242 πονηρίας
3267 3172 3360 3224 καὶ
3402 3173 3703 3244 αἰσχύνης,

2129 3263 2401 3333 ἐνοίκησιν
2431 3262 2523 3315 τοῦ
2559 3263 2716 3330 ἁγίου
2772 3264 3109 3333 Πνεύματος.
3164 3263 3329 3316 Ὅταν
3361 3264 3468 3334 γὰρ
3501 3265 3702 3335 μισήσῃ

2134 3355 2234 3424 μὲν
2270 3356 2302 3424 ὴ
2333 3353 2478 3424 ψυχή
2506 3354 2566 3406 τὸ
2595 3354 2930 3425 ἁμαρτάνειν
2957 3395 2969 3418 ,
3000 3355 3257 3428 οἰκειώσῃ
3285 3355 3340 3409 δὲ
3369 3356 3536 3424 αὐτὴν
3565 3357 3706 3408 κατά

2128 3447 2358 3516 δύναμιν
2395 3450 2459 3517 τῇ
2490 3447 2592 3516 τῆς
2617 3447 2822 3518 ἀρετῆς
2856 3447 3119 3517 πολιτεία,
3151 3449 3244 3500 καὶ
3276 3447 3495 3517 δέξηται
3538 3463 3705 3517 μετα-

2131 3536 2414 3606 ποιηθεῖσα
2450 3535 2530 3604 τῷ
2559 3535 2661 3605 βίῳ
2688 3534 2784 3605 την
2811 3535 2904 3587 τοῦ
2939 3536 3252 3605 Πνεύματος
3288 3539 3365 3598 εἰς
3390 3537 3588 3606 ἑαυτὴν
3610 3535 3704 3606 χάρ

2131 3645 2236 3698 ριν,
2269 3627 2428 3696 καινή
2457 3626 2670 3693 γέγονεν
2694 3625 2810 3696 ὅλη,
2839 3628 2931 3677 καὶ
2954 3626 3267 3696 ἀνεκτίσθη.
3309 3626 3468 3678 ’Λλλά
3501 3627 3596 3680 καὶ
3623 3627 3703 3691 τὸ,

2136 3736 2156 3768 ς
2228 3716 2602 3786 Ἑκκαθάρατι
2646 3715 2746 3786 τὴν
2788 3714 3024 3768 παλαιὰν
3081 3715 3277 3786 ζύμην,
3326 3717 3410 3768 ἵνα
3441 3712 3540 3784 ἦτε
3583 3716 3704 3768 νέον

2129 3807 2357 3878 φύραμα
2377 3823 2393 3840 ·
2433 3827 2453 3858 ι
2483 3806 2578 3860 καὶ
2617 3805 2699 3869 τὸ,
2727 3825 2744 3856 ι
2799 3805 3196 3876 Ἐορτάζωμεν,
3233 3805 3307 3877 μὴ
3334 3808 3391 3858 ὲν
3422 3807 3572 3880 ζύμῃ
3600 3823 3707 3860 πα-

2129 3899 2281 3969 λαιᾷ,
2315 3899 2428 3952 ἀλλ’
2460 3901 2517 3951 έν
2545 3898 2774 3969 ἀζύμοις
2824 3897 3170 3968 εἰλικρινείας
3217 3899 3311 3951 καὶ
3349 3898 3632 3968 ἀληθείας,
3679 3918 3700 3952 ο

2128 3992 2239 4052 τοῖς
2272 3989 2399 4060 περὶ
2430 3989 2527 4058 τῆς
2561 3990 2750 4059 καινῆς
2785 3987 3014 4050 κτίσεως
3061 3988 3374 4058 εἰρημένοις
3404 3991 3702 4058 συμφωνεῖ.

2130 4081 2363 4144 Πολλοὺς
2397 4082 2494 4150 μὲν
2527 4081 2634 4151 γάρ
2679 4081 2890 4151 ἵστησιν
2933 4081 2961 4132 ὁ
2995 4079 3257 4151 πειρατὴς
3289 4083 3354 4151 τῇ
3388 4081 3531 4153 ψυχῇ
3583 4082 3706 4152 βρό-

2130 4191 2288 4244 χουςσ
2345 4173 2582 4225 ἐλάττων
2613 4173 2669 4225 δὲ
2709 4173 2830 4224 καθ’
2878 4172 3074 4242 ἑαυτὴν
3117 4173 3148 4239 ἡ
3182 4173 3494 4244 ἀνθρωπίνη
3546 4175 3706 4242 φύσις

455 4283 581 4339 que,
621 4286 645 4318 ι
681 4265 1004 4336 Epnlemnr,
1037 4279 1144 4318 non
1200 4263 1256 4316 in
1289 4265 1558 4317 fermento
1592 4263 1787 4326 veteri,
1825 4263 1922 4318 sed.
1973 4264 2026 4317 in

2132 4265 2227 4334 τῆς
2277 4265 2398 4318 κατ’
2453 4264 2663 4316 ἐκείνου
2708 4264 2885 4334 νίκης.
2941 4261 3030 4314 Διὸ
3079 4263 3171 4315 καὶ
3217 4263 3459 4327 ὁπλίζειν
3496 4266 3641 4333 ἡμᾶς
3676 4266 3706 4316 ὁ

457 4360 658 4432 azymis
694 4357 1030 4414 sinceritatis
1062 4364 1118 4410 et
1145 4355 1390 4410 veritatis
1411 4355 1479 4420 '°,
1525 4374 1542 4406 ι
1583 4355 1730 4418 hac,
1768 4355 2024 4425 inquam,

2144 4355 2465 4419 Ἀπὸστολος
2507 4355 2718 4408 κελεύει
2747 4355 2816 4407 τά
2867 4355 3004 4424 μέλη
3036 4355 3149 4416 τοῖς
3181 4354 3450 4425 οὐρανίοις
3483 4356 3666 4419 ὅπλοις
3689 4395 3702 4420 ,

457 4468 578 4509 cum
608 4452 697 4515 iis,
723 4465 846 4522 quas
876 4449 945 4505 de
973 4464 1114 4503 nova
1148 4456 1402 4503 creatura
1446 4448 1592 4503 dicta
1627 4457 1780 4514 sunt,
1835 4464 2028 4504 conso-

2132 4446 2225 4498 τὸν
2268 4445 2488 4516 θώρακα
2533 4445 2634 4515 τῆς
2681 4444 3044 4514 δικαιοσύνης,
3075 4443 3245 4512 λέγων
3269 4461 3283 4476 ο
3319 4464 3337 4496 ι
3363 4443 3704 4507 Ἐνδύσασθε,

457 4549 606 4599 nant.
657 4540 947 4596 Enimvero
1011 4540 1213 4595 multos
1277 4547 1518 4594 tentator
1579 4541 1776 4595 animm
1835 4549 2028 4596 nostra:

2132 4536 2220 4588 καὶ
2251 4534 2590 4588 ύποδύσασθε
2619 4537 2678 4587 ὲν
2709 4534 2996 4604 ἑτοιμασίᾳ
3028 4535 3126 4604 τῆς
3154 4537 3395 4606 εἰρήνης,
3424 4537 3515 4589 καὶ
3550 4552 3706 4606 περι-

458 4645 681 4706 laqueos
713 4631 922 4688 tendit:
957 4631 1227 4686 inﬁrmior
1261 4641 1443 4686 autem
1469 4639 1552 4685 est
1581 4647 1680 4700 per
1715 4647 1774 4687 se
1797 4633 2028 4687 humana

2132 4625 2375 4690 ζώσασθε
2401 4625 2498 4696 τὴν
2523 4626 2692 4694 ὀσφὺν
2724 4626 2782 4678 ὲν
2807 4624 3057 4696 ἀληθείᾳ.
3098 4627 3220 4680 Ἐπὶ
3250 4629 3383 4679 πᾶσι
3413 4627 3470 4679 δὲ
3497 4628 3587 4680 τὸν
3617 4627 3708 4680 θυ-

459 4735 652 4782 natura
689 4738 853 4795 quam
897 4732 958 4778 ut
997 4723 1284 4777 victoriam
1329 4738 1395 4777 ex
1442 4723 1537 4777 illo
1586 4735 1867 4793 reportare
1905 4741 2034 4795 pos—

461 4820 549 4874 sit.
615 4817 830 4872 Idcirco
891 4813 1062 4869 etiam
1098 4812 1398 4883 Apostolus
1457 4828 1675 4868 armare
1725 4830 1824 4869 nos
1875 4816 2031 4884 jubet

460 4909 702 4965 membra
759 4906 927 4961 armis
981 4904 1348 4968 caelestibus:
1398 4922 1416 4954 ι
1473 4903 1708 4968 lnduite,
1755 4925 1773 4957 ι
1831 4907 2030 4980 inquit,

463 5022 483 5055 ι
530 5003 754 5057 loricam
792 4998 1040 5068 iustitiae,
1069 5005 1124 5052 et
1156 4997 1400 5051 calceate
1439 4997 1608 5066 pedes
1648 4999 1700 5051 in
1759 5014 2038 5068 praepara-

461 5099 608 5150 tione
650 5091 929 5162 Evangelii
985 5090 1183 5160 pacis;
1235 5097 1289 5142 et
1337 5097 1479 5142 state
1516 5089 1782 5142 succincti
1821 5092 2034 5145 lumbos

463 5195 674 5241 vestros
710 5184 762 5236 in
787 5181 1032 5236 veritate.
1067 5176 1126 5231 in
1166 5178 1424 5233 omnibus
1486 5187 1766 5234 sumentes
1816 5192 2033 5235 scutum

462 5276 608 5339 ﬁdei,
645 5275 700 5327 in
740 5288 849 5342 quo
872 5270 1099 5341 possitis
1127 5269 1315 5324 omnia
1350 5270 1455 5323 tela
1489 5272 1812 5340 nequiss‘mi
1875 5273 2032 5343 ignea

463 5367 808 5434 exstinguere
833 5364 899 5416 ³¹.
943 5381 961 5414 i
995 5359 1157 5431 (Haec
1187 5376 1317 5416 vero
1347 5370 1475 5415 sunt
1505 5363 1830 5432 impotentes
1867 5366 2031 5420 animi

464 5456 686 5525 motus.)
724 5455 925 5510 Deinde
957 5454 1166 5525 galeam
1213 5454 1406 5508 salutis
1445 5469 1725 5509 assumere
1761 5455 2030 5523 hortatur,

531 5572 576 5602 η
615 5569 629 5620 ι
671 5567 796 5622 αυτ,
855 5581 952 5625 ιιι,
993 5564 1080 5618 51.
1187 5564 1232 5594 ’⁸
1263 5562 1280 5614 1
1307 5561 1428 5616 Cor.
1468 5579 1564 5629 χιι,
1595 5564 1698 5630 3i;
1744 5580 1864 5629 sm,
1895 5566 1944 5620 -l.

463 5643 507 5676 ⁸⁸
539 5641 669 5696 ibid.
702 5639 753 5692 8.
833 5637 874 5666 ³¹
903 5635 1094 5699 Εβὶιεε.
1130 5649 1205 5699 γι,
1247 5633 1309 5688 15
1338 5649 1459 5700 sqq.

2047 5571 2093 5601 ⁸⁷
2129 5569 2150 5623 l
2181 5568 2310 5622 Cor.
2345 5583 2466 5633 xm,
2503 5565 2625 5620 4-8.

2136 4719 2254 4788 ρεδν
2285 4718 2380 4788 τῆς
2412 4719 2646 4780 πίστεως
2677 4717 3062 4784 ἀναλαϐόντες,
3110 4717 3402 4789 δυνήσεσθε
3429 4719 3606 4772 πάντα
3641 4718 3710 4772 τὰ

2137 4811 2265 4880 βέλη
2294 4810 2385 4862 τοῦ
2424 4808 2667 4879 Πονηροῦ
2703 4809 2772 4860 τά
2819 4810 3183 4880 πεπυρωμένα
3221 4809 3442 4862 σϐέσαι·
3485 4829 3504 4860 ι
3539 4809 3708 4862 ταῦτα

2135 4903 2190 4955 δέ
2218 4905 2329 4955 ἐστι
2363 4901 2431 4954 τά
2464 4900 2736 4954 ἀκόλαστα
2775 4899 2944 4970 πάθη.
2991 4902 3100 4954 Καὶ
3147 4901 3246 4971 τὴν
3284 4901 3710 4971 περικεφαλαίαν

2135 4993 2387 5058 δέξασθαι
2415 4992 2508 5046 τοῦ
2538 4993 2807 5064 σωτηρίου
2834 4995 3141 5064 παρεγγυᾷ,
3170 4995 3263 5046 καὶ
3290 4993 3384 5065 τὴν
3414 4994 3575 5060 ἁγίαν
3611 4994 3710 5062 μάν

2137 5103 2226 5156 χαι
2236 5102 2333 5156 ραν
2351 5083 2442 5136 τοῦ
2470 5083 2606 5136 Πνεύ
2616 5101 2801 5154 ματος.
2827 5083 3041 5154 Ταύτην
3060 5085 3116 5138 δὲ
3138 5084 3286 5152 λέγει
3307 5085 3396 5137 τὸν
3414 5085 3470 5136 ἐν
3486 5083 3712 5154 δυνάμει

2138 5176 2274 5230 Θεοῦ
2303 5177 2495 5245 Λόγον,
2535 5169 2578 5243 ᾧ
2608 5177 2713 5247 χρὴ
2739 5178 2835 5245 τὴν
2868 5175 3046 5239 δεξιάν
3076 5176 3174 5244 τῆς
3211 5175 3389 5246 ψυχῆς
3417 5176 3710 5228 ὁπλίσαντα

2141 5270 2237 5332 τὰς
2258 5268 2350 5322 τοῦ
2378 5267 2500 5337 Ἐχθ
2511 5265 2601 5336 ροῦ
2636 5265 2882 5338 μηχανὰς
2899 5265 3167 5335 ἀποκρούε
3178 5265 3316 5318 σθαι.
3336 5266 3494 5335 Ὁρᾷς
3517 5265 3710 5327 πόσους

2141 5363 2383 5427 ύπέδειξέ
2412 5379 2492 5414 σοι
2521 5361 2620 5431 τῆς
2655 5361 2926 5430 σωτηρίας
2947 5361 3179 5430 τρόπους
3206 5362 3234 5412 ὀ
3267 5359 3606 5419 ’Λπὸστολος,
3637 5360 3711 5421 εἰς

2145 5458 2270 5527 μίιν
2301 5455 2572 5515 τείνοντας
2595 5453 2730 5518 ὁδὸν,
2758 5453 2851 5504 καὶ
2875 5451 3073 5504 σκοπὸν
3109 5451 3240 5516 Eva;
3272 5453 3327 5504 ὲν
3359 5449 3438 5513 οἷς
3463 5452 3554 5502 καὶ
3577 5451 3700 5519 πλη-

2717 5565 2762 5596 ²¹¹
2799 5563 2840 5617 ιι
2868 5564 2994 5620 Cor.
3033 5581 3086 5630 ν,
3118 5564 3204 5619 Π.
3297 5566 3342 5596 ’⁸
3369 5566 3388 5620 Ι
3414 5565 3540 5620 Cor.
3573 5580 3625 5628 v,
3659 5564 3710 5616 7.
