4096 6354
412 338 517 393 ειη

1549 328 1636 384 DE
1691 321 2067 383 INSTITUTO
2107 324 2547 414 CHRISTIANO.

3572 332 3678 387 ass
3718 295 3723 299 ’

416 454 602 527 ροῦται
628 451 828 525 ῥᾳδίως
854 451 883 505 6
909 450 1047 523 πρὸς
1074 450 1136 504 τὸ
1158 451 1325 523 ἀκρον
1348 448 1456 503 τῶν
1494 446 1722 503 ἐντολῶν
1750 445 1843 499 τοῦ
1874 444 1988 516 βίου

2100 459 2157 500 ac
2190 415 2441 499 sanctum
2495 442 2734 515 Spiritus
2768 444 3027 516 gladium.
3080 443 3239 500 Hunc
3283 454 3460 501 autem
3522 445 3674 511 dicit,

413 547 630 618 δρόμος.

2108 534 2346 591 Verbum
2379 537 2434 591 in
2465 536 2667 592 virtute
2705 536 2817 594 Dei.
2856 552 2965 605 quo
2990 536 3147 591 decet
3179 538 3374 591 animae
3426 538 3673 591 dextram

416 644 681 689 armatam
714 633 891 689 hostis
950 632 1193 688 fabricas
1251 631 1549 686 discutere.
1619 627 1860 682 Videsne
1889 631 2024 695 quot
2060 626 2258 679 salutis
2288 628 2481 683 modos
2535 629 2832 698 Apostolus
2863 630 2961 682 tibi
3009 630 3399 693 subindicarit,
3432 630 3528 699 qui
3604 631 3670 682 ad

417 741 581 780 unam
608 726 772 792 viam,
805 724 1163 794 eamdemque
1185 732 1381 778 metam
1406 722 1637 777 tendunt
1660 738 1676 787 ;
1703 720 1756 773 in
1786 717 1990 788 quibus
2029 714 2190 771 facile
2226 717 2346 771 vita:
2386 718 2744 785 curriculum,
2805 719 2952 789 quod
3009 720 3078 774 ad
3130 719 3514 775 mandatorum
3581 717 3673 773 Dci

416 820 627 891 apicem
656 826 887 887 spectat,
921 816 1192 886 expletur.

497 911 555 963 '0
604 910 704 981 μὲν
756 905 849 963 οὖν
891 909 1093 972 σκοπὸς
1139 906 1238 976 τῆς
1283 904 1563 967 εὐσεϐείας
1605 900 1859 964 τοιοτοῦς.
1903 900 1995 952 Δεῖ

415 1000 472 1053 δὲ
529 1003 655 1064 τοὺς
720 1000 1029 1070 φιλοσοφεῖν
1080 998 1387 1066 ἐγνωκότας
1414 1036 1428 1059 ,
1487 993 1728 1067 ἀκριϐῶς
1796 991 1991 1045 εἰδέναι

414 1090 575 1148 σξιεὸν
598 1129 613 1154 ,
679 1092 828 1153 ὅπως
879 1088 1075 1159 ρίψωσι
1136 1088 1233 1159 μὲν
1291 1087 1489 1149 πάντες
1540 1084 1637 1155 τὴν
1683 1081 1989 1145 αὐθάδειαν,

415 1183 509 1235 καὶ
545 1181 606 1235 τὸ
643 1182 786 1252 μέγα
819 1181 1035 1249 φρονεῖν
1065 1179 1157 1232 ἐπὶ
1192 1179 1304 1241 τοῖς
1337 1174 1759 1247 κατορθώμασι·
1798 1172 1898 1241 τήν
1930 1186 1988 1223 τε

414 1274 621 1327 ἑαυτῶν
648 1272 823 1342 ψυχὴν
859 1270 998 1342 μετά
1025 1269 1119 1324 τοῦ
1154 1269 1270 1340 βίου
1302 1267 1701 1339 ἀρνησάμενοι,
1731 1263 1867 1335 πρὸς
1894 1262 1990 1315 ἕνα

417 1364 654 1433 βλέπωσι
682 1361 909 1416 πλοῦτον
931 1378 945 1393 ·
980 1360 1039 1414 ὃν
1074 1360 1171 1429 τῆς
1202 1360 1281 1421 εἱς
1310 1357 1544 1428 Χριστὸν
1572 1355 1792 1424 ἀγάπης
1827 1349 1988 1406 ἆθλον

413 1457 525 1516 τοῖς
548 1452 834 1521 ἀγαπῶσιν
868 1450 1067 1503 ἔδωκεν
1091 1449 1120 1501 6
1158 1448 1319 1511 Θεὸς,
1351 1446 1533 1509 καθώς
1570 1461 1733 1516 φησιν
1762 1445 1792 1497 6
1830 1442 1990 1505 αὐτὸς

429 1543 765 1606 ’Δπόστολοςο
807 1561 826 1594 ι
867 1542 946 1594 Δι’
974 1540 1250 1612 ὑπομονῆς
1274 1539 1556 1611 τρέχωμεν
1580 1536 1670 1590 τὸν
1694 1533 1989 1606 προκείμε-

413 1653 504 1691 νον
530 1638 661 1707 ἡμῖν
682 1635 891 1703 ἀγῶνα,
922 1634 1233 1705 ἀφορῶντες
1258 1634 1339 1694 είς
1370 1632 1460 1683 τὸν
1490 1630 1589 1700 τῆς
1622 1627 1859 1688 πίστεως
1891 1626 1990 1694 ἁρ-

413 1726 578 1796 χηγὸν
626 1724 720 1779 καὶ
771 1723 1059 1794 τελειωτὴν
1104 1721 1330 1793 Ἰησοῦν.
1394 1739 1413 1773 ι
1454 1717 1542 1790 Μὴ
1583 1712 1677 1771 οὖν
1730 1718 1841 1778 τοῖς
1892 1712 1988 1766 τοῦ

414 1816 727 1886 Πνεύματος
746 1815 1063 1887 δωρήμασιν
1083 1810 1455 1884 ἐπαιρώμεθα,
1484 1810 1578 1863 καὶ
1598 1807 1676 1879 τῷ
1707 1805 1989 1877 κατορθῶ-

413 1906 503 1961 σαί
534 1924 588 1959 τι
613 1906 680 1958 δι’
720 1903 940 1977 ἀρετὴν,
970 1902 1224 1974 ἀφορμὴν
1264 1901 1518 1971 λάϐωμεν
1561 1899 1641 1961 είς
1682 1897 1741 1951 τὸ
1770 1898 1987 1967 φρονεῖν

414 1999 508 2051 καὶ
553 1995 937 2068 σεμνύνεσθαι,
968 1995 1098 2063 πρὶν
1137 1994 1310 2046 ἐλθεῖν
1339 1994 1419 2055 εἰς
1456 1989 1609 2053 τέλος
1634 1987 1742 2041 τῶν
1772 1985 1987 2049 ἐλπιζο-

2174 898 2358 969 ltaque
2389 900 2660 969 ejusmodi
2712 909 2800 955 est
2843 901 3060 972 pietatis
3092 917 3313 971 scopus.
3340 897 3481 977 ⁸Εοε
3514 914 3676 977 porro

2098 990 2191 1058 qui
2251 1005 2393 1044 verae
2442 993 2720 1061 sapientia:
2787 993 2969 1047 studio
3036 993 3352 1048 incumbere
3417 976 3677 1049 decreve-

2099 1092 2244 1144 runt,
2279 1082 2446 1153 probe
2479 1084 2620 1138 hanc
2650 1094 2851 1139 metam
2911 1085 3055 1141 scire
3085 1095 3318 1167 oportet,
3354 1092 3422 1167 ut
3457 1100 3675 1141 omnem

2097 1174 2296 1231 fastum
2354 1184 2407 1230 et
2450 1176 2817 1246 arrogantiam
2854 1162 3151 1246 ahjiciant,
3186 1162 3371 1246 neque
3413 1178 3484 1234 ob
3529 1186 3677 1233 recte

2095 1264 2236 1319 facta
2303 1266 2657 1335 superbiant;
2720 1275 2775 1322 et
2835 1281 2958 1321 cum
3029 1266 3268 1321 animam
3330 1282 3485 1331 suam
3548 1281 3673 1323 cum

2098 1356 2210 1409 vita
2269 1355 2682 1426 abnegaverinl,
2749 1354 2818 1409 ad
2881 1369 3045 1409 unam
3096 1356 3431 1425 opulentiam
3481 1356 3675 1410 oculos

2095 1445 2418 1513 conjiciant,
2471 1460 2635 1517 quam
2700 1445 2843 1502 Deus
2906 1444 3189 1515 praemium
3266 1445 3553 1513 charitatis
3617 1446 3694 1500 in"

2094 1536 2375 1591 Christum
2434 1537 2709 1592 concessit
2765 1537 3109 1602 amantibus,
3174 1536 3323 1592 sicut
3374 1536 3670 1606 Apostoius

2091 1626 2210 1697 ipse
2236 1627 2391 1689 dicit,
2426 1645 2445 1679 ι
2480 1626 2585 1683 Per
2633 1627 2951 1699 patientiam
2993 1642 3284 1683 curramus
3331 1630 3673 1699 propositum

2093 1718 2252 1773 nobis
2281 1728 2557 1773 certamen
2579 1759 2594 1784 ,
2629 1717 2961 1788 aspicientes
2994 1717 3049 1771 in
3081 1726 3363 1773 auctorem
3416 1718 3560 1781 fidei,
3615 1727 3672 1774 et

2092 1819 2590 1864 consummatorem
2662 1808 2945 1873 Issum".
2990 1828 3009 1863 ι
3067 1808 3147 1866 Νε
3214 1809 3382 1881 igitur
3433 1808 3670 1881 Spiritus

2097 1900 2272 1955 sancti
2314 1900 2635 1956 muneribus
2669 1901 3019 1965 extollamur,
3046 1909 3101 1956 et
3134 1917 3200 1956 ex
3235 1916 3301 1956 eo
3338 1900 3485 1971 quod
3523 1911 3670 1958 recte

2096 1992 2370 2060 egerimus
2409 2006 2504 2060 per
2529 1992 2812 2053 virtutem.
2860 1993 3208 2048 occasionem
3277 1992 3453 2049 fastus
3491 2005 3543 2049 ct
3575 2009 3671 2049 su—

416 2089 593 2160 μένιυν
615 2105 631 2119 ⁶
667 2089 756 2143 ῖνα
786 2088 861 2160 μὴ
890 2086 1213 2157 ἐκπέσωμεν
1251 2084 1352 2154 τῆς
1380 2082 1553 2155 ὁρμῆς
1576 2122 1590 2146 ,
1617 2080 1833 2151 ἀχρεῖον
1860 2078 1988 2130 ἐαυ-

2100 2083 2300 2153 perbite
2331 2098 2634 2148 sumamus,
2668 2084 2990 2154 priusquam
3024 2086 3092 2140 ad
3126 2086 3288 2141 finem
3327 2103 3515 2141 eorum
3546 2104 3667 2157 quae

413 2186 524 2245 τοῖς
549 2181 639 2235 τὸν
676 2179 1017 2253 προλαὸόντα
1048 2179 1208 2231 πόνον
1240 2179 1306 2249 τῇ
1348 2172 1605 2243 αὐθαδείᾳ
1635 2173 1981 2242 ποιήσαντες,

413 2275 507 2327 καὶ
546 2271 755 2336 ἀνάξιοι
798 2268 1058 2339 φανέντες
1092 2267 1193 2336 τῆς
1230 2267 1586 2336 τελειότητος,
1623 2262 1702 2325 είς
1736 2260 1804 2330 ἢν
1831 2261 1865 2329 ή
1895 2256 1990 2311 τοῦ

414 2362 729 2434 Πνεύματος
758 2362 902 2432 ἡμᾶς
927 2353 1077 2415 είλκε
1105 2359 1283 2430 χάρις.
1308 2356 1478 2410 Τοῦτό
1510 2356 1626 2408 ἐστι
1659 2352 1990 2423 κατόρθωμα

414 2456 557 2525 μέγα
589 2454 901 2523 φιλοσοφίας
933 2450 992 2506 τὸ
1022 2450 1191 2523 μέγαν
1214 2450 1342 2504 ὄντα
1360 2490 1374 2504 .
1396 2487 1410 2503 .
1438 2488 1453 2503 .
1476 2488 1491 2502 .
1510 2448 1622 2509 τοῖς
1655 2446 1784 2514 γὰρ.
1807 2483 1819 2496 .
1846 2484 1859 2497 .
1893 2482 1907 2496 .
1933 2482 1947 2495 .
1973 2480 1988 2494 .

415 2546 537 2600 σθαι
568 2549 634 2619 τῇ
682 2545 902 2617 καρδίᾳ,
944 2544 1040 2598 καὶ
1087 2539 1516 2610 καταγινώσκειν
1560 2536 1654 2591 τοῦ
1704 2536 1815 2606 βίου
1842 2575 1856 2599 ,
1915 2533 1991 2604 μὴ

414 2637 557 2708 ἔχειν
592 2642 649 2691 ἐν
687 2637 766 2708 τῷ
790 2636 1046 2690 συνειδότι
1070 2633 1218 2699 ἀξιον
1248 2631 1437 2686 ἑαυτὸν
1469 2627 1825 2700 πεποιηκέναι
1850 2625 1989 2694 Θεῷ.

2097 2186 2386 2243 sperantur
2418 2175 2728 2239 veniamus,
2764 2183 2823 2229 ut
2858 2192 2925 2230 ne
2954 2162 3274 2233 excidamus
3301 2193 3329 2230 a
3362 2178 3665 2248 proposito.

2094 2266 2279 2319 labore
2302 2267 2456 2335 prius
2477 2265 2747 2321 exhausto
2780 2268 2939 2323 nobis
2967 2284 3063 2338 per
3094 2271 3461 2339 arrogantiam
3488 2270 3665 2324 inutili

2102 2356 2339 2423 reddito,
2373 2373 2498 2411 cum
2533 2357 2743 2427 indigni
2779 2357 2882 2413 visi
2918 2358 3183 2415 fuerimus
3214 2360 3564 2429 perfectione,
3600 2359 3666 2413 ad

2097 2462 2261 2517 quam
2297 2464 2399 2504 nos
2428 2449 2668 2519 Spiritus
2704 2451 2878 2522 gratia
2913 2451 3182 2506 trahebat.
3227 2450 3341 2506 Iloc
3373 2452 3561 2523 ingens
3587 2462 3673 2507 est

2098 2552 2276 2606 opem:
2305 2540 2539 2607 pretium
2579 2541 2746 2596 studii
2788 2541 3090 2611 sapientim,
3126 2541 3170 2598 si
3207 2541 3254 2596 is
3286 2542 3378 2612 qui
3414 2551 3558 2597 recte
3593 2541 3673 2596 fa-

2099 2628 2205 2683 ctis
2256 2644 2486 2700 magnus
2539 2642 2645 2694 est,
2689 2633 2967 2689 submisso
3004 2640 3058 2686 et
3099 2648 3237 2704 puro
3280 2633 3448 2689 corde
3491 2633 3583 2698 sit,
3618 2645 3673 2693 et

416 2747 445 2786 ν
472 2740 578 2783 tam
613 2729 971 2794 condemnet,
1033 2738 1210 2794 neque
1242 2722 1498 2777 conscius
1556 2720 1752 2782 fuerit,
1794 2717 1937 2787 quod
1971 2716 2210 2787 seipsum
2260 2718 2369 2776 Deo
2397 2721 2619 2793 dignum
2651 2726 3001 2795 reputaverit.

484 2821 564 2874 Τά
592 2821 688 2890 μὲν
709 2819 773 2890 δὴ
797 2816 937 2872 κατὰ
960 2814 1056 2886 τὴν
1081 2813 1269 2866 ἐλπίδα
1290 2813 1382 2867 τοῦ
1410 2810 1610 2865 σκοποῦ
1635 2812 1745 2871 τοῖς
1772 2806 1989 2877 φιλοσό-

416 2930 530 2983 φως
554 2912 651 2982 ζῇν
681 2908 1021 2982 αἱρουμένοις
1053 2906 1248 2968 ἱκανῶς
1285 2902 1534 2976 εἰρῆσθαι
1558 2902 1869 2972 νομίζομεν.
1900 2900 1993 2951 Δεῖ

414 3007 471 3060 δὲ
500 3005 685 3059 λοιπὸν
718 3001 1030 3076 προσθεῖναι
1059 3000 1171 3061 τοῖς
1196 2994 1524 3068 εἰρημένοις,
1566 2994 1713 3056 ὅπως
1748 2991 1848 3061 μὲν
1887 2988 1991 3060 χρὴ

418 3100 655 3152 συνεῖναι
677 3095 805 3158 τοὺς
844 3091 1117 3154 τοιούτους
1157 3088 1425 3159 ἀλλήλοις
1453 3088 1471 3108 ⁶
1493 3086 1639 3147 ὅπως
1686 3083 1742 3136 δὲ
1778 3082 2003 3153 τρέχειν

421 3188 536 3257 μετ’
582 3184 844 3255 ἀλλήλων,
869 3181 974 3244 ἐως
1000 3179 1067 3234 ἂν
1099 3178 1191 3232 ἐπὶ
1217 3178 1315 3249 τὴν
1346 3175 1458 3230 ἄνω
1486 3174 1641 3227 πόλιν
1665 3171 1987 3242 ἀφίκωνται.

418 3278 538 3349 Χρὴ
571 3275 749 3331 τοίνυν
785 3273 876 3328 τὸν
900 3272 971 3326 τά
1007 3269 1099 3325 τοῦ
1147 3269 1260 3340 βίου
1297 3268 1483 3321 τούτου
1530 3265 1702 3336 σεμνά
1735 3261 1993 3334 καθαρῶς

421 3368 772 3438 ἀτιμάζοντα,
806 3365 901 3419 καὶ
938 3360 1268 3434 ἀρνούμενον
1304 3362 1482 3412 πᾶσαν
1513 3357 1612 3428 τὴν
1644 3354 1793 3410 κάτω
1813 3351 1991 3420 δόξαν,

421 3457 755 3532 ἀρνήσασθαι
775 3454 913 3527 μετά
932 3453 1026 3508 τοῦ
1051 3453 1164 3525 βίου
1190 3452 1283 3506 καὶ
1302 3449 1398 3521 τὴν
1419 3449 1622 3503 οίκείαν
1643 3446 1842 3517 ψυχήν.
1864 3446 1995 3515 Ἀρ-

2165 2807 2297 2874 Quae
2323 2809 2486 2881 igitur
2518 2813 2791 2882 pertinent
2821 2813 2888 2868 ad
2920 2829 3073 2883 spem
3092 2814 3244 2884 scopi
3271 2814 3569 2886 attingendi
3603 2815 3671 2871 iis
3736 2846 3741 2853 ο

2093 2899 2187 2969 qui
2228 2900 2315 2970 pie
2350 2903 2731 2974 sapienterque
2764 2906 2946 2960 vivere
2980 2916 3401 2977 proposuerunt,
3456 2907 3673 2964 abunde

2095 2991 2369 3062 explicata
2404 3009 2527 3050 esse
2574 3009 2885 3053 censemus.
2937 2995 3055 3051 Jam
3092 3012 3219 3053 vero
3259 2998 3528 3069 reliquum
3563 3008 3669 3066 est,

2097 3088 2157 3135 ut
2183 3082 2248 3139 iis
2278 3098 2398 3152 qua:
2424 3085 2569 3140 dicta
2594 3093 2723 3141 sunt
2754 3086 3041 3152 addamus,
3071 3087 3343 3158 quomodo
3372 3089 3508 3145 tales
3538 3104 3673 3145 con-

2095 3176 2302 3231 versari
2360 3177 2505 3231 inter
2541 3193 2601 3233 se
2656 3185 2923 3248 oporteat,
2985 3190 3040 3233 et
3085 3178 3362 3248 quomodo
3418 3185 3667 3237 certatim

2097 3282 2341 3331 currere.
2371 3269 2545 3324 donec
2568 3269 2635 3323 ad
2666 3285 2969 3340 supernam
2995 3271 3271 3326 civitatem
3299 3275 3667 3343 pervenerint.

2098 3360 2365 3428 Quocirca
2395 3377 2534 3432 opus
2564 3371 2649 3417 est
2676 3377 2798 3416 eum
2835 3364 2928 3431 qui
2968 3362 3132 3432 hujus
3163 3365 3290 3419 vita:
3318 3378 3405 3421 res
3441 3366 3672 3436 pracla-

2099 3468 2187 3508 ras
2217 3453 2377 3523 plane
2404 3452 2657 3522 despicit,
2688 3462 2742 3507 et
2795 3467 3013 3509 omnem
3048 3454 3384 3510 mundanam
3434 3457 3665 3527 gloriam

420 3569 575 3623 νησις
595 3550 652 3604 δέ
677 3549 872 3620 ψυχῆς,
897 3547 959 3600 τὸ
991 3542 1240 3617 μηδαμοῦ
1268 3541 1448 3612 ζητεῖν
1474 3540 1533 3593 τὸ
1549 3538 1741 3593 ἑαυτοῦ
1762 3538 1992 3607 θέλημα,

2104 3544 2355 3615 abnegat,
2387 3545 2549 3600 etiam
2579 3559 2703 3601 cum
2743 3544 2851 3599 vita
2912 3548 3147 3601 animam
3190 3548 3459 3616 propriam
3497 3548 3669 3602 abne—

422 3644 557 3697 ἀλλά
583 3642 645 3695 τὸ
673 3640 882 3710 θέλημα
902 3635 993 3690 τοῦ
1018 3634 1173 3689 Θεοῦο
1206 3633 1299 3686 καὶ
1324 3631 1496 3703 τούτῳ
1524 3629 1825 3700 κεχρῆσθαι
1858 3626 1995 3680 καθ-

422 3734 565 3804 άπερ
600 3730 788 3802 ἀγαθῷ
817 3727 1144 3799 κυϐερνήτῃ,
1169 3723 1247 3794 τῷ
1283 3723 1342 3776 τὸ
1370 3722 1545 3776 κοινὸν
1585 3722 1855 3792 πλήρωμα
1893 3718 1994 3788 τῆς

424 3823 779 3893 ἀδελφότητκ
808 3819 924 3891 μεθ’
960 3816 1211 3888 ὁμονοίας
1254 3813 1348 3867 ἐπὶ
1370 3813 1463 3865 τὸν
1496 3811 1689 3882 λιμένα
1716 3810 1809 3864 τοῦ
1845 3808 1989 3862 θείου

425 3913 725 3985 θελήματος
753 3908 1129 3965 ἀπευθύνοντι·
1160 3903 1458 3974 κεκτῆσθαι
1484 3902 1541 3955 δέ
1572 3901 1722 3954 οὐδὲν
1759 3900 1908 3971 παρά
1932 3901 1993 3953 τὸ

425 4003 621 4067 κοινὸν,
643 3999 780 4072 πλὴν
801 3999 894 4053 τοῦ
917 3999 978 4052 τὸ
1003 3997 1161 4068 σῶμα
1181 3994 1542 4056 καλύπτοντος
1567 3990 1807 4062 ἱματίου.
1838 3990 1994 4044 υῦτω

424 4096 533 4168 γὰρ
553 4092 892 4164 ἑτοιμότερον
917 4090 1090 4153 ἔσται,
1106 4089 1167 4140 τὸ
1191 4086 1340 4157 παρά
1360 4084 1467 4137 τῶν
1490 4083 1848 4157 προεστώτων
1871 4086 1992 4135 ἐπι-

423 4187 756 4257 τασσόμενον
802 4181 917 4254 μεθ’
965 4178 1160 4251 ήδονῆς
1200 4179 1294 4231 καὶ
1326 4176 1539 4239 ἐλπίδος
1568 4175 1863 4248 προθύμως
1897 4174 1996 4244 μὲν

425 4281 620 4341 τελεῖν,
658 4276 733 4339 ὡς
767 4273 950 4327 δοῦλον
978 4268 1216 4343 Χριστοῦ
1252 4268 1347 4321 καὶ
1389 4266 1764 4337 ἠγορασμένον
1789 4268 1864 4329 είς
1898 4268 1996 4335 τὴν

427 4371 610 4443 κοινὴν
633 4369 739 4423 τῶν
772 4363 1014 4433 ἀδελφῶν
1043 4363 1253 4434 χρείαν.
1277 4359 1446 4413 Τοῦτο
1474 4358 1581 4428 γάρ
1606 4358 1699 4410 καὶ
1727 4360 1755 4411 6
1794 4357 1996 4427 Κύριος

428 4462 693 4533 βούλεται,
706 4458 927 4526 λέγων’(
950 4455 1007 4507 '0
1020 4452 1187 4506 θέλων
1206 4452 1263 4503 ἐν
1282 4451 1408 4519 ὑμῖν
1427 4447 1641 4518 πρῶτος
1662 4446 1755 4499 καὶ
1775 4445 1993 4515 μέγα;⁹,

2070 3630 2071 3633 “
2103 3651 2251 3707 gare.
2276 3636 2485 3697 Anima:
2515 3652 2644 3692 vero
2683 3638 2970 3709 abnegatio
3011 3646 3114 3702 est,
3153 3639 3485 3691 voluntatem
3512 3654 3670 3694 suam

2106 3745 2374 3800 nusquam
2436 3746 2700 3801 quazrcrc,
2770 3733 2864 3789 sed
2922 3730 3013 3784 Dei
3067 3731 3425 3796 voluntatem,
3501 3744 3677 3800 eaque

2103 3823 2271 3877 veluti
2328 3825 2465 3877 bona
2528 3824 2909 3894 gubernatrice
2964 3822 3085 3889 uti;
3147 3836 3270 3892 quae
3323 3836 3669 3875 communem

2104 3913 2460 3972 fraternitatis
2493 3924 2695 3971 coetum
2725 3932 2848 3971 cum
2880 3914 3176 3970 concordia
3224 3913 3290 3967 ad
3325 3922 3538 3982 portum
3586 3911 3672 3966 di-

2100 4008 2240 4061 vinzc
2284 4009 2578 4063 voluntatis
2609 4008 2796 4077 dirigit
2828 4024 2842 4072 ;
2883 4006 3079 4061 deinde
3134 4004 3268 4057 nihil
3296 4004 3403 4057 nisi
3435 4003 3487 4057 id
3527 4005 3673 4073 quod

2106 4114 2393 4153 commune
2419 4106 2503 4155 est
2530 4098 2815 4169 possidere
2833 4137 2847 4159 ,
2876 4104 3238 4167 praeterquam
3264 4094 3672 4159 vestimentum,

2102 4190 2246 4258 quod
2277 4206 2473 4258 corpus
2517 4197 2681 4260 tegat.
2750 4189 2842 4243 Sic
2887 4202 3124 4258 namque
3180 4183 3491 4255 expeditius
3543 4184 3673 4250 erit,

2103 4281 2249 4351 quod
2281 4297 2309 4334 a
2342 4282 2650 4352 prmpositis
2685 4280 2997 4351 injunctum
3025 4277 3149 4340 erit,
3178 4291 3301 4330 cum
3322 4274 3675 4344 jucunditatc

2104 4383 2158 4430 et
2190 4391 2285 4445 spe
2314 4376 2569 4430 alacriter
2601 4375 2889 4444 perficere,
2926 4383 2985 4429 ut
3024 4386 3241 4427 servum
3273 4369 3500 4433 Christi,
3528 4379 3582 4425 et
3606 4371 3674 4425 ad

2104 4482 2446 4521 communem
2484 4467 2712 4521 fratrum
2766 4482 2924 4520 usum
2962 4464 3323 4533 redemptum.
3383 4459 3497 4516 [loc
3528 4462 3677 4516 enim

427 4556 566 4607 ἐστω
599 4553 812 4606 πάντων
842 4548 1087 4617 ἔσχατος,
1130 4546 1225 4597 καὶ
1263 4543 1480 4595 πάντων
1508 4536 1713 4601 δοῦλος.
1741 4556 1759 4589 ι
1797 4537 1914 4609 Χρὴ
1942 4538 1992 4592 δὲ

2109 4558 2221 4610 vult
2261 4559 2425 4612 etiam
2463 4557 2747 4620 Dominus,
2785 4573 2908 4610 cum
2966 4556 3082 4609 ait:
3129 4572 3147 4605 ι
3197 4553 3302 4619 Qui
3349 4554 3463 4606 vult
3532 4554 3678 4608 inter

427 4645 525 4717 τὴν
560 4641 813 4711 τοιαύτην
838 4637 1082 4692 δουλείαν
1114 4633 1262 4704 παρά
1289 4636 1399 4695 τοῖς
1426 4630 1731 4702 ἀνθρώποις
1764 4630 1996 4700 ἄμισθον

431 4735 599 4799 εἶναι,
627 4736 723 4788 καὶ
754 4732 957 4801 ὀφείλει
977 4732 1004 4782 6
1031 4727 1270 4789 τοιοῦτος
1300 4722 1664 4793 ὑποτετάχθαι
1693 4725 1827 4777 πᾶσι
1848 4763 1864 4785 ,
1901 4723 1997 4777 καὶ

429 4824 679 4893 καθάπερ
711 4821 923 4876 δανείου
945 4817 1225 4890 χρεώστης
1249 4817 1543 4887 θεραπεύει
1564 4818 1689 4882 τοὺς
1714 4816 1996 4885 ἀδελφούς.

430 4918 547 4990 Χρὴ
583 4918 639 4971 δὲ
673 4917 768 4969 καὶ
804 4914 929 4977 τοὺς
960 4910 1310 4983 προεστῶτας
1340 4909 1436 4963 τοῦ
1469 4911 1842 4983 πνευματικοῦ
1870 4911 1996 4965 τού-

428 5027 521 5063 του
552 5006 737 5079 χοροῦ,
760 5006 879 5058 τότε
908 5003 1133 5075 μέγεθος
1152 5002 1251 5072 τῆς
1269 5000 1450 5055 αὐτῶν
1472 5002 1808 5067 σκοποῦντας
1832 5020 1997 5073 φρον-

430 5101 592 5166 τίδος,
626 5098 831 5167 καὶτῆς
854 5092 1246 5165 ἐφεδρευούσης
1266 5094 1365 5164 τὴν
1391 5092 1572 5147 πίστιν
1594 5094 1792 5159 κακίας
1814 5097 1832 5114 ’
1862 5095 1995 5163 λογι-

432 5193 665 5265 ζομένης
694 5192 792 5256 τάς
829 5190 1025 5262 τέχνας
1052 5187 1217 5255 ἀξίως
1245 5186 1344 5257 τῆς
1386 5187 1705 5251 ἐπιστασίας
1734 5188 1998 5255 ἀγωνίζε-

432 5287 555 5339 σθαι
574 5326 588 5349 ,
626 5284 720 5337 καὶ
756 5283 829 5355 μὴ
861 5281 998 5355 πρὸς
1036 5280 1134 5351 τὴν
1160 5278 1409 5343 ἐξουσίαν
1434 5278 1609 5350 αἴρειν
1631 5280 1692 5332 τὸ
1724 5279 1999 5351 φρόνημα.

430 5378 520 5429 Δεῖ
538 5375 647 5446 γάρ
672 5376 729 5428 ἐν
749 5376 816 5445 τῇ
847 5370 1138 5442 ἐπιστασίᾳ
1164 5369 1387 5441 μείζονα
1419 5370 1516 5440 μὲν
1536 5369 1645 5423 τῶν
1670 5368 1845 5423 ἀλλων
1877 5372 2005 5435 τοὺς

434 5465 783 5539 προεστῶτας
806 5467 989 5517 πονεῖν
1007 5504 1023 5529 ,
1052 5460 1336 5515 ταπεινοτέ
1346 5478 1451 5530 ρως
1480 5460 1537 5514 δὲ
1555 5461 1664 5515 τῶν
1688 5462 2006 5533 ἀρχομένων

430 5558 668 5627 φρονεῖν,
697 5555 790 5609 καὶ
828 5552 996 5607 τύπον
1022 5551 1208 5606 δούλου
1240 5549 1331 5603 τὸν
1357 5549 1565 5603 ἑαυτῶν
1587 5549 1705 5621 βίον
1737 5552 2003 5624 παρέχειν

520 5724 756 5781 3'llu-br.
812 5742 911 5789 xu,
981 5725 1033 5787 1,
1075 5723 1129 5779 ‘2.
1214 5725 1261 5757 ³³
1288 5724 1474 5779 Matth.
1517 5736 1643 5788 xxv,
1690 5722 1775 5778 11.

673 5823 938 5883 ΡΔτιιοι..
980 5821 1098 5881 Gn.
1134 5818 1348 5879 XLVI.

2104 4664 2202 4702 vos
2229 4648 2439 4718 primus
2461 4657 2516 4704 et
2541 4664 2770 4719 magnus
2796 4665 2940 4712 esse,
2966 4648 3208 4701 omnium
3239 4648 3310 4703 sit
3341 4653 3675 4717 postremus.

2100 4750 2153 4795 et
2180 4741 2422 4794 omnium
2460 4756 2649 4795 servus
2671 4742 2736 4796 ³³.
2772 4760 2788 4790 ι
2823 4739 3022 4793 Verum
3055 4737 3323 4807 ejusmodi
3360 4736 3675 4791 servitutem

2101 4830 2243 4902 apud
2281 4832 2527 4886 homines
2556 4834 2850 4902 gratuitam
2882 4846 3005 4887 esse
3051 4837 3289 4900 oportet,
3336 4836 3390 4884 et
3423 4828 3517 4898 qui
3551 4827 3677 4882 talis

2101 4930 2206 4987 est,
2235 4923 2489 4977 omnibus
2510 4924 2670 4976 debet
2701 4923 2920 4991 subjici,
2953 4937 3018 4976 ac
3038 4920 3204 4975 veluti
3239 4934 3420 4974 usurae
3451 4918 3677 4972 debitor
3726 4917 3740 4929 ’

2101 5011 2364 5067 fratribus
2395 5014 2679 5067 inservire.
2719 5014 2799 5068 Ad
2833 5014 2949 5067 hac
2983 5026 3080 5067 eos
3123 5009 3218 5080 qui
3247 5008 3373 5063 huic
3407 5007 3694 5076 spirituali'

2104 5105 2273 5158 choro
2302 5105 2696 5175 prinficiuntur,
2746 5103 3183 5174 magnitudinem
3217 5115 3331 5157 sum
3362 5115 3509 5154 cura:
3541 5114 3679 5152 con—

2108 5193 2440 5260 siderantes,
2474 5207 2529 5252 et
2560 5196 2783 5251 malitiae
2813 5211 2935 5266 qua:
2974 5194 3097 5249 fidei
3130 5192 3442 5255 insidiatur,
3485 5199 3540 5245 et
3580 5188 3678 5243 do-

2108 5285 2255 5343 losas
2288 5293 2439 5341 artes
2472 5285 2788 5350 meditatur,
2825 5299 2923 5355 pro
2944 5283 3211 5355 dignitate
3248 5296 3362 5337 sua:
3392 5278 3679 5351 praefectu-

2107 5391 2183 5431 ra:
2214 5376 2480 5432 sollicitos
2508 5391 2632 5432 esse
2696 5374 2978 5438 convenit,
3008 5387 3062 5429 et
3100 5388 3210 5426 non
3274 5370 3486 5425 ratione
3520 5376 3679 5438 pote-

2117 5468 2277 5523 statis
2317 5483 2544 5540 magnos
2596 5468 2826 5537 spiritus
2892 5480 3100 5537 gerere.
3138 5462 3351 5519 Etenim
3409 5461 3567 5517 decet
3624 5460 3680 5513 in

2112 5558 2436 5631 praefectura
2493 5560 2850 5626 constitutos,
2907 5557 3174 5629 majorem
3232 5555 3453 5627 quidem
3509 5566 3679 5624 quam

3374 5817 3442 5876 10
