4096 6354
399 331 505 388 290

405 447 494 499 alii
525 442 786 496 laborem
851 434 1132 504 suspicere
1149 471 1162 498 ,

406 531 610 590 subditi
643 545 702 585 se
735 540 946 599 gerere,
987 537 1053 579 ac
1087 535 1187 591 pro
1223 517 1367 574 servi
1403 515 1642 587 imagine
1665 510 1983 580 exemplove

404 626 572 678 vitam
632 633 788 676 suam
825 615 950 671 aliis
1013 612 1296 673 exhibere,
1347 607 1478 663 dum
1541 606 1669 661 illos
1731 608 1988 672 reputant

408 711 718 781 depositum
752 721 877 762 esse
911 705 1026 769 Dei,
1075 703 1168 772 qui
1201 699 1328 754 ﬁdei
1365 713 1479 754 suae
1507 692 1789 752 commissi
1838 697 1989 746 sunt.

413 779 506 855 Sic
560 800 726 869 igitur
756 794 1078 866 praepositos
1116 800 1327 861 oportet
1354 788 1584 843 fratrum
1639 796 1830 838 curam
1894 779 1993 831 ha-

408 895 562 956 bere,
582 899 640 946 ut
659 889 818 962 probi
851 895 1166 942 tenerorum
1193 880 1520 937 educatores
1552 887 1867 946 puerorum,
1890 869 1988 942 qui

413 986 550 1055 ipsis
583 999 611 1037 a
643 978 962 1053 parentibus
989 974 1175 1031 traditi
1203 981 1353 1028 sunt.
1387 969 1682 1023 Enimvero
1710 964 1766 1020 hi
1793 977 1996 1036 puero-

415 1093 537 1133 rum
558 1074 779 1133 habitus
799 1070 1241 1129 considerantes,
1258 1064 1385 1119 huic
1403 1061 1649 1125 verbera,
1665 1059 1740 1113 illi
1765 1056 1992 1123 monita,

418 1169 574 1224 alteri
598 1151 839 1228 ﬁdem,
863 1161 1017 1217 alteri
1039 1157 1244 1228 aliquid
1275 1153 1543 1225 ejusmodi
1575 1151 1864 1205 admovent
1891 1165 1907 1215 ;
1931 1161 1997 1202 ac

417 1259 558 1316 nihil
597 1258 792 1313 horum
824 1254 888 1310 ad
921 1253 1175 1325 gratiam,
1205 1264 1389 1331 neque
1402 1249 1469 1302 ad
1493 1247 1680 1303 odium
1711 1247 1996 1315 praestant,

419 1346 885 1420 quemadmodum
915 1341 1236 1413 Spirituales
1261 1354 1481 1409 quoque
1509 1333 1786 1407 praepositi
1816 1331 2000 1387 facere

419 1419 640 1489 debent.
677 1433 732 1486 Si
771 1432 842 1485 ita
880 1431 1111 1484 invicem
1142 1427 1321 1482 affecti
1358 1425 1597 1488 fueritis,
1653 1437 1776 1477 cum
1811 1419 1999 1490 subje-

419 1526 494 1579 σξιί
536 1533 647 1577 tum
695 1519 966 1592 magistri,
1001 1519 1080 1573 illi
1133 1517 1355 1588 quidem
1401 1529 1528 1571 cum
1591 1512 1793 1585 gaudio
1826 1509 2002 1580 jussis

422 1631 488 1670 ac
514 1613 791 1676 mandatis
823 1612 1294 1681 obtemperantes,
1324 1607 1380 1662 hi
1403 1621 1534 1662 vero
1568 1617 1691 1660 cum
1720 1603 2009 1672 voluptate

425 1709 625 1761 fratres
661 1705 728 1759 ad
780 1703 1084 1776 perfectum
1130 1708 1334 1757 statum
1386 1696 1797 1768 provehentes;
1851 1700 1907 1748 et
1953 1691 2001 1747 si

420 1798 729 1852 honoribus
800 1795 1036 1849 invicem
1098 1788 1487 1861 prteveniatis,
1553 1784 1873 1856 angelorum
1947 1769 2080 1835 inB

426 1890 592 1943 terris
621 1887 790 1941 vitam
839 1883 1070 1955 degetis.
1107 1881 1342 1936 lnducat
1372 1893 1503 1934 vero
1549 1876 1653 1933 sibi
1684 1874 1920 1944 quisque
1950 1871 2006 1926 in

428 1987 690 2042 mentem,
723 1992 783 2032 se
813 1992 923 2031 non
957 1975 1128 2029 fratre
1163 1973 1344 2028 solum
1403 1983 1528 2034 cum
1590 1982 1702 2038 quo
1757 1970 2009 2020 versatur

431 2073 746 2127 inferiorem
779 2067 1250 2141 infirmioremque
1287 2078 1435 2124 esse,
1475 2060 1569 2117 sed
1617 2058 1814 2130 quovis
1843 2057 2009 2111 etiam

429 2161 692 2226 homine;
735 2160 838 2212 hoc
864 2157 1010 2211 enim
1040 2167 1403 2224 cognoscens,
1442 2150 1752 2220 discipulus
1820 2159 2010 2201 revera

431 2252 637 2309 Clu-isti
670 2252 792 2309 erit.
821 2250 959 2305 Cum
1000 2261 1139 2316 ergo
1170 2243 1499 2298 humilitatis
1533 2241 1746 2296 fructus
1797 2236 2011 2302 sciatis,

432 2353 486 2399 et
521 2344 698 2399 fastus
727 2341 1010 2402 damnum,
1041 2334 1330 2391 imitamini
1367 2332 1681 2392 Dominum,
1718 2336 1775 2383 et
1811 2341 1922 2382 uno
1956 2325 2014 2379 in

433 2451 665 2506 corpore
687 2445 849 2504 atque
879 2430 1060 2484 anima
1095 2441 1203 2481 una
1237 2427 1306 2480 ad
1342 2438 1638 2494 supernam
1671 2420 2017 2477 vocationem

435 2529 665 2588 currite,
732 2524 1022 2592 diligentes
1078 2517 1249 2573 Deum
1296 2525 1350 2572 et
1401 2530 1499 2569 vos
1546 2513 1806 2566 invicem.
1879 2509 2015 2564 Nam

437 2621 592 2675 amor
627 2625 680 2671 et
731 2616 896 2668 timor
957 2610 1171 2666 Domini
1213 2599 1451 2678 pfimum
1488 2603 1622 2674 legis
1652 2602 2020 2670 complemen-

438 2723 555 2765 tum
581 2719 684 2764 est.
723 2705 1113 2761 Verumtamen
1145 2715 1254 2755 non
1284 2695 1634 2768 simpliciter,
1670 2708 1848 2762 neque
1896 2690 2015 2745 for-

441 2801 581 2854 tuito
628 2796 787 2851 nobis
841 2793 1106 2848 adversus
1151 2789 1322 2843 Deum
1377 2784 1621 2840 cbaritas
1677 2783 1792 2836 indi
1854 2789 2020 2850 atque

443 2890 612 2946 inseri
665 2888 825 2950 solet,
879 2883 975 2939 sed
1025 2896 1120 2952 per
1162 2879 1381 2934 labores
1433 2875 1638 2931 multos
1689 2881 1745 2928 et
1791 2887 2020 2943 magnas

443 2995 627 3045 curas,
668 2985 723 3034 et
765 2974 1205 3044 cooperationem
1248 2969 1474 3032 Christi,
1517 2974 1682 3037 prout
1735 2964 1873 3018 dixit
1921 2961 2025 3018 Sa-

443 3073 675 3145 pientia,
734 3089 751 3119 ι
793 3067 848 3122 Si
892 3066 1061 3128 enim,
1107 3083 1125 3115 ι
1181 3063 1382 3133 inquit,
1440 3078 1458 3111 ι
1523 3057 1816 3129 quaesieris
1875 3070 2020 3120 eam,

446 3165 603 3235 quasi
636 3161 944 3233 pecuniam,
974 3166 1028 3211 ct
1061 3154 1208 3210 sicut
1239 3155 1528 3207 thesauros
1557 3148 1813 3203 effoderis
1846 3147 2022 3213 illam,

447 3266 580 3312 tunc
610 3255 879 3324 intelliges
914 3250 1165 3303 timorem
1203 3243 1438 3307 Domini,
1493 3250 1547 3296 et
1579 3240 1867 3297 scientiam
1929 3235 2027 3293 Dei

450 3365 790 3425 invenies“.
827 3384 844 3416 ι
899 3359 1187 3430 Agnitione
1219 3373 1349 3422 vero
1404 3355 1500 3410 Dei
1564 3356 1807 3416 inventa,
1858 3352 2027 3406 etiam

459 3470 666 3518 metum
729 3456 890 3511 facile
943 3449 1398 3522 comprehendes,
1456 3456 1510 3501 et
1574 3444 1719 3515 quod
1782 3443 2033 3512 sequitur

473 3561 620 3609 τρι-ιο
661 3547 931 3620 perﬁcies,
971 3543 1291 3598 charitatem
1332 3539 1457 3594 dico
1485 3536 1538 3590 in
1573 3536 1858 3600 Vicinum;
1904 3547 2032 3587 nam

453 3631 844 3712 cum‘pr'unum
874 3645 928 3692 et
974 3648 1229 3705 magnum
1283 3631 1472 3685 labore
1503 3636 1882 3695 comparatum
1917 3631 2025 3686 est,

1646 307 1702 363 S.
1746 293 2074 359 GREGOBII
2107 287 2402 348 NYSSENI

1229 427 1554 484 submissius
1611 437 1739 479 vero
1811 421 2025 490 quaml

2124 411 2193 472 οῖς
2227 407 2407 469 ἄλλοις
2429 444 2444 466 ,
2484 393 2952 470 παρακαταθήκην
2979 386 3116 444 Θεοῦ
3150 382 3473 455 νομίζοντας
3493 376 3664 448 ἔχειν,

3559 261 3666 316 500

2085 501 2178 566 οὓς
2207 495 2628 566 ἐπιστεύθησαν.
2661 487 2848 548 Οῦτως
2875 479 2968 537 οὖν
2995 479 3103 552 χρὴ
3147 475 3274 536 τοὺς
3317 483 3668 544 προεοιωτας

2087 559 2460 664 ἐπίμελεῖσθαι
2483 559 2592 638 τῶν
2623 576 2888 648 ἀδελφῶν,
2913 575 2988 638 ὡς
3026 571 3093 625 ἂν
3129 565 3358 640 χρηστοὶ
3390 559 3670 664 παιδαγω-

2087 652 2407 757 γοὶ-παίδων
2429 675 2674 740 ἁπαλῶν,
2697 670 2792 734 οὓς
2816 662 3220 732 ἐπιστεύθησαν
3244 655 3397 728 παρὰ
3423 652 3669 757 τῶνυῖταο

2087 736 2510 847 τέρωνγαύτῶν.
2571 736 2800 820 Ἐκεῖνοι
2847 757 2957 828 γὰρ
2996 753 3107 807 τῶν
3153 747 3362 804 παίδων
3399 741 3499 805 τάς
3530 736 3673 847 ἕξεις

2093 828 2441 926 σκοποῦντες,
2464 859 2542 930 τῷ
2577 857 2674 929 μὲν
2707 849 2944 923 πληγὰς,
2967 845 3046 918 τῷ
3071 844 3130 898 δὲ
3161 836 3471 897 νουθεσίαν,
3501 830 3583 902 τῷ
3613 828 3672 882 δέ

2093 960 2334 1021 ἔπαινον,
2375 953 2455 1024 τῷ
2489 925 2546 1005 δέ
2579 925 2711 1004 ἀλλο
2750 962 2805 998 τι
2847 941 2957 994 τῶν
2986 933 3243 990 τοιούτων
3282 925 3672 1001 προσάγωσιν,

2093 1050 2246 1105 οὐδὲν
2273 1016 2396 1101 οῦτε
2425 1016 2562 1115 πρὸς
2589 1041 2770 1112 χάριν,
2813 1032 2943 1086 οὔτε
2969 1028 3108 1102 πρὸς
3136 1021 3436 1094 ἀπέχθειαν
3468 1016 3676 1072 τούτων

2097 1140 2412 1202 ποιοῦντες,
2459 1131 2643 1210 καθὼς
2690 1129 2788 1184 καὶ
2829 1127 2880 1180 οι
2927 1117 3289 1192 πνευματικοὶ
3337 1111 3677 1187 προεστῶτες

2100 1235 2273 1288 ποιεῖν
2297 1207 2620 1300 ὀφείλουσιν.
2659 1221 2784 1276 Ἐὰν
2812 1216 2983 1279 οὓτως
3024 1213 3186 1284 ἔχητε
3217 1209 3353 1300 πρὸς
3385 1203 3673 1275 ἀλλήλους,

2100 1326 2155 1380 of
2172 1327 2232 1378 τὲ
2260 1296 2571 1392 ὑφεστῶτες
2598 1314 2692 1369 καὶ
2719 1313 2768 1366 οί
2792 1305 3136 1366 διδάσκαλοι,
3164 1301 3215 1355 οἱ
3244 1299 3341 1371 μέν
3363 1296 3680 1365 πειθόμενοι

2105 1418 2242 1492 μετά
2281 1385 2456 1488 χαρᾶς
2489 1412 2603 1474 τοῖς
2641 1399 3116 1472 ἐπιταττομένοις.
3154 1396 3202 1448 οἱ
3235 1392 3293 1446 δὲ
3335 1389 3453 1462 μεθ’
3485 1385 3680 1460 ἡδονῆς

2103 1479 2229 1573 τοὺς
2253 1479 2514 1575 ἀδελφοὺς
2548 1500 2642 1555 ἐπὶ
2669 1499 2730 1552 τὸ
2761 1495 2966 1551 τέλειον
2996 1487 3364 1562 προαγόμενοι
3383 1523 3398 1546 ,
3436 1481 3532 1534 καὶ
3557 1479 3680 1540 ταῖς

2103 1568 2290 1674 τιμαῖς
2342 1568 2608 1668 ἀλλήλους
2655 1584 2970 1662 προηγῆσθε
2996 1598 3012 1614 ο
3035 1580 3128 1634 τὸν
3163 1576 3270 1632 τῶν
3298 1573 3548 1642 ἀγγέλων
3586 1568 3681 1622 ἐπί¹

2105 1659 2204 1766 τ’ῖίς
2233 1659 2339 1763 vi};
2366 1659 2594 1761 ζήσεσθε
2623 1659 2756 1755 βίον.
2777 1676 3020 1733 Πειθέτω
3040 1674 3097 1728 δὲ
3124 1671 3352 1730 ἕκαστος
3366 1662 3586 1766 ἑαυτὸν,
3606 1659 3686 1723 ὡς

2107 1753 2572 1840 ούΙτοῦῷνόντος
2611 1753 2844 1839 ἀδελφοῦ
2880 1766 3044 1838 μόνον
3071 1760 3191 1815 ἐστὶ
3221 1753 3644 1821 καταδεέστερος
3663 1787 3684 1816 ,

2108 1873 2247 1930 ἀλλά
2285 1871 2380 1926 καὶ
2415 1867 2615 1929 παντὸς
2650 1859 2942 1933 ἀνθρώπου
2966 1873 2979 1887 ·
3020 1851 3179 1907 τοῦτο
3216 1847 3326 1919 γὰρ
3365 1841 3685 1914 γινώσκων,

2110 1966 2362 2042 μαθητὴς
2385 1961 2538 2016 ἔσται
2556 1958 2724 2018 ὅντως
2743 1947 3004 2024 Χριστοῦ.
3037 1943 3251 2005 Είδότες
3273 1933 3368 2040 οῦν
3385 1937 3484 2042 της
3505 1948 3691 1988 ταπει-

2110 2027 2486 2133 νότητοςντοὺς
2515 2048 2781 2121 καρποὺς,
2815 2044 2908 2098 καὶ
2924 2040 3024 2112 τὴν
3045 2035 3249 2108 ζημίαν
3272 2029 3368 2084 τοῦ
3387 2027 3580 2097 τύφου,
3602 2041 3692 2096 μιο

2116 2117 2363 2225 μήσασθε
2387 2117 2478 2200 τὸν
2497 2117 2774 2210 Δεσπότην
2793 2175 2810 2201 ,
2840 2133 2933 2189 καὶ
2952 2131 3034 2185 ἐνὶ
3057 2127 3270 2197 σώματι
3291 2123 3386 2177 καὶ
3413 2120 3512 2191 μιᾷ

2113 2207 2341 2314 χῶρεῖτε
2373 2236 2512 2308 πρὸς
2547 2233 2648 2302 τὴν
2675 2207 2789 2283 ἀνω
2827 2224 3044 2294 κλῆσιν,
3085 2215 3410 2287 ἀγαπῶντες
3431 2211 3523 2265 τὸν
3560 2207 3693 2262 Θεὸν

2115 2300 2210 2390 καί
2240 2300 2526 2400 ἀλλήλους.
2564 2300 2778 2391 ’Ᾱγάπη
2805 2313 3029 2387 γὰρσκαὶ
3061 2311 3225 2380 φόϐος
3250 2309 3282 2400 6
3309 2305 3446 2378 πρὸς
3464 2300 3692 2400 Κύριον,

2115 2427 2176 2481 τὸ
2191 2391 2406 2498 πρῶτον
2426 2416 2520 2473 τοῦ
2543 2414 2709 2486 νόμου
2735 2409 2853 2464 ἐστὶ
2878 2405 2988 2474 πληή
2997 2419 3176 2476 ρωμα.
3196 2398 3343 2469 Πλὴν
3363 2395 3465 2468 οὐχ
3488 2391 3697 2456 ἁπλῶς,

2115 2483 2251 2572 οὐδὲ,
2265 2511 2582 2582 αὐτομάτως
2610 2483 2745 2576 ημῖν
2780 2505 2814 2573 ἡ
2854 2498 2990 2571 πρὸς
3021 2495 3152 2549 Θεὸν
3177 2491 3367 2561 ἀγάπη
3388 2483 3698 2582 ἐγγίνεσθαι

2117 2607 2382 2677 πέφυκεν,
2401 2577 2553 2654 ’ἀλλὰ
2579 2595 2668 2649 διὰ
2704 2590 2913 2646 πολλῶν
2941 2588 3120 2640 πόνων
3147 2583 3242 2636 καὶ
3267 2577 3516 2652 μεγάλων
3538 2589 3702 2645 φρον-

2119 2665 2302 2760 τίδων,
2333 2665 2427 2749 καὶ
2458 2683 2752 2758 συνεργίας
2776 2681 2877 2750 τῆς
2906 2675 3002 2731 τοῦ
3031 2671 3268 2746 Χριστοῦ
3289 2711 3304 2736 ,
3338 2666 3522 2730 καθὼς
3550 2665 3704 2760 εἴρη-

2120 2753 2216 2844 κεν
2248 2753 2300 2859 ἡ,
2324 2784 2514 2853 Σοφία.
2558 2753 2750 2847 (Ἐὰν
2775 2771 2880 2844 γὰρ
2922 2768 3180 2859 ζητήσεις-
3207 2761 3400 2859 αὐτην,
3446 2776 3469 2808 ι
3503 2753 3693 2859 φησὶν,

2129 2901 2147 2934 ι
2188 2849 2283 2943 ὡς.
2315 2849 2600 2947 ἀργύριον,
2654 2865 2750 2920 καὶ¹
2799 2864 2876 2926 ὡς
2924 2855 3243 2947 θησαυροὺς⁸
3289 2849 3698 2947 ἐξερευνήσίξνιςΖ

2124 2933 2261 3028 τότε.
2290 2933 2604 3038 συννοησεις
2632 2957 2795 3029 φόϐον
2828 2950 3056 3025 Κυρίου,
3100 2947 3198 3002 καὶ
3230 2945 3526 3012 ἐπίγνωσιν
3569 2933 3704 2990 Θεοῦ

2128 3065 2400 3136 εὑρήσεις.
2442 3032 2623 3109 »Θεοῦ
2647 3052 2702 3104 δὲ
2727 3049 3021 3116 ἐπίγνωσιν
3054 3038 3250 3112 εὑρὼν,
3275 3035 3370 3090 καὶ
3393 3032 3558 3104 φόϐον
3585 3045 3698 3081 συν-

2129 3125 2344 3229 νοίισεις
2389 3151 2604 3224 ῥαδίως,
2636 3146 2728 3199 καὶ
2758 3143 2819 3196 τὸ
2845 3139 3041 3210 ἐφεξῆς
3069 3131 3464 3205 κατορθώσεις,
3491 3125 3709 3193 τὸάγα-

2132 3216 2263 3321 πᾷν,
2462 3242 2554 3296 τὸν
2579 3237 2805 3308 πλησίον
2821 3252 2834 3265 ·
2867 3231 2965 3285 τοῦ
2984 3228 3093 3300 γάρ
3114 3224 3328 3298 πρώτου
3353 3219 3448 3274 καὶ
3474 3216 3710 3290 μεγάλου

2313 3305 2608 3407 κτηθέντος
2629 3369 2645 3395 ,
2670 3305 2730 3381 τὸ
2751 3325 3002 3395 δεύτερον
3023 3321 3241 3374 ἔλαττον
3267 3314 3348 3378 ὃν,
3372 3305 3712 3379 ἀπονώτερὺν

2136 3401 2286 3490 ἐστιν
2303 3450 2315 3463 ·
2353 3401 2474 3483 ἐπεὶ
2495 3428 2524 3480 6
2547 3425 2638 3479 τὸν
2667 3421 2798 3475 Θεὸν
2832 3417 2908 3489 μὴ
2934 3412 3166 3484 ἀγαπῶν
3189 3409 3251 3475 ἐξ
3271 3408 3400 3476 ὅλης
3440 3401 3670 3474 καρδίας
3693 3437 3715 3464 ,

2139 3529 2236 3582 καὶ
2264 3522 2324 3589 ἐξ
2354 3523 2481 3592 ὅλης
2497 3515 2756 3578 διανοίας,
2789 3509 2907 3572 πῶς
2939 3506 3005 3562 ἂν
3030 3503 3198 3574 ὑγιῶς
3222 3500 3317 3554 καὶ
3353 3496 3558 3559 ἀδόλως
3594 3493 3717 3546 ἐπι-

2147 3619 2361 3693 μελοῖτο
2381 3614 2480 3693 τῆς
2511 3609 2617 3664 τῶν
2642 3600 2884 3672 ἀδελφῶν
2903 3599 3151 3667 ἀγάπης;

459 3675 580 3700 cum
613 3675 844 3712 plu-lum
874 3675 928 3692 νυ
975 3675 1229 3705 "manu".
1286 3675 1471 3685 ..η-μην
1508 3675 1880 3695 μην-..ᾑρη-νη
1924 3675 2025 3686 εν,
2147 3675 2161 3693 ι
2437 3675 2450 3683 _

459 3732 760 3792 secundum
798 3727 944 3798 quod
981 3727 1164 3780 minus
1224 3727 1328 3784 est,
1389 3717 1608 3773 levioris
1643 3715 1847 3768 laboris
1891 3720 2018 3768 est:
2059 3691 2500 3783 quandoquidem
2530 3699 2621 3770 qui
2655 3695 2821 3750 Deum
2877 3704 2987 3744 non
3034 3691 3182 3740 amat
3251 3698 3315 3740 ex
3359 3687 3479 3735 toto
3527 3675 3716 3745 corde,

457 3839 512 3887 et
539 3847 601 3886 ex
636 3836 749 3881 tota
793 3831 994 3887 mente,
1045 3820 1268 3890 quinam
1305 3814 1536 3868 sincere.
1561 3819 1614 3864 et
1667 3810 1856 3865 sedulo
1894 3807 2181 3863 charitatis
2220 3806 2276 3859 in
2310 3801 2510 3855 fratres
2543 3805 2731 3848 curam
2765 3782 3034 3841 haberet?

533 3924 1012 3981 \‘erumeniu‘ivero
1059 3931 1181 3970 cum
1233 3912 1453 3965 malitia:
1496 3907 1690 3960 artifex
1725 3913 1919 3960 nactus
1960 3911 2045 3959 est

462 4035 585 4080 eum
625 4017 715 4087 qui
755 4023 920 4067 totam
951 4008 1188 4062 animam
1220 4003 1329 4056 Deo
1361 4016 1466 4055 non
1499 3998 1695 4065 tradit,
1751 4004 1805 4050 et
1839 4008 2046 4049 vacuus

459 4121 547 4166 est
586 4085 958 4162 aidihrctione
1004 4101 1168 4162 illius,
1224 4093 1382 4148 facile
1436 4090 1712 4158 mancipat
1761 4095 1814 4142 et
1863 4085 2046 4156 pravis

464 4197 886 4270 cogitationibus
925 4189 1258 4263 praecipitem
1311 4186 1424 4251 dat,
1475 4184 1603 4236 dum
1638 4193 1787 4252 nunc
1823 4177 1952 4231 facit
1985 4182 2046 4229 ut

465 4293 651 4358 gravia
690 4288 974 4341 videantur
1004 4280 1305 4349 Scriptura:
1336 4275 1611 4336 mandata,
1649 4279 1704 4325 et
1745 4280 2042 4324 onerosum

469 4381 834 4436 ministerium
889 4373 1152 4429 fratribus
1185 4369 1509 4427 exbibitum,
1556 4362 1719 4416 modo
1750 4361 1815 4414 ad
1847 4372 2044 4427 super-

2211 3900 2315 3954 Τὸν
2339 3897 2395 3952 δὲ
2431 3893 2507 3966 μὴ
2537 3889 2635 3961 τὴν
2665 3883 2838 3957 ψυχὴν
2871 3882 2999 3951 ὅλην
3040 3874 3356 3931 ἀποδιδόντα
3385 3869 3504 3942 Θεῷ
3530 3911 3546 3930 ,
3585 3867 3718 3940 μηδέ

2141 3991 2278 4064 πρὸς
2307 3986 2405 4057 τὴν
2431 3957 2640 4036 ἐκείνου
2675 3969 3046 4042 κεκενωμένον
3079 3965 3300 4036 ἀγάπην
3319 4002 3334 4027 ,
3363 3961 3536 4030 εὑρὼν
3571 3961 3600 4012 6
3623 3957 3723 4028 τῆς

2141 4054 2340 4142 κακίας
2366 4054 2637 4144 ’τεχνίτης
2687 4062 2964 4138 χειροῦται
3007 4057 3204 4131 ῥᾳδίως
3234 4054 3513 4124 λογισμοῖς
3555 4066 3725 4119 πονηο

2146 4177 2256 4248 ροῖς
2284 4137 2696 4227 ὑποσκελίζων,
2745 4155 2840 4210 νῦν
2875 4152 2974 4224 μὲν
3026 4148 3196 4220 βαρέα
3226 4142 3508 4215 φαίνεσθαι
3555 4137 3726 4193 ποιῶν

2147 4231 2351 4332 τὰ-τῆς
2396 4253 2618 4330 Γραφῆς
2657 4247 3006 4316 ἐπιτάγματα
3031 4279 3045 4304 ,
3085 4239 3180 4293 καὶ
3221 4234 3437 4306 ἐπαχθῆ
3490 4231 3590 4302 τὴν
3645 4231 3728 4292 είς

2150 4353 2274 4415 τοῦς
2305 4318 2893 4415 ἀνδελφοῦςθεραπείαν
2915 4350 2930 4364 ο
2966 4329 3062 4384 νῦν
3113 4327 3170 4381 δὲ
3217 4324 3459 4395 ἐπαίρων
3488 4321 3567 4384 είς
3596 4318 3730 4372 ἀλαο

470 4409 834 4436 “tunam-num
889 4409 1152 4429 Ilallluuu
1186 4409 1509 4427 ιιι-...μυκηη
1557 4409 1714 4416 -.ην-ν
1751 4409 1815 4414 ᾖ..
1848 4409 2002 4427 --τη

465 4475 612 4528 biam
656 4479 709 4525 ct
739 4469 938 4522 fastum
975 4463 1186 4519 extollit
1215 4461 1282 4512 ab
1302 4459 1422 4528 ipso
1451 4457 1507 4532 in
1527 4468 1822 4508 conservos
1849 4448 2024 4503 officio

2124 4427 2137 4502 li
2155 4409 2363 4510 ζονείαν
2397 4409 2490 4490 καὶ
2514 4409 2680 4501 τῦφον
2700 4428 2792 4482 ἀπ’
2819 4424 2990 4494 αὐτῆς
3013 4419 3115 4490 τῆς
3146 4417 3225 4480 είς
3253 4415 3379 4477 τοὺς
3411 4409 3731 4484 ὁμοδούλους

2495 4526 2509 4532 -
2619 4522 2629 4532 ·
2825 4516 2837 4532 ι
2916 4514 2940 4526 ·
2975 4531 2980 4532 γ
3021 4507 3314 4532 Laut..-
3340 4503 3493 4532 ηε-..
3526 4500 3706 4532 ἣκειν..

472 4576 531 4618 ιιι
565 4563 793 4633 gloriam
849 4558 919 4611 ab
969 4553 1284 4608 hominibus
1339 4553 1565 4617 quaerat,
1621 4553 1674 4598 et
1706 4542 1971 4596 honorem
2017 4552 2048 4592 a

471 4631 735 4712 fratribus
781 4650 981 4719 exigat,
1042 4647 1226 4714 itaque
1252 4639 1549 4694 infidelium
1578 4643 1696 4690 acta
1735 4631 1938 4687 ambiat
1994 4637 2052 4684 et

471 4754 716 4819 praestet.
767 4740 977 4793 Etenim
1012 4733 1247 4789 infidelis
1276 4738 1359 4786 est
1387 4729 1478 4798 qui
1514 4727 1786 4780 humanos
1815 4735 1914 4792 pro
1943 4733 2054 4774 cm-

474 4838 708 4895 lestibus
743 4834 982 4887 honores
1016 4831 1265 4887 venatur,
1303 4815 1764 4891 quemadmodum
1789 4812 2054 4867 Dominus

476 4933 594 5001 ipse
645 4925 843 4993 alicubi
905 4921 1079 4974 dicit:
1149 4935 1166 4966 ι
1209 4910 1496 4980 Quomodo
1554 4923 1650 4961 vos
1683 4903 1909 4960 credere
1965 4915 2058 4971 po-

475 4991 665 5081 testis,
729 4991 822 5085 qui
857 5012 1083 5082 gloriam
1127 5021 1155 5060 a
1207 5004 1367 5058 vobis
1432 5000 1665 5054 invii-em
1706 4991 1957 5063 accipitis
2008 4997 2062 5044 et

480 5115 740 5166 honorem
771 5124 799 5159 a
833 5107 941 5158 Deo
959 5105 1086 5157 "solo
1127 5114 1232 5152 non
1263 5112 1334 5165 qu
1359 5094 1528 5148 mritis
1553 5089 1636 5141 "?
1666 5106 1684 5138 ›
1723 5085 2090 5154 Quapropter-

478 5207 523 5259 si
567 5204 808 5258 vharitas
871 5214 899 5250 a
944 5195 1052 5249 Deo
1101 5188 1371 5249 adfuerit:
1399 5195 1685 5238 necessum
1739 5187 1822 5233 est
1856 5177 2064 5244 reliqua

2150 4500 2422 4592 διακονίας
2445 4569 2458 4590 ,
2480 4526 2554 4587 ὡς
2699 4516 2850 4588 παρά
2875 4514 2982 4568 τῶν
3013 4509 3109 4565 ἀνθ
3117 4507 3314 4581 ρώπων
3339 4503 3493 4568 δόξαν
3525 4500 3732 4572 ζητεῖν,

2152 4625 2248 4680 καὶ
2275 4620 2438 4692 τιμὴν
2468 4612 2618 4684 παρὰ
2653 4609 2760 4664 τῶν
2795 4603 3035 4676 ἀδελφῶν
3068 4600 3312 4655 ἐπαιτεῖν
3333 4612 3348 4625 ⁶
3380 4595 3474 4646 καὶ
3499 4590 3641 4644 οὕτω
3665 4588 3736 4642 τά

2153 4711 2262 4766 τῶν
2291 4683 2534 4764 ἀπίστων
2554 4683 3095 4771 πραγματευόμενος
3129 4688 3222 4744 καὶ
3250 4683 3438 4740 ποιῶν.
3472 4683 3734 4741 Ἀπιστος

2155 4807 2266 4876 γὰρ
2295 4804 2323 4856 ὁ
2354 4798 2452 4862 τὰς
2484 4770 2830 4864 ἀνθρωπίνας
2866 4785 2986 4840 ἀντὶ
3019 4782 3127 4836 τῶν
3177 4777 3443 4850 οὐρανίων
3490 4770 3737 4844 θηρεύων

2155 4862 2320 4967 τιμὰς
2340 4933 2355 4957 ,
2381 4890 2458 4954 ὡς
2499 4862 2661 4947 αὑτός
2693 4879 2796 4934 πού
2839 4893 3002 4948 φησιν
3053 4876 3081 4927 6
3113 4871 3346 4941 Ktipto;°
3388 4887 3406 4918 ι
3430 4865 3556 4928 Πῶς
3585 4862 3741 4916 δύνα-

2160 4954 2253 5041 σθε
2285 4954 2441 5054 ὑμεῖς
2467 4973 2742 5031 πιστεύειν
2761 5009 2776 5034 ,
2817 4968 2975 5035 δόξαν
3003 4964 3130 5036 παρ’
3159 4961 3401 5032 ἀλλήλων
3432 4954 3741 5027 λαμϐάνον-

2156 5096 2248 5142 τες
2269 5120 2283 5143 ,
2311 5045 2406 5129 καὶ
2427 5071 2526 5143 τὴν
2553 5066 2710 5131 δόξαν
2739 5064 2837 5134 τὴν
2873 5060 3022 5130 παρά
3050 5056 3144 5110 τοῦ
3178 5055 3337 5126 μόνου
3377 5049 3511 5104 Θεοῦ
3545 5048 3606 5101 ού
3638 5045 3739 5117 ζη-

2159 5135 2407 5229 τοῦντεςς
2439 5182 2457 5214 ι
2483 5135 2750 5228 ”Αγάπης
2803 5149 2895 5207 οὖν
2943 5153 3077 5221 ἡμῖν
3108 5143 3391 5218 παρούσης
3434 5140 3526 5194 τοῦ
3582 5135 3740 5201 Θεοῦ,

478 5229 523 5259 SI
567 5229 808 5258 ("unum
871 5229 899 5250 α
944 5229 1052 5249 νιν
1101 5229 1362 5249 αυιυωη,
1400 5229 1685 5238 ..ν-η..,-.---
1746 5229 1815 5233 -_,
1895 5229 1907 5231 _
1975 5229 1990 5244 .

429 5334 436 5340 ο
484 5298 648 5350 etiam
713 5292 840 5346 huic
901 5287 1199 5347 adhaerere,
1239 5288 1293 5336 et
1330 5278 1632 5332 fraternum
1687 5285 1964 5331 amorem,
2013 5282 2025 5321 ι

2162 5260 2376 5327 ἀνάγκη
2415 5255 2511 5309 καὶ
2540 5251 2608 5305 τά
2639 5247 2801 5301 λοιπὰ
2825 5243 2998 5312 ταύτῃ
3037 5235 3388 5298 συνέπεσθαι,
3411 5232 3504 5286 καὶ
3534 5230 3595 5284 τὺ
3618 5229 3740 5299 φιλ-

2262 5348 2271 5350 ‘
2517 5343 2529 5350 ·
2671 5341 2696 5350 -
2864 5333 2879 5350 ε
2938 5332 2990 5350 ἠ
3035 5329 3288 5350 -ι--------
3372 5323 3434 5350 -λ
3478 5320 3599 5350 -..Α
3646 5318 3740 5350 ολ...

483 5385 764 5437 lenitatem
815 5385 866 5433 et
926 5373 1219 5429 candorem
1271 5368 1479 5436 absque
1529 5363 1770 5426 fictione,
1808 5371 2062 5430 perseve-

484 5475 722 5536 rantiam
755 5476 808 5522 et
860 5465 1204 5522 sedulitatem
1239 5462 1292 5514 in
1328 5457 1618 5528 precibus,
1643 5462 1970 5520 omnemque
2005 5446 2061 5500 in

485 5547 683 5636 genere
717 5561 991 5613 virtutem.
1044 5553 1310 5617 Quoniam
1364 5555 1544 5604 autem
1587 5541 1807 5615 quando
1863 5553 2059 5611 magna

562 5743 607 5773 ”
630 5738 789 5794 Prov.
829 5752 886 5801 ll,
913 5734 968 5801 4,
1001 5732 1050 5786 5.
1106 5732 1147 5762 ³⁵
1171 5729 1327 5784 Joan.
1364 5740 1414 5792 ι’,
1441 5725 1528 5777 44.

2170 5318 2393 5414 ἀδελφον
2417 5385 2435 5410 ,
2483 5343 2545 5396 τὸ
2584 5341 2759 5413 πρᾶον
2785 5376 2799 5400 ,
2829 5333 2891 5387 τὸ
2928 5329 3288 5399 ἀνυπόκριτον
3312 5363 3327 5388 ,
3372 5323 3436 5376 τὸ
3477 5320 3606 5392 περὶ
3646 5318 3745 5382 τὰς

2169 5409 2333 5511 εὐχὰς
2364 5433 2586 5506 διαρκὲς
2623 5409 2718 5484 καὶ
2742 5423 3050 5487 σπουδαῖον,
3079 5417 3174 5472 καὶ
3201 5413 3389 5478 ἀπλῶς
3413 5414 3593 5466 πᾶσαν
3619 5409 3748 5478 ἀρε-

2165 5499 2284 5603 τήν.
2315 5499 2419 5592 ’Ὡς
2449 5499 2506 5580 δὲ
2541 5521 2774 5596 μεγάλου
2803 5514 2895 5570 τοῦ
2943 5513 3219 5582 κτήματος
3258 5506 3409 5568 ὄντος
3428 5543 3444 5569 ,
3496 5499 3750 5573 μεγάλαν
