4096 6354
312 382 410 440 301

1479 378 1567 433 DE
1599 374 1974 433 INSTITUTO
2005 374 2439 433 CllRlSTlANO.

3492 373 3599 434 309

320 504 403 558 δεῖ
431 502 610 558 πόνων
644 502 774 576 περὶ
810 501 907 575 τὴν
936 500 1149 573 κτῆσιν,
1182 501 1243 555 ού
1279 502 1413 573 πρὸς
1443 501 1666 567 ἔνδειξιν
1704 500 1913 574 ἀνθρώ-

2031 510 2099 556 est
2129 501 2433 572 possessio,
2465 500 2681 570 magnis
2709 498 2874 555 etiam
2908 495 2979 554 ad
3018 511 3140 555 eam
3201 495 3595 569 acquirendam

318 612 435 648 πων
467 593 786 665 γινομένων,
817 593 933 647 ἀλλ’
963 595 1042 656 είς
1078 593 1139 645 τὸ
1168 593 1361 664 ἀρέσαι
1393 592 1511 665 Θεῷ
1542 593 1619 665 τῷ
1643 594 1714 648 τά
1776 611 1910 667 κρυ-

316 684 428 737 πτά
460 684 642 739 είδότι.
678 685 805 748 Τοῖς
840 683 897 737 δὲ
930 683 1185 752 ἀγαπῶσι
1228 683 1320 736 τὸν
1383 684 1515 739 Θεὸν
1567 683 1786 747 εὔκολος
1814 682 1912 737 καὶ

318 775 448 845 ἡδὺς
478 775 507 828 ὁ
555 776 716 839 πόνος
742 774 852 829 τῶν
895 774 1127 828 ἐντολῶν
1150 816 1165 840 ,
1204 774 1438 846 ἐλαφρὸν
1485 776 1580 829 καὶ
1611 775 1911 845 ἐπέραστον

320 871 449 941 ἡμῖν
476 868 567 922 τὸν
604 867 795 937 ἀγῶνα
822 868 923 939 τῆς
956 864 1093 936 πρὸς
1140 866 1347 919 ἐκεῖνον
1375 866 1596 936 ἀγάπης
1628 862 1907 933 ποιούσης.

319 960 411 1015 Διὸ
440 960 537 1014 καὶ
560 962 589 1014 ό
619 959 862 1032 Πονηρὸς
889 960 1066 1015 πάντα
1092 959 1416 1028 ἀγωνίζεται
1436 957 1636 1030 τρόπον
1663 954 1912 1010 ἐκϐαλεῖν

252 1098 256 1102 .
320 1051 413 1105 τὸν
438 1051 533 1105 τοῦ
566 1050 773 1123 Κυρίου
803 1050 968 1120 φόϐον
1005 1051 1069 1103 ἐκ
1097 1049 1207 1103 τῶν
1234 1049 1421 1119 ψυχῶν
1454 1049 1611 1120 ἡμῶν
1630 1089 1644 1114 ,
1675 1047 1769 1102 καὶ
1800 1047 1913 1100 δια-

321 1139 482 1193 λῦσαι
512 1139 611 1211 τὴν
639 1139 778 1211 πρὸς
807 1141 1012 1193 ἐκεῖνον
1039 1139 1262 1209 ἀγάπην
1307 1139 1520 1211 ἡδοναῖς
1550 1137 1910 1208 παρανόμοις.

323 1230 504 1295 Δεινὸς
538 1230 649 1302 γάρ
690 1232 857 1297 ἐστιν,
893 1232 942 1283 εί
980 1230 1359 1303 ῥᾳθυμοῦντας
1391 1229 1540 1300 εὖροι
1581 1229 1706 1291 τοὺς
1740 1227 1912 1297 φύλα-

326 1340 428 1387 κας
449 1364 463 1388 ,
499 1321 695 1392 κλέψαι
744 1323 967 1394 καιρὸν,
1002 1324 1098 1376 καὶ
1130 1321 1466 1376 ἐπεισελθεῖν
1507 1322 1619 1384 τοῖς
1653 1318 1753 1388 τῆς
1786 1318 1915 1389 ἀρε-

325 1414 427 1483 τῆς
459 1412 638 1476 πόνοις
665 1452 681 1474 ,
713 1413 807 1467 καὶ
833 1415 1197 1485 κατασπεῖραι
1238 1412 1318 1483 τῷ
1360 1412 1491 1481 σίτῳ
1519 1410 1588 1463 τὰ
1617 1408 1782 1462 αὐτοῦ
1831 1410 1913 1473 ζι-

328 1505 515 1569 ζάνια·
546 1504 835 1574 λοιδορίαν,
861 1504 1023 1574 λέγω,
1046 1506 1230 1575 τῦφον,
1253 1503 1578 1570 κενοδοξίαν,
1601 1502 1766 1573 τιμῆς
1796 1504 1915 1554 ἐπι-

329 1596 562 1667 θυμίαν,
608 1598 702 1651 καὶ
750 1597 818 1651 τά
862 1597 1027 1651 λοιπά
1054 1599 1152 1666 τῆς
1203 1597 1401 1661 κακίας
1432 1595 1913 1667 δημιουργήματα.

330 1692 421 1742 Δεῖ
440 1685 531 1743 οὖν
556 1690 935 1762 ἐγρηγορέναι,
954 1691 1049 1744 καὶ
1065 1693 1250 1762 τηρεῖν
1268 1689 1533 1744 πάντοθεν
1550 1688 1639 1741 τὸν
1673 1686 1916 1758 Ἐχθρὸν,

330 1783 476 1845 ὅπως
509 1782 611 1835 κᾶν
638 1781 922 1855 προσϐάλῃ
953 1781 1074 1836 τινὰ
1108 1782 1358 1853 μηχανὴν
1391 1782 1482 1835 ὑπ’
1512 1780 1917 1850 ἀναισχυντίας,

2018 592 2303 649 laboribus
2368 608 2510 664 opus
2568 599 2704 648 est:
2760 605 2871 645 non
2924 590 3020 661 qui
3067 588 3134 645 ad
3172 588 3599 645 ostentationem
3682 614 3687 621 ~

2018 682 2306 738 hominum
2335 683 2742 755 suscipiuntur,
2776 697 2968 738 verum
3001 681 3067 737 ad
3100 680 3426 753 placendum
3465 677 3597 746 Deo,

2017 776 2113 845 qui
2141 776 2360 832 occulta
2391 776 2568 832 novit.
2603 776 2770 847 Atqui
2799 774 2969 830 Deum
2995 772 3307 829 amantibus
3338 770 3518 828 facilis
3546 779 3602 825 ct

2016 866 2300 937 iucundus
2332 874 2417 923 est
2444 866 2602 922 labor
2631 865 3044 931 mandatorum,
3074 878 3198 919 cum
3233 864 3351 919 leve
3394 868 3451 919 et
3475 875 3599 932 gra-

2020 966 2134 1012 tum
2182 957 2342 1013 nobis
2375 964 2653 1012 certamen
2702 954 2903 1012 elliciat
2945 954 3189 1010 charitas
3220 967 3351 1024 erga
3406 950 3601 1008 Deum.

2019 1050 2367 1122 Quapropter
2401 1050 2582 1107 malus
2621 1050 2770 1105 omni
2818 1048 3034 1104 ratione
3082 1045 3366 1102 contendit
3392 1051 3466 1099 .ut
3503 1042 3603 1100 Dei

2020 1155 2228 1199 metum
2260 1158 2327 1198 ex
2377 1144 2576 1198 animis
2633 1142 2841 1197 nostris
2874 1139 3134 1211 expellat,
3166 1144 3222 1193 et
3254 1149 3495 1192 amorem
3545 1134 3603 1189 in

2022 1237 2195 1292 Deum
2232 1236 2612 1307 voluptatibus
2648 1232 2949 1306 illegitimis
2983 1230 3271 1287 dissolvat.
3308 1226 3606 1282 Enimvero

2022 1328 2243 1384 subtilis
2278 1335 2385 1390 est,
2415 1327 2461 1382 si
2490 1332 2770 1396 torpentes
2802 1322 3058 1379 socordia
3102 1318 3378 1376 invenerit
3418 1325 3607 1374 custo-

2024 1418 2144 1486 des,
2174 1420 2228 1473 in
2268 1417 2529 1488 rapienda
2553 1416 2987 1487 opportunitate,
3017 1424 3071 1469 et
3099 1414 3307 1470 sensim
3341 1411 3608 1468 invaden-

2024 1509 2114 1563 dis
2164 1510 2385 1563 virtutis
2448 1508 2769 1571 laboribus,
2805 1517 2968 1576 atque
3017 1504 3329 1561 inserendis
3379 1502 3609 1558 zizaniis

2028 1603 2145 1656 suis
2197 1602 2475 1655 frumento
2520 1618 2535 1655 :
2594 1598 2901 1653 convicium
2955 1598 3100 1660 dico,
3136 1596 3355 1663 fastum,
3391 1596 3607 1650 inanem

2034 1695 2287 1764 gloriam,
2320 1692 2547 1748 honoris
2583 1691 2963 1761 cupiditatem,
2995 1697 3051 1744 ct
3076 1689 3185 1743 alia
3236 1688 3355 1742 vitii
3391 1687 3604 1743 eﬂ'ecta.

2028 1787 2217 1857 Itaque
2247 1786 2475 1857 vigilare
2521 1792 2759 1854 oportet.
2791 1792 2845 1837 et
2895 1781 3139 1851 undique
3191 1779 3474 1835 inimicum
3506 1780 3609 1835 ob-

333 1872 463 1944 πρὶν
502 1872 743 1942 ἅψασθαι
796 1873 899 1943 τῆς
941 1873 1121 1943 ψυχῆς
1178 1872 1642 1943 ἀποκφυσθῆναι.
1700 1873 1924 1942 Μνημο-

2031 1896 2271 1944 servare,
2316 1884 2375 1931 ut
2425 1875 2641 1932 etiamsi
2692 1873 2957 1927 fabricam
3012 1871 3317 1926 admoverit
3367 1870 3609 1941 aliquam

332 1964 517 2017 νεύετε
547 1962 603 2017 δέ
656 1981 745 2035 μοι
797 1964 1034 2035 συνεχῶς
1083 1965 1178 2016 καὶ
1210 1963 1441 2027 τούτου,
1487 1964 1570 2017 ὅτι
1617 1963 1783 2017 ’Ἅϐελ
1824 1963 1924 2033 μὲν

334 2054 640 2126 προσέφερε
668 2054 747 2126 τῷ
783 2055 973 2128 Κυρίῳ
1009 2055 1202 2109 θυσίαν
1250 2054 1358 2109 ἀπὸ
1402 2054 1517 2107 τῶν
1562 2054 1924 2125 πρωτοτόκων

336 2148 625 2218 προϐάτων
674 2148 770 2201 καὶ
809 2148 919 2202 ἀπὸ
961 2149 1228 2201 στεάτων·
1266 2147 1409 2200 Κάῖν
1447 2148 1504 2201 δέ
1538 2147 1646 2200 ἀπὸ
1681 2146 1779 2217 μὲν
1815 2145 1925 2198 τῶν

337 2238 565 2310 καρπῶν
600 2239 702 2309 τῆς
727 2239 851 2310 γῆς,
877 2239 993 2293 ἀλλ’
1024 2240 1125 2293 ούκ
1150 2239 1259 2293 ἀπὸ
1281 2239 1392 2293 τῶν
1418 2238 1726 2311 προϐάτων·
1768 2257 1786 2290 ι
1813 2239 1926 2291 Καὶ

338 2331 567 2397 ἐπεῖδε,›
603 2332 787 2401 φησὶν,
824 2349 843 2383 ι
875 2333 903 2385 ὁ
938 2331 1069 2395 Θεὸς
1093 2332 1186 2385 ἐπὶ¹
1209 2333 1328 2394 ταῖς
1354 2330 1565 2393 θυσίαις
1597 2329 1692 2383 τοῦ
1721 2329 1887 2382 Ἀϐελ
1907 2346 1922 2360 ο

340 2424 432 2475 ἐπὶ
459 2422 517 2476 δὲ
563 2426 677 2486 τοῖς
704 2422 897 2495 δώροις
941 2423 1035 2477 τοῦ
1064 2423 1205 2478 Κάῐν
1250 2424 1311 2476 οὐ
1354 2422 1675 2495 προσέσχεν.
1708 2440 1728 2475 ι
1768 2423 1925 2475 Ἐστι

339 2516 517 2569 τοίνυν
546 2518 735 2587 μαθεῖν
765 2519 829 2571 ἐκ
858 2520 957 2588 τῆς
986 2516 1247 2587 ἱστορίας,
1276 2516 1351 2581 ὼς
1375 2516 1669 2587 εύάρεστον
1705 2514 1784 2586 τῷ
1813 2516 1927 2568 Κυ-

345 2608 445 2677 ρίῳ
470 2608 579 2660 πᾶν
600 2607 660 2660 τὸ
690 2606 827 2678 μετὰ
858 2607 1026 2676 φόϐου
1056 2608 1151 2661 καὶ
1173 2607 1427 2670 πίστεως,
1443 2606 1504 2658 ού
1533 2606 1593 2658 τὸ
1622 2602 1928 2666 πολυτελῶς

340 2699 467 2753 ἀνευ
516 2699 736 2769 ἀγάπης
783 2698 1087 2768 γινόμενον.
1121 2697 1255 2752 Ούδέ
1301 2697 1409 2767 γὰρ
1462 2695 1716 2767 Ἀϐραὰμ
1750 2694 1927 2758 ἄλλως

342 2788 559 2853 ἐδέξατο
599 2786 698 2858 τὴν
738 2786 986 2855 εὐλογίαν
1022 2785 1170 2856 παρὰ
1212 2785 1303 2839 τοῦ
1338 2784 1708 2855 Μελχισεδὲκ,
1747 2784 1924 2856 ἀλλ’ἢ

342 2878 441 2942 τάς
470 2878 723 2949 ἀπαρχὰς
754 2878 849 2931 καὶ
874 2877 941 2929 τὰ
966 2876 1153 2948 καίρια
1185 2876 1525 2947 προσήνεγκε
1553 2875 1631 2947 τῷ
1664 2876 1801 2946 ἱερεῖ
1829 2876 1925 2930 τοῦ

342 2972 497 3025 Θεοῦ.
531 2972 737 3042 Καίρια
768 2970 828 3024 δέ
870 2969 1018 3037 λέγει
1069 2968 1164 3022 καὶ
1195 2967 1478 3039 ἀκροθίνια
1505 2968 1614 3023 τῶν
1661 2970 1929 3039 ὑπαρχόν-

341 3080 449 3115 των
473 3102 489 3127 ,
525 3062 695 3132 αὐτὴν
728 3060 828 3132 τὴν
859 3060 1037 3131 ψυχὴν
1072 3060 1167 3113 καὶ
1216 3060 1309 3113 τὸν
1341 3060 1464 3113 νοῦν
1485 3101 1499 3125 ,
1530 3060 1767 3113 κελεύων
1794 3062 1928 3131 ἡμῖν

349 3154 423 3224 μὴ
455 3152 847 3226 μικροπρεπῶς
878 3151 1027 3205 θύειν
1056 3151 1135 3221 τῷ
1156 3150 1276 3223 Θεῷ
1303 3151 1402 3215 τὰς
1432 3151 1671 3214 αίνέσεις
1702 3152 1796 3206 καὶ
1828 3152 1927 3216 τάς

346 3245 530 3316 εύχάς,
566 3245 699 3317 μηδὲ
723 3243 793 3297 τὰ
821 3244 1051 3314 τυχόντα
1092 3242 1170 3313 τῷ
1189 3243 1431 3315 Δεσπότῃ
1461 3244 1789 3315 προσάγειν,
1819 3243 1933 3298 ἀλλ’

346 3340 401 3392 εῖ
422 3356 475 3392 τι
516 3337 727 3408 καίριον
759 3335 858 3405 τῆς
885 3335 1061 3407 ψυχῆς
1084 3377 1099 3399 ,
1137 3334 1338 3405 μᾶλλον
1373 3336 1432 3389 δέ
1465 3334 1636 3407 αὐτὴν
1666 3334 1765 3406 τὴν
1806 3334 1934 3407 ὅλην

346 3429 653 3485 ἀνατιθέναι
677 3428 817 3499 Θεῷ.
848 3429 985 3499 Περὶ
1015 3428 1196 3499 μέντοι
1227 3427 1333 3481 τῶν
1364 3427 1465 3497 τῆς
1496 3428 1697 3498 ἀρετῆς
1723 3425 1932 3498 μερῶν,

347 3522 499 3574 ποῖον
528 3522 777 3591 κρεῖττον
804 3517 1077 3588 ἡγεῖσθαι,
1121 3517 1213 3571 καὶ
1246 3517 1350 3589 πρὸ
1388 3517 1497 3570 τῶν
1532 3517 1707 3572 ἄλλων
1743 3518 1937 3590 ἐπιτη-

345 3613 523 3666 δεύειν
549 3651 565 3677 ,
604 3611 700 3667 καὶ
733 3612 883 3664 ποῖον
938 3608 1128 3664 τούτου
1184 3608 1437 3682 δεύτερον
1465 3649 1481 3674 ,
1530 3609 1625 3663 καὶ
1670 3608 1739 3663 τὰ
1774 3609 1936 3663 λοιπά

348 3704 583 3775 ἐφεξῆς,
632 3703 735 3757 ούκ
790 3702 937 3757 ἐστιν
989 3704 1185 3756 εἰπεῖν.
1254 3702 1522 3773 Ἀλλήλων
1578 3702 1685 3774 γὰρ
1733 3702 1935 3773 ὁμοίως

348 3794 558 3865 ἔχονται
580 3833 596 3859 ,
615 3793 709 3848 καὶ
729 3794 797 3848 δι’
809 3792 1055 3865 ἀλλήλων
1076 3793 1169 3846 ἐπὶ
1191 3792 1288 3865 τὴν
1304 3792 1547 3864 κορυφὴν
1571 3794 1697 3856 τοὺς
1719 3794 1936 3865 χρωμέ-

348 3902 473 3949 νους
492 3866 803 3954 ἀνάγουσιν.
827 3883 893 3937 Ἦ
918 3882 1016 3955 μὲν
1034 3882 1139 3955 γὰρ
1160 3881 1397 3955 ἁπλότης
1420 3887 1487 3954 τῇ
1524 3884 1734 3955 ὑπακοῇ
1758 3901 1937 3954 παρα-

348 3976 561 4031 δίδωσιν
582 3992 595 4006 ’
622 3977 656 4047 ἡ
684 3975 739 4029 δέ
766 3974 1002 4046 ὑπακοὴ,
1018 3977 1089 4046 τῇ
1145 3974 1327 4028 πίστει
1352 3992 1365 4007 ο
1390 3975 1529 4046 αὕτη
1554 3977 1611 4029 δὲ
1631 3979 1696 4048 τῇ
1721 3977 1894 4030 ἐλπίδι
1916 3994 1931 4009 ο

352 4068 447 4122 καὶ
469 4070 502 4137 ὴ
530 4068 705 4133 ἐλπὶς,
727 4070 794 4139 τῇ
832 4066 1145 4139 δικαιοσύνῃ
1172 4084 1186 4098 ο
1230 4067 1460 4138 κάκείνη
1482 4109 1495 4130 ,
1540 4071 1607 4138 τῇ
1646 4068 1889 4141 διακονίᾳ
1917 4088 1931 4101 ·

352 4156 445 4210 καὶ
469 4156 625 4228 αὕτη,
646 4160 713 4227 τῇ
739 4157 1085 4227 ταπεινότητι
1105 4174 1119 4188 °
1146 4157 1297 4229 παρά
1322 4158 1379 4211 δὲ
1408 4158 1609 4228 ταύτης
1631 4160 1664 4230 ἡ
1695 4161 1935 4233 πραότης

355 4247 858 4318 πι¹ραλαμϐάνεταν
883 4250 917 4319 ἡ
937 4249 1017 4313 δὲ,
1043 4251 1109 4319 τῇ
1133 4251 1277 4320 χαρᾷ
1306 4249 1569 4320 προσάγει
1590 4266 1604 4281 ’
1629 4252 1660 4322 ἡ
1691 4251 1749 4306 δὲ
1769 4253 1932 4323 χαρὰ,

354 4342 420 4409 τῇ
452 4340 638 4410 ἀγάπῃ
656 4355 670 4370 ·
690 4340 893 4410 ἐκείνη,
912 4343 978 4411 τῇ
1007 4341 1137 4412 εύχῇ
1161 4359 1173 4371 ·
1204 4342 1297 4394 καὶ
1317 4341 1488 4404 οὕτως
1514 4342 1757 4414 ἀλλήλων
1786 4344 1937 4415 ἐξηρ·

355 4430 616 4500 τημέναι,
652 4431 745 4484 καὶ
792 4430 1160 4502 ἐξαρτήσασαι
1191 4434 1281 4485 τὸν
1311 4433 1566 4503 ἐχόμενον
1586 4474 1601 4497 ,
1634 4434 1722 4487 ἐπ’
1764 4435 1936 4507 αὐτὴν

2025 1987 2137 2043 prae
2184 1968 2522 2041 impudentia
2574 1980 2697 2031 sua,
2742 1972 3035 2035 antequam
3078 1963 3318 2017 animam
3356 1962 3608 2031 attingat,

2028 2063 2362 2118 excutiatur.
2398 2058 2514 2114 Hoc
2561 2071 2783 2128 quoque
2817 2055 3135 2125 frequenter
3173 2054 3231 2108 in
3288 2053 3607 2108 memoriam

2027 2164 2303 2217 revocate,
2334 2151 2481 2222 quod
2516 2149 2649 2203 Abel
2685 2147 2907 2217 quidem
2936 2145 3135 2201 obtulit
3166 2143 3400 2199 Domino
3435 2144 3612 2199 sacri-

2028 2247 2211 2302 ﬁcium
2241 2244 2309 2300 de
2339 2241 2723 2315 primogenitis
2749 2240 2957 2306 ovium,
2997 2245 3052 2293 et
3073 2238 3140 2293 de
3159 2237 3411 2308 adipibus
3437 2255 3451 2292 :
3477 2235 3612 2291 Cain

2029 2346 2209 2393 autem
2272 2352 2338 2391 ex
2385 2334 2659 2389 fructibus
2707 2330 2929 2402 quidem
2984 2340 3163 2394 terrm,
3223 2328 3321 2385 sed
3372 2344 3487 2385 non
3544 2345 3614 2386 ex

2028 2428 2242 2484 ovibus.
2279 2445 2296 2477 ι
2325 2425 2390 2480 Et
2437 2423 2698 2494 respexit,
2734 2440 2753 2474 ι
2790 2421 2989 2492 inquit,
3025 2438 3044 2473 ι
3078 2420 3223 2476 Deus
3255 2420 3325 2477 ad
3357 2421 3615 2478 victimas

2029 2518 2184 2582 Abel,
2250 2518 2318 2573 ad
2349 2530 2581 2572 munera
2640 2521 2823 2569 autem
2885 2512 3023 2567 Cain
3053 2527 3164 2567 non
3216 2514 3449 2569 attendit
3473 2514 3538 2567 “.
3588 2534 3610 2567 ι

2028 2609 2202 2682 Igitur
2233 2625 2301 2665 ex
2344 2608 2579 2663 historia
2634 2622 2793 2663 sacra
2837 2605 3047 2663 discere
3079 2605 3205 2663 licet
3236 2622 3403 2679 quam
3457 2623 3617 2665 acce-

2028 2710 2185 2773 ptum
2217 2701 2289 2755 sit
2322 2699 2554 2753 Domino
2586 2713 2755 2754 omne
2811 2697 2958 2769 quod
2992 2713 3118 2753 cum
3176 2699 3372 2757 timore
3400 2708 3455 2756 et
3510 2703 3627 2759 ﬁde.

2030 2794 2110 2858 ﬁt,
2145 2808 2255 2848 non
2287 2792 2433 2862 quod
2472 2798 2798 2859 sumptuose
2842 2789 3049 2858 absque
3080 2789 3372 2848 charitate.
3427 2790 3616 2864 Neque

2029 2884 2175 2939 enim
2226 2883 2387 2937 aliter
2447 2880 2726 2935 Abraham
2760 2880 3067 2951 accepisset
3097 2882 3531 2940 benedictionem
3583 2901 3617 2941 a

2031 2974 2417 3038 Melehisedec,
2452 2974 2561 3029 nisi
2612 2972 2891 3044 primitias
2932 2981 2987 3029 et
3018 2974 3293 3044 praecipua
3325 2974 3617 3033 obtulisset

2029 3067 2303 3123 sacerdoti
2330 3066 2423 3121 Dei
2446 3066 2512 3121 ".
2546 3064 2827 3135 Praecipua
2857 3080 2987 3121 vero
3030 3065 3184 3131 dicit,
3238 3074 3293 3121 et
3346 3066 3618 3139 primitias

2038 3160 2445 3223 manubiarum,
2480 3158 2719 3212 animam
2750 3157 2927 3228 ipsam
2948 3163 3002 3213 et
3028 3168 3286 3225 mentem,
3315 3160 3445 3214 dum
3477 3175 3618 3232 prae-

2036 3251 2171 3321 cipit
2200 3250 2359 3305 nobis
2390 3264 2504 3304 non
2540 3246 2764 3305 sordide
2791 3246 3107 3304 sacriﬁcare
3131 3249 3241 3303 Deo
3271 3249 3615 3308 laudationes

2034 3353 2089 3399 et
2124 3356 2319 3412 preces
2346 3359 2359 3407 ;
2392 3356 2457 3396 ac
2487 3355 2663 3411 neque
2692 3340 2924 3395 Domino
2955 3341 3163 3411 quaevis
3188 3340 3407 3408 offerre,
3438 3341 3535 3399 sed
3567 3344 3615 3401 si

2036 3434 2167 3505 quid
2200 3434 2255 3487 in
2292 3434 2476 3487 anima
2514 3432 2840 3503 primarium
2876 3431 3062 3499 fuerit,
3098 3432 3208 3487 imo
3234 3433 3408 3505 ipsam
3443 3440 3617 3492 totam

2036 3525 2151 3581 Deo
2174 3538 2520 3582 consecrare.
2552 3523 2821 3580 Caeterum
2853 3538 2978 3595 quae
3007 3523 3231 3581 virtutis
3259 3533 3442 3597 partes
3473 3542 3616 3598 prae-

2036 3616 2333 3673 stantiam
2360 3615 2655 3673 censenda:
2690 3616 2828 3681 sint,
2892 3625 2949 3670 et
3004 3616 3206 3686 quibus
3263 3617 3442 3688 primo
3491 3628 3619 3677 ante

2036 3709 2174 3765 alias
2206 3708 2635 3764 incumbendum
2667 3708 2758 3774 sit,
2783 3718 2840 3764 et
2894 3708 3127 3779 reliquis
3178 3707 3463 3782 deinceps,
3504 3713 3617 3769 dici

2035 3816 2144 3856 non
2175 3808 2376 3871 potest.
2425 3800 2563 3855 Nam
2593 3799 2827 3857 virtutes
2861 3801 3005 3857 inter
3034 3816 3093 3857 se
3124 3816 3390 3859 connexa:
3441 3817 3616 3865 sunt:

2036 3908 2100 3946 ac
2130 3908 2227 3963 per
2252 3908 2313 3948 se
2341 3892 2576 3947 invicem
2624 3891 2867 3947 cultores
2920 3891 2987 3947 ad
3022 3907 3286 3950 cacumen
3327 3898 3614 3967 extollunt.

2037 3984 2250 4039 Etenim
2286 3984 2619 4054 simplicitas
2665 3984 2997 4039 obedientia:
3046 3985 3247 4053 tradit,
3304 3986 3617 4044 obedientia

2038 4076 2161 4131 lidei
2189 4097 2203 4133 ;
2239 4077 2353 4132 haec
2383 4092 2512 4131 vero
2543 4076 2684 4147 spei,
2711 4086 2767 4132 et
2806 4076 3184 4146 spesjustitia:
3209 4097 3224 4145 ;
3251 4078 3465 4150 justitia
3514 4082 3617 4135 mi-

2036 4169 2286 4235 nistario,
2331 4180 2388 4224 et
2421 4170 2792 4225 ministerium
2825 4169 3117 4225 humilitati
3153 4188 3168 4236 ;
3200 4172 3271 4227 ab
3300 4172 3403 4228 hac
3431 4181 3611 4230 autem

2036 4263 2329 4319 clementia
2381 4263 2706 4328 assumitur,
2767 4278 2890 4333 quae
2926 4264 3126 4334 gaudio
3156 4264 3447 4333 admovet;
3483 4282 3615 4338 gau-

2035 4354 2185 4408 dium
2210 4354 2463 4409 charitati
2488 4370 2503 4418 ;
2529 4353 2967 4425 haec‘precationi
2996 4371 3012 4410 :
3037 4361 3092 4409 et
3118 4355 3199 4410 sic
3225 4370 3258 4411 a
3288 4371 3348 4412 se
3381 4356 3613 4414 invicem

2036 4445 2295 4516 pendent,
2351 4452 2406 4501 et
2440 4444 2731 4500 sublimem
2758 4460 2883 4501 eum
2916 4445 3011 4515 qui
3062 4460 3339 4516 appensus
3373 4448 3615 4505 adhaeret

356 4522 612 4590 ἀνάγουσι
666 4522 761 4576 τοῦ
824 4522 1157 4593 ποθουμένου
1204 4524 1303 4595 τὴν
1354 4527 1598 4598 κορυφὴν
1626 4570 1637 4590 ,
1685 4526 1925 4601 καθάπερ

2036 4537 2103 4592 ad
2143 4539 2321 4606 ipsum
2380 4537 2637 4592 verticem
2678 4545 2879 4607 optata:
2914 4537 2990 4595 rei
3052 4537 3280 4604 vehunt,
3335 4538 3498 4594 sicuti
3548 4556 3616 4597 ex

355 4612 680 4676 ἀπεναντίας
721 4615 754 4683 ἠ
790 4614 1022 4685 πονηρία
1068 4616 1194 4678 τοὺς
1223 4616 1422 4686 ἐαυτῆς
1462 4617 1677 4685 φίλους,
1709 4618 1798 4671 διὰ
1827 4619 1934 4672 τῶν

353 4703 566 4756 οἰκείων
593 4705 762 4774 αὐτῆς
795 4704 997 4774 μερῶν,
1023 4706 1113 4757 ἐπὶ
1157 4707 1256 4777 τὴν
1296 4707 1530 4778 ἐσχάτην
1568 4710 1796 4778 κατάγει
1838 4728 1936 4763 κα·-

354 4792 495 4845 κέαν.
542 4795 632 4845 Δεῖ
680 4794 736 4846 δὲ
787 4795 931 4864 ἡμᾶς
970 4798 1035 4867 τῇ
1075 4797 1207 4867 εύχῇ
1267 4797 1429 4850 πλέον
1470 4804 1931 4872 προσκαρτερεῖνο

354 4879 463 4937 οἷον
494 4885 600 4956 γὰρ
645 4887 935 4957 κορυφαῖός
964 4904 1048 4949 τις
1093 4886 1187 4940 τοῦ
1215 4887 1376 4958 χοροῦ
1404 4888 1511 4942 τῶν
1540 4890 1750 4961 ἀρετῶν
1794 4890 1930 4963 αὕτη

351 4977 643 5048 τυγχάνει,
676 4979 772 5031 καὶ
820 4978 1079 5032 συνάπτει
1112 4978 1177 5031 δι’
1214 4981 1498 5051 ἁγιότητος
1545 4983 1812 5052 μυστικῆς
1841 4983 1932 5036 καὶ

354 5068 735 5140 πνευματικῆς
767 5070 1047 5141 ἐνεργείας
1083 5071 1175 5123 καὶ
1216 5071 1507 5135 διαθέσεως
1544 5074 1783 5144 ἀρρήτου
1812 5074 1931 5146 Θεῷ

350 5162 442 5214 τὸν
460 5163 528 5233 τῇ
558 5161 691 5233 εὐχῇ
725 5161 1236 5233 προσκαρτεροῦντα
1257 5180 1271 5194 ·
1303 5162 1362 5226 ὃς
1386 5164 1522 5228 ζέων
1552 5164 1629 5235 τῷ
1652 5166 1819 5237 πόθῳ,
1837 5166 1929 5219 κό-

355 5267 447 5321 ρον
493 5250 594 5320 τῆς
648 5252 815 5323 εύχῆς
852 5253 949 5323 ούχ
996 5253 1239 5325 εὑρίσκει
1268 5271 1281 5285 ·
1332 5255 1419 5308 ἀεὶ
1456 5255 1512 5308 δὲ
1552 5256 1630 5325 τῷ
1660 5257 1807 5328 πόθῳ
1834 5258 1929 5312 τοῦ

353 5342 556 5411 ἀγαθοῦ
581 5344 914 5417 εὑρίσκεται,
949 5345 1090 5399 κατὰ
1115 5346 1176 5399 τὸ
1200 5347 1487 5418 είρημένον
1506 5365 1519 5378 ·
1563 5367 1581 5400 ι
1612 5351 1673 5402 Οἱ
1698 5350 1932 5421 τρώγον-

353 5432 441 5495 τές
465 5450 552 5502 με,
580 5433 657 5487 ἔτι
691 5435 1004 5489 πεινάσουσι
1029 5452 1043 5463 ³
1078 5438 1169 5490 καί
1193 5439 1243 5490 οἱ
1271 5438 1511 5502 πίνοντές
1549 5457 1637 5509 με,
1674 5440 1750 5493 ἐτι
1773 5441 1930 5513 διψή-

357 5538 527 5574 σουσι.
558 5541 576 5573 ›
607 5524 717 5577 Καὶ
750 5525 1005 5595 ἀλλαχοῦ·
1051 5527 1333 5591 «Ἔδωκας
1370 5528 1705 5599 εὐφροσύνην
1730 5532 1809 5594 εἰς
1835 5533 1932 5603 τὴν

354 5611 579 5682 καρδίαν
614 5629 739 5682 μου.
767 5632 784 5663 ι
826 5614 933 5667 Καὶ
960 5617 988 5668 ό
1020 5616 1245 5687 Κύριος·
1283 5635 1301 5669 ι
1336 5616 1401 5669 Ἦ
1436 5616 1680 5687 βασιλεία
1711 5617 1817 5673 τῶν
1838 5622 1929 5672 ού·

424 5785 631 5845 ⁸³0811.
677 5806 749 5857 Iv,
786 5791 841 5854 4.
872 5791 924 5844 5.
1022 5792 1064 5823 ³⁷
1092 5790 1224 5848 Gen.
1259 5810 1367 5858 xiv,
1404 5793 1469 5849 18
1498 5811 1620 5863 sqq.

2037 4628 2268 4683 adverso
2292 4627 2613 4698 improbitas
2635 4629 2845 4683 amicos
2874 4643 3008 4684 suos
3036 4644 3130 4697 per
3152 4630 3402 4701 proprias
3432 4638 3616 4701 partes

2039 4731 2169 4771 suas
2196 4715 2262 4769 ad
2289 4724 2595 4772 extremam
2633 4717 2893 4787 deprimit
2921 4718 3243 4788 nequitiam.
3283 4717 3449 4775 Nobis
3488 4737 3616 4775 vero

2038 4810 2272 4877 amplius
2314 4807 2551 4862 orationi
2607 4808 2973 4865 insistendum
3022 4819 3146 4865 est:
3196 4811 3467 4883 siquidem
3503 4813 3617 4868 haec

2036 4898 2202 4951 veluti
2238 4896 2391 4951 chori
2426 4897 2689 4951 virtutum
2715 4897 2961 4953 antistita
2989 4899 3240 4969 quasdam
3270 4909 3377 4965 est,
3422 4912 3476 4958 et
3521 4920 3617 4974 per

2038 4990 2387 5044 sanctitatem
2417 5003 2672 5043 arcanam
2719 4996 2774 5044 et
2826 4990 3167 5058 spiritualem
3235 4993 3504 5049 actionem
3560 5005 3616 5051 et

2038 5077 2290 5134 allectum
2324 5078 2769 5141 incnarrabilem,
2806 5077 2915 5131 Deo
2954 5078 3239 5150 conjungit
3270 5096 3394 5137 eum
3429 5082 3523 5152 qui
3558 5084 3614 5149 in

2038 5186 2200 5239 prece
2230 5176 2579 5240 perseverat;
2610 5170 2703 5239 qui
2732 5169 3005 5223 desiderio
3034 5168 3274 5235 fervens,
3305 5172 3613 5229 satietatem

2038 5258 2371 5329 precationis
2401 5272 2509 5312 non
2542 5258 2752 5312 invenit
2779 5276 2793 5310 :
2834 5258 2945 5312 imo
2985 5274 3201 5328 semper
3231 5274 3261 5313 a
3291 5260 3420 5317 boni
3450 5276 3616 5333 appe-

2041 5348 2142 5401 titu
2196 5347 2495 5417 corripitur
2546 5347 2703 5417 juxta
2735 5348 2787 5402 id
2840 5349 2985 5419 quod
3046 5348 3250 5403 dictum
3299 5359 3420 5407 est:
3457 5372 3474 5405 ι
3510 5355 3612 5420 Qui

2039 5439 2209 5493 edunt
2245 5454 2348 5501 me,
2382 5438 2561 5491 adhuc
2590 5439 2857 5504 esuriem,
2887 5449 2940 5494 et
2965 5440 3060 5509 qui
3087 5441 3277 5495 bibunt
3304 5458 3410 5507 me,
3435 5444 3617 5501 adhuc

2041 5530 2318 5584 sitiant”.
2362 5548 2380 5581 ο
2443 5530 2621 5600 Atque
2686 5530 2854 5585 alibi:
2890 5549 2910 5584 ι
2983 5530 3188 5587 Dedisti
3248 5534 3491 5590 laetitiam
3558 5536 3616 5592 in

2040 5620 2203 5675 corde
2236 5634 2356 5675 meo
2380 5620 2444 5672 ³⁹.
2488 5640 2506 5673 ι
2568 5620 2632 5674 Et
2672 5619 2959 5689 Dominus,
2997 5642 3017 5676 ι
3057 5622 3298 5696 Regnum
3350 5627 3616 5683 calorum

1715 5795 1759 5826 ³⁸
1782 5793 1946 5851 Eccli.
1987 5812 2133 5859 nix,
2164 5796 2252 5853 ΞΩ.
2335 5801 2377 5832 ³⁹
2408 5797 2551 5854 Psal.
2587 5816 2662 5857 Iv.
2694 5802 2747 5855 7.
