4096 6354
451 377 558 432 505

1728 365 1786 420 s.
1826 360 2154 420 cneconn
2179 333 2474 418 nassam

3624 365 3730 421 504

453 493 595 555 intra
654 503 754 546 vos
809 499 892 546 est
913 489 980 543 ⁸⁸.
1039 507 1058 542 ›
1123 487 1370 561 Regnum
1427 483 1720 556 appellavit
1773 479 2032 553 gaudium

2139 479 2320 551 ρανῶν
2367 479 2517 543 ἐντὸς
2551 477 2707 550 ὐμῶν
2751 477 2890 534 ἐστι.
2927 477 3214 534 Βασιλείαν
3262 477 3320 534 δέ
3373 477 3473 551 τὴν
3529 477 3733 533 ἄνωθεν

455 579 694 650 desuper
727 580 954 638 insitum
1003 579 1202 633 animis
1239 593 1338 648 per
1388 576 1689 648 spiritum:
1748 570 1894 640 quod
1947 576 2032 626 est

454 671 688 727 arrhabo
723 670 1043 742 sempiterni
1075 667 1286 741 gaudii,
1319 682 1428 738 quo
1457 677 1588 722 tunc
1620 664 1874 752 fruentur
1905 676 2035 718 san-

453 769 668 817 ctorum
705 762 918 816 animae.

525 854 698 923 Igitur
730 853 990 922 quoniam
1025 851 1362 907 declaratum
1392 857 1476 907 est
1515 847 1640 920 quis
1693 846 1766 903 sit
1813 845 2033 918 pietatis

453 959 675 1015 scopus,
717 961 880 1014 quem
939 945 1008 998 iis
1071 943 1416 1014 propositum
1449 956 1574 998 esse
1623 938 1902 1004 convenit,
1936 937 2031 1009 qui

451 1035 566 1091 Deo
595 1037 820 1092 charam
859 1036 1161 1093 instituunt
1191 1035 1381 1102 vitam,
1416 1049 1538 1105 quae
1567 1040 1653 1090 est
1683 1033 1879 1087 animae
1899 1045 2031 1102 pur-

452 1128 622 1198 gatio,
657 1133 712 1184 et
739 1125 981 1198 Spiritus
1006 1126 1182 1182 sancti
1218 1142 1315 1198 per
1348 1126 1616 1181 bonorum
1646 1139 1873 1196 operum
1905 1137 2033 1194 pro-

451 1219 654 1276 fectum
685 1218 1016 1274 inhabitatio
1039 1238 1054 1275 :
1080 1219 1320 1290 quisque
1342 1227 1584 1274 vestrum
1617 1217 1798 1271 anima
1827 1231 1895 1271 eo
1921 1229 2030 1286 quo

450 1305 889 1361 demonstratum
943 1316 1027 1361 est
1087 1305 1252 1362 modo
1318 1314 1646 1378 praeparata,
1705 1320 1769 1360 ac
1830 1303 2030 1360 referta

453 1411 641 1452 amore
685 1396 910 1461 divino,
957 1397 1032 1450 ita
1085 1398 1326 1467 seipsum
1387 1397 1643 1468 precibus
1704 1405 1758 1452 et
1807 1396 2035 1466 jejuniis

448 1483 655 1550 tradat,
691 1500 902 1540 memor
932 1485 1054 1554 ejus
1108 1487 1202 1556 qui
1251 1485 1317 1539 ad
1367 1483 1592 1540 assidue
1624 1485 1893 1539 orandum
1935 1499 2032 1538 co~

447 1574 722 1640 hortatur,
781 1585 837 1632 et
891 1576 960 1630 ad
1012 1592 1122 1630 non
1160 1577 1404 1646 segniter
1457 1574 1754 1647 agendum.
1814 1574 2032 1630 Etenim

449 1664 715 1722 sedulitas
747 1668 801 1721 in
825 1669 1164 1738 precatione,
1185 1683 1380 1739 magna
1399 1667 1559 1724 nobis
1588 1667 1855 1738 largitur:
1889 1666 2035 1722 dun-

449 1763 599 1810 taxat
631 1757 842 1812 intenta
871 1763 926 1812 et
953 1763 1102 1812 recta
1131 1757 1471 1812 conscientia
1526 1755 1692 1811 faciat
1728 1756 1833 1810 hoc
1871 1757 2029 1826 quis-

2135 572 2257 635 ταῖς
2298 570 2496 642 ψυχαῖς
2527 569 2615 624 διὰ
2655 569 2750 624 τοῦ
2789 569 3109 641 Πνεύματος
3138 569 3494 642 ἐγγινομένην
3535 570 3734 640 εὐφρο-

2134 660 2301 732 σύνην
2333 660 2628 727 ἐκάλεσεν,
2695 660 2818 732 ἥτις
2860 660 3009 714 ἐστὶν
3058 660 3317 733 ἀρραϐὼν
3357 661 3459 732 τῆς
3514 660 3733 713 αἰωνίου

2136 751 2315 822 χαρᾶς
2335 789 2350 813 ,
2379 745 2452 823 ἧς
2484 751 2852 806 ἀπολαύσουσι
2883 751 3006 805 τότε
3034 751 3090 804 αί
3119 751 3228 806 τῶν
3269 751 3440 820 ἀγίων
3465 750 3654 824 ψυχαί.

2216 844 2369 898 Ἐπεὶ
2394 844 2571 898 τοίνυν
2601 843 2891 908 δέδεικται,
2920 843 3004 908 τίς
3023 844 3051 898 ὁ
3071 843 3170 914 τῆς
3201 843 3480 907 εὐσεϐείας
3506 843 3730 909 σκοπὸς,

2133 935 2192 989 ὃν
2218 935 2324 1008 χρὴ
2351 937 2672 1009 προκεῖσθαι
2697 937 2926 1002 τοῖς.τδν
2949 935 3173 1008 θεοφιλῆ
3209 936 3324 1007 βίον
3359 934 3724 1008 αἱρουμένοις,

2133 1029 2192 1092 ὅς
2235 1030 2350 1082 ἐστι
2396 1027 2578 1100 ψυχῆς
2607 1029 2978 1101 καθαρισμδς,
3022 1029 3116 1083 καὶ
3152 1027 3246 1082 τοῦ
3297 1029 3614 1100 Πνεύματος
3658 1026 3728 1083 δι’

2135 1116 2312 1188 ἔργων
2344 1117 2565 1187 ἀγαθῶν
2614 1120 2899 1189 προκοπῆς
2949 1119 3221 1189 ἐνοίκησις
3245 1133 3259 1148 ’
3311 1119 3542 1184 ἕκαστος
3574 1120 3729 1192 ὑμῶν

2135 1211 2277 1265 κατά
2319 1210 2410 1264 τὸν
2448 1211 2839 1283 ἀποδειχθέντα
2893 1212 3094 1284 τρόπον
3147 1213 3575 1285 παρασκευάσας
3629 1212 3730 1283 τὴν

2134 1300 2332 1372 ψυχὴν,
2357 1302 2453 1356 καὶ
2481 1303 2684 1375 μεστὴν
2711 1302 2856 1356 θείου
2880 1305 3110 1374 ποιήσας
3135 1303 3364 1375 ἔρωτος,
3393 1304 3567 1368 οὕτως
3593 1306 3727 1359 ἀπο-

2135 1391 2271 1445 δότω
2305 1391 2496 1446 ἐαυτὸν
2527 1395 2648 1457 ταῖς
2685 1395 2875 1465 εὐχαῖς
2909 1395 3001 1448 καὶ
3029 1396 3331 1464 νηστείαις,
3381 1395 3728 1466 μεμνημένος

2136 1481 2230 1535 τοῦ
2267 1483 2744 1553 παρακαλοῦντος,
2799 1485 2859 1538 τὸ
2897 1483 3255 1550 ἀδιαλείπτως
3308 1485 3724 1557 προσεύχεσθαι,

2138 1574 2232 1627 καὶ
2285 1573 2358 1644 μὴ
2403 1575 2680 1630 ἐκκακεῖν.
2733 1576 2795 1629 Ἥ
2830 1577 2936 1649 γάρ
2969 1577 3096 1647 περὶ
3140 1577 3238 1648 τὴν
3284 1578 3449 1650 εὐχὴν
3502 1578 3724 1648 σπουδὴ,

2142 1664 2353 1737 μεγάλα
2402 1667 2532 1736 ἡμῖν
2584 1666 2867 1738 χαρίζεται
2896 1687 2907 1697 ·
2951 1668 3109 1739 μόνον
3168 1670 3404 1741 συντόνῳ
3452 1669 3545 1724 καὶ
3591 1669 3724 1743 ἀρειῇ

2142 1757 2441 1816 συνειδήσει
2463 1758 2621 1813 τοῦτο
2651 1760 2870 1813 ποιοίτω
2897 1760 3146 1827 ἕκαστος,
3182 1761 3432 1834 μηδαμοῦ
3460 1762 3602 1817 κατά
3625 1763 3729 1832 τὴν

449 1863 595 1918 que;
631 1863 900 1919 nusquam
933 1848 1266 1918 cogitatione
1333 1856 1531 1920 sponte
1592 1850 2030 1920 circumvagans,

2138 1845 2374 1904 διάνοιαν
2403 1849 2663 1914 ἑκουσίως
2692 1849 3176 1922 περιπλανώμενος
3199 1869 3214 1885 ο
3249 1852 3382 1922 μηδέ
3418 1853 3611 1926 ῶσπερ
3635 1853 3728 1906 ὐπ’

449 1947 717 2010 nequeut
765 1941 1094 1996 necessitate
1127 1954 1378 1997 exortum
1423 1941 1666 1997 debitum
1717 1941 2033 2006 exsolvens,

453 2030 547 2084 sed
605 2030 771 2085 animi
826 2031 1161 2088 desiderium
1217 2040 1383 2102 atque
1433 2046 1676 2088 amorem
1728 2032 2032 2103 complens.

453 2119 722 2192 Suggeret
748 2122 913 2177 etiam
945 2121 1215 2179 Dominus
1249 2124 1368 2194 ipse
1395 2124 1736 2195 petentibus,
1760 2123 2036 2194 quomodo

452 2215 776 2282 precandrn
825 2217 917 2280 sit,
943 2216 1098 2284 juxta
1125 2217 1177 2272 id
1208 2217 1352 2289 quod
1386 2218 1588 2274 dictum
1623 2225 1738 2274 est:
1773 2217 1878 2285 Qui
1913 2225 2037 2289 pre-

453 2321 574 2359 cem
607 2307 697 2362 dat
735 2310 999 2376 precanti.
1028 2308 1202 2379 Igitur
1229 2320 1282 2364 et
1319 2316 1507 2378 petere
1536 2316 1778 2378 oportet,
1813 2316 1868 2363 et
1893 2309 2037 2366 scine

453 2409 576 2448 eum
608 2396 697 2465 qui
726 2397 779 2448 iu
845 2396 1178 2466 precatione,
1213 2413 1336 2467 qua:
1400 2397 1540 2451 tanti
1595 2397 1860 2454 momenti
1927 2404 2034 2461 est,

451 2494 790 2555 perseverat,
833 2503 1027 2558 magno
1076 2488 1262 2544 studio
1301 2503 1610 2560 magnaque
1649 2490 1848 2544 virium
1899 2503 2032 2544 eon-

453 2579 712 2640 tentione,
748 2587 1026 2638 certamen
1076 2579 1283 2634 subire.
1323 2579 1596 2645 Quoniam
1657 2580 1846 2635 vitium
1896 2579 2034 2634 insi-

452 2669 638 2722 diatur
689 2669 963 2738 ejusmodi
1029 2669 1425 2739 potissimum,
1483 2669 1729 2741 undique
1789 2671 2035 2727 studium

453 2760 674 2816 honesti
702 2775 958 2831 quaerens
986 2768 1254 2817 evertere.
1290 2758 1430 2816 Hinc
1475 2761 1727 2831 corporis
1763 2771 1819 2817 et
1867 2761 2034 2816 animi

453 2851 627 2920 labes,
663 2851 791 2908 inde
813 2853 1067 2919 mollitia,
1115 2863 1172 2908 et
1222 2853 1437 2907 incuria
1469 2862 1523 2908 et
1575 2853 1924 2924 negligentia,
1982 2860 2036 2908 et

452 2952 672 3011 caetera,
703 2945 908 3016 quibus
945 2946 1128 2999 anima
1165 2943 1506 3016 profligatur,
1541 2961 1638 3015 per
1665 2954 1850 3015 partes
1889 2945 2038 3002 dire-

452 3043 565 3107 pta,
611 3044 665 3090 et
726 3036 796 3090 ad
837 3036 1052 3092 hostem
1121 3051 1284 3092 suum
1315 3035 1624 3108 transfuga.
1661 3035 2033 3104 Quamobrem

451 3144 552 3198 par
578 3135 665 3185 est
706 3130 999 3193 rationem,
1043 3137 1300 3200 tanquam
1339 3128 1666 3199 prudentem
1703 3129 2031 3200 gubernato-

453 3233 590 3285 rem,
647 3218 844 3273 animae
886 3218 1206 3288 praesidere,
1269 3226 1328 3274 ut
1389 3220 1562 3288 ipsam
1626 3227 1907 3289 comparet
1967 3220 2034 3274 ad

455 3318 604 3364 recta
639 3311 1033 3381 navigandum,
1068 3318 1123 3365 et
1150 3311 1534 3381 appellendum
1579 3309 1645 3364 ad
1678 3320 1894 3380 portum
1941 3311 2035 3382 qui

454 3419 674 3459 sursum
705 3411 785 3460 esl
815 3422 828 3470 ;
862 3414 915 3459 et
939 3404 1188 3459 eamdem
1217 3405 1487 3474 integram
1523 3405 1720 3460 reddat
1772 3404 1905 3471 Deo,
1939 3407 2034 3477 qui

454 3495 580 3550 fidei
610 3496 889 3552 commisit
929 3503 983 3552 et
1041 3496 1260 3566 repetit.
1317 3494 1491 3551 Porro
1547 3498 1870 3569 praepositos
1925 3514 2036 3554 una

453 3587 710 3658 opitulari
744 3587 872 3642 huic
897 3587 1075 3651 decet,
1137 3593 1305 3655 atque
1337 3588 1486 3641 omni
1523 3587 1711 3643 studio
1762 3595 1817 3644 et
1844 3587 2037 3644 admo-

453 3680 662 3734 nitione
718 3679 996 3748 precantis
1054 3677 1410 3748 cupiditatem
1467 3679 1523 3732 in
1586 3678 1871 3750 proposito
1932 3693 2035 3734 suo

453 3772 618 3827 alere.
643 3769 857 3826 Etenim
897 3783 1087 3826 eorum
1117 3769 1213 3839 qui
1257 3783 1386 3824 vere
1422 3776 1721 3840 precantur
1767 3769 2032 3826 virtutum

451 3864 665 3921 fructus
687 3863 1114 3936 intelligentibus
1139 3871 1416 3926 ostensus,
1486 3879 1596 3918 non
1630 3864 1698 3920 iis
1737 3864 1904 3920 modo
1938 3867 2034 3936 qui

453 3955 732 4028 progressi
774 3957 999 4021 fuerint,
1044 3954 1139 4010 sed
1170 3961 1226 4009 et
1271 3953 1574 4009 infantibus
1605 3955 1806 4021 adhuc,
1842 3963 1896 4010 et
1946 3953 2032 4010 di-

454 4047 703 4118 seiplinae
722 4045 1009 4116 egentibus
1040 4043 1190 4098 utilis
1225 4043 1465 4110 exsistit,
1500 4043 1630 4097 dum
1665 4043 1818 4114 ipsos
1848 4041 1917 4098 ad
1970 4058 2033 4099 ea

351 4169 358 4177 -
453 4153 576 4207 qua:
615 4136 803 4191 vident
849 4134 1117 4189 imitanda
1154 4133 1416 4189 concitat.
1463 4134 1733 4190 Caeterum
1776 4147 1927 4204 pura:
1970 4147 2036 4187 ac

453 4231 682 4283 sincerae
707 4226 1038 4296 precationis
1061 4224 1275 4281 fruetus
1297 4224 2032 4292 est,simplicitas,charitas,

453 4320 756 4384 humilitas,
797 4318 1113 4381 tolerantia,
1158 4317 1514 4374 innocentia:
1550 4318 1765 4389 aliaque
1795 4317 2036 4389 ejusmo-

453 4409 531 4476 di,
565 4424 686 4477 quae
717 4407 937 4462 aeternis
967 4406 1240 4462 fructibus
1303 4417 1591 4474 anteeunt,
1636 4423 1739 4478 per
1797 4407 2032 4464 studiosi

2136 1939 2386 2012 ἀνάγκης
2416 1940 2672 1994 ἀκούσιον
2703 1941 2862 2013 χρέος
2905 1942 3225 2010 ἀποδιδοὺς,
3260 1943 3374 1997 ἀλλ’
3419 1943 3597 2015 ἔρωτα
3631 1945 3727 1998 καὶ

2139 2031 2300 2084 πόθον
2329 2030 2664 2102 ἀποπληρῶν
2697 2032 2798 2102 τῆς
2834 2031 3032 2103 ψυχῆς.
3064 2030 3235 2086 Δὼσει
3283 2033 3340 2086 δὲ
3371 2035 3463 2087 καὶ
3507 2033 3666 2098 αὐτὸς
3699 2035 3727 2086 ό

2139 2122 2341 2193 Κύριος
2373 2125 2483 2186 τοῖς
2510 2121 2751 2176 αἰτοῦσιν
2783 2119 2932 2186 ὅπως
2965 2121 3218 2194 εὐχεσθαι
3254 2124 3352 2190 δεῖ,
3388 2124 3530 2178 κατά
3553 2125 3612 2178 τὸ
3646 2127 3726 2178 εί-

2143 2211 2377 2283 ρημένον
2417 2226 2430 2241 ·
2489 2212 2548 2266 '0
2597 2211 2772 2276 διδοὺς
2821 2212 2986 2284 εὐχὴν
3020 2214 3099 2285 τῷ
3151 2215 3449 2286 εὐχομένω.
3498 2216 3593 2270 Δεῖ
3634 2213 3730 2270 οὖν

2139 2308 2309 2361 αίτεῖν
2337 2345 2352 2370 ,
2403 2305 2498 2359 καὶ
2543 2305 2742 2360 ειδέναι
2789 2305 2882 2359 τὸν
2925 2308 2991 2378 τῇ
3036 2306 3728 2380 εὐχῇπροσκαρτεροῢντα

2139 2397 2428 2469 πράγματι
2454 2396 2693 2469 τοσούτῳ
2721 2437 2734 2464 ,
2765 2398 2904 2469 μετὰ
2948 2398 3152 2470 πολλῆς
3179 2400 3421 2471 σπουδῆς
3446 2400 3539 2454 καὶ
3570 2399 3728 2454 δυνά-

2142 2507 2288 2560 μεως
2333 2489 2577 2544 ἐναθλεῖν
2627 2489 2706 2561 τῷ
2742 2490 2936 2560 ἀγῶνι.
2982 2492 3136 2546 Ἐπεὶ
3191 2493 3425 2564 μάλιστα
3471 2495 3506 2566 ἡ
3559 2495 3728 2548 κακία

2139 2582 2248 2644 τοῖς
2281 2578 2541 2644 τοιούτοις
2567 2580 2866 2650 ἐφεδρεύει,
2907 2581 3172 2636 πάντοθεν
3200 2582 3438 2654 ζητοῦσα
3473 2585 3727 2658 περιτρέ-

2137 2673 2236 2742 ψαι
2264 2670 2361 2743 τὴν
2391 2672 2648 2745 σπουδήν.
2691 2672 2932 2727 Ἐκεῖθεν
2980 2674 3161 2738 ἄνεσις
3204 2673 3456 2746 σώματος
3495 2675 3591 2730 καὶ
3621 2675 3726 2746 ψυ-

2139 2764 2243 2835 χῆς
2273 2779 2287 2793 ο
2329 2761 2580 2817 ἐντεῦθεν
2624 2763 2886 2834 μαλακία,
2937 2765 3032 2818 καὶ⁴
3060 2765 3283 2836 ἀκηδία,
3316 2767 3410 2820 καὶ
3441 2766 3720 2840 ὀλιγωρία,

2139 2855 2235 2909 καὶ
2264 2853 2334 2908 τά
2355 2852 2540 2917 λοιπὰ,
2570 2853 2638 2906 δι’
2667 2846 2741 2907 ὧν
2770 2853 3070 2908 ἀπόλλυται
3101 2853 3246 2926 ψυχὴ
3278 2856 3418 2910 κατὰ
3448 2857 3612 2928 μέρος
3637 2857 3726 2928 ἀρ-

2141 2945 2446 3017 παζομένη,
2491 2945 2584 2999 καὶ
2612 2944 2987 3016 αὐτομολοῦσα
3017 2945 3154 3018 πρὸς
3180 2946 3272 3000 τὸν
3302 2946 3492 3020 ἐχθρὸν
3529 2948 3723 3020 αὐτῆς.

2141 3035 2263 3108 Χρὴ
2300 3031 2392 3090 οὖν
2421 3035 2714 3106 ἐφεστάναι
2750 3038 2816 3107 τῇ
2847 3036 2992 3108 ψυχῇ
3035 3036 3285 3110 καθάπερ
3333 3038 3497 3109 σοφὸν
3528 3039 3726 3110 κυσερ-

2139 3128 2308 3198 νήτην
2354 3124 2445 3180 τὸν
2514 3123 2770 3194 λογισμὸν
2805 3162 2821 3188 ,
2879 3125 3367 3196 παρασκευάζοντα
3413 3125 3728 3181 εὐθυπλοεῖν

2141 3216 2277 3287 πρὸς
2308 3216 2401 3270 τὸν
2430 3215 2541 3270 ἄνω
2573 3214 2768 3286 λιμένα
2796 3254 2811 3281 ,
2841 3216 2935 3269 καὶ
2964 3217 3063 3290 τὴν
3092 3217 3270 3288 ψυχὴν
3299 3217 3558 3290 ἀκέραιον
3587 3221 3726 3274 ἀπο-

2139 3309 2346 3364 διδόντα
2385 3309 2464 3380 np
2513 3311 2864 3365 πιστεύσαντι
2892 3310 3030 3382 Θεῷ.
3067 3311 3176 3364 Καὶ
3207 3311 3333 3376 τοὺς
3375 3313 3726 3383 προεστῶτας

2137 3401 2195 3454 δέ
2224 3399 2330 3471 χρὴ
2359 3401 2871 3474 συναντιλαμϐάνειν
2894 3401 2973 3473 τῷ
3000 3400 3226 3472 τοιούτῳ
3249 3441 3266 3470 ,
3295 3404 3390 3456 καὶ
3419 3404 3506 3458 διά
3545 3405 3725 3476 πάσης

2141 3494 2377 3563 σπουδῆς
2411 3495 2503 3546 καὶ
2529 3492 2812 3557 νουθεσίας
2846 3492 3071 3565 τρέφειν
3114 3492 3214 3564 τὴν
3244 3496 3372 3565 περὶ
3401 3495 3462 3549 τὸ
3499 3500 3726 3569 προκεί-

2141 3601 2302 3655 μενον
2329 3583 2423 3637 τοῦ
2451 3583 2746 3655 εὐχομένου
2778 3583 3095 3655 ἐπιθυμίαν.
3125 3583 3247 3637 Τῶν
3278 3585 3386 3658 γὰρ
3431 3587 3599 3653 ὅντως
3635 3590 3725 3642 εὐ-

2137 3675 2382 3751 χομένων
2405 3675 2434 3727 ὁ
2465 3675 2677 3746 καρπὸς
2705 3674 2813 3729 τῶν
2842 3675 3056 3748 ἀρετῶν
3076 3677 3190 3740 τοῖς
3222 3677 3493 3733 συνιοῦσιν
3524 3681 3725 3734 ἐπιδει-

2138 3766 2403 3836 κνύμενος
2428 3807 2442 3834 ,
2485 3766 2546 3819 οὐ
2574 3765 2654 3836 τῷ
2692 3765 3028 3837 προκόψαντι
3063 3767 3210 3838 μόνῳ
3233 3807 3248 3833 ,
3283 3767 3420 3823 ἀλλά
3472 3770 3565 3823 καὶ
3610 3771 3743 3835 τοῖς’

2138 3858 2218 3912 ἔτι
2249 3859 2462 3929 νηπίοις
2489 3858 2584 3912 καὶ
2609 3857 2887 3929 δεομένοις
2914 3858 3263 3924 διδασκαλίας
3285 3899 3300 3924 ,
3330 3861 3596 3932 χρήσιμος
3638 3863 3723 3932 γί-

2137 3966 2307 4010 νεται,
2334 3949 2657 4020 προτρέπων
2682 3949 2876 4012 αὐτοὺς
2907 3951 2987 4009 εἰς
3019 3950 3250 4022 μίμησιν
3271 3943 3345 4004 ὧν
3367 3951 3556 4022 ὁρῶσι.
3579 3953 3724 4025 Καρ-

2137 4038 2237 4100 πδς
2264 4038 2308 4092 δ’
2346 4037 2670 4110 εἰλικρινοῦς
2713 4038 2877 4108 εὐχῆς
2921 4039 3160 4110 ἁπλότης
3188 4079 3202 4104 ,
3261 4040 3450 4112 ἀγάπη
3474 4080 3490 4106 ,
3530 4058 3721 4096 ταπει-

2136 4128 2440 4200 νοφροσύνη
2461 4167 2476 4192 ,
2522 4128 2791 4199 καρτερία
2817 4168 2830 4191 ,
2864 4128 3066 4181 ἀκακία
3091 4167 3105 4192 ,
3142 4130 3237 4183 καὶ
3282 4129 3352 4183 τά
3395 4130 3654 4198 τοιαῦτα,
3685 4132 3718 4188 ἃ

2137 4221 2244 4292 πρὸ
2293 4218 2403 4274 τῶν
2455 4218 2689 4272 αἰωνίων
2748 4219 3011 4289 καρπῶν,
3069 4220 3220 4292 παρὰ
3269 4221 3360 4273 τὸν
3400 4221 3515 4292 βίον
3551 4225 3579 4276 ό
3626 4223 3719 4277 τοῦ

2139 4311 2426 4366 σπουδαίου
2584 4309 2816 4364 ἐνταῦθα
2849 4309 3152 4380 βλαστάνει.
3183 4311 3405 4376 Τούτοις
3431 4313 3562 4384 εὐχὴ
3593 4313 3722 4367 καλ-

2136 4405 2430 4470 λωπίζεται
2458 4405 2570 4466 τοῖς
2600 4404 2833 4473 καρποῖς
2864 4417 2878 4432 ⁸
2909 4402 3194 4473 ἀποροῦσα
3237 4403 3293 4458 δέ
3331 4403 3536 4457 τούτων
3565 4445 3579 4470 ,
3615 4406 3721 4476 μά-

453 4500 688 4552 vitam...
725 4497 816 4551 hic
845 4497 1138 4566 pullulant.
1198 4495 1360 4551 llisce
1423 4496 1697 4551 fructibus
1740 4495 2032 4553 decoratur

2137 4515 2285 4550 ταιον
2311 4496 2422 4567 ἔχει
2453 4495 2614 4548 πόνον
2632 4511 2647 4526 ο
2674 4493 2764 4547 καὶ
2793 4493 2892 4546 οὐκ
2919 4493 3056 4564 αὐτὴ
3089 4494 3264 4563 μόνον,
3284 4495 3418 4550 ἀλλά
3450 4497 3542 4551 καὶ
3574 4499 3721 4551 πᾶσα

450 4589 740 4660 precatio:
801 4589 1008 4660 quibus
1043 4590 1088 4644 si
1150 4587 1512 4653 destituatur,
1573 4588 1792 4645 inanem
1863 4592 2031 4646 smnit

455 4681 699 4736 laborem
732 4697 748 4748 ;
785 4695 964 4750 neque
1005 4681 1123 4750 ipsa
1163 4678 1454 4744 duntaxat,
1502 4679 1599 4736 sed
1649 4681 1814 4736 etiam
1851 4681 2031 4736 omnis

450 4769 811 4840 philosOphize
847 4771 933 4824 via
961 4779 1015 4825 et
1055 4769 1219 4835 ratio,
1259 4785 1383 4841 qua:
1415 4786 1638 4842 germen
1681 4772 1846 4828 habet
1876 4771 2027 4842 ejus-

451 4863 639 4928 modi,
683 4862 912 4932 justitia:
967 4875 1160 4932 reapse
1213 4870 1299 4918 est
1352 4863 1548 4919 semita
1601 4873 1656 4920 et
1697 4864 1766 4920 ad
1817 4873 2029 4920 rectum

442 4952 600 5006 ducit
655 4952 906 5018 exitum;
964 4952 1052 5006 his
1095 4961 1276 5008 autem
1335 4953 1568 5024 privata,
1621 4969 1819 5010 nomen
1868 4955 2031 5010 inane

448 5046 799 5116 relinquitur.
847 5044 1052 5116 Ecquis
1099 5055 1186 5102 est
1240 5062 1376 5102 usus
1429 5047 1561 5102 vitis
1613 5047 1868 5114 excultae,
1923 5051 2028 5103 nisi

447 5133 662 5192 fructus
709 5134 917 5202 adsint,
966 5151 1205 5206 quorum
1258 5136 1433 5208 gratia
1473 5137 1693 5194 labores
1729 5139 2031 5194 cxantlaxit

447 5226 732 5296 agricola?
761 5227 916 5294 Quod
946 5228 1160 5283 lucrum
1193 5235 1277 5285 est
1308 5227 1504 5299 jejunii
1544 5237 1601 5284 et
1631 5231 1905 5288 orationis
1975 5242 2030 5288 et

447 5318 740 5387 pervigilii,
784 5319 832 5375 si
861 5335 966 5389 pax
987 5327 1042 5374 et
1072 5319 1334 5390 gaudium
1361 5329 1415 5375 et
1450 5321 1715 5387 Charitas,
1743 5329 1798 5377 et
1831 5323 2028 5394 reliqui

448 5405 664 5460 fructus
688 5407 881 5476 gratiae
907 5408 1136 5479 spi'itus
1179 5423 1290 5462 non
1323 5398 1647 5465 adfuerint?
1689 5421 2030 5484 quapropter

451 5493 676 5550 labores
704 5494 906 5566 jejunii
932 5506 988 5552 et
1024 5498 1295 5554 orationis
1323 5506 1378 5554 et
1410 5506 1735 5556 czeterorum
1778 5516 2030 5574 operum,

449 5596 574 5639 cum
610 5585 783 5640 multa
814 5586 1163 5656 jueunditate
1207 5596 1262 5646 et
1298 5587 1568 5648 eharitate
1598 5599 1653 5650 et
1698 5605 1798 5664 spe
1841 5592 2030 5650 consi-

519 5763 566 5796 ⁵⁸
587 5762 717 5820 Luc.
747 5779 878 5828 μνη,
899 5762 990 5820 2|.

2137 4587 2452 4656 φιλοσοφίας
2479 4584 2596 4648 ὁδὸς
2617 4582 2871 4654 τοιαύτην
2899 4583 2998 4654 μὲν
3015 4583 3211 4654 ἔχουσα
3237 4583 3495 4657 βλάστην,
3521 4587 3722 4640 δικαιο-

2139 4680 2304 4751 σύνης
2327 4677 2493 4740 ὅντως
2524 4674 2670 4729 ἐστὶν
2701 4673 2819 4736 ὁδὸς
2838 4713 2852 4738 ,
2887 4675 2979 4728 καὶ
3008 4675 3143 4746 πρὸς
3175 4675 3333 4748 ὀρθὸν
3361 4676 3483 4746 ἄγει
3519 4677 3669 4743 τέλος
3700 4694 3716 4709 ο

2135 4773 2342 4829 τούτων
2394 4771 2454 4825 δὲ
2500 4769 2839 4840 ἐστερημένη
2865 4807 2881 4834 ,
2917 4768 3072 4823 κενὸν
3109 4769 3280 4840 ὄνομα
3313 4771 3716 4841 καταλείπεται.

2138 4869 2202 4921 Τί
2241 4866 2432 4936 ὄφελος
2470 4864 2713 4934 ἀμπέλου
2749 4862 3162 4934 πεπονημένης,
3195 4862 3425 4932 καρπῶν
3454 4865 3528 4935 μὴ
3579 4881 3721 4936 παρ-

2136 4955 2324 5017 όντων,
2365 4945 2441 5005 ὧν
2466 4951 2628 5004 ἕνεκα
2655 4953 2684 5004 ό
2707 4951 2952 5022 γεωργὸς
2981 4950 3073 5004 τὸν
3113 4951 3273 5005 πόνον
3305 4953 3566 5024 ὑπέμεινε
3590 4971 3606 5021 ;
3653 4952 3720 5006 Τί

2135 5044 2326 5114 κέρδος
2352 5043 2610 5114 νηστείας
2646 5043 2740 5096 καὶ
2788 5042 3099 5113 προσευχῆς
3135 5043 3229 5096 καὶ
3271 5044 3608 5116 ἀγρυπνίας,
3643 5045 3720 5099 εί-

2138 5137 2305 5206 ρήνης
2335 5132 2579 5204 ἀπούσης
2612 5132 2706 5186 καὶ
2735 5134 2907 5204 χαρᾶς
2940 5133 3036 5186 καὶ
3067 5133 3287 5206 ἀγάπης
3309 5176 3325 5202 ,
3353 5136 3448 5189 καί⁵
3471 5136 3579 5191 τῶν
3605 5136 3717 5190 λοι·

2136 5227 2252 5282 πῶν
2301 5226 2398 5296 τῆς
2443 5224 2538 5278 τοῦ
2589 5223 2902 5295 Πνεύματος
2947 5223 3168 5295 χάριτος
3215 5226 3439 5298 καρπῶν
3467 5244 3481 5293 ;
3509 5229 3600 5282 Δεῖ
3624 5224 3718 5284 οὖν

2133 5322 2260 5383 τοὺς
2296 5319 2394 5391 μὲν
2428 5318 2622 5383 πόνους
2647 5317 2748 5389 τῆς
2777 5316 3030 5387 νηστείας
3052 5319 3144 5372 καὶ
3173 5317 3274 5390 τῆς
3297 5319 3462 5392 εὐχῆς
3489 5321 3581 5376 καὶ
3612 5324 3718 5378 τῶν

2133 5407 2334 5463 λοιπῶν
2355 5407 2529 5482 ἔργων
2575 5406 2711 5478 μετά
2757 5406 2960 5478 πολλῆς
3003 5407 3199 5477 ἡδονῆς
3243 5410 3338 5462 καὶ
3365 5410 3586 5482 ἀγάπης
3623 5413 3719 5466 καὶ

2131 5498 2343 5563 ἐλπίδος
2371 5497 2729 5568 ὑφίστασθαι·
2773 5497 2842 5552 τά
2871 5497 2927 5551 δέ
2958 5497 3094 5571 ἄνθη
3122 5497 3232 5554 τῶν
3264 5499 3442 5554 πόνων
3470 5503 3564 5556 καὶ
3591 5503 3717 5567 τούς

2132 5591 2400 5664 καρποὺς,
2425 5591 2492 5664 τῇ
2514 5587 2608 5644 τοῦ
2633 5588 2953 5662 Πνεύματος
2973 5587 3110 5646 εἶναι
3141 5591 3418 5650 πιστεύειν
3447 5593 3716 5670 ἐνεργείᾳ.
