4096 6354
405 364 513 423 305

1544 370 1633 426 DE
1671 370 2043 430 INSTITUTO
2081 370 2519 428 CHRISTIANO.

3556 365 3663 422 506

407 495 551 539 stere
606 485 879 541 convenit.
940 484 1129 544 Flores
1179 502 1308 544 vero
1355 487 1600 544 laborum
1653 497 1707 546 et
1750 490 1981 559 fruetus,
2031 496 2077 551 Α
2124 492 2358 561 Spiritus
2402 485 2733 545 sanctissimi
2796 483 3113 557 operatione
3182 482 3374 539 adesse
3433 479 3663 535 credent-

405 574 534 628 dum
570 584 675 628 est.

482 663 542 714 Εί
574 662 619 715 δ’
644 661 710 715 ἂν
737 662 913 733 ἑαυτῷ
957 681 1042 728 τις
1072 664 1337 733 λογίζοιτο
1382 666 1592 731 ταῦτα,
1642 668 1735 722 καὶ
1780 668 1842 722 τὸ
1874 671 1981 724 πᾶν

409 749 684 821 ἀνατιθείη
720 754 831 815 τοῖς
878 752 1059 815 πόνοις
1088 794 1103 819 ,
1144 754 1265 807 ἀντὶ
1292 754 1400 807 τῶν
1427 755 1718 825 ἀκηράτων
1759 756 1982 812 ἐκείνων

410 841 669 910 καρπῶν,
699 842 1015 906 ἀλαζονείας
1062 842 1141 914 τῷ
1192 846 1417 915 τοιούτῳ
1469 846 1722 918 φρόνημα
1766 848 1979 917 φύεται.

411 932 500 984 Διὸ
529 932 633 1002 χρὴ
654 932 780 996 τοὺς
817 933 915 1003 μὲν
941 934 1078 1004 ὑπὲρ
1106 934 1204 1005 τῆς
1243 936 1445 1007 ἀρετῆς
1468 936 1682 1005 ἀγῶνας
1713 937 1833 1008 μεθ’
1859 938 1982 1009 ἡδο-

408 1023 507 1092 νῆς
541 1023 829 1093 ὑπομένειν
853 1040 867 1056 ο
906 1023 1004 1095 τὴν
1036 1024 1092 1078 δὲ
1124 1024 1390 1096 λύτρωσιν
1423 1026 1521 1096 τῆς
1547 1026 1748 1098 ψυχῆς,
1772 1030 1836 1082 ἐκ
1873 1028 1982 1082 τῶν

410 1111 596 1166 παθῶν
640 1112 719 1183 τῷ
762 1112 878 1185 Θεῷ
916 1114 1255 1168 ἀνατιθέναιο
1305 1117 1380 1180 ὡς
1418 1116 1485 1170 ἂν
1524 1117 1664 1171 οὓτω
1717 1118 1983 1188 κρείττων

410 1204 611 1274 ἑαυτῆς
647 1206 680 1275 ἡ
705 1205 849 1276 ψυχὴ
872 1207 1158 1277 γενομένη,
1185 1207 1280 1261 καὶ
1305 1208 1405 1276 τῆς
1430 1206 1524 1261 τοῦ
1566 1207 1788 1278 Ἐχθροῦ
1820 1210 1978 1264 δυνα·

408 1296 654 1366 τωτάτης
682 1297 879 1361 κακίας
901 1339 917 1364 ,
954 1299 1268 1370 οἰκητήριον
1292 1299 1493 1368 ἀγαθὸν
1525 1300 1720 1370 ἑαυτὴν
1757 1302 1982 1372 παρέξει

409 1384 487 1454 τῷ
523 1387 885 1457 προσκυνητῷ
913 1387 1007 1440 καὶ
1046 1388 1186 1459 ἁγίῳ
1236 1388 1546 1459 Πνεύματι,
1597 1388 1727 1460 παρ’
1777 1381 1839 1442 οὗ
1884 1389 1982 1461 τὴν

408 1476 672 1531 ἀθάνατον
698 1477 793 1530 τοῦ
822 1479 1057 1548 Χριστοῦ
1088 1479 1330 1534 λαϐοῦσα
1366 1482 1587 1551 εἰρήνην
1607 1520 1622 1542 ,
1654 1480 1982 1534 συνάπτεται

408 1566 475 1619 δι’
502 1566 669 1637 αὐτῆς
688 1606 704 1629 .
730 1568 824 1628 καὶ
850 1569 1249 1640 προσκολλᾶται
1281 1570 1358 1640 τῷ
1405 1570 1608 1640 Κυρίῳ.
1658 1571 1721 1623 Ei
1749 1570 1807 1624 δέ
1840 1586 1982 1635 τινες

412 1657 575 1726 μήπω
602 1658 692 1710 τὸν
716 1658 815 1729 τῆς
850 1660 1022 1729 ἄκρας
1052 1659 1218 1730 εύχῆς
1243 1660 1395 1713 τόνον
1424 1660 1669 1730 ἔχοντες.
1712 1660 1845 1731 μηδὲ
1886 1661 1984 1731 τὴν

407 1746 758 1819 ὀφειλομένην
790 1750 867 1820 τῷ
913 1750 1198 1821 πράγματι
1248 1751 1483 1822 σπουδήν
1508 1768 1569 1804 τε
1613 1753 1708 1805 καὶ
1734 1750 1980 1821 δύναμιν,

406 1839 870 1905 άπολιμπάνονται
902 1841 1103 1912 ταύτης
1135 1842 1234 1913 τῆς
1269 1841 1502 1912 ἀρετῆς,
1554 1844 1611 1897 ὲν
1651 1845 1761 1906 τοῖς
1805 1842 1981 1905 ἄλλοις

2161 664 2318 730 Quod
2353 664 2395 719 si
2430 662 2553 733 quis
2580 660 2695 714 haec
2724 658 2828 715 sibi
2858 657 2959 728 ipsi
2993 657 3361 727 imputaverit,
3401 666 3457 713 et
3478 661 3662 714 omnia

2083 754 2363 809 laboribus
2392 754 2504 807 suis
2532 751 2807 813 tribuerit,
2846 750 2961 803 vice
3014 756 3343 803 aeternorum
3377 747 3657 811 fructuum

2082 834 2319 907 illorum,
2352 840 2675 910 arrogantiae
2706 837 2931 909 spiritus
2960 836 3088 891 huic
3129 835 3337 890 homini
3367 836 3658 898 inseritur.

2082 932 2291 989 Idcirco
2319 932 2389 986 ob
2417 932 2672 986 virtutem
2699 935 2960 998 suscepta
2986 926 3288 982 certamina
3319 942 3443 981 cum
3470 928 3663 997 jucun-

2081 1025 2248 1080 ditate
2279 1039 2377 1095 par
2405 1033 2491 1080 est
2529 1022 2822 1089 sustinere,
2863 1030 2918 1077 et
2977 1020 3147 1076 animi
3181 1020 3557 1075 liberationem
3589 1021 3658 1076 ab

2082 1116 2366 1172 affectibus
2395 1114 2502 1171 Deo
2529 1122 2814 1183 acceptam
2846 1112 3007 1176 ferre,
3041 1119 3103 1165 ut
3128 1112 3209 1165 sic
3244 1113 3424 1165 anima
3456 1120 3656 1167 semet--

2082 1206 2199 1275 ipsa
2232 1207 2421 1261 melior
2456 1206 2677 1269 eﬂ‘ecta,
2735 1212 2790 1260 et
2825 1203 3190 1274 potentissimi
3243 1203 3418 1258 hostis
3453 1204 3659 1258 malitia

2081 1299 2352 1368 superior,
2392 1297 2730 1353 domicilium
2757 1296 2958 1351 bonum
2992 1296 3231 1366 praebeat
3260 1310 3320 1350 se
3376 1296 3658 1362 adorando

2082 1397 2383 1459 sanctoque
2418 1388 2667 1457 Spiritui,
2708 1404 2740 1443 a
2773 1402 2883 1458 quo
2920 1387 3216 1441 immortali
3257 1386 3462 1441 Christi
3527 1402 3659 1457 pace

2082 1488 2304 1549 accepta
2351 1479 2647 1548 c0pnlatur
2704 1494 2802 1548 per
2840 1492 2983 1543 eam,
3028 1485 3082 1531 et
3129 1478 3503 1548 agglutinatur
3555 1477 3660 1531 Do-

2081 1570 2250 1624 mino.
2285 1568 2441 1636 Quod
2471 1568 2520 1624 si
2555 1568 2808 1640 quidam,
2841 1567 2934 1638 qui
2972 1566 3213 1621 nondum
3248 1566 3504 1636 perfectae
3534 1580 3660 1635 pre-

2081 1659 2316 1715 cationis
2383 1658 2628 1729 vigorem
2695 1665 2928 1723 tenent,
2990 1672 3167 1726 neque
3224 1656 3466 1711 debitum
3530 1656 3657 1711 huic

2082 1749 2303 1821 negotio
2335 1749 2606 1812 studium,
2639 1756 2694 1803 et
2719 1748 2827 1802 vim
2861 1749 3135 1814 obtinent,
3166 1748 3363 1817 privati
3392 1759 3521 1803 sunt
3555 1748 3658 1802 hac

2082 1840 2326 1905 virtute;
2365 1840 2420 1893 in
2485 1838 2699 1909 caeteris
2759 1839 3071 1908 compleant
3130 1838 3517 1904 obedientiam,
3559 1854 3658 1909 pro

408 1928 794 2000 πληρούτωσαν
815 1932 913 2002 τὴν
954 1932 1218 2003 ὑπακοὴν,
1241 1933 1382 1985 κατὰ
1416 1932 1641 2001 δύναμιν
1682 1931 1982 1985 διακονοῦν-

2089 1929 2293 1983 viribus
2347 1927 2751 1994 ministrantes,
2787 1927 3044 1983 alacriter
3097 1936 3409 1997 operantes,
3468 1928 3659 1984 sedulo

404 2037 514 2085 τες,
536 2021 829 2093 προθύμως
848 2022 1224 2094 ἐργαζόμενοι,
1253 2023 1553 2087 σπουδαίως
1581 2023 1979 2095 θεραπεύοντες

406 2112 524 2183 μεθ’
549 2114 743 2182 ἡδονῆς
769 2153 784 2177 ,
820 2115 894 2184 μὴ
928 2115 1020 2166 ἐπὶ
1051 2114 1226 2185 μισθῷ
1254 2132 1380 2178 τινι,
1422 2114 1554 2184 μηδὲ
1578 2113 1678 2183 τῆς
1708 2113 1980 2186 ἀνθρωπί-

403 2218 500 2271 νης
531 2201 690 2273 δόξης
714 2201 897 2267 ἕνεκα,
931 2203 1067 2274 μηδὲ
1087 2205 1163 2265 ὡς
1187 2202 1491 2274 ἀλλοτρίοις
1522 2202 1735 2274 σώμασι
1766 2205 1861 2257 καὶ
1886 2203 1981 2273 ψυ-

402 2292 524 2361 χαῖς
561 2289 992 2361 ύπηρετούμενοι
1017 2329 1032 2354 ,
1073 2290 1187 2345 ἀλλ’
1231 2291 1306 2353 ὡς
1349 2290 1586 2362 Χριστοῦ
1631 2291 1870 2357 δούλοις,
1904 2291 1981 2356 ὡς

402 2380 689 2451 ἡμετέροις
719 2379 1043 2451 σπλάγχνοις
1062 2422 1077 2446 ,
1106 2381 1344 2450 καθαρὸν
1390 2379 1544 2450 ἡμῶν
1575 2382 1669 2434 καὶ
1710 2381 1896 2438 ἄδολον
1920 2381 1980 2434 τὸ

402 2472 560 2540 ἔργον
590 2472 871 2544 ἀποφανθῇ
905 2473 981 2543 τῷ
1010 2472 1217 2544 Κυρίῳ.
1252 2472 1678 2541 Προφασιξέσθω
1704 2473 1760 2527 δὲ
1792 2475 1981 2545 μηδεὶς

401 2560 699 2631 ἀδυναμίαν
729 2562 809 2623 εἰς
836 2561 934 2631 τὴν
969 2562 1074 2614 τῶν
1096 2561 1273 2615 καλῶν
1303 2561 1479 2632 ἔργων
1515 2563 1746 2633 σπουδήν
1778 2579 1791 2592 ·
1828 2563 1981 2617 οὐδὲν

400 2649 507 2721 γὰρ
528 2651 557 2704 ὁ
578 2650 709 2713 Θεὸς
732 2650 989 2704 ἀδύνατον
1017 2651 1310 2705 ἐπιτάττει·
1340 2670 1356 2703 ι
1375 2654 1468 2714 Ὃς
1485 2652 1599 2715 ἐὰν,
1613 2672 1631 2705 ι
1665 2652 1819 2722 φησὶ,
1853 2671 1871 2703 ι
1892 2671 1982 2705 πο-

401 2740 521 2812 τίσῃ
544 2741 800 2815 ποτήριον
827 2739 1034 2814 ψυχροῦ
1063 2742 1144 2804 είς
1169 2741 1337 2811 ὄνομα
1364 2741 1628 2812 μαθητοῦ,
1662 2743 1810 2815 ἀμὴν
1838 2743 1982 2813 λέγω

400 2832 548 2901 ύμῖν,
579 2832 640 2884 ού
676 2832 751 2904 μὴ
782 2832 1020 2904 ἀπολέσῃ
1052 2832 1142 2885 τὸν
1172 2832 1362 2902 μισθὸν
1396 2830 1583 2887 αὑτοῦ.
1613 2850 1632 2885 ι
1680 2833 1746 2887 Τί
1771 2833 1871 2905 τῆς
1895 2834 1982 2889 ὲν-

399 2924 558 2995 τολῆς
606 2923 811 2997 ταύτης
857 2924 1283 2996 εύχερέστερον;
1339 2925 1435 2978 καὶ
1463 2926 1491 2977 ὁ
1537 2923 1728 2995 μισθὸς
1759 2925 1852 2980 τοῦ
1888 2926 1979 2979 εύ-

400 3015 597 3087 χεροῦς
629 3014 793 3086 ἔργου
817 3054 834 3080 ,
887 3015 1228 3087 ἐπουράνιος.
1279 3016 1390 3069 Καὶ
1430 3016 1593 3070 πάλιν
1620 3032 1635 3047 ·
1692 3035 1712 3068 ι
1751 3016 1865 3086 Ἐφ’
1902 3017 1982 3072 ἐνὶ

399 3106 605 3159 τούτων
627 3107 940 3177 ἐποιήσατε,
959 3106 1083 3177 ἐμοὶ
1107 3106 1454 3176 ἐποιήσατε.»
1480 3105 1553 3158 Τὸ
1580 3106 1679 3175 μὲν
1703 3105 1983 3177 ἐπίταγμα

403 3197 596 3268 μικρόν
616 3214 631 3227 ο
664 3196 724 3250 τὸ
756 3197 813 3250 δὲ
843 3197 943 3267 τῆς
972 3198 1217 3269 ὑπακοῆς
1245 3198 1436 3268 κέρδος
1460 3237 1475 3261 ,
1509 3196 1664 3251 πολύ.
1699 3198 1861 3250 ’Ὥστε
1894 3197 1981 3251 ού-

399 3288 487 3341 δὲν
517 3288 655 3360 ὑπὲρ
694 3287 921 3359 δύναμιν
974 3289 1193 3342 ἀπαιτεῖ
1216 3305 1230 3320 ο
1264 3288 1400 3342 ἀλλὰ
1446 3287 1551 3342 κᾶν
1611 3288 1805 3361 μικρὸν
1828 3328 1844 3352 ,
1876 3288 1980 3343 κᾶν
2007 3272 2050 3330 (ἶ

403 3376 544 3447 μέγα
568 3376 958 3448 ποιῇς,¹ἐπεταί
988 3394 1069 3431 σοι
1095 3377 1237 3431 κατὰ
1262 3377 1359 3448 τὴν
1382 3376 1701 3448 προαίρεσιν
1721 3379 1749 3430 ὁ
1768 3377 1976 3448 μισθός.

413 3465 538 3520 Ἐὰν
572 3466 670 3538 μὲν
699 3467 807 3539 γάρ
833 3469 911 3531 είς
935 3466 1103 3538 ὄνομα
1136 3468 1229 3521 καὶ
1258 3466 1420 3536 φόϐον
1451 3465 1608 3530 Θεοῦ,
1638 3465 1866 3537 λαμπρὰ
1892 3467 1983 3521 καὶ

401 3557 762 3628 ἀναφαίρετος
806 3554 970 3628 ἦλθεν
1023 3560 1055 3629 ἡ
1101 3558 1312 3628 δωρεά·
1348 3557 1443 3610 ἐὰν
1489 3557 1545 3610 δὲ
1589 3557 1667 3620 είς
1701 3557 1983 3622 ἐπίδειξιν,

400 3645 629 3700 ἄκουσον
664 3646 921 3717 ὀμνύντος
964 3647 1126 3701 αὑτοῦ
1174 3648 1268 3701 τοῦ
1298 3646 1500 3717 Κυρίου
1528 3662 1542 3676 ι
1585 3663 1605 3696 ι
1628 3648 1799 3717 Ἀμὴν
1843 3647 1987 3715 λέγω

403 3740 559 3808 ύμῖν,
601 3739 863 3809 ἀπέχουσι
890 3740 980 3791 τὸν
1029 3738 1217 3809 μισθὸν
1262 3739 1461 3793 αύτῶν.
1492 3758 1510 3789 ι
1558 3739 1670 3790 Ἵνα
1696 3737 1751 3790 δὲ
1792 3738 1865 3809 μή
1895 3755 1979 3800 τις

402 3827 557 3880 τοῦτο
618 3827 797 3898 πάθῃ,
850 3828 1212 3898 παραγγέλλει
1263 3829 1376 3890 τοῖς
1433 3826 1732 3897 μαθηταῖς,
1768 3828 1859 3879 καὶ
1910 3827 1976 3879 δι’

403 3916 622 3969 ἐκείνων
649 3918 797 3987 ἡμῖν·
821 3917 1083 3968 (Βλέπετε
1105 3916 1179 3987 μὴ
1200 3918 1463 3987 ποιήσητε
1482 3917 1581 3986 τὴν
1606 3916 1975 3987 ἐλεημοσύνην

402 4006 637 4078 ύμῶν,ἢ
670 4006 769 4079 τὴν
804 4008 999 4078 εὐχὴν,
1036 4007 1068 4077 ἢ
1099 4007 1196 4078 τὴν
1232 4008 1503 4077 νηστείαν,
1538 4006 1841 4079 ἔμπροσθεν
1868 4006 1977 4061 τῶν

402 4096 736 4167 ἀνθρώπων·
778 4099 826 4151 εί
854 4098 910 4152 δὲ
947 4099 1019 4168 μή
1071 4113 1155 4165 γε,
1199 4097 1389 4167 μισθὸν
1416 4098 1515 4150 οὐκ
1546 4097 1693 4169 ἔχετε
1728 4096 1877 4167 παρὰ
1902 4095 1979 4167 τῷ

402 4187 577 4259 Πατρὶ
622 4188 795 4259 ὑμῶν,
840 4188 918 4260 τῷ
947 4191 1004 4242 ἐν
1051 4191 1163 4253 τοῖς
1211 4188 1477 4260 οὐρανοῖς.
1508 4208 1527 4243 ι
1567 4188 1724 4260 Αὐτῷ
1748 4188 1872 4254 δόξα
1899 4190 1979 4253 είς

402 4281 527 4344 τοὺς
551 4281 772 4345 αἰῶνας.
806 4280 995 4352 Ἀμήν.

2080 2035 2203 2074 cum
2235 2019 2518 2088 voluptate
2545 2019 2753 2073 cultum
2794 2018 3200 2089 impendentes,
3253 2035 3361 2073 non
3414 2017 3484 2074 ob
3516 2034 3660 2074 mer-

2078 2106 2264 2163 cedem
2298 2108 2485 2173 ullam,
2518 2122 2693 2177 neque
2728 2106 2976 2161 humana“:
3009 2107 3193 2177 glori-.e
3235 2122 3423 2171 causa,
3478 2124 3660 2179 neque

2079 2204 2139 2250 ιιι
2166 2196 2358 2252 alienis
2389 2197 2712 2267 corporibus
2758 2205 2813 2250 et
2862 2197 3061 2252 animis
3118 2198 3503 2263 inservientes,
3561 2199 3657 2255 sed

2079 2292 2340 2357 tanquam
2382 2286 2585 2341 Christi
2622 2288 2817 2351 servis,
2854 2295 2907 2342 et
2963 2288 3170 2343 nostris
3204 2289 3534 2355 visceribus,
3599 2299 3659 2345 ut

2050 2391 2276 2462 _,purum
2304 2384 2359 2432 et
2398 2376 2609 2434 fraudis
2661 2394 2858 2450 expers
2914 2394 3053 2449 opus
3114 2388 3365 2436 nostrum
3424 2379 3659 2437 Domino

2081 2474 2281 2538 pateat.
2312 2465 2482 2523 Nemo
2532 2478 2715 2524 autem
2781 2468 3209 2524 imbecillitatem
3269 2478 3533 2540 prmtexat
3588 2472 3655 2525 ad

2082 2557 2433 2615 honestarum
2467 2560 2742 2614 actionum
2773 2559 3037 2615 studium.
3092 2558 3246 2616 Nihil
3310 2562 3455 2617 enim
3513 2561 3661 2618 Deus

2082 2649 2350 2719 praecipit,
2387 2649 2532 2720 quod
2569 2651 2685 2705 fieri
2717 2666 2827 2705 non
2859 2651 3059 2721 possit;
3088 2651 3288 2722 quippe
3317 2667 3440 2707 cum
3469 2651 3653 2708 dicat:

2087 2757 2106 2791 ι
2133 2737 2328 2810 Siquis
2354 2741 2647 2812 praebuerit
2673 2742 2925 2812 poculum
2946 2750 3101 2812 aquae
3121 2741 3328 2813 frigida:
3351 2743 3407 2799 in
3438 2745 3658 2800 nomine

2081 2828 2358 2900 discipuli,
2388 2845 2547 2886 amen
2586 2830 2710 2886 dico
2743 2831 2922 2897 vobis,
2963 2847 3075 2887 non
3110 2836 3322 2888 amittet
3347 2836 3653 2891 mercedem

2082 2932 2236 2973 suam
2258 2918 2324 2974 “.
2369 2937 2389 2972 ι
2423 2916 2568 2985 Quid
2601 2920 2706 2974 hoc
2736 2921 2994 2977 mandato
3021 2921 3284 2978 facilius?
3308 2923 3477 2994 Atqui
3508 2940 3654 2979 mer-

2082 3023 2174 3066 ces
2214 3016 2325 3064 tam
2364 3009 2501 3067 levis
2536 3017 2592 3067 et
2622 3012 2893 3083 expeditae
2918 3028 3119 3083 operae,
3153 3015 3396 3071 caelestis
3428 3023 3533 3071 est.
3590 3015 3657 3070 Et

2082 3115 2320 3159 rursus:
2369 3119 2389 3155 ι
2431 3100 2683 3169 Quandiu
2722 3102 2934 3166 fecistis
2967 3106 3059 3160 uni
3089 3105 3158 3161 de
3201 3106 3309 3173 bis,
3344 3107 3479 3162 mihi
3524 3106 3657 3163 feci-

2084 3193 2187 3247 stis
2215 3192 2290 3249 ι’.
2348 3211 2368 3246 ι
2400 3191 2622 3250 Iussum
2678 3194 2898 3263 quidem
2930 3196 3186 3268 exiguum
3218 3209 3301 3254 est
3328 3215 3342 3264 ;
3373 3199 3657 3270 obtempe-

2087 3285 2281 3341 rantiae
2320 3299 2454 3341 vero
2492 3294 2733 3355 quaestus
2778 3287 2991 3359 ingens.
3049 3288 3230 3356 Quare
3261 3292 3407 3345 nihil
3460 3300 3658 3362 praeter

2088 3376 2232 3433 vires
2268 3378 2539 3448 exposcit.
2570 3376 2772 3434 Verum
2803 3380 2919 3436 sive
2962 3395 3209 3451 parvum,
3238 3383 3352 3438 sive
3400 3397 3656 3454 magnum

2085 3468 2216 3537 quid
2250 3467 2444 3537 facias,
2473 3469 2722 3539 sequitur
2750 3479 2802 3525 te
2827 3486 3037 3529 merces
3085 3487 3153 3528 ex
3184 3474 3488 3544 pr0posito.
3519 3473 3655 3528 Nam

2086 3558 2131 3612 si
2170 3558 2222 3612 in
2256 3559 2475 3615 nomine
2499 3569 2554 3616 et
2581 3560 2778 3618 timore
2806 3561 2901 3618 Dei
2933 3562 3046 3629 fiat,
3093 3564 3227 3619 illud
3258 3573 3313 3620 et
3337 3565 3484 3636 quod
3518 3567 3657 3636 eripi

2087 3662 2195 3703 non
2225 3647 2399 3717 possit
2428 3647 2633 3704 donum
2682 3651 2876 3717 venit;
2940 3650 3027 3706 sin
3065 3659 3245 3708 autem
3298 3654 3364 3707 ad
3411 3662 3658 3710 ostenta-

2085 3736 2308 3804 tionem,
2348 3737 2475 3794 audi
2519 3739 2801 3809 iurantem
2834 3740 3011 3810 ipsum
3066 3739 3392 3798 Dominum:
3428 3762 3446 3797 ι
3480 3744 3656 3800 Amen

2084 3828 2206 3884 dico
2249 3829 2426 3895 vobis,
2464 3839 2792 3900 receperunt
2824 3831 3131 3888 mercedem
3163 3848 3317 3888 suam
3345 3834 3411 3889 ⁸³,
3454 3856 3473 3888 ι
3534 3834 3655 3892 Jam

2083 3933 2150 3972 ne
2176 3919 2299 3989 quis
2337 3917 2439 3974 hoc
2470 3920 2805 3990 experiatur,
2833 3922 3078 3992 praecipit
3109 3923 3417 3994 discipulis,
3454 3935 3508 3981 et
3558 3942 3657 3996 per

2084 4008 2207 4065 illos
2236 4009 2393 4066 nobis
2415 4010 2463 4043 “
2493 4029 2507 4065 :
2541 4029 2561 4062 ‹
2621 4011 2809 4066 Videte
2843 4028 2913 4067 ne
2944 4013 3347 4085 eleemosynam
3387 4023 3652 4082 vestram,

2092 4109 2187 4155 aut
2214 4117 2405 4172 preces
2434 4111 2529 4158 aut
2552 4102 2821 4173 jejunium
2854 4104 3069 4163 faciatis
3099 4120 3282 4160 coram
3306 4106 3650 4163 hominibus:

2087 4192 2330 4263 alioquin
2387 4195 2698 4250 mercedem
2755 4211 2868 4251 non
2927 4196 3198 4253 habebitis
3255 4197 3395 4267 apud
3435 4195 3653 4254 Patrem

2081 4294 2352 4353 vestrum,
2386 4286 2478 4357 qui
2510 4285 2565 4341 in
2596 4286 2753 4345 caelis
2780 4295 2887 4345 est.
2925 4307 2945 4341 ι
2975 4286 3115 4345 Huic
3136 4287 3307 4369 gloria
3340 4289 3395 4344 in
3427 4291 3647 4348 saecula.

2079 4374 2272 4428 Arnen.
3606 4382 3609 4385 ’

488 4548 530 4579 δ’
556 4547 745 4601 Matth.
789 4565 840 4613 Χ,
884 4548 990 4614 42;
1029 4550 1190 4603 Marc.
1229 4565 1303 4612 Ix,
1338 4550 1424 4604 ΔΟ.
1502 4550 1547 4583 ⁸³
1572 4547 1759 4603 Matth.
1808 4564 1929 4614 xxv,
1961 4551 1982 4604 l

2124 4551 2169 4583 "'
2202 4550 2391 4606 Matth.
2434 4569 2506 4617 vt,
2539 4551 2594 4614 2,
2631 4553 2682 4607 5.
2759 4552 2956 4609 “ibid.
