4096 6354
435 351 548 410 307

1689 351 1744 406 S.
1789 349 2114 406 GREGORII
2154 349 2198 403 Ν
2206 347 2448 405 YSSENI

3593 343 3698 400 508

443 500 3674 533 tW

1623 693 1923 808 ΤΟΥ
2031 691 2524 808 ΑΥΤΟΥ

769 934 1061 1022 ΠΡΟΣ
1131 935 1421 1022 ΤΟΥΣ
1469 935 2243 1025 ΑΧΘΟΜΕΝΟΥΣ
2295 936 2540 1022 ΤΑΙΣ
2595 934 3342 1024 ΕΠΙΤΙΜΗΣΕΣΙ.

1752 1308 2389 1424 EJUSDEM

446 1546 1060 1642 ADVERSUS
1129 1534 1359 1642 EOS.
1436 1546 1651 1654 QUI
1723 1545 2662 1637 CASTIGATIONES
2734 1546 3081 1638 IEGBE
3172 1548 3691 1641 FERUNT.

1630 1733 1900 1803 (Gentiano
1921 1733 2144 1784 Herveto
2162 1733 2484 1796 interprete.)

515 2042 712 2100 Sermo
741 2039 836 2096 Dei
862 2053 928 2095 ac
962 2038 1108 2096 ratio
1139 2052 1267 2095 vere
1298 2035 1485 2094 divina
1517 2048 1608 2091 res
1631 2040 1718 2090 est
1749 2041 1804 2090 et
1832 2048 2012 2100 sacra,

2191 2031 2345 2085 Θεῖον
2371 2028 2586 2101 ἀληθῶς
2603 2030 2698 2086 ml
2719 2031 2863 2104 ἱερὸν
2888 2032 3076 2104 χρῆμα
3104 2033 3133 2086 ὁ
3156 2033 3311 2102 λόγος
3334 2033 3491 2100 Θεοῦ,
3515 2035 3698 2105 κτῆμα

441 2134 644 2190 eximia
681 2132 996 2206 possessio,
1042 2146 1154 2187 non
1186 2129 1408 2187 aliunde
1458 2128 1679 2192 adnata,
1742 2125 1838 2182 sed
1891 2139 2016 2180 cum

443 2235 638 2280 natura
690 2224 1001 2291 commista,
1052 2221 1259 2278 homini
1323 2234 1524 2276 munus
1556 2218 2017 2290 pretiosissimum

442 2318 514 2373 ab
545 2315 741 2387 opiﬁce
772 2316 828 2371 in
857 2331 982 2371 eum
1013 2314 1384 2371 descendens.
1417 2312 1607 2383 Itaque
1637 2319 1693 2367 et
1725 2310 1793 2366 ad
1822 2311 2020 2367 simili-

441 2409 690 2465 tudinem
725 2406 820 2464 Dei
880 2406 995 2466 fieri
1053 2407 1274 2462 dicitur.
1345 2406 1559 2461 Etenim
1592 2405 1696 2460 hoc
1748 2405 1914 2460 etiam
1949 2403 2018 2457 ab

442 2499 564 2555 aliis
591 2497 967 2553 animantibus
1001 2495 1202 2561 diﬂ‘ert,
1230 2503 1286 2551 et
1312 2495 1498 2550 divina
1529 2493 1768 2565 quadam
1813 2507 2021 2563 praero-

443 2590 624 2662 gativa
665 2588 1017 2660 peculiariter
1074 2586 1393 2658 insignitur,
1430 2586 1590 2640 valde
1650 2584 1854 2655 alioqui
1895 2584 2017 2640 aliis

442 2683 500 2737 in
533 2682 699 2738 rebus
749 2695 944 2752 magna
981 2695 1108 2736 cum
1168 2679 1473 2751 pecudibus
1521 2678 2019 2733 communicatione

443 2773 725 2844 prmditus.
754 2769 891 2826 Nam
919 2773 1206 2828 oculorum
1241 2770 1436 2842 figura,
1482 2777 1536 2825 et
1565 2770 1816 2840 corporis
1863 2784 2018 2824 com-

441 2866 666 2936 positio,
696 2881 999 2938 eorumque
1035 2873 1089 2920 et
1114 2879 1236 2936 quae
1265 2864 1332 2917 ad
1360 2870 1542 2918 cutem
1573 2870 1816 2927 exstant,
1859 2870 1914 2916 et
1962 2860 2016 2914 in

441 2963 635 3011 ventre
667 2955 904 3022 latitant,
937 2955 1215 3011 hominem
1251 2969 1361 3009 non
1399 2953 1730 3008 nobilitant:
1768 2952 2018 3021 quando-

443 3047 662 3117 quidem
690 3053 746 3103 et
779 3054 1092 3110 terrestres,
1131 3052 1186 3101 et
1221 3045 1511 3116 aquatiles,
1556 3051 1610 3098 et
1649 3044 1925 3108 volucres,
1965 3049 2019 3099 et

446 3152 640 3194 omnes
671 3137 910 3208 denique
934 3136 1242 3191 animantes
1293 3134 1510 3188 illorum
1545 3133 1843 3203 participes
1895 3147 2018 3187 cer-

442 3235 666 3282 nantur.
690 3226 806 3282 Hoc
839 3241 968 3284 vero
999 3226 1304 3297 principem
1343 3225 1587 3280 omnium
1612 3223 1764 3291 facit,
1810 3232 1864 3280 et
1892 3223 2020 3279 bea-

442 3319 721 3376 tissimum
759 3319 1140 3374 demonstrat:
1173 3333 1284 3388 quo
1323 3317 1549 3385 copiose
1609 3313 1756 3371 Deus
1809 3314 2017 3370 ditatus

441 3409 564 3480 ejus
594 3409 815 3479 paulum
844 3408 1006 3464 nobis
1055 3407 1370 3477 impertivit,
1397 3406 1455 3460 in
1506 3405 1700 3475 primis
1749 3411 1808 3459 ut
1863 3405 2017 3460 illum

442 3501 775 3563 intueamur,
803 3505 858 3552 et
885 3511 1251 3568 agnoscamus
1297 3511 1606 3551 sermonem
1648 3494 1923 3550 sermonis
1955 3508 2020 3549 ac

447 3587 679 3643 rationis
729 3587 1065 3658 largitorem,
1119 3597 1173 3641 et
1202 3587 1456 3658 religiose
1499 3585 1803 3640 serviamus
1845 3585 1894 3640 ei
1925 3586 2018 3656 qui

442 3686 556 3734 tam
588 3677 727 3734 bene
756 3693 858 3734 nos
904 3693 1003 3734 sua
1035 3679 1210 3748 ipsius
1255 3680 1432 3749 gratia
1479 3679 1849 3735 exornaverit.
1889 3677 2019 3734 Ser-

446 3785 611 3826 mone
644 3769 969 3841 rationeque
1003 3786 1106 3826 nos
1141 3771 1299 3841 longe
1329 3785 1562 3842 corpore
1603 3771 2014 3837 imbecilliores,

448 3860 708 3916 fortiores
745 3859 1067 3916 fortioribus
1099 3861 1440 3924 exsistimus,
1465 3869 1522 3916 et
1547 3861 1733 3916 omnia
1765 3862 2017 3917 servituti

448 3949 850 4019 mancipamus,
880 3963 945 4005 ac
966 3949 1090 4005 usui
1122 3950 1588 4020 nostrojubemus
1615 3951 2017 4008 obsecundare.

449 4038 530 4094 Ita
571 4045 762 4094 tauros
794 4039 1107 4103 domamus,
1139 4050 1194 4094 et
1225 4039 1360 4110 jugo
1394 4039 1743 4110 subiicimus,
1788 4049 2020 4097 terram-

449 4143 558 4200 que
602 4127 801 4187 aratris
848 4127 1203 4199 proscindere
1264 4144 1613 4198 apparamus,
1661 4144 1727 4185 ac
1788 4133 2020 4187 celerem

446 4235 647 4292 equum
690 4220 863 4276 frenis
899 4222 1326 4292 comprimentes
1345 4221 1687 4278 obedientem
1735 4222 2020 4286 habemus,

448 4321 503 4369 et
530 4312 746 4368 tardum
781 4312 998 4368 asinum
1053 4312 1294 4370 fustibus
1348 4315 1740 4384 compellentes
1789 4314 2023 4372 facimus

447 4401 790 4468 celeriorem,
821 4402 1100 4474 durasque
1132 4404 1311 4458 mulas
1353 4404 1606 4459 vehicula
1635 4406 1852 4461 trahere
1897 4421 2025 4462 one.

448 4509 618 4566 raque
655 4493 902 4565 bajulare
933 4494 1180 4565 cogimus
1207 4510 1222 4559 ;
1255 4493 1670 4565 elephantorum
1723 4511 1855 4552 vero
1887 4496 2024 4552 cffu-

449 4599 570 4643 sam
599 4585 847 4655 corporis
867 4584 1086 4652 molem,
1119 4600 1184 4640 ac
1212 4586 1551 4641 camelorum
1584 4588 2018 4659 magnitudinem

2120 2123 2419 2197 ἐξαίρετον,
2457 2122 2557 2177 οὐκ
2602 2123 2824 2178 ἄλλοθεν
2856 2123 3308 2196 προσγενόμενον,
3337 2124 3471 2178 ἀλλά
3505 2141 3690 2193 συγκε-

2119 2215 2390 2287 κραμένον
2431 2217 2498 2286 τῇ
2560 2213 2741 2284 φύσει,
2806 2214 3079 2288 ἀνθρώπῳ
3148 2216 3318 2286 δῶρον
3373 2215 3699 2287 τιμιώτατον

2120 2307 2272 2379 παρά
2296 2305 2391 2360 τοῦ
2425 2307 2928 2378 δημιουργήσαντος
2972 2308 3052 2372 είς
3081 2307 3243 2362 αὐτὸν
3276 2305 3449 2362 ἐλθόν.
3479 2308 3571 2361 Διὸ
3607 2309 3696 2360 ml

2119 2399 2240 2452 καθ’
2265 2398 2523 2468 ὁμοίωσιν
2554 2396 2691 2451 Θεοῦ
2720 2397 3045 2468 γεγενῆσθαι
3071 2396 3313 2466 λέγεται.
3350 2397 3537 2469 Τούτῳ
3569 2397 3700 2466 γοῦν

2118 2491 2231 2560 ἔχει
2271 2488 2364 2542 ml
2406 2487 2544 2560 πρὸς
2575 2489 2644 2543 τά
2687 2489 2822 2544 ἄλλα
2853 2489 2967 2552 ζῶα
3011 2489 3109 2560 τὴν
3145 2489 3431 2561 διαφορὰν,
3477 2491 3572 2544 ml
3621 2489 3700 2560 τῷ

2119 2581 2340 2634 θεοειδεῖ
2372 2581 2803 2650 πλεονεκτήματι
2849 2580 3156 2643 ἰδιαζόντως
3197 2579 3696 2650 χαρακτηρίζεται,

2121 2672 2327 2744 σφόδρα
2351 2674 2464 2735 τοῖς
2496 2671 2676 2733 ἄλλοις
2712 2671 2911 2741 πολλὴν
2938 2670 3075 2740 ἔχων
3114 2670 3214 2741 τὴν
3247 2673 3532 2725 κοινωνίαν
3563 2671 3699 2742 πρὸς

2117 2764 2189 2818 τά
2219 2764 2558 2836 βοσκήματα.
2611 2763 2932 2833 Ὀφθαλμῶν
2966 2764 3074 2834 γὰρ
3117 2763 3305 2828 τύπος,
3345 2765 3438 2818 ml
3483 2765 3699 2834 σαρκῶν

2118 2856 2421 2922 διάπλασις,
2462 2856 2571 2910 τῶν
2610 2873 2671 2910 τε
2720 2856 2812 2910 ἐπὶ
2840 2856 2940 2926 τῆς
2977 2855 3317 2925 ἐπιφανείας,
3356 2857 3450 2910 καὶ
3498 2856 3606 2910 τῶν
3639 2858 3698 2912 ἐν

2119 2947 2316 3018 γαστρὶ
2362 2945 2791 3018 κρυπτομένων,
2835 2947 2896 3001 οὐ
2950 2947 3202 3018 σεμνύνει
3244 2947 3335 3000 τὸν
3372 2947 3692 3017 ἀνθρωπονο

2120 3038 2306 3110 ἐπειδὴ
2337 3039 2430 3092 ml
2462 3039 2518 3091 ἐν
2552 3038 2848 3110 χερσαίοις,
2880 3038 2971 3092 ml
3013 3037 3252 3109 ἐνύδροις
3273 3078 3286 3100 ,
3327 3038 3421 3090 ml
3453 3040 3693 3108 πτηνοῖς,

2120 3131 2213 3184 καὶ
2239 3132 2402 3183 πᾶσιν
2430 3127 2618 3192 άπλῶς
2647 3127 2807 3193 ζώοις
2831 3130 2864 3200 ή
2894 3129 3116 3183 ἐκείνων
3141 3128 3394 3200 μετουσία
3418 3127 3695 3198 βλέπεται.

2119 3221 2288 3275 Τοῦτο
2318 3221 2376 3275 δὲ
2403 3223 2646 3293 ἡγεμόνα
2667 3221 2774 3274 τῶν
2803 3221 3019 3275 πάντων
3049 3223 3213 3287 ποιεῖ,
3242 3221 3336 3274 ml
3362 3219 3696 3292 μακαριστὸν

2120 3313 2500 3366 ἀποδείκνυσιν
2521 3329 2533 3343 ·
2557 3313 2695 3384 ὅπερ
2722 3312 2854 3375 Θεὸς
2883 3312 3021 3383 ἔχων
3051 3312 3340 3377 πλουσίως,
3364 3313 3543 3381 ὀλίγον
3567 3316 3697 3386 ήμῖν

2121 3403 2442 3474 ἐχαρίσατο,
2481 3403 2568 3456 ἵνα
2600 3402 2816 3474 πρῶτον
2848 3405 3051 3457 ἐκεῖνον
3095 3401 3407 3474 βλέπωμεν,
3435 3406 3531 3458 καὶ
3557 3422 3700 3473 γνω-

2124 3494 2360 3566 ρίζωμεν
2390 3494 2546 3562 λόγον
2568 3495 2661 3548 τοῦ
2691 3495 2852 3564 λόγου
2875 3495 3094 3566 δοτῆρα,
3120 3496 3213 3549 ml
3240 3495 3588 3568 λατρεύωμεν
3617 3495 3696 3568 τῷ

2119 3583 2290 3648 οῦτως
2323 3586 2470 3655 ἡμᾶς
2501 3584 2681 3649 καλῶς
2717 3587 2784 3656 τῇ
2833 3584 2939 3656 ἰδίᾳ
2977 3588 3457 3658 κατακοσμήσαντι
3491 3587 3692 3658 χάριτι.

2121 3675 2220 3729 Διά
2239 3674 2428 3744 λόγους
2458 3675 2713 3746 ίσχύομεν
2740 3675 2848 3729 τῶν
2881 3676 3117 3748 ἰσχυρῶν
3145 3677 3306 3731 πλέον
3334 3676 3579 3742 ἀσθενεῖς
3609 3677 3698 3731 6v-

2119 3785 2211 3831 τες
2240 3767 2302 3821 τὸ
2331 3769 2510 3839 σῶμα,
2537 3769 2630 3823 ml
2657 3769 2832 3823 πάντα
2855 3769 3203 3840 δουλούμεθα,
3230 3771 3324 3823 καὶ
3352 3771 3470 3832 ταῖς
3500 3769 3700 3840 ήμετέ-

2124 3878 2245 3932 ραις
2283 3861 2666 3930 ὑπηρετεῖσθαι
2699 3861 2911 3932 χρείαις
2945 3861 3254 3932 κελεύομεν.
3285 3861 3441 3916 Οὕτω
3466 3861 3699 3934 ταύρους

2120 3951 2428 4022 δαμάζομεν
2455 3953 2548 4006 ml
2577 3952 2858 4023 ὑπάγομεν
2883 3951 2960 4023 τῷ
2988 3951 3158 4022 ζυγῷ,
3188 3951 3283 4006 ml
3311 3952 3412 4023 γῆν
3444 3952 3715 4025 ἀρότροις,

2121 4045 2441 4116 ἀνατέμνειν
2470 4041 2956 4116 παρασκευάζομεν
2977 4083 2992 4110 ,
3038 4044 3129 4098 ml
3169 4044 3333 4096 ἵππον
3375 4045 3546 4114 ταχὺν
3588 4047 3698 4107 τοῖς

2120 4133 2332 4203 ψαλίοις
2363 4133 2726 4204 κατάγχοντες
2759 4132 2954 4203 ἔχομεν
2981 4130 3227 4202 εὐπειθῆ,
3261 4131 3354 4185 ml
3378 4131 3468 4184 τὸν
3498 4130 3698 4202 βραδὺν

2122 4226 2240 4279 ὄνον
2295 4227 2407 4288 τοῖς
2459 4224 2712 4296 ῥοπάλοις
2761 4225 3074 4292 ἐπείγοντες
3118 4221 3376 4294 ποιοῦμεν
3410 4222 3695 4294 ὀξύτερον,

2123 4314 2336 4379 καὶτὰς
2368 4315 2607 4387 σκληράς
2642 4315 2896 4386 ἡμιόνους
2927 4315 3177 4386 ὀχήματα
3205 4314 3385 4369 ἕλκειν
3417 4314 3512 4369 καὶ
3539 4315 3700 4384 ἀχθο-

2125 4408 2308 4478 φορείν
2335 4405 2714 4477 ἀναγκάζομεν
2734 4423 2749 4437 ο
2779 4406 3084 4474 ἐλεφάντων
3113 4405 3172 4461 δὲ
3197 4405 3297 4476 τὴν
3326 4408 3700 4478 ἐκκεχυμὲνην

2125 4497 2515 4568 πολυσαρκίαν,
2563 4499 2656 4552 ml
2702 4498 2961 4569 καμήλων
3009 4497 3069 4551 τὸ
3117 4497 3345 4568 μέγεθος
3378 4499 3700 4570 εὐμηχάνως

2126 4589 2261 4660 πρὸς
2281 4589 2341 4642 τὸ
2359 4588 2549 4644 δοκοῦν
2573 4588 3086 4661 μεταχειριζόμεθα.
3122 4589 3402 4644 Ἐντεῦθεν
3421 4591 3518 4644 ml
3538 4591 3700 4661 βάθος

450 4677 522 4732 ad
561 4676 616 4732 id
663 4675 808 4746 quod
857 4676 1036 4747 placet
1101 4675 1249 4731 facili
1310 4685 1429 4733 arte
1483 4679 1845 4736 traducimus.
1881 4679 2020 4735 Hinc

2128 4679 2517 4751 περαιούμεθα,
2555 4681 2649 4734 καὶ
2681 4679 2859 4752 μικρῷ
2897 4680 3038 4750 ξύλῳ
3072 4679 3164 4734 διὰ
3193 4680 3587 4753 κυϐερνητικῆς
3631 4681 3700 4734 τὰ

449 4765 614 4822 etiam
643 4765 809 4822 maris
838 4763 1171 4834 profundum
1202 4763 1530 4835 trajicimus,
1566 4775 1622 4822 et
1655 4768 1853 4837 exiguo
1875 4767 2020 4838 ligno

2122 4772 2300 4840 ἄφατα
2341 4770 2450 4824 τῶν
2483 4770 2736 4839 πελαγῶν
2777 4769 3133 4842 ἐφοδεύομεν,
3193 4771 3287 4825 καὶ
3327 4772 3426 4841 τῆς
3471 4770 3699 4840 πορείας

452 4854 664 4912 ratione
699 4855 1039 4925 gubernante
1060 4856 1285 4926 pelagus
1324 4855 1658 4914 immensum
1701 4857 2021 4924 lustramus,

451 4955 653 5002 etcum
681 4943 896 5001 itineris
926 4945 1076 5002 illius
1104 4941 1382 5003 indicibus
1408 4949 1608 5004 amotis
1640 4965 1671 5004 c
1720 4959 2024 5020 conspectu

452 5045 616 5095 terra:
646 5036 906 5136 abiimus,
955 5037 1274 5095 caelestibus
1309 5039 1485 5111 signis
1540 5049 1660 5096 tuto
1715 5043 2024 5112 proﬁcisci-

453 5144 597 5195 mur,
634 5131 898 5185 ac‘nauta
934 5144 998 5185 ea
1028 5131 1168 5186 duce
1203 5131 1307 5187 iter
1371 5132 1522 5202 facit,
1565 5142 1625 5189 ut
1662 5135 1820 5191 stella
1883 5135 2024 5207 Magi

452 5221 816 5277 ducebantur.
855 5221 992 5278 ϐωιὶ
1031 5229 1213 5277 autem
1244 5223 1561 5280 latitudines
1613 5233 1666 5279 et
1710 5225 2025 5282 conforma-

451 5310 631 5367 tiones
656 5318 886 5382 repertae
914 5319 1065 5379 sunt,
1087 5321 1141 5367 et
1169 5314 1452 5368 stellarum
1483 5314 1801 5381 multitudo,
1833 5326 1890 5372 et
1915 5333 2024 5389 qua

453 5415 684 5470 quasque
702 5401 774 5457 sit
809 5401 1204 5472 magnitudine,
1250 5419 1469 5476 quoque
1507 5391 1818 5473 intervallo,
1863 5407 2025 5464 item-

453 5507 560 5562 que
581 5492 724 5546 lunze
769 5491 966 5564 ﬁgura,
999 5501 1055 5549 et
1085 5496 1216 5565 quid
1257 5499 1360 5552 soli
1409 5498 1645 5564 accidat,
1673 5500 1822 5570 quod
1852 5501 2024 5560 certis

454 5582 784 5655 quibusdam
837 5585 1174 5655 temporibus
1225 5588 1438 5642 radium
1496 5589 1844 5659 abscondat;
1907 5593 2024 5663 jam

451 5687 584 5728 vero
647 5673 715 5729 de
766 5681 911 5729 terra
966 5689 1183 5747 quoque
1222 5686 1496 5735 commota
1549 5682 2022 5753 philosophamur,

453 5766 657 5838 quique
683 5765 776 5822 ﬁat
805 5773 864 5823 ut
895 5769 1241 5826 naturalibus
1265 5771 1444 5828 soluta
1481 5771 1841 5832 firmamentis
1872 5775 2022 5847 ipsa-

2123 4861 2335 4933 ἐκείνης
2370 4862 2466 4914 οὐκ
2497 4861 2710 4933 ἔχοντες
2750 4860 3012 4931 σύμὸολα,
3044 4861 3172 4914 ὅταν
3217 4860 3320 4930 γῆν
3371 4859 3699 4932 ἀποκρύψω-

2126 4970 2224 5023 μεν
2243 4993 2259 5018 ,
2305 4955 2416 5015 τοῖς
2457 4953 2578 5005 κατ’
2623 4949 2850 5022 οὐρανὸν
2906 4951 3151 5022 σημείοις
3189 4949 3445 5020 ἀσφαλῶς
3472 4949 3697 5021 ὁδηγού-

2127 5042 2296 5114 μεθα,
2319 5043 2411 5096 ml
2437 5043 2622 5110 ὁδηγεῖ
2647 5041 2738 5095 τὸν
2765 5041 2966 5113 ναύτην
2994 5042 3069 5106 ὼς
3095 5041 3219 5105 τοὺς
3247 5041 3468 5109 Μάγους
3495 5041 3694 5112 ἀστήρ.

2125 5133 2366 5207 Οὐρανοῦ
2393 5134 2450 5186 δέ
2477 5133 2654 5204 πλάτη
2686 5133 2778 5186 καὶ
2805 5134 3060 5204 σχήματα
3086 5131 3344 5204 ἐξευρέθη
3375 5133 3468 5186 ml
3495 5130 3697 5202 πλῆθος

2123 5227 2386 5297 ἀστέρων,
2414 5225 2508 5278 ml
2533 5225 2680 5288 ὅπως
2721 5224 2950 5288 ἕκαστος
2993 5223 3259 5294 μεγέθους
3279 5223 3391 5293 ἔχει
3410 5262 3425 5288 ,
3451 5223 3544 5276 ml
3582 5222 3700 5277 δια-

2125 5317 2417 5387 στήματος,
2440 5315 2536 5370 ml
2555 5315 2656 5386 τῆς
2679 5314 2909 5386 σελήνης
2936 5313 3257 5385 σημείωσις,
3281 5313 3375 5366 ml
3399 5311 3450 5365 τί
3477 5312 3700 5381 πάσχων

2123 5412 2153 5464 ὁ
2179 5409 2328 5480 ἥλιος
2360 5407 2503 5462 κατά
2521 5423 2672 5470 τινας
2708 5407 2932 5478 χρόνους
2963 5405 3062 5476 τὴν
3095 5405 3289 5460 ἀκτῖνα
3326 5402 3660 5457 καλύπτεται
3682 5419 3698 5434 ο

2129 5501 2232 5572 ήδη
2263 5499 2317 5553 δὲ
2346 5499 2437 5553 καὶ
2458 5498 2597 5552 κατά
2619 5497 2723 5568 γῆς
2755 5497 3074 5567 κινουμένης
3103 5495 3520 5566 φιλοσοφοῦμεν,
3554 5495 3700 5559 ὅπως

2130 5590 2364 5662 λυομένη
2394 5589 2500 5642 τῶν
2527 5587 2771 5658 φυσικῶν
2805 5586 3144 5658 ἐρεισμάτων
3167 5587 3305 5657 αὐτή
3337 5603 3397 5639 τε
3423 5584 3700 5656 ἀναϐράσ-

2134 5701 2307 5749 σεται,
2339 5682 2434 5737 καὶ
2460 5682 2586 5745 τοὺς
2615 5679 2866 5743 ἐποίκους
2891 5680 3030 5749 μετά
3055 5678 3164 5730 τῶν
3193 5676 3552 5746 ἐπικειμένων
3580 5674 3700 5730 κλο-

2132 5781 2228 5833 νεῖ.
2259 5774 2551 5846 Συμϐόλοις
2575 5773 2631 5826 δέ
2655 5773 2763 5836 τοῖς
2785 5769 3324 5842 παρατετηρημένοις
3349 5770 3443 5823 καὶ
3465 5767 3699 5839 αὐχμοὺς
