4096 6354
382 335 480 388 3H

1649 328 1713 385 S.
1748 327 2080 386 GREGORII
2117 326 2411 392 NYSSKNI

3537 321 3642 376 5|!

385 444 582 500 stolida
638 453 936 512 attetitans,
986 445 1081 503 sed
1133 445 1366 518 primam
1419 445 1650 518 graphio
1698 447 1752 502 in
1808 448 1999 508 notis,

2103 446 2226 516 ίγει,
2260 445 2374 500 ἀλλ’
2405 444 2551 516 άπερ
2594 445 2828 516 ἤκουσε·
2864 442 3028 496 παντὶ
3053 441 3111 496 δὲ
3145 440 3335 515 τρόπῳ
3379 434 3474 495 καὶ
3503 439 3644 508 λόγῳ

387 537 738 608 praeceptoris
759 552 981 593 manum
1009 546 1252 606 exercet,
1285 538 1510 595 nomina
1548 554 1680 594 vero
1709 553 1818 592 non
1849 538 1957 591 alia

388 642 453 680 ex
496 627 782 684 elementis
828 627 1038 698 colligit
1085 643 1248 699 quam
1300 643 1366 683 ea
1403 643 1526 698 qua:
1577 627 1808 692 audivit,
1863 625 1959 681 sed

390 717 540 771 omni
572 717 753 784 modo,
795 720 1008 775 ratione
1038 732 1102 774 ac
1134 733 1297 788 opera
1328 719 1577 790 magistri
1611 717 1961 772 traditionem

393 808 658 864 imitatur.
690 809 846 876 Quod
877 811 922 868 si
957 812 1177 882 quando
1206 811 1568 882 negiigentius
1607 810 1737 880 quid
1767 810 1960 880 egerit,

394 899 540 956 cutis
601 900 723 971 ejus
757 902 1081 958 verberibus
1135 902 1424 970 adiciatur,
1462 903 1638 974 plagis
1668 910 1964 957 contumax

397 1006 507 1044 non
541 990 792 1055 edicitur,
830 1008 1006 1063 neque
1039 993 1328 1065 perfractis
1379 994 1594 1050 tabellis
1645 1009 1676 1047 a
1708 995 1968 1064 magistro

397 1082 533 1146 abit,
561 1081 657 1138 sed
693 1083 1010 1153 aliquandiu
1039 1083 1217 1141 dolori
1242 1099 1459 1142 amaras
1489 1085 1765 1142 instillans
1796 1086 1969 1156 lacry-

400 1190 540 1238 mas,
571 1176 878 1247 disciplinis
911 1178 1256 1244 adlucrescit,
1283 1185 1644 1248 versaturque
1677 1179 1856 1233 acrior
1913 1178 1970 1232 in

401 1266 778 1332 meditatione,
808 1284 918 1324 non
943 1276 1124 1324 autem
1153 1269 1513 1342 negligentior
1559 1269 1762 1325 evadit.
1822 1270 1971 1326 Alias

403 1373 620 1414 rursum
657 1359 702 1416 si
737 1367 995 1431 tanquam
1030 1360 1248 1430 juvenis
1295 1375 1360 1415 ac
1400 1376 1575 1418 novus
1629 1377 1822 1433 parum
1859 1378 1972 1417 rem

403 1453 580 1512 curet,
617 1460 650 1502 a
690 1447 830 1505 cibis
877 1449 1156 1505 abstinere
1201 1449 1446 1520 iubetur,
1495 1458 1550 1506 et
1606 1450 1769 1505 famis
1811 1464 1974 1520 pinna

406 1548 627 1609 propter
657 1540 967 1596 socordiam
1009 1540 1339 1598 damnatur:
1395 1551 1676 1614 permanet
1731 1560 1861 1600 vero
1919 1544 1976 1599 in

408 1630 538 1686 ludo
558 1631 723 1687 etiam
756 1633 931 1700 solus,
963 1633 1086 1690 aliis
1123 1634 1190 1690 ad
1243 1635 1532 1706 prandium
1566 1635 1977 1692 discedentibus

2065 538 2161 592 καὶ
2201 537 2348 609 ἔργῳ
2394 539 2640 609 μιμεῖται
2679 533 2776 588 τοῦ
2824 533 3135 606 καθηγητοῦ
3180 533 3279 606 τὴν
3323 532 3642 604 παράδοσιν.

2070 629 2167 683 Ἂν
2190 628 2248 682 δέ
2284 645 2386 683 που
2414 630 2509 682 καὶ
2547 626 2870 700 ῥαθυμῆσαν
2901 625 3360 697 ἀποτυμπανισθῇ
3391 625 3471 696 τῷ
3516 621 3645 677 σκύ-

2067 737 2171 784 τει,
2205 720 2268 774 οὐ
2294 719 2620 790 θρασύνεται
2649 720 2716 790 τῇ
2753 717 2934 788 πληγῇ
2955 758 2970 783 ,
3002 717 3125 770 οὐδὲ
3169 716 3268 780 τὰς
3311 716 3530 780 δέλτους
3569 711 3646 783 τῷ

2069 808 2370 878 διδασκάλῳ
2395 805 2734 879 περιρρῆξαν
2762 806 3058 876 ἀποφοιτᾷ·
3093 803 3207 858 ἀλλ’
3249 806 3336 858 ἐπ’
3363 804 3543 872 ὀλίγον
3581 803 3647 872 τῇ

2071 899 2324 971 ἀλγηδόνι
2357 899 2550 972 πικρὸν
2583 897 2879 962 ἑπιστάξαν
2910 897 2970 950 τὸ
3007 897 3274 969 δάκρυον,
3319 893 3501 967 ἔχεται
3543 895 3650 947 τῶν

2077 991 2435 1064 μαθημάτων,
2456 990 2549 1044 καὶ
2573 988 2967 1060 συντονώτερον
2993 1006 3059 1042 πε
3066 989 3121 1060 pi.
3141 988 3238 1060 τὴν
3263 987 3514 1058 μελέτην,
3537 987 3651 1041 ἀλλ’

2075 1084 2174 1138 οὐκ
2197 1083 2560 1155 ἀμελέστερον
2594 1082 2822 1151 γίνεται.
2871 1082 3091 1135 Ἀλλοτε
3126 1079 3285 1135 πάλιν
3317 1079 3652 1152 ὀλιγωρήσας

2075 1175 2152 1238 ὡς
2178 1175 2318 1239 νέος,
2354 1174 2634 1229 κελεύεται
2660 1175 2840 1245 μένειν
2868 1174 3147 1237 ἀπόσιτος,
3172 1173 3268 1227 καὶ
3293 1170 3374 1243 τῷ
3395 1170 3539 1242 λιμῷ
3556 1170 3654 1238 τὴν

2081 1266 2353 1338 ρᾳθυμίαν
2390 1265 2832 1331 καταδικάζεται.
2877 1264 3189 1336 Παραμένει
3215 1264 3272 1317 δὲ
3299 1263 3376 1334 τῷ
3404 1262 3645 1315 διδασκα-

2079 1362 2207 1433 λείῳ
2245 1362 2339 1415 καὶ
2375 1361 2552 1433 μόνος,
2592 1360 2700 1414 τῶν
2738 1361 2916 1416 ἄλλων
2947 1358 3154 1412 παίδων
3187 1356 3657 1428 ἀναχωρησάντων

2083 1453 2169 1507 ἐπ’
2219 1452 2459 1525 ἄριστον,
2507 1451 2692 1524 τηρῶν
2746 1452 2809 1505 τὸ
2873 1451 3200 1522 πρόσταγμα
3257 1449 3356 1503 σὺν
3405 1445 3660 1516 εὐλαϐείᾳ

2085 1543 2274 1616 πολλῇ.
2337 1545 2397 1598 '0
2447 1542 2771 1616 Χριστιανὸς
2817 1542 2874 1596 δὲ
2923 1541 3021 1611 οὐχ
3073 1539 3268 1606 οὕτως,
3317 1540 3346 1593 ὀ
3397 1537 3656 1601 ἀκούσας,

2091 1655 2112 1690 ι
2153 1637 2250 1689 Ἀν
2288 1636 2361 1708 μὴ
2400 1637 2674 1708 στραφῆτε
2714 1635 2808 1689 καὶ
2849 1632 3080 1704 γένησθε
3128 1632 3204 1696 ὡς
3244 1632 3313 1685 τὰ
3361 1629 3567 1694 παιδία,
3597 1628 3658 1681 οὐ

409 1711 618 1789 pueris,
650 1729 982 1793 praeceptum
1011 1725 1266 1796 religiose
1287 1726 1608 1782 observans.
1629 1725 1981 1783 Christianus

2103 1728 2166 1798 αὴ
2191 1727 2467 1798 εἰσέλθητε
2501 1729 2584 1791 είς
2609 1726 2706 1797 τὴν
2734 1725 3010 1795 βασιλείαν
3039 1724 3148 1778 τῶν
3171 1721 3411 1794 οὐρανῶν
3435 1738 3450 1754 ο
3487 1740 3506 1774 ι
3548 1720 3660 1776 ἀλλ’

411 1819 596 1867 autem
626 1828 736 1869 non
767 1815 872 1879 sic,
905 1815 999 1885 qui
1030 1815 1246 1871 audivit
1297 1824 1500 1882 tamen,
1531 1835 1551 1869 ι
1591 1816 1708 1872 Nisi
1749 1832 1980 1874 conver-

2103 1823 2208 1874 ἱταν
2250 1818 2648 1890 αὐστηρότερον
2680 1819 2765 1890 ἴδῃ
2794 1817 2885 1870 τὸν
2932 1815 3082 1888 ἱερέα
3117 1816 3356 1886 σχήματι
3386 1813 3480 1866 καὶ
3510 1813 3659 1881 φωνῇ

411 1903 628 1967 tamini,
684 1911 741 1959 et
788 1906 944 1975 quasi
997 1907 1161 1977 puelli
1216 1906 1392 1972 ﬁatis,
1454 1923 1565 1964 non
1614 1909 1889 1966 intrabitis
1926 1909 1982 1964 in

415 2007 644 2063 regnum
669 1993 934 2050 caelorum
962 1996 1003 2050 ί.
1041 2013 1060 2048 ι
1107 1996 1214 2053 Sed
1243 1999 1292 2053 si
1329 1999 1553 2068 quando
1605 2000 1855 2069 asperius
1896 2015 1986 2056 sa-

413 2084 689 2141 cerdotem
722 2087 907 2157 specie
945 2102 1012 2144 ac
1039 2103 1174 2144 voce
1203 2090 1565 2162 corrigentem
1591 2101 1833 2147 erratum
1863 2107 1987 2162 per-

414 2175 642 2246 ceperit,
687 2177 864 2248 palam
907 2179 1256 2246 contradicit,
1305 2189 1362 2238 et
1405 2182 1550 2238 inter
1593 2182 1786 2239 dentes
1836 2171 2006 2237 mur?

420 2274 626 2332 murat,
655 2275 706 2324 et
743 2269 1074 2325 circumiens
1095 2270 1273 2326 forum
1295 2287 1359 2327 ac
1385 2273 1594 2342 plateas
1626 2273 1986 2329 conviciatur.

417 2356 485 2412 Et
508 2357 556 2414 si
586 2359 655 2414 ab
683 2360 920 2416 ecclesia
952 2361 1297 2428 excludatur,
1328 2363 1630 2421 orationem
1662 2366 1986 2430 contemnit,

421 2465 480 2503 se
512 2463 637 2505 cum
670 2465 699 2503 a
729 2450 951 2520 populo,
979 2457 1098 2507 tum
1128 2467 1159 2508 a
1197 2455 1470 2526 mysteriis
1508 2455 1631 2511 sine
1677 2457 1788 2510 ulla
1822 2455 1990 2512 dissi-

422 2539 718 2596 mulatione
774 2540 1093 2610 abducens;
1155 2550 1250 2598 aut
1287 2543 1429 2599 forte
1493 2560 1564 2600 ne
1608 2544 1737 2600 huic
1771 2545 1990 2615 quidem

423 2629 695 2700 supplicio
758 2630 1032 2698 addictus,
1066 2647 1126 2689 se
1153 2633 1224 2689 ab
1272 2632 1506 2690 ecclesia
1545 2635 1853 2702 submovet,
1913 2640 1993 2691 ira

423 2728 616 2775 contra
645 2726 964 2793 episcopum
988 2731 1321 2788 commotus,
1345 2739 1409 2780 ac
1436 2724 1604 2782 Deum
1628 2733 1684 2781 et
1704 2726 1992 2782 Dominum

426 2820 734 2865 aversatus.
797 2809 904 2866 Sed
964 2811 1239 2882 ejusmodi
1307 2813 1516 2869 homini
1571 2815 1861 2870 dicendum
1913 2827 1998 2872 est

427 2898 573 2967 quod
605 2896 799 2966 Paulo,
824 2913 949 2955 cum
970 2899 1151 2958 adhuc
1185 2901 1387 2958 Saulus
1415 2911 1585 2969 esset,
1645 2905 1852 2962 dictum
1889 2914 1995 2973 est,

432 3008 454 3041 ι
487 2989 692 3047 Durum
728 2991 825 3047 tibi
854 3001 958 3060 est,
993 3007 1028 3048 ο
1075 2993 1262 3060 homo,
1294 3001 1490 3050 contra
1523 2996 1775 3053 stimulos
1833 2999 1998 3054 calci-

430 3089 580 3138 trare
600 3084 622 3116 '
655 3099 670 3138 :
713 3101 734 3137 ι
766 3083 883 3140 sive
919 3099 949 3138 a
981 3083 1157 3156 teipse
1189 3084 1357 3141 Deum
1391 3087 1687 3152 dimiseris,
1747 3099 1998 3160 reputate

2083 1911 2459 1984 διορθούμενον
2490 1911 2552 1965 τὸ
2591 1910 2992 1980 πλημμέλημα,
3044 1904 3340 1978 προφανῶς
3370 1903 3660 1972 ἀντιλέγει,

2083 2005 2178 2060 καὶ
2199 2003 2290 2056 ὐπ’
2321 2004 2510 2058 ὀδόντα
2535 2001 2816 2071 γογγύζει,
2844 2002 2936 2055 καὶ
2963 1997 3296 2072 περινοστῶν
3323 1997 3422 2067 τὴν
3453 1995 3663 2065 ἀγοράν

2084 2099 2180 2154 καὶ
2205 2097 2274 2151 τά
2305 2095 2523 2166 ἀμφοδα
2555 2093 2895 2164 λοιδορεῖται.
2929 2090 3046 2144 Κᾶν
3074 2089 3174 2160 τῆς
3205 2087 3498 2158 ἐκκλησίας
3526 2087 3663 2139 ἀπο-

2086 2188 2333 2259 κλεισθῇ,
2382 2187 2716 2258 καταφρονεῖ
2755 2187 2856 2256 τῆς
2886 2183 3080 2254 εὐχῆς,
3111 2179 3530 2250 ἀπροσποιήτως
3569 2177 3662 2230 τοῦ

2086 2279 2216 2335 λαοῦ
2268 2279 2364 2333 καὶ
2401 2277 2508 2332 τῶν
2557 2275 2872 2348 μυστηρίων
2912 2271 3385 2344 ἀποτεμνόμενος·
3423 2269 3458 2342 ἢ
3504 2267 3667 2338 τυχὸν

2087 2371 2209 2426 οὐδὲ
2240 2367 2564 2438 ὑποϐληθείς
2593 2365 2764 2438 ταύτῃ
2808 2367 2876 2437 τῇ
2924 2364 3183 2435 τιμωρίᾳ,
3215 2363 3406 2418 ἑαυτὸν
3443 2359 3545 2430 τῆς
3573 2360 3667 2411 ὲκ·-

2089 2456 2318 2530 κλησίας
2346 2457 2573 2525 ἀπάγει,
2609 2453 2700 2509 διά
2727 2454 2827 2523 τὴν
2857 2452 3024 2525 ὀργὴν
3049 2452 3149 2524 τὴν
3179 2451 3316 2524 πρὸς
3337 2450 3427 2504 τὸν
3450 2448 3669 2504 ἐπίσκο-

2091 2565 2214 2614 πον,
2263 2547 2358 2601 καὶ
2399 2544 2490 2597 τὺν
2533 2543 2667 2596 Θεὸν
2713 2543 2806 2596 καὶ
2857 2544 3134 2611 Δεσπότην
3179 2537 3667 2612 ἀποστρεφόμενος.

2091 2639 2323 2693 Λεκτέον
2353 2638 2411 2691 δὲ
2437 2637 2515 2708 τῷ
2542 2635 2767 2706 τοιούτῳ
2795 2635 2853 2688 τὸ
2878 2634 3016 2706 πρὸς
3045 2632 3254 2688 Παῦλον
3279 2632 3486 2702 λεχθὲν,
3511 2629 3673 2700 ἡνίκα

2094 2730 2174 2784 ἔτι
2205 2727 2407 2792 Σαῦλος
2433 2727 2714 2798 ἐτύγχανεο
2745 2743 2766 2778 ι
2807 2724 3048 2795 Σκληρόν
3087 2740 3191 2786 σοι,
3227 2721 3501 2792 ἄνθρωπε,
3537 2719 3674 2788 πρὸς

2095 2820 2296 2892 κέντρα
2323 2817 2620 2881 λακτίζειν.
2663 2835 2683 2870 ι
2718 2817 2841 2870 Εῐτε
2877 2814 2986 2868 ἀπὸ
3021 2811 3218 2867 σαυτοῦ
3249 2811 3340 2866 τὸν
3365 2810 3498 2864 Θεὸν
3534 2809 3674 2878 ἀφῆ-

2096 2929 2218 2976 κας,
2252 2910 2467 2978 λόγισαι
2498 2909 2582 2962 ὅτι
2613 2909 2644 2961 ὀ
2672 2905 2769 2961 τοῦ
2798 2905 2948 2978 ἡλίου
2989 2902 3374 2975 χωριζόμενος,
3403 2902 3462 2953 έν
3495 2899 3677 2952 σκότει

2097 3002 2192 3055 καλ⁸
2219 2999 2368 3071 ζόφῳ
2387 2998 2562 3068 διάγει
2587 2998 2679 3051 τὸν
2722 2995 2836 3068 βίον
2859 3011 2874 3028 ο
2896 2995 3005 3050 εῐτε
3029 2992 3345 3064 ἀπεϐλήθης
3370 2989 3478 3044 τῶν
3503 2988 3678 3060 εὐχῶν

2098 3092 2176 3157 ὡς
2218 3092 2458 3157 ἀνάξιος,
2510 3088 2839 3146 ἀνακάλεσαι
2886 3090 2956 3159 τῇ
3009 3084 3267 3158 μετανοίᾳ
3311 3081 3409 3154 τὴν
3455 3079 3679 3153 πρώτην

432 3171 578 3240 quod
611 3173 704 3244 qui
737 3187 766 3226 a
804 3174 919 3231 sole
956 3175 1239 3247 sejunctus
1264 3187 1372 3243 est,
1417 3181 1482 3232 in
1515 3179 1758 3235 tenebris
1789 3187 1844 3233 et
1873 3182 1999 3235 cali-

2109 3183 2463 3237 κατάστασιν.

435 3261 562 3331 gine
603 3263 770 3317 vitam
823 3264 1008 3336 degit;
1058 3265 1175 3323 sive
1229 3269 1573 3327 orationibus
1635 3279 1696 3327 ut
1753 3273 2010 3346 indignus
2049 3275 2374 3333 interdictus
2421 3276 2522 3340 sis,
2594 3287 2692 3345 per
2729 3269 3107 3344 paenitentiam
3180 3264 3418 3336 primum
3474 3265 3681 3318 statum

436 3364 716 3410 revocato.

507 3447 654 3503 Nihil
692 3448 814 3504 falsi
841 3459 934 3505 aut
968 3451 1236 3508 mendacii
1269 3455 1534 3526 scriptum
1559 3465 1643 3512 est
1673 3457 1726 3512 in
1771 3457 2014 3530 Evange-

440 3536 554 3606 liis,
585 3555 764 3611 neque
788 3539 991 3597 Christi
1019 3543 1302 3613 praedictio
1321 3545 1524 3602 exitum
1557 3547 1804 3604 fallacem
1832 3550 2012 3606 habet.

440 3631 547 3685 Per
571 3629 792 3688 Petrum
830 3632 1103 3702 episcopis
1142 3633 1292 3689 dedit
1324 3635 1530 3692 clavem
1565 3638 1872 3694 caelestium
1913 3640 2015 3694 ho-

441 3734 674 3786 norum;
716 3733 953 3790 agnosce
991 3723 1140 3792 quod
1188 3725 1425 3791 solutus,
1470 3727 1683 3784 solutus
1724 3743 1804 3790 es.
1855 3737 1910 3784 et
1948 3729 2010 3784 li-

451 3819 612 3877 gatus
648 3809 884 3865 vinculis
908 3809 1278 3868 invisibilibus
1303 3816 1639 3873 constrictus
1673 3833 1754 3873 es.
1788 3817 1845 3872 Si
1866 3819 2012 3874 oculi

445 3897 546 3951 tibi
581 3904 769 3952 essent
823 3897 1026 3968 quibus
1087 3912 1346 3956 cerneres
1400 3903 1569 3960 animi
1623 3906 2012 3974 substantiam,

445 3987 793 4044 ostenderem
846 3988 946 4044 tibi
983 3988 1078 4059 qui
1124 4004 1157 4046 a
1211 3995 1598 4059 communione
1650 3995 1881 4053 abactus
1931 4015 2014 4066 es,

449 4079 688 4147 speciem
722 4078 1094 4147 condemnati,
1136 4083 1480 4153 gravissimis
1533 4087 1768 4143 vinculis
1805 4090 2020 4144 cervice

447 4167 715 4240 depressi,
759 4169 970 4226 nullum
1005 4173 1371 4228 membrorum
1397 4173 1631 4231 liberum
1663 4184 1758 4232 aut
1781 4179 2020 4235 solutum

448 4257 721 4316 habentis.
746 4261 927 4331 Atque
971 4260 1179 4318 utinam
1215 4278 1340 4318 cum
1379 4265 1488 4320 vita
1535 4269 1864 4338 supplicium
1911 4283 2022 4326 ter-

451 4351 755 4407 minaretur
781 4352 795 4406 l
830 4351 987 4407 Nunc
1016 4367 1146 4409 vero
1177 4353 1224 4408 si
1255 4354 1386 4425 quid
1417 4356 1715 4413 humanum
1756 4362 2021 4426 evenerit,

2181 3455 2350 3511 οὐδὲν
2410 3453 2603 3526 ψεῦδος
2659 3455 2717 3508 έν
2769 3450 3114 3520 Εὐαγγελιοις
3167 3463 3510 3518 γεγραπται,
3566 3443 3689 3498 οὐδὲ

2113 3547 2418 3619 πρόρρησις
2456 3545 2551 3600 τοῦ
2593 3542 2829 3616 Χριστοῦ
2867 3539 3210 3611 ὲσφαλμένην
3237 3537 3352 3608 ἔχει
3399 3535 3480 3607 τὴν
3527 3533 3690 3588 ἐκδα-

2117 3654 2220 3692 σιν.
2269 3637 2368 3690 Διά
2415 3636 2624 3708 Πέτρου
2665 3634 2833 3688 ἔδωκε
2875 3634 2988 3696 τοῖς
3018 3629 3336 3691 ἐπισκόποις
3377 3627 3476 3698 τὴν
3509 3625 3691 3679 κλεῖδα

2113 3727 2223 3781 τῶν
2250 3725 2588 3798 ἐπουρανίων
2616 3723 2790 3794 τιμῶν
2810 3737 2825 3752 ⁸
2857 3722 3090 3791 γίνωσκε
3131 3721 3214 3773 ὅτι
3243 3718 3422 3782 λυθεὶς
3449 3716 3687 3774 λέλυσαι.

2120 3818 2215 3871 καὶ
2266 3815 2440 3879 δεθεὶς
2490 3816 2604 3878 τοῖς
2649 3813 2900 3885 ἀοράτοις
2946 3811 3164 3882 δεσμοῖς
3215 3809 3584 3879 κατασφίγγῃ.
3630 3807 3694 3858 Εἰ

2121 3909 2429 3980 ὀφθαλμοὺς
2457 3903 2600 3978 εἶχες
2632 3904 2768 3977 πρὸς
2807 3903 2906 3974 τὴν
2941 3901 3128 3956 οὐσίαν
3164 3901 3264 3971 τῆς
3289 3899 3488 3970 ψυχῆς,
3521 3894 3696 3961 ἔδειξα

2123 4001 2189 4055 ἀν
2211 4017 2294 4054 σοι
2317 3999 2396 4069 τῷ
2423 3995 2787 4068 άφωρισμένῳ
2817 3993 3000 4064 σχῆμα
3021 3990 3508 4062 κατακεκριμένον,
3533 3988 3696 4060 βαρυ-

2124 4093 2309 4155 τάτοις
2354 4089 2573 4160 δεσμοῖς
2621 4087 2714 4140 τὸν
2765 4085 2968 4154 αὐχένα
3006 4082 3355 4152 πιεζομένου,
3389 4081 3539 4134 οὐδὲν
3589 4079 3697 4132 τῶν

2131 4181 2308 4254 μελῶν
2337 4179 2617 4249 ἐλεύθερον
2649 4177 2683 4247 ἢ
2710 4176 2896 4230 ἄνετον
2923 4173 3153 4243 ἔχοντος.
3175 4173 3285 4226 Καὶ
3309 4171 3420 4226 εἴθε
3449 4171 3526 4242 τῷ
3549 4171 3646 4241 βίῳ
3662 4173 3696 4240 ἡ

2127 4290 2179 4326 τι
2187 4273 2367 4344 μωρία
2381 4288 2448 4324 πε
2457 4268 2752 4341 ριωρίζετοί
2771 4269 2885 4322 νυνὶ
2897 4265 2951 4319 δὲ
2970 4265 3077 4340 [ἂν]
3087 4264 3182 4316 ἀνθ
3191 4262 3422 4334 ρὼπινόν
3433 4280 3484 4318 τι
3497 4279 3558 4316 συ
3567 4262 3698 4334 μδῇ,

2132 4364 2226 4417 καὶ
2252 4363 2445 4434 ἀθρόον
2471 4363 2722 4434 παραστῇ
2746 4363 2780 4432 ή
2805 4361 3050 4432 τελευτὴ,
3074 4362 3150 4424 ὡς
3174 4358 3414 4426 κλέπτης
3441 4357 3498 4409 ὲν
3523 4353 3698 4414 νυκτὶ,

449 4450 506 4496 et
537 4442 831 4513 derepente
882 4459 1032 4500 mors
1077 4448 1397 4515 accesserit,
1441 4456 1504 4503 ut
1539 4449 1682 4504 latro
1726 4452 1795 4508 de
1843 4461 1999 4509 nocte

2131 4453 2366 4523 γίνωσκε
2400 4453 2706 4507 κεκλεῖσθαί
2746 4469 2826 4505 σοι
2863 4451 2932 4505 τὰ
2963 4453 3096 4506 ἐκεῖ.
3137 4449 3446 4520 Ἑπιμελεῖς
3475 4447 3580 4499 είσι
3610 4443 3702 4497 καὶ

454 4534 598 4589 scito
621 4534 717 4588 tibi
753 4534 998 4590 occlusa
1031 4550 1154 4605 quae
1201 4536 1313 4591 illic
1362 4547 1493 4593 sunt
1539 4555 1691 4594 esse.
1733 4539 1998 4612 Diligente

2138 4542 2214 4613 μὴ
2250 4541 2568 4612 παιζόμενοι
2607 4541 2656 4594 oi.
2695 4541 2794 4610 τῆς
2835 4540 3108 4610 βασιλείας
3139 4537 3390 4609 θυρωροίο
3415 4534 3580 4604 δρῶσι
3603 4532 3702 4604 τὴν

457 4629 590 4678 sunt
623 4629 678 4678 et
702 4623 799 4694 qui
831 4638 941 4678 non
981 4625 1176 4681 ludant
1216 4625 1370 4683 illius
1423 4630 1576 4700 regni
1611 4630 1881 4700 janitores
1905 4649 1921 4697 ;
1946 4633 2030 4688 vi-

456 4713 587 4769 dent
615 4715 852 4768 animam
901 4717 1268 4788 separationis
1314 4726 1476 4776 notas
1517 4719 1803 4776 ferentem.
1848 4721 2017 4788 Quasi

455 4807 749 4877 quemdam
800 4805 978 4864 fetore
1031 4813 1087 4866 et
1133 4809 1390 4868 sordibus
1437 4813 1679 4870 carceris
1739 4824 2029 4882 notatum,

459 4897 686 4968 abigunt
719 4913 839 4954 eam
868 4899 1063 4956 semita
1085 4917 1206 4972 quae
1235 4903 1302 4958 ad
1331 4903 1474 4960 bona
1512 4904 1682 4960 ducit.
1724 4904 1841 4960 Non
1900 4924 2034 4964 con-

457 4991 660 5046 cedunt
689 4999 751 5048 ut
800 4993 1024 5049 ordines
1059 4994 1337 5065 justorum
1376 5005 1586 5060 cernat,
1628 5007 1684 5053 et
1729 5000 2029 5068 angelicam

459 5084 741 5151 laetitiam;
767 5085 964 5141 misera
1003 5102 1133 5142 vero
1159 5097 1274 5141 tum
1310 5103 1425 5143 suae
1455 5103 1515 5145 se
1561 5091 1884 5145 temeritatis
1938 5106 2030 5145 ve-

460 5173 747 5230 hementer
795 5190 1067 5232 accusans
1092 5215 1109 5242 ,
1157 5175 1462 5249 Ingensque
1489 5217 1504 5242 ,
1549 5195 1613 5234 ac
1651 5180 1874 5250 plorans
1898 5221 1913 5245 ,
1975 5190 2030 5236 et

460 5279 685 5334 gemens
721 5265 776 5318 in
804 5263 988 5321 locum
1022 5267 1316 5337 quemdam
1357 5269 1572 5326 tristem
1639 5278 1896 5341 tanquam
1939 5287 2039 5326 an-

462 5355 650 5424 gulum
674 5343 896 5424 abiecta
927 5359 1294 5427 permanebit,
1320 5360 1471 5417 luctu
1496 5378 1774 5433 nunquam
1816 5363 2037 5420 ﬁnituro

465 5461 528 5498 ac
580 5445 858 5500 insolabiii
908 5447 964 5501 in
993 5455 1258 5504 aeternum
1301 5465 1493 5522 pamas
1545 5453 1721 5512 luens.
1779 5474 1797 5508 ι
1857 5455 2037 5512 Nolite

466 5528 608 5601 ﬁeri,
637 5554 656 5588 ι
693 5534 893 5605 inquit,
923 5554 942 5587 ι
971 5537 1114 5593 sicut
1139 5555 1317 5612 equus
1343 5549 1398 5598 et
1425 5544 1630 5610 mulus,
1669 5546 1872 5618 quibus
1920 5565 2028 5606 non

571 5713 585 5742 ¹
609 5710 802 5768 Matth.
831 5729 987 5780 xvm,
1021 5715 1075 5770 3.
1179 5718 1334 5774 Ἀρι.
1378 5735 1455 5781 ix.
1491 5720 1544 5778 5.

2133 4632 2313 4703 ψυχὴν
2333 4631 2401 4686 τά
2426 4631 2520 4684 τοῦ
2545 4630 2851 4702 ἀφορισμοῦ
2878 4629 3146 4703 φέρουσαν
3169 4627 3429 4698 σύμϐολα.
3461 4626 3559 4688 Ὦς
3583 4639 3704 4676 τινα

2135 4725 2230 4778 τοῦ
2260 4724 2631 4796 δεσμωτηρίου
2668 4724 2734 4794 τῇ
2763 4723 2906 4794 κόμῃ
2941 4723 3036 4776 καὶ
3070 4720 3148 4792 τῷ
3174 4719 3329 4792 ῥύπῳ
3366 4713 3701 4787 κατηγορού-

2137 4836 2320 4890 μενον,
2354 4818 2746 4874 ἀπελαύνουσιν
2782 4815 2948 4887 αὐτὴν
2972 4819 3072 4888 τῆς
3112 4816 3206 4868 επὶ
3232 4813 3302 4867 τά
3340 4809 3480 4866 καλά
3510 4808 3706 4880 φερούο

2133 4928 2237 4984 σης
2279 4911 2399 4966 ὀδοῦ
2425 4925 2440 4942 ο
2475 4911 2538 4964 οὐ
2587 4911 3026 4985 συγχωρήσουσιν
3076 4905 3203 4959 ἰδεῖν
3236 4903 3306 4957 τὰ
3347 4902 3602 4972 τάγματα
3630 4899 3694 4953 δι-

2137 5003 2327 5064 καίων,
2355 5001 2449 5054 καὶ
2477 4998 2773 5072 ἀγγελικὴν
2809 4995 3166 5068 εὐφροσύνην.
3211 4993 3281 5046 Ἦ
3303 4991 3360 5044 δὲ
3398 4989 3557 5044 ἀθλία
3588 4987 3708 5042 τότε

2138 5092 2311 5146 πολλὰ
2349 5093 2448 5163 τῆς
2489 5091 2744 5154 ἀϐουλίας
2775 5089 2975 5161 ἑαυτὴν
3002 5082 3470 5157 καταμεμφομένη
3491 5119 3507 5145 ,
3541 5078 3708 5150 οίμὼσ

2139 5183 2306 5250 ζουσα
2336 5184 2392 5237 δὲ
2428 5185 2522 5237 καὶ
2553 5183 2871 5255 ὀδυρομένη,
2903 5179 2996 5235 καὶ
3025 5177 3307 5241 στένουσα,
3339 5174 3435 5228 καὶ
3467 5170 3710 5241 σκυθρω-

2139 5277 2228 5347 πῷ
2253 5294 2359 5330 τινι
2387 5276 2560 5346 τόπῳ,
2590 5270 2701 5330 οἷον
2723 5274 2896 5343 γωνίᾳ
2917 5267 3368 5342 προσερριμμένη
3393 5259 3709 5320 διατελέσει,

2138 5367 2230 5421 τὸν
2267 5365 2498 5436 ἄληκτον
2534 5364 2765 5436 ὀδυρμδν
2795 5363 2891 5417 καὶ
2926 5356 3354 5432 ἀπαραμύθητον
3391 5354 3472 5416 είς
3511 5349 3712 5412 αἰῶνας

2141 5457 2447 5512 ὲκτίνουσα.
2480 5475 2500 5509 ι
2545 5455 2638 5528 Μὴ
2665 5455 2916 5525 γίνεσθε,
2955 5471 2975 5504 ι
3004 5450 3196 5522 φησιν,
3239 5465 3258 5498 ι
3300 5446 3376 5541 dt;

2143 5549 2385 5622 ἡμίονος,
2433 5546 2512 5615 οἷς
2543 5549 2644 5604 οὐκ
2680 5546 2796 5602 Εστι
2829 5544 3041 5607 σύνεσις
3063 5560 3078 5574 ο
3113 5541 3170 5596 έν
3199 5535 3360 5610 κημῷ
3385 5535 3476 5590 καὶ
3515 5531 3715 5606 χαλινῷ
