4096 6354
372 376 473 435 διε

1672 378 1761 435 DE
1799 377 2335 436 CASTIGATIONE.

3525 372 3649 434 '5“

372 491 473 555 τὰς
503 488 758 560 σιαγόνας
789 489 969 544 αὐτῶν
998 489 1203 559 άγξεις.
1239 509 1259 542 ›
1294 490 1398 545 Τὸν
1427 490 1660 562 σκληρὸν
1688 492 1716 545 ό
1743 489 1956 561 ψαλμὸς

2074 497 2143 545 εει
2172 489 2525 546 intellectus:
2563 489 2616 545 in
2651 503 2811 544 eamo
2845 496 2899 545 et
2931 488 3089 544 freno
3146 487 3402 544 maxillas
3456 503 3648 545 eorum

373 580 659 636 άπαλύνων
688 579 861 633 ταῦτά
894 598 1025 652 φησι
1051 620 1066 645 ,
1098 582 1194 634 καὶ
1239 576 1349 635 οἷον
1386 581 1550 652 ἐλαίῳ
1597 582 1957 652 ἐκμαλάσσων

384 676 493 737 ταῖς
526 673 901 745 παραινέσεσι.
942 673 1174 744 Κάμψον
1209 668 1300 727 οῦν
1330 674 1419 727 τὸν
1448 674 1672 745 αὐχένα,
1698 670 1839 739 εἶξον
1882 674 1958 737 ώς

380 762 525 834 ζυγῷ
552 766 668 827 τοῖς
693 765 1124 835 προστάγμασι·
1160 765 1222 818 τὸ
1254 765 1488 837 σκληρὸν
1522 767 1956 837 άπορῥήγνυται,

374 856 436 908 τὸ
464 850 612 909 εἶκον
642 857 735 910 καὶ
768 856 1154 927 καμπτόμενον
1186 858 1471 929 ὀρθοῦταιο
1500 859 1593 912 καὶ
1617 859 1857 912 διδάσκει
1900 875 1959 911 σε

375 946 533 1001 τοῦτο
558 950 592 1019 ἠ
621 949 713 1002 ἐπὶ
739 951 853 1013 τοῖς
894 953 1082 1018 φυτοῖς
1112 953 1296 1022 πεῖρα.
1328 951 1419 1021 Μὴ
1445 950 1535 1003 τὸν
1564 950 1780 1021 χαλινὸν
1807 951 1962 1006 ἐνδα-

377 1039 489 1094 κὼν
511 1042 758 1112 όρμήσῃς
784 1042 875 1094 ἐπὶ
907 1042 997 1095 τὸν
1026 1043 1271 1113 κρημνὸν
1294 1082 1309 1106 ,
1339 1042 1372 1113 ἦ
1413 1042 1475 1095 τὸ
1502 1042 1794 1114 βάραθρον,
1824 1042 1959 1096 ἀλλὰ

380 1132 695 1203 περιαχθεὶς
719 1134 812 1186 τὸν
835 1134 1037 1204 αὐχένα
1060 1138 1123 1205 τῇ
1151 1136 1295 1206 χειρὶ
1315 1132 1408 1187 τοῦ
1432 1134 1721 1198 άναϐάτου,
1746 1134 1837 1187 ἐπὶ
1862 1133 1959 1205 τὴν

381 1225 656 1289 σώζουσαν
689 1224 806 1279 ὁδὸν
843 1224 1259 1298 κατευθύνθητι·
1293 1227 1420 1282 ὅταν
1450 1226 1766 1297 ἐπιτίμησιν
1808 1225 1956 1297 δέξῃ,

379 1316 499 1370 εἰπὲ
528 1318 635 1370 ἀπὸ
667 1316 927 1380 εὐλαϐοῦς
965 1317 1143 1388 ψυχῆς
1173 1318 1235 1370 τὸ
1277 1316 1584 1381 Δαόιτικὸν,
1638 1335 1657 1368 ι
1726 1316 1961 1383 ’Δγαθόν

384 1425 493 1479 μοι,
522 1408 603 1459 ὅτι
630 1407 999 1471 ἐταπείνωσάς
1040 1425 1130 1477 με,
1156 1407 1303 1469 ὅπως
1344 1406 1411 1461 ἂν
1447 1405 1604 1477 μάθω
1630 1405 1700 1459 τά
1739 1404 1962 1458 δικαιώ-

385 1501 531 1572 ματά
572 1517 687 1554 σου.
734 1517 752 1551 ι
803 1499 896 1571 Μὴ
942 1500 1305 1571 ἐπισκοπικῆς
1344 1499 1632 1562 αὐθαδείας
1686 1494 1825 1552 εἶναι
1870 1498 1962 1552 τὸν

379 1591 684 1664 ἁφορισμὸν
716 1590 939 1663 νομίσῃς
964 1607 979 1624 ·
1031 1590 1281 1661 πατρῷος
1322 1592 1351 1644 ό
1386 1590 1568 1661 νόμος,
1607 1590 1834 1654 παλαιὸς
1864 1593 1964 1660 τῆς

396 1684 721 1752 Ἐκκλησίας
740 1684 921 1737 κανὼν
950 1683 1057 1737 ἀπὸ
1084 1682 1178 1736 τοῦ
1193 1683 1360 1753 νόμου
1376 1682 1683 1755 ἀρξάμενος
1704 1683 1797 1736 καὶ
1826 1699 1858 1733 κ
1865 1699 1962 1752 ρα-

381 1774 594 1837 τυνθεὶς
643 1775 702 1827 ἐν
736 1778 803 1845 τῇ
843 1775 1049 1845 χάριτι.
1090 1773 1379 1845 Θεώρησον
1428 1774 1521 1827 τὸν
1556 1774 1708 1842 ἅγιον
1753 1773 1964 1829 Παῦλον

380 1866 448 1918 δι’
479 1865 776 1920 ἐπιστολῶν
797 1868 895 1930 τὰς
920 1867 1221 1936 ἀποφάσεις
1244 1865 1339 1920 τοῦ
1366 1865 1673 1937 άφορισμοῦ
1697 1865 1840 1921 κατὰ
1859 1864 1967 1918 τῶν

383 1958 699 2014 ὑπευθύνων
727 1958 1099 2030 ἐκπέμποντα,
1134 1960 1228 2014 καὶ
1254 1958 1345 2013 τὸν
1369 1959 1657 2030 Κορίνθιον
1687 1961 1969 2013 νεανίσκον

381 2050 463 2122 τῷ
496 2050 723 2123 τοιούτῳ
764 2051 1079 2124 ἰατρεύοντα
1129 2051 1427 2123 φαρμάκῳ,
1476 2050 1569 2104 τὸν
1613 2053 1680 2122 τῇ
1732 2051 1971 2121 μητρυιᾷ

387 2144 692 2207 σατανικῶς
730 2143 1101 2214 ἐπιμανέντα⁹
1160 2161 1180 2196 ι
1235 2143 1331 2196 Ὃν
1374 2141 1481 2213 γάρ
1524 2141 1717 2211 ἀγαπᾷ
1765 2139 1973 2212 Κύριος

386 2234 648 2299 παιδεύει,
682 2237 935 2306 μαστιγοῖ
965 2234 1023 2287 δέ
1053 2233 1167 2287 υἱὸν
1189 2232 1248 2287 ὃν
1275 2233 1664 2304 παραδέχεται.
1697 2251 1717 2284 ι
1756 2232 1831 2287 Οὐ
1861 2231 1971 2304 γάρ

386 2328 524 2379 εἰσιν
568 2325 626 2379 αἱ
667 2325 817 2396 ῥίζαι
845 2326 945 2395 τῆς
975 2323 1222 2388 παιδείας
1253 2324 1519 2393 γλυκεῖαι,
1556 2322 1692 2379 ἀλλὰ
1732 2322 1929 2395 πικραί
1954 2340 1969 2355 ο

387 2415 600 2487 καρπὸν
641 2415 697 2468 δὲ
732 2417 815 2479 είς
865 2414 1091 2485 ὕστερον
1147 2414 1504 2485 βλαστάνουσι
1541 2413 1748 2485 κηρίων
1785 2413 1973 2485 ήδύτε-

391 2522 503 2576 ρον.
531 2506 641 2561 Καὶ
660 2505 750 2560 διὰ
775 2504 935 2559 τοῦτο
966 2504 1127 2576 χρεία
1158 2504 1238 2575 τῷ
1268 2505 1365 2575 μὲν
1392 2502 1716 2574 άσκουμένῳ
1742 2501 1840 2555 τοῦ
1876 2519 1973 2572 μο-

387 2595 559 2665 χθεῖν,
596 2593 677 2662 τῷ
705 2594 764 2647 δὲ
799 2593 1054 2648 ἀσκοῦντι
1098 2594 1192 2646 καὶ
1228 2592 1446 2663 πληγῆς
1484 2593 1581 2645 καὶ
1618 2589 1972 2662 τραχύτητος.

391 2686 504 2739 Καὶ
527 2684 607 2756 τῷ
639 2684 738 2756 μὲν
765 2683 1045 2754 Μωσαῖκῷ
1075 2684 1224 2755 νόμῳ
1253 2684 1310 2736 αἱ
1342 2683 1605 2753 τέσσαρες
1631 2681 1853 2744 δεκάδες
1886 2681 1976 2752 μέ-

390 2794 481 2849 χρι
506 2776 603 2831 νῦν
622 2776 679 2830 αἱ
703 2775 926 2847 νομικαὶ
944 2773 1053 2827 τῶν
1087 2773 1311 2845 πληγῶν
1338 2772 1768 2844 παραμένουσιν,
1804 2771 1866 2824 οὐ
1896 2769 1975 2841 τῷ

390 2865 729 2937 εὐαγγελικῷ
752 2866 809 2919 δὲ
841 2865 941 2936 βίῳ
967 2882 981 2897 ⁸
1010 2864 1198 2936 ἐπειδὴ
1227 2863 1446 2918 πάντων
1475 2865 1504 2917 ό
1531 2861 1688 2930 λόγος
1716 2862 1852 2925 ἐστὶ,
1880 2860 1975 2914 καὶ

390 2961 573 3025 ἕλεος,
603 2959 699 3012 καὶ
733 2957 948 3029 ῥάϐδος,
985 2956 1081 3011 καὶ⁵
1114 2954 1482 3027 παράκλησις,
1530 2953 1624 3007 καὶ
1658 2952 1861 3022 πληγή.
1898 2951 1975 3005 Οὐ

390 3051 501 3123 γάρ
528 3049 806 3121 τύπτομέν
839 3066 899 3103 σε
927 3048 1003 3111 ὡς
1030 3047 1271 3117 οἰκέτην,
1294 3046 1430 3100 άλλά
1459 3042 1787 3123 παιδεύομεν
1814 3058 1873 3095 σε
1901 3041 1977 3105 ὡς

393 3140 699 3215 ἐλεύθερονο
734 3142 817 3195 σοὶ
842 3140 953 3212 γὰρ
986 3140 1051 3193 ἐκ
1086 3139 1186 3210 τῆς
1214 3138 1430 3209 Eappa;
1462 3136 1565 3206 τῆς
1598 3134 1884 3204 ἐλευθέρας
1915 3132 1977 3185 τὸ

393 3235 571 3304 γένος,
604 3234 706 3288 οὐκ
739 3234 804 3287 ἐκ
838 3233 939 3303 τῆς
987 3233 1171 3302 ’Δγαρ
1201 3230 1302 3301 τῆς
1332 3229 1547 3300 δούλης.
1576 3226 1882 3297 Δίδούμεθά
1916 3241 1977 3279 σε

392 3330 470 3392 ώς
503 3328 619 3381 υἱὸν
645 3329 746 3399 τῆς
775 3326 1066 3398 ἐλευθέρας
1086 3365 1101 3390 ,
1123 3325 1225 3379 οὐκ
1255 3323 1597 3395 άτιμάζομεν
1625 3323 1703 3387 ὡς
1733 3323 1979 3393 γέννημα

392 3421 494 3492 τῆς
513 3419 820 3491 παιδίσκης.
846 3418 945 3472 Διὰ
964 3417 1124 3472 τοῦτο
1144 3418 1264 3481 ταῖς
1283 3415 1610 3487 ἐλευθερίοις
1629 3415 1979 3485 ἐπιτιμήσεσι

394 3511 674 3583 λυποῦμέν
695 3526 758 3565 σε
777 3508 1221 3582 πλημμελοῦντα,
1249 3508 1309 3562 οὐ
1335 3507 1497 3578 σῶμα
1524 3505 1818 3573 ξαίνοντες,
1842 3504 1980 3558 ἀλλὰ

394 3603 573 3673 ψυχὴν
608 3601 885 3665 ἀνιῶντες.
927 3601 1025 3654 Ἂν
1052 3599 1109 3653 δὲ
1139 3598 1234 3653 καὶ
1267 3597 1456 3651 τούτου
1489 3594 1826 3667 φειδώμεθα,
1862 3594 1980 3660 πῶς

398 3712 459 3748 σε
492 3693 883 3765 παιδεύσομενς
914 3689 1438 3763 Δυσμεταχείριστός
1473 3689 1624 3742 ἐστιν
1653 3688 1683 3740 ὁ
1723 3686 1980 3741 διδασκαο

396 3786 547 3851 me;
577 3784 754 3855 λόγος,
783 3785 878 3838 καὶ
899 3784 934 3855 ή
980 3780 1174 3853 ἀγωγὴ
1210 3781 1309 3850 τῆς
1341 3779 1563 3850 ἀρετῆς,
1594 3779 1691 3832 καὶ
1729 3776 1982 3847 ποικίλην

398 3878 647 3948 ἐπιζητεῖ
682 3877 783 3947 τὴν
820 3875 924 3946 τῆς
954 3872 1278 3936 ἐπιστασίας
1310 3868 1655 3937 οἰκονομίαν,
1694 3871 1806 3930 τοῖς
1842 3868 1980 3922 ὐπο-

400 3970 672 4040 κειμένοις
702 3968 889 4037 ἦθεσιν
924 3964 1120 4036 ἐαυτὴν
1169 3959 1649 4034 προσαρμόζουσα.
1695 3958 1853 4011 Ἐστι
1890 3974 1981 4023 τις

400 4062 657 4133 εὐπειθὴς
685 4062 780 4115 καὶ
804 4060 905 4130 τὴν
932 4057 1158 4127 γνώμην
1188 4054 1468 4122 εὐάγωγος
1493 4069 1507 4116 ;
1547 4050 1722 4121 τούτῳ
1744 4051 1773 4102 ὁ
1810 4051 1983 4121 πρᾶος

401 4157 497 4211 καὶ
526 4154 732 4217 ἁπαλὸς
756 4150 987 4224 ἁρμόζει
1023 4150 1202 4218 λόγος.
1237 4145 1431 4209 Ἀλλος
1460 4144 1695 4216 σκληρὸς
1729 4143 1821 4196 καὶ
1853 4141 1984 4196 ἀνά-

401 4264 612 4318 γωγος;
651 4245 929 4317 μαστίγων
965 4239 1177 4313 χρῄζει.
1222 4237 1289 4291 Τί
1316 4234 1410 4290 οὖν
1448 4236 1765 4305 ποιήσομεν,
1797 4229 1983 4303 ἐπειδὴ

406 4340 631 4413 ῥάϐδους
676 4338 740 4391 οὐ
788 4331 1310 4407 μεταχειριζόμεθας
1357 4326 1756 4398 καταλείψομεν
1818 4321 1983 4379 αὐτὸν

403 4430 771 4505 ἁπρονόητον;
802 4428 915 4497 Οὐχ
945 4424 1137 4488 οὓτως.
1193 4421 1353 4475 Ἀλλά
1378 4421 1471 4475 τὸν
1518 4418 1683 4474 αὐτὸν
1711 4418 1855 4489 λόγῳ
1887 4433 1983 4488 με·

2061 584 2408 654 constringes
2436 584 2478 637 ³.
2515 602 2535 636 ι
2598 582 2809 637 Durum
2871 591 2926 637 et
2967 591 3352 637 contumacem
3404 582 3649 651 psalmus

2061 674 2349 731 emolliens
2380 677 2496 729 haec
2527 675 2626 738 ait,
2670 682 2727 729 et
2774 673 2947 728 veluti
2998 674 3120 730 oleo
3175 672 3650 728 adhortationibus

2064 766 2342 834 mitigans.
2386 765 2621 821 lncurva
2687 780 2822 834 ergo
2876 766 3171 828 cervicem,
3214 772 3483 835 praecepta
3532 771 3650 817 tan-

2061 874 2225 928 quam
2253 858 2444 927 jugum
2478 858 2622 913 subi.
2670 857 2829 923 Quod
2862 856 3063 911 durum
3111 865 3196 912 est
3240 854 3650 926 conlringitur;

2064 952 2211 1021 quod
2244 952 2390 1004 cedit
2419 961 2472 1006 et
2510 949 2770 1011 ﬂectitur.
2806 958 3018 1005 rectum
3050 948 3326 1016 edicitur;
3387 947 3536 1019 quod
3599 955 3652 1001 te

2064 1046 2229 1097 etiam
2266 1044 2319 1096 in
2354 1043 2556 1112 plantis
2588 1041 2926 1112 experientia
2958 1040 3140 1096 docet.
3177 1039 3257 1095 Ne
3308 1040 3466 1095 freno
3518 1040 3651 1095 den-

2069 1135 2221 1190 tibus
2259 1150 2583 1205 compresso
2612 1135 2849 1204 rapiaris
2876 1135 2930 1189 in
2984 1132 3373 1204 praecipitium.
3427 1139 3523 1184 aut
3556 1131 3652 1185 ba-

2066 1230 2337 1293 rathrum,
2367 1228 2462 1283 sed
2490 1227 2908 1282 accommodata
2938 1225 3127 1280 manui
3154 1224 3393 1281 sessoris
3419 1224 3650 1285 cervice,

2065 1320 2131 1374 ad
2174 1321 2312 1374 viam
2342 1333 2463 1390 quae
2497 1326 2551 1373 te
2598 1326 2779 1373 servet
2812 1326 2959 1372 recta
2990 1315 3256 1380 ducaris;
3300 1329 3425 1367 cum
3470 1314 3651 1366 incre-

2066 1413 2237 1485 paris,
2270 1412 2361 1467 dic
2396 1412 2584 1466 animo
2613 1408 2874 1479 religioso
2911 1408 3227 1464 Davidicum
3280 1405 3411 1461 illud
3446 1423 3459 1459 :
3492 1423 3511 1455 ι
3552 1404 3652 1458 Βο-

2067 1520 2197 1559 num
2229 1503 2365 1558 mihi
2420 1509 2527 1568 cst,
2564 1501 2711 1572 quod
2747 1499 3130 1557 humiliaveris
3178 1513 3286 1561 me,
3323 1504 3381 1551 ut
3440 1495 3647 1550 discam

2062 1595 2487 1665 justilicationes
2523 1601 2649 1648 tuas
2670 1592 2712 1646 ⁸.
2745 1611 2763 1643 ι
2796 1590 2874 1646 Ne
2894 1589 3331 1661 segregationem
3365 1586 3651 1641 arbitreris

2064 1702 2189 1743 esse
2227 1687 2295 1740 ab
2331 1686 2719 1756 episcoporum
2763 1684 2991 1737 audacia
3044 1680 3371 1752 profectam;
3408 1687 3639 1749 paterna

2070 1778 2156 1833 lex
2184 1786 2290 1839 est.
2320 1777 2547 1843 antiqua
2577 1774 2837 1830 Ecclesia:
2867 1773 3079 1844 regula,
3112 1787 3234 1842 quae
3262 1787 3291 1825 a
3328 1771 3444 1843 lege
3477 1771 3648 1826 traxit

2071 1871 2362 1942 originem,
2399 1868 2534 1926 etin
2568 1868 2746 1941 gratia
2795 1868 3055 1922 obtinuit.
3108 1866 3498 1936 Conlemplare
3528 1870 3656 1919 san-

2071 1972 2219 2018 ctum
2285 1961 2439 2015 illtun
2501 1959 2731 2014 Paulum
2781 1973 2882 2028 per
2934 1957 3214 2026 Epistolas
3281 1953 3656 2025 separationis

2069 2070 2263 2127 ptenas
2302 2055 2357 2108 in
2384 2053 2656 2108 obnoxios
2688 2049 3128 2121 pronuntiandas
3175 2046 3550 2109 mandantem,
3601 2052 3661 2099 et

2064 2145 2419 2200 Corinthium
2474 2143 2732 2213 juvenem
2799 2140 3071 2211 ejusmodi
3110 2139 3519 2195 medicamento
3567 2151 3659 2191 sa-

2070 2245 2315 2299 nantem,
2343 2234 2439 2306 qui
2467 2234 2717 2291 satanica
2766 2234 2919 2288 rabie
2956 2233 3224 2303 percitus,
3286 2245 3541 2287 novercas
3595 2244 3659 2285 se

2071 2328 2535 2383 commiscuerat:
2567 2327 2771 2393 «Quem
2802 2324 2952 2381 enim
2980 2321 3246 2378 Dominus
3261 2320 3649 2392 diligit.casti-

2073 2429 2197 2493 gat;
2228 2419 2442 2492 ﬂagello
2470 2427 2653 2476 autem
2680 2418 2807 2474 ferit
2827 2432 2989 2487 quem
3009 2414 3244 2486 suscipit
3260 2416 3302 2467 ⁸.
3318 2433 3338 2467 ι
3372 2411 3493 2470 Non
3512 2420 3643 2468 sunt

2073 2513 2221 2569 enim
2250 2511 2467 2566 radices
2505 2510 2837 2565 eruditionis
2862 2508 3075 2571 dulces,
3113 2506 3209 2565 sed
3239 2519 3481 2570 amarae;
3530 2503 3653 2557 fru-

2073 2612 2226 2658 ctum
2264 2609 2448 2657 autem
2480 2601 2537 2656 in
2571 2609 2852 2672 posterum
2883 2600 3193 2671 germinant
3232 2595 3374 2652 favis
3435 2594 3664 2651 suavio-

2075 2707 2211 2747 rem.
2259 2690 2326 2745 Et
2374 2690 2586 2746 idcirco
2618 2690 2807 2745 labore
2865 2687 3088 2759 quidem
3129 2688 3180 2743 ei
3230 2686 3324 2757 qui
3370 2692 3666 2742 exercetur

2075 2799 2216 2853 opus
2244 2790 2373 2849 est;
2448 2782 2499 2838 ei
2546 2791 2728 2836 autem
2780 2779 2878 2852 qui
2928 2786 3167 2845 exercet,
3196 2787 3252 2835 et
3301 2778 3552 2840 verbere,
3608 2785 3661 2833 9t

2075 2874 2398 2944 asperitate.
2450 2874 2530 2928 Ac
2589 2873 2646 2928 in
2677 2872 2795 2942 lege
2852 2869 3094 2927 Mosaica
3156 2871 3388 2927 decades
3424 2876 3663 2940 quatuor

2077 2965 2367 3035 hucusque
2390 2963 2674 3035 plagarum
2703 2972 3047 3033 permanent.
3073 2977 3185 3018 non
3206 2970 3390 3018 autem
3416 2961 3471 3015 in
3494 2976 3661 3015 evan-

2078 3056 2249 3127 gelica
2282 3055 2393 3111 vita
2427 3074 2441 3111 :
2475 3056 2745 3127 siquidem
2786 3056 3032 3110 omnium
3072 3070 3254 3110 sermo
3284 3060 3391 3119 est,
3443 3052 3662 3108 miseri-

2005 3168 2049 3227 α
2080 3146 2269 3202 cordia
2294 3154 2348 3204 et
2379 3146 2554 3218 virga,
2590 3145 2904 3201 adhortatio
2939 3153 2993 3203 et
3022 3146 3205 3217 plaga.
3235 3142 3352 3198 Non
3381 3143 3525 3199 enim
3562 3142 3666 3197 tibi

2081 3238 2309 3294 verbera
2344 3235 2637 3293 inferimus
2672 3245 2733 3292 ut
2792 3252 2975 3300 servo,
3006 3235 3103 3293 sed
3154 3244 3206 3291 te
3232 3234 3566 3305 castigamus
3600 3239 3664 3286 ut

2081 3329 2312 3385 liberum
2344 3348 2359 3384 :
2403 3329 2503 3384 tibi
2544 3327 2688 3384 enim
2732 3343 2800 3382 ex
2830 3326 2968 3381 Sara
3001 3326 3176 3382 libera
3204 3341 3379 3397 genus
3409 3333 3515 3387 est,
3551 3339 3669 3379 non

2079 3435 2146 3475 ex
2186 3419 2332 3490 Agar
2364 3433 2542 3475 serva.
2570 3417 2910 3473 Reveremur
2932 3425 2987 3472 te
3022 3425 3083 3471 ut
3117 3416 3301 3472 liberte
3326 3415 3519 3479 lilium,
3550 3429 3671 3468 non

2080 3510 2480 3567 dedecoramus
2521 3520 2578 3564 ut
2615 3509 2827 3564 ancillae
2865 3508 3223 3579 progeniem:
3270 3507 3343 3562 ob
3380 3505 3433 3561 id
3474 3506 3663 3560 liberis

2082 3602 2552 3673 increpationibus
2590 3610 2642 3656 te
2671 3600 2929 3668 angimus
2958 3605 3299 3669 peccantem,
3332 3613 3440 3652 non
3462 3611 3671 3667 corpus

2081 3704 2404 3766 puugentes,
2452 3693 2548 3748 sed
2582 3692 2828 3749 animum
2884 3691 3223 3747 cruciantes.
3280 3688 3438 3756 Quod
3476 3690 3523 3744 si
3594 3688 3664 3742 ab

2080 3780 2185 3836 hac
2214 3794 2273 3835 re
2302 3780 2701 3844 abstineamus,
2757 3793 2868 3849 quo
2908 3785 2962 3833 te
3013 3786 3173 3849 pacto
3218 3776 3614 3847 castigabimus
3640 3777 3675 3829 r

2083 3869 2326 3925 Docendi
2370 3868 2512 3924 ratio
2542 3876 2626 3924 est
2684 3877 2922 3923 tractatu
2975 3868 3233 3933 dimcilis,
3282 3869 3666 3939 institutioque

2081 3961 2329 4023 virtutis,
2366 3974 2431 4013 ac
2455 3960 2662 4014 variam
2690 3961 2920 4030 requirit
2939 3960 3430 4015 administrationis
3449 3960 3671 4031 dispeth

2083 4053 2371 4110 sationem,
2396 4065 2518 4120 qua:
2550 4064 2610 4104 se
2652 4050 2897 4105 moribus
2928 4057 2986 4103 ut
3024 4065 3147 4105 sese
3178 4050 3416 4107 otl‘erunt
3436 4064 3663 4103 accom—

2082 4142 2285 4197 modet.
2314 4139 2410 4196 Est
2440 4140 2712 4210 quispiam
2753 4140 3017 4195 obediens
3051 4150 3105 4195 et
3139 4140 3207 4195 ad
3256 4140 3657 4196 instituendum

2083 4234 2267 4289 animo
2296 4232 2517 4287 facilis?
2545 4232 2682 4286 lluic
2707 4232 2847 4288 lenis
2870 4239 2925 4287 et
2967 4232 3116 4287 mitis
3157 4233 3408 4303 congruit
3456 4248 3660 4288 sermo.

2083 4328 2234 4383 Alius
2271 4327 2444 4383 durus
2492 4334 2549 4383 et
2597 4325 2895 4382 indocilis?
2952 4322 3286 4380 Verberibus
3322 4332 3465 4393 eget.
3521 4324 3668 4392 Quid

2085 4423 2254 4493 igitur
2302 4420 2587 4487 faciemus,
2642 4433 2768 4474 cum
2830 4418 2998 4489 virg:e
3064 4433 3174 4472 non
3235 4417 3665 4477 conceduntur!

403 4518 847 4596 ταῤῥυθμίσομεν
896 4518 976 4581 είς
1028 4515 1158 4572 ἄλλο
1208 4514 1393 4584 σχῆμα
1445 4509 1783 4582 ὑποκειμένῃ
1828 4508 1974 4580 χρείᾳ

2094 4513 2301 4567 Eumne
2327 4512 2474 4567 nulla
2503 4527 2662 4576 cura,
2711 4511 2858 4566 nulla
2888 4509 3231 4581 providentia
3263 4509 3614 4580 diguabimur
3641 4508 3665 4565 Ῑ

406 4612 737 4683 κατάλληλον
755 4626 770 4640 ο
798 4610 891 4664 καὶ
915 4608 1104 4679 ὥσπερ
1131 4607 1201 4660 τά
1229 4606 1337 4675 ὗψα
1375 4606 1441 4675 τῇ
1489 4603 1658 4674 μικρᾷ
1694 4599 1985 4672 προσθέσει

405 4703 514 4757 τῶν
544 4700 874 4774 ἀρτυμάτων
917 4698 1055 4771 πρὸς
1093 4696 1194 4760 τάς
1238 4695 1486 4757 ἐναντίας
1535 4692 1826 4762 ποιότητας
1869 4688 1983 4742 δια-

412 4794 688 4867 μείδεται,
715 4793 825 4849 ἀπὸ
861 4790 957 4848 τοῦ
1002 4790 1293 4860 στύφοντος
1322 4789 1401 4852 είς
1434 4786 1497 4839 τὸ
1524 4783 1718 4853 γλυκὺ,
1752 4781 1847 4837 καὶ
1880 4782 1987 4836 ἀπὸ

408 4886 501 4941 τοῦ
525 4884 753 4956 γλυκέος
774 4886 855 4948 είς
877 4883 939 4938 τδ
964 4882 1165 4952 στύφον
1197 4876 1667 4952 μεταϐαλλόμενα⁸
1697 4873 1872 4938 οὕτως
1892 4874 1986 4929 καὶ

404 4976 439 5031 ὁ
470 4975 736 5049 ἡμέτερος
765 4974 923 5044 λόγος
948 4976 1015 5045 τῇ
1051 4972 1336 5045 προσθήκῃ
1368 4970 1479 5026 τῶν
1522 4969 1819 5042 σχημάτων
1850 4966 1986 5039 πρὸς

408 5068 698 5140 διαφόρους
720 5066 909 5139 χρείας
932 5062 1356 5136 μετατυποῦται,
1383 5061 1448 5115 ἵν’
1470 5060 1729 5133 ἐπινοηθῇ
1756 5061 1987 5114 ἑκάστου

409 5160 471 5213 τὸ
489 5163 774 5233 τρόφιμον.

480 5339 573 5411 Μὴ
600 5333 695 5394 οῦν
714 5339 773 5392 ἐν
790 5340 910 5404 ταῖς
935 5337 1164 5408 γωνίαις
1192 5354 1297 5409 μου
1319 5336 1634 5401 καταλάλει,
1668 5354 1842 5409 τραχύ
1872 5336 1988 5389 όνο-

418 5432 602 5503 μάζων
642 5431 704 5486 τὸ
740 5429 1147 5494 διδασκαλικὸν,
1196 5430 1332 5502 μηδὲ
1377 5429 1503 5493 τοὺς
1545 5429 1836 5493 κοινωνοὺς
1879 5428 1989 5483 τῶν

416 5521 826 5593 ἁμαρτημάτων
859 5521 1147 5585 κοινωνοὺς
1186 5519 1294 5573 τῶν
1323 5518 1443 5574 κατ’
1490 5519 1626 5589 ἐμοῦ
1667 5519 1989 5590 ποιούμενος

419 5612 711 5684 μέμψεωνι,
744 5612 948 5685 καθέζῃ
987 5614 1190 5685 κρίνων
1234 5612 1529 5666 ἐπίσκοπον
1564 5611 1701 5683 μετὰ
1737 5612 1831 5667 τοῦ
1865 5628 1991 5665 συν-

492 5788 675 5847 'I‘sal.
712 5796 933 5851 nui).
1016 5796 1031 5826 ι
1059 5795 1200 5850 i‘sal.
1229 5790 1531 5851 cxvut.7|.

2081 4605 2201 4665 Non
2246 4607 2319 4661 ita
2350 4621 2502 4661 sane.
2532 4604 2640 4660 Sed
2671 4620 2794 4659 cum
2823 4603 3007 4659 verbis
3049 4603 3117 4657 ad
3157 4603 3321 4657 aliam
3354 4616 3666 4658 accomrn0<

2082 4698 2207 4753 dam
2238 4699 2314 4752 rei
2363 4696 2627 4767 subjectae
2650 4695 2882 4750 formam
2944 4695 3216 4749 concinne
3265 4694 3662 4748 traducemus:

2081 4805 2146 4845 ac
2172 4788 2634 4859 quemadmodum
2659 4786 2890 4857 opsonia
2910 4784 3386 4840 condimentorum
3406 4828 3421 4850 ,
3461 4785 3666 4855 exiguo

2082 4882 2456 4938 additamenta
2484 4880 2552 4936 ad
2582 4877 2889 4934 contrarias
2917 4877 3211 4947 qualitates
3254 4881 3668 4945 permutantur,

2090 4990 2158 5032 ex
2188 4973 2303 5030 acri
2330 4973 2385 5028 in
2417 4971 2595 5036 dulce,
2624 4978 2680 5026 et
2707 4986 2775 5026 ex
2803 4967 2953 5024 dulci
2985 4967 3040 5022 in
3069 4981 3196 5021 acre
3232 4981 3501 5022 conversa
3532 4986 3545 5021 :
3594 4967 3670 5020 ita

2092 5074 2148 5123 et
2195 5074 2384 5121 noster
2438 5077 2624 5119 sermo
2678 5062 2977 5132 ﬁgurarum
3027 5055 3333 5127 adiectione
3374 5056 3441 5112 ad
3486 5058 3672 5112 varios

2095 5172 2232 5215 usus
2260 5152 2709 5219 transformatur,
2763 5157 2824 5206 ut
2866 5147 3015 5220 quod
3048 5145 3320 5217 cujusque
3356 5146 3673 5203 educationi

2094 5246 2349 5319 congruit
2383 5244 2741 5315 intelligatur.

2164 5339 2245 5395 Ne
2279 5338 2445 5409 igitur
2474 5337 2531 5391 in
2561 5333 2776 5405 angulis
2802 5331 2871 5386 de
2905 5343 2992 5384 me
3031 5327 3373 5399 obloquaris,
3416 5344 3673 5401 aspermn

2097 5431 2394 5488 nominans
2423 5426 2657 5485 docendi
2684 5439 2880 5496 genus,
2916 5434 3095 5491 neque
3128 5435 3252 5475 cum
3283 5427 3505 5476 tuorum
3550 5437 3675 5478 sce-

2096 5525 2269 5579 lerum
2301 5519 2667 5593 participibus
2693 5526 3016 5572 communes
3051 5511 3158 5565 mei
3218 5513 3677 5583 reprehensiones

2100 5614 2329 5681 faciens,
2358 5612 2602 5671 assideas
2632 5608 2952 5682 episcopum
2972 5616 3099 5659 cum
3123 5602 3387 5661 vanitatis
3410 5620 3675 5662 consessu

1647 5787 1668 5821 '
1692 5788 1858 5846 llebr.
1901 5804 1999 5847 xu.
2038 5786 2093 5843 6.
