4096 6354
433 271 539 326 515

1671 283 1730 339 S.
1766 283 2098 342 GREGORII
2132 285 2430 344 NYSSEN!

3595 291 3704 350 316

407 411 414 418 ι
430 384 711 456 judicans.
751 385 1021 459 Equidem
1077 406 1188 449 non
1227 409 1370 466 ρει-ε
1419 395 1594 454 feram
1642 402 1800 472 quasi
1835 404 2022 460 animo

2127 407 2300 478 εδρίου
2333 409 2431 479 τῆς
2471 408 2851 480 ματαιότητος.
2902 407 3045 478 Ἐγὼ
3084 408 3141 462 δὲ
3183 407 3246 463 οὐ
3276 408 3704 480 παραχθήσομαι

435 493 639 532 novum
669 479 799 550 quid
832 496 1050 551 passus,
1083 484 1129 540 si
1164 501 1196 542 e
1243 486 1531 561 discipulis
1572 492 1707 549 meis
1734 502 2021 550 contuma-

437 571 620 626 ciures
654 571 1036 643 indignentur.
1067 574 1164 632 Est
1188 578 1335 632 enim
1360 594 1424 636 ea
1455 581 1742 638 hominum
1776 586 2020 654 peculia-

437 665 518 721 ris
542 665 790 736 quaedam
815 667 1053 735 affectio,
1087 687 1210 742 quae
1235 672 1304 728 ab
1333 674 1490 730 initio
1518 677 1584 732 ad
1637 677 1797 734 finem
1847 695 2021 750 usque

438 757 606 812 vitam
631 759 968 825 comitatur;
1004 776 1069 817 ac
1097 763 1192 834 qui
1223 764 1348 821 aliis
1396 766 1651 838 imperat,
1703 771 2022 840 parentibus

439 847 497 902 in
531 856 706 904 totum
732 850 780 906 is
804 852 1072 908 molestus
1097 864 1151 910 et
1177 856 1361 926 gravis
1388 869 1493 924 est,
1526 859 1638 914 imo
1680 862 1849 917 etiam
1902 879 2023 920 sce-

439 940 628 996 leratis
646 949 702 998 et
730 942 938 1014 iniquis
965 945 1194 1002 odiosus
1219 965 1232 1002 :
1261 949 1515 1021 quisquis
1544 953 1694 1008 enim
1730 963 2019 1025 peccatum

438 1031 714 1102 prohibet,
743 1033 1121 1104 aegritudinem
1156 1037 1322 1107 parit.
1375 1038 1450 1096 Ac
1483 1056 1570 1097 me
1599 1041 1651 1097 id
1701 1054 1900 1113 praeter
1927 1059 2023 1100 eas

438 1135 530 1176 res
559 1137 680 1192 quae
706 1125 1053 1182 extrinsecus
1104 1138 1433 1195 occurrunt,
1481 1133 1614 1188 satis
1672 1133 1901 1190 historia
1933 1149 2024 1191 ec-

437 1209 751 1265 clesiastica
780 1211 958 1269 docet.
999 1212 1136 1281 Quis
1179 1215 1364 1288 Moyse
1393 1230 1581 1290 pastor
1613 1226 1966 1292 praestantior
1993 1227 2017 1280 ‘l

438 1298 576 1367 Quis
605 1302 860 1375 princeps
885 1307 960 1360 ita
992 1306 1310 1366 moderatus
1336 1326 1402 1366 ac
1429 1312 1611 1368 lenis?
1634 1315 1728 1384 qui
1752 1315 1936 1370 omnia
1967 1316 2022 1370 in

440 1393 625 1462 populi
653 1395 885 1465 gratiam
918 1396 1119 1468 factus,
1161 1402 1422 1469 nutritor,
1464 1403 1785 1474 imperator,
1829 1421 2018 1462 sacer-

439 1485 564 1550 dos,
592 1502 757 1544 verus
785 1497 958 1560 pater,
995 1493 1049 1548 in
1090 1493 1232 1550 bello
1262 1511 1488 1553 servans
1508 1535 1524 1562 ,
1554 1497 1607 1551 in
1634 1498 1854 1554 deserto
1887 1516 2022 1557 nus-

435 1592 603 1646 quam
633 1585 727 1633 aut
759 1587 899 1645 sata,
940 1592 1036 1638 aut
1059 1594 1244 1640 aratro
1279 1586 1423 1640 culta
1457 1588 1602 1642 bona
1631 1591 2018 1660 suppeditans,

432 1668 528 1738 jus
551 1678 679 1741 apte
710 1671 926 1739 dicens,
965 1674 1087 1731 sine
1117 1691 1308 1733 errore
1358 1678 1468 1734 dux
1510 1682 1650 1748 viae;
1702 1691 1759 1736 et
1800 1683 2018 1738 tandem

2122 501 2220 571 τήν
2255 499 2430 572 ψυχήν
2463 503 2648 554 καινόν
2691 517 2745 554 τι
2775 501 3001 570 πάσχων
3021 541 3036 566 ,
3070 501 3118 553 εί
3158 498 3413 569 ἄχθονταί
3457 515 3561 569 μου
3592 499 3702 552 τῶν

2125 590 2381 662 μαθητῶν
2411 592 2461 644 οἱ
2497 591 2866 664 σκληρότεροι.
2913 591 3087 655 Πάθος
3124 590 3234 661 γάρ
3267 591 3384 643 ἐστι
3413 588 3573 643 τοῦτο
3603 589 3700 642 ἀν-

2123 682 2391 752 θρὼπινον
2418 684 2474 750 ἐξ
2508 683 2682 755 ἀρχῆς
2719 685 2799 747 είς
2822 683 2973 746 τέλος
3003 681 3082 752 τῷ
3108 681 3208 751 βίῳ
3248 678 3656 752 παρακόλουθον
3683 696 3699 712 ο

2123 772 2216 825 καὶ
2247 771 2419 844 βαρὺς
2449 772 2549 843 μὲν
2582 772 2611 824 δ
2639 773 2820 843 ἄρχων
2847 771 2924 834 ὡς
2953 771 3045 824 ἐπὶ
3075 771 3184 824 πᾶν
3210 772 3323 832 τοῖς
3353 767 3699 838 ἀρχομένοις·

2121 863 2233 924 τοῖς
2256 860 2312 914 δὲ
2341 863 2556 932 μιαροῖς
2582 863 2676 914 καὶ
2704 860 3043 933 παρανόμοις
3064 859 3160 913 καὶ⁵
3184 857 3374 928 μίσους
3401 857 3569 922 ἄξιος.
3593 858 3701 910 Λυ-

2123 953 2216 1004 πεῖ
2245 951 2350 1023 γὰρ
2393 951 2489 1022 τήν
2519 951 2792 1022 ἁμαρτίαν
2832 950 3092 1004 κωλύωνο
3139 949 3232 1002 καί
3272 965 3338 1019 με
3373 947 3531 1002 τοῦτο
3563 948 3701 1018 μετά

2121 1043 2230 1096 τῶν
2258 1043 2454 1108 ἔξωθεν
2486 1043 2826 1114 πραγμάτων
2857 1042 3056 1105 ίκανῶς
3081 1041 3176 1095 καὶ
3207 1043 3241 1111 ή
3271 1040 3700 1112 ἐκκλησιαστικὴ

2126 1136 2339 1206 ἱστορία
2359 1135 2619 1189 διδάσκει.
2649 1136 2746 1199 Τίς
2773 1133 3035 1206 κρείττων
3068 1133 3272 1205 ποιμὴν
3299 1133 3576 1197 Μωσέωςς
3617 1133 3700 1197 τίς

2122 1225 2180 1278 δὲ
2209 1225 2391 1297 ἄρχων
2415 1226 2658 1298 ἐμμελὴς
2701 1226 2844 1280 οὕτω
2871 1225 2967 1280 καὶ
3000 1226 3188 1297 ήπιος,
3216 1225 3393 1279 πάντα
3410 1225 3695 1295 γινόμενος

2122 1317 2201 1389 τῷ
2221 1317 2356 1388 λαῷ,
2383 1318 2639 1391 τροφεὺς,
2669 1319 3000 1390 στρατηγὸς,
3037 1318 3212 1388 ἱερεὺς
3232 1359 3247 1384 ,
3274 1315 3614 1388 αὐτοπατήρ.
3644 1317 3702 1369 ἐν

2124 1409 2384 1480 πολέμοις
2427 1408 2636 1475 σώζων,
2684 1412 2742 1463 ἐν
2791 1411 2982 1482 ἐρήμῳ
3024 1411 3278 1480 ἄσπαρτα
3325 1408 3420 1462 καὶ
3461 1409 3699 1477 ἀνήροτα

2123 1499 2372 1572 χορηγῶν
2395 1499 2598 1570 ἀγαθὰ,
2626 1499 2862 1562 δικάζων
2890 1499 3161 1571 ἐμμελῶς,
3196 1499 3449 1562 ἀπλανῶς
3470 1499 3699 1568 ὁδηγῶν;

2122 1591 2299 1645 καίτοι
2321 1591 2413 1644 ἐπὶ¹
2440 1590 2644 1645 τούτων
2671 1590 3110 1663 κατεστασιάσθη
3131 1591 3206 1654 ὡς
3227 1591 3444 1654 ἀδικῶν,
3469 1589 3700 1662 ὑϐρίσθη

2121 1681 2199 1746 ῶς
2246 1680 2498 1752 βλάπτων
2518 1722 2534 1747 ,
2575 1681 2987 1752 κατεγογγύσθη
3030 1681 3105 1744 ὡς
3150 1682 3199 1734 οἱ
3238 1680 3561 1744 κλέπτοντες
3607 1678 3704 1732 καὶ

435 1767 620 1816 tamen
656 1763 1022 1823 seditionibus
1057 1775 1116 1822 ut
1159 1768 1398 1838 injurius
1438 1771 1676 1842 agitatus
1709 1780 1816 1837 est,
1868 1787 2011 1827 con-

2127 1770 2497 1843 ωσφιζὸμενοι
2521 1811 2536 1835 ,
2572 1770 2967 1842 ἐϐλασφημήθη
3003 1771 3080 1835 ὠς
3109 1770 3498 1842 ἀνεπιστήμων
3540 1785 3705 1840 στραο

437 1853 599 1908 viciis
634 1863 696 1909 ut
717 1855 918 1913 laedens
954 1859 1179 1928 petitus,
1214 1867 1273 1914 ut
1301 1860 1544 1916 latrones
1572 1873 1627 1917 et
1667 1861 2019 1920 fraudatorcs

439 1960 721 2002 murmure
746 1947 1023 2018 turbatus,
1063 1950 1371 2008 maledictis
1409 1959 1470 2007 ut
1500 1953 1789 2024 imperitus
1842 1955 2018 2026 impe-

438 2042 592 2091 ratur
621 2051 684 2092 ac
724 2038 903 2096 malus
961 2039 1252 2110 praefectus
1301 2041 1619 2109 lacessitus,
1673 2044 2022 2116 periclitatus

435 2126 600 2180 etiam
631 2133 717 2182 est
752 2143 820 2183 ne
841 2128 965 2198 ipso
1002 2129 1265 2202 fungendi
1296 2132 1592 2189 sacerdotii
1620 2132 1804 2189 ofllcio
1840 2135 2022 2206 priva-

437 2224 609 2283 retur,
649 2219 873 2290 quando
901 2219 1115 2278 Dathan
1141 2230 1198 2278 et
1230 2223 1440 2280 Abiron
1472 2224 1680 2296 filiique
1704 2224 1847 2282 Core
1875 2226 2023 2284 sedi.

437 2308 638 2363 tiosam
669 2323 858 2365 secum
889 2311 1105 2381 plebem
1139 2327 1250 2367 una
1277 2321 1441 2384 rupto
1473 2313 1682 2371 foedere
1718 2330 1784 2371 ex
1815 2316 2020 2387 populo

438 2399 798 2466 abducentes,
830 2401 1048 2473 profani
1086 2418 1147 2459 se
1191 2405 1508 2462 sacerdotes
1553 2415 1868 2463 sanctorum
1897 2421 2018 2462 ma-

415 2505 547 2558 gno
566 2501 766 2548 conatu
793 2508 918 2550 esse
943 2495 1368 2563 contenderunt,
1401 2512 1467 2552 ac
1502 2497 1739 2554 feminas
1770 2499 1866 2567 qui
1903 2498 2020 2555 suf-

440 2583 601 2640 firent
631 2585 937 2658 elegerunt,
978 2597 1033 2644 et
1062 2605 1175 2644 non
1227 2591 1402 2646 multo
1437 2599 1564 2661 post
1601 2599 1796 2647 sancta
1826 2591 2021 2663 attige-

439 2684 590 2743 runt,
623 2676 915 2748 ignemque
942 2680 1238 2748 mysticum
1265 2680 1664 2748 accenderunt,"
1712 2682 1858 2754 quod
1897 2691 2022 2738 ante

440 2766 727 2823 incensum
772 2767 1065 2826 sufflantes
1109 2771 1346 2830 exussit.
1401 2769 1589 2843 Usque
1646 2772 1782 2827 adeo
1835 2773 2021 2843 populi

441 2857 766 2928 praefectura
803 2859 1152 2931 docendique
1188 2876 1392 2918 munus
1435 2877 1525 2918 res
1553 2869 1639 2918 est
1675 2860 2023 2916 offendiculis

439 2946 699 3011 obnoxia,
733 2955 791 3001 ut
836 2946 972 3004 Mosi
1011 2964 1080 3004 ne
1129 2949 1331 3007 fratres
1374 2951 1596 3022 quidem
1633 2951 2020 3021 pepercerim:

440 3039 571 3107 quin
598 3048 653 3094 et
674 3038 842 3095 Maria
881 3041 1304 3113 obloquebatur,
1353 3053 1408 3098 et
1457 3044 1644 3099 Aaron
1679 3044 2024 3100 conviciaba-

2126 1863 2291 1936 τηγδς
2327 1864 2420 1918 καὶ
2451 1862 2762 1935 προστάτης
2804 1863 2905 1917 οὐκ
2952 1861 3187 1930 ἀγαθὸς,
3219 1859 3560 1915 ἐκινδύνευσε
3606 1859 3704 1912 καὶ

2125 1954 2296 2025 αὐτῆς
2333 1952 2436 2023 τῆς
2477 1951 2775 2023 ἱερωσύνης
2800 1951 3177 2022 ἀπελαθῆναι,
3213 1950 3376 2021 ἡνίκα
3407 1948 3586 2003 Δαθάν
3610 1947 3710 2002 καὶ

2139 2045 2401 2118 ’Δϐειρὼν
2427 2046 2521 2099 καὶ
2549 2047 2655 2098 υἱοὶ
2680 2045 2823 2116 Κορέ
2848 2045 3019 2116 δῆμον
3049 2043 3321 2116 στασιώδη
3348 2042 3466 2114 μεθ’
3495 2041 3706 2094 ἑαυτῶν

2127 2138 2220 2192 τοῦ
2264 2136 2395 2191 λαοῦ
2433 2136 2865 2210 ἀπορρήξαντες,
2911 2137 3128 2208 βέϐηλοι
3173 2135 3283 2190 τῶν
3328 2135 3502 2204 ἀγίων
3543 2135 3708 2206 ίερεῖς

2128 2228 2490 2298 ἐφιλονείκουν
2522 2223 2695 2292 εῖναι,
2737 2229 2832 2282 καὶ
2875 2227 2976 2292 τὰς
3009 2226 3368 2298 θυμιατρίδας
3403 2224 3708 2296 μετεχειρί-

2129 2319 2299 2385 ζοντο,
2341 2319 2435 2373 καὶ
2462 2319 2585 2375 ὅσον
2625 2319 2836 2372 οὐδέπω
2875 2318 2982 2371 τῶν
3013 2319 3184 2386 ἁγίων
3223 2317 3482 2388 ἥπτοντο,
3518 2314 3613 2368 καὶ
3647 2313 3710 2366 τὸ

2129 2408 2240 2480 πῦρ
2289 2411 2526 2480 ἀνῆπτον
2568 2409 2629 2463 τὸ
2670 2408 2961 2480 μυστικὸν,
3013 2407 3042 2461 δ
3087 2409 3193 2479 πρὸ
3237 2407 3330 2461 τοῦ
3369 2405 3712 2477 θυμιάματος

2127 2502 2254 2564 τοὺς
2293 2500 2600 2570 θυμιῶντας
2643 2499 2962 2569 κατέφλεξε.
3002 2501 3114 2554 Kal.
3158 2498 3414 2553 τοσοῦτόν
3454 2497 3518 2567 γέ
3562 2499 3711 2552 ἐστιν

2128 2592 2602 2664 εὐπρόσκρουστον
2626 2591 2930 2662 προστασία
2956 2590 3088 2644 λαοῦ
3118 2591 3214 2644 καὶ
3246 2590 3306 2644 τὸ
3328 2590 3708 2660 διδασκαλικὸν

2128 2679 2462 2750 ἐπιτήδευμα
2487 2717 2503 2742 ,
2551 2678 2692 2732 ὥστε
2742 2678 2864 2732 οὐδὲ
2926 2680 2976 2732 οἱ
3037 2678 3255 2746 ἀδελφοὶ
3288 2679 3382 2732 τοῦ
3431 2680 3709 2744 Μωῦσέως

2128 2769 2445 2839 ἐφείσαντο⁶
2483 2769 2619 2824 ἀλλά
2659 2770 2752 2823 καλ⁸
2780 2770 2969 2841 Μαρία
3008 2770 3314 2836 κατελάλει,
3353 2771 3447 2825 καὶ
3496 2770 3711 2841 Ἀαρὼν

2129 2861 2423 2931 ἐλοιδόρει,
2456 2860 2551 2914 καὶ
2582 2859 2641 2942 ἐδ
2672 2860 2926 2930 φορτικὸν
2956 2860 3055 2931 τῆς
3103 2861 3280 2932 ἀρχῆς
3333 2862 3432 2932 τὴν
3476 2861 3712 2930 φυσικὴν

2130 2952 2446 3024 παρώξυνεν
2474 2952 2683 3010 εὔνοιαν
2704 2993 2719 3017 ,
2756 2951 2850 3006 καὶ
2881 2953 3010 3015 τοὺς
3051 2951 3414 3016 οἰκειοτάτους
3444 2951 3522 3022 τῷ
3549 2952 3712 3004 πολυ-

2134 3045 2318 3117 μόχθῳ
2343 3045 2498 3118 ἀνδρὶ
2524 3045 2914 3114 ἐπανέστησεν.
2963 3044 3102 3098 Ἀλλ’
3131 3043 3285 3097 οὐδὲν
3323 3044 3452 3113 περὶ
3478 3043 3655 3098 τοῦτο’
3683 3046 3713 3098 ὁ

441 3139 534 3185 tur
561 3149 576 3187 :
607 3147 674 3187 ae
704 3133 922 3206 imperii
953 3149 1098 3193 onus
1136 3135 1516 3218 importunum
1549 3137 1857 3193 naturalem
1891 3151 2022 3192 con-

2131 3135 2228 3207 μὲν
2251 3135 2360 3206 γὰρ
2379 3130 2446 3206 ἦν
2470 3134 2733 3203 Μωΰσῆς,
2751 3135 2846 3186 καὶ
2865 3132 3016 3186 οὐδὲν
3039 3131 3233 3186 ἐαυτοῦ
3252 3132 3450 3204 χείρων
3475 3131 3708 3201 ἐγένετο’

445 3226 645 3280 citavit
711 3226 1190 3294 benevolentiam,
1241 3237 1297 3283 et
1352 3227 1721 3285 amicissimos
1775 3244 2028 3300 quosque

441 3315 562 3370 viro
594 3315 872 3373 laborioso
898 3325 959 3372 ut
985 3319 1337 3390 insurgerent
1370 3319 1520 3375 fecit.
1556 3317 1756 3374 Verum
1789 3320 1927 3374 nihil
1958 3319 2023 3375 ad

442 3405 550 3461 hoc
581 3407 689 3474 ille,
726 3408 995 3478 siquidem
1032 3419 1152 3466 erat
1196 3419 1462 3481 perpetuo
1503 3409 1740 3484 Moyses,
1787 3419 1842 3467 et
1887 3413 2027 3468 nihil

444 3500 630 3568 seipso
655 3498 893 3556 deterior
918 3501 1203 3557 evadebat.
1232 3503 1316 3558 Ab
1343 3503 1455 3559 illis
1507 3517 1643 3558 vero
1673 3511 2024 3574 peccatorum

331 3613 335 3617 Α
445 3590 500 3645 in
528 3590 722 3646 ducem
755 3590 900 3650 Deus
933 3607 1126 3664 ρωπος
1155 3595 1361 3664 exegit,
1405 3609 1546 3661 quas
1588 3594 1833 3649 luerunt.
1881 3594 2025 3662 Quid

443 3684 537 3754 qui
564 3691 689 3755 post
710 3699 832 3739 eum
854 3683 1226 3756 praefuerunt?
1246 3683 1441 3740 Nonne
1467 3685 1786 3757 religionem
1819 3685 2025 3742 docens

444 3774 618 3831 Isaias
643 3789 796 3830 serra
826 3775 1101 3832 dissectus
1125 3776 1251 3833 est?
1297 3774 1492 3832 Nonne
1533 3775 1802 3832 Jeremias
1835 3784 2024 3832 contra

442 3866 652 3919 cultum
685 3865 953 3920 idolorum
996 3867 1338 3922 concionans
1360 3867 1602 3922 clamore
1634 3866 1896 3938 fatigatus
1919 3877 2024 3936 est,

445 3966 501 4012 et
526 3955 678 4010 lacus
701 3970 827 4010 eum
875 3962 932 4010 et
972 3954 1445 4010 catarrhactarum
1496 3955 1765 4026 supplicia
1796 3970 2026 4026 excepe-

445 4046 620 4103 runt?
641 4045 780 4101 Num
817 4045 1116 4102 Zacharias
1150 4047 1294 4102 inter
1322 4047 1583 4116 templum
1612 4055 1667 4103 et
1692 4047 1864 4102 altare
1882 4047 2026 4102 bello

447 4138 649 4206 petitus
676 4147 762 4193 est
789 4147 843 4192 et
871 4136 1224 4193 trucidatus?
1253 4137 1518 4193 Dominus
1563 4152 1785 4208 quoque
1836 4145 2026 4193 noster

445 4227 565 4298 ipse
598 4243 779 4286 nonne
805 4243 908 4300 pro
953 4228 1150 4285 ovibus
1193 4237 1382 4300 pastor
1430 4229 1650 4285 occisus
1695 4229 2027 4284 est‘Inonne

448 4320 636 4391 proiis
663 4335 804 4392 quos
841 4320 1153 4385 erudiebat.
1179 4322 1308 4377 odio
1344 4322 1570 4379 habitus
1605 4323 1758 4378 cruci
1789 4322 2025 4389 suffixus

445 4411 733 4479 est?Quid
760 4411 932 4468 Paulo
976 4421 1142 4482 caput
1186 4413 1473 4469 abscidit?
1516 4411 1658 4480 Quid
1701 4411 1923 4468 Petrum
1957 4412 2025 4466 ad

2129 3229 2181 3282 oi.
2231 3229 2288 3282 δέ
2327 3229 2436 3282 τῶν
2476 3230 2556 3293 είς
2603 3227 2696 3282 τὸν
2737 3225 2980 3298 ἡγεμόνα
3029 3225 3514 3297 πλημμελημάτων
3564 3225 3715 3296 παρὰ

2128 3317 2264 3372 Θεοῦ
2290 3317 2390 3382 τὰς
2413 3317 2566 3381 δίκας
2593 3318 2688 3372 καὶ
2709 3317 3090 3388 ἀπῃτήθησαν,
3125 3318 3221 3371 καὶ
3251 3317 3537 3372 ἀπέτισαν.
3567 3317 3632 3370 Τί
3663 3319 3712 3371 οἱ

2131 3410 2270 3481 μετά
2305 3410 2526 3477 τοῦτον;
2565 3409 2678 3480 Οὐχ
2719 3409 2950 3472 Ἡσαΐας
2980 3408 3080 3480 τὴν
3127 3409 3408 3464 εὐσέϐειαν
3448 3410 3714 3465 διδάσκων

2127 3501 2390 3573 ἐπρίσθη;
2428 3502 2548 3581 Οὐχ
2595 3501 2866 3572 Ἱερεμίας
2897 3500 2998 3571 τὴν
3030 3499 3477 3573 εἰδωλολατρείαν
3508 3503 3715 3570 ἀποκη-

2129 3593 2336 3668 ρύττων
2374 3591 2702 3664 κατεϐοήθη,
2751 3593 2845 3647 καὶ
2877 3591 3069 3646 λάκκοι
3112 3591 3274 3646 αὐτὸν
3322 3592 3418 3647 καὶ
3454 3593 3716 3663 τιμωρίαι

2127 3685 2528 3757 καταρῤακτῶν
2566 3683 2900 3749 διεδέξαντο;
2947 3683 3022 3736 Οὐ
3065 3683 3340 3755 Ζαχαρίας
3376 3683 3580 3755 μεταξύ
3620 3682 3716 3736 τοῦ

2126 3774 2257 3828 ναοῦ
2292 3775 2383 3828 καὶ
2410 3773 2504 3828 τοῦ
2539 3772 2926 3845 θυσιαστηρίου
2954 3773 3268 3846 ἐπολεμήθη
3295 3773 3387 3827 καὶ
3409 3772 3669 3843 ἐφονεύθη
3695 3789 3710 3836 ;

2139 3868 2200 3922 '0
2228 3866 2431 3936 Κύριος
2461 3866 2617 3937 ἡμῶν
2645 3865 2713 3938 [ὁ]
2747 3864 2909 3930 αὐτὸς
2938 3867 2999 3919 οὐ
3032 3865 3162 3937 περὶ
3200 3864 3308 3918 τῶν
3348 3863 3654 3936 προϐάτων,
3689 3864 3717 3915 δ

2127 3958 2353 4030 ποιμήν,
2399 3958 2644 4028 ἐσφάγης
2688 3957 2751 4011 οὐ
2799 3957 2930 4027 περὶ
2966 3957 3075 4010 τῶν
3105 3956 3506 4028 παιδευομένων
3552 3971 3716 4026 μισηο

2128 4049 2243 4112 θεὶς
2275 4037 2634 4118 ἐσταυρώθῆ;
2677 4047 2742 4100 Τί
2784 4046 2997 4101 Παῦλον
3027 4047 3128 4117 τῆς
3167 4046 3410 4118 κεφαλῆς
3438 4047 3712 4116 ἀπέτεμες

2127 4137 2179 4189 τί
2241 4135 2444 4206 Πέτρον
2500 4135 2594 4188 ἐπὶ
2642 4134 2734 4188 τὸν
2787 4135 3020 4208 σταυρὸν
3068 4134 3281 4205 ﬁnimus;
3335 4136 3386 4188 τί
3424 4137 3550 4200 τοὺς
3594 4136 3716 4190 καθ’

2127 4227 2356 4280 ἕκαστον
2379 4224 2484 4279 τῶν
2507 4225 2766 4298 μαθητῶν
2802 4228 2926 4292 ταῖς
2965 4227 3238 4292 ποικίλαις
3255 4227 3550 4300 τιμωρίαις
3577 4245 3718 4298 παρα

2129 4317 2362 4385 έδωκενς
2399 4318 2474 4372 Οὐ
2508 4317 2569 4371 τὸ
2593 4317 2825 4372 κωλύειν
2857 4319 2956 4390 τὴν
2996 4320 3288 4390 ἁμαρτίαν,
3323 4320 3418 4374 καὶ
3444 4318 3718 4373 παιδεύειν

2128 4409 2504 4481 δικαιοσύνην;
2579 4410 2692 4463 Ἀεὶ
2757 4409 2867 4481 γάρ
2926 4409 3112 4482 ἐχθροὶ
3172 4410 3282 4464 τῶν
3345 4411 3718 4480 ἐλεγχομένων

447 4519 666 4560 crucem
709 4505 981 4561 sustulit?
1022 4479 1166 4572 Quid
1213 4505 1464 4576 singulos
1516 4504 1815 4576 discipulos
1858 4505 2022 4560 variis

2137 4499 2392 4572 μαθητῶν
2429 4479 2477 4554 οἱ
2515 4500 2618 4572 τῆς
2658 4479 2919 4572 ἀληθείας
2958 4479 3112 4569 ίιρίλοι
3154 4518 3212 4554 τε
3255 4501 3349 4554 καὶ
3387 4479 3714 4554 διδάσκαλοι.

447 4595 739 4652 tormentis
760 4595 1035 4652 tradidit?
1065 4595 1262 4652 Nonne
1297 4596 1447 4668 quod
1496 4596 1857 4666 prohiberent
1897 4611 2026 4666 pec-

445 4699 652 4755 catum,
674 4696 729 4744 et
759 4687 1019 4745 docerent
1039 4688 1308 4759 justitiam
1333 4689 1358 4743 ?
1397 4687 1627 4760 Semper
1661 4688 1810 4744 enim
1849 4686 2023 4742 disci-

448 4778 595 4850 pulis
641 4793 781 4849 quos
844 4778 1283 4850 reprehendunt,
1337 4778 1502 4834 invisi
1575 4784 1706 4834 sunt
1766 4776 2021 4833 veritatis

447 4879 721 4927 amatores
747 4878 804 4926 et
835 4871 1102 4940 magistri.
1131 4869 1243 4926 Nos
1273 4881 1455 4926 autem
1479 4869 1726 4925 nondum
1768 4867 2021 4924 veritatis

449 4963 674 5020 nomine
718 4963 1008 5034 colaphum
1036 4963 1208 5018 ullum
1243 4961 1390 5034 passi
1421 4977 1637 5026 sumus,
1689 4974 1872 5031 neque
1918 4957 2020 5011 ad-

2143 4591 2337 4661 Ἡμεῖς
2365 4591 2420 4644 δὲ
2450 4591 2664 4644 οὐδέπω
2697 4591 2836 4662 ὑπὲρ
2863 4592 2962 4662 τῆς
2990 4592 3247 4662 ἀληθείας
3279 4592 3714 4664 ἐρραπίσθημεν,

2132 4682 2342 4735 οὐδέπω
2365 4683 2430 4753 τῇ
2455 4681 2617 4752 σαρκὶ⁵
2640 4679 2732 4734 τὸν
2755 4680 3002 4736 κίνδυνον
3029 4679 3346 4752 ἐδεξάμεθα.
3371 4681 3479 4734 Καὶ
3500 4681 3554 4734 τί
3580 4681 3717 4751 μέγα

2135 4772 2203 4828 ἂν
2230 4772 2644 4842 γογγυσθῶμεν,
2677 4773 2726 4825 oi
2756 4772 2852 4826 τοῦ
2879 4772 3280 4844 σταυρωθέντος
3309 4771 3542 4825 διάκονοι
3566 4789 3581 4838 ;
3633 4771 3717 4833 Ὦς

2131 4863 2310 4936 πατὴρ
2351 4864 2385 4934 ἢ
2429 4863 2612 4935 μήτηρ
2659 4861 2883 4936 δέχομαί
2923 4882 3016 4918 σου
3057 4864 3157 4930 τὰς
3215 4862 3587 4934 σκληρότητας
3627 4862 3718 4916 καὶ

2129 4955 2536 5029 παροξυσμούς.

451 5053 560 5108 huc
582 5058 832 5126 corporis
862 5055 1167 5126 periculum
1197 5054 1486 5110 subiimus.
1538 5051 1618 5108 Ac
1657 5050 1788 5121 quid
1829 5047 2008 5119 magni
2051 5063 2480 5113 murmuremus,
2513 5049 2608 5122 qui
2664 5050 2918 5107 crucifixi
2965 5049 3202 5106 ministri.
3247 5046 3482 5106 sumus?
3540 5042 3717 5102 Veluti

450 5157 606 5222 pater
628 5156 721 5203 aut
744 5155 919 5204 mater
965 5157 1089 5204 tuas
1134 5146 1466 5204 insolentias
1513 5143 2077 5216 exacerbationcsque
2118 5141 2445 5215 amplector.
