4096 6354
415 364 517 422 517

1733 368 1823 424 DE
1867 370 2334 431 VIRGINITA'I'E.

428 525 3648 565 Ἢ

1230 684 1459 771 ΤΟΥ
1549 686 1697 770 ΕΝ
1755 685 2119 774 ΑΓΙΟΙΣ

2230 690 2849 780 ΓΡΗΓΟΡΙΟΥ

1404 881 1762 995 ΠΕΡΙ
1822 882 2692 1000 ΠΑΡΘΕΝΙΑΣ

1097 1094 1471 1148 ΕΠΙΣΤΟΛΗ
1492 1095 2013 1150 ΠΡΟΤΡΕΠΤΙΚΗ
2036 1096 2161 1151 ΕΙΣ
2194 1100 2336 1153 ΤΟΝ
2364 1101 2515 1152 KAT’
2531 1100 2813 1156 ΑΡΕΊῊΝ
2827 1100 3004 1156 ΒΙΟΝ.

1503 1440 1598 1529 S.
1676 1441 1777 1528 P.
1850 1441 1968 1529 N.
2014 1440 2598 1533 GREGORII

1297 1674 1494 1785 DE
1604 1672 2793 1791 VIRGINI'I‘ATE.

1161 1892 1524 1950 EPISTOLA
1574 1890 2157 1949 EXIIORTATORIA
2204 1891 2306 1947 AD
2354 1890 2584 1948 FRUGI
2646 1891 2902 1949 νιΤΑΜ.

1622 2053 1799 2104 (Petro
1834 2050 2089 2105 Galesinio
2122 2054 2413 2117 interprete.
2443 2053 2461 2116 )

500 2418 560 2473 '0
591 2418 690 2490 μὲν
715 2417 914 2481 σκοπὸς
934 2417 1027 2471 τοῦ
1048 2416 1207 2486 λόγου
1235 2416 1402 2481 ἐστὶν,
1425 2415 1720 2486 ἐπιθυμίαν
1747 2415 1849 2487 τῆς
1870 2417 1990 2470 κατ’

2164 2415 2354 2473 Oratio
2406 2416 2521 2470 haec
2565 2414 2745 2471 omnis
2788 2430 2855 2472 eo
2884 2423 3117 2486 spectat,
3150 2424 3229 2480 ut,
3270 2415 3367 2488 qui
3415 2416 3538 2487 ejus
3570 2416 3676 2471 \‘im

418 2507 619 2579 ἀρετὴν
644 2507 794 2579 ζωῆς
822 2510 935 2571 τοῖς
978 2506 1394 2577 ἐντυγχάνουσιν
1431 2507 1749 2578 ἐμποιῆσαι·
1780 2506 1991 2559 πολλῶν

417 2598 473 2651 δὲ
504 2598 580 2667 τῷ
603 2599 893 2668 κοινοτέρῳ
920 2598 1038 2668 βίῳ,
1080 2596 1260 2658 καθὼς
1282 2597 1565 2665 ὠνόμασεν
1597 2597 1627 2647 ὁ
1656 2595 1799 2659 θεῖος
1831 2594 1993 2649 Ἀπόο

420 2688 622 2753 στολος,
646 2687 755 2740 τῶν
788 2684 1188 2757 περισπασμῶν
1217 2684 1573 2754 ἐγκειμένων,
1610 2683 1926 2754 ἀναγκαίως
1964 2685 1992 2737 ὁ

418 2778 591 2844 λόγος,
621 2777 809 2848 ῶσπερ
832 2776 955 2830 τινά
984 2776 1153 2846 θύραν
1178 2776 1271 2829 καὶ
1300 2775 1501 2829 εῐσοδον
1529 2775 1631 2845 τῆς
1663 2774 1992 2847 σεμνοτέρας

416 2868 723 2939 διαγωγῆς,
764 2868 854 2922 τὸν
896 2867 996 2938 τῆς
1038 2867 1334 2938 παρθενίας
1377 2866 1686 2920 ὑποτίθεται
1736 2866 1870 2936 βίον,
1917 2866 1994 2931 ὡς

416 2957 538 3009 οὕτε
568 2960 680 3020 τοῖς
700 2956 1025 3028 ἐμπλακεϊσι
1053 2960 1118 3028 τῇ
1145 2957 1239 3010 τοῦ
1267 2956 1381 3027 βίου
1404 2957 1675 3027 κοινότητι
1709 2958 1888 3027 ῥᾴδιον
1934 2956 1995 3010 τὸ

418 3047 541 3099 καθ’
569 3047 799 3118 ἡσυχίαν
840 3048 1289 3120 προσφιλοσοφείν
1330 3051 1394 3120 τῇ
1444 3048 1691 3120 θειοτέρα
1716 3048 1826 3120 ζωῇ
1850 3090 1865 3116 ,
1901 3048 1995 3102 καὶ

417 3143 529 3203 τοῖς
551 3139 982 3211 ἀποταξαμένοις
1010 3141 1187 3212 πάντη
1211 3140 1290 3212 τῷ
1313 3139 1615 3214 ταραχώδει
1646 3139 1765 3211 βίῳ,
1794 3140 1997 3213 πολλῆς

420 3231 670 3295 εὐκολίας
714 3230 881 3304 οὑσης
945 3234 1066 3297 ταῖς
1125 3232 1484 3303 ὑψηλοτέραις
1530 3231 1807 3304 ἀσχολίαις
1856 3248 1998 3303 παρ-

422 3323 659 3392 εδρεύειν
678 3324 1117 3395 ἀπερισπάστως.
1145 3324 1255 3376 Καὶ
1288 3324 1471 3395 ἐπειδὴ
1506 3324 1625 3377 καθ’
1660 3324 1856 3394 ἐαυτήν
1881 3340 1998 3386 πως

422 3414 697 3486 ἀργοτέρα
722 3414 859 3483 πρὸς
880 3414 942 3469 τὸ
971 3414 1177 3467 πείθειν
1210 3415 1358 3470 ἐστὶν
1384 3416 1417 3486 ἡ
1446 3415 1742 3486 συμϐουλὴ,
1776 3413 1870 3468 καὶ
1897 3415 1999 3468 οὑκ

423 3510 488 3563 ἀν
517 3525 600 3571 τις
624 3507 822 3578 ῥᾳδίως
845 3506 1183 3575 ὑπαγάγοιτό
1206 3523 1328 3559 τινα
1348 3505 1489 3577 ψιλῷ
1512 3505 1591 3576 τῷ
1609 3504 1752 3575 λόγῳ
1780 3505 1918 3577 πρός
1945 3522 1998 3558 τι

423 3597 531 3650 τῶν
558 3596 906 3666 ὠφελούντων
928 3596 1367 3666 ἐγκελευόμενος,
1397 3598 1445 3649 εί
1471 3596 1544 3667 μὴ
1573 3596 1837 3668 πρότερον
1867 3596 2001 3650 ἀπο-

427 3684 737 3755 σεμνύνειεν
780 3686 988 3751 ἐκεῖνο,
1026 3683 1165 3754 πρὸς
1200 3684 1229 3737 ὃ
1269 3684 1361 3739 τὸν
1406 3685 1682 3755 ἀκροατὴν
1716 3684 1997 3759 παρορμᾷο

425 3776 614 3829 τούτου
648 3775 808 3847 χάριν
839 3775 948 3829 ἀπὸ
971 3774 1080 3828 τῶν
1109 3774 1401 3845 ἐγκωμίων
1437 3774 1538 3845 τῆς
1570 3774 1868 3846 παρθενίας
1898 3776 2000 3844 ἀρ-

427 3867 677 3937 ξάμενος,
719 3866 893 3928 οὑτως
922 3867 1002 3929 είς
1020 3866 1119 3937 τὴν
1150 3864 1459 3938 συμϐουλὴν
1494 3866 1811 3937 καταλήγει.
1845 3866 2000 3921 Μᾶλ-

423 3958 513 4011 λον
544 3957 602 4011 δέ
634 3974 752 4021 πως
780 3956 875 4011 τοῦ
904 3959 961 4013 ἐν
989 3956 1205 4027 ἑκάστῳ
1237 3956 1424 4022 καλοῦ,
1458 3957 1552 4011 καὶ
1575 3956 1663 4010 διὰ
1690 3958 1789 4028 τῆς
1820 3974 2000 4029 παρα-

423 4049 626 4113 θέσεως
656 4048 766 4103 τῶν
787 4045 1045 4101 ἐναντίων
1080 4046 1505 4118 φανερουμένου,
1563 4046 1875 4116 ἀναγκαίως
1901 4047 2001 4101 καὶ

422 4144 523 4213 τῆς
553 4141 870 4212 δυσχερείας
895 4141 989 4194 τοῦ
1024 4140 1330 4212 κοινοτέρου
1361 4139 1476 4210 βίου
1508 4142 1696 4211 μνήμη
1723 4158 1811 4203 τις
1845 4143 2003 4209 γέγο-

423 4252 532 4289 νεν.
573 4229 708 4288 Εἶτα
733 4232 1036 4304 εὑμεθόδως
1060 4232 1352 4305 ὑπογραφή
1397 4248 1481 4296 τις
1518 4231 1862 4303 παρεισήχθη
1902 4232 1997 4286 τοῦ

424 4326 563 4380 κατά
591 4324 905 4396 φιλοσοφίαν
941 4323 1091 4395 βίου,
1134 4324 1231 4378 καὶ⁵
1258 4322 1319 4376 τὸ
1385 4322 1462 4394 μὴ
1503 4322 1763 4376 δύνασθαι
1805 4322 1997 4376 τούτου

424 4417 604 4487 ωχεῖν
635 4415 731 4468 τὸν
758 4415 818 4468 ἐν
850 4416 1143 4485 κοσμικαῖς
1171 4413 1300 4467 ὄντα
1333 4413 1632 4485 φροντίσιν,
1668 4414 1999 4468 κατεσκευά-

427 4507 547 4577 σθη.
580 4506 691 4577 Τῆς
712 4505 769 4558 δέ
799 4502 1114 4575 σωματικῆς
1151 4504 1445 4574 ἐπιθυμίας
1472 4502 1749 4576 ἀργούσης
1785 4504 1843 4556 ἐν
1884 4506 1998 4567 τοῖς

424 4595 877 4666 ἀποταξαμένοις,
907 4595 1213 4659 ἀκολούθως
1250 4594 1558 4667 ἐπεζητήθη
1593 4595 1646 4648 τί
1684 4596 1747 4649 τὸ
1784 4594 1997 4666 ἀληθῶς

424 4686 777 4758 ἐπιθυμητὸν.
811 4680 887 4741 Οὑ
913 4686 1071 4758 χάριν
1101 4686 1195 4741 καὶ
1219 4686 1317 4755 τὴν
1344 4685 1743 4757 ἐπιθυμητικὴν
1769 4684 1997 4773 δύναμιν

425 4778 577 4848 παρά
615 4777 708 4830 τοῦ
732 4775 1074 4848 Δημιουργοῦ
1113 4776 1213 4846 τῆς
1251 4775 1464 4846 φύσεως
1504 4775 1660 4847 ήμῶν
1708 4774 1994 4845 ἐλάϐομεν.

424 4868 626 4922 Τούτου
649 4866 706 4922 δὲ
728 4869 848 4922 καθ’
870 4868 995 4922 ὅσον
1022 4861 1133 4921 οἷόν
1163 4885 1223 4920 τε
1249 4863 1317 4938 ἦν
1338 4866 1790 4934 ἐκκαλυφθέντος,
1821 4867 1993 4937 ἐφάνη

423 4961 728 5026 ἀκολούθως
764 4961 859 5015 καί
889 4977 1009 5015 τινα
1045 4960 1262 5032 μέθοδον
1309 4959 1445 5031 πρὸς
1483 4959 1546 5012 τὸ
1585 4963 1765 5030 τυχεῖν
1805 4958 1994 5012 τούτου

2096 2515 2490 2575 assequuntur,
2520 2503 2588 2559 iis
2615 2503 2859 2574 profecto
2893 2505 3018 2559 vitae
3046 2506 3311 2570 honestae,
3347 2512 3402 2560 et
3427 2518 3549 2575 qua:
3567 2504 3679 2559 vir-

2092 2597 2194 2650 tuti
2245 2594 2482 2650 maxime
2530 2595 2840 2663 conveniat,
2896 2596 3128 2650 allatura
3162 2596 3234 2652 sit
3279 2596 3676 2666 cupiditatem;

2092 2684 2375 2758 permulta:
2409 2685 2555 2741 enim
2586 2700 2711 2739 cum
2753 2686 2885 2751 sint,
2922 2694 2979 2741 ut
3019 2687 3190 2742 divini
3229 2686 3477 2757 Apostoli
3512 2686 3679 2742 verbo

2098 2784 2242 2841 utar,
2289 2775 2701 2840 distractiones,
2757 2792 2881 2847 qua:
2913 2777 3191 2832 communi
3237 2776 3520 2835 hominum
3555 2778 3679 2831 vita'

2095 2867 2451 2939 impendent;
2499 2867 2819 2923 necessario
2860 2867 2974 2921 haec
3005 2866 3227 2938 quidem
3272 2868 3469 2931 oratio,
3522 2867 3679 2937 quasi

2096 2960 2365 3030 quosdam
2420 2959 2716 3015 sanctioris
2746 2959 3053 3029 disciplinae
3084 2958 3289 3023 aditus,
3333 2968 3497 3029 atque
3533 2957 3679 3014 fores

2095 3050 2378 3121 virginalis
2406 3050 2530 3105 vita:
2562 3050 2803 3106 rationes
2835 3050 3159 3105 constituit:
3202 3057 3464 3121 tanquam
3506 3064 3679 3120 neque

2096 3139 2187 3204 iis,
2207 3141 2299 3210 qui
2331 3141 2383 3194 in
2416 3140 2518 3195 hac
2536 3140 2664 3195 vita:
2686 3140 2933 3211 vulgaris
2961 3140 3224 3195 societate
3252 3140 3502 3210 occupati
3530 3149 3678 3203 sunt,

2098 3232 2258 3288 facile
2289 3232 2360 3288 sit
2388 3232 2568 3287 otioso
2610 3232 2795 3287 animo
2832 3248 2891 3289 se
2919 3232 3205 3287 divinioris
3239 3231 3362 3285 vitae
3412 3229 3681 3286 institutis

2099 3324 2333 3389 tradere,
2369 3331 2422 3378 et
2460 3323 2589 3388 illis,
2620 3324 2716 3394 qui
2744 3324 2813 3379 ab
2843 3324 2993 3378 omni
3024 3324 3353 3378 turbulenta:
3386 3323 3510 3377 vitae
3543 3337 3674 3377 con-

2099 3416 2392 3472 suetudine
2430 3431 2489 3471 se
2538 3425 2909 3481 removerunt,
2947 3415 3105 3472 valde
3153 3424 3464 3485 promptum
3508 3415 3578 3469 sit
3618 3429 3683 3469 ac

2101 3504 2279 3568 facile,
2317 3504 2373 3559 in
2402 3504 2747 3575 gravioribus
2782 3520 2966 3560 rerum
2992 3504 3304 3559 divinarum
3336 3502 3538 3559 studiis
3564 3503 3683 3559 sine

2102 3599 2211 3655 ulla
2259 3597 2698 3669 interpellatione
2728 3612 2792 3652 ac
2832 3596 3004 3652 libere
3043 3597 3275 3652 versari.
3308 3597 3374 3650 Et
3422 3597 3681 3667 quoniam

2104 3692 2289 3760 aliquo
2316 3689 2482 3745 modo
2511 3688 2806 3744 consilium
2854 3702 2953 3758 per
2979 3703 3039 3743 se
3071 3702 3179 3743 non
3212 3687 3438 3742 multam
3465 3688 3532 3741 ad
3561 3702 3685 3757 per-

2105 3782 2445 3839 suadendum
2497 3782 2607 3835 vim
2642 3780 2829 3844 habet,
2872 3793 3051 3849 neque
3102 3778 3197 3848 qui
3239 3777 3307 3832 ad
3338 3793 3427 3834 res
3471 3779 3683 3849 aliquas

2104 3874 2268 3929 utiles
2323 3880 2378 3929 et
2424 3871 2694 3928 salutares
2745 3869 3094 3934 adhortatur,
3152 3868 3315 3925 facile
3368 3871 3682 3940 quempiam

2103 3962 2339 4033 simplici
2377 3963 2672 4018 verborum
2709 3959 2924 4014 ratione
2958 3957 3148 4024 ﬂectit,
3184 3958 3290 4014 nisi
3330 3959 3465 4014 illud
3511 3974 3680 4013 unum

2101 4058 2231 4106 ante
2268 4052 2526 4121 graviter,
2559 4057 2614 4104 et
2640 4049 2819 4118 ample
2852 4048 3223 4115 exornaverit,
3256 4048 3319 4102 ad
3347 4051 3495 4119 quod
3523 4050 3677 4103 audi-

2100 4149 2271 4196 torem
2313 4139 2492 4210 ipsum
2548 4137 2829 4207 impellere
2880 4138 3104 4194 studet:
3157 4145 3447 4208 propterea
3503 4140 3681 4193 oratio

2098 4232 2237 4298 haec,
2266 4246 2389 4301 qua:
2416 4229 2651 4286 consilio
2675 4228 3027 4284 concluditur
3054 4238 3109 4285 et
3138 4230 3484 4294 terminatur,
3514 4245 3544 4283 a
3572 4230 3682 4285 vir—

2098 4324 2346 4396 ginitatis
2378 4322 2632 4377 laudibus
2654 4335 2849 4377 exorsa
2874 4328 2981 4377 est.
3009 4320 3142 4389 Quae
3168 4328 3350 4377 autem
3378 4321 3578 4393 cuique
3604 4323 3680 4377 rei

2099 4415 2221 4471 laus
2243 4412 2577 4480 attribuitur,
2608 4426 2672 4467 ea
2699 4412 2828 4482 quia
2850 4426 3034 4467 rerum
3064 4412 3207 4467 inter
3231 4427 3291 4469 se
3319 4413 3679 4484 pugnantium

2100 4505 2465 4577 appositione,
2513 4505 2677 4576 quasi
2718 4505 3069 4560 contentione
3102 4505 3359 4575 quadam,
3413 4506 3683 4562 illustrior

2098 4598 2177 4663 ﬁt,
2212 4613 2320 4653 non
2353 4598 2472 4653 sine
2497 4611 2668 4653 causa
2699 4612 2728 4650 a
2748 4596 2912 4652 nobis
2942 4596 3337 4662 molestiarum,
3364 4612 3429 4653 ac
3456 4597 3682 4653 diﬂicul-

2098 4697 2293 4753 tatum,
2336 4689 2535 4759 quibus
2570 4688 2811 4743 humana
2844 4688 2952 4742 vita
2983 4687 3234 4753 allicitur,
3297 4690 3502 4745 mentio
3537 4688 3681 4746 facta

2094 4792 2196 4837 est.
2230 4781 2433 4836 Deinde
2458 4780 2754 4850 explicatio
2791 4779 3067 4850 quasdam,
3098 4788 3152 4835 et
3182 4780 3272 4834 illa
3305 4779 3522 4850 quidem
3550 4779 3678 4835 bre—

2097 4875 2181 4929 vis
2213 4883 2299 4929 est
2332 4871 2643 4927 introducta
2669 4872 2795 4927 vita:
2821 4872 2990 4935 illius,
3024 4887 3147 4943 qua:
3180 4872 3536 4943 philosophia:
3554 4888 3681 4928 con-

2098 4974 2357 5023 sentanea
2417 4969 2523 5027 est,
2575 4962 2823 5033 illudque
2867 4977 3001 5019 sane
3039 4963 3363 5019 conclusum
3411 4972 3518 5029 est,
3569 4978 3680 5019 non

423 5049 707 5121 ἐπινοῆσαι
738 5048 833 5103 τοῦ
858 5048 1085 5118 ἀγαθοῦ.
1113 5048 1323 5119 Εὑρέθη
1345 5047 1521 5101 τοίνυν
1557 5048 1764 5120 ἀληθὴς
1791 5047 1994 5119 παρθε-

2098 5070 2261 5125 posse
2289 5068 2409 5108 eam
2448 5052 2576 5105 vitae
2609 5052 2880 5107 rationem
2915 5066 3246 5122 quemquam
3293 5053 3534 5122 assequi,
3585 5054 3679 5120 qui

422 5143 544 5207 νξα,
576 5143 610 5211 ἡ
639 5140 839 5205 παντὸς
864 5140 960 5194 τοῦ
988 5140 1050 5205 ἐξ
1090 5138 1376 5211 ἁμαρτιῶν
1416 5138 1694 5209 μολυσμοῦ
1725 5136 1995 5208 καθαρεύ-

419 5247 575 5295 ουσα,
602 5231 738 5302 πρὸς
762 5230 858 5301 τὴν
877 5231 1131 5301 τοιαύτην
1157 5230 1398 5285 ἐπίνοιαν
1426 5230 1744 5301 ἐπιτηδείως
1775 5229 1990 5299 ἔχουσα·

422 5326 562 5381 ὥστε
610 5323 787 5378 πάντα
816 5323 910 5377 τὸν
940 5321 1029 5375 διά
1072 5321 1238 5391 μέσου
1273 5321 1463 5389 λόγον,
1497 5321 1601 5374 κᾶν
1648 5320 1785 5391 πρὸς
1828 5320 1993 5389 ἐτερά

418 5435 541 5472 τινα
572 5416 789 5487 βλέπειν
817 5415 970 5486 δοκῇ,
994 5414 1131 5486 πρὸς
1153 5413 1215 5467 τὸ
1250 5413 1351 5483 τῆς
1378 5411 1675 5484 παρθενίας
1701 5411 1993 5466 συντείνειν

420 5508 715 5580 ἐγκώμιον.
745 5506 857 5571 Τάς
900 5508 959 5561 δέ
1004 5506 1233 5579 μερικάς
1278 5505 1561 5576 ὑποθήκας
1611 5504 1704 5559 τοῦ
1750 5507 1992 5559 τοιούτου

422 5600 562 5670 βίου,
591 5600 713 5652 ὅσαι
734 5600 845 5660 τοῖς
869 5597 1111 5668 ἀκριϐῶς
1138 5595 1384 5667 μετιοῦσι
1411 5594 1513 5668 τὴν
1539 5596 1838 5668 σεμνότητα
1866 5595 1995 5649 ταύ-

310 5708 318 5715 ·
421 5709 519 5762 την
556 5689 1012 5759 ἐπετηδεύθησαν,
1058 5688 1275 5757 φεύγων
1316 5689 1417 5759 τὴν
1458 5687 1724 5757 ἀμετρίαν
1762 5690 1790 5740 ὁ
1835 5688 1991 5755 λόγος

422 5782 759 5854 παρέδραμε,
793 5779 1088 5843 καθολικῶς
1126 5797 1186 5832 τε
1212 5780 1299 5835 διὰ
1320 5779 1427 5834 τῶν
1459 5779 1832 5850 γενικωτέρων
1865 5797 2002 5850 παρ-

2101 5149 2157 5201 in
2211 5145 2467 5201 humanis
2522 5144 2759 5215 negotiis
2809 5144 3033 5198 omnino
3082 5153 3355 5198 versatur.
3407 5142 3515 5198 Sed
3552 5159 3679 5199 cum

2098 5252 2311 5300 eorum,
2340 5236 2433 5307 qui
2464 5250 2650 5290 rerum
2701 5234 3063 5288 humanarum
3103 5248 3293 5290 curam
3338 5233 3675 5304 abiecerunt,

2098 5328 2347 5398 corporis
2368 5326 2644 5397 cupiditas
2672 5324 2954 5380 debilitata
2976 5324 3070 5391 sit,
3096 5332 3151 5381 et
3174 5324 3333 5395 quasi
3356 5325 3678 5395 languescat

2102 5420 2383 5491 appetitio,
2438 5417 2572 5473 illud
2616 5417 2744 5472 item
2777 5414 2971 5472 ordine
3011 5416 3301 5486 quaesitum
3346 5423 3453 5481 est,
3492 5432 3614 5486 qua:
3647 5432 3679 5471 ι

2100 5511 2258 5566 nobis
2299 5525 2388 5565 res
2428 5508 2501 5565 sit
2542 5522 2674 5563 vere
2712 5505 3035 5577 appetenda.
3079 5506 3251 5577 Cujus
3285 5492 3361 5561 rei
3402 5507 3577 5579 gratia
3610 5507 3679 5562 ab

2100 5617 2166 5657 eo
2191 5600 2284 5671 qui
2310 5608 2523 5655 natura:
2550 5606 2755 5653 nostra:
2780 5595 3005 5652 eﬂ’cctor
3030 5603 3137 5661 est,
3168 5596 3344 5666 ipsam
3380 5596 3677 5666 appetitio-

2099 5696 2185 5749 nis
2218 5694 2327 5745 vim
2375 5699 2738 5760 naturamque
2782 5687 2884 5745 nos
2926 5690 3257 5759 accepimus.
3298 5688 3415 5755 Qua
3450 5687 3673 5758 quidem

2098 5797 2175 5847 re,
2203 5781 2378 5854 quoad
2403 5781 2517 5837 ﬁeri
2547 5783 2742 5853 potuit,
2773 5781 2931 5852 plane
2956 5780 3253 5851 explicata,
3295 5795 3471 5851 neque
3501 5779 3667 5834 etiam
