4096 6354
425 323 534 382 319

1665 340 1724 396 S.
1765 340 2093 400 GREGOBII
2131 344 2424 401 NYSSENI

3581 353 3687 410 320

428 447 760 510 praepostere
800 443 980 500 visum
1020 452 1127 515 est,
1161 448 1428 505 rationem
1474 453 1790 523 quamdam,
1844 465 2007 530 atque

2111 462 2470 535 ἀγγελμάτων
2527 464 2892 535 προσαγαγὼν
2954 465 3056 539 τὴν
3110 465 3452 539 παραίνεσιν,
3518 470 3695 540 ἐμπε.

429 531 574 582 viam
599 531 878 604 indagare,
910 552 1018 607 qua
1049 538 1154 594 hoc
1177 556 1310 597 sane
1332 535 1535 598 bonum
1567 561 2006 618 assequeremur.

437 618 571 674 Vera
603 623 788 693 igitur,
816 635 868 684 et
893 630 1068 685 solida
1096 633 1380 704 virginitas
1411 651 1534 692 cum
1571 641 1734 697 nullis
1761 651 2011 711 peccato-

432 727 555 766 rum
585 716 844 772 sordibus
877 720 1206 787 obsolescat,
1245 739 1310 779 ea
1344 727 1413 781 ad
1449 727 1590 784 hanc
1625 729 1796 801 ipsam
1856 733 2009 788 inda-

433 804 708 873 gationem
759 807 979 863 inventa
1021 819 1106 866 est
1141 814 1298 870 valde
1343 821 1774 876 accommodata.
1805 823 2010 890 Quam-

431 895 618 950 obrem
647 913 987 970 quaecunque
1008 901 1111 958 hac
1144 907 1394 962 oratione
1417 912 1664 980 exposita
1696 924 1845 980 sunt,
1905 918 2010 973 etsi

434 985 543 1038 alio
568 997 817 1055 spectare
847 991 1120 1060 videntur,
1152 998 1336 1052 omnia
1364 1006 1543 1056 tamen
1574 1004 1640 1058 ad
1672 1005 1813 1062 hanc
1843 1008 2007 1079 virgi-

433 1070 611 1124 nalem
638 1072 850 1128 laudem
882 1077 1041 1145 plane
1066 1078 1399 1142 referuntur.
1429 1085 1654 1160 Singula
1677 1094 1821 1147 enim
1847 1070 2009 1165 hujus

434 1162 558 1218 vita:
591 1178 859 1238 praecepta
901 1177 1065 1241 atque
1091 1174 1366 1239 instituta,
1399 1194 1521 1248 quae
1559 1181 1850 1252 diligenter
1882 1162 2010 1240 sunt

432 1261 488 1308 ct
516 1267 772 1314 accurate
819 1264 1036 1318 exculta
1078 1265 1147 1320 ab
1190 1267 1275 1332 iis,
1319 1271 1411 1340 qui
1448 1284 1651 1328 sancta:
1683 1277 1807 1330 vita:
1846 1277 2008 1346 hujus

433 1347 727 1416 participes
745 1360 896 1416 sunt,
928 1354 1152 1410 nimiam
1177 1359 1467 1414 verborum
1492 1363 1704 1433 copiam
1721 1365 2006 1439 ellngiens,

433 1436 550 1491 haec
595 1444 870 1507 percurrit
918 1446 1130 1502 oratio:
1168 1463 1234 1503 ac
1271 1451 1572 1521 generatim
1619 1470 1716 1525 per
1763 1436 2008 1513 commu-

433 1526 524 1581 nia
567 1541 835 1602 praecepta
869 1535 1256 1595 adhortatione
1290 1542 1580 1612 producta,
1635 1563 1724 1602 res
1762 1549 2008 1616 singulas

431 1618 508 1672 ita
533 1622 769 1690 quodam
806 1627 968 1681 modo
1000 1631 1435 1701 comprehendit,
1465 1645 1524 1690 ut
1551 1651 1727 1706 neque
1759 1655 1848 1695 res
1870 1642 2008 1697 ullas

431 1715 775 1771 necessarias
822 1727 1130 1787 praetereat,
1167 1738 1344 1794 neque
1379 1735 1533 1782 extra
1575 1731 1792 1784 modum
1842 1748 2006 1804 vage-

2113 555 2358 627 ριείληφε
2381 555 2580 627 τρόπον
2599 559 2720 612 τινὰ
2739 557 2806 612 τὰ
2825 557 3179 613 καθέκαστον·
3196 559 3271 622 ὡς
3298 561 3434 630 μήτε
3461 577 3514 614 τι
3546 579 3690 634 παρ-

2115 647 2242 701 ιδεῖν
2287 646 2403 702 τῶν
2448 648 2762 718 ἀναγκαίων
2787 687 2804 715 ,
2854 650 2950 706 καὶ
2999 650 3097 720 τὴν
3143 651 3407 722 ἀμετρίαν
3450 652 3690 720 φυλάξε-

2113 739 2258 796 σθαι.
2284 741 2479 806 Ἔθους
2507 742 2565 796 δέ
2598 744 2764 797 πᾶσιν
2794 742 2965 810 ὄντος,
2994 743 3398 816 προθυμότερον
3421 748 3688 818 ἀντιλαμ-

2111 829 2370 886 ϐάνεσθαι
2401 832 2600 895 παντὸς
2639 834 3093 906 ἐπιτηδεύματος,
3124 837 3177 890 ετ
3216 853 3370 900 τινας
3403 839 3462 890 ἐν
3498 839 3690 908 ἐκείνῳ

2111 923 2680 994 προευδοκιμήσαντας
2714 926 2843 990 ῐδοι,
2874 926 3190 995 ἀναγκαίως
3217 929 3310 981 καὶ
3336 927 3446 984 τῶν
3475 930 3533 982 ἐν
3559 929 3689 997 ἀγα-

2114 1012 2214 1084 μίᾳ
2233 1013 2649 1086 διαλαμψάντων
2683 1017 2854 1086 ἁγίων
2885 1018 3106 1089 μνήμην
3136 1019 3536 1089 ἐποιησάμεθα.
3579 1022 3690 1074 Καὶ

2112 1104 2299 1177 ἐπειδὴ
2345 1106 2419 1178 μὴ
2462 1106 2715 1162 τοσοῦτον
2744 1109 2812 1163 τὰ
2861 1112 2918 1163 ἐν
2946 1113 3058 1173 τοῖς
3094 1110 3428 1181 διηγήμασιν
3472 1111 3686 1165 ὑποδεί-

2111 1213 2298 1266 γματα
2347 1197 2600 1254 δύνανται
2633 1200 2769 1273 πρὸς
2822 1201 3158 1272 κατόρθωσιν
3207 1203 3447 1273 ἀρετῆς,
3500 1203 3622 1256 ὅσον
3652 1206 3686 1275 ή

2113 1286 2262 1351 ζῶσα
2296 1289 2483 1361 φωνὴ,
2518 1292 2609 1344 καὶ
2639 1291 2706 1345 τὰ
2747 1291 3114 1363 ἐνεργούμενα
3143 1291 3252 1346 τῶν
3292 1291 3512 1360 ἀγαθῶν
3547 1292 3683 1345 ύπο-

2110 1377 2416 1448 δείγματα·
2482 1381 2796 1450 ἀναγκαίως
2833 1382 2969 1452 πρὸς
3016 1381 3094 1453 τῷ
3143 1383 3287 1436 τέλει
3345 1381 3439 1435 τοῦ
3486 1381 3646 1455 λόγου
3671 1422 3687 1447 ,

2110 1468 2205 1522 τοῦ
2260 1469 2676 1527 θεοσεῦεστάτου
2740 1474 3040 1528 ἐπισκόπου
3099 1475 3194 1528 καὶ
3253 1473 3466 1544 Πατρός
3531 1473 3687 1543 ἡμῶν

2111 1560 2570 1632 ἐπεμνήσθημεν,
2629 1563 2705 1627 ὡς
2737 1565 2897 1636 μόνου
2940 1566 3180 1630 δυνατῶς
3221 1565 3437 1636 ἔχοντος
3467 1563 3538 1618 τὰ
3574 1581 3687 1617 τοι-

2111 1651 2250 1706 αῦτα
2296 1654 2596 1710 παιδεύειν.
2668 1656 2736 1709 Ἦ
2790 1657 2846 1710 δὲ
2904 1659 3090 1729 μνήμη
3135 1658 3236 1711 οὐκ
3289 1657 3376 1712 ἐπ’
3429 1655 3688 1726 ὀνόματος

2112 1746 2354 1815 γέγονεν,
2401 1745 2536 1800 ἀλλά
2581 1745 2670 1800 διά
2713 1766 2875 1802 τινων
2917 1753 3314 1820 γνωρισμάτων
3374 1749 3436 1803 τὸ
3485 1751 3689 1804 ἐκεῖνον

431 1810 541 1858 tur.
583 1806 719 1860 Cum
751 1818 930 1865 autem
965 1811 1019 1866 in
1064 1829 1216 1871 more
1259 1825 1422 1888 atque
1460 1820 1738 1876 hominum
1770 1839 2004 1882 consuc-

2109 1806 2244 1890 εἶναι
2287 1806 2377 1891 τὸν
2409 1837 2736 1910 δηλούμενον
2776 1841 2805 1893 ό
2843 1806 2999 1908 λόγος
3028 1806 3276 1911 ᾖνίέατο·
3332 1839 3418 1893 ἵνα
3466 1840 3542 1911 μὴ
3574 1840 3688 1901 τοῖς

432 1894 622 1951 tudine
661 1899 793 1952 illud
835 1903 1072 1971 positum
1106 1907 1200 1972 sit,
1233 1917 1293 1962 ut
1338 1925 1530 1968 omnes
1563 1913 1629 1967 iis
1662 1915 2006 1984 potissimum

2109 1928 2244 1998 μετὰ
2294 1894 2474 1982 ταῦτα
2507 1894 2859 2000 καθομιλοῦσι
3201 1894 3690 2002 ἀνόνητοςιήισυμί

431 2001 557 2042 sese
588 1990 786 2046 studiis
816 1993 968 2060 dent,
999 2012 1231 2067 quorum
1266 2000 1429 2056 laude
1460 2004 1610 2060 viros
1639 2006 1882 2063 illustres
1914 2026 2007 2065 ex-

2109 1990 2268 2090 δουλὴ
2307 2014 2449 2074 εἶναι
2476 2019 2602 2092 δόξῃ
2622 1990 2745 2091 [τῷ
2779 1990 3106 2094 παρελθόντί
3135 1990 3242 2075 ’τὸν
3281 1990 3395 2092 βίόν
3425 1990 3688 2093 προσφόιο

430 2077 610 2134 titisse
667 2081 926 2148 viderint,
985 2090 1298 2145 necessario
1350 2092 1445 2162 qui
1494 2095 1786 2152 cmlibatus
1836 2099 2007 2168 gloria

2109 2109 2202 2178 τᾷν
2235 2077 2362 2173 τοὺς
2391 2077 2937 2180 νέους-ἐγκελεύουισα
2962 2129 2975 2144 ’
3007 2111 3143 2166 ἀλλά
3190 2077 3326 2183 πρός
3367 2077 3526 2166 τοῦτο
3564 2077 3689 2182 ἑλέ-

428 2168 753 2239 ﬂoruerunt,
794 2190 890 2230 eos
925 2177 1009 2246 pie
1039 2183 1613 2241 commemoravimus.
1659 2185 1727 2240 Ει
1749 2188 2007 2256 quoniam

2109 2214 2298 2262 ποντες
2325 2201 2501 2270 μόνον,
2533 2195 2645 2256 οἷον
2689 2198 2829 2255 εἶναι
2868 2203 3135 2275 προσήκει
3166 2203 3257 2258 τὸν
3284 2203 3524 2257 τοιούτου
3558 2201 3676 2271 βίου

428 2277 608 2332 neque
647 2267 810 2322 rebus
868 2270 1160 2326 narrandis
1212 2275 1461 2345 exempla
1517 2277 1584 2332 ad
1625 2279 1843 2337 virtutis
1883 2297 2007 2352 per-

2113 2267 2451 2362 anqutijv,
2481 2290 2808 2360 ἐκλέγωνται
2836 2267 3050 2356 ἑαυτοῖς
3076 2295 3156 2357 είς
3182 2293 3403 2364 όδηγίαν
3433 2267 3568 2355 τοὺς*
3587 2291 3680 2344 ἀεὶ

429 2353 721 2412 lectionem
771 2367 980 2416 tantum
1011 2364 1228 2434 quidem
1277 2369 1536 2424 momenti
1575 2369 1798 2440 habent,
1833 2388 2007 2444 quan-

2112 2353 2398 2447 παράντῆς
2419 2353 2515 2432 τοῦ
2550 2353 2684 2433 Θεόῦ
2718 2380 2939 2452 χάριτος
2968 2353 3048 2445 είς
3079 2353 3416 2452 προστασίαν
3436 2381 3535 2451 τῆς
3571 2379 3691 2432 κατ’

429 2453 546 2500 tum
559 2457 706 2504 certe
732 2450 894 2507 habet
915 2462 1027 2508 tum
1052 2469 1155 2508 vox
1175 2455 1317 2519 viva,
1343 2466 1456 2513 tum
1482 2462 1716 2518 maxime
1734 2467 2005 2536 exempla,

2112 2469 2314 2541 ἀρετὴν
2342 2471 2619 2535 πολιτείας
2650 2450 3143 2544 ἀναδεικνυμένοιςλ
3177 2475 3212 2544 ἢ
3257 2471 3367 2545 γὰρ
3395 2450 3692 2544 εὑρήσουσι

429 2549 551 2603 qua:
579 2550 668 2592 res
699 2539 972 2596 salutares
1007 2542 1238 2612 gignunt
1264 2565 1278 2602 :
1319 2545 1527 2602 idcirco
1553 2548 1681 2617 jure
1709 2557 1763 2606 et
1793 2556 2007 2620 merito,

2112 2539 2202 2611 τόν
2225 2539 2579 2631 ζητούμενον,
2610 2563 2644 2632 ἦ
2668 2558 2781 2616 οἷον
2819 2563 2926 2635 χρὴ
2943 2539 3088 2620 *εἶναι
3113 2539 3216 2620 οὐκ
3239 2539 3618 2637 ἀγνοήσουσιν.

429 2624 533 2680 hac
555 2641 724 2698 prope
748 2640 992 2686 extrema
1016 2636 1287 2700 oratione,
1315 2638 1711 2708 religiosissimi
1735 2644 2008 2716 episc0pi,
2084 2655 2140 2704 et
2201 2648 2384 2705 Patris
2426 2652 2601 2709 nostri
2648 2654 3020 2720 meminimus,
3057 2654 3218 2723 quasi
3259 2670 3401 2709 unus
3447 2654 3693 2710 omnium

428 2718 667 2775 maxime
746 2723 924 2792 possit
1003 2723 1117 2782 hzec
1166 2727 1282 2797 ipsa
1331 2745 1453 2799 quae
1502 2733 1797 2802 quaerimus
1850 2736 2068 2794 docere.
2109 2739 2314 2797 Mentio
2365 2749 2546 2799 autem
2577 2743 2697 2814 ejus
2749 2761 2862 2800 non
2894 2718 3216 2801 nominatim
3255 2747 3400 2802 facta
3442 2755 3548 2810 est,
3594 2747 3690 2803 sed

427 2829 497 2868 cx
519 2813 846 2885 quibusdam
880 2817 1054 2889 signis
1083 2822 1262 2876 oratio
1291 2822 1409 2893 ipsa
1448 2826 1687 2886 ostendit
1714 2842 1838 2883 eum
1865 2843 2008 2894 esse,
2049 2847 2210 2901 quem
2261 2849 2364 2890 nos
2414 2813 2787 2906 signiﬁcamus
2819 2855 2834 2892 :
2871 2844 2928 2892 ut
2970 2854 3040 2894 ne
3073 2838 3167 2908 qui
3214 2846 3401 2909 postea
3469 2838 3524 2893 in
3587 2836 3692 2890 hoc

429 2921 683 2963 sermone
721 2919 1030 2976 versantur,
1085 2911 1136 2968 id
1174 2916 1464 2970 consilium
1515 2917 1583 2973 iis
1625 2918 1874 2975 videatur
1951 2922 2166 2989 inutile,
2233 2925 2301 2991 si,
2349 2926 2443 2996 qui
2485 2928 2539 2981 in
2596 2928 2736 2984 hanc
2781 2930 2998 2985 vivendi
3072 2930 3213 2984 viam
3261 2929 3668 3000 ingrediuntur,

429 3012 490 3053 se
510 2999 576 3052 ad
602 2998 834 3068 juvenes
858 3002 1111 3058 conferre
1136 3004 1485 3073 juberentur.
1534 3009 1603 3064 At
1630 3026 1760 3066 vero
1788 3011 1892 3067 hoc
1923 3013 2102 3069 solum
2147 3015 2204 3070 hi
2233 3016 2519 3086 intuendo,
2548 3034 2742 3090 nempe
2810 3022 3029 3090 qualem
3095 3036 3218 3077 esse
3260 2998 3451 3076 deceat
3527 3017 3690 3086 hujus

427 3089 556 3146 vita:
602 3092 1025 3157 moderatorem,
1065 3095 1306 3168 deligant
1355 3113 1452 3155 eos
1500 3101 1606 3155 sibi
1659 3101 1854 3172 duces,
1907 3105 2003 3176 qui
2043 3121 2269 3164 munere
2295 3124 2360 3164 ac
2377 3089 2714 3182 benignitate
2739 3089 2841 3167 Dei
2858 3112 3097 3169 instituti
3121 3121 3270 3179 sunt,
3331 3122 3391 3167 ut
3449 3112 3691 3167 honestae

427 3186 556 3242 vitae
583 3187 746 3258 hujus
780 3189 1088 3248 rationibus
1117 3193 1381 3263 praesint:
1431 3195 1510 3251 ita
1533 3197 1679 3253 enim
1711 3208 1807 3255 aut
1836 3199 2117 3260 invenient
2147 3203 2202 3259 id
2223 3205 2370 3276 quod
2390 3213 2687 3277 quaerunt;
2723 3219 2840 3274 aut,
2898 3208 3063 3280 quale
3127 3207 3234 3264 hoc
3293 3223 3417 3265 esse
3473 3208 3679 3265 debeat

427 3292 542 3335 non
579 3277 928 3350 ignorabunt.

1123 3373 1275 3430 CAP.
1303 3376 1347 3430 1.

716 3460 875 3518 Omni
896 3463 1053 3518 laude
1071 3466 1408 3532 prmtantior
1427 3468 1721 3538 virginitas.

500 3553 746 3620 Augusta
795 3555 884 3608 illa
930 3555 1257 3626 virginitatis
1303 3557 1551 3627 quaedam
1605 3561 1764 3630 quasi
1816 3560 2001 3629 facies,

429 3658 554 3714 quae
598 3659 722 3698 eum
766 3645 821 3703 in
871 3645 1045 3714 pretio
1091 3654 1171 3701 est
1212 3647 1357 3718 apud
1396 3663 1587 3705 omnes
1627 3650 1720 3720 qui
1757 3651 1823 3706 de
1860 3653 2006 3708 bono

429 3737 647 3794 sincere
671 3736 946 3806 judicent,
975 3744 1088 3792 tum
1120 3738 1187 3794 iis
1216 3739 1350 3794 solis
1377 3741 1666 3812 contingit,
1707 3744 1907 3812 quibus
1937 3745 2004 3799 ad

431 3828 754 3899 praeclarum
784 3827 890 3883 hoc
925 3829 1167 3884 studium
1207 3830 1300 3884 Dei
1333 3833 1506 3901 gratia
1542 3833 1776 3905 benigne
1823 3836 2006 3905 Opitu-

432 3921 596 3982 letur,
640 3918 727 3974 vel
768 3933 836 3973 ex
881 3919 1106 3975 nomine
1151 3936 1262 3991 quo
1303 3924 1682 3993 compellatur,
1736 3927 2005 3999 insignem

431 4008 646 4065 laudem
677 4008 876 4063 habet:
914 4022 1043 4063 nam
1073 4009 1474 4078 incorruptum,
1507 4027 1630 4081 qua:
1658 4027 1763 4068 vox
1807 4015 1864 4070 in
1896 4017 2008 4071 vir-

427 4101 661 4174 ginitate
706 4100 774 4156 de
824 4098 1125 4155 multorum
1177 4103 1579 4159 consuetudine
1626 4104 1847 4170 dicitur,
1886 4105 2007 4176 ejus

429 4193 798 4263 integritatem
837 4191 1130 4262 signiﬁcat.
1163 4191 1348 4264 Itaque
1380 4209 1448 4250 ex
1476 4209 1544 4250 eo
1598 4197 1824 4253 nomine
1861 4199 2008 4268 quod

429 4284 772 4340 tantumdem
812 4284 1012 4348 valeat,
1055 4284 1363 4356 intelligere
1389 4294 1476 4342 est
1500 4285 1662 4357 hujus
1690 4286 1819 4343 doni
1871 4305 2006 4360 pra:-

429 4375 691 4433 stantiam
718 4393 732 4430 :
764 4375 1060 4446 siquidem,
1094 4391 1219 4431 cum
1249 4377 1417 4432 multa
1449 4378 1561 4433 sint
1592 4394 1716 4449 quae
1744 4395 1868 4435 cum
1899 4381 2009 4436 vir-

2038 3398 2087 3463 (Ξ

2717 3384 2966 3440 ΚΕΦΑΛ.
3006 3388 3086 3445 A'.

2315 3475 2436 3530 Ὅτι
2464 3475 2744 3544 κρείττων
2773 3477 3078 3546 ἐγκωμίων
3101 3479 3139 3547 ἠ
3173 3480 3482 3545 παρθενία.

2177 3567 2250 3622 Τὸ
2277 3568 2471 3638 σεμνὸν
2497 3570 2596 3640 τῆς
2622 3567 2919 3639 παρθενίας
2957 3565 3114 3633 εἶδος,
3159 3569 3188 3622 ὃ
3215 3571 3350 3623 πᾶσι
3380 3571 3478 3641 μὲν
3507 3571 3691 3643 τίμιόν

2104 3660 2221 3713 ἐστι
2246 3661 2356 3723 τοῖς
2383 3658 2444 3712 τὸ
2468 3657 2633 3712 καλὸν
2669 3661 2728 3713 ἐν
2762 3657 3095 3730 καθαρότητι
3125 3661 3370 3730 κρίνουσι
3393 3676 3406 3689 °
3448 3662 3689 3733 παραγί-

2105 3766 2253 3804 νεται
2269 3749 2326 3802 δέ
2351 3749 2534 3820 μόνοις
2556 3745 2642 3813 οἷς
2662 3750 2728 3804 ἂν
2756 3751 2903 3821 ήτοῦ
2927 3751 3062 3804 Θεοῦ
3092 3753 3254 3823 χάρις
3284 3753 3530 3823 εὐμενῶς
3553 3755 3687 3825 πρὸς

2103 3838 2204 3907 τὴν
2233 3838 2444 3909 ἀγαθὴν
2464 3839 2666 3911 ταύτην
2691 3840 2986 3912 ἐπιθυμίαν
3020 3844 3480 3914 συναγωνίσηταγ
3504 3847 3689 3901 αὐτόθι

2110 3929 2208 4000 μὲν
2235 3929 2345 4000 ἔχει
2368 3929 2460 3984 τὸν
2482 3930 2760 4002 πρέποντα
2787 3931 3030 3996 ἔπαινον,
3053 3933 3163 3987 ἀπὸ
3189 3935 3290 4004 τῆς
3311 3938 3686 4009 προσηγορίας

2103 4021 2205 4091 τῆς
2252 4022 2758 4094 συνονομαζομένης
2801 4025 2962 4095 αὐτῇ.
3009 4025 3082 4078 Τὸ
3131 4026 3241 4098 γὰρ
3283 4027 3517 4100 ἄφθορον
3547 4030 3688 4084 κατά

2105 4112 2204 4183 τὴν
2237 4112 2522 4183 συνήθειαν
2562 4113 2671 4166 τῶν
2701 4114 2910 4168 πολλῶν
2940 4115 3033 4168 ἐπὶ
3061 4118 3162 4186 τῆς
3202 4117 3499 4189 παρθενίας
3528 4119 3686 4190 λεγόο

2109 4218 2290 4272 μενον,
2338 4203 2669 4272 σημαντικόν
2704 4205 2819 4258 ἐστι
2862 4207 2962 4275 τῆς
2997 4209 3056 4257 ἐν
3105 4206 3243 4278 αὐτῇ
3293 4209 3681 4281 καθαρότητος.

2109 4295 2272 4347 Ὥστε
2296 4292 2383 4348 διὰ
2401 4293 2494 4348 τοῦ
2525 4294 2968 4365 ίσοδυναμοῦντος
2997 4296 3259 4367 ὀνόματος
3280 4298 3426 4354 ἐστιν
3449 4302 3684 4371 ἐπιγνῶ-

2109 4403 2197 4440 ναι
2241 4385 2342 4457 τὴν
2377 4385 2682 4458 ὑπερϐολὴν
2727 4385 2823 4439 τοῦ
2855 4386 3099 4441 τοιούτου
3137 4388 3493 4461 χαρίσματος,
3529 4393 3686 4463 εἴπερ

429 4475 548 4522 tute
601 4475 883 4536 gerantur,
926 4467 1106 4522 solum
1153 4468 1258 4522 hoc
1297 4469 1600 4539 incorrupti
1646 4471 2009 4540 appellatione

427 4569 683 4614 ornatum
708 4566 813 4614 est.
845 4557 943 4613 Sin
975 4567 1156 4614 autem
1193 4559 1518 4614 beneficium
1552 4560 1657 4614 hoc
1689 4560 1784 4616 Dei
1805 4561 2007 4633 Optimi

2109 4565 2266 4620 τοῦτο
2290 4569 2359 4637 τῇ
2400 4567 2686 4638 ἐπωνυμία
2720 4565 2816 4620 τοῦ
2847 4567 3125 4639 ἀφθάρτου
3169 4569 3478 4640 τετίμηται.
3522 4572 3586 4626 Et
3627 4572 3685 4624 δέ

427 4649 650 4707 Maximi
696 4649 862 4704 etiam
917 4649 1328 4720 pradicandum
1367 4657 1475 4714 est,
1522 4650 1752 4707 sufﬁciet
1780 4654 1846 4707 ad
1889 4653 2007 4724 ejus

2110 4657 2216 4730 χρὴ
2247 4658 2340 4710 καὶ
2371 4658 2441 4712 δι’
2472 4657 2762 4728 ἐγκωμίων
2786 4657 2990 4728 ταύτην
3016 4659 3108 4713 τοῦ
3139 4660 3391 4726 Μεγάλου
3417 4661 3552 4715 Θεοῦ
3579 4663 3686 4716 δω-

425 4739 959 4797 commendationem
1012 4739 1617 4812 divinus-Apostolus,
1675 4745 1767 4814 qui
1819 4747 2005 4815 paucis

2109 4749 2238 4820 ρεὰν
2279 4749 2693 4819 ἀποσεμνύνειν,
2738 4750 2898 4821 ἀρκεῖ
2940 4750 3077 4822 πρὸς
3118 4753 3394 4824 εὐφημίαν
3435 4753 3607 4825 αὐτῆς
3654 4756 3684 4808 ὁ

426 4830 612 4887 verbis
659 4844 879 4884 omnem
926 4829 1151 4884 laudum
1201 4830 1685 4901 amplilicationem
1725 4832 2002 4897 obscuret,

2109 4840 2244 4904 θεῖος
2288 4839 2607 4903 Ἀπόστολος
2627 4878 2645 4904 ,
2681 4839 2750 4894 δι’
2777 4841 2972 4910 ὀλίγων
2999 4843 3260 4912 ῥημάτων
3290 4845 3472 4900 πᾶσαν
3512 4847 3686 4914 ἐγκω-

425 4931 675 4979 sanctam
703 4928 870 4991 atque
906 4920 1241 4993 inculpatam
1273 4937 1391 4976 eam
1419 4924 1722 4993 appellans,
1759 4941 1880 4996 quae
1903 4925 2007 4980 hoc

2109 4931 2242 5000 μίων
2282 4929 2588 5003 ὑπερϐολὴν
2620 4929 2946 5001 ἀποκρύψας
2965 4971 2980 4994 ,
3010 4930 3068 4994 ὃς
3101 4933 3266 5000 ἁγίαν
3313 4933 3409 4987 καὶ
3455 4933 3686 5005 ἄμωμον

424 5029 659 5072 munere
709 5023 902 5070 ornata
958 5013 1050 5068 sit.
1092 5012 1250 5079 Quod
1294 5014 1341 5070 si
1379 5016 1525 5070 enim
1550 5025 1794 5086 augusta:
1843 5017 2007 5088 hujus

2109 5021 2200 5094 τὴν
2225 5021 2642 5093 κεκοσμημένην
2669 5021 2760 5076 διὰ
2776 5022 2875 5092 τῆς
2896 5007 3118 5094 χάριτος
3149 5023 3353 5094 ταύτης
3383 5023 3682 5095 ὠνόμασεν.

423 5106 761 5178 virginitatis
789 5121 855 5162 ea
881 5113 968 5162 est
992 5103 1331 5176 perfunctio.
1360 5113 1421 5161 ut
1449 5107 1761 5178 inculpatus
1786 5123 1851 5164 ac
1880 5124 2007 5163 san-

2109 5113 2166 5165 Εί
2195 5111 2304 5184 γὰρ
2332 5111 2390 5164 τὸ
2417 5109 2748 5182 κατόρθωμα
2778 5111 2878 5180 τῆς
2903 5113 3108 5182 σεμνῆς
3144 5112 3344 5183 ταύτης
3391 5113 3686 5183 παρθενίας

423 5205 550 5253 ctus
585 5198 860 5255 elliciare:
893 5214 974 5255 ea:
1021 5205 1207 5254 autem
1245 5214 1406 5254 voces
1452 5200 1672 5271 proprie
1717 5215 1784 5256 ac
1828 5200 2007 5271 primo

2113 5203 2250 5268 ἐστὶ,
2289 5203 2351 5256 τὸ
2393 5203 2620 5280 ἀμωμόν
2650 5218 2774 5256 τινα
2804 5201 3062 5270 γενέσθαι
3099 5204 3192 5256 καὶ
3225 5204 3411 5273 ἅγιον·
3431 5204 3608 5260 ταῦτα
3627 5205 3686 5259 δὲ

423 5285 495 5341 ad
525 5286 829 5358 incorrupti
873 5286 969 5343 Dei
1007 5287 1240 5359 gloriam
1273 5296 1642 5360 usurpantur:
1689 5303 2006 5360 ecquaenam

2111 5297 2180 5352 τά
2217 5296 2456 5366 ὀνόματα
2483 5293 2688 5366 κυρίως
2729 5293 2826 5348 καὶ
2847 5294 3080 5366 πρώτως
3106 5295 3187 5358 είς
3211 5295 3368 5360 δόξαν
3397 5297 3687 5367 παραλαμ-

423 5375 606 5446 major
638 5393 763 5434 esse
801 5387 984 5450 potest
1023 5379 1149 5437 laus
1184 5378 1534 5452 virginitatis,
1579 5395 1745 5452 quam
1789 5381 2005 5438 ostendi

2111 5389 2331 5444 ὃάνεται
2361 5384 2454 5441 τοῦ
2482 5385 2759 5457 ἀφθάρτου
2784 5385 2944 5441 Geo-3'
2967 5385 3051 5450 τίς
3081 5385 3282 5458 μείζων
3306 5387 3522 5452 ἔπαινος
3547 5405 3687 5460 παρ-

421 5480 547 5522 eam
587 5467 655 5523 iis
678 5469 844 5525 rebus
883 5481 1164 5528 castorum
1203 5486 1432 5528 suorum
1466 5486 1798 5529 arcanorum
1831 5472 2005 5544 parti-

2112 5479 2326 5542 θενίας,
2359 5477 2392 5548 ἢ
2423 5477 2484 5530 τὸ
2529 5477 2910 5549 ἀποδειχθῆναι
2953 5477 3043 5533 διὰ
3091 5477 3296 5533 τούτων
3336 5478 3685 5534 θεοποιοῦσαν

2110 4474 2318 4528 πολλῶν
2341 4475 2510 4530 ὄντων
2526 4475 2634 4529 τῶν
2668 4477 2790 4530 κατ’
2811 4476 3012 4548 ἀρετὴν
3041 4478 3495 4550 ἐπιτελουμένων,
3526 4481 3685 4551 μόνον

424 5557 578 5627 cipes
604 5558 764 5629 quasi
798 5560 932 5618 deos
961 5561 1201 5630 efﬁcere,
1230 5573 1291 5620 ut
1317 5564 1452 5622 socii
1482 5564 1708 5636 quidam
1737 5565 1849 5622 sint
1881 5565 2002 5635 glo-

425 5648 525 5704 ria:
555 5650 728 5707 solius
754 5667 881 5709 vere
901 5654 1078 5709 sancti
1106 5661 1276 5727 atque
1307 5655 1569 5726 inculpati
1607 5654 1724 5720 Dei,
1759 5657 2005 5712 necessi-

425 5740 619 5801 tudine
665 5756 791 5801 cum
829 5760 895 5803 eo
949 5746 1188 5818 puritate
1223 5754 1389 5821 atque
1420 5748 1733 5821 integritate
1783 5757 2000 5804 contra-

2108 5570 2307 5640 τρόπον
2347 5565 2470 5620 τινὰ
2519 5567 2646 5629 τοὺς
2689 5567 2794 5620 τῶν
2851 5567 3109 5640 καθαρῶν
3155 5570 3325 5640 αὐτῆς
3372 5569 3686 5641 μυστηρίων

2111 5656 2534 5732 μετεσχηκότας,
2559 5658 2638 5719 εἰς
2674 5657 2736 5710 τὸ
2763 5657 3017 5726 γενέσθαι
3050 5660 3248 5722 αὐτοὺς
3275 5664 3564 5725 κοινωνοὺς
3583 5660 3687 5730 τῆς

2107 5751 2262 5823 δόξης
2290 5749 2380 5804 τοῦ
2406 5747 2570 5820 μόνου
2594 5747 2670 5813 ὡς
2697 5749 2912 5824 ἀληθῶς
2944 5752 3101 5824 ἁγίου
3141 5755 3232 5808 καὶ
3259 5753 3488 5825 ἀμώμου
3510 5753 3644 5806 Θεοῦ
3665 5793 3682 5818 ,
