4096 6354
420 380 519 435 5‘2!

1779 375 1867 432 DE
1907 375 2377 433 VIRGINITATE.

3582 377 3687 433 323

416 496 506 551 διὰ
529 492 902 565 καθαρότητος
934 489 1085 562 αύτῷ
1122 490 1218 545 καὶ
1240 488 1547 560 ἀφθαρσίας
1573 489 1999 561 οἰκειουμένους.

2108 490 2307 545 henda.
2344 489 2672 560 Quicunque
2716 504 2848 547 vero
2885 490 3100 563 longius
3153 489 3420 545 orationis
3472 488 3685 559 digres-

418 588 573 641 ’Ὀσοι
615 585 671 638 δὲ
709 584 952 655 μακροὺς
992 582 1249 647 ἐπαίνους
1290 584 1348 635 ἐν
1385 583 1696 647 διεξοδικῶς
1741 582 1996 637 κατατεί-

416 694 564 731 νουσι
593 676 791 746 λόγοις,
814 675 889 738 ὡς
910 675 997 729 διὰ
1022 674 1227 728 τούτων
1252 674 1651 746 προσθήσοντές
1678 692 1728 728 τι
1761 672 1839 745 τῷ
1867 673 1999 728 θαύο

423 787 549 842 ματι
578 766 676 838 τῖινς
699 766 1019 839 παρθενίας,
1050 766 1339 836 λελήθασιν
1368 766 1614 830 ἑαυτοὺς,
1650 766 1792 819 κατά
1814 784 1879 834 γε
1901 766 1999 837 τὴν

420 860 559 929 ἐμὴν
598 856 799 928 κρίσιν,
841 854 1241 925 ἐναντιούμενοι
1282 854 1360 926 τῷ
1406 855 1520 925 ίδίῳ
1568 854 1775 925 σκοπῷ-
1818 854 1888 907 δι’
1925 847 2001 908 ὧν

417 950 726 1020 ἐξαίρουσιν
760 948 838 1011 είς
885 945 1140 1017 μέγεθος,
1173 944 1414 998 ὕποπτον
1460 945 1739 1007 ποιοῦντες
1776 943 1866 997 διὰ
1894 942 2002 997 τῶν

419 1040 710 1110 ἐγκωμίων
745 1039 834 1092 τὸν
859 1038 1101 1091 ἔπαινον.
1127 1036 1269 1089 Ὅσα
1296 1035 1405 1108 γάρ
1440 1038 1497 1089 ἐν
1518 1039 1586 1107 τῇ
1624 1034 1783 1105 φύσει
1809 1035 1870 1089 τὸ
1900 1053 2000 1105 με-

418 1131 633 1200 γαλεῖον
666 1130 780 1200 ἔχει
804 1170 820 1195 ,
861 1129 1070 1183 οἴκοθεν
1092 1129 1151 1182 τὸ
1180 1129 1364 1200 θαῦμα
1402 1129 1692 1197 ἐπάγεται,
1723 1129 1877 1182 οὐδὲν
1901 1128 2002 1199 τῆς

419 1223 485 1275 ἐκ
522 1219 629 1273 τῶν
657 1220 833 1288 λόγων
868 1220 1197 1290 συνηγορίας
1225 1218 1471 1289 δεόμενα·
1497 1219 1749 1291 καθάπερ
1783 1221 1811 1272 6
1846 1221 2006 1292 ούρα-

418 1312 528 1375 νὸς,
558 1312 592 1382 ἢ
618 1313 646 1365 6
679 1311 851 1382 ἥλιος,
878 1311 910 1382 ἢ
952 1310 1079 1365 ἄλλο
1104 1329 1155 1364 τι
1190 1310 1299 1364 τῶν
1326 1310 1421 1364 τοῦ
1456 1311 1660 1384 κόσμου
1683 1312 1783 1366 θαυ
1795 1312 2000 1384 μάτωνο

419 1411 532 1470 τοῖς
559 1408 615 1461 δὲ
648 1406 1051 1475 ταπεινοτέροις
1094 1405 1202 1458 τῶν
1229 1406 1680 1476 ἐπιτηδευμάτων
1713 1408 1833 1461 ἀντὶ
1875 1408 2005 1461 ὑπο-

421 1500 628 1570 ϐάθρας
663 1500 691 1552 6
722 1499 877 1567 λόγος
916 1498 1216 1570 γινόμενος,
1261 1498 1527 1569 μεγέθους
1561 1499 1682 1553 τινὰ
1707 1500 2003 1568 φαντασίαν

420 1589 508 1641 διὰ
544 1589 645 1657 τῆς
682 1587 790 1641 τῶν
819 1587 1055 1641 ἐπαίνων
1093 1587 1370 1655 περινοίας
1408 1588 1784 1659 προστίθησιν.
1836 1588 2003 1644 Ὅθεν

421 1678 684 1742 πολλάκις
727 1679 788 1731 τὸ
834 1679 898 1730 ἐκ
946 1677 1052 1731 τῶν
1100 1679 1392 1748 ἐγκωμίων
1458 1678 2003 1750 κατασκευαζόμενον

2103 583 2352 639 sionibus
2388 581 2554 651 hujus
2584 583 2661 637 rei
2688 582 2852 637 latius
2885 584 3161 652 explicant
3182 581 3393 646 laudes,
3424 581 3584 649 quasi
3616 596 3683 633 cx

2103 676 2207 730 hoc
2249 674 2453 745 aliquid
2508 674 2817 729 admirabili
2869 676 2996 730 huic
3027 674 3280 746 virginali
3333 674 3520 729 studio
3573 675 3683 727 sint

2103 768 2364 830 addituri,
2394 767 2449 821 hi
2488 767 2736 838 profecto
2768 768 2901 821 mihi
2941 768 3154 837 seipsos
3202 768 3457 838 ignorare
3490 764 3683 819 viden-

2104 868 2215 922 tur,
2242 874 2364 913 cum
2394 874 2508 914 sua:
2530 859 2812 913 sententiae
2846 872 3187 927 magnopere
3211 856 3314 927 ipsi
3344 864 3677 927 repugnent:

2102 950 2303 1019 quibus
2333 950 2478 1003 enim
2507 950 2774 1005 encomiis
2811 964 2870 1005 se
2904 950 2981 1004 rei
3016 950 3443 1020 magnitudinem
3490 950 3683 1019 ampli-

2108 1040 2268 1096 ticare
2285 1041 2646 1103 arbitrantur.
2668 1040 2861 1095 iisdem
2885 1049 3192 1110 suspectam
3216 1039 3421 1095 faciunt
3440 1040 3678 1095 Iaudem.

2104 1131 2237 1186 Nam
2280 1148 2403 1202 qua:
2450 1140 2644 1185 natura
2689 1133 2986 1195 excellunt,
3032 1131 3449 1186 admirationem
3495 1146 3681 1186 secum

2104 1222 2361 1288 aﬂ‘erunt,
2424 1237 2604 1292 neque
2661 1223 2971 1275 orationum
3034 1220 3336 1291 patrocinio
3398 1221 3679 1291 indigent:

2104 1315 2285 1385 qualia
2320 1324 2449 1370 sunt
2474 1316 2694 1375 coelum.
2732 1316 2835 1377 sol,
2869 1324 3176 1385 cauet-aque
3204 1315 3259 1368 id
3293 1316 3529 1385 generis,
3562 1329 3683 1385 quae

2106 1403 2161 1458 in
2186 1405 2333 1460 omni
2367 1407 2528 1466 cwlo.
2559 1414 2612 1460 et
2658 1415 2800 1459 terra
2842 1405 3045 1473 aliquid
3091 1405 3410 1459 admirabile
3437 1405 3678 1459 habent:

2105 1496 2491 1551 humilioribus
2535 1506 2713 1551 autem
2758 1497 2955 1551 studiis
2985 1497 3162 1550 oratio
3194 1512 3290 1565 pro
3327 1496 3684 1554 fundamento
3734 1502 3737 1505 λ

2104 1589 2381 1660 proposita
2417 1590 2653 1658 aliquam
2684 1588 3078 1657 magnitudinis
3115 1589 3424 1656 Opinionem
3462 1590 3683 1645 laudum

2106 1681 2336 1735 artiﬁcio
2366 1682 2631 1751 adjungit.
2663 1680 2849 1750 Itaque
2880 1682 2935 1734 lit
2966 1682 3285 1751 plerumque
3311 1689 3368 1735 ut
3394 1681 3684 1737 admiratio

424 1770 644 1841 θαῦμα,
679 1770 754 1833 ὡς
793 1768 1181 1839 σεσοφισμένον
1228 1768 1701 1822 καθυποπτεύεται
1749 1769 1855 1822 ὑπὸ
1891 1770 2000 1822 τῶν

2105 1786 2227 1841 quae
2255 1773 2524 1825 encomiis
2577 1780 2947 1841 comparatur,
2987 1772 3150 1826 veluti
3192 1773 3562 1827 commcntitia
3616 1774 3685 1829 ab

424 1837 745 1934 ἀνθρώπων.
780 1837 1038 1923 Ἐπαινος
1066 1859 1122 1912 δὲ
1165 1859 1321 1930 μόνος
1357 1860 1539 1923 ἱκανὸς
1568 1860 1669 1930 τῆς
1701 1860 1996 1932 παρθενίας

2105 1837 2418 1917 hominibus
2447 1837 3017 1933 suspecta'habeatur.
3054 1862 3195 1934 Ergo
3220 1864 3336 1918 lucc
3373 1866 3489 1920 laus
3513 1866 3683 1935 virgi-

422 1954 575 2019 ἐστὶ,
614 1956 675 2006 τὸ
712 1952 995 2025 κρείττονα
1051 1952 1158 2005 τῶν
1201 1952 1435 2005 ἐπαίνων
1472 1947 1609 2006 εἶναι
1659 1952 1757 2023 τὴν
1798 1951 2000 2024 ἀρετὴν

422 2043 806 2113 ἀποφήνασθαι
830 2082 846 2108 ,
886 2043 978 2096 καὶ
1017 2042 1096 2113 τῷ
1139 2042 1237 2112 βίῳ
1281 2041 1560 2112 θαυμάσαι
1611 2042 1873 2113 μᾶλλονῆ
1922 2042 2001 2113 τῷ

421 2135 562 2205 λόγῳ
586 2134 685 2206 τὴν
723 2133 1091 2205 καθαρότητα’
1126 2135 1154 2186 6
1180 2132 1235 2186 δέ
1267 2132 1522 2185 ὑπόθεσιν
1554 2133 1844 2203 ἐγκωμίων
1868 2133 2000 2187 ταύο

422 2244 521 2298 την
548 2226 652 2280 ὑπὸ
695 2225 1000 2296 φιλοτιμίας
1045 2222 1397 2292 ποιούμενος,
1439 2224 1582 2278 εοικε
1624 2225 1723 2291 τὴν
1769 2225 2001 2293 σταγόνα

422 2318 530 2370 τῶν
558 2316 774 2372 οἰκείων
803 2316 1041 2390 ἱδρώτων
1070 2318 1347 2384 ἀξιόλογον
1388 2318 1465 2379 είς
1498 2316 1813 2388 προσθήκην
1851 2315 2002 2385 νομί-

426 2407 541 2471 ζειν
566 2408 642 2478 τῷ
665 2409 875 2481 ἀπείρῳ
901 2408 1125 2475 πελάγει
1155 2408 1504 2478 γενήσεσθαι,
1530 2406 1643 2475 εἴγε
1677 2406 2001 2479 ἀνθρωπίνῳ

426 2499 570 2571 λόγῳ
592 2500 814 2554 δυνατὸν
840 2498 977 2554 εἶναι
1009 2502 1105 2571 τὴν
1134 2500 1405 2570 τοσαύτην
1437 2500 1599 2571 χάριν
1631 2498 2001 2568 ἀποσεμνύναι

430 2592 812 2648 πεπίστευκεν.
848 2592 919 2644 ’Ἦ
958 2592 1067 2660 γὰρ
1096 2592 1193 2662 τὴν
1234 2591 1427 2646 ἑαυτοῦ
1456 2591 1684 2659 δύναμιν
1730 2590 1933 2656 ἀγνοεῖ,
1965 2588 1999 2658 ἢ

423 2684 454 2737 6
481 2684 692 2737 ἐπαινεῖ
713 2683 812 2735 οὐκ
833 2681 1139 2736 ἐπίσταται.

2102 1954 2292 2008 nitatis
2321 1953 2538 2022 egregia
2567 1961 2674 2016 est,
2705 1960 2763 2006 ut
2789 1952 3001 2007 scilicet
3040 1961 3249 2007 statuat
3277 1954 3400 2023 quis
3428 1954 3682 2008 virtutem

2099 2041 2275 2111 ipsam
2300 2041 2449 2095 omni
2472 2056 2593 2096 esse
2616 2041 2775 2095 laude
2802 2041 3259 2111 praestantiorem,
3284 2052 3447 2113 atque
3475 2060 3538 2097 ex
3569 2044 3687 2112 ipso

2102 2132 2289 2203 potius
2322 2131 2447 2186 vitae
2484 2147 2706 2201 genere,
2733 2147 2898 2202 quam
2926 2148 2993 2187 ex
3025 2132 3204 2203 aliqua
3234 2136 3482 2188 oratione
3512 2133 3687 2189 casti—

2102 2232 2268 2279 tatem
2300 2223 2571 2294 suspiciat
2603 2230 2768 2292 atque
2799 2222 3135 2287 admiretur;
3185 2240 3308 2279 nam
3341 2227 3432 2297 qui
3491 2225 3543 2279 in
3583 2226 3687 2279 hoc

2107 2314 2439 2384 virginitatis
2484 2314 2772 2369 laudanda:
2802 2324 3126 2386 argumento
3160 2316 3346 2386 gloriae
3387 2317 3688 2384 cupiditate

2108 2405 2377 2461 adductus
2426 2415 2699 2470 versatur.
2749 2422 2858 2461 non
2887 2407 2957 2463 ab
2988 2422 3055 2463 eo
3102 2408 3261 2477 plane
3298 2408 3554 2465 disimitis
3602 2415 3688 2464 est

2106 2496 2200 2565 qui
2255 2497 2490 2566 aliquam
2546 2497 2764 2551 sudoris
2812 2497 2899 2552 sui
2943 2497 3168 2563 stillam,
3205 2514 3366 2568 quam
3422 2500 3471 2554 is
3505 2497 3686 2569 magni

2109 2585 2291 2646 faciat.
2330 2586 2599 2640 immenso
2628 2587 2768 2639 mari
2799 2594 2954 2657 putet
2997 2586 3114 2643 fore
3143 2587 3596 2651 additamentum,
3634 2586 3683 2643 si

2109 2677 2272 2732 modo
2302 2677 2582 2730 hominum
2614 2693 2867 2733 sermone
2905 2680 3202 2736 crediderit
3230 2688 3439 2735 tantum
3481 2694 3685 2735 munus

430 2788 590 2842 posse
616 2773 879 2830 illustrari
912 2781 1075 2844 atque
1114 2771 1322 2830 ornari.
1360 2772 1469 2828 Aut
1498 2772 1641 2829 enim
1690 2773 1738 2829 is
1780 2784 2004 2828 suarum
2042 2768 2241 2824 virium
2298 2769 2522 2841 ignarus
2547 2778 2655 2835 est,
2691 2779 2788 2825 aut
2830 2770 2884 2826 id
2918 2772 3062 2843 quod
3096 2773 3280 2828 laudat
3342 2787 3451 2829 non
3518 2771 3682 2829 intel-

427 2866 560 2932 ligit.

1056 3008 1304 3067 ΚΕΦΑΛ.
1339 3011 1413 3066 B'.

428 3122 547 3176 ’Ότι
612 3123 769 3176 ἴδιον
803 3121 907 3189 τῆς
957 3124 1118 3188 θείας
1150 3139 1214 3176 τε
1256 3122 1354 3175 καὶ
1396 3120 1710 3190 ἀσωμάτου
1768 3122 2006 3191 φύσεως

735 3192 1079 3262 κατόρθωμά
1105 3193 1275 3247 ἐστιν
1306 3193 1345 3261 ἠ
1376 3194 1683 3261 παρθενίη.

497 3321 777 3388 Συνέσεως
804 3323 910 3395 γάρ
937 3325 1067 3393 ἡμῖν
1096 3323 1257 3396 χρεία
1286 3322 1502 3394 πολλῆς,
1532 3323 1598 3377 δι’
1624 3316 1690 3395 ἧς
1721 3323 1835 3376 ἔστι
1863 3323 2003 3393 γνῶ-

425 3435 512 3471 ναι
538 3416 636 3487 τὴν
665 3415 962 3489 ὑπερϐολὴν
988 3414 1086 3485 τῆς
1116 3416 1335 3486 χάριτος
1368 3415 1573 3486 ταύτης
1592 3455 1606 3479 ,
1635 3416 1756 3485 ἥτις
1786 3432 2003 3469 συνεπι-

425 3511 625 3562 νοεῖται
652 3508 750 3578 μὲν
774 3506 852 3578 τῷ
875 3507 1137 3579 ἀφθάρτῳ
1173 3507 1349 3578 Πατρί
1369 3525 1381 3539 ο
1415 3508 1443 3561 ὃ
1469 3508 1533 3580 δὴ
1560 3509 1655 3561 καὶ
1678 3507 1999 3579 παράδοξον,

426 3602 484 3652 ἐν
515 3599 690 3671 Πατρὶ
714 3599 1010 3669 παρθενίαν
1044 3599 1390 3670 εὑρίσκεσθαι
1408 3639 1422 3664 ,
1449 3599 1524 3670 τῷ
1545 3616 1605 3652 τε
1638 3600 1764 3653 Υἱδν
1790 3599 1999 3670 ἔχοντι,

428 3692 519 3744 καὶ
540 3690 660 3760 δίχα
686 3689 887 3754 πάθους
913 3692 1230 3763 γεννήσαντι
1245 3707 1259 3722 ⁸
1283 3689 1361 3762 τῷ
1381 3690 1438 3743 δὲ
1468 3692 1763 3759 Μονογενεῖ
1783 3690 1902 3761 Θεῷ
1926 3690 2003 3762 τῷ

427 3780 527 3850 τῆς
549 3779 855 3852 ἀφθαρσίας
877 3782 1095 3852 χορηγῷ
1123 3778 1699 3853 συγιέαταλαμϐάνεται
1719 3821 1734 3847 ,
1760 3781 1895 3853 ὁμοῦ
1925 3781 2003 3853 τῷ

428 3870 651 3942 καθαρῷ
680 3871 771 3923 καὶ
794 3871 996 3924 ἀπαθεῖ
1032 3872 1131 3941 τῆς
1162 3873 1466 3943 γεννήσεως
1500 3872 1663 3925 αὐτοῦ
1695 3873 2000 3942 συνεκλάμ-

427 3961 596 4031 ψασα.
640 3961 805 4015 Πάλιν
834 3961 893 4013 τὸ
914 3957 1031 4014 ἴσον
1071 3962 1391 4033 παράδοξον,
1418 3963 1547 4027 Υἱὸς
1589 3962 1676 4016 διά
1705 3963 2003 4034 παρθενίας

427 4053 733 4122 νοούμενος.
770 4050 1144 4121 Ἐνθεωρεῖται
1164 4051 1217 4103 δὲ
1238 4051 1499 4114 ὡσαύτως
1522 4051 1614 4104 καὶ
1636 4053 1700 4122 τῇ
1725 4051 1817 4104 τοῦ
1847 4051 2001 4119 ἁγίου

427 4141 743 4211 Πνεύματος
773 4142 973 4210 φυσικῇ
1010 4140 1101 4193 καὶ
1129 4140 1390 4210 ἀφθάρτῳ
1413 4140 1763 4209 καθαρότητι.
1800 4139 1873 4191 Τὸ
1896 4140 2002 4209 γὰρ

427 4232 664 4303 καθαρὸν
697 4234 789 4287 καὶ
830 4232 1104 4304 ἄφθαρτον
1143 4231 1437 4301 ὀνομάσας,
1475 4230 1618 4301 ἀλλῳ
1649 4230 1873 4299 ὀνόματι
1904 4229 2003 4301 τὴν

428 4322 725 4395 παρθενίαν
749 4323 1045 4393 ἐσήμανας.
1088 4323 1242 4393 Πάσῃ
1272 4322 1327 4375 δὲ
1356 4323 1422 4393 τῇ
1450 4321 1804 4393 ύπερκοσμίῳ
1846 4320 2003 4390 φύσει

429 4412 913 4485 συμπολιτεύεται,
946 4411 1032 4465 διὰ
1069 4412 1166 4483 τῆς
1192 4411 1460 4474 ἀπαθείας
1498 4409 1861 4483 συμπαροῦσα
1885 4413 2005 4473 ταῖς

2735 3005 2962 3062 (ἈΡΟΤ
2998 3006 3059 3061 ll.

2115 3119 2318 3172 Divina:
2347 3127 2394 3171 et
2424 3118 2740 3195 incorporeu'
2770 3129 2975 3195 patura'
2998 3122 3287 3195 proprium,
3321 3132 3370 3176 et
3396 3128 3680 3195 perfectum

2595 3190 2913 3258 virginitatis
2948 3191 3193 3260 ofﬁciunt.

2175 3321 2532 3392 lntelligeutia
2559 3336 2668 3374 non
2716 3336 2879 3390 parva
2906 3335 3129 3391 egemus
3151 3360 3167 3388 ,
3217 3330 3277 3379 ut
3313 3323 3682 3396 cognitionem

2101 3428 2298 3483 capere
2329 3412 2603 3481 possimus
2630 3412 2796 3484 hujus
2818 3414 3135 3470 excellentis
3160 3416 3373 3487 gratiae,
3400 3432 3521 3489 quae
3552 3433 3680 3477 cum

2104 3505 2425 3573 incorrupto
2464 3512 2620 3574 patre
2648 3505 3148 3574 comprehenditur.
3196 3505 3307 3563 Res
3341 3508 3684 3565 admirabilis

2102 3603 2205 3661 est,
2240 3602 2404 3665 atque
2433 3594 2717 3659 inusitata,
2746 3604 2805 3649 ut
2831 3596 3118 3667 virginitas
3153 3596 3207 3651 in
3233 3595 3395 3653 Patre
3438 3599 3683 3659 invenia.

2103 3696 2212 3751 tur,
2248 3689 2340 3755 qui
2370 3695 2423 3740 et
2456 3682 2655 3740 Filium
2698 3686 2882 3749 habet,
2923 3695 2978 3741 et
3007 3685 3205 3741 Filium
3248 3688 3455 3760 absque
3483 3691 3682 3750 aﬂecttt

2103 3780 2309 3851 genuit.
2352 3778 2487 3832 Cum
2516 3777 2799 3847 unigenito
2828 3787 3007 3833 autem
3040 3778 3169 3842 Deo,
3199 3781 3292 3850 qui
3321 3783 3499 3837 omnis
3524 3782 3685 3853 pudi.

2103 3870 2264 3933 citEae,
2295 3878 2350 3923 et
2395 3870 2725 3940 incorruptae
2758 3869 3086 3941 virginitatis
3123 3879 3315 3926 auctor
3346 3882 3453 3939 est,
3514 3873 3681 3933 simul

2113 3959 2486 4029 cognoscitur,
2516 3974 2640 4013 cum
2683 3960 2738 4013 in
2765 3959 2884 4029 ejus
2917 3959 3134 4031 pudica,
3163 3969 3326 4032 atque
3368 3962 3683 4035 incorrupta

2104 4049 2455 4119 generatione
2477 4049 2681 4119 pariter
2701 4049 2954 4105 eluserit.
2973 4048 3294 4122 Rursusque
3315 4055 3512 4110 mirum
3528 4072 3682 4127 aequo

2102 4144 2187 4192 est
2216 4136 2412 4191 Filium
2457 4138 2512 4192 in
2546 4138 2863 4209 virginitate
2907 4142 3317 4211 comprehendi.
3372 4144 3683 4219 Eademque

2105 4230 2321 4284 ratione
2347 4230 2401 4284 in
2440 4228 2679 4300 Spiritus
2704 4231 2878 4287 sancti
2904 4233 3138 4288 naturali
3171 4242 3334 4305 atque
3366 4236 3682 4310 incorrupta

2106 4323 2342 4392 puritate
2395 4330 2733 4391 spectantur.
2784 4323 2922 4378 Cum
2959 4324 3103 4380 enim
3157 4340 3352 4395 purum
3406 4332 3681 4399 nominas,

2106 4421 2268 4483 atque
2297 4412 2695 4483 incorruptum,
2719 4413 3083 4485 virginitatem
3115 4416 3222 4470 alio
3252 4420 3476 4474 nomine
3510 4422 3683 4492 signi-

428 4504 818 4575 ὑπερεχούσαις
854 4503 1163 4574 δυνάμεσιν,
1187 4501 1311 4556 οὔτε
1333 4501 1478 4565 τινὸς
1513 4501 1621 4555 τῶν
1653 4501 1811 4555 θείων
1848 4520 2002 4573 χωρι-

2107 4504 2278 4561 ficas:
2313 4520 2435 4575 qua:
2463 4506 2519 4560 in
2557 4505 2815 4562 universa
2861 4506 3099 4581 denique
3129 4510 3338 4565 caelesti
3365 4523 3561 4567 natura
3603 4517 3684 4570 si.

429 4595 663 4666 ζομένη,
706 4595 800 4649 καὶ
840 4594 1051 4657 οὐδενὸς
1087 4594 1195 4649 τῶν
1238 4593 1494 4649 ἐναντίων
1548 4594 1991 4665 προσαπτομένη.

432 4685 615 4737 Πάντα
635 4682 745 4755 γὰρ
762 4685 862 4738 ὅσα
878 4684 970 4736 καί¹
990 4682 1149 4753 φύσει
1166 4682 1301 4756 [καὶ]
1318 4683 1631 4755 προαιρέσει
1654 4684 1788 4756 πρὸς
1806 4685 2005 4757 ἀρετὴν

430 4774 700 4837 νένευκεν,
718 4772 795 4845 τῷ
819 4774 1043 4846 καθαρῷ
1065 4776 1281 4838 πάντως
1302 4774 1653 4847 ἐνωραῒζεται
1675 4776 1773 4847 τῆς
1794 4775 2006 4847 ἀφθαρ-

433 4866 580 4930 σίας·
614 4868 709 4921 καὶ
747 4868 847 4921 ὅσα
880 4867 1055 4921 πάντα
1098 4869 1179 4933 είς
1214 4869 1312 4940 τὴν
1350 4869 1599 4924 ἐναντίαν
1645 4870 2005 4943 ἀποκέκριται

430 4957 603 5021 τάξιν,
638 4960 704 5029 τῇ
734 4957 1189 5034 ἀποπτώσειστῆς
1222 4959 1594 5031 καθαρότητος
1634 4960 1858 5014 τοιαῦτά
1890 4963 2006 5013 ἐστι

433 5048 525 5102 καὶ
556 5049 897 5119 ὀνομάζεται.
932 5051 1028 5115 Τίς
1056 5046 1149 5105 οὖν
1182 5050 1464 5122 ἐξαρκέσει
1484 5052 1708 5125 δύναμις
1737 5053 1912 5122 λόγων
1938 5055 2006 5124 τῇ

430 5141 667 5212 τοσαύτῃ
700 5142 881 5211 χάριτι
924 5142 1335 5213 παρισωθῆναι;
1371 5143 1442 5196 Ἦ
1489 5143 1604 5207 πῶς
1635 5144 1696 5197 ού
1727 5143 2006 5215 φοϐεῖσθαι

431 5231 557 5305 χρὴ,
588 5232 663 5303 μὴ
691 5231 779 5285 διὰ
802 5232 901 5303 τῆς
928 5232 1037 5286 τῶν
1061 5232 1296 5287 ἐπαίνων
1326 5233 1560 5305 σπουδῆς
1588 5234 1894 5305 λυμήνηται
1922 5252 2007 5300 τις

430 5323 494 5378 τὸ
524 5324 808 5394 μεγαλεῖον
829 5322 923 5378 τοῦ
953 5323 1283 5396 ἀξιώματος,
1319 5325 1526 5380 ἐλάττω
1553 5326 1650 5398 τὴν
1676 5328 1805 5399 περ).
1840 5326 2006 5381 αὑτοῦ

432 5412 590 5476 δόξαν
614 5414 714 5482 τῆς
735 5412 1180 5485 προειλημμένης
1202 5416 1315 5478 τοῖς
1335 5416 1630 5487 ἀκροαταῖς
1660 5417 1968 5489 ἐμποιήσας
1988 5433 2003 5482 ;

434 5502 643 5555 Οὐκοῦν
671 5503 852 5567 καλῶς
875 5503 1009 5575 ἔχει,
1041 5505 1168 5569 τοὺς
1197 5506 1293 5576 μὲν
1324 5507 1793 5577 ἐγκωμιαστικοίις
1818 5508 2009 5576 λόγους

435 5591 528 5643 ἐπὶ
567 5591 771 5663 ταύτης
804 5594 919 5664 sev,
952 5593 1028 5657 ὡς
1075 5596 1354 5665 ἀμήχανον
1391 5596 1510 5657 ταῖς
1553 5594 1876 5665 ὑπερϐολαῖς
1909 5597 2007 5667 τῆς

435 5677 745 5742 ὑποθέσεως
774 5682 1074 5752 συνεπεφαι
1123 5682 1214 5734 τὸν
1250 5680 1428 5750 λόγον’
1470 5679 1547 5743 ὡς
1578 5681 1671 5734 καὶ
1701 5681 1817 5735 ἐστι
1845 5682 2006 5739 δυνα-

435 5768 530 5825 τὺν
576 5770 664 5824 ἀεὶ
708 5771 1016 5841 μεμνῆσθαι
1063 5773 1155 5829 τοῦ
1184 5772 1326 5831 θείου
1368 5773 1705 5848 χαρίσματος
1734 5814 1749 5839 ,
1779 5774 1872 5828 καὶ
1916 5775 2007 5826 ἐπὶ

2108 4594 2219 4648 mul
2266 4602 2538 4659 versatur,
2588 4597 2715 4667 quia
2752 4612 2875 4652 cum
2914 4599 2983 4654 ab
3022 4599 3309 4659 aﬂ'ectibus
3359 4617 3533 4659 vacua
3588 4607 3681 4670 sit,

2105 4684 2437 4741 sublimibus
2485 4686 2594 4742 illis
2620 4688 2984 4756 potestatibus
3033 4690 3281 4747 inhaeret.
3316 4691 3503 4764 Neque
3529 4711 3682 4760 vero,

2106 4776 2207 4831 etsi
2238 4791 2269 4829 a
2304 4777 2473 4833 nullis
2504 4778 2670 4834 rebus
2716 4778 2921 4834 divinis
2967 4781 3213 4850 sejuneta
3252 4791 3335 4837 est
3372 4787 3679 4856 virginitas,

2106 4867 2402 4923 contrariis
2436 4876 2617 4924 tamen
2642 4879 2727 4924 est
2756 4869 2923 4924 rebus
2955 4868 3234 4939 adjuncta.
3260 4872 3470 4929 Cuncta
3511 4875 3681 4943 enim,

2107 4975 2231 5035 quae
2279 4967 2335 5015 et
2389 4967 2587 5015 natura
2623 4968 2678 5015 et
2724 4961 2958 5016 consilio
3008 4961 3076 5016 ad
3119 4962 3375 5021 virtutem
3410 4979 3684 5036 propensa

2108 5059 2257 5117 sunt,
2285 5052 2511 5105 omnino
2555 5052 2884 5122 incorrupta:
2919 5054 3274 5123 virginitatis,
3303 5055 3710 5128 pudicitiatque.

2108 5144 2399 5211 Splendore
2456 5143 2829 5209 decorantur;
2892 5160 3015 5214 qua:
3065 5160 3194 5203 vero
3244 5146 3301 5205 in
3347 5148 3684 5209 contrariam

2108 5234 2326 5289 virtutis
2360 5241 2565 5304 partem
2612 5235 2873 5304 proclivia
2904 5234 3175 5299 feruntur,
3216 5236 3488 5296 castitatis
3526 5238 3683 5308 lapsu

2107 5339 2172 5380 ea
2198 5325 2330 5378 talia
2381 5332 2436 5377 et
2469 5332 2619 5385 sunt,
2667 5333 2722 5377 et
2762 5324 3133 5380 nominantur.
3169 5326 3531 5393 Quamobrem
3567 5344 3687 5407 quae

2108 5418 2259 5467 tanta
2282 5411 2388 5468 erit
2410 5410 2624 5468 dicendi
2651 5411 2888 5468 lacultas
2913 5420 2967 5468 et
2997 5414 3177 5482 copia,
3207 5430 3330 5490 quae
3365 5423 3472 5475 tam
3503 5417 3683 5487 magni

2109 5504 2354 5559 muneris
2374 5503 2695 5574 dignitatem
2726 5503 2982 5560 laudibus
3015 5520 3235 5576 aequare
3262 5506 3476 5576 possit?
3499 5505 3687 5572 Quove

2109 5603 2270 5665 pacto
2306 5609 2415 5649 non
2474 5594 2991 5664 pertimescendum,
3040 5604 3101 5650 ut
3136 5612 3204 5651 ne
3236 5598 3421 5652 studio
3464 5597 3684 5651 laudum

2109 5687 2234 5756 quis
2264 5686 2548 5755 dignitatis
2573 5687 2986 5757 amplitudinem
3017 5687 3198 5754 Izedat,
3226 5689 3273 5745 si
3302 5690 3568 5744 minorem
3595 5691 3686 5753 iis,

2109 5774 2204 5847 qui
2238 5777 2493 5844 audiunt,
2522 5792 2685 5850 quam
2721 5779 2826 5849 ipsi
2856 5786 3016 5834 antea
3044 5786 3435 5850 conceperant,
3472 5779 3687 5847 opinio-
