4096 6354
423 345 530 402 823

1667 339 1726 393 S.
1782 333 2114 392 CREGORII
2168 330 2464 388 NYSSENI

3580 328 3687 384 εει

425 474 548 516 nem
592 459 647 514 in
697 456 972 513 laudando
1001 455 1232 512 all‘erat?
1269 456 1538 512 Praeclare
1577 455 1765 526 itaque
1802 453 2007 524 agitur,

2114 450 2360 521 γλώττης
2397 449 2540 519 ἔχειν
2573 465 2634 501 το
2673 446 2896 517 ἀγαθὸν,
2934 446 3073 517 ὅπερ
3117 443 3251 498 ἴδιον
3285 442 3384 515 μὲν
3413 443 3513 515 τῆς
3547 443 3689 498 ἀσω-

425 555 470 608 si
492 566 614 622 quae
644 550 698 605 in
720 550 959 620 alicujus
988 550 1069 605 rei
1098 549 1358 604 laudibus
1381 563 1672 606 versamur
1707 547 2009 609 orationes,

425 643 480 696 in
527 643 630 696 hac
683 647 1115 711 praetereantur:
1167 639 1325 708 quasi
1359 637 1577 693 difﬁcile
1633 636 1704 691 sit
1743 635 2013 690 orationis

426 731 534 785 vim
581 741 639 785 et
669 731 884 800 copiam
939 743 1284 798 comparare,
1339 744 1462 798 quae
1509 727 1836 798 gravissimo
1884 725 2012 779 huic

427 829 756 891 argumento
773 820 1135 890 respondeat:
1169 819 1632 889 quemadmodum
1652 824 1845 874 contra
1878 817 2011 872 illud

424 913 590 968 facile
617 920 726 975 est,
756 911 1004 966 divinum
1058 913 1163 966 hoc
1207 925 1410 966 munus
1456 917 1719 980 perpetua
1749 910 2011 965 memoria

425 1005 632 1067 colere,
669 1012 834 1072 atque
867 1001 918 1056 id
949 1003 1148 1056 bonum
1172 1003 1228 1056 in
1256 1017 1352 1056 ore
1374 1017 1586 1071 semper
1617 1001 1838 1066 habere,
1866 1003 2010 1075 quod

425 1093 769 1163 incorporea:
795 1093 1101 1162 divinaeque
1136 1102 1343 1148 natura:
1378 1095 1658 1162 proprium
1689 1093 1911 1163 quidem
1947 1110 2011 1148 ac

423 1185 762 1254 praecipuum
805 1193 928 1251 est;
971 1183 1066 1238 Dei
1109 1193 1291 1238 tamen
1329 1185 1663 1254 benignitate
1713 1185 1782 1241 iis
1821 1185 2008 1250 etiam,

423 1276 518 1344 qui
555 1289 587 1329 e
628 1289 795 1330 carne
838 1284 892 1330 et
939 1276 1206 1340 sanguine
1251 1274 1427 1330 effecti
1484 1275 1650 1344 hujus
1683 1275 1809 1330 vita:
1841 1291 2010 1330 usura

425 1365 705 1426 fruuntur,
729 1365 917 1418 datum
940 1373 995 1418 et
1016 1365 1284 1418 tributum
1309 1373 1416 1430 est,
1451 1373 1508 1419 ut
1534 1365 1820 1435 virginitas
1848 1365 2007 1434 quasi

424 1468 646 1508 manum
699 1451 982 1509 munditia:
1027 1453 1498 1524 participationem
1537 1456 1844 1524 porrigens,
1910 1455 2005 1508 ho-

422 1544 636 1598 minum
666 1553 917 1599 naturam
952 1544 1148 1600 vitiosa
1175 1545 1460 1600 affectione
1507 1545 1777 1614 abjectam
1814 1561 2008 1601 rursus

423 1635 619 1705 erigat,
648 1647 703 1688 et
727 1634 793 1689 ad
821 1635 1132 1690 caelestium
1170 1636 1684 1705 contemplationem
1718 1637 2004 1706 perducat.

2117 543 2286 613 μάτου
2320 541 2531 610 φύσεώς
2557 542 2673 594 ἐστι
2696 541 2791 592 καὶ
2819 537 3115 608 ἐξαίρετον·
3145 535 3250 588 ὐπὸ
3275 534 3687 606 φιλανθρωπίας

2112 634 2168 688 δὲ
2195 632 2352 694 Θεοῦ,
2378 634 2473 687 καὶ
2498 633 2608 696 τοῖς
2636 629 2722 683 διὰ
2747 627 2944 699 σαρκὸς
2965 627 3060 681 zeal
3078 628 3310 697 αἵματος
3335 624 3561 697 λαχοῦσι
3588 627 3690 696 τὴν

2114 724 2256 794 ζωὴν
2291 722 2586 795 ἐχαρίσθη,
2615 721 2702 775 ἵνα
2731 717 3165 790 καταϐληθεῖσαν
3200 718 3299 789 τὴν
3338 717 3690 789 ἀνθρωπίνην

2113 814 2274 884 φύσιν
2300 814 2404 867 ὐπὸ
2426 816 2525 884 τῆς
2546 811 2824 884 ὲμπαθοῦς
2843 809 3154 873 διαθέσεως,
3177 807 3367 880 ῶσπερ
3387 807 3511 863 τινά
3530 811 3689 881 χεῖρα

2110 905 2210 976 τὴν
2234 905 2333 974 τῆς
2361 903 2731 974 καθαρότητος
2775 899 3065 972 μετουσίαν
3089 899 3362 979 όρέξασα,
3395 898 3560 954 πάλιν
3587 901 3686 971 όρο

2113 997 2263 1068 θώσῃ
2288 1037 2302 1060 ,
2339 997 2430 1050 zeal
2479 996 2616 1068 πρὸς
2647 995 2718 1049 τά
2760 996 2873 1050 ἀνω
2901 993 3118 1064 βλέπειν
3148 993 3558 1064 χειραγωγήσῃ.
3590 993 3688 1045 Διά

2111 1089 2267 1142 τοῦτο
2307 1087 2417 1159 γὰρ
2441 1084 2593 1158 οἶμαι
2626 1087 2720 1140 καὶ
2747 1087 2844 1157 τὴν
2889 1083 3072 1155 πηγὴν
3102 1082 3202 1153 τῆς
3229 1082 3556 1156 ἀφθαρσίας,
3587 1083 3686 1136 αὐ-

2111 1180 2202 1232 τὸν
2221 1179 2312 1232 τὸν
2342 1178 2544 1248 Κύριον
2568 1177 2725 1248 ήμῶν
2766 1175 2974 1248 Ἰησοῦν
3000 1173 3254 1248 Χριστὸν,
3285 1175 3361 1246 μὴ
3389 1174 3478 1229 διά
3506 1175 3686 1244 γάμου

2111 1269 2371 1324 εἰσελθεῖν
2399 1272 2478 1333 εἰς
2505 1270 2596 1323 τὸν
2626 1270 2852 1340 κόσμον,
2881 1271 2967 1324 ἵνα
2993 1269 3289 1339 ἐνδείξηται
3323 1267 3410 1322 διά
3437 1266 3532 1321 τοῦ
3559 1267 3688 1338 1:96-

2111 1378 2214 1416 που
2244 1361 2342 1432 τῆς
2381 1361 2846 1432 ὲνανθρωπήσεως
2887 1362 2948 1415 τὸ
2995 1363 3142 1432 μέγα
3171 1359 3331 1413 τοῦτο
3367 1361 3684 1432 μυστήριον,

2109 1455 2191 1507 ὅτι
2215 1454 2350 1507 Θεοῦ
2373 1453 2673 1524 παρουσίαν
2693 1454 2788 1507 καὶ
2810 1453 3012 1508 εἴσοδον
3033 1455 3167 1525 μόνη
3194 1453 3501 1525 καθαρότης
3524 1455 3684 1525 ίκανή

2110 1546 2224 1598 ἐστι
2263 1543 2559 1608 δείξασθαι·
2600 1546 2668 1614 ἢν
2711 1543 2886 1608 ἄλλως
2921 1545 3022 1599 οὐκ
3059 1544 3176 1598 ἐστι
3219 1544 3357 1616 πρὸς
3402 1545 3686 1616 ἀκρίὸειαν

2110 1636 2291 1688 πᾶσαν
2311 1634 2742 1706 κατορθωθῆναι,
2765 1637 2815 1689 εί
2844 1635 2918 1707 μὴ
2950 1636 3226 1700 παντελῶς
3253 1653 3336 1700 τις
3357 1637 3550 1691 ἑαυτὸν
3577 1637 3686 1690 τῶν

422 1725 507 1780 0b
535 1742 656 1780 eam
703 1729 850 1781 enim
881 1741 1105 1781 causam
1141 1727 1272 1780 mihi
1317 1726 1578 1781 Dominus
1627 1735 1815 1783 noster
1844 1725 2004 1782 Jesus

2113 1725 2389 1796 σαρκικῶν
2429 1725 2772 1795 παθημάτων
2813 1727 3242 1798 ἀλλοτριώσειεν.
3285 1728 3462 1800 Ὅπερ
3489 1727 3598 1801 γὰρ
3629 1731 3688 1782 ὲν

422 1815 702 1882 Christus,
758 1831 789 1871 a
825 1832 936 1888 quo
964 1818 1129 1871 veluti
1167 1816 1317 1872 fonte
1348 1817 1582 1887 quodam
1617 1818 1798 1874 omnis
1833 1820 2005 1874 casti-

2110 1817 2175 1886 τῇ
2211 1814 2458 1885 ἀμιάντῳ
2489 1816 2679 1887 Μαρίᾳ
2711 1816 2903 1885 γέγονε
2935 1796 3262 1889 σωματικῶς
3283 1857 3298 1880 ,
3338 1796 3441 1872 τοῦ⁷
3464 1796 3686 1889 πλη-ρώ-

423 1906 624 1961 monia'
654 1917 861 1971 manat,
898 1925 1006 1962 non
1049 1908 1360 1978 nuptiarum
1388 1910 1474 1962 via
1503 1908 1754 1979 quaesita,
1785 1910 1838 1963 in
1869 1909 2008 1964 hanc

422 1995 589 2051 vitam
621 1997 904 2066 ingressus
935 1997 1168 2062 videtur,
1214 2007 1272 2053 ut
1317 2014 1379 2053 ex
1413 2014 1479 2053 eo
1511 1999 1695 2064 modo,
1728 2015 1839 2070 quo
1885 2015 2008 2054 car-

421 2101 546 2142 nem
575 2087 870 2142 humanam
907 2090 1229 2160 assumpsit,
1275 2090 1596 2145 admirabile
1630 2090 1755 2156 hoc,
1795 2098 1849 2146 et
1891 2107 2008 2145 ma-

421 2193 589 2249 gnum
635 2179 799 2250 plane
842 2181 1165 2251 mysterium
1209 2180 1525 2250 pateﬁeret:
1559 2181 1840 2251 quoniam,
1887 2197 2008 2252 qua:

421 2267 519 2324 Dei
561 2270 854 2324 adventum
917 2271 1340 2334 demonstraret,
1386 2271 1502 2325 sola
1552 2273 1782 2327 castitas
1810 2272 2006 2327 idonea

419 2365 545 2415 est:
580 2375 746 2429 quam
789 2360 948 2413 aliter
993 2359 1230 2428 perfecte
1271 2361 1497 2414 omnino
1530 2367 1792 2430 prrestare
1843 2377 2008 2416 nemo

421 2456 623 2519 potest,
684 2449 790 2504 nisi
845 2449 938 2518 qui
980 2451 1050 2502 ab
1089 2450 1236 2502 omni
1289 2451 1473 2505 carnis
1503 2450 1700 2505 affectu
1736 2467 1797 2507 se
1842 2453 2005 2506 etiam

421 2549 588 2611 atque
617 2541 783 2596 etiam
824 2549 997 2595 totum
1047 2541 1325 2596 averterit.
1355 2541 1511 2607 Quod
1542 2543 1706 2596 enim“
1725 2543 1781 2596 in
1824 2543 2007 2596 Maria:

421 2627 661 2702 Virginis
716 2631 991 2686 inviolata:
1041 2647 1272 2701 corpore
1311 2632 1564 2687 ell'ectnm
1613 2639 1719 2699 est,
1767 2631 2006 2704 perfecta

418 2721 628 2777 Christi
681 2722 988 2788 divinitate,
1036 2738 1160 2792 quae
1209 2723 1264 2777 in
1311 2724 1428 2793 ipsa
1457 2721 1682 2792 Virgine
1721 2723 2003 2779 eluxerat:

421 2813 524 2867 hoc
549 2814 726 2883 ipsum
749 2813 804 2868 in
834 2814 982 2867 omni
1011 2814 1196 2868 animo
1222 2815 1514 2886 contingit,
1543 2815 1636 2884 qui
1662 2814 1734 2868 sit
1755 2816 2008 2870 castitate

419 2911 671 2968 ornatus,
723 2903 1104 2974 rationemque
1147 2904 1344 2959 ducem
1387 2904 1439 2958 in
1473 2904 1723 2975 virginali
1762 2905 1877 2960 vita
1917 2920 2007 2961 se-

431 3003 653 3063 quatur.
685 2993 954 3060 Quoniam
983 3011 1092 3049 non
1124 2995 1382 3066 amplius,
1419 3004 1476 3048 ut
1509 2995 1760 3066 corporis
1785 2995 2006 3050 humani

420 3084 656 3142 formam
684 3085 1041 3156 habitumque
1064 3085 1277 3151 induat,
1308 3094 1572 3142 venturus
1596 3093 1680 3141 est
1705 3084 2006 3150 Dominus;

419 3192 532 3234 non
561 3179 708 3234 enim
729 3178 894 3233 etiam
919 3177 1196 3242 novimus,
1233 3177 1434 3248 inquit,
1459 3177 1760 3233 secundum
1783 3190 2002 3232 carnem
2032 3160 2075 3216 (ἶ

417 3265 735 3331 Christum;
765 3265 862 3322 sed
895 3266 949 3320 in
990 3267 1186 3338 spiritu
1230 3267 1431 3331 veniet,
1468 3274 1523 3323 et
1557 3265 1774 3322 Patrem
1814 3280 2002 3322 secum

417 3357 602 3422 ducet,
644 3366 705 3413 ut
733 3357 970 3430 quodam
1013 3361 1136 3412 loco
1169 3365 1407 3413 testatur
1447 3357 1822 3429 Evangelium.
1851 3355 2004 3422 Quo-

420 3451 570 3505 niam
603 3448 767 3520 igitur
793 3455 943 3504 tanta
974 3449 1059 3504 vis
1087 3449 1422 3520 virginitatis
1453 3457 1561 3514 est,
1596 3456 1652 3502 ut
1677 3458 1733 3504 et
1769 3447 1824 3502 in
1849 3447 2006 3502 oculis

420 3540 567 3612 apud
592 3539 886 3612 spirituum
920 3539 1140 3598 Patrem
1171 3547 1412 3606 maneat,
1446 3548 1501 3595 et
1531 3552 1657 3595 cum
1688 3537 2004 3596 caelestibus

422 3631 537 3686 illis
584 3631 862 3688 mentibus
893 3646 1002 3687 una
1043 3633 1297 3698 exsultet,
1344 3639 1400 3688 et
1443 3631 1675 3687 salutem
1707 3629 2002 3686 humanam

419 3721 692 3793 attingat;
739 3738 974 3794 cumque
1005 3723 1174 3780 Deum
1219 3724 1400 3796 ipsum
1432 3737 1532 3780 sua
1564 3722 1616 3778 vi
1645 3721 1712 3777 ad
1751 3723 2005 3777 humana:

417 3812 545 3868 vita:
569 3815 1012 3871 communionem
1043 3815 1230 3883 ducat,
1277 3816 1664 3886 hominemque
1697 3829 1893 3871 rursus
1934 3814 2000 3868 ad

417 3903 728 3961 caelestium
766 3921 949 3961 rerum
979 3907 1337 3978 cupiditatem
1369 3907 1612 3973 excitet;
1656 3912 1820 3977 atque
1866 3904 2003 3959 adeo

422 3997 703 4052 hominum
730 4012 856 4053 cum
879 3997 990 4054 Deo
1015 3997 1402 4054 familiaritatis
1423 3998 1702 4052 vinculum
1725 3993 2000 4066 quoddam

421 4086 537 4143 haec
568 4103 693 4144 cum
726 4089 833 4158 sit;
866 4097 922 4148 et
951 4105 1038 4156 ea,
1069 4105 1190 4163 qua:
1223 4089 1472 4146 vicissim
1509 4094 1705 4143 natura
1735 4085 1890 4142 valde
1915 4084 2002 4140 di-

420 4185 590 4244 stant,
635 4177 756 4250 ipsa
786 4181 1088 4238 concilians
1135 4181 1190 4236 in
1245 4193 1575 4236 consensum
1619 4176 2002 4233 concordiam-

418 4280 526 4337 que
555 4267 802 4339 redigat:
835 4285 958 4340 qua:
987 4269 1203 4326 dicendi
1243 4270 1328 4324 vis
1365 4267 1598 4324 inveniri
1636 4274 1846 4337 posset,
1879 4281 2001 4336 quae

2112 1921 2278 1974 ματος
2301 1905 2399 1976 τῆς
2434 1905 2686 1976 θεότητος
2711 1907 2770 1959 ὲν
2806 1905 2884 1976 τῷ
2909 1907 3129 1978 Χριστῷ
3164 1907 3252 1962 διά
3279 1907 3379 1978 τῆς
3407 1908 3685 1980 Παρθένου

2107 1994 2503 2066 ἐκλάμψαντος
2532 1996 2690 2050 τοῦτο
2715 1997 2808 2051 καὶ
2839 1997 2931 2050 ἐπὶ
2961 1998 3142 2067 πάσης
3161 1998 3339 2070 ψυχῆς
3357 2000 3500 2053 κατά
3529 1998 3686 2068 λόγον

2110 2086 2548 2158 παρθενευούσης
2585 2087 2813 2156 γίνεται.
2847 2089 3044 2144 Οὐκέτι
3077 2089 3396 2164 σωματικὴν
3431 2092 3687 2162 ποιουμέ-

2108 2197 2200 2232 νου
2230 2179 2324 2233 τοῦ
2371 2181 2575 2250 Κυρίου
2603 2179 2701 2250 τὴν
2742 2180 3066 2252 παρουσίαν·
3097 2181 3160 2234 οὐ
3207 2180 3318 2252 γὰρ
3347 2179 3686 2254 γινώσκομεν

2108 2270 2188 2323 ἔτι
2208 2311 2223 2334 ,
2255 2271 2424 2342 φησὶ,
2460 2270 2602 2324 κατά
2630 2272 2810 2343 σάρκα
2839 2271 3092 2343 Χριστόν⁶
3125 2271 3261 2325 ἀλλά
3301 2273 3688 2344 πνευματικῶς

2108 2358 2567 2430 είσοικιζομένου,
2603 2361 2816 2414 καὶτὸν
2862 2360 3076 2432 Πατέρα
3117 2359 3310 2414 ἑαυτοῦ
3344 2363 3687 2431 συνεισάγου-

2108 2467 2197 2511 τος
2219 2488 2234 2512 ,
2265 2449 2446 2514 καθώς
2479 2451 2610 2521 φησί
2644 2469 2746 2504 που
2779 2451 2842 2505 τὸ
2873 2451 3222 2520 Εὐαγγέλιον.
3267 2451 3424 2508 Ἐπεὶ
3461 2449 3552 2507 οὖν
3595 2472 3685 2508 το-

2110 2539 2279 2608 σαύτη
2310 2541 2426 2593 ἐστὶ
2455 2543 2553 2611 τῆς
2581 2542 2934 2614 παρθενίαςή
2966 2543 3215 2613 δύναμις,
3247 2542 3322 2608 ὼς
3350 2545 3445 2598 zeal.
3482 2545 3540 2598 ὲν
3574 2548 3687 2608 τοῖς

2107 2630 2351 2700 οὐρανοῖς
2395 2631 2542 2701 παρὰ
2580 2630 2658 2700 τῷ
2713 2634 2888 2702 Πατρὶ
2939 2635 3047 2687 τῶν
3099 2635 3425 2702 πνευμάτων
3481 2635 3684 2706 μένειν,

2109 2719 2203 2772 καὶ
2232 2719 2371 2790 μετά
2411 2719 2519 2772 τῶν
2549 2720 2938 2792 ὐπερκοσμίων
2977 2721 3225 2792 χορεύειν
3257 2723 3559 2794 δυνάμεων,
3591 2727 3686 2779 καὶ

2107 2809 2208 2879 τῆς
2235 2809 2581 2881 ἀνθρωπίνης
2609 2810 2884 2882 σωτηρίας
2911 2811 3269 2880 ἐφάπτεσθαιο
3304 2812 3394 2866 τδν
3423 2815 3524 2884 μὲν
3553 2814 3686 2868 Θεὸν

2109 2901 2176 2953 δι’
2212 2902 2410 2972 ἑαυτῆς
2440 2903 2576 2972 πρὸς
2607 2901 2704 2974 τὴν
2732 2901 2827 2955 τοῦ
2859 2903 3199 2974 ἀνθρωπίνου
3245 2903 3360 2975 βίου
3399 2907 3686 2962 κοινωνίαν

2112 2992 2444 3059 κατάγουσα,
2474 2991 2564 3044 τὸν
2592 2992 2650 3045 δὲ
2680 2991 2964 3063 ἄνθρωπον
2989 2994 3048 3047 ὲν
3077 2996 3243 3065 ἑαυτῇ
3279 2994 3415 3066 πρὸς
3441 2995 3543 3067 τὴν
3573 2996 3683 3049 τῶν

2109 3084 2373 3154 οὐρανίων
2404 3083 2697 3155 ἐπιθυμίαν
2723 3086 3050 3156 πτεροῦσα,
3079 3088 3174 3140 καὶ
3205 3087 3365 3140 οἱονεὶ
3391 3087 3683 3159 σύνδεσμός

2108 3193 2190 3239 τις
2227 3176 2483 3247 γινομένη
2508 3176 2609 3245 τῆς
2654 3175 3000 3246 ἀνθρωπίνης
3023 3177 3158 3248 πρὸς
3188 3178 3280 3230 τὸν
3311 3177 3443 3231 Θεὸν
3470 3179 3683 3232 οἰκειώ-

2110 3285 2247 3331 σεως
2266 3308 2281 3333 ,
2313 3267 2380 3322 τὰ
2409 3267 2659 3321 τοσοῦτον
2697 3267 2944 3338 ἀλλήλοις
2964 3268 3254 3336 ἀφεστῶτα
3293 3269 3358 3338 τῇ
3390 3266 3579 3337 φύσει,
3613 3271 3680 3340 τῇ

2108 3359 2236 3430 παρ’
2269 3359 2465 3430 ἑαυτῆς
2496 3359 2745 3431 μεσιτεία
2791 3360 2872 3424 είς
2905 3360 3226 3430 συμφωνίαν
3254 3359 3561 3428 ἀνάγουσα,
3598 3359 3684 3422 τίς

2107 3449 2173 3502 ἀν
2203 3449 2449 3522 εὑρεθείη
2476 3450 2705 3521 δύναμις
2742 3449 2915 3519 λόγων
2950 3450 3275 3504 σνδνανιοῦσα
3302 3449 3379 3521 τῷ
3406 3448 3639 3521 θαύματι
3663 3467 3680 3515 ;

2119 3541 2258 3595 Ἀλλ’
2285 3541 2472 3614 ἐπειδὴ
2499 3543 2697 3598 ἀτοπον
2719 3542 2996 3606 παντελῶς
3023 3542 3256 3612 ἀφώνοις
3278 3542 3311 3613 ἢ
3335 3541 3682 3614 ἀναισθήτοις

2103 3635 2287 3704 ὅμοιον
2321 3634 2627 3704 φαίνεσθαι,
2658 3635 2753 3689 zeal.
2781 3635 2889 3689 τῶν
2919 3635 3012 3689 δύο
3038 3635 3098 3688 τὺ
3140 3635 3345 3707 ἕτερον,
3389 3633 3423 3706 ἢ
3461 3633 3538 3706 μὴ
3583 3635 3682 3687 ἑπ-

2104 3725 2400 3794 εγνωκέναι
2422 3725 2598 3780 δοκεῖν
2620 3725 2690 3780 τὰ
2707 3727 2806 3797 τῆς
2831 3726 3125 3796 παρθενίας
3147 3724 3307 3790 καλά,
3337 3724 3372 3796 ἢ
3403 3723 3679 3793 ἄπληκτον

2105 3819 2199 3872 zeal.
2230 3818 2486 3890 ἀκίνητον
2533 3817 2668 3890 πρὸς
2701 3817 2800 3889 τὴν
2841 3817 2948 3870 τῶν
2981 3816 3159 3871 καλῶν
3192 3815 3444 3887 αἴσθησιν
3477 3813 3679 3868 ἐπιδει-

2103 3909 2316 3980 χθῆναιδ
2335 3908 2541 3980 βραχέα
2562 3908 2686 3963 τινά
2708 3909 2834 3980 περὶ
2855 3909 3025 3979 αὐτῆς
3051 3909 3244 3972 εἰπεῖν,
3259 3906 3347 3960 διά
3370 3906 3432 3960 τὸ
3457 3906 3566 3962 δεῖν
3586 3907 3680 3958 ἐπὶ

2103 4002 2241 4055 πᾶσι
2289 4001 2572 4054 πείθεσθαι
2619 4003 2686 4072 τῇ
2729 4000 2948 4071 ἐξουσίᾳ
2984 3999 3078 4053 τοῦ
3126 3999 3478 4066 ἐπιτάξαντος
3521 4000 3674 4070 ἡμῖν,

2104 4087 2585 4159 προεθυμήθημεν.
2649 4087 2854 4158 Μηδεὶς
2909 4087 2966 4139 δὲ
3015 4088 3141 4150 τοὺς
3199 4086 3682 4158 κομπωδεστέρους

2102 4173 2234 4244 παρ’
2264 4173 2420 4244 ἡμῶν
2449 4173 2775 4245 ἐπιζητείτω
2803 4174 2910 4227 τῶν
2934 4172 3126 4242 λόγων·
3155 4172 3271 4227 ἐστι
3301 4173 3400 4244 μὲν
3427 4173 3536 4244 γὰρ
3557 4173 3678 4226 οὐδὲ

2102 4263 2445 4334 βουλομένοις
2471 4266 2603 4334 ἡμῖν
2639 4263 2770 4328 ῐσως
2815 4264 3034 4318 δυνατὸν
3066 4264 3126 4318 τὸ
3162 4263 3423 4328 τοιοῦτον,
3476 4264 3678 4335 ἀμελε-

420 4357 690 4416 mirabilis
720 4359 884 4429 hujus
910 4361 987 4417 rei
1019 4361 1449 4431 magnitudinem
1487 4357 1861 4429 assequatur?
1891 4357 1998 4412 Sed

2108 4353 2283 4424 τήτοις
2321 4349 2438 4406 οὖσι
2469 4355 2566 4424 τῆς
2598 4351 2851 4424 τοιαύτης
2897 4353 3113 4420 λέξεως.
3147 4355 3211 4407 Εἰ
3252 4353 3310 4408 δὲ
3358 4353 3452 4407 καὶ
3492 4355 3678 4426 παρῆν

419 4445 547 4514 quia
575 4447 872 4504 absurdum
897 4448 1056 4520 plane
1077 4456 1159 4504 est
1184 4458 1458 4502 mutarum
1487 4461 1693 4512 rerum,
1715 4453 1769 4502 et
1784 4459 1995 4511 earum,

2108 4443 2195 4497 τοῦ
2225 4443 2528 4515 κομπάζειν
2557 4445 2591 4514 ἡ
2636 4443 2864 4516 δύναμις
2883 4485 2899 4508 ,
2928 4446 3029 4499 οὐκ
3061 4445 3127 4499 ἂν
3153 4445 3249 4498 τοῦ
3290 4447 3442 4518 κοινῇ
3470 4445 3679 4499 λυσιτε-

417 4550 540 4608 qua:
567 4552 734 4594 sensu
763 4546 973 4608 carent,
1025 4539 1259 4594 similem
1307 4554 1368 4594 se
1393 4553 1518 4594 esse
1556 4536 1750 4602 videri,
1793 4552 1824 4592 e
1861 4535 1998 4592 duo-

2108 4534 2322 4599 λοῦντος
2358 4535 2418 4588 τὸ
2455 4535 2513 4588 ὲν
2560 4535 2762 4604 ὀλίγοις
2799 4535 3152 4607 εὐδοκιμῆσαι
3207 4537 3676 4610 προετιμήσαμεν.

415 4624 632 4696 busque
668 4627 900 4682 alterum
932 4635 1038 4692 est,
1075 4636 1135 4682 ut
1173 4634 1267 4682 aut
1305 4628 1429 4698 quis
1471 4627 1763 4698 virginales
1805 4626 1996 4684 laudes

2108 4627 2295 4696 Ζητεῖν
2317 4625 2424 4697 γὰρ
2448 4625 2506 4690 ἐξ
2529 4625 2781 4681 ἁπάντων
2799 4622 2952 4698 οἶμαι
2977 4627 3086 4680 δεῖν
3107 4627 3198 4680 τόν
3222 4644 3286 4696 γε
3320 4626 3442 4682 νοῦν
3466 4627 3676 4698 ἔχοντα,

419 4729 532 4770 non
557 4717 848 4788 agnovisse
879 4717 1148 4785 videatur,
1180 4725 1274 4772 aut
1308 4717 1376 4773 ad
1406 4719 1597 4772 harum
1629 4716 1996 4788 cognitionem

2108 4716 2203 4769 οὐκ
2233 4716 2292 4780 ἐξ
2331 4709 2406 4769 ὧν
2435 4717 2576 4788 ὑπὲρ
2609 4718 2735 4782 τοὺς
2772 4717 2994 4782 λοιποὺς
3039 4718 3518 4790 θαυμασθήσεται,
3560 4718 3676 4773 ἀλλ’

416 4821 525 4859 non
559 4817 892 4862 commotum
929 4824 989 4864 se
1026 4825 1203 4880 neque
1225 4808 1481 4865 allectum
1511 4808 1850 4865 ostenderit:
1892 4823 1995 4864 nos

2108 4803 2164 4872 ἐξ
2187 4798 2262 4859 ὧν
2292 4805 2359 4860 ἂν
2397 4809 2491 4860 zeal.
2516 4807 2704 4863 ἑαυτὸν
2734 4809 2829 4862 καὶ
2860 4810 2988 4873 τούς
3010 4809 3229 4874 λοιποὺς
3255 4809 3606 4880 ὠφελήσειεν.

415 4899 520 4954 hoc
544 4899 662 4970 ipso
697 4899 764 4956 de
793 4915 990 4970 genere
1023 4909 1140 4957 toto
1167 4917 1340 4972 pauca
1381 4903 1630 4972 quaedam
1663 4914 2097 4958 commemorare
2167 4901 2578 4972 proposuimus,
2625 4900 2882 4970 quoniam
2944 4901 3112 4968 illius,
3173 4900 3268 4971 qui
3309 4900 3471 4956 nobis
3539 4915 3677 4971 pra:-

414 4989 580 5061 cepit,
635 4989 868 5062 imperio
915 4993 1171 5048 omnibus
1233 4993 1288 5046 in
1347 4994 1512 5048 rebus
1559 4991 1862 5063 parendum
1930 4997 2071 5046 erat.
2111 4989 2298 5062 Neque
2339 5006 2468 5046 vero
2515 4990 2857 5061 magniﬁcam
2913 4991 3205 5047 verborum
3251 4993 3673 5048 ostentationem

413 5081 538 5151 quis
561 5095 592 5135 a
620 5084 780 5140 nobis
812 5083 1057 5154 requirat
1085 5101 1098 5139 :
1131 5084 1576 5154 quandoquidem
1602 5083 1769 5140 etiam
1799 5083 1846 5138 si
1889 5097 1993 5138 nos
2030 5090 2408 5153 expeteremus
2477 5082 2580 5138 hoc
2614 5081 2850 5140 fortasse
2871 5083 3051 5148 nobis,
3085 5083 3140 5140 id
3173 5085 3440 5141 orationis
3503 5101 3676 5157 genus

416 5175 848 5248 negligentibus,
879 5184 1145 5247 praestare
1173 5191 1282 5230 non
1321 5175 1528 5230 liceret.
1613 5173 1711 5230 Sin
1787 5181 1972 5229 autem
2045 5173 2281 5230 facultas
2331 5175 2488 5229 nobis
2530 5174 2695 5244 hujus
2735 5175 3144 5244 ostentationis,
3192 5193 3316 5247 qua:
3372 5179 3670 5248 generatim

410 5259 597 5324 minus
624 5267 862 5338 expedit,
914 5268 1142 5335 inesset,
1195 5267 1249 5323 in
1278 5269 1606 5323 concionum
1640 5280 1840 5338 genere
1873 5281 1993 5322 eam
2033 5265 2345 5336 approbari,
2399 5266 2504 5321 hoc
2545 5282 2645 5323 nos
2689 5268 2966 5341 antiquius
2998 5269 3312 5326 habuimus.
3377 5269 3510 5325 Nam
3578 5267 3670 5340 qui

414 5361 626 5414 ratione
673 5361 933 5432 pneditus
975 5371 1083 5428 est,
1135 5363 1184 5418 ei
1240 5363 1588 5433 potissimum
1637 5361 1992 5432 quaerendum
2030 5375 2154 5416 esse
2187 5361 2448 5430 arbitror,
2489 5377 2600 5419 non
2641 5363 2846 5434 quibus
2909 5363 3076 5420 rebus
3146 5365 3438 5420 maximam
3480 5377 3672 5435 ιιι-αριστ

411 5461 641 5511 caeteros
673 5454 1089 5514 admirationem
1135 5459 1220 5514 sui
1258 5457 1604 5528 excitaverit,
1652 5457 1750 5516 sed
1782 5456 1985 5529 quibus
2025 5471 2150 5514 cum
2179 5457 2306 5526 sibi,
2344 5464 2458 5515 tum
2485 5458 2701 5516 certetis
2733 5459 3110 5533 adjumentum
3139 5460 3212 5516 sit
3241 5459 3530 5516 allaturus.
