4096 6354
361 340 471 396 .523

987 454 1237 512 ΚΕΦΑΛ.
1270 453 1345 510 1".

366 594 580 663 Μνήμη
611 590 729 647 τῶν
767 592 836 646 ἐκ
898 558 1006 647 τοῦ
1031 591 1226 662 γάμου
1271 590 1606 660 δυσχερῶν,
1642 590 1962 663 κᾳὶῌὲνδει-

438 660 531 787 (5;;-
568 660 675 718 τοῦ
720 663 828 717 τὸν
885 660 1228 733 γεγραφότα
1263 662 1371 717 τὸν
1406 664 1594 731 λόγον
1617 660 1703 731 μὴ
1737 661 1965 732 ἄγαμον

439 752 467 786 ε
496 750 614 789 ναι.

438 910 563 965 Εἴθε
597 927 715 973 πως
744 903 856 963 οἷόν
894 927 954 963 τε
996 905 1065 978 ἧν
1110 912 1278 982 κάμοί
1319 928 1375 964 τι
1420 911 1670 981 γενέσθαι
1710 910 1869 965 πλέον
1900 912 1964 965 ἐκ

364 1002 463 1071 τῆς
510 1000 765 1071 τοιαύτης
812 1001 1077 1071 σπουδῆς·
1136 1001 1212 1066 ὼς
1263 1002 1404 1072 μετά
1449 1002 1694 1068 πλείονος
1752 1004 1818 1058 ἂν
1861 1006 1964 1076 τῆς

367 1092 673 1164 προθυμίας
700 1091 792 1145 τὸν
839 1090 971 1161 περὶ
1018 1090 1224 1146 τούτων
1260 1092 1421 1146 πόνον
1457 1093 1863 1165 ἀνεστησάμην,
1887 1094 1965 1148 εί-

368 1200 474 1254 περ
504 1182 645 1236 κατά
672 1182 733 1237 τὸ
769 1180 1156 1253 γεγραμμένον
1175 1220 1189 1246 ,
1218 1182 1304 1235 ἐπ’
1336 1182 1511 1245 ἐλπίδι
1542 1183 1636 1238 τοῦ
1671 1187 1963 1255 μετασχεῖν

366 1276 473 1328 τῶν
498 1277 565 1329 ἐκ
591 1275 684 1329 τοῦ
714 1274 946 1346 ἀρότρου
989 1275 1082 1327 καὶ
1124 1273 1351 1345 ἀλοητοῦ
1374 1275 1748 1347 γεννημάτων,
1778 1276 1961 1345 ἐφιλο-

369 1367 565 1420 πόνουν
584 1366 675 1420 τὸν
708 1365 884 1434 λόγον.
934 1365 1071 1418 Νυνὶ
1115 1366 1174 1419 δὲ
1222 1366 1422 1438 τρόπον
1468 1366 1591 1421 τινὰ
1632 1368 1837 1438 ματαία
1869 1369 1963 1421 καὶ

368 1459 622 1529 ἀνόνητος
668 1459 702 1528 ἡ
734 1456 936 1527 γνῶσις
982 1456 1107 1527 ἐμοὶ
1143 1455 1255 1510 τῶν
1288 1457 1389 1527 τῆς
1435 1456 1733 1528 παρθενίας
1756 1457 1959 1524 καλῶν,

369 1550 443 1613 ὼς
474 1550 552 1619 τῷ
579 1548 662 1619 βοῒ
691 1548 760 1601 τά
788 1547 1124 1618 γεννήματα,
1174 1546 1251 1617 τῷ
1296 1548 1434 1619 μετά
1483 1548 1677 1619 χημῶν
1710 1551 1965 1620 ἐπιστρεο

370 1640 586 1711 φομένῳ
622 1638 1032 1712 τὴνάλωναοῆ
1085 1638 1161 1703 ὡς
1208 1639 1287 1711 τῷ
1333 1640 1556 1711 διψῶντι
1590 1641 1651 1695 τὸ
1694 1642 1962 1714 ἀπορρέον

368 1732 477 1785 τῶν
511 1733 769 1803 κρημνῶν
808 1732 975 1805 ὕδωρ,
1004 1736 1134 1789 ὅταν
1183 1729 1554 1807 ἀνέφικτον
1588 1734 1863 1805 Μακάριοι
1905 1735 1962 1789 δὲ

1706 334 1797 390 DF.
1832 333 2276 391 VIRGINI'I‘ATE

3541 330 3649 389 326

2666 448 2899 507 CAPUT
2948 450 3039 507 Ill.

2069 588 2515 643 Commemoratio
2547 586 2938 656 difﬁcultatum.
2994 603 3055 639 ac
3086 583 3452 640 molestiarum
3476 623 3494 647 .
3529 599 3649 651 quae

2136 676 2164 713 e
2202 659 2402 728 nuptiis
2432 655 2693 712 exsistunt
2722 672 2741 710 :
2785 674 2888 725 qua
2923 658 2976 709 in
3006 673 3061 710 re
3097 656 3497 728 demonstratur
3523 655 3647 709 item

2136 730 2217 869 ἴε,
2266 725 2356 798 qui
2393 729 2687 783 orationem
2738 728 2875 781 hanc
2916 727 3267 796 comeripait,
3321 725 3508 781 σιτίοις
3542 742 3647 779 non

2164 815 2322 853 uisse.
2521 849 2529 857 .

2164 815 2322 853 ιιιεδε.

2136 907 2357 963 Utinam
2387 906 2572 978 aliquo
2613 906 2778 961 modo
2807 904 2924 961 fieri
2959 914 3163 976 posset,
3190 912 3251 959 ut
3284 919 3350 960 ex
3384 904 3490 960 hoc
3529 915 3647 960 stu-

2065 1000 2158 1055 dio
2199 999 2331 1054 mihi
2365 1012 2586 1070 quoque
2635 995 2842 1067 aliquid
2883 997 3119 1066 amplius
3146 996 3504 1066 contingeret.
3537 1011 3650 1065 quo

2066 1091 2424 1163 propensiore
2478 1089 2648 1145 animi
2698 1095 3002 1153 voluntate,
3057 1103 3161 1159 ego
3212 1087 3267 1141 in
3317 1087 3422 1142 hoc
3478 1088 3646 1143 studii

2066 1200 2267 1255 genere
2346 1184 2589 1240 laborem
2648 1181 3005 1252 posuissem:
3044 1180 3305 1252 quoniam
3347 1180 3393 1233 si
3448 1194 3513 1233 ea
3548 1194 3647 1248 spe

2064 1277 2323 1341 ducerer,
2364 1284 2442 1341 ut,
2474 1273 2933 1346 quemadmodum
2968 1273 3163 1329 litteris
3197 1271 3471 1343 proditum
3522 1278 3645 1336 est,

2064 1368 2280 1439 frugum
2314 1382 2437 1439 quas
2465 1382 2533 1423 ex
2586 1366 2835 1421 aratione
2889 1364 3158 1443 triturave
3229 1362 3645 1434 percipiuntur,

2065 1470 2276 1533 partem
2329 1474 2431 1532 ego
2484 1473 2704 1531 quoque
2790 1457 3027 1529 aliquam
3095 1455 3343 1522 ferrem;
3391 1463 3650 1510 accurate

2063 1568 2198 1609 sane
2262 1552 2317 1607 in
2398 1551 2503 1607 hac
2543 1551 2794 1608 oratione
2846 1549 3237 1605 elaborassem.
3296 1544 3453 1601 Nunc
3518 1560 3649 1601 vero

2064 1644 2200 1698 mihi
2253 1642 2603 1714 virginalium
2650 1641 2876 1695 laudum
2936 1639 3177 1711 cognitio
3214 1638 3452 1709 quodam
3482 1636 3649 1692 modo

2063 1733 2245 1790 inanis
2287 1743 2369 1788 est
2400 1748 2466 1788 ac
2500 1731 2723 1787 minime
2753 1731 3057 1796 fructuosa,
3088 1728 3281 1801 quales
3309 1728 3487 1783 solent
3523 1741 3649 1783 esse

370 1818 451 1886 οἷς
481 1826 539 1876 ἐν
579 1825 799 1898 ἐξουσίᾳ
824 1825 933 1879 τῶν
979 1826 1264 1897 βελτιόνων
1312 1826 1465 1879 ἐστὶν
1509 1827 1543 1897 ἡ
1586 1827 1820 1897 αἵρεσις,
1869 1827 1964 1881 καὶ

2068 1833 2225 1881 teme
2256 1826 2442 1895 fruges
2505 1824 2680 1888 bovi,
2749 1823 2844 1893 qui
2894 1837 2991 1877 ore
3064 1821 3232 1876 frenis
3284 1819 3545 1890 impedito
3578 1818 3646 1873 ad

372 1917 469 1969 οὐκ
484 1917 938 1989 ἁπετειχίσθησαν
959 1918 1217 1990 τῷκοινῷ
1236 1917 1636 1990 προληφθέντες
1658 1918 1777 1990 βίῳ,
1796 1919 1965 1973 καθά-

374 2025 479 2079 περ
504 2010 662 2079 ἡμεῖς
705 2004 814 2063 οἷόν
856 2027 963 2064 τινι
1012 1992 1251 2081 χάσματι
1295 2009 1432 2081 πρὸς
1458 2008 1519 2063 τὸ
1545 2010 1644 2081 τῆς
1670 2010 1966 2082 παρθενίας

372 2102 632 2171 καύχημα
667 2101 1035 2173 διειργόμεθα,
1069 2102 1205 2175 πρὸς
1235 2104 1302 2174 ἢν
1327 2103 1427 2156 οὐκ
1465 2101 1611 2156 ἐστιν
1649 2101 1965 2156 ἐπανελθεῖν

370 2191 448 2243 ἔτι
496 2192 585 2246 τὸν
629 2192 774 2259 ἅπαξ
827 2192 901 2263 τῷ
937 2191 1188 2263 κοσμικῴ
1232 2190 1333 2263 βίῳ
1369 2193 1430 2246 τὸ
1487 2195 1632 2262 ἴχνος
1681 2193 1965 2263 ἐναπερεί-

372 2301 558 2345 σανςτα.
593 2286 692 2338 Διά
722 2282 880 2338 τοῦτο
909 2283 1098 2338 θεαταὶ
1130 2282 1291 2355 μόνον
1327 2282 1438 2336 τῶν
1475 2282 1770 2354 ἀλλοτρίων
1798 2284 1967 2355 ἐσμὲν

369 2375 549 2427 καλῶν
590 2376 774 2445 ἡμεῖς,
824 2375 920 2428 καὶ
959 2374 1237 2446 μάρτυρες
1264 2374 1363 2446 τῆς
1396 2375 1672 2447 ἑκατέρων
1700 2376 1967 2448 μακαριό-

368 2480 528 2533 τητος
551 2481 566 2495 ο
597 2466 698 2519 κάν
731 2482 784 2517 τι
812 2464 983 2530 δεξιὸν
1021 2466 1149 2537 περὶ
1178 2464 1475 2537 παρθενίας
1505 2469 1807 2538 νοήσωμεν,
1837 2465 1967 2519 ταύ-

365 2560 460 2619 τὸν
500 2556 780 2626 πάσχομεν
824 2558 933 2620 τοῖς
980 2556 1254 2626 ὀψοποιοῖς
1300 2575 1361 2611 τε
1415 2557 1510 2612 καὶ
1556 2558 1877 2627 ὑπηρέταις,
1917 2558 1967 2608 o't

369 2647 469 2717 τὴν
498 2645 882 2716 ἐπιτραπέζιον
919 2646 1027 2698 τῶν
1070 2644 1337 2699 πλουσίων
1383 2646 1595 2717 τρυφὴν
1628 2646 1809 2711 ἄλλοις
1837 2646 1969 2718 ἠδύ-

371 2754 569 2801 νουσιν,
627 2735 837 2799 οὐδενὸς
882 2736 1036 2789 αὐτοὶ
1089 2733 1199 2790 τῶν
1256 2738 1785 2809 παρεσκευασμένων
1838 2756 1969 2810 μετ-

372 2829 617 2900 έχοντες·
647 2827 724 2891 ὡς
772 2827 1042 2899 μακάριόν
1074 2844 1139 2897 γε
1189 2827 1256 2883 ἂν
1294 2824 1385 2900 ἦν,
1424 2830 1472 2883 εί
1509 2829 1585 2901 μὴ
1628 2828 1803 2895 οὕτως
1828 2827 1965 2902 εἶχε,

376 2921 509 2992 μηδὲ
558 2922 624 2991 τῇ
665 2919 1052 2992 ύστεροὸουλίᾳ
1081 2920 1143 2975 τὸ
1187 2920 1351 2977 καλὸν
1397 2923 1797 2995 ἐγνωρίσαμεν.
1831 2925 1968 2979 Νυνὶ

372 3010 428 3063 δὲ
457 3009 688 3079 ζηλωτοὶ
716 3009 815 3079 μὲν
840 3010 1031 3074 ὅντως,
1071 3010 1168 3063 καὶ
1197 3010 1379 3082 πάσης
1420 3011 1587 3083 εὐχῆς
1640 3014 1734 3066 καὶ
1777 3015 1969 3068 ἐπιθυ-

377 3102 502 3173 μίας
528 3100 782 3156 ἐπέκεινα
829 3102 1179 3173 πράττοντες,
1228 3097 1310 3166 οἷς
1352 3104 1386 3175 ἡ
1429 3103 1655 3175 δύναμις
1684 3105 1792 3160 τῶν
1825 3107 1965 3161 ἀπο-

373 3194 616 3248 λαύσεων
682 3193 793 3248 τῶν
838 3193 1059 3263 ἀγαθῶν
1111 3194 1315 3250 τούτων
1372 3196 1472 3250 οὐκ
1523 3197 1966 3254 ἀποκέκλεισται.

388 3286 576 3357 Ἡμεῖς
616 3285 673 3340 δὲ
702 3286 954 3358 καθάπερ
990 3287 1040 3340 oi
1064 3289 1131 3358 τῇ
1160 3286 1405 3359 πολιτεία
1431 3291 1449 3309 "
1476 3287 1570 3341 τοῦ
1620 3288 1847 3345 πλούτου
1871 3290 1971 3363 τὴν

379 3376 586 3429 ἑαυτῶν
614 3375 1099 3448 παραθεωροῦντες
1124 3377 1336 3440 πενίαν,
1365 3377 1549 3432 πλεῖον
1574 3378 1830 3435 ἀνιῶνται
1858 3384 1971 3445 τοῖς

378 3467 609 3532 παροῦσι
658 3467 752 3521 καὶ
792 3466 1232 3539 δυσχεραίνουσι’
1274 3468 1366 3522 τὸν
1411 3469 1574 3524 αὑτὸν
1620 3471 1820 3542 τρόπον
1860 3473 1970 3544 ὅσῳ

378 3558 540 3612 πλέον
582 3558 674 3614 τὸν
718 3560 818 3631 τῆς
861 3560 1161 3632 παρθενίας
1215 3559 1443 3616 πλοῦτον
1498 3564 1932 3635 ἐπιγινώσκομεν
1953 3605 1969 3633 ,

377 3650 614 3722 τοσούτῳ
643 3651 844 3723 μᾶλλον
888 3651 1231 3724 οίκτείρομεν
1270 3651 1363 3707 τὸν
1397 3652 1556 3709 ἀλλον
1585 3653 1720 3724 βίον,
1752 3655 1841 3709 διὰ
1869 3657 1970 3728 τῆς

377 3743 483 3797 τῶν
512 3744 795 3814 βελτιόνων
820 3745 1253 3818 παρεξετάσεως,
1279 3740 1390 3800 οἷον
1422 3746 1517 3801 καὶ
1549 3748 1673 3801 ὅσον
1700 3748 1968 3819 πτωχεύει

379 3833 905 3905 καταμανθάνοντες.
941 3835 1018 3890 Οὐ
1068 3834 1213 3905 λέγω
1258 3835 1419 3906 μόνον
1458 3836 1558 3890 ὅσα
1603 3836 1830 3909 ὕστερον
1856 3840 1970 3905 τοῖς

382 3929 498 3981 κατ’
532 3926 732 3998 ἀρετὴν
758 3926 1077 3997 βεϐιωκόσιν
1114 3926 1419 3993 ἀπόκειται,
1443 3927 1579 3982 ἀλλὰ
1616 3929 1711 3983 καὶ
1735 3932 1834 3985 ὅσα
1867 3931 1968 4000 τῆς

377 4018 662 4089 παρούσης
691 4019 806 4071 ἐστὶ
837 4016 1005 4087 ζωῆς.
1043 4017 1107 4072 Εί
1140 4020 1250 4089 γάρ
1293 4035 1379 4081 τις
1406 4018 1650 4091 ἀκριϐῶς
1695 4020 1968 4085 ἐξετάζειν

382 4108 553 4161 ἐθέλοι
581 4107 674 4162 τοῦ
708 4108 822 4178 βίου
851 4107 1039 4161 τούτου
1078 4107 1139 4160 τὸ
1183 4108 1318 4179 πρὸς
1363 4108 1462 4179 τὴν
1511 4109 1807 4181 παρθενίαν
1851 4110 1967 4165 διά-

381 4215 564 4270 φορον,
616 4199 886 4269 τοσαύτην
933 4198 1154 4269 εὑρήσει
1199 4197 1297 4269 τὴν
1338 4198 1620 4273 διαφορὰν,
1644 4200 1741 4272 ὅση
1783 4202 1968 4272 σχεδὸν

379 4291 515 4362 πρὸς
544 4290 613 4345 τά
638 4290 865 4361 οὐράνια
907 4289 1015 4343 τῶν
1037 4289 1294 4358 ἐπιγείων
1322 4291 1496 4344 ἐστίν·
1538 4291 1713 4358 ἔξεστι
1743 4292 1800 4345 δὲ
1827 4292 1967 4362 γνῶ-

379 4402 465 4439 ναι
487 4382 586 4455 τὴν
613 4379 708 4436 τοῦ
746 4383 903 4450 λόγου
929 4382 1204 4453 ἀλήθειαν,
1236 4382 1372 4436 αύτὰ
1403 4383 1869 4454 διασκεψαμένους
1895 4384 1965 4439 τὰ

2065 1932 2248 1972 aream
2296 1916 2679 1972 convertitur:
2728 1914 2781 1969 id
2834 1913 2981 1983 quod
3036 1912 3240 1968 accidit
3270 1914 3418 1968 ’item
3472 1911 3522 1965 ei
3552 1909 3646 1981 qui

2066 2023 2265 2080 aquam
2321 2008 2436 2063 sitit
2464 2022 2496 2063 e
2533 2005 2825 2077 prmruptis
2882 2004 3036 2060 saxis
3085 2003 3437 2067 defluentem,
3474 2018 3648 2073 neque

2066 2116 2185 2157 eam
2222 2114 2420 2170 capere
2452 2106 2654 2171 potest.
2684 2096 2956 2153 Praeclare
3005 2096 3226 2167 quidem
3278 2110 3404 2150 cum
3430 2094 3500 2150 iis
3532 2094 3647 2165 agi-

2070 2202 2178 2256 tur,
2230 2192 2432 2260 quibus
2488 2193 2760 2263 integrum
2791 2199 2847 2246 et
2888 2190 3118 2245 liberum
3152 2198 3237 2245 est
3286 2188 3516 2244 meliora
3545 2188 3645 2242 de-

2068 2284 2273 2357 ligere:
2328 2285 2530 2355 quippe
2587 2300 2711 2340 cum
2761 2284 3042 2339 communi
3092 2299 3153 2340 se
3206 2284 3333 2338 vitae
3369 2282 3647 2347 dederint,

2067 2377 2226 2448 quasi
2296 2377 2443 2432 vallo
2506 2377 2691 2446 aliquo
2724 2375 3079 2445 circumsepti
3141 2389 3255 2430 non
3343 2380 3644 2429 tenentur:

2067 2465 2530 2537 quemadmodum
2578 2481 2701 2530 nos,
2740 2464 2835 2534 qui
2888 2463 3054 2519 veluti
3088 2463 3326 2534 quodam
3372 2472 3649 2518 terrarum

2069 2557 2219 2609 hiatu
2270 2555 2643 2625 prohibemur,
2703 2555 3001 2626 quominus
3033 2555 3101 2610 ad
3131 2555 3273 2611 hanc
3325 2555 3648 2627 virginalem

2068 2646 2299 2718 gloriam
2337 2647 2886 2717 accedamus,.quam
2918 2647 3188 2718 attingere
3241 2647 3351 2703 illis
3411 2648 3650 2718 amplius

2068 2753 2178 2792 non
2237 2738 2386 2804 licet,
2432 2738 2527 2808 qui
2564 2737 2619 2792 in
2667 2737 2921 2793 humanae
2970 2738 3098 2793 vitae
3146 2737 3426 2793 curriculo
3477 2739 3649 2795 vesti-

2067 2830 2214 2900 gium
2272 2828 2440 2885 semel
2486 2830 2887 2899 imprcsscrint.
2945 2829 3127 2896 Quare
3186 2843 3288 2885 nos
3344 2829 3650 2886 alienarunt

2068 2921 2292 2976 laudum
2331 2928 2689 2992 spectatores,
2766 2921 3047 2991 beataeque
3080 2922 3311 2976 aliorum
3361 2910 3489 2977 vitae
3561 2930 3647 2977 te-

2069 3023 2204 3076 stes,
2252 3012 2379 3067 licet
2415 3026 2674 3082 maguum
2706 3010 2934 3082 aliquid,
2989 3018 3043 3066 et
3073 3012 3394 3080 praeclarum
3438 3012 3507 3066 de
3536 3014 3653 3067 viro

2072 3104 2295 3174 ginitate
2325 3104 2661 3174 cogitemus:
2711 3111 2895 3158 tamen
2950 3102 3091 3158 idem
3143 3103 3305 3159 nobis
3357 3104 3650 3175 contingit,

2072 3194 2217 3264 quod
2273 3193 2653 3249 conditoribus
2726 3192 3178 3264 administrisque
3239 3194 3482 3249 convivii
3542 3211 3647 3250 usu

2072 3283 2261 3339 venire
2307 3283 2470 3349 solet,
2521 3284 2617 3354 qui
2674 3282 3163 3355 conquisitissintis
3220 3283 3364 3340 cibis
3397 3284 3467 3339 ad
3513 3283 3651 3340 alio-

2073 3389 2194 3429 rum
2250 3375 2582 3445 voluptatem
2630 3375 2863 3430 divitum
2901 3388 3123 3431 mensas
3175 3374 3487 3443 condiunt;
3542 3375 3650 3448 ipsi

2072 3484 2202 3524 vero
2241 3483 2427 3521 earum
2480 3482 2685 3531 rerum,
2715 3482 2839 3538 quae
2897 3474 3171 3538 apparata:
3217 3474 3387 3535 sunt,
3441 3470 3650 3524 nullam

2071 3563 2297 3613 omnino
2360 3565 2570 3628 partem
2629 3557 2828 3614 habent
2880 3575 2894 3612 :
2943 3572 3108 3629 quam
3155 3558 3302 3614 beati
3356 3573 3655 3625 essemus,

2071 3651 2179 3706 nisi
2229 3666 2319 3707 res
2366 3651 2440 3705 ita
2494 3664 2554 3706 se
2593 3649 2863 3717 haberet,
2918 3665 3100 3720 neque
3157 3665 3260 3706 nos
3318 3660 3657 3723 praepostero

2070 3742 2303 3798 consilio
2377 3755 2615 3812 seroque
2689 3742 2895 3795 malum
2950 3755 3435 3812 cognosceremus.
3490 3742 3656 3799 Certe

2073 3831 2303 3902 hujusce
2346 3831 2521 3888 laudis
2555 3830 2609 3884 hi
2642 3830 3044 3885 aemulationem
3076 3846 3268 3886 revera
3302 3830 3650 3902 profitentur,

2072 3939 2135 3977 ac
2178 3925 2301 3993 plus
2349 3939 2503 3989 sane,
2549 3937 2712 3992 quam
2778 3922 3009 3993 cupiunt
3038 3930 3095 3977 et
3138 3934 3368 3993 optant,
3404 3923 3482 3978 illi
3528 3924 3656 3994 qni-

2068 4015 2191 4070 dem
2243 4022 2461 4086 agunt,
2525 4014 2727 4084 quibus
2798 4014 2866 4069 ad
2938 4014 3080 4069 bona
3148 4014 3263 4069 lucc
3318 4014 3652 4086 perfruenda

2068 4118 2180 4159 non
2232 4112 2317 4160 est
2367 4104 2689 4161 obstructus
2751 4104 2954 4161 aditus.
3001 4104 3111 4160 Nos
3144 4121 3275 4160 vero
3312 4107 3425 4177 jam
3479 4109 3532 4161 in
3585 4121 3652 4161 ea

2068 4211 2233 4267 porro
2282 4196 2595 4253 conditione
2656 4213 2851 4255 sumus
2908 4199 2963 4253 in
3005 4213 3112 4269 qua
3169 4198 3228 4265 ii,
3292 4199 3386 4270 qui
3423 4199 3650 4256 divitia-

2069 4304 2214 4353 rum,
2267 4295 2432 4359 atque
2507 4303 2672 4359 opum
2724 4290 3083 4359 amplitudine
3137 4305 3292 4345 suam
3347 4306 3474 4345 cum
3546 4292 3647 4363 ipsi

2074 4381 2518 4450 contemplemur
2570 4388 2968 4450 paupertatem,
3032 4381 3269 4451 majores
3321 4397 3386 4437 ex
3462 4398 3648 4439 rerum

380 4474 698 4544 πράγματα.
749 4472 920 4525 Πόθεν
962 4470 1017 4524 δέ
1035 4487 1118 4535 τις
1157 4470 1462 4542 ἀρξάμενος
1494 4471 1723 4537 ἐπαξίας
1769 4472 1836 4527 ἂν
1873 4473 1963 4526 τὸν

2069 4487 2295 4528 suarum
2353 4480 2498 4528 statu
2559 4473 2663 4528 sibi
2733 4481 2956 4529 struunt
2997 4473 3437 4537 sollicitudines,
3490 4476 3652 4532 vehe-

384 4562 554 4633 βαρὺν
596 4559 783 4615 τοῦτον
830 4559 1333 4631 ἐκτραγῳδήσειεν;
1390 4560 1461 4611 Ἦ
1484 4559 1600 4622 πῶς
1649 4560 1715 4614 ἄν
1764 4577 1848 4623 τις
1896 4559 1967 4612 τὰ

385 4654 541 4707 κοινὰ
575 4652 669 4707 τοῦ
704 4652 820 4723 βίου
853 4652 944 4705 ὑπ’
971 4651 1091 4721 ὄψιν
1113 4649 1309 4718 ἀγάγοι
1353 4649 1522 4714 κακά,
1563 4649 1600 4702 ἃ
1629 4650 1827 4714 πάντες
1868 4650 1969 4720 μὲν

384 4748 432 4799 οἱ
464 4746 737 4817 ἄνθρωποι
766 4743 861 4797 διὰ
890 4743 988 4814 τῆς
1024 4743 1219 4813 πείρας
1266 4741 1625 4811 γινώσκουσιν
1647 4784 1661 4809 ,
1713 4743 1811 4797 οὐκ
1853 4740 1971 4798 οἶδα

383 4836 438 4889 δὲ
467 4836 615 4898 ὅπως
644 4836 701 4887 ἐν
722 4834 902 4897 αὐτοῖς
931 4835 1044 4897 τοῖς
1078 4833 1275 4887 εἰδόσιν
1312 4832 1452 4887 αὐτὰ
1491 4833 1773 4888 λανθάνειν
1807 4837 1840 4905 ἡ
1869 4835 1969 4905 φύ-

386 4946 469 4991 σις
514 4928 918 4999 ἐμηχανήσατο,
975 4926 1237 4990 ἑκουσίως
1289 4926 1398 4980 τῶν
1448 4926 1749 4997 ἀνθρώπων
1788 4930 1847 4982 ἐν
1887 4927 1967 4993 οἷς

384 5021 519 5072 είσιν
560 5015 934 5086 ἀγνοούντων;
963 5016 1153 5070 Βούλει
1195 5017 1304 5071 ἀπὸ
1352 5017 1461 5072 τῶν
1512 5018 1743 5089 ἡδίστων
1788 5018 1968 5089 ἀρξώ-

387 5113 558 5181 μεθα;
592 5108 806 5165 Οὐκοῦν
838 5110 899 5162 τὸ
935 5108 1228 5179 κεφάλαιον
1257 5110 1364 5164 τῶν
1401 5111 1460 5165 ἐν
1499 5110 1577 5182 τῷ
1605 5110 1767 5182 γάμῳ
1803 5128 1970 5164 σπου-

382 5202 689 5275 δαζομένων
712 5200 775 5255 τὸ
827 5202 1227 5274 κεχαρισμένης
1273 5203 1551 5273 ἐπιτυχεῖν
1583 5204 1699 5257 ἐστι
1730 5202 1970 5273 συμϐιώ-

387 5310 540 5357 σεως.
594 5293 704 5346 Καὶ
745 5293 810 5364 δὴ
856 5292 1005 5346 ταῦθ’
1047 5292 1220 5357 οὕτως
1273 5295 1464 5364 ἐχέτω,
1496 5294 1587 5348 καὶ
1625 5294 1713 5348 διὰ
1751 5294 1968 5349 πάντων

387 5386 722 5457 μακαριστὸς
750 5386 1148 5457 ύπογεγράφθω
1177 5388 1206 5441 ό
1233 5387 1440 5457 γάμοςο
1469 5388 1621 5457 γένος
1663 5388 1966 5459 εὐδόκιμον,

383 5474 609 5539 πλοῦτος
649 5476 854 5547 ἀρκῶν,
889 5476 1071 5547 ἡλικία
1122 5477 1512 5548 ωμὸαἱνουσα,
1539 5479 1636 5550 τῆς
1666 5478 1814 5551 ὥρας
1837 5480 1970 5535 αὐτὸ

381 5567 442 5620 τὸ
470 5566 651 5631 ἄνθος,
685 5567 903 5638 φίλτρον
948 5568 1106 5632 πολὺ,
1139 5569 1232 5623 καὶ⁵
1282 5564 1394 5623 οἷόν
1440 5572 1587 5624 ἐστιν
1621 5572 1679 5624 ἐν
1725 5572 1969 5644 ἐκατέρῳ

383 5658 521 5729 ὑπὲρ
553 5658 648 5710 τοῦ
692 5658 852 5711 ἄλλου
898 5660 1268 5714 ὑπονοεῖσθαι·
1317 5661 1542 5729 γλυκεῖα
1581 5662 1764 5734 ἐκείνη
1820 5663 1969 5733 φιλο-

381 5748 555 5803 νεικία
585 5746 649 5801 τὸ
698 5750 882 5803 ἑαυτὸν
912 5748 1192 5818 βούλεσθαι
1244 5753 1398 5821 νικᾷν
1432 5754 1488 5805 ἐν
1525 5754 1590 5823 τῇ
1623 5753 1811 5826 ἀγάπῃ
1841 5754 1970 5808 ἐκά-

2070 4564 2421 4634 mentitisque
2459 4574 2783 4635 torquentur
2814 4581 2828 4618 :
2861 4565 2936 4620 ita
2963 4580 3064 4620 nos
3110 4582 3221 4637 quo
3255 4568 3429 4638 magis
3482 4569 3651 4637 vrrgi—

2070 4654 2261 4709 uitatis
2309 4653 2529 4709 divitias
2577 4654 3002 4724 cognoscimus,
3059 4670 3127 4710 eo
3178 4654 3437 4723 gravius,
3487 4656 3652 4711 rebus

2070 4746 2391 4811 melioribus
2440 4746 2733 4817 indagatis,
2781 4747 2927 4801 aliud
2973 4748 3095 4802 vitae
3139 4764 3311 4819 genus
3369 4748 3649 4819 lugentus;

2069 4854 2194 4894 cum
2237 4839 2742 4896 animadvertamus
2786 4840 2989 4909 quibus
3032 4840 3320 4910 quantisve
3361 4839 3518 4895 bonis
3560 4856 3653 4896 ca-

2068 4940 2205 4993 reat.
2239 4945 2415 5000 neque
2461 4930 2531 4986 iis
2585 4932 2786 4995 solum,
2821 4946 2942 5001 qua:
2975 4931 3098 4986 illos
3144 4939 3388 4994 manent,
3421 4931 3514 5003 qui
3550 4932 3651 4986 ho-

2070 5032 2226 5077 neste
2286 5028 2545 5093 casteque
2604 5022 2906 5087 vixerunt,
2950 5023 3043 5079 sed
3111 5023 3220 5079 illis
3292 5023 3458 5079 etiam
3529 5039 3653 5095 quae

2070 5112 2236 5183 hujus
2284 5114 2408 5169 vitae
2471 5115 2690 5184 propria
2725 5121 2877 5169 sunt.
2911 5112 2969 5169 Si
3008 5115 3135 5184 quis
3173 5113 3318 5171 enim
3363 5114 3654 5185 diligenter

2068 5204 2359 5273 exquirere
2395 5206 2524 5261 velit
2554 5246 2568 5269 ,
2617 5221 2740 5276 quae
2800 5206 2871 5262 sit
2927 5205 3092 5275 hujus
3144 5223 3174 5260 ιι
3241 5206 3493 5277 virginali
3543 5207 3649 5262 vita

2069 5296 2492 5364 dissimilitudo,
2547 5305 2754 5351 tantam
2817 5298 3063 5368 profecto
3121 5298 3389 5364 inveniet,
3445 5309 3651 5371 quanta

2072 5388 2242 5445 ferme
2271 5396 2356 5445 est
2400 5397 2744 5444 terrenarum
2788 5404 2974 5445 rerum
3011 5404 3042 5444 a
3073 5391 3393 5447 caelestibus
3423 5409 3437 5447 :
3470 5394 3653 5462 hujusc

2070 5496 2179 5550 que
2226 5480 2492 5536 orationis
2530 5480 2814 5535 veritatem
2852 5481 3128 5553 cognitam
3157 5521 3172 5548 ,
3202 5483 3653 5555 exploratamque

2072 5571 2107 5625 ii
2168 5570 2367 5627 habere
2397 5580 2651 5641 possunt,
2692 5572 2786 5640 qui
2841 5587 2931 5628 res
2990 5575 3141 5645 ipsas
3199 5575 3411 5631 ratione
3440 5576 3652 5630 animo-

2070 5679 2178 5734 que
2242 5664 2620 5719 lustraverint.
2684 5664 2844 5721 Unde
2907 5666 3073 5736 igitur
3127 5667 3253 5737 quis
3297 5667 3510 5723 initium
3569 5670 3653 5723 fa-

2071 5756 2290 5822 ciendo,
2338 5755 2589 5811 acerbam
2632 5756 2775 5813 hanc
2832 5757 2999 5813 vitam
3055 5742 3262 5829 tragice
3295 5759 3434 5815 satis
3462 5759 3653 5831 deplo—
