4096 6354
1665 315 1724 367 S.
1765 311 2098 368 GllEthlill
2133 310 2426 366 NYSSENI
3613 313 3719 371 238

450 331 556 388 527

443 448 641 510 raret?
675 447 784 501 Aut
823 435 1097 513 quomodo
1119 435 1237 490 haec
1266 431 1583 488 communia
1628 432 1754 487 vita
1813 431 2024 486 incom-

2138 447 2306 503 τερον.
2357 429 2649 502 Προσέστω
2698 429 2908 494 τούτοις
2958 429 3086 494 δόξα
3143 430 3238 484 καὶ
3289 430 3578 486 δυναστεία
3629 437 3724 489 καὶ
3829 483 3836 494 ,

445 541 606 599 moda
658 541 729 596 ob
764 535 954 592 oculos
1005 536 1250 602 poneret,
1285 541 1411 582 cum
1461 541 1531 580 ex
1574 540 1678 580 usu
1739 523 1878 580 satis
1909 523 2027 578 haec

2138 520 2476 592 περιφάνεια.
2513 521 2607 574 καὶ
2638 520 2747 574 πᾶν
2775 521 2804 574 ὅ
2848 537 2901 573 τι
2938 519 3139 592 βούλει.
3172 521 3315 574 Ἀλλ’
3343 523 3448 594 ὅρα
3495 525 3592 577 καὶ
3627 525 3725 596 τὴν

446 635 565 703 ipsa
606 647 799 687 omnes
853 622 1202 695 intelligant?
1259 621 1337 676 Ac
1391 619 1577 674 nescio
1610 619 1884 689 quomodo
1914 635 2031 688 ⁸ιιςιο

2138 615 2244 677 τοῖς
2280 612 2754 684 ἀπηριθμημένοις
2802 615 3058 684 χρηστοῖς
3115 613 3426 684 ἀναγκαίως
3475 632 3726 686 συμπαρ-

445 731 568 778 tura
623 719 824 782 effecit,
874 727 932 772 ut
1010 714 1126 767 haec
1200 705 1319 780 ipsa
1375 711 1558 780 ignota
1610 709 1723 763 sint
1780 708 1890 774 iis,
1936 706 2031 777 qui

2138 703 2304 758 οῦσαν
2337 705 2432 758 καὶ
2460 705 2882 776 ὑποσμύχουσαν
2905 703 3084 776 λύπην
3115 745 3131 764 .

447 828 510 870 ca
565 810 924 882 perspiciunt,
979 820 1105 859 cum
1139 801 1413 863 homines,
1459 800 1516 854 in
1577 800 1780 870 quibus
1829 799 1912 853 ha:
1943 813 2034 853 res
2071 797 2285 864 insunt,
2326 799 2475 852 ultro
2527 797 2801 868 ignorent.
2885 795 2992 852 Sed
3031 796 3254 853 lubetne
3348 805 3408 852 ut
3458 814 3490 852 a
3562 799 3728 854 rebus

454 905 873 977 jucundlssimis
937 897 1340 956 exordiamur?
1385 893 1556 968 Igitur
1625 911 1807 950 rerum
1859 894 2103 948 omnium
2144 909 2282 964 quas
2332 893 2386 948 in
2451 893 2655 963 nuptiis
2711 892 2960 948 homines
3004 899 3314 962 expetunt,
3372 899 3540 962 caput
3593 892 3726 947 illud

446 1006 554 1064 est,
633 1005 692 1050 ut
742 994 1052 1050 convictum
1087 1030 1102 1055 ,
1149 992 1385 1060 vitaeque
1472 989 1790 1044 societatem
1851 988 2306 1058 jncnndissimam
2366 994 2750 1056 asscquantur.
2805 987 2987 1056 Atque
3083 987 3197 1041 haec
3271 984 3491 1056 quidem
3535 985 3610 1040 ita
3668 1001 3728 1047 se

447 1086 732 1149 habeant,
823 1082 1134 1153 nuptiasque
1205 1080 1352 1134 omni
1400 1095 1468 1134 ex
1541 1087 1696 1149 parte
1770 1093 1933 1148 quam
1980 1077 2312 1133 beatissima;
2364 1077 2787 1134 describantur:
2839 1077 3058 1148 generis
3126 1077 3434 1142 nobilitas,
3511 1075 3728 1131 divitia-

449 1198 569 1237 rum
604 1183 760 1246 satis,
813 1190 937 1249 apta
973 1177 1262 1246 utriusque
1298 1183 1453 1242 astas,
1497 1173 1925 1248 pulchritudinis
1975 1172 2096 1238 llos,
2137 1174 2379 1230 charitas
2415 1189 2651 1238 summa,
2712 1181 2767 1229 et
2809 1180 3014 1244 quanta
3074 1173 3310 1227 maxima
3365 1171 3596 1243 cogitari
3633 1183 3728 1240 po-

450 1281 558 1328 test
607 1273 895 1340 utriusque
972 1283 1102 1339 erga
1144 1269 1373 1322 alterum
1410 1286 1424 1322 :
1457 1267 1640 1322 dulcis
1683 1266 1778 1319 illa
1848 1266 2150 1332 contentio,
2196 1281 2322 1321 cum
2393 1268 2532 1322 alter
2591 1268 2821 1322 alterum
2889 1267 2943 1321 in
2997 1281 3182 1321 amore
3263 1266 3444 1320 studet
3487 1266 3724 1320 vincere.

448 1362 728 1418 Accedant
777 1361 846 1416 ad
905 1361 1021 1414 haec
1076 1359 1271 1429 gloria,
1317 1373 1470 1428 opes,
1523 1357 1766 1427 potentia
1803 1397 1819 1422 ,
1876 1357 2153 1426 splendor,
2195 1366 2251 1412 et
2313 1373 2477 1413 onme
2514 1359 2784 1428 denique,
2869 1356 3017 1427 quod
3081 1357 3208 1412 addi
3251 1357 3417 1411 lubet.
3474 1355 3727 1410 Attamen

453 1462 516 1509 tu
561 1453 721 1509 velim
781 1450 969 1507 videas
1007 1451 1384 1521 aegritudinem
1415 1451 1756 1520 quamdam,
1792 1465 1913 1520 quae
1940 1451 2147 1504 sensim
2223 1452 2501 1507 hominem
2549 1452 2792 1515 conﬁcit,
2848 1465 3074 1521 unaque
3129 1449 3447 1505 necessario
3514 1449 3583 1504 iis
3651 1464 3728 1504 re-

450 1548 557 1603 bus
611 1548 776 1613 inest,
835 1561 958 1616 quae
1001 1546 1055 1600 in
1114 1544 1274 1600 bonis
1324 1555 1625 1599 numeratae
1669 1553 1822 1600 Slllll.

522 1638 796 1693 Praetereo
853 1637 1153 1700 invidiam,
1223 1652 1345 1706 quae
1381 1637 1645 1691 concitari
1703 1637 1756 1690 in
1813 1651 1908 1690 eos
1953 1649 2042 1689 so-

455 1729 560 1793 let,
615 1730 706 1798 qui
764 1727 952 1798 gloria‘:
996 1725 1230 1780 assecuti
1265 1733 1396 1780 sunt
1448 1725 1814 1795 splendorem,
1865 1738 2042 1793 neque

2217 1633 2292 1687 Οὐ
2314 1633 2457 1702 λέγω
2477 1631 2568 1686 τδν
2592 1635 2702 1697 τοῖς
2725 1631 3098 1703 εὐδοκιμοῦσιν
3125 1633 3485 1704 ἐπιφυόμενον
3514 1634 3726 1703 φθόνον,

2147 1727 2242 1778 καὶ
2267 1725 2348 1788 τὸ,
2378 1724 2667 1796 πρόχειρον
2700 1719 2837 1777 εἶναι
2865 1722 3000 1794 πρὸς
3030 1722 3322 1794 ἐπιϐουλὴν
3369 1723 3476 1777 τῶν
3517 1723 3727 1794 ἀνθρὼ-

454 1833 844 1884 commemoro,
891 1830 1056 1887 quam
1119 1814 1281 1871 facile
1331 1815 1615 1870 hominum
1647 1816 1866 1871 insidiis
1903 1815 2036 1870 illud

2145 1833 2262 1870 πων
2309 1815 2372 1869 τὸ
2414 1815 2603 1869 δοκοῦν
2649 1814 2938 1886 εὐημερεῖν
2992 1816 3049 1868 ἐν
3093 1813 3170 1885 τῷ
3205 1813 3323 1885 βίῳ,
3371 1815 3465 1868 καὶ
3506 1815 3588 1868 ὅτι
3619 1818 3727 1880 πᾶς

453 1911 763 1981 expositum
812 1909 903 1976 sit,
941 1923 1065 1964 cum
1115 1909 1242 1978 quis
1296 1907 1351 1963 in
1406 1909 1515 1962 vita
1574 1908 1741 1964 rebus
1777 1909 2040 1964 secundis

456 2000 532 2055 uti
574 1999 810 2064 videtur,
869 2013 1103 2069 quamve
1149 2006 1377 2069 paratus
1431 2000 1505 2054 sit
1533 1998 1748 2062 omnis,
1790 1999 1878 2053 cui
1941 1999 2040 2054 bo-

455 2106 654 2146 norum
703 2091 938 2161 aequatio
975 2106 1085 2146 non
1132 2091 1422 2160 contingit.
1476 2091 1726 2146 naturale
1762 2089 2037 2161 quoddam

455 2182 643 2238 odium
709 2181 910 2236 habere
963 2181 1018 2236 in
1070 2196 1232 2246 eum,
1274 2183 1368 2252 qui
1429 2183 1552 2252 plus
1614 2182 1843 2253 adeptus
1910 2190 2037 2239 est:

457 2283 622 2344 atque
672 2281 964 2345 propterea
1013 2272 1121 2339 iis,
1168 2275 1262 2344 qui
1301 2272 1506 2343 optima
1559 2275 1728 2328 animi
1769 2275 2042 2330 constitu-

455 2363 609 2418 tione
659 2377 782 2418 esse
821 2362 1078 2418 videntur
1103 2401 1119 2427 ,
1172 2369 1396 2432 propter
1427 2363 1797 2433 suspicionem
1845 2381 2040 2434 quam-

455 2454 580 2509 dam
633 2453 1006 2508 molestiarum
1045 2453 1168 2522 plus
1209 2455 1319 2508 vita
1379 2454 1530 2519 haec,
1572 2469 1735 2525 quam
1790 2458 2040 2525 volupta-

456 2551 572 2598 tum
633 2543 808 2599 all‘ert.
855 2541 1020 2599 Missa
1069 2543 1187 2598 haec
1235 2542 1379 2600 facio
1407 2581 1425 2608 ,
1472 2543 1631 2612 quasi
1684 2552 1876 2597 contra
1941 2557 2039 2599 eos

455 2635 639 2690 omnis
699 2634 1021 2704 languescat
1075 2633 1300 2689 invidia.
1367 2635 1438 2688 At
1505 2647 1614 2688 non
1673 2631 1833 2689 facile
1890 2635 2041 2689 invev

457 2724 580 2777 nire
624 2727 935 2794 quempiam
973 2724 1120 2790 licet,
1151 2724 1206 2778 in
1255 2739 1368 2794 quo
1410 2723 1526 2779 haec
1555 2724 1666 2778 duo
1705 2725 1869 2780 simul
1909 2741 2042 2780 con-

457 2814 748 2878 venerint,
785 2821 846 2868 ut
897 2815 1317 2871 secundioribus
1345 2855 1359 2882 ,
1387 2829 1550 2885 quam
1602 2815 1760 2869 multi
1796 2855 1811 2880 ,
1871 2817 2038 2871 rebus

459 2912 666 2968 utatur,
695 2912 751 2959 et
800 2904 1062 2960 invidiam
1095 2905 1335 2960 declinet
1410 2904 1516 2960 Sed
1552 2914 1734 2961 tamen
1771 2906 2038 2962 faciamus

455 3008 579 3050 esse
627 3001 687 3048 ut
736 2994 806 3050 ab
845 2995 930 3051 his
967 2997 1248 3061 omnibus,
1311 2995 1356 3053 si
1414 2995 1665 3060 videtur,
1707 3012 1874 3051 vacua
1926 2997 2035 3061 sit,

2139 1907 2169 1960 6
2210 1907 2286 1978 μὴ
2331 1906 2624 1977 ίσομοιρῶν
2675 1907 2732 1959 ἐν
2770 1905 2850 1976 τῷ
2897 1903 3185 1976 κρείττονι,
3226 1904 3454 1974 φυσικόν
3493 1922 3545 1959 τι
3591 1905 3727 1978 πρὸς

2139 1998 2232 2051 τὸν
2260 1998 2600 2069 ὑπερέχοντα
2638 1997 2699 2051 τὸ
2724 1999 2882 2068 μῖσος
2913 1996 3059 2067 ἐχειο
3086 1996 3179 2050 καὶ
3205 1996 3294 2052 διά
3329 1985 3486 2050 τοῦτο
3515 1996 3582 2050 δι’
3624 1997 3726 2050 ὐπ-

2138 2089 2297 2161 οψίας
2324 2092 2438 2154 τοῖς
2462 2088 2710 2143 δοκοῦσιν
2741 2088 2994 2160 εὐθυμεῖν
3020 2091 3049 2143 6
3078 2089 3191 2161 βίος
3215 2089 3382 2158 ἐστὶν,
3411 2088 3582 2144 πλείω
3619 2090 3728 2144 τῶν

2137 2183 2310 2255 ήδέων
2353 2182 2422 2235 τὰ
2460 2181 2679 2254 λυπηρά
2723 2181 3111 2253 παρεχόμενος.
3144 2181 3391 2253 Παρίημι
3430 2181 3624 2248 ταῦτα,
3651 2180 3727 2245 ὡς

2138 2274 2236 2328 καὶ
2277 2271 2371 2326 τοῦ
2411 2273 2606 2342 φθόνου
2656 2274 2776 2327 κατ’
2819 2272 3044 2328 ἐκείνων
3083 2271 3401 2344 ἀργοῦντος.
3435 2273 3627 2327 Καίτοι
3662 2288 3727 2342 γε

2138 2365 2200 2418 οὐ
2262 2365 2444 2437 ῥᾴδιόν
2489 2365 2638 2418 ἐστιν
2695 2365 2876 2437 εὑρεῖν
2923 2367 3031 2438 ὅτῳ
3093 2365 3162 2418 τὰ
3214 2363 3308 2418 δύο
3350 2365 3492 2420 κατὰ
3533 2363 3727 2418 ταύτὸν

2141 2453 2462 2526 συνηνέχθη,
2495 2456 2589 2508 καὶ
2626 2454 2768 2526 ὑπὲρ
2807 2457 2936 2518 τούς
2977 2454 3205 2518 πολλοὺς
3245 2455 3602 2526 εὐδαιμονεῖν,
3633 2455 3726 2509 καὶ

2137 2544 2450 2611 διαφεύγειν
2477 2545 2568 2598 τὸν
2598 2544 2807 2610 φθόνον.
2841 2545 2986 2617 Πλὴν
3017 2545 3152 2599 ἀλλὰ
3177 2545 3395 2599 πάντων
3415 2544 3527 2598 τῶν
3551 2544 3727 2598 τοιούο

2137 2649 2247 2686 των
2267 2632 2554 2704 ἐλευθέραν
2580 2633 2762 2686 αὐτῶν
2780 2632 2880 2706 τὴν
2905 2632 3071 2705 ζωὴν,
3098 2634 3148 2686 εί
3176 2633 3342 2700 δοκεῖ,
3374 2634 3722 2706 ύωθὼμεθα.

2139 2727 2250 2780 Καὶ
2281 2725 2478 2795 ἴδωμεν
2513 2726 2561 2778 εί
2605 2725 2828 2780 δυνατόν
2867 2726 3014 2779 ἐστιν
3061 2725 3315 2797 εὐθυμεῖν
3352 2727 3478 2791 τοὺς
3515 2729 3573 2781 ἐν
3611 2745 3724 2782 τοιο

2137 2816 2276 2888 αύτῃ
2305 2816 2586 2884 διάγοντας
2617 2816 2904 2888 εὐημερίᾳ.
2957 2817 3022 2870 Τί
3070 2812 3164 2871 οῦν
3204 2817 3356 2872 ἔσται
3391 2819 3454 2871 τὸ
3498 2817 3723 2885 λυποῦν,

2139 2911 2305 2979 ἐρεῖς,
2358 2909 2407 2960 εί
2457 2906 2593 2978 μηδὲ
2634 2908 2663 2960 6
2706 2907 2898 2977 φθόνος
2935 2907 3047 2962 τῶν
3089 2907 3548 2980 εὐδαιμονούντων
3593 2912 3725 2967 καθ-

2139 2999 2373 3068 άψεταις
2406 2997 2576 3051 Τοῦτο
2608 2997 2739 3050 αὐτό
2771 3014 2915 3068 φημι
2959 2997 3021 3050 τὸ
3064 2997 3152 3052 διά
3181 2999 3396 3052 πάντων
3428 3000 3608 3064 αὐτοῖς
3634 3000 3732 3054 τὸν

454 3095 512 3143 ct
565 3085 734 3140 libera
770 3085 1052 3142 hominum
1121 3088 1274 3153 vita;
1327 3087 1719 3156 videamusque
1802 3103 1870 3142 an
1919 3088 2034 3144 ﬁeri

2142 3091 2253 3163 βίον
2285 3090 2832 3160 καταγλυκαίνεσθαι,
2864 3083 3022 3144 τοῦτό
3053 3092 3169 3144 ἐστι
3197 3091 3258 3144 τδ
3291 3091 3390 3162 τῆς
3417 3091 3592 3162 λύπης
3619 3091 3725 3145 ὐπ-

457 3179 651 3254 possit,
707 3185 766 3232 ut
799 3177 893 3248 qui
928 3176 1032 3232 hoc
1078 3177 1324 3233 secundo
1351 3193 1537 3234 rerum
1584 3193 1751 3233 cursu
1784 3187 2034 3246 utuntur,

2141 3184 2417 3253 έκκαυμα.
2451 3183 2594 3245 Ἕως
2634 3180 2740 3253 γάρ
2766 3181 3042 3253 ἄνθρωποι
3089 3175 3217 3246 ὦσι,
3249 3183 3313 3236 τδ
3349 3182 3541 3254 θνητὸν
3567 3182 3724 3238 τοῦτο

454 3271 755 3342 tranquillo
790 3276 1053 3340 rectoque
1106 3267 1274 3323 animi
1316 3275 1465 3323 statu
1516 3267 1648 3323 sint.
1685 3269 1826 3334 Quid
1873 3269 2040 3339 igitur

454 3364 584 3428 erit,
623 3362 856 3434 inquies,
886 3359 1031 3432 quod
1071 3359 1380 3415 molestiam
1424 3359 1638 3424 afferat,
1680 3362 1790 3418 nisi
1841 3361 2043 3417 floren-

455 3455 706 3517 tissimos
770 3453 1023 3510 homines
1085 3451 1331 3522 attigerit
1406 3451 1654 3507 invidia?
1703 3452 1818 3508 lloc
1862 3454 2042 3525 ipsum

452 3547 712 3608 dixerim,
743 3560 868 3601 cum
903 3545 1124 3600 illorum
1155 3546 1270 3598 vita
1302 3544 1558 3602 omnibus
1585 3546 1916 3602 circumfluit
1944 3549 2042 3603 ho-

456 3639 570 3701 nis,
602 3637 749 3708 quod
773 3646 856 3691 est
875 3635 1082 3691 doloris
1106 3635 1546 3690 incitamentum.
1571 3637 1706 3691 Nam
1756 3652 1919 3707 quam
1947 3639 2041 3693 diu

458 3729 628 3788 homo
659 3742 746 3782 res
773 3727 1020 3781 mortalis
1050 3736 1158 3789 est,
1185 3734 1240 3780 et
1263 3725 1470 3781 caduca
1504 3745 1520 3795 ;
1553 3731 1917 3798 sepulcraque
1943 3743 2040 3783 eo-

461 3835 608 3884 rum,
633 3835 661 3871 a
693 3820 889 3889 quibus
915 3826 1070 3874 ortus
1091 3825 1175 3873 est
1204 3819 1479 3887 intuetur;
1516 3821 1560 3876 si
1586 3821 1864 3890 paululum
1881 3823 2041 3878 modo

460 3912 692 3969 rationis
720 3919 803 3965 est
828 3910 1115 3980 particeps,
1141 3909 1194 3962 in
1225 3909 1415 3966 dolore
1465 3920 1584 3974 est,
1634 3913 1730 3981 qui
1764 3927 1889 3966 cum
1937 3912 2041 3967 hac

458 4005 573 4059 vita
603 4001 930 4068 conjunctus
951 4000 1193 4070 separari
1224 4009 1279 4055 et
1327 4000 1484 4055 avelli
1512 4015 1620 4055 non
1649 4009 1847 4070 potest.
1901 4000 2038 4056 Nam

459 4095 706 4157 assidua,
764 4093 1192 4162 quotidianaque
1257 4091 1450 4146 mortis
1488 4091 1828 4162 exspectatio
1872 4092 2041 4148 nullis

458 4187 651 4251 certis,
680 4199 857 4254 neque
907 4183 1144 4238 definitis
1176 4182 1350 4254 signis
1395 4183 1638 4254 cognita,
1677 4183 1775 4238 sed
1811 4191 2036 4255 propter

463 4280 703 4339 incertos
735 4291 899 4331 casus
925 4289 1160 4344 semper,
1189 4273 1356 4331 veluti
1408 4289 1676 4343 praesens,
1711 4276 2040 4344 perterrefa-

458 4371 635 4432 ciens,
659 4367 799 4421 hanc
826 4366 952 4422 vita:
974 4365 1372 4434 iucunditatem
1403 4374 1665 4436 perpetuo
1721 4367 1926 4428 turbat,
1957 4376 2041 4422 at-

458 4477 570 4532 que
602 4475 808 4524 rerum,
858 4473 980 4528 quas
1033 4464 1344 4527 sperantur,
1375 4465 1522 4512 metu
1577 4457 1793 4514 laetitias
1845 4474 2036 4515 omnes
2069 4491 2112 4547 υ

462 4551 743 4624 pervertit.
798 4549 856 4605 Si
890 4549 1038 4604 enim
1070 4547 1187 4602 ﬁeri
1219 4557 1424 4618 posset,
1479 4556 1540 4602 ut
1571 4561 1696 4605 ante
1732 4551 2033 4620 periculum

461 4657 666 4704 rerum,
697 4656 834 4710 quas
862 4647 1049 4709 postea
1079 4638 1204 4707 quis
1230 4647 1313 4692 est
1332 4646 1615 4707 expertus,
1638 4638 1877 4695 disceret
1902 4659 1916 4707 ;
1943 4648 2036 4695 aut

460 4734 637 4803 aliqua
668 4733 772 4786 alia
795 4731 1109 4798 conjectura
1147 4729 1214 4793 is,
1252 4727 1348 4798 qni
1393 4729 1450 4781 in
1484 4727 1586 4782 hac
1611 4728 1721 4783 vita
1753 4737 2033 4796 versatur,

461 4840 549 4879 res
581 4823 892 4894 perspicere
925 4828 1135 4890 posset,
1166 4824 1408 4886 quantus
1443 4817 1690 4888 profecto
1741 4820 1892 4874 fieret
1915 4819 2038 4873 illo-

459 4933 582 4976 rum
615 4928 942 4974 concursus,
975 4910 1067 4981 qui
1105 4910 1172 4964 ad
1200 4909 1573 4978 virginitatem
1608 4924 1638 4963 a
1663 4908 1871 4981 nuptiis
1904 4924 2037 4965 con-

459 5008 710 5078 fugerent
743 5009 767 5061 ’ί
789 5007 1000 5075 Quanta
1026 5010 1209 5065 cautio
1233 5009 1581 5080 provisioque
1614 5009 1780 5064 animi
1807 5008 2034 5064 adhibe-

459 5109 634 5163 retur,
667 5106 727 5153 ut
764 5099 1241 5170 inexplicabilibus
1282 5101 1351 5156 iis
1400 5101 1614 5172 laqueis
1650 5115 1934 5172 nunquam
1977 5115 2038 5156 se

461 5191 790 5257 irretissent,
819 5207 1054 5261 quorum
1081 5190 1325 5252 difﬁciles
1351 5192 1527 5248 nodos
1552 5208 1661 5247 non
1692 5200 1872 5262 potest
1895 5191 2037 5246 alius

459 5295 716 5339 accurate
733 5299 1092 5354 cognoscere,
1114 5284 1222 5341 nisi
1253 5284 1346 5355 qui
1369 5284 1580 5340 retibus
1613 5283 1749 5354 ipsis
1782 5284 2038 5354 illaquea-

459 5383 550 5428 tus
575 5377 828 5429 tenetur?
855 5376 1122 5431 Cerneres
1155 5375 1322 5441 enim,
1354 5375 1400 5429 si
1433 5374 1535 5429 hoc
1565 5381 1747 5428 tamen
1783 5374 1903 5429 sine
1938 5389 2035 5444 pe-

458 5464 832 5530 culo_liceret,
857 5467 1085 5520 multam
1136 5481 1319 5520 rerum
1385 5466 1528 5522 inter
1578 5481 1641 5521 se
1687 5463 2036 5522 dissimilium

460 5552 954 5625 perturbationem,
992 5554 1166 5610 risum
1201 5556 1352 5610 luctu
1386 5557 1705 5619 admistum,
1738 5569 2032 5610 mmrorem

457 5659 582 5698 cum
608 5643 794 5699 laetitia
817 5643 1133 5708 confusum,
1159 5661 1484 5718 semperque
1516 5647 1714 5718 iis,qui
1738 5646 1852 5702 nati
1885 5653 2034 5712 sunt,

457 5747 686 5811 propter
709 5751 855 5810 spes,
893 5751 1033 5812 quas
1060 5737 1162 5793 sibi
1191 5749 1526 5813 proponunt,
1559 5749 1788 5796 mortem
1821 5739 2035 5812 impen-

2143 3274 2238 3326 καὶ
2265 3271 2528 3343 ἐπίκηρον
2555 3273 2809 3343 πρᾶγμα,
2844 3273 2939 3326 καὶ
2977 3273 3105 3337 τούς
3145 3273 3349 3343 τάφους
3380 3273 3488 3328 τῶν
3526 3275 3622 3346 ἀφ’
3649 3267 3724 3329 ὧν

2143 3362 2397 3432 γεγόνασι
2443 3362 2735 3433 βλέπωσιν,
2777 3362 3079 3435 ἀχώριστον
3121 3363 3304 3435 έχουσι
3341 3365 3438 3420 καὶ
3472 3365 3723 3430 συνεζευ-

2142 3457 2352 3528 γμένην
2382 3459 2450 3528 τῇ
2481 3458 2592 3528 ζωῇ
2630 3457 2732 3527 τὴν
2761 3455 2958 3528 λύπην,
3001 3459 3051 3512 εί
3089 3460 3185 3514 καὶ
3229 3459 3423 3531 μικρὸν
3451 3460 3724 3531 μετέχοιεν

2141 3545 2237 3599 τοῦ
2265 3545 2597 3614 λογίζεσθαι.
2636 3546 2702 3599 Ἦ
2728 3546 2838 3619 γὰρ
2869 3547 3119 3620 διηνεκὴς
3147 3548 3242 3602 τοῦ
3280 3549 3510 3604 θανάτου
3555 3568 3724 3621 προσ-

2141 3634 2314 3701 δοκία,
2347 3637 2450 3689 οὐκ
2481 3637 2574 3689 ἐπὶ
2603 3638 2782 3708 ῥητοῖς
2807 3654 2918 3691 τισι
2951 3638 3201 3710 σημείοις
3227 3639 3720 3712 ἐπιγινωσκομένη,

2142 3727 2278 3783 ἀλλά
2316 3729 2406 3783 διὰ
2456 3729 2557 3800 τὴν
2607 3729 2830 3800 ἀδηλίαν
2871 3729 2966 3784 τοῦ
3025 3731 3331 3802 μέλλοντος,
3376 3734 3605 3788 πάντοτε
3646 3733 3725 3796 ὡς

2142 3819 2464 3890 ἐνεστηκυῖα
2493 3820 2762 3889 φοϐοῦσα,
2793 3819 2893 3893 τὴν
2929 3821 3018 3876 ἀεὶ
3066 3822 3344 3894 παροῦσαν
3387 3824 3724 3897 εὐφροσύνην

2143 3912 2351 3980 συγχεῖ,
2379 3910 2454 3982 τῷ
2483 3912 2633 3982 φόϐῳ
2663 3913 2770 3966 τῶν
2795 3912 3162 3985 ἐλπιζομένων
3187 3914 3287 3980 τὰς
3314 3915 3576 3988 εὐθυμίας
3606 3919 3724 3972 ἐπι-

2139 3998 2508 4070 ταράσσουσα.
2541 4001 2604 4054 Εἰ
2630 4001 2738 4070 γὰρ
2773 3997 2840 4072 ἦν
2880 4001 3104 4057 δυνατὸν
3136 4004 3244 4076 πρὸ
3279 4007 3378 4076 τῆς
3427 4006 3620 4078 πείρας
3654 4007 3723 4061 τὰ

2139 4088 2250 4142 τῶν
2274 4091 2690 4161 πεπειραμένων
2723 4090 2933 4162 μαθεῖν,
2957 4093 3006 4145 εί
3032 4094 3139 4166 γάρ
3170 4094 3300 4165 ἐξῆν
3331 4094 3398 4148 δι’
3444 4095 3612 4168 ἄλλης
3656 4114 3723 4149 τι·

2140 4181 2231 4244 νὸς
2272 4181 2516 4245 ἐπινοίας
2564 4182 2714 4246 ἐντὸς
2753 4182 2848 4236 τοῦ
2880 4183 2995 4254 βίου
3037 4186 3346 4257 γενόμενον,
3393 4188 3722 4244 ἐποπτεῦσαι

2141 4269 2209 4324 τὰ
2243 4271 2564 4342 πράγματα’
2595 4273 2759 4338 πόσος
2784 4273 2848 4328 ἂν
2876 4270 2942 4344 ἦν
2965 4276 2994 4328 6
3017 4274 3216 4346 δρόμος
3234 4276 3342 4330 τῶν
3367 4277 3723 4348 αὐτομολούν-

2139 4377 2249 4416 των
2281 4363 2417 4433 πρὸς
2452 4363 2554 4434 τὴν
2583 4363 2878 4435 παρθενίαν
2909 4365 3019 4418 ἀπὸ
3055 4365 3150 4419 τοῦ
3175 4367 3388 4438 γάμουι
3438 4369 3579 4440 πόση
3616 4386 3720 4438 φυ-

2141 4451 2282 4524 λακὴ
2315 4454 2409 4507 καὶ
2454 4456 2763 4527 προμήθεια
2801 4456 2894 4511 τοῦ
2958 4452 3167 4528 μήποτε
3210 4459 3472 4528 ἀφύκτοις
3518 4461 3721 4530 πάγαις

2141 4545 2564 4618 ἐγκρατηθῆναι,
2588 4541 2664 4600 ὧν
2690 4547 2788 4618 τὴν
2811 4549 3096 4603 δυσκολίαν
3127 4549 3227 4604 οὐκ
3264 4551 3411 4606 ἐστιν
3439 4553 3616 4618 ἄλλως
3651 4554 3718 4608 δι’

2135 4635 2419 4707 ἀκριϐείας
2451 4637 2662 4707 μαθεῖν,
2701 4639 2776 4710 μὴ
2812 4639 2962 4703 ἐντὸς
2995 4640 3105 4695 τῶν
3146 4641 3366 4712 ἀρκύων
3388 4643 3714 4714 γενόμενονί

2135 4723 2289 4791 Εἶδες
2313 4727 2419 4799 γὰρ
2468 4729 2556 4793 ἂν,
2585 4729 2744 4799 εἴπερ
2796 4730 2923 4786 ίδεῖν
2969 4732 3266 4798 ἀκινδύνως
3314 4733 3464 4805 ἐξῆν,
3519 4737 3718 4810 πολλὴν

2134 4819 2244 4873 τῶν
2282 4821 2538 4874 ἐναντίων
2567 4822 2664 4893 τὴν
2693 4821 2973 4893 σύγχυσιν,
3017 4824 3229 4892 γέλωτα
3263 4826 3519 4898 δακρύοις
3543 4829 3718 4899 ἐμπε-

2136 4910 2432 4982 φυρμένον,
2467 4913 2562 4965 καὶ
2609 4912 2786 4984 λύπην
2831 4917 3191 4988 εὐφροσύναις
3229 4921 3715 4992 συμμεμιγμένην,

2135 5003 2411 5074 πανταχοῦ
2439 5007 2556 5068 τοῖς
2585 5006 2890 5076 γινομένοις
2919 5010 3273 5081 συμπαρόντα
3304 5011 3394 5066 διά
3431 5013 3542 5066 τῶν
3569 5015 3719 5068 ἐλπί-

2133 5095 2240 5149 δων
2265 5095 2357 5148 τὸν
2387 5094 2633 5161 θάνατον,
2667 5097 2762 5150 καὶ
2809 5097 3038 5152 ἐκάστου
3083 5100 3192 5154 τῶν
3235 5101 3357 5156 καθ’
3385 5102 3578 5176 ἡδονὴν
3621 5105 3719 5172 ἐφ·-

2136 5185 2458 5258 απτόμενον.
2501 5187 2672 5242 Ὅταν
2733 5189 2818 5262 leg
2873 5190 2903 5244 6
2954 5191 3187 5263 νυμφίος
3235 5194 3296 5247 τὸ
3357 5195 3720 5268 ἀγαπώμενον

2137 5277 2446 5350 πρόσωπον,
2481 5279 2643 5344 εὐθὺς
2669 5279 2886 5344 πάντως
2912 5283 3008 5336 καὶ
3044 5283 3075 5335 6
3116 5284 3281 5353 φόϐος
3311 5287 3717 5360 τοῦ-χωρισμοῦ

2139 5370 2538 5442 συνεισέρχεται
2558 5388 2572 5401 ·
2621 5372 2727 5426 κᾶν
2758 5373 2968 5447 ἀκούσῃ
2993 5375 3093 5447 τῆς
3133 5377 3358 5449 ἡδίστης
3385 5381 3588 5453 φωνῆς,
3623 5384 3718 5437 καὶ

2133 5459 2196 5514 τὸ
2225 5459 2300 5536 μὴ
2329 5460 2658 5516 ἀκούσεσθαί
2703 5479 2834 5517 ποτε
2863 5467 3134 5536 ἐννοήσει·
3163 5469 3257 5522 καὶ
3279 5468 3406 5524 ὅταν
3435 5471 3716 5544 ἐὐφρανθῇ

2133 5553 2201 5624 τῇ
2243 5551 2444 5631 θεωρίᾳ
2483 5552 2579 5607 τοῦ
2623 5553 2874 5622 κάλλους,
2916 5556 3038 5610 τότε
3076 5559 3311 5629 μάλιστα
3358 5562 3574 5634 φρίττει
3617 5565 3720 5635 τὴν

2136 5643 2463 5715 προσδοκίαν
2501 5643 2601 5697 τοῦ
2645 5645 2906 5710 πένθους’
2949 5647 3046 5702 ἐάν
3077 5649 3147 5704 τά
3188 5650 3347 5722 τίμια
3385 5655 3452 5724 τῇ
3483 5653 3718 5725 νεότητι,

2137 5735 2231 5809 καὶ
2264 5735 2362 5791 ὅσα
2396 5736 2544 5810 παρά
2572 5737 2678 5794 τῶν
2710 5738 2950 5809 ἀνοήτων
2984 5742 3342 5808 σπουδάζεται
3377 5749 3715 5822 κατανοήσῃ*
