4096 6354
372 337 480 400 529

1720 332 1807 387 DE
1835 332 2305 406 VIRGINITATE.

3543 332 3653 388 3w

372 442 482 502 οἷον
510 446 786 523 ὀφθαλμδν
821 450 942 521 ¹τοῖς
979 447 1266 519 βλεφάροις
1308 449 1626 522 λάμποντα,
1668 450 1761 504 καὶ
1797 449 1968 530 ὀφρὺν

2074 451 2220 514 dere,
2260 467 2336 520 ac
2371 466 2584 522 singula
2656 466 2779 522 quae
2836 453 2889 506 in
2942 449 3223 520 voluptate
3291 449 3467 518 posita
3518 456 3651 505 sunt

374 539 813 611 περικεχυμένην
850 538 929 608 τῷ
970 539 1195 612 ὄμματι,
1231 543 1326 594 καὶ
1374 541 1605 612 παρειὰν
1646 544 1701 594 ὲν
1731 543 1847 614 ἡδεῖ
1871 544 1966 600 καὶ

373 627 636 699 γλαφυρῷ
688 629 1030 701 μειδιάματι,
1086 629 1179 683 καὶ
1232 631 1406 702 χεῖλος
1459 632 1855 706 ἐπηνθισμένον
1887 634 1966 706 τῷ

376 719 590 790 φυσικῷ
623 720 948 790 ἐρυθήματι,
982 719 1159 792 κόμην
1185 739 1242 773 τε
1270 724 1579 794 χρυσομιγῆ
1614 727 1708 779 καὶ
1743 725 1963 794 βαθεῖαν

373 812 452 883 τῷ
477 811 705 882 ποικίλῳ
726 812 823 881 τῆς
854 813 1131 883 ἐμπλοκῆς
1155 815 1232 884 τῇ,
1253 814 1459 885 κεφαλῇ
1488 817 1960 886 περιστίλϐουσαν,

375 904 469 958 καὶ
511 905 692 957 πᾶσαν
735 903 835 980 τὴν
890 905 1223 977 πρόσκαιρον
1272 907 1498 975 ἀγλαΐαν
1557 909 1793 980 ἐκείνην,
1841 911 1962 964 τότε

375 995 612 1058 πάντως,
649 995 753 1074 κάν
812 995 1006 1067 μικρὸν
1053 997 1202 1068 αὐτῷ
1247 1003 1422 1070 προσῇ
1481 999 1572 1053 τοῦ
1629 1001 1960 1069 λογίζεσθαι.

373 1086 594 1139 κάκεῖνο
631 1088 697 1157 τῇ
725 1085 870 1157 ψυχῇ
900 1087 1088 1146 ὲννοεῖ.
1113 1089 1194 1141 ὃτι
1223 1088 1380 1142 τοῦτο
1425 1091 1484 1143 τὸ
1523 1091 1718 1155 κάλλος
1752 1095 1962 1163 οἰχήσε-

371 1179 461 1230 ταί
497 1196 627 1232 ποτε
660 1179 936 1251 διαρρυὲν,
979 1179 1072 1233 καὶ
1120 1181 1200 1242 είς
1237 1180 1298 1232 τὸ
1330 1182 1403 1252 μὴ
1451 1181 1510 1234 ὃν
1557 1173 1964 1254 περιστήσεται,

375 1269 534 1322 ὀστέα
567 1269 796 1340 βδελυρά
826 1286 887 1321 τε
927 1271 1022 1322 καὶ
1055 1271 1268 1341 εἰδεχθῆ
1299 1273 1422 1325 ἀντὶ
1458 1272 1550 1326 τοῦ
1575 1274 1669 1325 νῦν
1709 1275 1968 1346 φαινομέ-

374 1377 464 1412 νου
497 1360 810 1431 γενόμενον,
841 1361 992 1414 οὐδὲν
1027 1363 1191 1431 ἴχνος,
1222 1362 1370 1415 οὐδὲν
1410 1366 1772 1434 μνημόσυνον,
1813 1369 1967 1422 οὐδὲν

374 1451 623 1520 λείψανον
654 1451 746 1505 τοῦ
774 1453 1040 1524 παρόντος
1078 1453 1271 1516 ἄνθους
1297 1454 1713 1526 ἐπιφερόμενον.

2079 543 2370 614 attingere.
2406 541 2652 615 Sponsus
2688 541 2970 597 honestam
3005 539 3220 605 faciem,
3274 546 3329 594 et
3357 537 3649 592 amabilem

2070 649 2196 688 cum
2229 634 2424 701 cernit,
2455 634 2714 702 continuo
2743 649 2868 689 eum
2923 640 3103 696 metus
3151 631 3385 694 invadit,
3437 646 3504 685 ne
3533 646 3563 684 a
3591 645 3652 684 se

2072 709 2421 795 disjungatur
2447 742 2462 791 ;
2493 740 2616 795 cum
2651 725 3038 794 suavissimam
3062 738 3250 779 vocem
3279 722 3506 778 auribus
3526 736 3651 790 per-

2071 817 2270 888 cipiet,
2304 817 2354 872 ei
2394 817 2717 889 intuentem
2748 818 2932 872 statim
2962 818 3180 882 veniet,
3225 831 3254 870 a
3283 831 3342 870 se
3367 826 3646 882 nunquam

2073 910 2590 982 ampliusauditum
2625 910 2728 970 iri:
2785 909 3027 976 formoso
3067 918 3121 963 et
3171 907 3378 963 liberali
3421 909 3647 976 aspectu

2070 1015 2194 1054 cum
2256 1002 2566 1073 delectatus
2615 1011 2718 1067 est,
2779 1011 2895 1065 tum
2949 1002 3129 1055 luctus
3171 997 3646 1068 exspectationem

2072 1092 2286 1148 horret:
2320 1108 2384 1148 ac
2414 1093 2651 1164 denique
2684 1109 2804 1164 qua!
2824 1092 3202 1154 adolescentes
3230 1091 3283 1145 in
3309 1089 3482 1160 pretio
3505 1093 3560 1142 et
3591 1085 3648 1139 in

2069 1185 2281 1262 ¹¹⁰ί¹⁰τθ
2313 1186 2536 1248 haben“
2569 1185 2950 1258 quaiveinsani
2971 1192 3268 1253 expetunt,
3303 1182 3348 1236 si
3369 1195 3452 1249 lea,
3475 1179 3652 1234 intue-

2069 1276 2238 1341 bitur,
2279 1278 2431 1336 verbi
2458 1294 2646 1344 causa,
2677 1279 2896 1350 oculum
2943 1277 3334 1353 palpebrarum
3361 1276 3651 1326 venustate

2069 1369 2366 1438 insignem,
2408 1371 2757 1440 supercilium
2807 1370 2952 1443 oculi
2991 1371 3187 1423 decore
3229 1361 3646 1422 circumfusum,

2071 1475 2241 1530 genas
2275 1459 2450 1516 forma
2487 1470 2542 1516 et
2595 1463 2781 1534 lepore
2802 1461 3037 1531 eleganti
3096 1457 3402 1518 ailluentes,
3434 1453 3648 1507 labrum

381 1543 611 1596 naturali
649 1541 846 1598 rubore
896 1544 1184 1608 sumtsum,
1231 1560 1443 1602 comam
1475 1561 1611 1600 auro
1667 1545 1952 1624 intextam,
1993 1551 2191 1620 capitis
2220 1553 2482 1607 verticem
2515 1553 2684 1608 variis
2738 1553 3016 1607 coloribus
3081 1549 3423 1622 gemmisque
3479 1542 3650 1598 reful-

374 1644 609 1704 gentem,
650 1646 703 1692 et
743 1653 956 1691 omnem
990 1637 1138 1690 illum
1170 1637 1407 1709 denique
1461 1642 1768 1695 venustatis
1802 1641 2148 1711 splendorem
2174 1645 2268 1716 qui
2302 1645 2604 1717 adtempus
2635 1627 2642 1638 ’
2669 1653 2852 1701 manet
2883 1664 2895 1698 :
2953 1651 3068 1697 tum
3140 1641 3388 1702 omnino,
3456 1635 3504 1691 si
3563 1633 3648 1687 vel

378 1727 657 1794 paululum
696 1727 927 1781 rationis
954 1728 1006 1780 in
1045 1743 1110 1782 eo
1139 1729 1230 1794 sit,
1271 1730 1403 1784 illud
1451 1729 1615 1785 simul
1656 1740 1838 1787 mente
1900 1734 2170 1810 intuetur,
2238 1715 2453 1810 omnem
2503 1715 2662 1806 illam
2723 1747 3064 1794 venustatem
3127 1715 3420 1806 aliquando
3490 1744 3652 1801 pror-

378 1834 478 1873 sus
509 1819 856 1873 interituram
898 1836 1042 1886 esse,
1079 1823 1145 1876 ad
1197 1838 1324 1878 ossa
1386 1822 1676 1888 deformia,
1727 1831 1908 1896 turpia
1950 1809 2032 1882 ac,
2089 1827 2232 1883 forda
2289 1809 2585 1898 redactam,
2643 1831 2845 1886 amissa
2889 1830 3120 1900 pristina
3168 1827 3372 1898 specie,
3436 1824 3646 1878 nullum

377 1922 557 1967 autem
608 1915 917 1986 vestigium,
990 1914 1198 1970 nullum
1277 1925 1712 1992 monumentum,
1778 1919 1960 1971 nullas
2001 1919 2164 1991 hujus
2195 1923 2345 1978 llos-is
2374 1923 2633 1993 reliquias
2661 1922 2994 1976 alierentem.

450 2009 510 2060 Ei
540 2007 713 2062 ταῦτα
749 2009 843 2062 καὶ
870 2007 940 2062 τὰ
965 2006 1188 2062 τοιαῦτα
1229 2009 1510 2073 διανοοῖτο,
1546 2005 1654 2081 ἆρα
1681 2011 1739 2064 ὲν
1773 2011 1971 2081 εὐφρο-

2145 2015 2201 2069 Si
2233 2017 2395 2087 igitur
2423 1995 2559 2079 haec,
2613 2022 2918 2083 cmteraque
2951 2010 3264 2081 huiusmodi
3298 2023 3486 2064 secum
3520 2005 3644 2076 quis

378 2098 512 2172 σύνῃ
563 2098 857 2169 βιώσεται;
906 2095 1014 2170 ἆρα
1061 2101 1342 2154 πιστεύσει
1379 2104 1491 2164 τοῖς
1529 2101 1792 2174 παροῦσιν
1823 2103 1972 2174 αὐτῷ

376 2192 651 2260 χρηστοῖς,
678 2189 753 2252 ὡς
802 2190 888 2243 ἀεὶ
939 2191 1382 2261 παραμένουσινς
1411 2188 1489 2244 *Η
1533 2191 1688 2263 δῆλον
1738 2196 1802 2246 ὲκ
1845 2193 1972 2258 τού-

382 2296 510 2343 των,
533 2282 614 2334 ὅτι
653 2281 904 2352 καθάπερ
930 2280 986 2334 ὲν
1020 2284 1140 2345 ταῖς
1172 2281 1278 2334 τῶν
1313 2280 1534 2352 ὀνείρων
1567 2283 1801 2348 ἀπάταις
1830 2284 1974 2355 ἀμη-

289 2391 298 2398 ·
377 2377 624 2448 χανὴσει,
663 2375 756 2428 καὶ
805 2375 1046 2439 ἀπίστως
1091 2379 1227 2446 πρὸς
1271 2376 1360 2427 τὸν
1397 2374 1508 2445 βίον
1551 2375 1684 2442 ἕξει,
1710 2376 1786 2439 ὡς
1818 2375 1973 2450 ἀλλο-

375 2471 545 2541 τρίοις
587 2467 868 2540 προσέχων
907 2469 1018 2530 τοῖς
1062 2466 1426 2538 φαινομένοις.
1479 2468 1686 2532 Συνιεῖς
1730 2469 1969 2532 πάντως,

378 2564 538 2633 εἴπερ
565 2560 706 2630 ἔχεις
738 2560 858 2612 τινὰ
891 2558 998 2610 τῶν
1037 2557 1206 2611 ὄντων
1238 2557 1544 2627 ἐπίσκεψιν,
1578 2558 1660 2611 ὅτι
1689 2557 1839 2612 οὐδὲν
1863 2560 1971 2617 τῶν

377 2654 435 2705 ὲν
464 2651 541 2722 τῷ
570 2651 669 2721 βίῳ
699 2649 1057 2719 φαινομένων,
1085 2648 1160 2711 ὡς
1202 2649 1316 2701 ἐστι
1347 2650 1616 2718 φαίνεται,
1647 2648 1782 2720 ἀλλά
1829 2648 1971 2702 κατὰ

376 2745 475 2806 τὰς
517 2741 800 2812 ἀπατηλάς
857 2740 1176 2809 φαντασίας,
1224 2739 1387 2807 ἕτερα
1434 2741 1548 2793 ἀνθ’
1593 2739 1794 2813 ἑτέρων
1839 2742 1971 2812 ἡμῖν

380 2835 746 2906 προδείκνυσι,
775 2831 1072 2895 διαπαίζων
1113 2833 1238 2894 τοὺς
1279 2831 1458 2885 ἐλπίσι
1501 2833 1637 2902 πρὸς
1678 2833 1840 2888 αὑτὸν
1878 2849 1971 2886 κε-

379 2927 642 2997 χηνότας·
678 2925 772 2976 καὶ
808 2922 895 2975 διὰ
941 2922 1040 2990 τῆς
1080 2921 1188 2974 τῶν
1228 2923 1565 2993 φαινομένων
1607 2921 1814 2991 πλάνης
1841 2939 1971 2990 συγ-

380 3018 668 3070 καλύπτων
715 3013 878 3076 αὺτὸς
933 3012 1162 3074 ἑαυτὸν,
1211 3014 1316 3076 ἓως
1365 3014 1431 3066 ἂν
1479 3012 1689 3083 ἀθρόως
1746 3014 1804 3064 ὲν
1856 3015 1970 3076 ταῖς

384 3107 701 3178 μεταϐολαῖς
731 3104 1011 3174 ἐλεγχθείη
1043 3104 1168 3158 ἄλλο
1199 3121 1250 3156 τι
1294 3103 1369 3156 ὢν
1397 3103 1548 3174 παρά
1572 3104 1670 3173 τὴν
1699 3103 1972 3174 ἀνθρωπί-

380 3218 476 3270 νην
509 3201 717 3260 ἐλπίδα,
753 3199 849 3267 τὴν
877 3197 964 3250 διὰ
991 3197 1088 3266 τῆς
1121 3198 1335 3264 ἀπάτης
1377 3199 1489 3259 τοῖς
1537 3198 1781 3268 ἀνοήτοις
1820 3197 1970 3263 ἐγγι-

382 3293 632 3363 νομένην.
683 3289 847 3353 Ποίας
901 3285 993 3342 οὖν
1026 3289 1217 3359 ἡδονῆς
1269 3288 1393 3353 ἀξια
1426 3289 1502 3358 τῷ
1551 3289 1722 3342 ταῦτα
1764 3289 1971 3354 λογιζο-

386 3385 530 3457 μένῳ
563 3385 810 3454 φανεῖται
852 3382 920 3436 τὰ
965 3381 1098 3450 ἡδέα
1146 3379 1240 3432 τοῦ
1290 3379 1440 3447 βίους
1476 3380 1630 3453 Πότε.
1655 3379 1969 3449 αἰσθήσεται
1998 3367 2040 3426 C

381 3477 524 3532 κατὰ
567 3475 822 3546 ἀλήθειαν
873 3475 901 3525 ὁ
950 3472 1120 3526 ταῦτα
1147 3470 1380 3540 φρονῶν,
1427 3471 1521 3523 καὶ
1572 3472 1681 3534 τοῖς
1721 3468 1969 3544 δοκοῦσιν

384 3569 533 3640 αὑτῷ
561 3570 812 3638 παρεῖναι
841 3566 1094 3636 χρηστοῖς
1123 3564 1590 3633 εύφρανθήσεταις
1626 3562 1738 3615 Οὐκ
1780 3562 1866 3616 ἀεὶ
1895 3562 1970 3632 τῷ

386 3660 536 3730 φόϐῳ
584 3662 682 3730 τῆς
735 3655 1036 3728 μεταβολῆς
1096 3654 1525 3726 ταραττόμενος,
1575 3653 1971 3728 ἀνεπαίσθητον

386 3753 501 3822 ἔχει
532 3751 629 3820 τὴν
657 3747 767 3801 τῶν
797 3745 1078 3817 παρόντων
1116 3744 1450 3808 ἀπόλαυσιν;
1497 3741 1600 3796 Ἐὧ
1632 3745 1848 3812 σημεῖα,
1878 3742 1972 3794 καὶ

387 3843 645 3913 ὀνείρους,
679 3840 773 3893 καὶ
811 3837 1091 3909 κληδόνας,
1136 3835 1230 3888 καὶ
1275 3836 1400 3896 τοὺς
1435 3832 1708 3894 τοιούτους
1751 3832 1968 3903 λήρους,

390 3937 568 3989 πάντα
613 3932 719 3986 ὑπὸ
767 3929 1001 4002 ματαίας
1043 3925 1331 3997 συνηθείας
1368 3923 1848 3996 παρατηρούμενα,
1879 3922 1972 3976 καὶ

391 4027 527 4100 πρὸς
558 4026 619 4079 τὸ
651 4026 829 4096 χεῖρον
875 4021 1305 4090 ὑποπτευόμενα.
1348 4015 1508 4071 Ἀλλὰ
1549 4017 1736 4086 καιρὸς
1770 4013 1972 4067 ὠδίνων

388 4121 486 4191 τὴν
520 4117 680 4172 παῖδα
713 4112 1144 4182 καταλαμβάνειο
1195 4110 1289 4162 καὶ
1334 4107 1453 4178 οὐχὶ
1501 4107 1687 4170 παιδὸς
1736 4106 1970 4172 γένεσις,

390 4212 525 4266 ἀλλὰ
569 4209 798 4264 θανάτου
847 4204 1115 4276 παρουσία
1155 4208 1216 4256 τὸ
1269 4203 1500 4272 πρᾶγμα
1545 4201 1844 4272 νομίζεται,
1880 4202 1972 4255 καὶ

391 4305 616 4366 θάνατος
663 4301 760 4370 τῆς
791 4296 1161 4370 κυοφορούσης
1194 4295 1281 4347 διὰ
1328 4292 1420 4346 τοῦ
1454 4294 1610 4346 τόκου
1657 4292 1932 4356 ὲλπίζεται
1955 4308 1967 4321 °

391 4396 647 4458 πολλάκις
694 4393 750 4445 δὲ
805 4392 901 4445 καὶ
939 4389 1035 4458 τῆς
1080 4389 1322 4459 πονηρᾶς
1372 4385 1573 4454 ταύτης
1615 4385 1870 4457 μαντείας
1909 4385 1970 4438 οὐ

425 4485 801 4556 ιεψεύσθησαν,
859 4480 994 4535 ἀλλά
1050 4480 1206 4558 πρὶν
1239 4479 1492 4550 ἑορτάσαι
1550 4476 1648 4548 τὴν
1704 4476 1972 4545 γενέθλιον

391 4579 604 4650 ἑορτὴν,
633 4576 762 4647 πρίν
793 4591 938 4637 τινος
968 4573 1074 4624 τῶν
1107 4573 1225 4624 κατ’
1262 4569 1463 4628 ἐλπίδα,
1482 4568 1700 4650 ἀγαθῶν
1738 4569 1974 4636 ἀπογεύ-

394 4648 608 4733 σασθαι,
635 4668 794 4730 εὐθὺς
838 4669 917 4729 είς
956 4665 1169 4754 θρῆνον,
1196 4663 1294 4735 τὴν
1322 4648 1495 4754 χαρᾶιν
1537 4659 1970 4754 μεθηρμόσαντο.
2007 4701 2050 4754 D

396 4761 518 4813 Ἔτι
545 4758 623 4828 τῷ
652 4756 856 4827 φίλτρῳ
883 4754 1116 4818 ζέοντες,
1147 4752 1225 4806 ἔτι
1253 4755 1365 4815 τοῖς
1398 4747 1582 4814 πόθοις
1605 4749 1972 4820 ἀκμάζοντες,

393 4847 542 4901 οὔπω
586 4847 694 4899 τῶν
731 4842 873 4898 κατὰ
919 4844 1010 4900 τὸν
1049 4841 1160 4916 βίον
1193 4841 1421 4916 ἡδίστων
1448 4839 1703 4914 λαϐόντες
1747 4838 1843 4907 τὴν
1887 4835 1972 4888 αἴ-

395 4919 616 5009 σθησιν,
665 4936 852 5004 ὥσπερ
895 4933 1040 4996 τινὸς
1087 4931 1336 4985 ἐνυπνίου
1395 4929 1696 5000 φαντασίᾳ,
1760 4923 1992 4980 πάντων

393 5031 597 5094 εὐθέως
627 5027 736 5081 τῶν
770 5029 830 5102 ἐν
858 5025 1044 5099 χερσὶν
1070 5023 1466 5098 ἐχωρίσθησαν.
1499 5023 1580 5078 Τά
1626 5021 1682 5073 δὲ
1728 5020 1819 5073 ἐπὶ
1856 5021 1978 5073 τού-

392 5141 506 5188 τοις
534 5116 660 5194 eia;
691 5116 979 5192 Πορθεῖται
1031 5117 1130 5187 μὲν
1183 5116 1304 5172 ὑπὸ,
1332 5113 1440 5168 τῶν
1487 5113 1700 5167 οἰκείων
1757 5113 1831 5175 ὡς
1872 5111 1978 5164 ὑπὸ

395 5213 666 5286 πολεμίων
703 5215 732 5266 ὁ
769 5211 1038 5286 θάλαμος·
1077 5206 1468 5271 καλλωπίζεται
1501 5205 1556 5259 δὲ
1591 5205 1711 5259 ἀντὶ
1755 5203 1848 5258 τοῦ
1886 5204 1980 5257 θα-

394 5306 566 5378 λάμου
619 5303 710 5358 διά
762 5301 856 5356 τοῦ
905 5300 1076 5370 τάφου
1129 5301 1157 5353 ὁ
1204 5299 1464 5362 θάνατος·
1517 5296 1841 5368 ἀνακλήσεις
1888 5297 1981 5351 ἐπὶ

395 5397 596 5470 τούτων
624 5395 890 5464 ἀνόνητοι,
919 5393 1013 5446 καὶ
1042 5391 1258 5462 μάταιοι
1279 5390 1477 5462 χειρῶν
1504 5390 1707 5462 κρότοι·
1735 5389 1981 5459 ἀναμνή-

399 5505 508 5552 σεις
537 5487 632 5542 τοῦ
669 5485 935 5559 προτέρου
965 5483 1104 5554 βίου,
1132 5483 1366 5556 κατάραι
1400 5482 1540 5536 κατά
1584 5480 1692 5534 τῶν
1741 5479 1980 5550 συμϐου-

398 5579 712 5646 λιιιισάντων¹
745 5577 837 5630 τὺν
876 5577 1072 5646 γάμον,
1113 5576 1350 5648 μέμψεις
1386 5571 1529 5628 κατὰ
1553 5572 1660 5626 τῶν
1695 5571 1771 5643 μὴ
1816 5571 1989 5624 κωλυ-

400 5670 609 5723 σάντων
632 5666 800 5736 φίλων
821 5680 836 5692 ·
867 5668 925 5718 ὲν
955 5664 1104 5735 αἰτίᾳ
1133 5663 1302 5736 πολλῇ
1339 5665 1388 5716 οί
1418 5663 1616 5737 γονεῖς,
1652 5660 1717 5714 ἄν
1747 5677 1805 5713 τε
1839 5677 1994 5730 περι-

399 5761 546 5825 όντες
577 5758 831 5828 τύχωσιν,
862 5756 927 5810 ἄν
957 5772 1017 5808 τε
1054 5757 1146 5808 καὶ
1184 5758 1278 5825 μή·
1311 5753 1680 5824 ἀγανάκτησις
1709 5749 1846 5804 κατὰ
1885 5751 1982 5822 τῆς

610 5854 886 5915 Pauor.
933 5852 1050 5911 GR.
1090 5850 1304 5911 XLVI.

2075 2107 2260 2161 animo
2291 2107 2576 2178 reputarit,
2627 2121 2754 2181 nunt
2793 2104 3036 2174 jucunde
3066 2103 3251 2157 vivet?
3292 2101 3432 2155 Num
3474 2101 3530 2155 iti
3576 2100 3646 2153 iis

2075 2214 2201 2269 qua,
2229 2181 2346 2268 ipse
2385 2198 2525 2253 bona
2585 2183 2829 2267 possidet
2875 2194 3126 2271 ﬁduciam
3172 2206 3432 2264 spemque
3459 2197 3644 2260 ponet.

2073 2273 2230 2360 quasi
2263 2289 2354 2344 illa
2380 2295 2643 2362 perpetuo
2671 2294 2926 2341 maneant
2952 2284 3174 2340 ?Nonne
3199 2300 3264 2337 ex
3287 2283 3373 2336 his
3394 2282 3648 2351 explora-

2075 2391 2188 2434 tum
2223 2380 2404 2442 habet,
2442 2394 2502 2434 se
2531 2377 2692 2433 veluti
2729 2376 3132 2432 insomniorum
3177 2373 3412 2429 fallaciis
3466 2373 3646 2427 incer-

2075 2481 2187 2524 tum
2207 2458 2352 2533 lore,
2384 2451 2519 2523 nihil
2545 2469 2598 2522 in
2626 2469 2712 2532 iis,
2736 2484 2857 2539 quae
2887 2467 2954 2543 ad
2986 2467 3126 2521 hanc
3153 2466 3318 2520 vitam
3351 2465 3642 2535 pertinent,

2074 2579 2133 2618 se
2169 2563 2291 2617 lidei
2323 2562 2659 2625 habiturum,
2696 2577 2820 2615 cum
2859 2562 2913 2614 in
2952 2575 3046 2614 eas
3069 2575 3178 2622 res,
3221 2572 3342 2627 qua:
3393 2555 3648 2622 videntur

2073 2669 2214 2717 esse,
2243 2661 2504 2723 tanquam
2535 2654 2588 2707 in
2641 2653 2846 2707 alienas
2880 2650 3200 2706 incumbat?
3230 2649 3347 2702 Jam
3386 2649 3547 2719 plane
3572 2647 3648 2702 in-

2073 2745 2356 2815 ti-lligis,si
2379 2761 2582 2804 rerum.
2607 2761 2725 2814 qua:
2753 2744 3155 2813 sunt.allquam
3184 2742 3450 2814 rationem
3473 2747 3644 2799 tenes,

2073 2821 2205 2889 nihil
2246 2822 2456 2890 eorum
2500 2851 2623 2905 quae
2683 2836 2736 2888 in
2798 2836 2897 2887 hac
2942 2835 3053 2886 vita
3108 2831 3345 2903 speciem
3408 2831 3645 2899 aliquam

2074 2927 2317 2998 praebent
2343 2930 2437 2988 ita,
2467 2937 2523 2981 ut
2557 2935 2662 2990 est,
2705 2924 2900 2986 videri,
2944 2923 3038 2978 sed
3069 2921 3252 2977 omnia
3277 2936 3344 2976 ex
3370 2918 3648 2988 opinionis

2071 3033 2258 3072 errore
2285 3017 2498 3071 diversa
2536 3031 2656 3070 sese
2697 3015 2856 3068 nobis
2890 3013 3220 3074 ostendere;
3277 3025 3373 3079 spe
3406 3023 3500 3063 eos
3524 3007 3648 3061 illu-

2071 3108 2271 3178 dendo,
2300 3109 2391 3178 qui
2440 3108 2546 3161 illis
2601 3106 2794 3160 intenti
2852 3113 3001 3165 sunt,
3049 3101 3484 3166 occultandoque
3528 3113 3652 3152 sese

2073 3201 2254 3270 specie
2275 3187 2507 3268 quadam
2540 3211 2878 3265 eorumun
2910 3195 3183 3256 videntur,
3209 3192 3339 3246 dum
3387 3179 3651 3258 erestigio

2060 3292 2128 3362 in
2198 3275 2720 3344 commutationibus
2791 3287 2996 3357 aliquid
3073 3287 3218 3339 aliud
3310 3271 3648 3355 compertum

2073 3383 2145 3436 sit
2165 3371 2366 3452 'przeter
2397 3381 2676 3435 hominum
2721 3395 2893 3450 spem,
2941 3393 3060 3447 qua:
3089 3378 3273 3432 stultis
3302 3392 3489 3430 errore
3515 3391 3653 3446 quo-

2071 3474 2196 3529 dam
2227 3455 2554 3531 innascitur.
2590 3472 2730 3546 Ergo
2759 3488 2865 3543 qua
2890 3474 3165 3539 voluptate
3195 3471 3265 3530 ei.
3299 3471 3389 3541 qui
3423 3469 3536 3524 haec
3563 3483 3654 3522 ra-

2073 3567 2223 3622 tione
2248 3549 2434 3621 secum
2463 3568 2688 3636 cogitat,
2718 3567 2880 3636 digna
2911 3563 3199 3619 videntur?
3225 3560 3366 3616 Num
3409 3561 3532 3616 vitae
3561 3559 3654 3629 ju-

2073 3657 2381 3711 cunditatcs
2413 3657 2458 3711 is
2505 3672 2631 3710 vere
2682 3657 2901 3720 sentiet,
2943 3655 3035 3724 qui
3077 3655 3190 3707 haec
3225 3653 3555 3723 intelligit,ct
3584 3653 3651 3708 iis

2074 3750 2258 3811 rebus,
2295 3763 2431 3816 quas
2470 3757 2619 3818 putat
2651 3749 2702 3803 in
2741 3748 2899 3803 bonis
2944 3747 3166 3822 habere,
3199 3745 3421 3800 omnino
3445 3747 3649 3824 gaude-

2074 3838 2184 3894 bit?
2229 3855 2340 3894 non
2416 3839 2814 3893 vicissitudinis
2858 3847 3126 3914 perpetuo
3180 3846 3328 3914 metu
3401 3824 3651 3901 aﬂ‘ectus,

2072 3941 2316 4000 gustum,
2342 3932 2433 4000 qui
2464 3947 2530 3986 ex
2562 3931 2646 3984 his
2671 3930 2834 3985 rebus
2858 3913 3093 3999 capitur,
3126 3913 3245 3984 sine
3280 3943 3447 3984 sensu
3499 3929 3653 3984 volu-

2074 4023 2238 4093 ptatis
2270 4023 2529 4078 habebit?
2572 4021 2842 4077 Praetereo
2866 4024 3042 4092 signa,
3103 4021 3370 4094 prodigia,
3402 4023 3649 4084 somnia,

2075 4115 2516 4178 vaticinationes,
2539 4126 2876 4184 caeterasque
2900 4115 2949 4168 id
2981 4114 3200 4184 generis
3233 4115 3465 4183 ineptias
3495 4131 3652 4185 :quze

2075 4203 2256 4256 omnia
2288 4204 2453 4258 stolta
2487 4203 2762 4258 hominum
2809 4203 3208 4258 consuetudine
3252 4204 3540 4258 observata
3593 4208 3650 4280 in

2077 4291 2315 4362 pt'jorcm
2360 4302 2569 4362 partem
2600 4294 2968 4363 conjecturam
3031 4295 3272 4349 trahunt.
3304 4295 3410 4350 Sed
3439 4306 3654 4368 tempus

2077 4387 2320 4454 pariendi
2375 4387 2561 4450 instat,
2613 4387 2821 4455 laborat
2887 4389 3062 4458 puclla
3111 4405 3141 4442 e
3197 4388 3418 4456 dolore;
3478 4407 3654 4462 neque

2077 4477 2228 4546 pueri
2270 4485 2446 4539 ortus,
2503 4478 2595 4532 sed
2631 4463 2770 4548 quia
2796 4494 2942 4535 mors
2974 4486 3085 4534 tum
3116 4480 3381 4545 imminet,
3433 4482 3537 4538 hoc
3562 4500 3653 4537 nc-

2077 4569 2280 4638 gotium
2315 4579 2533 4637 putatur
2568 4589 2580 4624 :
2609 4587 2756 4626 mors
2777 4572 2918 4625 enim
2955 4553 3280 4642 praegnantis
3321 4569 3542 4644 propter
3569 4575 3654 4630 in-

2078 4666 2287 4713 certum
2324 4668 2510 4728 partus
2537 4661 2740 4714 exitum
2771 4663 3027 4730 timetur;
3087 4677 3293 4731 eosque
3341 4678 3485 4734 sape
3539 4666 3654 4721 haec

2079 4750 2220 4803 tnala
2252 4749 2519 4804 divinatio
2556 4768 2664 4806 non
2701 4752 2892 4807 fefellit
2933 4771 2945 4806 :
2987 4762 3115 4808 ante
3150 4769 3276 4808 vero
3309 4771 3470 4825 quam
3509 4756 3596 4811 die
3620 4773 3650 4808 ιι

2078 4840 2315 4894 natalem
2362 4840 2595 4908 egerint.
2650 4841 2962 4912 bonumque
3017 4844 3208 4908 ullum,
3258 4845 3402 4914 quod
3454 4847 3508 4898 in
3557 4861 3654 4914 spe

2078 4939 2247 4996 esset,
2285 4931 2646 5002 degustarint,
2680 4947 2838 4988 omne
2863 4934 3115 5004 gaudium
3152 4935 3208 4988 in
3240 4939 3527 4990 numerem
3564 4952 3652 4990 re-

2080 5029 2241 5090 pente
2267 5029 2696 5076 commutarunt.
2760 5013 3024 5078 Praeterea
3061 5023 3153 5093 qui
3205 5015 3392 5078 amore
3423 5024 3654 5095 ﬂagrant

2083 5126 2257 5182 neque
2290 5112 2417 5167 dum
2448 5128 2652 5177 rerum,
2683 5130 2804 5183 quae
2828 5115 2881 5167 in
2915 5113 3020 5167 vita
3050 5113 3464 5190 jucundissimae
3501 5125 3651 5180 sunt,

2081 5203 2236 5272 quasi
2278 5204 2460 5275 specie
2517 5204 2814 5273 voluptatis
2867 5204 3049 5272 aliqua
3083 5205 3138 5257 in
3202 5206 3412 5261 somnis
3448 5207 3652 5271 oblata,

2080 5311 2301 5350 sensum
2332 5302 2593 5364 ceperunt
2632 5313 2643 5347 :
2677 5293 2727 5346 hi
2758 5294 2824 5348 ab
2871 5294 3144 5356 omnibus,
3175 5311 3295 5368 qua:
3316 5287 3370 5350 in
3402 5285 3654 5354 manibus

2080 5393 2287 5450 tenent,
2311 5386 2494 5440 subito
2515 5383 2870 5439 divelluntur.
2891 5386 2968 5439 Ad
2998 5386 3110 5441 haec
3142 5387 3270 5441 illud
3304 5389 3487 5454 etiam,
3509 5377 3656 5459 quod

2078 5494 2266 5533 eorum
2301 5477 2614 5532 cubiculum
2649 5493 2678 5531 a
2714 5479 3051 5545 domesticis,
3083 5490 3141 5534 ut
3171 5481 3240 5534 ab
3273 5458 3543 5546 hostibus,

2083 5572 2278 5641 ripitur
2319 5589 2332 5623 :
2392 5571 2742 5642 cubiculique
2792 5571 2914 5625 loco
2948 5568 3156 5626 funeris
3190 5575 3466 5644 exsequiae
3495 5563 3657 5630 exor-

2082 5667 2320 5715 ttautttr:
2357 5659 2565 5714 insanae
2596 5662 2648 5713 in
2684 5662 2769 5715 his
2805 5661 3221 5716 lamentationes
3257 5679 3320 5718 ac
3344 5665 3654 5736 plangores,

2088 5750 2278 5806 inanes
2318 5767 2576 5806 manuum
2629 5753 3010 5809 percussiones
3065 5761 3326 5810 anteactae
3365 5757 3487 5823 vita:
3508 5772 3657 5813 com-

3178 5851 3245 5911 11
