4096 6354
501 339 603 397 331

1806 343 1865 400 S.
1905 343 2239 402 GREGORII
2278 344 2574 402 NYSSENI

3683 353 3791 409 339.

505 458 1099 522 memorationes,dir:e
1111 460 1506 515 detestationes
1529 475 1717 518 eorum
1744 464 1838 534 qui
1870 465 2088 534 nuptias

2217 465 2540 538 ινθρωπίνης
2586 467 2754 537 ζωῆς,
2804 465 3109 537 κατηγορία
3164 464 3346 538 πάσης
3399 465 3499 536 τῆς
3553 465 3789 535 φύσεως,

505 560 803 608 suaserunt
833 573 846 608 :
880 553 1117 623 querela:
1147 554 1489 623 gravissime
1522 553 1591 609 de
1611 555 1826 619 amicis,
1858 556 1952 626 qui
1985 573 2094 612 non

2217 558 2316 611 ιατ’
2338 557 2510 626 αὐτῆς
2541 557 2640 628 τῆς
2677 556 2829 620 Θείας
2858 557 3172 626 οἰκονομίας
3204 557 3440 629 μέμψεις
3474 557 3666 611 πολλαὶ
3693 561 3792 612 καὶ

504 645 912 717 prohibuerunt
938 658 952 697 :
985 645 1039 698 in
1075 659 1270 714 magna
1293 645 1453 714 culpa
1482 655 1756 716 parentes,
1794 647 1839 702 si
1870 647 2090 714 adsum,

505 739 588 792 sin
622 737 825 803 minus,
853 735 1217 791 stomachatio
1251 742 1306 790 et
1337 735 1640 806 deploratio
1669 737 1922 793 humana:
1948 741 2092 802 vitae,

504 838 826 900 naturaeque
851 829 1034 883 omnis
1057 828 1434 899 reprehensio,
1477 834 1531 883 et
1563 837 1758 883 contra
1793 829 1886 885 Dei
1921 831 2094 901 ipsius

503 921 903 992 providentiam
932 921 1348 978 criminationes
1375 929 1428 976 et
1461 922 1845 979 accusationes
1873 925 2088 979 multae:

505 1029 691 1069 secum
719 1028 934 1085 pugnae,
972 1013 1173 1069 bellum
1199 1028 1326 1068 cum
1362 1013 1432 1068 iis
1465 1013 1558 1084 qui
1597 1014 1875 1071 adhortati
1915 1025 2044 1071 sunt
2076 1035 2088 1071 :

505 1107 674 1163 nullis
704 1113 798 1160 aut
832 1105 1016 1161 verbis
1048 1113 1142 1160 aut
1173 1105 1335 1161 rebus
1357 1105 1743 1163 insulsissimis
1791 1108 2089 1164 abstinent.

505 1198 656 1266 Quos
687 1198 834 1254 enim
871 1197 1220 1271 perturbatio
1250 1199 1452 1254 mentis
1500 1200 1864 1269 superaverit,
1892 1207 1946 1254 et
2001 1202 2096 1271 qui

2195 646 2538 718 ἐγκλήματα,
2581 648 2727 717 μάχη
2783 645 2916 717 πρὸς
2967 647 3179 712 ἑαυτὸν,
3209 647 3444 717 πόλεμος
3495 649 3638 700 κατὰ
3678 647 3790 700 τῶν

2194 737 2621 792 νουθετοῦντωνο
2658 739 2832 802 οὐδεὶς
2883 740 2990 792 τῶν
3031 740 3398 794 ἀτοπωτάτων
3434 741 3613 804 δκνος,
3666 739 3792 794 οὔτε

2197 833 2479 903 ῥημάτων,
2501 829 2623 886 οὔτε
2652 833 3011 903 πραγμάτων.
3041 833 3305 897 Πολλάκις
3331 831 3410 896 δέ,
3431 827 3514 896 οἷς
3531 832 3597 887 ἂν
3625 833 3793 904 ὑπερ-

2200 926 2302 995 σχῇ
2332 923 2395 977 τὸ
2429 923 2620 988 πάθος,
2667 925 2762 977 καὶ
2809 925 3211 996 περισσοτέρως
3259 924 3542 997 καταποθῇ
3577 927 3605 978 6
3645 926 3794 993 λογιο

2201 1017 2336 1086 σμὸς
2376 1017 2480 1071 ὑπὸ
2509 1017 2610 1088 τῆς
2641 1016 2839 1089 λύπης,
2879 1020 2958 1081 είς
3003 1019 3325 1090 πικρότερον
3363 1019 3537 1088 πέρας
3561 1020 3594 1088 ἡ
3626 1034 3795 1089 τραγ-

2200 1113 2336 1183 ῳδία
2399 1115 2716 1186 κατέληξεν,
2755 1115 2874 1170 οὐδὲ
2912 1116 3003 1169 τοῦ
3033 1116 3474 1189 περιλειφθέντος
3506 1115 3796 1170 ἐπιϐιῶναι

2201 1209 2268 1279 τῇ
2303 1209 2557 1280 συμφορᾷ
2583 1208 2920 1279 δυνηθέντος.

507 1315 618 1370 prae
646 1299 834 1354 dolore
866 1311 1011 1368 saepe
1040 1305 1226 1352 mente
1258 1296 1608 1363 deseruntur,
1642 1298 1829 1370 prgori
1853 1299 2090 1354 termino
2126 1315 2319 1358 eorum
2350 1305 2615 1378 tragozdia
2660 1321 2804 1376 saepe
2843 1307 3107 1361 conclusa
3141 1315 3247 1365 est.
3287 1321 3414 1362 cum
3477 1303 3653 1360 dolori
3707 1317 3796 1356 re-

506 1391 702 1448 sistere
736 1389 920 1445 minus
953 1389 1254 1460 potuerint.

579 1484 688 1542 Sed
725 1485 841 1540 haec
881 1485 1186 1548 mittamus,
1237 1499 1508 1554 ponamus
1548 1483 1798 1546 meliora,
1843 1483 2094 1540 laborum

507 1580 564 1634 in
623 1577 886 1649 pariendo
945 1577 1250 1646 periculum
1315 1575 1475 1646 fugit,
1509 1586 1672 1632 natus
1704 1583 1789 1631 est
1838 1577 1886 1631 ei
1922 1578 2098 1634 scitus

507 1686 664 1741 puer,
696 1669 876 1739 imago
906 1669 1024 1738 ipsa
1061 1676 1352 1737 parentum
1384 1667 1594 1722 formae.
1647 1665 1814 1723 Vides
1846 1667 2097 1738 profecto

507 1767 716 1831 quanto
743 1758 796 1812 in
824 1758 968 1813 bono
1001 1757 1098 1810 tibi
1132 1772 1198 1811 ex
1227 1764 1553 1826 argumento
1579 1759 1794 1814 ratione
1818 1760 2097 1830 gratifice—

507 1863 598 1906 tur
620 1851 819 1906 oratio.
853 1849 1037 1916 Quid?
1061 1848 1228 1905 Estne
1257 1858 1545 1920 propterea
1570 1849 1896 1921 deplorandi
1922 1860 2097 1907 mate-

506 1945 590 2000 ria
627 1943 938 2008 imminuta,
971 1957 1040 1995 an
1089 1956 1198 1995 non
1235 1942 1418 2012 potius
1461 1942 1738 1996 adaucta?
1771 1940 1909 1997 Nam
1973 1957 2102 1996 cum

509 2035 824 2107 superiores
883 2034 960 2087 illi
1015 2032 1335 2088 lormidines
1407 2034 1709 2098 sustinent,
1783 2043 1898 2088 tum
1959 2034 2104 2088 hanc

509 2130 674 2186 etiam
709 2126 804 2182 filii
843 2140 1013 2181 causa
1056 2132 1515 2195 assumpserunt;
1549 2132 1803 2180 metuunt
1842 2126 2010 2190 enim,
2038 2141 2108 2181 ne

510 2221 640 2291 quid
670 2219 724 2274 in
761 2217 1088 2273 educatione
1112 2216 1191 2272 rei
1223 2217 1436 2271 acerbae
1458 2215 1695 2282 accidat,
1720 2232 1788 2271 ne
1813 2231 1922 2288 qua
1951 2231 2106 2271 com-

513 2315 697 2366 munis
737 2311 881 2364 mala
920 2308 1141 2362 fortuna
1176 2306 1512 2376 impendeat,
1551 2322 1689 2363 neve
1719 2305 1981 2362 fortuitus
2006 2307 2108 2362 ali-

513 2402 638 2473 quis
664 2415 830 2455 casus
861 2405 956 2452 aut
986 2398 1262 2460 morbum,
1294 2409 1387 2451 aut
1427 2387 1646 2462 febrim,
1671 2405 1766 2450 aut
1799 2397 2105 2468 periculum

512 2496 562 2549 ei
603 2491 826 2562 aliquod
865 2491 1147 2561 importet.
1199 2490 1380 2560 Atque
1410 2490 1526 2545 haec
1566 2491 1788 2561 quidem
1819 2492 2110 2562 utriusque

515 2582 859 2650 communia;
919 2583 1011 2636 illa
1045 2597 1197 2645 vero,
1230 2597 1354 2652 qua:
1412 2583 1608 2637 uxoris
1671 2591 1802 2638 sunt
1853 2585 2104 2654 propria,

515 2677 641 2749 quis
686 2674 1122 2730 commemoret?
1164 2681 1224 2726 ut
1287 2681 1680 2742 praetereamus
1764 2688 1828 2727 ea
1879 2689 2003 2744 qua:
2051 2673 2110 2728 in

518 2775 776 2840 promptu
834 2775 982 2830 sunt,
1043 2773 1209 2834 atque
1267 2765 1528 2819 omnibus
1571 2763 1882 2828 notissima,
1944 2763 2110 2818 veluti

520 2860 851 2933 praegnantis
891 2859 1189 2922 molestias,
1246 2858 1492 2928 pariendi
1553 2857 1880 2927 periculum,
1910 2855 2106 2910 educa-

522 2955 689 3010 tionis
720 2953 964 3014 labores,
995 2958 1049 3006 et
1082 2949 1378 3020 quamdam
1436 2950 1673 3019 denique
1718 2947 1902 3004 cordis
1936 2947 2110 3018 ipsius

521 3060 634 3116 prae
669 3057 855 3097 amore
879 3041 975 3095 ﬁlii
1022 3041 1177 3111 quasi
1219 3039 1660 3094 convulsionem.
1712 3038 1768 3092 Si
1811 3052 1941 3092 vero
1962 3051 2113 3090 com—

2285 1479 2424 1534 Ἀλλ’
2457 1479 2580 1550 οὐχὶ
2617 1479 2807 1533 τοῦτο’
2859 1477 3190 1550 ὑποθώμεθα
3235 1478 3291 1532 δέ
3336 1477 3406 1532 τά
3455 1480 3666 1550 βελτίω,
3714 1484 3798 1536 ὅτι

2201 1573 2296 1626 καὶ
2333 1571 2554 1640 διέφυγε
2600 1570 2707 1624 τῶν
2756 1569 2965 1624 ὠδίνων
2999 1570 3088 1624 τὸν
3121 1571 3390 1636 κίνδυνον,
3441 1575 3535 1626 καὶ
3573 1575 3798 1644 γέγονεν

2201 1667 2384 1730 αὐτοῖς
2423 1667 2574 1729 παῖς,
2611 1662 2743 1718 αὐτὸ
2785 1665 2885 1734 τῆς
2931 1663 3080 1736 ῶρας
3121 1664 3229 1718 τῶν
3273 1667 3693 1737 γεννησαμένων
3737 1669 3800 1722 τὸ

2202 1757 2590 1828 άπεικόνισμα.
2640 1756 2706 1809 Τί
2739 1751 2867 1822 οὗν;
2917 1754 3200 1827 ἠλαττώθη
3247 1755 3337 1809 διὰ
3389 1757 3594 1812 τούτων
3628 1761 3662 1830 ή
3702 1757 3797 1812 τοῦ

2201 1848 2489 1910 λυπεῖσθαι
2541 1847 2834 1912 ὑπόθεσις;
2877 1846 2911 1917 ἢ
2947 1847 3068 1918 οὐχὶ
3101 1847 3195 1900 καὶ
3235 1847 3553 1919 προσθήκας
3597 1851 3800 1922 μᾶλλον

2205 1940 2458 2008 ὲδέξατο;
2513 1939 2653 2003 Τούς
2685 1956 2745 1992 τε
2775 1937 2884 2010 γὰρ
2911 1937 3207 2010 προτέρους
3240 1938 3421 2009 έχουσι
3452 1941 3668 2010 φόϐους,
3705 1945 3800 1997 καὶ

2202 2033 2294 2087 τὸν
2328 2033 2469 2103 ὑπὲρ
2497 2030 2592 2084 τοῦ
2634 2031 2825 2084 τέκνου
2856 2030 3210 2103 προσέλαϐον,
3246 2033 3318 2103 μή
3352 2049 3406 2085 τι
3446 2034 3626 2105 συμϐῇ
3670 2035 3800 2107 περὶ

2203 2125 2303 2194 τὴν
2319 2122 2630 2194 ἀνατροφὴν
2656 2121 2820 2192 ἀηδές
2842 2139 2854 2152 ·
2881 2124 2955 2193 μή
2982 2140 3064 2186 τις
3083 2123 3295 2194 πονηρά
3319 2125 3578 2194 συντυχία
3599 2142 3612 2156 ·
3648 2127 3722 2196 μή
3743 2145 3796 2179 τι

2207 2215 2520 2287 σύμπτωμα
2537 2213 2644 2269 τῶν
2676 2212 3062 2284 άϐουλήτων,ἢ
3084 2214 3272 2277 πάθος,
3292 2213 3326 2284 ἢ
3346 2215 3612 2286 πήρωσιν,
3639 2215 3802 2287 ῆκίν-

2207 2307 2359 2362 δυνον
2377 2306 2632 2378 ἐπαγάγῃ
2661 2305 2791 2359 τινά.
2826 2305 2933 2357 Καὶ
2952 2304 3120 2357 ταῦτα
3141 2305 3236 2375 μὲν
3253 2305 3581 2376 ἀμφοτέρων
3613 2305 3769 2361 κοινά
3784 2323 3797 2336 ·

2207 2401 2276 2455 τά
2313 2401 2371 2454 δὲ
2401 2399 2499 2470 τῆς
2524 2398 2768 2469 γαμετῆς
2800 2397 2927 2460 ἴδια,
2959 2395 3044 2460 τίς
3082 2395 3148 2450 ἂν
3183 2395 3646 2468 ἐξαριθμήσαιτο;
3683 2398 3803 2451 Ἵνα

2209 2493 2318 2564 γὰρ
2351 2491 2604 2562 ἐάσωμεν
2637 2489 2704 2542 τὰ
2737 2489 3003 2560 πρόχειρα
3029 2486 3200 2540 ταῦτα
3233 2487 3327 2540 καὶ
3360 2489 3496 2540 πᾶσι
3526 2488 3802 2560 γνώριμα,

2209 2585 2269 2639 τὸ
2296 2585 2395 2656 τῆς
2433 2582 2727 2654 κυοφορίας
2764 2580 3070 2651 άχθοςγτόν
3103 2581 3161 2632 ἐν
3190 2582 3307 2643 ταῖς
3347 2579 3498 2634 ὠδῖσι
3535 2581 3801 2646 κίνδυνον,

2209 2678 2304 2731 τὸν
2338 2675 2478 2746 ὑπὲρ
2507 2675 2606 2746 τῆς
2637 2672 2948 2745 ἀνατροφῆς
2975 2671 3156 2735 πόνον,
3189 2671 3250 2724 τὺ
3307 2671 3405 2743 τὴν
3450 2673 3677 2743 καρδίαν
3709 2673 3806 2725 αὑ-

2210 2771 2312 2840 τῆς
2361 2767 2439 2840 τῷ
2489 2766 2733 2838 τεχθέντι
2795 2760 3323 2832 συναποσχίξεσθαιο
3383 2761 3484 2816 κᾶν
3545 2763 3807 2816 πλειόνων

2212 2863 2509 2933 γενήσηται
2544 2861 2749 2930 μήτηρ,
2785 2859 2864 2920 είς
2896 2856 3134 2908 τοσαῦτα
3165 2854 3602 2922 κατατέμνεσθαι
3633 2855 3807 2925 αὐτῆς

2213 2954 2312 3026 τὴν
2341 2951 2540 3022 ψυχὴν.
2568 2951 2690 3013 ὅσος
2713 2949 2741 3000 6
2769 2947 3001 3019 ἀριθμὸς
3034 2945 3143 2999 τῶν
3176 2946 3381 2998 τέκνων
3423 2945 3588 2999 ἐστίν·
3618 2946 3677 2999 τὸ
3698 2945 3808 2998 τῶν

2219 3041 2621 3112 συμϐαινόντων
2667 3038 2894 3102 ἐκείνοις
2948 3040 3047 3108 τὴν
3099 3037 3351 3107 αἴσθησιν
3399 3039 3456 3090 έν
3499 3041 3612 3101 τοῖς
3657 3037 3811 3102 ἰδίοις

525 3135 764 3210 plurium
797 3133 1092 3188 liberorum
1122 3141 1297 3188 mater
1337 3140 1443 3198 est,
1477 3133 1598 3202 ejus
1628 3132 1846 3186 animus
1875 3131 1930 3184 in
1984 3129 2113 3184 toti-

2219 3135 2545 3205 σπλάγχνοις
2590 3131 2842 3204 δέχεσθαι
2867 3149 2879 3162 ’
2935 3131 3030 3184 καὶ
3075 3130 3253 3184 πάντα
3296 3130 3366 3183 τὰ
3406 3129 3628 3184 τοιαῦτα
3671 3129 3813 3199 γνώο

524 3232 649 3286 dem
677 3243 840 3284 curas
873 3226 1222 3290 distrahitur,
1278 3233 1414 3294 quot
1454 3224 1530 3278 illi
1560 3239 1793 3278 nunlero
1823 3230 1973 3285 sunt,
2003 3228 2118 3275 tan-

526 3336 856 3394 quam,qua:
887 3319 997 3372 illis
1033 3317 1310 3380 accidant,
1358 3316 1538 3386 ipsius
1598 3311 1905 3368 visceribus
1951 3309 2118 3365 infixa

529 3415 691 3486 plane
721 3413 984 3468 haereant.
1043 3407 1171 3463 Haac
1201 3417 1408 3469 autem,
1454 3421 1575 3476 quae
1613 3410 1898 3474 perspecta
1927 3415 2118 3456 omnes

529 3509 754 3571 habent,
800 3505 928 3574 quis
967 3501 1216 3556 oratione
1270 3496 1704 3568 complectatur?
1733 3493 1841 3550 Sed
1897 3491 2119 3563 quando

529 3600 624 3654 illa
656 3613 721 3653 ex
749 3596 937 3650 divino
970 3599 1246 3662 przecepto
1276 3604 1386 3644 non
1421 3596 1506 3643 est
1539 3588 1623 3643 sui
1649 3587 1812 3657 juris,
1840 3600 2028 3640 vermn
2052 3585 2120 3638 ab

529 3689 652 3759 ejus
681 3685 1046 3750 voluntate,in
1070 3683 1230 3750 cujus
1254 3680 1482 3734 arbitrio
1507 3688 1729 3749 propter
1761 3677 1978 3747 nuptias
2011 3683 2117 3740 est,

531 3779 756 3834 omnino
781 3775 978 3846 pendet
1011 3794 1024 3830 :
1059 3775 1103 3829 si
1121 3773 1320 3842 exiguo
1345 3779 1590 3840 tempore
1605 3776 1690 3824 est
1717 3768 1784 3821 ab
1809 3783 1875 3821 eo
1906 3767 2117 3831 relicta,

530 3870 690 3940 quasi
717 3868 894 3937 capite
926 3881 956 3919 a
1003 3880 1063 3921 se
1101 3862 1372 3918 convulso
1439 3858 1795 3915 solitudinem
1837 3856 1984 3910 ferre
2010 3870 2120 3909 non

532 3969 737 4034 potest,
761 3969 817 4015 et
843 3969 1102 4028 tanquam
1124 3955 1247 4009 vitae
1271 3951 1650 4013 solitudinem,
1685 3949 2123 4018 viduitatcmque

525 4054 782 4124 exiguam
811 4051 912 4105 viri
947 4050 1354 4120 separationem
1409 4045 1827 4113 interpretatur,
1858 4042 2123 4095 continuo

533 4153 712 4200 metus
737 4141 984 4206 eﬂicit,ut
1003 4142 1057 4194 in
1083 4139 1230 4194 nulla
1252 4139 1324 4190 sit
1347 4150 1532 4191 rerum
1560 4134 1979 4203 exspectatione
2010 4147 2123 4186 nte--

527 4237 754 4290 iiorum.
791 4235 970 4304 Atque
998 4246 1118 4287 eam
1149 4231 1222 4284 ob
1253 4242 1477 4283 causam
1514 4229 1709 4281 oculus
1757 4225 1877 4290 ejus
1927 4224 2122 4293 plenus

527 4325 972 4400 perturbationis
1020 4339 1086 4378 ac
1160 4319 1473 4376 formidinis
1539 4319 1594 4371 in
1655 4317 1855 4371 aedium
1913 4315 2121 4368 aditum

535 4422 850 4489 ostiumque
873 4416 1158 4486 conjectus
1179 4420 1287 4479 est;
1313 4427 1474 4466 aures
1504 4417 1686 4464 autem
1714 4409 2124 4462 susurrationes

2221 3245 2360 3300 ριμα
2389 3228 2554 3281 πᾶσιν
2586 3225 2715 3278 ὄντα
2747 3224 2800 3278 τί
2846 3223 2909 3277 ἄν
2938 3239 3020 3286 τις
3044 3222 3224 3291 λέγοις
3287 3222 3425 3275 Ἀλλ’
3453 3223 3638 3293 ἐπειδὴ
3668 3225 3811 3279 κατὰ

2218 3319 2278 3372 τὸ
2304 3319 2445 3372 θεῖον
2479 3317 2680 3384 λόγιον,
2713 3317 2812 3385 οὐχ
2843 3315 3045 3384 ἑαυτῆς
3075 3317 3190 3368 ἐστι
3231 3315 3416 3385 κυρία,
3454 3317 3588 3386 πρὸς
3627 3316 3685 3368 δὲ
3720 3317 3812 3370 τὸν

2218 3409 2307 3464 διὰ
2349 3407 2444 3462 τοῦ
2491 3407 2672 3477 γάμου
2724 3406 3088 3478 κυριεύσαντα
3138 3407 3236 3477 τὴν
3285 3407 3638 3478 ἀποστροφὴν
3676 3407 3810 3478 ἔχει,

2221 3500 2326 3555 κᾶν
2383 3499 2517 3572 πρὸς
2554 3499 2733 3566 ὀλίγον
2785 3497 2951 3552 αὑτοῦ
3013 3497 3254 3570 μονωθῇ,
3301 3499 3375 3563 ὡς
3426 3499 3523 3568 τῆς
3570 3500 3814 3570 κεφαλῆς

2220 3590 2598 3662 διεζευγμένη,
2641 3591 2702 3644 οὑ
2753 3590 2909 3660 φέρει
2959 3591 3060 3661 τὴν
3106 3589 3365 3660 μόνωσιν,
3411 3589 3548 3644 ἀλλὰ
3584 3590 3813 3661 μελέτην

2225 3684 2351 3738 τινὰ
2377 3685 2476 3754 τῆς
2506 3686 2563 3736 ἐν
2609 3685 2676 3753 τῇ
2722 3681 2918 3753 χηρείᾳ
2951 3681 3119 3749 ζωῆς,
3163 3681 3257 3733 καὶ
3285 3681 3385 3752 τὴν
3417 3682 3476 3734 ἐν
3521 3679 3688 3751 ὀλίγῳ
3717 3679 3814 3734 τοῦ

2223 3777 2416 3847 ἀνδρὸς
2451 3771 2798 3844 ἀναχώρησιν
2828 3771 3154 3835 οἰωνίζεται.
3191 3770 3367 3834 Εὐθὺς
3414 3772 3442 3824 6
3475 3771 3637 3840 φόϐος
3679 3771 3818 3824 ἀπό⁹

2222 3885 2423 3939 γνωσιν
2454 3869 2674 3938 ἐμποιεῖ
2717 3864 2828 3919 τῶν
2861 3862 3244 3936 χρηστοτέρων
3293 3862 3544 3917 ἐλπίδων.
3585 3864 3693 3916 Καὶ
3725 3862 3814 3917 διὰ

2227 3961 2384 4014 τοῦτο
2410 3962 2438 4014 6
2456 3959 2554 4030 μὲν
2583 3957 2859 4028 ὀφθαλμὸς
2890 3957 3018 4027 περὶ
3033 3956 3134 4026 τὴν
3150 3956 3349 4009 εἴσοδον
3373 3958 3612 4028 πέπηγε,
3627 3957 3814 4027 γέμων

2226 4053 2468 4125 ταραχῆς
2497 4051 2592 4106 καὶ
2605 4052 2885 4121 πτοήσεως
2907 4067 2921 4081 ο
2953 4049 3057 4119 ἡδὲ
3088 4047 3226 4120 ἀκοὴ
3253 4049 3382 4112 τοὺς
3412 4047 3814 4110 ὑπολαλοῦντας

2225 4141 2663 4214 περιεργάζεται*
2682 4139 3118 4208 συγκόπτεταιδέ
3142 4141 3175 4210 ή
3210 4138 3407 4209 καρδία
3441 4135 3814 4209 μαστιζομένη

2225 4234 2302 4306 τῷ
2327 4233 2496 4304 φόϐῳ,
2536 4233 2630 4287 καὶ
2662 4231 2792 4303 πρίν
2812 4249 2863 4284 τι
2885 4229 3364 4302 προσαγγελθῆναι
3393 4229 3656 4300 νεώτερον
3677 4248 3689 4261 ·
3718 4229 3815 4281 καὶ

2233 4325 2392 4394 μόνον
2441 4322 2611 4392 ψόφος
2651 4322 2759 4392 πρὸ
2803 4321 2911 4374 τῶν
2945 4319 3122 4392 θυρῶν
3153 4320 3186 4391 ἢ
3221 4319 3560 4390 ὑπονοηθεὶς,
3589 4318 3622 4391 ἢ
3663 4318 3818 4387 γενό-

2231 4433 2410 4488 μενος,
2445 4414 2636 4486 ὥσπερ
2677 4431 2762 4477 τις
2804 4413 3033 4482 ἄγγελος
3061 4411 3246 4466 κακῶν
3284 4411 3543 4483 ἐξαίφνης
3584 4411 3684 4482 τὴν
3715 4412 3819 4482 ψυ-

529 4508 952 4580 οὺιοίιιιθιιιῐιιιη
1015 4506 1352 4569 observant;
1413 4515 1710 4571 rerumque
1789 4498 2113 4552 terribilium

2228 4505 2330 4577 χὴν
2366 4504 2728 4576 διεκλόνησεν.
2773 4503 2884 4557 Καὶ
2927 4501 2998 4556 τὰ
3049 4503 3147 4572 μὲν
3184 4501 3309 4567 ἔξω.
3355 4503 3504 4569 δεξιά
3533 4502 3696 4572 τυχὸν
3723 4503 3819 4557 καὶ

537 4607 688 4656 metu
739 4599 1050 4668 perculsum
1089 4609 1185 4649 cor
1214 4595 1334 4662 ejus
1371 4591 1741 4660 disrumpitur
1791 4608 1804 4642 :
1837 4599 1962 4642 ante
1995 4603 2126 4642 vero

540 4707 704 4761 quam
736 4706 920 4746 rerum
945 4702 1213 4742 novarum
1247 4686 1454 4755 aliquid
1494 4684 1720 4738 allatqu
1754 4683 1844 4746 sit,
1880 4682 2007 4734 ostii
2046 4681 2126 4735 vel

542 4786 697 4841 solus
757 4781 1130 4851 concrepitus,
1191 4779 1308 4833 sive
1356 4777 1558 4842 factus,
1626 4777 1743 4831 sive
1793 4775 2129 4845 cogitatione

515 4876 996 4952 jcompreheusus,
1030 4872 1188 4942 quasi
1225 4871 1494 4925 malarum
1531 4884 1712 4924 rerum
1746 4867 1974 4921 nuntius
1999 4880 2127 4920 eve-

509 4970 705 5049 ;stigio
746 4967 868 5038 ejus
903 4966 1145 5019 animum
1186 4963 1485 5018 commovit
1524 4979 1537 5016 :
1594 4960 1936 5029 fortasseque
1993 4958 2130 5011 nihil

543 5063 759 5128 absenti
793 5059 992 5115 marito
1041 5056 1261 5112 adversi
1295 5055 1518 5118 accidit,
1565 5064 1659 5112 aut
1694 5061 1839 5107 metu
1868 5052 2129 5121 dignum;

543 5153 643 5214 sed
673 5151 842 5206 animi
907 5146 1384 5208 consternatione,
1450 5145 1605 5199 nullo
1635 5149 1864 5212 accepto
1909 5141 2127 5202 nuntio,

517 5245 838 5300 'mentema
885 5239 1149 5310 jucundis
1191 5239 1360 5293 rebus
1395 5236 1462 5290 ad
1516 5233 1796 5289 contraria
1834 5233 2129 5287 convertit.

2228 4597 2437 4660 οὐδενὸς
2464 4596 2589 4664 ἄξια
2619 4595 2784 4668 φόϐου
2806 4613 2818 4624 ·
2853 4593 3046 4664 φθάνει
3076 4594 3130 4646 δὲ
3161 4595 3193 4664 ή
3223 4593 3554 4664 λειποθυμία
3585 4594 3685 4664 τὴν
3713 4594 3818 4662 ἁγ-

2231 4689 2436 4756 γελίαν,
2484 4687 2579 4740 καὶ
2628 4687 2960 4758 ἀναστρέφει
3011 4685 3147 4756 πρὸς
3189 4685 3250 4738 16
3283 4686 3522 4740 ἐναντίον
3557 4685 3665 4739 ἀπὸ
3711 4684 3819 4739 τῶν

2229 4778 2400 4850 ἡδέων
2445 4777 2546 4847 τὴν
2597 4775 2842 4846 γνώμην.
2893 4775 3144 4839 Τοιοῦτος
3195 4774 3305 4829 τῶν
3357 4774 3737 4844 εὐθυμούντων
3790 4776 3821 4828 6

2233 4869 2366 4940 βίος,
2417 4869 2478 4921 οὐ
2513 4867 2654 4922 πάνυ
2701 4884 2766 4935 γε
2812 4866 2996 4933 ἄξιος’
3045 4866 3106 4920 οὑ
3152 4866 3262 4938 γὰρ
3301 4868 3366 4936 τῇ
3397 4864 3677 4937 ἐλευθερίᾳ
3723 4865 3821 4936 τῆς

2232 4957 2529 5029 παρθενίας
2585 4955 3018 5024 ἀντεξετάζεται.
3088 4955 3281 5009 Καίτοι
3324 4954 3498 5008 πολλὰ
3537 4955 3646 5007 τῶν
3692 4971 3823 5006 σκυο

2233 5047 2591 5118 θρωποτέρων
2619 5048 2649 5100 6
2681 5045 2837 5114 λόγος
2882 5045 3185 5117 ἐπιτρέχων
3235 5045 3518 5100 κατέλιπε.
3554 5043 3824 5106 Πολλάκις

2234 5139 2344 5212 γὰρ
2390 5139 2620 5208 κάκείνη
2667 5137 2747 5191 ἔτι
2797 5138 2891 5190 νέα
2933 5137 3012 5208 τῷ
3062 5136 3296 5206 σώματι,
3339 5136 3421 5189 ἔτι
3463 5137 3530 5208 τῇ
3577 5137 3822 5205 νυμφικῇ

2235 5233 2437 5304 ἀγλαΐᾳ
2471 5230 2759 5284 στίλϐουσα
2779 5271 2792 5294 ,
2827 5228 2909 5282 ἔτι
2936 5229 3095 5298 τυχὸν
3122 5227 3432 5298 ἐρυθριῶσα
3461 5227 3552 5281 τοῦ
3585 5225 3823 5296 νυμφίου

547 5335 673 5392 Haec
705 5343 792 5390 est
830 5333 1071 5388 felicium
1106 5331 1391 5386 hominum
1425 5329 1557 5392 vita,
1595 5342 1702 5381 non
1734 5324 1890 5380 valde
1921 5325 2108 5379 scilice

2234 5327 2334 5394 τὴν
2378 5321 2603 5387 εἴσοδον,
2637 5321 2732 5374 καὶ
2767 5319 2908 5388 μετά
2950 5319 3130 5383 αἰδοῦς
3178 5318 3581 5381 ὑποϐλέπουσα,
3611 5317 3699 5370 ὅτε
3730 5307 3846 5394 atat;

547 5429 744 5499 digna:
767 5441 875 5480 non
900 5426 1046 5480 enim
1066 5440 1192 5479 cum
1214 5423 1462 5493 virginali
1484 5421 1733 5476 libertate
1756 5424 2130 5488 comparatur.

549 5518 718 5589 Atqui
767 5517 958 5580 multa,
991 5532 1110 5586 qua:
1167 5515 1419 5586 graviora
1452 5522 1603 5578 sunt,
1637 5525 1970 5581 percurrens
1993 5523 2134 5579 prae-

553 5611 686 5666 terit
715 5607 913 5664 oratio.
948 5606 1079 5662 Nam
1118 5623 1264 5678 saepe
1284 5607 1375 5661 illa
1412 5621 1538 5661 cum
1586 5602 1995 5661 adolescentula
2026 5609 2132 5665 est,

2238 5416 2600 5488 θερμοτέρους
2653 5408 2791 5466 εἶναι
2831 5411 3117 5480 συμϐαίνει
3164 5412 3290 5474 τοὺς
3339 5409 3559 5472 πόθους,
3610 5407 3702 5460 ὑπ’
3739 5383 3847 5467 αί-ξ

2241 5509 2441 5582 σχύνης
2485 5506 2622 5578 πρὸς
2672 5503 2731 5558 τὸ
2779 5503 3080 5572 ἐκφανῆναι
3131 5501 3531 5573 κωλυομένους,
3565 5499 3823 5567 ἐξαίφνης

2241 5603 2400 5672 χήρα,
2439 5599 2535 5653 καὶ
2567 5597 2747 5660 ἀθλία,
2791 5594 2885 5648 καὶ
2913 5592 3140 5664 ἔρημος,
3175 5594 3267 5647 καὶ
3315 5594 3492 5647 πάντα
3517 5591 3585 5645 τὰ
3611 5587 3824 5659 φευκτὰ

516 5711 720 5774 'atque
776 5700 830 5754 in
899 5715 1117 5768 sponsa:
1181 5677 1475 5769 splendore
1519 5696 1722 5760 elucet,
1793 5693 2113 5762 fortassequi

2245 5690 2648 5766 μεταλαμϐάνει
2672 5687 2940 5757 ὀνόματα,
2985 5685 3080 5738 καὶ
3129 5684 3228 5755 τὴν
3257 5684 3394 5747 τέως
3425 5680 3684 5753 λαμπρὰν
3731 5677 3825 5731 καὶ

515 5785 523 5866 '_
557 5796 739 5854 adhuc
760 5793 949 5866 sponsi
976 5793 1211 5850 adventu
1250 5790 1430 5856 rubet,
1472 5797 1528 5846 et
1555 5788 1768 5860 pudens
1799 5785 1944 5844 limis
1975 5800 2136 5856 aspe-

2241 5784 2562 5858 λευχείμονα
2603 5780 2696 5835 καὶ
2747 5777 3127 5851 περίϐλεπτον,
3179 5775 3392 5848 ἀθρόως
3440 5770 3824 5845 καταμελαίνει
