4096 6354
386 390 495 446 535

1729 378 1817 434 DE
1856 371 2322 433 VlRGlNITATE.

3531 358 3635 420 554

389 501 775 576 προσπεσοῦσα
799 502 835 573 ἡ
867 500 1144 573 συμφορὰ,
1177 498 1272 554 καὶ
1302 497 1616 570 περιϐάλλει
1647 495 1726 567 τῷ
1753 495 1960 559 πένθει,

2082 496 2177 545 :tat
2210 509 2222 544 :
2258 485 2700 559 quandoquidem
2727 498 2851 539 cum
2884 482 3051 537 animi
3072 483 3402 553 cupiditates
3430 483 3637 555 pudore

385 596 475 649 τὸν
508 593 775 664 νυμφικὸν
812 593 1018 663 κόσμον
1042 590 1429 662 ἀποσυλήσασα
1449 606 1463 621 ·
1497 585 1616 642 εἷτα
1644 588 1806 657 ζόφος
1838 587 1959 640 ἀντὶ

324 746 334 756 _
386 689 483 758 τῆς
529 688 588 739 ἐν
634 684 864 739 παστάδι
891 684 1297 756 λαμπρότητος,
1342 682 1424 740 κε’
1463 681 1724 754 θρηνῳδοὶ
1752 680 1851 743 τάς
1882 680 1961 732 oi-

391 778 580 850 μωγάς
636 777 1023 839 ἐπιτείνουσαι,
1074 777 1168 831 καὶ
1209 779 1363 847 μῖσος
1412 773 1554 829 κατά
1603 773 1712 827 τῶν
1759 774 1964 842 ἐπιχει-

389 869 625 941 ρούντων
664 868 925 938 πραΰνειν
966 867 1033 919 τὰ
1076 866 1258 937 πάθη,
1295 865 1559 935 ἀπέχθεια
1600 864 1820 925 σιτίων,
1864 880 1962 933 τη-

387 958 557 1013 κεδὼν
587 958 862 1029 σώματος,
900 959 1171 1029 κατήφεια
1190 958 1383 1028 ψυχῆς,
1419 957 1684 1027 ἐπιθυμία
1709 956 1959 1020 θανάτου,

332 1098 339 1104 .
387 1053 484 1106 καὶ
523 1052 713 1124 μέχρις
754 1050 919 1105 αὐτοῦ
967 1051 1062 1104 τοῦ
1097 1050 1326 1104 θανάτου
1371 1050 1629 1113 πολλάκις
1670 1047 1958 1118 ἰσχύσασα.

399 1144 524 1197 Ἐἀν
542 1144 599 1196 δὲ
629 1143 720 1197 καὶ
749 1142 961 1213 παυσθῇ
987 1160 1103 1205 πως
1129 1141 1207 1213 τῷ
1234 1142 1411 1213 χρόνῳ
1437 1144 1471 1212 ἡ
1502 1140 1774 1213 συμφορὰ,
1801 1140 1964 1194 πάλιν

389 1233 522 1304 ἄλλη
581 1234 858 1305 συμφορὰ,
906 1234 1017 1287 εἴτε
1059 1233 1291 1304 ὑπάρχει
1327 1234 1515 1296 τέκνα,
1563 1234 1673 1286 εἶτε
1718 1232 1814 1286 καὶ
1863 1233 1959 1303 μή.

393 1324 559 1378 Ὄντα
589 1324 686 1394 μὲν
733 1323 862 1394 γάρ,
900 1323 1109 1394 ὀρφανά
1138 1324 1356 1387 πάντως
1389 1323 1528 1387 ἐστὶ,
1571 1323 1665 1377 καὶ
1696 1323 1781 1377 διά
1807 1323 1964 1377 τοῦτο

391 1416 621 1483 ἐλεεινὰ,
648 1416 743 1470 καὶ
783 1416 851 1470 δι’
887 1415 1066 1469 αὐτῶν
1101 1415 1163 1469 τὸ
1195 1414 1365 1479 πάθος
1410 1413 1861 1479 ἀνακαινίζοντα·
1915 1416 1964 1467 εί

390 1506 448 1559 δὲ
483 1505 559 1578 μὴ
596 1507 703 1577 εῐη,
753 1504 1048 1577 πρόρριζον
1094 1505 1300 1574 οἴχεται
1339 1504 1399 1557 τὸ
1438 1504 1531 1557 τοῦ
1575 1502 1963 1574 κατοιχομένου

397 1597 761 1668 μνημόσυνον,
804 1596 899 1651 καὶ
938 1592 1000 1649 τὸ
1032 1595 1203 1650 κακὸν
1240 1595 1382 1667 ὑπὲρ
1414 1594 1767 1667 παραμυθίαν
1796 1594 1962 1648 ἐστίν.

407 1690 510 1743 Ἐῶ
538 1689 606 1744 τὰ
638 1689 771 1744 ἀλλα
798 1690 866 1743 τὰ
896 1690 996 1759 τῆς
1021 1672 1255 1762 χηρείας
1277 1689 1402 1743 ῐδια.
1436 1689 1531 1753 Τίς
1557 1689 1664 1761 γὰρ
1692 1689 1758 1743 ἂν
1789 1689 1967 1743 πάντα

397 1778 536 1850 μετά
568 1777 851 1849 ἀκριϐείας
886 1778 1361 1850 ἀπαριθμήσαιτο;
1399 1779 1526 1840 τοὺς
1558 1778 1805 1850 ἐχθροὺς,
1843 1778 1969 1840 τοὺς

2062 581 2298 651 quodam
2329 579 2788 648 comprimuntur,
2823 589 2932 644 quo
2958 575 3141 629 minus
3162 590 3283 629 sese
3313 574 3636 638 ostendant,

2061 673 2306 727 acriores
2341 670 2454 725 lieri
2486 667 2755 739 contingit
2786 684 2800 722 :
2829 677 2939 721 tum
2973 666 3041 720 de
3064 666 3360 735 improviso
3381 667 3636 729 viduitas,
3722 670 3727 679 ‘

2061 780 2332 827 aerumna,
2355 760 2596 818 solitudo
2640 779 2652 814 :
2683 774 2873 828 quaeve
2915 758 3205 812 horribilia
3233 765 3382 824 sunt,
3410 758 3635 812 nomina

2062 838 2179 912 sibi.
2200 855 2451 926 imponit,
2485 862 2539 909 et
2572 866 2720 914 ecce,
2750 866 2873 922 quae
2903 849 3050 905 lauta
3084 850 3243 906 modo
3283 859 3403 904 erat
3436 849 3641 903 amictu

2061 948 2297 1003 candido
2350 952 2659 1015 ornatuque
2708 944 2946 1014 insigni,
2998 952 3219 1013 repente
3276 957 3397 1012 qua!
3447 941 3643 996 incidit

2062 1037 2347 1091 calamitas
2396 1050 2516 1090 eam
2548 1034 2695 1104 pulla
2745 1041 2916 1094 veste,
2953 1040 3181 1101 atroque
3207 1031 3394 1085 habitu
3441 1029 3639 1091 induit,

2062 1132 2470 1199 dilaceratoque
2502 1143 2718 1198 sponsae
2779 1134 2997 1189 ornatu,
3033 1126 3085 1179 in
3150 1125 3355 1178 luctum
3411 1123 3559 1177 illam
3589 1128 3645 1176 et

2065 1224 2375 1295 squalorem
2414 1221 2673 1289 eonjicit;
2701 1218 2899 1274 deinde
2927 1233 3026 1288 pro
3060 1217 3182 1271 luce
3207 1217 3259 1269 in
3289 1216 3515 1286 nuptiali
3542 1230 3643 1269 cu-

2065 1317 2248 1373 liiculo
2285 1314 2461 1387 caligo
2480 1321 2533 1369 et
2555 1314 2819 1375 tenebrat,
2879 1311 3084 1374 luctus,
3116 1309 3494 1364 lamentabiles
3524 1308 3645 1379 plo-

2064 1415 2219 1462 ratus
2275 1413 2439 1476 atque
2501 1404 2687 1459 odium
2757 1403 2811 1457 in
2877 1418 2975 1457 eos
3021 1401 3114 1471 qui
3179 1400 3423 1456 dolorem
3474 1400 3645 1455 lenire

2064 1508 2370 1566 conantur;
2392 1498 2612 1567 cibique
2645 1497 2997 1559 abstinentia,
3028 1497 3276 1565 corporis
3306 1495 3483 1558 tabes,
3507 1510 3645 1551 con-

2066 1591 2262 1645 tractio
2284 1590 2653 1659 demissioque
2696 1588 2903 1650 animi,
2939 1587 3134 1642 mortis
3181 1586 3475 1657 cupiditas,
3526 1602 3647 1656 qua:

2066 1694 2211 1750 saepe
2241 1680 2308 1735 ad
2343 1679 2517 1750 ipsam
2550 1693 2723 1749 usque
2753 1685 2986 1733 mortem
3008 1676 3290 1748 perdurat.
3323 1678 3422 1731 Sin
3463 1686 3645 1731 autem

2068 1771 2253 1840 aliquo
2292 1772 2453 1826 modo
2500 1769 2558 1824 ﬁt
2605 1778 2665 1826 ut
2715 1779 2960 1838 tempore
3002 1769 3287 1838 mitigetur
3340 1768 3645 1831 calamitas,

393 1848 658 1931 οἰκείουςέ
689 1868 814 1931 τοὺς
842 1867 940 1938 μὲν
974 1848 1401 1938 ἐπεμϐαίνοντας
1431 1869 1495 1937 τῇ
1536 1848 1817 1937 συμφορᾷο
1843 1865 1969 1927 τοὺς

2082 1877 2292 1916 rursum
2347 1862 2451 1915 alia
2497 1862 3025 1925 exorituraerumna,
3061 1860 3177 1915 sive
3206 1860 3406 1914 liberos
3464 1860 3644 1925 habet,

396 1954 452 2007 δὲ
496 1953 952 2026 φαιδρυνομένους
1004 1954 1070 2023 τῇ
1134 1951 1373 2023 ἐρημίᾳ,
1428 1953 1521 2004 καὶ
1586 1950 1701 2020 μεθ’
1779 1948 1970 2019 ἡδονῆς

399 2044 693 2115 βλέποντας
719 2046 775 2097 ἐν
807 2043 988 2114 πικρῷ
1018 2043 1279 2114 ὀφθαλμῷ
1308 2043 1398 2095 τὸν
1426 2041 1776 2095 διαπίπτοντα
1803 2034 1968 2101 οἶκον,

398 2137 493 2190 καὶ
519 2137 644 2201 τοὺς
668 2136 1140 2208 καταφρονοῦντας
1157 2135 1391 2198 οἰκέτας,
1415 2135 1511 2187 καὶ
1548 2134 1724 2187 πάντα
1752 2131 1820 2185 τά
1840 2130 1973 2185 ἄλλα

399 2229 499 2282 ὅσα
529 2228 792 2299 πάρεστιν
818 2226 1064 2296 ἀφθόνως
1097 2227 1188 2280 ἐπὶ
1218 2226 1327 2279 τῶν
1355 2225 1611 2279 τοιούτων
1636 2225 1976 2294 δυστυχημά·

399 2338 507 2375 των
535 2321 665 2392 ὀρᾷν
682 2336 696 2350 ·
723 2318 790 2373 δι’
815 2312 889 2372 ὧν
913 2320 967 2371 αἱ
1005 2317 1195 2371 πολλαὶ
1222 2318 1315 2370 καὶ
1333 2316 1579 2387 δεύτεραι
1611 2317 1701 2369 ὑπ’
1732 2316 1975 2387 ἀνάγκης

402 2413 539 2487 πρὸς
587 2414 687 2483 τὴν
725 2411 833 2465 τῶν
874 2412 1073 2482 ὁμοίων
1104 2410 1289 2463 κακῶν
1330 2409 1725 2481 παρεϐάλλοντο
1760 2413 1972 2479 πεῖραν,

401 2506 501 2557 οὐκ
553 2503 870 2572 ἐνεγκοῦσαι
923 2502 1029 2556 τῶν
1098 2501 1519 2571 ἐπεγγελῶντων
1565 2501 1662 2573 τὴν
1729 2502 1973 2573 πικρίαν,

404 2596 592 2668 ῶσπερ
626 2596 960 2665 ἀμυνόμεναι
993 2594 1119 2658 τοὺς
1164 2593 1512 2665 λυπήσαντας
1550 2596 1665 2656 τοῖς
1696 2593 1844 2656 ίδίοις
1888 2612 1981 2647 κα-

406 2690 538 2751 κοῖς·
592 2687 786 2741 πολλαὶ
820 2687 875 2741 δὲ
904 2689 969 2758 τῇ
1011 2688 1202 2759 μνήμῃ
1243 2686 1352 2739 τῶν
1401 2685 1841 2757 συμϐεϐηκότων,
1871 2688 1978 2738 πᾶν

404 2782 582 2836 ὁτιοῦν
614 2781 925 2851 ὑπέστησαν
976 2778 1196 2847 μᾶλλον,
1246 2779 1279 2850 ἢ
1325 2781 1584 2849 ἐμπεσεῖν
1633 2780 1697 2832 ἐκ
1726 2779 1979 2851 δευτέρου

405 2874 472 2942 τῇ
501 2870 608 2923 τῶν
654 2868 947 2940 συμφορῶν
990 2869 1286 2939 ὁμοιότητι.
1319 2870 1428 2922 Καὶ
1474 2870 1521 2921 εί
1579 2868 1754 2938 βούλει
1791 2870 1982 2939 μαθεῖν

404 2963 474 3016 τά
502 2963 733 3031 δυσχερῆ
777 2959 869 3013 τοῦ
900 2960 1206 3033 κοινοτέρου
1238 2958 1373 3029 βίου,
1410 2960 1639 3014 ἄκουσον
1670 2955 1757 3013 οἷα
1792 2960 1981 3029 λέγου-

409 3072 493 3107 σιν
532 3055 589 3107 αί
630 3057 695 3124 τῇ
744 3053 909 3123 πείρᾳ
936 3053 1025 3105 τὸν
1072 3052 1184 3121 βίον
1226 3052 1582 3121 γνωρίσασαι,
1620 3053 1767 3116 ὃπως
1809 3070 1983 3123 μακα-

412 3146 617 3219 ρίζουσι
643 3146 741 3216 τὴν
771 3146 913 3215 ζωὴν
936 3145 1045 3199 τῶν
1078 3143 1137 3210 ἐξ
1170 3146 1345 3217 ἀρχῆς
1369 3145 1459 3198 τὸν
1499 3148 1557 3198 ἐν
1579 3146 1845 3217 παρθενίᾳ
1873 3146 1983 3217 βίον
2011 3174 2057 3234 C

409 3235 805 3306 προελομένων,
856 3236 949 3289 καὶ
995 3236 1069 3305 μὴ
1110 3234 1198 3289 διὰ
1233 3236 1517 3306 συμφορᾶς
1565 3235 1984 3305 μεταμαθόντων

411 3330 475 3382 τὸ
505 3328 742 3392 κάλλιον,
775 3329 856 3381 ὅτι
888 3327 1104 3380 πάντων
1135 3326 1242 3379 τῶν
1278 3325 1536 3379 τοιούτων
1570 3326 1753 3379 κακῶν
1797 3326 1986 3378 ἀνεπί-

410 3420 597 3482 δεκτός
645 3420 791 3472 ἐστιν
824 3420 856 3487 ὴ
896 3417 1158 3487 παρθενία
1185 3433 1198 3445 ’
1234 3415 1333 3467 ούκ
1373 3416 1634 3484 ὀρφανίαν
1672 3415 1876 3485 θρηνεῖ,
1925 3416 1985 3468 ού

412 3512 639 3583 χηρείαν
673 3510 951 3580 ὀδύρεταιο
987 3508 1073 3561 ἀεὶ
1107 3506 1319 3561 σύνεστι
1345 3507 1419 3576 τῷ
1449 3507 1710 3578 ἀφθάρτῳ
1741 3507 1984 3578 νυμφίῳ.

412 3604 499 3655 ἀεὶ
528 3602 888 3671 ἐπαγάλλεται
927 3603 1037 3664 τοῖς
1077 3600 1175 3671 τῆς
1214 3600 1492 3662 εὐσεϐείας
1522 3601 1857 3671 γεννήμασι·
1899 3602 1989 3652 τόν

412 3712 472 3747 τε
502 3690 645 3748 οἷκον
673 3695 762 3748 τὸν
787 3692 999 3763 ἀληθῶς
1026 3692 1153 3746 ἴδιον
1180 3694 1312 3745 πᾶσι
1346 3692 1651 3755 καλλίστοις
1676 3693 1777 3763 ὁρᾷ
1810 3692 1988 3764 διηνε-

416 3782 527 3844 κῶς
559 3780 969 3853 εύθηνούμενον,
997 3781 1086 3835 διὰ
1118 3782 1178 3834 τὸ
1208 3787 1461 3852 παρεῖναι
1493 3783 1587 3835 καὶ
1628 3783 1856 3835 ἐνοικεῖν
1901 3783 1989 3836 ἀεὶ

414 3873 505 3926 τὸν
534 3871 627 3926 τοῦ
659 3875 805 3927 οἴκου
854 3872 1127 3944 Δεσπότην
1148 3890 1160 3903 ο
1197 3874 1281 3944 ἐφ’
1312 3866 1380 3945 ἦς
1410 3877 1437 3928 ὁ
1470 3874 1697 3939 θάνατος
1740 3876 1799 3927 οὐ
1824 3892 1991 3945 χωρι-

420 3965 578 4036 σμὸν,
629 3965 765 4019 ἀλλά
812 3967 1103 4036 συνάφειαν
1136 3965 1229 4019 τοῦ
1266 3966 1597 4036 ποθουμένου
1638 3967 1809 4018 ποιεῖ·
1860 3965 1989 4019 ὅταν

418 4057 527 4128 γὰρ
552 4056 813 4128 ἀναλύσῃ,
836 4057 954 4111 τότε
989 4058 1085 4113 σὺν
1112 4057 1330 4129 Χριστῷ
1362 4059 1589 4127 γίνεται,
1616 4057 1797 4122 καθώς
1824 4075 1987 4129 φησιν

415 4150 446 4202 ὁ
483 4147 819 4211 Ἀπόστολος.

2069 1957 2186 2011 sive
2242 1964 2412 2010 caret.
2458 1953 2669 2009 Etenim
2725 1955 2771 2010 si
2833 1953 3016 2017 habet,
3071 1953 3191 2007 orbi
3239 1954 3466 2006 omnino
3490 1962 3645 2014 sunt,

2072 2052 2358 2113 propterea
2395 2036 2875 2098 commiseratione
2900 2042 3072 2113 digni,
3103 2051 3269 2111 atque
3301 2058 3364 2097 ex
3400 2042 3482 2096 his
3508 2042 3645 2111 ipsis
3682 2072 3685 2075 -

2072 2134 2281 2190 doloris
2318 2133 2544 2190 affectus
2574 2142 2901 2200 renovatur;
2933 2134 3018 2189 sin
3045 2135 3269 2187 omnino
3310 2141 3649 2197 caret,mor-

2076 2232 2154 2286 tui
2194 2233 2453 2286 memoria
2486 2233 2734 2288 funditus
2761 2232 3001 2298 tollitur,
3044 2233 3372 2302 graviusque
3396 2240 3479 2287 est
3506 2234 3652 2287 sola-

2075 2324 2153 2378 tio
2178 2324 2397 2379 malum.
2425 2322 2675 2395 Reliqua,
2712 2340 2833 2393 quae
2858 2335 2987 2397 sunt
3021 2324 3305 2379 viduitatis
3334 2325 3553 2394 propria
3576 2325 3653 2377 in-

2076 2413 2383 2477 commoda,
2406 2413 2619 2466 omitto.
2647 2414 2860 2479 Quotus
2887 2413 3032 2466 enim
3053 2414 3284 2483 quisque
3302 2422 3405 2475 est,
3426 2414 3516 2484 qui
3535 2428 3653 2466 om-

2077 2504 2167 2558 nia
2222 2512 2478 2560 accurate
2510 2506 2836 2560 enumeret?
2877 2512 2935 2558 ut
2985 2506 3241 2561 inimicos
3296 2505 3652 2567 domesticos,

2078 2604 2191 2649 tum
2218 2610 2312 2649 eos
2342 2597 2432 2664 qui
2464 2596 2517 2649 in
2545 2596 2910 2649 calamitatem
2943 2595 3208 2660 incidunt,
3232 2604 3346 2649 tum
3382 2597 3501 2651 illos
3550 2600 3645 2667 qui

2078 2702 2140 2741 ea
2173 2688 2468 2741 solitudine
2493 2687 2752 2757 gaudent,
2799 2702 3078 2757 sensuque
3105 2688 3339 2757 quodam
3366 2690 3656 2743 oculorum

2081 2778 2292 2844 iniquo,
2324 2788 2372 2831 et
2405 2793 2527 2831 cum
2559 2778 2835 2848 voluptate
2871 2779 3139 2834 labentem
3162 2780 3407 2846 domum,
3436 2797 3657 2836 servos-

2081 2886 2186 2939 que
2217 2869 2395 2921 tnnnia
2428 2870 2762 2939 negligentes
2815 2870 3107 2939 aspiciunt,
3160 2878 3495 2941 cunctasth
3522 2873 3659 2927 alias

2084 2978 2173 3016 res
2206 2963 2485 3025 adversas,
2523 2976 2660 3031 quas-
2712 2962 2915 3015 multas
2952 2962 3007 3015 in
3060 2962 3130 3016 iis
3161 2962 3381 3031 quidem
3432 2978 3659 3019 cernere

2086 3052 2212 3106 licet.
2240 3070 2252 3106 :
2282 3067 2515 3121 quarutn
2554 3067 2720 3105 causa
2746 3067 2853 3105 non
2877 3067 3063 3121 pauca!
3094 3054 3373 3118 mulieres,
3412 3070 3536 3107 cum
3567 3072 3660 3108 eas

2087 3142 2453 3197 deridentiutn
2481 3143 2823 3211 iniquitatem
2854 3158 2960 3196 non
2995 3142 3218 3205 ferrent,
3242 3161 3306 3199 ex
3333 3146 3663 3201 necessitate

2088 3237 2283 3289 iterum
2335 3250 2393 3288 se
2434 3234 2693 3287 similium
2734 3235 2999 3287 malorum
3049 3236 3294 3303 periculo
3322 3236 3661 3304 obiecerunt,

2086 3327 2241 3396 quasi
2275 3327 2432 3380 malis
2469 3325 2583 3379 suis
2628 3340 2816 3395 poenas
2847 3326 3100 3395 petierint
3146 3328 3214 3382 ab
3253 3328 3341 3389 iis,
3395 3344 3425 3381 a
3460 3330 3663 3400 quibus

2087 3419 2327 3473 dolorem
2370 3419 2699 3487 acceperint.
2755 3418 3076 3487 Complures
3131 3436 3260 3475 vero
3316 3423 3665 3492 superiorum

2088 3511 2356 3564 malorum
2390 3509 2768 3564 recordatione
2798 3512 3016 3579 quidvis
3043 3512 3339 3577 sustinere,
3373 3530 3435 3568 ac
3458 3516 3666 3585 perpeti

2095 3603 2425 3665 maluerunt,
2465 3618 2628 3672 quam
2686 3602 2740 3655 in
2796 3604 3007 3659 similes
3064 3621 3258 3660 rursus
3327 3608 3668 3664 calamitates

2095 3693 2399 3749 incurrere.
2431 3694 2529 3749 Sin
2593 3702 2774 3748 autem
2831 3709 3153 3752 communes
3189 3697 3352 3766 hujus
3386 3698 3669 3753 vitaedifliv

2091 3786 2322 3839 cultates
2351 3800 2683 3855 cognoscere
2720 3785 2899 3853 cupis,
2933 3786 3091 3839 velim
3145 3787 3338 3843 audias
3372 3803 3491 3857 quae
3522 3804 3671 3843 com-

2093 3884 2395 3931 memorent
2446 3878 2725 3941 mulieres,
2781 3892 2903 3946 quae
2937 3876 3067 3931 illud
3089 3878 3210 3931 vitae
3235 3894 3408 3948 genus
3435 3889 3670 3949 expertae

2092 3976 2454 4037 cognoscunt,
2476 3984 2639 4037 quam
2676 3967 3025 4023 beatissimas
3068 3983 3161 4022 eas
3214 3985 3337 4025 esse
3389 3985 3509 4039 quis
3555 3969 3668 4022 vir-

2097 4059 2299 4130 ginalis
2351 4060 2475 4114 vitae
2522 4061 2793 4113 rationem
2847 4058 3190 4129 delegerunt,
3245 4075 3423 4129 neque
3460 4075 3527 4114 ex
3560 4060 3669 4114 ulla

2100 4150 2431 4214 calamitate,
2456 4149 2585 4220 quid
2612 4150 2807 4205 melius
2835 4158 3003 4211 esset,
3033 4151 3365 4215 didicerunt,
3412 4151 3669 4220 quoniam

421 4240 490 4293 ab
515 4238 770 4293 omnibus
802 4238 886 4293 bis
921 4238 1083 4294 malis
1106 4254 1277 4292 vacua
1304 4246 1389 4293 est
1416 4238 1741 4309 virginitas;
1808 4255 1916 4293 non
1958 4240 2247 4295 orbitatem
2316 4240 2484 4311 luget,
2522 4255 2630 4294 non
2672 4240 2988 4294 viduitatem
3045 4240 3393 4305 lamentatur,
3456 4254 3673 4308 unaque

421 4352 634 4407 semper
656 4345 741 4391 est
761 4350 884 4389 cum
914 4336 1231 4405 incorrupto
1261 4351 1486 4405 sponsu,
1515 4345 1567 4389 et
1594 4337 1864 4390 fructibus
1885 4336 2101 4405 pietatis
2120 4342 2379 4406 perpetuo
2402 4334 2623 4406 gaudet,
2644 4348 2708 4387 ac
2727 4334 2952 4387 domum
2985 4348 3110 4388 vere
3131 4335 3400 4405 propriam
3423 4335 3671 4388 omnirc-

429 4442 550 4481 rum
580 4427 908 4497 optimarum
948 4440 1144 4495 genere
1173 4426 1520 4479 continenter
1548 4426 1855 4480 institutam
1897 4426 2072 4491 videt,
2109 4435 2399 4496 propterea
2426 4425 2575 4495 quod
2611 4425 2803 4479 barum
2827 4424 3024 4479 :edium
3082 4424 3345 4479 Dominus
3381 4442 3487 4480 una
3528 4443 3673 4482 sem-

424 4535 519 4589 per
538 4526 623 4572 est
676 4524 839 4585 atque
912 4516 1122 4578 incolit,
1165 4515 1253 4569 ubi
1304 4531 1412 4569 non
1451 4517 1874 4585 sejunctionem,
1913 4518 2005 4571 sed
2033 4518 2475 4587 conjunctionem
2550 4532 2673 4572 cum
2743 4532 2831 4580 eo,
2906 4518 3067 4586 cujus
3116 4518 3390 4574 desiderio
3438 4528 3676 4585 tenetur,

430 4624 579 4664 mors
613 4607 811 4673 ellicit;
847 4621 971 4659 cum
1002 4607 1147 4659 enim
1184 4605 1526 4671 dissolvitur,
1594 4608 1773 4675 inquit
1818 4607 2115 4677 Apostolus
2166 4609 2181 4637 ¹
2206 4647 2220 4671 ,
2280 4616 2393 4661 tum
2450 4615 2534 4661 est
2572 4622 2696 4661 cum
2733 4606 2974 4661 Christo.

509 4705 668 4759 ’Δλλά
700 4703 887 4774 καιρὸς
921 4702 987 4756 ἂν
1018 4702 1125 4773 εἴη,
1157 4702 1340 4773 ἐπειδὴ
1382 4703 1449 4755 τὰ
1482 4702 1590 4755 τῶν
1622 4703 1982 4774 εύθυμούντωγ

2175 4702 2281 4758 Sed
2314 4704 2573 4773 quoniam
2619 4719 2741 4773 qua
2787 4705 2854 4757 ad
2890 4704 3043 4757 laetos
3086 4703 3334 4759 homines
3367 4708 3678 4775 pertinent,

425 4798 490 4849 ἐκ
537 4795 736 4867 μέρους
769 4792 1079 4863 ἐξήτασται,
1123 4797 1217 4845 καὶ
1247 4793 1372 4855 τοὺς
1404 4793 1623 4863 ἐτέρους
1666 4794 1997 4848 ἐποπτεῦσαι

428 4888 575 4959 βίους
614 4886 691 4957 τῷ
731 4886 899 4955 λόγῳ,
933 4882 1013 4948 οἷς
1047 4884 1141 4937 καὶ
1172 4886 1372 4948 πενίαι,
1404 4886 1498 4939 καὶ
1530 4886 1868 4958 δυσκληρίαι,
1907 4889 1998 4940 καὶ

426 4979 608 5033 λοιπαὶ
639 4976 746 5031 τῶν
795 4978 1147 5048 ἀνθρωπίνων
1195 4976 1381 5030 παθῶν
1424 4978 1701 5049 συμφοραὶ
1752 4995 2002 5050 παραπε-

428 5072 666 5143 πὴγασιν
686 5088 699 5101 ·
735 5065 848 5124 οἷον
886 5069 1162 5140 πηρώσεις
1190 5087 1250 5123 τε
1308 5073 1401 5124 καὶ
1432 5072 1601 5134 νόσοι,
1633 5071 1724 5125 καὶ
1751 5072 1850 5124 ὅσα
1893 5088 2004 5124 τοι-

429 5164 567 5218 αῦτα
612 5165 678 5234 τῇ
735 5163 1051 5234 ἀνθρωπίνῃ
1108 5163 1219 5233 ζωῇ
1280 5163 1758 5233 συγκεκλήρωται·
1818 5165 1875 5216 ἐν
1925 5155 2006 5224 οἷς

430 5254 631 5307 ἅπασιν
675 5253 706 5305 ὁ
758 5251 856 5322 μὲν
908 5251 1027 5305 καθ’
1073 5251 1265 5305 ἐαυτὸν
1311 5250 1441 5314 ζῶν,
1492 5252 1525 5321 ἢ
1575 5252 1855 5320 διαφεύγει
1912 5254 2009 5321 τὴν

432 5344 705 5417 πεῖραν,ἣ
738 5346 866 5416 ῥᾷον
888 5343 1130 5413 διαφέρει
1162 5343 1260 5413 τὴν
1302 5344 1608 5414 συμφορὰν,
1640 5360 2009 5415 συγκεκροτη-

436 5438 602 5509 μένην
629 5437 767 5507 ἐχων
799 5437 927 5507 περὶ
964 5437 1127 5489 αὑτὸν
1154 5434 1252 5506 τὴν
1272 5435 1532 5498 διάνοιαν,
1568 5435 1660 5488 καὶ
1694 5435 1827 5504 πρὸς
1858 5434 2011 5487 οὐδὲν

431 5527 558 5580 ἀλλο
576 5530 696 5590 ταῖς
716 5527 960 5605 φροντίσι
987 5526 1427 5598 περιελκόμενος.
1462 5526 1519 5579 ὐ
1539 5526 1595 5580 δὲ
1619 5528 1753 5599 πρὸς
1776 5530 2010 5597 γυναῖκα

432 5620 524 5673 καὶ
557 5618 719 5671 τέκνα
753 5619 1170 5690 μεμερισμένος,
1205 5618 1329 5673 οὐδὲ
1368 5618 1561 5692 σχολὴν
1592 5620 1714 5689 άγει
1751 5620 2007 5683 πολλάκις

510 5803 523 5831 ¹
557 5802 790 5871 Philipp.
826 5801 993 5893 ι,25.⁴

2103 4802 2229 4849 sunt
2258 4793 2439 4862 aliqua
2467 4808 2531 4846 ex
2564 4803 2717 4860 parte
2749 4807 2777 4845 a
2812 4793 2972 4846 nobis
3000 4793 3255 4863 indagata
3280 4834 3293 4857 ,
3323 4802 3541 4865 tempus
3566 4798 3677 4867 jam

2103 4895 2206 4951 est,
2250 4890 2308 4937 ut
2346 4883 2448 4937 hac
2487 4884 2735 4938 oratione
2768 4893 2997 4938 caeteras
3051 4885 3175 4938 vita:
3216 4886 3457 4941 rationes
3495 4904 3682 4957 perse-

2104 4990 2357 5045 quamur,
2390 4989 2511 5045 quae
2545 4974 2997 5045 paupertatibus,
3036 4976 3201 5030 rebus
3232 4976 3481 5033 adversis
3503 5017 3517 5041 ,
3550 4980 3680 5032 reli-

2106 5068 2340 5136 quisque
2378 5066 2647 5119 malorum
2688 5066 3050 5119 humanorum
3089 5074 3218 5120 sunt
3254 5067 3547 5137 implicatae
3586 5086 3680 5138 pe-

2108 5160 2287 5215 stibus
2312 5179 2324 5212 :
2354 5159 2545 5228 quales
2571 5159 2797 5211 omnino
2820 5167 2949 5212 sunt
2976 5158 3180 5222 febres,
3210 5160 3424 5234 morbi,
3454 5170 3506 5215 et
3534 5178 3683 5231 qua:-

2106 5265 2320 5320 cuuque
2346 5248 2397 5303 id
2420 5249 2636 5319 generis
2660 5249 2910 5303 humana:
2929 5249 3052 5303 vita:
3072 5249 3426 5305 acciderunt:
3447 5267 3680 5321 quorum

2106 5342 2349 5396 omnium
2375 5341 2679 5411 periculum
2712 5354 2804 5394 aut
2831 5341 3090 5404 declinat,
3116 5350 3210 5396 aut
3234 5358 3426 5398 eorum
3453 5345 3682 5399 calami-

2107 5441 2274 5488 tatem
2326 5435 2537 5503 aequius
2574 5433 2679 5487 fert
2715 5434 2794 5496 is,
2830 5433 2924 5503 qui
2962 5434 3067 5489 sibi
3103 5435 3270 5501 vivit,
3324 5444 3513 5506 utpote
3558 5453 3684 5493 cum

2109 5525 2289 5580 omnis
2320 5524 2442 5594 ejus
2473 5524 2671 5579 mentis
2702 5524 2963 5594 cogitatio
2990 5524 3045 5578 in
3076 5524 3196 5597 ipso
3224 5526 3432 5584 haereat
3456 5566 3471 5590 ,
3506 5544 3685 5599 neque

2114 5618 2414 5674 alienarum
2450 5632 2634 5673 rerum
2671 5616 2819 5673 curis
2851 5615 3353 5685 abstrahatur.Qui
3382 5636 3508 5676 vero
3542 5637 3650 5676 tuo
3678 5660 3683 5663 -
