4096 6354
463 383 572 441 5'55

1710 359 1768 416 S.
1805 353 2137 416 GREGORII
2177 352 2465 414 NYSSENI

463 498 547 554 ris
595 506 659 548 ac
712 489 1009 546 liberorum
1068 484 1402 556 cogitatione
1456 480 1773 542 detinetur,
1817 482 2071 552 propter,

2173 472 2254 540 οἷς
2301 477 2452 539 ίδίοις
2502 471 2851 535 ἐπιστενάξαι
2888 472 3099 534 κακοῖς,
3147 434 3249 539 τῆς
3298 465 3410 520 τῶν
3458 465 3730 534 φιλτάτων

465 598 649 642 rerum
684 580 790 637 sibi
830 574 1285 633 charissimarum
1317 584 1543 633 curam,
1578 581 1702 638 qua:
1746 566 1800 618 in
1846 560 2043 617 alienis

464 676 627 731 malis
651 671 894 726 animum
931 666 1199 735 occupat,
1233 676 1377 733 saepe
1405 675 1509 715 nec
1535 658 1706 714 otium
1738 653 1961 725 quidem
1996 653 2044 706 is

467 768 632 823 habet
687 769 749 817 ut
790 759 910 815 suis
947 756 1068 827 ipse
1103 747 1724 809 doleat'incommodis.
1780 741 1888 798 Sed
1930 740 2043 795 fore

468 866 620 912 ιιιεεθ
654 860 1126 923 supervacaneum
1157 852 1243 898 CSl
1273 842 1390 896 haec
1419 849 1853 895 commemorare
1878 873 1893 897 ,
1924 844 2047 902 qua:

467 944 907 1019 exploratissima
933 944 1098 994 sunt:
1122 934 1323 991 etenim
1355 933 1608 989 si’tantus
1638 928 1812 990 labor,
1832 931 2050 978 tantave

471 1013 693 1097 nti—seria
725 1049 851 1090 cum
887 1033 954 1086 iis
983 1027 1279 1099 conjuncta
1308 1032 1427 1089 est,
1455 1037 1577 1093 qua:
1609 1020 1667 1074 in
1701 1018 1867 1073 rebus
1902 1013 2050 1084 npti-

468 1131 577 1187 mis
605 1144 728 1185 esse
759 1124 1039 1187 videntur,
1068 1120 1198 1192 quid
1230 1117 1431 1187 aliquis
1460 1115 1529 1169 de
1559 1113 1725 1169 rebus
1748 1105 2045 1164 contrariis

472 1221 828 1293 opinabitur,
885 1211 1330 1286 quandoquidem
1388 1214 1474 1262 est
1530 1205 1764 1260 veritate
1821 1199 2051 1255 inferior

473 1314 653 1369 omnis
694 1311 783 1365 illa
822 1304 1094 1363 sermonis
1133 1299 1466 1371 esplicatio,
1493 1311 1601 1366 qua
1635 1294 1763 1365 quis
1795 1292 1936 1345 hanc
1971 1287 2053 1342 vi-

474 1414 590 1458 tam
622 1401 692 1455 ob
727 1398 918 1453 oculos
951 1393 1194 1449 omnium
1255 1402 1460 1459 ponere
1500 1383 1775 1440 conatur?
1798 1381 2054 1436 Attamen

477 1495 681 1548 wultas
714 1490 948 1543 fortasse
979 1484 1143 1554 hujus
1166 1481 1288 1534 vitae
1321 1475 1755 1549 injucunditates
1777 1486 1843 1527 ex
1866 1467 2056 1541 paucis

475 1581 845 1640 delnonstrari
874 1577 1041 1632 licet:
1069 1572 1330 1644 quoniam
1354 1565 1690 1638 quibus‘hoc
1722 1564 1850 1618 vitae
1884 1572 2059 1633 genus

476 1675 777 1745 contingit,
818 1671 864 1727 si
897 1672 1293 1737 comparentur
1321 1676 1446 1716 cum
1485 1659 1589 1722 iis,
1621 1656 1719 1729 qui
1761 1655 1902 1711 beati
1937 1665 2061 1708 esse

479 1769 774 1830 videntur,
814 1777 846 1817 e
882 1759 1048 1815 rebus
1085 1753 1382 1812 contrariis
1420 1752 1669 1807 dolorem
1724 1762 1790 1802 ac
1842 1745 2061 1801 maesti-

2148 569 2421 640 φροντίδος
2441 566 2540 639 τὴν
2561 565 2791 635 καρδίαν
2809 560 3188 634 περιεχούσης.
3221 559 3292 612 ’11
3316 548 3454 629 τάχα
3476 558 3733 624 περιττόν

2098 657 2262 715 -έστι
2301 661 2414 723 τοῖς
2451 656 2901 730 ὁμολογουμένοις
2951 649 3304 721 ἐνδιατρίϐειν
3345 649 3425 720 τῷ
3456 649 3600 718 λόγῳ
3623 661 3638 676 ⁸
3685 649 3735 700 εί

2130 752 2257 824 ῖγάρ
2288 752 2409 815 ’τοίς
2444 749 2672 804 ’δοκοῦσι
2715 746 2900 809 καλοῖς
2941 745 3194 805 τοσοῦτος
3230 740 3391 803 πόνος
3414 740 3521 794 -καὶ
3548 737 3738 792 ταλαι-

2149 844 2332 916 πωρία
2362 841 2736 907 συνέζευκται,
2764 840 2819 893 τί
2847 837 2913 892 ἄν
2940 853 3025 899 τις
3058 833 3316 906 περὶτῶν
3339 819 3596 885 ἐναντίων
3618 836 3739 883 στο-

2150 937 2406 1007 χάσαιτο;
2444 935 2621 986 Ἥπου
2669 933 2819 985 πᾶσα
2851 929 3010 997 λόγου
3038 924 3330 997 ὑπογραφὴ
3358 923 3463 993 τῆς
3482 920 3738 992 ἀληθείας

2134 1024 2390 1078 ’ἐλάττων
2419 1023 2553 1082 ἐστὶ,
2587 1022 2683 1074 τὸν
2711 1020 2826 1090 βίον
2856 1016 3038 1071 αὐτῶν
3067 1017 3158 1069 ὑπ’
3194 1015 3318 1084 όψιν
3357 1015 3585 1081 ἀγαγεῖν
3612 1014 3735 1063 ἐπι-

2153 1114 2430 1188 χειροῦσα.
2490 1112 2628 1166 Ἀλλ’
2677 1111 2823 1165 ἐστιν
2861 1110 2994 1171 ίσως
3030 1107 3097 1161 δι’
3127 1104 3309 1173 ὀλίγου
3353 1104 3416 1157 τὸ
3464 1102 3595 1156 πολὺ
3641 1101 3739 1171 τῆς

2150 1206 2295 1260 κατά
2337 1205 2447 1275 ’τὴν
2504 1205 2648 1275 ζωὴν
2700 1196 3292 1273 ἀηδίαςὲνδείξασθαι,
3346 1193 3428 1247 ὅτι
3482 1190 3739 1253 ἐναντίως

2156 1298 2293 1379 πρὸς
2323 1296 2449 1359 τοὺς
2473 1295 2766 1366 εὐημερεῖν
2792 1290 3082 1353 δοκοῦντας
3114 1284 3628 1355 συγκεκληρωμένοι
3661 1282 3742 1352 τῷ

2139 1366 2279 1459 βίῳ,
2306 1386 2416 1440 καί
2437 1385 2536 1449 τὰς
2564 1384 2740 1447 λύπας
2771 1380 3041 1435 ’ἀπὸ-τῶν
3065 1378 3322 1432 ἐναντίων
3370 1376 3575 1445 ἔχουσι.
3616 1366 3745 1436 Τοῖς
3832 1406 3837 1409 -

2162 1479 2259 1551 μὲν
2296 1477 2405 1550 γὰρ
2434 1474 2730 1545 εὐθυμοῦσι
2776 1473 3036 1544 ταράσσει
3077 1470 3166 1523 τὸν
3197 1468 3328 1538 ’βίον
3364 1470 3393 1520 ὁ
3429 1463 3742 1537 προσδοκῶ-

2163 1587 2323 1640 μενος
2380 1568 2412 1639 ἢ
2459 1567 2556 1621 καὶ
2615 1564 3047 1635 παραγινόμενος
3110 1560 3370 1623 θάνατος,
3428 1556 3637 1620 τούτοις
3683 1556 3743 1610 δὲ

2163 1658 2675 1732 σύμφορἀὲστινή
2725 1652 2962 1726 ἀναϐολὴ
3009 1651 3103 1706 τοῦ
3133 1651 3365 1705 Θανάτου
3390 1667 3404 1680 ·
3428 1649 3537 1703 καί
3567 1650 3595 1701 ὁ
3646 1647 3744 1718 μὲν

2165 1752 2278 1824 βίος
2302 1752 2484 1815 αὺτοῖς
2509 1748 2663 1821 πρὸς
2677 1748 2738 1802 τὸ
2769 1748 3011 1801 ἐναντίον
3036 1745 3352 1814 διέστηκεν,
3385 1744 3419 1813 ἡ
3447 1742 3506 1796 δὲ
3540 1740 3747 1811 ἀθυμία

480 1860 612 1913 tiam
649 1853 894 1923 capiunt.
930 1846 1066 1903 Nam
1100 1846 1186 1900 his
1221 1844 1316 1916 qui
1356 1841 1616 1914 gaudenti
1663 1845 1796 1895 sunt
1834 1837 2018 1891 animo
2041 1840 2069 1903 ,‘

2173 1843 2303 1915 πρὸς
2346 1842 2409 1894 τὸ
2450 1840 2582 1893 αὐτὸ
2624 1836 2796 1910 πέρας
2828 1836 3159 1907 ἀμφοτέροις
3199 1832 3556 1904 συμφέρεται.
3588 1830 3748 1885 Οὕτω

483 1958 576 2003 aut
605 1950 954 2016 exspectata.
1003 1947 1100 1994 aut
1134 1953 1257 2008 qua:
1291 1936 1403 2005 jam
1446 1935 1616 1988 instat
1655 1946 1804 1986 mors
1844 1936 2060 1999 pertur-

484 2040 760 2096 bationem
792 2033 993 2099 affert;
1039 2030 1150 2085 illis
1203 2042 1336 2084 vero
1385 2020 1673 2080 calamitas
1721 2030 1809 2078 est
1857 2019 2055 2075 dilatio

483 2131 714 2186 mortis:
785 2126 1004 2194 vitaque
1050 2135 1239 2176 eorum
1291 2120 1434 2173 inter
1488 2132 1549 2173 se
1595 2113 1878 2170 contraria
1931 2121 2059 2175 est,

484 2223 754 2296 quasique
802 2215 1090 2284 interjecto
1123 2213 1391 2266 diametro
1413 2209 1622 2263 distat:
1660 2207 1951 2274 utriusque
1987 2209 2066 2255 ta-

494 2293 617 2371 men
675 2308 1023 2366 imbecillitas
1080 2301 1249 2356 animi
1299 2301 1491 2356 eodem
1545 2297 1783 2353 termino
1832 2293 2064 2349 commi-

489 2400 1096 2469 scetur.~Quamobrem
1152 2382 1435 2463 multiplex
1489 2400 1545 2447 et
1591 2389 1745 2443 varia
1779 2396 1864 2442 est
1903 2387 2062 2455 copia

494 2500 796 2559 malorum,
828 2507 953 2564 qua:
979 2505 1009 2543 a
1043 2486 1252 2558 nuptiis
1280 2485 1556 2541 exsistunt
1589 2501 1602 2536 :
1641 2479 1886 2535 dolorem
1916 2479 2064 2531 enim

496 2589 658 2647 liberi
701 2586 810 2642 nati
846 2598 1001 2654 aeque
1033 2583 1366 2651 important,
1402 2589 1467 2628 ac
1501 2588 1610 2627 non
1646 2570 1798 2636 nati;
1847 2576 1901 2623 et
1941 2582 2066 2621 rur-

498 2692 598 2733 sus
636 2685 746 2729 tam
783 2670 927 2735 vivi,
966 2682 1130 2739 quam
1172 2664 1394 2720 mortui.
1436 2660 1538 2716 Hic
1574 2660 1719 2716 enim
1763 2656 2063 2712 liberorum

491 2764 843 2825 multitudine
893 2761 1128 2834 gaudet,
1176 2772 1300 2813 cum
1346 2770 1459 2810 non
1511 2753 1647 2808 satis
1684 2751 1883 2806 habeat
1917 2747 2068 2803 unde

491 2860 643 2925 alat;
702 2855 793 2910 ille
854 2866 983 2909 vero
1048 2848 1264 2904 baerede
1324 2854 1478 2901 caret
1548 2843 1875 2897 facultatum
1939 2855 2070 2896 sua-

493 2948 735 3013 rum,in
766 2944 965 3015 quibus
1008 2940 1245 2994 maxime
1291 2935 1636 2993 elaboravit:
1683 2939 1851 3002 atque
1896 2935 2064 2983 unius

492 3039 712 3112 quidem
742 3037 883 3092 bona
914 3032 1133 3087 fortuna
1161 3030 1393 3084 alterius
1437 3025 1807 3082 calamitatem
1864 3020 2030 3077 edicit
2051 3060 2068 3087 ,

492 3147 618 3188 eum
647 3129 751 3185 sibi
784 3135 1019 3196 uterque
1054 3122 1186 3178 illud
1221 3119 1443 3177 evenire
1486 3117 1655 3180 velit,
1688 3130 1801 3187 quo
1832 3113 2068 3168 alterum

2168 1932 2504 2006 πολύτροπός
2553 1924 2667 1985 ἐστι
2697 1930 2790 1983 καὶ
2820 1926 3181 1998 ποικίλη-τῶν
3220 1927 3285 1979 ἐκ
3311 1924 3405 1978 τοῦ
3438 1922 3617 1994 γάμου
3647 1939 3750 1976 κα-

2167 2028 2281 2082 κῶν
2308 2027 2342 2097 ἡ
2373 2024 2604 2098 χορηγία
2625 2039 2638 2051 ⁸
2686 2019 2913 2075 λυποῦσι
2952 2019 3061 2091 γὰρ
3106 2016 3438 2090 ὁμοίως-καὶ
3474 2016 3749 2085 γινόμενοι

2170 2117 2356 2181 παῖδες
2390 2120 2484 2169 καὶ
2529 2116 2602 2185 μὴ
2645 2110 2987 2181 ἐλπιζόμενον.
3010 2127 3024 2142 θ
3080 2112 3173 2164 καὶ
3215 2109 3378 2162 πάλιν
3419 2106 3621 2172 ζῶντες
3655 2105 3752 2159 καὶ

2169 2205 2624 2275 ἀποθνήσκοντες.
2667 2200 2726 2251 '0
2764 2198 2861 2270 μὲν
2900 2198 3009 2269 γὰρ
3042 2197 3349 2270 εὖθηνεῖται
3388 2197 3600 2257 παισὶν,
3629 2194 3752 2248 οὐδὲ

2168 2296 2376 2369 τροφῆς
2402 2294 2538 2365 ἔχων
2563 2290 2760 2354 ἱκανῶς
2778 2306 2791 2319 ·
2816 2289 2893 2359 τῷ
2915 2290 2971 2343 δὲ
2992 2289 3090 2359 οὐχ
3120 2288 3402 2342 ὕπεστιν-ό
3426 2285 3520 2340 τοῦ
3545 2285 3748 2357 κλήρου

2171 2388 2410 2457 διάδοχος
2455 2384 2549 2438 ἐπὶ
2588 2382 2807 2445 πολλοῖς
2832 2378 2913 2444 οἷς
2955 2381 3281 2450 ὲμόχθησεν.
3310 2379 3406 2431 καὶ
3440 2379 3496 2431 ὲν
3532 2377 3752 2445 ἀγαθῶν

2176 2481 2340 2553 μοίρᾳ
2369 2477 2465 2551 τὴν
2510 2476 2617 2531 τῶν
2663 2475 2957 2545 ἀλλοτρίων
2989 2475 3223 2526 ποιεῖται
3266 2470 3584 2542 συμφοράν·
3626 2468 3755 2521 ἐκά-

2173 2550 2327 2642 τερος
2360 2567 2539 2622 αὐτῶν
2578 2568 2755 2619 έκεῖνο
2777 2562 3031 2633 γενέσθαι
3073 2561 3410 2632 βουλόμενος,
3448 2559 3533 2627 ἐφ’
3558 2550 3753 2625 ᾧδυσ·

2176 2660 2443 2735 φοροῦντα
2482 2657 2664 2730 βλέπει
2711 2657 2801 2712 τὸν
2849 2656 3053 2725 ἕτερον.
3094 2647 3166 2724 Ὦ
3216 2651 3313 2722 μὲν
3353 2649 3460 2721 γὰρ
3495 2648 3754 2718 τέθνηκεν

2175 2753 2529 2825 ὴγαπημένος
2554 2753 2704 2813 παῖς,
2729 2746 2773 2818 ᾧ
2801 2748 2857 2800 δὲ
2889 2745 3092 2800 ἐπεϐίω
3129 2746 3156 2797 ό
3178 2744 3385 2805 ἄσωτος
3405 2757 3419 2770 ·
3453 2740 3673 2794 ἐλεεινοί
3696 2738 3754 2790 δὲ

2178 2848 2506 2918 ἀμφότερον
2541 2844 2699 2915 ὁμὲν
2737 2841 2830 2894 τὸν
2869 2839 3099 2893 θάνατον
3122 2837 3216 2890 τοῦ
3261 2833 3470 2897 παιδὸς,
3505 2833 3533 2885 ό
3564 2831 3621 2884 δὲ
3653 2832 3755 2901 τὴν

2180 2939 2324 3009 ζωὴν
2352 2937 2694 3007 ὀδυρόμενος.
2743 2933 2847 2987 Ἐῶ
2897 2929 3222 3003 ζηλοτυπίας
3255 2927 3348 2979 καὶ
3395 2926 3595 2995 μάχας,
3644 2924 3754 2975 εἴτε

2179 3031 2239 3095 ἐξ
2275 3028 2491 3101 ἀληθῶν
2521 3028 2880 3100 πραγμάτων,
2911 3025 3021 3078 εἴτε
3044 3022 3105 3087 ἐξ
3129 3018 3394 3074 ὑπονοιῶν
3419 3015 3754 3086 ’συνισταμέ-

2180 3140 2295 3188 νας,
2326 3123 2406 3186 είς
2451 3114 2537 3174 οἶα
2586 3119 2732 3189 πάθη
2766 3118 2856 3172 καὶ
2904 3113 3201 3187 συμφοράς
3231 3111 3616 3181 καταλήγουσι.
3661 3106 3758 3170 Τίς

495 3218 734 3277 cruciari
762 3216 932 3271 videt.
964 3215 1042 3268 Ac
1084 3212 1213 3267 huic
1258 3217 1512 3265 mortuus
1564 3215 1651 3264 est
1694 3207 2066 3261 suavissimus

2177 3217 2285 3286 γάρ
2328 3213 2395 3267 ἂν
2441 3213 2619 3267 πάντα
2668 3209 2804 3283 μετά
2846 3209 3131 3281 ἀκριϐείας
3163 3204 3638 3278 ἀπαριθμήσαιτος
3683 3200 3755 3253 Σὲ

495 3327 630 3383 puer
660 3328 673 3363 :
708 3307 786 3363 illi
819 3312 1045 3375 superat
1083 3302 1373 3374 prodigus.
1407 3297 1648 3366 Uterque
1680 3312 1814 3350 sane
1845 3294 2076 3349 commi-

499 3402 779 3459 seratione
803 3398 1005 3467 dignus
1030 3413 1045 3449 :
1079 3408 1226 3447 unus
1255 3391 1474 3461 quidem
1506 3388 1601 3442 filii
1634 3393 1865 3441 mortem
1888 3425 1907 3450 ,
1937 3384 2077 3438 alter

500 3508 633 3548 vero
686 3490 853 3543 vitam
909 3488 1078 3557 luget.
1129 3484 1399 3538 Praetereo
1445 3481 1645 3550 quibus
1693 3477 1981 3533 affectibus
2027 3483 2082 3529 et

501 3580 906 3640 calamitatibus
947 3575 1329 3647 suspiciones,
1366 3579 1422 3626 et
1456 3571 1626 3634 rixae,
1668 3568 1753 3623 vel
1807 3582 1874 3622 ex
1915 3566 2079 3621 rebus

504 3678 681 3737 veris,
715 3673 798 3727 vel
829 3687 859 3726 e
894 3669 1053 3724 falsis
1088 3663 1515 3736 cogitationibus
1543 3667 1751 3716 exortae
1779 3657 2082 3713 terminen-

503 3778 614 3825 tur.
649 3765 790 3831 Quis
820 3762 966 3817 enim
998 3758 1184 3814 omnia
1231 3755 1523 3824 diligenter
1570 3765 1802 3806 narrare
1847 3747 2084 3819 pesset?
2145 3762 2149 3769 ”

506 3861 587 3917 'l‘n
620 3873 748 3915 vero
776 3855 823 3911 si
851 3852 993 3909 scire
1019 3850 1104 3905 vis
1126 3887 1141 3914 ,
1170 3858 1230 3902 ut
1260 3847 1346 3902 his
1375 3844 1541 3899 rebus
1572 3843 1679 3898 vita
1702 3842 1773 3897 sit
1796 3838 2084 3894 hominum

508 3951 828 4022 implicata,
871 3959 940 3999 ne
980 3941 1111 3996 mihi
1154 3948 1368 4009 repetas
1411 3935 1667 4005 antiquas
1696 3930 2082 3992 narrationes,

507 4058 630 4114 quae
693 4038 870 4111 poetis
928 4033 1239 4088 fabularum
1299 4034 1622 4098 argumenta
1684 4022 2082 4095 praebuerunt;

511 4152 639 4193 nam
681 4143 903 4203 propter
945 4124 1322 4182 incredibilem
1369 4116 1664 4191 quamdam
1714 4114 2085 4172 insulsitatem

510 4228 712 4284 fabula:
746 4225 852 4278 illa:
880 4219 1102 4292 quidem
1146 4223 1449 4288 putantur:
1487 4212 1542 4265 in
1573 4210 1661 4264 his
1693 4207 1839 4265 enim
1888 4206 2088 4259 libero-

510 4336 633 4375 rum
665 4315 845 4372 caedes
868 4353 882 4378 ,
913 4327 978 4367 ac
1007 4309 1334 4365 voracitates
1356 4344 1371 4371 ,
1406 4302 1636 4357 fratrum
1664 4296 2086 4356 trucidationes,

512 4414 759 4466 virorum
810 4420 1012 4469 neces,
1075 4407 1311 4454 matrum
1354 4391 1839 4462 interemptiones,
1893 4385 2087 4443 nefarii

514 4504 727 4564 coitus,
755 4506 811 4553 et
840 4494 989 4549 varia
1020 4491 1257 4560 denique
1286 4494 1497 4541 natura:
1523 4481 1861 4554 perturbatio
1881 4519 1896 4544 ,
1926 4477 2088 4546 cujus

514 4586 1092 4649 curhmemorationem
1119 4581 1189 4649 ii_,
1216 4577 1308 4649 qui
1334 4583 1520 4632 vetera
1543 4579 1801 4635 narrant,
1822 4584 1853 4623 a
1880 4567 2087 4638 nuptiis

515 4681 902 4741 exordiuntur,
928 4670 1356 4744 hujusmodique
1381 4665 1787 4721 calamitatibus
1818 4660 2092 4716 narratio-

520 4791 643 4832 uem
675 4772 851 4842 ipsam
883 4765 1244 4822 concludunt.
1280 4758 1482 4814 Verum
1529 4756 1786 4811 omnibus
1828 4751 1915 4807 his
1955 4764 2097 4821 pras-

518 4863 827 4928 termissis,
867 4868 923 4915 tu
962 4858 1125 4912 velim
1159 4856 1214 4910 in
1251 4853 1418 4923 hujus
1460 4850 1583 4906 vita:
1630 4849 1847 4903 theatro
1888 4855 2095 4913 tragm-

518 4960 639 5014 dias
669 4960 884 5026 spectes
904 4991 919 5019 ,
950 4962 1183 5019 quarum
1211 4944 1439 5001 omnino
1468 4940 1735 4996 ministra:
1768 4936 2089 4991 hominibus

519 5049 723 5121 nuptiae
751 5051 903 5101 sunt.
943 5040 1080 5094 Veni
1108 5038 1175 5093 ad
1206 5035 1414 5107 judicia
1435 5074 1450 5101 ,
1481 5037 1758 5105 pertracta
1787 5029 1858 5084 de
1895 5027 1980 5082 his
2012 5026 2089 5080 le-

517 5156 634 5212 ges,
657 5136 909 5212 invenies
934 5133 989 5187 in
1014 5132 1125 5187 illis
1147 5145 1233 5185 res
1258 5127 1326 5182 de
1353 5125 1559 5195 nuptiis
1582 5121 1822 5176 nefarias
1853 5137 1865 5174 :
1899 5132 2095 5189 quem-

517 5209 812 5288 admodum
866 5228 1049 5303 enim,
1087 5236 1213 5278 cum
1250 5220 1494 5274 medicos
1549 5217 1618 5269 de
1671 5213 1838 5267 variis
1880 5209 2088 5264 morbis

521 5324 861 5378 disserentes
912 5315 1192 5377 audieris,
1233 5308 1802 5376 animadverterisque
1848 5303 2094 5374 quibus,

2179 3304 2234 3357 δὲ
2258 3303 2303 3357 εξ
2330 3302 2502 3373 βούλει
2530 3301 2739 3373 μαθεῖν,
2773 3302 2921 3363 ὅπως
2955 3298 3336 3369 ἐμπέπλησται
3364 3291 3760 3347 τῶντοιούτων

2183 3393 2369 3448 κακῶν
2396 3395 2430 3464 ή
2458 3391 2774 3464 ἀνθρωπίνη
2809 3390 2939 3460 ζωὴ.
2983 3391 3055 3459 μή
3096 3406 3185 3457 μοι
3230 3386 3506 3458 ἀναλάϐῃς
3536 3384 3606 3438 τά
3648 3399 3758 3436 πα-

2181 3486 2310 3541 λαιά
2335 3487 2670 3558 διηγήματα,
2715 3483 2750 3538 ἂ
2773 3486 2885 3547 τοῖς
2915 3486 3173 3553 ποιηταῖς
3196 3483 3305 3534 τῶν
3343 3481 3636 3551 δραμάτων
3659 3478 3760 3543 τὰς

2184 3578 2469 3641 ὑποθέσεις
2500 3576 2665 3629 ἔδωκε
2684 3594 2697 3606 ·
2747 3575 2904 3647 μῦθοι
2931 3576 3039 3644 γὰρ
3067 3576 3252 3627 ἐκεῖνα
3277 3572 3367 3626 διὰ
3392 3572 3489 3642 τὴν
3532 3568 3762 3641 ὑπερϐο-

2184 3670 2280 3740 λὴν
2312 3669 2409 3740 τῆς
2442 3669 2667 3733 ἀτοπίας
2692 3666 3017 3740 νομίζονται,
3058 3668 3117 3719 ὲν
3156 3659 3238 3727 οἷς
3268 3662 3626 3731 παιδοφονίαι,
3668 3662 3763 3715 καὶ

2183 3763 2558 3832 τεκνοφαγίαι,
2586 3761 2733 3830 φόνοι
2760 3779 2820 3813 τε
2845 3746 3075 3831 ἀνδρῶν,
3107 3756 3203 3811 καὶ
3232 3754 3637 3827 μητροκτονίαι,
3668 3752 3763 3806 καὶ

2186 3854 2430 3923 ἀδελφῶν
2466 3853 2691 3921 σφαγαὶ,
2722 3851 2816 3904 καὶ
2850 3849 3022 3920 μίξεις
3063 3847 3388 3918 παράνομοι,
3429 3844 3524 3898 καὶ
3559 3845 3592 3914 ἠ
3626 3859 3765 3896 παν-

2185 3944 2393 4017 τοδαπὴ
2438 3944 2537 4015 τῆς
2582 3936 2795 4013 φύσεως
2835 3941 3126 4011 σύγχυσις·
3169 3940 3241 4010 ἢν
3267 3938 3317 3991 οί
3359 3936 3426 3990 τά
3458 3937 3656 4007 ἀρχαῖα
3686 3935 3766 3986 δι-

2188 4037 2478 4109 ηγούμενοι
2513 4036 2623 4091 ἀπὸ
2649 4035 2841 4106 γάμων
2867 4033 3156 4105 ἀρχόμενοι
3179 4034 3280 4103 τῆς
3306 4030 3652 4099 ἀφηγήσεως,
3681 4028 3762 4091 εἰς

2189 4130 2287 4192 τὰς
2329 4129 2581 4191 τοιαύτας
2622 4126 2904 4198 συμφοράς
2932 4124 3350 4194 καταλήγουσιν.
3401 4119 3540 4172 Ἀλλ’
3580 4119 3760 4173 ἐκεῖνα

2191 4221 2368 4276 πάντα
2402 4218 2738 4283 καταλιπὼν,
2767 4216 3045 4288 θεώρησον
3074 4215 3165 4268 ἐπὶ
3200 4214 3304 4281 τῆς
3348 4211 3629 4282 παρούσης
3668 4210 3762 4265 τρῖ

2194 4311 2309 4381 βίου
2353 4309 2554 4379 σκηνῆς
2584 4307 2682 4372 τὰς
2727 4309 2784 4360 ὲν
2834 4305 2983 4376 αὐτῷ
3028 4304 3367 4376 τραγῳδίας’
3411 4296 3486 4356 ὧν
3536 4302 3767 4372 χορηγὲς

2190 4404 2397 4472 γίνεται
2425 4403 2537 4463 τοῖς
2563 4398 2872 4470 ἀνθρώποις
2894 4399 2922 4450 ὁ
2958 4396 3156 4467 γάμος.
3177 4409 3180 4414 ·
3203 4394 3354 4449 Ἐλθὲ
3389 4394 3478 4447 επὶ
3519 4392 3589 4446 τά
3612 4392 3767 4445 δικα-

2195 4493 2412 4563 στήρια.
2459 4489 2732 4559 ἀνάγνωθι
2778 4490 2902 4552 τοὺς
2950 4489 3075 4558 περὶ
3120 4486 3325 4539 τούτων
3374 4483 3604 4554 νόμους,
3651 4482 3771 4535 ἐκεῖ

2193 4583 2418 4652 κατόψει
2445 4582 2513 4635 τά
2550 4580 2657 4634 τῶν
2687 4580 2880 4650 γάμων
2920 4578 3230 4650 ἀπόρρητα.
3267 4577 3479 4646 ’Ὥσπερ
3505 4577 3612 4645 γάρ
3642 4574 3768 4627 ὅταν

2198 4674 2399 4747 ίατρῶν
2445 4672 2683 4744 ἀκούσης
2730 4670 2800 4724 τά
2844 4669 3065 4725 ποικίλα
3104 4669 3252 4738 πάθη
3302 4668 3625 4735 διεξιόντων,
3669 4667 3770 4735 τὴν

2196 4762 2487 4834 ἀθλιότητα
2536 4761 2825 4834 μανθάνεις
2847 4760 2941 4813 τοῦ
2970 4758 3310 4831 ἀνθρωπίνου
3347 4758 3614 4829 σώματος,
3645 4757 3770 4809 οἴων

2197 4854 2292 4907 καὶ
2336 4853 2478 4907 ὅσων
2512 4853 2698 4907 κακῶν
2729 4852 2975 4907 δεκτικόν
3016 4855 3131 4905 ἐστι
3159 4850 3575 4919 διδασκόμενοςο
3602 4846 3772 4908 οὕτως

2197 4944 2416 4998 ὲπειδάν
2440 4947 2553 5008 τοῖς
2574 4945 2763 5014 νόμοις
2797 4945 3047 5019 ἐντύχῃς,
3083 4945 3176 4998 καὶ
3220 4942 3363 5013 γνῷς
3388 4941 3484 5006 τὰς
3514 4940 3772 5009 πολυτρό-

2202 5050 2336 5097 πους
2373 5034 2480 5089 τῶν
2521 5037 2715 5105 γάμων
2760 5035 3124 5107 παρανομίας,
3171 5026 3395 5088 καθἈὧν
3440 5033 3636 5084 ἐκεῖνοι
3678 5032 3776 5093 τὰς

2200 5126 2468 5198 τιμωρίας
2502 5126 2793 5199 ὁρίζουσιν,
2825 5127 3068 5199 ἀκριϐῶς
3107 5127 3332 5199 διδάσκῃ
3369 5124 3462 5179 τοῦ
3501 5122 3679 5193 γάμου
3710 5122 3777 5173 τὰ

2204 5216 2331 5271 ίδια.
2363 5217 2499 5272 Οὔτε
2531 5221 2641 5290 γάρ
2690 5219 2869 5290 ἰατρὸς
2911 5218 2979 5272 τά
3011 5217 3087 5289 μὴ
3115 5218 3243 5271 ὄντα
3285 5215 3581 5286 θεραπεύει
3610 5206 3777 5279 πάθη,

2203 5306 2327 5361 οῦτε
2355 5308 2516 5381 νόμος
2552 5310 2622 5364 τὰ
2664 5310 2738 5382 μὴ
2771 5310 3026 5381 γινόμενα
3066 5308 3356 5379 θεραπεύει
3398 5307 3562 5362 κακά.

3614 349 3724 404 536
3829 315 3836 324 ’

522 5420 722 5483 quotve
754 5408 959 5465 morbis
990 5422 1192 5476 corpus
1222 5406 1518 5458 humanum
1547 5399 1695 5480 allici
1741 5403 1950 5469 potest,
1994 5395 2139 5453 illius
2174 5399 2425 5456 miserias
2488 5401 2814 5471 cognoscis:
2885 5401 2959 5454 ita
3027 5415 3094 5454 ex
3161 5400 3398 5470 legibus,
3466 5413 3589 5452 cum
3657 5412 3773 5467 per-

527 5502 728 5573 spicias
754 5501 943 5565 multa,
982 5508 1037 5553 et
1068 5497 1241 5563 varia,
1269 5510 1390 5564 quae
1413 5494 1467 5547 in
1491 5491 1696 5561 nuptiis
1720 5494 1926 5545 scelera
1951 5489 2391 5555 committuntur,
2419 5502 2651 5560 quorum
2670 5507 2851 5562 penna:
2889 5491 3101 5561 legibus
3125 5493 3259 5561 ipsis
3289 5490 3644 5554 definiuntur,
3690 5503 3775 5543 τις.
3874 5524 3885 5533 .

528 5604 721 5649 curate
743 5591 1025 5661 intelligis,
1048 5606 1171 5659 quae
1193 5596 1322 5642 sunt
1345 5584 1660 5655 nuptiarum
1689 5580 1910 5651 propria
1939 5596 1953 5632 :
1990 5592 2167 5647 neque
2195 5581 2341 5637 enim
2371 5591 2465 5637 aut
2494 5583 2738 5638 medicus
2762 5596 2877 5648 eos,
2900 5581 2998 5653 qui
3031 5596 3139 5635 non
3163 5589 3311 5646 sunt,
3345 5580 3566 5636 morbos
3595 5586 3776 5643 curat,

528 5705 629 5747 nec
653 5689 847 5745 delicta
870 5687 995 5742 item
1017 5725 1031 5751 ,
1068 5700 1189 5756 quae
1217 5699 1326 5738 non
1367 5681 1808 5744 committuntur,
1838 5677 1985 5748 leges
2016 5672 2275 5745 puniunt.
