4096 6354
380 322 485 374 537

998 433 1245 487 ΚΕιῑιιὶΑ.
1281 437 1352 490 Δ¹.

383 549 511 600 Ὅτι
563 547 758 600 πάντα
798 547 868 599 τὰ
903 551 1052 601 κατὰ
1091 549 1196 600 τὸν
1217 549 1362 616 ,ξιόν
1382 548 1593 613 ἄτοπα,
1630 547 1741 615 τὴν
1767 549 1962 616 ἀρχὴν

456 617 576 670 ἀπὸ
604 618 711 670 τοῦ
740 617 929 684 γάμου
957 619 1081 686 ἔχει
1106 634 1115 645 ’
1140 618 1208 670 ἐν
1227 612 1274 683 ᾧ
1307 619 1401 671 καὶ
1434 616 1556 682 οἷος
1581 612 1615 672 ὀ
1642 612 1963 685 κατὰ-ἀλή-

453 691 620 742 θειαν
654 686 1110 756 ἀποταξάμενος
1138 686 1218 752 τῷ
1249 690 1366 754 ,Βίῳ
1395 689 1586 742 ἐστίν.

455 795 668 850 Μᾶλλον
709 795 766 849 δὲ
810 797 864 850 τί
903 797 1006 867 χρὴ
1041 797 1379 867 μικρολόγως
1425 798 1517 851 τοῦ
1565 801 1806 853 τοιούτου
1845 799 1960 870 βίου

383 889 480 960 τὴν
521 889 750 944 ἀτοπίαν
783 889 1045 960 ἐλέγχειν,
1070 892 1126 942 ἐν
1170 890 1356 960 μόναις
1399 891 1664 961 μοιχείαις
1686 933 1700 954 ,
1732 893 1825 946 καὶ
1851 893 1962 946 δια-

388 981 628 1044 στάσεσι,
662 981 758 1036 καὶ
795 982 1106 1044 ἐπιϐουλαῖς
1129 984 1538 1054 περιορίζοντας
1558 985 1656 1054 τὴν
1681 985 1787 1038 τῶν
1822 1003 1959 1054 συμι

387 1072 567 1142 φορῶν
605 1071 902 1142 άρίθμησιν
930 1089 945 1137 ;
979 1071 1125 1124 δοκεῖ
1160 1073 1269 1142 γάρ
1305 1090 1392 1144 μοι
1421 1071 1498 1143 τῷ
1528 1073 1840 1145 ὑψηλοτέρῳ
1868 1075 1962 1128 καὶ

385 1160 729 1231 άληθεστέρῳ
762 1160 925 1231 λόγῳ,
958 1163 1105 1213 πάσα
1149 1163 1182 1230 ή
1210 1161 1301 1214 τοῦ
1360 1161 1474 1231 βίου
1511 1165 1680 1216 κακία
1703 1207 1715 1225 ,
1744 1165 1778 1232 ἡ
1829 1165 1962 1217 πᾶσι

387 1251 676 1319 πράγμασι
719 1250 818 1302 καὶ
847 1249 1274 1320 ἐπιτηδεύμασιν
1330 1249 1756 1322 ἐνθεωρουμένη,
1801 1253 1964 1323 μηδε-

390 1340 518 1410 μίαν
544 1341 1016 1411 εὑρίσκεινάρχὴν
1052 1341 1195 1394 κατὰ
1227 1341 1326 1410 τῆς
1354 1342 1447 1394 τοῦ
1477 1341 1764 1413 ἀνθρώπου
1795 1343 1960 1413 ζωῆς,

386 1432 440 1482 εἴ
459 1447 541 1493 τις
578 1431 766 1484 ἐαυτὸν
801 1430 874 1500 μὴ
917 1431 1191 1499 ὑπαγάγοι
1218 1434 1286 1503 τῇ
1315 1433 1526 1503 ἀνάγκῃ
1564 1433 1657 1487 τοῦ
1696 1434 1810 1504 βίου
1844 1433 1963 1488 τού-

385 1537 500 1572 του.
544 1520 702 1574 Οὕτω
737 1521 792 1574 δὲ
811 1522 940 1590 ἡμῖν
971 1523 1002 1590 ή
1033 1521 1257 1592 ἀλήθεια
1277 1521 1370 1574 τοῦ
1396 1523 1552 1591 λόγου
1579 1524 1960 1597 φανερωθήσε-

385 1628 494 1664 ται·
538 1612 596 1666 ὐ
612 1613 710 1684 τὴν
742 1611 834 1676 τοῦ
864 1612 976 1682 βίου
1021 1613 1213 1666 τούτου
1246 1614 1461 1684 ἀπάτην
1495 1617 1833 1686 κατανοήσας
1861 1633 1961 1670 κα-

389 1702 538 1774 θαρῴ
572 1704 648 1774 τῷ
671 1704 771 1773 τῆς
815 1703 995 1773 ψυχῆς
1036 1705 1319 1776 ὀφθαλμῷ,
1368 1705 1461 1758 καὶ
1500 1707 1825 1776 ὑψηλότερος
1853 1706 1960 1759 τῶν

1734 317 1821 371 DE
1855 315 2300 372 VIRGINITA-TE

1991 451 2044 504 A

2680 430 2906 485 CAPUT
2949 430 3037 485 IV.

2065 542 2404 611 Qua’cunque
2457 543 2509 594 in
2549 540 2644 594 hac
2694 545 2797 595 rita
2843 544 3080 597 eveniunt
3127 541 3393 604 absurda,
3437 543 3649 596 initium

2137 613 2201 664 ab
2236 613 2434 680 nuptiis
2464 612 2672 665 habent.
2725 614 2914 678 Qualis
2964 615 3086 665 item
3119 629 3231 666 esse
3262 612 3445 666 debeat
3476 614 3522 665 is
3557 612 3647 682 qui

2135 683 2292 750 hujus
2323 699 2376 736 se
2407 684 2522 736 vita:
2553 684 2800 737 societate
2828 682 3127 736 abduxerit.

2133 798 2202 851 At
2251 813 2382 852 vero
2434 799 2565 867 quid
2625 798 2788 866 hujus
2843 799 2969 852 vitae
3027 796 3432 852 absurditatem
3492 795 3644 850 brevi

2063 888 2313 947 oratione
2350 888 2740 958 prarstringere
2773 903 2872 942 nos
2907 894 3158 958 oportet.
3189 887 3284 955 qui
3317 886 3607 941 adulteriis
3630 926 3647 954 ,

2063 977 2346 1042 dissidiis,
2377 977 2824 1034 dissensionibus
2849 1018 2864 1042 ,
2895 987 3060 1048 atque
3100 977 3318 1032 insidiis
3355 979 3646 1032 calamita-

2064 1078 2181 1125 tum
2209 1067 2684 1124 enumerationem
2713 1069 3116 1124 terminemus?
3147 1069 3347 1124 veriori
3373 1070 3522 1124 enim
3555 1085 3646 1122 ra-

2063 1162 2222 1216 tione
2256 1161 2390 1216 mihi
2425 1162 2610 1220 omnis.
2631 1161 2755 1216 vitae
2786 1161 3142 1231 improbitas.
3179 1178 3304 1231 qum
3339 1170 3392 1216 et
3425 1162 3648 1215 eunetis

2061 1252 2118 1306 in
2158 1253 2359 1314 rebus",
2390 1263 2444 1307 et
2477 1252 2676 1308 studiis
2715 1252 2986 1314 cernitur,
3022 1252 3232 1306 nullum
3264 1253 3320 1306 in
3356 1252 3640 1306 hominum

2063 1342 2175 1395 vita
2231 1341 2523 1411 imperium
2571 1342 2771 1416 habere
2817 1342 3053 1406 videtur,
3096 1342 3206 1398 nisi
3252 1343 3377 1413 quis
3441 1343 3637 1412 hujus-

2064 1431 2212 1486 modi
2265 1433 2391 1486 vitae
2438 1433 2821 1488 necessitatem
2865 1435 2968 1488 sibi
2999 1436 3117 1504 ipse
3151 1436 3417 1504 imponat.
3470 1435 3648 1502 Atque

2065 1521 2168 1576 hoc
2189 1521 2406 1592 quidem
2436 1523 2597 1576 modo
2628 1523 2792 1592 hujus
2818 1525 3087 1580 orationis
3115 1525 3317 1581 veritas
3344 1525 3503 1580 nobis
3527 1539 3646 1594 ape.

2063 1613 2253 1668 rietur.
2295 1613 2398 1678 Qui
2427 1613 2590 1684 hujus
2617 1616 2739 1670 vita:
2773 1615 2995 1672 fraudes
3043 1633 3181 1687 puro
3237 1619 3436 1673 mentis
3479 1634 3646 1674 sensu

2063 1705 2484 1770 animadvertit,
2518 1715 2573 1762 et
2608 1707 2776 1763 altius
2806 1723 2835 1766 a
2871 1709 3064 1774 rebus,
3092 1724 3216 1778 quae
3250 1711 3338 1763 hic
3371 1717 3644 1779 expetun-

389 1794 621 1848 ἐνταῦθα
643 1795 1086 1866 σπουδαζομένων
1107 1797 1414 1866 γενόμενος·
1443 1797 1558 1861 καὶ,
1593 1797 1772 1862 καθώς
1794 1815 1956 1868 φησιν

2070 1811 2166 1858 ‘.ur,
2215 1813 2274 1851 se
2307 1797 2482 1861 tollit,
2521 1798 2849 1866 omniaque,
2900 1805 2956 1851 ut
2986 1807 3071 1852 est
3113 1797 3256 1868 apud
3301 1799 3646 1868 Apostolum,

387 1888 422 1940 ό
454 1886 801 1950 Ἀπόστολος,
828 1887 1076 1956 καθάπερ
1099 1887 1219 1939 τινὰ
1253 1887 1459 1958 δυσώδη
1512 1887 1758 1941 σκύϐαλα
1788 1891 1968 1942 πάντα

389 1979 681 2048 περιορῶν,
712 1980 803 2032 καὶ
844 1979 1042 2049 τρόπον
1091 1979 1210 2032 τινὰ
1243 1979 1334 2048 τοῦ
1369 1979 1483 2050 βίου
1517 1981 1714 2043 παντὸς
1754 1980 1842 2033 διὰ
1867 1982 1965 2050 τῆς

390 2069 486 2122 τοῦ
519 2070 696 2139 γάμου
732 2071 1129 2139 ἀναχωρήσεως
1174 2071 1363 2123 ἐαυτὸν
1398 2072 1688 2139 ἐξοικίσας,
1712 2072 1967 2141 οὐδεμίαν

391 2160 503 2230 ἔχει
544 2159 826 2213 κοινωνίαν
861 2160 994 2230 πρὸς
1026 2161 1093 2214 τά
1123 2165 1268 2215 κακά
1299 2160 1369 2214 τὰ
1403 2161 1717 2230 ἀνθρώπινα
1750 2180 1763 2193 ·
1787 2163 1968 2216 πλεονο

395 2252 542 2315 εξίαν
564 2250 706 2319 λέγω
722 2252 815 2314 καὶ
844 2251 1056 2319 φθόνον,
1083 2253 1251 2322 ὀργήν
1280 2268 1338 2304 τε
1369 2253 1462 2304 καὶ
1491 2255 1663 2322 μῖσος,
1695 2254 1786 2306 καὶ
1806 2256 1968 2325 κενῆς

391 2341 545 2410 δόξης
589 2341 882 2411 ἐπιθυμίαν
903 2381 918 2405 ,
954 2343 1048 2406 κα).
1079 2342 1148 2406 τὰ
1195 2341 1330 2395 ἄλλα
1361 2343 1458 2395 ὅσα
1488 2343 1729 2396 τοιούτου
1780 2346 1972 2416 γένους

392 2430 558 2482 ἐστίν.
592 2430 815 2496 Πάντων
855 2431 909 2484 δὲ
957 2431 1064 2496 τῶν
1093 2431 1346 2486 τοιούτων
1374 2433 1474 2503 τὴν
1517 2433 1763 2488 ἀτέλειαν
1809 2435 1967 2504 ἔχων,

393 2523 488 2576 καὶ
516 2522 602 2576 διὰ
638 2524 854 2586 πάντων
883 2521 1272 2594 ἐλευθεριάζων
1299 2524 1390 2592 καὶ
1418 2524 1712 2595 εἰρηνεύων
1741 2525 1818 2596 τῷ
1846 2526 1968 2597 βίῳ,

393 2616 492 2670 οὐκ
534 2615 677 2668 ἐστιν
723 2615 809 2683 ἐφ’
848 2608 952 2682 ᾧτε
1001 2615 1361 2687 φιλονεικήσω
1411 2619 1524 2680 τοῖς
1568 2619 1842 2686 γειτνιῶσι
1879 2621 1972 2685 τὸν

376 2703 608 2772 φθόνον,
636 2704 846 2770 οὐδενὸς
877 2703 982 2756 τῶν
1007 2704 1262 2771 τοιούτων
1291 2707 1612 2776 ἁπτόμενος,
1630 2703 1712 2772 οἷς
1735 2712 1761 2762 ὀ
1781 2709 1973 2778 φθόνος

395 2797 451 2847 ἐν
472 2797 536 2866 τῇ
570 2796 680 2866 ζωῇ
721 2795 1056 2866 περιφύεται,
1081 2812 1093 2826 ο
1131 2797 1329 2862 παντὸς
1368 2804 1472 2868 γὰρ
1504 2799 1596 2864 τοῦ
1643 2801 1846 2872 κόσμου
1873 2802 1971 2874 τὴν

395 2885 588 2949 ἑαυτοῦ
621 2885 764 2955 ζωὴν
791 2887 1092 2957 ὑπεράρας,
1115 2889 1213 2942 καὶ
1251 2890 1409 2958 μόνον
1433 2890 1806 2963 τίμιονὲαυτῷ
1843 2895 1974 2966 κτῆ-

399 2995 475 3045 μα
490 2977 720 3047 νομίζων
746 2977 842 3047 τὴν
867 2979 1086 3050 ἀρετὴν,
1105 2979 1305 3033 ἄλυπόν
1333 2999 1453 3037 τινα
1481 2986 1574 3037 καὶ
1590 2986 1858 3056 εἰρηνικὸν
1880 2987 1973 3049 καὶ

396 3065 604 3136 ἄμαχον
635 3065 897 3135 βιοτεύσει
933 3068 1066 3137 βίον.
1086 3070 1195 3139 Τῆς
1215 3070 1323 3140 γάρ
1349 3071 1546 3140 ἀρετῆς
1574 3075 1605 3142 ἠ
1630 3073 1840 3143 κτῆσις,
1871 3073 1971 3128 κᾶν

396 3156 594 3218 πάντες
623 3156 918 3228 μετέχωσιν
951 3158 1120 3228 αὑτῆς
1152 3159 1445 3230 ἄνθρωποι,
1474 3162 1614 3216 κατὰ
1639 3164 1736 3234 τὴν
1775 3164 1968 3218 ἐαυτοῦ

395 3246 623 3316 δύναμιν
649 3247 899 3312 ἕκαστος,
930 3250 1017 3302 ἀεὶ
1046 3250 1260 3321 πλήρης
1282 3253 1391 3316 τοῖς
1413 3252 1767 3323 ἐπιθυμοῦσιν
1787 3257 1934 3308 ἐστιν
1954 3274 1966 3288 ·

398 3337 460 3389 οὑ
489 3338 630 3392 κατὰ
653 3337 750 3408 τὴν
785 3339 878 3392 ἐπὶ
908 3343 1011 3410 γῆς
1038 3341 1248 3411 κτῆσιν,
1273 3343 1338 3412 ἣν
1365 3342 1698 3413 διαιροῦντες
1720 3345 1799 3408 είς
1827 3346 1935 3415 τμή
1956 3376 1969 3386 -

402 3446 564 3499 ματα,
581 3431 706 3483 ὅσον
728 3429 794 3482 ἂν
818 3431 1093 3502 προσθῶσι
1116 3435 1179 3504 τῇ
1207 3435 1308 3504 μιᾷ
1333 3435 1530 3505 μερίδι,
1554 3435 1806 3489 τοσοῦτον
1825 3436 1969 3506 ὑφεί-

397 3518 547 3572 λοντο
570 3521 667 3590 τῆς
692 3520 908 3592 ἐτέρας,
943 3523 1037 3576 καὶ
1088 3522 1420 3594 πλεονασμὸς
1449 3524 1541 3578 τοῦ
1571 3525 1711 3592 ἐνὸς,
1735 3527 1967 3580 ἐλάττω-

398 3609 482 3673 σις
513 3613 628 3664 ἐστι
658 3610 752 3664 τοῦ
780 3613 1227 3684 συμμετέχοντος.
1263 3616 1423 3668 Ὅθεν
1470 3617 1562 3670 καὶ
1600 3619 1655 3670 αί
1703 3619 1830 3689 ’περὶ⁴
1873 3617 1967 3672 τοῦ

396 3701 636 3766 πλείονος
656 3702 846 3773 μάχαι,
881 3703 968 3758 διὰ
982 3704 1040 3757 τὸ
1071 3705 1205 3775 πρὸς
1223 3705 1282 3758 τὸ
1297 3705 1647 3760 ἐλαττοῦσθαι
1679 3710 1833 3778 μῖσος
1855 3710 1968 3770 τοῖς

394 3793 698 3866 άνθρώποις
731 3795 1072 3864 συνίστανται
1091 3815 1104 3828 ·
1130 3798 1338 3852 ἐκείνου
1361 3797 1416 3852 δὲ
1443 3799 1795 3871 ἀνεπίφθονός
1823 3801 1967 3854 ἐστιν

393 3887 427 3956 ή
460 3885 740 3954 πλεονεξία
775 3887 868 3941 τοῦ
896 3890 1191 3959 κτήματος,
1222 3891 1314 3942 καὶ
1336 3893 1364 3944 ὁ
1391 3891 1450 3944 τὸ
1479 3891 1660 3946 πλεῖον
1690 3895 1964 3964 ἁρπάσας,

395 3975 649 4046 οὐδεμίαν
677 3979 875 4048 ἤνεγκε
909 3978 1108 4048 ζημίαν
1147 3980 1226 4052 τῷ
1261 3986 1546 4053 μετασχεῖν
1591 3984 1826 4054 ἀξιοῦντι
1859 3987 1967 4040 τῶν

396 4064 525 4124 ἴσων
551 4080 564 4094 ·
607 4067 720 4122 ἀλλ’
758 4070 880 4123 ὅσον
915 4071 1029 4123 ἐστί
1077 4088 1160 4135 τις
1208 4073 1531 4144 χωρητικδς,
1554 4074 1712 4146 αὑτός
1746 4093 1806 4128 τε
1832 4076 1968 4146 πλη-

396 4155 580 4226 ροῦται
611 4157 709 4227 τῆς
753 4159 964 4229 ἀγαθῆς
1018 4159 1312 4230 ἐπιθυμίας
1339 4201 1353 4224 ,
1387 4163 1480 4215 καὶ
1518 4164 1546 4216 ὁ
1575 4164 1802 4234 πλοῦτος
1858 4167 1967 4219 τῶν

395 4245 605 4314 ἀρετῶν
634 4248 690 4299 ἐν
729 4250 842 4310 τοῖς
891 4248 1250 4319 προλαϐοῦσιν
1288 4251 1348 4304 οὑ
1395 4252 1865 4314 καταναλίσκεται.
1909 4256 1966 4307 ὐ

393 4336 570 4396 τοίνυν
615 4338 749 4408 πρὸς
803 4339 988 4393 τοῦτον
1033 4341 1356 4395 ἀποϐλέπων
1390 4343 1480 4397 τὸν
1535 4343 1669 4414 βίον,
1726 4347 1818 4399 καὶ
1869 4348 1965 4418 τὴν

2064 1888 2223 1958 quasi
2285 1888 2470 1958 putida
2524 1897 2773 1956 stercora
2812 1888 3046 1958 despicit
3076 1892 3118 1952 ²,
3167 1897 3333 1959 atque
3378 1891 3446 1944 ab
3497 1891 3644 1944 omni

2067 1981 2190 2034 vitae
2239 1979 2675 2045 consuetudine,
2733 1979 3034 2049 repudiatis
3103 1980 3340 2048 nuptiis,
3409 1980 3645 2050 quodam

2066 2070 2323 2130 modose
2359 2071 2632 2135 removit;
2683 2070 2893 2124 nullum
2927 2070 3153 2123 omnino
3184 2071 3345 2125 habet
3387 2086 3508 2124 cum
3548 2071 3649 2122 hu-

2066 2162 2246 2218 manis
2278 2161 2448 2226 vitiis,
2488 2161 2742 2227 avaritia,
2790 2162 3037 2230 inquam,
3073 2161 3306 2225 invidia,
3335 2161 3495 2225 odio,
3533 2163 3649 2232 glo-

2067 2253 2274 2322 riteque
2323 2251 2630 2322 cupiditate
2674 2253 3102 2316 commercium,
3156 2268 3333 2321 neque
3377 2267 3501 2306 cum
3545 2268 3650 2307 cae-

2069 2345 2238 2408 teris,
2273 2360 2395 2414 qua:
2422 2343 2478 2398 id
2511 2342 2732 2414 generis
2767 2350 2917 2398 sunt.
2949 2343 3052 2409 Qui
3085 2343 3232 2398 enim
3282 2342 3351 2396 ab
3389 2343 3650 2398 omnibus

2069 2436 2157 2490 his
2190 2451 2398 2492 vacuus
2435 2446 2602 2506 atque
2647 2437 2874 2490 omnino
2927 2435 3067 2490 liber
3109 2442 3229 2498 est,
3264 2443 3318 2489 et
3355 2435 3541 2505 quiete
3569 2437 3650 2488 vi-

2069 2527 2180 2589 vit,
2218 2526 2357 2580 nihil
2393 2541 2528 2582 sane
2549 2533 2634 2580 est
2654 2565 2667 2588 ,
2698 2525 2753 2579 in
2781 2540 2892 2595 quo
2925 2524 3282 2594 plus.hahere
3309 2525 3646 2588 contendat,

2070 2622 2166 2666 aut
2198 2622 2391 2667 contra
2425 2628 2485 2666 se
2519 2612 2756 2681 alicujus
2797 2612 2874 2668 rei
2923 2615 3099 2680 gratia
3150 2614 3461 2668 vicinorum
3509 2615 3650 2669 invi-

2070 2702 2216 2757 diam
2252 2710 2628 2765 rommoveat,
2664 2719 2789 2756 cum
2826 2703 2963 2756 nihil
2998 2717 3190 2758 earum
3230 2705 3302 2759 sit
3338 2719 3522 2759 rerum
3558 2720 3647 2762 as-

2071 2801 2295 2866 secutus
2317 2834 2332 2857 ,
2368 2808 2434 2846 ex
2466 2795 2668 2862 quibus
2701 2794 2753 2846 in
2788 2793 2892 2846 hac
2922 2794 3033 2847 vita
3068 2795 3381 2848 concitetur
3407 2795 3646 2860 invidia;

2071 2898 2198 2936 nam
2226 2884 2319 2952 qui
2353 2883 2420 2938 ab
2451 2884 2708 2937 omnibus
2740 2883 2996 2939 humanis
3019 2884 3186 2940 rebus
3212 2885 3453 2940 animum
3485 2900 3645 2940 suum

2073 2975 2383 3045 superando
2414 2974 2675 3035 abduxit,
2701 2982 2755 3029 et
2785 2977 3038 3028 virtutem
3070 2975 3241 3030 solam
3266 3016 3279 3037 ,
3301 2990 3423 3044 qua:
3452 2991 3650 3046 magno

2078 3082 2108 3122 a
2140 3084 2198 3123 se
2229 3069 2552 3132 aestimetur,
2588 3068 2998 3137 possessionem
3036 3067 3138 3120 sibi
3177 3068 3412 3133 statuit,
3453 3067 3541 3121 hic
3578 3069 3648 3122 ab

2077 3160 2226 3213 omni
2259 3166 2410 3216 certe
2440 3159 2630 3213 dolore
2675 3172 2940 3221 vacuam,
2977 3160 3250 3226 quietam,
3294 3167 3458 3228 atque
3507 3162 3649 3213 Otio-

2077 3267 2192 3308 sam
2248 3251 2414 3318 vitam
2457 3249 2658 3320 deget:
2703 3249 2926 3303 virtutis
2975 3250 3120 3303 eniln
3176 3250 3496 3318 possessio,
3546 3253 3647 3304 etsi

2077 3339 2241 3394 homo
2286 3353 2386 3408 pro
2429 3337 2573 3391 virili
2615 3338 2850 3408 quisque
2885 3337 3125 3406 aliquam
3161 3336 3282 3404 ejus
3317 3345 3528 3406 partem
3566 3345 3649 3391 te-

2077 3440 2205 3496 net,
2255 3429 2628 3499 appetentium
2684 3436 2863 3496 tamen
2906 3427 3242 3498 cupiditates
3283 3443 3501 3498 semper
3551 3444 3644 3482 ex-

2075 3521 2222 3589 plet,
2257 3536 2363 3575 non
2401 3531 2459 3574 ut
2491 3519 2673 3591 aliqua
2725 3519 2829 3575 soli
2884 3520 3202 3589 possessio,
3236 3535 3399 3590 quam
3444 3521 3539 3590 qui
3591 3521 3644 3575 in

2075 3622 2262 3682 partes
2293 3612 2585 3676 dividunt,
2617 3619 2884 3682 quantum
2919 3612 3017 3680 uni.
3048 3613 3188 3682 parti
3237 3612 3478 3677 addunt,
3528 3622 3648 3667 tan—

2073 3712 2190 3759 tum
2223 3705 2288 3760 de
2320 3705 2491 3758 altera
2519 3703 2858 3769 detrahunt,
2896 3710 3062 3774 atque
3102 3704 3177 3758 ita
3221 3704 3369 3775 quod
3417 3705 3510 3757 uni
3557 3720 3646 3759 re-

2079 3795 2325 3860 dundat,
2378 3794 2432 3848 id
2483 3794 2645 3864 plane
2700 3793 2856 3847 deest
2904 3792 3096 3859 alteri,
3145 3793 3240 3868 qui
3305 3793 3490 3848 socius
3535 3801 3636 3847 est.

2078 3887 2232 3942 Unde
2266 3886 2334 3942 de
2364 3886 2556 3957 majori
2588 3884 3053 3955 cumulatiorique
3080 3893 3234 3954 parte
3259 3883 3645 3940 contentiones

2071 3981 2345 4034 exsistunt
2371 3997 2386 4045 ;
2421 3993 2485 4050 ex
2514 3993 2580 4032 eo
2611 3977 2756 4032 enim
2779 4015 2794 4042 ,
2827 3975 2976 4047 quod
3009 3975 3320 4042 imminutio
3351 3975 3498 4029 facta
3527 3983 3640 4040 est,

2073 4068 2366 4143 conﬂatum
2402 4078 2486 4123 est
2525 4068 2751 4131 odium,
2798 4067 3021 4122 virtutis
3070 4083 3200 4120 vero
3246 4067 3290 4120 si
3343 4066 3470 4134 quis
3521 4082 3638 4118 ma-

2067 4160 2243 4231 jorem
2284 4170 2490 4228 partem
2531 4158 2864 4230 occupavit,
2913 4157 2982 4212 ab
3027 4157 3230 4210 invidia
3269 4172 3477 4222 vacuus
3515 4165 3640 4219 est,

2071 4266 2250 4319 neque
2282 4265 2409 4318 vero
2439 4249 2537 4324 qui
2573 4249 2696 4318 plus
2731 4250 2800 4303 ab
2827 4264 2889 4303 ea
2922 4248 3142 4317 rapuit,
3176 4247 3347 4300 ullum
3385 4247 3434 4300 ei
3471 4245 3645 4300 detri-

2074 4350 2316 4397 mentum
2366 4340 2722 4411 impprtavit,
2769 4339 2861 4409 qui
2911 4353 3094 4408 :equas
3145 4345 3331 4406 partes
3379 4336 3523 4391 ferre
3563 4337 3644 4398 di-

395 4427 594 4498 ᾁρετὴν
637 4429 812 4500 ἐαυτῷ
845 4429 1185 4529 θησαυρίζων
1205 4472 1220 4495 ,
1252 4434 1318 4503 ἣν
1350 4434 1522 4498 οὐδεὶς
1544 4436 1664 4506 ὅρος
1692 4437 1964 4506 ἀνθρώπι-

2073 4447 2236 4500 gnum
2269 4445 2326 4485 se
2353 4445 2477 4484 esse
2506 4429 2657 4486 ducit
2689 4445 2702 4492 ;
2736 4429 2865 4492 sed,
2918 4436 2976 4481 ut
3023 4428 3257 4496 quisque
3301 4441 3474 4496 capax
3522 4435 3640 4492 est,

395 4531 484 4579 νος
536 4519 883 4589 περιγράφει,
929 4515 1038 4590 ἆρα
1065 4521 1414 4586 καταδέξεταί
1462 4539 1592 4576 ποτε
1619 4525 1753 4594 πρὸς
1775 4543 1826 4578 τι
1859 4525 1966 4580 τῶν

396 4606 665 4660 ταπεινῶν
704 4611 795 4662 καὶ⁹
841 4611 1239 4682 πεπατημένων
1286 4612 1382 4684 τὴν
1414 4614 1609 4671 ἑαυτοῦ
1636 4615 1810 4686 ψυχὴν
1857 4619 1970 4670 ἐπι·

397 4698 572 4752 κλῖναι
612 4716 626 4764 ;
683 4695 793 4772 ἆρα
851 4701 1187 4773 θαυμάσεται
1249 4705 1344 4766 τὸν¹
1388 4707 1572 4776 γήϊνον
1626 4706 1852 4782 πλοῦτον
1879 4751 1892 4772 ,
1933 4709 1968 4781 ἦ

369 4790 711 4871 ’δυναστείαν
758 4792 1123 4866 ἀνθρωπίνην,
1164 4795 1196 4866 ἢ
1230 4796 1356 4850 ἄλλο
1399 4814 1451 4851 τι
1494 4798 1604 4852 τῶν
1653 4799 1746 4852 ὑπ’
1785 4799 1968 4864 ἀνοίας

396 4881 879 4952 σπουδαζομένωνς
916 4885 977 4936 Et
1018 4886 1114 4954 μὲν
1135 4889 1242 4960 γάρ
1275 4905 1357 4952 τις
1389 4888 1467 4943 ἔτι
1502 4889 1628 4959 περὶ
1657 4890 1827 4943 ταῦτα
1854 4889 1966 4944 διά-

395 4985 572 5025 κειται
607 4971 899 5034 ταπεινῶς.
921 4971 1025 5036 ἔξω
1053 4973 1145 5026 τοῦ
1172 4977 1411 5029 τοιούτου
1435 4978 1500 5030 ἂν
1535 4980 1620 5048 εἴη
1656 4979 1839 5050 χοροῦ,
1876 4980 1971 5032 καὶ

395 5061 543 5114 οὐδὲν
578 5063 711 5133 πρὸς
749 5063 838 5115 τὸν
881 5063 1146 5135 ἡμέτερον
1193 5064 1302 5132 ἕξει
1343 5066 1497 5134 λόγον
1525 5082 1539 5096 ·
1581 5071 1627 5120 εἰ
1671 5069 1727 5121 δὲ
1767 5070 1833 5122 τά
1862 5069 1974 5122 ἄνω

396 5151 600 5216 φρονεῖ,
636 5150 728 5202 καὶ
780 5156 1296 5223 συμμετεωροπορεῖ
1342 5153 1417 5224 τῷ
1458 5154 1592 5226 Θεῷ,
1645 5156 1972 5228 ὑψηλότερος

397 5237 612 5302 πάντως
661 5240 768 5293 τῶν
821 5242 1074 5296 τοιούτων
1115 5244 1282 5308 ἐστὶν,
1313 5247 1412 5299 οὑκ
1457 5247 1594 5317 ἔχων
1645 5248 1744 5319 τὴν
1789 5247 1971 5318 κοινὴν

398 5329 652 5402 ἀφορμὴν
689 5332 789 5402 τῆς
838 5334 964 5405 περὶ
1002 5334 1175 5388 ταῦτα
1205 5336 1430 5406 πλάνης,
1462 5339 1553 5391 τὸν
1582 5339 1757 5409 γάμον
1785 5339 1929 5408 λέγω
1956 5357 1967 5368 ·

397 5421 490 5480 τοῦ
522 5423 629 5492 γάρ
677 5424 818 5495 ὑπὲρ
862 5428 987 5488 τοὺς
1015 5427 1204 5492 ἄλλους
1250 5427 1422 5484 θέλειν
1453 5426 1610 5496 εἶναι,
1632 5431 1692 5484 τὸ
1739 5431 1972 5502 χαλεπὸν

398 5512 554 5565 τοῦτο
588 5514 778 5580 πάθος,
825 5518 858 5588 ή
915 5519 1289 5590 ὑπερηφανία,
1329 5523 1358 5575 ὃ
1389 5521 1452 5592 δὴ
1485 5523 1716 5592 μάλιστα
1750 5524 1974 5596 σπέρμα

475 5694 494 5722 ¹
531 5690 762 5760 Philipp.
791 5694 938 5758 In,8.

2072 4522 2145 4574 ita
2180 4529 2233 4575 et
2263 4528 2410 4574 recta
2438 4518 2743 4588 cupiditate
2768 4518 3042 4590 expletur,
3075 4525 3128 4571 et
3167 4517 3330 4572 rebus
3364 4517 3430 4592 iis
3455 4555 3469 4579 ,
3505 4533 3643 4592 quas

2068 4627 2235 4680 supra
2286 4609 2675 4676 meminimus,
2740 4625 2849 4666 non
2913 4608 3317 4662 exhauriuntur
3372 4607 3642 4660 virtutum

2069 4698 2289 4765 divitiae.
2336 4698 2522 4768 Itaque
2555 4699 2696 4773 hanc
2725 4697 2890 4752 vitam
2923 4698 3016 4767 qui
3065 4697 3334 4761 intuetur,
3383 4704 3547 4769 atque
3589 4697 3646 4748 in‘

2076 4789 2315 4852 virtute,
2350 4805 2470 4859 qua?
2499 4791 2648 4844 nulla
2678 4789 2964 4844 hominum
3018 4789 3336 4842 delinitione
3384 4787 3638 4842 describi

2075 4890 2185 4941 tur,
2213 4896 2404 4934 omnes
2425 4882 2530 4937 sibi
2557 4882 2847 4938 thesauros
2869 4881 3186 4945 Constituit,
3213 4895 3280 4933 an
3297 4863 3546 4956 unquam
3577 4881 3641 4928 ad

2073 4988 2162 5028 res
2186 4959 2332 5027 ullas
2366 4973 2602 5028 humiles
2623 5014 2637 5036 ,
2671 4982 2724 5028 et
2757 4972 2995 5026 caducas
3027 4972 3272 5028 animum
3319 4986 3482 5026 suum
3513 4983 3644 5037 pro-

2073 5067 2266 5120 clivem
2317 5065 2446 5118 ferri
2507 5065 2778 5133 patietur?
2819 5065 2902 5116 An
2965 5072 3215 5128 terrenas
3267 5059 3524 5121 divitias,
3574 5071 3642 5120 an

2074 5153 2355 5208 hominum
2395 5170 2529 5222 opes
2557 5192 2570 5215 ,
2601 5162 2653 5207 et
2689 5153 2984 5222 potentiam
3011 5189 3026 5213 ,
3058 5165 3126 5203 an
3173 5148 3320 5203 aliud
3357 5145 3640 5216 quidpiam

2072 5263 2260 5304 eorum
2284 5287 2298 5309 ,
2332 5261 2453 5316 qua:
2483 5261 2595 5316 prae
2627 5245 2857 5303 stultitia
2886 5248 3243 5318 expetuntur,
3275 5239 3322 5310 is
3347 5235 3641 5290 admirabi-

2079 5341 2218 5394 tur?
2253 5337 2467 5391 Etenim
2503 5338 2548 5392 si
2569 5335 2694 5405 quis
2724 5335 2797 5387 ita
2834 5333 3024 5387 humili
3054 5339 3159 5394 est,
3188 5340 3240 5384 et
3273 5328 3488 5398 abjeeto
3522 5325 3642 5378 ani-

2074 5445 2163 5484 mo
2185 5469 2199 5492 ,
2236 5436 2295 5483 ut
2322 5429 2387 5483 ad
2421 5428 2534 5482 hate
2565 5426 2681 5496 ipsa
2707 5424 2993 5485 adiciatur,
3022 5424 3069 5477 is
3100 5421 3291 5496 utique
3322 5427 3408 5472 est
3435 5417 3505 5471 ab
3532 5417 3639 5469 hoc

2072 5528 2220 5576 ctetu
2248 5521 2463 5576 alienus
2482 5560 2496 5586 ,
2540 5519 2785 5590 nihilque
2810 5517 2877 5572 ad
2907 5524 3150 5578 nostrum
3182 5526 3528 5580 sermonem;
3556 5510 3640 5564 sin
