4096 6354
404 265 508 322 559

1679 270 1736 326 S.
1779 268 2107 327 GREGORII
2139 271 2436 330 NYSSENI

3556 268 3660 328 3ιο

407 393 590 441 autem
622 386 870 443 caelestia
897 387 1143 460 cogitat,
1174 389 1473 460 divinaque
1505 391 1668 446 simul
1703 405 1830 447 cum
1867 390 1976 448 Deo

2105 412 2162 458 ἰς
2206 395 2432 467 είπὼνῆ
2463 397 2618 464 ῥίζαν
2667 397 2846 465 πάσης
2896 393 2996 465 τῆς
3052 393 3195 448 κατά
3241 393 3342 463 τὴν
3388 391 3662 461 ἁμαρτίαν

408 479 834 548 contemplatur,
869 480 937 535 ad
971 482 1322 540 sublimiores
1353 483 1444 539 hic
1485 484 1712 540 omnino
1750 500 1838 540 res
1889 502 1978 541 re-

408 569 558 633 lictis
611 570 911 628 humilibus
958 583 1285 639 contuetur,
1333 591 1457 630 cuin
1499 576 1725 633 minime
1767 578 1976 648 nuptiis

2084 486 2346 558 ἀκάνθης,
2364 487 2456 541 τοῦ
2473 486 2678 550 εἰκότος
2699 489 2796 558 ούχ
2817 488 3214 558 ἁμαρτήσεται,
3239 482 3398 537 τοῦτο
3427 483 3665 554 μάλιστα

2083 579 2147 631 ὲκ
2177 579 2276 648 τῆς
2307 578 2486 642 αἰτίας
2517 577 2612 632 τοῦ
2635 579 2813 649 γάμου
2843 578 2940 649 τὴν
2966 576 3140 648 ἀρχὴν
3172 575 3304 647 ἔχει.

408 661 628 718 vinctus
663 663 766 728 sit,
800 664 942 720 unde
969 667 1280 722 communis
1311 669 1528 724 exsistit
1555 669 1775 725 occasio
1804 684 1904 724 cur
1933 671 1988 724 in
2019 669 2294 740 ejusmodi
2327 685 2510 724 rerum
2535 686 2723 724 errore
2752 673 2879 740 quis
2907 677 3192 734 versetur;
3223 680 3346 720 nam
3379 680 3502 720 cum
3541 664 3664 734 quis

413 753 526 808 vult
554 769 615 810 se
645 755 769 809 aliis
807 755 1152 826 praeponere,
1191 761 1553 828 gravissimus
1583 768 1666 815 est
1703 761 1789 816 hic
1821 761 2090 832 superbiae
2117 760 2350 816 allectus
2374 779 2388 816 :
2415 777 2574 831 quem
2605 761 2652 816 si
2681 762 2807 831 quis
2833 776 3019 816 semen
3047 799 3062 825 ,
3093 758 3179 814 vel
3209 759 3392 828 potius
3429 754 3664 810 radicem

410 850 613 905 dixerit
639 852 819 906 omnis
847 853 1018 922 spinae
1038 893 1053 917 ,
1093 870 1213 924 quae
1249 871 1278 909 e
1304 864 1531 924 peccato
1559 867 1644 912 est
1664 897 1678 921 ,
1724 871 1833 912 non
1863 873 1893 910 a
1927 865 2080 912 recto
2116 856 2165 912 is
2194 857 2494 913 aberrabit.
2540 855 2640 912 llic
2671 872 2804 913 sane
2836 854 3064 911 aﬂ'ectus
3093 868 3122 907 a
3152 853 3466 923 nuptiarum
3501 863 3667 904 causa

412 946 631 1001 initium
665 946 896 999 iuaxilne
927 947 1091 1002 habet

484 1035 605 1092 Non
654 1039 802 1093 enim
850 1047 1028 1108 potest
1065 1039 1386 1108 plerumque
1420 1053 1621 1095 avarus
1663 1039 1828 1110 hujus
1862 1040 1978 1093 vitii

413 1127 618 1182 liberos
660 1142 954 1191 accusare,
1009 1144 1185 1197 neque
1237 1130 1366 1184 item
1400 1130 1480 1195 is,
1517 1129 1611 1199 qui
1655 1145 1766 1200 pra:
1794 1129 1980 1200 gloriae

414 1219 674 1274 aviditate
721 1220 947 1285 insanit,
988 1234 1161 1288 neque
1196 1221 1291 1290 qui
1342 1220 1568 1276 honoris
1606 1221 1790 1276 studio
1836 1229 1986 1275 tene-

415 1321 524 1376 tur,
572 1327 640 1366 ne
685 1312 847 1380 hujus
889 1311 1016 1365 mali
1072 1327 1296 1368 causam
1346 1314 1412 1366 ad
1455 1313 1770 1384 progeniem
1807 1312 1982 1383 ipsam

2159 1041 2232 1094 Οὐ
2276 1043 2383 1112 γὰρ
2428 1041 2572 1094 ἐστιν
2615 1041 2690 1104 ὼς
2735 1041 2826 1092 ἐπὶ
2872 1038 2934 1091 τὸ
2991 1038 3157 1102 πολὺ,
3203 1035 3296 1089 τὸν
3341 1033 3668 1102 πλεονέκτην

2094 1135 2168 1206 μὴ
2218 1135 2343 1198 τοὺς
2389 1133 2557 1196 πέλας
2612 1131 2957 1186 ὲπαιτιᾶσθαι
2984 1170 2999 1196 ,
3053 1130 3086 1199 ἢ
3128 1128 3219 1181 τὸν
3262 1127 3528 1198 δοξομανῆ
3574 1124 3668 1179 καὶ

2093 1225 2372 1294 φιλότιμον
2419 1224 2494 1295 μὴ
2553 1225 2632 1286 είς
2683 1223 2744 1276 τδ
2792 1221 2946 1290 γένος
3001 1221 3311 1287 ἀνενεγκεῖν
3359 1217 3453 1270 τοῦ
3496 1213 3669 1270 κακοῦ

2093 1317 2192 1388 τὴν
2220 1317 2396 1370 αἰτίαν
2419 1333 2430 1346 ·
2466 1316 2542 1379 ὡς
2570 1314 2636 1368 ἂν
2662 1315 2736 1386 μὴ
2765 1314 3001 1367 ἐλάττων
3028 1312 3209 1381 δοκοίη
3234 1310 3342 1364 τῶν
3371 1309 3476 1380 πρὸ
3504 1307 3670 1361 αὑτοῦ

415 1405 656 1470 referat,
711 1413 772 1458 ut
821 1422 887 1458 ne
932 1405 1030 1470 iis,
1077 1407 1168 1475 qui
1216 1413 1343 1460 ante
1393 1421 1453 1461 se
1501 1406 1614 1460 nati
1658 1412 1823 1468 sunt,
1875 1404 1992 1473 ipse

2105 1409 2406 1477 γεγονότων,
2435 1408 2529 1460 καὶ
2555 1407 2641 1460 ἵνα
2672 1408 2845 1477 μέγας
2875 1406 2986 1465 τοῖς
3017 1403 3156 1474 μετά
3180 1401 3354 1456 ταῦτα
3375 1401 3666 1470 νομίζοιτο,

417 1496 644 1551 inferior
678 1496 959 1558 videatur.
993 1507 1047 1552 et
1092 1505 1152 1550 ut
1185 1511 1216 1550 a
1251 1498 1518 1567 posteris,
1557 1497 1798 1567 aliquam
1833 1493 1901 1549 de
1932 1509 1992 1548 se

417 1591 994 1644 commemorationem
1039 1589 1228 1644 liberis
1267 1589 1383 1645 suis
1423 1587 1820 1659 relinquendo,
1877 1602 1992 1639 Ina-

416 1696 556 1750 gnus
591 1684 816 1735 omnino
859 1681 1205 1736 existimetur
1246 1699 1260 1735 :
1309 1681 1612 1751 eodemque
1657 1679 1820 1736 modo
1866 1679 1994 1734 reli-

2089 1497 2403 1552 καταλιπών
2443 1514 2563 1550 τινα
2601 1499 2711 1560 τοῖς
2735 1496 2793 1562 ἐξ
2832 1495 2996 1549 αὑτοῦ
3026 1495 3339 1566 διηγήματα
3369 1508 3382 1522 ·
3411 1490 3672 1552 ὡσαύτως

2089 1590 2144 1644 δὲ
2175 1591 2270 1642 καὶ
2301 1589 2371 1642 τὰ
2404 1589 2564 1642 λοιπὰ
2586 1590 2686 1641 ὅσα
2715 1587 2894 1658 ψυχῆς
2917 1588 3063 1640 ἐστιν
3093 1585 3522 1658 ἀρρωστήματα,
3542 1580 3674 1650 φθό-

2093 1700 2202 1745 νος,
2239 1683 2334 1735 καὶ
2367 1681 2722 1752 μνησικακία,
2755 1681 2850 1734 καὶ
2892 1683 3080 1752 μῖσος,
3112 1678 3206 1730 καὶ
3234 1677 3288 1729 εῐ
3334 1692 3387 1728 τι
3433 1671 3674 1727 τοιοῦτον

416 1749 574 1842 quae,
609 1787 730 1842 quae
767 1781 898 1828 sunt
952 1773 1120 1826 animi
1185 1749 1581 1842 egritudines,
1637 1773 1877 1836 invidia,
1936 1781 1992 1827 et

2105 1775 2182 1828 έτε
2192 1791 2301 1846 ρον,
2317 1749 2414 1844 τῆς
2427 1749 2595 1844 αύτῆς
2606 1773 2783 1836 αἰτίας
2795 1749 3048 1844 ἢρτηται.
3064 1766 3366 1838 Πάνταγάρ
3379 1764 3549 1819 ταῦτα
3561 1765 3673 1826 τοῖς

420 1863 606 1918 odium
628 1902 644 1926 ,
699 1863 1028 1933 injuriarum
1074 1865 1420 1927 recordatio,
1457 1863 1503 1920 si
1531 1879 1652 1934 qua:
1679 1863 1798 1918 alite
1829 1872 1993 1927 sunt,

421 1953 490 2008 ab
552 1952 655 2008 hac
715 1967 849 2008 sane
911 1967 1079 2007 causa
1142 1952 1586 2024 proﬁciscuntur.
1665 1951 1790 2008 Haec
1849 1952 1994 2008 enim

419 2042 608 2096 omnia
644 2042 698 2096 in
733 2041 819 2096 his
854 2056 962 2095 una
997 2042 1220 2106 insunt,
1256 2044 1349 2111 qui
1385 2041 1529 2096 hanc
1578 2042 1747 2095 vitam
1801 2042 1997 2111 attige-

422 2144 592 2188 runt:
639 2148 668 2187 a
713 2133 918 2204 quibus
966 2133 1186 2203 quidem
1237 2134 1404 2190 rebus
1448 2133 1544 2204 qui
1593 2133 1996 2190 remotissimus

421 2231 542 2288 est,
601 2233 860 2294 tauquam
921 2239 987 2278 ex
1041 2223 1147 2277 alta
1204 2224 1389 2294 aliqua
1439 2225 1662 2294 specula
1714 2225 1995 2281 hominum

423 2314 870 2384 perturbationes
930 2315 1088 2385 longe
1152 2316 1536 2386 prospiciens,
1595 2332 1788 2372 eorum
1849 2317 1999 2374 dolet

423 2407 762 2470 czecitatem,
815 2407 908 2476 qui
943 2405 1108 2462 rebus
1153 2408 1238 2464 his
1279 2409 1570 2467 fallacibus
1605 2427 1729 2469 sese
1783 2413 1995 2467 manci-

426 2503 661 2566 parunt,
690 2510 984 2566 rerumque
1019 2497 1396 2554 humanarum
1430 2503 1851 2573 prosperitatem
1884 2520 2000 2558 ma-

424 2604 590 2658 gnum
622 2589 830 2659 aliquid
861 2604 986 2645 esse
1022 2599 1303 2660 putarunt.
1339 2592 1475 2647 Cum
1510 2595 1655 2648 enim
1689 2595 1777 2650 hic
1808 2611 2000 2666 quem-

425 2678 568 2746 piam
612 2678 886 2733 hominem
931 2681 1133 2742 rebus,
1173 2697 1295 2750 quae
1335 2683 1388 2736 in
1434 2684 1868 2749 vitaeveniunt,
1907 2701 1998 2740 se-

428 2768 628 2824 cundis
662 2767 945 2824 ﬂorentem
966 2811 981 2832 .
1014 2769 1464 2843 honoribusque,
1495 2786 1590 2828 aut
1631 2776 1828 2845 opibus
1849 2815 1864 2840 ,
1906 2787 2001 2830 aut

425 2860 670 2930 potentia
702 2867 956 2913 ornatum
987 2860 1168 2927 videt,
1221 2879 1411 2917 eorum
1453 2866 1714 2935 quidem,
1763 2868 1856 2937 qui
1904 2870 2002 2921 ha-

424 2968 546 3007 rum
577 2967 759 3006 rerum
793 2955 978 3009 studio
1007 2953 1332 3017 eﬂ‘eruntur,
1372 2956 1513 3011 ridet
1550 2958 1858 3022 insaniam,
1894 2960 1998 3013 hu-

425 3057 706 3112 mariaque
749 3043 874 3098 vitae
915 3054 1162 3114 tempus,
1211 3053 1270 3098 ut
1311 3063 1340 3100 a
1387 3045 1730 3103 Psalmorum
1774 3061 1998 3106 auctore

425 3135 696 3189 terminus
742 3135 864 3204 ejus
915 3144 1100 3193 certus
1147 3136 1328 3194 dictus
1371 3147 1492 3204 est,
1536 3157 1699 3210 quam
1745 3141 2002 3198 brevissi-

427 3240 575 3279 mum
626 3235 915 3281 numerat:
964 3227 1162 3284 deinde
1202 3228 1434 3286 infinitis
1481 3231 1590 3288 illis
1628 3233 1844 3288 saeculis
1878 3250 2001 3288 cum

429 3317 630 3388 exiguo
674 3317 779 3372 hoc
825 3319 951 3374 vita:
999 3321 1178 3389 spatio
1239 3322 1486 3389 collatis,
1545 3324 1828 3379 mollitiem
1882 3327 2003 3396 ejus

431 3409 612 3478 luget,
650 3410 743 3478 qui
790 3411 857 3464 ad
905 3425 994 3466 res
1037 3411 1353 3480 hujusmodi
1402 3415 1692 3481 sordidas,
1729 3417 2004 3481 humiles,

427 3515 659 3570 quaeque
693 3500 760 3554 ad
795 3511 1008 3573 tempus
1035 3513 1277 3570 manent,
1320 3505 1564 3561 animum
1593 3509 1825 3565 extollit.
1861 3510 2007 3576 Quid

432 3592 581 3648 enim
623 3607 806 3648 causa:
847 3603 969 3658 est,
1016 3609 1116 3649 cur
1165 3597 1220 3650 in
1277 3596 1347 3652 iis
1399 3597 1535 3666 ipsis
1578 3599 1744 3654 rebus
1793 3601 2006 3669 honos,

431 3700 594 3754 quem
629 3687 872 3755 plerique
915 3695 1211 3757 expetunt,
1262 3689 1333 3744 sit
1384 3689 1721 3747 beatitudine
1766 3692 2012 3763 dignus?

431 3775 702 3842 Quoniam
740 3776 870 3846 quid
904 3778 1010 3842 iis,
1041 3779 1135 3848 qui
1175 3779 1385 3837 honore
1423 3781 1604 3837 aﬂ'ecti
1651 3793 1812 3850 sunt,
1858 3786 2011 3841 addit

433 3867 657 3923 honor?
706 3869 871 3939 Atqui
905 3884 969 3924 ea
1003 3869 1322 3926 conditione
1365 3879 1529 3928 natus
1565 3883 1650 3928 est
1705 3885 1764 3929 ut
1811 3880 2011 3933 moria-

436 3968 551 4026 tur,
584 3961 832 4016 mortalis
862 3961 950 4016 hic
978 3970 1202 4026 manet,
1233 3963 1348 4018 sive
1393 3963 1568 4021 honos
1611 3967 1662 4020 ei
1712 3969 2008 4034 tribuatur,

437 4053 555 4107 sive
587 4067 718 4106 non.
754 4053 864 4106 Aut
897 4053 1071 4108 multa
1105 4054 1302 4124 jugera
1336 4063 1494 4111 terrae
1530 4060 1846 4127 possedisse
1873 4062 1896 4116 ?
1927 4063 2008 4117 Ad

436 4158 599 4214 quem
634 4144 904 4213 Optimum
937 4143 1098 4199 tinem
1143 4145 1248 4199 hoc
1283 4146 1534 4215 perducit
1575 4164 1708 4215 eos,
1753 4153 1850 4220 qui
1907 4153 2014 4206 ista

439 4234 843 4304 possederunt,
877 4236 983 4291 nisi
1013 4235 1138 4305 quis
1171 4237 1398 4293 demens
1426 4239 1728 4296 arbitretur
1757 4259 1856 4299 sua
1891 4262 2015 4301 esse

439 4340 503 4382 ea
529 4366 544 4391 ,
585 4342 706 4397 quae
745 4328 898 4382 nullo
937 4336 1098 4397 pacto
1138 4327 1207 4382 ad
1248 4344 1309 4384 se
1347 4332 1658 4399 pertinent;
1696 4349 1808 4404 pra:
1841 4339 2014 4392 multa

2096 1869 2224 1938 περὶ
2259 1867 2349 1921 τὸν
2387 1866 2500 1938 βίον
2531 1865 2768 1938 τοῦτο[ν]
2790 1863 3143 1935 ἐπτοημένοις
3179 1856 3634 1929 συμπολιτεύεται
3656 1871 3672 1886 ·

2092 1952 2166 2012 ὧν
2205 1961 2232 2012 ό
2261 1958 2366 2024 ἔξω
2402 1957 2714 2028 γενόμενος,
2745 1955 2995 2026 καθάπερ
3019 1952 3110 2006 ὲπί
3133 1967 3276 2014 τινος
3306 1948 3515 2019 ὑψηλῆς
3545 1963 3673 2000 axo-

2094 2053 2224 2115 πιᾶς
2275 2049 2555 2120 πόρρωθεν
2606 2046 2922 2100 ἐποπτεύων
2953 2045 3022 2098 τὰ
3064 2041 3378 2114 ἀνθρώπινα
3399 2039 3566 2108 πάθη.
3591 2039 3674 2091 ol-

2093 2142 2298 2213 κτείρει
2328 2141 2427 2210 τῆς
2456 2139 2790 2209 τυφλότητος
2830 2138 2955 2200 τοὺς
2997 2138 3064 2206 τῇ
3095 2132 3318 2204 τοιαύτη
3356 2130 3675 2202 ματαιότητι

2094 2231 2544 2302 δεδουλωμένους,
2575 2229 2668 2282 καὶ
2703 2228 2844 2299 μέγα
2887 2225 3169 2298 κρίνοντας
3200 2224 3300 2294 τὴν
3339 2221 3440 2292 τῆς
3475 2218 3676 2291 σαρκὸς

2096 2324 2418 2395 εὐπραγίαν.
2449 2322 2618 2375 Ὅταν
2647 2321 2756 2391 γάρ
2796 2335 2916 2372 τινα
2959 2316 3067 2370 τῶν
3112 2314 3414 2386 ἀνθρώπων
3451 2311 3542 2365 ὲπί
3571 2326 3678 2364 τινι

2095 2414 2202 2467 τῶν
2237 2411 2379 2466 κατά
2418 2410 2528 2480 βίον
2561 2410 2644 2480 ἴδη
2681 2407 3062 2478 περίϐλεπτον,
3089 2403 3412 2474 ἀξιώμασιν,
3444 2400 3478 2472 ἢ
3511 2396 3680 2453 πλούσ

2095 2522 2229 2568 τοις,
2261 2503 2293 2574 ἥ
2323 2502 2661 2563 δυναστείαις
2707 2498 2983 2570 κομῶντα,
3011 2495 3290 2566 καταγελᾷ
3338 2493 3443 2563 τῆς
3491 2489 3680 2554 ἀνοίας

2097 2597 2206 2650 τῶν
2228 2596 2315 2650 διὰ
2350 2593 2519 2648 ταῦτα
2548 2589 2967 2661 πεφυσημένων,
2995 2587 3087 2640 καὶ
3129 2584 3351 2656 ἀριθμεῖ
3397 2582 3488 2636 τὸν
3524 2580 3682 2651 μήκι-

2101 2703 2223 2739 στον
2245 2685 2432 2756 χρόνον
2479 2683 2571 2735 τοῦ
2615 2679 2955 2751 ἀνθρωπίνου
2990 2676 3127 2748 βίου,
3154 2674 3296 2729 κατὰ
3325 2674 3422 2744 τὴν
3451 2669 3678 2741 εἰρημέ-

2099 2794 2196 2846 νην
2229 2774 2329 2827 ὑπὸ
2356 2772 2447 2826 τοῦ
2490 2768 2792 2842 Ψαλμῳδοῠ
2847 2767 3183 2839 προθεσμίαν
3215 2781 3228 2796 ·
3264 2759 3383 2818 εἶτα
3431 2775 3682 2832 παραμε-

2099 2867 2244 2939 τρῶν
2267 2868 2376 2928 τοῖς
2405 2861 2649 2934 ἀπείροις
2665 2860 2822 2913 αίῶσι
2841 2857 2902 2910 τὸ
2919 2857 3201 2926 ἀκαριαῖον
3214 2851 3372 2906 τοῦτο
3384 2851 3679 2920 διάστημα,

2101 2961 2240 3012 ἐλεεῖ
2268 2958 2366 3028 τῆς
2384 2955 2708 3026 χαυνότητος
2731 2950 2822 3005 τὸν
2849 2949 2944 3002 ἐπὶ
2974 2951 3086 3010 τοῖς
3111 2947 3250 3000 οὕτω
3279 2943 3554 3014 γλίσχροις
3588 2942 3684 2997 καὶ

2103 3051 2374 3111 ταπεινοῖς
2406 3047 2500 3101 καὶ
2544 3041 2897 3114 προσκαίροις
2938 3041 3037 3110 τὴν
3084 3037 3262 3108 ψυχὴν
3301 3033 3679 3103 ἐπαιρόμενον.
3711 3033 3717 3036 ’

2104 3145 2170 3198 Τί
2193 3145 2300 3212 γὰρ
2338 3140 2486 3205 ἄξιόν
2513 3141 2627 3191 ἐστι
2668 3131 3017 3206 μακαρισμοῦ
3048 3130 3156 3186 τῶν
3195 3126 3426 3182 ἐνταῦθα
3463 3128 3497 3194 η
3527 3121 3683 3194 τιμὴ,

2105 3239 2166 3291 τὸ
2203 3234 2353 3306 παρά
2398 3232 2610 3295 πολλοῖς
2650 3228 3120 3297 σπουδαζόμενονς
3160 3222 3311 3276 Ἐπεὶ
3338 3220 3403 3291 δὴ
3441 3218 3494 3271 τί
3526 3214 3686 3269 πλέον

2105 3330 2214 3389 τοῖς
2242 3323 2625 3394 τετιμημένοις
2658 3316 3016 3391 προστίθησι;
3068 3314 3314 3386 διαμένει
3356 3310 3466 3381 γὰρ
3495 3306 3685 3376 θνητὸς

2107 3420 2134 3470 ὁ
2158 3416 2368 3486 θνητὸς,
2397 3415 2498 3468 κᾶν
2527 3413 2775 3482 τιμᾶται,
2798 3409 2905 3463 κᾶν
2939 3410 3036 3479 μή.
3068 3408 3140 3461 Ἦ
3169 3406 3229 3459 τὸ
3269 3402 3440 3457 πολλά
3481 3397 3685 3468 πλέθρα

2108 3504 2405 3576 κεκτῆσθαι
2433 3503 2566 3573 γῆς;
2595 3499 2766 3554 Τοῦτο
2797 3499 2854 3552 δὲ
2882 3499 2962 3561 είς
2983 3497 3036 3550 τί
3056 3498 3229 3568 πέρας
3258 3492 3492 3566 χρηστὸν
3519 3507 3686 3544 κατα-

2107 3601 2265 3668 λήγει
2307 3599 2417 3660 τοῖς
2446 3595 2823 3666 κτησαμένοις,
2851 3591 3002 3654 ἐκτὸς
3035 3588 3126 3643 τοῦ
3167 3586 3374 3640 οἴεσθαι
3415 3583 3506 3637 τὸν
3538 3583 3680 3653 ἀνόη-

2109 3711 2199 3746 τον
2231 3688 2424 3744 ἑαυτοῦ
2458 3683 2597 3740 εἶναι
2635 3685 2702 3739 τά
2740 3684 2907 3754 μηδἐν
2932 3683 3311 3755 προσήκοντα;
3336 3679 3520 3747 ἀγνοεῖ
3554 3675 3684 3747 γὰρ,

2109 3783 2182 3844 ὡς
2217 3784 2410 3845 εοικεν,
2441 3779 2546 3832 ὑπὸ
2597 3777 2798 3847 πολλῆς
2821 3773 3188 3846 λαιμαργίας,
3210 3771 3292 3824 ὅτι
3343 3767 3436 3822 τοῦ
3482 3765 3689 3838 Κυρίου

2115 3876 2216 3947 μέν
2256 3877 2402 3930 ἐστιν
2434 3875 2468 3945 ὴ
2516 3873 2587 3944 γῆ
2617 3868 2830 3941 ἀληθῶς
2855 3910 2872 3935 ,
2901 3869 2996 3922 καὶ
3043 3865 3103 3918 τὸ
3167 3863 3442 3935 πλήρωμα
3495 3859 3685 3929 αὐτῆς.

2113 3967 2371 4030 Βασιλεὺς
2399 3967 2508 4036 γὰρ
2541 3963 2721 4032 πάσης
2751 3961 2848 4032 τῆς
2876 3960 2979 4030 γῆς
3002 3959 3029 4011 ὁ
3061 3956 3190 4020 Θεός
3213 3970 3230 3985 ·
3262 3956 3374 4016 τοῖς
3400 3953 3456 4006 δὲ
3483 3947 3688 4020 ἀνθρὼ-

2113 4075 2236 4121 ποις
2263 4057 2324 4110 τὸ
2362 4055 2461 4125 τῆς
2506 4051 2818 4116 πλεονεξίας
2863 4048 3034 4112 πάθος
3071 4042 3417 4118 ψευδώνυμον
3456 4044 3553 4113 τῆς
3587 4059 3688 4094 κυ-

2119 4147 2364 4220 ριότητος
2417 4143 2514 4214 τὴν
2549 4139 2920 4214 προσηγορίαν
2951 4137 3132 4191 δίδωσι
3169 4134 3277 4188 τῶν
3327 4133 3480 4187 οὐδὲν
3518 4147 3688 4203 προσο

2113 4239 2372 4310 ηκόντων.
2419 4236 2485 4289 Ἥ
2522 4233 2620 4305 μὲν
2647 4231 2754 4303 γὰρ
2776 4232 2871 4301 γῆ,
2913 4227 3096 4291 καθώς
3123 4243 3284 4297 φησιν
3316 4227 3345 4278 ό
3385 4223 3545 4294 σοφὸς
3567 4223 3688 4276 Ἑκ-

2116 4325 2464 4397 κλησιαστὴς,
2501 4325 2581 4386 εἱς
2609 4323 2701 4375 τὸν
2738 4319 2910 4373 αἰῶνα
2962 4317 3161 4386 ἕστηκε
3183 4354 3197 4378 ,
3229 4315 3432 4377 πάσαις
3483 4314 3690 4384 ὑπηρε-

436 4419 582 4472 enim
621 4419 950 4473 inexhausta
986 4419 1284 4487 aviditate,
1321 4429 1381 4474 ut
1417 4422 1712 4479 verisimile
1744 4435 1858 4490 est,
1909 4430 2003 4484 hoc

2117 4419 2281 4474 τοῦσα
2315 4419 2432 4480 ταῖς
2456 4415 2689 4483 γενεαῖς,
2710 4411 2804 4464 καὶ
2843 4409 3029 4464 ἄλλοτε
3055 4407 3244 4471 ἄλλους
3282 4407 3407 4469 τοὺς
3439 4406 3559 4458 κατ’
3591 4405 3690 4458 αύο

439 4511 689 4580 ignorat,
751 4509 897 4579 quod
958 4509 1170 4564 Domini
1226 4519 1312 4567 est
1368 4521 1558 4577 terra,
1618 4523 1673 4568 et
1731 4517 2017 4587 plenitudo

441 4599 565 4668 ejus
597 4598 640 4653 ⁸.
679 4599 795 4652 Rex
840 4599 986 4653 enim
1038 4599 1221 4656 omnis
1273 4607 1436 4656 terra:
1484 4601 1796 4672 Dominus;
1853 4607 2022 4662 homi-

443 4690 608 4746 nibus
669 4705 796 4744 vero
853 4699 914 4744 ut
966 4706 1183 4756 rerum,
1242 4707 1380 4761 quas
1444 4695 1762 4764 possident,
1813 4696 2019 4753 domini

439 4781 804 4852 appellentur,
845 4781 985 4836 falso
1037 4782 1141 4837 hoc
1187 4783 1300 4838 illis
1352 4785 1548 4840 tribuit
1596 4789 1842 4844 avaritiae
1887 4791 2021 4845 alle-

439 4881 585 4928 ctus.
629 4871 799 4929 'l‘erra
834 4875 1012 4940 enim,
1070 4875 1248 4944 inquit
1295 4877 1515 4946 sapiens
1546 4877 1913 4936 Ecclesiastes
1945 4883 2010 4945 ³⁸,

441 4968 498 5022 in
524 4975 793 5022 aeternum
821 4967 1002 5029 stetit,
1038 4965 1297 5020 omnibus
1329 4965 1587 5022 aetatibus
1618 4969 2012 5038 suppeditans,

441 5061 691 5130 aliosque
718 5057 953 5114 subinde
1003 5075 1034 5114 e
1082 5073 1143 5114 se
1173 5067 1332 5114 natos
1359 5060 1633 5115 nutriens.
1665 5059 1854 5131 Neque
1885 5080 2016 5118 vero

441 5150 692 5205 homines
725 5150 810 5206 sui
840 5157 1168 5220 potestatem
1208 5149 1445 5217 habent,
1469 5151 1563 5206 sed
1593 5167 1660 5206 ex
1690 5154 1972 5210 voluntate
1997 5194 2012 5218 ,

443 5251 693 5313 nutuque
720 5243 923 5298 summi
958 5243 1190 5298 rectoris
1232 5241 1513 5314 pendent:
1549 5260 1675 5298 cum
1717 5246 1864 5304 enim
1911 5265 2013 5302 ne-

443 5335 660 5400 sciunt,
689 5331 769 5389 ‘in
815 5336 959 5390 hanc
989 5335 1158 5390 vitam
1203 5335 1616 5406 ingrediuntur,
1659 5353 1783 5393 cum
1833 5349 2016 5396 autem

445 5425 672 5480 minime
700 5425 928 5492 volunt,
961 5439 1027 5480 ex
1054 5425 1244 5480 eadem
1277 5441 1473 5482 rursus
1505 5438 1744 5482 exeunt:
1783 5445 2019 5500 cumque

446 5515 696 5571 vicissim
741 5523 1047 5571 nascantur
1079 5524 1134 5571 et
1170 5516 1480 5584 intereant,
1533 5518 1732 5590 insigni
1787 5521 2016 5575 stultitia

518 5701 540 5734 ³
569 5699 692 5758 l’sal
717 5713 876 5768 um,
926 5700 972 5755 Ι.
1049 5700 1090 5733 ³⁴
1116 5699 1297 5757 Eccle.
1329 5717 1367 5762 ι,
1393 5706 1445 5757 Il.

2117 4510 2214 4582 τὴν
2265 4506 2580 4579 γινομένους
2613 4503 2969 4574 ἐκτρέφουσα.
3027 4501 3092 4552 Οἱ
3141 4498 3197 4550 δὲ
3251 4497 3524 4568 ἄνθρωποι
3572 4495 3692 4548 οὐδὲ

2119 4602 2323 4655 ἑαυτῶν
2351 4599 2501 4662 ὄντες
2542 4596 2740 4666 κύριοι,
2767 4593 2901 4648 ἀλλά
2931 4593 3066 4664 πρὸς
3111 4591 3171 4644 τὸ
3198 4590 3290 4643 τοῦ
3319 4589 3542 4658 ἄγοντος
3570 4586 3692 4658 βού-

2119 4695 2287 4764 λημα,
2315 4693 2404 4745 ὅτε
2441 4690 2540 4742 οὐκ
2581 4688 2779 4750 ῐσασιν,
2820 4687 2898 4748 είς
2935 4684 3033 4754 τὴν
3072 4683 3215 4753 ζωὴν
3241 4681 3563 4752 περιιόντες,
3601 4677 3692 4730 καὶ

2119 4789 2205 4840 ὅτε
2244 4785 2319 4856 μὴ
2343 4782 2638 4854 βούλονται,
2669 4778 2830 4832 πάλιν
2862 4777 3030 4846 αὐτῆς
3056 4775 3430 4845 κωριέδμενοιν
3462 4771 3566 4826 ὑπὸ
3595 4771 3691 4840 τῆς

2123 4879 2323 4946 πολλῆς
2353 4874 2703 4947 ματαιότητος
2727 4869 3000 4942 κυριεύειν
3023 4870 3222 4922 οἴονται
3248 4866 3439 4934 αὐτῆς,
3475 4863 3523 4916 οἱ
3555 4861 3692 4915 κατά

2121 4969 2340 5041 καιροὺς
2368 4964 2639 5036 γινόμενοί
2660 4979 2720 5014 τε
2743 4961 2836 5014 καὶ
2860 4957 3351 5028 ἀπολλύμενοι,τῆς
3383 4954 3470 5008 ἀεὶ
3505 4950 3693 5024 μενού-

2123 5079 2242 5133 σης.
2285 5061 2344 5113 '0
2379 5055 2471 5113 οὖν
2499 5053 2907 5124 ἐπεσκεμμένος
2957 5049 3147 5114 ταῦτα,
3183 5047 3276 5101 καὶ
3300 5046 3386 5100 διὰ
3414 5044 3571 5098 τοῦτο
3599 5060 3693 5096 πε-

2123 5131 2392 5226 ριφρονῶν
2441 5149 2540 5201 ὅσα
2570 5146 2727 5216 τίμια
2762 5144 2876 5204 τοῖς
2904 5139 3209 5211 ἀνθρώποις
3245 5136 3552 5226 νομίζεται,
3600 5131 3693 5226 μό-

2121 5223 2217 5318 νης
2247 5245 2304 5299 δὲ
2349 5242 2450 5311 τῆς
2498 5239 2649 5301 θείας
2677 5235 2820 5306 ζωῆς
2850 5234 2987 5304 έχων
3019 5231 3110 5304 τὸν
3151 5229 3349 5300 ἔρωτα,
3385 5231 3413 5281 ό
3440 5223 3590 5318 εἰδὼς
3608 5223 3693 5318 δτι

2120 5314 2269 5392 πάσα
2297 5333 2432 5406 σὰρξ
2461 5331 2671 5402 χόρτος,
2709 5328 2804 5380 καὶ
2847 5328 2996 5378 πᾶσα
3027 5321 3155 5387 δόξα
3179 5317 3466 5390 ἀνθρώπου
3488 5317 3563 5379 ὼς
3600 5314 3694 5368 ἀν-

2118 5431 2208 5493 θος
2244 5426 2459 5498 χόρτου,
2509 5421 2639 5475 πότε
2671 5418 2906 5487 σπουδῆς
2943 5416 3092 5483 ἀξιον
3119 5413 3208 5466 τὸν
3234 5411 3425 5483 χόρτον
3452 5407 3693 5498 οἰήσεται

2118 5491 2208 5578 τὸν
2245 5491 2497 5591 ⁷(τήμερον
2546 5515 2673 5568 ὅντα
2696 5552 2710 5578 ,
2744 5511 2837 5564 καὶ
2895 5506 3082 5579 αὔριον
3114 5505 3214 5558 οὐκ
3244 5502 3499 5557 ἐσόμενον
3531 5491 3691 5562 ;Οἷδε
