4096 6354
338 299 432 355 541

1679 297 1764 352 οε
1824 258 2289 353 VlRGlNl'l‘ATE.

3497 300 3605 356 5ίῖ

337 420 445 490 γὰρ
470 420 498 472 6
540 421 946 491 ἐπεσκεμμένος
1000 420 1068 473 τά
1098 420 1216 473 θεῖα
1256 420 1465 485 καλῶς,
1494 422 1575 473 ὅτι
1624 420 1683 472 ού
1724 420 1791 473 τὰ
1822 420 1915 473 ἀν-

2037 436 2086 474 se
2116 429 2277 475 terra:
2309 419 2582 474 dominari
2613 420 2878 484 credunt,
2933 433 3055 489 qu:e
3110 433 3324 487 semper
3365 388 3624 475 maneat.‘

338 510 585 581 θρώπινα
614 512 773 582 μόνον
806 514 905 565 οὑκ
932 513 1041 583 ἔχει
1072 513 1134 564 τὸ
1162 513 1377 579 πάγιον,
1418 512 1532 564 ἀλλ’
1572 512 1648 574 ὼς
1680 511 1800 563 οὐδὲ
1828 507 1922 563 τοῦ

339 602 543 671 κόσμου
597 605 794 667 παντὸς
854 607 932 667 εἰς
980 604 1039 657 τὸ
1088 604 1332 674 διηνεκὲς
1382 604 1786 674 ἠρεμήσοντος,
1838 601 1950 654 διὰ⁶

339 692 497 746 τοῦτο
520 694 595 758 ὡς
627 696 917 767 ἀλλοτρίας
957 698 1051 749 καὶ
1080 696 1415 766 προσκαίρου
1446 696 1643 766 ταύτης
1680 695 1925 766 ὑπερορᾷ

340 786 438 853 τῆς
468 786 646 857 ζωῆς·
678 788 864 857 ἐπειδὴ
904 790 931 840 ὁ
972 788 1198 858 οὐρανὸς
1227 790 1320 840 καὶ
1348 790 1380 857 ή
1410 788 1478 857 γῆ
1510 786 1926 858 παρελεύσεται,

343 876 481 930 κατά
529 876 627 946 τὴν
653 877 745 930 τοῦ
778 880 1026 949 Σωτῆρος
1057 879 1261 947 φωνὴν,
1289 880 1381 931 καὶ
1413 877 1589 930 πάντα
1626 876 1725 946 τὴν
1758 893 1923 947 μετα·-

344 969 677 1038 στοιχείωσιν
726 970 1037 1036 ἀναγκαίως
1085 970 1381 1039 ἐκδέχεται.
1428 969 1527 1022 Διά
1576 967 1735 1021 τοῦτο
1763 1009 1778 1032 ,
1824 967 1929 1031 ἐως

342 1060 489 1112 ἐστὶν
525 1063 581 1112 ἐν
626 1061 704 1131 τῷ
742 1062 959 1131 σκήνει,
1002 1060 1185 1125 καθώς
1224 1078 1386 1131 φησιν
1418 1063 1446 1113 6
1489 1059 1834 1123 Ἀπόστολος,
1867 1058 1930 1112 τὸ

344 1150 675 1222 πρόσκαιρον
714 1151 1138 1221 ἐνδεικνύμενος,
1169 1152 1500 1223 βαρούμενος
1530 1150 1627 1219 τὴν
1650 1150 1927 1221 παροῦσαν

344 1239 507 1309 ζωὴν,
544 1239 623 1309 τῷ
671 1239 1040 1311 μακρύνεσθαι
1074 1241 1225 1311 αὐτῷ
1266 1242 1367 1312 τὴν
1400 1240 1693 1311 παροικίαν
1724 1239 1928 1310 ταύτην

342 1329 607 1399 ὀδύρεται,
628 1331 815 1403 ὥσπερ
836 1335 930 1385 καὶ
948 1335 975 1385 6
994 1332 1294 1402 Ψαλμῳδὸς
1312 1334 1369 1386 ἐν
1386 1331 1547 1402 ᾠδαῖς
1569 1330 1737 1395 θείαις
1755 1332 1927 1400 λέγων

344 1419 659 1491 πεποίηται.
693 1421 897 1483 Ὄντως
927 1422 1031 1491 γάρ
1061 1423 1119 1474 ἐν
1148 1422 1329 1475 σκότει
1357 1421 1687 1492 βιοτεύουσιν
1712 1423 1761 1475 οί
1790 1420 1929 1491 μετά

342 1511 450 1564 τῶν
502 1512 875 1583 σκηνωμάτων
904 1514 1105 1566 τούτων
1150 1517 1215 1584 τῇ
1262 1511 1372 1584 ζωῇ
1409 1512 1816 1583 παροικοῦντες.
1852 1506 1927 1566 Οὗ

343 1605 502 1674 χάριν
548 1603 805 1669 στενάξας
835 1608 863 1658 6
893 1605 1181 1676 Προφήτης
1207 1606 1343 1675 πρὸς
1372 1604 1470 1674 τὴν
1501 1606 1802 1675 παράτασιν
1831 1605 1930 1674 τῆς

342 1697 656 1767 παροικίας,
690 1716 707 1747 ι
747 1696 937 1766 Οἴμοι,
976 1716 994 1748 ι
1043 1696 1229 1766 φησὶν,
1279 1716 1295 1747 ι
1338 1697 1481 1766 ὄτιή
1529 1696 1788 1767 παροικία
1823 1713 1924 1766 μου

342 1760 660 1859 ἐμακρύνοη
690 1791 703 1842 l
746 1810 763 1840 ι
797 1760 984 1840 έκότει
1106 1760 1223 1855 ’τὴν
1278 1760 1589 1856 αἰτίαν-τῆς
1611 1760 1925 1858 ’κατηφείας
1955 1760 2001 1821 Β

340 1878 539 1949 ταύτης
576 1878 830 1949 ἀνέθηκε.
875 1878 947 1930 Τὸ
998 1879 1105 1948 γάρ
1152 1879 1340 1942 σκότος
1375 1881 1441 1949 τῇ
1495 1878 1732 1949 Ἐϐραΐδι
1776 1882 1925 1951 φωνῇ

342 1972 533 2041 κηὸἰιρ
553 1971 914 2041 ὀνομάζεσθαι
951 1970 1351 2043 μεμαθήκαμεν
1371 1989 1382 2000 ·
1402 1967 1437 2041 ἦ
1459 1972 1567 2039 γὰρ
1595 1972 1669 2035 ὼς
1691 1971 1925 2041 ἀληθῶς,

343 2060 593 2133 καθάπερ
647 2061 880 2132 ἀορασία
930 2064 1035 2114 τινὶ
1088 2065 1376 2133 νυκτερινῇ
1428 2063 1829 2134 κεκρατημένοι
1877 2064 1927 2116 oi

342 2148 642 2219 ἄνθρωποι,
694 2149 837 2201 οὕτω
900 2150 1035 2220 πρὸς
1076 2150 1172 2220 τὴν
1223 2151 1322 2221 τῆς
1376 2150 1592 2221 ἀπάτης
1637 2152 1929 2220 ἐπίγνωσιν

344 2238 794 2308 ἀμϐλυωποῦσινο
820 2241 919 2293 οὒκ
941 2241 1140 2303 εἰδότες
1168 2242 1248 2293 ὅτι
1275 2241 1449 2294 πάντα
1471 2242 1569 2294 ὅσα
1594 2242 1749 2312 τίμια
1783 2245 1839 2296 ἐν
1861 2246 1928 2315 τῇ

343 2328 455 2400 ζωῇ
483 2330 652 2401 ταύτῃ
675 2330 1057 2402 νενόμιτται,ἣ
1088 2334 1180 2384 καὶ
1205 2334 1303 2385 ὅσα
1336 2333 1469 2403 προς
1493 2333 1553 2385 τὸ
1579 2334 1819 2388 ἐναντίον
1835 2337 1930 2388 ὑπο

344 2420 617 2491 εξληπται,
648 2424 705 2475 ἐν
734 2423 870 2494 μόνῃ
899 2426 964 2494 τῇ
998 2423 1262 2494 ὑπολήψει
1296 2421 1404 2474 τῶν
1432 2426 1675 2494 ἀνοήτων
1701 2426 1931 2497 ὑφέστη-

346 2528 475 2566 κεν·
513 2515 653 2567 αὐτά
707 2514 763 2566 δὲ
795 2515 880 2581 ἐφ’
920 2513 1129 2566 ἐαυτῶν
1180 2517 1326 2569 ἐστιν
1383 2516 1592 2587 οὐδαμῆ
1642 2516 1794 2569 οὐδέν
1829 2535 1841 2547 ·
1868 2516 1930 2570 οὐ

344 2604 633 2673 δυσγένειά
653 2622 736 2667 τις
757 2647 771 2669 ,
802 2606 902 2658 οὐκ
934 2605 1282 2677 εὐδοκίμησις
1332 2607 1551 2676 γένους,
1585 2607 1646 2659 οὐ
1678 2607 1835 2674 δόξα,
1868 2609 1930 2662 οὐ

346 2698 689 2766 περιφάνεια,
722 2698 781 2750 ού
810 2697 878 2749 τὰ
906 2698 1110 2751 παλαια
1155 2698 1487 2769 διηγήματα,
1516 2699 1609 2768 ούχ
1639 2702 1667 2752 6
1695 2700 1789 2752 ἐπὶ
1815 2701 1932 2764 τοῖς

346 2788 603 2841 ὲνεστῶσι
637 2788 837 2857 τῦφος,
867 2790 928 2843 ού
963 2791 1023 2842 τὸ
1070 2793 1290 2860 κρατεῖν
1325 2792 1529 2861 ἐτέρων
1554 2834 1569 2857 ,
1602 2792 1662 2845 οὐ
1705 2792 1766 2844 τὸ
1798 2792 1931 2845 ὑπο-

346 2881 550 2951 χείριον
587 2879 723 2935 εἶναι
760 2899 771 2910 ·
814 2883 1034 2935 πλοῦτοί
1082 2900 1142 2936 τε
1196 2885 1288 2937 καὶ
1324 2884 1524 2953 τρυφαὶ
1554 2924 1569 2947 ,
1609 2884 1701 2937 καὶ
1753 2883 1932 2937 πενίαι

347 2977 441 3027 καὶ
469 2976 713 3045 ἀπορίαι,
748 2976 838 3029 καὶ
890 2977 1060 3028 πᾶσαι
1086 2977 1143 3027 αἱ
1174 2975 1268 3028 τοῦ
1304 2976 1419 3045 βίου
1458 2976 1787 3046 ἀνωμαλίαι,
1821 2980 1933 3040 τοῖς

2023 511 2166 583 Ergo
2192 512 2285 581 qui
2317 512 2434 567 haec
2460 522 2642 567 mente
2669 512 2939 575 intuetur,
2969 512 3180 580 hacque
3215 510 3282 564 de
3312 524 3479 564 causa
3509 527 3606 579 pro

2024 606 2199 660 nihilo
2236 621 2300 662 ea
2340 614 2534 676 putat,
2568 622 2691 677 quae
2731 606 3011 659 hominum
3044 604 3243 672 uulgus
3281 604 3333 656 in
3386 605 3564 672 pretio
3591 643 3604 664 .

2026 706 2191 767 atque
2222 699 2275 752 in
2308 698 2519 752 honore
2546 698 2709 752 habet
2733 737 2747 760 ,
2776 699 2983 766 quique
3008 696 3250 750 caelestis
3277 696 3398 749 vita:
3424 698 3603 748 solum

2028 804 2211 843 amore
2262 788 2502 852 ducitur,
2538 787 2840 857 fenumque
2893 801 3016 841 esse
3070 800 3286 840 omnem
3342 799 3602 843 carnem,

2028 879 2297 949 quasique
2339 880 2449 934 feni
2491 879 2681 933 ﬂorem
2717 894 2931 933 omnem
2972 877 3210 930 hominis
3244 876 3474 945 gloriam
3518 876 3603 928 vi-

2029 974 2140 1035 det,
2169 972 2430 1028 studione
2456 971 2683 1041 dignum
2713 969 2895 1025 fenum
2923 984 3161 1039 unquam
3193 967 3424 1036 putabit,
3456 967 3602 1035 quod

2029 1064 2194 1117 hodie
2224 1070 2342 1126 est,
2379 1078 2504 1116 cras
2535 1078 2644 1115 non
2683 1058 3094 1125 futurum?Qui
3125 1058 3270 1112 enim
3301 1058 3485 1111 divina
3518 1074 3603 1111 re-

2028 1165 2114 1211 cte
2152 1156 2576 1223 contemplatur,
2611 1153 2700 1207 hic
2726 1152 3109 1207 animadvertit
3143 1168 3252 1205 non
3298 1152 3483 1205 solum
3519 1164 3603 1204 res

2029 1246 2304 1301 humanas
2334 1246 2470 1298 nihil
2507 1244 2647 1297 licini
2681 1244 2957 1312 solidique
2993 1243 3224 1303 habere,
3265 1241 3395 1304 sed,
3447 1241 3603 1309 quasi

2027 1353 2208 1405 neque
2249 1336 2545 1390 universus
2578 1335 2665 1388 hic
2698 1333 2939 1388 mundus
2971 1334 3024 1386 in
3060 1344 3381 1402 perpetuum
3419 1333 3489 1386 sit
3522 1330 3608 1384 [ιι-

2027 1438 2184 1485 turns
2207 1472 2219 1494 ,
2258 1438 2541 1496 proluerea
2580 1428 2743 1480 vitam
2782 1426 2922 1480 hanc
2955 1426 3110 1495 quasi
3145 1425 3379 1479 alienam
3403 1462 3419 1488 ,
3456 1439 3606 1477 eam-

2028 1537 2135 1589 que
2170 1519 2435 1573 caducam
2480 1518 2749 1587 negligit:
2794 1517 3090 1586 quoniam,
3126 1524 3184 1568 ut
3220 1530 3352 1569 voce
3388 1514 3602 1568 Domini

2030 1610 2403 1681 signillcatum
2438 1616 2523 1662 cst
2555 1607 2599 1671 ⁸,
2632 1606 2756 1660 ςωιὶ
2795 1614 2851 1659 et
2881 1613 3030 1659 terra
3072 1603 3420 1666 transibunt,
3464 1614 3607 1656 cun—

2031 1711 2231 1772 ctaque
2285 1700 2474 1753 forma:
2516 1698 3002 1753 commutationem
3052 1695 3367 1749 necessario
3413 1710 3608 1763 exspo-

2031 1802 2203 1849 ctant.
2254 1791 2624 1857 Quamobrem
2658 1790 2901 1858 quandiu
2941 1788 3178 1857 aliquis,
3229 1786 3408 1855 inquit
3461 1786 3605 1854 Apo-

2030 1887 2207 1941 stolus
2232 1886 2251 1915 '
2278 1924 2292 1949 ,
2329 1885 2385 1937 in
2420 1885 2525 1937 hoc
2555 1881 2871 1935 habilaculo
2910 1888 3023 1946 est,
3068 1878 3459 1932 mortalitatem
3500 1892 3609 1946 pra:

2030 1994 2091 2034 se
2121 1978 2341 2043 ferens,
2391 1978 2604 2047 hacque
2657 1976 2767 2029 vita
2818 1983 3118 2044 gravatus,
3168 1970 3449 2042 prorogari
3502 1970 3608 2025 sibi

2028 2069 2177 2124 hunc
2206 2069 2505 2123 incolatum
2539 2068 2688 2122 dolet
2709 2106 2722 2129 ,
2760 2075 2819 2119 ut
2847 2067 2900 2118 in
2931 2065 3135 2118 divinis
3165 2063 3423 2118 cantibus
3450 2060 3607 2115 Psal-

2032 2162 2228 2217 mistes
2255 2160 2458 2216 cecinit
2487 2177 2503 2228 ;
2534 2174 2661 2213 vere
2689 2158 2833 2212 enim
2862 2158 2915 2211 in
2941 2157 3183 2211 tenebris
3206 2157 3396 2208 vivunt
3420 2156 3487 2219 ii,
3514 2154 3607 2224 qui

2030 2256 2087 2309 in
2136 2253 2225 2309 his
2268 2251 2648 2307 tabernaculis
2690 2251 2859 2304 vitam
2910 2248 3161 2317 degunt:
3211 2250 3397 2316 itaque
3444 2247 3611 2315 hujus

2031 2347 2307 2401 incolatus
2352 2344 2797 2415 prorogationem
2826 2340 3101 2411 Propheta
3152 2340 3241 2395 his
3298 2337 3488 2393 verbis
3525 2337 3611 2389 Iu-

2031 2445 2117 2509 get
2146 2456 2202 2493 ει
2234 2436 2325 2491 Vat
2351 2435 2503 2500 mihi,
2536 2434 2795 2505 quoniam
2831 2434 3104 2488 incolalus
3137 2446 3290 2487 meus
3310 2431 3611 2501 prolonga-

2032 2539 2120 2584 tus
2144 2536 2226 2583 est
2252 2528 2306 2581 ‘l
2347 2546 2365 2580 ι
2388 2525 2656 2581 Tenebris
2701 2541 2866 2595 porro
2892 2524 3163 2579 domicilii
3188 2565 3201 2585 ,
3228 2532 3281 2577 et
3341 2520 3612 2576 incolatns

2032 2621 2199 2690 hujus
2218 2633 2444 2673 causam
2469 2618 2660 2672 tribuit
2687 2635 2700 2670 :
2730 2617 3080 2672 Hebraeorum
3108 2616 3257 2670 cnim
3285 2630 3413 2667 voce
3437 2613 3614 2666 Cedar

2032 2712 2290 2767 tenebras
2320 2711 2581 2781 appellari
2618 2724 2648 2763 a
2687 2709 3029 2779 sapientibus
3063 2708 3361 2761 didicimus
3390 2722 3403 2770 ;
3438 2711 3532 2758 aut
3562 2702 3614 2757 id

2034 2804 2259 2873 quidem
2311 2816 2546 2857 revera:
2602 2809 2660 2855 ut
2709 2801 2855 2854 enim
2903 2798 3151 2868 quaedam
3206 2796 3386 2850 noctis
3438 2795 3616 2863 caligo

2037 2894 2370 2950 mortalibus
2400 2892 2727 2953 oﬂ‘unditur.
2768 2892 2849 2947 sic
2896 2891 2949 2944 hi
2991 2889 3059 2944 ad
3096 2888 3305 2943 erroris
3347 2884 3615 2955 cognitio-

2036 3004 2159 3042 nem
2189 2987 2564 3048 obczecantur,
2594 2992 2779 3053 utpote
2805 2999 2930 3037 cum
2960 2982 3187 3035 minime
3214 2979 3470 3041 videant,
3495 2989 3617 3045 qua:

350 3071 448 3139 μὲν
477 3071 823 3134 ἀπαιδεύτοις
871 3072 1129 3141 πάμπολυ
1178 3073 1454 3142 διαφέρειν
1492 3072 1741 3127 δοκοῦσιν
1762 3113 1776 3138 ,
1805 3073 1934 3127 ὅταν

2038 3079 2091 3133 in
2124 3080 2227 3132 hac
2260 3078 2372 3131 vita
2404 3091 2619 3132 summa
2648 3073 3052 3144 magnificaque
3089 3071 3404 3125 exi~timala
3450 3074 3614 3125 sunt.

346 3162 540 3231 ἡδονὴν
572 3164 833 3215 ποιῶνται
864 3163 971 3215 τῶν
998 3164 1254 3216 τοιούτων
1295 3166 1597 3235 κριτήριον.

2037 3184 2227 3240 quaeve
2258 3169 2314 3222 in
2345 3166 2645 3221 contrariis
2673 3172 2803 3220 sunt
2836 3164 3002 3217 rebus
3033 3161 3220 3215 habita
3243 3199 3257 3222 ,
3288 3159 3471 3212 omnia
3509 3157 3620 3209 haec

346 3257 525 3310 solum
579 3254 772 3309 insana
830 3254 1065 3322 quadam
1097 3255 1382 3309 hominum
1440 3255 1701 3324 opinione
1758 3257 1889 3312 talia
1929 3259 2213 3315 exstitisse
2242 3274 2256 3310 :
2326 3273 2391 3311 ea
2423 3270 2553 3311 vero
2586 3270 2682 3323 per
2712 3269 2771 3308 se
2802 3252 2938 3306 nihil
2971 3250 3198 3305 omnino
3230 3255 3360 3304 sunt
3390 3266 3402 3301 :
3470 3248 3619 3302 nulla

348 3347 700 3417 ignobilitas,
734 3348 947 3401 nullum
993 3349 1208 3404 illustre
1255 3365 1463 3416 genus,
1514 3351 1663 3403 nulla
1709 3352 1922 3420 gloria,
1969 3356 2153 3409 nullus
2187 3351 2469 3423 splendor,
2503 3350 2665 3404 nullae
2728 3348 2795 3401 de
2867 3344 3168 3413 majoribus
3221 3358 3621 3398 commemora-

348 3442 553 3503 tiones,
594 3442 745 3494 nulla
793 3458 978 3496 rerum
1028 3444 1382 3510 praesentium
1412 3445 1583 3497 animi
1614 3446 1811 3511 elatio,
1844 3449 2094 3521 nihilque
2120 3450 2287 3505 estin
2321 3448 2460 3502 alios
2522 3443 2831 3507 dominari,
2900 3441 3146 3511 nihilque
3216 3440 3450 3492 aliorum
3521 3437 3621 3490 im-

349 3538 503 3607 perio
554 3537 732 3591 teneri
764 3556 779 3593 :
815 3554 923 3590 non
978 3538 1215 3603 divitize,
1268 3554 1376 3593 non
1434 3550 1733 3609 paupertas
1757 3583 1773 3607 ,
1822 3559 1932 3598 non
1973 3555 2226 3616 egestas,
2295 3543 2460 3597 nullae
2489 3539 2729 3609 denique
2764 3537 2927 3606 hujus
2954 3538 3077 3590 vitae
3141 3532 3498 3602 inaequabiles
3526 3548 3620 3585 va-

350 3633 610 3693 rietates,
644 3646 767 3699 qua:
814 3630 1085 3699 imperitis
1131 3630 1353 3699 quidem
1400 3631 1763 3699 hominibus,
1801 3649 1928 3689 cum
1976 3636 2033 3689 hi
2103 3638 2442 3706 voluptatem
2504 3632 2621 3687 suis
2650 3628 2940 3684 'sensibus
3004 3626 3324 3688 metiantur,
3392 3624 3619 3679 multum

350 3722 593 3778 eminere
628 3722 902 3777 videntur.

422 3817 513 3889 Τῷ
541 3818 597 3870 δὲ
623 3816 815 3888 ὑψηλῷ
853 3817 952 3889 τὴν
984 3817 1221 3871 διάνοιαν
1258 3819 1436 3873 πάντα
1468 3821 1708 3891 δμότιμα
1752 3823 1933 3890 φαίνε-

351 3923 463 3970 ται,
516 3909 610 3963 καὶ
652 3909 803 3961 οὐδὲν
832 3909 1222 3979 προτιμότερον
1257 3910 1351 3962 τοῦ
1403 3912 1591 3982 ἐτέρου
1619 3913 1680 3965 τὸ
1706 3913 1917 3983 ἕτερον,

353 4000 432 4071 τῷ
459 4001 657 4070 ὁμοίως
684 4001 771 4053 διὰ
821 4000 926 4053 τῶν
955 4003 1213 4055 ἐναντίοιν
1261 4002 1350 4055 τὸν
1394 4003 1494 4072 τῆς
1544 4003 1689 4073 ζωῆς
1735 4005 1935 4076 δρόμον

355 4093 633 4154 ἀνύεσθαι,
670 4093 762 4145 καὶ
798 4092 919 4161 ίσην
950 4096 1007 4146 ἐν
1037 4094 1272 4163 ἑκατέρᾳ
1304 4094 1411 4145 τῶν
1435 4092 1642 4164 λήξεων
1676 4096 1774 4165 τὴν
1798 4097 1936 4167 πρὸς

356 4188 419 4242 τδ
453 4183 513 4240 εὖ
544 4187 576 4257 ἢ
611 4185 796 4248 κακῶς
827 4186 925 4257 ζῇν
946 4186 1175 4255 δύναμιν
1218 4188 1566 4256 ἐνυπάρχειν,
1590 4186 1680 4241 διὰ
1712 4186 1820 4240 τῶν
1849 4188 1938 4242 δε-

360 4279 488 4346 ξιῶν
519 4278 697 4333 ὅπλων
720 4278 813 4331 καὶ
839 4279 1163 4349 ἀριστερῶν,
1202 4280 1365 4349 φησὶν
1406 4280 1435 4332 6
1469 4278 1812 4343 Ἀπόστολος,
1852 4279 1941 4334 διὰ

359 4371 515 4442 δόξης
566 4371 660 4424 καὶ
711 4370 935 4439 ἀτιμίας
958 4387 971 4401 ·
1000 4370 1067 4422 δι’
1089 4364 1162 4424 ὧν
1192 4374 1219 4424 6
1253 4371 1351 4442 μὲν
1394 4372 1804 4444 κεκαθαρμένος
1852 4372 1942 4427 τὸν

358 4462 483 4518 ’,οὖν
517 4463 611 4515 καὶ
640 4462 1048 4532 ἐπεσκεμμένος
1081 4461 1177 4533 τὴν
1208 4462 1314 4515 τῶν
1355 4463 1526 4516 ὄντων
1551 4464 1828 4533 ἀλήθειαν,
1852 4465 1939 4534 ὀρ-

2109 3823 2177 3877 At
2220 3835 2350 3877 vero
2385 3818 2479 3888 qui
2521 3832 2718 3885 magno
2759 3814 2981 3882 altoque
3043 3818 3126 3866 est
3184 3810 3400 3873 animo,
3440 3811 3623 3863 omnia

2038 3919 2153 3970 bare
2200 3913 2351 3981 paria
2383 3925 2526 3973 esse,
2572 3921 2751 3976 neque
2809 3919 2922 3958 rem
2956 3918 3120 3956 unam
3156 3903 3315 3956 alteri
3365 3910 3625 3971 praestare

2039 4014 2218 4078 putat.
2246 4003 2509 4074 quoniam
2565 4016 2629 4055 ex
2662 3999 2829 4052 rebus
2865 3997 3008 4050 inter
3061 4010 3119 4049 se
3160 3993 3455 4049 contrariis
3504 3993 3628 4047 vitae

2039 4110 2239 4151 cursus
2288 4109 2443 4163 aeque
2498 4090 2820 4153 coniicitur,
2882 4087 3224 4155 aequalisque
3272 4085 3326 4138 in
3390 4092 3627 4153 utraque

2041 4186 2166 4240 vitae
2209 4183 2523 4238 conditione
2555 4187 2610 4234 et
2666 4179 2804 4232 bene
2852 4184 2908 4231 et
2967 4177 3109 4228 male
3183 4174 3401 4228 vivendi
3482 4174 3627 4227 inest

2044 4275 2313 4339 facultas;
2373 4280 2486 4327 tam
2541 4284 2610 4324 ex
2666 4268 2831 4323 rebus
2880 4266 3111 4328 dextris,
3152 4264 3334 4335 inquit
3382 4264 3623 4333 Aposto-

2045 4369 2151 4432 lus,
2217 4379 2381 4436 quam
2445 4360 2689 4418 sinistris
2719 4397 2733 4422 ,
2792 4366 2848 4413 et
2898 4371 3053 4427 mque
3087 4372 3152 4410 ex
3212 4355 3386 4425 gloria
3416 4394 3431 4419 ,
3463 4362 3628 4425 atque

2045 4476 2112 4514 ex
2168 4456 2349 4525 aliqua
2409 4451 2758 4524 ignominia:
2817 4450 2872 4502 in
2926 4446 3128 4517 quibus
3179 4444 3399 4514 quidem
3461 4446 3629 4500 rebus

363 4554 471 4617 θῶς
508 4553 715 4607 ὁδεύσει
743 4528 857 4626 τὴν-
883 4528 1105 4624 πορείαν
1124 4528 1145 4619 ,⁷
1167 4555 1273 4607 ἀπὸ
1321 4554 1589 4621 γενέσεως
1641 4528 1821 4625 ’μέχρι
1842 4528 1936 4626 τής

2048 4546 2131 4605 is,
2186 4541 2279 4612 qui
2330 4552 2467 4608 pura
2523 4545 2704 4591 mente
2773 4533 2875 4587 fuit
2929 4539 2984 4586 et
3030 4532 3388 4599 incorrupta,
3443 4544 3629 4584 rerum

364 4646 544 4710 ἐξόδου
582 4645 675 4699 τὸν
700 4647 1028 4715 τεταγμένον
1076 4645 1226 4715 αὐτῷ
1273 4647 1461 4716 χρόνον
1508 4646 1938 4717 διεξερχόμενος

365 4736 501 4789 ἀλλὰ
540 4736 681 4789 κατά
710 4736 809 4807 τὴν
840 4735 950 4789 τῶν
990 4736 1284 4807 ὁδοιπόρων
1316 4737 1601 4807 συνήθειαν
1628 4738 1720 4790 τοῦ
1756 4739 1943 4809 πρόσω

366 4828 641 4898 ἐχόμενος,
681 4827 859 4895 ὀλίγον
914 4832 1147 4881 ποιεῖται
1200 4829 1308 4882 τῶν
1356 4830 1803 4899 προφαινομένων
1854 4829 1944 4881 τὸν

365 4915 541 4982 λόγον.
593 4914 828 4985 Σύνηθες
881 4915 991 4984 γὰρ
1028 4917 1138 4978 τοῖς
1195 4915 1562 4985 ὁδοιποροῦσιν
1608 4916 1701 4968 ἐπὶ
1742 4916 1803 4968 τὸ
1847 4918 1945 4984 τῆς

365 5007 486 5060 ὁδοῦ
541 5007 715 5077 πέρας
758 5007 959 5077 ὁμοίως
984 5006 1300 5076 ἐπείγεσθαι
1326 5047 1339 5068 ,
1372 5007 1434 5059 ἄν
1467 5025 1525 5059 τε
1556 5007 1644 5059 διὰ
1673 5005 1950 5077 λειμώνων

369 5100 462 5152 καὶ
489 5100 781 5170 συμφύτων
812 5100 1046 5170 χωρίων,
1070 5099 1135 5152 ἄν
1158 5116 1217 5152 τε
1243 5100 1308 5153 δι’
1330 5100 1679 5170 ἐρημοτέρων
1699 5100 1791 5151 καὶ
1813 5114 1948 5167 τρα-

369 5192 611 5263 χυτέρων
642 5191 823 5244 τόπων
878 5191 1217 5263 διέρχωνται.
1260 5192 1355 5245 καὶ
1380 5190 1503 5243 οὔτε
1530 5192 1591 5244 τὸ
1632 5191 1728 5261 ἡδὺ
1774 5207 1951 5261 παρα-

370 5283 653 5352 κατέσχεν,
676 5282 799 5335 οὔτε
826 5283 889 5335 τὸ
912 5282 1074 5352 ἀηδὲς
1109 5282 1433 5336 ἐνεπόδισεν.
1477 5282 1633 5334 Οὕτω
1663 5283 1757 5334 καὶ
1787 5282 1949 5344 αὐτὸς

371 5377 776 5448 ἀμεταστρεπτὶ
809 5375 945 5443 πρὸς
978 5375 1067 5427 τὸν
1115 5374 1472 5443 προκείμενον
1530 5376 1730 5426 σκοπὸν
1770 5371 1949 5442 ἐαυτῷ

372 5467 774 5538 ἐπειχθήσεται,
795 5468 931 5538 πρὸς
955 5466 1107 5519 οὐδὲν
1129 5466 1238 5519 τῶν
1260 5465 1529 5535 παροδίων
1552 5463 1948 5535 ἐπιστρεφόμε-

374 5572 461 5621 νος
481 5555 642 5610 οάλλά
666 5557 801 5628 πρὸς
828 5557 984 5627 μόνον
1016 5556 1241 5627 οὐρανὸν
1275 5554 1487 5625 βλέπων
1512 5553 1830 5623 διαπεράσει
1858 5551 1948 5605 τὸν

445 5735 467 5764 ⁸
491 5731 680 5789 Matth.
708 5749 852 5799 xxiv,
890 5732 980 5789 55.
1056 5731 1137 5786 'll
1160 5731 1286 5787 Cor.
1316 5750 1365 5799 v,
1411 5732 1463 5787 4.
1538 5732 1563 5763 ν⁶
1595 5728 1739 5785 Psal.
1765 5742 1915 5783 cur.
1940 5726 1993 5785 5.

2050 4635 2336 4687 veritatem
2368 4631 2600 4684 intuitus
2646 4634 2763 4690 est,
2820 4626 2888 4679 ab
2918 4632 3043 4678 ortu
3087 4637 3261 4693 usque
3295 4620 3360 4676 ad
3419 4621 3628 4677 obitum

2051 4726 2379 4799 pe-zclinitum
2440 4723 2544 4779 sibi
2594 4730 2810 4790 tempus
2840 4716 3243 4788 percurrendo,
3308 4722 3457 4769 recta
3485 4714 3632 4767 hunc

2060 4823 2239 4889 ipsum
2294 4818 2419 4870 vitae
2446 4828 2669 4868 cursum
2705 4811 2950 4872 conﬁcit,
2987 4823 3123 4885 cum.
3162 4822 3341 4877 neque
3375 4804 3629 4874 volupta-

2052 4921 2166 4964 tum
2225 4906 2505 4961 blanditiis
2545 4904 2866 4964 molliatur,
2918 4915 3096 4969 neque
3149 4897 3313 4953 rebus
3366 4894 3628 4966 gravibus

2057 5000 2372 5055 debilitetur
2402 5012 2465 5051 ac
2498 4995 2858 5065 deprimatur,
2897 4991 2991 5047 sed
3022 4990 3293 5043 viatorum
3330 5000 3482 5041 more
3519 4985 3631 5038 lon-

2057 5096 2179 5164 gius
2247 5103 2596 5162 progressus,
2630 5100 2853 5156 parvam
2906 5097 3097 5139 earum
3146 5094 3351 5145 rerum,
3413 5092 3535 5146 qua:
3570 5090 3630 5131 se

2058 5187 2166 5239 illis
2226 5181 2563 5241 ostendunt,
2626 5178 2891 5231 rationem
2946 5173 3128 5227 habet.
3182 5168 3322 5224 Illud
3369 5168 3516 5223 enim
3573 5168 3629 5221 in

2056 5274 2461 5332 consuetudine
2518 5285 2706 5325 eorum
2758 5276 2843 5324 est
2887 5266 2981 5336 qui
3038 5263 3498 5335 peregrinantur,
3570 5266 3632 5312 ut

2059 5367 2173 5421 sive
2213 5364 2405 5435 pratis,
2448 5363 2562 5418 sive
2584 5361 2779 5421 .cultis
2826 5358 2975 5429 agris
3005 5398 3021 5422 ,
3073 5357 3186 5410 sive
3218 5353 3394 5409 vastis
3447 5350 3634 5406 deser-

2057 5461 2235 5528 tisque
2277 5456 2415 5510 locis
2446 5455 2549 5509 iter
2577 5452 2803 5517 faciant,
2863 5464 3041 5519 neque
3082 5447 3160 5502 rei
3190 5445 3358 5499 ullius
3389 5443 3632 5499 oblecta-

2056 5550 2226 5616 tione,
2264 5561 2443 5619 neque
2477 5560 2535 5601 re
2587 5544 2770 5615 aliqua
2826 5541 3056 5597 molesta
3091 5535 3361 5609 impediti,
3409 5530 3633 5590 itineris
