4096 6354
435 271 539 329 345

1691 286 1748 341 8.
1782 281 2116 346 GREGORH
2152 289 2447 350 NYSSENI

3599 305 3721 359 Si"

432 405 655 447 cursum
711 391 986 450 conﬁcere
1039 403 1338 456 maturent.
1393 399 1625 470 Parique
1671 405 1888 461 ratione
1923 406 2012 462 hic

2129 407 2251 475 Biov,
2287 412 2538 482 καθάπερ
2564 431 2647 477 τις
2671 415 3013 488 κυϐερνήτης
3050 415 3255 486 ἀγαθὸς
3288 417 3425 489 πρὸς
3465 419 3559 473 τὸν
3595 421 3706 476 ἄνω

431 496 534 537 nec
581 482 907 539 diverticula
937 525 954 550 ,
1012 502 1192 558 neque
1241 491 1454 547 viarum
1515 495 1780 551 ﬂexiones
1831 499 2010 567 respi-

431 575 646 642 ciendo,
689 576 754 630 ad
805 577 938 634 illud
993 581 1139 650 quod
1206 583 1314 638 sibi
1375 586 1615 648 maxime
1666 588 2008 656 propositum

430 678 534 730 est,
564 669 790 726 omnino
819 673 1138 741 perveniet,
1179 675 1275 729 sed
1311 675 1364 729 in
1414 677 1614 731 caelum
1670 679 1848 734 solum
1875 695 2012 734 con-

431 757 659 823 tuendo,
691 759 839 815 hunc
889 760 1015 815 vitae
1058 776 1282 816 cursum
1317 802 1333 828 ,
1385 773 1646 836 tanquam
1681 769 1882 838 aliquis
1911 783 2009 838 op~

433 848 602 904 timus
655 851 1010 920 gubernator,
1044 854 1322 921 conﬁciet,
1376 857 1470 926 qui
1504 860 1729 914 caeleste
1786 859 2008 929 aliquod

435 938 589 995 sidus
645 940 908 998 intuendo
961 943 1028 999 ad
1091 945 1146 1000 id
1183 947 1340 1003 navis
1392 962 1614 1003 cursum
1677 950 1888 1021 dirigit.
1923 952 2015 1007 Ille

434 1042 567 1082 vero
600 1067 615 1092 ,
658 1031 750 1084 cui
809 1031 1061 1087 obtusior
1097 1043 1182 1088 est
1239 1036 1436 1091 mentis
1505 1037 1653 1092 acies
1681 1079 1697 1102 ,
1750 1038 2015 1093 inferiora

434 1120 660 1189 respicit
685 1161 699 1184 ,
757 1131 812 1178 et
849 1123 918 1178 ad
955 1127 1204 1196 corporis
1251 1129 1562 1199 voluptates
1588 1171 1603 1194 ,
1644 1139 1904 1201 tanquam
1945 1134 2014 1187 ad

438 1211 697 1280 pabulum
779 1215 1063 1284 pecudes,
1125 1221 1366 1274 animum
1431 1221 1662 1289 adjicit,
1731 1223 2017 1292 ventrique

436 1301 583 1369 soli,
627 1305 950 1376 caeterisque
1001 1309 1210 1366 ventris
1280 1311 1470 1364 vitium
1543 1314 2017 1382 consequentibus

434 1389 600 1443 rebus
649 1390 868 1449 deditus
908 1394 1079 1463 vivit;
1115 1397 1279 1468 Quive
1307 1414 1336 1451 a
1377 1399 1488 1453 vita
1541 1399 1730 1455 divina
1765 1417 2015 1468 aversus,

435 1485 490 1532 et
521 1493 549 1532 a
590 1488 1039 1555 testamentorum
1069 1489 1359 1558 promissis
1415 1490 1628 1546 alienus
1649 1531 1664 1554 ,
1698 1493 1836 1547 nihil
1871 1494 2017 1548 aliud

435 1571 493 1625 in
535 1571 696 1629 bonis
750 1590 874 1630 esse
927 1587 1103 1648 putat,
1154 1578 1262 1635 nisi
1312 1595 1437 1636 cum
1471 1581 1597 1653 quis
1653 1582 1708 1637 in
1769 1585 2020 1654 corporis

434 1662 714 1736 voluptate
758 1676 866 1733 est,
908 1670 998 1724 hic
1046 1672 1328 1742 profecto,
1378 1681 1430 1728 et
1477 1675 1658 1731 omnis
1705 1675 1889 1740 horrio,
1923 1676 2017 1746 qui

2117 502 2317 555 σκοπὸν
2366 503 2658 558 διευθύνων
2696 505 2758 558 τὸ
2802 507 3029 576 σκάφος.
3080 508 3137 562 '0
3175 508 3232 562 δὲ
3263 510 3443 580 παχὺς
3472 511 3567 582 τὴν
3589 512 3704 565 διά-

2114 602 2282 656 νοιαν,
2331 595 2424 648 καὶ
2475 591 2626 649 κάτω
2658 597 2889 667 βλέπων,
2924 599 3018 652 καὶ
3075 600 3434 670 συγκεκυφὼς
3462 605 3525 673 τῇ
3557 602 3702 674 ψυχῇ

2115 686 2252 756 πρὸς
2279 687 2345 740 τὰ
2373 687 2506 757 ἡδέα
2527 686 2620 740 τοῦ
2651 687 2924 758 σώματος,
2962 690 3214 762 καθάπερ
3248 691 3384 762 πρὸς
3410 692 3507 762 τὴν
3533 692 3705 763 νομὴν

2113 777 2181 829 τὰ
2213 777 2554 848 βοσκήματα,
2591 779 2728 852 μόνῃ
2757 783 2822 850 τῇ
2853 783 3050 851 γαστρὶ
3072 780 3164 834 καὶ
3195 784 3306 844 τοῖς
3341 778 3477 852 μετά
3506 783 3705 851 γαστέ-

2119 884 2186 938 ρα
2224 868 2331 932 ζῶν
2355 909 2371 935 ,
2411 869 2922 941 ἀπηλλοτριωμένος
2961 871 3056 926 τοῦ
3099 872 3235 925 Θεοῦ
3270 875 3366 945 τῆς
3412 875 3577 946 ζωῆς,
3614 877 3707 929 καὶ

2117 958 2265 1023 ξένος
2319 959 2426 1015 τῶν
2465 961 2743 1033 διαθηκῶν
2771 963 2872 1033 τῆς
2915 966 3282 1034 ἐπαγγελίας,
3317 967 3469 1019 οὐδὲν
3519 962 3725 1038 ἕτερονί
3819 960 3825 965 ’

2115 1042 2320 1118 ἀγαθὸν
2343 1048 2480 1105 εἶναι
2503 1044 2759 1123 νομίζων,
2785 1055 2816 1124 ἦ
2839 1055 2899 1108 τὸ
2930 1055 3162 1126 ἡσθῆναι
3193 1056 3281 1110 διὰ
3303 1055 3396 1109 τοῦ
3431 1053 3702 1128 σώματος,

2117 1137 2274 1206 οὗτός
2322 1145 2506 1208 ἐστιν,
2551 1145 2645 1198 καὶ
2696 1147 2804 1210 πᾶς
2835 1149 2863 1199 ὁ
2909 1147 3167 1211 τοιοῦτος,
3205 1148 3232 1199 ὁ
3272 1150 3328 1200 ὲν
3365 1148 3545 1200 σκότει
3592 1148 3707 1201 δια-

2118 1221 2496 1303 πορευόμενος,
2524 1234 2706 1299 καθώς
2741 1254 2904 1306 φησιν
2929 1240 2960 1306 ή
2987 1238 3196 1309 Γραφὴ,
3229 1240 3257 1291 δ
3283 1234 3395 1290 τῶν
3419 1241 3475 1291 ἐν
3499 1238 3576 1309 τῷ
3606 1238 3724 1309 βίῳ

2117 1324 2291 1396 τούτῳ
2315 1326 2502 1379 κακῶν
2536 1327 2764 1399 εὐρέτης
2785 1347 2799 1360 υ
2827 1332 2884 1383 ὲν
2915 1330 3126 1394 τούτοις
3151 1329 3259 1402 γὰρ
3284 1330 3377 1384 καὶ
3405 1329 3704 1395 πλεονεξία,

2119 1419 2213 1470 καὶ
2252 1417 2455 1472 παθῶν
2481 1420 2766 1484 ἀκολασία,
2816 1423 2909 1477 καὶ
2951 1425 2984 1494 ἡ
3019 1424 3153 1495 πρὸς
3205 1426 3303 1487 τὰς
3341 1421 3538 1494 ἡδονὰς
3567 1423 3706 1493 ἀμε-

2117 1510 2243 1581 τρία
2266 1551 2281 1576 ,
2309 1509 2567 1582 φιλαρχία
2597 1529 2658 1565 τε
2697 1515 2868 1579 πᾶσα,
2900 1515 2994 1568 καὶ
3034 1514 3198 1585 κενῆς
3224 1514 3380 1583 δόξης
3413 1508 3700 1584 ἐπιθυμία,

2120 1591 2213 1652 καὶ
2259 1602 2286 1653 ὁ
2334 1600 2518 1664 λοιπὸς
2561 1602 2749 1674 ὅμιλος
2785 1603 2893 1659 τῶν
2935 1606 3324 1660 συνοικούντων
3357 1605 3545 1659 παθῶν
3593 1605 3708 1668 τοῖς

2122 1690 2448 1763 ἀνθρώποις.
2503 1695 2722 1765 Ἔχεται
2771 1696 2880 1768 γάρ
2931 1715 3048 1762 πως
3107 1699 3164 1752 ὲν
3215 1700 3326 1762 τοῖς
3382 1692 3574 1761 κακοῖς
3612 1696 3705 1750 τοῦ

436 1753 492 1808 in
551 1765 615 1811 eo
660 1774 889 1814 numero
921 1769 1026 1827 est,
1087 1764 1140 1818 in
1196 1766 1460 1833 tenebris,
1499 1776 1558 1820 ut
1603 1766 1806 1822 divinis
1851 1765 2019 1822 Litte-

2129 1783 2307 1855 ἑτέρου
2331 1786 2393 1836 τὸ
2439 1785 2655 1859 ἕτερον,
2695 1787 2789 1842 καὶ
2831 1781 2986 1861 ᾧπερ
3011 1789 3077 1843 ἂν
3105 1789 3166 1843 τὺ
3201 1789 3258 1842 ἓν
3305 1789 3706 1862 παραγένηται,

436 1847 514 1902 ris
552 1847 820 1918 scriptum
871 1852 1064 1918 est“,
1096 1855 1380 1921 ambulat,
1410 1870 1534 1911 cum
1570 1855 1624 1910 in
1673 1857 1780 1912 vita
1828 1857 2021 1926 hujus-

437 1937 584 1992 modi
660 1942 802 2015 mala
871 1942 1228 2016 introducat:
1271 1947 1325 2001 in
1407 1947 1494 2002 his
1531 1950 1680 2002 enim
1745 1951 2020 2014 avaritia,

437 2031 604 2084 animi
637 2031 974 2100 impotentia,
1000 2037 1292 2103 immodica
1319 2041 1385 2093 ad
1419 2042 1730 2110 voluptates
1762 2041 1980 2097 aﬁ‘ectio
2003 2084 2021 2110 ,

439 2119 657 2202 imperii
697 2125 970 2193 cupiditas
995 2166 1009 2190 ,
1071 2128 1251 2184 inanis
1275 2131 1461 2201 gloriae
1512 2134 1798 2202 appetitio,
1846 2148 1910 2187 ac
1935 2149 2021 2188 re-

438 2199 761 2280 liqua'inest
818 2231 1007 2270 earum
1081 2236 1203 2290 quae
1270 2232 1398 2277 sunt
1448 2207 1767 2280 hominibus
1826 2233 2024 2280 contu-

437 2301 715 2372 bernales,
755 2308 1234 2376 perturbationum
1277 2311 1595 2369 multitudo.
1640 2312 1717 2368 Ex
1759 2314 1843 2371 his
1874 2315 2022 2370 enim

438 2395 669 2462 morbis,
725 2399 862 2453 alter
917 2401 1158 2470 quodam
1202 2403 1365 2458 modo
1409 2405 1637 2461 alterius
1688 2408 1910 2462 vinculo
1943 2417 2025 2464 te-

440 2491 629 2558 netur,
659 2494 727 2544 ,et
785 2489 870 2543 cui
923 2505 1067 2546 unus
1099 2507 1164 2546 ex
1197 2491 1282 2547 his
1315 2493 1573 2562 accedit,
1626 2495 1824 2566 reliqui
1865 2497 2023 2566 quasi

440 2575 678 2652 naturali
737 2577 973 2647 quadam
1043 2578 1374 2636 necessitate
1443 2585 1758 2653 compulsi,
1796 2586 1863 2640 ad
1900 2601 2022 2640 eum

437 2677 817 2748 concurrunt:
852 2669 904 2725 id
941 2672 1082 2743 quod
1125 2673 1177 2726 in
1215 2684 1406 2729 catena
1441 2673 1557 2730 ﬁeri
1590 2678 1839 2733 videmus
1866 2695 1878 2731 :
1905 2680 2025 2749 ejus

441 2757 588 2812 enim
649 2744 919 2832 principio
965 2770 1221 2828 attracto,
1257 2781 1436 2834 neque
1503 2755 1698 2838 reliqui
1755 2769 1904 2825 illius
1935 2787 2026 2825 or-

445 2851 542 2906 bes
601 2855 909 2910 consiStere
961 2869 1214 2926 possunt,
1274 2858 1369 2913 sed
1400 2860 1628 2916 ultimus
1682 2873 1893 2918 catena:
1936 2879 2028 2920 or-

442 2941 529 2996 bis
566 2957 690 2998 cum
727 2948 905 3016 primo
951 2949 1115 3004 simul
1181 2959 1362 3008 motus
1418 2963 1524 3016 est,
1559 2969 1682 3008 cum
1737 2971 1802 3010 ex
1834 2972 2026 3012 eorum

443 3040 708 3110 perpetuo
745 3037 940 3092 ordine
984 3039 1080 3108 qui
1148 3040 1310 3095 simul
1349 3045 1548 3098 annexi
1584 3054 1713 3098 sunt
1761 3048 1984 3103 circulis
2010 3089 2026 3116 ,

2128 1877 2222 1930 καὶ
2261 1875 2330 1929 τὰ
2371 1876 2532 1931 λοιπά
2560 1877 2809 1952 καθάπερ
2851 1879 2957 1933 ὑπό
3005 1897 3150 1944 τινος
3192 1880 3432 1950 φυσικῆς
3461 1881 3709 1950 ἀνάγκης

2129 1964 2413 2036 ἑλκόμενα,
2441 1967 2842 2039 συνεισέρχεται
2865 1971 3101 2034 πάντως.
3129 1965 3252 2025 Οἶον
3273 1971 3331 2023 ἐν
3353 1967 3539 2022 ἁλύσει
3560 1968 3706 2036 γίνε-

2127 2073 2240 2121 ται,
2267 2059 2368 2128 τῆς
2394 2060 2569 2130 ἀρχῆς
2594 2061 3047 2132 ὲπισπασθείσης,
3076 2061 3195 2115 οὐδὲ
3225 2060 3321 2124 τὰς
3354 2059 3548 2124 λοιπὰς
3577 2062 3708 2128 ἠρε-

2134 2152 2252 2220 μεῖν
2284 2151 2382 2219 τῆς
2415 2151 2656 2215 ἁλύσεως
2708 2152 2952 2220 ἀγκύλας
3014 2153 3237 2206 δυνατόν
3286 2153 3456 2215 ἐστιν,
3513 2151 3626 2206 ἀλλ’
3673 2153 3706 2221 ἡ

2130 2241 2272 2295 κατά
2318 2241 2378 2293 τὸ
2415 2241 2603 2312 ἕτερον
2639 2243 2814 2315 πέρας
2845 2243 2946 2313 τῆς
2981 2243 3222 2306 ἁλύσεως
3252 2241 3464 2314 ἀγκύλη
3501 2258 3713 2295 συνεκι·

2131 2321 2266 2401 νήθη
2318 2333 2385 2402 τῇ
2433 2329 2645 2402 πρώτη,
2679 2332 2819 2386 κατά
2866 2330 2928 2384 τὸ
2972 2331 3263 2386 ἀκόλουθον
3303 2333 3388 2386 ἀεὶ
3421 2333 3515 2385 καὶ
3545 2347 3713 2402 προσ-

2131 2420 2255 2490 εχὲς
2279 2421 2386 2474 ἀπὸ
2417 2420 2512 2486 τοῦ
2541 2421 2758 2493 πρώτου
2785 2422 2876 2476 διὰ
2920 2422 3024 2476 τῶν
3053 2423 3474 2494 παρακειμένων
3497 2423 3594 2494 τῇς
3628 2439 3712 2473 κι-

2130 2515 2338 2583 νήσεως
2359 2511 2658 2585 προϊούσης
2679 2530 2694 2543 ·
2723 2513 2896 2579 οὕτως
2934 2514 3310 2586 ὲμπέπλεκται
3358 2515 3453 2567 καὶ
3505 2511 3714 2584 συμπέο

2132 2593 2300 2670 ιρυκεν
2329 2603 2578 2674 ἀλλήλοις
2612 2603 2683 2657 τὰ
2721 2603 3038 2677 ἀνθρώπινα
3066 2605 3234 2676 πάθη,
3259 2605 3352 2659 καὶ
3374 2605 3440 2657 δι’
3470 2605 3585 2666 ἑνὸς
3617 2600 3713 2656 τοῦ

2132 2685 2623 2766 ἐπικρατήσαντος,
2652 2697 2745 2749 καὶ
2772 2699 2799 2750 ὁ
2835 2697 3022 2760 λοιπὸς
3044 2697 3152 2749 τῶν
3183 2697 3368 2751 κακῶν
3407 2693 3562 2758 ὁλκὸς
3594 2711 3717 2747 συν-

2132 2785 2441 2856 εισέρχεται
2467 2788 2533 2857 τῇ
2567 2785 2735 2858 ψυχῇ.
2771 2787 2882 2842 Καὶ
2916 2790 2963 2842 εί
2992 2791 3096 2860 χρή
3129 2798 3210 2842 σοι
3256 2787 3581 2860 διαγράφειν
3617 2786 3716 2859 τὴν

2133 2876 2378 2948 πονηρὰν
2425 2879 2628 2949 ταύτην
2667 2879 2877 2944 ἅλυσιν,
2909 2881 3107 2934 ὑπόθου
3135 2881 3253 2934 τινὰ
3285 2876 3372 2935 διά
3413 2898 3558 2945 τινος
3590 2881 3715 2952 ἡδοο

2133 2965 2230 3036 νῆς
2278 2965 2372 3020 τοῦ
2434 2967 2574 3020 κατὰ
2634 2968 2734 3038 τὴν
2781 2969 3085 3034 κενοδοξίαν
3132 2969 3429 3042 ἡττηθῆναι
3469 2969 3713 3033 πάθως’

2135 3057 2275 3112 ἀλλά
2300 3061 2365 3130 τῇ
2389 3059 2664 3132 κενοδοξία
2688 3059 2779 3113 καὶ
2808 3062 2846 3130 ἡ.
2871 3060 2966 3114 τοῦ
3003 3061 3247 3124 πλείονος
3277 3062 3464 3132 ἔφεσις
3496 3078 3719 3132 συνηκο-

443 3136 475 3176 a
532 3125 709 3194 primo
758 3128 927 3183 motio
992 3131 1108 3200 ipsa
1173 3135 1602 3204 progrediatur:
1641 3137 1715 3192 ita
1798 3139 2022 3194 humani

2129 3125 2424 3222 λούθησεψ
2465 3152 2527 3204 ού
2584 3125 2694 3223 γάρ
2744 3125 2860 3204 ἔστι
2918 3143 3247 3224 πλεονέκτην
3297 3125 3714 3224 γενέσθαι,’μὴ

448 3215 678 3273 affectus
735 3219 986 3290 impliciti
1041 3223 1184 3277 inter
1230 3240 1290 3279 se
1352 3235 1515 3293 atque
1561 3230 1796 3285 connexi
1848 3240 2025 3297 sunt,

445 3321 700 3380 saepeque
747 3313 841 3376 ﬁt,
879 3324 961 3377 ut,
1006 3331 1130 3367 cum
1185 3332 1327 3371 unus
1385 3318 1782 3388 imperaverit,
1819 3323 2028 3392 reliqua

445 3399 577 3454 item
633 3403 951 3458 morborum
994 3408 1152 3461 turba
1213 3409 1456 3463 animum
1490 3411 1732 3466 invadat.
1777 3413 1957 3483 Atque
1984 3416 2030 3470 si

448 3492 564 3547 haec
599 3495 817 3563 quidem
863 3497 978 3567 ipsa
1023 3499 1179 3568 quasi
1239 3501 1503 3554 malorum
1559 3511 1754 3558 catena
1806 3505 1901 3560 tibi
1933 3522 2031 3561 ex-

452 3583 686 3652 plicetur
745 3602 970 3643 necesse
1014 3600 1131 3653 est,
1199 3589 1286 3645 fac
1321 3607 1444 3647 esse
1513 3597 1826 3665 quempiam
1860 3638 1874 3662 ,
1932 3600 2026 3668 qui

450 3691 563 3745 pra:
613 3677 891 3748 voluptate
929 3681 1162 3750 quadam
1209 3682 1279 3736 sit
1341 3684 1521 3739 inanis
1589 3688 1777 3756 gloria:
1831 3691 2029 3746 aﬁ‘ectu

449 3777 784 3837 superatus;
821 3779 906 3826 est
963 3771 1090 3827 huic
1132 3787 1265 3828 sane
1296 3774 1474 3831 inanis
1510 3776 1698 3846 gloriae
1738 3780 2031 3850 cupiditati

453 3859 715 3941 adjuncta
745 3863 908 3918 etiam
940 3865 1206 3938 appetitio
1236 3868 1509 3937 quaedam,
1549 3877 1606 3924 ut
1636 3871 1760 3941 plus
1802 3871 1847 3927 is
1881 3886 2033 3929 asse-

2125 3240 2341 3310 ἐκείνης
2382 3241 2475 3293 ἐπὶ
2530 3241 2591 3294 τὸ
2642 3243 2814 3309 πάθος
2860 3244 3330 3314 χειραγωγούσης.
3374 3243 3508 3299 Εἶτα
3552 3246 3586 3315 ἡ
3622 3243 3716 3297 τοῦ

2129 3331 2476 3385 πλεονεκτεῖν
2505 3334 2599 3386 καὶ
2637 3335 2894 3405 προέχειν
2929 3337 3269 3407 ἐπιθυμία,ῆ
3301 3337 3469 3408 ὀργὴν
3493 3337 3716 3403 ἐξάπτει

2130 3423 2267 3492 πρὸς
2303 3423 2364 3476 τὸ
2391 3423 2683 3494 ὁμόφυλον,
2717 3424 2750 3494 ἢ
2789 3426 2926 3495 πρὸς
2961 3425 3020 3478 τὸ
3043 3427 3354 3498 ὑποχείριον
3380 3427 3479 3499 τὴν
3507 3429 3717 3498 ὑπερη-

2133 3513 2350 3583 φανίαν,
2386 3514 2418 3585 ἢ
2469 3515 2602 3584 πρὸς
2635 3515 2696 3568 τὸ
2750 3517 3014 3587 ὑπερέχον
3049 3518 3142 3583 τὴν
3169 3518 3360 3586 φθόνον
3385 3535 3399 3550 ο
3425 3518 3618 3588 φθόνου
3661 3519 3720 3572 δὲ

2135 3604 2486 3676 ἀκόλουθοςή
2535 3606 2821 3676 ὑπόκρισις
2874 3607 3082 3675 γίνεται
3116 3623 3128 3637 ·
3165 3609 3378 3680 ἐκείνης
3411 3612 3443 3680 ἡ
3484 3611 3678 3680 πικρία
3704 3652 3718 3675 ,

2136 3696 2338 3768 ταύτης
2391 3699 2424 3769 ἡ
2463 3698 2846 3770 μισανθρωπία
2871 3716 2883 3730 ·
2920 3701 3125 3754 τούτων
3181 3703 3434 3756 ἀπάντων
3469 3704 3531 3756 τὸ
3569 3704 3722 3766 τέλος

2138 3788 2481 3859 κατάκρισις,
2522 3791 2601 3854 είς
2630 3789 2854 3858 γέενναν
2885 3791 2979 3845 καὶ
3012 3793 3202 3858 σκότος
3250 3795 3346 3849 καὶ
3396 3792 3508 3866 πῦρ
3554 3791 3722 3849 κατα-

2140 3877 2400 3948 λήγουσα.
3551 3896 3558 3900 “

453 3958 692 4016 quatur:
727 3953 987 4021 quoniam
1041 3971 1150 4011 non
1200 3964 1381 4027 potest
1435 3958 1560 4027 quis
1605 3959 1729 4030 plus
1783 3961 2020 4020 habendi
2059 3969 2364 4038 cupiditate
2431 3971 2642 4036 teneri,
2717 3973 2822 4028 nisi
2875 3973 3039 4043 hujus
3089 3974 3318 4031 aﬁ‘ectus
3365 3975 3477 4031 dux
3542 3985 3724 4031 etco-

459 4057 577 4096 mcs
626 4044 878 4113 quaedam
957 4047 1030 4100 sit
1084 4048 1280 4130 gloriae
1314 4050 1597 4119 aviditas;
1665 4045 1860 4129 deinde
1924 4060 2188 4127 appetitio
2229 4061 2381 4140 haec,
2415 4078 2520 4133 qua
2568 4065 2695 4135 quis
2771 4064 3024 4132 aﬂicitur,
3092 4077 3153 4121 ut
3205 4077 3259 4123 et
3309 4083 3497 4140 apum,
3539 4079 3592 4124 et
3645 4070 3727 4122 di-

455 4134 681 4218 gnitatis
739 4137 1099 4207 amplitudine
1129 4123 1342 4195 caneris
1389 4142 1508 4212 ipse
1567 4127 1828 4210 antistet,
1862 4123 2030 4202 νει-ίιι
2070 4129 2310 4222 tequales
2356 4123 2602 4210 concitat
2639 4155 2814 4221 iram,
2870 4157 2954 4211 vel
2987 4158 3299 4228 superbiam
3375 4160 3430 4212 in
3501 4159 3725 4212 inferio-

1413 4208 1425 4212 _
1815 4208 1822 4210 ν
2135 4208 2150 4222 ,
2641 4208 2654 4210 -
2729 4208 2734 4209 κ
2800 4208 2813 4221 ,
2883 4208 3298 4228 .--ητηην-σ-

457 4208 583 4292 res,
631 4228 715 4282 vel
759 4228 820 4307 in,
873 4231 1184 4299 Superiores
1221 4230 1508 4296 invidiam.
1577 4235 1738 4304 cujus
1783 4238 1934 4292 socia
2012 4250 2095 4297 est
2171 4243 2467 4301 simultas:
2509 4245 2675 4315 hujus
2736 4261 2868 4302 vero
2915 4262 3098 4302 comes
3185 4248 3456 4303 acerbitas
3488 4289 3503 4312 ,
3560 4266 3723 4319 quam

455 4320 640 4373 odium
675 4311 949 4392 quoddam
991 4323 1273 4378 hominum
1317 4327 1716 4399 consequitur:
1755 4338 1810 4383 at
1873 4332 2067 4387 horum
2127 4343 2370 4392 omnium
2416 4347 2755 4408 postremum
2803 4354 2886 4394 esr
2936 4337 3238 4407 damnatio,
3287 4339 3342 4394 in
3394 4341 3722 4410 gehennam,

457 4395 736 4488 tenebras,
789 4417 954 4480 atque
1002 4412 1181 4482 ignem
1221 4397 1503 4471 desinens.
2272 4493 2276 4500 ‘

475 4556 480 4575 ς
527 4502 692 4557 Vides
737 4493 930 4585 horum
982 4497 1225 4561 omnium
1299 4510 1568 4564 malorum
1635 4515 1792 4582 quasi
1852 4517 2024 4583 viam1

2227 4519 2389 4591 Ὁρᾷς
2419 4521 2510 4574 τὸν
2536 4521 2692 4576 ὁλκὸν
2719 4522 2827 4576 τῶν
2866 4523 3069 4591 κακῶν,
3103 4525 3250 4589 ὅπως
3281 4525 3400 4590 ὲνὸς
3439 4525 3506 4578 τὰ
3551 4527 3725 4580 πάντα

457 4579 917 4664 quemadmodum
959 4597 1210 4652 videlicet
1239 4600 1308 4653 ab
1351 4617 1460 4656 uno
1506 4579 1804 4674 voluptatis
1839 4611 2024 4664 allectu

2132 4611 2226 4664 τοῦ
2264 4615 2403 4667 κατά
2431 4614 2529 4684 τὴν
2565 4615 2758 4686 ἡδονὴν
2805 4614 3082 4687 ἐξέρχεται
3108 4618 3346 4685 πάθους;
3392 4615 3608 4691 Ἐπειδὴ
3632 4617 3725 4672 οὖν

458 4691 657 4738 cuncta
698 4687 1172 4762 proﬁciscuntur?
1204 4689 1575 4756 Quamobrem
1625 4696 1714 4750 ubi
1769 4698 2037 4767 ejusmodi

457 4775 730 4830 malorum
785 4778 1083 4848 conjuncta
1139 4783 1432 4838 multitudo
1467 4785 1521 4839 in
1581 4786 1723 4843 hanc
1761 4790 1922 4845 vitam
1952 4809 2038 4847 se-

457 4866 564 4922 mel
601 4883 724 4923 sese
760 4871 1026 4940 conjecit,
1081 4887 1190 4927 una
1223 4882 1328 4941 est,
1370 4883 1430 4929 ut
1465 4877 1536 4931 ab
1579 4878 1668 4936 his
1719 4881 2037 4947 liberemur,

457 4959 636 5024 ratio,
665 4975 830 5032 quam
884 4962 938 5017 in
990 4962 1192 5021 divinis
1225 4964 1449 5023 Litteris
1479 4971 1946 5040 contemplemur:
1975 4989 2039 5028 ea

458 5061 640 5107 autem
678 5059 797 5118 est,
835 5065 894 5111 ut
931 5057 1001 5111 ab
1051 5056 1145 5112 illa
1193 5058 1318 5113 vitae
1348 5059 1638 5130 disciplina
1685 5080 1788 5120 nos
1841 5080 2038 5121 avoce-

459 5159 605 5210 mus,
643 5161 767 5216 quae
823 5148 988 5204 rebus
1028 5151 1285 5220 gravibus
1312 5160 1396 5206 est
1426 5162 1589 5222 atque
1645 5155 1893 5212 molestis
1945 5173 2036 5212 as-

462 5235 624 5308 tricta
659 5254 674 5304 ;
704 5254 883 5310 neque
912 5242 1084 5307 enim,
1140 5243 1229 5298 cui
1286 5245 1579 5300 Sodomam
1621 5246 1862 5303 incolere
1887 5247 2038 5303 cordi

461 5333 567 5389 est,
608 5327 748 5396 ignis
800 5315 1032 5386 imbrem
1085 5332 1364 5391 declinare
1403 5337 1493 5390 hic
1548 5346 1728 5407 potest
1758 5357 1771 5394 :
1805 5355 1907 5394 nec
1944 5340 2036 5410 qui

465 5414 722 5485 Sodomis
774 5435 1030 5488 egressus
1054 5465 1069 5489 ,
1105 5426 1302 5481 iterum
1335 5429 1400 5483 ad
1464 5429 1615 5503 urbis
1673 5431 1944 5485 excidium
1981 5447 2039 5488 se

462 5506 754 5573 convertit,
808 5510 862 5563 in
906 5521 1140 5569 statuam
1190 5517 1325 5574 salis
1355 5535 1463 5574 non
1506 5535 1863 5578 concrescere
1894 5561 1910 5589 ,
1941 5539 2037 5580 ne-

538 5683 579 5716 "
599 5685 734 5741 .loan
787 5705 886 5754 nt,
917 5688 1006 5745 55.

2136 4706 2282 4772 ἅπαξ
2317 4706 2564 4776 εἰσῆλθεν
2599 4710 2678 4770 είς
2708 4707 2798 4760 τὸν
2834 4708 3000 4780 βίονή
3029 4710 3317 4764 ἀκολουθία
3336 4711 3443 4764 τῶν
3470 4713 3724 4764 τοιούτων

2144 4797 2354 4860 παθῶν,
2389 4797 2516 4866 μίαν
2554 4797 2770 4868 ὁρῶμεν
2810 4800 2875 4851 ἐκ
2904 4799 3004 4868 τῆς
3035 4799 3143 4855 τῶν
3172 4799 3546 4854 θεοπνεύστων
3581 4801 3722 4871 Γρα-

2140 4885 2255 4952 φῶν
2282 4885 2592 4956 συμϐουλῆς
2622 4888 2719 4957 τὴν
2758 4887 2989 4954 διέξοδον
3031 4889 3254 4952 τούτων,
3298 4891 3356 4943 τὸ
3390 4890 3723 4962 χωρισθῆναι

2141 4977 2236 5030 τοῦ
2267 4977 2506 5031 τοιούτου
2549 4977 2683 5047 βίου,
2720 4979 2814 5032 τοῦ
2847 4982 3200 5052 συνημμένην
3231 4981 3443 5051 ἔχοντος
3471 4984 3526 5034 ὲν
3549 4981 3736 5052 ἑαυτῷ

2143 5066 2240 5137 τὴν
2261 5066 2368 5119 τῶν
2397 5066 2637 5138 ἀνιαρῶν
2665 5067 3039 5139 ἀκολούθησιν’
3069 5071 3182 5125 Οὐκ
3232 5071 3346 5125 ἐστι
3377 5072 3506 5144 γὰρ,
3545 5073 3604 5126 ὲν
3631 5073 3727 5125 Σο-

2142 5159 2328 5229 δόμοις
2371 5159 2838 5230 φιλοχωρήσαντα,
2899 5162 3180 5233 διαφυγεῖν
3237 5164 3337 5237 τὴν
3394 5167 3487 5218 τοῦ
3553 5166 3725 5237 πυρὸς

2143 5249 2482 5319 ἐπομϐρίαν·
2530 5251 2652 5304 οὐδὲ
2694 5254 2785 5305 τὸν
2817 5252 2921 5317 ἔξω
2968 5254 3216 5326 Σοδόμωι
3266 5256 3576 5328 γενόμενον,
3605 5253 3725 5310 εἶτα

2144 5340 2304 5393 πάλιν
2345 5341 2752 5411 ιπιστραφέντα
2786 5343 2921 5416 πρὸς
2946 5345 3045 5416 τὴν
3075 5347 3356 5416 ἐρήμωσιν
3384 5347 3609 5418 ταύτηςν
3649 5346 3723 5418 μὴ

2139 5434 2378 5502 παγῆναι
2407 5431 2609 5503 στήλην
2649 5433 2772 5497 ἀλός
2794 5451 2808 5465 ·
2845 5435 2959 5489 ἀλλ’
2986 5437 3106 5489 οὐδὲ
3138 5438 3239 5508 τῆς
3269 5439 3583 5507 Αἰγυπτίων
3607 5439 3726 5493 δου-

2135 5521 2283 5586 λείας
2344 5521 2826 5596 ἀπαλλαγήσεται,
2857 5527 2886 5578 6
2939 5527 3013 5598 μὴ
3056 5528 3372 5587 καταλιπὼν
3428 5531 3524 5603 τὴν
3561 5530 3728 5602 Myth-
