  <div class='ocr_page' id='page_1' title='image "/cluster/home/n/w/nwhite01/storage/ocr_20150623/46/nnc1.0046978380/180.png"; bbox 0 0 4096 6354; ppageno 0'>
   <div class='ocr_carea' id='block_1_1' title="bbox 359 288 465 346">
    <p class='ocr_par' dir='ltr' id='par_1_1' title="bbox 359 288 465 346">
     <span class='ocr_line' id='line_1_1' title="bbox 359 288 465 346; baseline -0.028 0"><span class='ocrx_word' id='word_1_1' title='bbox 359 288 465 346; x_wconf 70' lang='grc'><strong>513</strong></span> 
     </span>
    </p>
   </div>
   <div class='ocr_carea' id='block_1_2' title="bbox 1692 285 2279 354">
    <p class='ocr_par' dir='ltr' id='par_1_2' title="bbox 1692 285 2279 354">
     <span class='ocr_line' id='line_1_2' title="bbox 1692 285 2279 354; baseline 0.007 -5"><span class='ocrx_word' id='word_1_2' title='bbox 1692 291 1782 349; x_wconf 78' lang='lat' dir='ltr'><strong>DE</strong></span> <span class='ocrx_word' id='word_1_3' title='bbox 1816 285 2279 354; x_wconf 71' lang='lat' dir='ltr'><strong>VlRGlNlTATE.</strong></span> 
     </span>
    </p>
   </div>
   <div class='ocr_carea' id='block_1_3' title="bbox 3507 295 3616 352">
    <p class='ocr_par' dir='ltr' id='par_1_3' title="bbox 3507 295 3616 352">
     <span class='ocr_line' id='line_1_3' title="bbox 3507 295 3616 352; baseline 0 -1"><span class='ocrx_word' id='word_1_4' title='bbox 3507 295 3616 352; x_wconf 64' lang='grc'><strong>546</strong></span> 
     </span>
    </p>
   </div>
   <div class='ocr_carea' id='block_1_4' title="bbox 362 409 1942 490">
    <p class='ocr_par' dir='ltr' id='par_1_4' title="bbox 362 409 1929 484">
     <span class='ocr_line' id='line_1_4' title="bbox 362 409 1929 484; baseline 0.003 -20"><span class='ocrx_word' id='word_1_5' title='bbox 362 424 515 474; x_wconf 84' lang='grc' dir='ltr'>πτον,</span> <span class='ocrx_word' id='word_1_6' title='bbox 559 425 655 480; x_wconf 86' lang='grc' dir='ltr'>την</span> <span class='ocrx_word' id='word_1_7' title='bbox 682 409 1008 480; x_wconf 75' lang='grc' dir='ltr'>ὑποϐρύχιον</span> <span class='ocrx_word' id='word_1_8' title='bbox 1055 409 1198 480; x_wconf 87' lang='grc' dir='ltr'>λέγω</span> <span class='ocrx_word' id='word_1_9' title='bbox 1230 411 1432 482; x_wconf 82' lang='grc' dir='ltr'>ταύτην</span> <span class='ocrx_word' id='word_1_10' title='bbox 1484 411 1646 484; x_wconf 72' lang='grc' dir='ltr'>ζωὴν,</span> <span class='ocrx_word' id='word_1_11' title='bbox 1695 414 1789 468; x_wconf 72' lang='grc' dir='ltr'><strong>καὶ</strong></span> <span class='ocrx_word' id='word_1_12' title='bbox 1815 413 1929 468; x_wconf 59' lang='grc' dir='ltr'>διαὲ</span> 
     </span>
    </p>
   </div>
   <div class='ocr_carea' id='block_1_5' title="bbox 2042 409 3611 490">
    <p class='ocr_par' dir='ltr' id='par_1_5' title="bbox 2042 411 3611 490">
     <span class='ocr_line' id='line_1_5' title="bbox 2042 411 3611 490; baseline -0.004 -18"><span class='ocrx_word' id='word_1_13' title='bbox 2042 432 2140 487; x_wconf 83' lang='lat' dir='ltr'><strong>que</strong></span> <span class='ocrx_word' id='word_1_14' title='bbox 2190 417 2261 472; x_wconf 88' lang='lat' dir='ltr'><strong>ab</strong></span> <span class='ocrx_word' id='word_1_15' title='bbox 2302 416 2686 490; x_wconf 65' lang='lat' dir='ltr'><strong>Egyptiorum</strong></span> <span class='ocrx_word' id='word_1_16' title='bbox 2726 419 3082 474; x_wconf 72' lang='lat' dir='ltr'><strong>servitute&#39;se</strong></span> <span class='ocrx_word' id='word_1_17' title='bbox 3126 414 3251 485; x_wconf 92' lang='lat' dir='ltr'><strong>quis</strong></span> <span class='ocrx_word' id='word_1_18' title='bbox 3277 411 3611 477; x_wconf 74' lang='lat' dir='ltr'><strong>vindicabit,</strong></span> 
     </span>
    </p>
   </div>
   <div class='ocr_carea' id='block_1_6' title="bbox 361 502 1934 575">
    <p class='ocr_par' dir='ltr' id='par_1_6' title="bbox 361 502 1934 575">
     <span class='ocr_line' id='line_1_6' title="bbox 361 502 1934 575; baseline 0.003 -21"><span class='ocrx_word' id='word_1_19' title='bbox 361 502 615 571; x_wconf 69' lang='grc' dir='ltr'>ϐὰς-οὐχὶ</span> <span class='ocrx_word' id='word_1_20' title='bbox 653 502 750 572; x_wconf 81' lang='grc' dir='ltr'>τὴν</span> <span class='ocrx_word' id='word_1_21' title='bbox 793 502 1058 574; x_wconf 74' lang='grc' dir='ltr'>Ἐρυθρὰν</span> <span class='ocrx_word' id='word_1_22' title='bbox 1094 502 1329 574; x_wconf 83' lang='grc' dir='ltr'>ἐκείνην,</span> <span class='ocrx_word' id='word_1_23' title='bbox 1364 503 1499 558; x_wconf 80' lang='grc' dir='ltr'><strong>ἀλλά</strong></span> <span class='ocrx_word' id='word_1_24' title='bbox 1533 505 1634 575; x_wconf 81' lang='grc' dir='ltr'>τὴν</span> <span class='ocrx_word' id='word_1_25' title='bbox 1679 505 1934 574; x_wconf 82' lang='grc' dir='ltr'>μέλαιναν</span> 
     </span>
    </p>
   </div>
   <div class='ocr_carea' id='block_1_7' title="bbox 360 593 1934 666">
    <p class='ocr_par' dir='ltr' id='par_1_7' title="bbox 360 593 1934 666">
     <span class='ocr_line' id='line_1_7' title="bbox 360 593 1934 666; baseline 0.002 -21"><span class='ocrx_word' id='word_1_26' title='bbox 360 594 566 663; x_wconf 79' lang='grc' dir='ltr'>ταύτην</span> <span class='ocrx_word' id='word_1_27' title='bbox 589 594 682 646; x_wconf 72' lang='grc' dir='ltr'><strong>καὶ</strong></span> <span class='ocrx_word' id='word_1_28' title='bbox 710 593 918 664; x_wconf 78' lang='grc' dir='ltr'><strong>ζοφώδη</strong></span> <span class='ocrx_word' id='word_1_29' title='bbox 952 594 1044 647; x_wconf 74' lang='grc' dir='ltr'><strong>τοῦ</strong></span> <span class='ocrx_word' id='word_1_30' title='bbox 1086 594 1200 666; x_wconf 86' lang='grc' dir='ltr'>βίου</span> <span class='ocrx_word' id='word_1_31' title='bbox 1246 594 1550 650; x_wconf 79' lang='grc' dir='ltr'>θάλασσαν·</span> <span class='ocrx_word' id='word_1_32' title='bbox 1578 599 1625 650; x_wconf 80' lang='grc' dir='ltr'><strong>εί</strong></span> <span class='ocrx_word' id='word_1_33' title='bbox 1645 597 1720 658; x_wconf 81' lang='grc' dir='ltr'><strong>δὲ,</strong></span> <span class='ocrx_word' id='word_1_34' title='bbox 1755 594 1934 660; x_wconf 81' lang='grc' dir='ltr'>καθώς</span> 
     </span>
    </p>
   </div>
   <div class='ocr_carea' id='block_1_8' title="bbox 366 685 1933 760">
    <p class='ocr_par' dir='ltr' id='par_1_8' title="bbox 366 685 1933 760">
     <span class='ocr_line' id='line_1_8' title="bbox 366 685 1933 760; baseline 0.001 -21"><span class='ocrx_word' id='word_1_35' title='bbox 366 687 574 752; x_wconf 79' lang='grc' dir='ltr'>φησινὸ</span> <span class='ocrx_word' id='word_1_36' title='bbox 602 685 824 756; x_wconf 84' lang='grc' dir='ltr'>Κύριος,</span> <span class='ocrx_word' id='word_1_37' title='bbox 855 687 949 739; x_wconf 79' lang='grc' dir='ltr'><strong>ἐὰν</strong></span> <span class='ocrx_word' id='word_1_38' title='bbox 981 690 1055 757; x_wconf 85' lang='grc' dir='ltr'>μὴ</span> <span class='ocrx_word' id='word_1_39' title='bbox 1077 687 1414 759; x_wconf 76' lang='grc' dir='ltr'><strong>ἐλευθερώσῃ</strong></span> <span class='ocrx_word' id='word_1_40' title='bbox 1449 689 1596 758; x_wconf 80' lang='grc' dir='ltr'>ἡμᾶς</span> <span class='ocrx_word' id='word_1_41' title='bbox 1628 691 1660 759; x_wconf 84' lang='grc' dir='ltr'>ἠ</span> <span class='ocrx_word' id='word_1_42' title='bbox 1691 688 1933 760; x_wconf 76' lang='grc' dir='ltr'>ἀλήθεια,</span> 
     </span>
    </p>
   </div>
   <div class='ocr_carea' id='block_1_9' title="bbox 365 775 1938 851">
    <p class='ocr_par' dir='ltr' id='par_1_9' title="bbox 365 775 1938 851">
     <span class='ocr_line' id='line_1_9' title="bbox 365 775 1938 851; baseline 0.003 -23"><span class='ocrx_word' id='word_1_43' title='bbox 365 776 444 846; x_wconf 82' lang='grc' dir='ltr'>τῷ</span> <span class='ocrx_word' id='word_1_44' title='bbox 470 775 625 847; x_wconf 83' lang='grc' dir='ltr'>κακῷ</span> <span class='ocrx_word' id='word_1_45' title='bbox 663 777 772 847; x_wconf 77' lang='grc' dir='ltr'>τῆς</span> <span class='ocrx_word' id='word_1_46' title='bbox 790 777 1029 841; x_wconf 87' lang='grc' dir='ltr'>δουλείας</span> <span class='ocrx_word' id='word_1_47' title='bbox 1074 780 1502 851; x_wconf 77' lang='grc' dir='ltr'>ἐναπομένομεν,</span> <span class='ocrx_word' id='word_1_48' title='bbox 1531 781 1648 844; x_wconf 86' lang='grc' dir='ltr'><strong>πῶς</strong></span> <span class='ocrx_word' id='word_1_49' title='bbox 1693 781 1838 834; x_wconf 75' lang='grc' dir='ltr'>ἔστιν</span> <span class='ocrx_word' id='word_1_50' title='bbox 1879 784 1938 834; x_wconf 85' lang='grc' dir='ltr'><strong>ὲν</strong></span> 
     </span>
    </p>
   </div>
   <div class='ocr_carea' id='block_1_10' title="bbox 363 866 1935 943">
    <p class='ocr_par' dir='ltr' id='par_1_10' title="bbox 363 866 1935 943">
     <span class='ocr_line' id='line_1_10' title="bbox 363 866 1935 943; baseline 0.003 -25"><span class='ocrx_word' id='word_1_51' title='bbox 363 866 432 936; x_wconf 83' lang='grc' dir='ltr'>τῇ</span> <span class='ocrx_word' id='word_1_52' title='bbox 467 866 700 939; x_wconf 76' lang='grc' dir='ltr'><strong>ἀληθείᾳ</strong></span> <span class='ocrx_word' id='word_1_53' title='bbox 731 867 984 935; x_wconf 78' lang='grc' dir='ltr'>γενέσθαι</span> <span class='ocrx_word' id='word_1_54' title='bbox 1019 867 1109 920; x_wconf 81' lang='grc' dir='ltr'><strong>τὸν</strong></span> <span class='ocrx_word' id='word_1_55' title='bbox 1137 867 1401 938; x_wconf 80' lang='grc' dir='ltr'>ζητοῦντα</span> <span class='ocrx_word' id='word_1_56' title='bbox 1430 869 1643 940; x_wconf 75' lang='grc' dir='ltr'>ψεῦδος,</span> <span class='ocrx_word' id='word_1_57' title='bbox 1668 871 1760 926; x_wconf 70' lang='grc' dir='ltr'><strong>καὶ</strong></span> <span class='ocrx_word' id='word_1_58' title='bbox 1790 874 1846 924; x_wconf 76' lang='grc' dir='ltr'>ἐν</span> <span class='ocrx_word' id='word_1_59' title='bbox 1870 875 1935 943; x_wconf 81' lang='grc' dir='ltr'>τῇ</span> 
     </span>
    </p>
   </div>
   <div class='ocr_carea' id='block_1_11' title="bbox 369 956 1940 1032">
    <p class='ocr_par' dir='ltr' id='par_1_11' title="bbox 369 956 1940 1032">
     <span class='ocr_line' id='line_1_11' title="bbox 369 956 1940 1032; baseline 0.004 -24"><span class='ocrx_word' id='word_1_60' title='bbox 369 957 542 1028; x_wconf 78' lang='grc' dir='ltr'>πλάνῃ</span> <span class='ocrx_word' id='word_1_61' title='bbox 572 956 666 1011; x_wconf 86' lang='grc' dir='ltr'>τοῦ</span> <span class='ocrx_word' id='word_1_62' title='bbox 699 957 812 1026; x_wconf 89' lang='grc' dir='ltr'>βίου</span> <span class='ocrx_word' id='word_1_63' title='bbox 835 959 1301 1029; x_wconf 81' lang='grc' dir='ltr'>ἀναστρεφόμενον</span> <span class='ocrx_word' id='word_1_64' title='bbox 1327 977 1340 1025; x_wconf 88' lang='lat'><strong>;</strong></span> <span class='ocrx_word' id='word_1_65' title='bbox 1377 959 1571 1023; x_wconf 84' lang='grc' dir='ltr'>πῶς-δέ</span> <span class='ocrx_word' id='word_1_66' title='bbox 1595 978 1677 1024; x_wconf 88' lang='grc' dir='ltr'><strong>τις</strong></span> <span class='ocrx_word' id='word_1_67' title='bbox 1699 959 1793 1032; x_wconf 82' lang='grc' dir='ltr'>τὴν</span> <span class='ocrx_word' id='word_1_68' title='bbox 1822 963 1940 1015; x_wconf 88' lang='grc' dir='ltr'>δου-</span> 
     </span>
    </p>
   </div>
   <div class='ocr_carea' id='block_1_12' title="bbox 367 1047 1938 1122">
    <p class='ocr_par' dir='ltr' id='par_1_12' title="bbox 367 1047 1938 1122">
     <span class='ocr_line' id='line_1_12' title="bbox 367 1047 1938 1122; baseline 0.005 -22"><span class='ocrx_word' id='word_1_69' title='bbox 367 1047 513 1101; x_wconf 80' lang='grc' dir='ltr'>λείαν</span> <span class='ocrx_word' id='word_1_70' title='bbox 551 1049 864 1119; x_wconf 74' lang='grc' dir='ltr'>ἀποδράσει.</span> <span class='ocrx_word' id='word_1_71' title='bbox 901 1051 930 1103; x_wconf 88' lang='grc' dir='ltr'>ὁ</span> <span class='ocrx_word' id='word_1_72' title='bbox 961 1053 1080 1114; x_wconf 88' lang='grc' dir='ltr'>ταῖς</span> <span class='ocrx_word' id='word_1_73' title='bbox 1131 1052 1395 1119; x_wconf 83' lang='grc' dir='ltr'>ἀνάγκαις</span> <span class='ocrx_word' id='word_1_74' title='bbox 1440 1053 1538 1122; x_wconf 83' lang='grc' dir='ltr'><strong>τῆς</strong></span> <span class='ocrx_word' id='word_1_75' title='bbox 1565 1051 1778 1120; x_wconf 86' lang='grc' dir='ltr'>φύσεως</span> <span class='ocrx_word' id='word_1_76' title='bbox 1804 1055 1938 1107; x_wconf 85' lang='grc' dir='ltr'>ὑπο-</span> 
     </span>
    </p>
   </div>
   <div class='ocr_carea' id='block_1_13' title="bbox 370 1138 1938 1212">
    <p class='ocr_par' dir='ltr' id='par_1_13' title="bbox 370 1138 1938 1212">
     <span class='ocr_line' id='line_1_13' title="bbox 370 1138 1938 1212; baseline 0.004 -23"><span class='ocrx_word' id='word_1_77' title='bbox 370 1138 569 1209; x_wconf 84' lang='grc' dir='ltr'>χείριον</span> <span class='ocrx_word' id='word_1_78' title='bbox 616 1138 737 1202; x_wconf 80' lang='grc' dir='ltr'>δοὺς</span> <span class='ocrx_word' id='word_1_79' title='bbox 784 1139 884 1209; x_wconf 85' lang='grc' dir='ltr'><strong>τὴν</strong></span> <span class='ocrx_word' id='word_1_80' title='bbox 919 1140 1054 1193; x_wconf 83' lang='grc' dir='ltr'>ίδίαν</span> <span class='ocrx_word' id='word_1_81' title='bbox 1107 1139 1290 1210; x_wconf 78' lang='grc' dir='ltr'>ζωήν;</span> <span class='ocrx_word' id='word_1_82' title='bbox 1343 1141 1766 1212; x_wconf 84' lang='grc' dir='ltr'>Γνωριμώτερος</span> <span class='ocrx_word' id='word_1_83' title='bbox 1800 1145 1842 1197; x_wconf 80' lang='grc' dir='ltr'>δ’</span> <span class='ocrx_word' id='word_1_84' title='bbox 1873 1145 1938 1198; x_wconf 85' lang='grc' dir='ltr'><strong>ἂν</strong></span> 
     </span>
    </p>
   </div>
   <div class='ocr_carea' id='block_1_14' title="bbox 369 1226 1955 1302">
    <p class='ocr_par' dir='ltr' id='par_1_14' title="bbox 369 1226 1955 1302">
     <span class='ocr_line' id='line_1_14' title="bbox 369 1226 1955 1302; baseline 0.005 -23"><span class='ocrx_word' id='word_1_85' title='bbox 369 1226 577 1294; x_wconf 79' lang='grc' dir='ltr'>γένοιτο</span> <span class='ocrx_word' id='word_1_86' title='bbox 609 1228 738 1296; x_wconf 81' lang='grc' dir='ltr'>ἡμῖν</span> <span class='ocrx_word' id='word_1_87' title='bbox 767 1226 854 1280; x_wconf 87' lang='grc' dir='ltr'>διά</span> <span class='ocrx_word' id='word_1_88' title='bbox 884 1246 1026 1292; x_wconf 89' lang='grc' dir='ltr'>τινος</span> <span class='ocrx_word' id='word_1_89' title='bbox 1058 1229 1496 1300; x_wconf 82' lang='grc' dir='ltr'><strong>παραδείγματος</strong></span> <span class='ocrx_word' id='word_1_90' title='bbox 1521 1233 1550 1284; x_wconf 86' lang='grc' dir='ltr'>ὁ</span> <span class='ocrx_word' id='word_1_91' title='bbox 1579 1233 1706 1302; x_wconf 75' lang='grc' dir='ltr'>περὶ</span> <span class='ocrx_word' id='word_1_92' title='bbox 1736 1233 1955 1288; x_wconf 87' lang='grc' dir='ltr'>τούτων·</span> 
     </span>
    </p>
   </div>
   <div class='ocr_carea' id='block_1_15' title="bbox 369 1316 1941 1395">
    <p class='ocr_par' dir='ltr' id='par_1_15' title="bbox 369 1316 1941 1395">
     <span class='ocr_line' id='line_1_15' title="bbox 369 1316 1941 1395; baseline 0.006 -26"><span class='ocrx_word' id='word_1_93' title='bbox 369 1316 544 1385; x_wconf 77' lang='grc' dir='ltr'>λόγος’</span> <span class='ocrx_word' id='word_1_94' title='bbox 563 1318 846 1390; x_wconf 83' lang='grc' dir='ltr'>Ὧπερτις</span> <span class='ocrx_word' id='word_1_95' title='bbox 869 1319 1109 1390; x_wconf 81' lang='grc' dir='ltr'>ποταμὸς</span> <span class='ocrx_word' id='word_1_96' title='bbox 1131 1320 1404 1391; x_wconf 83' lang='grc' dir='ltr'>χειμέριος</span> <span class='ocrx_word' id='word_1_97' title='bbox 1432 1321 1661 1392; x_wconf 75' lang='grc' dir='ltr'><strong>ῥεύματι</strong></span> <span class='ocrx_word' id='word_1_98' title='bbox 1682 1325 1941 1395; x_wconf 82' lang='grc' dir='ltr'>τραχυνό-</span> 
     </span>
    </p>
   </div>
   <div class='ocr_carea' id='block_1_16' title="bbox 373 1411 1941 1484">
    <p class='ocr_par' dir='ltr' id='par_1_16' title="bbox 373 1411 1941 1484">
     <span class='ocr_line' id='line_1_16' title="bbox 373 1411 1941 1484; baseline 0.005 -22"><span class='ocrx_word' id='word_1_99' title='bbox 373 1428 550 1480; x_wconf 80' lang='grc' dir='ltr'>μενος,</span> <span class='ocrx_word' id='word_1_100' title='bbox 587 1411 691 1476; x_wconf 61' lang='grc' dir='ltr'>καὶ,</span> <span class='ocrx_word' id='word_1_101' title='bbox 719 1411 983 1483; x_wconf 78' lang='grc' dir='ltr'>κατάτὴν</span> <span class='ocrx_word' id='word_1_102' title='bbox 1020 1413 1214 1465; x_wconf 77' lang='grc' dir='ltr'>ἑαυτοῦ</span> <span class='ocrx_word' id='word_1_103' title='bbox 1255 1413 1550 1484; x_wconf 83' lang='grc' dir='ltr'>φερόμενος</span> <span class='ocrx_word' id='word_1_104' title='bbox 1597 1415 1776 1484; x_wconf 85' lang='grc' dir='ltr'>φύσιν,</span> <span class='ocrx_word' id='word_1_105' title='bbox 1809 1417 1941 1483; x_wconf 81' lang='grc' dir='ltr'>ξύλα</span> 
     </span>
    </p>
   </div>
   <div class='ocr_carea' id='block_1_17' title="bbox 370 1502 1942 1578">
    <p class='ocr_par' dir='ltr' id='par_1_17' title="bbox 370 1502 1942 1578">
     <span class='ocr_line' id='line_1_17' title="bbox 370 1502 1942 1578; baseline 0.004 -23"><span class='ocrx_word' id='word_1_106' title='bbox 370 1519 430 1555; x_wconf 85' lang='grc' dir='ltr'><strong>τε</strong></span> <span class='ocrx_word' id='word_1_107' title='bbox 461 1503 552 1556; x_wconf 76' lang='grc' dir='ltr'><strong>καὶ</strong></span> <span class='ocrx_word' id='word_1_108' title='bbox 585 1502 793 1568; x_wconf 77' lang='grc' dir='ltr'><strong>λίθους,</strong></span> <span class='ocrx_word' id='word_1_109' title='bbox 821 1505 915 1557; x_wconf 73' lang='grc' dir='ltr'><strong>καὶ</strong></span> <span class='ocrx_word' id='word_1_110' title='bbox 956 1506 1066 1557; x_wconf 83' lang='grc' dir='ltr'>πᾶν</span> <span class='ocrx_word' id='word_1_111' title='bbox 1103 1505 1163 1557; x_wconf 81' lang='grc' dir='ltr'><strong>τὸ</strong></span> <span class='ocrx_word' id='word_1_112' title='bbox 1202 1506 1512 1576; x_wconf 81' lang='grc' dir='ltr'>παρατυχὺν</span> <span class='ocrx_word' id='word_1_113' title='bbox 1547 1506 1942 1578; x_wconf 78' lang='grc' dir='ltr'>ὑπολαμϐάνων</span> 
     </span>
    </p>
   </div>
   <div class='ocr_carea' id='block_1_18' title="bbox 367 1591 1942 1669">
    <p class='ocr_par' dir='ltr' id='par_1_18' title="bbox 367 1591 1942 1669">
     <span class='ocr_line' id='line_1_18' title="bbox 367 1591 1942 1669; baseline 0.006 -24"><span class='ocrx_word' id='word_1_114' title='bbox 367 1591 448 1663; x_wconf 80' lang='grc' dir='ltr'>τῷ</span> <span class='ocrx_word' id='word_1_115' title='bbox 477 1593 692 1665; x_wconf 78' lang='grc' dir='ltr'><strong>ῥείθρῳ,</strong></span> <span class='ocrx_word' id='word_1_116' title='bbox 725 1594 901 1665; x_wconf 88' lang='grc' dir='ltr'>μόνοις</span> <span class='ocrx_word' id='word_1_117' title='bbox 925 1599 1034 1659; x_wconf 78' lang='grc' dir='ltr'>τοῖς</span> <span class='ocrx_word' id='word_1_118' title='bbox 1071 1596 1190 1649; x_wconf 83' lang='grc' dir='ltr'>κατ’</span> <span class='ocrx_word' id='word_1_119' title='bbox 1221 1597 1382 1650; x_wconf 87' lang='grc' dir='ltr'>αὐτὸν</span> <span class='ocrx_word' id='word_1_120' title='bbox 1402 1601 1706 1669; x_wconf 82' lang='grc' dir='ltr'>γινομένοις</span> <span class='ocrx_word' id='word_1_121' title='bbox 1746 1600 1942 1669; x_wconf 82' lang='grc' dir='ltr'>σφαλε-</span> 
     </span>
    </p>
   </div>
   <div class='ocr_carea' id='block_1_19' title="bbox 371 1686 1942 1762">
    <p class='ocr_par' dir='ltr' id='par_1_19' title="bbox 371 1686 1942 1762">
     <span class='ocr_line' id='line_1_19' title="bbox 371 1686 1942 1762; baseline 0.006 -25"><span class='ocrx_word' id='word_1_122' title='bbox 371 1687 464 1759; x_wconf 77' lang='grc' dir='ltr'>ρὸς</span> <span class='ocrx_word' id='word_1_123' title='bbox 513 1687 604 1740; x_wconf 76' lang='grc' dir='ltr'>καὶ</span> <span class='ocrx_word' id='word_1_124' title='bbox 658 1686 982 1756; x_wconf 81' lang='grc' dir='ltr'>κινδυνώδης</span> <span class='ocrx_word' id='word_1_125' title='bbox 1023 1687 1171 1752; x_wconf 79' lang='grc' dir='ltr'>ἐστὶ,</span> <span class='ocrx_word' id='word_1_126' title='bbox 1202 1691 1314 1753; x_wconf 85' lang='grc' dir='ltr'>τοῖς</span> <span class='ocrx_word' id='word_1_127' title='bbox 1354 1688 1411 1742; x_wconf 88' lang='grc' dir='ltr'>δὲ</span> <span class='ocrx_word' id='word_1_128' title='bbox 1446 1690 1730 1762; x_wconf 69' lang='grc' dir='ltr'>πόρρωθεν</span> <span class='ocrx_word' id='word_1_129' title='bbox 1779 1693 1942 1746; x_wconf 74' lang='grc' dir='ltr'>αὐτὸν</span> 
     </span>
    </p>
   </div>
   <div class='ocr_carea' id='block_1_20' title="bbox 371 1775 2014 1853">
    <p class='ocr_par' dir='ltr' id='par_1_20' title="bbox 371 1775 2014 1853">
     <span class='ocr_line' id='line_1_20' title="bbox 371 1775 2014 1853; baseline 0.005 -24"><span class='ocrx_word' id='word_1_130' title='bbox 371 1775 798 1847; x_wconf 78' lang='grc' dir='ltr'>φυλασσομένοις</span> <span class='ocrx_word' id='word_1_131' title='bbox 845 1779 965 1848; x_wconf 85' lang='grc' dir='ltr'>εἰκῆ</span> <span class='ocrx_word' id='word_1_132' title='bbox 1003 1781 1089 1849; x_wconf 80' lang='grc' dir='ltr'><strong>ῥεῖ</strong></span> <span class='ocrx_word' id='word_1_133' title='bbox 1112 1778 1298 1832; x_wconf 78' lang='grc' dir='ltr'>ὀὕτω</span> <span class='ocrx_word' id='word_1_134' title='bbox 1333 1781 1424 1833; x_wconf 81' lang='grc' dir='ltr'><strong>καὶ</strong></span> <span class='ocrx_word' id='word_1_135' title='bbox 1451 1783 1552 1852; x_wconf 87' lang='grc' dir='ltr'>τὴν</span> <span class='ocrx_word' id='word_1_136' title='bbox 1577 1783 1673 1836; x_wconf 80' lang='grc' dir='ltr'><strong>τοῦ</strong></span> <span class='ocrx_word' id='word_1_137' title='bbox 1706 1782 1824 1853; x_wconf 83' lang='grc' dir='ltr'>βίου</span> <span class='ocrx_word' id='word_1_138' title='bbox 1849 1799 1944 1837; x_wconf 85' lang='grc' dir='ltr'>τα·</span> <span class='ocrx_word' id='word_1_139' title='bbox 1973 1775 2014 1828; x_wconf 72' lang='grc' dir='ltr'><strong><em>Β</em></strong></span> 
     </span>
    </p>
   </div>
   <div class='ocr_carea' id='block_1_21' title="bbox 372 1867 1945 1944">
    <p class='ocr_par' dir='ltr' id='par_1_21' title="bbox 372 1867 1945 1944">
     <span class='ocr_line' id='line_1_21' title="bbox 372 1867 1945 1944; baseline 0.005 -23"><span class='ocrx_word' id='word_1_140' title='bbox 372 1867 544 1940; x_wconf 74' lang='grc' dir='ltr'>ραχὴν</span> <span class='ocrx_word' id='word_1_141' title='bbox 567 1867 599 1923; x_wconf 80' lang='grc' dir='ltr'>δ’</span> <span class='ocrx_word' id='word_1_142' title='bbox 621 1869 743 1922; x_wconf 85' lang='grc' dir='ltr'>κατ’</span> <span class='ocrx_word' id='word_1_143' title='bbox 786 1870 953 1940; x_wconf 82' lang='grc' dir='ltr'>αὐτὴν</span> <span class='ocrx_word' id='word_1_144' title='bbox 1000 1870 1238 1939; x_wconf 84' lang='grc' dir='ltr'>γεγονὼς</span> <span class='ocrx_word' id='word_1_145' title='bbox 1294 1874 1453 1944; x_wconf 82' lang='grc' dir='ltr'>μόνος</span> <span class='ocrx_word' id='word_1_146' title='bbox 1504 1875 1815 1944; x_wconf 76' lang='grc' dir='ltr'>ὑφίσταται,</span> <span class='ocrx_word' id='word_1_147' title='bbox 1851 1877 1945 1929; x_wconf 70' lang='grc' dir='ltr'>καὶ</span> 
     </span>
    </p>
   </div>
   <div class='ocr_carea' id='block_1_22' title="bbox 373 1960 1942 2038">
    <p class='ocr_par' dir='ltr' id='par_1_22' title="bbox 373 1960 1942 2038">
     <span class='ocr_line' id='line_1_22' title="bbox 373 1960 1942 2038; baseline 0.006 -26"><span class='ocrx_word' id='word_1_148' title='bbox 373 1960 532 2031; x_wconf 81' lang='grc' dir='ltr'>μόνος</span> <span class='ocrx_word' id='word_1_149' title='bbox 567 1960 883 2030; x_wconf 81' lang='grc' dir='ltr'>ἀναδέχεται</span> <span class='ocrx_word' id='word_1_150' title='bbox 933 1960 1054 2014; x_wconf 84' lang='grc' dir='ltr'>καθ’</span> <span class='ocrx_word' id='word_1_151' title='bbox 1085 1963 1276 2016; x_wconf 77' lang='grc' dir='ltr'>ἑαυτοῦ</span> <span class='ocrx_word' id='word_1_152' title='bbox 1317 1964 1388 2018; x_wconf 83' lang='grc' dir='ltr'>τὰ</span> <span class='ocrx_word' id='word_1_153' title='bbox 1430 1965 1598 2036; x_wconf 83' lang='grc' dir='ltr'>πάθη,</span> <span class='ocrx_word' id='word_1_154' title='bbox 1629 1966 1770 2038; x_wconf 82' lang='grc' dir='ltr'>ἀπερ</span> <span class='ocrx_word' id='word_1_155' title='bbox 1819 1967 1883 2021; x_wconf 85' lang='grc' dir='ltr'>ἂν</span> <span class='ocrx_word' id='word_1_156' title='bbox 1909 1970 1942 2038; x_wconf 82' lang='grc' dir='ltr'>ἡ</span> 
     </span>
    </p>
   </div>
   <div class='ocr_carea' id='block_1_23' title="bbox 371 2047 1945 2127">
    <p class='ocr_par' dir='ltr' id='par_1_23' title="bbox 371 2047 1945 2127">
     <span class='ocr_line' id='line_1_23' title="bbox 371 2047 1945 2127; baseline 0.006 -27"><span class='ocrx_word' id='word_1_157' title='bbox 371 2047 536 2115; x_wconf 86' lang='grc' dir='ltr'>φύσις</span> <span class='ocrx_word' id='word_1_158' title='bbox 549 2048 854 2112; x_wconf 84' lang='grc' dir='ltr'>ἀκολούθως</span> <span class='ocrx_word' id='word_1_159' title='bbox 878 2050 1040 2119; x_wconf 74' lang='grc' dir='ltr'>ἑαυτῇ</span> <span class='ocrx_word' id='word_1_160' title='bbox 1077 2050 1274 2119; x_wconf 75' lang='grc' dir='ltr'>ῥέουσα</span> <span class='ocrx_word' id='word_1_161' title='bbox 1293 2054 1406 2116; x_wconf 82' lang='grc' dir='ltr'>τοῖς</span> <span class='ocrx_word' id='word_1_162' title='bbox 1432 2053 1500 2106; x_wconf 87' lang='grc' dir='ltr'>δι’</span> <span class='ocrx_word' id='word_1_163' title='bbox 1524 2055 1690 2124; x_wconf 83' lang='grc' dir='ltr'>αὐτῆς</span> <span class='ocrx_word' id='word_1_164' title='bbox 1721 2071 1945 2127; x_wconf 80' lang='grc' dir='ltr'>πορευο-</span> 
     </span>
    </p>
   </div>
   <div class='ocr_carea' id='block_1_24' title="bbox 373 2140 1942 2216">
    <p class='ocr_par' dir='ltr' id='par_1_24' title="bbox 373 2140 1942 2216">
     <span class='ocr_line' id='line_1_24' title="bbox 373 2140 1942 2216; baseline 0.004 -24"><span class='ocrx_word' id='word_1_165' title='bbox 373 2140 556 2211; x_wconf 79' lang='grc' dir='ltr'>μένοις</span> <span class='ocrx_word' id='word_1_166' title='bbox 584 2140 892 2209; x_wconf 82' lang='grc' dir='ltr'>ἀναγκαίως</span> <span class='ocrx_word' id='word_1_167' title='bbox 922 2142 1206 2211; x_wconf 81' lang='grc' dir='ltr'>ἐπάγεται,</span> <span class='ocrx_word' id='word_1_168' title='bbox 1236 2141 1322 2196; x_wconf 81' lang='grc' dir='ltr'><strong>διά</strong></span> <span class='ocrx_word' id='word_1_169' title='bbox 1346 2143 1454 2197; x_wconf 89' lang='grc' dir='ltr'><strong>τῶν</strong></span> <span class='ocrx_word' id='word_1_170' title='bbox 1483 2145 1576 2198; x_wconf 80' lang='grc' dir='ltr'>τοῦ</span> <span class='ocrx_word' id='word_1_171' title='bbox 1607 2145 1719 2216; x_wconf 81' lang='grc' dir='ltr'>βίου</span> <span class='ocrx_word' id='word_1_172' title='bbox 1757 2147 1942 2201; x_wconf 84' lang='grc' dir='ltr'>κακῶν</span> 
     </span>
    </p>
   </div>
   <div class='ocr_carea' id='block_1_25' title="bbox 369 2232 1942 2310">
    <p class='ocr_par' dir='ltr' id='par_1_25' title="bbox 369 2232 1942 2310">
     <span class='ocr_line' id='line_1_25' title="bbox 369 2232 1942 2310; baseline 0.003 -24"><span class='ocrx_word' id='word_1_173' title='bbox 369 2232 750 2296; x_wconf 78' lang='grc' dir='ltr'>ἐπικλύζουσα.</span> <span class='ocrx_word' id='word_1_174' title='bbox 784 2233 846 2286; x_wconf 83' lang='grc' dir='ltr'><strong>Εἰ</strong></span> <span class='ocrx_word' id='word_1_175' title='bbox 877 2233 933 2286; x_wconf 90' lang='grc' dir='ltr'><strong>δέ</strong></span> <span class='ocrx_word' id='word_1_176' title='bbox 965 2250 1048 2297; x_wconf 90' lang='grc' dir='ltr'><strong>τις</strong></span> <span class='ocrx_word' id='word_1_177' title='bbox 1069 2233 1356 2288; x_wconf 80' lang='grc' dir='ltr'>καταλίποι</span> <span class='ocrx_word' id='word_1_178' title='bbox 1388 2237 1478 2289; x_wconf 81' lang='grc' dir='ltr'><strong>τὸν</strong></span> <span class='ocrx_word' id='word_1_179' title='bbox 1512 2236 1942 2310; x_wconf 75' lang='grc' dir='ltr'>χείμαῤῥοντοῦ-</span> 
     </span>
    </p>
   </div>
   <div class='ocr_carea' id='block_1_26' title="bbox 367 2322 1937 2398">
    <p class='ocr_par' dir='ltr' id='par_1_26' title="bbox 367 2322 1937 2398">
     <span class='ocr_line' id='line_1_26' title="bbox 367 2322 1937 2398; baseline 0.004 -22"><span class='ocrx_word' id='word_1_180' title='bbox 367 2339 477 2388; x_wconf 88' lang='grc' dir='ltr'>τον,</span> <span class='ocrx_word' id='word_1_181' title='bbox 499 2322 574 2386; x_wconf 87' lang='grc' dir='ltr'><strong>ῶς</strong></span> <span class='ocrx_word' id='word_1_182' title='bbox 606 2341 767 2395; x_wconf 79' lang='grc' dir='ltr'>φησιν</span> <span class='ocrx_word' id='word_1_183' title='bbox 799 2325 831 2395; x_wconf 84' lang='grc' dir='ltr'>ἡ</span> <span class='ocrx_word' id='word_1_184' title='bbox 860 2325 1070 2397; x_wconf 87' lang='grc' dir='ltr'>Γραφὴ,</span> <span class='ocrx_word' id='word_1_185' title='bbox 1099 2326 1270 2381; x_wconf 75' lang='grc' dir='ltr'>καὶτὸ</span> <span class='ocrx_word' id='word_1_186' title='bbox 1299 2326 1448 2398; x_wconf 80' lang='grc' dir='ltr'>ὕδωρ</span> <span class='ocrx_word' id='word_1_187' title='bbox 1465 2329 1526 2381; x_wconf 86' lang='grc' dir='ltr'><strong>τὸ</strong></span> <span class='ocrx_word' id='word_1_188' title='bbox 1549 2329 1937 2392; x_wconf 82' lang='grc' dir='ltr'>ἀνυπόστατον,</span> 
     </span>
    </p>
   </div>
   <div class='ocr_carea' id='block_1_27' title="bbox 368 2412 1941 2494">
    <p class='ocr_par' dir='ltr' id='par_1_27' title="bbox 368 2412 1941 2494">
     <span class='ocr_line' id='line_1_27' title="bbox 368 2412 1941 2494; baseline 0.006 -28"><span class='ocrx_word' id='word_1_189' title='bbox 368 2413 470 2479; x_wconf 76' lang='grc' dir='ltr'><strong>ἔξω</strong></span> <span class='ocrx_word' id='word_1_190' title='bbox 501 2416 710 2478; x_wconf 78' lang='grc' dir='ltr'>πάντως</span> <span class='ocrx_word' id='word_1_191' title='bbox 727 2417 896 2481; x_wconf 84' lang='grc' dir='ltr'>ἔσται,</span> <span class='ocrx_word' id='word_1_192' title='bbox 917 2416 1058 2470; x_wconf 77' lang='grc' dir='ltr'>κατὰ</span> <span class='ocrx_word' id='word_1_193' title='bbox 1077 2417 1174 2488; x_wconf 83' lang='grc' dir='ltr'><strong>τὴν</strong></span> <span class='ocrx_word' id='word_1_194' title='bbox 1193 2417 1294 2488; x_wconf 75' lang='grc' dir='ltr'>τῆς</span> <span class='ocrx_word' id='word_1_195' title='bbox 1319 2412 1463 2489; x_wconf 78' lang='grc' dir='ltr'>ᾠδῆς</span> <span class='ocrx_word' id='word_1_196' title='bbox 1489 2421 1821 2486; x_wconf 67' lang='grc' dir='ltr'>ἀκολουθίαν,</span> <span class='ocrx_word' id='word_1_197' title='bbox 1841 2424 1941 2494; x_wconf 76' lang='grc' dir='ltr'>τῆς</span> 
     </span>
    </p>
   </div>
   <div class='ocr_carea' id='block_1_28' title="bbox 368 2503 1938 2587">
    <p class='ocr_par' dir='ltr' id='par_1_28' title="bbox 368 2503 1938 2587">
     <span class='ocr_line' id='line_1_28' title="bbox 368 2503 1938 2587; baseline 0.006 -28"><span class='ocrx_word' id='word_1_198' title='bbox 368 2507 537 2577; x_wconf 79' lang='grc' dir='ltr'>θήρας</span> <span class='ocrx_word' id='word_1_199' title='bbox 565 2507 674 2560; x_wconf 83' lang='grc' dir='ltr'><strong>τῶν</strong></span> <span class='ocrx_word' id='word_1_200' title='bbox 700 2507 923 2562; x_wconf 82' lang='grc' dir='ltr'>ὀδόντων</span> <span class='ocrx_word' id='word_1_201' title='bbox 949 2507 1040 2561; x_wconf 81' lang='grc' dir='ltr'><strong>τοῦ</strong></span> <span class='ocrx_word' id='word_1_202' title='bbox 1077 2507 1213 2578; x_wconf 81' lang='grc' dir='ltr'>βίου,</span> <span class='ocrx_word' id='word_1_203' title='bbox 1245 2503 1496 2582; x_wconf 76' lang='grc' dir='ltr'>καθάπερ</span> <span class='ocrx_word' id='word_1_204' title='bbox 1542 2513 1817 2583; x_wconf 82' lang='grc' dir='ltr'>στρουθίον</span> <span class='ocrx_word' id='word_1_205' title='bbox 1862 2517 1938 2587; x_wconf 80' lang='grc' dir='ltr'>τῷ</span> 
     </span>
    </p>
   </div>
   <div class='ocr_carea' id='block_1_29' title="bbox 365 2601 1929 2678">
    <p class='ocr_par' dir='ltr' id='par_1_29' title="bbox 365 2601 1929 2678">
     <span class='ocr_line' id='line_1_29' title="bbox 365 2601 1929 2678; baseline 0.004 -25"><span class='ocrx_word' id='word_1_206' title='bbox 365 2601 466 2670; x_wconf 83' lang='grc' dir='ltr'>τῆς</span> <span class='ocrx_word' id='word_1_207' title='bbox 499 2601 697 2672; x_wconf 81' lang='grc' dir='ltr'>ἀρετῆς</span> <span class='ocrx_word' id='word_1_208' title='bbox 721 2601 903 2674; x_wconf 88' lang='grc' dir='ltr'>πτερῷ</span> <span class='ocrx_word' id='word_1_209' title='bbox 931 2603 1160 2667; x_wconf 76' lang='grc' dir='ltr'>διἀπτὰς</span> <span class='ocrx_word' id='word_1_210' title='bbox 1184 2604 1282 2673; x_wconf 83' lang='grc' dir='ltr'>τὴν</span> <span class='ocrx_word' id='word_1_211' title='bbox 1306 2607 1524 2674; x_wconf 76' lang='grc' dir='ltr'>παγίδα.</span> <span class='ocrx_word' id='word_1_212' title='bbox 1561 2607 1777 2678; x_wconf 76' lang='grc' dir='ltr'>Ἐπειδῆ</span> <span class='ocrx_word' id='word_1_213' title='bbox 1800 2607 1929 2678; x_wconf 81' lang='grc' dir='ltr'>γὰρ,</span> 
     </span>
    </p>
   </div>
   <div class='ocr_carea' id='block_1_30' title="bbox 367 2692 1936 2771">
    <p class='ocr_par' dir='ltr' id='par_1_30' title="bbox 367 2692 1936 2771">
     <span class='ocr_line' id='line_1_30' title="bbox 367 2692 1936 2771; baseline 0.006 -27"><span class='ocrx_word' id='word_1_214' title='bbox 367 2693 507 2745; x_wconf 79' lang='grc' dir='ltr'>κατὰ</span> <span class='ocrx_word' id='word_1_215' title='bbox 538 2693 596 2745; x_wconf 80' lang='grc' dir='ltr'>τὸ</span> <span class='ocrx_word' id='word_1_216' title='bbox 632 2692 795 2764; x_wconf 77' lang='grc' dir='ltr'>ῥηθὲν</span> <span class='ocrx_word' id='word_1_217' title='bbox 838 2693 969 2764; x_wconf 75' lang='grc' dir='ltr'>ἡμῖν</span> <span class='ocrx_word' id='word_1_218' title='bbox 1010 2693 1111 2748; x_wconf 71' lang='grc' dir='ltr'><strong>ἐπὶ⁴</strong></span> <span class='ocrx_word' id='word_1_219' title='bbox 1139 2694 1232 2748; x_wconf 79' lang='grc' dir='ltr'><strong>τοῦ</strong></span> <span class='ocrx_word' id='word_1_220' title='bbox 1276 2697 1576 2768; x_wconf 75' lang='grc' dir='ltr'>χειμάρρου</span> <span class='ocrx_word' id='word_1_221' title='bbox 1611 2699 1936 2771; x_wconf 82' lang='grc' dir='ltr'>ὑπόδειγμα,</span> 
     </span>
    </p>
   </div>
   <div class='ocr_carea' id='block_1_31' title="bbox 367 2783 1938 2861">
    <p class='ocr_par' dir='ltr' id='par_1_31' title="bbox 367 2783 1938 2861">
     <span class='ocr_line' id='line_1_31' title="bbox 367 2783 1938 2861; baseline 0.007 -27"><span class='ocrx_word' id='word_1_222' title='bbox 367 2783 647 2846; x_wconf 86' lang='grc' dir='ltr'>παντοίαις</span> <span class='ocrx_word' id='word_1_223' title='bbox 697 2785 959 2854; x_wconf 83' lang='grc' dir='ltr'>ταραχαῖς</span> <span class='ocrx_word' id='word_1_224' title='bbox 1006 2785 1099 2838; x_wconf 76' lang='grc' dir='ltr'><strong>καὶ</strong></span> <span class='ocrx_word' id='word_1_225' title='bbox 1150 2785 1484 2856; x_wconf 77' lang='grc' dir='ltr'>ἀνωμαλίαις</span> <span class='ocrx_word' id='word_1_226' title='bbox 1532 2787 1876 2861; x_wconf 81' lang='grc' dir='ltr'>πλημμύρων</span> <span class='ocrx_word' id='word_1_227' title='bbox 1909 2793 1938 2845; x_wconf 83' lang='grc' dir='ltr'><strong>ὀ</strong></span> 
     </span>
    </p>
   </div>
   <div class='ocr_carea' id='block_1_32' title="bbox 368 2873 1939 2954">
    <p class='ocr_par' dir='ltr' id='par_1_32' title="bbox 368 2873 1939 2954">
     <span class='ocr_line' id='line_1_32' title="bbox 368 2873 1939 2954; baseline 0.005 -26"><span class='ocrx_word' id='word_1_228' title='bbox 368 2873 704 2944; x_wconf 82' lang='grc' dir='ltr'>ἀνθρώπινος</span> <span class='ocrx_word' id='word_1_229' title='bbox 753 2873 864 2944; x_wconf 82' lang='grc' dir='ltr'>βίος</span> <span class='ocrx_word' id='word_1_230' title='bbox 891 2875 978 2929; x_wconf 70' lang='grc' dir='ltr'>ἀεὶ</span> <span class='ocrx_word' id='word_1_231' title='bbox 1005 2875 1255 2947; x_wconf 83' lang='grc' dir='ltr'>φέρεται,</span> <span class='ocrx_word' id='word_1_232' title='bbox 1291 2877 1431 2930; x_wconf 83' lang='grc' dir='ltr'><strong>κατά</strong></span> <span class='ocrx_word' id='word_1_233' title='bbox 1461 2878 1552 2931; x_wconf 78' lang='grc' dir='ltr'>τοῦ</span> <span class='ocrx_word' id='word_1_234' title='bbox 1579 2881 1816 2951; x_wconf 80' lang='grc' dir='ltr'>πρανοῦς</span> <span class='ocrx_word' id='word_1_235' title='bbox 1839 2884 1939 2954; x_wconf 86' lang='grc' dir='ltr'><strong>τῆς</strong></span> 
     </span>
    </p>
   </div>
   <div class='ocr_carea' id='block_1_33' title="bbox 369 2966 1938 3043">
    <p class='ocr_par' dir='ltr' id='par_1_33' title="bbox 369 2966 1938 3043">
     <span class='ocr_line' id='line_1_33' title="bbox 369 2966 1938 3043; baseline 0.006 -26"><span class='ocrx_word' id='word_1_236' title='bbox 369 2966 583 3042; x_wconf 80' lang='grc' dir='ltr'>φύσεως</span> <span class='ocrx_word' id='word_1_237' title='bbox 607 2966 988 3038; x_wconf 87' lang='grc' dir='ltr'>προχεόμενος,</span> <span class='ocrx_word' id='word_1_238' title='bbox 1011 2967 1104 3020; x_wconf 74' lang='grc' dir='ltr'>καὶ</span> <span class='ocrx_word' id='word_1_239' title='bbox 1139 2968 1289 3022; x_wconf 79' lang='grc' dir='ltr'>οὐδὲν</span> <span class='ocrx_word' id='word_1_240' title='bbox 1324 2969 1521 3040; x_wconf 79' lang='grc' dir='ltr'>ἕστηκε</span> <span class='ocrx_word' id='word_1_241' title='bbox 1554 2972 1662 3026; x_wconf 87' lang='grc' dir='ltr'><strong>τῶν</strong></span> <span class='ocrx_word' id='word_1_242' title='bbox 1694 2974 1752 3026; x_wconf 83' lang='grc' dir='ltr'>ὲν</span> <span class='ocrx_word' id='word_1_243' title='bbox 1789 2975 1938 3043; x_wconf 80' lang='grc' dir='ltr'>αὑτῴ</span> 
     </span>
    </p>
   </div>
   <div class='ocr_carea' id='block_1_34' title="bbox 370 3050 1935 3136">
    <p class='ocr_par' dir='ltr' id='par_1_34' title="bbox 370 3050 1935 3136">
     <span class='ocr_line' id='line_1_34' title="bbox 370 3050 1935 3136; baseline 0.006 -27"><span class='ocrx_word' id='word_1_244' title='bbox 370 3055 834 3127; x_wconf 76' lang='grc' dir='ltr'>σπουδαζομένων,</span> <span class='ocrx_word' id='word_1_245' title='bbox 864 3058 984 3111; x_wconf 80' lang='grc' dir='ltr'><strong>οὺδὲ</strong></span> <span class='ocrx_word' id='word_1_246' title='bbox 1033 3058 1292 3128; x_wconf 80' lang='grc' dir='ltr'>ἀναμένει</span> <span class='ocrx_word' id='word_1_247' title='bbox 1327 3060 1424 3132; x_wconf 77' lang='grc' dir='ltr'>τὴν</span> <span class='ocrx_word' id='word_1_248' title='bbox 1475 3050 1791 3136; x_wconf 81' lang='grc' dir='ltr'>πλησμονὴν</span> <span class='ocrx_word' id='word_1_249' title='bbox 1827 3066 1935 3118; x_wconf 85' lang='grc' dir='ltr'><strong>τῶν</strong></span> 
     </span>
    </p>
   </div>
   <div class='ocr_carea' id='block_1_35' title="bbox 367 3145 1938 3225">
    <p class='ocr_par' dir='ltr' id='par_1_35' title="bbox 367 3145 1938 3225">
     <span class='ocr_line' id='line_1_35' title="bbox 367 3145 1938 3225; baseline 0.006 -24"><span class='ocrx_word' id='word_1_250' title='bbox 367 3145 773 3218; x_wconf 74' lang='grc' dir='ltr'>ἐπιθυμούντων</span> <span class='ocrx_word' id='word_1_251' title='bbox 810 3149 1026 3203; x_wconf 82' lang='grc' dir='ltr'>αὐτῶν’</span> <span class='ocrx_word' id='word_1_252' title='bbox 1064 3152 1247 3205; x_wconf 74' lang='grc' dir='ltr'>πάντα</span> <span class='ocrx_word' id='word_1_253' title='bbox 1295 3152 1351 3205; x_wconf 82' lang='grc' dir='ltr'>δὲ</span> <span class='ocrx_word' id='word_1_254' title='bbox 1406 3153 1475 3207; x_wconf 85' lang='grc' dir='ltr'><strong>τά</strong></span> <span class='ocrx_word' id='word_1_255' title='bbox 1532 3156 1938 3225; x_wconf 83' lang='grc' dir='ltr'>προσπίπτοντα</span> 
     </span>
    </p>
   </div>
   <div class='ocr_carea' id='block_1_36' title="bbox 367 3238 1941 3319">
    <p class='ocr_par' dir='ltr' id='par_1_36' title="bbox 367 3238 1941 3319">
     <span class='ocr_line' id='line_1_36' title="bbox 367 3238 1941 3319; baseline 0.006 -28"><span class='ocrx_word' id='word_1_256' title='bbox 367 3238 506 3319; x_wconf 74' lang='grc' dir='ltr'>ὁμοῦ</span> <span class='ocrx_word' id='word_1_257' title='bbox 532 3253 591 3292; x_wconf 86' lang='grc' dir='ltr'><strong>τε</strong></span> <span class='ocrx_word' id='word_1_258' title='bbox 623 3241 984 3312; x_wconf 84' lang='grc' dir='ltr'>προσήγγισε,</span> <span class='ocrx_word' id='word_1_259' title='bbox 1015 3241 1106 3295; x_wconf 75' lang='grc' dir='ltr'><strong>καὶ</strong></span> <span class='ocrx_word' id='word_1_260' title='bbox 1135 3241 1354 3311; x_wconf 85' lang='grc' dir='ltr'>θίγοντα</span> <span class='ocrx_word' id='word_1_261' title='bbox 1391 3245 1733 3315; x_wconf 82' lang='grc' dir='ltr'>παρέδραμε,</span> <span class='ocrx_word' id='word_1_262' title='bbox 1764 3247 1941 3301; x_wconf 76' lang='grc' dir='ltr'>καὶτὸ</span> 
     </span>
    </p>
   </div>
   <div class='ocr_carea' id='block_1_37' title="bbox 368 3331 1942 3409">
    <p class='ocr_par' dir='ltr' id='par_1_37' title="bbox 368 3331 1942 3409">
     <span class='ocr_line' id='line_1_37' title="bbox 368 3331 1942 3409; baseline 0.003 -24"><span class='ocrx_word' id='word_1_263' title='bbox 368 3332 456 3385; x_wconf 72' lang='grc' dir='ltr'>ἀεὶ</span> <span class='ocrx_word' id='word_1_264' title='bbox 479 3332 652 3402; x_wconf 73' lang='grc' dir='ltr'>παρὸν</span> <span class='ocrx_word' id='word_1_265' title='bbox 682 3331 758 3402; x_wconf 77' lang='grc' dir='ltr'><strong>τῷ</strong></span> <span class='ocrx_word' id='word_1_266' title='bbox 786 3333 998 3404; x_wconf 79' lang='grc' dir='ltr'>σφοδρῷ</span> <span class='ocrx_word' id='word_1_267' title='bbox 1024 3334 1126 3404; x_wconf 85' lang='grc' dir='ltr'><strong>τῆς</strong></span> <span class='ocrx_word' id='word_1_268' title='bbox 1155 3335 1388 3406; x_wconf 84' lang='grc' dir='ltr'>παρόδου</span> <span class='ocrx_word' id='word_1_269' title='bbox 1420 3336 1701 3406; x_wconf 78' lang='grc' dir='ltr'>διαφεύγει</span> <span class='ocrx_word' id='word_1_270' title='bbox 1736 3339 1836 3409; x_wconf 76' lang='grc' dir='ltr'><strong>τὴν</strong></span> <span class='ocrx_word' id='word_1_271' title='bbox 1859 3333 1942 3392; x_wconf 82' lang='grc' dir='ltr'>αἴ-</span> 
     </span>
    </p>
   </div>
   <div class='ocr_carea' id='block_1_38' title="bbox 371 3423 1945 3503">
    <p class='ocr_par' dir='ltr' id='par_1_38' title="bbox 371 3423 1945 3503">
     <span class='ocr_line' id='line_1_38' title="bbox 371 3423 1945 3503; baseline 0.005 -28"><span class='ocrx_word' id='word_1_272' title='bbox 371 3423 581 3496; x_wconf 85' lang='grc' dir='ltr'>σθησιν,</span> <span class='ocrx_word' id='word_1_273' title='bbox 612 3423 716 3477; x_wconf 74' lang='grc' dir='ltr'><strong>ὑπὸ</strong></span> <span class='ocrx_word' id='word_1_274' title='bbox 747 3425 842 3494; x_wconf 84' lang='grc' dir='ltr'>τῆς</span> <span class='ocrx_word' id='word_1_275' title='bbox 867 3425 1095 3478; x_wconf 86' lang='grc' dir='ltr'>κατόπιν</span> <span class='ocrx_word' id='word_1_276' title='bbox 1120 3427 1382 3499; x_wconf 68' lang='grc' dir='ltr'>ἐπιρροῆς</span> <span class='ocrx_word' id='word_1_277' title='bbox 1402 3427 1510 3480; x_wconf 84' lang='grc' dir='ltr'><strong>τῶν</strong></span> <span class='ocrx_word' id='word_1_278' title='bbox 1533 3427 1821 3499; x_wconf 83' lang='grc' dir='ltr'>ὀφθαλμῶν</span> <span class='ocrx_word' id='word_1_279' title='bbox 1848 3431 1945 3503; x_wconf 81' lang='grc' dir='ltr'>ἀρ-</span> 
     </span>
    </p>
   </div>
   <div class='ocr_carea' id='block_1_39' title="bbox 369 3515 1940 3594">
    <p class='ocr_par' dir='ltr' id='par_1_39' title="bbox 369 3515 1940 3594">
     <span class='ocr_line' id='line_1_39' title="bbox 369 3515 1940 3594; baseline 0.006 -27"><span class='ocrx_word' id='word_1_280' title='bbox 369 3515 688 3585; x_wconf 67' lang='grc' dir='ltr'>παιζομένων</span> <span class='ocrx_word' id='word_1_281' title='bbox 709 3517 728 3546; x_wconf 64' lang='lat'><strong><em>&quot;</em></strong></span> <span class='ocrx_word' id='word_1_282' title='bbox 758 3515 847 3568; x_wconf 74' lang='grc' dir='ltr'>διὰ</span> <span class='ocrx_word' id='word_1_283' title='bbox 897 3515 1053 3570; x_wconf 77' lang='grc' dir='ltr'>τοῦτο</span> <span class='ocrx_word' id='word_1_284' title='bbox 1093 3518 1367 3583; x_wconf 85' lang='grc' dir='ltr'>λυσιτελὲς</span> <span class='ocrx_word' id='word_1_285' title='bbox 1416 3519 1482 3574; x_wconf 82' lang='grc' dir='ltr'>ἂν</span> <span class='ocrx_word' id='word_1_286' title='bbox 1514 3519 1600 3592; x_wconf 75' lang='grc' dir='ltr'>εἴη</span> <span class='ocrx_word' id='word_1_287' title='bbox 1636 3522 1824 3594; x_wconf 72' lang='grc' dir='ltr'>πόρρω</span> <span class='ocrx_word' id='word_1_288' title='bbox 1849 3522 1940 3576; x_wconf 82' lang='grc' dir='ltr'>τοῦ</span> 
     </span>
    </p>
   </div>
   <div class='ocr_carea' id='block_1_40' title="bbox 367 3605 1944 3682">
    <p class='ocr_par' dir='ltr' id='par_1_40' title="bbox 367 3605 1944 3682">
     <span class='ocr_line' id='line_1_40' title="bbox 367 3605 1944 3682; baseline 0.004 -23"><span class='ocrx_word' id='word_1_289' title='bbox 367 3606 604 3660; x_wconf 83' lang='grc' dir='ltr'>τοιούτου</span> <span class='ocrx_word' id='word_1_290' title='bbox 636 3605 906 3677; x_wconf 81' lang='grc' dir='ltr'>ῥεύματος</span> <span class='ocrx_word' id='word_1_291' title='bbox 956 3609 1180 3673; x_wconf 82' lang='grc' dir='ltr'>ἑαυτοὺς</span> <span class='ocrx_word' id='word_1_292' title='bbox 1235 3611 1465 3682; x_wconf 88' lang='grc' dir='ltr'>ἀνέχειν,</span> <span class='ocrx_word' id='word_1_293' title='bbox 1506 3611 1582 3675; x_wconf 83' lang='grc' dir='ltr'>ὡς</span> <span class='ocrx_word' id='word_1_294' title='bbox 1631 3611 1696 3667; x_wconf 82' lang='grc' dir='ltr'>ἂν</span> <span class='ocrx_word' id='word_1_295' title='bbox 1728 3613 1802 3682; x_wconf 84' lang='grc' dir='ltr'>μὴ</span> <span class='ocrx_word' id='word_1_296' title='bbox 1836 3612 1944 3666; x_wconf 89' lang='grc' dir='ltr'><strong>τῶν</strong></span> 
     </span>
    </p>
   </div>
   <div class='ocr_carea' id='block_1_41' title="bbox 368 3700 1946 3778">
    <p class='ocr_par' dir='ltr' id='par_1_41' title="bbox 368 3700 1946 3778">
     <span class='ocr_line' id='line_1_41' title="bbox 368 3700 1946 3778; baseline 0.003 -24"><span class='ocrx_word' id='word_1_297' title='bbox 368 3700 616 3778; x_wconf 84' lang='grc' dir='ltr'>ἀστάτων</span> <span class='ocrx_word' id='word_1_298' title='bbox 637 3700 1034 3772; x_wconf 81' lang='grc' dir='ltr'>περιεχόμενοι,</span> <span class='ocrx_word' id='word_1_299' title='bbox 1065 3703 1171 3755; x_wconf 86' lang='grc' dir='ltr'><strong>τῶν</strong></span> <span class='ocrx_word' id='word_1_300' title='bbox 1201 3703 1286 3754; x_wconf 77' lang='grc' dir='ltr'>ἀεὶ</span> <span class='ocrx_word' id='word_1_301' title='bbox 1313 3702 1561 3757; x_wconf 78' lang='grc' dir='ltr'>ἑστώτων</span> <span class='ocrx_word' id='word_1_302' title='bbox 1586 3704 1946 3776; x_wconf 85' lang='grc' dir='ltr'>όλιγωρήσαι-</span> 
     </span>
    </p>
   </div>
   <div class='ocr_carea' id='block_1_42' title="bbox 372 3791 1944 3870">
    <p class='ocr_par' dir='ltr' id='par_1_42' title="bbox 372 3791 1944 3870">
     <span class='ocr_line' id='line_1_42' title="bbox 372 3791 1944 3870; baseline 0.005 -26"><span class='ocrx_word' id='word_1_303' title='bbox 372 3791 490 3862; x_wconf 88' lang='grc' dir='ltr'>μεν.</span> <span class='ocrx_word' id='word_1_304' title='bbox 533 3791 658 3856; x_wconf 88' lang='grc' dir='ltr'>Πῶς</span> <span class='ocrx_word' id='word_1_305' title='bbox 688 3791 796 3870; x_wconf 82' lang='grc' dir='ltr'>γὰρ</span> <span class='ocrx_word' id='word_1_306' title='bbox 851 3793 964 3845; x_wconf 76' lang='grc' dir='ltr'>ἔστι</span> <span class='ocrx_word' id='word_1_307' title='bbox 998 3793 1088 3846; x_wconf 83' lang='grc' dir='ltr'>τὸν</span> <span class='ocrx_word' id='word_1_308' title='bbox 1138 3792 1556 3866; x_wconf 83' lang='grc' dir='ltr'>προσπαθοῦντά</span> <span class='ocrx_word' id='word_1_309' title='bbox 1587 3813 1693 3850; x_wconf 86' lang='grc' dir='ltr'>τινι</span> <span class='ocrx_word' id='word_1_310' title='bbox 1744 3797 1852 3851; x_wconf 88' lang='grc' dir='ltr'><strong>τῶν</strong></span> <span class='ocrx_word' id='word_1_311' title='bbox 1886 3800 1944 3852; x_wconf 81' lang='grc' dir='ltr'>ἐν</span> 
     </span>
    </p>
   </div>
   <div class='ocr_carea' id='block_1_43' title="bbox 367 3879 1944 3957">
    <p class='ocr_par' dir='ltr' id='par_1_43' title="bbox 367 3879 1944 3957">
     <span class='ocr_line' id='line_1_43' title="bbox 367 3879 1944 3957; baseline 0.006 -25"><span class='ocrx_word' id='word_1_312' title='bbox 367 3879 446 3951; x_wconf 83' lang='grc' dir='ltr'>τῷ</span> <span class='ocrx_word' id='word_1_313' title='bbox 490 3879 588 3951; x_wconf 83' lang='grc' dir='ltr'><strong>βίῳ</strong></span> <span class='ocrx_word' id='word_1_314' title='bbox 624 3880 827 3952; x_wconf 83' lang='grc' dir='ltr'>τούτῳ,</span> <span class='ocrx_word' id='word_1_315' title='bbox 872 3881 960 3935; x_wconf 82' lang='grc' dir='ltr'>διὰ</span> <span class='ocrx_word' id='word_1_316' title='bbox 986 3883 1173 3946; x_wconf 78' lang='grc' dir='ltr'>τέλους</span> <span class='ocrx_word' id='word_1_317' title='bbox 1207 3883 1350 3953; x_wconf 77' lang='grc' dir='ltr'>ἔχειν</span> <span class='ocrx_word' id='word_1_318' title='bbox 1397 3883 1457 3937; x_wconf 76' lang='grc' dir='ltr'>τὸ</span> <span class='ocrx_word' id='word_1_319' title='bbox 1487 3885 1852 3957; x_wconf 82' lang='grc' dir='ltr'>ποθούμενον;</span> <span class='ocrx_word' id='word_1_320' title='bbox 1880 3887 1944 3941; x_wconf 88' lang='grc' dir='ltr'>Τί</span> 
     </span>
    </p>
   </div>
   <div class='ocr_carea' id='block_1_44' title="bbox 366 3969 1943 4049">
    <p class='ocr_par' dir='ltr' id='par_1_44' title="bbox 366 3969 1943 4049">
     <span class='ocr_line' id='line_1_44' title="bbox 366 3969 1943 4049; baseline 0.005 -25"><span class='ocrx_word' id='word_1_321' title='bbox 366 3971 474 4024; x_wconf 88' lang='grc' dir='ltr'><strong>τῶν</strong></span> <span class='ocrx_word' id='word_1_322' title='bbox 508 3969 740 4042; x_wconf 76' lang='grc' dir='ltr'>μάλιστα</span> <span class='ocrx_word' id='word_1_323' title='bbox 772 3973 1216 4044; x_wconf 70' lang='grc' dir='ltr'>σπουδαζομένων</span> <span class='ocrx_word' id='word_1_324' title='bbox 1275 3972 1447 4030; x_wconf 79' lang='grc' dir='ltr'>εἰσαεῖ</span> <span class='ocrx_word' id='word_1_325' title='bbox 1493 3979 1799 4049; x_wconf 84' lang='grc' dir='ltr'>παραμένει</span> <span class='ocrx_word' id='word_1_326' title='bbox 1831 3997 1943 4032; x_wconf 89' lang='grc' dir='ltr'>τοι-</span> 
     </span>
    </p>
   </div>
   <div class='ocr_carea' id='block_1_45' title="bbox 367 4061 1944 4140">
    <p class='ocr_par' dir='ltr' id='par_1_45' title="bbox 367 4061 1944 4140">
     <span class='ocr_line' id='line_1_45' title="bbox 367 4061 1944 4140; baseline 0.007 -26"><span class='ocrx_word' id='word_1_327' title='bbox 367 4061 552 4127; x_wconf 58' lang='grc' dir='ltr'>οῦτον,</span> <span class='ocrx_word' id='word_1_328' title='bbox 587 4063 714 4116; x_wconf 82' lang='grc' dir='ltr'>ποία</span> <span class='ocrx_word' id='word_1_329' title='bbox 752 4064 1000 4134; x_wconf 83' lang='grc' dir='ltr'>νεότητος</span> <span class='ocrx_word' id='word_1_330' title='bbox 1025 4065 1208 4136; x_wconf 84' lang='grc' dir='ltr'>ἀκμή;</span> <span class='ocrx_word' id='word_1_331' title='bbox 1243 4065 1326 4129; x_wconf 88' lang='grc' dir='ltr'><strong>τίς</strong></span> <span class='ocrx_word' id='word_1_332' title='bbox 1355 4067 1631 4138; x_wconf 81' lang='grc' dir='ltr'>δυνάμεως</span> <span class='ocrx_word' id='word_1_333' title='bbox 1664 4069 1696 4139; x_wconf 83' lang='grc' dir='ltr'>ἢ</span> <span class='ocrx_word' id='word_1_334' title='bbox 1732 4069 1944 4140; x_wconf 82' lang='grc' dir='ltr'>μορφῆς</span> 
     </span>
    </p>
   </div>
   <div class='ocr_carea' id='block_1_46' title="bbox 369 4154 1942 4233">
    <p class='ocr_par' dir='ltr' id='par_1_46' title="bbox 369 4154 1942 4233">
     <span class='ocr_line' id='line_1_46' title="bbox 369 4154 1942 4233; baseline 0.004 -27"><span class='ocrx_word' id='word_1_335' title='bbox 369 4154 621 4226; x_wconf 74' lang='grc' dir='ltr'>εὐμοιρῐα</span> <span class='ocrx_word' id='word_1_336' title='bbox 645 4171 660 4220; x_wconf 87' lang='lat'><strong>;</strong></span> <span class='ocrx_word' id='word_1_337' title='bbox 682 4157 766 4219; x_wconf 80' lang='grc' dir='ltr'><strong>τίς</strong></span> <span class='ocrx_word' id='word_1_338' title='bbox 788 4155 1014 4233; x_wconf 78' lang='grc' dir='ltr'>πλοῦτος</span> <span class='ocrx_word' id='word_1_339' title='bbox 1038 4173 1052 4221; x_wconf 89' lang='grc'>;</span> <span class='ocrx_word' id='word_1_340' title='bbox 1086 4156 1210 4209; x_wconf 90' lang='grc' dir='ltr'>ποία</span> <span class='ocrx_word' id='word_1_341' title='bbox 1230 4156 1388 4223; x_wconf 72' lang='grc' dir='ltr'>δόξας</span> <span class='ocrx_word' id='word_1_342' title='bbox 1417 4157 1498 4222; x_wconf 89' lang='grc' dir='ltr'><strong>τίς</strong></span> <span class='ocrx_word' id='word_1_343' title='bbox 1521 4157 1840 4225; x_wconf 87' lang='grc' dir='ltr'>δυναστεία;</span> <span class='ocrx_word' id='word_1_344' title='bbox 1867 4160 1942 4212; x_wconf 85' lang='grc' dir='ltr'><strong>Οὐ</strong></span> 
     </span>
    </p>
   </div>
   <div class='ocr_carea' id='block_1_47' title="bbox 369 4243 1943 4317">
    <p class='ocr_par' dir='ltr' id='par_1_47' title="bbox 369 4243 1943 4317">
     <span class='ocr_line' id='line_1_47' title="bbox 369 4243 1943 4317; baseline 0.003 -21"><span class='ocrx_word' id='word_1_345' title='bbox 369 4243 543 4297; x_wconf 84' lang='grc' dir='ltr'>πάντα</span> <span class='ocrx_word' id='word_1_346' title='bbox 578 4243 646 4297; x_wconf 79' lang='grc' dir='ltr'>τὰ</span> <span class='ocrx_word' id='word_1_347' title='bbox 699 4243 923 4298; x_wconf 74' lang='grc' dir='ltr'>τοιαῦτα</span> <span class='ocrx_word' id='word_1_348' title='bbox 959 4245 1148 4317; x_wconf 75' lang='grc' dir='ltr'>μικρὸν</span> <span class='ocrx_word' id='word_1_349' title='bbox 1202 4245 1509 4315; x_wconf 83' lang='grc' dir='ltr'>ἀνθήσαντα</span> <span class='ocrx_word' id='word_1_350' title='bbox 1535 4246 1745 4317; x_wconf 85' lang='grc' dir='ltr'>χρόνον,</span> <span class='ocrx_word' id='word_1_351' title='bbox 1785 4247 1943 4300; x_wconf 86' lang='grc' dir='ltr'>πάλιν</span> 
     </span>
    </p>
   </div>
   <div class='ocr_carea' id='block_1_48' title="bbox 369 4331 1938 4408">
    <p class='ocr_par' dir='ltr' id='par_1_48' title="bbox 369 4331 1938 4408">
     <span class='ocr_line' id='line_1_48' title="bbox 369 4331 1938 4408; baseline 0.001 -20"><span class='ocrx_word' id='word_1_352' title='bbox 369 4331 638 4406; x_wconf 70' lang='grc' dir='ltr'>ἀπερρύη,</span> <span class='ocrx_word' id='word_1_353' title='bbox 673 4336 767 4389; x_wconf 74' lang='grc' dir='ltr'>καὶ</span> <span class='ocrx_word' id='word_1_354' title='bbox 820 4335 957 4408; x_wconf 83' lang='grc' dir='ltr'>πρὸς</span> <span class='ocrx_word' id='word_1_355' title='bbox 1007 4337 1107 4408; x_wconf 80' lang='grc' dir='ltr'>τὴν</span> <span class='ocrx_word' id='word_1_356' title='bbox 1151 4336 1402 4389; x_wconf 79' lang='grc' dir='ltr'>ἐναντίαν</span> <span class='ocrx_word' id='word_1_357' title='bbox 1447 4337 1763 4407; x_wconf 79' lang='grc' dir='ltr'>ἐπωνυμίαν</span> <span class='ocrx_word' id='word_1_358' title='bbox 1810 4354 1938 4407; x_wconf 86' lang='grc' dir='ltr'>μετ-</span> 
     </span>
    </p>
   </div>
   <div class='ocr_carea' id='block_1_49' title="bbox 2039 503 3614 582">
    <p class='ocr_par' dir='ltr' id='par_1_49' title="bbox 2039 503 3614 582">
     <span class='ocr_line' id='line_1_49' title="bbox 2039 503 3614 582; baseline -0.004 -20"><span class='ocrx_word' id='word_1_359' title='bbox 2039 509 2145 564; x_wconf 89' lang='lat' dir='ltr'><strong>nisi</strong></span> <span class='ocrx_word' id='word_1_360' title='bbox 2217 508 2545 582; x_wconf 64' lang='lat' dir='ltr'><strong>Egyptum,</strong></span> <span class='ocrx_word' id='word_1_361' title='bbox 2594 510 2647 564; x_wconf 89' lang='lat' dir='ltr'><strong>id</strong></span> <span class='ocrx_word' id='word_1_362' title='bbox 2719 523 2803 565; x_wconf 88' lang='lat' dir='ltr'><strong>est</strong></span> <span class='ocrx_word' id='word_1_363' title='bbox 2871 509 3013 563; x_wconf 87' lang='lat' dir='ltr'><strong>hanc</strong></span> <span class='ocrx_word' id='word_1_364' title='bbox 3051 508 3395 562; x_wconf 80' lang='lat' dir='ltr'><strong>submersam</strong></span> <span class='ocrx_word' id='word_1_365' title='bbox 3443 503 3614 557; x_wconf 87' lang='lat' dir='ltr'><strong>vitam</strong></span> 
     </span>
    </p>
   </div>
   <div class='ocr_carea' id='block_1_50' title="bbox 2039 593 3614 666">
    <p class='ocr_par' dir='ltr' id='par_1_50' title="bbox 2039 593 3614 666">
     <span class='ocr_line' id='line_1_50' title="bbox 2039 593 3614 666; baseline -0.007 -10"><span class='ocrx_word' id='word_1_366' title='bbox 2039 603 2276 666; x_wconf 79' lang='lat' dir='ltr'><strong>deserat,</strong></span> <span class='ocrx_word' id='word_1_367' title='bbox 2319 612 2372 656; x_wconf 91' lang='lat' dir='ltr'><strong>et</strong></span> <span class='ocrx_word' id='word_1_368' title='bbox 2412 611 2538 656; x_wconf 89' lang='lat' dir='ltr'><strong>non‘</strong></span> <span class='ocrx_word' id='word_1_369' title='bbox 2562 601 2806 656; x_wconf 83' lang='lat' dir='ltr'><strong>Rubrum</strong></span> <span class='ocrx_word' id='word_1_370' title='bbox 2851 600 3005 665; x_wconf 85' lang='lat' dir='ltr'><strong>illud,</strong></span> <span class='ocrx_word' id='word_1_371' title='bbox 3037 597 3131 654; x_wconf 87' lang='lat' dir='ltr'><strong>sed</strong></span> <span class='ocrx_word' id='word_1_372' title='bbox 3169 597 3401 666; x_wconf 69' lang='grc' dir='ltr'>ιιῑενιιιητ</span> <span class='ocrx_word' id='word_1_373' title='bbox 3421 593 3524 647; x_wconf 88' lang='lat' dir='ltr'><strong>hoc</strong></span> <span class='ocrx_word' id='word_1_374' title='bbox 3559 601 3614 646; x_wconf 89' lang='lat' dir='ltr'><strong>et</strong></span> 
     </span>
    </p>
   </div>
   <div class='ocr_carea' id='block_1_51' title="bbox 2037 685 3617 756">
    <p class='ocr_par' dir='ltr' id='par_1_51' title="bbox 2037 685 3617 756">
     <span class='ocr_line' id='line_1_51' title="bbox 2037 685 3617 756; baseline -0.005 -10"><span class='ocrx_word' id='word_1_375' title='bbox 2037 694 2330 748; x_wconf 75' lang='lat' dir='ltr'><strong>obscurum</strong></span> <span class='ocrx_word' id='word_1_376' title='bbox 2365 697 2489 748; x_wconf 71' lang='lat' dir='ltr'><strong>vita:</strong></span> <span class='ocrx_word' id='word_1_377' title='bbox 2527 709 2674 748; x_wconf 88' lang='lat' dir='ltr'><strong>mare</strong></span> <span class='ocrx_word' id='word_1_378' title='bbox 2727 700 3011 756; x_wconf 75' lang='lat' dir='ltr'><strong>transeat;</strong></span> <span class='ocrx_word' id='word_1_379' title='bbox 3078 691 3124 745; x_wconf 89' lang='lat' dir='ltr'><strong>si</strong></span> <span class='ocrx_word' id='word_1_380' title='bbox 3181 695 3361 742; x_wconf 90' lang='lat' dir='ltr'><strong>autem</strong></span> <span class='ocrx_word' id='word_1_381' title='bbox 3413 685 3516 740; x_wconf 86' lang='lat' dir='ltr'><strong>nisi</strong></span> <span class='ocrx_word' id='word_1_382' title='bbox 3551 685 3617 738; x_wconf 88' lang='lat' dir='ltr'><strong>li-</strong></span> 
     </span>
    </p>
   </div>
   <div class='ocr_carea' id='block_1_52' title="bbox 2037 779 3620 856">
    <p class='ocr_par' dir='ltr' id='par_1_52' title="bbox 2037 779 3620 856">
     <span class='ocr_line' id='line_1_52' title="bbox 2037 779 3620 856; baseline -0.006 -16"><span class='ocrx_word' id='word_1_383' title='bbox 2037 786 2308 841; x_wconf 86' lang='lat' dir='ltr'><strong>beraverit</strong></span> <span class='ocrx_word' id='word_1_384' title='bbox 2334 802 2454 849; x_wconf 83' lang='lat' dir='ltr'><strong>nos,</strong></span> <span class='ocrx_word' id='word_1_385' title='bbox 2480 795 2538 842; x_wconf 89' lang='lat' dir='ltr'><strong>ut</strong></span> <span class='ocrx_word' id='word_1_386' title='bbox 2565 787 2741 856; x_wconf 88' lang='lat' dir='ltr'><strong>inquit</strong></span> <span class='ocrx_word' id='word_1_387' title='bbox 2772 785 3092 848; x_wconf 84' lang='lat' dir='ltr'><strong>Dominus&quot;,</strong></span> <span class='ocrx_word' id='word_1_388' title='bbox 3125 783 3348 846; x_wconf 84' lang='lat' dir='ltr'><strong>veritas,</strong></span> <span class='ocrx_word' id='word_1_389' title='bbox 3387 781 3440 833; x_wconf 90' lang='lat' dir='ltr'><strong>in</strong></span> <span class='ocrx_word' id='word_1_390' title='bbox 3469 779 3620 832; x_wconf 88' lang='lat' dir='ltr'><strong>malo</strong></span> 
     </span>
    </p>
   </div>
   <div class='ocr_carea' id='block_1_53' title="bbox 2039 869 3613 947">
    <p class='ocr_par' dir='ltr' id='par_1_53' title="bbox 2039 869 3613 947">
     <span class='ocr_line' id='line_1_53' title="bbox 2039 869 3613 947; baseline -0.006 -17"><span class='ocrx_word' id='word_1_391' title='bbox 2039 877 2320 933; x_wconf 73' lang='lat' dir='ltr'><strong>servitutis</strong></span> <span class='ocrx_word' id='word_1_392' title='bbox 2380 879 2860 947; x_wconf 84' lang='lat' dir='ltr'><strong>permanebimus,</strong></span> <span class='ocrx_word' id='word_1_393' title='bbox 2921 873 3197 945; x_wconf 89' lang='lat' dir='ltr'><strong>quomodo</strong></span> <span class='ocrx_word' id='word_1_394' title='bbox 3250 879 3472 942; x_wconf 79' lang='lat' dir='ltr'><strong>potest,</strong></span> <span class='ocrx_word' id='word_1_395' title='bbox 3519 869 3613 938; x_wconf 90' lang='lat' dir='ltr'><strong>qui</strong></span> 
     </span>
    </p>
   </div>
   <div class='ocr_carea' id='block_1_54' title="bbox 2039 963 3613 1039">
    <p class='ocr_par' dir='ltr' id='par_1_54' title="bbox 2039 963 3613 1039">
     <span class='ocr_line' id='line_1_54' title="bbox 2039 963 3613 1039; baseline -0.006 -17"><span class='ocrx_word' id='word_1_396' title='bbox 2039 967 2234 1023; x_wconf 85' lang='lat' dir='ltr'><strong>falsum</strong></span> <span class='ocrx_word' id='word_1_397' title='bbox 2264 970 2479 1039; x_wconf 78' lang='lat' dir='ltr'><strong>quaerit,</strong></span> <span class='ocrx_word' id='word_1_398' title='bbox 2518 968 2681 1039; x_wconf 79' lang='lat' dir='ltr'><strong>quive</strong></span> <span class='ocrx_word' id='word_1_399' title='bbox 2725 969 2778 1022; x_wconf 91' lang='lat' dir='ltr'><strong>in</strong></span> <span class='ocrx_word' id='word_1_400' title='bbox 2823 968 2985 1035; x_wconf 88' lang='lat' dir='ltr'><strong>hujus</strong></span> <span class='ocrx_word' id='word_1_401' title='bbox 3019 967 3142 1020; x_wconf 61' lang='lat' dir='ltr'><strong>vitae</strong></span> <span class='ocrx_word' id='word_1_402' title='bbox 3195 963 3477 1018; x_wconf 90' lang='lat' dir='ltr'><strong>erroribus</strong></span> <span class='ocrx_word' id='word_1_403' title='bbox 3506 968 3613 1020; x_wconf 66' lang='lat' dir='ltr'><strong>est,</strong></span> 
     </span>
    </p>
   </div>
   <div class='ocr_carea' id='block_1_55' title="bbox 2040 1053 3613 1129">
    <p class='ocr_par' dir='ltr' id='par_1_55' title="bbox 2040 1053 3613 1129">
     <span class='ocr_line' id='line_1_55' title="bbox 2040 1053 3613 1129; baseline -0.01 -11"><span class='ocrx_word' id='word_1_404' title='bbox 2040 1063 2094 1118; x_wconf 87' lang='lat' dir='ltr'><strong>in</strong></span> <span class='ocrx_word' id='word_1_405' title='bbox 2151 1064 2382 1118; x_wconf 78' lang='lat' dir='ltr'><strong>veritate</strong></span> <span class='ocrx_word' id='word_1_406' title='bbox 2409 1063 2658 1118; x_wconf 87' lang='lat' dir='ltr'><strong>versari?</strong></span> <span class='ocrx_word' id='word_1_407' title='bbox 2683 1059 2871 1128; x_wconf 83' lang='lat' dir='ltr'><strong>Quove</strong></span> <span class='ocrx_word' id='word_1_408' title='bbox 2905 1067 3064 1129; x_wconf 89' lang='lat' dir='ltr'><strong>pacto</strong></span> <span class='ocrx_word' id='word_1_409' title='bbox 3104 1058 3228 1122; x_wconf 91' lang='lat' dir='ltr'><strong>quis</strong></span> <span class='ocrx_word' id='word_1_410' title='bbox 3289 1056 3394 1109; x_wconf 85' lang='lat' dir='ltr'><strong>hoc</strong></span> <span class='ocrx_word' id='word_1_411' title='bbox 3421 1053 3613 1121; x_wconf 81' lang='lat' dir='ltr'><strong>jugum</strong></span> 
     </span>
    </p>
   </div>
   <div class='ocr_carea' id='block_1_56' title="bbox 2041 1144 3616 1222">
    <p class='ocr_par' dir='ltr' id='par_1_56' title="bbox 2041 1144 3616 1222">
     <span class='ocr_line' id='line_1_56' title="bbox 2041 1144 3616 1222; baseline -0.011 -11"><span class='ocrx_word' id='word_1_412' title='bbox 2041 1155 2329 1211; x_wconf 73' lang='lat' dir='ltr'><strong>servitutis</strong></span> <span class='ocrx_word' id='word_1_413' title='bbox 2368 1152 2656 1222; x_wconf 87' lang='lat' dir='ltr'><strong>dejecerit,</strong></span> <span class='ocrx_word' id='word_1_414' title='bbox 2710 1151 2805 1220; x_wconf 87' lang='lat' dir='ltr'><strong>qui</strong></span> <span class='ocrx_word' id='word_1_415' title='bbox 2859 1152 3022 1203; x_wconf 87' lang='lat' dir='ltr'><strong>vitam</strong></span> <span class='ocrx_word' id='word_1_416' title='bbox 3079 1162 3256 1208; x_wconf 89' lang='lat' dir='ltr'><strong>suam,</strong></span> <span class='ocrx_word' id='word_1_417' title='bbox 3304 1144 3460 1214; x_wconf 81' lang='lat' dir='ltr'><strong>quasi</strong></span> <span class='ocrx_word' id='word_1_418' title='bbox 3501 1157 3616 1196; x_wconf 54' lang='grc' dir='ltr'>θοι-η</span> 
     </span>
    </p>
   </div>
   <div class='ocr_carea' id='block_1_57' title="bbox 2041 1234 3617 1311">
    <p class='ocr_par' dir='ltr' id='par_1_57' title="bbox 2041 1234 3617 1311">
     <span class='ocr_line' id='line_1_57' title="bbox 2041 1234 3617 1311; baseline -0.01 -11"><span class='ocrx_word' id='word_1_419' title='bbox 2041 1261 2186 1311; x_wconf 89' lang='lat' dir='ltr'><strong>vam,</strong></span> <span class='ocrx_word' id='word_1_420' title='bbox 2219 1245 2272 1298; x_wconf 92' lang='lat' dir='ltr'><strong>in</strong></span> <span class='ocrx_word' id='word_1_421' title='bbox 2327 1251 2535 1297; x_wconf 67' lang='lat' dir='ltr'><strong>nattnaa</strong></span> <span class='ocrx_word' id='word_1_422' title='bbox 2588 1241 2946 1295; x_wconf 89' lang='lat' dir='ltr'><strong>necessitates</strong></span> <span class='ocrx_word' id='word_1_423' title='bbox 2975 1238 3245 1307; x_wconf 86' lang='lat' dir='ltr'><strong>conjicit?</strong></span> <span class='ocrx_word' id='word_1_424' title='bbox 3277 1235 3380 1290; x_wconf 88' lang='lat' dir='ltr'><strong>Sed</strong></span> <span class='ocrx_word' id='word_1_425' title='bbox 3434 1234 3617 1286; x_wconf 89' lang='lat' dir='ltr'><strong>notior</strong></span> 
     </span>
    </p>
   </div>
   <div class='ocr_carea' id='block_1_58' title="bbox 2041 1324 3619 1409">
    <p class='ocr_par' dir='ltr' id='par_1_58' title="bbox 2041 1324 3619 1409">
     <span class='ocr_line' id='line_1_58' title="bbox 2041 1324 3619 1409; baseline -0.008 -18"><span class='ocrx_word' id='word_1_426' title='bbox 2041 1338 2262 1409; x_wconf 86' lang='lat' dir='ltr'><strong>quidem</strong></span> <span class='ocrx_word' id='word_1_427' title='bbox 2317 1335 2476 1390; x_wconf 88' lang='lat' dir='ltr'><strong>nobis</strong></span> <span class='ocrx_word' id='word_1_428' title='bbox 2525 1333 2803 1404; x_wconf 83' lang='lat' dir='ltr'><strong>proposito</strong></span> <span class='ocrx_word' id='word_1_429' title='bbox 2850 1332 3034 1401; x_wconf 85' lang='lat' dir='ltr'><strong>aliquo</strong></span> <span class='ocrx_word' id='word_1_430' title='bbox 3086 1329 3335 1398; x_wconf 74' lang='lat' dir='ltr'><strong>exemplo</strong></span> <span class='ocrx_word' id='word_1_431' title='bbox 3389 1327 3501 1381; x_wconf 43' lang='lat' dir='ltr'><strong>erit:</strong></span> <span class='ocrx_word' id='word_1_432' title='bbox 3549 1324 3619 1378; x_wconf 79' lang='lat' dir='ltr'><strong>de</strong></span> 
     </span>
    </p>
   </div>
   <div class='ocr_carea' id='block_1_59' title="bbox 2042 1419 3613 1501">
    <p class='ocr_par' dir='ltr' id='par_1_59' title="bbox 2042 1419 3613 1501">
     <span class='ocr_line' id='line_1_59' title="bbox 2042 1419 3613 1501; baseline -0.008 -15"><span class='ocrx_word' id='word_1_433' title='bbox 2042 1433 2130 1487; x_wconf 89' lang='lat' dir='ltr'><strong>his</strong></span> <span class='ocrx_word' id='word_1_434' title='bbox 2183 1431 2344 1501; x_wconf 85' lang='lat' dir='ltr'><strong>plane</strong></span> <span class='ocrx_word' id='word_1_435' title='bbox 2388 1428 2586 1482; x_wconf 88' lang='lat' dir='ltr'><strong>oratio.</strong></span> <span class='ocrx_word' id='word_1_436' title='bbox 2623 1424 3091 1493; x_wconf 82' lang='lat' dir='ltr'><strong>Quemadmodum</strong></span> <span class='ocrx_word' id='word_1_437' title='bbox 3145 1424 3324 1478; x_wconf 89' lang='lat' dir='ltr'><strong>amnis</strong></span> <span class='ocrx_word' id='word_1_438' title='bbox 3379 1419 3613 1488; x_wconf 85' lang='lat' dir='ltr'><strong>aliquis,</strong></span> 
     </span>
    </p>
   </div>
   <div class='ocr_carea' id='block_1_60' title="bbox 2043 1515 3618 1593">
    <p class='ocr_par' dir='ltr' id='par_1_60' title="bbox 2043 1515 3618 1593">
     <span class='ocr_line' id='line_1_60' title="bbox 2043 1515 3618 1593; baseline -0.01 -15"><span class='ocrx_word' id='word_1_439' title='bbox 2043 1523 2136 1593; x_wconf 91' lang='lat' dir='ltr'><strong>qui</strong></span> <span class='ocrx_word' id='word_1_440' title='bbox 2170 1535 2269 1578; x_wconf 83' lang='lat' dir='ltr'><strong>sua</strong></span> <span class='ocrx_word' id='word_1_441' title='bbox 2325 1530 2520 1575; x_wconf 78' lang='lat' dir='ltr'><strong>natura</strong></span> <span class='ocrx_word' id='word_1_442' title='bbox 2575 1519 2710 1574; x_wconf 86' lang='lat' dir='ltr'><strong>satis</strong></span> <span class='ocrx_word' id='word_1_443' title='bbox 2757 1516 3067 1588; x_wconf 83' lang='lat' dir='ltr'><strong>proﬂuens,</strong></span> <span class='ocrx_word' id='word_1_444' title='bbox 3132 1515 3377 1569; x_wconf 84' lang='lat' dir='ltr'><strong>incitatis</strong></span> <span class='ocrx_word' id='word_1_445' title='bbox 3449 1526 3618 1580; x_wconf 82' lang='lat' dir='ltr'><strong>aqua-</strong></span> 
     </span>
    </p>
   </div>
   <div class='ocr_carea' id='block_1_61' title="bbox 2043 1602 3618 1682">
    <p class='ocr_par' dir='ltr' id='par_1_61' title="bbox 2043 1602 3618 1682">
     <span class='ocr_line' id='line_1_61' title="bbox 2043 1602 3618 1682; baseline -0.01 -14"><span class='ocrx_word' id='word_1_446' title='bbox 2043 1621 2164 1668; x_wconf 88' lang='lat' dir='ltr'><strong>rum</strong></span> <span class='ocrx_word' id='word_1_447' title='bbox 2221 1609 2654 1682; x_wconf 69' lang='lat' dir='ltr'><strong>proﬂuxionibus</strong></span> <span class='ocrx_word' id='word_1_448' title='bbox 2708 1606 2950 1678; x_wconf 75' lang='lat' dir='ltr'><strong>rapidior</strong></span> <span class='ocrx_word' id='word_1_449' title='bbox 2995 1606 3213 1666; x_wconf 86' lang='lat' dir='ltr'><strong>fertur,</strong></span> <span class='ocrx_word' id='word_1_450' title='bbox 3281 1602 3532 1672; x_wconf 76' lang='lat' dir='ltr'><strong>lignaque</strong></span> <span class='ocrx_word' id='word_1_451' title='bbox 3562 1607 3618 1653; x_wconf 89' lang='lat' dir='ltr'><strong>et</strong></span> 
     </span>
    </p>
   </div>
   <div class='ocr_carea' id='block_1_62' title="bbox 2046 1691 3619 1774">
    <p class='ocr_par' dir='ltr' id='par_1_62' title="bbox 2046 1691 3619 1774">
     <span class='ocr_line' id='line_1_62' title="bbox 2046 1691 3619 1774; baseline -0.009 -16"><span class='ocrx_word' id='word_1_452' title='bbox 2046 1704 2278 1774; x_wconf 90' lang='lat' dir='ltr'><strong>lapides,</strong></span> <span class='ocrx_word' id='word_1_453' title='bbox 2321 1713 2375 1758; x_wconf 91' lang='lat' dir='ltr'><strong>et</strong></span> <span class='ocrx_word' id='word_1_454' title='bbox 2418 1703 2626 1764; x_wconf 85' lang='lat' dir='ltr'><strong>omnia,</strong></span> <span class='ocrx_word' id='word_1_455' title='bbox 2669 1715 2791 1770; x_wconf 66' lang='lat' dir='ltr'><strong>qua:</strong></span> <span class='ocrx_word' id='word_1_456' title='bbox 2836 1698 2938 1754; x_wconf 89' lang='lat' dir='ltr'><strong>sibi</strong></span> <span class='ocrx_word' id='word_1_457' title='bbox 2981 1698 3195 1752; x_wconf 80' lang='lat' dir='ltr'><strong>obviam</strong></span> <span class='ocrx_word' id='word_1_458' title='bbox 3237 1696 3395 1758; x_wconf 84' lang='lat' dir='ltr'><strong>fiunt,</strong></span> <span class='ocrx_word' id='word_1_459' title='bbox 3445 1692 3500 1746; x_wconf 90' lang='lat' dir='ltr'><strong>in</strong></span> <span class='ocrx_word' id='word_1_460' title='bbox 3540 1691 3619 1744; x_wconf 85' lang='lat' dir='ltr'><strong>al-</strong></span> 
     </span>
    </p>
   </div>
   <div class='ocr_carea' id='block_1_63' title="bbox 2045 1781 3619 1864">
    <p class='ocr_par' dir='ltr' id='par_1_63' title="bbox 2045 1781 3619 1864">
     <span class='ocr_line' id='line_1_63' title="bbox 2045 1781 3619 1864; baseline -0.011 -15"><span class='ocrx_word' id='word_1_461' title='bbox 2045 1803 2203 1849; x_wconf 86' lang='lat' dir='ltr'><strong>veum</strong></span> <span class='ocrx_word' id='word_1_462' title='bbox 2232 1793 2396 1864; x_wconf 87' lang='lat' dir='ltr'><strong>rapit,</strong></span> <span class='ocrx_word' id='word_1_463' title='bbox 2449 1792 2814 1847; x_wconf 82' lang='lat' dir='ltr'><strong>calamitatem</strong></span> <span class='ocrx_word' id='word_1_464' title='bbox 2863 1787 2954 1842; x_wconf 87' lang='lat' dir='ltr'><strong>hic</strong></span> <span class='ocrx_word' id='word_1_465' title='bbox 2997 1795 3052 1843; x_wconf 90' lang='lat' dir='ltr'><strong>et</strong></span> <span class='ocrx_word' id='word_1_466' title='bbox 3078 1785 3378 1857; x_wconf 82' lang='lat' dir='ltr'><strong>periculum</strong></span> <span class='ocrx_word' id='word_1_467' title='bbox 3415 1783 3482 1838; x_wconf 90' lang='lat' dir='ltr'><strong>iis</strong></span> <span class='ocrx_word' id='word_1_468' title='bbox 3517 1781 3619 1834; x_wconf 86' lang='lat' dir='ltr'><strong>im-</strong></span> 
     </span>
    </p>
   </div>
   <div class='ocr_carea' id='block_1_64' title="bbox 2046 1872 3618 1955">
    <p class='ocr_par' dir='ltr' id='par_1_64' title="bbox 2046 1872 3618 1955">
     <span class='ocr_line' id='line_1_64' title="bbox 2046 1872 3618 1955; baseline -0.009 -16"><span class='ocrx_word' id='word_1_469' title='bbox 2046 1894 2246 1954; x_wconf 89' lang='lat' dir='ltr'><strong>portat,</strong></span> <span class='ocrx_word' id='word_1_470' title='bbox 2278 1885 2370 1955; x_wconf 91' lang='lat' dir='ltr'><strong>qui</strong></span> <span class='ocrx_word' id='word_1_471' title='bbox 2417 1899 2586 1955; x_wconf 87' lang='lat' dir='ltr'><strong>prope</strong></span> <span class='ocrx_word' id='word_1_472' title='bbox 2632 1881 2899 1945; x_wconf 89' lang='lat' dir='ltr'><strong>incolunt,</strong></span> <span class='ocrx_word' id='word_1_473' title='bbox 2956 1879 3066 1934; x_wconf 84' lang='lat' dir='ltr'><strong>illis</strong></span> <span class='ocrx_word' id='word_1_474' title='bbox 3097 1891 3226 1933; x_wconf 80' lang='lat' dir='ltr'><strong>vero</strong></span> <span class='ocrx_word' id='word_1_475' title='bbox 3278 1874 3482 1929; x_wconf 81' lang='lat' dir='ltr'><strong>frustra</strong></span> <span class='ocrx_word' id='word_1_476' title='bbox 3523 1872 3618 1926; x_wconf 86' lang='lat' dir='ltr'><strong>de-</strong></span> 
     </span>
    </p>
   </div>
   <div class='ocr_carea' id='block_1_65' title="bbox 2043 1963 3613 2047">
    <p class='ocr_par' dir='ltr' id='par_1_65' title="bbox 2043 1963 3613 2047">
     <span class='ocr_line' id='line_1_65' title="bbox 2043 1963 3613 2047; baseline -0.013 -14"><span class='ocrx_word' id='word_1_477' title='bbox 2043 1979 2183 2039; x_wconf 82' lang='lat' dir='ltr'><strong>ﬂuit,</strong></span> <span class='ocrx_word' id='word_1_478' title='bbox 2249 1978 2340 2047; x_wconf 84' lang='lat' dir='ltr'><strong>qui</strong></span> <span class='ocrx_word' id='word_1_479' title='bbox 2399 1977 2557 2045; x_wconf 82' lang='lat' dir='ltr'><strong>longe</strong></span> <span class='ocrx_word' id='word_1_480' title='bbox 2606 1974 2799 2029; x_wconf 88' lang='lat' dir='ltr'><strong>remoti</strong></span> <span class='ocrx_word' id='word_1_481' title='bbox 2834 1985 2958 2027; x_wconf 88' lang='lat' dir='ltr'><strong>eum</strong></span> <span class='ocrx_word' id='word_1_482' title='bbox 2995 1972 3211 2024; x_wconf 91' lang='lat' dir='ltr'><strong>vitant:</strong></span> <span class='ocrx_word' id='word_1_483' title='bbox 3250 1968 3346 2030; x_wconf 91' lang='lat' dir='ltr'><strong>ita,</strong></span> <span class='ocrx_word' id='word_1_484' title='bbox 3386 1965 3479 2036; x_wconf 90' lang='lat' dir='ltr'><strong>qui</strong></span> <span class='ocrx_word' id='word_1_485' title='bbox 3511 1963 3613 2018; x_wconf 85' lang='lat' dir='ltr'><strong>sibi</strong></span> 
     </span>
    </p>
   </div>
   <div class='ocr_carea' id='block_1_66' title="bbox 2044 2054 3618 2139">
    <p class='ocr_par' dir='ltr' id='par_1_66' title="bbox 2044 2054 3618 2139">
     <span class='ocr_line' id='line_1_66' title="bbox 2044 2054 3618 2139; baseline -0.012 -15"><span class='ocrx_word' id='word_1_486' title='bbox 2044 2071 2209 2139; x_wconf 81' lang='lat' dir='ltr'><strong>hujus</strong></span> <span class='ocrx_word' id='word_1_487' title='bbox 2263 2071 2387 2125; x_wconf 71' lang='lat' dir='ltr'><strong>vita:</strong></span> <span class='ocrx_word' id='word_1_488' title='bbox 2453 2065 2920 2137; x_wconf 83' lang='lat' dir='ltr'><strong>perturbationem</strong></span> <span class='ocrx_word' id='word_1_489' title='bbox 2977 2059 3190 2131; x_wconf 86' lang='lat' dir='ltr'><strong>peperit</strong></span> <span class='ocrx_word' id='word_1_490' title='bbox 3217 2099 3231 2124; x_wconf 91' lang='lat'><strong>,</strong></span> <span class='ocrx_word' id='word_1_491' title='bbox 3287 2068 3406 2112; x_wconf 87' lang='lat' dir='ltr'><strong>eam</strong></span> <span class='ocrx_word' id='word_1_492' title='bbox 3467 2054 3618 2108; x_wconf 87' lang='lat' dir='ltr'><strong>solus</strong></span> 
     </span>
    </p>
   </div>
   <div class='ocr_carea' id='block_1_67' title="bbox 2041 2145 3614 2226">
    <p class='ocr_par' dir='ltr' id='par_1_67' title="bbox 2041 2145 3614 2226">
     <span class='ocr_line' id='line_1_67' title="bbox 2041 2145 3614 2226; baseline -0.014 -7"><span class='ocrx_word' id='word_1_493' title='bbox 2041 2163 2300 2226; x_wconf 86' lang='lat' dir='ltr'><strong>sustinet,</strong></span> <span class='ocrx_word' id='word_1_494' title='bbox 2352 2171 2408 2215; x_wconf 92' lang='lat' dir='ltr'><strong>et</strong></span> <span class='ocrx_word' id='word_1_495' title='bbox 2443 2160 2595 2214; x_wconf 84' lang='lat' dir='ltr'><strong>solus</strong></span> <span class='ocrx_word' id='word_1_496' title='bbox 2619 2173 2714 2211; x_wconf 87' lang='lat' dir='ltr'><strong>eos</strong></span> <span class='ocrx_word' id='word_1_497' title='bbox 2751 2170 2864 2211; x_wconf 84' lang='lat' dir='ltr'><strong>sua</strong></span> <span class='ocrx_word' id='word_1_498' title='bbox 2906 2159 3103 2223; x_wconf 84' lang='lat' dir='ltr'><strong>sponte</strong></span> <span class='ocrx_word' id='word_1_499' title='bbox 3133 2150 3328 2217; x_wconf 86' lang='lat' dir='ltr'><strong>recipit</strong></span> <span class='ocrx_word' id='word_1_500' title='bbox 3362 2145 3614 2206; x_wconf 83' lang='lat' dir='ltr'><strong>affectus,</strong></span> 
     </span>
    </p>
   </div>
   <div class='ocr_carea' id='block_1_68' title="bbox 2041 2239 3619 2324">
    <p class='ocr_par' dir='ltr' id='par_1_68' title="bbox 2041 2239 3619 2324">
     <span class='ocr_line' id='line_1_68' title="bbox 2041 2239 3619 2324; baseline -0.015 -14"><span class='ocrx_word' id='word_1_501' title='bbox 2041 2255 2096 2310; x_wconf 84' lang='lat' dir='ltr'><strong>in</strong></span> <span class='ocrx_word' id='word_1_502' title='bbox 2137 2268 2276 2324; x_wconf 86' lang='lat' dir='ltr'><strong>quos</strong></span> <span class='ocrx_word' id='word_1_503' title='bbox 2331 2261 2548 2313; x_wconf 89' lang='lat' dir='ltr'><strong>natura,</strong></span> <span class='ocrx_word' id='word_1_504' title='bbox 2592 2264 2714 2320; x_wconf 70' lang='lat' dir='ltr'><strong>quas</strong></span> <span class='ocrx_word' id='word_1_505' title='bbox 2756 2263 2856 2303; x_wconf 90' lang='lat' dir='ltr'><strong>suo</strong></span> <span class='ocrx_word' id='word_1_506' title='bbox 2911 2245 3144 2315; x_wconf 84' lang='lat' dir='ltr'><strong>quodam</strong></span> <span class='ocrx_word' id='word_1_507' title='bbox 3204 2255 3369 2294; x_wconf 79' lang='lat' dir='ltr'><strong>cursu</strong></span> <span class='ocrx_word' id='word_1_508' title='bbox 3427 2239 3619 2298; x_wconf 90' lang='lat' dir='ltr'><strong>fertur,</strong></span> 
     </span>
    </p>
   </div>
   <div class='ocr_carea' id='block_1_69' title="bbox 2039 2326 3618 2398">
    <p class='ocr_par' dir='ltr' id='par_1_69' title="bbox 2039 2326 3618 2398">
     <span class='ocr_line' id='line_1_69' title="bbox 2039 2326 3618 2398; baseline -0.013 -1"><span class='ocrx_word' id='word_1_509' title='bbox 2039 2351 2164 2397; x_wconf 89' lang='lat' dir='ltr'><strong>cum</strong></span> <span class='ocrx_word' id='word_1_510' title='bbox 2217 2342 2301 2397; x_wconf 91' lang='lat' dir='ltr'><strong>his</strong></span> <span class='ocrx_word' id='word_1_511' title='bbox 2353 2342 2474 2394; x_wconf 80' lang='lat' dir='ltr'><strong>vitae</strong></span> <span class='ocrx_word' id='word_1_512' title='bbox 2527 2340 2684 2392; x_wconf 89' lang='lat' dir='ltr'><strong>malis</strong></span> <span class='ocrx_word' id='word_1_513' title='bbox 2737 2334 3104 2396; x_wconf 78' lang='lat' dir='ltr'><strong>circumﬂuat,</strong></span> <span class='ocrx_word' id='word_1_514' title='bbox 3159 2332 3281 2385; x_wconf 84' lang='lat' dir='ltr'><strong>illos</strong></span> <span class='ocrx_word' id='word_1_515' title='bbox 3338 2326 3570 2398; x_wconf 81' lang='lat' dir='ltr'><strong>impellit</strong></span> <span class='ocrx_word' id='word_1_516' title='bbox 3603 2364 3618 2386; x_wconf 91' lang='lat'><strong>,</strong></span> 
     </span>
    </p>
   </div>
   <div class='ocr_carea' id='block_1_70' title="bbox 2039 2417 3618 2504">
    <p class='ocr_par' dir='ltr' id='par_1_70' title="bbox 2039 2417 3618 2504">
     <span class='ocr_line' id='line_1_70' title="bbox 2039 2417 3618 2504; baseline -0.011 -16"><span class='ocrx_word' id='word_1_517' title='bbox 2039 2434 2131 2504; x_wconf 92' lang='lat' dir='ltr'><strong>qui</strong></span> <span class='ocrx_word' id='word_1_518' title='bbox 2158 2432 2278 2501; x_wconf 90' lang='lat' dir='ltr'><strong>ejus</strong></span> <span class='ocrx_word' id='word_1_519' title='bbox 2298 2443 2519 2487; x_wconf 90' lang='lat' dir='ltr'><strong>cursum</strong></span> <span class='ocrx_word' id='word_1_520' title='bbox 2548 2434 2751 2483; x_wconf 86' lang='lat' dir='ltr'><strong>tenent.</strong></span> <span class='ocrx_word' id='word_1_521' title='bbox 2785 2426 2890 2480; x_wconf 86' lang='lat' dir='ltr'><strong>Sed</strong></span> <span class='ocrx_word' id='word_1_522' title='bbox 2918 2427 2963 2480; x_wconf 90' lang='lat' dir='ltr'><strong>si</strong></span> <span class='ocrx_word' id='word_1_523' title='bbox 2993 2425 3136 2494; x_wconf 88' lang='lat' dir='ltr'><strong>quis,</strong></span> <span class='ocrx_word' id='word_1_524' title='bbox 3165 2431 3222 2475; x_wconf 91' lang='lat' dir='ltr'><strong>ut</strong></span> <span class='ocrx_word' id='word_1_525' title='bbox 3252 2430 3336 2475; x_wconf 88' lang='lat' dir='ltr'><strong>est</strong></span> <span class='ocrx_word' id='word_1_526' title='bbox 3368 2419 3421 2472; x_wconf 88' lang='lat' dir='ltr'><strong>in</strong></span> <span class='ocrx_word' id='word_1_527' title='bbox 3445 2417 3618 2473; x_wconf 90' lang='lat' dir='ltr'><strong>sacris</strong></span> 
     </span>
    </p>
   </div>
   <div class='ocr_carea' id='block_1_71' title="bbox 2038 2513 3618 2588">
    <p class='ocr_par' dir='ltr' id='par_1_71' title="bbox 2038 2513 3618 2588">
     <span class='ocr_line' id='line_1_71' title="bbox 2038 2513 3618 2588; baseline -0.012 -9"><span class='ocrx_word' id='word_1_528' title='bbox 2038 2525 2261 2579; x_wconf 84' lang='lat' dir='ltr'><strong>Litteris</strong></span> <span class='ocrx_word' id='word_1_529' title='bbox 2290 2565 2304 2588; x_wconf 93' lang='lat'><strong>,</strong></span> <span class='ocrx_word' id='word_1_530' title='bbox 2343 2531 2638 2576; x_wconf 89' lang='lat' dir='ltr'><strong>torrentem</strong></span> <span class='ocrx_word' id='word_1_531' title='bbox 2664 2521 2830 2582; x_wconf 90' lang='lat' dir='ltr'><strong>hunc,</strong></span> <span class='ocrx_word' id='word_1_532' title='bbox 2879 2513 3387 2581; x_wconf 88' lang='lat' dir='ltr'><strong>iutolcrabilemque</strong></span> <span class='ocrx_word' id='word_1_533' title='bbox 3424 2521 3618 2578; x_wconf 80' lang='lat' dir='ltr'><strong>aquam</strong></span> 
     </span>
    </p>
   </div>
   <div class='ocr_carea' id='block_1_72' title="bbox 2038 2601 3623 2685">
    <p class='ocr_par' dir='ltr' id='par_1_72' title="bbox 2038 2601 3623 2685">
     <span class='ocr_line' id='line_1_72' title="bbox 2038 2601 3623 2685; baseline -0.013 -14"><span class='ocrx_word' id='word_1_534' title='bbox 2038 2616 2343 2685; x_wconf 87' lang='lat' dir='ltr'><strong>relinquit,</strong></span> <span class='ocrx_word' id='word_1_535' title='bbox 2387 2615 2476 2668; x_wconf 88' lang='lat' dir='ltr'><strong>hic</strong></span> <span class='ocrx_word' id='word_1_536' title='bbox 2514 2613 2672 2683; x_wconf 87' lang='lat' dir='ltr'><strong>plane</strong></span> <span class='ocrx_word' id='word_1_537' title='bbox 2721 2610 2860 2664; x_wconf 88' lang='lat' dir='ltr'><strong>liber</strong></span> <span class='ocrx_word' id='word_1_538' title='bbox 2912 2608 3035 2670; x_wconf 88' lang='lat' dir='ltr'><strong>erit,</strong></span> <span class='ocrx_word' id='word_1_539' title='bbox 3095 2613 3154 2659; x_wconf 92' lang='lat' dir='ltr'><strong>ut</strong></span> <span class='ocrx_word' id='word_1_540' title='bbox 3197 2605 3251 2658; x_wconf 91' lang='lat' dir='ltr'><strong>in</strong></span> <span class='ocrx_word' id='word_1_541' title='bbox 3290 2601 3508 2656; x_wconf 73' lang='lat' dir='ltr'><strong>Psalmo</strong></span> <span class='ocrx_word' id='word_1_542' title='bbox 3535 2612 3623 2653; x_wconf 74' lang='lat' dir='ltr'><strong>se-</strong></span> 
     </span>
    </p>
   </div>
   <div class='ocr_carea' id='block_1_73' title="bbox 2038 2689 3622 2781">
    <p class='ocr_par' dir='ltr' id='par_1_73' title="bbox 2038 2689 3622 2781">
     <span class='ocr_line' id='line_1_73' title="bbox 2038 2689 3622 2781; baseline -0.013 -17"><span class='ocrx_word' id='word_1_543' title='bbox 2038 2711 2228 2781; x_wconf 90' lang='lat' dir='ltr'><strong>quitur</strong></span> <span class='ocrx_word' id='word_1_544' title='bbox 2259 2709 2301 2773; x_wconf 81' lang='grc'><strong>⁸,</strong></span> <span class='ocrx_word' id='word_1_545' title='bbox 2334 2722 2364 2761; x_wconf 86' lang='lat' dir='ltr'><strong>a</strong></span> <span class='ocrx_word' id='word_1_546' title='bbox 2391 2707 2647 2776; x_wconf 83' lang='lat' dir='ltr'><strong>captiOne</strong></span> <span class='ocrx_word' id='word_1_547' title='bbox 2679 2704 2922 2760; x_wconf 87' lang='lat' dir='ltr'><strong>dentium</strong></span> <span class='ocrx_word' id='word_1_548' title='bbox 2977 2700 3140 2766; x_wconf 76' lang='lat' dir='ltr'><strong>hujus</strong></span> <span class='ocrx_word' id='word_1_549' title='bbox 3166 2698 3308 2760; x_wconf 60' lang='lat' dir='ltr'><strong>vitae,</strong></span> <span class='ocrx_word' id='word_1_550' title='bbox 3341 2711 3403 2748; x_wconf 90' lang='lat' dir='ltr'><strong>ac</strong></span> <span class='ocrx_word' id='word_1_551' title='bbox 3455 2689 3622 2746; x_wconf 86' lang='lat' dir='ltr'><strong>veluti</strong></span> 
     </span>
    </p>
   </div>
   <div class='ocr_carea' id='block_1_74' title="bbox 2037 2781 3682 2873">
    <p class='ocr_par' dir='ltr' id='par_1_74' title="bbox 2037 2781 3682 2873">
     <span class='ocr_line' id='line_1_74' title="bbox 2037 2781 3682 2873; baseline -0.015 -16"><span class='ocrx_word' id='word_1_552' title='bbox 2037 2817 2230 2873; x_wconf 86' lang='lat' dir='ltr'><strong>passer</strong></span> <span class='ocrx_word' id='word_1_553' title='bbox 2260 2817 2290 2855; x_wconf 92' lang='lat' dir='ltr'><strong>e</strong></span> <span class='ocrx_word' id='word_1_554' title='bbox 2315 2800 2524 2868; x_wconf 88' lang='lat' dir='ltr'><strong>laqueis</strong></span> <span class='ocrx_word' id='word_1_555' title='bbox 2566 2797 2668 2850; x_wconf 86' lang='lat' dir='ltr'><strong>alis</strong></span> <span class='ocrx_word' id='word_1_556' title='bbox 2698 2795 2917 2849; x_wconf 81' lang='lat' dir='ltr'><strong>virtutis</strong></span> <span class='ocrx_word' id='word_1_557' title='bbox 2946 2789 3204 2846; x_wconf 84' lang='lat' dir='ltr'><strong>evolahit.</strong></span> <span class='ocrx_word' id='word_1_558' title='bbox 3234 2785 3502 2852; x_wconf 82' lang='lat' dir='ltr'><strong>Quoniam</strong></span> <span class='ocrx_word' id='word_1_559' title='bbox 3530 2781 3624 2851; x_wconf 81' lang='lat' dir='ltr'><strong>igi-</strong></span> <span class='ocrx_word' id='word_1_560' title='bbox 3674 2810 3682 2818; x_wconf 79' lang='lat'><strong>~</strong></span> 
     </span>
    </p>
   </div>
   <div class='ocr_carea' id='block_1_75' title="bbox 2038 2876 3624 2961">
    <p class='ocr_par' dir='ltr' id='par_1_75' title="bbox 2038 2876 3624 2961">
     <span class='ocr_line' id='line_1_75' title="bbox 2038 2876 3624 2961; baseline -0.016 -13"><span class='ocrx_word' id='word_1_561' title='bbox 2038 2903 2149 2956; x_wconf 88' lang='lat' dir='ltr'><strong>tur,</strong></span> <span class='ocrx_word' id='word_1_562' title='bbox 2178 2900 2235 2946; x_wconf 93' lang='lat' dir='ltr'><strong>ut</strong></span> <span class='ocrx_word' id='word_1_563' title='bbox 2267 2892 2359 2945; x_wconf 90' lang='lat' dir='ltr'><strong>illo</strong></span> <span class='ocrx_word' id='word_1_564' title='bbox 2393 2891 2511 2961; x_wconf 88' lang='lat' dir='ltr'><strong>ipso</strong></span> <span class='ocrx_word' id='word_1_565' title='bbox 2537 2887 2798 2942; x_wconf 84' lang='lat' dir='ltr'><strong>torrentis</strong></span> <span class='ocrx_word' id='word_1_566' title='bbox 2826 2883 3074 2952; x_wconf 81' lang='lat' dir='ltr'><strong>exemplo</strong></span> <span class='ocrx_word' id='word_1_567' title='bbox 3105 2888 3268 2949; x_wconf 85' lang='lat' dir='ltr'><strong>patet,</strong></span> <span class='ocrx_word' id='word_1_568' title='bbox 3303 2876 3474 2931; x_wconf 80' lang='lat' dir='ltr'><strong>variis</strong></span> <span class='ocrx_word' id='word_1_569' title='bbox 3509 2887 3624 2942; x_wconf 86' lang='lat' dir='ltr'><strong>per-</strong></span> 
     </span>
    </p>
   </div>
   <div class='ocr_carea' id='block_1_76' title="bbox 2041 2963 3622 3049">
    <p class='ocr_par' dir='ltr' id='par_1_76' title="bbox 2041 2963 3622 3049">
     <span class='ocr_line' id='line_1_76' title="bbox 2041 2963 3622 3049; baseline -0.016 -10"><span class='ocrx_word' id='word_1_570' title='bbox 2041 2983 2439 3039; x_wconf 79' lang='lat' dir='ltr'><strong>turbationibus</strong></span> <span class='ocrx_word' id='word_1_571' title='bbox 2479 2971 3009 3049; x_wconf 68' lang='lat' dir='ltr'><strong>intequabiiibusque</strong></span> <span class='ocrx_word' id='word_1_572' title='bbox 3053 2984 3233 3024; x_wconf 89' lang='lat' dir='ltr'><strong>rerum</strong></span> <span class='ocrx_word' id='word_1_573' title='bbox 3266 2963 3622 3049; x_wconf 74' lang='lat' dir='ltr'><strong>varietatibus</strong></span> 
     </span>
    </p>
   </div>
   <div class='ocr_carea' id='block_1_77' title="bbox 2039 3045 3625 3124">
    <p class='ocr_par' dir='ltr' id='par_1_77' title="bbox 2039 3045 3625 3124">
     <span class='ocr_line' id='line_1_77' title="bbox 2039 3045 3625 3124; baseline -0.016 0"><span class='ocrx_word' id='word_1_574' title='bbox 2039 3061 2237 3124; x_wconf 76' lang='lat' dir='ltr'><strong>referta</strong></span> <span class='ocrx_word' id='word_1_575' title='bbox 2267 3045 2733 3124; x_wconf 74' lang='lat' dir='ltr'><strong>mortalium-vita,</strong></span> <span class='ocrx_word' id='word_1_576' title='bbox 2764 3059 2828 3114; x_wconf 87' lang='lat' dir='ltr'><strong>ad</strong></span> <span class='ocrx_word' id='word_1_577' title='bbox 2863 3065 3072 3112; x_wconf 65' lang='lat' dir='ltr'><strong>natura:</strong></span> <span class='ocrx_word' id='word_1_578' title='bbox 3099 3051 3522 3110; x_wconf 78' lang='lat' dir='ltr'><strong>declinationem</strong></span> <span class='ocrx_word' id='word_1_579' title='bbox 3551 3045 3625 3099; x_wconf 84' lang='lat' dir='ltr'><strong>ef-</strong></span> 
     </span>
    </p>
   </div>
   <div class='ocr_carea' id='block_1_78' title="bbox 2042 3141 3621 3227">
    <p class='ocr_par' dir='ltr' id='par_1_78' title="bbox 2042 3141 3621 3227">
     <span class='ocr_line' id='line_1_78' title="bbox 2042 3141 3621 3227; baseline -0.017 -13"><span class='ocrx_word' id='word_1_580' title='bbox 2042 3159 2165 3214; x_wconf 87' lang='lat' dir='ltr'><strong>fusa</strong></span> <span class='ocrx_word' id='word_1_581' title='bbox 2197 3171 2413 3227; x_wconf 81' lang='lat' dir='ltr'><strong>semper</strong></span> <span class='ocrx_word' id='word_1_582' title='bbox 2448 3153 2640 3219; x_wconf 80' lang='lat' dir='ltr'><strong>fertur;</strong></span> <span class='ocrx_word' id='word_1_583' title='bbox 2676 3167 2742 3207; x_wconf 89' lang='lat' dir='ltr'><strong>ne</strong></span> <span class='ocrx_word' id='word_1_584' title='bbox 2772 3149 3070 3221; x_wconf 75' lang='lat' dir='ltr'><strong>quidquam</strong></span> <span class='ocrx_word' id='word_1_585' title='bbox 3131 3141 3389 3198; x_wconf 86' lang='lat' dir='ltr'><strong>consistit</strong></span> <span class='ocrx_word' id='word_1_586' title='bbox 3439 3150 3621 3191; x_wconf 83' lang='lat' dir='ltr'><strong>rerum</strong></span> 
     </span>
    </p>
   </div>
   <div class='ocr_carea' id='block_1_79' title="bbox 2040 3225 3622 3322">
    <p class='ocr_par' dir='ltr' id='par_1_79' title="bbox 2040 3225 3622 3322">
     <span class='ocr_line' id='line_1_79' title="bbox 2040 3225 3622 3322; baseline -0.017 -16"><span class='ocrx_word' id='word_1_587' title='bbox 2040 3259 2163 3322; x_wconf 69' lang='lat' dir='ltr'><strong>quae</strong></span> <span class='ocrx_word' id='word_1_588' title='bbox 2189 3251 2243 3304; x_wconf 91' lang='lat' dir='ltr'><strong>in</strong></span> <span class='ocrx_word' id='word_1_589' title='bbox 2277 3225 2342 3305; x_wconf 79' lang='lat' dir='ltr'><strong>ea</strong></span> <span class='ocrx_word' id='word_1_590' title='bbox 2373 3247 2706 3308; x_wconf 88' lang='lat' dir='ltr'><strong>ambiantur,</strong></span> <span class='ocrx_word' id='word_1_591' title='bbox 2737 3256 2916 3312; x_wconf 89' lang='lat' dir='ltr'><strong>neque</strong></span> <span class='ocrx_word' id='word_1_592' title='bbox 2944 3243 3247 3306; x_wconf 71' lang='lat' dir='ltr'><strong>exspectat,</strong></span> <span class='ocrx_word' id='word_1_593' title='bbox 3285 3231 3412 3287; x_wconf 90' lang='lat' dir='ltr'><strong>dum</strong></span> <span class='ocrx_word' id='word_1_594' title='bbox 3447 3225 3622 3296; x_wconf 88' lang='lat' dir='ltr'><strong>ii,qui</strong></span> 
     </span>
    </p>
   </div>
   <div class='ocr_carea' id='block_1_80' title="bbox 2041 3321 3622 3410">
    <p class='ocr_par' dir='ltr' id='par_1_80' title="bbox 2041 3321 3622 3410">
     <span class='ocr_line' id='line_1_80' title="bbox 2041 3321 3622 3410; baseline -0.017 -14"><span class='ocrx_word' id='word_1_595' title='bbox 2041 3321 2341 3410; x_wconf 81' lang='lat' dir='ltr'><strong>cupiditate</strong></span> <span class='ocrx_word' id='word_1_596' title='bbox 2395 3335 2578 3404; x_wconf 79' lang='lat' dir='ltr'><strong>aliqua</strong></span> <span class='ocrx_word' id='word_1_597' title='bbox 2638 3339 2917 3394; x_wconf 83' lang='lat' dir='ltr'><strong>tenentur,</strong></span> <span class='ocrx_word' id='word_1_598' title='bbox 2971 3327 3220 3383; x_wconf 78' lang='lat' dir='ltr'><strong>satietate</strong></span> <span class='ocrx_word' id='word_1_599' title='bbox 3277 3321 3622 3391; x_wconf 75' lang='lat' dir='ltr'><strong>expleantur,</strong></span> 
     </span>
    </p>
   </div>
   <div class='ocr_carea' id='block_1_81' title="bbox 2043 3415 3623 3501">
    <p class='ocr_par' dir='ltr' id='par_1_81' title="bbox 2043 3415 3623 3501">
     <span class='ocr_line' id='line_1_81' title="bbox 2043 3415 3623 3501; baseline -0.015 -14"><span class='ocrx_word' id='word_1_600' title='bbox 2043 3436 2277 3501; x_wconf 82' lang='lat' dir='ltr'><strong>eumque</strong></span> <span class='ocrx_word' id='word_1_601' title='bbox 2311 3428 2512 3490; x_wconf 84' lang='lat' dir='ltr'><strong>omnia,</strong></span> <span class='ocrx_word' id='word_1_602' title='bbox 2544 3439 2664 3496; x_wconf 63' lang='lat' dir='ltr'><strong>qua‘</strong></span> <span class='ocrx_word' id='word_1_603' title='bbox 2682 3424 2884 3495; x_wconf 88' lang='lat' dir='ltr'><strong>impetu</strong></span> <span class='ocrx_word' id='word_1_604' title='bbox 2909 3419 3147 3491; x_wconf 84' lang='lat' dir='ltr'><strong>quodam</strong></span> <span class='ocrx_word' id='word_1_605' title='bbox 3179 3415 3428 3470; x_wconf 88' lang='lat' dir='ltr'><strong>feruntur</strong></span> <span class='ocrx_word' id='word_1_606' title='bbox 3453 3425 3623 3482; x_wconf 85' lang='lat' dir='ltr'><strong>prope</strong></span> 
     </span>
    </p>
   </div>
   <div class='ocr_carea' id='block_1_82' title="bbox 2044 3514 3624 3587">
    <p class='ocr_par' dir='ltr' id='par_1_82' title="bbox 2044 3514 3624 3587">
     <span class='ocr_line' id='line_1_82' title="bbox 2044 3514 3624 3587; baseline -0.016 -9"><span class='ocrx_word' id='word_1_607' title='bbox 2044 3523 2213 3578; x_wconf 81' lang='lat' dir='ltr'><strong>simul</strong></span> <span class='ocrx_word' id='word_1_608' title='bbox 2236 3520 2592 3582; x_wconf 81' lang='lat' dir='ltr'><strong>accesserint,</strong></span> <span class='ocrx_word' id='word_1_609' title='bbox 2628 3526 2683 3571; x_wconf 82' lang='lat' dir='ltr'><strong>et</strong></span> <span class='ocrx_word' id='word_1_610' title='bbox 2717 3530 2838 3587; x_wconf 71' lang='lat' dir='ltr'><strong>qua:</strong></span> <span class='ocrx_word' id='word_1_611' title='bbox 2869 3514 3168 3581; x_wconf 75' lang='lat' dir='ltr'><strong>attingunt,</strong></span> <span class='ocrx_word' id='word_1_612' title='bbox 3221 3519 3445 3562; x_wconf 77' lang='lat' dir='ltr'><strong>cursum</strong></span> <span class='ocrx_word' id='word_1_613' title='bbox 3488 3517 3624 3554; x_wconf 59' lang='lat' dir='ltr'><strong>con.</strong></span> 
     </span>
    </p>
   </div>
   <div class='ocr_carea' id='block_1_83' title="bbox 2046 3593 3623 3681">
    <p class='ocr_par' dir='ltr' id='par_1_83' title="bbox 2046 3593 3623 3681">
     <span class='ocr_line' id='line_1_83' title="bbox 2046 3593 3623 3681; baseline -0.014 -14"><span class='ocrx_word' id='word_1_614' title='bbox 2046 3613 2295 3676; x_wconf 84' lang='lat' dir='ltr'><strong>fecerint,</strong></span> <span class='ocrx_word' id='word_1_615' title='bbox 2344 3610 2599 3681; x_wconf 85' lang='lat' dir='ltr'><strong>quodque</strong></span> <span class='ocrx_word' id='word_1_616' title='bbox 2654 3621 2873 3674; x_wconf 82' lang='lat' dir='ltr'><strong>semper</strong></span> <span class='ocrx_word' id='word_1_617' title='bbox 2935 3616 3176 3675; x_wconf 61' lang='lat' dir='ltr'><strong>prasens</strong></span> <span class='ocrx_word' id='word_1_618' title='bbox 3235 3597 3412 3664; x_wconf 84' lang='lat' dir='ltr'><strong>adest,</strong></span> <span class='ocrx_word' id='word_1_619' title='bbox 3473 3593 3623 3648; x_wconf 81' lang='lat' dir='ltr'><strong>fluxu</strong></span> 
     </span>
    </p>
   </div>
   <div class='ocr_carea' id='block_1_84' title="bbox 2044 3695 3622 3774">
    <p class='ocr_par' dir='ltr' id='par_1_84' title="bbox 2044 3695 3622 3774">
     <span class='ocr_line' id='line_1_84' title="bbox 2044 3695 3622 3774; baseline -0.013 -18"><span class='ocrx_word' id='word_1_620' title='bbox 2044 3701 2280 3774; x_wconf 88' lang='lat' dir='ltr'><strong>quodam</strong></span> <span class='ocrx_word' id='word_1_621' title='bbox 2307 3699 2648 3756; x_wconf 87' lang='lat' dir='ltr'><strong>clandestino</strong></span> <span class='ocrx_word' id='word_1_622' title='bbox 2678 3712 2745 3752; x_wconf 81' lang='lat' dir='ltr'><strong>ex</strong></span> <span class='ocrx_word' id='word_1_623' title='bbox 2788 3695 2964 3750; x_wconf 88' lang='lat' dir='ltr'><strong>oculis</strong></span> <span class='ocrx_word' id='word_1_624' title='bbox 3002 3699 3277 3761; x_wconf 86' lang='lat' dir='ltr'><strong>ereptum,</strong></span> <span class='ocrx_word' id='word_1_625' title='bbox 3318 3699 3446 3741; x_wconf 73' lang='lat' dir='ltr'><strong>cum</strong></span> <span class='ocrx_word' id='word_1_626' title='bbox 3493 3697 3622 3738; x_wconf 83' lang='lat' dir='ltr'><strong>sen-</strong></span> 
     </span>
    </p>
   </div>
   <div class='ocr_carea' id='block_1_85' title="bbox 2046 3782 3622 3852">
    <p class='ocr_par' dir='ltr' id='par_1_85' title="bbox 2046 3782 3622 3852">
     <span class='ocr_line' id='line_1_85' title="bbox 2046 3782 3622 3852; baseline -0.015 -3"><span class='ocrx_word' id='word_1_627' title='bbox 2046 3809 2168 3850; x_wconf 82' lang='lat' dir='ltr'><strong>sum</strong></span> <span class='ocrx_word' id='word_1_628' title='bbox 2227 3800 2478 3847; x_wconf 87' lang='lat' dir='ltr'><strong>nostrum</strong></span> <span class='ocrx_word' id='word_1_629' title='bbox 2530 3789 2697 3845; x_wconf 89' lang='lat' dir='ltr'><strong>celeri</strong></span> <span class='ocrx_word' id='word_1_630' title='bbox 2756 3786 2992 3842; x_wconf 84' lang='lat' dir='ltr'><strong>transitu</strong></span> <span class='ocrx_word' id='word_1_631' title='bbox 3043 3782 3622 3852; x_wconf 73' lang='lat' dir='ltr'><strong>effugiatzpropterea</strong></span> 
     </span>
    </p>
   </div>
   <div class='ocr_carea' id='block_1_86' title="bbox 2045 3869 3623 3952">
    <p class='ocr_par' dir='ltr' id='par_1_86' title="bbox 2045 3869 3623 3952">
     <span class='ocr_line' id='line_1_86' title="bbox 2045 3869 3623 3952; baseline -0.014 -14"><span class='ocrx_word' id='word_1_632' title='bbox 2045 3885 2178 3938; x_wconf 88' lang='lat' dir='ltr'><strong>utile</strong></span> <span class='ocrx_word' id='word_1_633' title='bbox 2207 3896 2338 3938; x_wconf 88' lang='lat' dir='ltr'><strong>sane</strong></span> <span class='ocrx_word' id='word_1_634' title='bbox 2368 3887 2515 3938; x_wconf 79' lang='lat' dir='ltr'><strong>esset</strong></span> <span class='ocrx_word' id='word_1_635' title='bbox 2543 3887 2698 3935; x_wconf 77' lang='lat' dir='ltr'><strong>extra</strong></span> <span class='ocrx_word' id='word_1_636' title='bbox 2729 3879 2875 3952; x_wconf 79' lang='lat' dir='ltr'><strong>hunc</strong></span> <span class='ocrx_word' id='word_1_637' title='bbox 2911 3876 3035 3929; x_wconf 60' lang='lat' dir='ltr'><strong>vita</strong></span> <span class='ocrx_word' id='word_1_638' title='bbox 3070 3873 3302 3928; x_wconf 81' lang='lat' dir='ltr'><strong>fluctum</strong></span> <span class='ocrx_word' id='word_1_639' title='bbox 3350 3869 3508 3936; x_wconf 84' lang='lat' dir='ltr'><strong>longe</strong></span> <span class='ocrx_word' id='word_1_640' title='bbox 3564 3877 3623 3916; x_wconf 80' lang='lat' dir='ltr'><strong>se</strong></span> 
     </span>
    </p>
   </div>
   <div class='ocr_carea' id='block_1_87' title="bbox 2044 3958 3625 4040">
    <p class='ocr_par' dir='ltr' id='par_1_87' title="bbox 2044 3958 3625 4040">
     <span class='ocr_line' id='line_1_87' title="bbox 2044 3958 3625 4040; baseline -0.014 -12"><span class='ocrx_word' id='word_1_641' title='bbox 2044 3983 2249 4040; x_wconf 80' lang='lat' dir='ltr'><strong>tenere,</strong></span> <span class='ocrx_word' id='word_1_642' title='bbox 2282 3981 2340 4028; x_wconf 91' lang='lat' dir='ltr'><strong>ut</strong></span> <span class='ocrx_word' id='word_1_643' title='bbox 2373 3988 2442 4028; x_wconf 90' lang='lat' dir='ltr'><strong>ne</strong></span> <span class='ocrx_word' id='word_1_644' title='bbox 2468 3971 2635 4026; x_wconf 83' lang='lat' dir='ltr'><strong>rebus</strong></span> <span class='ocrx_word' id='word_1_645' title='bbox 2668 3970 2754 4026; x_wconf 80' lang='lat' dir='ltr'><strong>his</strong></span> <span class='ocrx_word' id='word_1_646' title='bbox 2778 3968 3001 4023; x_wconf 79' lang='lat' dir='ltr'><strong>caducis</strong></span> <span class='ocrx_word' id='word_1_647' title='bbox 3028 3979 3130 4019; x_wconf 83' lang='lat' dir='ltr'><strong>nos</strong></span> <span class='ocrx_word' id='word_1_648' title='bbox 3155 3958 3396 4031; x_wconf 79' lang='lat' dir='ltr'><strong>impediti</strong></span> <span class='ocrx_word' id='word_1_649' title='bbox 3419 3971 3481 4011; x_wconf 85' lang='lat' dir='ltr'><strong>ea</strong></span> <span class='ocrx_word' id='word_1_650' title='bbox 3503 3967 3625 4022; x_wconf 76' lang='lat' dir='ltr'><strong>quas</strong></span> 
     </span>
    </p>
   </div>
   <div class='ocr_carea' id='block_1_88' title="bbox 2044 4045 3623 4136">
    <p class='ocr_par' dir='ltr' id='par_1_88' title="bbox 2044 4045 3623 4136">
     <span class='ocr_line' id='line_1_88' title="bbox 2044 4045 3623 4136; baseline -0.016 -14"><span class='ocrx_word' id='word_1_651' title='bbox 2044 4066 2376 4136; x_wconf 80' lang='lat' dir='ltr'><strong>sempiterna</strong></span> <span class='ocrx_word' id='word_1_652' title='bbox 2403 4071 2532 4120; x_wconf 88' lang='lat' dir='ltr'><strong>sunt</strong></span> <span class='ocrx_word' id='word_1_653' title='bbox 2583 4061 2805 4118; x_wconf 88' lang='lat' dir='ltr'><strong>omnino</strong></span> <span class='ocrx_word' id='word_1_654' title='bbox 2859 4056 3248 4124; x_wconf 78' lang='lat' dir='ltr'><strong>despiciamus.</strong></span> <span class='ocrx_word' id='word_1_655' title='bbox 3304 4049 3426 4115; x_wconf 84' lang='lat' dir='ltr'><strong>Quo</strong></span> <span class='ocrx_word' id='word_1_656' title='bbox 3475 4045 3623 4100; x_wconf 88' lang='lat' dir='ltr'><strong>enim</strong></span> 
     </span>
    </p>
   </div>
   <div class='ocr_carea' id='block_1_89' title="bbox 2043 4138 3626 4226">
    <p class='ocr_par' dir='ltr' id='par_1_89' title="bbox 2043 4138 3626 4226">
     <span class='ocr_line' id='line_1_89' title="bbox 2043 4138 3626 4226; baseline -0.014 -15"><span class='ocrx_word' id='word_1_657' title='bbox 2043 4157 2208 4211; x_wconf 81' lang='lat' dir='ltr'><strong>modo</strong></span> <span class='ocrx_word' id='word_1_658' title='bbox 2244 4163 2424 4226; x_wconf 79' lang='lat' dir='ltr'><strong>petest</strong></span> <span class='ocrx_word' id='word_1_659' title='bbox 2457 4156 2543 4209; x_wconf 88' lang='lat' dir='ltr'><strong>his</strong></span> <span class='ocrx_word' id='word_1_660' title='bbox 2574 4154 2698 4207; x_wconf 61' lang='lat' dir='ltr'><strong>vitae</strong></span> <span class='ocrx_word' id='word_1_661' title='bbox 2721 4151 2887 4207; x_wconf 84' lang='lat' dir='ltr'><strong>rebus</strong></span> <span class='ocrx_word' id='word_1_662' title='bbox 2917 4148 3164 4202; x_wconf 76' lang='lat' dir='ltr'><strong>addictus</strong></span> <span class='ocrx_word' id='word_1_663' title='bbox 3193 4141 3414 4198; x_wconf 82' lang='lat' dir='ltr'><strong>assidue</strong></span> <span class='ocrx_word' id='word_1_664' title='bbox 3444 4138 3499 4193; x_wconf 92' lang='lat' dir='ltr'><strong>id</strong></span> <span class='ocrx_word' id='word_1_665' title='bbox 3522 4138 3626 4191; x_wconf 78' lang='lat' dir='ltr'><strong>ha-</strong></span> 
     </span>
    </p>
   </div>
   <div class='ocr_carea' id='block_1_90' title="bbox 2042 4238 3626 4318">
    <p class='ocr_par' dir='ltr' id='par_1_90' title="bbox 2042 4238 3626 4318">
     <span class='ocr_line' id='line_1_90' title="bbox 2042 4238 3626 4318; baseline -0.014 -14"><span class='ocrx_word' id='word_1_666' title='bbox 2042 4250 2193 4314; x_wconf 88' lang='lat' dir='ltr'><strong>bere,</strong></span> <span class='ocrx_word' id='word_1_667' title='bbox 2223 4249 2369 4318; x_wconf 82' lang='lat' dir='ltr'><strong>quod</strong></span> <span class='ocrx_word' id='word_1_668' title='bbox 2398 4248 2454 4303; x_wconf 92' lang='lat' dir='ltr'><strong>in</strong></span> <span class='ocrx_word' id='word_1_669' title='bbox 2494 4249 2684 4308; x_wconf 88' lang='lat' dir='ltr'><strong>rebus,</strong></span> <span class='ocrx_word' id='word_1_670' title='bbox 2719 4257 2841 4314; x_wconf 81' lang='lat' dir='ltr'><strong>quae</strong></span> <span class='ocrx_word' id='word_1_671' title='bbox 2867 4239 3102 4295; x_wconf 77' lang='lat' dir='ltr'><strong>maxime</strong></span> <span class='ocrx_word' id='word_1_672' title='bbox 3131 4238 3486 4306; x_wconf 78' lang='lat' dir='ltr'><strong>expetuntur,</strong></span> <span class='ocrx_word' id='word_1_673' title='bbox 3525 4243 3626 4299; x_wconf 85' lang='lat' dir='ltr'><strong>op-</strong></span> 
     </span>
    </p>
   </div>
   <div class='ocr_carea' id='block_1_91' title="bbox 2045 4323 3628 4408">
    <p class='ocr_par' dir='ltr' id='par_1_91' title="bbox 2045 4323 3628 4408">
     <span class='ocr_line' id='line_1_91' title="bbox 2045 4323 3628 4408; baseline -0.014 -15"><span class='ocrx_word' id='word_1_674' title='bbox 2045 4341 2212 4395; x_wconf 83' lang='lat' dir='ltr'><strong>tabile</strong></span> <span class='ocrx_word' id='word_1_675' title='bbox 2242 4349 2328 4395; x_wconf 87' lang='lat' dir='ltr'><strong>est</strong></span> <span class='ocrx_word' id='word_1_676' title='bbox 2357 4345 2416 4392; x_wconf 94' lang='lat' dir='ltr'><strong>ut</strong></span> <span class='ocrx_word' id='word_1_677' title='bbox 2448 4341 2712 4408; x_wconf 85' lang='lat' dir='ltr'><strong>perpetuo</strong></span> <span class='ocrx_word' id='word_1_678' title='bbox 2752 4329 3009 4386; x_wconf 83' lang='lat' dir='ltr'><strong>maneat?</strong></span> <span class='ocrx_word' id='word_1_679' title='bbox 3032 4325 3189 4394; x_wconf 87' lang='lat' dir='ltr'><strong>Quod</strong></span> <span class='ocrx_word' id='word_1_680' title='bbox 3240 4323 3444 4378; x_wconf 72' lang='lat' dir='ltr'><strong>adulta</strong></span> <span class='ocrx_word' id='word_1_681' title='bbox 3489 4327 3628 4374; x_wconf 66' lang='lat' dir='ltr'><strong>aeta-</strong></span> 
     </span>
    </p>
   </div>
   <div class='ocr_carea' id='block_1_92' title="bbox 367 4415 1942 4500">
    <p class='ocr_par' dir='ltr' id='par_1_92' title="bbox 367 4425 1942 4500">
     <span class='ocr_line' id='line_1_92' title="bbox 367 4425 1942 4500; baseline -0.001 -18"><span class='ocrx_word' id='word_1_682' title='bbox 367 4429 562 4494; x_wconf 89' lang='grc' dir='ltr'>έπεσε;</span> <span class='ocrx_word' id='word_1_683' title='bbox 606 4425 702 4492; x_wconf 74' lang='grc' dir='ltr'><strong>ΙΤίς</strong></span> <span class='ocrx_word' id='word_1_684' title='bbox 732 4427 923 4482; x_wconf 79' lang='grc' dir='ltr'>ὲνεϐίω</span> <span class='ocrx_word' id='word_1_685' title='bbox 961 4428 1251 4492; x_wconf 80' lang='grc' dir='ltr'>διαπαντὸς</span> <span class='ocrx_word' id='word_1_686' title='bbox 1277 4431 1343 4500; x_wconf 77' lang='grc' dir='ltr'>τῇ</span> <span class='ocrx_word' id='word_1_687' title='bbox 1379 4427 1622 4499; x_wconf 82' lang='grc' dir='ltr'>νεότητι;</span> <span class='ocrx_word' id='word_1_688' title='bbox 1658 4428 1762 4481; x_wconf 86' lang='grc' dir='ltr'>τίνι</span> <span class='ocrx_word' id='word_1_689' title='bbox 1792 4429 1942 4500; x_wconf 86' lang='grc' dir='ltr'>διήρ-</span> 
     </span>
    </p>
   </div>
   <div class='ocr_carea' id='block_1_93' title="bbox 2042 4415 3626 4500">
    <p class='ocr_par' dir='ltr' id='par_1_93' title="bbox 2048 4415 3626 4500">
     <span class='ocr_line' id='line_1_93' title="bbox 2048 4415 3626 4500; baseline -0.013 -16"><span class='ocrx_word' id='word_1_690' title='bbox 2048 4430 2120 4485; x_wconf 89' lang='lat' dir='ltr'><strong>tis</strong></span> <span class='ocrx_word' id='word_1_691' title='bbox 2150 4431 2340 4497; x_wconf 87' lang='lat' dir='ltr'><strong>robur,</strong></span> <span class='ocrx_word' id='word_1_692' title='bbox 2371 4443 2495 4500; x_wconf 68' lang='lat' dir='ltr'><strong>quae</strong></span> <span class='ocrx_word' id='word_1_693' title='bbox 2521 4427 2716 4482; x_wconf 83' lang='lat' dir='ltr'><strong>virium</strong></span> <span class='ocrx_word' id='word_1_694' title='bbox 2764 4432 2859 4478; x_wconf 85' lang='lat' dir='ltr'><strong>aut</strong></span> <span class='ocrx_word' id='word_1_695' title='bbox 2908 4421 3098 4476; x_wconf 77' lang='lat' dir='ltr'><strong>forma:</strong></span> <span class='ocrx_word' id='word_1_696' title='bbox 3147 4415 3457 4487; x_wconf 74' lang='lat' dir='ltr'><strong>integritas,</strong></span> <span class='ocrx_word' id='word_1_697' title='bbox 3502 4425 3626 4480; x_wconf 61' lang='lat' dir='ltr'><strong>quas</strong></span> 
     </span>
    </p>
   </div>
   <div class='ocr_carea' id='block_1_94' title="bbox 368 4511 1950 4591">
    <p class='ocr_par' dir='ltr' id='par_1_94' title="bbox 368 4511 1950 4591">
     <span class='ocr_line' id='line_1_94' title="bbox 368 4511 1950 4591; baseline -0.002 -16"><span class='ocrx_word' id='word_1_698' title='bbox 368 4539 495 4575; x_wconf 84' lang='grc' dir='ltr'>κεσε</span> <span class='ocrx_word' id='word_1_699' title='bbox 536 4521 808 4585; x_wconf 86' lang='grc' dir='ltr'>διατέλους</span> <span class='ocrx_word' id='word_1_700' title='bbox 846 4517 878 4589; x_wconf 79' lang='grc' dir='ltr'>ἦ</span> <span class='ocrx_word' id='word_1_701' title='bbox 911 4521 1166 4591; x_wconf 64' lang='grc' dir='ltr'>δύναμιςέ</span> <span class='ocrx_word' id='word_1_702' title='bbox 1200 4511 1272 4574; x_wconf 84' lang='grc' dir='ltr'><strong>Τὸ</strong></span> <span class='ocrx_word' id='word_1_703' title='bbox 1304 4521 1360 4574; x_wconf 82' lang='grc' dir='ltr'>δὲ</span> <span class='ocrx_word' id='word_1_704' title='bbox 1397 4520 1489 4574; x_wconf 81' lang='grc' dir='ltr'>τοῦ</span> <span class='ocrx_word' id='word_1_705' title='bbox 1530 4520 1754 4583; x_wconf 85' lang='grc' dir='ltr'>κάλλους</span> <span class='ocrx_word' id='word_1_706' title='bbox 1791 4520 1950 4584; x_wconf 75' lang='grc' dir='ltr'>ἄνθος</span> 
     </span>
    </p>
   </div>
   <div class='ocr_carea' id='block_1_95' title="bbox 368 4608 1948 4684">
    <p class='ocr_par' dir='ltr' id='par_1_95' title="bbox 368 4608 1948 4684">
     <span class='ocr_line' id='line_1_95' title="bbox 368 4608 1948 4684; baseline 0 -18"><span class='ocrx_word' id='word_1_707' title='bbox 368 4608 456 4684; x_wconf 84' lang='grc' dir='ltr'><strong>ἆρ’</strong></span> <span class='ocrx_word' id='word_1_708' title='bbox 496 4612 615 4683; x_wconf 75' lang='grc' dir='ltr'>οὐχὶ</span> <span class='ocrx_word' id='word_1_709' title='bbox 653 4613 744 4673; x_wconf 72' lang='grc' dir='ltr'>καὶ</span> <span class='ocrx_word' id='word_1_710' title='bbox 770 4611 948 4666; x_wconf 81' lang='grc' dir='ltr'>αὐτῶν</span> <span class='ocrx_word' id='word_1_711' title='bbox 974 4611 1080 4665; x_wconf 89' lang='grc' dir='ltr'><strong>τῶν</strong></span> <span class='ocrx_word' id='word_1_712' title='bbox 1106 4611 1248 4666; x_wconf 85' lang='grc' dir='ltr'>κατὰ</span> <span class='ocrx_word' id='word_1_713' title='bbox 1277 4612 1338 4665; x_wconf 84' lang='grc' dir='ltr'>τὸ</span> <span class='ocrx_word' id='word_1_714' title='bbox 1367 4611 1466 4684; x_wconf 76' lang='grc' dir='ltr'>ἔαρ</span> <span class='ocrx_word' id='word_1_715' title='bbox 1505 4612 1948 4682; x_wconf 83' lang='grc' dir='ltr'>προφαινομένων</span> 
     </span>
    </p>
   </div>
   <div class='ocr_carea' id='block_1_96' title="bbox 367 4694 1948 4780">
    <p class='ocr_par' dir='ltr' id='par_1_96' title="bbox 367 4694 1948 4780">
     <span class='ocr_line' id='line_1_96' title="bbox 367 4694 1948 4780; baseline -0.009 -21"><span class='ocrx_word' id='word_1_716' title='bbox 367 4704 800 4776; x_wconf 87' lang='grc' dir='ltr'>ὠκυμορώτερον</span> <span class='ocrx_word' id='word_1_717' title='bbox 853 4703 1084 4775; x_wconf 82' lang='grc' dir='ltr'>ἡφύσις</span> <span class='ocrx_word' id='word_1_718' title='bbox 1134 4694 1495 4780; x_wconf 75' lang='grc' dir='ltr'><strong>ἐποίησε;⁷Ι“ὰ</strong></span> <span class='ocrx_word' id='word_1_719' title='bbox 1557 4705 1656 4775; x_wconf 73' lang='grc' dir='ltr'>μὲν</span> <span class='ocrx_word' id='word_1_720' title='bbox 1705 4705 1814 4776; x_wconf 73' lang='grc' dir='ltr'><strong>γὰρ</strong></span> <span class='ocrx_word' id='word_1_721' title='bbox 1845 4705 1948 4775; x_wconf 73' lang='grc' dir='ltr'><strong>τῆς</strong></span> 
     </span>
    </p>
   </div>
   <div class='ocr_carea' id='block_1_97' title="bbox 367 4794 1946 4868">
    <p class='ocr_par' dir='ltr' id='par_1_97' title="bbox 367 4794 1946 4868">
     <span class='ocr_line' id='line_1_97' title="bbox 367 4794 1946 4868; baseline 0.001 -20"><span class='ocrx_word' id='word_1_722' title='bbox 367 4795 514 4867; x_wconf 83' lang='grc' dir='ltr'>ὧρας</span> <span class='ocrx_word' id='word_1_723' title='bbox 561 4794 920 4866; x_wconf 77' lang='grc' dir='ltr'>ἐπιλαϐούσης</span> <span class='ocrx_word' id='word_1_724' title='bbox 964 4795 1299 4866; x_wconf 79' lang='grc' dir='ltr'>ὲὸλάστησε,</span> <span class='ocrx_word' id='word_1_725' title='bbox 1327 4796 1421 4850; x_wconf 79' lang='grc' dir='ltr'><strong>καὶ</strong></span> <span class='ocrx_word' id='word_1_726' title='bbox 1471 4797 1662 4867; x_wconf 72' lang='grc' dir='ltr'>μικρὸν</span> <span class='ocrx_word' id='word_1_727' title='bbox 1700 4797 1946 4868; x_wconf 85' lang='grc' dir='ltr'>ἀπανθή-</span> 
     </span>
    </p>
   </div>
   <div class='ocr_carea' id='block_1_98' title="bbox 369 4885 1940 4959">
    <p class='ocr_par' dir='ltr' id='par_1_98' title="bbox 369 4885 1940 4959">
     <span class='ocr_line' id='line_1_98' title="bbox 369 4885 1940 4959; baseline 0.001 -21"><span class='ocrx_word' id='word_1_728' title='bbox 369 4900 538 4939; x_wconf 86' lang='grc' dir='ltr'>σαντα</span> <span class='ocrx_word' id='word_1_729' title='bbox 595 4885 805 4957; x_wconf 60' lang='grc' dir='ltr'>χρόλρον,</span> <span class='ocrx_word' id='word_1_730' title='bbox 835 4885 996 4938; x_wconf 84' lang='grc' dir='ltr'>πάλιν</span> <span class='ocrx_word' id='word_1_731' title='bbox 1027 4885 1257 4956; x_wconf 76' lang='grc' dir='ltr'>ἀνέζησε</span> <span class='ocrx_word' id='word_1_732' title='bbox 1277 4901 1290 4914; x_wconf 78' lang='grc'><strong>⁸</strong></span> <span class='ocrx_word' id='word_1_733' title='bbox 1321 4885 1414 4939; x_wconf 71' lang='grc' dir='ltr'><strong>καὶ</strong></span> <span class='ocrx_word' id='word_1_734' title='bbox 1458 4886 1618 4941; x_wconf 85' lang='grc' dir='ltr'>πάλιν</span> <span class='ocrx_word' id='word_1_735' title='bbox 1667 4887 1940 4959; x_wconf 71' lang='grc' dir='ltr'>ἀπερρύη,</span> 
     </span>
    </p>
   </div>
   <div class='ocr_carea' id='block_1_99' title="bbox 368 4973 1944 5052">
    <p class='ocr_par' dir='ltr' id='par_1_99' title="bbox 368 4973 1944 5052">
     <span class='ocr_line' id='line_1_99' title="bbox 368 4973 1944 5052; baseline 0.003 -23"><span class='ocrx_word' id='word_1_736' title='bbox 368 4977 461 5030; x_wconf 77' lang='grc' dir='ltr'><strong>καὶ</strong></span> <span class='ocrx_word' id='word_1_737' title='bbox 489 4973 649 5030; x_wconf 81' lang='grc' dir='ltr'>πάλιν</span> <span class='ocrx_word' id='word_1_738' title='bbox 679 4977 1044 5046; x_wconf 74' lang='grc' dir='ltr'>ὲκόμασε,καὶ</span> <span class='ocrx_word' id='word_1_739' title='bbox 1070 4976 1130 5030; x_wconf 83' lang='grc' dir='ltr'><strong>τὸ</strong></span> <span class='ocrx_word' id='word_1_740' title='bbox 1150 4975 1242 5030; x_wconf 84' lang='grc' dir='ltr'>νῦν</span> <span class='ocrx_word' id='word_1_741' title='bbox 1267 4977 1462 5041; x_wconf 81' lang='grc' dir='ltr'>κάλλος</span> <span class='ocrx_word' id='word_1_742' title='bbox 1486 4979 1580 5031; x_wconf 78' lang='grc' dir='ltr'>καὶ</span> <span class='ocrx_word' id='word_1_743' title='bbox 1607 4980 1686 5042; x_wconf 89' lang='grc' dir='ltr'><strong>είς</strong></span> <span class='ocrx_word' id='word_1_744' title='bbox 1719 4981 1944 5052; x_wconf 86' lang='grc' dir='ltr'>νεότητα</span> 
     </span>
    </p>
   </div>
   <div class='ocr_carea' id='block_1_100' title="bbox 367 5067 1943 5140">
    <p class='ocr_par' dir='ltr' id='par_1_100' title="bbox 367 5067 1943 5140">
     <span class='ocr_line' id='line_1_100' title="bbox 367 5067 1943 5140; baseline 0.001 -18"><span class='ocrx_word' id='word_1_745' title='bbox 367 5067 552 5133; x_wconf 77' lang='grc' dir='ltr'>ἔδειξε.</span> <span class='ocrx_word' id='word_1_746' title='bbox 591 5068 664 5121; x_wconf 84' lang='grc' dir='ltr'><strong>Τὸ</strong></span> <span class='ocrx_word' id='word_1_747' title='bbox 700 5067 755 5122; x_wconf 82' lang='grc' dir='ltr'>δὲ</span> <span class='ocrx_word' id='word_1_748' title='bbox 803 5067 1140 5139; x_wconf 86' lang='grc' dir='ltr'>ἀνθρώπινον</span> <span class='ocrx_word' id='word_1_749' title='bbox 1178 5067 1335 5132; x_wconf 77' lang='grc' dir='ltr'>ἄνθος</span> <span class='ocrx_word' id='word_1_750' title='bbox 1367 5068 1567 5140; x_wconf 79' lang='grc' dir='ltr'>ἀπαξή</span> <span class='ocrx_word' id='word_1_751' title='bbox 1597 5071 1758 5140; x_wconf 87' lang='grc' dir='ltr'>φύσις</span> <span class='ocrx_word' id='word_1_752' title='bbox 1803 5071 1943 5125; x_wconf 86' lang='grc' dir='ltr'><strong>κατά</strong></span> 
     </span>
    </p>
   </div>
   <div class='ocr_carea' id='block_1_101' title="bbox 367 5144 1940 5232">
    <p class='ocr_par' dir='ltr' id='par_1_101' title="bbox 367 5144 1940 5232">
     <span class='ocr_line' id='line_1_101' title="bbox 367 5144 1940 5232; baseline 0.001 -19"><span class='ocrx_word' id='word_1_753' title='bbox 367 5144 427 5213; x_wconf 74' lang='grc' dir='ltr'><strong>τδ</strong></span> <span class='ocrx_word' id='word_1_754' title='bbox 479 5159 576 5232; x_wconf 78' lang='grc' dir='ltr'>ἔαρ</span> <span class='ocrx_word' id='word_1_755' title='bbox 631 5159 731 5230; x_wconf 82' lang='grc' dir='ltr'>τῆς</span> <span class='ocrx_word' id='word_1_756' title='bbox 785 5158 1035 5230; x_wconf 87' lang='grc' dir='ltr'>νεότητος</span> <span class='ocrx_word' id='word_1_757' title='bbox 1090 5155 1327 5224; x_wconf 81' lang='grc' dir='ltr'>δείξασα,</span> <span class='ocrx_word' id='word_1_758' title='bbox 1365 5154 1484 5213; x_wconf 79' lang='grc' dir='ltr'>εἶτα</span> <span class='ocrx_word' id='word_1_759' title='bbox 1529 5160 1832 5225; x_wconf 75' lang='grc' dir='ltr'>ἀπέσϐεσε,</span> <span class='ocrx_word' id='word_1_760' title='bbox 1863 5160 1940 5232; x_wconf 81' lang='grc' dir='ltr'>τῷ</span> 
     </span>
    </p>
   </div>
   <div class='ocr_carea' id='block_1_102' title="bbox 372 5250 1941 5322">
    <p class='ocr_par' dir='ltr' id='par_1_102' title="bbox 372 5250 1941 5322">
     <span class='ocr_line' id='line_1_102' title="bbox 372 5250 1941 5322; baseline 0.002 -19"><span class='ocrx_word' id='word_1_761' title='bbox 372 5251 601 5322; x_wconf 79' lang='grc' dir='ltr'>χειμῶνι</span> <span class='ocrx_word' id='word_1_762' title='bbox 631 5252 724 5304; x_wconf 70' lang='grc' dir='ltr'><strong>τοῦ</strong></span> <span class='ocrx_word' id='word_1_763' title='bbox 777 5252 962 5322; x_wconf 69' lang='grc' dir='ltr'>γήραος</span> <span class='ocrx_word' id='word_1_764' title='bbox 1005 5250 1375 5320; x_wconf 84' lang='grc' dir='ltr'>ὲναφανίσασα</span> <span class='ocrx_word' id='word_1_765' title='bbox 1399 5268 1412 5282; x_wconf 88' lang='grc'><strong>·</strong></span> <span class='ocrx_word' id='word_1_766' title='bbox 1440 5250 1701 5315; x_wconf 83' lang='grc' dir='ltr'>ὡσαύτως</span> <span class='ocrx_word' id='word_1_767' title='bbox 1752 5254 1845 5306; x_wconf 71' lang='grc' dir='ltr'><strong>καὶ</strong></span> <span class='ocrx_word' id='word_1_768' title='bbox 1874 5253 1941 5306; x_wconf 77' lang='grc' dir='ltr'>τὰ</span> 
     </span>
    </p>
   </div>
   <div class='ocr_carea' id='block_1_103' title="bbox 367 5341 1942 5416">
    <p class='ocr_par' dir='ltr' id='par_1_103' title="bbox 367 5341 1942 5416">
     <span class='ocr_line' id='line_1_103' title="bbox 367 5341 1942 5416; baseline 0.003 -20"><span class='ocrx_word' id='word_1_769' title='bbox 367 5341 500 5396; x_wconf 78' lang='grc' dir='ltr'>ἄλλα</span> <span class='ocrx_word' id='word_1_770' title='bbox 544 5342 721 5396; x_wconf 82' lang='grc' dir='ltr'>πάντα</span> <span class='ocrx_word' id='word_1_771' title='bbox 767 5342 906 5413; x_wconf 81' lang='grc' dir='ltr'>πρὸς</span> <span class='ocrx_word' id='word_1_772' title='bbox 952 5341 1142 5413; x_wconf 76' lang='grc' dir='ltr'>καιρὸν</span> <span class='ocrx_word' id='word_1_773' title='bbox 1163 5341 1261 5412; x_wconf 77' lang='grc' dir='ltr'><strong>τὴν</strong></span> <span class='ocrx_word' id='word_1_774' title='bbox 1297 5342 1397 5412; x_wconf 84' lang='grc' dir='ltr'>τῆς</span> <span class='ocrx_word' id='word_1_775' title='bbox 1442 5341 1642 5412; x_wconf 75' lang='grc' dir='ltr'>σαρκὸς</span> <span class='ocrx_word' id='word_1_776' title='bbox 1691 5344 1942 5416; x_wconf 73' lang='grc' dir='ltr'>αἴσθησιν</span> 
     </span>
    </p>
   </div>
   <div class='ocr_carea' id='block_1_104' title="bbox 368 5431 1938 5511">
    <p class='ocr_par' dir='ltr' id='par_1_104' title="bbox 368 5431 1938 5511">
     <span class='ocr_line' id='line_1_104' title="bbox 368 5431 1938 5511; baseline 0.003 -24"><span class='ocrx_word' id='word_1_777' title='bbox 368 5433 758 5503; x_wconf 83' lang='grc' dir='ltr'>ἀπατήσαντα,</span> <span class='ocrx_word' id='word_1_778' title='bbox 801 5431 918 5488; x_wconf 82' lang='grc' dir='ltr'>εἶτα</span> <span class='ocrx_word' id='word_1_779' title='bbox 970 5433 1287 5504; x_wconf 81' lang='grc' dir='ltr'>παρέδραμε</span> <span class='ocrx_word' id='word_1_780' title='bbox 1339 5437 1431 5487; x_wconf 73' lang='grc' dir='ltr'><strong>καὶ</strong></span> <span class='ocrx_word' id='word_1_781' title='bbox 1471 5435 1845 5509; x_wconf 88' lang='grc' dir='ltr'>συνεκαλύφθη</span> <span class='ocrx_word' id='word_1_782' title='bbox 1875 5441 1938 5511; x_wconf 78' lang='grc' dir='ltr'>τῇ</span> 
     </span>
    </p>
   </div>
   <div class='ocr_carea' id='block_1_105' title="bbox 369 5521 1943 5601">
    <p class='ocr_par' dir='ltr' id='par_1_105' title="bbox 369 5521 1943 5601">
     <span class='ocr_line' id='line_1_105' title="bbox 369 5521 1943 5601; baseline 0.006 -25"><span class='ocrx_word' id='word_1_783' title='bbox 369 5525 524 5596; x_wconf 73' lang='grc' dir='ltr'>λήθῃ.</span> <span class='ocrx_word' id='word_1_784' title='bbox 568 5525 720 5579; x_wconf 77' lang='grc' dir='ltr'>Ἐπεὶ</span> <span class='ocrx_word' id='word_1_785' title='bbox 743 5521 834 5579; x_wconf 75' lang='grc' dir='ltr'><strong>οὖν</strong></span> <span class='ocrx_word' id='word_1_786' title='bbox 857 5527 911 5579; x_wconf 80' lang='grc' dir='ltr'>αἱ</span> <span class='ocrx_word' id='word_1_787' title='bbox 939 5526 1183 5581; x_wconf 63' lang='grc' dir='ltr'>τοιαῦται</span> <span class='ocrx_word' id='word_1_788' title='bbox 1216 5527 1506 5596; x_wconf 72' lang='grc' dir='ltr'>μεταϐολαὶ</span> <span class='ocrx_word' id='word_1_789' title='bbox 1531 5529 1670 5584; x_wconf 82' lang='grc' dir='ltr'><strong>κατά</strong></span> <span class='ocrx_word' id='word_1_790' title='bbox 1697 5547 1819 5586; x_wconf 89' lang='grc' dir='ltr'>τινα</span> <span class='ocrx_word' id='word_1_791' title='bbox 1844 5531 1943 5601; x_wconf 84' lang='grc' dir='ltr'>τῆς</span> 
     </span>
    </p>
   </div>
   <div class='ocr_carea' id='block_1_106' title="bbox 443 5695 1480 5770">
    <p class='ocr_par' dir='ltr' id='par_1_106' title="bbox 443 5695 1480 5770">
     <span class='ocr_line' id='line_1_106' title="bbox 443 5695 1480 5770; baseline -0.002 -11"><span class='ocrx_word' id='word_1_792' title='bbox 443 5695 633 5759; x_wconf 59' lang='lat' dir='ltr'><strong>’Joan.</strong></span> <span class='ocrx_word' id='word_1_793' title='bbox 664 5718 784 5770; x_wconf 74' lang='lat' dir='ltr'><strong>vni,</strong></span> <span class='ocrx_word' id='word_1_794' title='bbox 811 5698 898 5758; x_wconf 76' lang='grc'><strong>52.</strong></span> <span class='ocrx_word' id='word_1_795' title='bbox 973 5705 994 5737; x_wconf 87' lang='grc'><strong><em>⁸</em></strong></span> <span class='ocrx_word' id='word_1_796' title='bbox 1023 5702 1169 5759; x_wconf 86' lang='lat' dir='ltr'><strong>Psal.</strong></span> <span class='ocrx_word' id='word_1_797' title='bbox 1200 5718 1394 5770; x_wconf 76' lang='lat' dir='ltr'><strong>cmn,</strong></span> <span class='ocrx_word' id='word_1_798' title='bbox 1429 5703 1480 5757; x_wconf 89' lang='lat'><strong>7.</strong></span> 
     </span>
    </p>
   </div>
   <div class='ocr_carea' id='block_1_107' title="bbox 2049 4505 3626 4596">
    <p class='ocr_par' dir='ltr' id='par_1_107' title="bbox 2049 4505 3626 4596">
     <span class='ocr_line' id='line_1_107' title="bbox 2049 4505 3626 4596; baseline -0.016 -15"><span class='ocrx_word' id='word_1_799' title='bbox 2049 4540 2204 4596; x_wconf 91' lang='lat' dir='ltr'><strong>opes,</strong></span> <span class='ocrx_word' id='word_1_800' title='bbox 2236 4538 2358 4594; x_wconf 77' lang='lat' dir='ltr'><strong>quae</strong></span> <span class='ocrx_word' id='word_1_801' title='bbox 2382 4521 2574 4593; x_wconf 80' lang='lat' dir='ltr'><strong>gloria,</strong></span> <span class='ocrx_word' id='word_1_802' title='bbox 2606 4531 2728 4590; x_wconf 75' lang='lat' dir='ltr'><strong>qua:</strong></span> <span class='ocrx_word' id='word_1_803' title='bbox 2755 4513 3037 4589; x_wconf 80' lang='lat' dir='ltr'><strong>potentia?</strong></span> <span class='ocrx_word' id='word_1_804' title='bbox 3058 4525 3242 4566; x_wconf 84' lang='lat' dir='ltr'><strong>nonne</strong></span> <span class='ocrx_word' id='word_1_805' title='bbox 3285 4506 3470 4562; x_wconf 81' lang='lat' dir='ltr'><strong>omnia</strong></span> <span class='ocrx_word' id='word_1_806' title='bbox 3507 4505 3626 4596; x_wconf 73' lang='lat' dir='ltr'><strong>haee</strong></span> 
     </span>
    </p>
   </div>
   <div class='ocr_carea' id='block_1_108' title="bbox 2049 4593 3624 4687">
    <p class='ocr_par' dir='ltr' id='par_1_108' title="bbox 2049 4593 3624 4687">
     <span class='ocr_line' id='line_1_108' title="bbox 2049 4593 3624 4687; baseline -0.011 -17"><span class='ocrx_word' id='word_1_807' title='bbox 2049 4593 2135 4673; x_wconf 80' lang='lat' dir='ltr'><strong>vel</strong></span> <span class='ocrx_word' id='word_1_808' title='bbox 2183 4593 2382 4687; x_wconf 76' lang='lat' dir='ltr'><strong>exiguo</strong></span> <span class='ocrx_word' id='word_1_809' title='bbox 2429 4619 2672 4676; x_wconf 88' lang='lat' dir='ltr'><strong>tempore</strong></span> <span class='ocrx_word' id='word_1_810' title='bbox 2720 4621 2845 4664; x_wconf 81' lang='lat' dir='ltr'><strong>cum</strong></span> <span class='ocrx_word' id='word_1_811' title='bbox 2898 4604 3214 4666; x_wconf 73' lang='lat' dir='ltr'><strong>floruerint,</strong></span> <span class='ocrx_word' id='word_1_812' title='bbox 3272 4610 3469 4654; x_wconf 82' lang='lat' dir='ltr'><strong>rursus</strong></span> <span class='ocrx_word' id='word_1_813' title='bbox 3517 4593 3624 4652; x_wconf 81' lang='lat' dir='ltr'><strong>dif-</strong></span> 
     </span>
    </p>
   </div>
   <div class='ocr_carea' id='block_1_109' title="bbox 2049 4688 3625 4776">
    <p class='ocr_par' dir='ltr' id='par_1_109' title="bbox 2049 4688 3625 4776">
     <span class='ocr_line' id='line_1_109' title="bbox 2049 4688 3625 4776; baseline -0.013 -14"><span class='ocrx_word' id='word_1_814' title='bbox 2049 4708 2253 4771; x_wconf 83' lang='lat' dir='ltr'><strong>ﬂuunt,</strong></span> <span class='ocrx_word' id='word_1_815' title='bbox 2297 4713 2461 4776; x_wconf 89' lang='lat' dir='ltr'><strong>atque</strong></span> <span class='ocrx_word' id='word_1_816' title='bbox 2489 4705 2542 4758; x_wconf 91' lang='lat' dir='ltr'><strong>in</strong></span> <span class='ocrx_word' id='word_1_817' title='bbox 2569 4700 2902 4756; x_wconf 86' lang='lat' dir='ltr'><strong>contrariam</strong></span> <span class='ocrx_word' id='word_1_818' title='bbox 2931 4694 3171 4750; x_wconf 89' lang='lat' dir='ltr'><strong>nominis</strong></span> <span class='ocrx_word' id='word_1_819' title='bbox 3202 4688 3625 4762; x_wconf 84' lang='lat' dir='ltr'><strong>appellationem</strong></span> 
     </span>
    </p>
   </div>
   <div class='ocr_carea' id='block_1_110' title="bbox 2048 4780 3624 4857">
    <p class='ocr_par' dir='ltr' id='par_1_110' title="bbox 2048 4780 3624 4857">
     <span class='ocr_line' id='line_1_110' title="bbox 2048 4780 3624 4857; baseline -0.012 -5"><span class='ocrx_word' id='word_1_820' title='bbox 2048 4799 2263 4853; x_wconf 77' lang='lat' dir='ltr'><strong>deﬂuxa</strong></span> <span class='ocrx_word' id='word_1_821' title='bbox 2303 4791 2696 4850; x_wconf 75' lang='lat' dir='ltr'><strong>conciderunt?</strong></span> <span class='ocrx_word' id='word_1_822' title='bbox 2721 4791 2856 4857; x_wconf 86' lang='lat' dir='ltr'><strong>Quis</strong></span> <span class='ocrx_word' id='word_1_823' title='bbox 2886 4788 3036 4844; x_wconf 92' lang='lat' dir='ltr'><strong>omni</strong></span> <span class='ocrx_word' id='word_1_824' title='bbox 3067 4797 3311 4855; x_wconf 88' lang='lat' dir='ltr'><strong>tempore</strong></span> <span class='ocrx_word' id='word_1_825' title='bbox 3351 4783 3404 4836; x_wconf 92' lang='lat' dir='ltr'><strong>in</strong></span> <span class='ocrx_word' id='word_1_826' title='bbox 3435 4780 3624 4835; x_wconf 79' lang='lat' dir='ltr'><strong>adole-</strong></span> 
     </span>
    </p>
   </div>
   <div class='ocr_carea' id='block_1_111' title="bbox 2051 4872 3624 4956">
    <p class='ocr_par' dir='ltr' id='par_1_111' title="bbox 2051 4872 3624 4956">
     <span class='ocr_line' id='line_1_111' title="bbox 2051 4872 3624 4956; baseline -0.013 -12"><span class='ocrx_word' id='word_1_827' title='bbox 2051 4888 2306 4944; x_wconf 85' lang='lat' dir='ltr'><strong>sccntia?</strong></span> <span class='ocrx_word' id='word_1_828' title='bbox 2338 4887 2438 4941; x_wconf 87' lang='lat' dir='ltr'><strong>Cui</strong></span> <span class='ocrx_word' id='word_1_829' title='bbox 2460 4894 2726 4956; x_wconf 88' lang='lat' dir='ltr'><strong>perpetuo</strong></span> <span class='ocrx_word' id='word_1_830' title='bbox 2749 4881 3169 4951; x_wconf 87' lang='lat' dir='ltr'><strong>suppeditarunt</strong></span> <span class='ocrx_word' id='word_1_831' title='bbox 3201 4875 3390 4930; x_wconf 84' lang='lat' dir='ltr'><strong>vires?</strong></span> <span class='ocrx_word' id='word_1_832' title='bbox 3426 4872 3624 4926; x_wconf 80' lang='lat' dir='ltr'><strong>Annon</strong></span> 
     </span>
    </p>
   </div>
   <div class='ocr_carea' id='block_1_112' title="bbox 2049 4963 3624 5052">
    <p class='ocr_par' dir='ltr' id='par_1_112' title="bbox 2049 4963 3624 5052">
     <span class='ocr_line' id='line_1_112' title="bbox 2049 4963 3624 5052; baseline -0.012 -17"><span class='ocrx_word' id='word_1_833' title='bbox 2049 4978 2478 5052; x_wconf 88' lang='lat' dir='ltr'><strong>pulchritudinis</strong></span> <span class='ocrx_word' id='word_1_834' title='bbox 2502 4979 2690 5031; x_wconf 80' lang='lat' dir='ltr'><strong>florem</strong></span> <span class='ocrx_word' id='word_1_835' title='bbox 2722 4973 2886 5028; x_wconf 91' lang='lat' dir='ltr'><strong>citius</strong></span> <span class='ocrx_word' id='word_1_836' title='bbox 2925 4971 3006 5025; x_wconf 78' lang='lat' dir='ltr'><strong>vel</strong></span> <span class='ocrx_word' id='word_1_837' title='bbox 3037 4969 3148 5023; x_wconf 86' lang='lat' dir='ltr'><strong>illis</strong></span> <span class='ocrx_word' id='word_1_838' title='bbox 3194 4967 3327 5036; x_wconf 76' lang='lat' dir='ltr'><strong>ipsis</strong></span> <span class='ocrx_word' id='word_1_839' title='bbox 3373 4963 3624 5026; x_wconf 80' lang='lat' dir='ltr'><strong>ﬂoribus,</strong></span> 
     </span>
    </p>
   </div>
   <div class='ocr_carea' id='block_1_113' title="bbox 2049 5052 3628 5146">
    <p class='ocr_par' dir='ltr' id='par_1_113' title="bbox 2049 5052 3628 5146">
     <span class='ocr_line' id='line_1_113' title="bbox 2049 5052 3628 5146; baseline -0.011 -19"><span class='ocrx_word' id='word_1_840' title='bbox 2049 5075 2141 5146; x_wconf 89' lang='lat' dir='ltr'><strong>qui</strong></span> <span class='ocrx_word' id='word_1_841' title='bbox 2173 5089 2232 5129; x_wconf 91' lang='lat' dir='ltr'><strong>se</strong></span> <span class='ocrx_word' id='word_1_842' title='bbox 2266 5072 2444 5142; x_wconf 91' lang='lat' dir='ltr'><strong>primo</strong></span> <span class='ocrx_word' id='word_1_843' title='bbox 2473 5067 2790 5130; x_wconf 87' lang='lat' dir='ltr'><strong>ostendunt,</strong></span> <span class='ocrx_word' id='word_1_844' title='bbox 2822 5064 3173 5119; x_wconf 85' lang='lat' dir='ltr'><strong>interiturum</strong></span> <span class='ocrx_word' id='word_1_845' title='bbox 3205 5067 3403 5114; x_wconf 82' lang='lat' dir='ltr'><strong>natura</strong></span> <span class='ocrx_word' id='word_1_846' title='bbox 3424 5052 3628 5111; x_wconf 73' lang='lat' dir='ltr'><strong>emcit?</strong></span> 
     </span>
    </p>
   </div>
   <div class='ocr_carea' id='block_1_114' title="bbox 2047 5145 3622 5232">
    <p class='ocr_par' dir='ltr' id='par_1_114' title="bbox 2047 5145 3622 5232">
     <span class='ocr_line' id='line_1_114' title="bbox 2047 5145 3622 5232; baseline -0.014 -10"><span class='ocrx_word' id='word_1_847' title='bbox 2047 5145 2180 5232; x_wconf 83' lang='lat' dir='ltr'><strong>Quae</strong></span> <span class='ocrx_word' id='word_1_848' title='bbox 2213 5179 2346 5220; x_wconf 89' lang='lat' dir='ltr'><strong>sane</strong></span> <span class='ocrx_word' id='word_1_849' title='bbox 2380 5170 2628 5231; x_wconf 86' lang='lat' dir='ltr'><strong>tempore</strong></span> <span class='ocrx_word' id='word_1_850' title='bbox 2653 5173 2758 5213; x_wconf 88' lang='lat' dir='ltr'><strong>suo</strong></span> <span class='ocrx_word' id='word_1_851' title='bbox 2789 5163 2988 5210; x_wconf 88' lang='lat' dir='ltr'><strong>natura</strong></span> <span class='ocrx_word' id='word_1_852' title='bbox 3015 5152 3284 5213; x_wconf 87' lang='lat' dir='ltr'><strong>consevit,</strong></span> <span class='ocrx_word' id='word_1_853' title='bbox 3318 5163 3442 5203; x_wconf 82' lang='lat' dir='ltr'><strong>cum</strong></span> <span class='ocrx_word' id='word_1_854' title='bbox 3471 5145 3622 5202; x_wconf 78' lang='lat' dir='ltr'><strong>brevi</strong></span> 
     </span>
    </p>
   </div>
   <div class='ocr_carea' id='block_1_115' title="bbox 2041 5239 3620 5327">
    <p class='ocr_par' dir='ltr' id='par_1_115' title="bbox 2041 5239 3620 5327">
     <span class='ocr_line' id='line_1_115' title="bbox 2041 5239 3620 5327; baseline -0.014 -14"><span class='ocrx_word' id='word_1_855' title='bbox 2041 5269 2288 5327; x_wconf 87' lang='lat' dir='ltr'><strong>tempore</strong></span> <span class='ocrx_word' id='word_1_856' title='bbox 2304 5253 2610 5316; x_wconf 81' lang='lat' dir='ltr'><strong>ﬂoruerint,</strong></span> <span class='ocrx_word' id='word_1_857' title='bbox 2635 5263 2830 5304; x_wconf 79' lang='lat' dir='ltr'><strong>rursus</strong></span> <span class='ocrx_word' id='word_1_858' title='bbox 2848 5253 3102 5316; x_wconf 76' lang='lat' dir='ltr'><strong>surgunt,</strong></span> <span class='ocrx_word' id='word_1_859' title='bbox 3130 5258 3322 5298; x_wconf 82' lang='lat' dir='ltr'><strong>rursus</strong></span> <span class='ocrx_word' id='word_1_860' title='bbox 3346 5239 3620 5303; x_wconf 73' lang='lat' dir='ltr'><strong>difﬂuunt,</strong></span> 
     </span>
    </p>
   </div>
   <div class='ocr_carea' id='block_1_116' title="bbox 2043 5331 3624 5410">
    <p class='ocr_par' dir='ltr' id='par_1_116' title="bbox 2043 5331 3624 5410">
     <span class='ocr_line' id='line_1_116' title="bbox 2043 5331 3624 5410; baseline -0.012 -7"><span class='ocrx_word' id='word_1_861' title='bbox 2043 5359 2241 5404; x_wconf 86' lang='lat' dir='ltr'><strong>rursus</strong></span> <span class='ocrx_word' id='word_1_862' title='bbox 2275 5345 2660 5405; x_wconf 83' lang='lat' dir='ltr'><strong>frondescunt,</strong></span> <span class='ocrx_word' id='word_1_863' title='bbox 2691 5349 2855 5410; x_wconf 89' lang='lat' dir='ltr'><strong>atque</strong></span> <span class='ocrx_word' id='word_1_864' title='bbox 2895 5339 3038 5392; x_wconf 85' lang='lat' dir='ltr'><strong>hanc</strong></span> <span class='ocrx_word' id='word_1_865' title='bbox 3068 5333 3286 5406; x_wconf 88' lang='lat' dir='ltr'><strong>quidem</strong></span> <span class='ocrx_word' id='word_1_866' title='bbox 3315 5331 3624 5404; x_wconf 82' lang='lat' dir='ltr'><strong>pulchritu-</strong></span> 
     </span>
    </p>
   </div>
   <div class='ocr_carea' id='block_1_117' title="bbox 2041 5424 3619 5508">
    <p class='ocr_par' dir='ltr' id='par_1_117' title="bbox 2041 5424 3619 5508">
     <span class='ocr_line' id='line_1_117' title="bbox 2041 5424 3619 5508; baseline -0.011 -12"><span class='ocrx_word' id='word_1_867' title='bbox 2041 5440 2188 5496; x_wconf 89' lang='lat' dir='ltr'><strong>dinis</strong></span> <span class='ocrx_word' id='word_1_868' title='bbox 2237 5439 2473 5508; x_wconf 68' lang='lat' dir='ltr'><strong>Speciem</strong></span> <span class='ocrx_word' id='word_1_869' title='bbox 2529 5434 2714 5490; x_wconf 84' lang='lat' dir='ltr'><strong>adulta</strong></span> <span class='ocrx_word' id='word_1_870' title='bbox 2780 5434 2834 5486; x_wconf 90' lang='lat' dir='ltr'><strong>in</strong></span> <span class='ocrx_word' id='word_1_871' title='bbox 2879 5440 3038 5486; x_wconf 64' lang='lat' dir='ltr'><strong>aetate</strong></span> <span class='ocrx_word' id='word_1_872' title='bbox 3096 5435 3292 5484; x_wconf 81' lang='lat' dir='ltr'><strong>natura</strong></span> <span class='ocrx_word' id='word_1_873' title='bbox 3354 5424 3619 5482; x_wconf 83' lang='lat' dir='ltr'><strong>ostendit.</strong></span> 
     </span>
    </p>
   </div>
   <div class='ocr_carea' id='block_1_118' title="bbox 2041 5520 3625 5601">
    <p class='ocr_par' dir='ltr' id='par_1_118' title="bbox 2041 5520 3625 5601">
     <span class='ocr_line' id='line_1_118' title="bbox 2041 5520 3625 5601; baseline -0.013 -11"><span class='ocrx_word' id='word_1_874' title='bbox 2041 5533 2213 5601; x_wconf 87' lang='lat' dir='ltr'><strong>Quam</strong></span> <span class='ocrx_word' id='word_1_875' title='bbox 2243 5541 2370 5588; x_wconf 86' lang='lat' dir='ltr'><strong>vero</strong></span> <span class='ocrx_word' id='word_1_876' title='bbox 2402 5528 2683 5586; x_wconf 87' lang='lat' dir='ltr'><strong>hominum</strong></span> <span class='ocrx_word' id='word_1_877' title='bbox 2719 5523 3182 5597; x_wconf 76' lang='lat' dir='ltr'><strong>pulchritudinem</strong></span> <span class='ocrx_word' id='word_1_878' title='bbox 3215 5523 3269 5576; x_wconf 90' lang='lat' dir='ltr'><strong>in</strong></span> <span class='ocrx_word' id='word_1_879' title='bbox 3305 5520 3625 5576; x_wconf 59' lang='lat' dir='ltr'><strong>adolescent.</strong></span> 
     </span>
    </p>
   </div>
  </div>
