4096 6354
335 322 441 381 διε)

1676 317 1766 372 DE
1806 318 2279 376 \‘lRGlNlTATE.

3490 326 3597 381 350

347 438 802 511 Ἐλευθερωθεῖσα
856 439 964 513 γὰρ
1020 408 1325 507 hui-16w
1390 438 1647 493 τοιούτων
1697 441 1874 512 χρεῶν
1901 482 1915 503 ,

2032 440 2283 505 stionem,
2320 439 2673 510 studiumque
2714 447 2797 495 cst
2825 441 3071 509 corporis
3108 441 3323 496 inventa
3368 443 3596 514 virgini-

334 535 515 587 οὑκέτι
578 530 877 585 κινδυνεύει
931 530 1007 602 μὴ
1055 530 1134 601 τῷ
1179 532 1297 585 κατ’
1343 530 1522 599 ὀλίγον
1569 530 1922 601 προσεθισμῷ

336 628 465 697 περὶ
508 625 578 679 τά
627 624 889 678 δοκοῦντα
935 624 1085 695 νόμῳ
1141 624 1245 676 τινὶ
1295 622 1509 691 φύσεως
1570 622 1923 693 συγκεχωρῆ-

338 718 488 780 σθαι,
528 718 586 769 ἐν
637 716 951 785 ἀποστροφῇ
1005 713 1097 767 καὶ
1147 713 1336 783 ἀγνοίᾳ
1369 713 1470 783 τῆς
1519 713 1668 775 θείας
1716 729 1774 765 τε
1827 713 1923 764 καὶ

337 808 615 878 ἀκηράτου
658 807 880 877 γένηται
925 804 1149 876 ἡδονῆς,
1194 804 1262 875 ῆν
1310 804 1445 875 μόνη
1484 805 1516 875 ἡ
1551 804 1775 873 καρδίας
1823 819 1922 855 κα-

340 900 592 969 θαρότης,
631 897 724 951 τοῦ
773 898 830 950 ἐν
883 899 1013 967 ἡμῖν
1057 894 1405 966 ἡγεμονικοῦ,
1452 894 1701 966 θηρεύειν
1745 893 1919 963 πέφυ-

340 1004 455 1041 κεν.

2023 540 2125 597 tas,
2150 538 2230 597 ut,
2258 546 2382 586 cum
2411 530 2784 597 aﬂ'ectionum,
2808 546 2931 600 qum
2963 548 2991 584 a
3017 543 3209 585 natura
3239 533 3457 587 tributa’.
3512 536 3594 589 vi-

2023 620 2247 685 dentur,
2283 622 2610 677 oblivionem
2635 623 2822 675 animo
2841 623 3075 676 maxime
3098 623 3362 685 attulerit,
3391 624 3595 678 nullam

2023 712 2247 768 inducat
2314 714 2700 768 necessitatem
2758 714 2995 768 sordidis
3034 715 3219 767 carnis
3260 715 3460 769 debitis
3499 732 3596 767 va-

2024 804 2205 859 candi.
2247 802 2382 857 Nam
2407 804 2502 858 ubi
2557 806 2725 859 semel
2773 805 2924 860 hisce
2960 806 3185 861 liberata
3239 814 3323 860 est
3360 806 3596 872 debitis,

2024 909 2133 947 non
2169 894 2280 964 jam
2316 896 2552 965 amplius
2604 896 2904 964 periculum
2957 907 3060 961 est,
3118 913 3186 952 ne
3239 896 3601 952 assuetudine

2022 985 2238 1039 tandem
2272 1002 2476 1051 rerum,
2512 1004 2633 1057 qua:
2663 998 2875 1042 natura?
2906 990 3141 1057 quadam
3190 990 3309 1057 lege
3368 988 3598 1059 permis-

340 1095 415 1135 sae
452 1079 727 1142 videntur,
783 1091 967 1132 veram
1034 1076 1185 1131 illam
1246 1081 1409 1144 atque
1444 1073 1809 1129 immortalem
1859 1076 2195 1145 voluptatem
2254 1085 2543 1132 aversetur
2600 1087 2765 1149 atque
2798 1077 2988 1148 fugiat,
3022 1093 3185 1148 quam
3236 1094 3333 1132 cor
3392 1078 3593 1135 solum.

341 1188 475 1235 pura
499 1170 641 1241 ejus,
683 1169 776 1239 qui
825 1184 927 1223 nos
968 1168 1129 1237 regit,
1201 1168 1368 1222 animi
1433 1167 1747 1238 integritate
1792 1167 2054 1235 adhibita,
2087 1184 2286 1240 capere
2312 1170 2469 1223 solet.

932 1263 1185 1318 ΚΕΦΑΛ.
1226 1266 1317 1329 ς’.

341 1383 471 1435 Ὅτι
508 1380 708 1444 Ἠλίας
745 1379 841 1432 καὶ
884 1376 1164 1443 Ἰωάννης
1190 1375 1299 1441 τῆς
1317 1376 1617 1444 ἀκριϐείας
1644 1375 1751 1429 τοῦ
1772 1376 1918 1440 ,βίου

759 1450 974 1502 τούτου
1005 1445 1492 1515 ἐπεμελήθησαν.

409 1539 509 1593 Διά
544 1538 703 1592 τοῦτό
760 1555 849 1608 μοι
903 1536 1175 1591 δοκεῖκαὶ
1218 1535 1247 1586 ὁ
1307 1533 1481 1605 μέγας
1522 1536 1581 1587 ἐν
1614 1535 1918 1603 προφήταις

352 1632 561 1695 Ἠλίας,
589 1631 683 1684 καὶ
709 1632 737 1683 ὁ
788 1632 844 1682 ἐν
888 1626 1161 1695 πνεύματι
1198 1627 1292 1679 καὶ
1318 1625 1544 1694 δυνάμει
1579 1625 1761 1678 Ἠλίου
1800 1625 1917 1694 μετ’

2630 1262 2861 1317 CAPUT
2899 1262 2984 1316 VI.

2021 1375 2170 1429 Elius
2217 1385 2266 1429 et
2310 1374 2546 1429 Joannes
2609 1375 2914 1497 diligentem
2958 1376 3148 1429 harant
3209 1391 3395 1428 curam
3442 1374 3601 1430 aditi-

2722 1454 2931 1497 uerunt.

2722 1454 2931 1498 uerunt.

2090 1535 2171 1590 0b
2202 1552 2320 1591 eam
2358 1552 2579 1591 causam
2627 1551 2856 1606 magnus
2890 1537 2943 1589 in
2980 1536 3258 1606 preplietis
3293 1535 3423 1591 mihi
3455 1536 3602 1592 vide—

2018 1635 2109 1680 tur
2141 1627 2311 1690 Elias,
2373 1637 2428 1681 et
2481 1628 2528 1682 is
2576 1627 2668 1697 qui
2703 1635 2895 1698 postea
2928 1627 2983 1680 in
3041 1626 3236 1696 spiritu
3296 1635 3350 1681 et
3400 1629 3602 1683 virtute

341 1724 546 1777 ἐκεῖνον
576 1721 919 1791 ἐπιδημήσας
939 1718 1016 1788 τῷ
1053 1718 1174 1789 βίῳ,
1198 1712 1259 1773 οὗ
1297 1715 1497 1788 μείζων
1516 1717 1688 1779 οὐδεὶς
1722 1717 1779 1769 ἐν
1796 1732 1918 1783 γεν-

2032 1716 2151 1772 ΕΣιο
2180 1719 2233 1772 iu
2274 1718 2441 1771 vitam
2478 1718 2643 1780 venit,
2688 1731 2797 1786 quo
2829 1732 2961 1771 sane
3010 1718 3063 1770 in
3115 1716 3255 1771 natis
3307 1717 3595 1772 mulierum

341 1816 524 1886 νητοίς
551 1810 845 1882 γυναικῶν.
892 1811 1062 1882 Εῖπερ
1101 1827 1153 1863 τι
1187 1810 1281 1862 καὶ
1306 1808 1490 1880 ἓτερον
1521 1810 1555 1879 ἡ
1580 1809 1696 1860 κατ’
1725 1807 1921 1869 αὑτοὺς

343 1902 554 1975 ἱστορία
588 1902 889 1975 παραδηλοῖ
924 1901 988 1954 δι’
1018 1901 1356 1972 αἰνίγματος,
1400 1898 1557 1953 τοῦτο
1589 1898 1824 1970 μάλιστα
1844 1896 1922 1968 τῷ

346 1993 460 2063 ἰδίῳ
478 1992 824 2062 δογματίζειν
857 1991 975 2061 βίῳ,
999 1992 1059 2044 τὸ
1102 1990 1436 2062 χωρισθῆναι
1460 1990 1562 2059 τῆς
1592 1989 1684 2043 τοῦ
1713 1989 1923 2060 ἀνθρω-

343 2083 497 2137 πίνου
528 2081 644 2152 βίου
680 2081 1000 2145 ἀκολουθίας
1048 2082 1139 2135 τὸν
1188 2084 1254 2151 τῇ
1291 2080 1493 2151 θεωρίᾳ
1527 2080 1634 2133 τῶν
1678 2080 1924 2151 ἀοράτων

344 2173 669 2244 σχολάζοντα
691 2188 705 2203 '
754 2172 830 2235 ὡς
863 2171 928 2225 ἂν
957 2170 1033 2242 μὴ
1068 2174 1191 2234 ταῖς
1234 2170 1512 2234 τοιαύταις
1548 2170 1782 2233 ἀπάταις
1806 2171 1924 2231 ταῖς

341 2264 430 2318 διά
457 2262 567 2316 τῶν
600 2261 901 2333 αἰσθήσεων
933 2260 1243 2330 γινομέναις
1292 2260 1690 2333 προσεθισθεὶς,
1725 2257 1925 2327 σύγχυ-

343 2356 429 2411 σίν
450 2374 568 2409 τινα
596 2355 691 2409 καὶ
724 2353 931 2424 πλάνην
953 2352 1114 2407 πάθοι
1131 2352 1261 2424 περὶ
1282 2353 1380 2423 τὴν
1398 2350 1492 2405 τοῦ
1522 2350 1688 2415 ὄντως
1716 2347 1922 2418 ἀγαθοῦ

341 2446 544 2518 κρίσιν.
574 2445 895 2517 ’Δμφότεροι
922 2444 1030 2516 γάρ
1063 2444 1226 2507 εὐθὺς
1244 2445 1310 2496 ἐκ
1336 2444 1472 2497 νέων
1506 2440 1925 2512 ἀπεξενώθησαν

342 2537 443 2606 τῆς
471 2536 821 2608 ἀνθρωπίνης
859 2533 1024 2606 ζωῆς,
1060 2534 1155 2588 καὶ
1177 2532 1288 2588 οἷον
1320 2533 1424 2599 ἔξω
1447 2534 1544 2603 τῆς
1569 2533 1783 2603 φύσεως
1802 2534 1927 2585 ἐαυ-

341 2629 471 2691 τοὺς
504 2628 738 2697 ἔστησαν
759 2629 824 2698 τῇ
841 2627 968 2697 περ)⁵
995 2625 1094 2697 τὴν
1128 2624 1329 2697 βρῶσιν
1352 2626 1446 2679 καὶ
1478 2626 1636 2678 πόσιν
1658 2623 1928 2695 ὑπεροψίᾳ

344 2719 444 2790 τῆς
485 2718 746 2789 συνήθους
774 2718 868 2771 καὶ
887 2719 1280 2788 νενομισμένης
1309 2720 1533 2787 τροφῆς,
1570 2717 1664 2770 καὶ
1694 2718 1761 2787 τῇ
1787 2716 1929 2769 κατά

343 2810 442 2881 τὴν
458 2810 661 2882 ἔρημον
692 2810 958 2881 διαγωγῇ,
981 2809 1055 2872 ὡς
1086 2809 1181 2862 καὶ
1214 2808 1311 2880 τὴν
1340 2807 1509 2879 ἀκοὴν
1539 2808 1925 2877 ἀπεριήχητον,

347 2900 441 2954 καὶ
464 2900 772 2969 ἀπλάνητον
807 2900 989 2961 αὑτοῖς
1027 2896 1364 2967 φυλαχθῆναι
1404 2896 1502 2966 τὴν
1531 2895 1672 2964 ὅφιν,
1703 2897 1794 2947 καὶ
1829 2894 1929 2965 τὴν

346 2990 537 3060 γεῦσιν
574 2989 752 3060 ἁπλῆν
779 3006 839 3042 τε
882 2989 979 3042 καὶ
1036 2987 1496 3060 ἀπραγμάτευτον
1531 2987 1825 3056 διαμεῖναι,
1865 2986 1930 3036 ὲκ

2022 1824 2183 1863 nemo
2228 1809 2403 1878 major
2453 1818 2679 1863 exortus
2724 1817 2825 1862 est.
2859 1808 2989 1873 Quae
3034 1822 3198 1876 porro
3242 1808 3308 1862 de
3347 1808 3430 1863 bis
3467 1808 3604 1877 ipsis

2024 1908 2280 1953 narratur
2336 1900 2585 1963 historia,
2622 1901 2723 1955 etsi
2780 1899 2909 1970 quid
2961 1899 3107 1952 aliud
3152 1900 3408 1963 obscure,
3472 1897 3604 1953 illud

2024 1999 2205 2044 tamen
2238 1991 2474 2045 maxime
2517 1990 2743 2054 indicat,
2777 1988 2922 2060 quod
2942 1991 3065 2043 vitae
3102 1990 3369 2044 rationem
3422 1990 3604 2056 docet,

2025 2089 2106 2147 ut,
2136 2082 2229 2151 qui
2259 2081 2469 2136 scilicet
2501 2080 2941 2152 contemplandis
2996 2081 3180 2143 rebus,
3214 2096 3337 2150 quae
3384 2080 3610 2135 minime

2024 2175 2126 2229 sub
2165 2182 2446 2243 aspectum
2493 2174 2720 2237 cadunt,
2756 2188 2813 2228 se
2841 2174 3013 2234 dedit,
3080 2173 3168 2227 hic
3224 2174 3293 2227 ab
3356 2174 3609 2227 humana:

2026 2264 2151 2316 vitae
2180 2263 2576 2317 consuetudine
2591 2264 2802 2317 alienus
2834 2262 2945 2321 liat.
2968 2278 3035 2315 ne
3058 2260 3373 2330 ltujusmodi
3401 2261 3611 2314 fraudi-

2026 2354 2151 2417 bus,
2188 2370 2311 2424 quae
2337 2354 2591 2410 sensibus
2625 2355 3036 2424 roncipiuutur,
3075 2355 3347 2420 addictus,
3388 2361 3609 2423 pertur-

2027 2446 2251 2503 batione
2289 2456 2456 2518 atque
2484 2448 2682 2503 mentis
2704 2464 2894 2503 errore
2922 2449 2973 2502 in
3004 2448 3149 2504 illius
3178 2448 3388 2517 judicio
3405 2446 3610 2503 allicia-

2028 2546 2137 2605 tur,
2170 2541 2316 2606 quod
2347 2554 2404 2594 re
2436 2553 2565 2593 vera
2602 2538 2803 2593 bonum
2854 2549 2956 2592 est.
3026 2537 3091 2592 Hi
3121 2538 3282 2593 ambo
3333 2539 3403 2593 ab
3426 2539 3604 2594 adole-

2029 2633 2238 2684 scentia
2277 2645 2399 2685 sese
2431 2630 2613 2684 statim
2651 2630 2718 2683 ab
2756 2630 3007 2683 humanae
3039 2630 3162 2684 vitae
3205 2631 3467 2685 societate
3520 2647 3607 2684 re-

2030 2728 2354 2775 moverunt:
2417 2736 2542 2775 cum
2594 2722 2741 2775 enim
2803 2723 3060 2791 potionis,
3119 2732 3282 2792 atque
3338 2724 3468 2785 cibi,
3515 2722 3611 2792 qui

2030 2813 2243 2869 caeteris
2259 2814 2324 2867 ad
2346 2813 2939 2868 vitaasustcntatinnem
2979 2822 3065 2868 est
3086 2814 3267 2880 datus,
3302 2815 3611 2886 despicien-

2031 2904 2129 2965 tia,
2160 2912 2275 2957 tum
2316 2905 2446 2967 vita,
2486 2921 2647 2973 quam
2673 2905 2724 2958 in
2758 2905 3055 2961 solitudine
3080 2916 3330 2975 egerunt,
3356 2922 3416 2962 se
3453 2907 3611 2977 quasi

2034 3009 2063 3047 a
2101 3003 2307 3048 natura!
2336 2996 2649 3048 alienarunt
2690 2996 2962 3059 instituto,
3004 3005 3064 3050 ut
3109 3004 3164 3051 et
3206 3011 3369 3051 aures
3403 3012 3433 3051 a
3473 3006 3615 3052 stre-

345 3081 440 3137 τοῦ
478 3083 872 3154 προστυχόντος
887 3080 1172 3151 ἑκατέροις
1198 3078 1575 3150 πληρουμένης
1591 3078 1691 3147 τῆς
1720 3076 1926 3146 χρείας.

2035 3085 2151 3154 pitu
2207 3096 2260 3139 et
2301 3087 2493 3140 ουυιοε
2563 3088 2630 3140 ab
2673 3102 2861 3141 errore
2910 3095 3218 3151 tuerentur,
3267 3097 3322 3141 et
3390 3096 3612 3158 gustatu

361 3172 636 3227 Ἐντεῦθεν
690 3173 769 3234 εἰς
821 3170 1020 3240 πολλὴν
1060 3170 1243 3224 εὐδίαν
1286 3169 1380 3222 καὶ
1420 3167 1659 3238 γαλήνην
1695 3166 1801 3220 ἀπὸ
1823 3165 1930 3219 τῶν

350 3264 548 3331 ἔξωθεν
580 3263 823 3335 θορύϐων
858 3263 1219 3332 κατέστησαν,
1265 3261 1360 3315 καὶ
1393 3259 1481 3313 διὰ
1522 3258 1679 3312 τοῦτο
1711 3259 1790 3320 εἰς
1840 3274 1928 3310 τοο

352 3357 541 3409 σοῦτον
597 3355 823 3426 μέγεθος
879 3355 988 3407 τῶν
1020 3353 1175 3407 θείων
1202 3350 1556 3422 χαρισμάτων
1595 3349 1933 3419 ἐπήρθησαν,

349 3449 472 3502 ὅσον
510 3448 635 3518 περὶ
661 3447 924 3516 ἐκατέρου
947 3446 1151 3499 τούτων
1175 3442 1500 3514 μνημονεύει
1516 3442 1732 3509 όλόγος.
1749 3440 1934 3503 Ἠλίας

356 3540 453 3611 μὲν
476 3541 582 3608 γάρ
628 3539 881 3611 καθάπερ
930 3538 1131 3609 ταμίας
1167 3553 1251 3600 τις
1279 3534 1388 3588 τῶν
1425 3533 1519 3587 τοῦ
1553 3533 1686 3587 Θεοῦ
1717 3533 1933 3602 δωρεῶν

352 3630 648 3695 καταστὰς,
681 3630 782 3694 τάς
810 3631 874 3683 ἐκ
918 3629 1012 3683 τοῦ
1046 3625 1273 3700 οὑρανοῦ
1301 3626 1489 3700 χρείας
1539 3628 1659 3679 κατ’
1686 3625 1934 3693 ἐξουσίαν

354 3723 449 3778 καὶ
478 3722 784 3776 ἀποκλείειν
838 3724 952 3785 τοῖς
1011 3720 1405 3792 ἁμαρτάνουσι,
1454 3720 1548 3773 καὶ
1575 3717 1781 3771 ἀνιέναι
1823 3720 1935 3781 τοῖς

359 3812 672 3883 μετανοοῦσι
708 3812 893 3883 κύριος
932 3808 1019 3883 ἦν.
1058 3812 1160 3865 Τὸν
1181 3811 1238 3863 δὲ
1268 3808 1521 3879 Ἰωάννην
1543 3806 1782 3862 τοιοῦτον
1811 3806 1937 3877 μέν·

354 3922 440 3958 τοι
490 3903 959 3974 θαυματοποιῆσαι
1004 3903 1156 3957 οὐδέν
1215 3918 1375 3971 φησιν
1422 3903 1454 3971 ὴ
1496 3899 1616 3953 θεία
1664 3898 1932 3969 Ἱστορία⁹

358 3996 738 4068 περισσότερον
775 3996 830 4049 δέ
863 3996 895 4062 ἢ
929 3994 1069 4049 κατά
1104 3993 1280 4046 πάντα
1310 3993 1595 4063 προφήτην
1623 3990 1684 4044 τὸ
1709 3993 1767 4043 ἐν
1786 3989 1936 4062 αὑτῷ

358 4086 603 4157 χάρισμα
656 4085 809 4153 παρά
853 4084 943 4138 τοῦ
977 4084 1046 4138 τά
1086 4080 1303 4153 κρυπτὰ
1336 4081 1621 4151 βλέποντος
1652 4078 1933 4151 μεμαρτύ-

362 4192 539 4247 ρηται·
563 4175 702 4246 τάχα
729 4176 807 4228 ὅτι
838 4173 1084 4244 καθαράν
1120 4189 1180 4226 τε
1206 4172 1299 4225 καὶ
1324 4170 1502 4241 ἀμιγῆ
1532 4169 1713 4239 πάσης
1746 4168 1937 4238 ὑλικῆς

358 4265 737 4337 προσπαθείας
783 4263 880 4335 τὴν
916 4262 1123 4317 ἐαυτῶν
1180 4259 1469 4331 ἐπιθυμίαν
1512 4259 1604 4312 ἀπ’
1650 4258 1826 4329 ἀρχῆς
1857 4259 1938 4320 εἰς

359 4355 513 4420 τέλος
540 4355 617 4426 τῷ
638 4354 829 4426 Κυρίῳ
861 4352 1152 4423 ἀνέθηκαν,
1188 4349 1311 4405 οὔτε
1340 4350 1419 4412 εἰς
1450 4349 1653 4403 τέκνων
1679 4346 1934 4417 στοργὴν,

2032 3175 2264 3244 simplici
2291 3186 2511 3241 essent,
2538 3184 2591 3231 et
2623 3178 2689 3229 ad
2722 3178 2923 3231 nullam
2957 3193 3068 3231 rem
3106 3186 3323 3247 parato,
3347 3179 3608 3233 nimirum

2034 3280 2160 3319 cum
2198 3265 2578 3320 necessitatem
2613 3269 2789 3321 virtus
2831 3282 2897 3321 ex
2943 3267 3229 3335 quibusvis
3264 3269 3449 3332 rebus,
3492 3285 3617 3339 qua:

2034 3355 2253 3423 utrique
2305 3356 2520 3408 obviam
2584 3356 2796 3420 fierent,
2864 3372 2996 3411 sane
3051 3360 3355 3427 explerent.
3398 3360 3616 3425 Quam-

2032 3448 2218 3501 obrem
2243 3447 2310 3500 ab
2330 3447 2575 3502 externis
2606 3448 3117 3516 perturbationibus
3139 3451 3357 3513 remoti,
3387 3451 3442 3505 in
3465 3466 3619 3507 sum-

2036 3554 2121 3591 uia
2150 3539 2275 3593 vitae
2304 3540 2702 3607 tranquillitate
2726 3548 2890 3610 atque
2920 3529 3035 3595 otia
3065 3557 3185 3596 sese
3213 3544 3616 3598 constituerunt

2035 3630 2270 3701 indeque
2300 3631 2366 3685 ad
2393 3640 2603 3685 tantam
2624 3632 2933 3686 divinorum
2958 3648 3245 3688 munerum
3269 3633 3613 3689 altitudinem

2042 3723 2171 3776 elati
2206 3730 2363 3787 sunt,
2396 3734 2657 3793 quantam
2690 3724 2804 3778 haec
2833 3724 2900 3778 de
2957 3733 3192 3793 utroque
3223 3734 3617 3780 commemorat

2035 3814 2233 3870 oratio.
2265 3813 2415 3870 Elias
2466 3816 2612 3870 enim
2650 3816 2810 3885 quasi
2876 3815 2970 3870 Dei
3033 3832 3322 3871 munerum
3374 3826 3617 3887 quazstor

2039 3906 2264 3976 aliquis,
2298 3922 2421 3960 cum
2488 3922 2552 3962 ex
2589 3914 2859 3976 potestate
2891 3908 3126 3977 quadam
3193 3908 3318 3963 caeli
3382 3908 3618 3962 admini-

2044 4000 2364 4054 strationem
2391 3998 2632 4062 haberet,
2657 3998 2802 4052 illius
2832 4008 2887 4053 et
2914 3998 3298 4067 peccatoribus
3320 3998 3617 4052 obstruen-

2037 4089 2116 4155 di,
2151 4101 2205 4145 et
2246 4090 2349 4153 iis,
2398 4090 2491 4158 qui
2526 4088 2906 4159 pmnitentiam
2947 4089 3158 4159 agendo
3204 4089 3615 4158 resipiscerent,

2038 4179 2317 4249 aperiendi
2378 4188 2701 4249 potestatem
2757 4180 2967 4233 habuit.
3002 4180 3270 4234 Joannem
3324 4195 3452 4234 vero
3505 4182 3617 4236 tale

2037 4272 2243 4342 aliquid
2287 4271 2609 4324 miraculqu
2668 4271 2890 4333 fecisse,
2932 4272 3070 4325 nihil
3128 4271 3329 4325 divinis
3376 4280 3460 4327 est
3504 4271 3616 4325 Lit-

2042 4363 2178 4418 teris
2209 4360 2519 4432 prodituin:
2574 4372 2627 4415 at
2662 4362 2728 4424 is,
2764 4362 2856 4431 qui
2902 4377 2990 4417 res
3042 4362 3290 4417 occultas
3330 4362 3613 4431 perspicit,

358 4446 482 4500 οὔτε
502 4449 580 4511 εἰς
608 4444 865 4515 γυναικὸς
895 4444 1169 4515 φροντίδα,
1194 4439 1316 4494 οὗτε
1350 4441 1430 4503 εἰς
1456 4439 1581 4493 ἄλλο
1613 4455 1666 4490 τι
1698 4438 1806 4491 τῶν
1841 4439 1930 4490 ἀν-

2043 4426 2301 4509 testatum
2333 4452 2576 4521 reliquit,
2612 4426 2796 4522 majus
2825 4453 2899 4507 illi
2934 4468 3136 4508 munus
3161 4468 3285 4508 esse
3324 4426 3612 4517 tributum,

362 4538 646 4609 θρωπίνων
674 4535 1072 4606 ἀσχολήσαντες
1089 4550 1102 4565 ο
1135 4533 1274 4601 οἵγε
1309 4530 1442 4602 μηδὲ
1466 4532 1563 4601 τῆς
1585 4528 1934 4600 καθ’ήμέραν

360 4628 659 4697 ἀναγκαίας
707 4627 913 4698 τροφῆς
941 4626 1172 4697 πρέπειν
1211 4625 1424 4686 ἑαυτοῖς
1460 4621 1813 4685 ὑπολαϐόντες
1836 4620 1936 4691 τὴν

365 4720 653 4792 μέριμναν.
683 4719 780 4782 τῆς
812 4734 871 4771 τε
894 4717 1004 4771 τῶν
1050 4716 1359 4787 ἐνδυμάτων
1400 4713 1726 4785 σεμνότητος
1758 4714 1937 4785 κρείτ-

360 4830 484 4876 τους
524 4810 918 4881 ἐπιδειχθέντες
936 4852 951 4877 ,
981 4812 1044 4863 ἐκ
1079 4809 1188 4863 τῶν
1216 4808 1577 4879 ἐπιτυχόντων
1602 4810 1813 4871 ἑαυτοῖς
1838 4807 1937 4870 τὰς

363 4902 549 4973 χρείας
597 4900 1003 4972 ἀπεσχεδίαζον,
1053 4901 1081 4953 ὁ
1130 4899 1228 4970 μὲν
1264 4900 1522 4970 δέρμασιν
1554 4898 1797 4966 αἰγείοις,
1827 4898 1855 4951 ό
1881 4898 1937 4951 δὲ

363 4993 608 5064 καμήλου
663 4991 808 5063 θριξὶ
867 4991 1271 5063 σκεπαζόμενος
1297 5008 1310 5021 ·
1339 4992 1439 5045 οὑκ
1478 4991 1543 5045 ἀν
1577 4993 1657 5054 είς
1681 4992 1853 5043 ἐκεῖνο
1878 4989 1938 5043 τὺ

365 5085 611 5156 μέγεθος,
642 5084 717 5148 ὠς
746 5080 922 5155 οἶμαι,
978 5084 1303 5153 φθάσαντες,
1343 5085 1390 5136 εί
1423 5086 1541 5147 ταῖς
1565 5083 1659 5136 τοῦ
1689 5081 1937 5152 σώματος

363 5176 719 5249 ἡδυπαθείαις
753 5177 858 5230 ὑπὸ
885 5176 978 5230 τοῦ
998 5176 1178 5246 γάμου
1203 5174 1711 5247 κατεμλάχθησαν.
1750 5174 1937 5228 Ταῦτα

362 5268 419 5321 δὲ
440 5268 536 5338 οὑχ
569 5267 773 5333 ἀπλῶς,
810 5266 966 5330 ἀλλά,
996 5266 1177 5329 καθώς
1208 5283 1371 5337 φησιν
1413 5267 1442 5318 ὁ
1487 5265 1825 5331 Ἀπόστολος,
1858 5267 1937 5329 εἰς

364 5358 645 5413 νουθεσίαν
674 5358 831 5430 ἡμῶν
863 5358 1298 5430 ἀναγέγραπται,
1327 5358 1413 5411 ἵνα
1428 5358 1562 5429 πρὸς
1590 5359 1681 5413 τὸν
1714 5358 1939 5411 ἐκείνοιν

366 5452 479 5523 βίον
518 5452 613 5506 καὶ
646 5452 736 5505 τὸν
764 5451 973 5505 ἐαυτῶν
1015 5449 1452 5521 κατευθύνωμεν.
1499 5451 1563 5503 Τί
1606 5446 1698 5504 οὖν
1728 5453 1792 5503 ἐκ
1817 5449 1939 5503 τούο

363 5559 471 5599 των
498 5541 873 5617 μανθάνομεν;
909 5541 984 5595 Τὸ
1025 5540 1146 5594 καθ’
1182 5539 1475 5613 ὁμοιότητα
1506 5540 1614 5593 τῶν
1646 5541 1814 5610 ἀγίων
1839 5542 1936 5595 ἀν-

364 5633 527 5706 δρῶν,
560 5632 749 5705 μηδενὶ
796 5632 904 5687 τῶν
949 5632 1215 5704 βιωτικῶν
1256 5634 1594 5705 πραγμάτων
1633 5651 1937 5705 προσασχο-

365 5722 477 5778 λεῖν
510 5725 608 5796 τὴν
634 5724 869 5778 διάνοιαν
898 5724 987 5777 τὸν
1021 5724 1389 5798 ἐπιθυμοῦντα
1419 5726 1495 5797 τῷ
1519 5725 1637 5796 Θεῷ
1668 5725 1939 5798 συναφθῆ-

2038 4558 2201 4615 quam
2243 4543 2460 4599 caeteris
2484 4543 2738 4599 omnibus
2772 4544 3072 4614 prophetis.
3106 4543 3231 4600 Hazc
3259 4543 3496 4600 fortasse
3529 4544 3618 4600 his

2038 4636 2254 4691 duobus
2314 4636 2686 4707 contigerunt,
2743 4637 3005 4705 quoniam
3054 4652 3271 4706 puram,
3326 4637 3617 4706 omnisque

2040 4727 2340 4783 materialis
2370 4737 2647 4793 expertem
2678 4727 2989 4782 affectionis
3022 4743 3177 4782 suam
3224 4730 3278 4781 in
3306 4726 3419 4782 Deo
3463 4728 3618 4798 cupi-

2039 4820 2263 4874 ditatem
2326 4826 2651 4888 posuerunt,
2707 4834 2886 4889 neque
2940 4820 3236 4875 liberorum
3310 4820 3614 4883 amoribus,

2039 4926 2218 4980 neque
2270 4908 2566 4978 conjugum
2602 4909 2770 4973 curis,
2822 4923 2996 4978 neque
3028 4908 3240 4964 caeteris
3273 4909 3397 4963 ullis
3451 4909 3616 4963 rebus

2040 4998 2298 5053 bumauis
2326 4998 2543 5059 intenti,
2570 5013 2638 5051 ne
2675 4998 2980 5066 quotidiani
3028 4999 3269 5066 quidem,
3311 5013 3375 5051 ac
3424 5013 3615 5051 neces-

2039 5089 2169 5146 sarii
2224 5090 2403 5145 victus
2444 5104 2632 5144 curam
2665 5089 2732 5143 ad
2796 5104 2857 5143 se
2912 5090 3186 5158 pertinere
3239 5095 3610 5143 consuerunt:

2039 5180 2385 5249 vestiumque
2413 5178 2820 5248 luxu'abjecto,
2850 5193 2914 5233 ex
2950 5178 3019 5232 iis
3049 5192 3173 5246 qua:
3214 5176 3606 5244 offerebantur,

2039 5269 2201 5325 facile
2221 5270 2325 5324 sibi
2359 5268 2671 5324 necessaria
2697 5268 2994 5338 parabant:
3029 5282 3175 5322 unus
3195 5266 3340 5322 enim
3388 5268 3611 5337 quidem

2039 5363 2281 5433 caprinis
2315 5361 2574 5432 pellibus,
2625 5361 2763 5414 alter
2792 5358 2918 5430 pilis
2956 5359 3149 5414 cameli
3194 5359 3427 5414 amictus
3454 5366 3608 5413 erat:

2040 5470 2219 5525 neque
2244 5454 2515 5523 profecto,
2548 5462 2607 5506 ut
2634 5452 2894 5516 arbitror,
2920 5450 2989 5505 ad
3024 5466 3144 5506 eam
3178 5451 3612 5522 magnitudinem

2041 5543 2440 5615 pervenissent,
2471 5542 2517 5599 si
2548 5542 2748 5612 nuptis:
2777 5557 2873 5598 eos
2918 5542 3169 5613 corporis
3199 5542 3613 5598 oblectamentis

2042 5636 2304 5691 delinitos
2339 5635 2725 5690 mollivissent.
2769 5632 2894 5689 Haec
2941 5648 3109 5705 porro
3132 5649 3239 5688 non
3275 5633 3395 5688 sine
3416 5645 3608 5697 causa,

2045 5727 2161 5793 sed,
2201 5735 2261 5781 ut
2314 5734 2401 5782 est
2459 5725 2603 5799 apud
2646 5725 2989 5797 Apostolum,
3053 5725 3118 5780 ad
3177 5735 3419 5782 nostram
3472 5736 3609 5778 sane
