4096 6354
441 283 537 338 331

1672 285 1729 339 S.
1791 283 2120 341 GREGOR-ll
2176 284 2469 340 NYSSENI

3601 281 3700 338 :52
3715 264 3721 268 ’

435 401 747 457 doctrinam
774 407 1160 471 scriptasunt,
1187 415 1381 472 nempe
1419 405 1478 454 ut
1509 399 1575 454 ad
1613 399 1840 454 illorum
1883 401 2010 456 vita:
2039 453 2042 460 γ

2146 418 2232 455 αι·
2268 401 2387 455 οὐδὲ
2407 401 2516 471 γάρ
2540 401 2654 452 ἐστι
2695 397 2916 452 δυνατὸν
2937 399 3027 451 τὸν
3055 401 3136 462 εἰς
3183 399 3358 453 πολλοί
3381 397 3449 469 τῂ
3501 399 3707 469 διανοίᾳ

435 495 745 549 institutum
804 510 905 550 nos
963 494 1094 548 item
1150 494 1316 548 vitam
1372 502 1622 548 nostram
1675 493 2007 562 dirigamus.

438 585 580 655 Ergo
605 584 736 655 quid
771 600 836 640 ex
870 585 957 641 his
981 585 1292 641 documenti
1338 585 1711 656 percipimus?
1744 583 1798 639 Id
1853 601 2008 650 sane,

439 687 519 738 ut,
549 677 1179 747 propositosanctorum
1222 679 1484 731 virorum
1523 676 1801 748 exemplo,
1870 676 1938 731 iis
1987 679 2152 732 rebus
2221 690 2342 745 qua:
2397 676 2465 728 ad
2524 673 2667 729 hanc
2728 673 2908 728 vitam
2951 674 3252 743 pertinent,

2115 493 2482 564 διαχεόμενον,
2539 491 2670 564 πρὸς
2707 489 2842 544 Θεοῦ
2894 492 3224 562 κατανόησιν
3271 492 3366 546 καὶ
3413 490 3707 560 ἐπιθυμίαν

2117 584 2512 656 εὐθυπορῆσαι.

3336 689 3580 728 annuum
3640 688 3708 728 ne

439 771 666 839 adjiciat
691 773 738 826 is
775 771 870 840 qui
906 786 965 825 se
1017 786 1140 823 cum
1203 769 1312 824 Deo
1345 770 1595 838 junctum
1640 785 1766 824 esse
1797 770 2015 824 studet:
2060 768 2176 822 ﬁcri
2208 769 2355 822 enim
2397 782 2506 821 non
2549 773 2746 836 potest,
2780 773 2842 818 ut
2909 770 3071 835 cujus
3116 766 3336 821 animus
3407 767 3706 820 multarum

443 883 630 922 rerum
658 866 1180 928 curis-distrahitur,
1216 865 1337 918 isin
1361 863 1455 920 Dei
1474 865 2020 934 contemplationem,
2060 861 2526 934 cupiditatemque
2560 861 2720 932 plane
2751 869 2903 916 totus
2934 861 3242 916 incumbat.

1034 999 1265 1055 CAPUT
1301 999 1412 1054 νει.

450 1111 556 1177 Qui
595 1111 778 1164 multis
826 1127 1000 1163 rerum
1055 1111 1198 1163 curis
1223 1110 1527 1174 distinetur,
1561 1110 1680 1179 ﬁert
1715 1125 1818 1162 non
1853 1117 2022 1177 potest

853 1192 910 1232 ut
933 1181 1016 1233 hic
1045 1183 1224 1234 animo
1246 1183 1315 1235 sit
1347 1180 1598 1250 perfecto.

519 1293 646 1346 Mihi
681 1307 814 1346 sane
867 1292 1102 1351 videtur.
1142 1294 1286 1363 quod
1321 1293 1388 1348 de
1439 1293 1525 1346 his
1555 1299 1887 1361 prmceptum
1920 1299 2024 1356 est,

447 1387 702 1456 exemplo
761 1386 1030 1441 illustrius
1098 1387 1214 1440 lieri
1279 1402 1462 1456 posse.
1537 1385 1813 1440 Ponamus
1863 1385 2028 1453 igitur

448 1493 666 1546 aquam,
696 1493 862 1547 quina
894 1477 1042 1532 fonte
1061 1479 1244 1546 aliquo
1265 1484 1470 1538 manat,
1494 1492 1547 1529 in
1577 1477 1822 1530 diversas
1838 1474 2032 1530 ﬂuxio-

449 1585 664 1634 nes,.ac
683 1570 855 1634 rivos,
884 1583 942 1624 ut
976 1571 1054 1635 iit,
1077 1569 1315 1640 dispergi
1355 1577 1522 1638 atque
1545 1569 1825 1638 dissipari.
1851 1567 2034 1633 Quan-

455 1662 549 1716 diu
586 1670 738 1716 certe
761 1663 838 1716 ita
875 1661 1071 1724 fertur,
1103 1661 1171 1714 ad
1204 1660 1384 1715 nullas
1424 1675 1518 1714 eas
1558 1674 1668 1722 res,
1717 1675 1840 1730 qua:
1891 1659 2044 1728 agri-

2712 999 2967 1060 ΚΕΦΑΛ.
3022 999 3098 1054 Ζ’.

2123 1120 2245 1173 Ὅτι
2273 1117 2378 1172 τὸν
2407 1119 2494 1183 είς
2522 1116 2720 1171 πολλὰ
2749 1115 3152 1184 μεριζϋμενογ·
3178 1114 3562 1184 τελειωθῆναι
3595 1115 3709 1185 τὴν

2635 1187 2848 1256 ’ψυχὴν
2871 1185 3190 1246 ἀδύνατον.

2198 1301 2356 1353 Δοκεῖ
2400 1299 2458 1353 δέ
2522 1317 2612 1368 μοι
2666 1299 2731 1352 δι’
2778 1299 3174 1368 ὐποδείγματος
3212 1299 3604 1368 ἐναργέστερον
3642 1298 3708 1350 ἂν

2125 1393 2469 1462 παραστῆσαι
2491 1391 2552 1444 τὸ
2587 1390 2938 1461 περὶτούτων
2961 1392 3159 1461 δόγμα.
3201 1390 3562 1460 Ὑποθώμεοα
3600 1391 3708 1459 γάρ

2126 1501 2178 1537 τι
2206 1482 2350 1554 ὕδωρ
2381 1485 2449 1536 ὲκ
2469 1483 2650 1555 πηγῆς
2678 1482 3065 1554 προχεόμενον,
3105 1485 3186 1544 είς
3218 1483 3508 1552 διαφόρους
3538 1482 3707 1551 ἀττορ-

2133 1573 2435 1645 magna
2480 1573 2540 1626 τὸ
2574 1571 2786 1641 συμϐὰν
2815 1571 3206 1641 διασχίζεσθαι.
3259 1570 3472 1624 Οὐκοῦν
3507 1570 3612 1633 ἕως
3645 1570 3710 1622 ἂν

2132 1664 2273 1718 οὕτω
2305 1664 2558 1734 φέρηται,
2587 1665 2673 1726 εἰς
2694 1663 2979 1718 οὐδὲντῶν
3005 1663 3138 1734 πρὸς
3165 1663 3262 1732 τὴν
3291 1662 3561 1734 γεωργίαν
3583 1677 3714 1732 χρηι-

453 1755 685 1809 culturaa
715 1755 1029 1824 expediant,
1072 1756 1180 1809 erit
1220 1753 1665 1820 accommodata;
1723 1769 1848 1808 cum
1887 1753 2037 1809 illius

2146 1756 2322 1825 :ipwv,
2347 1754 2650 1824 ἐπιτήδειον
2679 1753 2851 1817 ἔσται,
2877 1757 2971 1824 τῆς
2990 1757 3068 1817 είς
3094 1755 3265 1808 πολλὰ
3285 1755 3582 1826 διαχύσεως
3603 1757 3714 1812 όλί-

457 1864 612 1917 aqua:
642 1849 698 1902 in
732 1849 934 1903 multas
975 1859 1159 1918 partes
1191 1849 1483 1918 dissipatio
1527 1848 1785 1919 exiguum
1822 1847 1872 1900 id
1916 1847 2030 1902 clli-

455 1938 585 2001 ciat,
613 1937 756 2007 quod
796 1938 850 1991 in
889 1937 1123 2006 singulis
1176 1937 1426 2007 partibus
1463 1947 1627 1991 tenue
1672 1944 1780 2001 est,
1832 1937 2046 2006 vixque.

459 2045 568 2099 prae
603 2029 866 2088 tenuitate
897 2039 1182 2084 movetur:
1221 2029 1305 2084 sin
1328 2037 1520 2085 autem,
1539 2030 1665 2098 quis
1693 2045 1886 2085 omnes
1911 2031 2032 2099 ejus

455 2121 738 2188 dispersos
766 2119 916 2175 rivos
950 2120 1194 2190 colligat,
1231 2120 1447 2190 quodve
1473 2120 1678 2190 passim
1704 2121 2032 2191 dissipatura

459 2219 569 2276 est,
613 2211 666 2266 in
727 2227 896 2266 unum
933 2213 1146 2266 alveum
1183 2212 1501 2278 concludat,
1565 2213 1632 2268 ad
1672 2213 1874 2268 multas
1909 2212 2045 2267 vitae

459 2301 900 2368 commoditates,
934 2312 986 2357 et
1015 2320 1109 2358 eas
1142 2304 1363 2374 quidem
1396 2306 1744 2360 necessarias
1782 2305 2036 2360 uberiore

463 2400 710 2448 uteretur
739 2408 903 2464 aqua,
940 2410 1062 2464 qua:
1117 2395 1169 2448 in
1221 2411 1389 2450 unum
1425 2396 1500 2451 sit
1531 2397 1706 2450 locum
1767 2395 2032 2450 derivata.

461 2483 539 2537 lta
577 2484 858 2539 hominum
891 2501 1067 2551 mens,
1101 2488 1143 2540 si
1211 2489 1415 2556 passim
1477 2488 1820 2552 diﬂ‘unditur,
1862 2504 2036 2556 eoque

462 2576 827 2644 potissimum,
864 2593 972 2647 quo
1009 2593 1267 2635 sensuum
1321 2579 1595 2635 illecebris
1624 2581 1854 2650 rapitur,
1914 2596 2038 2650 pcr-

463 2677 628 2736 petuo
666 2666 866 2722 difﬂuit
918 2683 982 2722 ac
1035 2669 1356 2740 dissipatur,
1416 2672 1620 2725 nullam
1680 2673 1838 2742 plane
1901 2671 2035 2724 mihi

464 2773 715 2829 magnam
743 2760 850 2824 vim
881 2759 1082 2814 habere
1114 2759 1328 2814 videtur
1370 2761 1437 2814 ad
1471 2778 1596 2816 eum
1647 2777 1893 2826 cursum,
1944 2761 2036 2830 qui

463 2850 530 2910 ad
564 2865 756 2910 verum
785 2851 988 2910 bonum
1044 2852 1324 2925 pertinet;
1394 2852 1487 2908 sed
1521 2852 1567 2908 si
1625 2852 1868 2922 undique
1917 2868 2039 2907 sese

463 2948 769 3017 collegerit,
801 2955 967 3014 atque
1013 2963 1066 3000 in
1115 2962 1174 3002 se
1203 2947 1494 3015 receperit,
1529 2954 1753 3013 totaque
1790 2942 2036 3010 adeam,

463 3055 586 3110 quae
625 3039 728 3094 sibi
780 3039 1001 3109 propria
1056 3049 1159 3102 est,
1210 3053 1274 3091 ac
1308 3037 1576 3091 naturalis
1610 3036 1854 3090 uulneris
1917 3035 2040 3088 fun-

2137 1867 2234 1917 γον
2263 1848 2322 1902 τὸ
2357 1848 2682 1918 ὲνέκὰστῳ,
2729 1848 2824 1902 καὶ
2861 1847 3110 1918 ἀδρανὲς,
3147 1848 3240 1900 καὶ
3273 1847 3590 1918 δυσκίνητον
3613 1829 3716 1903 ὕπ’)

2137 1939 2350 2002 ἀτονίας
2371 1939 2648 2009 ποιούσης·
2677 1938 2808 1999 εί,δέ
2835 1955 2917 1995 τις
2944 1938 3123 2001 πάσας
3142 1938 3306 1992 αὐτοῦ
3335 1937 3430 2002 τὰς
3449 1938 3718 2002 ἀτάκτους

2137 2032 2414 2105 ἀπορροὰς
2449 2031 2769 2101 συναγάγοι,
2803 2031 2898 2090 καὶ
2932 2033 3010 2094 si;
3043 2031 3100 2084 ἓν
3137 2031 3349 2101 ῥεῖθρον
3381 2031 3444 2084 τὺ
3473 2031 3717 2100 πολλαχῆ

2138 2125 2274 2188 τέως
2305 2122 3052 2194 ὲσκεδασμένονξὰθροίσειεν,
3082 2125 3160 2188 εἰς
3191 2123 3355 2176 πολλὰ
3383 2123 3447 2176 ἂν
3459 2123 3565 2176 τῶν
3589 2123 3719 2192 βιω-

2141 2217 2316 2284 φελῶν
2343 2217 2436 2270 καὶ
2483 2215 2769 2286 χρησίμων
2815 2213 2995 2285 ἀθρόῳ
3034 2216 3125 2268 καὶ
3187 2216 3604 2284 συντεταγμένῳ
3641 2213 3718 2284 τῷ

2143 2310 2585 2378 ὖδατιχρήσαιτο.
2615 2307 2783 2360 Οὕτω·
2811 2325 2900 2378 μοι
2929 2309 3075 2360 δοκεί
3126 2307 3218 2360 καὶ
3247 2309 3278 2360 ό
3305 2306 3428 2370 νοῦς
3455 2308 3485 2359 ὁ
3517 2305 3724 2376 ἀνθρὼ-

2144 2418 2314 2464 πινος,
2356 2402 2406 2452 εί
2458 2402 2554 2470 μὲν
2602 2399 2876 2470 πανταχοῦ
2905 2400 3186 2468 διαχέοιτο,
3223 2399 3358 2469 πρὸς
3395 2398 3462 2451 τὸ
3489 2397 3720 2468 ἀρέσκον

2143 2495 2230 2546 ἀεὶ
2258 2495 2372 2555 τοῖς
2411 2492 2784 2563 αἰσθητηρίοις
2825 2493 2961 2563 ῥέων
3010 2491 3102 2543 καὶ
3154 2489 3596 2559 σκεδαννύμενος,
3629 2506 3724 2558 μη·

2143 2582 2332 2654 δεμίαν
2363 2580 2640 2650 ἀξιόλογον
2677 2582 2914 2652 δύναμιν.
2934 2582 3102 2651 ἴσχειν
3137 2581 3272 2650 πρὸς
3308 2580 3404 2648 τὴν
3429 2580 3519 2631 ἐπὶ
3552 2579 3612 2632 τὸ
3637 2579 3724 2631 δν-

2147 2693 2249 2738 τως
2277 2673 2479 2742 ἀγαθὸν
2513 2674 2738 2746 πορείαν
2765 2691 2776 2703 ·
2822 2676 2868 2726 εἰ
2908 2675 2964 2728 δὲ
3011 2673 3342 2742 πανταχόθεν
3379 2669 3722 2739 ἀνακληθεὶς,

2145 2767 2239 2819 καὶ
2261 2767 2388 2837 περὶ
2411 2766 2600 2819 ἑαυτὸν
2623 2766 2948 2836 ἀθροισθεὶς,
2978 2763 3311 2833 συνηγμένος
3333 2763 3424 2815 καὶ
3442 2761 3724 2830 ἀδιάχυτος

2147 2859 2281 2930 πρὸς
2298 2859 2394 2929 τὴν
2424 2859 2630 2912 οἰκείαν
2665 2859 2839 2928 ἑαυτῴ
2861 2859 2953 2911 καὶ
2986 2857 3128 2910 κατὰ
3151 2855 3310 2924 φύσιν
3341 2855 3621 2924 ἐνέργειαν
3644 2871 3726 2906 κι-

2145 2954 2306 3014 νοῖτο,
2331 2951 2482 3004 οὐδὲν
2505 2950 2566 3002 τὸ
2596 2950 2803 3003 κωλύον
2836 2950 2996 3004 αὐτὸν
3015 2949 3166 3001 ἔσται
3197 2949 3330 3015 πρὸς
3353 2947 3419 2999 τὰ
3441 2945 3552 2999 ἄνω
3572 2946 3728 3014 φέρε-

2151 3041 2295 3103 σθαι,
2318 3041 2412 3093 καὶ
2441 3042 2539 3110 τῆς
2568 3039 2820 3110 ἀληθείας
2847 3038 2956 3091 τῶν
2972 3039 3138 3090 όντων
3159 3037 3514 3104 ἐφάπτεσθαι.
3543 3033 3729 3087 Καθά-

461 3127 700 3180 ctionem
733 3127 1066 3195 impellatur,
1090 3126 1227 3180 nihil
1253 3125 1473 3195 quidem
1499 3124 1890 3193 impedimento
1914 3125 2041 3191 erit,

2148 3145 2254 3197 περ
2279 3127 2388 3197 γὰρ
2415 3127 2476 3178 τὸ
2517 3127 3040 3197 περιεστεγασμένον
3085 3125 3174 3178 διὰ
3206 3125 3438 3196 σωλῆνος
3465 3125 3609 3195 ὕδωρ
3634 3123 3728 3194 δρ-

463 3223 764 3291 quominus
827 3217 898 3272 ad
955 3217 1240 3287 superiora
1313 3217 1543 3277 feratur,
1606 3225 1772 3285 atque
1829 3231 2037 3278 rerum,

464 3328 588 3386 qua:
605 3327 733 3367 vere
764 3317 914 3374 sunt,
943 3310 1226 3364 veritatem
1261 3309 1516 3378 attingat.
1547 3305 1614 3360 Ut
1651 3307 1796 3360 enim
1845 3319 2041 3375 magna

467 3419 623 3476 aqua
645 3403 732 3460 vis
760 3418 918 3472 aqua:
943 3400 1204 3456 ductibus
1235 3400 1450 3454 obtecta
1479 3406 1530 3453 et
1559 3398 1841 3461 conclusa,
1877 3412 2040 3467 saepe,

467 3513 594 3554 cum
616 3495 700 3552 vis
755 3493 848 3548 illa
903 3497 1176 3558 erumpat,
1238 3490 1294 3544 in
1348 3489 1584 3546 sublime
1653 3488 1848 3554 fertur,
1905 3503 2046 3559 quo.

467 3588 617 3644 niam
678 3599 790 3640 non
841 3583 1008 3638 habet
1064 3596 1172 3651 qua
1241 3578 1599 3644 dill‘undatur,
1679 3577 1845 3648 idque
1916 3593 2054 3633 cum.

469 3686 653 3733 motus
677 3674 798 3745 ejus
829 3673 1095 3728 naturalis
1139 3672 1230 3726 ille
1274 3671 1367 3736 sit,
1427 3677 1488 3724 ut
1516 3670 1771 3725 deorsum
1803 3669 2012 3725 feratur
2027 3689 2046 3724 :-

471 3769 557 3825 sic
585 3768 824 3822 humana
852 3778 1007 3819 mens
1042 3763 1198 3832 quasi
1233 3768 1470 3831 angusto
1497 3761 1736 3830 quodam
1764 3774 1919 3829 aqua:
1939 3759 2044 3814 du-

473 3873 589 3922 ctu,
621 3873 744 3914 cum
778 3857 1023 3925 undique
1067 3852 1406 3907 continentia
1455 3852 1574 3921 ipsa
1626 3852 2052 3920 comprimatur,

472 3965 649 4021 neque
677 3947 870 4002 habeat
901 3944 1044 4000 unde
1080 3949 1332 4011 erumpat
1353 3981 1369 4005 ,
1413 3940 1712 4010 agitatione
1741 3940 1860 4010 ipsa
1889 3952 2049 3994 natu-

471 4042 576 4098 rali
605 4039 672 4094 ad
700 4051 884 4093 rerum
913 4035 1220 4091 caelestium
1248 4033 1487 4103 quodam
1523 4031 1684 4086 modo
1716 4032 2049 4087 excitabitur

474 4131 890 4204 appetitionem.
925 4126 1060 4181 Nam
1101 4141 1277 4196 neque
1307 4125 1547 4189 animus,
1571 4125 1662 4195 qui
1689 4125 1913 4195 perenni
1936 4127 2052 4194 agi-

473 4226 685 4281 tatione
712 4233 982 4284 movetur,
1019 4220 1328 4274 consistere
1358 4225 1560 4288 potest,
1584 4233 1708 4271 cum
1740 4217 1809 4272 ah
1845 4232 1932 4281 eo,
1956 4218 2057 4285 qui

475 4320 629 4374 illum
679 4314 876 4376 effecit,
929 4310 1240 4382 huiusmodi
1303 4319 1483 4365 motus
1528 4321 1780 4364 naturam
1821 4309 2054 4364 sortitus

476 4411 588 4465 sit:
621 4421 818 4476 neque,
850 4405 898 4459 si
933 4404 1276 4474 prohibetur,
1311 4402 1605 4470 quominus
1647 4400 1714 4454 ad
1745 4416 1833 4454 res
1861 4400 2054 4455 inanes

2147 3219 2259 3271 θιον
2285 3219 2544 3281 πολλάκις
2577 3218 2680 3271 ὐπὸ
2710 3218 3224 3288 τῆςξὰναθλιϐοὐσης
3253 3217 3372 3287 βίας
3394 3219 3487 3270 ἐπὶ
3519 3217 3588 3270 τὰ
3619 3217 3730 3270 ἄνω

2146 3309 2392 3378 φέρεται,
2427 3310 2530 3362 οὐκ
2569 3309 2687 3377 ἔχον
2714 3310 2819 3378 ὅπη
2849 3307 3096 3379 διαχυθῇ,
3143 3309 3236 3360 καὶ
3272 3307 3461 3366 ταῦτα,
3494 3323 3729 3376 καταφε-

2149 3398 2276 3472 ροῦς
2301 3399 2450 3469 αὐτῷ
2477 3400 2576 3468 τῆς
2603 3399 2744 3454 κατὰ
2773 3398 2933 3468 φύσιν
2969 3398 3135 3468 οὐσεης
3158 3400 3424 3468 κινήσεως
3446 3416 3458 3428 ο
3474 3397 3616 3451 οὕτω
3637 3410 3730 3453 aut

2146 3489 2178 3542 ὁ
2221 3488 2352 3554 νοῦς
2384 3492 2412 3542 ὁ
2447 3488 2808 3560 ἀνθρώπινος,
2854 3483 2965 3542 οἷόν
2997 3505 3146 3551 τινος·
3175 3488 3412 3560 σωλῆνος
3472 3485 3730 3556 στεγανοῦ

2147 3581 2248 3650 τῆς
2271 3580 2593 3651 ἐγκρατείας
2638 3580 2799 3634 αὐτὸν
2829 3580 3205 3650 ἁπανταχόθεν
3243 3579 3729 3651 πεμσφιγγούσης,

2149 3668 2591 3740 ἀναληφθήσεταί
2640 3687 2757 3733 πως
2789 3669 2895 3722 ὐπὸ
2942 3668 3043 3737 τῆς
3077 3668 3171 3722 τοῦ
3219 3667 3485 3722 κινεῖσθαι
3519 3667 3733 3735 φύσεως

2153 3760 2286 3831 πρὸς
2319 3759 2416 3829 τὴν
2438 3758 2546 3811 τῶν
2568 3758 2912 3828 ὑψηλοτέρων
2943 3757 3258 3827 ἐπιθυμίαν,
3293 3757 3392 3811 οὐκ
3422 3756 3560 3827 ἔχων
3595 3757 3730 3809 ὅπου

2151 3853 2466 3922 παραῤῥυῇ.
2488 3851 2624 3904 ωὐτε
2645 3851 2752 3921 γὰρ
2777 3850 2965 3920 στῆναί
2983 3867 3110 3903 ποτε
3128 3849 3348 3902 δυνατόν
3378 3851 3492 3902 ἐστι
3515 3848 3610 3920 τὴν
3623 3849 3735 3902 ἀει-ι

2153 3943 2371 4012 κίνητον
2400 3940 2508 3994 ὐπὸ
2533 3939 2625 3993 τοῦ
2648 3940 3006 4010 πεποιηκότος
3034 3938 3291 4008 εἰληφότα
3313 3938 3408 4009 τὴν
3432 3939 3610 4006 φύσιν,
3640 3939 3733 3992 καὶ

2154 4033 2233 4094 είς
2255 4031 2324 4084 τὰ
2350 4031 2552 4102 μάταια
2575 4029 2811 4100 χρῆσθαι
2839 4032 2904 4100 τῇ
2935 4030 3144 4099 κινήσει
3191 4028 3552 4098 κωλυόμενον,
3584 4027 3732 4097 ἀμή-

2155 4141 2314 4194 χανον
2356 4123 2430 4194 μὴ
2493 4122 2627 4192 πρὸς
2655 4123 2753 4193 τὴν
2798 4121 3054 4191 ἀλήθειαν
3082 4123 3298 4183 παντως
3339 4119 3730 4191 εὐθυπορῆσαι,

2155 4211 2236 4282 τῷ
2295 4211 2628 4280 πανταχόθεν
2673 4211 2782 4264 ἀπὸ
2821 4211 2928 4263 τῶν
2960 4211 3176 4264 ἀτόπων
3214 4210 3597 4278 ἀπείργεσθαι⁸
3639 4209 3734 4266 καὶ

2157 4306 2265 4374 γὰρ
2293 4305 2348 4360 ὲν
2371 4305 2488 4365 ταῖς
2517 4301 2819 4364 πολυοδίαις
2847 4301 2988 4353 οὔτω
3020 4300 3250 4370 μάλιστα
3271 4300 3394 4362 τοὺς
3427 4299 3735 4369 ὁδοιπόρους

2158 4395 2381 4466 ὁρῶμεν
2403 4394 2501 4463 τῆς
2531 4392 2744 4456 εὐθείας
2789 4393 2887 4464 οὐχ
2919 4393 3351 4463 ἁμαρτάνοντας,
3399 4391 3527 4444 ὅταν
3554 4389 3649 4461 τὴν
3678 4391 3736 4444 ἐν

476 4519 548 4571 ει)
573 4507 725 4554 motu
754 4506 962 4562 utatur,
996 4497 1224 4550 dubium
1255 4503 1359 4560 est,
1401 4493 1538 4564 quin
1568 4509 1694 4549 cum
1729 4493 1972 4562 undique
2025 4508 2042 4546 ε

2159 4491 2279 4550 ταῖς
2317 4486 2503 4548 ἄλλαις
2529 4485 2667 4548 όδοῐς
2706 4485 2912 4555 πλάνην
2966 4485 3357 4554 προμαθόντες,
3392 4481 3732 4536 ἐκκλίνωσιν.

479 4596 644 4651 rebus
725 4589 982 4646 absurdis
1042 4587 1360 4658 repellatur,
1419 4584 1488 4639 ad
1549 4583 1836 4638 veritatem
1903 4591 2057 4637 recta

479 4685 710 4738 omnino
735 4679 1066 4735 contendat:
1099 4679 1156 4732 in
1189 4677 1378 4732 multis
1411 4675 1558 4730 enim
1609 4673 1902 4729 itineribus
1941 4674 2058 4727 via-

479 4782 633 4830 tores
661 4772 898 4826 maxime
927 4769 1172 4824 videmus
1206 4775 1353 4821 recta
1379 4764 1465 4820 via
1497 4779 1604 4819 non
1631 4764 1908 4828 aberrare,
1929 4776 2058 4816 cum

482 4867 819 4937 reliquorum
846 4864 1100 4919 itinerum
1135 4875 1324 4916 errore
1378 4867 1506 4914 ante
1554 4856 1805 4912 instructi
1834 4855 2062 4910 omnino

480 4967 732 5022 caveant,
773 4971 846 5012 ne
872 4954 1150 5017 aberrent,
1188 4951 1352 5007 veluti
1387 4951 1458 5014 is,
1492 4948 1585 5019 qui
1625 4948 1681 5002 in
1732 4947 1930 5002 itinere
1975 4943 2056 4998 ia—

479 5049 680 5104 ciendo
699 5063 827 5103 cum
879 5062 939 5102 se
967 5046 1035 5101 ab
1069 5044 1318 5110 incertis,
1355 5039 1798 5108 transversisque
1845 5037 2057 5092 semitis

484 5141 795 5204 abduxerit,
823 5137 998 5209 magis
1031 5137 1088 5192 in
1121 5144 1270 5191 recta
1318 5151 1380 5190 se
1423 5134 1510 5188 via
1539 5129 1926 5186 conservabit:
1983 5129 2056 5182 ita

485 5234 705 5291 animus
732 5240 918 5288 noster
953 5245 984 5284 a
1010 5230 1179 5286 rebus
1211 5227 1468 5283 inanibus
1495 5239 1744 5286 aversus,
1790 5223 1844 5276 in
1893 5221 2060 5275 rebus

485 5337 610 5391 quae
639 5328 786 5387 sunt,
813 5321 1100 5376 veritatem
1129 5319 1290 5389 plane
1311 5324 1586 5387 agnoscet.
1615 5313 1800 5382 Itaque
1823 5310 1890 5364 de
1910 5325 2060 5364 surn-

2167 4579 2254 4640 Ὦς
2284 4579 2312 4630 ό
2340 4575 2452 4629 τῶν
2483 4574 2912 4646 πεπλανημένων
2951 4575 3152 4646 τρίῦων
3182 4574 3237 4626 ὲν
3265 4573 3342 4643 τῷ
3380 4571 3583 4626 ὁδεύειν
3616 4573 3739 4627 ἁνα-

2156 4668 2434 4737 χωρήσας,
2461 4667 2552 4720 ἐπὶ
2584 4665 2682 4735 τῆς
2731 4665 2948 4727 εὐθείας
3004 4664 3206 4735 μᾶλλον
3251 4663 3442 4717 ἑαυτὸν
3470 4663 3733 4732 φυλάξει·

2159 4761 2330 4820 οὕτως
2380 4757 2596 4827 ὴμῶνὴ
2631 4755 2836 4809 διάνοια
2868 4759 2940 4828 τῇ
2975 4757 3294 4827 ἀποστροφῇ
3331 4754 3440 4809 τῶν
3495 4756 3736 4824 ματαίων

2159 4853 2260 4922 τὴν
2288 4853 2344 4903 ὲν
2371 4853 2479 4912 τοῖς
2507 4845 2656 4903 οὖσιν
2690 4849 2946 4919 ἀλήθειαν
2975 4847 3358 4916 ἐπιγνώσεται.
3402 4847 3618 4901 Ἔοικεν
3647 4843 3738 4899 οὖν

2161 4942 2332 4996 ταῦτα
2369 4940 2643 4993 παιδεύειν
2673 4941 2815 5008 ἡμᾶς
2857 4943 2922 5010 τῇ
2953 4941 3138 5010 μνήμῃ
3183 4939 3293 4992 τῶν
3317 4937 3566 5008 μεγάλων
3606 4952 3739 5004 προ-

2163 5032 2349 5102 φητῶν
2377 5031 2619 5093 ἐκείνων,
2642 5029 2702 5081 τὸ
2739 5030 2926 5100 μηδενὶ
2951 5030 3056 5083 τῶν
3083 5031 3140 5082 ἐν
3178 5027 3257 5099 τῷ
3285 5029 3473 5098 κόσμῳ
3510 5026 3739 5079 σπουδα-

2163 5125 2404 5194 ζομένων
2449 5123 2848 5193 ὲμπλέκεσθαι·
2890 5123 2948 5176 ἓν
2993 5123 3048 5175 δὲ
3096 5121 3206 5174 τῶν
3237 5119 3687 5190 σπουδαζομένων
3712 5119 3740 5170 ό

2163 5218 2338 5285 γάμος
2363 5215 2506 5268 ἐστίν
2535 5231 2548 5246 ·
2593 5215 2789 5286 μᾶλλον
2818 5215 2876 5269 δὲ
2904 5213 3046 5285 ἁρχὴ
3081 5213 3174 5266 καὶ
3215 5212 3340 5283 ῥίζα
3370 5210 3470 5280 τῆς
3495 5208 3602 5262 τῶν
3636 5225 3741 5277 μα-

2164 5307 2328 5360 ταίων
2358 5305 2616 5375 σπουδῆς.

490 5414 598 5466 mis
622 5411 730 5467 illis
759 5410 1040 5481 prophetis
1071 5407 1520 5464 commemoratio
1549 5422 1649 5461 nos
1699 5405 1766 5459 ad
1792 5404 1896 5457 hoc
1921 5401 2140 5456 erudire
2168 5399 2402 5460 videtur,
2435 5406 2494 5452 ut
2562 5399 2630 5454 iis
2693 5399 2881 5462 rebus,
2933 5413 3058 5468 qua:
3129 5397 3184 5450 in
3244 5397 3345 5451 hac
3396 5393 3508 5448 vita
3574 5405 3736 5459 expe-

489 5513 700 5571 tuntur,
727 5519 796 5559 ne
821 5503 1196 5574 implicentur:
1245 5503 1300 5558 in
1328 5514 1561 5569 quarum
1602 5515 1784 5557 rerum
1835 5511 2064 5554 numero
2101 5503 2229 5550 sunt
2263 5495 2484 5566 neptim,
2515 5510 2636 5565 quae
2663 5495 2968 5552 studiorum
3040 5493 3283 5549 inanium
3307 5503 3491 5547 semen
3557 5486 3740 5557 potius

489 5606 642 5665 sunt,
679 5605 844 5669 atque
879 5596 1232 5669 principium.
