4124 6352
479 308 586 367 355
1720 309 1779 365 s.
1821 307 2149 368 caecos"
2183 297 2478 370 NYSSENI
3626 310 3731 368 556

483 430 549 485 ad
578 430 905 501 incorruptae
965 438 1387 501 temperataaque
1415 431 1540 485 vitae
1568 432 1708 486 viam
1741 447 1909 503 prope
1949 449 2056 488 non

2179 434 2450 489 Βδελυκτδν
2479 429 2617 489 εἶναι
2655 433 2746 486 τὸν
2805 433 2982 502 γάμον
3021 431 3284 504 ὁρίζεται,
3330 429 3518 485 ἑαυτὸν
3563 431 3733 498 στίζει

483 521 738 598 accessit,
781 521 836 575 in
867 521 1262 592 ignominiosas
1291 523 1378 577 hic
1427 521 1743 578 affectiones
1796 524 2054 594 delapsus

2179 531 2265 592 τοῖς
2291 525 2384 581 τοῦ
2409 526 2586 598 γάμου
2619 524 2969 595 ὀνειδισμοῖςο
2999 528 3048 579 εἰ
3077 524 3185 596 γάρ
3217 523 3278 578 τδ
3299 524 3514 596 δένδρον
3543 523 3731 588 κακὸν,

486 611 708 672 incidit;
753 612 846 681 qui
895 628 1023 666 vero
1062 613 1437 684 temperantiae
1470 613 1604 669 fines
1649 616 1870 680 transit,
1925 627 1974 671 et
2026 633 2056 670 a

2179 617 2340 681 ιαθὼς
2369 618 2502 690 φησί
2529 635 2631 671 που
2666 618 2727 671 τὺ
2767 617 3122 686 Εύαγγέλιον.
3165 617 3258 671 καὶ
3291 615 3320 668 6
3352 615 3564 686 καρπὸς
3593 616 3737 670 πάν.

484 700 706 754 virtutis
763 703 1141 758 mediocritate
1207 704 1448 768 recedit,
1511 705 1599 760 hic
1660 707 2055 762 conscientiam

2179 728 2262 774 rw;
2281 711 2373 765 τοῦ
2403 711 2618 782 δένδρου
2650 709 2820 775 ἄξιος.
2844 711 2905 763 El
2938 709 3002 780 δὴ
3035 709 3129 763 τοῦ
3155 707 3322 778 φυτοῦ
3345 707 3438 762 τοῦ
3470 708 3612 762 κατά
3647 707 3736 760 τὸν

487 807 666 855 suam,
701 793 878 864 inquit
905 795 1217 864 Apostolus,
1252 797 1604 851 cauterialam
1634 797 1858 862 habens,
1882 800 1934 852 in
1963 799 2060 853 ali-

2179 802 2336 872 ξάμον
2386 801 2673 872 βλάστημα
2721 803 2816 855 καὶ
2849 800 3063 872 καρπός
3089 801 3236 853 ἐστιν
3268 801 3296 852 6
3325 798 3631 870 ἄνθρωπος,
3669 796 3738 850 τά

488 899 626 951 quas
670 885 1064 940 damoniorum
1123 888 1389 942 doctrinm
1442 889 1684 943 salebras
1740 891 2062 960 compulsus

2179 893 2253 947 τοῦ
2283 893 2462 964 γάμου
2495 894 2670 964 ὀνείδη
2718 893 2936 956 πάντως
2965 889 3059 944 τοῦ
3107 891 3474 962 προφέροντος
3506 887 3733 957 γίνεται.

487 975 740 1027 incurrit.
773 974 907 1029 Nam
947 975 1090 1046 quod
1122 977 1527 1037 matrimonium
1567 979 1892 1034 detestabile
1942 997 2067 1037 esse
2105 984 2320 1048 statuit,
2395 983 2804 1039 matrimonium
2873 981 3051 1051 ipsum
3090 979 3472 1050 vituperando,
3521 992 3581 1031 se
3622 977 3738 1045 ipse

487 1065 826 1120 conseindit:
857 1068 903 1122 si
931 1068 1074 1123 cnim
1108 1070 1272 1122 arbor
1294 1071 1454 1132 mala,
1487 1080 1546 1125 ut
1567 1079 1649 1125 est
1671 1072 1905 1140 quodam
1966 1073 2086 1127 loco
2124 1073 2179 1127 in
2218 1073 2520 1145 Evangelio
2553 1074 2617 1140 “,
2653 1073 2865 1128 fructus
2894 1071 3016 1141 ejus
3050 1071 3180 1126 item
3206 1077 3292 1125 est
3329 1067 3528 1123 arbore
3578 1067 3683 1137 plan
3705 1079 3740 1120 θ

488 1157 708 1228 dignus,
731 1159 1070 1214 matrimonii
1103 1161 1255 1231 quasi
1299 1163 1532 1229 alicujus
1593 1163 1791 1233 plant-.e
1839 1180 2057 1234 germen
2101 1173 2208 1231 est,
2241 1173 2407 1236 atque
2433 1165 2648 1220 fructus
2677 1165 2863 1221 homo.
2933 1163 3064 1230 Quae
3110 1163 3277 1234 igitur
3338 1160 3456 1230 ipse
3503 1159 3561 1214 in
3621 1173 3740 1213 ma-

488 1250 808 1304 trimonium
841 1250 1086 1305 convicia
1117 1251 1358 1320 conjicit,
1409 1253 1610 1307 incum
1668 1253 1758 1307 illa
1809 1254 1926 1324 ipsa
1971 1254 2244 1310 recidunt.
3000 1260 3010 1266 “

559 1347 628 1400 At
677 1346 753 1401 illi
791 1346 1034 1417 quidem,
1065 1348 1155 1417 qui
1189 1348 1579 1403 conscientiam
1634 1349 1779 1405 nolis
1813 1351 2051 1404 inustam

2241 1349 2378 1403 Ἀλλ’
2407 1350 2602 1404 ἐκεῖνοι
2653 1349 2750 1420 μὲν
2794 1345 3106 1418 στιγματίαι
3152 1343 3249 1416 τὴν
3297 1342 3598 1413 συνείδησιν
3643 1341 3740 1396 καὶ

487 1438 710 1505 habent,
769 1447 930 1509 atque
971 1455 1037 1494 ex
1088 1440 1370 1493 sententiae
1428 1439 1769 1495 absurditate
1822 1449 1951 1496 sunt
1978 1442 2062 1496 ci-

2179 1440 2792 1512 ιαταμεμωλωπισμένοι
2844 1443 2910 1511 τῇ
2957 1439 3154 1510 ἀτοπίᾳ
3200 1437 3295 1491 τοῦ
3342 1438 3608 1508 δόγματος
3649 1435 3738 1491 διά

488 1530 694 1584 catrice
747 1531 983 1598 quadam
1044 1530 1245 1594 aﬂ'ecti,
1292 1531 1560 1600 ejusmodi
1613 1532 1779 1588 rebus
1829 1533 2063 1588 convin-

2179 1532 2267 1586 τῶν
2299 1531 2555 1585 τοιούτων
2587 1531 2918 1601 ἐλέγχονται.
2958 1530 3150 1600 Ἡμεῖς
3186 1528 3241 1582 δὲ
3268 1527 3440 1582 ταῦτα
3481 1526 3575 1580 καὶ
3608 1525 3737 1596 περὶ

489 1629 708 1673 crnitur.
771 1619 881 1676 Nos
935 1635 1064 1675 vero
1122 1620 1189 1674 de
1237 1622 1587 1676 matrimonio
1643 1623 1718 1676 ita
1773 1623 2062 1690 sentimus,

2179 1623 2254 1677 τοῦ
2299 1621 2480 1694 γάμου
2527 1620 2889 1692 γινώσκομεν,
2944 1620 3018 1684 ὡς
3063 1619 3144 1673 δεῖ
3187 1618 3602 1689 προηγουμένην
3639 1616 3738 1688 μὲν

488 1722 746 1781 Oporter-e
799 1727 899 1768 nos
935 1727 1117 1767 rerum
1175 1713 1483 1767 divinarum
1545 1713 1788 1770 studium
1845 1731 2066 1771 curam-

2179 1708 2303 1765 εἶναι
2333 1711 2430 1783 τὴν
2459 1711 2587 1782 περὶ
2611 1711 2679 1765 τά
2725 1711 2844 1765 θεῖα
2881 1709 3115 1780 σπουδήν
3141 1726 3201 1762 τε
3246 1709 3340 1762 καὶ
3379 1707 3695 1778 ἐπιμέλειαν
3720 1748 3735 1773 ,

491 1820 596 1880 que
626 1803 753 1857 huic
780 1804 1112 1858 matrimonii
1140 1803 1314 1858 ofﬁcio
1345 1803 1636 1871 anteferre,
1675 1821 1852 1874 neque
1884 1817 2062 1862 tamen

2179 1803 2264 1874 τῆς
2293 1803 2349 1856 δὲ
2378 1802 2472 1856 τοῦ
2501 1801 2680 1873 γάμου
2712 1801 3051 1873 λειτουργίας
3087 1801 3161 1872 μὴ
3202 1801 3474 1872 ὑπερορᾷν
3515 1798 3604 1852 τὸν
3630 1816 3738 1851 σω-

491 1909 615 1947 eum
650 1894 954 1964 deSpicere,
1002 1895 1096 1963 qui
1145 1903 1445 1966 temperate
1501 1895 1617 1962 illo,
1677 1911 1739 1950 ac
1789 1897 2067 1952 moderate

493 1986 571 2038 uti
623 1993 848 2054 potest:
896 1987 1075 2056 qualis
1124 1986 1433 2056 patriarcha
1473 1985 1624 2043 Isaac
1663 1987 1782 2051 fuit,
1830 1988 1922 2056 qui
1957 2005 2065 2042 non

494 2076 818 2133 Imesccnte
841 2087 1018 2139 zetate.
1065 2087 1123 2132 ut
1159 2077 1430 2134 all‘ectioni
1468 2080 1782 2150 conjugium
1815 2083 2065 2146 serviret,

497 2168 590 2223 sed
625 2169 888 2225 exhausta
928 2170 1038 2238 jam
1070 2170 1461 2236 adolescentia,
1507 2171 1577 2225 ob
1623 2171 1713 2226 Dei
1763 2173 1816 2226 in
1861 2174 2068 2229 semine

495 2260 953 2326 benedictionem,
1008 2261 1308 2315 Bebeccam
1346 2261 1400 2315 in
1437 2263 1843 2318 matrimonium
1872 2265 2064 2321 duxit:

495 2353 584 2426 cui
631 2369 754 2407 cum
798 2369 972 2426 usque
1003 2355 1068 2408 ad
1103 2371 1271 2409 unum
1306 2363 1522 2425 partum
1549 2371 1770 2426 operam
1802 2357 2065 2425 dedisset,

494 2424 692 2500 rursus
727 2445 780 2499 in
829 2446 1012 2512 rebus,
1046 2463 1165 2516 qua:
1208 2449 1384 2502 oculis
1423 2464 1528 2502 non
1573 2460 1894 2512 cernuntur,
1923 2460 2069 2508 totus

499 2533 626 2597 fuit,
669 2535 874 2591 clausis
903 2539 1152 2606 corporis
1187 2539 1461 2594 sensibus.
1506 2539 1558 2593 Id
1596 2541 1740 2595 enim
1764 2543 2071 2614 significare

499 2627 632 2680 mihi
683 2626 897 2682 videtur
941 2627 1196 2694 historia,
1241 2646 1360 2698 quae
1402 2647 1618 2701 gravem
1670 2633 1813 2688 illius
1846 2637 2073 2704 patriar-

499 2717 617 2773 chae
668 2717 954 2772 oculorum
987 2718 1239 2772 obtutum
1271 2731 1682 2778 commemorat.
1730 2724 1907 2794 Atque
1957 2726 2072 2782 haec

499 2809 718 2880 quidem
764 2809 837 2863 ita
887 2825 946 2865 se
984 2810 1238 2874 habeant,
1284 2813 1741 2879 quemadmodum
1778 2815 1845 2872 iis
1893 2817 1967 2870 ita
2013 2833 2072 2874 se

501 2900 704 2955 habere
735 2899 1017 2965 videntur,
1048 2903 1141 2972 qui
1170 2903 1440 2972 ejusmodi
1467 2921 1554 2960 res
1576 2910 1884 2977 perspicere
1915 2910 2073 2980 plane

500 2990 703 3046 sciunt.
737 2991 849 3048 Nos
896 3008 1048 3058 vero,
1081 3010 1203 3063 quae
1246 2996 1313 3048 ad
1350 2996 1614 3052 orationis
1656 3000 2070 3068 perpetuitatem

2167 1894 2377 1966 φρόνως
2405 1912 2465 1948 τε
2486 1895 2579 1948 καὶ
2608 1894 3036 1966 μεμετρημένως
3072 1893 3370 1964 κεχρῆσθαι
3399 1893 3694 1962 δυνάμενον
3719 1907 3736 1924 ⁸

2166 1985 2278 2052 οἷος
2299 1984 2367 2060 ἦν
2394 1989 2422 2041 ὁ
2461 1987 2802 2058 πατριάρχης
2854 1985 3073 2048 Ἰσαάκ,
3129 1984 3188 2048 ὃς
3231 1985 3332 2037 οὐκ
3365 1986 3422 2037 ὲν
3447 1985 3598 2055 ἀκμῇ
3641 1983 3740 2052 τῆς

2167 2078 2381 2148 ἡλικίας
2405 2118 2420 2142 ,
2445 2077 2532 2130 ἵνα
2569 2077 2644 2148 μὴ
2671 2077 2874 2141 πάθους
2904 2075 3063 2146 ἔργον
3089 2077 3117 2130 6
3145 2075 3321 2146 γάμος
3349 2075 3592 2144 γένηται,
3625 2074 3738 2127 ἀλλ’

2167 2167 2267 2238 ἤδη
2305 2167 2404 2236 τῆς
2440 2166 2691 2237 νεότητος
2733 2165 3177 2235 ὑπαναλωθείσης
3211 2164 3358 2235 αὐτῷ
3394 2165 3605 2234 δέχεται
3643 2163 3741 2234 τὴν

2167 2259 2267 2328 τῆς
2294 2258 2584 2322 Ῥεϐέκκας
2613 2259 2938 2328 συνοίκησιν,
2968 2260 3064 2328 τῆς
3090 2258 3176 2312 διά
3213 2259 3310 2330 τὴν
3348 2257 3440 2311 ὲπὶ
3475 2256 3551 2328 τῷ
3579 2257 3742 2325 σπέρ-

2173 2365 2301 2419 ματι
2332 2347 2427 2401 τοῦ
2461 2347 2596 2400 Θεοῦ
2624 2347 2870 2415 εὐλογίαν
2894 2365 2905 2375 ·
2949 2349 3042 2399 καὶ
3083 2346 3245 2417 μέχρι
3273 2348 3400 2416 μιᾶς
3437 2347 3622 2410 ὠδῖνος
3649 2347 3746 2398 ὐπ-

2171 2444 2444 2512 ηρετήσας
2467 2438 2545 2510 τῷ
2568 2440 2749 2510 γάμῳ,
2786 2439 2945 2493 πάλιν
2973 2439 3078 2492 τῶν
3107 2438 3352 2508 ἀοράτων
3377 2436 3497 2499 ὅλος
3526 2432 3616 2507 ἦν,
3645 2435 3746 2507 μύο

2174 2551 2271 2596 σας
2303 2531 2372 2586 τά
2405 2532 2692 2603 σωματικὰ
2731 2531 3057 2601 αἰσθητήρια
3087 2546 3097 2558 ·
3137 2529 3292 2583 τοῦτο
3322 2529 3430 2600 γάρ
3458 2530 3490 2599 ἡ
3539 2529 3746 2599 ίστορῖα

2171 2626 2318 2680 δοκεῖ
2359 2624 2676 2696 σημαίνειν,
2721 2623 2817 2694 τὴν
2855 2621 3132 2693 βαρύτητα
3174 2621 3281 2674 τῶν
3318 2619 3609 2690 ὀφθαλμῶν
3651 2617 3746 2677 τοῦ

2173 2719 2511 2791 πατριάρχου
2557 2715 2908 2787 διηγουμένη.
2961 2715 3118 2767 Ἀλλά
3169 2713 3339 2767 ταῦτα
3400 2712 3498 2783 μὲν
3555 2710 3745 2782 ἐχέτω,

2171 2813 2319 2876 ὅπως
2345 2812 2409 2865 ἃν
2441 2810 2582 2882 ἔχειν
2603 2811 2734 2882 δοκῇ
2770 2811 2880 2872 τοῖς
2925 2808 2994 2862 τά
3020 2807 3240 2861 τοιαῦτα
3265 2805 3500 2876 καθορᾷν
3529 2807 3751 2876 ἐπιστή-

2178 2921 2354 2976 μοσιν.
2403 2904 2594 2974 Ἦμεῖς
2622 2903 2678 2956 δὲ
2707 2902 2843 2974 πρὸς
2882 2900 2949 2954 τά
2985 2900 3180 2970 συνεχῆ
3227 2899 3320 2952 τοῦ
3353 2898 3511 2966 λόγου
3545 2897 3749 2968 προΐω-

2179 3013 2297 3066 μεν.
2330 2995 2394 3048 Τί
2428 2990 2519 3048 οὖν
2543 2990 2609 3064 ἦν
2634 2992 2692 3046 τὸ
2720 2993 3042 3063 λεγόμενον;
3071 2992 3192 3044 Ὅτι
3219 2989 3285 3044 ἂν
3314 2989 3406 3062 ἐξῇ
3433 3029 3447 3052 ,
3484 2990 3620 3060 μήτε
3653 2987 3751 3058 τῆς

498 3079 796 3147 pertinent,
853 3095 1266 3150 persequamur.
1303 3081 1443 3148 Quid
1475 3099 1606 3154 ergo
1642 3085 1774 3139 illud
1809 3096 1892 3143 est
1927 3087 2070 3157 quod

2179 3087 2450 3158 θειοτέρας
2493 3084 2786 3156 ἐπιθυμίας
2831 3083 3202 3154 ἀφίστασθαι,
3237 3083 3374 3154 μήτε
3419 3079 3751 3150 ἀποφεύγειν

500 3169 723 3234 dicitur,
751 3170 797 3224 si
824 3171 1062 3236 licuerit,
1087 3187 1264 3241 neque
1287 3188 1316 3226 a
1348 3173 1534 3228 divina
1572 3176 1850 3232 voluntate
1890 3177 2072 3234 disce-

501 3260 614 3323 dat,
667 3277 843 3332 ueque
887 3263 1105 3332 nuptias
1157 3264 1366 3334 fugiat?
1411 3281 1533 3336 qua
1565 3281 1729 3336 porro
1763 3273 2076 3325 naturaein-

503 3354 846 3410 stitutionem
881 3365 1220 3424 aspernetur,
1254 3359 1644 3415 crimineturve
1677 3361 1752 3426 id,
1786 3364 1871 3416 cui
1903 3366 2076 3420 honos

501 3446 726 3500 atlribui
765 3445 926 3509 solet,
963 3448 1113 3502 nulla
1157 3456 1242 3504 est
1290 3451 1469 3505 oratio
1522 3470 1535 3506 :
1597 3468 1722 3506 nam
1773 3463 1833 3508 ut
1880 3455 1935 3509 in
1988 3472 2074 3520 eo,

501 3536 645 3606 quod
669 3553 696 3590 a
718 3537 876 3594 nobis
905 3541 1214 3610 expositum
1233 3551 1337 3604 est,
1370 3557 1524 3612 aqua;
1561 3554 1613 3599 et
1635 3544 1799 3602 fontis
1826 3549 2076 3617 exemplo

503 3638 649 3698 patet
677 3647 689 3682 :
723 3646 846 3684 cum
879 3631 930 3683 in
957 3632 1233 3701 regionem
1264 3633 1501 3703 aliquam
1524 3637 1760 3706 agricola
1793 3639 2078 3696 canalibus

504 3735 702 3790 aquam
757 3723 986 3788 derivat,
1033 3724 1086 3777 in
1148 3725 1436 3794 medioque
1477 3743 1640 3782 cursu
1688 3730 1975 3796 contingit,
2023 3744 2081 3786 ut

509 3811 706 3880 exiguo
745 3811 921 3866 rivulo
952 3827 1090 3882 opus
1123 3814 1193 3868 sit
1229 3833 1243 3868 :
1277 3822 1487 3868 tantum
1531 3817 1622 3871 ille
1651 3832 1805 3887 aquae
1839 3818 2080 3874 difﬂuere

507 3903 789 3964 concedet,
834 3911 1097 3972 quantum
1137 3921 1272 3959 usus
1306 3905 1397 3960 ille
1438 3908 1716 3963 moderate
1745 3911 1964 3981 exigere
1998 3912 2080 3964 vi-

507 3993 687 4056 detur,
723 4010 1019 4066 rursusque
1052 4005 1274 4066 paratus
1320 4006 1424 4061 est,
1490 4009 1546 4051 ut
1598 4000 1649 4053 id
1702 4014 1826 4054 cum
1871 4001 2080 4072 reliquo

509 4085 706 4139 iterum
733 4102 886 4154 aqua:
907 4102 1070 4142 cursu
1097 4091 1538 4144 comu‘niscratur.
1573 4091 1667 4145 Sin
1693 4101 1891 4160 autem,
1927 4108 2082 4163 aqua:

507 4173 643 4228 nihil
685 4178 1034 4238 reservando,
1083 4177 1288 4231 aditum
1328 4178 1402 4232 illi
1436 4179 1653 4241 incaute
1681 4183 1908 4251 aperiet,
1934 4186 2080 4252 peri-

507 4268 691 4322 (ulum
726 4268 852 4332 erit,
895 4283 964 4322 ne
1018 4277 1129 4322 tota
1163 4286 1317 4340 aquae
1349 4271 1452 4335 vis,
1489 4281 1698 4328 rectum
1734 4290 1956 4329 cursum
1996 4292 2082 4331 re—

509 4358 832 4428 linquendo,
860 4360 1148 4429 paludibus
1171 4377 1234 4416 ex
1263 4371 1582 4419 transverso
1615 4365 1800 4419 omnia
1825 4377 2077 4436 occupet.

2175 3178 2267 3231 τὸν
2297 3178 2494 3247 γάμον.
2540 3175 2726 3239 Οὐδείς
2757 3177 2872 3228 ἐστι
2915 3174 3071 3243 λόγος
3101 3175 3130 3227 6
3164 3173 3368 3228 ἀθετῶν
3400 3173 3498 3243 τὴν
3549 3174 3754 3226 οἰκονο-

2180 3269 2308 3340 μίαν
2355 3269 2452 3338 τῆς
2499 3266 2748 3334 φύσεως,
2795 3267 2887 3320 καὶ¹
2937 3267 3013 3329 ὡς
3051 3264 3333 3336 βδελυκτὸν
3366 3264 3662 3320 διαϐάλλων
3693 3264 3754 3316 τὸ

2176 3358 2372 3428 τίμιον.
2399 3356 2664 3426 Καθάπερ
2698 3354 2806 3427 γάρ
2835 3357 2926 3408 ἐπὶ
2945 3355 3038 3409 τοῦ
3065 3353 3466 3426 προρῤηθέντος
3501 3356 3629 3425 ἡμῖν
3660 3352 3754 3406 τοῦ

2178 3450 2321 3503 κατὰ
2357 3449 2418 3502 τὸ
2467 3447 2612 3518 ὕδωρ
2665 3448 2759 3502 καὶ
2788 3448 2889 3519 τὴν
2931 3447 3114 3518 πηγὴν
3161 3445 3556 3516 ύποδείγματος
3583 3487 3597 3508 ,
3628 3446 3754 3498 ὅταν

2179 3542 2270 3594 ὲπί
2313 3558 2366 3593 τι
2397 3541 2594 3611 χωρίον
2623 3538 2942 3610 διοχετεύων
2975 3541 3003 3592 6
3041 3537 3283 3609 γεωργὸς
3319 3537 3379 3590 τὸ
3429 3537 3571 3608 ὕδωρ
3600 3534 3756 3603 ἐφέλ-

2181 3651 2333 3686 κεται
2355 3674 2370 3698 ,
2397 3633 2619 3701 γένηται
2653 3632 2708 3685 δέ
2748 3649 2829 3696 τις
2870 3629 2962 3684 καὶ
2993 3630 3080 3683 διὰ
3112 3630 3273 3700 μέσου
3311 3629 3467 3700 χρεία
3499 3629 3756 3700 βραχείας

2181 3726 2484 3796 ἀπορῤοῆς,
2529 3723 2778 3777 τοσοῦτον
2825 3723 2982 3794 μόνον
3016 3720 3172 3774 δώσει
3197 3721 3601 3793 παραρρυἦναι,
3633 3721 3754 3774 ὅσον

2180 3820 2245 3888 τῇ
2276 3816 2607 3889 ὲπιζητούσῃ
2651 3816 2810 3888 χρείᾳ
2866 3814 3176 3885 σύμμετρον
3221 3817 3508 3884 γενόμενον
3536 3854 3550 3878 ,
3597 3811 3756 3866 πάλιν

2182 3907 2414 3971 εὐκόλως
2453 3905 2912 3976 συναναμιχθῆναι
2951 3903 3028 3974 τῷ
3058 3904 3183 3975 ὅλῳ·
3231 3905 3278 3956 εἰ
3309 3903 3364 3956 δὲ
3396 3904 3636 3974 ἀπείρως
3663 3901 3757 3956 καὶ⁸

2183 3998 2550 4069 εύταμιεύτως
2592 3996 2817 4061 ἀνοίξειε
2845 3996 2923 4068 τῷ
2975 3996 3126 4049 ὕδατι
3157 3996 3614 4067 ὴνιάπόρροιαν,
3644 4011 3759 4048 κιν-

2182 4088 2424 4143 δυνεύσει
2457 4089 2554 4158 τῆς
2595 4087 2808 4151 εὐθείας
2847 4087 3114 4157 ἀφέμενον
3164 4086 3307 4140 ἆπαν
3339 4085 3758 4158 ἐκχαραδρωθῆ-

2184 4200 2270 4237 ναι
2322 4180 2463 4235 κατά
2518 4181 2578 4234 τὸ
2626 4179 2872 4248 πλάγιον
2939 4178 3030 4230 τὸν
3085 4177 3248 4230 αὐτὸν
3299 4178 3516 4248 τρόπον,
3572 4176 3757 4246 ἐπειδὴ

2186 4274 2340 4345 χρεία
2368 4271 2444 4340 τῷ
2477 4271 2576 4342 βίῳ
2616 4271 2708 4324 καὶ
2746 4270 2846 4340 τῆς
2885 4269 2943 4336 ἐξ
2981 4268 3223 4338 ἀλλήλων
3267 4267 3547 4337 διαδοχῆς,
3578 4268 3626 4319 εἰ
3659 4267 3759 4336 μέν

2185 4383 2269 4428 τις
2298 4364 2439 4418 οὕτω
2477 4364 2738 4434 χρήσαιτο
2776 4361 2853 4432 τῷ
2897 4361 3164 4430 γινομένῳ
3186 4400 3201 4423 ,
3231 4359 3305 4424 ὡς
3339 4362 3758 4431 προηγουμένων

508 4445 633 4503 Pari
666 4449 898 4512 ratione,
926 4452 1184 4520 quoniam
1220 4452 1273 4506 in
1306 4453 1414 4506 vita
1447 4469 1586 4524 opus
1620 4464 1705 4511 est
1735 4466 1923 4511 mutua
1957 4473 2078 4512 suc-

2186 4455 2294 4508 τῶν
2323 4453 2728 4525 πνευματικῶν,
2763 4451 2994 4523 φειδωλῇ
3027 4452 3120 4504 καὶ
3146 4451 3524 4523 ὑπεσταλμένῃ
3556 4453 3758 4523 κεχρῆ-

509 4541 782 4605 cessione,
820 4541 864 4594 si
913 4542 1040 4612 quis
1089 4543 1215 4610 hoc,
1260 4544 1402 4614 quod
1435 4545 1548 4615 jam
1597 4557 1939 4603 contractum
1980 4560 2084 4616 est,

511 4633 864 4686 matrimonio
903 4633 975 4686 ita
1031 4643 1232 4700 utetur,
1268 4644 1324 4690 ut
1360 4638 1526 4692 rebus
1563 4640 1900 4709 spiritalibus
1945 4657 2085 4711 pra:-

439 4748 444 4752 -
511 4723 729 4793 positis,
759 4724 908 4778 tenui
946 4725 1013 4779 ad
1065 4726 1339 4794 ejusmodi
1373 4745 1462 4784 res
1512 4745 1577 4785 ac
1616 4734 1846 4788 remissa
1873 4735 2089 4803 cupidi-

512 4823 627 4868 tate
676 4832 811 4870 usus
871 4816 942 4872 sit
992 4826 1215 4888 propter
1276 4822 1540 4890 temporis
1596 4823 1946 4890 brevitatem,
1999 4827 2088 4882 hic

511 4916 822 4979 temperans
848 4917 952 4973 est,
980 4925 1044 4965 ex
1082 4910 1325 4979 Apostoli
1355 4925 1648 4984 praecepto,
1697 4917 1957 4985 agricola,
1995 4919 2087 4987 qui

513 5002 757 5072 scipsum
803 5003 1088 5072 sapientia:
1117 5007 1406 5075 praeceptis
1445 5007 1667 5068 excolit,
1718 5023 1820 5062 nec
1848 5010 1903 5062 in
1933 5011 2091 5063 retri-

513 5095 745 5150 buendis
791 5095 898 5151 illis
950 5095 1164 5166 frigidis
1203 5095 1404 5153 debitis
1441 5099 1661 5155 sordide
1704 5115 1942 5170 semper,
1989 5102 2089 5156 ab—

508 5183 762 5254 jecthue
799 5193 1102 5254 occupatus
1129 5194 1234 5247 est,
1281 5186 1374 5240 sed
1425 5203 1490 5242 ex
1539 5190 1919 5244 convenientia
1952 5207 2088 5260 qua-

519 5274 636 5328 dam
683 5275 1009 5329 munditiam
1053 5278 1221 5331 animi
1273 5278 1325 5332 in
1367 5280 1675 5334 orationum
1721 5280 1904 5336 studio
1943 5297 2079 5336 con-

513 5367 694 5422 stitmt
733 5385 744 5418 :
802 5367 954 5421 timet
997 5367 1164 5431 cnim,
1224 5385 1292 5423 ne
1339 5387 1404 5426 ex
1461 5371 1560 5424 hac.
1602 5371 1887 5426 affectione
1933 5381 2080 5428 lotus

509 5456 777 5511 elliciatnr
807 5472 958 5522 caro,
989 5467 1042 5513 et
1086 5462 1332 5531 sanguis,
1374 5463 1426 5516 in
1489 5464 1690 5534 quibus
1721 5479 1830 5518 non
1868 5480 2081 5534 perma-
2122 5467 2126 5471 ”

513 5553 605 5600 net
660 5545 902 5616 Spiritus
940 5546 1056 5603 Dei.
1113 5549 1217 5616 Qui
1266 5568 1396 5608 vero
1448 5554 1519 5608 ita
1567 5555 1819 5611 infirmus
1871 5564 1975 5620 cst,
2026 5565 2082 5610 ut

585 5728 628 5760 ¹¹
661 5726 847 5783 Matth.
884 5745 953 5784 vn
1017 5729 1097 5784 l8.

2187 4547 2310 4600 σθαι
2337 4549 2403 4618 τῇ
2439 4544 2653 4617 περὶτὰ
2678 4544 2903 4597 τοιαῦτα
2931 4543 3196 4614 ἐπιθυμίᾳ
3218 4586 3231 4607 ,
3263 4543 3350 4596 διὰ
3373 4545 3469 4614 τὴν
3510 4543 3604 4597 τοῦ
3633 4562 3757 4597 και-

2190 4637 2282 4709 ροῦ
2313 4637 2593 4708 συστολὴν,
2625 4629 2779 4698 οὗτος
2803 4637 2831 4688 6
2858 4632 3087 4706 σώφρων
3115 4634 3181 4688 ἂν
3207 4635 3290 4704 εἴη
3313 4635 3556 4705 γεωργὸς
3575 4675 3589 4698 ,
3620 4635 3760 4688 κατὰ

2184 4729 2246 4782 τὸ
2275 4728 2638 4800 παράγγελμα
2682 4725 2776 4780 τοῦ
2824 4725 3142 4780 Ἀποστόλου
3170 4765 3184 4790 ,
3221 4727 3320 4779 οὐκ
3371 4728 3457 4780 ἀεὶ
3490 4729 3616 4798 περὶ
3660 4727 3759 4789 τάς

2185 4822 2470 4884 ἀποδόσεις
2493 4820 2600 4873 τῶν
2625 4819 2845 4889 ψυχρῶν
2879 4819 3100 4872 ἐκείνων
3141 4818 3470 4890 ὀφλημάτων
3507 4821 3758 4890 μικρολο-

2186 4911 2487 4981 γούμενος,
2533 4909 2667 4962 ἀλλά
2711 4908 2808 4978 τὴν
2852 4910 2917 4961 ἐκ
2969 4907 3257 4978 συμφώνου
3305 4909 3650 4980 καθαρότητα
3691 4913 3756 4980 τῇ

2189 5003 2350 5073 σχολῇ
2382 5001 2489 5054 τῶν
2535 4999 2849 5072 προσευχῶν
2876 5001 3168 5071 ἀφορίζων,
3203 5002 3232 5053 6
3273 5001 3524 5064 δεδοικὼς
3555 5001 3629 5071 μὴ
3674 5001 3760 5055 διὰ

2186 5095 2286 5164 τῆς
2331 5091 2585 5161 τοιαύτης
2638 5091 3010 5162 προσπαθείας
3055 5093 3172 5156 ὅλος
3221 5094 3443 5162 γένηται
3487 5093 3623 5166 σάρξ
3667 5095 3762 5148 καὶ

2188 5182 2324 5256 αἷμα
2350 5223 2363 5246 ,
2392 5185 2450 5235 ὲν
2481 5178 2562 5246 οἷς
2588 5183 2648 5236 οὗ
2681 5183 2978 5254 καταμένει
3009 5183 3102 5237 τοῦ
3146 5185 3281 5237 Θεοῦ
3312 5185 3372 5238 τὸ
3408 5186 3650 5256 Πνεῦμα.
3702 5187 3760 5239 '0

2188 5280 2244 5332 δὲ
2279 5277 2518 5341 ἀσθενῶς
2548 5277 2888 5346 διακείμενος
2913 5317 2926 5340 ,
2975 5276 3049 5340 ὼς
3081 5277 3155 5349 μὴ
3189 5278 3446 5333 δύνασθαι
3500 5281 3633 5352 πρὸς
3663 5281 3762 5352 τὴν

2189 5371 2288 5441 τῆς
2315 5370 2528 5439 φύσεως
2556 5369 2728 5439 φοράν
2753 5369 3021 5438 ἀνδρικῶς
3054 5371 3261 5440 στῆναι,
3293 5372 3554 5444 κρείττων
3582 5373 3648 5427 ἂν
3675 5372 3759 5444 εἴη

2191 5465 2381 5536 πόρῤω
2416 5463 2523 5516 τῶν
2553 5459 2811 5514 τοιούτων
2843 5463 3032 5515 ἑαυτὸν
3080 5464 3276 5534 μᾶλλον
3309 5466 3516 5536 ἀνέχων
3539 5506 3554 5530 ,
3606 5466 3639 5537 ἢ
3684 5467 3763 5527 εἰς

2191 5557 2376 5629 ἀγῶνα
2405 5554 2607 5610 κατιὼν
2654 5553 2878 5624 μείζονα
2911 5556 3007 5626 τῆς
3034 5556 3332 5627 δυνάμεως.
3368 5556 3621 5622 Κίνδυνος
3654 5556 3764 5628 γὰρ
