4124 6352
456 292 561 353 55']

1771 298 1854 351 DE
1896 295 2359 351 VIRGINITATE.

3595 300 3698 354 558

453 420 513 475 οὑ
543 416 736 487 μικρὸς
765 414 1247 486 παρακρουσθέντα
1280 414 1371 467 τὸν
1406 412 1645 469 τοιοῦτον
1679 415 1737 465 ὲν
1763 414 1829 482 τῇ
1862 411 2014 481 πείρᾳ

2130 420 2338 463 naturae
2368 425 2508 477 onus
2558 411 2833 465 sustinere
2876 416 3131 481 nequeat,
3187 410 3380 467 melius
3409 420 3619 483 agetur,
3653 418 3698 470 si

449 509 549 579 τῆς
572 505 763 579 ἡδονῆς
789 544 803 567 ,
837 503 1001 575 μηδὲν
1024 504 1209 574 ἕτερον
1234 502 1435 572 ἀγαθὸν
1470 502 1743 573 οἰηθῆναι,
1776 501 1810 570 ἢ
1852 500 1913 552 τὸ
1938 498 2027 551 διὰ

452 598 653 671 σαρκὸς
684 595 822 667 μετά
858 594 1233 666 προσπαθείας
1273 594 1416 657 τινὸς
1447 592 1884 664 λαμϐανόμενον,
1928 592 2027 645 καὶ

448 685 866 757 ἀποστρέψαντα
909 684 1190 747 παντελῶς
1244 685 1334 738 τὸν
1374 682 1568 737 ἑαυτοῦ
1618 683 1741 737 νοῦν
1779 681 1885 735 ἀπὸ
1927 683 2025 752 τῆς

448 779 555 831 τῶν
586 776 894 847 ἀσωμάτων
946 773 1167 843 ἀγαθῶν
1205 776 1533 846 ἐπιθυμίας,
1587 776 1707 829 ὅλον
1765 774 2025 845 σαρκικὸν

447 869 739 938 γενέσθαι,
786 868 847 920 τὸ
880 869 937 920 ὲν
985 866 1194 930 τούτοις
1238 868 1335 936 ἡδὺ
1368 867 1657 930 διαπαντὸς
1696 866 1899 937 τρόπου
1929 864 2025 933 θη-

449 961 709 1032 ρεύοντα’
746 962 822 1026 ὡς
865 962 1144 1033 φιλήδονον
1182 955 1321 1013 εἶναι
1362 959 1559 1030 μᾶλλον
1606 956 1831 1027 αὑτὸνῆ
1878 955 2027 1025 φιλό-

447 1051 585 1105 θεον.
633 1052 849 1124 Ἐπειδὴ
877 1052 1053 1105 τοίνυν
1080 1051 1166 1105 διὰ
1206 1051 1267 1103 τὸ
1296 1051 1394 1120 τῆς
1418 1050 1629 1119 φύσεως
1672 1048 1892 1112 ἀσθενὲς
1915 1088 1929 1110 ,
1961 1046 2021 1100 οὑ

448 1144 648 1207 παντός
698 1144 813 1196 ὲστι
856 1144 956 1214 τῆς
1010 1145 1090 1206 είς
1132 1142 1200 1196 τὰ
1250 1141 1475 1196 τοιαῦτα
1524 1139 1862 1210 συμμετρίας
1906 1139 2024 1191 ὲπι-

447 1234 761 1304 τυγχάνειν,
804 1235 1141 1289 ἐπικίνδυνον
1174 1235 1230 1287 δὲ
1266 1235 1326 1287 τὸ
1351 1231 1456 1298 ἔξω
1493 1231 1584 1286 τοῦ
1627 1232 1826 1302 μέτρου
1885 1246 2024 1299 παρ-

447 1323 733 1397 ενεχθέντα
763 1326 842 1390 εἰς
873 1326 985 1380 ίλὺν
1006 1324 1190 1396 βυθοῦ,
1222 1324 1363 1379 κατὰ
1384 1324 1475 1375 τὸν
1496 1322 1823 1392 Ψαλμῳδὸν,
1842 1321 2023 1390 ἐμπα-

446 1420 639 1488 γῆναι’
671 1416 942 1479 Λυσιτελὲς
971 1416 1035 1470 ἂν
1064 1416 1148 1487 εἴη
1174 1459 1189 1483 ,
1229 1415 1407 1477 καθὼς
1445 1416 1734 1483 ὑφηγεῖται
1762 1414 1790 1465 ὁ
1825 1411 1981 1479 λόγος
2005 1449 2020 1473 ,

447 1508 740 1578 ἀπείρατον
788 1506 895 1561 τῶν
940 1507 1193 1560 τοιούτων
1242 1503 1552 1559 διαϐιῶναι·
1587 1503 1664 1567 ὡς
1718 1503 1783 1556 ἂν
1835 1501 1908 1572 μὴ
1955 1503 2021 1571 τῇ

447 1601 712 1671 προφάσει
750 1601 860 1654 τῶν
906 1598 1410 1671 συγκεχωρημένων
1442 1597 1644 1651 εἴσοδον
1690 1595 1843 1649 λάϐοι
1882 1593 2021 1647 κατά

441 1692 540 1760 τῆς
571 1690 749 1761 ψυχῆς
773 1692 841 1745 τά
870 1691 1038 1762 πάθη.

2130 503 2198 555 ab
2233 502 2300 555 iis
2348 501 2533 570 procul
2572 516 2630 555 se
2680 500 2935 564 abducat,
2979 516 3141 570 quant
3201 502 3254 554 in
3298 510 3571 556 certamen
3601 504 3697 559 de-

2129 594 2355 648 scendat
2399 594 2574 664 impar
2612 593 2844 648 viribus.
2883 591 3194 647 Periculum
3238 594 3382 647 enim
3420 609 3529 647 non
3583 595 3700 647 leve

2126 692 2230 747 est,
2268 697 2335 737 ne
2376 682 2464 736 hic
2490 684 2828 752 voluptatum
2860 697 2986 746 usu,
3019 683 3175 752 quasi
3220 698 3367 747 esca,
3415 683 3695 753 deceptus,

2126 774 2262 827 nihil
2302 774 2449 827 aliud
2498 775 2551 828 in
2606 774 2764 829 bonis
2810 790 2934 830 esse
2972 770 3148 844 putet,
3190 792 3352 844 quam
3389 778 3520 831 illud
3551 778 3696 842 quod

2125 880 2248 919 cum
2298 865 2565 919 suavitate
2594 866 2831 934 quadam
2862 867 3048 921 carnis
3081 868 3381 936 percipitur
3420 867 3695 932 sensibus,

2125 969 2282 1015 neve,
2326 970 2450 1007 cum
2491 970 2519 1008 a
2562 971 2742 1008 rerum
2779 971 3007 1026 corpore
3050 958 3360 1010 vacantium
3396 957 3700 1026 cupiditate

2125 1059 2280 1097 suam
2318 1054 2551 1097 mentem
2593 1046 2752 1114 plane
2805 1047 3084 1111 averterit,
3118 1047 3171 1100 in
3206 1047 3367 1101 rebus
3402 1063 3532 1103 sane
3570 1063 3696 1101 cor-

2127 1137 2307 1206 porcis
2358 1145 2503 1189 totus
2551 1139 2774 1192 omnino
2819 1138 2912 1203 sit,
2957 1154 3252 1209 rerumque
3296 1140 3489 1193 harum
3544 1141 3698 1193 volu-

2127 1236 2330 1295 ptatem
2385 1226 2531 1280 omni
2570 1236 2813 1297 tempore
2862 1228 3100 1297 indaget,
3137 1228 3293 1297 quasi
3337 1230 3516 1298 potius
3540 1229 3697 1282 volu-

2124 1317 2291 1386 ptatis
2337 1318 2433 1381 sit,
2490 1333 2652 1387 quam
2714 1318 2803 1373 Dei
2864 1328 3095 1374 amator.
3151 1319 3215 1373 Et
3260 1321 3518 1390 quoniam
3586 1336 3697 1391 prae

2123 1418 2333 1462 natura:
2388 1410 2758 1465 imbecillitate
2821 1426 2928 1465 non
2996 1411 3239 1481 cujusvis
3283 1412 3522 1466 hominis
3590 1422 3691 1475 est,

2125 1502 2318 1555 harum
2350 1517 2531 1556 rerum
2560 1502 2988 1556 moderationem
3022 1504 3263 1573 assequi,
3299 1507 3696 1574 periculosum-

2124 1609 2231 1662 que
2268 1601 2374 1657 est,
2405 1594 2497 1662 qui
2539 1602 2693 1649 extra
2732 1594 2952 1647 modum
3010 1596 3173 1664 positi
3229 1604 3379 1662 sunt,
3417 1611 3485 1650 ne
3521 1595 3598 1658 hi,
3634 1603 3695 1647 ut

2123 1694 2206 1739 est
2235 1686 2290 1739 in
2325 1684 2661 1741 Psalmorum
2707 1696 2930 1743 auctore
2965 1689 3029 1751 ",
3058 1689 3112 1742 in
3142 1688 3275 1743 limo
3316 1688 3573 1757 profundi
3611 1688 3695 1741 in-

442 1778 725 1850 ﬁgantur:
778 1782 912 1837 illud
958 1782 1193 1836 maxime
1236 1780 1477 1851 expedit,
1514 1778 1831 1847 huiusmodi
1888 1778 2012 1833 vitze
2050 1791 2247 1847 genus,
2295 1778 2375 1830 uti
2409 1777 2522 1831 luet:
2550 1780 2727 1831 oratio
2784 1788 2988 1843 monet,
3040 1781 3223 1835 minus
3294 1780 3554 1849 experiri,
3624 1794 3693 1833 ne

440 1891 645 1942 rerum,
680 1891 801 1947 quae
827 1875 1110 1947 permissa:
1164 1882 1294 1930 sunt
1339 1872 1699 1929 excusatione
1740 1869 2007 1933 adhibita,
2049 1868 2217 1922 animi
2249 1868 2633 1925 aﬂectionibus
2667 1870 2849 1925 aditus
2882 1874 3125 1941 patetiat.

1041 2006 1292 2060 ΚΕΦΑΛ.
1321 2005 1399 2060 8'.

548 2120 665 2173 Ὅτι
690 2118 1132 2190 δυσμετάθετον
1159 2121 1255 2173 ἐπὶ
1281 2124 1505 2186 παντὸς
1531 2120 1569 2187 ἠ
1596 2119 1904 2186 συνήθεια.

513 2236 760 2305 Ἀμαχον
787 2231 895 2307 γάρ
918 2237 1064 2289 ἐστιν
1093 2236 1187 2289 ἐπὶ.
1220 2235 1472 2305 παντὸςὴ
1503 2234 1757 2305 συνήθεια
1776 2274 1789 2297 ,
1816 2232 2014 2303 πολλὴν

438 2325 635 2396 ἔχουσα
666 2325 893 2397 δύναμιν
928 2327 1065 2397 πρὸς
1105 2327 1301 2397 ἑαυτὴν
1339 2326 1559 2398 ἑλκύσαι
1594 2328 1687 2379 καὶ
1714 2326 2016 2379 ἐπισπάσα-

439 2418 562 2470 σθαι
600 2417 701 2487 τὴν
733 2418 910 2488 ψυχὴν
933 2458 947 2481 ,
998 2419 1090 2471 καί
1118 2436 1239 2472 τινα
1266 2418 1431 2471 καλοῦ
1481 2419 1782 2487 παρασχεῖν
1810 2434 2014 2485 φαντα-

440 2509 592 2574 σίαν,
622 2509 679 2561 ὲν
730 2502 772 2577 ᾧ
820 2509 882 2563 ἀν
937 2527 1021 2573 τις
1059 2509 1243 2580 σχέσιν
1290 2510 1382 2562 καὶ
1411 2508 1782 2579 προσπάθειαν
1809 2508 1896 2562 διὰ
1920 2509 2013 2561 τοῦ

438 2597 806 2669 προσεθισμοῦ
835 2616 955 2652 τινα
986 2601 1250 2670 κτήσηται
1271 2616 1284 2628 ⁸
1314 2600 1406 2651 καὶ
1443 2599 1595 2653 οὐδὲν
1628 2598 1769 2652 οῦτω
1798 2603 1862 2670 τῇ
1912 2600 2013 2669 φύ-

440 2707 518 2743 σει
546 2692 776 2760 φευκτόν
800 2693 945 2744 ὲστιν
964 2730 978 2754 ,
1013 2691 1089 2755 ὡς
1127 2693 1185 2744 ὲν
1213 2692 1468 2764 συνηθείᾳ
1495 2694 1786 2761 γενόμενον
1820 2693 1893 2764 μὴ
1923 2694 2015 2745 καὶ

440 2783 677 2853 σπουδῆς
728 2782 873 2849 ἄξιον
927 2785 1018 2837 καὶ
1068 2785 1281 2856 αἱρετὸν
1332 2786 1669 2856 νομισθῆναι.
1720 2785 2015 2851 Ἀπόδειξις

436 2871 529 2924 τοῦ
574 2872 731 2941 λόγου
761 2874 789 2925 ό
820 2872 1155 2944 ἀνθρώπινος
1195 2873 1339 2943 βίος,
1377 2875 1433 2926 ἑν
1472 2868 1516 2942 ᾧ
1552 2873 1819 2926 τοσούτων
1847 2874 2015 2925 ὄντων

438 2962 629 3026 ἐθνῶν,
659 2964 720 3017 ού
755 2965 821 3017 τὰ
850 2964 987 3017 αὑτά
1015 2966 1147 3018 πᾶσι
1178 2964 1567 3027 σπουδάζεται,
1620 2964 1755 3018 ἄλλα
1784 2964 1839 3016 δὲ
1884 2966 2013 3035 παρ’

436 3054 645 3126 ἑτέροις
696 3056 813 3108 ἐστὶ⁴
858 3056 997 3110 καλά
1029 3073 1087 3109 τε
1122 3056 1217 3109 καὶ
1252 3056 1408 3127 τίμια
1434 3097 1448 3121 ,
1493 3056 1593 3126 τῆς
1624 3058 1752 3127 παρ’
1783 3056 2013 3109 ἑκάστου

440 3146 727 3218 συνηθείας
771 3148 869 3218 τὴν
917 3148 1045 3220 περί
1092 3166 1144 3201 τι
1194 3149 1427 3219 σπουδήν
1477 3166 1535 3201 τε
1585 3148 1681 3203 καὶ
1722 3147 2014 3218 ἐπιθυμίαν

438 3235 715 3307 ποιούσης.
746 3238 855 3289 Καὶ
896 3237 955 3289 οὑ
986 3237 1144 3306 μόνον
1172 3237 1311 3291 κατά
1342 3238 1410 3291 τὰ
1456 3238 1580 3308 ἔθνη
1614 3237 1713 3308 τὴν
1760 3237 2014 3306 τοιαύτην

438 3327 794 3398 παραλλαγὴν
822 3327 967 3381 ἔστιν
1010 3329 1135 3381 ἰδεῖν
1159 3370 1172 3391 ,
1216 3329 1322 3381 τῶν
1352 3329 1528 3382 αὑτῶν
1566 3329 2010 3399 ἐπιτηδευμάτων

438 3418 591 3489 παρά
640 3436 750 3471 τισι
801 3420 899 3488 μὲν
950 3420 1415 3491 θαυμαζομένων,
1465 3420 1898 3490 διαϐαλλομένων
1955 3422 2011 3473 δὲ

438 3510 568 3581 παρ’
604 3510 811 3581 ἑτέροις
836 3528 849 3541 °
886 3510 1021 3563 ἀλλά
1067 3512 1161 3564 καὶ
1199 3512 1293 3564 ἐπὶ
1338 3512 1432 3565 τοῦ
1477 3512 1641 3565 αὑτοῦ
1690 3513 1876 3577 ἔθνους
1919 3516 2011 3566 καὶ

436 3602 535 3673 τῆς
568 3603 737 3673 αὑτῆς
776 3603 982 3667 πόλεως
1027 3604 1119 3657 καὶ
1161 3603 1386 3671 γένους,
1419 3607 1474 3658 ὲν
1522 3599 1602 3669 οἷς
1655 3604 1854 3676 πολλὴν
1897 3605 2011 3658 ἐστι

437 3696 697 3767 διαφορὰν
732 3697 859 3749 ἰδεῖν
888 3698 952 3749 ἐκ
998 3696 1094 3766 τῆς
1126 3695 1410 3768 συνηθείας
1451 3698 1698 3761 ἑκάστοις
1728 3698 2013 3767 ἐγγινομέ-

438 3804 553 3858 νην.
589 3786 775 3850 Οῦτως
804 3789 866 3841 ὲκ
912 3790 1041 3859 μιᾶς
1073 3790 1258 3853 ὠδῖνος
1306 3788 1523 3859 ἀδελφοὶ
1553 3790 1902 3861 προελθόντες
1931 3794 2009 3855 είς

438 3879 652 3947 γένεσιν
683 3883 793 3942 τοῖς
827 3880 1219 3952 ἐπιτηδεύμασι
1255 3881 1330 3952 τῷ
1382 3882 1481 3953 βίῳ
1514 3882 1761 3936 πλεῖστον
1796 3884 1889 3937 ἀπ’
1924 3883 2012 3936 ἀλο

436 3967 611 4040 λήλων
637 3969 962 4041 ἐσχίσθησαν
984 3989 996 4001 ⁸
1028 3971 1122 4024 καὶ
1153 3970 1305 4025 οὔπω
1333 3972 1490 4025 τοῦτο
1518 3972 1827 4043 θαυμαστόν
1847 3991 1859 4003 ·
1888 3974 2009 4026 ἐπεὶ

436 4061 527 4112 καὶ
564 4062 593 4114 ο
631 4060 963 4115 καθέκαστον
998 4061 1282 4132 ἄνθρωπος
1312 4064 1373 4116 οὑ
1406 4064 1503 4135 τὴν
1531 4065 1701 4135 αὑτὴν
1727 4065 1802 4128 ὡς
1838 4067 1928 4118 ἐπὶ
1952 4064 2010 4117 τὸ

437 4151 570 4205 πολὺ
599 4154 724 4223 περὶ
752 4153 845 4206 τοῦ
871 4154 1036 4208 αὑτοῦ
1068 4155 1389 4225 πράγματος
1414 4157 1593 4227 κρίσιν
1622 4157 1732 4227 ἔχει
1751 4200 1766 4223 ,
1798 4156 1909 4211 ἀλλ’
1935 4158 2011 4220 ὼς

437 4242 504 4296 ἂν
530 4244 657 4315 περὶ
684 4243 909 4297 ἕκαστον
942 4246 1047 4298 άπὸ
1074 4246 1171 4316 τῆς
1199 4247 1480 4316 συνηθείας
1509 4248 1748 4319 διατεθῇ.
1779 4250 1888 4303 Καὶ
1926 4250 2009 4302 ἵνα

440 4334 513 4403 μὴ
536 4334 604 4386 τά
636 4334 824 4406 πόρρω
862 4337 952 4390 τοῦ
982 4338 1301 4408 πράγματος
1337 4338 1600 4408 λέγωμεν,
1633 4340 1857 4404 πολλοὺς
1880 4345 2009 4412 ἡμῖν

436 4427 809 4497 ἐγνωρίσαμεν
848 4429 1081 4499 ἐραστὰς
1133 4431 1363 4500 μάλιστα
1410 4431 1506 4501 τῆς
1536 4434 1886 4503 σωφροσύνης
1917 4437 2009 4487 εὑ-

436 4516 533 4580 θὺς
563 4518 712 4588 παρὰ
752 4518 848 4589 τὴν
900 4519 1122 4591 πρώτην
1157 4522 1368 4592 ἡλικίαν
1422 4524 1708 4589 φανέντας,
1755 4526 1928 4596 ἀρχὴν
1952 4526 2007 4579 δὲ

2726 2006 2955 2063 CAPUT
2997 2010 3087 2067 IX.

2117 2112 2185 2169 In
2217 2119 2361 2171 omni
2387 2135 2440 2173 re
2467 2136 2568 2174 non
2602 2122 2760 2189 facile
2797 2127 3113 2180 commutari
3141 2136 3309 2197 potest
3343 2129 3687 2184 consuetudo.

2190 2226 2246 2281 In
2279 2230 2425 2283 omni
2456 2246 2515 2285 re
2544 2232 2780 2289 dili‘tcilis
2821 2245 2925 2298 est,
2987 2252 3109 2306 quae
3151 2249 3517 2309 expugnetur,
3558 2257 3690 2294 con~

2118 2322 2351 2376 suetudo
2382 2340 2394 2376 :
2424 2325 2683 2392 quoniam
2712 2340 2834 2379 cum
2862 2328 3086 2382 multam
3124 2330 3187 2383 ad
3222 2330 3605 2385 attrahendum
3637 2333 3687 2384 in

2117 2427 2175 2465 se
2203 2415 2467 2477 animum,
2500 2414 2954 2486 adiciendumque
3005 2419 3111 2472 vim
3162 2421 3427 2485 obtineat,
3486 2430 3599 2475 tum
3633 2424 3689 2477 in

2115 2520 2181 2558 eo
2218 2506 2378 2569 valet,
2431 2514 2489 2561 ut
2538 2508 2776 2578 aliquam
2831 2511 3045 2567 honesti
3098 2513 3412 2582 opinionem
3467 2515 3685 2582 atl‘erat;

2117 2612 2242 2650 nam
2277 2599 2319 2652 si
2361 2598 2484 2668 quis
2536 2615 2602 2653 ex
2642 2602 3055 2665 consuetudine,
3108 2621 3321 2675 usuque
3348 2606 3689 2671 habitum,et

2118 2688 2356 2757 aliquam
2382 2691 2549 2744 animi
2582 2690 2924 2746 atl‘ectioncm
2962 2694 3065 2747 sibi
3098 2697 3520 2765 comparaverit,
3551 2697 3689 2749 nihil

2116 2780 2197 2833 vel
2226 2781 2342 2849 ipsa
2368 2789 2561 2835 natura
2596 2784 2676 2837 sic
2714 2783 3026 2853 fugiendum
3050 2794 3133 2840 est
3164 2804 3175 2840 :
3208 2786 3352 2856 quod
3387 2788 3432 2840 si
3466 2788 3521 2841 in
3553 2803 3688 2841 cun-

2117 2871 2462 2925 suetudinem
2506 2873 2725 2937 abierit,
2754 2891 2863 2928 non
2893 2878 3038 2929 omni
3075 2878 3256 2931 studio
3276 2880 3497 2948 dignum
3525 2898 3691 2951 cxpe-

2117 2962 2450 3033 tendumque
2479 2965 2748 3020 videatur.
2780 2969 2956 3035 Atque
2990 2968 3154 3038 hujus
3208 2972 3491 3025 sententiae
3532 2974 3689 3027 testis

2115 3063 2199 3108 est
2243 3056 2522 3109 hominum
2573 3058 2702 3120 vita,
2732 3058 2783 3111 in
2840 3074 2944 3127 qua
2992 3074 3114 3111 cum
3152 3060 3376 3115 inﬁnitae
3420 3063 3689 3117 exsistant

2116 3148 2386 3209 nationes,
2416 3164 2523 3202 non
2575 3164 2766 3203 omnes
2827 3158 3006 3203 tamen
3068 3166 3176 3205 uno
3208 3153 3506 3223 eodemque
3570 3164 3688 3209 stu-

2118 3241 2209 3293 dio
2239 3239 2537 3305 ducuntur,
2572 3243 2667 3297 sed
2703 3243 2844 3313 apud
2878 3243 3146 3311 diversas,
3171 3262 3236 3301 ex
3274 3262 3462 3301 earum
3493 3249 3685 3318 cujus-

2116 3348 2223 3403 que
2275 3335 2694 3397 consuetudine.
2738 3353 2857 3405 qnze
2919 3338 3159 3391 studium
3207 3340 3260 3392 in
3296 3339 3474 3409 aliqua
3538 3358 3593 3395 re
3633 3350 3688 3396 et

2114 3424 2465 3492 cupiditatem
2491 3426 2682 3495 gignit,
2724 3429 2884 3482 resin
2910 3428 3115 3483 honore
3139 3439 3305 3499 atque
3333 3433 3505 3501 pretio
3535 3443 3683 3488 sunt.

2113 3512 2299 3582 Neque
2330 3517 2471 3584 apud
2512 3517 2758 3571 diversas
2789 3518 2962 3571 solum
3005 3520 3256 3575 nationes
3283 3521 3550 3591 ejusmodi
3588 3524 3685 3579 ho-

2114 3622 2234 3659 rtnn
2298 3606 2602 3660 studiorum
2668 3610 2871 3662 variam
2930 3612 3407 3667 commutationem
3461 3630 3686 3671 cernere

2114 3698 2261 3762 licet,
2295 3705 2352 3751 ut
2386 3698 2526 3767 apud
2555 3700 2819 3768 quasdam
2860 3708 3047 3769 gentes
3090 3702 3143 3755 in
3200 3705 3375 3773 pretio
3416 3705 3509 3759 illa
3553 3708 3683 3770 sint,

2115 3789 2254 3858 apud
2297 3791 2432 3845 alias
2488 3790 2885 3859 improbentur,
2946 3792 3038 3847 sed
3087 3793 3140 3847 in
3197 3794 3387 3849 eadem
3440 3798 3681 3863 natione,

2112 3885 2411 3951 eademque
2440 3882 2681 3944 civitate,
2709 3895 2760 3935 et
2814 3882 3016 3936 familia
3073 3885 3234 3947 hanc,
3266 3900 3389 3956 qua:
3429 3903 3459 3942 ο
3496 3890 3682 3959 singu-

2113 3974 2288 4027 lorum
2348 3971 2746 4026 consuetudine
2822 3976 3102 4040 nascitur,
3178 3976 3677 4036 dissimilitudinem

2114 4064 2273 4133 plane
2302 4077 2636 4131 cognoscere
2661 4076 2979 4130 possumus.
3014 4062 3325 4133 Eodemque
3354 4068 3514 4122 modo
3542 4084 3683 4138 same

2112 4155 2321 4225 gemelli
2364 4155 2564 4207 fratres
2607 4155 2839 4207 diversis
2878 4154 3003 4207 vita)
3038 4155 3236 4208 studiis
3280 4171 3341 4208 ex
3398 4172 3498 4211 usu
3542 4175 3678 4214 con.

2113 4245 2511 4315 suetudineqne
2542 4244 2717 4298 allecti
2748 4252 2899 4306 sunt,
2938 4260 3114 4313 neque
3138 4245 3243 4300 hoc
3270 4262 3401 4302 sane
3428 4250 3680 4306 mirabile

2112 4350 2195 4395 est
2234 4358 2247 4394 :
2278 4338 2531 4410 quoniam
2568 4336 2766 4405 singuli
2796 4336 3047 4391 homines
3087 4353 3197 4391 non
3234 4354 3378 4408 sazpe
3426 4340 3564 4394 idem
3616 4344 3681 4397 de

2113 4450 2220 4489 una
2246 4434 2545 4501 eademque
2579 4446 2635 4484 re
2666 4430 2933 4494 sentiunt,
2971 4430 3063 4484 sed
3099 4432 3172 4483 ita
3220 4438 3278 4483 ut
3331 4432 3565 4503 quisque
3595 4445 3679 4489 est

2112 4523 2509 4579 consuetudine
2543 4520 2790 4575 affectus.
2831 4520 2892 4574 Et
2940 4535 3029 4583 ne,
3059 4534 3180 4589 qua:
3218 4536 3246 4573 a
3278 4536 3333 4574 re
3366 4520 3489 4591 ipsa
3526 4523 3680 4577 valde

437 4609 680 4679 ῥυπαροῦ
714 4610 829 4679 βίου
861 4613 1255 4683 ποιησαμένους
1287 4616 1382 4683 τὴν
1410 4614 1668 4669 δοκοῦσαν
1695 4616 1914 4688 ἔννομόν
1947 4636 2004 4671 τε

2116 4625 2320 4673 remota
2354 4621 2506 4676 sunt,
2536 4627 3052 4675 commetnoremus,
3094 4613 3295 4667 multos
3326 4629 3428 4667 nos
3457 4615 3677 4684 quidem

438 4701 531 4753 καὶ
566 4703 1058 4773 συγκεχωρημένην
1105 4704 1210 4757 τῶν
1257 4704 1457 4773 ἡδονῶν
1508 4708 1815 4776 μετουσίαν.
1857 4710 2008 4765 Ἐπεὶ

436 4793 545 4864 γὰρ
576 4792 721 4858 ἅπαξ
752 4794 848 4864 τὴν
884 4795 1135 4865 τοιαύτην
1160 4797 1514 4863 παρεδέξαντο
1535 4802 1752 4868 πεῖραν,
1779 4800 1919 4853 κατὰ
1950 4801 2009 4853 τὸ

439 4886 600 4957 ῥηθὲν
653 4886 784 4956 ἡμῖν
818 4887 909 4939 ἐπὶ
951 4886 1044 4940 τοῦ
1090 4889 1304 4960 ῥείθρου
1354 4890 1689 4960 ὑπόδειγμα,
1723 4892 1843 4945 ὅλον
1876 4893 2010 4963 πρὸς

435 4976 605 5031 ταῦτα
632 4979 694 5031 τὸ
716 4978 1104 5051 ἐπιθυμητικὸν
1136 4981 1602 5052 μεταστρέψαντες
1623 5025 1637 5049 ,
1666 4983 1759 5036 καὶ
1792 4984 1888 5054 τὴν
1922 4986 2011 5056 ὁρ-

437 5069 543 5137 μὴν
583 5069 693 5123 ἀπὸ
721 5070 829 5123 τῶν
859 5070 1142 5143 θειοτέρων
1176 5072 1310 5143 πρὸς
1345 5073 1412 5127 τά
1432 5076 1658 5129 ταπεινὰ
1696 5076 1790 5130 καὶ
1834 5075 2007 5145 ὑλώδη

436 5159 919 5229 μετοχετεύσαντες
943 5204 957 5228 ,
990 5163 1185 5234 πολλὴν
1222 5167 1279 5218 ὲν
1308 5166 1517 5229 ἑαυτοῖς
1543 5166 1640 5236 τὴν
1668 5168 2006 5237 εὐρυχωρίαν

432 5253 545 5313 τοῖς
579 5251 806 5305 πάθεσιν
839 5253 1054 5323 ἤνοιξαν
1073 5271 1086 5283 ·
1133 5255 1207 5319 ὡς
1258 5256 1533 5321 παντελῶς
1560 5259 1657 5328 τῆς
1686 5260 1777 5311 ἐπὶ
1806 5259 1866 5312 τὸ
1896 5260 2007 5313 ἄνω

435 5344 607 5413 φορᾶς
632 5342 789 5414 λῆξαι
830 5346 922 5397 καὶ
950 5344 1388 5417 ἀποξηρανθῆναι
1419 5348 1513 5419 τὴν
1545 5350 1854 5421 ἐπιθυμίαν,
1880 5351 2006 5419 ὅλην

436 5432 572 5502 πρὸς
619 5434 685 5486 τὰ
739 5434 885 5504 πάθη
922 5439 1338 5509 μεταρῤυείσαν.
1389 5439 1485 5492 Διὰ
1533 5438 1689 5492 τοῦτο
1736 5441 2006 5505 λυσιτελὲς

435 5518 573 5577 εἶναι
603 5523 894 5596 νομίζομεν
920 5530 1032 5592 τοῖς
1060 5528 1464 5598 ἀσθενεστέροις
1492 5531 1569 5593 εἰς
1598 5530 1692 5601 τὴν
1715 5532 2006 5603 παρθενίαν

510 5703 553 5736 ³⁸
586 5702 731 5759 Psal.
754 5719 906 5771 Lvnt,
928 5707 977 5761 3.

2106 4720 2375 4766 amatores
2455 4705 2853 4776 cognovimus,
2928 4703 3021 4772 qui
3082 4704 3151 4758 ab
3222 4705 3443 4758 ineunte
3514 4721 3680 4775 prope

2105 4809 2262 4857 aetate
2311 4814 2369 4853 se
2421 4796 2600 4850 omnis
2666 4793 3042 4863 temperantia:
3105 4795 3338 4848 maxime
3403 4793 3678 4849 studiosos

2107 4889 2501 4950 ostenderunt;
2535 4886 2761 4954 impura:
2789 4899 2919 4939 vero
2972 4885 3096 4937 vitae
3132 4883 3348 4937 initium
3404 4883 3675 4951 quoddam

2105 4983 2381 5054 jecerunt,
2414 4978 2561 5049 quod
2592 4978 2800 5047 justum
2832 4975 3158 5046 permissum
3186 4974 3401 5028 videtur
3428 4989 3551 5028 esse
3578 4990 3676 5027 vo-

2109 5076 2381 5143 luptatum
2413 5068 2774 5131 consortium,
2802 5072 2989 5135 postea
3019 5079 3150 5119 vero
3186 5079 3349 5133 quam
3388 5063 3487 5115 hoc
3511 5065 3676 5117 semel

2105 5164 2311 5233 experti
2361 5168 2511 5223 sunt,
2570 5172 2812 5221 omnem,
2876 5166 2933 5208 ut
2982 5155 3034 5209 in
3088 5155 3224 5207 alvei
3276 5170 3376 5208 nos
3430 5156 3676 5225 exemplo

2105 5255 2364 5316 diximus,
2384 5251 2738 5321 appetitionis
2765 5248 2871 5300 vim
2898 5262 3021 5300 cum
3054 5246 3119 5299 ad
3158 5245 3271 5299 haec
3295 5245 3411 5314 ipsa
3443 5261 3675 5299 conver-

2106 5345 2294 5403 terint,
2328 5350 2432 5397 eta
2474 5343 2637 5395 rebus
2673 5339 2876 5393 divinis
2904 5338 2971 5391 ad
3030 5337 3287 5401 humiles,
3330 5336 3674 5406 caducaeque

2104 5445 2363 5497 mentem,
2390 5443 2444 5490 et
2484 5432 2835 5505 cupiditatem
2854 5431 3239 5494 traduxerim;
3276 5429 3349 5484 ita
3390 5428 3547 5483 valde
3570 5428 3673 5483 sibi

2112 5534 2386 5596 patentem
2454 5524 2521 5580 ad
2583 5523 2749 5578 animi
2786 5521 3101 5578 affectiones
3158 5522 3366 5577 aditum
3408 5533 3670 5591 apparue»
