4124 6352
438 328 549 384 559
1753 304 1814 361 S.
1850 298 2184 360 GREGORII
2222 295 2517 354 NYSSENI
2984 310 2994 319 ε
3604 287 3715 344 ’560

445 449 597 507 runt,
634 449 693 496 ut
725 436 971 494 cmlestia
1007 443 1192 505 petere
1222 428 1447 485 omnino
1468 424 1761 491 desierint;
1786 433 2033 494 peneque
2062 472 2064 479 λ

2165 434 2210 480 ις
2252 416 2334 480 εις
2385 413 2623 484 ἀσφαλές
2657 429 2708 466 τι
2759 409 3013 483 φρούριον
3047 405 3409 476 καταφεύγειν
3435 445 3452 473 ,
3493 405 3586 459 καὶ
3641 402 3717 476 μὴ

449 538 668 591 illarum
705 532 903 587 ardore
934 526 1158 583 arefacti
1190 525 1322 588 sint,
1351 537 1475 577 cum
1500 517 1679 574 omnis
1700 530 1766 571 eo
1796 512 2036 568 conﬂuat

2165 508 2272 579 πρὸς
2294 506 2393 578 τὴν
2415 505 2735 560 ἀκολουθίαν
2764 503 3049 565 κατιόντας
3073 498 3168 553 τοῦ
3202 499 3322 569 βίου
3346 539 3361 564 ,
3389 496 3718 570 προσκαλεῖ-

447 625 731 699 appetitio.
761 621 1128 690 Quamobrem
1173 616 1242 671 iis
1298 613 1393 684 qui
1461 613 1644 666 minus
1687 605 1831 663 ﬁrmi
1881 612 2033 670 sunt,

2139 598 2262 653 σθαι
2297 599 2419 653 καθ’
2452 596 2657 651 ἑαυτῶν
2699 594 3077 667 πειρασμοὺς,
3125 592 3219 645 καὶ
3268 592 3381 654 τοῖς
3425 590 3719 660 ἀντιστρα-

450 718 761 776 conducere
788 714 1141 775 arbitramur,
1177 715 1235 763 ut
1257 707 1322 762 ad
1364 702 1741 775 virginitatem
1769 708 2033 768 tanquam

2171 690 2446 762 ευομὲνοις
2476 688 2554 760 τῷ
2583 688 2733 759 νόμῳ
2770 685 2864 739 τοῦ
2889 685 3006 748 νοὸς
3040 687 3074 756 ή
3084 683 3199 755 μῶν
3223 682 3310 736 διὰ
3328 680 3435 739 τῶν
3458 681 3560 752 τῆς
3589 696 3723 753 σαρ-

456 810 525 865 ad
561 808 900 863 tutissimum
928 801 1203 874 quoddam
1227 797 1541 869 praesidium
1571 791 1908 861 confugiant,
1937 804 2038 843 ne-

454 916 563 974 que
598 899 664 955 ad
717 899 882 966 hujus
933 896 1057 948 vita:
1116 888 1569 945 consuetudinem
1618 881 2036 940 descendentes,

456 999 649 1049 contra
674 1008 733 1047 se
765 987 1098 1045 tentaliones
1128 988 1454 1054 provocent,
1486 991 1664 1047 neque
1707 983 1769 1030 ut
1815 979 2040 1043 propter

457 1084 560 1138 hos
591 1080 776 1136 carnis
808 1077 1057 1140 affectus,
1093 1075 1202 1129 illis
1238 1086 1299 1129 se
1346 1067 1585 1123 maxime
1635 1065 1801 1120 rebus
1857 1060 2041 1131 impli-

455 1181 606 1236 cent,
650 1186 773 1242 quae
831 1181 1181 1237 summopere
1234 1163 1437 1218 mentis
1470 1166 1675 1214 nostrae
1734 1159 2041 1225 repugnant

458 1266 683 1324 rationi.
750 1261 1240 1334 periclitenturth
1298 1268 1409 1308 non
1465 1251 1532 1306 de
1583 1246 1775 1319 praedii
1814 1244 2038 1309 ﬁnibus,

460 1375 570 1414 non
599 1357 666 1413 de
690 1356 1046 1427 pecuniarum
1093 1350 1335 1420 jactura,
1383 1360 1493 1400 non
1543 1342 1610 1397 de
1638 1340 1763 1395 ullis
1805 1336 2044 1406 denique

460 1450 678 1505 ueteris
716 1447 903 1509 rebus,
925 1458 1047 1514 qua:
1075 1442 1129 1496 in
1154 1441 1255 1494 hac
1295 1438 1405 1492 vita
1434 1441 1788 1506 expetuntur,
1847 1429 1940 1485 sed
1978 1429 2045 1482 de

458 1556 525 1595 ea
555 1555 673 1610 spe,
702 1553 824 1608 quae
856 1534 1136 1608 praelucet.
1162 1529 1280 1584 Non
1309 1528 1455 1582 enim
1486 1525 1580 1596 qui
1612 1523 1679 1578 ad
1716 1537 1807 1577 res
1847 1521 2044 1574 huma-

464 1646 564 1687 nas
611 1635 812 1690 mente,
847 1626 1140 1692 animoque
1190 1636 1249 1676 se
1279 1618 1590 1679 convertit,
1629 1620 1797 1683 atque
1824 1624 2043 1666 omnem

465 1723 596 1777 illnc
623 1734 811 1774 curam
847 1715 1053 1783 reiicit,
1087 1712 1442 1780 animumque
1480 1722 1641 1763 suum
1689 1704 1746 1759 in
1774 1717 1840 1759 eo
1890 1715 2047 1755 occu-

2138 785 2232 847 κὸς
2261 781 2601 854 παθημάτων
2637 777 3083 851 συμπλέκεσθαι,
3128 778 3221 830 καὶ
3274 773 3603 830 κινδυνεύειν
3657 773 3720 827 οὗ

2139 895 2205 930 πε
2216 877 2267 949 ρ“ι
2294 877 2397 946 γῆς
2430 875 2592 946 ὅρων,
2620 872 2653 943 ἢ
2676 871 2973 943 χρημάτων
3001 867 3272 939 ἀποϐολῆς
3289 906 3303 930 ,
3336 866 3369 937 ἢ
3399 865 3556 920 ἄλλου
3576 864 3722 928 τινὸς

2139 969 2249 1022 τῶν
2280 967 2426 1021 Ακατά
2474 966 2576 1035 τὴν
2628 964 2781 1035 ζωὴν
2826 963 3028 1032 ταύτην
3080 957 3560 1029 σπουδαζομένων,
3587 956 3723 1011 ἀλλά

2145 1057 2272 1129 περὶ
2312 1055 2414 1127 τῆς
2444 1052 2860 1126 προηγουμένης
2887 1042 3116 1113 ἐλπίδος.
3147 1049 3263 1102 Οὐκ
3315 1048 3429 1101 ἔστι
3474 1049 3582 1118 γὰρ
3630 1045 3722 1099 τὸν

2141 1151 2221 1206 εἰς
2247 1146 2339 1200 τὸν
2368 1145 2571 1217 κόσμον
2598 1144 2785 1197 τοῦτον
2807 1141 3342 1212 ἀποστρέφονταετὴν
3364 1139 3602 1194 διάνοιαν
3628 1139 3722 1193 καὶ

2141 1239 2239 1310 τὴν
2272 1237 2458 1291 ἐνθάδε
2513 1236 2782 1306 μέριμναν
2811 1232 3151 1288 ἀναλαϐόντα
3170 1272 3183 1293 ,
3217 1233 3310 1286 καὶ
3339 1234 3418 1295 είς
3451 1231 3724 1303 ἀνθρωπί-

2143 1349 2241 1403 νην
2270 1329 2560 1402 ἀρέσκειαν
2588 1326 2917 1398 ἀσχολοῦνται
2948 1324 3147 1379 ἑαυτοῦ
3182 1325 3281 1394 τὴν
3314 1323 3558 1396 καρδίαν,
3586 1322 3726 1393 πλη-

2148 1422 2323 1493 ρωτὴν
2344 1419 2599 1490 γενέσθαι
2624 1423 2724 1491 τῆς
2755 1419 2977 1489 πρώτης
3002 1418 3096 1471 καὶ
3120 1416 3361 1488 μεγάλης
3387 1416 3603 1481 ἐντολῆς
3631 1415 3725 1470 τοῦ

2149 1511 2358 1583 Κυρίου
2380 1551 2394 1577 ,
2427 1511 2461 1581 ἥ
2498 1527 2661 1582 φησιν
2690 1510 2747 1577 ἐξ
2792 1509 2918 1579 ὅλης
2951 1509 3173 1580 καρδίας
3202 1509 3296 1561 καὶ
3327 1507 3607 1578 δυνάμεως
3637 1507 3728 1560 τὸν

2145 1604 2278 1658 Θεὸν
2301 1605 2542 1675 ἀγαπᾷν.
2571 1603 2695 1668 Πῶς
2723 1602 2832 1675 γὰρ
2853 1604 3130 1673 ἀγαπήσει
3154 1618 3239 1665 τις
3266 1603 3324 1667 ἐξ
3346 1600 3474 1671 ὅλης
3505 1599 3730 1671 καρδίας

2148 1699 2243 1751 καὶ
2271 1697 2551 1768 δυνάμεως
2582 1695 2675 1749 τὸν
2720 1695 2853 1748 Θεὸν
2877 1734 2892 1758 ,
2935 1696 3062 1748 ὅταν
3096 1680 3436 1763 καταμερίσῃ
3468 1689 3565 1761 τὴν
3594 1707 3730 1761 καρ-

467 1821 582 1884 pat,
614 1817 674 1864 ut
695 1762 1013 1864 hominibus
1056 1806 1292 1875 placeat,
1342 1762 1388 1856 is
1417 1805 1595 1869 potest
1619 1795 1853 1866 primum
1890 1791 2043 1854 illud,

2165 1789 2265 1842 iiav
2297 1762 2490 1842 ἐαυτοῦ
2521 1788 2657 1861 πρὸς
2678 1788 2810 1842 Θεὸν
2832 1790 2923 1841 καὶ
2950 1787 3174 1858 κόσμον,
3209 1762 3583 1840 καὶκλέπτων
3614 1784 3731 1856 τρό-

469 1913 523 1958 et
550 1899 845 1955 maximum
874 1895 967 1951 Dei
1002 1903 1332 1966 praeceptum
1356 1891 1595 1959 explere,
1615 1900 1724 1955 quo
1741 1897 2046 1948 monemur,

2145 1898 2246 1934 πον
2273 1879 2396 1934 τινὰ
2430 1878 2528 1951 τὴν
2582 1880 2776 1951 ἐκείνῳ
2821 1879 2966 1950 μόνῳ
3004 1877 3454 1950 χρεωστουμένην
3485 1876 3727 1945 ἀγάπην.

469 2002 527 2046 ιιι
561 1998 676 2046 toto
697 1987 886 2052 corde,
911 1985 1042 2042 totis
1090 1983 1299 2039 viribus
1354 1979 1523 2036 Deum
1563 1979 1879 2047 diligamus.
1928 1972 2047 2040 Quo

2165 1970 2503 2043 ινθρωπίνοις
2551 1971 2720 2043 αὐτὴν
2780 1971 2979 2026 πάθεσι
3047 1970 3497 2043 προσαναλίσκῃς
3537 1971 3566 2023 ὁ
3620 1972 3729 2039 γάρ

467 2082 615 2138 enim
646 2088 809 2153 pacto
844 2077 955 2144 ﬁet,
991 2087 1051 2141 ut
1084 2084 1202 2133 toto
1242 2073 1369 2145 quis
1404 2073 1589 2135 animo
1640 2068 1807 2124 Deum
1835 2067 2046 2137 diligat,

471 2188 597 2231 cum
651 2187 814 2230 suum
846 2170 936 2226 hic
971 2168 1214 2225 animum
1254 2165 1419 2221 modo
1452 2164 1506 2218 in
1550 2161 1745 2226 Deum,
1779 2158 1944 2215 modo
1995 2162 2047 2211 in

472 2283 564 2322 res
594 2265 863 2320 humanas
894 2260 1159 2332 impellat,
1206 2257 1556 2325 debitamque
1607 2253 1685 2307 illi
1713 2250 1816 2307 soli
1876 2250 2052 2321 pieta-

472 2376 606 2422 tem,
637 2371 701 2410 ac
731 2351 1157 2409 benevolentiam
1195 2348 1433 2419 quodam
1471 2345 1632 2400 modo
1685 2342 1947 2413 eripiens.
1989 2342 2045 2396 in

475 2447 731 2504 humanis
789 2442 1075 2498 aﬁ‘ectihth
1129 2436 1456 2494 exhauriat?
1512 2433 1716 2489 caelebs
1773 2432 1915 2486 enim
1963 2446 2051 2494 ea,

475 2555 598 2611 quae
630 2538 724 2593 Dei
760 2544 908 2597 sunt,
942 2542 1102 2589 curat
1143 2550 1156 2585 :
1195 2531 1288 2601 qui
1334 2543 1465 2582 vero
1524 2526 1880 2581 matrimonio
1937 2524 2055 2577 vin-

477 2639 604 2685 ctus
632 2637 735 2694 est,
761 2627 815 2681 in
850 2626 955 2686 his,
990 2635 1112 2694 qua!
1137 2629 1191 2677 et
1241 2620 1427 2675 mundi
1477 2625 1531 2674 et
1590 2615 1870 2671 hominum
1904 2621 2056 2679 sunt,

474 2735 668 2776 curam
707 2717 1059 2785 studiumque
1107 2712 1350 2767 adhibet.
1407 2709 1505 2764 Sin
1552 2716 1735 2763 autem
1784 2707 2060 2762 laboriosa

478 2819 672 2867 contra
727 2809 1036 2878 voluptates
1085 2819 1150 2858 ac
1205 2801 1447 2857 dilﬁcilis
1493 2799 1710 2855 videtur
1749 2812 1964 2868 pugna;
2000 2797 2061 2851 fi-

478 2901 630 2958 denti
660 2902 841 2956 animo
871 2899 1105 2969 quisque
1149 2898 1221 2951 sit
1262 2903 1315 2950 et
1352 2892 1513 2956 forti;
1548 2906 1659 2946 non
1687 2890 1832 2945 enim
1869 2904 2061 2959 parum

2145 2063 2357 2134 ἇγαμος
2393 2065 2633 2135 μεριμνᾷ
2658 2063 2727 2117 τὸ.
2750 2064 2845 2117 τοῦ
2860 2064 3097 2135 Κυρίου,
3143 2066 3172 2118 ὁ
3212 2063 3269 2116 δὲ
3293 2062 3550 2134 γαμήσας
3579 2077 3733 2133 μερι-

2151 2155 2260 2226 μνᾷ
2282 2152 2351 2206 τὰ
2382 2151 2476 2205 τοῦ
2519 2153 2746 2225 κόσμου.
2783 2155 2847 2208 Et
2867 2154 2923 2208 δέ
2948 2155 3203 2217 ἐπίπονος
3237 2155 3271 2225 ή
3316 2152 3450 2227 πρὸς
3482 2153 3580 2215 τὰς
3609 2151 3732 2222 ἠδο-

2150 2248 2249 2313 νάς
2274 2249 2421 2322 μάχη
2446 2249 2612 2312 δοκεῖ,
2649 2245 2927 2319 θαρρείτω
2952 2248 3060 2312 πᾶς
3078 2262 3090 2275 ·
3117 2245 3242 2300 οὐδὲ
3273 2246 3384 2317 γάρ
3408 2242 3544 2314 πρὸς
3580 2241 3736 2296 τοῦτο

2155 2340 2328 2412 μικρά
2376 2342 2408 2411 ὴ
2440 2339 2697 2409 συνήθεια
2732 2338 2825 2393 καὶ
2868 2336 3436 2402 τοῖςίδυσκολωτάτοις
3470 2328 3606 2389 εἶναι
3652 2333 3737 2387 δο-

2154 2431 2362 2495 κοῦσιν,
2400 2431 2594 2501 ἡδονήν
2622 2447 2741 2498 τινα
2775 2428 2864 2482 διὰ
2884 2428 2984 2498 τῆς
3012 2426 3277 2498 ἐπιμονῆς
3317 2423 3734 2497 ἐνεργάσασθαιο

2159 2524 2252 2577 καὶ
2280 2524 2472 2594 ἡδονὴν
2498 2521 2594 2592 τὴν
2624 2521 2919 2593 καλλίστην
2948 2518 3474 2590 καὶκαθαρωτάτην,
3502 2512 3570 2589 ἦς
3591 2514 3738 2582 ἄξιόν

2158 2621 2273 2673 ἐστι
2313 2618 2403 2671 τόν
2434 2635 2498 2686 γε
2542 2616 2666 2671 νοῦν
2698 2611 2888 2686 ἔχοντα
2936 2613 3280 2691 περιέχεσθαι
3317 2611 3548 2683 μᾶλλον,
3597 2609 3630 2681 ἢ
3671 2610 3737 2678 τῇ

2158 2711 2286 2782 περὶ
2325 2708 2396 2763 τὰ
2444 2709 2674 2763 ταπεινά
2709 2706 3134 2779 μικροπρεπείᾳ,
3187 2704 3296 2758 τῶν
3333 2702 3581 2775 μεγάλων
3616 2701 3740 2755 κατ’

2160 2801 2417 2873 ἀλήθειαν
2462 2800 2558 2855 καὶ
2616 2800 2795 2853 πάντα
2835 2798 2957 2852 νοῦν
3003 2797 3378 2870 ὑπερεχόντων
3420 2791 3740 2866 ἀλλοτριοῦ-

2168 2893 2311 2946 σθαι.
2698 2912 2702 2916 Α
3634 2886 3641 2889 “

483 2998 540 3053 in
567 3010 633 3051 eo
661 2993 1008 3050 consuetudo
1039 2990 1205 3055 valet,
1249 2997 1307 3041 nt
1349 2987 1429 3042 vel
1460 2987 1527 3042 iis
1573 2999 1697 3054 qua:
1719 2982 2048 3039 difﬁcillima
2086 2998 2209 3039 esse
2252 2986 2528 3051 videntur,
2576 2985 2911 3055 voluptatem
2968 2981 3288 3052 quamdam,
3351 2994 3584 3050 eamque
3648 2977 3748 3031 ho-

485 3091 860 3147 nestissimam
894 3096 948 3144 et
974 3087 1209 3141 maxime
1241 3096 1431 3155 puram
1471 3097 1537 3136 ex
1568 3079 1752 3150 aliqua
1810 3080 2219 3150 perseverantia
2278 3081 2476 3151 pariat,
2543 3078 2705 3149 cujus
2784 3077 3006 3149 quidem
3061 3074 3361 3145 voluptatis
3428 3087 3614 3127 amore
3670 3072 3736 3135 is,

485 3189 578 3260 qui
634 3194 815 3241 mente
855 3183 1113 3254 praeditus
1178 3186 1297 3243 est,
1339 3177 1522 3248 potius
1565 3182 1651 3230 est
1706 3173 2059 3239 detinendus,
2099 3190 2262 3244 quam
2296 3190 2326 3228 a
2362 3176 2527 3231 rebus
2553 3158 2680 3230 vere
2702 3173 2935 3243 magnis,
2969 3186 3159 3241 quaeve
3224 3183 3443 3223 omnem
3512 3173 3748 3232 mentem

485 3278 779 3341 excedunt,
816 3273 1139 3330 alienandus
1171 3286 1235 3325 ex
1271 3267 1608 3323 demissione
1665 3264 1896 3335 quadam
1944 3265 2133 3331 animi,
2162 3282 2284 3336 quat
2308 3267 2364 3322 in
2387 3267 2552 3322 rebus
2579 3264 2880 3325 humilibus
2907 3263 3173 3318 cernitur.

1118 3408 1347 3467 caper
1387 3406 1454 3462 ιι.
2092 3365 2135 3422 ο

896 3527 1041 3596 Quid
1076 3542 1131 3581 re
1153 3542 1277 3580 vera
1301 3522 1665 3586 expetendum.

562 3644 777 3712 Quanta
805 3642 952 3696 enim
989 3638 1211 3708 jactura
1243 3634 1358 3695 ﬁat,
1393 3649 1516 3689 cum
1544 3630 1670 3702 quis
1700 3630 1814 3684 veri
1857 3628 2071 3686 honesti

494 3735 850 3810 possessione
879 3729 1051 3794 cadit,
1097 3742 1222 3799 quae
1249 3725 1519 3779 orationis
1560 3723 1643 3778 vis
1695 3721 1798 3776 hoc
1830 3721 2074 3790 explica-

497 3827 614 3883 ret?
643 3830 918 3895 quantave
959 3818 1163 3874 mentis
1198 3822 1348 3873 esset
1377 3812 1686 3868 adhibenda
1721 3810 2075 3882 pra-stantia?

496 3921 623 3986 Quo
650 3915 797 3972 enim
834 3912 997 3969 modo
1032 3910 1159 3981 quis
1192 3908 1260 3979 ,ιιι
1304 3904 1633 3978 explicando
1665 3914 2072 3974 assequeretur,

497 4004 645 4078 quod
682 4017 859 4074 neque
905 4002 1157 4056 oratione
1200 3996 1458 4068 exprimi,
1506 4010 1682 4065 neque
1715 4000 1897 4048 mente
1934 4007 2078 4047 como

497 4096 789 4172 prehendi
820 4092 1038 4164 potest?
1084 4092 1220 4145 Nam
1274 4090 1320 4146 si
1366 4089 1491 4159 quis
1547 4087 1621 4141 ita
1663 4085 1863 4141 mentis
1903 4083 2074 4138 aciem

498 4168 840 4258 purgaverit,
875 4191 934 4237 ut
963 4182 1149 4251 aliquo
1185 4187 1343 4249 pacto
1374 4178 1573 4233 intueri
1607 4176 1805 4247 possit,
1842 4172 1987 4244 quod
2021 4173 2076 4227 in

499 4276 937 4335 heatitudinibus
989 4273 1192 4327 factum
1248 4284 1332 4326 est
1383 4270 1547 4325 nobis
1596 4282 1627 4323 ιι
1680 4267 1789 4321 Deo
1839 4264 2078 4336 promis-

500 4382 648 4429 sum,
676 4365 724 4420 is
749 4379 967 4419 omnem
995 4362 1278 4417 hominum
1306 4374 1494 4413 vorem
1519 4355 1900 4428 reprehendet,
1920 4354 2079 4424 quasi

503 4458 709 4511 nullam
767 4455 880 4508 vim
932 4454 1131 4508 haheat
1177 4451 1244 4507 ad
1297 4451 1375 4505 rei
1426 4449 1720 4504 intellecta!
1761 4445 2082 4516 explicatio-

503 4565 667 4615 nem;
703 4548 748 4603 si
782 4546 908 4616 quis
948 4554 1128 4599 autem
1164 4542 1417 4613 corporis
1453 4543 1527 4595 ita
1558 4548 1643 4595 est
1677 4540 1923 4595 irretitus
1952 4537 2082 4591 affeo

2807 3400 3060 3455 ΚΕΦΑΛ.
3098 3402 3156 3454 ι’.

2530 3517 2593 3571 Τί
2635 3516 2701 3571 τὸ
2733 3514 2972 3583 ἀληθῶς
3013 3512 3399 3583 ἐπιθυμητόν.

2248 3629 2391 3701 Ὀση
2424 3632 2530 3700 γάρ
2568 3631 2714 3683 ἐστιν
2754 3632 2787 3700 ή
2822 3627 2994 3701 ζημία
3044 3630 3103 3682 ἐν
3149 3625 3462 3682 ἀποπτῶσει
3504 3623 3758 3694 γενέσθαι

2176 3724 2273 3794 τῆς
2299 3723 2396 3776 τοῦ
2445 3723 2612 3786 δντως
2650 3721 2814 3802 καλοῦ
2844 3722 3089 3791 κτήσεως
3113 3759 3128 3785 ,
3164 3719 3248 3783 τίς
3278 3718 3344 3774 ἂν
3389 3718 3757 3791 παραστήσειε

2175 3814 2368 3882 λόγοςς
2402 3813 2531 3885 ποίᾳ
2573 3812 2617 3865 δ’
2647 3812 2712 3866 ἀν
2745 3799 2829 3876 τις
2865 3812 3129 3883 χρήσαιτο
3172 3810 3407 3879 διανοίας
3438 3799 3708 3880 ὑπερϐολῇ
3739 3823 3755 3869 ;

2178 3908 2295 3971 πῶς
2326 3906 2392 3960 ἂν
2423 3905 2710 3971 ἐνδείξαιτο
2741 3905 2834 3958 καὶ
2873 3905 2954 3968 εἰς
2985 3903 3309 3975 ὑπογραφὴν
3333 3901 3529 3972 ἀγάγοι
3564 3899 3626 3953 τὸ
3664 3899 3760 3963 καί

2177 4000 2322 4071 λόγῳ
2351 3999 2587 4072 ἀρρητον
2617 3999 2710 4052 καὶ
2736 3998 2964 4070 νοήματι
2986 3995 3398 4065 ἀκατάληπτονς
3431 3994 3494 4048 Εἰ
3526 3992 3623 4066 μὲν
3651 3992 3760 4063 γάρ

2153 4109 2262 4157 ⁴τις
2287 4092 2399 4155 ιέπὶ
2432 4089 2683 4144 τοσοῦτον
2724 4089 2784 4143 τὸ
2814 4089 2913 4159 τῆς
2946 4087 3172 4160 καρδίας
3206 4086 3361 4157 ὄμμα
3405 4083 3758 4155 κεκάθαρται,

2180 4184 2255 4248 ὡς
2298 4180 2593 4253 δυνηθῆναί
2625 4198 2742 4245 πως
2779 4181 2905 4235 ἰδεῖν
2933 4179 2994 4234 τὸ
3022 4180 3080 4232 ἐν
3116 4180 3228 4241 τοῖς
3259 4177 3627 4249 μακαρισμοῖς
3658 4173 3763 4228 ὑπὸ

2181 4273 2274 4328 τοῦ
2301 4273 2511 4344 Κυρίου
2546 4271 2953 4342 ἐπηγγελμένον
2977 4311 2991 4336 ,
3024 4270 3203 4339 πάσης
3232 4265 3638 4336 καταγνώσεται
3664 4266 3760 4319 ἀν-

2182 4365 2459 4437 θρωπίνης
2502 4363 2686 4434 φωνῆς
2705 4403 2720 4428 ,
2751 4362 2828 4426 ὡς
2859 4360 3114 4432 οὐδεμίαν
3154 4360 3383 4431 ἐχεύσης
3407 4356 3637 4427 δύναμιν
3682 4356 3764 4418 είς

2181 4459 2279 4529 τὴν
2304 4456 2398 4510 τοῦ
2452 4456 2732 4528 νοηθέντος
2766 4455 3110 4524 παράστασιν
3135 4469 3148 4483 ·
3192 4454 3240 4505 εί
3283 4450 3341 4504 δέ
3392 4466 3475 4512 τις
3524 4448 3605 4500 ἐτι
3652 4448 3763 4507 τοῖς

2183 4551 2385 4614 ὑλικοῖς
2426 4548 2800 4619 ἐγκαθήμενος
2850 4546 3048 4600 πάθεσι
3074 4588 3090 4610 ,
3136 4543 3387 4612 καθάπερ
3435 4540 3540 4594 ὑπὸ
3585 4538 3765 4609 λήμης

503 4639 712 4704 ctibns,
754 4647 814 4692 ut
840 4636 1041 4691 mentis
1070 4650 1184 4690 suae
1208 4634 1355 4688 acies
1394 4632 1681 4688 affectione
1721 4631 1883 4694 mala,
1924 4645 2062 4699 quas

2186 4641 2329 4705 τινὸς
2357 4643 2457 4712 τῆς
2480 4637 2756 4709 ἐμπαθοῦς
2778 4637 3067 4699 διαθέσεως
3109 4635 3171 4689 τὸ
3202 4632 3504 4704 διορατικὸν
3540 4630 3639 4701 τῆς
3668 4628 3768 4697 dm-

507 4728 835 4801 lippitudine
878 4726 1115 4797 quadam
1146 4725 1443 4781 obseurata
1493 4723 1587 4789 sit,
1619 4723 1802 4778 inanis
1829 4721 1960 4775 huic
1999 4736 2064 4777 es

2188 4734 2291 4806 χῆς
2317 4732 2715 4787 ἐπιπέπλασται
2741 4775 2756 4797 ,
2811 4731 3015 4801 ματαία
3061 4729 3156 4782 καὶ
3192 4726 3364 4796 τούτῳ
3414 4725 3563 4778 πᾶσα
3594 4722 3766 4789 λόγων

505 4830 562 4877 ει
603 4820 832 4875 minime
875 4819 1162 4873 fructuosa
1189 4817 1371 4872 onmis
1399 4815 1482 4871 vis
1511 4824 1563 4870 et
1594 4815 1866 4869 orationis
1900 4814 2083 4883 capia,

504 4914 771 4986 quoniam
808 4914 862 4967 in
891 4912 1001 4968 illis
1033 4911 1127 4982 qui
1159 4910 1279 4966 sine
1318 4924 1485 4965 sensu
1521 4918 1669 4972 sunt,
1718 4907 1943 4978 perinde
1977 4916 2083 4972 est,

504 5010 692 5064 eleves
735 5005 919 5060 verbis
947 5020 1020 5061 an
1059 5000 1363 5073 ampliﬁces
1405 5001 1671 5056 miracula
1706 5017 1720 5053 :
1752 5006 1812 5053 ut
1854 4999 1909 5053 in
1954 4999 2089 5054 setis

510 5099 701 5163 radiis,
741 5097 924 5153 inanis
956 5104 1062 5163 est,
1099 5075 1279 5166 atque.
1309 5095 1534 5150 minime
1571 5093 1720 5149 utilis
1747 5091 1816 5147 de
1857 5090 1946 5147 his
1981 5105 2094 5146 ser-

510 5195 692 5247 monis
717 5188 1014 5260 explicatio
1039 5189 1111 5252 ci,
1138 5190 1232 5256 qui
1260 5187 1442 5240 lumen
1472 5183 1543 5238 ab
1570 5192 1693 5239 ortu
1720 5198 1830 5238 non
1857 5181 2089 5252 aspexit,

511 5284 772 5352 quoniam
830 5279 1056 5335 luminis
1103 5279 1288 5333 radios
1347 5276 1578 5331 auribus
1628 5274 1911 5344 percipere
1983 5286 2093 5326 non

512 5378 693 5441 potest
732 5388 744 5425 :
780 5370 855 5423 ita
901 5369 956 5423 in
996 5383 1125 5421 vero
1155 5366 1387 5432 lumine,
1421 5365 1568 5436 quod
1611 5371 1798 5420 mente
1826 5361 2095 5426 cernitur,

514 5462 633 5518 suis
659 5463 860 5529 cuique
892 5458 1073 5514 oculis
1115 5473 1255 5528 opus
1283 5465 1390 5522 est,
1441 5465 1500 5511 ut
1534 5455 1683 5510 illam
1726 5453 2097 5525 pulchritudi-

514 5568 638 5609 nem
670 5551 924 5622 aspiciat,
955 5565 1120 5620 quam
1151 5550 1244 5620 qui
1286 5561 1516 5604 munere
1547 5547 1667 5613 Dei,
1703 5562 1767 5600 ae
1795 5544 2093 5616 providen-

513 5646 589 5698 tia
621 5643 819 5706 cernit,
850 5640 1159 5697 incredibili
1194 5639 1397 5695 mentis
1428 5648 1655 5710 stupore
1681 5644 1899 5692 tenetur
1941 5636 1995 5690 in
2025 5649 2093 5690 eo

513 5735 657 5808 quod
692 5733 926 5804 exprimi
959 5747 1065 5789 non
1097 5738 1313 5803 potest;
1346 5731 1441 5803 qui
1470 5746 1598 5788 vero
1631 5744 1740 5787 non
1772 5727 2012 5800 aspexit,
2045 5727 2094 5784 is

2186 4825 2337 4896 ἰσχύς
2365 4841 2378 4856 °
2428 4824 2520 4877 ἐπὶ
2569 4822 2678 4894 γὰρ
2729 4821 2838 4875 τῶν
2876 4820 3219 4889 ἀναισθήτως
3267 4816 3541 4887 ἐχόντων,
3592 4814 3651 4866 ἐν
3683 4810 3761 4882 τῷ

2184 4903 2353 4987 ὁμοίῳ
2393 4913 2697 4981 καθέστηκε
2731 4913 2792 4966 τό
2829 4929 2889 4965 τε
2918 4909 3169 4964 ἐλαττοῦν
3215 4907 3303 4962 διὰ
3341 4905 3436 4960 τοῦ
3463 4904 3622 4973 λόγου
3671 4901 3768 4956 καὶ

2185 5006 2246 5059 τὸ
2285 5002 2602 5076 ὑπεραίρειν
2635 5002 2706 5057 τὰ
2744 5000 2993 5073 θαύματα
3015 5017 3028 5030 ·
3054 4998 3131 5063 ὡς
3159 4998 3253 5052 καὶ
3292 4996 3385 5048 ἐπὶ
3414 4994 3513 5064 τῆς
3538 4990 3771 5064 ἡλιακῆς

2189 5093 2404 5157 ἀκτῖνος
2423 5132 2437 5158 ,
2460 5090 2544 5161 τῷ
2573 5091 2649 5163 μὴ
2678 5088 2991 5161 τεθεαμένῳ
3027 5087 3088 5141 τὸ
3129 5086 3246 5157 φῶς
3277 5084 3386 5139 ἀπὸ
3431 5080 3652 5154 πρώτης
3678 5095 3769 5148 γε-

2189 5184 2389 5248 νέσεως
2416 5182 2561 5257 ἀργὴ
2598 5182 2693 5237 καὶ
2737 5181 2991 5250 ἀνόνητος
3027 5179 3233 5248 γίνεται
3260 5180 3293 5246 ὴ
3341 5175 3430 5230 διὰ
3460 5173 3574 5227 τῶν
3597 5169 3769 5238 λόγων

2189 5274 2285 5329 τοῦ
2314 5274 2490 5345 φωτὸς
2540 5275 2804 5346 ἑρμηνεία
2828 5291 2841 5304 ·
2872 5273 2932 5327 οὐ
2968 5273 3076 5342 γάρ
3128 5272 3249 5324 ἐστι
3276 5267 3497 5321 δυνατὸν
3544 5264 3642 5335 τὴν
3671 5261 3771 5331 τῆς

2193 5369 2409 5430 ἀκτῖνος
2460 5367 2778 5438 λαμπηδόνα
2832 5365 2898 5418 δι’
2933 5363 3099 5432 ἀκοῆς
3135 5360 3454 5430 ἐναυγάσαι.
3491 5355 3647 5411 Οὕτω
3678 5352 3772 5407 καὶ

2197 5459 2288 5513 ἐπὶ
2312 5457 2408 5512 τοῦ
2439 5456 2694 5529 ἀληθινοῦ
2733 5456 2826 5511 καὶ
2847 5455 3040 5527 νοητοῦ
3067 5454 3244 5525 φωτὸς
3266 5493 3282 5517 ,
3314 5451 3460 5519 ἰδίων
3478 5441 3775 5519 ὀφθαλμῶν

2200 5551 2412 5621 ἑκάστῳ
2455 5549 2613 5621 χρεία
2638 5591 2653 5615 ,
2679 5549 2766 5602 ἵνα
2811 5548 2873 5601 τὸ
2902 5546 3096 5610 κάλλος
3124 5546 3298 5599 ἐκεῖνο
3324 5543 3603 5612 θεάσηται,
3638 5540 3772 5610 ὅπερ

2199 5642 2228 5694 ὁ
2259 5640 2357 5711 μὲν
2386 5638 2507 5694 ἰδὼν
2539 5638 2680 5693 κατά
2702 5654 2820 5692 τινα
2849 5637 2998 5691 θείαν
3027 5634 3234 5706 δωρεάν
3259 5651 3318 5687 τε
3350 5634 3442 5685 καὶ
3470 5630 3765 5683 ἐπίπνοιαν.

2199 5733 2600 5807 ἀνερμήνευτον
2631 5733 2689 5787 ἐν
2712 5729 2791 5803 τῷ
2813 5730 3109 5803 ἀπορρήτῳ
3139 5729 3237 5793 τῆς
3276 5723 3633 5796 συνειδήσεως
3664 5721 3776 5794 ἔχει
