4124 6352
437 366 538 422 56!

1791 361 1880 419 DE
1896 360 2371 420 VIRGINITATE.

3601 362 3711 417 362

439 479 537 549 τὴν
579 479 840 551 ἔκπληξιν
865 496 878 510 ⁸
911 481 939 534 ὁ
981 480 1037 535 δὲ
1078 481 1153 553 μὴ
1187 480 1510 553 τεθεαμένος
1534 523 1549 547 ,
1585 480 1707 535 οὐδέ
1754 480 2021 551 γνώσεται

2128 496 2307 552 neque
2324 495 2512 537 earum
2549 495 2733 537 rerum
2760 480 3020 535 damnum
3057 477 3277 544 sentiet,
3309 478 3513 549 quibus
3542 479 3712 534 orba-

438 574 539 643 τὴν
564 572 769 644 ζημίαν
810 566 885 627 ὧν
915 574 1305 645 ἀπεστέρηται.
1338 575 1462 640 Πῶς
1494 574 1602 646 γάρ
1648 575 1717 629 ἂν
1756 591 1840 639 τις
1872 574 2022 645 αὐτῷ

438 664 797 735 διαπεφευγὸς
852 666 1013 718 αὐτὸν
1060 666 1263 734 ἀγαθὸν
1292 668 1660 738 παραστήσειε
1684 684 1699 733 ;
1727 666 1845 731 πῶς
1880 666 1925 719 δ’
1957 668 2022 723 ἄν

439 773 526 820 τις
552 758 642 810 ὑπ’
675 755 796 827 δψιν
837 756 1035 826 ἀγάγοι
1067 757 1128 811 τὸ
1167 758 1441 829 ἄφραστον
1469 774 1483 821 ;
1520 758 1678 822 Ἰδῐας
1711 758 1894 828 φωνάς
1926 775 2023 828 ση-

441 849 712 919 μαντικάς
763 850 972 903 ἐκείνου
1027 849 1121 904 τοῦ
1176 850 1404 914 κάλλους
1452 850 1513 903 οὐ
1575 850 1972 921 μεμαθήκαμεν
2004 864 2018 878 ·

441 942 745 1012 ὑπόδειγμα
792 942 883 996 τοῦ
936 942 1268 1014 ζητουμένου
1324 942 1382 995 ἐν
1408 943 1521 1005 τοῖς
1568 938 1718 996 οὖσιν
1746 944 1846 997 οὐκ
1875 942 2022 995 ἔστιν

396 1048 397 1051 ‘
439 1033 621 1087 οὐδέν’
661 1034 725 1087 ἐκ
768 1032 1108 1106 συγκρίσεώς
1142 1050 1205 1103 γε
1242 1032 1347 1105 μὴν
1373 1033 1504 1087 αὐτὸ
1531 1033 1833 1105 δηλωθῆναι
1880 1034 2021 1104 ἀμή-

438 1142 620 1193 χανον.
662 1125 759 1190 Τίς
813 1125 922 1197 γάρ
979 1125 1146 1196 ὀλίγῳ
1210 1122 1468 1196 σπινθῆρι
1523 1122 1873 1198 προσεικάζει
1930 1124 2022 1177 τὸν

439 1216 609 1286 ἥλιον,
649 1216 682 1287 ἢ
719 1216 908 1288 ρανίδα
955 1216 1214 1287 βραχεῖαν
1261 1216 1396 1287 πρὸς
1454 1214 1552 1287 τὴν
1610 1216 1718 1269 τῶν
1770 1213 2022 1268 ἀϐύσσων

440 1308 698 1380 ἀπειρίαν
730 1307 1083 1378 ἀνθίστησιν;
1129 1308 1227 1361 Ὃν
1275 1306 1384 1378 γάρ
1411 1305 1523 1378 ἔχει
1551 1306 1709 1376 λόγον
1750 1306 1887 1377 πρὸς
1922 1306 2020 1370 τὰς

440 1399 712 1463 ἀϐύσσους
755 1401 788 1470 ὴ
847 1399 1003 1468 ὀλίγη
1054 1397 1269 1467 σταγὼν
1298 1436 1314 1463 ,
1372 1398 1407 1469 ἦ
1453 1398 1590 1469 πρὸς
1643 1399 1741 1471 τὴν
1781 1399 2023 1470 μεγάλην

438 1492 632 1544 ἀκτῖνα
659 1490 755 1544 τοῦ
782 1490 935 1563 ἡλίου
965 1489 1026 1544 τὸ
1053 1489 1249 1561 μικρὸν
1282 1488 1702 1561 σπινθηράκιον·
1731 1488 1876 1544 οὕτω
1909 1490 2023 1544 διάο

439 1600 617 1638 κειται
658 1584 753 1637 καὶ
785 1584 961 1637 πάντα
991 1582 1060 1637 τά
1104 1581 1253 1654 παρά
1294 1582 1403 1636 τῶν
1429 1581 1732 1653 ἀνθρώπιον
1769 1582 1844 1645 ὡς
1882 1582 2023 1636 καλά

440 1674 830 1746 θαυμαζόμενα
859 1673 996 1747 πρὸς
1027 1675 1202 1729 ἐκεῖνο
1226 1673 1288 1727 τὸ
1312 1674 1506 1738 κάλλος
1529 1715 1544 1737 ,
1577 1673 1608 1727 δ
1636 1674 1766 1746 περὶ
1790 1674 1849 1727 τὸ
1873 1675 2023 1745 πρῶ-

440 1783 532 1820 τον
575 1766 778 1834 ἀγαθὸν
817 1768 911 1821 καὶ
940 1767 1003 1820 τὸ
1030 1768 1287 1821 ἐπέκεινα
1328 1766 1528 1829 παντὸς
1557 1765 1763 1835 ἀγαθοῦ
1798 1765 2020 1837 θεωρεῖ-

2131 584 2220 629 tus
2273 582 2380 628 est.
2441 571 2731 638 Quomodo
2801 572 2949 627 enim
3013 572 3090 626 illi
3133 571 3427 642 quisquam
3502 570 3710 625 bonum

2127 674 2445 736 exponeret,
2492 664 2641 736 quod
2696 666 2766 719 ab
2817 664 2940 733 ejus
2983 678 3150 719 sensu
3198 661 3437 733 refugit?
3470 676 3579 732 qua
3629 674 3713 716 ra-

2130 759 2279 814 tione
2322 774 2434 815 rem
2486 758 2559 815 ob
2588 757 2780 813 oculos
2824 765 3073 829 poneret,
3118 772 3243 828 quin
3286 757 3389 812 sub
3424 762 3708 826 aspectum

2129 868 2237 906 non
2269 852 2450 907 cadit?
2494 866 2595 907 nos
2623 850 2846 921 propria
2895 849 3084 913 verba,
3118 864 3241 920 quae
3279 848 3431 903 illius
3461 844 3708 918 pulchri-

2130 944 2337 999 tudinis
2364 943 2600 1014 speciem
2633 942 3028 1013 signiﬁcarent,
3064 956 3174 995 non
3222 939 3559 1004 didicimus;
3596 952 3712 995 non

2129 1036 2301 1090 ullum
2340 1010 2481 1105 ejus,
2515 1034 2582 1090 de
2616 1010 2727 1106 quo
2776 1034 3067 1104 quaeritur,
3119 1041 3301 1088 exstat
3344 1029 3656 1101 exemplum
3689 1047 3704 1083 :
3766 1010 3785 1025 ’

2128 1128 2539 1198 comparatione
2564 1142 2697 1183 vero
2725 1127 2910 1198 aliqua
2945 1126 3052 1181 hoc
3087 1125 3265 1196 ipsum
3305 1122 3571 1178 illustrari
3604 1116 3712 1177 dif-

2130 1219 2274 1273 ficile
2300 1233 2435 1273 sane
2467 1225 2572 1274 est.
2611 1216 2749 1283 Quis
2794 1218 2941 1272 enim
2979 1230 3163 1287 parvae
3193 1214 3509 1271 scintillnlaa
3535 1212 3709 1268 solem

2128 1313 2435 1378 comparat,
2465 1314 2560 1360 aut
2589 1320 2816 1378 parvam
2846 1305 3048 1361 stillam
3079 1320 3206 1360 cum
3239 1304 3510 1359 immensa
3537 1317 3711 1373 aqua-

2128 1414 2250 1453 rum
2289 1398 2551 1468 voragine
2593 1396 2849 1453 confert?
2878 1398 3089 1453 nullam
3138 1396 3287 1452 enim
3343 1395 3711 1466 comparatio-

2129 1504 2253 1543 nem
2298 1488 2460 1544 habet
2489 1504 2667 1559 neque
2695 1503 2818 1543 cum
2863 1488 3128 1559 voragine
3157 1495 3329 1558 gutta,
3369 1500 3548 1555 neque
3582 1499 3709 1539 cum

2129 1582 2264 1636 solis
2301 1580 2475 1636 radiis
2510 1580 2736 1634 minima
2781 1579 3044 1635 scintilla.
3077 1577 3279 1633 Eodem
3323 1578 3486 1634 modo
3524 1591 3584 1631 se
3612 1575 3712 1629 Ita-

2129 1669 2260 1724 bent
2287 1670 2495 1732 omnia,
2528 1682 2872 1739 quaecunque
2900 1667 3151 1723 homines
3178 1675 3443 1737 tanquam
3479 1664 3711 1735 pulchra

2129 1759 2496 1825 admirantur,
2518 1758 2927 1831 comparatione
2953 1758 3099 1814 facta
3125 1774 3252 1813 eum
3282 1774 3348 1813 eo
3370 1756 3517 1827 quod
3545 1771 3711 1811 omne

438 1872 551 1909 ται.
593 1857 688 1920 Τίς
714 1851 808 1910 οὖν
841 1857 1052 1911 ἐπίνοια
1095 1857 1156 1910 τὸ
1186 1855 1417 1928 μέγεθος
1447 1855 1549 1927 τῆς
1578 1854 1780 1929 ζημίας
1803 1856 1880 1928 τῷ
1915 1875 2022 1911 πα-

2127 1850 2417 1921 pulchrum
2452 1859 2617 1921 atque
2663 1850 2868 1905 bonum
2910 1849 3150 1905 excedit.
3186 1847 3374 1919 Itaque
3407 1862 3528 1918 quaa
3560 1864 3684 1903 men

441 1947 587 2001 θὸντι
630 1946 730 2019 τὴν
786 1947 987 2019 ζημίαν
1035 1947 1239 2019 ταύτην
1298 1948 1633 2017 ἐνδείξεται;
1682 1947 1878 2011 Καλῶς
1935 1964 2024 2017 μοι

437 2040 586 2095 δοκεῖ
612 2042 641 2095 ὁ
676 2040 849 2112 μέγας
887 2040 1050 2094 Δαόὶδ
1077 2041 1175 2113 τὴν
1200 2042 1511 2113 ἀμηχανίαν
1543 2040 1865 2112 ἐνδεδεῖχθαι
1893 2039 2026 2094 ταύ⁴

439 2151 540 2205 την
563 2150 579 2164 ο
607 2132 664 2196 ὃς
692 2132 877 2204 ἐπειδή
908 2149 1036 2187 ποτε
1059 2132 1285 2203 δυνάμει
1316 2132 1411 2187 τοῦ
1447 2131 1762 2204 Πνεύματος
1791 2130 2025 2202 ὑψωθεὶς

440 2222 540 2286 τὴν
578 2222 818 2277 διάνοιαν
844 2261 859 2285 ,
912 2222 1007 2275 καὶ
1051 2214 1162 2275 οἷον
1210 2219 1380 2285 ἐκδάς
1427 2220 1589 2285 αὐτὸς
1621 2218 1813 2273 ἐαυτὸν
1835 2259 1851 2286 ,
1886 2214 2024 2273 εἶδεν

440 2317 617 2369 ἐκεῖνο
655 2314 716 2368 τὸ
744 2314 1024 2385 ἀμήχανον
1056 2314 1152 2368 καὶ
1202 2313 1559 2386 ἀπερινόητον
1610 2310 1806 2376 κάλλος
1853 2312 1910 2364 ἐν
1954 2314 2022 2383 τῇ

445 2405 691 2478 μακαρία
723 2405 977 2459 ἐκστάσει
1011 2399 1138 2475 (εἶδε
1170 2403 1229 2458 δὲ
1276 2404 1493 2468 πάντως
1528 2402 1606 2468 ὡς
1642 2402 1915 2475 ἀνθρώπῳ
1959 2420 2023 2473 γε

437 2497 661 2551 δυνατὸν
706 2497 863 2560 ίδεῖν,
889 2494 995 2561 ἔξω
1033 2494 1141 2549 τῶν
1169 2497 1269 2568 τῆς
1300 2495 1503 2568 σαρκὸς
1545 2494 2024 2569 προκαλυμμάτων

440 2588 730 2660 γενόμενος
757 2628 771 2653 ,
801 2588 895 2641 καὶ
931 2585 1188 2641 είσελθὼν
1213 2587 1302 2641 διά
1344 2587 1513 2658 μόνης
1537 2586 1777 2649 διανοίας
1806 2590 1885 2649 είς
1924 2587 2023 2658 τὴν

440 2681 549 2736 τῶν
591 2681 896 2751 ἀσωμάτων
927 2681 1022 2733 καὶ
1068 2678 1274 2751 νοητῶν
1304 2677 1561 2748 θεωρίαν)
1581 2693 1598 2710 ⁸
1628 2678 1815 2751 ἐπειδή
1844 2696 1897 2733 τι
1930 2678 2025 2733 καὶ

442 2775 618 2827 εἰπεῖν
640 2774 787 2839 ἄξιον
813 2772 909 2827 τοῦ
948 2772 1205 2841 ὀφθέντος
1258 2771 1598 2843 ἐπεπόθησεν
1622 2812 1641 2838 ,
1668 2770 1886 2844 ἐκείνην
1940 2770 2026 2837 ἐξ-

440 2865 632 2935 εδόησε
663 2865 764 2937 τὴν
790 2865 973 2936 φωνὴν
992 2903 1007 2927 ,
1036 2865 1109 2935 ἣν
1138 2863 1338 2927 πάντες
1383 2862 1617 2936 ᾅδουσιν,
1656 2863 1738 2917 ὅτι
1764 2860 1889 2930 Πᾶς
1915 2862 2024 2918 ἄν·

442 2960 674 3027 θρώπος
700 2956 1005 3025 ψεύστης-ο
1033 2954 1193 3009 τοῦτο
1213 2952 1270 3007 δέ
1294 2953 1461 3019 ἐστιν,
1488 2952 1566 3017 ὥς
1603 2969 1666 3022 γε
1708 2953 1738 3007 ὁ
1777 2952 1911 3023 ἐμὸς
1933 2952 2021 3010 λό-

442 3063 576 3117 γος,
609 3048 691 3101 ὅτι
736 3046 845 3110 πᾶς
890 3043 1175 3119 ἄνθρωπος
1230 3046 1381 3117 φωνῇ
1430 3044 1746 3117 ἐπιτρέπων
1785 3042 1883 3116 τὴν
1927 3041 2021 3097 τοῦ

440 3138 721 3210 ἀφράστου
752 3137 928 3207 φωτὸς
974 3135 1270 3209 ἑρμηνείαν
1292 3177 1308 3203 ,
1338 3136 1507 3200 ὅντως
1557 3132 1798 3206 ψεύστης
1828 3134 1974 3188 ἐστίν
2003 3150 2021 3166 ·

442 3233 563 3302 οὐχι
616 3229 692 3302 τῷ
734 3233 909 3302 μισεῖν
937 3230 1105 3301 αὐτὴν
1128 3270 1144 3294 ,
1196 3228 1333 3284 ἀλλά
1358 3228 1435 3299 τῷ
1469 3227 1714 3283 ἀσθενεῖν
1754 3226 1883 3299 περὶ
1924 3226 2023 3298 τὴν
2050 3220 2094 3279 C

442 3322 536 3378 τοῦ
562 3322 840 3393 νοηθέντος
863 3321 1229 3393 παράστασιν.
1262 3319 1334 3374 Τὸ
1359 3319 1456 3391 μὲν
1485 3318 1595 3391 γάρ
1618 3316 1872 3388 αίσθητδν
1893 3316 2023 3372 κάλ-

443 3414 533 3478 λος
552 3459 567 3483 ,
593 3414 715 3468 ὅσον
736 3412 888 3467 κάτω
913 3413 1042 3484 περὶ
1064 3411 1156 3466 τὸν
1181 3410 1448 3483 ἡμέτερον
1470 3409 1865 3481 ἀναστρέφεται
1886 3407 2021 3480 βίον,

442 3506 557 3559 εἴτε
585 3506 643 3557 ἐν
669 3502 896 3575 ἀψύχοις
920 3502 1078 3567 ὕλαις
1095 3542 1111 3567 ,
1148 3502 1258 3556 εἴτε
1291 3501 1384 3555 καὶ
1406 3503 1464 3555 ἐν
1491 3499 1737 3571 σώμασιν
1761 3498 2024 3571 ἐμψύχοις

440 3596 532 3652 διά
556 3612 701 3661 τινος
739 3594 994 3667 εὐχροίας
1022 3590 1522 3665 ἐμφανταζόμενον,
1556 3591 1835 3663 αὐτάρκης
1866 3591 2024 3662 ἡμῶν

443 3688 480 3757 ἢ
502 3687 643 3742 κατά
678 3685 776 3759 τὴν
796 3684 1050 3757 αἴσθησιν
1077 3682 1308 3755 δύναμις
1334 3683 1429 3737 καὶ
1451 3681 1752 3753 θαυμάσαι,
1783 3682 1878 3736 καὶ
1897 3682 2024 3736 ἀπο-

442 3777 723 3846 δέξασθαι,
747 3778 845 3833 καὶ
867 3779 1141 3850 γνώριμον
1173 3776 1345 3847 ἐτέρῳ
1375 3774 1618 3845 ποιῆσαι,
1647 3773 1738 3829 διά
1779 3775 1877 3845 τῆς
1917 3775 2024 3828 τῶν

444 3871 619 3941 λόγων
663 3871 879 3943 γραφῆς
921 3868 1111 3941 ὥσπερ
1141 3869 1200 3922 ἐν
1250 3867 1416 3921 εἰκόνι
1457 3866 1565 3919 τινὶ
1614 3865 1693 3937 τῷ
1733 3865 1878 3937 λόγῳ
1929 3866 2024 3920 τοῦ

444 3963 683 4023 τοιούτου
706 3963 935 4025 κάλλους
968 3957 1381 4032 ἐγγραφομένου
1401 3976 1417 3991 ο
1451 3952 1511 4014 οὗ
1539 3957 1597 4010 δὲ
1628 3958 1689 4011 τὸ
1717 3956 2025 4029 ἀρχέτυπον

444 4055 639 4121 κάλλος
691 4055 970 4125 διαφεύγει
1010 4052 1120 4125 τὴν
1168 4051 1492 4122 κατανόησιν
1512 4092 1531 4119 ,
1562 4053 1680 4116 πῶς
1718 4053 1784 4106 ἂν
1810 4053 1839 4104 ὁ
1869 4050 2026 4120 λόγος

444 4148 539 4202 ὑπ’
569 4148 692 4218 ὄψιν
719 4146 936 4216 ἀγάγοι,
968 4144 1225 4217 οὐδεμίαν
1262 4143 1509 4215 μηχανὴν
1535 4143 1864 4214 ἐξευρίσκων
1895 4144 2026 4196 ὐπο-

446 4240 663 4312 γραφῆς
684 4279 700 4301 ,
725 4238 786 4291 οὐ
813 4232 999 4310 χροιάν
1028 4235 1169 4307 ἔχων
1207 4236 1404 4300 εἰπεῖν,
1428 4235 1491 4287 οὐ
1520 4237 1705 4306 σχῆμα
1724 4275 1740 4296 ,
1768 4235 1830 4288 οὐ
1864 4234 2025 4305 μέγε·

445 4330 571 4396 οος,
601 4331 662 4385 οὐ
698 4330 912 4401 μορφῆς
949 4325 1229 4400 εὐμοιρίαν
1249 4364 1267 4389 ,
1292 4325 1415 4379 οὐδέ
1444 4342 1567 4379 τινα
1597 4324 1733 4388 ὅλως
1758 4324 2025 4396 φλυαρίαν

444 4419 731 4489 τοιαύτην;
766 4416 841 4471 Τὸ
874 4418 983 4488 γάρ
1008 4415 1185 4480 ἀειδὲς
1216 4413 1393 4486 πάντη
1414 4456 1430 4481 ,
1468 4415 1561 4467 καὶ
1597 4414 2024 4485 ἀσχημάτιστον,

444 4508 544 4564 καὶ
595 4506 954 4580 πηλικότητος
987 4507 1175 4578 πάσης
1212 4506 1488 4578 ἀλλότριον
1505 4545 1521 4571 ,
1555 4507 1649 4560 καὶ
1680 4506 1897 4560 πάντων
1923 4507 2024 4561 ὅσα

2127 1948 2200 2003 ιίε
2241 1948 2323 2003 vis
2369 1956 2476 2012 est,
2512 1957 2572 2002 ut
2622 1946 2696 2012 ei,
2731 1947 2825 2017 qui
2877 1945 2981 2001 hoc
3027 1944 3230 1999 damno
3280 1944 3535 2009 allicitnr,
3576 1943 3712 1998 illud

2127 2040 2303 2109 ipsum
2348 2040 2735 2095 demonstret?
2769 2036 2936 2095 Recte
2981 2038 3114 2093 mihi
3139 2037 3360 2106 quidem
3394 2038 3537 2092 hanc
3574 2035 3714 2090 diffi-

2125 2132 2382 2186 cultatem
2429 2147 2678 2188 summus
2728 2132 2820 2187 ille
2872 2130 3041 2185 David
3100 2130 3512 2186 demonstrasse
3556 2130 3711 2184 vide»

2128 2232 2215 2277 tur
2257 2239 2271 2277 :
2302 2223 2395 2294 qui
2436 2221 2678 2294 Spiritus
2707 2223 2759 2278 vi
2795 2221 3091 2294 aliquando
3125 2232 3308 2277 mente
3333 2222 3534 2287 elatus,
3567 2237 3711 2291 qua-

2125 2315 2284 2385 sique
2333 2322 2487 2370 extra
2554 2330 2616 2371 se
2666 2316 2918 2387 positus,
2978 2329 3216 2384 cumque
3270 2314 3327 2368 in
3391 2312 3550 2368 beata
3620 2311 3709 2365 illa

2127 2407 2326 2463 mentis
2363 2407 2599 2463 elatione
2647 2415 2815 2473 esset,
2856 2406 3323 2478 pulchritudinem
3375 2405 3524 2460 illam
3571 2404 3734 2459 difli-.

2124 2501 2307 2567 cilem,
2339 2516 2462 2572 qua:
2494 2516 2606 2557 non
2639 2511 2820 2556 mente
2862 2499 3366 2571 comprehenditur,
3403 2497 3521 2569 ipse
3553 2496 3707 2561 vidit,

2125 2598 2187 2644 ut
2222 2592 2430 2646 homini
2467 2592 2661 2647 saltem
2691 2599 2872 2663 potest
2901 2592 3241 2663 contingere,
3277 2591 3529 2662 corporis
3560 2590 3711 2645 velut

2125 2692 2324 2739 exutus
2376 2683 2701 2744 involucris,
2744 2684 2863 2739 sola
2905 2693 3086 2740 mente
3115 2680 3411 2754 animoque
3461 2697 3588 2737 cum
3640 2683 3710 2737 ad

2127 2789 2334 2839 rerum,
2379 2789 2502 2845 quae
2549 2789 2783 2845 corpore
2826 2782 3048 2838 vacant,
3088 2783 3379 2845 menteque
3413 2774 3590 2830 solum
3627 2772 3713 2827 in-

2127 2864 2485 2937 telliguntur,
2532 2865 3053 2936 contemplationem
3107 2881 3169 2921 se
3216 2865 3521 2931 conferret,
3578 2880 3713 2936 quo-

2124 2957 2275 3013 niam
2319 2957 2526 3028 aliquid
2572 2959 2761 3014 dicere
2806 2958 3059 3030 cupierat
3096 2974 3163 3014 eo
3205 2957 3456 3029 dignum,
3485 2959 3631 3029 quod
3681 2972 3714 3011 α

2126 3064 2187 3105 se
2214 3060 2569 3120 conspectum
2589 3059 2726 3117 erat,
2751 3049 3021 3120 ejusmodi
3040 3050 3263 3106 verbum
3292 3049 3540 3120 protulit,
3565 3049 3712 3120 quod

2126 3143 2291 3215 vulgo
2329 3142 2439 3197 dici
2478 3143 2617 3199 solet
2648 3160 2662 3197 :
2697 3162 2715 3194 ι
2745 3139 2938 3197 Omnis
2962 3142 3124 3197 homo
3160 3140 3391 3195 mendax
3414 3140 3511 3193 ¹⁶⁶ε
3553 3159 3571 3190 ι
3608 3140 3716 3194 hoc

2127 3244 2236 3303 est,
2268 3242 2329 3290 ut
2353 3249 2474 3289 mea
2507 3233 2611 3289 fert
2637 3234 2847 3305 Opinlo,
2879 3234 3045 3289 homo
3065 3233 3268 3295 omnis,
3293 3232 3387 3303 qui
3416 3230 3713 3287 ineﬂ'abilis

2128 3324 2353 3381 luminis
2404 3324 2914 3395 interpretationem
2967 3323 3211 3380 sermoni
3262 3322 3567 3394 permittit,
3624 3322 3714 3376 hic

2126 3427 2212 3475 est
2242 3433 2302 3473 re
2334 3431 2464 3474 vera
2514 3414 2689 3472 falsus
2722 3435 2736 3471 :
2772 3431 2885 3471 non
2919 3414 3048 3486 quia
3087 3414 3376 3470 veritatem
3424 3412 3563 3477 odit,
3615 3413 3712 3469 sed

2126 3508 2387 3580 quoniam
2437 3506 2507 3562 ad
2572 3506 2695 3578 ejus
2746 3505 2893 3577 quod
2952 3513 3133 3561 mente
3199 3505 3711 3576 comprehenditur,

2126 3601 2551 3674 explicationem
2588 3599 2840 3656 infirmus
2880 3606 2989 3654 est.
3029 3597 3503 3653 Pulchritudinem
3539 3598 3712 3662 enim.

2126 3709 2250 3765 quae
2277 3693 2535 3750 sensibus
2564 3692 2889 3764 percipitur,
2928 3707 3118 3763 quaeve
3153 3692 3207 3747 in
3241 3692 3405 3747 terris
3430 3692 3485 3746 in
3518 3702 3714 3747 nostra

2126 3786 2234 3841 hac
2276 3785 2383 3839 vita
2424 3784 2693 3848 cernitur,
2730 3784 2847 3840 sive
2882 3783 2971 3837 illa
3014 3783 3087 3839 sit
3121 3783 3176 3837 in
3229 3781 3395 3838 rebus
3426 3782 3710 3847 inanimis,

2127 3879 2245 3933 sive
2284 3876 2336 3931 in
2385 3876 2716 3947 corporibus
2750 3874 3035 3938 animatis,
3088 3875 3235 3930 bono
3290 3875 3479 3946 aliquo
3525 3877 3715 3931 colore

2126 3969 2457 4039 excogitata,
2505 3969 2589 4025 vis
2642 3982 2905 4024 sensuum
2955 3975 3275 4023 nostrorum
3309 3983 3406 4039 per
3459 3982 3521 4024 se
3576 3971 3714 4026 satis

2126 4069 2232 4126 est,
2261 4071 2321 4115 ut
2352 4061 2501 4114 illam
2540 4075 2640 4115 nos
2683 4059 3041 4129 aspiciamus,
3084 4058 3445 4124 admiremur,
3475 4060 3712 4115 demon-

2128 4161 2367 4207 stremus
2412 4152 2559 4217 aliis,
2599 4165 2662 4204 ac
2712 4165 2988 4211 sermone.
3030 4150 3189 4220 quasi
3244 4151 3297 4205 in
3345 4152 3543 4206 tabella
3575 4167 3714 4223 qua-

2128 4242 2251 4297 dam
2284 4241 2357 4298 sit
2385 4239 2551 4310 hujus
2585 4239 3018 4310 pulchritudinis
3048 4254 3309 4311 expressa
3343 4242 3578 4310 species,
3610 4257 3714 4296 nos

2128 4340 2239 4387 tam
2307 4333 2455 4386 illam
2513 4330 2728 4385 caeteris
2781 4329 3089 4396 faciamus;
3164 4346 3343 4401 neque
3389 4332 3535 4388 enim
3589 4334 3712 4405 ejus

2126 4423 2407 4492 exemplar
2453 4419 2867 4491 intelligentiam
2908 4420 3048 4491 fugit
3082 4438 3097 4475 :
3132 4436 3242 4490 quo
3286 4421 3449 4477 modo
3491 4424 3602 4489 ﬂet,
3652 4433 3713 4479 ut

2128 4512 2199 4568 ob
2243 4511 2435 4568 oculos
2486 4527 2601 4565 rem
2651 4521 2817 4582 ponat
2849 4512 3053 4577 oratio,
3106 4528 3229 4583 qua:
3260 4513 3466 4568 nullam
3500 4514 3713 4571 descri-

450 4599 577 4671 περὶ
607 4573 767 4670 σώμα
806 4573 901 4653 καὶ
930 4573 1185 4670 αἴσθησιν
1218 4573 1525 4669 θεωρεῖται,
1558 4597 1844 4670 πόρρωθεν
1875 4597 2022 4666 ίδρύ·

2129 4605 2293 4661 bendi
2328 4613 2501 4660 artem
2541 4603 2830 4676 comperit,
2876 4619 2988 4660 non
3027 4604 3249 4663 dicendi
3289 4608 3557 4674 colorem,
3600 4625 3714 4667 non

452 4707 643 4762 μενον,
670 4689 788 4753 πῶς
834 4688 899 4743 ἀν
931 4707 1017 4753 τις
1051 4688 1140 4744 διά
1156 4687 1265 4743 τῶν
1311 4687 1455 4761 μόνη
1480 4690 1547 4761 τῇ
1581 4688 1832 4760 αἰσθήσει
1858 4707 2026 4745 κατα-

444 4780 872 4854 λαμϐανομένων
921 4779 1271 4852 γνωρίσειενς
1320 4781 1395 4834 Οὐ
1454 4780 1561 4853 μὴν
1615 4780 1704 4836 διά
1752 4780 1912 4836 τοῦτό
1961 4799 2025 4844 γε

444 4872 821 4943 ἀπογνωστέον
868 4873 1001 4943 ἡμῖν
1028 4874 1128 4944 τῆς
1170 4869 1464 4943 ἐπιθυμίας
1487 4869 1728 4941 ταύτης,
1767 4871 1849 4925 ὅτι
1887 4869 2027 4942 ὐψη-

444 4965 638 5037 λοτέρα
673 4962 920 5034 φαίνεται
949 4962 1050 5035 τῆς
1079 4962 1431 5035 καταλήψεως
1450 4980 1463 4993 ο
1499 4961 1613 5016 ἀλλ’
1641 4962 1753 5033 ὅσῳ
1798 4960 1941 5032 μέγα
1964 4961 2026 5015 τὸ

442 5055 773 5128 ζητούμενον
799 5056 829 5109 ὁ
866 5054 1021 5124 λόγος
1050 5052 1353 5121 ἀπέδειξεν,
1372 5054 1609 5126 τοσούτῳ
1637 5054 1835 5125 μᾶλλον
1861 5055 2023 5125 ὐψού-

450 5147 572 5200 σθαι
598 5145 707 5218 χρὴ
736 5144 833 5216 τὴν
858 5144 1099 5200 διάνοιαν
1122 5147 1217 5200 καὶ
1257 5146 1673 5219 συνεπαίρεσθαι
1700 5144 1777 5218 τῷ
1804 5144 2022 5219 μεγέθει

441 5235 534 5289 τοῦ
569 5234 925 5308 ζητουμένου,
959 5236 1035 5309 μὴ
1062 5236 1337 5302 παντελῶς
1372 5236 1477 5303 ἔξω
1508 5236 1761 5306 γενέσθαι
1806 5238 1906 5309 τῆς
1927 5238 2022 5291 τοῦ

442 5323 648 5392 ἀγαθοῦ
705 5326 994 5397 μετουσίας
1020 5344 1034 5358 ·
1067 5326 1311 5392 κίνδυνος
1356 5328 1463 5398 γὰρ
1490 5328 1549 5381 οὐ
1592 5328 1806 5401 μικρὸς,
1832 5329 1905 5401 μὴ
1945 5327 2024 5400 τῷ

442 5416 562 5469 λίαν
591 5412 782 5488 ὑψηλῷ
814 5434 874 5471 τε
901 5418 996 5473 καὶ
1022 5419 1271 5492 ἀρρήτῳ,
1308 5420 1621 5475 παντάπασι
1651 5422 1750 5493 τῆς
1773 5422 1901 5494 περὶ
1926 5422 2026 5476 αὐ·

443 5504 536 5559 τοῦ
570 5506 779 5572 ἐννοίας
835 5508 1289 5582 ἀπολισθήσωμεν
1318 5550 1334 5577 ,
1375 5508 1563 5582 μηδενὶ
1607 5510 1869 5582 γνωρίμῳ
1925 5508 2025 5583 τὴν

444 5594 769 5668 κατανόησιν
796 5594 977 5653 αὐτῶν
997 5600 1387 5675 ἐπερείδοντες.
1421 5602 1512 5654 Δεῖ
1542 5598 1719 5654 τοίνυν
1747 5600 1848 5672 τῆς
1876 5601 2026 5655 ἀσθε-

522 5782 584 5814 ¹³⁶
609 5781 752 5838 l’sal.
779 5797 904 5847 cxv,
934 5782 1023 5838 tt.

764 5878 1039 5940 Ριτιιοι.
1083 5877 1198 5937 Gn.
1247 5876 1445 5937 XLVI

2123 4698 2375 4769 figuram,
2406 4711 2515 4751 non
2548 4695 3005 4766 magnitudinem,
3046 4712 3158 4753 non
3193 4697 3561 4769 integritatem
3594 4700 3709 4757 for-

2124 4806 2246 4855 mae,
2294 4803 2475 4860 neque
2524 4789 2664 4844 ullas
2706 4790 2865 4861 plane
2896 4789 2950 4844 id
2998 4790 3217 4862 generis
3276 4808 3452 4863 nugas
3503 4793 3714 4850 habet?

2124 4880 2269 4952 quod
2325 4881 2473 4936 enim
2523 4880 2593 4934 ab
2644 4880 2793 4935 omni
2825 4889 2981 4953 parte
3030 4882 3330 4938 obscurum
3379 4892 3486 4950 est,
3531 4899 3712 4954 neque

2124 4974 2237 5027 ulla
2280 4970 2479 5051 forma.
2503 4986 2849 5042 expressum,
2876 4973 3093 5041 quodve
3131 4972 3201 5028 ab
3233 4974 3383 5028 omni
3432 4975 3710 5046 magnitu-

2130 5064 2258 5121 dine
2300 5064 2562 5129 alicnutn,
2623 5064 2893 5134 longeque
2929 5065 2998 5119 ab
3049 5065 3135 5121 his
3168 5068 3426 5123 omnibus
3469 5069 3712 5139 positum

2130 5164 2248 5222 est,
2307 5171 2429 5226 quas
2497 5156 2750 5226 corporis
2796 5156 3056 5213 sensibus
3111 5167 3434 5222 cernuntur,
3495 5158 3550 5215 id
3600 5177 3712 5231 quo

2132 5250 2292 5305 modo
2326 5248 2526 5318 aliquis
2560 5247 2839 5319 cognitum
2871 5264 2939 5303 ex
2982 5248 3050 5304 iis
3098 5249 3263 5305 rebus
3305 5249 3552 5314 haberet.
3590 5269 3712 5322 quae

2130 5338 2250 5392 solo
2294 5352 2461 5392 sensu
2508 5336 3096 5408 comprehenduntur?
3130 5338 3245 5393 Non
3289 5346 3583 5411 propterea
3625 5348 3706 5396 ta-

2131 5445 2253 5485 men
2304 5429 2469 5499 hujus
2515 5428 2872 5499 cognitionis.
2924 5428 3357 5501 cupiditatisque
3400 5447 3507 5488 nos
3556 5448 3707 5503 spent

2128 5522 2404 5593 deponere
2454 5521 2739 5585 debemus,
2794 5522 3055 5593 quoniam
3112 5524 3276 5579 altior
3343 5541 3410 5581 ea
3455 5535 3706 5599 apparet,

2133 5629 2296 5685 quam
2328 5621 2386 5669 ut
2418 5621 2601 5669 mente
2622 5614 3011 5685 conlprehendi
3049 5617 3265 5688 possit;
3296 5618 3414 5686 sed,
3451 5634 3563 5690 quo
3590 5633 3707 5674 ma~

3311 5886 3387 5945 12
