4124 6352
496 310 607 367 565

1754 310 1811 365 S.
1855 309 2182 366 GREGORII
2202 310 2494 368 NYSSENI

3656 322 3759 378 ΞΜ

503 424 590 493 jus
628 432 710 478 est
748 423 822 487 id,
852 424 999 495 quod
1028 423 1312 495 quaeritur,
1350 439 1414 478 eo
1455 424 1621 478 altius
1651 424 1835 478 animo
1866 432 2065 477 mente-

2179 424 2326 488 νείας
2365 426 2550 480 ἕνεκεν
2591 430 2792 501 ταύτης
2819 431 2905 485 διὰ
2935 432 3039 486 τῶν
3091 436 3161 506 τῇ
3186 435 3443 505 αἰσθήσει
3472 438 3759 509 γνωρίμων

505 531 609 585 que.
638 516 843 578 etlerri,
877 518 1062 587 reique
1094 517 1266 587 ipsius
1306 516 1680 586 magnitudine
1711 514 1885 589 magis
1912 521 2075 583 atque

506 607 680 672 magis
725 621 824 659 nos
858 606 1087 660 excitari
1124 616 1359 676 oportet,
1393 613 1452 657 ut
1497 620 1565 659 ne
1611 605 1680 656 ab
1734 603 1907 672 ipsius
1938 603 2064 655 boni

2182 522 2537 587 χειραγωγεῖν
2589 521 2723 591 πρὸς
2771 522 2831 573 τὸ
2874 523 3103 594 ἀόρατον
3149 525 3248 596 τὴν
3291 525 3548 582 διάνοιαν.
3590 529 3655 582 Ἢ
3703 529 3761 584 δέ

2173 607 2384 661 ἐπίνοια
2410 610 2625 678 γένοιτο
2653 612 2719 667 ἂν
2749 615 2879 685 ἡμῖν
2906 615 3135 687 τοιαύτη
3156 630 3175 648 '

504 697 764 749 societate
816 695 978 747 alieni
1032 709 1131 749 nos
1180 693 1337 762 plane
1388 692 1711 747 eﬂiciamur.
1764 691 2073 745 Periculum
2112 696 2257 749 enim
2298 714 2409 752 nou
2490 717 2717 770 parvum
2784 714 2892 771 est,
2928 718 3023 770 ne,
3057 722 3183 763 cum
3214 710 3420 768 nullius
3454 708 3539 768 rei
3568 713 3760 778 cogni-

503 792 652 843 tione
692 789 857 858 hujus
902 789 1322 859 intelligentiam
1366 788 1486 854 capi
1523 802 1686 857 posse
1762 786 2238 855 allirmavcrituus,

2318 804 2541 865 propter
2593 813 2851 868 magnam
2918 803 3210 870 quamdam
3277 813 3333 859 et
3400 806 3759 876 inexplitabi-

450 953 455 957 _
503 888 607 940 lctn
650 881 1079 952 magnitudinem
1127 898 1228 961 nos
1268 883 1390 952 ejus
1433 883 1660 937 ontnino
1704 883 2068 953 cognitionem
2106 888 2445 946 amittamus.
2489 891 2681 963 Itaque
2714 904 2939 966 propter
2966 898 3108 954 hanc
3175 898 3353 970 ipsam
3417 902 3760 957 imbecillita-

452 1019 459 1028 .
501 992 630 1035 tem,
672 991 737 1029 ex
781 975 943 1029 rebus
972 990 1136 1029 sensu
1164 973 1399 1064 cognitis
1430 974 1627 1064 mentis
1665 975 1771 1028 vim
1799 991 1902 1030 nos
1933 976 2336 1046 quodammodo
2367 985 2433 1037 ad
2478 985 2530 1039 id
2582 985 2868 1044 traducere
2928 998 3166 1060 oportet,
3241 992 3389 1064 quod
3453 994 3560 1049 sub
3625 1010 3759 1050 oeu-

440 1121 451 1130 ,
503 1064 587 1120 los
627 1078 733 1119 non
787 1066 955 1119 cadit.
1004 1066 1181 1133 Atque
1233 1063 1289 1118 in
1328 1063 1431 1117 hac
1473 1063 1692 1133 quidem
1733 1066 2200 1135 contemplatione
2229 1086 2331 1127 nos
2371 1073 2446 1129 ita
2476 1088 2781 1132 versemur.

1111 1174 1342 1231 CAPUT
1378 1175 1469 1231 XI.

446 1302 453 1307 -
510 1269 972 1337 Quemadmodum
1010 1270 1126 1339 quis
1175 1270 1227 1321 in
1260 1267 1681 1339 consideratione
1715 1286 1829 1325 cere
1874 1270 2080 1325 honesti

1088 1339 1289 1392 versari
1313 1338 1481 1391 debet.

570 1431 673 1498 Qui
704 1430 1007 1485 exteriores
1056 1437 1268 1483 tantum
1313 1443 1401 1482 res
1444 1429 1591 1482 nulla
1634 1430 1887 1499 penitiori
1936 1446 2075 1485 con-

2779 1193 3031 1248 ΚΕΦΔΛ.
3066 1196 3169 1250 IA'.

2180 1276 2315 1344 Πῶς
2342 1279 2418 1333 ἄν
2442 1298 2531 1347 τις
2549 1283 2619 1336 ἐν
2639 1287 2908 1353 περινοίᾳ
2946 1286 3177 1355 γένοιτο
3195 1289 3299 1343 τοῦ
3324 1289 3510 1357 ὄντως
3538 1292 3757 1349 καλοῦ.

2247 1433 2457 1506 Ὥσπερ
2482 1437 2660 1491 τοίνυν
2687 1442 2737 1493 οἱ
2770 1442 2869 1511 μὲν
2900 1444 3341 1516 ἐπιπολαιότερον
3366 1447 3490 1518 δίχα
3516 1449 3754 1513 διανοίας

442 1574 451 1583 ,
499 1524 854 1595 templatione
898 1524 1203 1587 intuentur,
1261 1538 1387 1577 cum
1451 1523 1751 1586 luuninem,
1804 1531 1898 1576 ant
1961 1536 2065 1577 retu

2174 1520 2242 1574 τά
2288 1524 2586 1594 πράγματα
2629 1527 2949 1596 βλέποντες,
2982 1532 3198 1586 ἐπειδὰν
3225 1534 3438 1588 εἴδωσιν
3467 1537 3755 1608 ἄνθρωπον

445 1656 463 1677 ,ν
499 1617 740 1685 aliquam
779 1615 1082 1685 aspiciunt,
1130 1630 1252 1683 quze
1303 1614 1540 1683 speciem
1574 1614 1812 1684 aliquam
1865 1629 1975 1684 prie
2018 1629 2065 1669 sc

2175 1613 2208 1684 ἥ
2231 1614 2364 1686 ὅπερ
2385 1614 2451 1669 ἂν
2472 1617 2608 1689 τύχῃ
2629 1619 2737 1673 τῶν
2765 1624 3121 1694 φαινομένων,
3148 1626 3306 1679 πλέον
3329 1628 3480 1680 οὐδὲν
3500 1628 3594 1682 τοῦ
3616 1611 3755 1701 apt...

442 1748 447 1753 .
498 1706 659 1770 ferat,
691 1707 824 1760 nihil
858 1721 991 1761 sane
1021 1706 1258 1774 amplius
1284 1707 1607 1775 exquirunt,
1633 1722 1796 1776 quam
1839 1707 1895 1761 id
1922 1706 2065 1779 quod

2181 1705 2866 1808 μένοσπεριεργάζονται·
2915 1715 3076 1786 ἀρκεῖ
3118 1717 3226 1787 γὰρ
3261 1718 3442 1781 αὐτοῖς
3480 1718 3753 1792 θεασαμέ-

497 1799 601 1851 sub
635 1797 825 1851 oculos
869 1799 1038 1850 cadit.
1074 1795 1206 1850 Nam
1238 1795 1367 1849 dum
1402 1798 1654 1864 corporis
1692 1797 1888 1851 molem
1937 1814 2071 1853 con-

444 1932 449 1939 .
498 1888 851 1958 templautur,
898 1888 965 1941 iis
996 1888 1148 1947 satis
1193 1893 1301 1943 est.
1358 1886 1403 1939 si
1447 1895 1615 1940 totam
1647 1887 1895 1955 corporis
1942 1903 2075 1941 con-

497 1980 834 2035 stitutionem
898 1976 1383 2047 comprehendisse
1429 1994 1488 2032 se
1545 1986 1757 2048 putent.
1809 1977 1878 2031 At
1942 1994 2074 2032 vero

494 2072 588 2141 qui
619 2079 799 2124 mente
830 2078 913 2123 est
942 2075 1102 2122 acuta
1137 2076 1191 2122 et
1229 2068 1558 2137 perspicaci,
1601 2069 2073 2140 scientiarnmque

450 2218 457 2225 ,
494 2161 802 2229 disciplinis
830 2162 1157 2220 instructus,
1207 2172 1317 2211 non
1354 2158 1528 2211 solmn
1561 2159 1699 2214 satis
1745 2160 1908 2214 habet
1940 2175 2073 2215 ocu-

446 2308 451 2315 ,
497 2255 671 2305 torum
704 2266 868 2305 sensu
904 2265 1009 2310 res,
1047 2263 1170 2317 quae
1211 2257 1363 2311 sunt,
1395 2249 1636 2316 intueri;
1675 2264 1851 2320 neque
1881 2250 2069 2314 rebus,

438 2403 445 2409 _
490 2357 615 2412 quae
669 2340 949 2402 videntur,
1001 2337 1329 2407 simpliciter
1382 2326 1716 2409 acquiescit;
1780 2355 1957 2410 neque
2017 2340 2071 2395 id

492 2434 639 2505 quod
673 2449 781 2488 non
818 2432 1084 2495 cernitur,
1143 2432 1197 2485 in
1237 2433 1303 2486 iis
1339 2430 1524 2493 rebus,
1559 2448 1681 2502 qua:
1716 2433 1878 2487 nulla:
1920 2441 2070 2499 sunt,

444 2510 451 2517 ’
494 2535 792 2592 annuerat;
827 2523 923 2578 sed
970 2537 1186 2577 omnem
1228 2522 1391 2575 etiam
1441 2523 1608 2576 animi
1653 2531 1905 2577 naturam
1949 2524 2074 2579 dili-

494 2625 685 2688 genter
738 2614 1053 2683 investigat,
1110 2628 1519 2685 corporumque
1578 2615 1897 2684 qualitates,
1950 2629 2073 2685 qua:

439 2695 448 2704 ’
492 2715 781 2780 apparent,
813 2714 868 2762 et
902 2704 1182 2770 universe,
1217 2714 1271 2760 et
1309 2694 1587 2776 sigillatim
1624 2706 1939 2761 considerat
1970 2724 1983 2761 :
2017 2714 2072 2760 ct

433 2862 442 2871 θ
492 2801 690 2853 harum
738 2812 902 2852 unam
937 2797 1007 2851 ab
1056 2796 1225 2850 altera
1279 2797 1553 2866 priccipue
1603 2797 1818 2851 ratione
1866 2797 2071 2852 distin-

491 2889 611 2959 guit
644 2907 657 2942 :
695 2901 1001 2957 rursusque
1028 2887 1245 2940 illarum
1275 2902 1621 2941 communem
1650 2901 1981 2942 concursum
2016 2896 2070 2942 et

490 2979 902 3048 consnirantem
966 2977 1256 3048 quemdam
1304 2993 1639 3033 consensqu
1696 2979 1752 3033 in
1819 2980 2069 3049 corporis

2178 1814 2289 1861 νοις
2316 1798 2406 1851 τὸν
2452 1798 2615 1868 ὄγκον
2646 1802 2739 1855 τοῦ
2792 1803 3043 1874 σώματος
3067 1846 3081 1869 ,
3114 1807 3232 1860 ὅλον
3279 1809 3497 1880 νομίσαι
3530 1810 3622 1863 τὸν
3656 1809 3751 1863 τοῦ

2174 1888 2460 1962 ἀνθρώπου
2510 1890 2665 1960 λόγον
2708 1894 3123 1967 κατειληφέναι·
3167 1900 3196 1951 ὁ
3229 1897 3285 1952 δέ
3321 1899 3624 1969 διορατικδς
3652 1900 3753 1970 τὴν

2172 1978 2368 2050 ψυχὴν,
2400 1979 2492 2032 καὶ
2531 1981 2959 2054 πεπαιδευμένος
3008 1986 3083 2057 μὴ
3113 1986 3293 2057 μόνοις
3318 1987 3614 2059 ὀφθαλμοῖς
3635 1992 3753 2043 ἐπι-

2171 2069 2443 2142 τρέπει[ν]
2459 2070 2556 2142 τὴν
2585 2073 2692 2125 τῶν
2713 2073 2879 2127 ὄντων
2907 2076 3211 2147 ἐπίσκεψιν,
3234 2079 3294 2130 οὐ
3319 2078 3479 2151 μέχρι
3497 2081 3604 2135 τῶν
3632 2101 3753 2151 φαι-

2173 2160 2413 2230 νομένων
2465 2162 2717 2232 στήσεται
2741 2204 2755 2225 ,
2798 2165 2919 2218 οὐδὲ
2956 2166 3014 2219 τέ
3057 2167 3132 2237 μὴ
3174 2167 3504 2239 βλεπόμενον
3542 2173 3600 2224 ἐν
3638 2176 3749 2235 τοῖς

2174 2250 2253 2320 μὴ
2274 2245 2393 2303 οὖσι
2421 2250 2715 2319 λογίζεται,
2761 2253 2897 2307 ἀλλά
2925 2256 3018 2309 καὶ
3058 2256 3236 2328 ψυχῆς
3279 2258 3439 2327 φύσιν
3473 2265 3746 2331 περινοεῐ,

2175 2341 2268 2393 καὶ
2297 2340 2396 2405 τάς
2423 2341 2502 2413 τῷ
2525 2343 2738 2414 σώματι
2765 2345 3110 2417 ἐμφυομένας
3140 2349 3451 2419 ποιότητας,
3485 2352 3578 2403 καὶ
3598 2355 3747 2421 κοινῇ

2173 2433 2269 2486 καὶ
2313 2434 2435 2488 καθ’
2470 2436 2669 2500 ἑαυτὰς
2714 2437 3139 2492 ἐπισκέπτεταιο
3194 2439 3300 2510 ἰδίᾳ
3342 2458 3402 2494 τε
3434 2442 3541 2513 γάρ
3572 2445 3750 2496 αὐτῶν

2172 2524 2408 2595 ἑκάστην
2441 2525 2660 2596 χωρίζει
2688 2526 2766 2597 τῷ
2798 2528 2961 2597 λόγῳ,
2997 2530 3092 2582 καὶ⁵
3118 2529 3279 2584 πάλιν
3309 2533 3408 2604 τὴν
3440 2535 3623 2605 κοινὴν
3654 2537 3750 2588 αύ-

2172 2615 2280 2667 τῶν
2312 2614 2616 2687 συνδρομήν
2652 2634 2709 2670 τε
2747 2619 2841 2672 καὶ
2872 2619 3175 2689 σύμπνοιαν
3204 2623 3329 2694 περὶ
3357 2623 3457 2693 τὴν
3488 2624 3579 2678 τοῦ
3616 2626 3749 2680 ὑπο-

2173 2706 2422 2776 κειμένου
2448 2705 2705 2762 σύστασιν
2734 2707 2959 2780 θεωρεῖ*
3010 2708 3183 2774 οὕτως
3214 2706 3307 2766 οὖν
3344 2714 3439 2768 καὶ⁸
3467 2715 3525 2769 ἐν
3552 2717 3622 2787 τῇ
3654 2716 3750 2769 τοῦ

2174 2796 2340 2851 καλοῦ
2380 2797 2634 2869 ζητήσει,
2684 2802 2711 2853 ὁ
2745 2799 2843 2870 μὲν
2874 2800 3071 2873 ἀτελὴς
3102 2801 3200 2873 τὴν
3232 2803 3492 2869 διάνοιαν,
3528 2806 3749 2861 ἐπειδάν

2174 2888 2259 2962 ἴδῃ
2296 2905 2350 2943 τι
2393 2891 2624 2959 πρᾶγμα
2669 2883 2712 2957 ᾧ
2759 2891 2987 2957 κάλλους
3030 2895 3176 2957 τινος
3215 2895 3566 2968 περικέχυται
3612 2916 3747 2967 φαν-

2171 2979 2352 3043 τασία,
2386 2979 2519 3033 αὐτὸ
2543 2980 2717 3034 ἐκεῖνο
2754 2983 2917 3036 καλὸν
2948 2979 3087 3037 εἶναι
3125 2987 3191 3055 τῇ
3222 2985 3417 3040 ἐαυτοῦ
3448 2988 3608 3057 φύσει
3633 2992 3748 3061 elﬁ-

431 3128 439 3136 ,
488 3069 883 3135 constitutione
913 3069 1335 3137 contemplatur.
1366 3066 1567 3122 Eadem
1609 3068 1777 3139 igitur
1812 3072 1952 3125 ratio
1981 3079 2065 3126 est

2176 3086 2352 3134 σεται,
2380 3070 2518 3141 ὅπερ
2536 3070 2602 3123 ἂν
2626 3071 2724 3142 τὴν
2749 3070 2999 3143 αἴσθησιν
3020 3075 3184 3129 αὐτοῦ
3211 3076 3277 3129 δι’
3301 3077 3493 3150 ἡδονῆς
3520 3081 3751 3135 ἐπισπά·

489 3164 546 3219 in
579 3164 745 3234 hujus
778 3163 993 3219 honesti
1022 3163 1349 3233 pulchrique
1380 3162 1751 3232 indagatione.
1783 3162 1885 3229 Qui
1917 3164 2063 3218 enim

488 3264 671 3311 mente
722 3257 909 3311 minus
966 3254 1210 3325 perfecta
1263 3262 1371 3318 est,
1428 3268 1553 3307 cum
1599 3253 1807 3323 aliquid
1866 3254 2061 3319 cernit,

436 3402 441 3407 .
487 3347 634 3418 quod
663 3347 900 3416 speciem
936 3344 1366 3417 pulchritudinis
1411 3345 1651 3416 aliquam
1689 3360 1802 3416 prae
1838 3361 1897 3401 se
1932 3343 2061 3410 fert,

436 3428 439 3431 ’
490 3434 621 3488 illud
652 3435 828 3504 ipsum
862 3434 1153 3505 pulchrum
1198 3448 1297 3487 sua
1334 3441 1529 3486 natura
1572 3448 1697 3488 esse
1726 3432 2061 3503 opinabitur,

488 3528 631 3598 quod
670 3529 948 3595 \oluptate
993 3525 1230 3595 quadam
1278 3524 1400 3594 ejus
1430 3539 1626 3580 sensus
1655 3522 1897 3579 al'fccerit
1929 3541 1943 3578 :
1975 3523 2064 3577 ni~

490 3619 673 3688 hilqne
721 3628 916 3687 praeter
956 3631 1077 3671 eam
1116 3614 1369 3684 requirit.
1425 3615 1530 3669 Sed
1576 3615 1669 3685 qui
1710 3614 2065 3686 integerrimo

486 3718 571 3763 est
596 3708 764 3763 animi
802 3724 967 3763 sensu
1008 3707 1389 3778 cjusmodique
1418 3724 1509 3762 res
1544 3706 1816 3776 inspicere
1858 3714 2061 3775 potest,

488 3803 536 3857 is
580 3801 863 3855 materiam
913 3800 1227 3869 relinquens
1261 3798 1481 3870 pulchri
1514 3798 1700 3852 fortine
1734 3797 2062 3868 subjectant,

487 3912 574 3955 eo,
606 3893 752 3964 quod
790 3895 964 3949 oculis
988 3893 1253 3956 cernitur,
1278 3891 1435 3963 quasi
1466 3891 1825 3947 fundamento
1855 3891 2061 3961 aliquo,

490 3993 672 4041 utetur
725 3984 791 4040 ad
856 3984 1005 4039 illius
1048 3983 1471 4053 pulchritudinis
1521 3982 2062 4052 contemplationem,

484 4076 634 4147 quod
686 4083 865 4131 mente
909 4075 1413 4145 comprehenditur,
1462 4074 1624 4144 cujus
1679 4071 2065 4128 communione

432 4152 435 4157 ’
484 4186 611 4224 cum
651 4170 855 4240 reliqua
899 4170 1124 4223 honesta
1158 4168 1498 4238 pulchraque
1551 4176 1702 4230 sunt,
1740 4174 1852 4219 tum
1896 4165 2062 4218 etiam

434 4322 437 4323 ν
489 4258 777 4313 habentur.
805 4258 937 4312 Mihi
971 4275 1099 4313 vero
1139 4256 1357 4312 diliicile
1385 4257 1624 4320 videtur,
1659 4270 1784 4310 cum
1813 4254 2064 4325 plerique

483 4351 680 4411 obtusa
711 4353 912 4404 mentis
962 4351 1079 4403 acie
1120 4349 1252 4411 sint,
1306 4364 1426 4411 eos,
1469 4348 1561 4418 qui
1594 4362 1847 4403 sermone
1892 4355 2063 4401 mate-

2171 3180 2351 3233 σηται,
2383 3165 2477 3216 καὶ
2504 3163 2654 3217 οὐδὲν
2682 3164 2820 3236 ὑπὲρ
2846 3162 3001 3220 τοῦτο
3021 3167 3182 3222 πλέον
3208 3171 3648 3242 περιεργάζεται.
3691 3173 3749 3226 ’0

2167 3252 2224 3305 δὲ
2257 3253 2662 3324 κεκαθαρμένος
2690 3254 2781 3308 τὸν
2805 3255 2903 3326 τῆς
2932 3258 3110 3329 ψυχῆς
3138 3258 3439 3331 ὀφθαλμὸν,
3464 3266 3559 3316 καὶ
3588 3258 3749 3317 δυνα-

2166 3343 2257 3407 me;
2291 3343 2358 3396 τά
2388 3344 2611 3397 τοιαῦτα
2642 3344 2877 3416 βλέπειν,
2906 3348 3118 3418 χαίρειν
3158 3350 3325 3415 ἐάσας
3352 3351 3450 3423 τὴν
3484 3352 3616 3425 ὓλην
3649 3355 3748 3425 τὴν

2120 3496 2127 3502 ,
2169 3431 2614 3503 ὑποϐεϐλημένην
2658 3436 2727 3504 τῇ
2769 3434 2863 3487 τοῦ
2904 3434 3071 3489 καλοῦ
3115 3436 3259 3508 ἰδέᾳ,
3306 3430 3417 3490 οἷον
3463 3438 3748 3511 ὕποδάθρᾳ

2166 3523 2272 3576 τινὶ
2295 3521 2371 3593 τῷ
2392 3523 2657 3594 ὁρωμένῳ
2678 3526 2959 3595 χρήσεται,
2990 3526 3127 3597 πρὸς
3157 3527 3255 3599 τὴν
3282 3529 3376 3583 τοῦ
3398 3530 3590 3601 νοητοῦ
3616 3532 3747 3585 κάλ-

2164 3612 2291 3677 λους
2324 3612 2575 3685 θεωρίαν,
2612 3609 2673 3668 οὗ
2710 3617 2849 3670 κατά
2885 3620 3175 3688 μετουσίαν
3207 3620 3275 3673 τὰ
3309 3620 3444 3676 ἄλλα
3476 3620 3618 3676 καλά
3654 3623 3745 3692 γί-

2173 3706 2322 3758 νεταί
2349 3722 2407 3758 τε
2439 3705 2532 3760 καὶ
2556 3706 2897 3777 ὀνομάζεται.
2932 3711 3087 3762 Δοκεῖ
3114 3709 3171 3763 δέ
3206 3728 3296 3781 μοι
3323 3711 3553 3783 χαλεπὸν
3584 3709 3743 3779 εἶναι,

2165 3795 2274 3847 τῶν
2300 3795 2567 3849 πλείστων
2596 3798 2662 3868 τῇ
2693 3796 2917 3872 τοιαύτῃ
2950 3799 3219 3871 παχύτητι
3254 3801 3357 3870 τῆς
3384 3802 3626 3867 διανοίας
3659 3821 3742 3856 συ-

2167 3888 2404 3953 ζώντων,
2428 3889 2489 3942 τὸ
2516 3888 2870 3958 διατεμόντας
2893 3888 2970 3960 τῷ
2992 3890 3135 3961 λόγῳ
3170 3892 3263 3945 καὶ
3288 3892 3627 3963 χωρίσαντας
3645 3894 3745 3963 τὴν
3844 3888 3850 3893 ’

2169 3977 2299 4047 ὓλην
2345 3978 2457 4031 ἀπὸ
2488 3976 2583 4030 τοῦ
2630 3977 3095 4050 ἐπιθεωρουμένου
3134 3981 3397 4050 κάλλους,
3445 3984 3616 4055 αὐτὴν
3657 3969 3742 4055 ἐφ’

2168 4068 2367 4137 ἑαυτῆς
2405 4068 2497 4122 τοῦ
2530 4068 2695 4123 καλοῦ
2723 4069 2822 4142 τὴν
2853 4069 3012 4140 φύσιν
3042 4074 3394 4144 κατανοῆσαι.
3431 4076 3541 4129 Καὶ
3578 4076 3634 4131 εί
3658 4095 3744 4142 τις

2167 4160 2408 4233 ἀκριϐῶς
2442 4159 2614 4215 ἐθέλοι
2651 4160 2750 4233 τὴν
2782 4163 2961 4217 αἰτίαν
2991 4168 3211 4217 σκοπεῖν
3248 4166 3354 4219 τῶν
3391 4166 3744 4239 πεπλανημέ-

2167 4269 2273 4306 νων
2297 4252 2391 4305 καὶ
2414 4251 2703 4324 μοχθηρῶν
2725 4252 3067 4325 ὑπολήψεων,
3086 4255 3190 4308 οὐκ
3214 4257 3278 4311 ἀν
3303 4272 3391 4329 μοι
3410 4258 3558 4312 δοκεῖ
3577 4261 3742 4331 ἄλλην

2167 4342 2365 4414 εὑρεῖν,
2396 4343 2429 4414 ἥ
2463 4342 2525 4396 τὸ
2560 4343 2638 4414 μὴ
2674 4343 2916 4415 ἀκριϐῶς
2948 4344 3104 4414 ἡμῶν
3141 4347 3514 4417 γεγυμνάσθαι
3552 4349 3621 4403 τά
3643 4351 3742 4421 τῆς

488 4442 623 4495 riam
654 4442 999 4511 disjuugunt,
1032 4448 1085 4495 et
1119 4456 1148 4493 a
1182 4439 1596 4510 pulchritudine
1624 4440 1714 4493 illa
1739 4435 2059 4503 secernunt,

2167 4434 2344 4506 ψυχῆς
2372 4435 2709 4507 αἰσθητήρια
2738 4435 2875 4507 πρὸς
2905 4435 3002 4507 τὴν
3028 4433 3123 4490 τοῦ
3147 4438 3312 4492 καλοῦ
3342 4441 3438 4495 καὶ
3469 4440 3544 4513 μὴ
3565 4444 3741 4496 τοιού-

485 4548 610 4602 qua:
647 4533 932 4601 aspicitur,
976 4547 1135 4601 posse
1183 4532 1357 4601 ipsam
1390 4545 1488 4601 per
1529 4546 1587 4585 se
1635 4529 2066 4600 pulchritudinis

484 4632 736 4678 naturant
788 4624 1063 4693 cognitam
1115 4622 1332 4677 habere.
1387 4623 1466 4675 Ac
1519 4621 1565 4676 si
1617 4623 1742 4692 quis
1791 4622 2059 4677 malarum

430 4768 435 4773 .
485 4717 804 4787 opinionum
848 4718 900 4770 in
949 4731 1245 4786 errorcque
1276 4716 1612 4771 versantium
1644 4730 1870 4772 causam
1904 4730 2065 4772 accu-

485 4818 603 4863 rate
643 4809 957 4878 perspicere
992 4808 1141 4870 velit,
1190 4823 1301 4863 non
1359 4809 1520 4862 aliam
1569 4824 1703 4864 sane
1736 4824 1861 4864 cum
1904 4810 2062 4864 inve-

487 4901 606 4955 nire
656 4902 916 4960 arbitror,
981 4901 1087 4954 nisi
1136 4900 1283 4970 quod
1339 4914 1447 4954 non
1502 4899 1760 4955 accurate
1811 4915 1915 4956 nos
1961 4901 2063 4957 hos

486 4989 664 5045 nostri
697 4990 862 5043 animi
901 5004 1102 5043 sensus
1134 4988 1189 5042 in
1230 4988 1335 5041 hoc
1376 4988 1750 5053 exercuimus,
1787 4995 1848 5043 ut
1894 4990 2063 5045 hone-

484 5090 631 5139 stutu
688 5082 1045 5151 pulchrumve
1093 5080 1162 5134 ab
1223 5094 1290 5134 eo
1346 5079 1868 5139 internosceremus,
1915 5081 2061 5150 quod

487 5188 663 5241 neque
688 5173 1002 5234 honestum,
1035 5184 1210 5239 neque
1243 5183 1376 5224 sane
1405 5168 1694 5238 pulchrum
1724 5177 1827 5223 est.
1862 5168 2064 5235 Quam-

483 5262 672 5316 obrem
722 5278 846 5315 eum
899 5262 968 5315 ab
1020 5260 1122 5314 hoc
1179 5260 1385 5321 studio,
1436 5258 1583 5328 quod
1633 5258 1685 5312 in
1730 5275 1858 5314 vero
1917 5261 2063 5315 bono

485 5352 768 5416 consistit,
796 5367 854 5406 se
895 5352 1225 5406 abduxeriut
1262 5350 1535 5410 homines,
1563 5351 1758 5419 partim
1793 5350 1845 5404 in
1878 5354 2062 5408 carnis

487 5457 728 5496 amorem
776 5441 981 5511 delapsi
1017 5449 1168 5506 sunt,
1214 5440 1414 5511 partim
1465 5441 1519 5493 itt
1562 5442 1912 5495 inanimatam
1964 5458 2061 5514 pe-

485 5530 771 5585 cuniarutu
825 5530 935 5583 vim
976 5529 1370 5599 cupiditatibus
1403 5529 1643 5599 prolapsi
1700 5530 2056 5586 inciderunt:

487 5621 733 5689 plerique
760 5632 891 5674 vero
931 5619 985 5674 in
1031 5617 1360 5681 honoribus,
1419 5620 1473 5672 in
1508 5620 1697 5689 gloriae
1745 5620 2055 5688 snlcndcm,

484 5713 542 5768 ia
571 5714 766 5783 Opibus
802 5721 857 5768 ct
889 5712 1137 5783 potentia
1173 5711 1465 5765 honestum
1500 5726 1768 5782 posuere;
1805 5714 2053 5768 nonnulli

2162 4542 2255 4579 του
2294 4525 2582 4596 διάκρισιν.
2610 4526 2707 4581 Διά
2725 4526 2883 4581 τοῦτο
2907 4527 3240 4593 ἀποστάντες
3266 4531 3315 4583 οἱ
3339 4530 3613 4603 ἄνθρωποι
3638 4533 3741 4604 τῆς

2166 4620 2295 4688 περὶ
2326 4617 2387 4670 τὸ
2415 4618 2585 4681 ὅντως
2628 4617 2831 4687 ἀγαθὸν
2880 4618 3144 4689 σπουδῆς,
3192 4622 3241 4673 οἱ
3294 4622 3392 4692 μὲν
3433 4623 3515 4685 εἰς
3559 4624 3741 4695 ἔρωτα

2167 4707 2384 4780 σαρκῶν
2435 4708 2869 4779 κατωλίσθησαν,
2920 4711 2969 4763 οἱ
3009 4710 3065 4764 δὲ
3110 4711 3202 4764 ἐπὶ
3247 4712 3343 4783 τὴν
3384 4712 3590 4785 ἄψυχον
3632 4716 3740 4769 τῶν

2164 4800 2459 4870 Χρημάτων
2497 4798 2630 4869 ὓλην
2657 4803 2777 4864 ταῖς
2798 4799 3111 4871 ἐπιθυμίαις
3139 4800 3357 4875 ἔρεψαν·
3388 4801 3535 4857 ἄλλοι
3570 4805 3627 4858 ἐν
3658 4822 3739 4859 τι·

2168 4894 2299 4961 μαῖς
2341 4892 2434 4945 καὶ
2465 4891 2644 4958 δόξαις
2681 4893 2773 4946 καὶ
2797 4891 3134 4957 δυναστείαις
3162 4893 3224 4947 τὸ
3253 4892 3415 4947 καλὸν
3448 4893 3733 4966 ὡρίσαντο·

2159 4983 2266 5036 sici
2294 4982 2351 5037 δέ
2382 5000 2525 5045 τινες
2545 4984 2595 5037 οἳ
2630 4983 2757 5053 περὶ
2784 4982 2976 5053 τέχνας
3003 4984 3097 5036 καὶ
3134 4985 3442 5057 ἐπιστήμας
3468 4988 3739 5058 ἐπτοήθη-

2162 5091 2282 5128 σαψ
2328 5076 2377 5128 οἱ
2420 5074 2477 5127 δέ
2521 5073 3079 5146 ἀνδραποδωδέστεροι
3122 5078 3349 5140 τούτων,
3396 5075 3591 5147 λαιμὸν
3643 5080 3738 5132 καὶ

2160 5165 2400 5237 γαστέρα
2428 5166 2520 5220 τοῦ
2553 5165 2757 5235 ἀγαθοῦ
2793 5164 3069 5219 ποιοῦνται
3099 5167 3378 5237 κριτήρια.
3420 5170 3481 5221 0i
3518 5168 3575 5221 δὲ
3603 5168 3738 5221 ἀπο-

2165 5256 2387 5319 στάντες
2415 5255 2523 5308 τῶν
2550 5255 2749 5309 ὑλικῶν
2774 5255 3078 5325 νοημάτων,
3111 5256 3201 5308 καὶ
3231 5254 3337 5308 τῶν
3360 5257 3485 5326 περὶ
3512 5255 3580 5308 τὰ
3608 5274 3735 5324 φαι-

2162 5348 2363 5418 νόμενα
2409 5348 2811 5420 προσπαθειῶν,
2865 5345 3159 5418 ἀνεζήτουν
3200 5347 3299 5418 τὴν
3342 5348 3517 5419 ἁπλῆν
3550 5366 3607 5401 τε
3642 5349 3736 5403 καὶ

2163 5439 2324 5493 ἆῦλον
2365 5438 2460 5491 καὶ
2504 5439 2911 5510 ἀσχημάτιστον
2955 5437 3052 5491 τοῦ
3108 5437 3273 5492 καλοῦ
3315 5439 3498 5508 φύσιν,
3531 5440 3631 5493 οὐκ
3669 5439 3735 5492 ἂν

2164 5532 2291 5603 περὶ
2318 5529 2415 5602 τὴν
2446 5530 2657 5601 αἵρεσιν
2683 5529 2790 5583 τῶν
2820 5530 2978 5584 ἐπιθυ
2987 5528 3173 5601 μητῶν
3199 5529 3597 5602 ἐπλανήθησαν,
3628 5530 3735 5585 οὐδ’

2164 5623 2233 5675 ἂν
2256 5621 2507 5675 τοσοῦτον
2533 5621 2635 5673 ὑπὸ
2660 5620 2759 5691 τῆς
2780 5620 3032 5690 τοιαύτης
3060 5621 3274 5689 ἀπάτης
3294 5621 3729 5694 παρηνέχθησαν,

2166 5715 2241 5779 ὡς
2274 5713 2406 5783 μηδὲ
2436 5713 2495 5767 τὸ
2523 5713 2857 5782 πρῦσκαιρον
2890 5714 2989 5782 τῆς
3020 5716 3079 5769 ἐν
3110 5714 3321 5777 τούτοις
3366 5714 3562 5779 ἡδονῆς
3600 5712 3731 5793 ¹ϐλέ-
