4124 6352
476 315 585 372 3'35

1817 317 1908 375 DE
1928 314 2410 376 νιιιοιΝιτΑτΕ.
3617 322 3726 379 366

476 445 714 492 ποντας,
747 429 882 502 πρὸς
927 432 1026 504 τὴν
1059 434 1368 506 ὑπεροψίαν
1410 437 1516 490 τῶν
1553 435 1812 490 τοιούτων
1857 437 2057 508 ὁδηγη-

2180 445 2341 491 mtem
2387 439 2538 503 sunt,
2567 437 2660 508 qui
2701 437 2757 492 iu
2806 437 3007 494 artium
3050 441 3516 511 scientiarumque
3561 442 3728 496 disci-

475 521 660 590 θῆναι.
2162 528 2327 597 plinis
2365 539 2592 598 stupore
2635 529 2876 600 quodam
2918 529 3095 586 allecti
3125 539 3383 588 tenentur
3414 552 3426 587 :
3461 533 3556 602 qui
3604 549 3732 586 vitro

479 622 611 668 sunt
654 614 743 668 his
798 614 1132 685 abiectiores
1178 617 1536 688 vilioresque,
1593 617 1647 672 hi
1693 619 1749 674 in
1799 619 1944 688 gula,
2026 634 2090 673 ac
2127 628 2318 674 ventre
2344 621 2528 676 sedem
2558 619 3097 676 bonesticolldcant.
3127 621 3324 678 Verum
3347 621 3443 692 qui
3473 637 3504 676 a
3569 621 3732 676 rebus

479 703 586 759 sub
613 719 836 760 sensum
870 706 1220 774 cadentibus,
1243 718 1298 764 et
1342 711 1411 764 ab
1459 710 1627 764 animi
1668 709 2052 765 atiectionibus
2093 711 2159 764 ad
2186 728 2282 766 eas
2328 725 2418 766 res
2461 714 2770 782 propensis,
2839 727 2958 782 quae
2999 714 3239 783 speciem
3309 715 3547 784 aliquam
3599 729 3734 784 prm-

481 794 633 857 bent,
669 810 794 851 sese
823 797 1176 864 obduxerint,
1211 801 1264 854 hi
1298 801 1603 870 simplicem
1673 801 1847 871 ipsius
1909 803 2121 857 honesti
2167 803 2494 873 indagarunt
2543 811 2832 868 naturam,
2890 821 3011 874 qua:
3064 806 3311 860 materia:
3362 822 3560 876 expers
3616 815 3729 866 est,

482 885 742 956 nullaque
792 885 962 957 ﬁgura
1013 888 1374 958 exprimitur;
1429 905 1607 960 neque
1661 893 1716 944 in
1794 891 2094 960 deligendis
2142 893 2208 946 iis
2232 894 2578 956 aberrarunt,
2610 909 2732 962 qua;
2760 896 2997 949 maxime
3037 894 3296 964 optabilia
3335 904 3493 963 sunt;
3557 913 3734 968 neque

479 983 753 1052 ejusmodi
783 992 916 1038 Sunt
947 984 1230 1040 erroribus
1261 986 1336 1040 ita
1373 987 1759 1051 circumventi;
1796 997 1856 1041 ut
1886 1001 2060 1057 neque
2101 994 2388 1057 perspecta
2428 987 2747 1058 voluptatis,
2779 1005 2902 1058 qua:
2937 990 2991 1042 in
3037 991 3106 1046 iis
3151 1003 3256 1058 est,
3313 991 3602 1059 brevitate,
3665 993 3731 1044 ad

479 1075 754 1144 ejusmodi
787 1089 972 1129 rerum
1009 1075 1424 1145 despicientiam
1453 1077 1674 1133 deducti
1717 1079 1986 1134 venerint.

556 1167 764 1220 Οὐκοῦν
795 1166 934 1237 αὕτη
963 1168 1030 1221 ἂν
1053 1168 1258 1235 γένοιτο
1288 1172 1422 1242 ’ἡμῖν
1455 1171 1571 1235 ὁδὸς
1596 1173 1676 1234 είς
1703 1171 1802 1241 τὴν
1833 1171 1925 1224 τοῦ
1960 1186 2057 1225 κα-

2238 1164 2361 1220 Ηιιιο
2405 1167 2570 1234 igitur
2603 1166 2762 1223 nobis
2789 1167 3008 1238 quidem
3046 1170 3130 1223 via
3171 1180 3276 1236 est,
3311 1188 3418 1241 qua
3462 1173 3528 1226 ad
3558 1173 3736 1244 ipsius

482 1257 579 1311 λοῦ
608 1257 823 1328 εὕρεσιν
849 1258 1078 1325 ἄγουσα,
1109 1259 1169 1312 τὸ
1195 1261 1370 1314 πάντα
1393 1262 1462 1314 τὰ
1481 1261 1645 1326 ἀλλα,
1682 1262 1780 1315 ὅσα
1809 1262 1906 1325 τάς
1935 1264 2057 1315 ἐπι-

485 1349 685 1419 θυμίας
710 1349 820 1402 τῶν
846 1349 1147 1420 ἀνθρώπων
1175 1351 1481 1420 ἐφέλκεται,
1518 1352 1658 1406 καλὰ
1680 1349 1818 1407 εἶναι
1843 1351 2060 1423 νομιζό-

489 1457 657 1512 μενα,
711 1441 804 1494 καὶ
845 1440 934 1493 διὰ
974 1439 1133 1493 τοῦτο
1177 1443 1413 1513 σπουδῆς
1462 1460 1607 1506 τινος
1653 1444 1749 1497 καὶ
1792 1444 2062 1514 ἀποδοχῆς

488 1532 804 1603 ἀξιούμενα,
835 1531 1007 1585 ταῦτα
1037 1533 1462 1604 ὑπερϐαίνοντας
1495 1534 1570 1598 ὡς
1597 1535 1830 1587 ταπεινά
1869 1552 1929 1587 τε
1971 1536 2062 1588 καὶ

490 1623 821 1694 πρόσκαιρα,
857 1623 1044 1693 μηδενὶ
1076 1623 1280 1677 τούτων
1319 1624 1774 1696 προσαναλίσκειν
1802 1624 1898 1694 τὴν
1936 1626 2062 1677 ἐπι-

488 1715 800 1786 θυμητικὴν
828 1714 982 1785 ἡμῶν
1013 1715 1261 1785 δύναμιν,
1293 1718 1428 1787 μήτε
1459 1715 1564 1787 μὴν
1601 1717 1775 1787 ἀργὴν
1811 1717 1903 1770 καὶ
1934 1717 2057 1770 ἀκί-

2164 1258 2378 1312 honesti
2427 1259 2796 1314 inventionem
2852 1260 3125 1327 ducimur,
3177 1272 3237 1315 ut
3284 1273 3480 1318 caetera
3527 1268 3732 1330 omnia,

2162 1349 2362 1419 quibus
2419 1349 2701 1410 hominum
2753 1352 3049 1406 trahuntur
3104 1355 3474 1424 cupiditates,
3545 1375 3736 1428 quzeve

2163 1440 2390 1494 honesta
2427 1448 2711 1509 putantur,
2762 1457 2825 1496 ea
2874 1457 2999 1496 cum
3055 1459 3155 1514 pro
3186 1445 3356 1499 nihilo
3412 1447 3733 1517 habeamus,

2166 1531 2322 1599 quasi
2373 1530 2601 1582 humilia
2647 1531 2780 1591 sint,
2811 1531 2879 1584 ad
2924 1539 3248 1603 tempusque
3296 1545 3572 1603 maneant,
3617 1539 3737 1592 uul—

2173 1623 2276 1674 Iam
2321 1620 2376 1674 in
2427 1619 2512 1674 his
2544 1635 2677 1674 sane
2715 1621 3063 1691 appetitionis
3096 1634 3299 1678 nostrae
3332 1629 3440 1678 vim
3475 1644 3572 1682 nos
3604 1645 3738 1682 con»-

2165 1724 2485 1773 sunnamus;
2532 1725 2709 1779 neque
2749 1719 2954 1774 tamen,
2990 1721 3070 1779 ut,
3109 1729 3232 1767 cum
3287 1716 3340 1768 in
3395 1717 3552 1772 nobis
3601 1717 3736 1788 ipsis

487 1824 648 1878 νητον
667 1809 725 1860 ἐν
760 1807 970 1870 ἑαυτοῖς
999 1807 1457 1870 κατακλείσαντας
1485 1807 1648 1877 ἔχει»,
1690 1808 1802 1860 ἀλλ’
1825 1808 2066 1862 ἐκκαθά-

2180 1816 2287 1857 3am
2337 1801 2800 1866 concluserimus,
2849 1803 3107 1867 otiosam,
3150 1806 3219 1859 ab
3256 1808 3515 1876 omnique
3565 1810 3738 1879 agita-

493 1917 695 1970 ραντας
722 1899 892 1968 αὑτὴν
926 1898 1030 1951 ἀπὸ
1079 1900 1178 1969 τῆς
1221 1898 1332 1951 τῶν
1359 1901 1631 1953 ταπεινῶν
1670 1901 2064 1972 προσπαθείας.

490 1993 610 2044 ἐκεῖ
625 1990 866 2056 ἀνάγειν,
889 1991 1020 2044 ὅπου
1035 1993 1134 2044 οὑκ
1155 1993 1450 2059 ἐφικνεῖται
1471 1993 1503 2062 ἡ
1529 1992 1798 2062 αἴσθησις⁵
1821 1991 1897 2055 ὠς
1931 1995 2066 2062 μήτε

492 2081 724 2154 οὐρανοῦ
748 2081 1078 2154 [ἀνθρώπου]
1106 2083 1297 2144 κάλλος
1313 2083 1606 2154 θαυμάσαι,
1630 2085 1765 2156 μήτε
1787 2086 1971 2155 φωστῆ
1979 2104 2069 2154 ρος

494 2174 688 2241 αὐγὰς,
733 2176 866 2244 μήτε
899 2174 1026 2227 ἄλλο
1068 2190 1120 2227 τι
1164 2173 1272 2227 τῶν
1320 2175 1656 2246 φαινομένων
1691 2176 1897 2230 καλῶν·
1935 2177 2070 2230 ἀλλὰ

496 2266 585 2320 διὰ
611 2265 706 2318 τοῦ
740 2267 873 2318 πᾶσι
904 2264 1111 2328 τούτοις
1138 2265 1608 2336 ἐπιθεωρουμένου
1651 2267 1881 2332 κάλλους
1923 2286 2070 2340 χειρ-

494 2357 826 2425 αγωγεῖσθαι
867 2355 1002 2425 πρὸς
1028 2356 1125 2426 τὴν
1147 2355 1352 2409 ἐκείνου
1380 2356 1472 2408 τοῦ
1500 2356 1726 2420 κάλλους
1755 2358 1911 2410 ὲπιθυ
1921 2359 2066 2428 μίαν,

496 2443 566 2518 ἦς
591 2448 684 2500 καὶ
717 2449 765 2500 οἱ
795 2447 1010 2517 οὐρανοὶ
1039 2445 1349 2514 διηγοῦνται
1375 2445 1473 2514 τὴν
1508 2445 1685 2510 δόξαν,
1719 2448 1812 2500 καὶ
1843 2447 2074 2517 στερέω-

501 2553 598 2606 μα,
637 2537 730 2590 καὶ
754 2537 905 2589 πᾶσα
939 2536 971 2605 ή
1001 2534 1175 2597 κτίσις
1197 2534 1517 2602 ἀναγγέλλει
1547 2534 1645 2605 τὴν
1674 2537 1892 2603 γνῶσιν.
1918 2535 2073 2588 Οὕτω

497 2628 606 2698 γὰρ
635 2625 858 2680 ἀνιοῦσα
888 2627 921 2696 ἡ
954 2626 1120 2696 ψυχὴ,
1153 2627 1248 2678 καὶ
1277 2626 1386 2678 πᾶν
1429 2624 1489 2678 τὸ
1521 2625 2072 2696 καταλαμϐανόμενον

499 2721 577 2784 ὡς
605 2719 926 2790 μικρότερον
952 2719 1047 2772 τοῦ
1076 2717 1408 2789 ζητουμένου
1454 2719 1954 2789 καταλιμπάνουσα,
1985 2719 2077 2787 γέ-

501 2828 644 2864 νοιτο
675 2810 740 2864 ἂν
769 2812 828 2863 ὲν
873 2811 1124 2880 περινοίᾳ
1173 2810 1270 2878 τῆς
1309 2808 1784 2880 μεγαλοπρεπείας
1825 2809 2073 2879 ἐκείνης,

500 2905 602 2974 τῆς
650 2903 904 2974 ὑπεράνω
941 2903 1050 2954 τῶν
1095 2901 1339 2973 οὐρανῶν
1378 2900 1708 2972 ἐπηρμένης.
1761 2901 1918 2956 Ἀλλά
1961 2902 2076 2965 πῶς

501 2994 570 3047 ἄν
602 3011 685 3056 τις
725 2992 832 3046 τῶν
879 2991 1096 3062 ὑψηλῶν
1139 2991 1408 3058 ἐφίκοιτο,
1439 2992 1566 3062 περὶ
1604 2991 1673 3044 τὰ
1719 2991 1953 3045 ταπεινά
1979 2991 2076 3062 τὴν

507 3082 739 3152 σπουδὴν
763 3082 937 3152 glow;
969 3080 1085 3143 πῶς
1116 3080 1161 3134 δ’
1191 3080 1255 3133 ἄν
1283 3097 1366 3143 τις
1399 3079 1534 3150 πρὸς
1563 3080 1655 3133 τὸν
1685 3081 1910 3150 οὐρανὸν
1941 3080 2074 3132 ἀνα-
2101 3117 2146 3175 C

505 3173 688 3242 πτείη,
727 3173 802 3244 μὴ
833 3172 1129 3240 πτερωθεὶς
1160 3170 1238 3241 τῷ
1263 3170 1500 3240 οὐρανίῳ
1542 3169 1727 3240 πτερῷ
1749 3208 1763 3231 ,
1797 3169 1891 3222 καὶ
1939 3170 2078 3223 ἀνω-

507 3264 677 3336 φερὴς
705 3265 800 3317 καὶ
834 3263 1105 3332 μετέωρος
1139 3262 1226 3314 διὰ
1257 3261 1358 3331 τῆς
1391 3261 1600 3330 ὑψηλῆς
1631 3260 1901 3323 πολιτείας
1929 3259 2082 3327 γενό-

505 3371 707 3423 μενος;
742 3353 837 3416 Τίς
870 3354 927 3407 δὲ
967 3353 1139 3414 οὕτως
1183 3352 1285 3416 ἔξω
1317 3352 1426 3404 τῶν
1458 3351 1828 3419 εὑαγγελικῶν
1877 3366 2082 3420 μυστη-

507 3445 642 3517 ρίων
684 3445 850 3505 ἐστὶν,
883 3443 959 3507 ὡς
1006 3445 1220 3512 ἀγνοεῖν
1258 3443 1340 3495 ὅτι
1370 3441 1429 3494 ἓν
1455 3442 1638 3517 ὄχημα
1668 3446 1733 3513 τῇ
1768 3442 2082 3513 ἀνθρωπίνῃ

506 3535 651 3606 ψυχῇ
678 3534 894 3604 τῆς’ὲπ“ι
924 3535 1047 3596 τοὺς
1067 3533 1326 3604 οὐρανοὺς
1348 3532 1570 3602 πορείας
1592 3533 1729 3595 ἐστὶ,
1757 3533 1816 3586 τὸ
1841 3532 1919 3602 τῷ
1945 3533 2080 3585 εῖδει

508 3627 608 3696 τῆς
643 3625 996 3694 καταπτάσης
1021 3625 1346 3694 περιστερᾶς
1375 3624 1564 3676 ἑαυτὸν
1584 3623 1870 3693 ὁμοιῶσαι,
1891 3619 1956 3694 ἧς
1985 3624 2082 3686 τὰς

511 3717 784 3786 πτέρυγας
806 3713 1056 3782 γενέσθαι
1086 3712 1233 3782 αὑτῷ
1262 3712 1355 3765 καὶ
1387 3711 1552 3764 Δα6“ιδ
1583 3713 1611 3764 ὁ
1642 3715 1926 3783 προφήτης
1954 3712 2076 3764 ἐπό-

510 3807 713 3876 θησεν;
749 3805 903 3860 Οὕτω
942 3803 1050 3873 γὰρ
1083 3804 1458 3873 ὲν,αίνίγματι
1505 3803 1604 3874 τὴν
1647 3804 1742 3857 τοῦ
1768 3804 2082 3874 Πνεύματος

510 3896 737 3968 δύναμιν
758 3899 824 3967 τῇ
857 3897 1046 3966 Γραφῇ
1079 3895 1304 3967 σύνηθες
1331 3895 1638 3966 ὀνομάζεινθ
1681 3895 1792 3948 εἴτε
1823 3896 1958 3950 διότι
1995 3914 2083 3966 χο-

511 3988 608 4060 λῆς
637 3990 785 4041 ἐστιν
818 3988 1042 4057 ἄμοιρον
1090 3985 1246 4038 τοῦτο
1281 3986 1343 4038 τὸ
1373 3986 1579 4057 ὄρνεον,
1626 3987 1658 4057 ἢ
1706 3987 1788 4040 ὄτι
1819 3987 2083 4052 δυσωδίας

485 4059 727 4151 siege»,
754 4078 934 4143 καθώς
958 4096 1119 4146 φασιν
1141 4080 1190 4132 oi
1217 4078 1288 4131 τὰ
1314 4077 1537 4132 τοιαῦτα
1571 4080 2082 4150 παρατηρήσαντες.

513 4169 721 4224 Οὐκοῦν
750 4172 778 4223 ὁ
807 4171 988 4240 πάσης
1019 4171 1243 4241 πικρίας
1273 4171 1366 4224 καὶ
1389 4171 1656 4241 σαρκικῆς
1679 4170 1937 4234 δυσωδίας
1964 4171 2086 4224 έαυ-

513 4261 602 4316 τὸν
632 4263 965 4331 ἀποστήσας,
1001 4262 1098 4315 καὶ
1123 4261 1339 4314 πάντων
1357 4262 1463 4315 τῶν
1491 4262 1760 4316 ταπεινῶν
1788 4279 1848 4315 τε
1873 4263 1966 4316 καὶ
1988 4279 2084 4331 χα-

518 4352 794 4424 μαιζήλων
824 4353 1173 4424 ὑπεραρθεὶς,
1212 4353 1411 4424 μᾶλλον
1441 4352 1496 4406 δὲ
1528 4352 1726 4416 παντὸς
1752 4353 1846 4405 τοῦ
1879 4353 1970 4406 κου
1981 4371 2081 4423 μου

2173 1891 2322 1944 tione
2361 1903 2592 1942 vacuam
2631 1889 2949 1954 habeamus,
2986 1893 3080 1947 sed
3110 1909 3233 1948 cum
3265 1896 3336 1948 ab
3367 1897 3514 1950 ounii
3549 1914 3733 1953 rerum

2172 1981 2360 2034 vilium
2390 1980 2838 2051 abjcctarumque
2871 1983 3166 2052 cupiditate
3215 2001 3314 2039 nos
3347 1986 3491 2040 illam
3530 1988 3728 2043 libera-

2169 2069 2434 2134 verimus,
2473 2084 2540 2124 eo
2573 2071 2729 2140 plane
2777 2071 3076 2126 referamus
3115 2085 3346 2143 Oportet,
3383 2091 3493 2145 quo
3540 2093 3738 2134 sensus

2172 2160 2290 2228 ipse
2315 2160 2610 2228 pervenire
2645 2175 2753 2213 non
2783 2171 2981 2230 potest,
3036 2163 3108 2215 ita
3143 2172 3199 2216 ut
3241 2181 3415 2234 neque
3455 2169 3579 2222 cmli
3615 2171 3736 2238 pul-

2171 2248 2567 2312 chritudinem,
2622 2264 2799 2320 neque
2846 2251 3109 2304 lmninum
3162 2251 3368 2319 radios,
3414 2271 3591 2326 neque
3653 2275 3740 2314 res

2179 2350 2407 2396 caeteras
2436 2341 2742 2396 admiretur
2770 2357 2832 2395 ac
2859 2345 3143 2412 suSpii-iat,
3171 2360 3294 2414 quae
3328 2345 3567 2417 aliquam
3600 2365 3741 2418 pra":-

2174 2433 2342 2488 beant
2405 2435 2617 2504 pulchri
2665 2436 3019 2504 speeiem.At
3059 2452 3127 2492 ex
3185 2438 3324 2508 ipsa,
3371 2456 3491 2511 qua:
3541 2443 3595 2496 in
3657 2445 3741 2497 his

2175 2523 2430 2578 onmibus
2455 2531 2753 2593 spectatur,
2779 2523 3187 2594 pulchriludine
3220 2529 3436 2584 animus
3467 2539 3654 2585 noster
3675 2534 3741 2585 ad

2175 2613 2387 2682 pulchri
2438 2615 2583 2668 illius
2639 2615 2993 2684 cupiditatem
3037 2618 3271 2672 ducatur
3303 2629 3539 2690 oportet,
3584 2623 3742 2691 cujus

2177 2706 2405 2774 gloriam
2438 2715 2493 2760 et
2521 2707 2647 2761 cadi
2699 2717 2750 2760 et
2787 2708 3186 2764 firmamentqu
3222 2723 3501 2780 cnarrant,
3537 2720 3742 2770 omnis-

2177 2810 2284 2865 que
2332 2805 2585 2850 creatura
2645 2797 3015 2868 cognitionem
3071 2798 3194 2869 ejus
3246 2805 3556 2860 annuntiat.
3612 2805 3744 2860 Cum

2178 2886 2326 2942 enim
2369 2889 2586 2942 animus
2615 2889 2697 2942 sic
2741 2889 3077 2954 ascenderit,
3104 2901 3158 2946 et
3196 2895 3462 2964 quidquid
3498 2911 3743 2967 compre-

2181 2979 2411 3032 hensum
2447 2978 2540 3041 sit,
2593 2979 2741 3032 velut
2785 2980 3015 3035 inferius
3067 2998 3132 3036 eo
3163 2985 3308 3052 quod
3356 2986 3586 3054 inquirit
3620 2990 3745 3042 reli-

2179 3067 2384 3132 querit,
2414 3075 2529 3120 tum
2565 3067 2619 3120 in
2660 3068 2810 3124 illius
2852 3071 3179 3140 majestatis,
3210 3091 3332 3145 qua:
3368 3092 3536 3148 supra
3578 3083 3744 3138 cmlos

2179 3172 2238 3210 se
2260 3156 2477 3221 extulit,
2515 3160 2978 3229 contemplatione
3011 3167 3340 3222 versabitur.
3392 3168 3496 3223 Sed
3530 3189 3636 3241 qua
3674 3190 3732 3228 ra

2181 3245 2329 3298 tione
2357 3246 2467 3305 llet,
2501 3253 2562 3299 ut
2601 3247 2695 3316 qui
2729 3262 2912 3302 rerum
2955 3249 3245 3306 humilium
3299 3259 3482 3311 studio
3515 3268 3744 3318 tenetur.

2179 3351 2268 3389 res
2308 3335 2572 3392 sublimes
2627 3338 2951 3410 divinasque
2980 3351 3305 3412 assequatur
3327 3346 3352 3399 ?
3375 3363 3554 3417 quove
3590 3357 3745 3407 modo

2179 3429 2327 3482 eirea
2358 3429 2558 3485 emtum
2583 3431 2892 3500 pervolaret
2916 3433 2983 3499 is,
3024 3436 3117 3504 qui
3157 3451 3269 3492 non
3296 3439 3399 3496 alis
3432 3445 3746 3500 coelestibus

2181 3518 2456 3584 sublatus,
2492 3536 2676 3590 neque
2702 3522 2959 3578 sublimia
2999 3527 3154 3594 petit,
3197 3544 3374 3600 neque
3427 3547 3492 3586 ex
3531 3536 3752 3590 sublimi

2177 3608 2415 3678 quodam
2453 3609 2705 3666 instituto
2745 3614 2990 3670 celestia
3029 3621 3478 3692 contemplatur?
3513 3624 3646 3691 Quis
3680 3628 3753 3680 ita

2181 3701 2249 3755 ab
2293 3699 2570 3771 Evangelii
2626 3706 2903 3774 mysteriis
2951 3723 3180 3765 aversus
3231 3719 3336 3776 est,
3373 3715 3466 3784 qui
3544 3718 3755 3785 ignoret

2183 3791 2318 3852 illud
2349 3808 2517 3846 unum
2544 3807 2668 3849 esse
2712 3795 2929 3851 itineris
2966 3799 3299 3869 vehiculum,
3329 3819 3441 3873 quo
3474 3805 3752 3862 hominum

2183 3884 2402 3940 animus
2422 3885 2490 3939 ad
2513 3887 2684 3941 melos
2712 3888 2948 3952 vehitur,
2978 3906 3102 3944 cum
3127 3893 3253 3962 quis
3284 3896 3491 3951 scilicet
3513 3899 3754 3967 scipsnm

2182 3973 2345 4029 cllicit
2387 3976 2621 4030 similem
2661 3978 2926 4034 columba:
2953 3979 3284 4048 devolantis,
3329 3987 3489 4054 cujus
3535 3991 3753 4057 quidem

2182 4065 2301 4120 alas
2328 4066 2432 4120 sibi
2468 4065 2609 4122 eﬂici
2648 4083 2900 4124 summus
2924 4071 3087 4125 etiam
3119 4075 3380 4143 propheta
3406 4077 3574 4132 David
3600 4082 3756 4134 valde

2183 4156 2464 4225 expetivit.
2517 4157 2594 4212 Ita
2629 4159 2777 4214 enim
2833 4161 3072 4230 Spiritus
3111 4168 3282 4219 sancti
3335 4167 3443 4221 vim
3499 4186 3620 4226 mos
3673 4183 3758 4227 est

2186 4247 2241 4301 in
2271 4247 2473 4304 divinis
2501 4247 2723 4306 Litteris
2757 4253 3099 4310 subobscure
3136 4259 3433 4328 appellari;
3478 4262 3593 4317 sive
3625 4280 3758 4334 quo-

2186 4341 2332 4394 niam
2377 4341 2494 4395 avis
2542 4342 2657 4395 lure
2702 4342 2824 4398 felle
2865 4355 3038 4410 caret,
3092 4349 3208 4404 sive
3239 4351 3365 4420 quia
3398 4363 3483 4408 est
3533 4355 3756 4411 inimica

515 4443 755 4514 γεγονὼς
782 4443 1108 4516 ὑψηλότερος
1130 4446 1187 4497 ὲν
1209 4443 1287 4515 τῷ
1309 4444 1691 4515 προειρημένῳ
1716 4444 1920 4515 πτερῷ,
1951 4448 2079 4499 ὲκεί-

2189 4431 2369 4493 fetori,
2411 4441 2470 4485 ut
2507 4433 2733 4488 tradunt
2782 4436 2868 4499 hi,
2902 4438 2993 4507 qui
3028 4439 3142 4495 haec
3176 4441 3290 4510 ipsa
3335 4443 3754 4516 investigat-unt.

516 4553 604 4600 νος
639 4536 860 4606 εὑρήσει
889 4534 980 4588 τὸν
1017 4535 1176 4605 μόνον
1216 4534 1512 4604 ἐπιθυμίας
1539 4534 1707 4599 ἄξιον,
1739 4538 1833 4588 καί
1857 4537 2083 4605 γενήσε-

515 4644 604 4681 ται
627 4626 721 4680 καὶ
749 4625 910 4687 αὑτὸς
945 4625 1127 4688 καλὸς,
1158 4626 1235 4696 τῷ
1269 4625 1419 4697 καλῷ
1453 4625 1835 4696 προσπελάσας
1857 4643 1872 4657 ·
1907 4628 2000 4680 καὶ
2029 4629 2086 4681 ὲν

517 4717 666 4788 αὑτῷ
696 4716 952 4785 γεγονὼς,
975 4717 1225 4788 λαμπρός
1248 4733 1306 4770 τε
1345 4717 1439 4771 καὶ
1465 4716 1759 4786 φωτοειδὴς
1785 4719 1843 4769 ἐν
1862 4720 1927 4788 τῇ
1956 4735 2084 4787 μετ-

517 4809 672 4880 ουσίᾳ
701 4806 794 4861 τοῦ
821 4806 1075 4879 ἀληθινοῦ
1100 4807 1276 4876 φωτὸς
1299 4808 1720 4878 καταστήσεται.
1747 4807 1956 4879 Ὥσπερ
1979 4807 2087 4877 γὰρ

518 4901 576 4952 ὲν
607 4900 761 4953 νυκτὶ
789 4899 888 4963 τὰς
917 4899 1120 4968 ἀθρόας
1149 4898 1243 4952 τοῦ
1274 4899 1432 4970 ἀέρος
1461 4898 1792 4969 ὲκλὰμφεις,
1814 4898 1909 4962 οὖς
1946 4916 2089 4961 τινες

517 4990 828 5060 διᾴττοντας
861 4989 1117 5043 καλοῦσιν
1145 4987 1417 5058 ἀστέρας,
1463 4987 1616 5041 οὐδὲν
1661 4986 1789 5041 ἄλλο
1828 4989 1990 5056 φασὶν
2038 4989 2086 5040 οί

516 5077 689 5132 ταῦτα
714 5078 1203 5148 φιλοσοφήσαντες,
1235 5077 1266 5146 ἢ
1297 5077 1435 5148 ἀέρα
1469 5073 1606 5130 εἶναι
1643 5077 1748 5130 ὑπὸ
1779 5077 1898 5146 βίας
1925 5095 2087 5129 πνευ-

521 5170 706 5240 μάτων
745 5169 906 5221 τινῶν
941 5171 1020 5232 είς
1048 5168 1138 5222 τὸν
1183 5168 1420 5239 αἰθέριον
1465 5169 1627 5221 τόπον
1669 5168 2084 5239 ὑπερχεόμενον

518 5261 733 5328 λέγουσι
761 5260 870 5330 γὰρ
899 5260 991 5312 τὸν
1017 5259 1271 5331 πυροειδῆ
1303 5259 1488 5312 τοῦτον
1515 5258 1692 5324 ὁλκὸν,
1724 5259 2091 5328 ἐκφλογωθέν-

520 5368 609 5414 τος
643 5352 701 5403 ὲν
732 5349 812 5420 τῷ
845 5349 1022 5419 αἰθέρι
1066 5350 1159 5402 τοῦ
1191 5349 1499 5420 πνεύματος
1522 5391 1536 5414 ,
1582 5349 1660 5420 τῷ
1687 5349 1899 5420 οὐρανῷ
1926 5353 2089 5421 ἐγχα-

522 5438 850 5507 ράσσεσθαι·
913 5437 1099 5508 ῶσπερ
1145 5437 1239 5491 οὖν
1290 5441 1318 5492 ὁ
1365 5439 1604 5507 ἐπίγειος
1651 5433 1806 5504 οὗτος
1849 5441 1954 5512 ἀὴρ
2000 5443 2090 5494 ἀν·

519 5527 714 5590 ωσθεὶς
731 5528 940 5599 omne;
963 5529 1081 5599 βίας
1099 5529 1192 5582 τοῦ
1219 5529 1540 5600 πνεύματος.
1558 5532 1850 5602 φωτοειδὴς
1866 5533 2088 5600 γίνεται,

520 5617 598 5688 τῷ
627 5619 851 5690 καθαρῷ
875 5619 970 5674 τοῦ
1004 5621 1217 5692 αἰθέρος
1243 5620 1699 5691 ἐναλλοιοὺμενος·
1734 5623 1910 5695 ταύτῃ
1943 5643 2000 5677 τε
2027 5625 2091 5696 δὴ

523 5706 618 5760 καὶ
639 5708 667 5760 ὀ
689 5707 812 5772 νοῦς
835 5711 862 5762 ὁ
893 5709 1249 5782 ἀνθρώπινος,
1275 5710 1586 5764 καταλιπὼν
1608 5711 1696 5768 τὸν
1730 5711 1846 5766 Οολε
1857 5714 1945 5786 ρῦν
1968 5715 2090 5768 τοῦ-

2187 4521 2239 4574 ls
2268 4522 2434 4593 igitur
2466 4525 2560 4593 qui
2601 4527 2670 4579 ab
2706 4528 2854 4580 tlllltll
2895 4531 3216 4596 acerbitate,
3256 4543 3311 4589 et
3355 4538 3540 4592 carnis
3583 4539 3758 4593 fetore

2189 4615 2346 4683 longe
2375 4614 2596 4684 refugit,
2624 4616 2786 4683 quive
2816 4632 2844 4669 a
2874 4619 3037 4675 rebus
3069 4621 3372 4679 humilibus
3419 4628 3760 4698 terrenisque

2187 4709 2353 4763 altius
2398 4707 2603 4773 fertur;
2644 4710 2726 4763 vel
2763 4710 2831 4762 ab
2873 4712 3131 4768 omnibus
3164 4717 3346 4784 potius
3387 4721 3552 4775 rebus
3597 4737 3759 4775 mun-

2187 4800 2346 4854 danis
2391 4815 2451 4853 se
2499 4800 2606 4854 illis
2648 4801 2802 4870 ipsis,
2844 4820 2983 4873 quas
3015 4805 3274 4872 diximus,
3317 4810 3418 4865 alis
3471 4813 3761 4869 sublimius

2187 4892 2347 4954 tollit,
2382 4893 2430 4946 is
2463 4892 2710 4962 profecto
2744 4894 3004 4960 inveniet,
3037 4899 3182 4966 quod
3215 4909 3303 4953 est
3335 4902 3511 4955 solum
3553 4907 3762 4973 appell-

2190 4981 2338 5036 tione
2385 4983 2632 5052 dignum,
2682 4999 2918 5053 culnque
2966 4986 3030 5039 ad
3074 4989 3535 5055 pulchritmlineu't
3587 4995 3760 5064 ipsam

2192 5085 2363 5140 prope
2416 5077 2738 5138 accesserit,
2801 5077 3026 5142 pulcher
3070 5081 3237 5132 etiam
3299 5081 3417 5149 ipse
3467 5083 3756 5149 ellieietur,

2191 5161 2626 5233 splendidusque
2658 5165 2710 5217 in
2762 5180 2846 5228 ea,
2884 5181 2948 5219 ac
2979 5167 3289 5224 luminosus
3330 5172 3506 5227 factus
3547 5175 3600 5228 iu
3643 5179 3756 5231 veri

2193 5253 2419 5307 luminis
2453 5256 2718 5310 societate
2746 5259 3134 5312 constituetur.
3181 5260 3252 5315 Ut
3279 5263 3425 5316 enim
3459 5277 3618 5321 nocte
3650 5267 3759 5321 fre-

2192 5352 2424 5413 quentes
2452 5347 2574 5399 (ταιΙὶ
2618 5347 2794 5415 ignes,
2845 5364 2985 5416 quos
3017 5351 3281 5408 micantes
3327 5356 3512 5410 stellas
3543 5368 3758 5426 vocant,

2195 5439 2329 5492 nihil
2363 5439 2509 5493 aliud
2553 5455 2676 5495 esse
2716 5441 2908 5494 dicunt
2941 5441 3016 5504 hi,
3046 5445 3141 5512 qui
3186 5445 3240 5498 iu
3277 5446 3381 5502 hoc
3421 5451 3604 5504 studio
3642 5468 3762 5506 ver-

2194 5529 2299 5582 sati
2344 5541 2492 5592 sunt,
2525 5546 2689 5598 quam
2730 5546 2910 5586 aerem
2949 5535 3042 5603 qui
3073 5533 3364 5604 spirituum
3391 5541 3758 5608 quorumdam

2196 5620 2246 5674 vi
2291 5619 2343 5672 in
2376 5619 2671 5675 aathereum
2701 5621 3093 5694 caelestemque
3121 5625 3274 5680 illum
3312 5629 3383 5682 sit
3414 5631 3592 5686 locum
3621 5635 3762 5686 ρίτη-

2215 5724 2311 5765 sus
2343 5729 2356 5765 :
2387 5711 2576 5766 dicunt
2621 5712 2766 5767 enim
2817 5711 3152 5770 inﬂammato
3203 5719 3260 5776 in
3293 5722 3496 5778 mthere
3545 5724 3759 5793 spiritu,
