4124 6352
333 364 338 398 ι
367 334 471 389 567

1645 335 1700 388 S.
1742 330 2074 390 GREGOlm
2134 330 2429 388 NYSSENI

3525 333 3629 388 ’διεδ

372 451 593 518 igneum
627 446 772 500 hunc
807 451 1041 512 tractum
1082 444 1222 499 ratio
1260 444 1530 514 imprimi:
1568 454 1626 499 ut
1661 445 1827 514 igitur
1856 458 1951 498 aer

2074 459 2141 497 :ov
2170 444 2263 498 καὶ
2294 443 2487 514 ἰλυώδη
2524 443 2660 515 βίον,
2703 442 2926 497 ἐπειδᾶν
2953 441 3196 514 καθαρὸς
3239 441 3532 512 γενόμενος
3572 443 3630 494 ἐν

373 539 483 603 hic,
521 537 616 606 qui
645 551 861 589 omnem
897 543 1098 589 terram
1136 536 1542 605 complectitur,
1579 537 1628 589 vi
1677 535 1947 605 spirituali

372 631 426 685 in
462 628 697 684 sublime
728 628 942 698 pulsus,
978 643 1101 680 cum
1132 628 1464 697 mlherisque
1496 643 1632 698 puro
1657 627 1952 697 splendore

371 725 783 781 commutatus,
843 717 1150 771 lnminosus
1212 717 1429 772 exsistit
1487 720 1616 771 :ita
1665 717 1948 771 hominum

374 827 553 874 mens,
588 825 711 865 cum
752 809 1121 863 turbulentam
1159 808 1301 862 hanc
1340 809 1529 872 vitam,
1578 824 1641 862 ac
1668 822 1947 863 caenosam

373 905 640 967 deseruit,
681 901 940 971 quoniam
979 901 1206 970 spiritus
1233 901 1284 953 vi
1309 898 1422 970 jam
1461 915 1597 970 pura
1627 898 1816 954 ell‘ecta
1844 907 1949 962 est,

374 1011 500 1051 eum
538 993 759 1051 sublimi
796 994 889 1045 illo
924 1006 1164 1060 veroque
1192 999 1246 1046 et
1290 1007 1427 1061 pttro
1473 991 1764 1060 Splendore
1801 1005 1952 1044 com-

375 1088 562 1150 mista,
606 1085 659 1138 in
692 1082 786 1137 illo
815 1083 1220 1152 quodammodo
1260 1083 1521 1152 perlucet,
1557 1081 1952 1152 radiorumque

374 1177 756 1234 coruscatione
817 1176 1037 1244 impleta
1092 1181 1200 1239 est,
1257 1182 1423 1245 atque
1471 1191 1537 1230 ex
1571 1175 1784 1228 Domini
1827 1191 1954 1245 pro-

374 1269 545 1321 misso
599 1266 781 1320 lumen
840 1264 1248 1335 quodammodo
1303 1264 1536 1319 ellieitur
1578 1265 1953 1335 :prontiserat

374 1359 519 1414 enim
561 1359 608 1412 is
640 1357 824 1425 justos
856 1357 1004 1410 viros
1039 1356 1105 1409 ad
1146 1356 1279 1410 solis
1314 1356 1728 1410 similitudinem
1782 1355 1953 1410 reful-

375 1459 566 1521 gentes
606 1448 741 1502 fore.
776 1447 950 1516 Atque
987 1446 1039 1501 id
1064 1447 1245 1516 ipsum
1275 1447 1498 1517 quidem
1546 1446 1600 1501 in
1633 1448 1797 1502 terris
1828 1447 1946 1502 ticri

375 1543 646 1604 videmus,
679 1541 764 1595 vel
806 1542 860 1594 in
891 1541 1134 1610 speculo,
1165 1540 1250 1594 vel
1295 1539 1352 1594 in
1383 1554 1551 1610 aqua,
1582 1539 1668 1595 vel
1711 1540 1766 1594 in
1799 1548 1956 1595 Caete-

375 1633 453 1688 ris
480 1633 666 1694 rebus,
693 1647 816 1701 qua:
849 1647 961 1702 prae
983 1633 1250 1686 tenuitate
1275 1631 1559 1686 relucendi
1590 1631 1699 1685 vim
1731 1631 1952 1686 habent.

375 1725 512 1780 Cum
536 1726 680 1780 enim
720 1739 807 1778 res
838 1724 1020 1792 aliqua
1049 1721 1324 1792 ejusmodi
1348 1721 1532 1776 radios
1562 1723 1695 1778 solis
1725 1722 1951 1792 excipit,

2050 536 2116 604 τῇ
2147 536 2375 605 δυνάμει
2420 535 2514 588 τοῦ
2555 536 2869 605 πνεύματος
2893 575 2906 598 ,
2935 534 3231 602 φωτοειδὴς
3264 534 3493 603 γένηται
3538 535 3631 585 καὶ

2052 628 2344 700 ὲμμιχθείη
2367 631 2433 699 τῇ
2461 629 2688 698 ἀληθινῇ
2716 627 2812 681 καὶ
2841 627 3019 698 ὑψηλῇ
3048 625 3398 696 καθαρότητι,
3423 625 3631 694 διαφαί-

2052 719 2198 771 νεταί
2234 735 2351 783 πως
2386 719 2479 772 καὶ
2521 719 2683 782 αὐτὸς
2717 721 2774 771 ἐν
2815 719 3034 788 ἐκείνῃ,
3066 718 3162 769 καὶ
3190 715 3426 770 ἀκτίνων
3467 713 3633 785 ἐμπί-

2053 811 2271 875 πλαται,
2299 812 2392 864 καὶ
2416 810 2532 879 φῶς
2561 811 2768 880 γίνεται
2790 850 2805 873 ,
2835 807 2979 862 κατά
3017 808 3117 879 τὴν
3140 805 3234 860 τοῦ
3261 806 3467 876 Κυρίου
3499 805 3633 858 ὑπό·

2055 919 2257 972 σχεσιν,
2315 901 2372 964 ὃς
2421 903 2547 965 τοὺς
2595 901 2837 963 δικαίους
2871 900 3105 970 λάμψειν
3162 897 3286 952 καθ’
3338 898 3633 967 ὁμοιότητα

2051 995 2145 1046 τοῦ
2207 992 2358 1062 ἡλίου
2427 992 2920 1063 κατεπηγγείλατο.
2983 989 3155 1044 Τοῦτο
3220 987 3316 1042 καὶ
3389 987 3482 1040 ἐπὶ
3532 987 3634 1056 τῆς

2053 1086 2154 1154 γῆς
2192 1084 2406 1156 ὁρῶμεν
2441 1084 2722 1155 γινόμενον
2761 1082 3214 1151 ἐπὶκατόπτρου,
3256 1079 3288 1150 ἢ
3325 1077 3550 1140 ὓδατος,
3597 1077 3633 1147 ἢ

2054 1177 2214 1231 ἄλλου
2260 1177 2404 1240 τινὸς
2451 1177 2561 1230 τῶν
2599 1175 2944 1231 ἀποστίλϐειν
2974 1175 3062 1228 διὰ
3108 1174 3364 1244 λειότητα
3403 1171 3636 1241 δυναμέοσ

2054 1285 2180 1321 νων.
2236 1269 2408 1322 Ὅταν
2455 1269 2564 1341 γάρ
2597 1286 2651 1322 τι
2697 1269 2904 1321 τούτων
2951 1266 3168 1337 δέξηται
3211 1264 3308 1336 τήν
3341 1263 3437 1316 τοῦ
3482 1262 3637 1332 ἡλίου

2053 1361 2280 1426 ἀκτῖνα,
2335 1361 2428 1414 καὶ
2474 1361 2640 1431 ἀλλην
2688 1361 2782 1430 ἀφ’
2830 1358 3038 1413 ἑαυτῶν
3075 1357 3267 1410 ἀκτῖνα
3333 1357 3507 1409 ποιεῖ·
3536 1354 3642 1406 οὐκ

2055 1452 2122 1506 ἂν
2154 1452 2496 1520 ποιήσαντα,
2552 1454 2601 1504 εἰ
2648 1451 2805 1522 ῥύπῳ
2851 1450 2960 1502 τινὶ
3015 1448 3079 1501 τὺ
3140 1447 3379 1518 καθαρόν
3425 1463 3484 1499 τε
3542 1445 3644 1499 καὶ

2056 1542 2306 1597 στιλπνὸν
2337 1543 2439 1613 τῆς
2465 1542 2788 1613 ἐπιφανείας
2815 1539 3166 1612 ἀχρειωθείη.
3203 1537 3327 1592 Εἴτε
3353 1532 3444 1591 οὖν
3477 1538 3639 1608 ἡμεῖς

2055 1638 2171 1692 ἄνω
2216 1636 2529 1706 γενοίμεθα,
2567 1633 2954 1697 καταλιπόντες
2997 1631 3058 1686 τὸ
3104 1631 3386 1703 περίγειον
3422 1629 3644 1694 σκότος,

2057 1729 2175 1781 ἐκεῖ
2210 1726 2517 1796 φωτοειδείς
2559 1724 2902 1795 γενησόμεθα
2925 1763 2940 1786 ,
2989 1723 3070 1794 τῷ
3101 1719 3341 1792 ἀληθινῷ
3373 1720 3512 1790 φωτὶ
3542 1716 3646 1772 τοῦ

376 1817 516 1870 alios
546 1829 741 1870 rursus
771 1815 824 1868 itt
862 1829 921 1869 se
949 1812 1137 1869 radios
1177 1813 1294 1883 ipsa
1335 1812 1500 1868 ellicit
1532 1831 1546 1868 :
1577 1814 1721 1884 quod
1767 1815 1955 1884 utique

2074 1795 2294 1889 Κριστοῦ
2338 1818 2774 1888 ἐμπελάσαντεςδ
2805 1817 2914 1870 εἴτε
2943 1815 3006 1870 τὸ
3044 1815 3161 1886 φῶς
3187 1814 3249 1868 τὸ
3295 1812 3548 1884 ἀληθινὸν
3577 1811 3648 1864 τδ

377 1923 486 1961 non
536 1907 735 1960 factum
780 1912 951 1967 esset,
993 1905 1038 1960 si
1075 1919 1209 1974 pura
1255 1905 1402 1961 illius
1441 1905 1518 1960 rei
1563 1905 1956 1976 splendidaque

2074 1911 2147 1965 ιαὶ
2175 1913 2233 1964 ἐν
2260 1913 2326 1981 τῇ
2359 1910 2550 1981 σκοτίᾳ
2580 1909 2804 1980 λάμπον
2821 1910 2914 1963 καὶ
2942 1908 3135 1978 μέχρις
3158 1906 3315 1980 ήμῶν
3342 1904 3640 1975 καταϐαίη,

377 1997 699 2069 Superlieies
738 1995 994 2051 sordibus
1037 1995 1369 2066 quibusdam
1424 2008 1571 2052 esset
1613 1999 1825 2054 iutttilis
1871 2000 1953 2053 fa-

2074 2003 2146 2057 ιαὶ
2181 2004 2343 2074 ἡμεῖς
2375 2002 2492 2071 φῶς
2510 2001 2778 2072 ἐσόμεθα,
2811 1999 2992 2063 καθώς
3021 1999 3154 2069 φησί
3189 2015 3288 2051 που
3318 2000 3428 2060 τοῖς
3461 1995 3639 2066 μαθη-

378 2100 485 2145 cta.
522 2089 662 2160 Ergo
691 2102 790 2143 uos
816 2088 933 2142 sive
966 2087 1204 2142 terrenis
1238 2088 1450 2144 relictis
1489 2089 1575 2143 his
1606 2091 1854 2145 tenebris
1900 2093 1954 2146 in

2074 2095 2174 2156 ταῖς
2203 2093 2231 2146 ὁ
2266 2091 2502 2164 Κύριος·
2550 2093 2613 2146 Ei
2654 2092 2727 2163 μή
2773 2107 2859 2154 τις
2889 2090 3086 2154 κακίας
3117 2089 3288 2162 ῥύπος
3330 2091 3396 2160 τῇ
3442 2086 3644 2158 καρδίᾳ

379 2181 599 2235 sublimi
649 2194 952 2240 versemur,
1001 2178 1074 2232 ibi
1118 2177 1233 2248 jam
1277 2177 1439 2232 lucidi
1483 2179 1778 2234 elliciemur
1809 2198 1950 2236 verae

2074 2183 2577 2254 τροσπεπλασμένος
2639 2183 2740 2254 τὴν
2790 2182 2951 2254 χάριν
2999 2181 3094 2235 τοῦ
3142 2180 3410 2253 ἡμετέρου
3463 2177 3644 2249 φωτδς

380 2271 585 2326 Christi
649 2270 755 2324 luci
807 2268 1338 2338 appropinquantes;
1390 2284 1486 2324 seu
1535 2270 1627 2323 lux
1667 2271 1757 2324 illa
1807 2289 1953 2339 vera,

2074 2273 2432 2346 ὶμαυρώσειε.

380 2382 498 2435 qum
527 2364 608 2418 vel
639 2364 692 2418 in
724 2362 966 2417 tenebris
1007 2361 1174 2425 lueet,
1204 2361 1270 2414 ad
1307 2376 1408 2416 nos
1448 2360 1764 2424 descendat.
1800 2366 1961 2420 etiam
2001 2381 2102 2422 nos
2130 2367 2220 2422 lux
2248 2367 2474 2429 erimus,
2512 2373 2572 2420 ut
2601 2364 2866 2420 Dominus
2922 2363 3158 2434 quodam
3200 2363 3324 2418 loco
3359 2359 3648 2431 discipulis

381 2459 456 2512 ait
496 2458 574 2510 ":
613 2455 720 2511 nisi
763 2452 1088 2524 quibusdam
1135 2451 1358 2507 malitiae
1405 2453 1844 2525 impuritatisquc
1879 2456 2134 2513 sordibus
2171 2458 2396 2528 propius
2449 2457 2602 2511 cordi
2647 2455 2903 2521 admotis,
2955 2455 3180 2511 luminis
3221 2455 3394 2510 nostri
3437 2457 3646 2509 obseu-

383 2549 588 2606 tabitur
609 2545 805 2619 gratia.

451 2643 633 2708 Atque
684 2637 920 2692 fortasse
979 2634 1201 2706 quidem
1247 2647 1362 2690 ntec
1413 2652 1534 2706 quae
1592 2653 1646 2691 in
1700 2641 1966 2710 exemplis

2131 2641 2285 2712 Τάχα
2311 2641 2492 2695 τοίνυν
2530 2640 2681 2711 ἡμᾶς
2713 2639 2898 2712 ἠρέμα
2937 2637 3025 2693 διά
3073 2637 3182 2693 τῶν
3233 2637 3654 2709 ὑποδειγμάτων

385 2729 640 2788 consistit
670 2729 846 2780 oratio
868 2725 1075 2781 sensim
1108 2740 1174 2780 eo
1207 2741 1310 2781 nos
1341 2726 1592 2791 adduxit,
1620 2737 1680 2781 ιιι
1711 2739 1967 2799 putemus

2074 2735 2092 2787 5
2128 2733 2286 2802 λόγος
2319 2734 2639 2805 προσήγαγε
2676 2734 2744 2803 τῇ
2775 2731 2989 2803 ἐπινοίᾳ
3013 2730 3113 2801 τῆς
3141 2729 3280 2802 πρὸς
3309 2729 3372 2782 τὸ
3403 2731 3656 2801 κρεῖττον

388 2837 488 2878 nos
520 2821 574 2874 in
616 2818 669 2872 id
715 2825 1114 2872 commutatum
1163 2816 1250 2882 iri,
1292 2817 1440 2888 quod
1479 2819 1676 2876 melius
1705 2832 1790 2875 est
1823 2840 1837 2877 :
1871 2821 1970 2880 de-

2074 2827 2219 2899 ήμῶν
2257 2825 2631 2888 ἀλλοιώσεωςο
2663 2825 2756 2877 καὶ
2811 2823 3027 2894 ἐδείχθη
3079 2823 3155 2893 μὴ
3187 2820 3410 2875 δυνατὸν
3451 2820 3652 2892 ἑτέρως

389 2920 877 2978 monstratumque
911 2917 1018 2974 est,
1054 2922 1164 2962 non
1196 2909 1358 2964 aliter
1389 2908 1508 2965 ﬁeri
1542 2925 1722 2980 posse.
1752 2919 1813 2966 ut
1849 2913 1968 2967 ani-

2074 2914 2204 2972 ιῖναι
2239 2917 2577 2988 συναφθῆναι
2619 2915 2718 2986 τὴν
2757 2915 2938 2985 ψυχὴν
2978 2912 3056 2986 τῷ
3089 2912 3354 2983 ἀφθάρτῳ
3381 2911 3534 2983 Θεῷν
3577 2913 3654 2983 μὴ

390 3018 511 3058 tuus
543 3017 666 3056 cum
695 2998 985 3054 immortali
1020 2998 1450 3070 incorruptoque
1482 2999 1842 3070 Deojunctus
1871 3003 1965 3065 sit,

2074 3010 2169 3064 καὶ
2213 3007 2384 3080 αὐτὴν
2427 3008 2504 3072 ὡς
2544 3002 2657 3060 οἷόν
2694 3023 2754 3059 τε
2792 3005 3040 3077 καθαρὰν
3089 3005 3389 3075 γενομένην
3433 3003 3524 3058 διά
3555 3003 3656 3075 τῆς

392 3094 496 3148 nisi
528 3094 662 3162 ipse,
709 3098 979 3160 quantum
1013 3089 1129 3146 ﬁeri
1164 3064 1377 3161 potest,
1402 3064 1759 3161 integritatis,
1809 3064 1970 3149 casti-

2074 3064 2405 3174 άφθαρσίάςο
2429 3064 2507 3164 ὡς
2528 3099 2593 3154 ἂν
2615 3099 2703 3153 διά
2727 3099 2821 3152 τοῦ
2839 3064 3025 3170 ὁμοίου
3067 3064 3356 3171 καταλάδη
3367 3097 3431 3151 τδ
3448 3064 3654 3168 ὅμοιον,

391 3185 630 3254 ratisque
665 3181 918 3252 p-rmsidio
951 3195 1148 3251 purus,
1184 3188 1349 3251 atque
1378 3182 1737 3251 incorruptus
1771 3186 1882 3247 ﬁat,
1916 3195 1975 3239 ttt

395 3277 496 3330 hac
527 3273 889 3330 similitudine
917 3272 995 3337 id,
1024 3271 1172 3343 quod
1217 3273 1399 3329 simile
1430 3282 1537 3338 est,
1569 3277 1971 3345 apprehendat;

395 3377 654 3436 tanquam
696 3365 883 3436 aliquo
937 3364 1161 3433 speculo
1211 3364 1461 3420 adhibito
1501 3365 1594 3420 Dei
1638 3369 1860 3437 puritati
1915 3385 1976 3426 se

394 3460 513 3528 ipse
551 3457 882 3526 subjicieus,
919 3470 1044 3526 quae
1093 3455 1519 3526 pulchritudinis
1567 3458 1743 3527 ipsius
1790 3475 1976 3513 exem-

397 3550 534 3619 plari
591 3549 694 3604 sibi
745 3549 1147 3612 demonstrato,
1203 3550 1272 3602 ad
1332 3549 1478 3606 illius
1533 3551 1974 3618 similitudinem,

348 3647 353 3652 '
399 3643 628 3696 formam
671 3655 827 3695 suam
863 3640 1158 3710 exprimat.
1203 3639 1298 3695 Sin
1336 3653 1518 3697 autem
1548 3644 1820 3714 quispiam
1853 3649 1977 3701 talis

395 3742 500 3798 est,
537 3734 629 3803 qui
684 3734 898 3787 noverit
932 3733 1047 3788 haec
1099 3733 1336 3787 humana
1380 3735 1661 3802 deserere,
1714 3747 1807 3792 aut
1851 3756 1978 3794 cor-

397 3844 552 3896 pnra,
600 3836 697 3881 aut
743 3827 1030 3898 pecunias,
1085 3836 1180 3881 aut
1231 3827 1618 3894 scientiarum,
1666 3835 1978 3904 artiumque

395 3919 601 3983 studia,
653 3927 745 3972 aut
779 3933 1121 3988 quaecunque
1168 3919 1418 3974 moribus
1461 3922 1786 3994 legibusque
1837 3941 1977 3996 pne-

397 4011 547 4063 clara
607 4019 894 4078 putantur,
950 4008 1211 4080 quoniam
1271 4011 1326 4065 in
1376 4011 1466 4068 his
1508 4014 1695 4078 rebus,
1743 4031 1978 4086 quarum

397 4117 594 4156 sensus
632 4101 797 4171 iudex
842 4109 946 4168 est,
979 4102 1047 4158 de
1087 4103 1324 4160 honesto
1355 4106 1633 4177 opinionis
1673 4125 1831 4163 error
1857 4127 1982 4164 ver-

397 4203 594 4260 satur;
629 4194 717 4248 hie
749 4194 996 4263 profecto
1043 4205 1097 4251 et
1128 4212 1338 4263 amore,
1380 4207 1434 4254 et
1470 4201 1769 4270 cupiditate
1809 4201 1874 4255 ad
1925 4203 1983 4257 il-

403 4285 498 4340 Iud
528 4286 705 4355 ipsum
738 4286 914 4340 solum
956 4286 1269 4352 honestum,
1305 4291 1664 4360 pnlchrumve
1711 4293 1979 4361 trahetur,

2074 3195 2239 3250 οἱονεὶ
2263 3194 2566 3263 κάτοπτρον
2588 3195 2653 3264 τῇ
2685 3191 3014 3263 καθαρότητι
3035 3191 3130 3245 τοῦ
3153 3190 3287 3245 Θεοῦ
3314 3190 3511 3263 ἑαυτήν
3531 3191 3657 3245 ὑπο-

2077 3283 2285 3339 θεῖσαν⁶
2319 3283 2458 3337 ῶστε
2501 3284 2642 3337 κατά
2670 3284 2902 3354 μετοχὴν
2932 3284 3025 3336 καὶ
3050 3283 3350 3353 ἐμφάνειαν
3388 3283 3484 3337 τοῦ
3507 3299 3656 3354 πρωο

2075 3377 2313 3430 τοτύπου
2345 3375 2576 3439 κάλλους
2605 3376 2698 3428 καὶ
2736 3375 2796 3428 τὸ
2823 3376 2880 3428 ἐν
2918 3375 3056 3444 αὐτῇ
3095 3373 3463 3447 μορφωθῆναι.
3495 3375 3560 3429 Ei
3598 3372 3657 3429 δέ

2075 3484 2163 3531 τις
2183 3467 2426 3531 τοιοῦτός
2461 3470 2635 3528 ἐστιν,
2655 3461 2765 3529 οἷος
2793 3465 2892 3537 ήδη
2925 3465 3102 3517 πάντα
3129 3465 3444 3518 καταλιπεῖν
3471 3464 3537 3518 τά
3561 3465 3658 3519 ἀν-

2079 3555 2360 3629 θρώπινα,
2409 3557 2521 3609 εἴτε
2555 3554 2812 3625 σώματα,
2850 3554 2960 3607 εἴτε
2999 3553 3257 3624 χρήματα
3281 3594 3296 3620 ,
3332 3554 3443 3606 εετε
3490 3554 3555 3608 τά
3600 3554 3661 3608 ἐν

2079 3648 2408 3719 ἐπιστήμαις
2439 3647 2472 3718 ἢ
2519 3645 2734 3717 τέχναις
2766 3643 3174 3716 ἐπιτηδεύματα
3197 3684 3213 3708 ,
3245 3644 3281 3716 ἢ
3322 3646 3418 3698 καὶ
3453 3646 3554 3699 ὅσα
3600 3645 3664 3700 ἐν

2079 3739 2226 3794 ἔθεσι
2255 3739 2348 3793 καὶ
2387 3739 2574 3809 νόμοις
2611 3736 2760 3803 δεξιά
2802 3737 3086 3809 θεωρεῖται
3133 3738 3285 3811 (περὶ
3324 3737 3395 3792 τά
3437 3737 3661 3792 τοιαῦτα

2079 3836 2248 3907 γάρὴ
2287 3834 2465 3905 πλάνη
2509 3834 2608 3905 τῆς
2633 3831 2728 3887 τοῦ
2763 3832 2928 3887 καλοῦ
2970 3835 3377 3904 κατανοήσεως,
3420 3833 3478 3886 ἐν
3513 3829 3592 3896 οἷς
3622 3833 3664 3904 ή

2081 3927 2334 3998 αἴσθησις
2364 3926 2648 3998 κριτήριον
2689 3925 2942 3997 γίνεται),
2976 3927 3005 3979 ό
3038 3925 3277 3988 τοιοῦτος
3305 3925 3443 3996 πρὸς
3482 3925 3666 3978 ἐκεῖνο

2085 4019 2245 4091 μόνον
2273 4017 2550 4089 ἐρωτικῶς
2575 4033 2634 4070 τε
2659 4017 2754 4069 καὶ
2777 4016 3190 4088 ἐπιθυμητικῶς
3220 4017 3353 4080 ἕξει,
3383 4017 3412 4070 ὃ
3432 4018 3532 4088 οὑχ
3552 4016 3663 4070 ἐτέ-

2085 4111 2260 4185 ρωθεν
2289 4109 2403 4182 ἔχει
2422 4109 2482 4163 τὸ
2502 4108 2665 4162 καλὸν
2687 4104 2847 4172 εἶναι,
2878 4108 2999 4162 οὐδέ
3031 4109 3179 4171 ποτὲ,
3206 4107 3239 4178 ἢ
3265 4111 3403 4180 πρός
3423 4126 3476 4162 τι
3498 4107 3664 4164 τοιοῦ-

2081 4200 2174 4252 τόν
2206 4200 2351 4251 ἐστιν
2370 4214 2383 4227 ·
2419 4197 2556 4250 ἀλλά
2595 4197 2654 4261 ἐξ
2679 4197 2872 4251 ἐαυτοῦ
2900 4198 2994 4250 καὶ
3025 4197 3091 4250 δι’
3121 4198 3314 4251 ἐαυτοῦ
3353 4198 3538 4263 καλὸν,
3569 4200 3667 4254 καὶ

2083 4291 2143 4343 ἐν
2184 4288 2362 4360 ἐαυτῷ
2406 4287 2646 4342 τοιοῦτον
2694 4287 2856 4342 καλὸν
2903 4287 2985 4352 ὃν,
3021 4289 3115 4342 καὶ
3161 4289 3283 4343 οὺδέ
3329 4290 3461 4344 ποτέ
3501 4291 3666 4344 καλὸν

400 4380 546 4448 quod
613 4394 723 4433 non
781 4380 1002 4436 aliunde
1053 4380 1322 4436 exsistere
1385 4394 1582 4453 potest,
1648 4402 1826 4456 neque
1885 4386 1970 4440 ali-

2083 4383 2390 4452 γενόμενον,
2423 4381 2456 4452 ἧ
2482 4379 2610 4433 ποτέ
2635 4381 2734 4433 οὐκ
2759 4380 3037 4450 ἐσόμενον,
3067 4381 3203 4434 ἀλλά
3229 4383 3458 4437 πάντοτε
3488 4383 3664 4436 ὡσαύ-

402 4471 644 4538 quando,
674 4487 852 4540 neque
899 4471 966 4525 ad
1019 4472 1224 4543 aliquid
1268 4475 1538 4544 ejusmodi
1575 4476 1835 4542 refertur,
1881 4479 1975 4534 sed

402 4561 549 4633 quod
584 4577 646 4616 ex
691 4577 776 4623 se,
813 4572 864 4616 et
896 4577 991 4632 per
1022 4579 1102 4629 se,
1136 4574 1191 4619 rt
1222 4567 1277 4620 in
1319 4581 1379 4621 se
1410 4569 1698 4623 honestum
1727 4578 1832 4633 est,
1874 4570 1977 4626 hoe

403 4669 538 4709 sane
579 4662 665 4708 est
703 4669 918 4722 semper
965 4654 1277 4723 honestum,
1323 4673 1500 4728 neque
1533 4661 1825 4730 aliquando
1871 4678 1978 4718 non

408 4745 531 4806 fuit,
561 4752 656 4798 aut
687 4743 985 4813 aliquando
1033 4761 1142 4800 non
1177 4747 1442 4814 futurum,
1495 4751 1590 4806 sed
1625 4763 1886 4822 perpetuo
1921 4769 1982 4810 se

408 4852 518 4889 uno
549 4835 855 4902 eodemque
887 4834 1051 4889 modo
1084 4837 1267 4898 habet,
1300 4855 1480 4909 neque
1514 4843 1741 4896 omnino
1771 4845 1982 4911 augeri,

406 4932 583 4987 neque
623 4918 972 4988 amplitieari,
1003 4935 1180 4990 neque
1213 4921 1321 4974 ulla
1355 4925 1752 4992 permutatione
1782 4928 1980 4980 mutari

409 5015 608 5078 potest.
644 5008 809 5078 Atqui
841 5017 1072 5064 cunt-tas
1095 5011 1261 5065 animi
1295 5013 1380 5067 sui
1415 5021 1714 5083 potestates
1737 5017 1984 5072 omnium

406 5100 664 5152 vitiorum
707 5100 966 5154 Sardibus
1006 5103 1100 5171 qui
1135 5102 1480 5168 absterserit,
1517 5105 1646 5159 illud
1695 5108 1870 5164 ausim
1901 5109 1986 5164 di-

385 5206 551 5276 ιενι-ο,
579 5191 1037 5263 aliirmaremque,
1070 5195 1420 5264 perspicuum
1453 5197 1502 5251 ei
1535 5197 1759 5252 omnino
1779 5214 1902 5255 eSsc
1933 5201 1987 5255 id

389 5279 554 5350 'quod
586 5290 779 5334 natura
819 5289 903 5336 est
937 5283 1117 5338 solnut
1155 5285 1466 5351 honestum,
1520 5302 1550 5341 a
1581 5303 1692 5358 quo
1727 5305 1852 5343 cum
1887 5291 1988 5346 ho-

411 5371 550 5426 nesti
597 5371 798 5430 omnis.
857 5379 972 5425 tum
1026 5374 1154 5428 boni
1209 5377 1561 5447 principium,
1618 5388 1782 5450 atque
1821 5395 1988 5436 causa

409 5459 760 5515 exsistit:ut
809 5461 956 5515 enim
1006 5465 1224 5526 oculus,
1260 5469 1352 5536 qui
1400 5467 1748 5538 lippitudinis
1796 5473 1990 5528 inorbo

394 5533 675 5606 ‘ii‘aeratus
703 5561 808 5617 est,
841 5565 1027 5622 aperte
1055 5573 1120 5610 ea
1167 5560 1364 5626 cernit,
1396 5578 1518 5632 qua:
1554 5562 1608 5617 in
1653 5565 1796 5619 caelo
1820 5581 1990 5636 appa-

483 5754 529 5788 ⁸⁵
550 5755 738 5814 Matth.
767 5775 820 5827 v,
859 5760 944 5817 14.

2085 4489 2192 4535 τως
2218 4471 2360 4541 ἕχον,
2390 4470 2706 4543 προσθήκης
2733 4487 2793 4524 τε
2821 4470 2914 4523 καὶ
2946 4459 3225 4542 αὐξήσεως
3254 4471 3538 4544 ὑπεράνω,
3572 4475 3671 4527 καὶ

2086 4562 2435 4617 ἀνεπίδεκτον
2472 4564 2654 4633 πάσης
2685 4562 2896 4634 τροπῆς
2927 4579 2988 4616 τε
3033 4564 3128 4617 καὶ
3165 4563 3525 4630 ἀλλοιώσεως.
3576 4565 3667 4636 Τῷ

2085 4655 2262 4708 τοίνυν
2285 4655 2467 4719 πάσας
2493 4654 2685 4707 ἑαυτοῦ
2709 4653 2807 4716 τάς
2829 4653 2931 4724 τῆς
2957 4653 3137 4726 ψυχῆς
3166 4656 3428 4726 δυνάμεις
3449 4657 3514 4710 ἐκ
3538 4673 3667 4710 παν-

2088 4746 2178 4810 τὸς
2203 4746 2376 4809 εἴδους
2398 4745 2596 4809 κακίας
2614 4743 3046 4815 ἀποκαθάραντι,
3066 4745 3249 4816 τολμῶ
3275 4747 3369 4800 καὶ
3395 4747 3556 4816 λέγω,
3583 4750 3667 4804 ὅτι

2091 4838 2333 4906 ἐμφανὲς
2362 4839 2570 4907 γίνεται
2597 4836 2660 4889 τὸ
2689 4835 2848 4907 μόνον
2872 4838 2944 4908 τῇ
2971 4836 3130 4905 φύσει
3162 4838 3346 4903 καλὸν,
3383 4840 3520 4913 ὅπερ
3552 4842 3668 4895 ἐστὶ

2091 4928 2153 4981 τὸ
2187 4930 2387 4992 παντὸς
2417 4927 2585 4982 καλοῦ
2609 4943 2669 4979 τε
2698 4926 2792 4981 καὶ
2817 4927 3022 4995 ἀγαθοῦ
3048 4928 3239 4982 αἴτιον.
3265 4929 3534 5003 Καθάπερ
3561 4932 3674 5003 γάρ

2091 5019 2353 5091 ὀφθαλμῷ
2371 5021 2470 5092 τὴν
2500 5021 2682 5093 λήμην
2713 5021 3121 5094 ἀπορυψαμένῳ
3159 5021 3230 5076 τά
3268 5023 3327 5076 έν
3350 5022 3426 5094 τῷ
3459 5024 3670 5096 οὐρανῷ

2092 5110 2380 5181 τηλαυγῶς
2423 5109 2756 5182 καθορᾶται’
2805 5110 2974 5173 οὕτως
3021 5112 3115 5164 καὶ
3154 5113 3222 5182 τῇ
3264 5111 3409 5184 ψυχῇ
3444 5111 3533 5166 διὰ
3575 5114 3672 5186 τῆς

2095 5199 2404 5274 ἀφθαρσίας
2445 5201 2806 5273 παραγίνεται
2853 5201 2888 5270 ή
2938 5199 3168 5270 δύναμις
3210 5201 3311 5272 τῆς
3357 5201 3453 5255 τοῦ
3499 5202 3672 5271 φωτὸς

2094 5294 2304 5346 ἐκείνου
2331 5295 2744 5366 κατανοήσεως,
2782 5295 2877 5346 καὶ
2902 5295 2936 5365 ή
2967 5293 3198 5368 ἀληθινὴ
3242 5295 3509 5366 παρθενία
3529 5339 3544 5362 ,
3580 5297 3672 5349 καὶ

2096 5389 2130 5457 ή
2163 5387 2291 5457 περὶ
2320 5386 2418 5457 τὴν
2458 5387 2768 5459 ἀφθαρσίαν
2801 5387 3000 5458 σπουδὴ
3030 5389 3109 5451 είς
3140 5387 3330 5441 τοῦτον
3359 5389 3448 5444 τὸν
3475 5389 3673 5442 σκοπὸν

2097 5479 2432 5550 καταλήγει,
2464 5479 2526 5532 τὺ
2565 5478 2632 5532 δι’
2681 5479 2847 5548 αὐτῆς
2883 5477 3176 5550 δυνηθῆναι
3217 5480 3308 5534 τὸν
3351 5479 3484 5533 Θεὸν
3525 5480 3674 5536 ἰδεῖν.

2100 5568 2222 5620 Ὅτι
2247 5567 2355 5639 γὰο
2376 5569 2436 5624 τὸ
2469 5569 2674 5643 κυρίως
2703 5568 2798 5624 καὶ
2826 5569 3058 5642 πρώτως
3089 5571 3184 5625 καὶ
3218 5571 3394 5643 μόνως
3425 5570 3588 5627 καλόν
3615 5585 3674 5625 τε
