4124 6352
510 348 620 403 569

1891 355 1982 415 DE
2019 355 2482 415 VIRGINITATE.

3676 361 3781 413 579

510 465 606 518 καὶ
633 466 836 534 ἀγαθὸν
865 466 962 522 καὶ
985 468 1224 547 καθαρὸν
1248 474 1277 528 ὀ
1298 474 1407 529 τῶν
1431 474 1569 530 ὅλων
1598 470 1713 530 ἐστὶ
1738 476 1892 542 Θεὸς,
1918 477 2095 541 οὐδεὶς

2201 486 2324 532 rent
2356 495 2369 531 :
2404 479 2487 533 sic
2516 477 2701 532 animo
2742 493 2809 532 ex
2846 490 2983 548 pura
3038 475 3372 547 integritate,
3420 474 3779 543 castitateqre

508 554 653 608 οὕτω
680 557 879 625 τυφλὸς
903 560 1004 630 τὴν
1023 560 1283 627 διάνοιαν,
1305 564 1381 627 ὼς
1408 564 1484 636 μὴ
1505 565 1600 634 ἀφ’
1625 566 1817 620 ἑαυτοῦ
1842 568 2092 621 συνιδεῖν.

524 645 689 699 Ἀλλά
728 647 886 701 τοῦτο
931 651 1031 720 μὲν
1076 651 1207 716 ἴσως
1256 654 1428 719 οὐδεὶς
1472 657 1685 725 ἀγνοεῖ·
1721 657 1999 729 ἐπιζητεῖν
2037 658 2095 712 δὲ

513 737 660 799 εἰκός
690 754 864 803 τινας,
895 742 945 794 εί
986 742 1210 798 δυνατόν
1238 748 1387 801 ἐστιν
1424 743 1533 801 οἷόν
1575 765 1697 802 τινα
1742 750 1962 821 μέθοδον
2001 751 2096 804 καὶ

509 826 735 901 ἀγωγὴν
763 830 864 902 τὴν
910 834 1046 904 πρὸς
1076 835 1237 889 τοῦτο
1275 840 1722 908 χειραγωγοῦσαν
1754 843 1903 911 ἡμᾶς
1939 842 2091 906 ἐξευ-

513 921 649 990 ρεῖν.
690 922 899 977 Μεσταὶ
934 926 1035 995 μὲν
1076 924 1168 981 οὖν
1202 930 1259 982 αἱ
1299 931 1440 985 θεῖαι
1478 932 1658 985 Βίϐλοι
1702 933 1804 1003 τῆς
1837 934 2094 1005 τοιαύτης

511 1013 649 1067 εἰσὶν
674 1014 1018 1087 ὑφηγήσεως·
1046 1020 1229 1074 πολλοὶ
1251 1021 1310 1075 δὲ
1339 1023 1448 1076 τῶν
1491 1025 1662 1093 ἁγίων
1691 1026 1940 1098 καθάπερ
1963 1027 2087 1081 τινὰ

511 1103 705 1176 λύχνον
733 1107 824 1160 τὸν
849 1110 1056 1163 ἑαυτῶν
1086 1111 1200 1182 βίον
1219 1118 1333 1179 τοῖς
1365 1116 1507 1169 κατά
1534 1117 1665 1170 Θεὸν
1705 1120 2095 1191 πορευομένοις

512 1198 919 1266 προφαίνουσιν.
980 1203 1140 1258 Ἀλλά
1182 1206 1283 1271 τάς
1322 1207 1425 1277 μὲν
1478 1210 1542 1262 ἐκ
1588 1210 1685 1281 τῆς
1733 1208 2093 1264 θεοπνεύστου

512 1288 735 1380 Γραφῇς
758 1294 839 1356 είς
858 1294 951 1348 τὸν
979 1296 1337 1367 προκείμενον
1361 1300 1559 1354 σκοπὸν
1582 1301 1861 1373 ὑποθήκας
1884 1302 2091 1367 ἔξεστιν

509 1380 727 1452 ἑκάστῳ
760 1382 1029 1450 πλουσίως
1061 1386 1120 1452 ἐξ
1155 1389 1479 1461 ἀμφοτέρων
1515 1390 1624 1444 τῶν
1658 1391 1943 1462 Διαθηκῶν
1969 1394 2091 1446 ἀναο

512 1468 787 1534 λέξασθαι·
823 1474 995 1528 πολλά
1032 1478 1130 1547 μὲν
1170 1479 1280 1550 γὰρ
1318 1480 1378 1533 ὲν
1407 1483 1715 1552 προφήταις
1757 1483 1852 1535 καὶ
1900 1483 2053 1554 νόμῳ
2076 1524 2092 1549 ,

511 1565 683 1618 πολλά
709 1565 767 1620 δὲ
804 1566 864 1620 έν
902 1567 1283 1638 εὐαγγελικαῖς
1322 1588 1381 1625 τε
1425 1574 1519 1625 καὶ
1558 1572 1942 1638 ἀποστολικαῖς
1984 1590 2092 1628 πα-

509 1658 763 1728 ραδόσεσι
792 1661 1057 1730 πάρεστιν
1095 1664 1343 1733 ἀφθόνως
1374 1665 1577 1721 λαϐεῖν.
1615 1667 1754 1721 Ὅσα
1797 1668 1842 1720 δ’
1888 1668 1955 1723 ἂν
1997 1670 2094 1723 καὶ

507 1754 671 1823 ἡμεῖς
702 1754 1127 1826 ὑπονοήσαιμεν,
1162 1759 1281 1821 ταῖς
1305 1756 1477 1822 θείαις
1512 1759 1932 1825 ἀκολουθοῦντες
1980 1780 2093 1832 φω-

508 1847 648 1908 ναῖς,
674 1844 828 1899 ταῦτ’
859 1846 1026 1903 ἐστίν.

510 1940 736 2007 copiose
816 1941 953 1995 satis
1002 1941 1263 2004 colligere
1320 1943 1483 2008 licet;

2198 568 2434 623 facultas
2467 567 2681 623 accedit
2731 568 2875 623 lucis
2911 568 3059 622 illius
3102 568 3559 638 contemplandaa.
3598 570 3779 637 Atque

2197 673 2324 711 vera
2390 657 2611 727 quidem
2669 656 2954 726 virginitas
3006 656 3449 725 incorruptaeque
3502 657 3776 710 castitatis

2198 749 2442 805 studium
2468 764 2535 804 eo
2569 764 2701 806 sane
2732 750 2989 814 refertur,
3010 756 3070 801 ut
3101 748 3249 802 illius
3283 747 3459 816 ipsius
3484 761 3588 816 ope
3617 746 3775 799 adhi-

2200 843 2334 905 bita,
2378 840 2547 895 Deum
2588 841 2714 910 quis
2761 840 2937 909 possit
2982 840 3207 893 intueri.
3262 837 3395 891 Nam
3434 838 3677 909 proprie,
3720 846 3780 892 et

2196 935 2456 1005 primunt,
2512 941 2568 988 et.
2631 933 2809 987 solum
2879 930 3193 993 honestum,
3253 945 3561 1000 purumque
3609 929 3777 985 Deum

2195 1042 2344 1093 esse,
2371 1042 2531 1081 nemo
2556 1027 2629 1080 ita
2663 1033 2845 1080 mente
2872 1039 3018 1078 caeca
3042 1031 3148 1086 est,
3189 1023 3320 1093 quin
3358 1039 3454 1094 per
3484 1038 3543 1077 se
3573 1023 3779 1077 intelli-

2196 1126 2309 1190 gat.
2378 1119 2484 1174 Sed
2541 1119 2645 1173 hoc
2676 1120 2855 1187 ipsum
2913 1116 3150 1172 fortasse
3198 1132 3362 1169 nemo
3420 1115 3677 1185 ignorat;
3723 1123 3780 1168 at

2196 1225 2412 1279 acquum
2450 1218 2632 1263 tamen
2667 1215 2772 1268 est,
2809 1217 2868 1260 ut
2903 1207 3176 1271 nonnulli,
3210 1208 3256 1262 si
3288 1208 3401 1260 ﬁeri
3436 1214 3632 1276 potest,
3662 1221 3781 1259 om-

2199 1301 2331 1355 nino
2365 1299 2648 1368 indagent,
2687 1314 2811 1369 quae
2840 1314 2973 1353 sane
3003 1299 3146 1353 ratio
3177 1298 3249 1353 sit
3277 1313 3342 1352 ac
3375 1299 3479 1362 via,
3519 1313 3643 1367 ηυδε
3680 1313 3781 1350 tios

2197 1393 2264 1447 ad
2307 1391 2441 1446 illud
2480 1392 2659 1461 ipsum
2693 1392 2985 1447 honestum
3021 1392 3208 1447 ducat.
3245 1390 3427 1446 Pleme
3468 1392 3637 1462 igitur
3674 1392 3777 1445 hu—

2189 1486 2351 1558 jusce
2402 1487 2739 1541 narrationis
2794 1485 2996 1541 divime
3056 1488 3308 1555 Litterae,
3358 1488 3783 1557 compluresque

2193 1580 2532 1636 sanctissimi
2571 1580 2674 1633 viri
2704 1581 2872 1633 vitam
2902 1594 3081 1644 suam,
3123 1580 3281 1650 quasi
3313 1580 3495 1635 lumen
3537 1578 3780 1647 aliquod,

2196 1672 2303 1726 illis
2355 1670 2675 1733 ostendunt,
2729 1669 2821 1739 qui
2887 1685 3012 1724 cum
3072 1669 3185 1725 Deo
3233 1670 3536 1724 ambulant.
3578 1667 3778 1721 Verum

2197 1775 2465 1835 prmcepta
2505 1763 2725 1834 quidem
2764 1764 2956 1827 multa,
3000 1779 3123 1833 qua:
3172 1764 3241 1817 ad
3291 1764 3394 1818 hoc
3438 1762 3780 1833 propositum

2127 1855 2167 1910 fl
2197 1857 2495 1928 pertinent,
2523 1871 2586 1910 ex
2620 1855 2827 1911 divinis
2860 1854 3153 1924 utriusque
3181 1853 3521 1909 Testamenti
3562 1852 3784 1921 scriptis

1577 1960 1701 1999 nam
1742 1960 1871 1999 enm
1927 1948 2099 2001 multa
2141 1964 2171 2004 e
2211 1945 2543 2019 prophetis,‘
2568 1957 2734 2018 atque
2774 1948 2913 2017 lege,
2948 1956 3062 2001 tum
3113 1948 3375 2016 pleraque
3424 1959 3578 2009 sane,
3632 1950 3688 1998 et
3717 1955 3782 1996 ex

507 2030 878 2100 evangelieis,
938 2040 994 2087 et
1047 2035 1366 2105 apostolicis
1416 2036 1804 2093 traditionibus
1864 2038 2085 2095 abunde
2120 2042 2326 2113 percipi
2381 2049 2634 2112 possunt.
2674 2042 2807 2108 Qua:
2855 2054 2985 2095 vero
3022 2054 3144 2105 nos,
3178 2038 3395 2094 divinos
3433 2034 3630 2093 imitati
3668 2046 3784 2089 ser.

508 2141 723 2190 mones,
758 2131 1111 2186 commentati
1144 2146 1359 2199 sumus,
1391 2132 1506 2187 luce
1532 2134 1759 2188 omnino
1783 2128 1935 2190 sunt.

1116 2250 1366 2305 ΚΕΦΑΛ.
1401 2253 1502 2307 lB’.

509 2359 633 2413 Ὅτι
655 2362 783 2435 οὐδέ
798 2361 879 2435 ἐξ
895 2362 971 2435 ἀρ
972 2381 1008 2431 χ
1018 2360 1108 2435 ῆς.
1142 2362 1284 2435 οὐδὲ
1306 2365 1454 2419 κατὰ
1481 2366 1672 2434 φύσιν
1688 2366 2100 2435 συνουσιωμέ-

580 2446 710 2557 ἔον,
908 2433 1306 2497 αὐτεξούσιον
1331 2435 1457 2503 ἔχει
1485 2433 1518 2489 ὁ
1550 2435 1864 2504 ἄνθρωπος
1897 2435 1963 2489 τὸ
1989 2433 2100 2490 πα-

617 2518 750 2569 ητικ
828 2542 845 2557 .

580 2594 655 2647 Τὸ
686 2593 901 2664 λογικὸν
938 2592 1095 2648 τοῦτο
1139 2595 1235 2648 καὶ
1258 2594 1592 2667 διανοητικδν
1636 2594 1794 2662 ζῶον,
1823 2597 1854 2650 ὁ
1884 2596 2094 2669 ἀνθρω·

508 2703 631 2751 me,
673 2687 772 2757 τῆς
813 2685 961 2751 θείας
1010 2704 1068 2739 τε
1114 2687 1208 2740 καὶ
1257 2686 1536 2759 ἀκηράτου
1567 2688 1779 2758 φύσεως
1816 2688 1975 2760 ἔργον
2003 2688 2098 2744 καὶ

507 2780 738 2852 μίμημα
768 2777 1007 2849 γεγονώς
1026 2796 1039 2809 ο
1074 2777 1219 2833 οὕτω
1246 2781 1354 2851 γάρ
1380 2782 1441 2833 ὲν
1467 2782 1534 2852 τῇ
1572 2781 1943 2852 Κοσμογενείςι⁸
1970 2781 2098 2852 περὶ

509 2870 675 2925 αὑτοῦ
706 2869 1143 2942 ἀναγέγραπται,
1173 2871 1256 2923 ὅτι
1294 2889 1313 2922 ι
1348 2872 1485 2925 Κατ’
1519 2871 1704 2924 εἰκόνα
1739 2870 1873 2924 Θεοῦ
1907 2871 2096 2942 ἐποίη-

512 2979 604 3016 σεν
630 2962 792 3016 αὐτόν
813 2977 827 2991 ·
865 2980 883 3014 ι
911 2962 1070 3017 τοῦτο
1098 2959 1191 3016 οῦν
1214 2962 1275 3016 τδ
1299 2963 1457 3031 ζῶον,
1477 2966 1506 3019 ὁ
1536 2964 1840 3036 ἄνθρωπος,
1870 2965 1931 3017 ού
1962 2964 2102 3018 κατά

511 3051 673 3122 φύσιν
701 3054 824 3107 οὐδὲ
867 3055 1296 3127 συνουσιωμένον
1325 3052 1480 3126 ἔσχεν
1514 3057 1572 3109 έν
1600 3056 1776 3127 ἐαυτῷ
1823 3055 1975 3128 παρὰ
2000 3056 2100 3127 τὴν

510 3144 735 3217 πρώτην
762 3145 972 3212 γένεσιν
1007 3145 1069 3199 τὸ
1100 3145 1400 3218 παθητικόν
1424 3163 1485 3200 τε
1526 3146 1622 3200 καὶ
1652 3147 1935 3219 ἐπίκηρον.
1967 3146 2102 3201 Οὐδὲ

512 3234 619 3305 γάρ
647 3229 716 3305 ἦν
748 3232 970 3287 δυνατὸν
998 3232 1088 3286 τὸν
1125 3236 1224 3305 τῆς
1247 3233 1454 3297 εἰκόνος
1490 3233 1818 3303 διασωθῆναι
1844 3233 2019 3301 λόγον,
2051 3234 2101 3287 εί

2791 2242 3021 2301 CAPUT
3062 2243 3179 2298 ΧΠ.

2204 2362 2387 2434 Neque
2425 2379 2479 2434 να
2524 2361 2814 2434 principio,
2855 2375 3017 2434 neque
3060 2370 3254 2434 natura
3297 2367 3494 2434 iniran
3534 2369 3656 2434 sunt
3693 2360 3787 2414 lio-

2302 2429 2433 2487 iuini
2468 2432 2792 2502 aﬁ'ecliunes,
2820 2431 2910 2483 sed
2939 2445 3004 2483 ea:
3044 2429 3265 2483 consilio
3296 2430 3395 2482 sibi
3423 2432 3687 2485 ereniunl.

2277 2580 2475 2645 Homo,
2510 2584 2601 2652 qui
2649 2582 2881 2637 rationis
2927 2582 3227 2651 particeps,
3279 2580 3589 2650 mentisque
3636 2596 3787 2636 como

2205 2689 2304 2744 pos
2342 2674 2544 2727 animal
2597 2683 2703 2736 est,
2745 2681 2800 2727 et
2846 2672 3047 2728 divina:
3078 2673 3520 2743 incorrupta:th
3572 2680 3782 2729 natura:

2206 2783 2368 2838 opus,
2405 2778 2569 2837 atque
2595 2766 2954 2824 simulacrum
2980 2764 3235 2819 effectum
3269 2785 3281 2821 :
3316 2765 3371 2819 in
3406 2764 3595 2819 mundi
3640 2766 3786 2823 enim

2214 2860 2608 2914 constitutione
2634 2858 2702 2912 de
2734 2871 2801 2914 eo
2839 2856 2924 2911 his
2952 2856 3134 2911 verbis
3176 2856 3444 2926 scriptum
3490 2864 3618 2911 est:
3655 2875 3674 2908 ι
3703 2855 3785 2910 Ad

2211 2951 2503 3021 imaginem
2532 2948 2623 3004 Dei
2649 2948 2775 3003 feeit
2800 2964 2924 3004 eum
2955 2950 3041 3014 η’,
3081 2967 3100 3002 ι
3136 2949 3268 3012 hoc,
3308 2949 3551 3018 inquam,
3584 2949 3787 3003 animal

2207 3040 2391 3103 homo,
2440 3039 2714 3110 principio
2760 3053 2871 3092 non
2925 3038 3056 3092 illud
3093 3038 3198 3094 sibi
3238 3048 3433 3091 natura
3481 3038 3783 3107 ingenitum

2206 3134 2424 3198 habuit,
2476 3141 2538 3188 ut
2589 3132 2878 3187 aﬂ‘ectibus
2929 3139 3097 3198 esset,
3163 3132 3438 3202 mortique
3479 3133 3785 3203 expositus.

2206 3225 2393 3296 Neque
2435 3226 2581 3281 enim
2628 3225 2746 3280 fieri
2778 3232 3017 3296 poterat,
3054 3235 3114 3280 ut
3147 3224 3528 3279 similitudinis
3557 3239 3777 3280 conser-

512 3326 845 3390 ὑπεναντίως
894 3322 1007 3396 εἶχε
1050 3325 1111 3379 τὸ
1145 3326 1596 3398 ἀπεικονισμένον
1652 3325 1845 3388 κάλλος
1874 3324 2009 3397 πρὸς
2041 3326 2098 3379 τὸ

2212 3326 2333 3371 vata
2365 3325 2515 3373 esset
2557 3317 2719 3381 ratio,
2745 3319 2792 3373 si
2831 3327 3028 3373 contra
3077 3333 3137 3373 se.
3164 3317 3216 3371 id
3267 3318 3515 3381 haberet,
3539 3319 3687 3387 quod
3718 3318 3785 3371 ad

512 3416 841 3487 ἀρχέτυπον.
883 3414 1023 3468 Ἀλλ’
1055 3413 1279 3482 ὕστερον
1310 3413 1611 3485 έπεισήχθη
1649 3415 1713 3467 τὸ
1744 3413 1916 3479 πάθος
1952 3413 2101 3484 αὐτῷ

517 3508 656 3576 μετά
684 3507 783 3578 τὴν
812 3505 1036 3578 πρώτην
1062 3508 1406 3577 κατασκευήν
1425 3520 1438 3535 ·
1480 3506 1778 3577 έπεισήχθη
1812 3506 1869 3558 δὲ
1897 3503 2097 3567 οὕτως·

515 3599 690 3655 Plzth
736 3595 802 3670 ἦν
849 3597 944 3653 καὶ
979 3597 1253 3668 ὁμοίωμα,
1292 3595 1471 3661 καθὼς
1493 3596 1730 3668 εἴρηται,
1757 3599 1855 3667 τῆς
1885 3596 2102 3650 πάντων

515 3690 621 3744 τῶν
645 3690 815 3745 ὄντων
850 3688 1237 3761 βασιλευούσης
1290 3687 1604 3759 δυνάμεωςο
1660 3689 1755 3742 καὶ
1805 3687 1893 3741 διὰ
1942 3687 2103 3741 τοῦτο

516 3785 610 3838 καὶ
651 3785 709 3837 έν
760 3782 839 3854 τῷ
889 3780 1220 3852 αύτεξουσίῳ
1263 3782 1363 3846 τῆς
1403 3780 1538 3851 πρὸς
1585 3781 1678 3833 τὸν
1724 3779 2103 3845 έξουσιάζοντα

517 3878 733 3931 πάντων
759 3870 872 3946 εἶχε
895 3877 993 3945 τὴν
1028 3874 1341 3945 ὁμοιότητα,
1372 3872 1597 3943 οὐδεμιᾷ
1634 3890 1739 3927 τινι
1775 3872 1882 3926 τῶν
1905 3870 2102 3937 ἔξωθεν

514 3968 729 4041 ἀνάγκη
756 3966 1174 4037 δεδουλωμένος·
1201 3964 1337 4019 ἀλλὰ
1372 3967 1437 4036 τῇ
1464 3963 1656 4037 γνώμῃ
1822 3964 1927 4035 ἰδίᾳ
1968 3964 2101 4036 πρὸς

515 4059 576 4112 τὸ
618 4058 806 4113 δοκοῦν
845 4058 1232 4129 διοικούμενος,
1274 4055 1369 4111 καὶ
1415 4056 1475 4109 τὸ
1519 4055 1750 4128 ἀρέσκον
1795 4056 1943 4127 αύτῷ
1981 4057 2101 4110 κατ’

515 4151 765 4217 ἐξουσίαν
803 4150 1145 4223 αἱρούμενος,
1193 4150 1293 4221 τὴν
1347 4149 1630 4220 συμφοράν
1672 4151 1896 4220 ταύτην,
2009 4148 2102 4203 νῦν

517 4243 850 4316 κεκράτηται
877 4241 937 4295 τὸ
964 4241 1302 4312 ἀνθρώπινον
1324 4281 1339 4305 ,
1396 4239 1556 4304 αὐτὸς
1597 4239 1877 4311 ἐθελοντὴς
1921 4240 2103 4312 ἀπάτῃ

518 4332 872 4405 παρενεχθεὶς
904 4332 1274 4395 ἐπεσπάσατο,
1314 4332 1475 4396 αὐτὸς
1511 4331 1611 4402 τῆς
1642 4331 1840 4394 κακίας
1875 4331 2103 4403 εὑρέτης

516 4428 823 4497 γενόμενος,
849 4427 970 4497 οὐχὶ
999 4424 1153 4497 παρὰ
1197 4424 1331 4479 Θεοῦ
1381 4423 1681 4495 γενομένην
1725 4423 1931 4495 εὑρών·
1971 4423 2102 4488 Θεὸς

518 4515 626 4587 γάρ
656 4515 883 4570 θάνατον
906 4516 1008 4570 οὐκ
1043 4515 1318 4587 ἐποίησεν,
1344 4515 1479 4569 ἀλλά
1503 4514 1703 4586 τρόπον
1734 4514 1854 4568 τινά
1880 4514 2105 4586 κτίστης

517 4609 613 4661 καὶ
660 4607 987 4680 δημιουργὸς
1040 4607 1134 4662 τοῦ
1191 4606 1362 4661 κακοῦ
1416 4607 1654 4679 κατέστη
1715 4609 1744 4661 ὁ
1796 4607 2101 4679 ἄνθρωπος.

517 4699 783 4771 Καθάπερ
814 4699 924 4772 γάρ
952 4699 1043 4754 τοῦ
1084 4700 1308 4771 ἡλιακοῦ
1350 4700 1527 4769 φωτὸς
1569 4699 1722 4772 κοινὴ
1754 4700 1853 4772 μὲν
1881 4702 2101 4773 πρόκει-

515 4805 606 4845 ται
636 4794 799 4845 πᾶσιν
846 4793 881 4863 ἡ
912 4792 1190 4863 μετουσία,
1233 4788 1314 4857 οἷς
1352 4793 1504 4864 ⁴ἢτοῦ
1534 4794 1666 4864 ὁρᾷν
1695 4794 1919 4864 δύναμις
1956 4794 2101 4864 πάρ-

515 4898 631 4933 εστι
656 4897 670 4911 ·
690 4880 927 4936 δύναται
960 4881 1018 4935 δέ
1046 4899 1147 4946 τις,
1170 4883 1218 4935 εί
1240 4881 1545 4953 βουληθείη,
1582 4882 1759 4953 μύσας
1778 4884 1870 4939 τὸν
1900 4885 2100 4953 ὀφθαλ-

518 4972 638 5042 μὸν,
665 4970 769 5035 ἔξω
798 4971 1048 5038 γενέσθαι
1071 4972 1172 5041 τῆς
1196 4971 1289 5024 τοῦ
1321 4973 1495 5040 φωτὸς
1520 4973 1855 5045 ἀντιλήψεως
1872 5015 1887 5039 ,
1910 4977 1970 5027 ού
2003 4973 2098 5027 τοῦ

515 5064 666 5133 ἡλίου
704 5061 1116 5134 ἀποχωροῦντος
1159 5063 1418 5133 ἑτέρωθι,
1468 5064 1563 5118 καὶ
1608 5064 1779 5129 οὕτως
1824 5066 1999 5118 έκεῖνο
2038 5066 2100 5119 τὸ

515 5157 705 5219 σκότος
733 5156 1049 5225 ἐπάγοντος,
1095 5156 1230 5210 ἀλλὰ
1272 5157 1365 5210 τοῦ
1414 5157 1699 5229 ἀνθρώπου
1728 5158 1819 5212 διὰ
1847 5161 1945 5230 τῆς
1977 5160 2097 5213 ἐπι-

517 5245 733 5314 μύσεως
762 5244 870 5298 τῶν
900 5245 1182 5318 βλεφάρων
1213 5246 1302 5299 τὸν
1343 5246 1619 5319 ὀφθαλμὸν
1660 5249 1725 5303 ἐκ
1759 5249 1857 5319 τῆς
1881 5251 2099 5314 ἀκτῖνος

513 5335 969 5406 διατειχίσαντος·
1006 5337 1104 5407 τῆς
1160 5338 1267 5407 γὰρ
1314 5339 1575 5408 όρατικῆς
1624 5339 1908 5409 δυνάμεως
1937 5341 1995 5392 ἐν
2030 5341 2097 5410 τῇ

514 5424 772 5495 ὲπιμύσει
797 5427 905 5480 τῶν
934 5428 1198 5499 ὀμμάτων
1238 5430 1426 5497 ἀργεῖν
1472 5429 1859 5502 ἀδυνατούσης,
1886 5431 2100 5499 ἀνάγκη

517 5518 665 5569 πᾶσα
696 5518 795 5589 τὴν
824 5519 1103 5589 ἐνέργειαν
1134 5519 1232 5590 τῆς
1258 5518 1518 5589 ὁράσεως,
1558 5519 1783 5584 σκότους
1820 5521 2101 5590 ἐνέργειαν

514 5608 780 5677 γίνεσθαι,
810 5609 1068 5675 ἑκουσίως
1098 5612 1154 5665 έν
1180 5611 1257 5683 τῷ
1294 5610 1564 5683 ἀνθρώπῳ
1600 5612 1687 5667 διὰ
1726 5613 1823 5683 τῆς
1842 5612 2099 5682 ἀορασίας

1684 5778 1719 5805 ‘.-'

594 5790 658 5821 η’
688 5791 824 5846 Gen.
855 5807 893 5859 ι,
924 5792 1014 5845 27.

2204 3409 2536 3480 exemplaris
2587 3409 2918 3480 imaginem,
2990 3409 3516 3479 similitudinemque
3563 3426 3784 3480 expres-

2206 3517 2326 3555 sum
2360 3511 2465 3557 est.
2501 3502 2607 3557 Sed
2641 3510 2767 3573 post
2803 3502 3037 3574 primam
3085 3502 3326 3558 hominis
3367 3502 3783 3559 fabricationem

2204 3591 2555 3649 ailectionum
2579 3594 2666 3649 vis
2701 3594 2755 3648 in
2788 3608 2916 3648 eum
2955 3592 3271 3648 introducta
3302 3601 3421 3659 est;
3474 3595 3786 3649 introducta

2202 3692 2287 3739 cst
2317 3692 2499 3739 autem
2525 3685 2629 3741 hoc
2654 3686 2817 3741 modo
2847 3699 2862 3739 :
2892 3684 3074 3757 Imago
3096 3692 3214 3740 erat
3249 3686 3432 3751 homo,
3456 3686 3785 3741 similitudo-

2204 3792 2333 3847 que,
2371 3786 2431 3831 ut
2460 3778 2668 3833 dictum
2696 3786 2803 3844 est,
2839 3777 2959 3849 ejus
2997 3777 3308 3849 potestatis,
3339 3778 3503 3848 cujus
3529 3780 3785 3849 imperio.

2202 3884 2547 3938 quaecunque
2596 3880 2750 3934 sunt,
2797 3871 2983 3924 omnia
3027 3878 3305 3934 tenentur.
3357 3885 3423 3924 ac
3468 3882 3733 3942 reguntur
3769 3888 3783 3926 :

2206 3960 2370 4029 idque
2400 3967 2685 4030 propterea
2720 3961 2776 4013 in
2827 3960 3069 4017 hominis
3101 3962 3273 4017 libero
3306 3964 3560 4027 consilio,
3592 3966 3785 4019 volun-

2204 4058 2426 4120 tateque
2473 4052 2709 4120 positum
2752 4050 2876 4115 luit,
2930 4067 2990 4107 se
3051 4052 3200 4107 illius
3243 4053 3655 4109 similitudinem
3706 4050 3786 4108 tb-

2204 4156 2358 4203 nere,
2381 4141 2542 4210 cujus
2580 4148 2850 4211 potestate
2889 4156 2979 4197 res
3013 4142 3280 4196 universa:
3310 4144 3785 4213 complectuntur;

2206 4249 2384 4303 neque
2428 4234 2537 4287 ulla
2601 4248 2735 4289 sane
2798 4247 2984 4288 rerum
3034 4241 3387 4289 externarum
3452 4238 3785 4292 necessitate

2205 4340 2399 4380 servus
2432 4324 2660 4380 effectus
2699 4332 2807 4390 est,
2857 4324 2953 4380 sed
2988 4340 3088 4380 sua
3138 4326 3256 4395 ipse
3298 4328 3569 4381 sententia
3604 4329 3670 4381 a-l
3706 4329 3783 4389 id.

2205 4416 2354 4488 quod
2405 4418 2509 4473 sibi
2540 4418 2720 4472 visum
2754 4425 2860 4481 est,
2898 4434 3021 4473 sese
3066 4417 3286 4472 affecit:
3322 4435 3557 4489 cumque
3592 4436 3656 4474 ex
3695 4436 3783 4491 po-

2206 4520 2408 4568 testate
2437 4510 2489 4564 id
2524 4510 2803 4581 elegisset,
2837 4510 2982 4579 quod
3020 4510 3124 4564 sibi
3152 4510 3466 4579 placuerat;
3501 4511 3784 4565 calamita-

2208 4611 2315 4659 tem
2357 4604 2518 4665 hanc,
2563 4618 2671 4672 qua
2706 4601 2947 4657 hominis
2989 4616 3163 4671 genus
3195 4602 3307 4672 jam
3336 4618 3660 4673 oppressum
3693 4613 3803 4657 'te-.

2214 4707 2393 4764 netur,
2431 4703 2625 4767 sponte
2663 4696 2779 4765 ipse
2810 4694 2997 4749 fraude
3022 4696 3433 4751 circumventus
3460 4696 3735 4749 contraxit
3767 4714 3780 4750 :

2208 4796 2262 4843 et
2296 4788 2369 4841 ita
2407 4788 2589 4841 omnis
2622 4786 2748 4839 mali
2784 4791 2978 4838 auctor
3014 4784 3136 4851 fuit,
3186 4800 3295 4838 non
3336 4800 3366 4838 a
3403 4784 3512 4838 Deo
3539 4785 3668 4840 facti
3702 4787 3784 4839 in-

2206 4884 2405 4935 ventor
2439 4898 2452 4933 :
2487 4884 2718 4932 mortem
2763 4876 2911 4931 enim
2948 4873 3093 4931 Deus
3138 4892 3247 4929 non
3286 4874 3485 4940 effecit,
3517 4877 3611 4932 sed
3656 4877 3782 4930 mali

2206 4970 2462 5025 conditor
2500 4967 2927 5040 quodammodo,
2961 4966 3368 5035 fabricatorque
3401 4968 3565 5022 homo
3610 4970 3784 5022 exsti-

2207 5065 2274 5118 tit
2304 5083 2316 5117 :
2350 5061 2810 5133 quemadmodum
2840 5059 2987 5115 enim
3028 5060 3161 5114 solis
3199 5060 3289 5113 lux
3319 5061 3632 5115 communis
3656 5076 3783 5129 pro-

2207 5155 2384 5225 posita
2420 5162 2506 5207 est
2544 5153 2802 5207 omnibus
2836 5151 2930 5220 qui
2974 5150 3233 5205 cernendi
3266 5150 3373 5203 vim
3417 5144 3651 5217 habent;
3685 5168 3783 5222 po-

2206 5253 2313 5302 test
2338 5244 2484 5300 enim
2517 5245 2665 5314 quis,
2717 5244 2762 5298 si
2796 5243 3052 5308 voluerit,
3099 5242 3304 5296 clausis
3350 5242 3527 5296 oculis
3569 5242 3783 5299 (-ﬂicerc

2207 5354 2276 5392 ne
2306 5338 2480 5392 lucem
2518 5336 2665 5390 illam
2696 5335 2935 5405 excipiat
2964 5352 2979 5389 :
3012 5349 3120 5389 non
3147 5334 3274 5405 quia
3311 5334 3393 5387 sol
3428 5334 3536 5388 alio
3563 5336 3782 5405 migret,

2206 5439 2371 5501 atque
2403 5446 2469 5485 cx
2500 5444 2565 5483 eo
2590 5428 2847 5483 tenebras
2874 5427 3141 5492 oﬂ‘undat,
3172 5429 3267 5484 sed
3300 5429 3428 5498 quia
3450 5429 3613 5482 homo
3641 5429 3781 5497 ἱρεε,

2208 5522 2414 5578 clausis
2459 5521 2754 5591 palpebris,
2802 5522 3023 5576 oculmn
3055 5536 3085 5574 a
3135 5522 3303 5576 radiis
3346 5522 3571 5592 sepicrit
3605 5539 3619 5574 :
3654 5535 3779 5573 nam

2211 5629 2336 5669 cum
2368 5612 2585 5669 videndi
2628 5612 2729 5682 vis,
2765 5614 2973 5683 opertis
3007 5613 3202 5680 oculis,
3239 5630 3339 5670 suo
3381 5628 3605 5668 munere
3631 5610 3782 5681 fungi
