4124 6352
336 317 436 376 3τὶ
1606 314 1665 379 S,
1697 312 2024 377 GREGORlI
2051 311 2345 371 NYSSENI

339 450 450 489 non
486 432 679 504 possit,
715 447 943 489 necesse
963 439 1049 489 est
1077 433 1258 490 omnis
1287 431 1403 488 haec
1438 440 1702 503 aspectus
1726 444 1916 487 cessa-.-
1944 480 1946 488 λ

2045 428 2448 502 ωνισταμένην·
2481 427 2514 499 ἢ
2560 425 2749 498 ὥσπερ
2796 426 2851 479 εί
2881 439 2962 495 τις
3005 422 3185 478 οἰκίαν
3223 416 3402 492 ἑαυτῷ
3443 437 3611 474 κατα-

340 527 419 580 tio
441 527 695 581 tenebras
724 524 942 591 elliciat,
987 540 1127 595 quas
1161 525 1325 579 homo
1352 522 1459 578 sibi
1500 531 1699 593 sponte
1746 537 1810 577 ex
1852 535 1921 577 eo

2045 521 2326 586 πκευάζων,
2373 519 2642 592 μηδεμίαν
2686 518 2899 588 ὲντέμοι
2950 515 3029 587 τῷ
3069 514 3209 586 φωτί
3263 513 3363 585 τὴν
3407 512 3503 566 ἰπὶ
3543 511 3612 564 τὰ

339 617 592 679 oﬂ‘uudit,
642 614 771 686 quia
818 616 1004 672 videre
1052 623 1316 671 recusat:
1345 623 1444 671 aut
1478 615 1646 670 veluti
1698 613 1747 670 si
1793 614 1920 683 quis

2045 613 2133 667 ἱσω
2177 610 2429 683 πάροδον,
2473 607 2784 679 ἀναγκαίως
2829 608 2889 661 ὲν
2939 606 3119 675 σκότῳ
3148 602 3424 675 βιώσεται,
3467 600 3610 656 ἑκὼν

337 711 560 763 domum
603 709 708 763 sibi
737 706 1043 773 :editieaus,
1071 707 1283 761 nullum
1320 706 1430 761 luci
1469 705 1676 760 aditum
1706 706 1919 775 patefa-

2045 703 2350 765 ιποκλείσας
2376 703 2494 763 ταῖς
2525 700 2706 754 ἀκτῖσι
2728 698 2826 773 τὴν
2855 696 3055 752 εἴσοδον
3070 713 3084 727 ·
3110 696 3251 754 οὕτω
3277 695 3372 752 καὶ⁹
3392 693 3420 749 6
3456 692 3610 764 πρῶ-

341 801 450 853 eiat
496 798 564 853 ad
613 813 700 861 ea,
738 811 861 866 qua:
906 796 1055 851 domi
1097 802 1248 869 sunt,
1293 796 1342 852 is
1379 803 1528 851 certe
1573 808 1701 850 cum
1738 794 1922 865 ingre-

2045 813 2113 860 εος
2144 795 2173 847 6
2196 797 2262 849 ἐκ
2294 793 2399 866 γῆς
2421 792 2731 864 ἄνθρωπος,
2751 788 2949 861 μᾶλλον
2971 787 3028 845 δὲ
3051 789 3080 841 6
3096 786 3195 859 τὴν
3214 785 3416 843 κακίαν
3437 785 3499 838 ὲν
3534 783 3613 855 τῷ

341 889 524 945 aliendi
563 890 703 944 viam
743 888 910 943 radiis
960 895 1157 958 sponte
1185 886 1551 950 obstruxerit,
1586 886 1640 940 in
1680 886 1922 943 tenebris

2045 886 2292 958 ινθρώπῳ
2324 885 2611 957 γεννήσας,
2640 882 2699 937 ὲν
2733 881 2832 952 μὲν
2860 881 2927 952 τῇ
2959 877 3122 948 φύσει
3149 877 3212 932 τὸ
3239 875 3403 932 καλόν
3433 893 3495 932 τε
3517 876 3613 931 καὶ

344 982 462 1050 ipse
489 982 652 1036 vitam
707 979 907 1051 deget:
943 979 1061 1049 pari
1113 980 1328 1035 ratione
1376 979 1593 1050 primus
1641 979 1808 1034 homo
1855 978 1924 1035 de

2045 977 2226 1047 ἰγαθδν
2255 978 2376 1031 κατ’
2403 972 2653 1040 ἐξουσίαν
2680 971 2839 1043 ἔσχεν
2868 967 3201 1039 πανταχόθεν
3228 965 3609 1050 προκείμενονξ

343 1081 510 1136 terra,
544 1072 628 1126 vel
657 1070 841 1142 potius
877 1071 947 1134 is,
985 1071 1078 1142 qui
1111 1071 1315 1125 malum
1354 1071 1408 1125 in
1442 1071 1662 1126 homine
1690 1070 1919 1142 peperit,

2045 1067 2306 1139 ιθελοντὴς
2342 1065 2400 1120 δὲ
2428 1064 2560 1136 παρ’
2598 1061 2793 1117 ἑαυτοῦ
2824 1060 2894 1115 τά
2939 1059 3091 1131 παρά
3134 1057 3296 1128 φύσιν
3337 1055 3613 1111 ἐκαινοτό-

343 1173 513 1212 unum
538 1157 756 1228 quidem
792 1165 990 1212 natura
1030 1157 1322 1212 honestum
1355 1164 1410 1212 et
1443 1156 1647 1211 bonum
1680 1157 1923 1228 undique

341 1252 446 1307 sibi
478 1250 821 1323 propositum
856 1251 912 1306 in
939 1258 1207 1322 potestate
1236 1251 1430 1307 habuit
1461 1268 1474 1306 :
1512 1266 1610 1322 per
1641 1266 1703 1305 se
1739 1259 1921 1306 tamen

344 1344 489 1397 ultro
521 1352 606 1398 est
643 1355 708 1397 ea
758 1341 1006 1406 molitus,
1039 1356 1162 1411 qure
1199 1348 1394 1396 contra
1441 1349 1698 1395 naturam
1743 1349 1920 1398 sunt:

3500 308 3608 364 572

2027 1175 2190 1232 μησε,
2218 1158 2317 1230 τὴν
2348 1156 2441 1211 τοῦ
2482 1153 2654 1210 κακοῦ
2705 1156 2899 1226 πεῖραν
2938 1153 2999 1207 ὲν
3045 1153 3112 1224 τῇ
3159 1152 3475 1224 ἀποστροφῇ
3513 1149 3615 1220 τῆς

2022 1249 2225 1321 ἀρετῆς
2246 1251 2313 1321 τῇ
2344 1248 2450 1320 ἰδίᾳ
2480 1246 2800 1319 προαιρέσει
2831 1244 3260 1316 δημιουργήσας.
3295 1241 3482 1297 Κακδν
3505 1241 3615 1312 γὰρ

2024 1343 2131 1409 ἔξω
2160 1340 2529 1415 προαιρέσεως
2563 1339 2833 1411 κείμενον,
2878 1338 2972 1392 καί⁵
3005 1337 3126 1392 κατ’
3155 1335 3293 1391 ἰδίαν
3318 1328 3616 1389 ὑπόστασιν

342 1447 471 1487 cum
520 1432 673 1496 mari,
706 1432 933 1502 Vitiique
985 1447 1168 1496 usum,
1209 1431 1493 1503 repudiata
1547 1430 1775 1495 virtute,
1820 1446 1924 1487 suo

342 1523 462 1591 ipse
491 1522 728 1577 consilio
761 1522 1149 1578 introduxerit.
1192 1520 1394 1575 Malum
1417 1521 1564 1576 enim
1596 1530 1751 1576 extra
1786 1535 1924 1576 con-

343 1612 528 1668 silium
561 1613 822 1682 positum,
856 1627 921 1668 ac
957 1627 1054 1682 per
1099 1627 1159 1668 se
1208 1619 1495 1675 constans,
1537 1610 1593 1665 in
1633 1613 1785 1665 omni
1830 1626 1927 1666 ua-

344 1716 467 1759 tura
523 1704 734 1759 nullum
783 1713 891 1759 est.
949 1703 1084 1758 Nam
1146 1701 1240 1759 Dei
1293 1716 1434 1774 opus
1485 1718 1650 1758 omne
1696 1703 1923 1768 bonum,

2026 1433 2420 1507 θεωρούμενον,
2447 1433 2506 1485 ὲν
2547 1433 2613 1503 τῇ
2668 1432 2828 1500 φύσει
2874 1430 2982 1484 τῶν
3032 1428 3201 1484 ὄντων
3239 1427 3391 1481 ἐστὶν
3440 1425 3613 1481 οὐδέν.

2016 1514 2143 1583 ’Πᾶν
2170 1526 2279 1598 γὰρ
2313 1525 2518 1596 κτίσμα
2559 1524 2694 1578 Θεοῦ
2735 1523 2921 1590 καλὸν,
2956 1522 3052 1577 καὶ
3096 1521 3247 1575 οὐδὲν
3284 1518 3614 1598 ἀπόϐλητον,

2028 1619 2123 1675 καὶ
2177 1590 2356 1672 πάντα
2401 1590 2502 1670 ὅσα
2553 1614 2807 1685 ἐποίησεν
2853 1613 2882 1667 6
2929 1611 3063 1677 Θεὸς
3110 1610 3253 1665 καλά
3302 1608 3458 1663 λίανο
3500 1590 3615 1661 ἀλλ’

2028 1706 2216 1779 ἐπειδὴ
2246 1704 2388 1761 κατὰ
2427 1705 2518 1759 τὸν
2563 1703 2797 1775 ρηθέντα
2838 1703 3040 1774 τρόπον
3077 1698 3373 1771 είσεφθάρη
3401 1700 3473 1770 τῇ
3503 1697 3616 1769 ζωῇ

344 1811 525 1867 neque
571 1796 985 1861 detestandum,
1030 1803 1327 1859 cunctave,
1374 1809 1497 1866 quae
1532 1793 1679 1849 Deus
1726 1792 1924 1861 eii'ecit,

2045 1799 2137 1855 ςῶν
2165 1797 2468 1871 ἀνθρώπων
2500 1799 2534 1868 ἡ
2565 1794 2660 1849 τοῦ
2700 1794 3038 1867 ἁμαρτάνειν
3084 1790 3397 1857 ἀκολουθία,
3422 1789 3516 1843 καὶ
3555 1790 3618 1842 ἐκ

344 1896 479 1941 sunt
512 1886 808 1942 admodum
858 1888 1034 1955 bona;
1074 1888 1171 1944 sed
1216 1896 1577 1959 posteaquam
1623 1901 1714 1951 eo,
1762 1900 1925 1955 quem

342 1979 614 2043 diximus,
636 1979 798 2034 modo
827 1979 884 2035 in
906 1969 1074 2036 vitam
1105 1980 1388 2037 hominum
1412 1995 1523 2035 non
1543 1978 1665 2035 sine
1688 1977 1929 2033 maxima

347 2071 599 2141 pernicie
640 2071 864 2143 irrepsit
904 2070 1173 2142 peccandi
1220 2069 1592 2135 consuetudo,
1639 2076 1805 2139 atque
1860 2081 1929 2124 ex
1979 2070 1983 2074 ’

351 2177 518 2231 parva
548 2177 740 2227 causa,
771 2179 893 2234 quae
925 2163 981 2220 in
1018 2162 1234 2218 inﬁnita
1262 2163 1553 2219 hominum
1589 2161 1734 2215 mala
1762 2160 1931 2216 latius

347 2255 615 2327 manavit,
662 2255 851 2327 divina
902 2255 996 2311 illa
1048 2256 1216 2311 animi
1268 2254 1642 2327 pulchritudo,
1692 2269 1817 2325 qua:
1861 2252 1930 2307 ad

325 2347 681 2417 exemplaris
747 2347 1112 2402 imitationem
1170 2345 1353 2402 fuerat
1410 2360 1710 2416 expressa;
1769 2344 1930 2416 quasi

349 2439 581 2507 ferrum,
630 2439 883 2510 rubigine
907 2440 1022 2494 vitii
1059 2450 1146 2494 cst
1183 2446 1535 2508 consumpta,
1579 2451 1691 2491 non
1722 2446 1930 2491 tantam

350 2531 596 2600 quidem,
626 2539 835 2601 quanta
881 2539 1035 2587 certe
1073 2531 1178 2587 sibi
1209 2546 1274 2585 ex
1312 2536 1508 2584 natura
1561 2528 1764 2594 inerat,
1793 2543 1931 2582 con-

350 2622 594 2686 servavit
636 2623 895 2694 imaginis
923 2623 1180 2692 gratiam,
1221 2619 1318 2683 sed
1355 2620 1424 2675 ad
1457 2619 1721 2692 peccandi
1755 2620 1934 2690 turpi-

353 2715 597 2775 tudinem
637 2729 762 2771 sese
795 2722 906 2769 tota
937 2715 1233 2775 convertit.
1261 2712 1453 2782 Itaque
1500 2725 1761 2782 magnum
1797 2709 1932 2765 illud

351 2814 408 2863 et
440 2805 741 2873 pretiosum
783 2806 970 2871 homo,
1002 2815 1114 2860 uta
1147 2805 1440 2875 Scriptura
1483 2811 1571 2858 est
1603 2802 1932 2873 appellatus,

352 2910 479 2950 cum
533 2910 563 2948 a
595 2895 861 2965 dignitate
900 2911 1001 2950 sua
1047 2894 1373 2959 excidisset,
1416 2891 1566 2963 quod
1615 2889 1822 2946 accidit
1864 2889 1935 2946 iis

352 2986 531 3056 quiin
558 3001 780 3049 ccenum
813 2986 992 3058 illapsi
1023 2997 1175 3050 sunt,
1211 2986 1350 3047 facie
1392 2984 1543 3040 omni
1577 2983 1707 3038 limo
1738 2982 1933 3047 oblita,

2035 1891 2233 1965 μικρᾶς
2262 1888 2518 1962 ἀφορμῆς
2543 1889 2623 1951 εἰς
2666 1887 2896 1956 ἄπειρον
2937 1884 3036 1955 τῆς
3076 1881 3276 1946 κακίας
3320 1882 3379 1935 ὲν
3410 1878 3487 1951 τῷ
3523 1880 3619 1933 ἀν-

2031 1981 2235 2055 θρώπῳ
2263 1979 2548 2052 χυθείσης,
2591 1975 2688 2030 καὶ
2715 1976 2778 2030 τὸ
2820 1973 3047 2038 θεοειδὲς
3089 1972 3264 2027 ἐκεῖνο
3304 1968 3405 2040 τῆς
3445 1966 3620 2038 ψυχῆς

2031 2072 2223 2134 κάλλος
2261 2069 2322 2124 τὸ
2358 2067 2502 2124 κατὰ
2540 2066 2773 2138 μίμησιν
2799 2064 2892 2119 τοῦ
2917 2062 3273 2135 πρωτοτύπου
3307 2059 3620 2131 γενόμενον,

2030 2157 2141 2217 οἷόν
2170 2177 2255 2225 τις
2285 2159 2500 2231 σίδηρος
2519 2155 2891 2228 κατεμελάνθη
2918 2152 2997 2224 τῷ
3019 2153 3117 2224 τῆς
3141 2150 3339 2213 κακίας
3370 2148 3435 2218 ίῷ
3454 2165 3468 2179 ·
3495 2149 3622 2201 οὐκ-

2032 2256 2113 2309 έτι
2159 2250 2456 2324 τηνικαῦτα
2486 2249 2587 2320 τῆς
2626 2248 2832 2311 οἰκείας
2866 2244 3014 2316 αὐτῷ
3055 2243 3197 2297 κατὰ
3224 2241 3385 2313 φύσιν
3420 2240 3622 2302 εἰκόνο;

2031 2345 2132 2417 τὴν
2155 2343 2316 2415 χάριν
2343 2340 2620 2408 διέσωζεν,
2649 2339 2787 2393 ἀλλά
2831 2338 2968 2410 πρὸς
2990 2336 3053 2390 τὸ
3081 2330 3267 2406 αἶσχος
3292 2334 3391 2403 τῆς
3434 2333 3617 2402 ἀμαρ-

2030 2436 2153 2499 τίας
2185 2432 2602 2506 μετεμορφώθη.
2631 2431 2795 2486 Ὅθεν
2825 2429 2889 2484 τὸ
2929 2429 3072 2499 μέγα
3112 2426 3209 2481 καί⁵
3236 2426 3415 2497 τίμιον
3446 2422 3624 2487 τοῦτο,

2030 2530 2061 2584 6
2089 2524 2392 2596 ἄνθρωπος,
2412 2523 2491 2587 ὡς
2523 2521 2631 2576 ὐπὸ
2657 2521 2757 2592 τῆς
2788 2520 3013 2592 Γραφῆς
3039 2514 3355 2589 ὠνομάσθη,
3380 2512 3630 2567 ἐκπεσὼν

2032 2617 2134 2686 τῆς
2162 2614 2366 2676 οἰκείας
2410 2611 2586 2679 ἀξίας,
2620 2605 2731 2664 οἷον
2772 2610 3068 2680 πάσχουσιν
3099 2608 3147 2660 οἱ
3176 2603 3237 2672 ἐξ
3265 2603 3627 2675 ὀλισθήματος

2034 2704 2514 2777 ὲγκατενεχθέντες
2555 2702 2822 2775 βορϐόρῳ,
2852 2700 2949 2755 καὶ
2977 2699 3055 2772 τῷ
3084 2696 3241 2769 πηλῷ
3276 2695 3375 2768 τὴν
3415 2693 3627 2767 μορφὴν

2035 2799 2242 2854 ἑαυτῶν
2266 2797 2662 2868 ἐξαλείψαντες,
2688 2794 3079 2862 ἀνεπίγνωστοι
3106 2792 3202 2846 καὶ
3227 2792 3339 2854 τοῖς
3368 2786 3625 2858 συνήθεσι

2036 2892 2304 2960 γίνονται·
2338 2889 2511 2952 οὓτως
2549 2888 2798 2949 κάκεῖνος
2844 2882 3100 2956 ἐμπεσὼν
3130 2881 3207 2953 τῷ
3249 2879 3491 2951 βορϐόρῳ
3530 2877 3631 2948 τῆς

2038 2981 2331 3053 ἁμαρτίας,
2382 2979 2631 3032 ἀπώλεσε
2679 2976 2776 3048 μὲν
2821 2976 2882 3029 τὸ
2925 2974 3088 3028 εἰκὼν
3114 2970 3252 3027 εἶναι
3296 2970 3390 3025 τοῦ
3421 2968 3635 3040 ἀφθάρ-

355 3092 427 3139 nc
477 3092 507 3131 a
560 3077 945 3144 familiaribus
977 3078 1201 3149 quidem
1252 3083 1638 3148 agnoscuntur
1686 3093 1699 3129 :
1740 3073 1932 3130 eodem

2045 3091 2129 3130 του
2160 3072 2329 3138 Θεοῦ,
2367 3072 2466 3143 τὴν
2511 3070 2569 3125 δὲ
2618 3067 2864 3140 φθαρτὴν
2918 3068 3013 3121 καὶ
3042 3065 3271 3137 πηλίνην
3317 3063 3502 3117 εἰκόνα
3544 3059 3635 3113 διά

355 3170 521 3225 modo
557 3170 648 3228 ille
677 3140 732 3226 in
760 3140 971 3241 peccati
995 3140 1196 3231 sordes
1225 3140 1600 3244 praecipitatus
1632 3169 1936 3240 incorrupti

2045 3167 2136 3235 τῆς
2162 3140 2436 3236 ἀμαρτίας
2469 3160 2918 3234 μετημφιάσατοθ
2951 3159 3017 3230 ἣν
3057 3156 3355 3211 ἀποθέσθαι
3392 3152 3632 3244 συμϐουο

357 3260 455 3327 Dei
505 3262 802 3333 imaginem
844 3263 1104 3334 perdidit,
1139 3273 1462 3335 mutatoque
1509 3263 1701 3320 habitu
1747 3279 1943 3319 corru-

356 3365 507 3425 ptam
540 3355 839 3425 quamdam
874 3357 1197 3427 peccatique
1224 3356 1348 3414 labe
1373 3356 1717 3427 inquinatam
1751 3355 1944 3427 imagi-

359 3461 487 3501 nem
536 3445 737 3513 induit,
790 3461 955 3517 quam
1005 3447 1148 3502 ratio
1195 3447 1473 3517 deponere
1521 3446 1719 3507 suadet
1753 3445 1805 3499 ei
1847 3446 1942 3516 qui

363 3539 687 3608 incorrupta
735 3539 860 3592 vita:
898 3536 1192 3608 disciplina
1220 3554 1279 3594 se
1318 3539 1481 3609 quasi
1530 3554 1673 3609 aqua
1703 3542 1942 3612 quadam

364 3628 602 3682 ahluerit
627 3643 643 3685 :
668 3636 730 3683 ut
758 3627 862 3681 hoc
889 3642 1022 3683 sane
1045 3636 1265 3685 terreno
1290 3629 1509 3698 abjecto
1538 3629 1942 3701 integumento,

365 3718 534 3791 animi
586 3734 783 3781 rursus
829 3727 1090 3789 appareat
1137 3719 1520 3790 pulchritudo.
1578 3722 1768 3785 Aliena
1814 3738 1947 3778 vero

366 3809 631 3879 abjicere,
682 3811 736 3874 in
786 3826 852 3880 co
885 3818 991 3875 est,
1034 3820 1094 3876 ut
1125 3811 1193 3869 ad
1252 3828 1351 3868 sua
1389 3811 1627 3883 quisque
1671 3823 1837 3885 atque
1877 3815 1948 3871 ad

367 3909 620 3963 naturam
660 3902 890 3957 redeat:
928 3905 1071 3974 quod
1108 3902 1356 3974 profecto
1386 3905 1608 3976 assequi
1642 3922 1755 3960 non
1789 3906 1951 3963 aliter

368 3994 521 4060 licet,
562 3996 673 4052 nisi
716 3998 843 4052 talis
875 4014 1071 4056 rursus
1105 3999 1233 4069 quis
1286 3997 1404 4065 ﬁat,
1450 3999 1633 4069 qualis
1679 4000 1950 4071 principio

366 4086 596 4145 ellectus
633 4101 741 4145 ρει.
774 4089 892 4145 Non
935 4091 1083 4145 enim
1130 4100 1382 4147 nostrum
1416 4098 1525 4156 est,
1567 4105 1747 4161 neque
1779 4089 1953 4147 iacul-

371 4181 500 4239 tatis
524 4180 814 4237 hominum
835 4182 1095 4247 uﬂicium,
1122 4192 1182 4238 ut
1204 4182 1516 4239 divinitatis
1540 4183 1749 4240 similes
1778 4182 1950 4246 ﬁant;

2037 3257 2185 3312 λεύει
2214 3257 2243 3310 6
2274 3256 2452 3324 λόγος,
2489 3249 2602 3309 οἷόν
2632 3270 2737 3308 τινι
2780 3250 2930 3307 ῦδατι
2971 3248 3050 3320 τῷ
3095 3246 3318 3319 καθαρῷ
3352 3246 3450 3317 τῆς
3483 3242 3635 3296 πολι-

2038 3350 2189 3413 τείας
2247 3346 2694 3417 ἀποκλυσάμενον
2715 3360 2729 3375 ·
2787 3344 2863 3408 ὡς
2918 3342 2985 3398 ἂν
3041 3338 3479 3413 περιαιρεθέντος
3535 3332 3633 3390 τοῦ

2020 3442 2229 3512 ,γηῒνου
2283 3435 2658 3508 καλύμματος,
2707 3435 2869 3491 πάλιν
2903 3437 3001 3505 τῆς
3043 3433 3222 3505 ψυχῆς
3261 3428 3548 3502 φανερωθῇ
3576 3425 3639 3481 τὸ

2042 3533 2258 3594 κάλλος.
2305 3527 2589 3592 Ἀπόθεσις
2638 3528 2698 3584 δὲ
2743 3526 2836 3582 τοῦ
2880 3525 3160 3597 ἀλλοτρίου
3202 3524 3350 3577 ἐστὶν
3385 3522 3420 3592 ἡ
3457 3520 3535 3585 εἰς
3577 3517 3639 3572 τὸ

2047 3631 2244 3684 οἰκεῖον
2288 3628 2468 3700 ἐαυτῷ
2512 3626 2611 3681 καὶ
2660 3623 2803 3678 κατά
2846 3622 3007 3692 φύσιν
3041 3616 3333 3679 ἐπάνοδοςο
3362 3607 3423 3666 06
3456 3610 3640 3680 τυχεῖν

2049 3722 2225 3787 άλλως
2253 3722 2353 3777 οὐκ
2383 3721 2520 3784 ἐστι,
2559 3719 2634 3790 μὴ
2674 3712 2784 3778 οἷος
2825 3716 2882 3782 ἐξ
2914 3712 3089 3786 ἀρχῆς
3122 3706 3368 3777 ἐκτίσθη,
3396 3700 3673 3790 τοιοῦτον.

2051 3813 2214 3867 πάλιν
2249 3787 2571 3882 γενόμενον,
2589 3787 2664 3863 06
2691 3806 2800 3879 γάρ
2826 3805 3092 3876 ἡμέτερον
3119 3799 3300 3872 ἔργον,
3334 3792 3456 3848 οὐδὲ
3485 3787 3643 3882 δυνᾶ-

2058 3922 2203 3976 μεως
2227 3880 2573 3975 ἀνθρωπίνης
2606 3898 2724 3953 ἐστί
2760 3892 3171 3966 κατόρθωμαδῆ
3214 3885 3352 3958 πρὸς
3388 3882 3451 3937 τὸ
3476 3880 3643 3976 -Θεῖον

2054 3970 2346 4069 δμοίωσιςί
2388 3970 2539 4048 ἀλλάή
2561 3989 2718 4046 τοῦτο
2757 3988 2854 4060 μὲν
2889 3986 2988 4056 τῆς
3034 3981 3127 4037 τοῦ
3165 3976 3300 4033 Θεοῦ
3334 3970 3645 4069 μεγαλοδω-

2062 4060 2190 4161 ρέᾶς
2215 4090 2380 4154 ἐστιν,
2405 4084 2567 4148 εὐθὺς
2609 4083 2727 4153 ἃμα
2764 4082 2835 4151 τῇ
2875 4075 3067 4149 πρώτῃ
3096 4071 3304 4143 γενέσει
3342 4060 3643 4139 χαρισαμέ-

2062 4198 2154 4234 νου
2183 4181 2250 4250 τῇ
2282 4177 2442 4247 φύσει
2462 4176 2561 4247 τὴν
2594 4173 2733 4244 πρὸς
2770 4169 2928 4224 αὑτὸν
2954 4165 3265 4249 ὁμοιότητα.

371 4273 468 4343 sed
511 4274 617 4330 hoc
662 4289 800 4343 sane
836 4275 1114 4346 contingit
1148 4274 1390 4331 maximo
1420 4290 1649 4332 munere
1700 4274 1818 4339 Dei,
1861 4272 1955 4345 qui
1991 4285 2024 4328 a
2072 4246 2251 4344 primo
2296 4246 2483 4326 statim
2537 4272 2666 4320 ortu
2711 4261 2871 4319 nobis
2928 4260 3014 4316 sui
3069 4246 3155 4312 est
3228 4247 3645 4309 similitudinem

371 4368 628 4438 largitus.

444 4432 518 4515 ιίι
538 4460 822 4523 hominum
848 4460 1019 4518 studii
1038 4469 1247 4519 tantum
1272 4461 1404 4517 illud
1437 4476 1571 4517 sane
1597 4467 1701 4526 est,
1734 4470 1793 4516 ut
1817 4475 1946 4531 quas

2129 4451 2243 4521 Τῆς
2267 4450 2325 4503 δὲ
2352 4444 2697 4519 ἀνθρωπίνης
2732 4439 2965 4509 σπουδῆς
2996 4435 3247 4492 τοσοῦτον
3284 4433 3352 4489 ἂν
3384 4432 3491 4505 εἴη,
3520 4433 3646 4487 ὅσον

374 4551 486 4611 sibi
557 4552 754 4622 sordes
786 4560 976 4626 postea
1010 4568 1076 4612 ex
1110 4560 1338 4623 peccato
1382 4552 1487 4622 ipsi
1540 4559 1959 4614 contraxerant,

378 4657 475 4698 eas
502 4641 727 4707 omnino
763 4644 973 4708 eluant,
1011 4642 1587 4713 pulchritudinemque
1643 4643 1788 4697 illam
1840 4641 1963 4695 illu-

380 4742 577 4797 strent.
599 4748 720 4805 qua
743 4735 797 4796 in
819 4735 1006 4799 animo
1033 4735 1304 4793 occultata
1326 4744 1429 4815 est.
1461 4733 1744 4803 Ejusmodi
1776 4740 1960 4788 autem
2020 4786 2027 4794 ,

381 4836 713 4897 praeceptum
747 4826 801 4888 in
833 4826 1125 4896 Evangelio
1150 4825 1436 4883 Dominum
1464 4826 1662 4890 docere
1700 4824 1961 4888 arbitror,

336 4964 345 4967 θ
381 4934 508 4974 cum
563 4916 806 4988 loquitur
854 4916 923 4971 ad
963 4930 1060 4974 eos
1098 4916 1191 4986 qui
1242 4916 1568 4986 sapientiam
1621 4914 1673 4968 in
1704 4914 1962 4985 mysterio

384 5012 696 5080 loquentem
752 5009 942 5074 audire
968 4995 1220 5080 possunt.
1273 5006 1518 5077 Regnum
1548 5006 1664 5071 Dei,
1687 5006 1865 5076 inquit
1894 5005 1961 5068 “,

385 5102 529 5156 intra
571 5118 671 5158 vos
711 5110 814 5157 est.
864 5101 923 5156 Id
964 5101 1150 5163 enim,
1185 5099 1412 5169 opinor,
1463 5099 1745 5168 Scriptura
1801 5097 1974 5167 signi-

390 5194 547 5257 ﬂeat,
600 5208 710 5247 non
750 5208 874 5258 esse
913 5191 1160 5247 divinum
1209 5192 1413 5251 bonum
1460 5205 1488 5249 τι
1539 5197 1735 5250 natura
1784 5193 1974 5242 nostra

386 5284 744 5352 abjunctum;
800 5299 904 5339 nec
959 5285 1149 5355 procul
1187 5283 1258 5342 ab
1302 5283 1372 5338 iis
1422 5281 1649 5347 abesse,
1701 5278 1795 5349 qui
1841 5277 1974 5331 illud

338 5436 344 5443 ,
390 5380 654 5448 indagare
687 5377 998 5433 instituant.
1034 5376 1105 5430 At
1138 5376 1193 5431 in
1240 5374 1476 5445 singulis
1511 5373 1640 5427 illud
1689 5379 1794 5433 cst,
1826 5371 1976 5423 inco—

393 5467 603 5538 gnitum
668 5474 849 5521 tamen
891 5473 1057 5536 atque
1100 5466 1423 5527 obscurum,
1466 5478 1589 5517 cum
1620 5468 1675 5515 et
1708 5460 1878 5520 curis,
1920 5466 1975 5510 et

395 5560 523 5627 vitae
572 5556 946 5627 voluptatibus
995 5571 1370 5638 compressum
1411 5554 1483 5624 sit
1521 5574 1534 5611 :
1568 5569 1763 5626 rursus
1798 5563 1975 5624 autem

473 5739 519 5773 “
553 5738 685 5794 Luc.
713 5751 844 5805 xvtt,
864 5734 959 5818 ει,

2063 4545 2369 4614 ἐκκαθᾶραι
2402 4540 2562 4612 μόνον
2593 4537 2684 4590 τὸν
2733 4531 3117 4601 ἐπιγενόμενον
3155 4528 3265 4583 ἀπὸ
3306 4527 3504 4590 κακίας
3555 4526 3649 4597 66-

2065 4659 2165 4695 πον
2191 4636 2360 4706 αὐτῷ,
2395 4634 2489 4687 καὶ
2531 4630 2591 4682 τὸ
2637 4625 3053 4695 κεκαλυμμένον
3086 4623 3147 4675 ὲν
3187 4622 3254 4691 τῇ
3280 4618 3424 4690 ψυχῇ
3457 4616 3648 4682 κάλλος

2065 4724 2406 4795 διαφωτίσαι.
2430 4718 2505 4772 Τό
2531 4717 2588 4771 δὲ
2619 4714 2857 4769 τοιοῦτον
2880 4712 3056 4781 δόγμα
3088 4709 3181 4764 καὶ⁵
3210 4711 3267 4762 ὲν
3298 4707 3373 4779 τῷ
3406 4708 3652 4775 Εὐάγγε-

2067 4819 2168 4890 λίῳ
2189 4815 2459 4870 διδάσκειν
2484 4803 2638 4879 οἶμαι
2667 4806 2757 4860 τὸν
2786 4804 3010 4876 Κύριον,
3038 4801 3261 4870 λέγοντα
3295 4803 3406 4864 τοῖς
3436 4798 3650 4873 ἀκούειν

2069 4889 2385 4978 δυναμένοις
2411 4903 2506 4973 τῆς
2532 4902 2589 4954 ὲν
2621 4895 2905 4970 μυστηρίῳ
2957 4891 3288 4963 λαλουμένης
3331 4889 3538 4958 σοφίας,
3570 4889 3648 4956 ὅτι

2077 5020 2096 5053 ι
2119 5002 2182 5055 Ἡ
2211 4995 2454 5070 βασιλεία
2467 4991 2561 5046 τοῦ
2586 4989 2722 5045 Θεοῦ
2740 4987 2889 5050 ἐντὸς
2908 4984 3060 5057 ὑμῶν
3080 4985 3227 5036 ἐστιν
3242 4998 3257 5012 ο
3287 5001 3306 5033 ι
3325 4980 3654 5034 ἐνδείκνυται

2071 5069 2396 5166 γὰρ,οἷμαι,
2426 5088 2455 5140 6
2486 5085 2642 5155 λόγος
2668 5080 2837 5152 αὐτῷ,
2861 5080 2942 5133 ὅτι
2966 5078 3027 5131 τὸ
3060 5074 3155 5129 τοῦ
3188 5072 3322 5166 Θεοῦ
3341 5070 3559 5166 *ἀγαθὸν
3589 5069 3654 5166 ού

2069 5161 2347 5257 διώρισται
2372 5181 2470 5252 τῆς
2500 5177 2713 5248 φύσεως
2745 5171 2919 5244 ἡμῶν,
2953 5168 3071 5222 οὐδὲ
3105 5163 3525 5257 πόρρωθέν-που

2071 5253 2255 5349 ζητεῖν
2280 5273 2410 5327 αὐτὸ
2444 5264 2889 5342 προαιρουμένων
2908 5259 3216 5349 ἀπῴκισται
3234 5273 3250 5290 σ
3285 5253 3422 5349 ἀλλά
3452 5256 3510 5307 ὲν
3534 5253 3661 5349 ἐμ-

2073 5344 2184 5440 στῳ
2208 5367 2377 5429 ἐστὶν,
2412 5360 2771 5432 ἀγνοούμενον
2802 5355 2900 5425 μὲν
2941 5353 3034 5405 καὶ
3063 5348 3343 5440 λανθάνον,
3386 5347 3513 5440 ὅταν
3553 5344 3661 5398 ὑπὸ

2080 5433 2189 5513 τῶν
2215 5453 2492 5528 μεριμνῶν
2531 5467 2592 5504 τε
2636 5447 2727 5502 καὶ
2763 5440 2965 5514 ἡδονῶν
2995 5439 3089 5492 τοῦ
3118 5437 3231 5509 βίου
3267 5433 3661 5506 συμπνίγηταιο

2085 5525 2468 5621 εὑρισκόμενον
2494 5543 2549 5598 δὲ
2589 5538 2768 5605 πάλιν,
2799 5536 2925 5589 ὅταν
2963 5533 3042 5595 είς
3082 5530 3257 5584 ἐκεῖνο
3289 5527 3384 5599 τὴν
3425 5525 3663 5580 Staium“
