4124 6352
533 245 637 299 373

1823 281 1828 284 -
1877 246 1962 300 DE
2001 243 2466 302 VIRGINITATE.

3709 227 3818 302 ,δτι

532 357 690 429 ἡμῶν
733 357 1183 434 ἐπιτιῴἑιξκδμενἱ
1227 365 1276 419 εἰ
1311 364 1378 418 -δὲ
1405 363 1510 436 χρὴ
1550 361 1643 416 καί
1687 363 1754 416 δι’
1790 362 1992 433 ἐτέρων
2034 365 2122 416 τὸν

2229 365 2503 419 invenitur
2551 378 2676 419 cum
2728 370 2992 427 mentem,
3035 361 3394 428 animumque
3445 361 3698 410 nostrum
3747 349 3816 402 ad

533 448 690 516 λόγον
729 451 1123 517 πιστώσασθαι,
1156 455 1314 509 τοῦτο
1345 456 1441 509 καὶ
1479 457 1538 508 ἐν
1567 458 1633 526 τῇ
1665 453 1997 523 ἁναζητήσει
2029 457 2131 525 τῆς

535 539 913 614 ἀπολλυμένης
960 547 1214 618 δραχμῆς
1267 550 1402 618 ἡμῖν
1449 547 1801 601 ὑποτίθεσθαι
1847 544 2000 619 οἶμαι
2041 548 2133 601 τὸν

536 631 758 702 Κύριον,
784 634 860 697 ὡς
887 636 1037 690 οὐδὲν
1073 639 1262 707 ὄφελος
1302 641 1366 690 ἐκ
1410 637 1521 693 τῶν
1561 639 1763 693 λοιπῶν
1804 639 2032 712 ἀρετῶν,
2067 638 2134 702 ἃς

536 723 784 796 δραχμὰς
813 729 842 780 ό
865 727 1021 796 λόγος
1059 730 1332 801 ὠνόμασε,
1363 731 1466 784 κᾶν
1505 733 1675 785 πᾶσαι
1722 732 1995 801 παροῦσαι
2038 729 2134 782 τύ-

537 833 692 884 χωσι,
723 819 823 888 τῆς
851 822 978 890 μιᾶς
1010 821 1222 892 ἐκείνης
1247 821 1492 893 ἀπούσης
1525 824 1592 893 τῇ
1624 823 1932 894 χηρευούσῃ
1960 822 2127 893 ψυχῇ.

539 907 638 959 Διὰ
672 909 828 962 τοῦτο
862 911 1076 981 πρῶτον
1103 915 1201 984 μὲν
1226 914 1420 970 ἅπτειν
1462 919 1655 986 λύχνον
1684 914 1864 968 ἐλαίου
1898 914 2131 977 κελεύει,

537 997 627 1049 τὸν
657 998 812 1068 λόγον
841 1001 981 1072 τάχα
1021 1005 1299 1073 σημαίνων
1343 1007 1434 1062 τὸν
1468 1007 1538 1060 τὰ
1579 1009 1938 1077 κεκρυμμένα
1967 1006 2133 1075 φωτί-

539 1091 698 1153 ζοντα
717 1109 731 1122 ο
754 1087 876 1147 εἶτα
895 1095 954 1147 ἐν
984 1097 1047 1166 τῇ
1074 1096 1178 1166 ἰδίᾳ
1198 1098 1364 1169 οἰκίᾳ,
1391 1099 1682 1160 τουτέστιν,
1719 1099 1777 1150 ἐν
1809 1096 2005 1168 ἐαυτῷ,
2033 1097 2131 1166 ξη⁶

536 1185 650 1236 τείν
674 1184 772 1253 τὴν
789 1185 1169 1260 ἀπολλυμένην
1194 1191 1461 1262 δραχμήν.
1481 1192 1577 1244 Διὰ
1599 1191 1654 1244 δὲ
1674 1191 1772 1261 τῆς
1794 1190 2132 1260 ζητουμένης

539 1277 785 1348 δραχμῆς
807 1279 906 1351 τὴν
936 1281 1117 1336 εἰκόνα
1149 1284 1365 1348 πάντως
1393 1283 1488 1337 τοῦ
1521 1283 1783 1354 βασιλέως
1809 1283 2130 1348 αἰνίσσεται,

537 1369 634 1440 τὴν
662 1372 782 1442 οὐχὶ
804 1375 1083 1440 παντελῶς
1112 1377 1513 1448 ἀπολλυμένην,
1542 1377 1676 1433 ἀλλὰ
1709 1379 2134 1450 ὑποκεκρυμμέ-

540 1481 636 1532 νην
666 1467 732 1534 τῇ
763 1467 968 1538 κόπρῳ.
1021 1469 1241 1540 Κόπρον
1286 1471 1344 1524 δὲ
1377 1471 1483 1543 χρὴ
1531 1474 1694 1536 νοεῖν,
1727 1471 1802 1534 ὡς
1831 1465 2004 1540 οἶμαι,
2035 1460 2132 1542 τὴν

538 1557 637 1625 τῆς
669 1558 870 1628 σαρκὸς
909 1560 1214 1631 ῥυπαρίαν·
1247 1558 1315 1634 ἧς
1359 1563 1812 1633 ἀποσαρωθείσης
1859 1563 1954 1616 καὶ
1996 1565 2130 1616 ἀνα-

538 1645 904 1720 καθαρθείσης
942 1649 1032 1704 διὰ
1055 1653 1152 1722 τῆς
1195 1654 1512 1724 ἐπιμελείας
1537 1653 1628 1708 τοῦ
1656 1653 1792 1724 βίου,
1818 1654 2041 1726 ἔκδηλον
2071 1655 2131 1708 τὸ

539 1737 868 1810 ζητούμενον
910 1743 1174 1812 γίνεσθαι,
1219 1748 1306 1816 ἐφ’
1342 1740 1386 1815 ᾧ
1443 1748 1666 1812 εἰκότως
1707 1747 1880 1819 αὐτήν
1921 1765 1980 1802 τε
2030 1748 2129 1817 τὴν

538 1829 802 1898 εὑροῦσαν
839 1832 1051 1903 χαίρειν
1096 1834 1296 1906 ψυχὴν,
1336 1837 1429 1889 καὶ
1467 1839 1545 1900 εἰς
1578 1837 1862 1890 κοινωνίαν
1898 1839 1996 1906 τῆς
2041 1838 2132 1890 εύ-

539 1921 810 1991 φροσύνης
846 1927 1407 1997 συμπαραλαμϐάνειν
1443 1929 1541 1993 τὰς
1574 1929 1843 1997 γείτονας.
1886 1929 1978 2000 Τῷ
2018 1929 2130 1984 δντι

537 2012 645 2081 γὰρ
684 2016 854 2067 πᾶσαι
881 2016 937 2069 αί
972 2017 1207 2072 σύνοικοι
1241 2019 1341 2089 τῆς
1384 2019 1562 2090 ψυχῆς
1603 2021 1882 2091 δυνάμεις,
1921 2021 1990 2086 ἃς
2019 2023 2131 2090 γεί-

537 2120 695 2165 τονας
735 2103 830 2157 νῦν
872 2109 1333 2179 προσηγόρευσεν,
1378 2110 1598 2163 mea;
1640 2112 1996 2184 ἀνακαλυφθῇ
2036 2114 2130 2167 καὶ

537 2194 792 2267 ἐκλάμψῃ
830 2195 966 2268 αὕτη
1012 2201 1044 2268 ἡ
1096 2200 1192 2252 τοῦ
1238 2201 1475 2270 μεγάλου
1520 2201 1784 2272 βασιλέως
1833 2204 2017 2268 εἰκὼν,
2062 2204 2130 2276 ἣν

537 2286 595 2352 ἐξ
641 2286 817 2358 ἀρχῆς
858 2287 1228 2362 ἐνεσημήνατο
1277 2292 1434 2363 ἡμῶν
1469 2296 1536 2365 τῇ
1575 2295 1795 2366 δραχμῇ
1840 2298 1868 2348 ό
1919 2295 2128 2360 πλάσας

537 2377 678 2429 κατὰ
707 2377 875 2448 μόνας
902 2380 1001 2440 τὰς
1034 2381 1260 2451 καρδίας
1311 2383 1488 2453 ἡμῶν,
1539 2385 1661 2437 τότε
1701 2386 1794 2438 ἐπὶ
1837 2385 1935 2457 τὴν
1981 2386 2130 2440 θείαν

537 2467 750 2539 ἐκείνην
776 2471 949 2540 χαράν
995 2489 1054 2524 τε
1090 2474 1185 2526 καὶ
1219 2475 1560 2545 εὐφροσύνην
1605 2477 2128 2548 ἐπιστρατρήσονται,

534 2557 613 2627 τῷ
657 2558 921 2630 ἁφρὰστῳ
972 2561 1158 2615 κάλλει
1199 2562 1293 2616 τοῦ
1345 2565 1658 2634 εὑρεθέντος
1706 2568 2125 2632 ὲνατενίζουσαι.

543 2668 560 2699 c
590 2649 904 2720 Συγχάρητε
931 2670 948 2702 ι
975 2652 1082 2724 γάρ
1109 2674 1126 2704 ι
1155 2671 1262 2725 μοι,
1299 2675 1317 2706 ο
1342 2657 1526 2726 φησὶν,
1563 2676 1581 2707 ι
1610 2658 1690 2711 ὅτι
1713 2653 1870 2728 εὗρον
1890 2660 1990 2731 τὴν
2008 2661 2132 2731 δρα-

536 2741 682 2809 νμὴν
729 2741 796 2810 ἢν
844 2741 1119 2797 ἀπώλεσα.
1161 2763 1180 2795 ι
1213 2746 1278 2797 Δί
1327 2746 1383 2799 δὲ
1430 2748 1688 2814 γείτονες,
1732 2750 1850 2819 ἤτοι
1895 2749 2129 2805 σύνοικοι

536 2831 634 2898 τῆς
655 2832 833 2902 ψυχῆς
854 2833 1109 2905 δυνάμεις
1135 2838 1226 2890 ἐπὶ
1247 2840 1312 2908 τῇ
1341 2839 1554 2910 εὑρέσει
1586 2839 1686 2910 τῆς
1707 2840 1856 2905 θείας
1880 2841 2131 2913 δραχμῆς

539 2922 982 2994 εὐφραινόμεναι,
1013 2927 1045 2997 ἠ
1085 2927 1274 3000 λογική
1308 2947 1369 2982 τε
1412 2932 1506 2984 καὶ
1548 2932 1941 3004 ἐπιθυμητικὴ,
1970 2934 2065 2988 καὶ
2096 2936 2130 3005 ή

540 3013 680 3066 κατὰ
704 3013 881 3084 λύπην
913 3033 971 3069 τε
1005 3018 1097 3069 καὶ
1142 3019 1311 3090 ὀργὴν
1363 3023 1687 3094 ἐγγινομένη
1738 3023 1996 3089 διάθεσις,
2037 3027 2129 3078 καὶ

2236 456 2369 510 illud
2417 457 2896 520 converterimus;
2955 454 3043 510 sin
3088 460 3272 506 autem
3306 464 3373 503 ex
3426 446 3552 500 aliis
3598 453 3819 513 quoque

2238 549 2361 614 hoc,
2423 548 2569 619 quod
2629 549 2886 610 dicimus,
2930 545 3318 600 confirmatum
3354 541 3422 594 iri
3473 545 3710 607 oportet,
3763 535 3817 584 in

2236 639 2452 693 amissae
2502 637 2776 693 drachma:
2826 636 3195 707 indagatione,
3259 633 3364 686 hoc
3422 629 3600 699 ipsum
3657 623 3819 680 nobis

2237 729 2526 784 Dominum
2577 732 2876 799 precipere
2908 743 3131 792 censeo,
3172 724 3330 795 quasi
3364 738 3394 776 e
3452 718 3666 776 emeris
3709 715 3820 768 vir-

2235 822 2467 886 tutibus,
2497 838 2635 892 quas
2669 823 2962 877 drachmas
2988 820 3078 873 ille
3119 816 3354 880 vocavit,
3379 810 3593 869 etiamsi
3625 822 3819 864 omnes

2235 916 2438 976 adsint,
2472 916 2565 969 illa
2597 924 2779 970 tamen
2815 930 2922 968 una
2963 918 3172 991 rempta
3207 911 3279 963 sit
3313 907 3383 962 ab
3416 904 3599 959 animo
3629 901 3817 959 viduo,

2231 1009 2380 1062 nulla
2420 1008 2648 1063 exsistat
2678 1007 2905 1062 utilitas.
2944 1005 3244 1073 Propterea
3272 1001 3553 1055 lucernam
3582 994 3818 1064 primum

2235 1099 2454 1170 quidem
2516 1099 2738 1154 accendi
2763 1098 2921 1167 jubet
2983 1115 2999 1153 :
3051 1098 3316 1150 rationem
3385 1090 3532 1145 enim
3576 1085 3821 1140 fortasse

2228 1193 2525 1264 signiﬁcat,
2546 1208 2666 1260 qua:
2692 1207 2779 1247 res
2799 1190 3065 1252 occultas,
3083 1196 3244 1257 atque
3261 1185 3528 1240 obscuras
3543 1180 3818 1234 illustrat:

2233 1281 2431 1335 deinde
2452 1295 2566 1334 suae
2596 1295 2869 1350 quemque
2901 1277 3072 1341 domi,
3098 1290 3291 1347 nempe
3319 1275 3372 1328 in
3421 1273 3602 1341 seipso
3654 1268 3823 1323 amis-

2233 1389 2348 1427 sam
2383 1372 2700 1427 drachmam
2739 1373 3028 1441 exquirere
3055 1372 3191 1426 vult.
3240 1367 3354 1423 Ilac
3382 1380 3516 1422 sane
3543 1363 3823 1419 drachma:

2235 1463 2585 1533 imlagatione
2637 1462 2836 1517 summi
2871 1463 3013 1530 regis
3073 1445 3364 1530 imaginem
3397 1453 3562 1509 tacite
3592 1449 3820 1518 intelligi

2233 1565 2470 1626 oportet,
2500 1570 2623 1624 quae
2652 1571 2759 1608 non
2783 1555 2939 1623 plane
2971 1552 3198 1611 amissa.
3221 1550 3316 1605 sed
3354 1548 3456 1602 suh
3483 1546 3612 1600 limo
3635 1540 3821 1596 occul-

2235 1655 2344 1698 tata
2373 1654 2475 1700 est.
2511 1644 2724 1700 Fimutn
2756 1659 2902 1703 vero.
2937 1650 2997 1695 ut
3025 1641 3286 1702 arbitror,
3319 1637 3502 1691 carnis
3533 1641 3618 1689 est
3652 1632 3824 1685 inter-

2232 1738 2494 1810 pretanda
2562 1737 2962 1797 immundities,
3020 1734 3181 1801 cuius
3259 1729 3516 1785 sordibus
3575 1722 3822 1796 purgatis

2232 1838 2400 1900 atque
2453 1830 2657 1883 ablutis
2691 1828 3040 1897 perspicuum
3076 1824 3127 1878 id
3167 1823 3245 1886 ﬁt,
3293 1820 3439 1891 quod
3493 1815 3758 1887 quaeritur
3803 1831 3818 1868 :

2231 1940 2340 1994 quo
2367 1924 2610 1984 invento,
2638 1938 2736 1991 par
2769 1931 2852 1974 est
2877 1931 2925 1974 et
2959 1919 3160 1987 ipsum,
3195 1917 3287 1986 qui
3316 1913 3542 1972 invenit.
3573 1909 3821 1963 animum

2210 2015 2494 2086 gaudere,
2532 2023 2696 2083 atque
2727 2015 2792 2066 ad
2826 2013 3001 2082 ipsius
3043 2009 3227 2081 gaudii
3265 2006 3582 2064 societatem
3613 1999 3823 2054 vicinas

2233 2108 2530 2162 asciscere.
2561 2105 2765 2158 Omnes
2798 2104 2941 2157 cnim
2985 2117 3042 2156 re
3069 2115 3195 2155 vera
3239 2095 3664 2153 contubernales
3705 2090 3824 2142 ani-

2233 2199 2306 2252 mi
2339 2203 2660 2268 potestates,
2693 2209 2832 2265 quas
2893 2209 3038 2247 nunc
3070 2191 3282 2246 vicinas
3326 2184 3642 2258 appellavit,
3695 2196 3822 2236 eum

2235 2292 2352 2359 ipsa
2397 2289 2580 2360 magni
2641 2288 2786 2358 regis
2818 2286 3088 2357 patefacta
3153 2283 3336 2352 imago
3370 2278 3606 2342 refulsit,
3655 2288 3822 2344 quam

2234 2382 2394 2437 initio
2420 2389 2611 2436 nostra
2641 2379 2904 2434 drachma
2937 2379 2984 2433 i-s
3023 2373 3375 2447 signiﬁcavit,
3405 2369 3500 2440 qui
3525 2363 3822 2436 separatim

2235 2482 2424 2529 nostra
2463 2471 2632 2527 corda
2667 2470 2966 2526 cliecerat:
3005 2477 3121 2524 tum
3180 2461 3557 2520 incredibilem
3609 2457 3687 2512 rei
3737 2456 3826 2510 in-

2233 2573 2408 2620 venta:
2455 2561 2918 2634 pulchritudinem
2952 2560 3056 2613 illa:
3085 2563 3295 2612 attente
3357 2551 3720 2623 aspicientes,
3753 2545 3825 2601 ad

2232 2657 2479 2710 divinum
2529 2655 2661 2709 illud
2695 2654 2955 2725 gaudium
3019 2649 3378 2719 lzetitiamque
3411 2649 3823 2700 convertentur.

2219 2767 2258 2798 ⁴‹
2323 2744 2818 2818 Congratulamini,
2868 2762 2888 2794 ι
2954 2741 3152 2811 inquit,
3191 2759 3210 2791 ι
3281 2735 3436 2798 mihi,
3477 2733 3606 2803 quia
3639 2729 3822 2795 inveni

2233 2839 2574 2902 drachmam,
2613 2849 2777 2906 quam
2820 2833 3161 2904 perdideram
3200 2829 3264 2883 ".
3306 2847 3325 2879 ι
3391 2823 3598 2880 νίοίιιεε
3653 2820 3823 2882 enim,

2237 2931 2339 2985 hoc
2362 2937 2467 2994 est,
2496 2925 2954 2984 conturbernales
2984 2921 3151 2977 animi
3210 2924 3534 2990 potestates,
3567 2928 3689 2983 qua:
3737 2909 3824 2964 di-

2235 3024 2360 3077 vina
2393 3021 2654 3076 drachma
2693 3019 2911 3073 inventa
2942 3015 3200 3088 gaudent,
3225 3013 3310 3066 ha:
3342 3009 3538 3064 merito
3567 3021 3690 3062 esse
3725 3019 3827 3072 pu-

536 3103 758 3168 είτινες
788 3106 943 3159 ἄλλαι
973 3107 1231 3179 δυνάμεις
1261 3111 1366 3163 εἰσὶ
1407 3112 1534 3183 περὶ
1560 3113 1657 3184 τὴν
1685 3114 1861 3185 ψυχὴν
1898 3115 2130 3186 θεωρού-

2238 3123 2423 3168 tantur
2453 3154 2468 3176 ,
2521 3112 2664 3166 ratio
2709 3110 2916 3166 scilicet
2934 3082 2969 3172 ,⁷
3010 3105 3306 3178 appetitio,
3355 3099 3564 3158 doloris
3623 3098 3826 3166 iraeque

529 3210 722 3261 ·μεναι,
774 3194 998 3260 εἰκότως
1041 3196 1108 3249 ἂν
1168 3199 1263 3252 καὶ
1293 3192 1459 3268 ’φίλαι
1504 3197 1643 3256 εἷναι
1689 3205 2019 3274 νομίζονται,
2070 3205 2137 3270 ἂς

541 3283 719 3347 πάσας
748 3287 866 3338 τότε
906 3287 1115 3356 χαίρειν
1165 3290 1222 3341 ἐν
1271 3291 1458 3362 Κυρίῳ
1496 3293 1666 3356 εἰκὸς,
1701 3295 1828 3348 ὅταν
1868 3297 1924 3348 αἱ
1963 3298 2135 3349 πᾶσαι

527 3377 678 3444 ’πρὸς
708 3376 767 3429 τδ
802 3378 963 3430 καλόν
989 3395 1046 3431 τε
1087 3381 1183 3433 καὶ
1213 3382 1415 3450 ἀγαθὸν
1443 3385 1704 3454 βλέπωσι,
1734 3390 1826 3440 καὶ
1855 3389 2029 3443 πάντα
2055 3391 2136 3452 εἰς

529 3467 697 3532 δόξαν
733 3469 868 3523 Θεοῦ
919 3472 1222 3543 ἐνεργῶσι,
1279 3477 1474 3546 μηκέτι
1519 3479 1620 3549 τῆς
1675 3480 1948 3552 ἁμαρτίας
1993 3481 2133 3540 ὅπλα

537 3561 838 3630 γινόμεναι.

524 3752 529 3757 ·
613 3739 674 3792 ΕΞ
699 3735 792 3792 οὖν
824 3740 960 3812 αὕτη
1010 3742 1159 3795 ἐστὶν
1204 3745 1237 3812 ὴ
1281 3744 1494 3799 ἐπίνοια
1526 3746 1624 3816 τῆς
1665 3747 1760 3801 τοῦ
1791 3748 2125 3819 ζητουμένου

537 3831 838 3902 εὑρήσεως,
868 3834 900 3900 ή
925 3834 1023 3903 τῆς
1051 3832 1200 3898 Θείας
1243 3837 1452 3899 εἰκόνος
1478 3840 1557 3901 εἰς
1581 3838 1642 3892 τὸ
1667 3840 1891 3910 ἀρχαῖον
1917 3845 2127 3896 ἀποκα-

541 3925 819 3986 τάστασις,
854 3925 951 3993 τῆς
986 3925 1081 3977 νῦν
1113 3928 1170 3980 ἐν
1197 3926 1277 3996 τῷ
1301 3928 1400 3997 τῆς
1438 3930 1640 4002 σαρκὸς
1666 3933 1822 4004 ῥύπῳ
1854 3935 2128 4006 κεκαλυμ-

522 4015 730 4085 -μένης,
764 4018 938 4069 ἐκεῖνο
968 4017 1254 4090 γενώμεθα
1279 4020 1308 4073 ὃ
1335 4017 1404 4092 ἦν
1431 4022 1581 4094 παρὰ
1619 4023 1718 4094 τὴν
1752 4025 1973 4096 πρώτην
2005 4029 2128 4080 ἐαυ⁶

523 4105 634 4158 -τοῦ
659 4106 802 4177 ζωὴν
823 4107 851 4158 ό
875 4110 1319 4180 πρωτόπλαστος.
1346 4113 1411 4166 Τί
1440 4109 1532 4166 οὖν
1561 4115 1764 4179 ἐκεῖνος
1785 4112 1886 4188 ἦν;
1917 4118 2129 4189 Γυμνὸς

547 4199 642 4268 μὲν
673 4200 770 4269 τῆς
792 4199 898 4254 τῶν
921 4203 1129 4272 νεκρῶν
1153 4203 1436 4275 δερμάτων
1467 4206 1743 4285 ἐπιϐολῆς,
1762 4210 1820 4262 ἐν
1849 4212 2130 4284 παρρησίᾳ

543 4287 681 4341 δὲτὸ
710 4289 803 4342 τοῦ
849 4291 983 4344 Θεοῦ
1029 4295 1322 4365 πρόσωπον
1350 4295 1582 4365 βλέπων,
1615 4298 1768 4352 οὔπω
1802 4300 1858 4354 δὲ
1882 4301 1970 4356 διὰ
2001 4303 2127 4369 γεύ-

547 4394 681 4439 σεως
710 4378 803 4430 καί¹
830 4379 1071 4450 ὁράσεως
1107 4381 1168 4434 τὸ
1214 4381 1378 4435 καλὸν
1428 4384 1650 4455 κρίνων,
1684 4385 1818 4438 ἀλλὰ
1847 4387 2004 4458 μόνον
2032 4389 2152 4446 τοῦ,

543 4468 749 4537 Κυρίου
776 4469 1160 4541 κατατρυφῶν,
1183 4473 1276 4526 καὶ
1297 4476 1362 4544 τῇ
1379 4474 1595 4548 δοθείσῃ
1619 4475 1798 4547 βοηθῷ
1823 4478 1957 4547 πρὸς
1972 4478 2128 4532 τοῦτο

2236 3203 2574 3267 affectiones;
2611 3207 2664 3254 et
2686 3201 2730 3256 si
2759 3214 2881 3270 quae
2909 3198 3029 3251 alia:
3089 3194 3474 3264 intelliguntur
3513 3187 3712 3247 anima:
3740 3185 3824 3254 fa-

2234 3297 2492 3358 cultates,
2523 3293 2720 3348 merito
2753 3290 2943 3344 amicae
2975 3288 3136 3343 etiam
3173 3284 3496 3344 creduntut,
3529 3293 3670 3351 quas
3701 3277 3824 3347 qui-

2233 3387 2354 3440 dem
2404 3399 2598 3438 omnes
2635 3397 2849 3451 :cquum
2908 3387 2991 3434 est
3031 3379 3087 3433 in
3136 3376 3369 3431 Domino
3401 3382 3515 3429 tum
3562 3369 3822 3442 gaudere,

2232 3486 2429 3533 cumet
2462 3476 2527 3530 ad
2555 3476 2866 3534 honestum,
2893 3478 2946 3524 et
2982 3470 3051 3524 ad
3095 3469 3297 3524 bonum
3336 3479 3530 3520 omnes
3555 3469 3825 3524 contuen-

2237 3581 2326 3624 tur
2357 3587 2371 3623 :
2413 3582 2592 3638 neque
2621 3566 2829 3636 peccati
2859 3563 3095 3632 amplius
3125 3573 3277 3614 arma
3304 3566 3456 3622 sunt,
3496 3555 3590 3612 sed
3623 3560 3825 3609 cuncta

2230 3662 2470 3716 elliciunt
2492 3655 2615 3728 quae
2653 3655 2718 3710 ad
2757 3655 2847 3709 Dei
2880 3653 3108 3722 gloriam
3132 3653 3368 3704 maxime
3404 3654 3676 3718 spectant.

2303 3751 2668 3818 Quamobrem
2695 3748 2740 3802 si
2789 3746 2930 3800 ratio
2957 3745 3073 3800 haec
3105 3753 3191 3798 est
3234 3739 3547 3796 inveniendi
3599 3739 3650 3794 id
3674 3737 3823 3805 quod

2230 3844 2515 3914 quan-itur,
2549 3849 2608 3894 ut
2640 3839 2886 3893 divinam
2919 3835 3238 3906 imaginem,
3285 3847 3409 3904 quae
3437 3831 3622 3887 carnis
3654 3830 3825 3886 sordi-

2230 3938 2335 3992 bus
2361 3935 2614 3990 demersa
2639 3933 2712 3986 sit
2753 3930 2808 3984 in
2833 3929 3105 3998 integrum
3134 3928 3490 3981 restituamus
3516 3942 3531 3979 :
3561 3937 3664 3979 nos
3689 3923 3822 3980 illud

2230 4043 2365 4083 sane
2392 4027 2712 4090 el'lieiamur,
2749 4021 2895 4092 quod
2955 4019 3230 4091 principio
3259 4018 3306 4073 is
3339 4017 3536 4079 fuerat,
3577 4015 3670 4085 qui
3706 4017 3821 4085 pri-

2209 4132 2380 4172 mum
2444 4116 2746 4170 fabricatus
2788 4122 2872 4169 est
2903 4113 3088 4166 homo.
3120 4109 3261 4176 Quid
3291 4111 3458 4178 igitur
3492 4109 3624 4162 illud
3655 4107 3825 4163 erat?

2232 4210 2424 4264 Nudus
2447 4208 2666 4279 quidem
2697 4207 2764 4271 is,
2798 4204 3030 4260 necdum
3053 4203 3288 4258 mortuis
3313 4201 3545 4273 pellibus
3563 4200 3818 4267 amictus,

2206 4304 2402 4358 ~libere
2437 4309 2619 4356 autem
2665 4300 2754 4354 Dei
2791 4297 2986 4352 faciem
3024 4310 3278 4359 cernens,
3313 4309 3490 4364 neque
3530 4293 3711 4347 adhuc
3751 4308 3820 4349 ex

2231 4400 2450 4463 gustatu
2479 4399 2532 4446 et
2558 4398 2782 4460 aspectu
2825 4388 3154 4443 suavitatem
3183 4386 3445 4450 sentiens,
3465 4390 3561 4440 sed
3587 4384 3820 4442 Domino

2231 4485 2408 4541 solmn
2442 4483 2767 4542 delectatus,
2797 4478 3204 4547 adjutorioque,
3229 4475 3377 4546 quod
3395 4477 3461 4531 ad
3493 4475 3616 4540 hoc,
3644 4482 3703 4527 ut
3737 4474 3821 4528 di-

523 4560 948 4629 μσυγχρώμενος,
1000 4562 1184 4627 καθὼς
1245 4565 1722 4637 ἐπισημαίνεταιή
1757 4568 1875 4622 θεία
1911 4569 2124 4640 Γραφὴ,

2234 4575 2373 4630 vina:
2401 4572 2699 4628 ostendunt
2733 4568 3173 4635 ιίιιυιοαι,άιιιυιιι
3189 4568 3236 4622 ei
3265 4577 3400 4632 erat,
3441 4567 3603 4622 simul
3635 4575 3816 4622 utens.

542 4650 622 4701 ὅτι
676 4651 737 4702 οὺ
793 4651 1057 4723 πρότερον
1087 4653 1256 4724 αὐτὴν
1289 4655 1454 4724 ἔγνω,
1501 4657 1629 4727 πρὶν
1660 4657 2000 4730 ἐξορισθῆναι
2031 4658 2125 4714 τοῦ

521 4742 896 4813 .παραδείσου,
928 4745 1022 4796 καὶ
1055 4746 1184 4816 πρὶν
1213 4749 1429 4819 ἐκείνην
1467 4750 1589 4803 ἀντὶ
1629 4752 1730 4822 τῆς
1759 4753 2034 4824 ἁμαρτίας
2061 4755 2128 4826 ἣν

541 4833 886 4904 ἀπατηθεῖσα
910 4834 1208 4906 ἐξήμαρτε,
1227 4842 1294 4911 τῇ
1335 4840 1443 4893 τῶν
1466 4841 1670 4894 ὠδίνων
1693 4846 1936 4917 τιμωρία
1955 4863 2127 4902 κατα-

542 4924 817 5017 κριθῆναι.
845 4925 922 4977 Δι’
946 4920 1014 4996 ἥς
1051 4927 1232 4982 τοίνυν
1261 4930 1583 4997 ἀκολουθίας
1611 4933 1716 4999 ἔξω
1739 4935 1834 4988 τοῦ
1865 4937 2127 5008 παραδεί-

543 5033 636 5068 σου
672 5016 1000 5087 γεγόναμεν,
1054 5020 1134 5089 τῷ
1180 5023 1488 5095 προπάτορι
1527 5027 2003 5095 συνεκὸληθέντες,
2033 5031 2128 5083 καὶ

492 5109 637 5160 επνῦν
691 5109 783 5163 διὰ
823 5111 925 5180 τῆς
972 5113 1144 5182 αὐτῆς
1192 5113 1402 5178 ἔξεστιν
1452 5119 1588 5186 ἡμῖν
1632 5120 2128 5192 παλινδρομήσασιν

497 5247 500 5254 ,
543 5201 858 5255 ἐπανελθεῖν
893 5204 988 5256 ἐπὶ
1010 5205 1110 5275 τὴν
1137 5207 1371 5276 ἀρχαίαν
1411 5210 1805 5282 μακαριότητα.
1845 5214 1886 5264 Τ
1894 5213 1940 5276 ίς
1967 5209 2060 5267 οὖν
2093 5218 2126 5286 ἡ

543 5293 870 5360 ἀκολουθία;
911 5297 1104 5368 Ἡδονὴ
1140 5298 1263 5351 τότε
1294 5299 1363 5352 δι’
1402 5302 1621 5373 ἀπάτης
1663 5305 1990 5376 ἐγγενομένη
2029 5308 2132 5378 τῆς

543 5383 870 5450 ἐκπτώσεως
897 5389 1120 5458 ἤρξατο.
1153 5386 1284 5443 Εἶτα
1302 5391 1534 5462 αἰσχύνη
1549 5394 1644 5448 καὶ
1669 5396 1832 5464 φόϐος
1863 5397 1940 5468 τῷ
1965 5400 2124 5454 πάθει

545 5477 641 5544 τῆς
673 5477 866 5547 ἡδονῆς
894 5481 1325 5554 ἐπηκολούθησε,
1372 5485 1468 5539 καὶ
1504 5486 1583 5553 τὸ,
1630 5490 1827 5560 μηκέτι
1860 5491 2047 5546 λοιπὸν
2069 5496 2126 5547 ἐν

617 5649 660 5680 ⁸⁸
701 5649 830 5706 an.
871 5668 958 5716 xv,
997 5655 1047 5709 9.
1130 5657 1171 5688 ³⁸
1208 5657 1342 5712 Gen.
1381 5675 1452 5724 tv,
1489 5660 1534 5716 l.

2226 4665 2344 4720 Non
2378 4665 2524 4719 enim
2565 4663 2720 4734 prius
2765 4660 2930 4715 Eram
2974 4659 3250 4729 cognovit,
3293 4673 3457 4728 quam
3505 4656 3821 4726 eparadiso

2225 4757 2490 4826 expulsus
2525 4754 2700 4818 est“,
2731 4753 2932 4823 illaque
2981 4751 3234 4806 dolorum
3283 4759 3477 4819 partus
3547 4747 3820 4818 supplicio

2225 4850 2483 4904 damnata
2505 4856 2654 4903 esset
2679 4846 2752 4902 ob
2779 4853 3088 4916 peccatum,
3117 4842 3263 4914 quod
3293 4842 3418 4897 dolo
3443 4841 3818 4896 circumventa

2202 4942 2544 4997 admiserat.
2575 4941 2718 5010 Ergo
2755 4954 2862 5008 qua
2898 4953 3031 4993 sane
3061 4938 3146 4990 via
3174 4954 3204 4990 e
3234 4935 3494 5005 paradiso
3533 4933 3694 5004 primi
3725 4949 3820 4989 no-

2226 5036 2326 5089 stri
2362 5035 2607 5106 parentis
2637 5048 2804 5087 causa
2839 5047 2940 5084 nos
2970 5030 3128 5100 ejecti
3153 5045 3366 5091 sumus.
3407 5027 3598 5082 eadem
3631 5026 3816 5096 profe-

2226 5137 2317 5181 cto
2354 5127 2513 5181 nobis
2560 5125 2708 5187 licet,
2739 5124 2784 5177 si
2816 5139 3011 5177 rursus
3046 5123 3098 5174 in
3130 5136 3296 5175 cursu
3321 5119 3551 5184 erimus,
3602 5118 3668 5172 ad
3701 5119 3816 5188 pri-

2204 5219 2428 5272 .stinam
2487 5215 2881 5270 beatitudinem
2942 5214 3140 5268 redire.
3175 5211 3308 5278 Quae
3362 5211 3529 5278 igitur
3574 5210 3660 5263 via
3693 5210 3819 5265 est?

2231 5308 2497 5378 Voluptas
2528 5317 2645 5362 tum
2681 5308 2903 5378 quidem
2971 5305 3180 5369 fraude,
3212 5304 3448 5372 doloque
3507 5303 3754 5365 inducta,
3785 5316 3815 5354 a

2205 5411 2474 5471 .peccato,
2507 5401 2732 5470 lapsuve
2765 5399 2980 5454 initium
3028 5397 3253 5462 habuit;
3305 5396 3502 5450 deinde
3541 5395 3736 5463 pudor,
3762 5403 3816 5447 ct

2235 5501 2434 5561 metus,
2459 5493 2756 5564 voluptatis
2791 5492 3049 5548 aﬂ'cctum
3102 5487 3385 5544 consecuti
3415 5496 3563 5553 sunt,
3623 5494 3682 5540 ut
3707 5501 3816 5540 non
