4124 6352
337 225 449 289 εἹίὲ
1582 224 1640 281 S.
1673 219 2002 281 GREGOBII
2035 221 2328 284 NYSSENI
3488 219 3595 275 576

337 343 604 398 auderent
661 358 826 414 porro
877 345 932 401 in
963 352 1266 417 conspectu
1297 345 1533 418 amplius
1575 345 1725 402 illius
1771 360 1915 409 esse.

2018 347 2314 420 ὀφθαλμοῖς
2337 349 2546 422 τολμᾷν
2575 346 2714 405 εἶναι
2743 346 2839 405 τοῦ
2875 348 3186 414 κτίσαντος,
3213 346 3353 404 ἀλλά
3377 345 3597 414 φύλλοις

331 436 429 505 qui
453 450 552 493 eos
585 439 916 508 procreavit,
944 438 1223 502 sedloliis,
1248 438 1569 510 umbrisque
1596 453 1718 495 sese
1752 453 1917 493 occu-

2018 441 2111 495 καὶ
2166 444 2346 506 σκιαῖς
2399 441 2883 514 ὑποκρύπτεσθαι·
2916 441 3151 513 δέρμασι
3185 441 3402 511 νεκροῖς
3454 438 3598 509 μετά

339 527 536 592 lerent,
591 543 656 583 ac
690 529 924 584 mortuis
956 528 1154 586 deinde
1199 531 1430 600 pellibus
1459 546 1518 587 se
1541 538 1912 603 contegerent.

2018 530 2187 587 ταῦτα
2241 532 2755 604 περικαλύπτονται.
2803 533 2916 588 Καὶ
2953 531 3125 595 οὕτως
3160 531 3244 594 είς
3268 530 3336 584 τὸ
3365 529 3599 592 νοσῶδες

337 620 517 690 Atque
546 619 624 674 ita
652 620 708 676 in
744 621 1056 692 pestiferam
1081 621 1223 676 hanc
1257 623 1531 692 regionem
1560 620 1917 693 laborumque

2018 622 2173 678 τοῦτο
2213 625 2309 679 καὶ
2338 624 2594 681 ἐπίπονον
2623 624 2821 697 χωρίον
2848 624 3070 680 ἄποικοι
3100 622 3429 693 πέμπονται,
3465 621 3524 674 ὲν

335 711 578 782 plenam,
626 713 684 768 in
716 727 824 784 qua
864 712 1132 769 moriendi
1185 713 1442 768 solatium
1471 721 1558 769 est
1600 713 1917 784 coniugium

2018 720 2045 772 ὁ
2087 718 2266 790 γάμος
2311 717 2636 790 παραμυθία
2669 717 2764 772 τοῦ
2819 716 3189 788 ἀποθνήσκειν
3210 712 3503 784 ἐπενοήθη.
3533 709 3596 766 Ei

338 804 648 870 inventum,
677 806 876 862 incola:
913 807 1097 872 ambo,
1125 815 1290 875 atque
1320 806 1659 862 habitatores
1690 807 1918 862 mittun-

2018 805 2112 863 οὖν
2159 809 2428 881 μέλλομεν
2482 808 2734 864 ἀναλύειν
2775 808 3050 872 ἐντεῦθεν,
3103 807 3202 861 καὶ
3233 809 3331 861 σὺν
3373 803 3600 876 Χριστῷ

339 902 450 952 tur.
475 897 838 964 Quamobrem
861 898 908 953 si
933 897 1175 970 futurum
1205 905 1311 962 est,
1345 907 1406 952 ut
1430 912 1530 953 nos
1557 898 1684 954 hinc
1713 898 1918 954 dissol-

2018 896 2287 966 γίνεσθαι,
2312 898 2476 953 πάλιν
2501 901 2567 953 ὲκ
2594 897 2689 954 τοῦ
2713 897 3024 954 τελευταίου
3049 898 3316 968 προσήκει
3345 895 3446 964 τῆς
3471 895 3599 948 ἀνοι-

337 1004 554 1053 vamur,
587 998 750 1060 atque
778 1004 904 1045 cum
933 989 1156 1044 Christo
1189 990 1384 1054 simus,
1409 989 1479 1044 ab
1499 989 1690 1045 ultima
1726 1005 1920 1046 rursus

2018 988 2224 1052 λύσεως
2250 989 2554 1061 ἄρξασθαι·
2591 988 2784 1060 ὥσπερ
2823 989 2873 1042 oi
2920 987 3030 1042 τῶν
3074 988 3294 1042 οίκείων
3323 984 3599 1050 ἀποξενω-

339 1081 704 1138 dissolutione
751 1081 973 1153 expedit
1014 1097 1118 1137 nos
1165 1081 1425 1137 exordiri.
1461 1079 1532 1137 Ut
1568 1082 1713 1137 enim
1765 1083 1856 1152 qui
1889 1097 1921 1136 a

2019 1080 2225 1147 θέντες,
2253 1081 2472 1137 ἐπειδὰν
2492 1081 2893 1152 ἐπιστρέψωσιν
2915 1079 3038 1133 ὃθεν
3057 1079 3417 1153 ὡρμήθησαν,
3443 1075 3597 1149 πρῶ-

342 1176 515 1244 patria
549 1175 739 1246 procul
774 1175 1100 1246 peregrinati
1139 1183 1288 1237 sunt,
1331 1188 1456 1229 cum
1485 1173 1552 1228 ad
1579 1189 1703 1229 cum
1740 1174 1917 1243 ipsum

2018 1188 2110 1226 τον
2155 1173 2359 1226 ἐκεῖνον
2409 1169 2798 1225 καταλείπουσι
2851 1167 2944 1222 τὸν
2971 1168 3169 1234 τόπον,
3216 1161 3262 1234 ᾧ
3293 1167 3601 1221 τελευταῖον

341 1267 521 1321 locum
561 1274 932 1333 revertuntur,
969 1265 1116 1321 unde
1143 1265 1370 1336 profecti
1392 1266 1738 1337 sunt,primo
1767 1266 1918 1322 illum

340 1357 522 1412 locum
560 1358 894 1427 relinquunt,
933 1372 1042 1428 quo
1074 1365 1356 1428 postremo
1393 1368 1792 1430 pervenerunt:
1847 1360 1920 1414 ita

339 1449 596 1519 quoniam
634 1458 840 1504 nostra:
883 1450 936 1504 in
973 1448 1232 1520 paradiso
1269 1447 1396 1503 vitae
1423 1449 1794 1516 separationis
1821 1465 1918 1520 po-

341 1547 606 1596 stremum
633 1546 719 1595 est
742 1539 1079 1610 eonjugium,
1121 1539 1227 1594 hoc
1264 1537 1442 1609 ipsum
1469 1539 1731 1609 primum,
1765 1541 1920 1611 quasi

340 1641 676 1704 postremum
730 1629 952 1702 aliquod
1000 1630 1392 1695 diversorium,
1443 1630 1775 1702 relinquere,
1805 1631 1922 1686 haec

338 1724 516 1781 oratio
541 1733 730 1780 monet
746 1739 844 1780 eos
875 1723 969 1794 qui
1006 1723 1072 1779 ad
1087 1723 1368 1780 Christum
1398 1723 1624 1780 redeunt
1679 1742 1696 1780 :
1727 1723 1924 1781 deinde

338 1833 371 1872 a
420 1817 645 1874 miseria
677 1815 991 1872 excolendae
1023 1823 1185 1872 terrae
1213 1817 1512 1888 segregari.
1561 1816 1617 1870 in
1667 1831 1772 1886 qua
1798 1822 1925 1886 post

339 1913 622 1976 peccatum
646 1904 808 1960 homo
827 1911 914 1960 est
941 1905 1478 1971 collocatus;deinde
1494 1916 1552 1960 nt
1568 1906 1923 1961 carnisinvo-

340 1999 494 2053 lucra
526 2010 922 2064 removeamus,
955 2005 1011 2052 et
1031 2005 1211 2054 vestes
1239 1997 1513 2068 pelliceas,
1556 1997 1660 2052 hoc
1705 2004 1790 2052 est
1807 2011 1928 2052 car-

338 2085 424 2143 nis
447 2086 788 2158 prudentiam
813 2101 1103 2154 exuamus,
1119 2095 1174 2143 et
1198 2087 1382 2142 omnia
1409 2086 1623 2141 occulta
1640 2085 1923 2143 dedecoris

338 2177 679 2242 abdicemus,
734 2191 841 2234 non
868 2177 1081 2232 acerba:
1121 2177 1359 2248 amplius
1385 2177 1551 2247 hujus
1582 2179 1734 2244 vitae,
1761 2179 1923 2252 quasi

340 2271 428 2326 liei
463 2269 676 2326 umbris
707 2285 829 2326 sese
847 2271 1152 2334 occultent,
1175 2269 1270 2326 sed
1299 2268 1567 2340 depositis
1581 2270 1923 2341 abjectisque

341 2362 506 2434 hujus
533 2361 758 2420 caducae
782 2361 904 2416 vitae
938 2360 1191 2416 foliorum
1225 2358 1632 2430 integumentis,
1657 2359 1712 2414 in
1744 2359 1923 2415 oculis

337 2462 628 2512 versentur
677 2455 818 2522 ejus,
860 2453 954 2524 qui
1011 2453 1133 2509 illos
1182 2452 1525 2524 procreavit;
1558 2467 1624 2506 ae
1653 2451 1919 2518 fraudem.

337 2561 462 2617 qum
490 2560 560 2601 ex
605 2554 824 2616 gustatu
859 2551 1194 2613 aspectuque
1217 2540 1547 2610 concipitur.
1589 2555 1712 2594 eam
1761 2539 1924 2610 plane

2020 1264 2299 1337 προϊόντες
2331 1264 2606 1335 ἐνέτυχον.
2651 1260 2804 1314 Ἐπεὶ
2830 1254 2925 1314 οὖν
2969 1258 3064 1312 τοῦ
3095 1257 3380 1330 χωρισμοῦ
3401 1256 3506 1326 τῆς
3537 1256 3598 1309 ὲν

2017 1357 2096 1428 τῷ
2113 1356 2424 1430 παραδείσῳ
2446 1355 2767 1430 [διατριϐῆς]
2787 1355 2935 1428 ζωῆς
2953 1355 3017 1409 τὸ
3039 1353 3348 1407 τελευταῖον
3365 1351 3398 1402 ὁ
3422 1350 3598 1419 γάμος

2019 1449 2156 1514 ἐστὶ,
2188 1448 2375 1502 τοῦτον
2405 1449 2620 1522 πρῶτον
2649 1450 2987 1513 καταλιπεῖν,
3009 1447 3198 1518 ὥσπερ
3216 1443 3338 1499 τι.νά
3359 1439 3600 1510 σταθμὸν

2018 1538 2266 1610 suam,
2286 1541 2398 1604 τοῖς
2425 1539 2560 1612 πρὸς
2587 1539 2679 1594 τὸν
2697 1538 2930 1610 Χριστὸν
2953 1535 3274 1594 ἀναλύουσιν
3306 1530 3600 1603 ὑφηγεῖται

2015 1632 2050 1685 ό
2080 1631 2238 1701 λόγος
2262 1648 2278 1664 ·
2311 1629 2430 1686 εἶτα
2464 1632 2564 1704 τῆς
2610 1632 2741 1705 περὶ⁹
2783 1631 2881 1702 τὴν
2919 1629 3024 1702 γῆν
3054 1623 3428 1696 ταλαιπωρίας
3467 1623 3602 1676 ἀνα-

1953 1704 2000 1762 B
2023 1724 2290 1796 χωρῆσαι,
2383 1704 2694 1794 ἐνιδρύνθηί
2719 1719 2860 1792 μετά
2897 1721 2998 1791 τὴν
3025 1715 3305 1790 ἁμαρτίαν
3331 1715 3359 1767 ὁ
3391 1711 3602 1782 ἀνορυ-

2024 1830 2125 1878 πος
2143 1829 2158 1844 ο
2177 1812 2274 1867 ἰπὶ
2295 1812 2471 1883 τούτῳ
2485 1811 2592 1878 ἔξω
2619 1810 2728 1865 τῶν
2749 1811 2849 1882 τῆς
2883 1809 3086 1881 σαρκὸς
3119 1802 3602 1878 προκαλυμμάτων

2023 1905 2297 1976 γενέσθαι,
2340 1905 2468 1969 τοὺς
2517 1902 2875 1975 δερματίνους
2917 1900 3172 1972 χιτῶνας,
3231 1894 3497 1955 τουτέστι,
3539 1891 3602 1946 τὸ

2021 1997 2278 2069 φρόνημα
2327 1997 2428 2068 τῆς
2482 1994 2684 2068 σαρκδς
2736 1990 3218 2061 ἀπεκδυσαμένους
3237 2006 3252 2021 ο
3286 1988 3381 2042 καὶ
3423 1986 3602 2041 πάντα

2022 2087 2432 2159 ἀπειπαμένους
2468 2087 2540 2142 τὰ
2582 2084 2803 2158 κρυπτά
2831 2085 2931 2154 τῆς
2975 2080 3266 2152 αἰσχύνης»
3304 2078 3500 2149 μηκέτι
3533 2077 3600 2146 τῇ

2021 2183 2161 2252 συκῇ
2187 2179 2282 2234 τοῦ
2308 2177 2506 2250 πικροῦ
2552 2177 2666 2249 βίου
2717 2173 3168 2236 ὑποσκιαζεσθαι,
3210 2170 3326 2225 ἀλλ’
3366 2168 3600 2241 except.

2019 2271 2226 2341 ψαντας
2268 2270 2340 2324 τά
2376 2270 2441 2322 ὲκ
2487 2267 2602 2322 τῶν
2642 2266 2995 2339 προσκαίρων
3030 2262 3236 2318 τούτων
3262 2259 3478 2330 φύλλων
3502 2258 3601 2326 τῆς

2022 2360 2171 2431 ζωῆς
2220 2359 2684 2431 προκαλύμματα,
2723 2359 2783 2412 ὲν
2816 2356 3118 2426 ὀφθαλμοῖς
3155 2351 3403 2423 γίνεσθαι
3439 2349 3602 2403 πάλιν

2019 2453 2116 2506 τοῦ
2143 2452 2446 2515 κτίσαντος,
2471 2450 2572 2520 τήν
2607 2466 2668 2502 τε
2723 2447 2865 2502 κατά
2894 2445 3082 2515 γεῦσιν
3104 2445 3199 2497 καὶ
3227 2442 3352 2512 ὄψιν
3384 2441 3604 2509 ἀπάτην

2021 2543 2369 2608 ἀπώσασθαι,
2404 2541 2705 2612 σύμϐουλον
2735 2539 2918 2593 οὐκέτι
2946 2537 3036 2592 τὸν
3059 2536 3264 2591 ἰοϐόλον
3289 2534 3433 2604 ὅφιν,
3465 2531 3604 2586 ἀλλά

339 2637 642 2708 repellant;
673 2635 728 2690 in
753 2634 1156 2702 consiliumque
1180 2645 1290 2685 non
1313 2630 1551 2700 amplius
1579 2645 1919 2686 venenosum

2019 2636 2121 2711 τὴν
2145 2634 2366 2708 ἐντολὴν
2389 2634 2484 2688 τοῦ
2519 2632 2655 2687 Θεοῦ
2708 2631 2874 2702 μόνην
2903 2629 3069 2701 ἔχειν.
3104 2627 3253 2698 Αὕτη
3289 2626 3345 2679 δέ
3375 2627 3515 2690 ἐστι,
3541 2623 3604 2676 τὸ

337 2735 672 2800 serpentem,
721 2724 819 2782 sed
867 2723 962 2779 Dei
1015 2731 1348 2792 praeceptum
1391 2721 1571 2776 solum
1601 2721 1917 2776 adhibeant.
2023 2729 2187 2800 μόνου
2215 2727 2312 2781 τοῦ
2340 2723 2505 2780 καλοῦ
2527 2722 2796 2779 ἅπτεσθαι
2815 2737 2829 2750 ο
2858 2722 2960 2792 τὴν
2979 2720 3039 2773 δὲ
3065 2719 3174 2773 τῶν
3197 2716 3448 2788 πονηρῶν
3476 2715 3602 2782 γεῡ.

337 2818 477 2876 Illud
505 2817 652 2876 enim
705 2822 814 2880 est,
866 2821 928 2869 ut
980 2812 1212 2868 hocsta
1245 2815 1512 2866 duntaxat
1550 2810 1917 2882 attingamus;

2023 2838 2109 2875 σιν
2160 2818 2525 2876 ἀπώσασθαιο
2581 2815 2658 2880 ὼς
2714 2813 2924 2868 ἐκεῖθεν
2973 2814 3107 2883 ἡμῖν
3139 2810 3240 2880 τῆς
3278 2809 3386 2863 τῶν
3415 2806 3604 2862 κακῶν

335 2917 558 2981 gustum
610 2920 741 2961 vero
775 2904 1044 2959 malarum
1103 2917 1285 2956 rerum
1330 2916 1710 2970 aspernemur,
1759 2901 1919 2972 quasi

2018 2910 2341 2974 ἀκολουθίας
2379 2907 2556 2980 ἀρχὴν
2607 2904 2897 2976 λαϐούσης,
2931 2905 2996 2957 ἐκ
3037 2901 3132 2956 τοῦ
3173 2901 3250 2972 μὴ
3287 2898 3510 2968 θελῆσαι
3541 2897 3606 2950 te

335 2995 656 3069 huiusmodi
702 3009 907 3060 rerum,
946 3008 1069 3063 qua:
1117 2993 1172 3047 in
1207 2993 1365 3048 malis
1410 2999 1560 3057 sunt,
1597 3007 1731 3047 usus
1759 3009 1823 3046 ex
1851 3007 1918 3047 eo

2021 3004 2191 3058 κακὸν
2215 3004 2500 3074 ἀγνοῆσαι.
2541 2999 2635 3054 Διὸ
2666 2999 2762 3053 καὶ
2796 2994 3087 3068 ἀπερῥήθη
3127 2995 3240 3056 τοῖς
3284 2988 3603 3063 πρωτοπλά-

337 3045 1097 3155 quoniam
1120 3045 1360 3138 Vinalumv
1381 3045 1482 3138 nos
1528 3045 1780 3153 ignorare
1796 3045 1918 3137 Ὗιιο-

2023 3045 2188 3058 ""'""'
2215 3045 2278 3072 "I
2302 3045 2500 3074 ""I"'"
2541 3045 2632 3054 ν’*
2668 3045 2762 3053 ""'
2799 3045 3087 3068 "'"rr'r'o
3144 3045 3181 3046 η
3219 3045 3237 3056 υ
3327 3045 3341 3063 ο

2023 3110 2168 3158 στοις
2195 3093 2256 3148 τὺ
2293 3093 2368 3164 μὴ
2415 3091 2556 3162 μετὰ
2605 3087 2698 3144 τοῦ
2736 3087 2907 3142 καλοῦ
2941 3086 3036 3140 καὶ
3081 3084 3179 3155 τὴν
3205 3083 3314 3137 τῶν
3345 3080 3605 3136 ἐναντίων

337 3181 562 3240 luimus.I
593 3177 786 3249 Itaque
828 3175 961 3232 illud
990 3175 1181 3246 primis
1213 3173 1534 3245 parentibus
1589 3183 1917 3244 praeceptum]

2020 3187 2221 3255 γνῶσιν
2242 3185 2425 3239 λαϐεῖν
2448 3201 2462 3214 ·
2490 3183 2606 3238 ἀλλ’
2634 3179 2971 3252 ἀποσχέσθαι
2994 3178 3094 3249 μὲν
3106 3176 3201 3230 τοῦ
3227 3173 3469 3244 γνωστοῦ
3498 3188 3603 3226 κα-

335 3281 443 3336 est,
471 3279 534 3326 ut
567 3285 637 3325 ne
663 3283 772 3324 una
810 3283 937 3322 cum
968 3267 1110 3321 bono
1141 3279 1323 3320 rerum
1368 3264 1770 3319 contrariarum
1821 3281 1919 3320 cu-

2020 3279 2113 3334 λοῦ
2145 3296 2202 3332 τε
2223 3279 2317 3332 καὶ
2336 3274 2603 3348 πονηροῦ,
2626 3274 2866 3345 καθαρὸν
2886 3271 2943 3324 δὲ
2977 3271 3070 3325 καὶ
3092 3269 3289 3340 ἀμιγὲς
3320 3266 3414 3321 καὶ
3428 3265 3603 3335 ἀμέτ-

337 3364 640 3437 gnilionem
669 3366 949 3430 caperent,
989 3357 1087 3412 sed
1117 3373 1147 3410 a
1171 3356 1403 3412 scientia
1435 3362 1492 3410 et
1516 3356 1669 3421 boni,
1699 3365 1758 3412 et
1789 3356 1920 3411 mali

2019 3387 2144 3442 οχον
2197 3369 2292 3425 τοῦ
2326 3367 2498 3423 κακοῦ
2525 3367 2586 3422 τὸ
2624 3363 2831 3435 ἀγαθὸν
2859 3361 3222 3435 καρποῦσθαι.
3249 3361 3428 3430 Ὅπερ
3449 3356 3604 3412 οὐδὲν

337 3456 700 3511 abstinerent.
737 3465 982 3522 puroque
1021 3458 1078 3503 et
1125 3448 1390 3518 simplici.
1438 3461 1617 3517 neque
1645 3462 1772 3502 cum
1809 3448 1920 3502 ulla
2020 3465 2148 3521 ἀλλο
2171 3462 2339 3524 ἐστιν,
2367 3460 2444 3524 ὥς
2461 3477 2524 3529 γε
2545 3459 2576 3514 δ
2599 3457 2730 3528 έμδς
2753 3455 2931 3524 λόγος⁹
2961 3453 2993 3523 ἢ
3024 3451 3162 3523 μετά
3190 3451 3286 3505 τοῦ
3310 3448 3446 3502 Θεοῦ
3462 3443 3604 3502 εἶναι

339 3543 467 3600 mali
493 3549 648 3614 parte
683 3539 981 3610 coniuncto
1001 3537 1148 3596 bono
1181 3536 1495 3592 lruerentur
1527 3553 1541 3590 :
1592 3537 1738 3607 quod
1761 3552 1918 3602 sane,

2025 3556 2204 3626 μόνον,
2235 3553 2331 3606 καὶ
2387 3550 2590 3620 ταύτην
2642 3547 2922 3602 ἄπαυστον
2953 3545 3098 3615 ἔχειν
3127 3542 3220 3596 καὶ
3249 3539 3470 3610 διηνεκῆ
3503 3537 3606 3608 τὴν

339 3644 402 3690 ιιι
439 3648 557 3689 mea
594 3632 699 3688 lcrt
742 3629 1035 3692 sententia,
1067 3628 1294 3699 perinde
1344 3635 1453 3693 est,
1483 3643 1547 3684 ac
1577 3630 1756 3684 solum
1792 3644 1920 3684 eum

2022 3644 2253 3718 τρυφὴν,
2288 3645 2382 3697 καὶ
2412 3627 2608 3712 μηκέτι
2646 3633 3146 3707 συγκαταμιγνύειν
3187 3634 3254 3702 τῇ
3304 3627 3602 3684 ἀπολαύσει

337 3727 452 3782 Ι)οο
482 3739 628 3788 esse,
659 3730 1086 3794 perpetuamque
1113 3727 1168 3775 et
1200 3719 1596 3790 sempiternam
1649 3719 1791 3786 hanc
1820 3718 1920 3774 de-

338 3818 684 3875 lectationem
721 3815 945 3877 habere,
986 3827 1088 3869 nec
1108 3827 1230 3882 quae
1249 3813 1317 3867 ad
1350 3812 1682 3867 contrariam
1709 3821 1919 3882 partem

340 3916 610 3982 spectant,
633 3923 758 3963 cum
781 3907 885 3962 hac
915 3907 1033 3976 ipsa
1057 3904 1330 3961 suavitate
1361 3907 1792 3961 communicare.
1825 3904 1923 3958 At-

337 4016 450 4072 que
491 4000 541 4056 si
572 3998 868 4056 conlldenti
898 3997 1084 4052 animo
1120 3997 1268 4067 loqui
1325 3996 1504 4060 decet,
1554 3993 1790 4051 fortasse
1818 3995 1922 4051 hoc

341 4093 418 4148 ita
450 4099 556 4156 est,
578 4105 644 4146 ac
673 4090 721 4146 si
742 4089 868 4160 quis
900 4104 931 4143 a
963 4087 1170 4143 mundo
1191 4087 1316 4152 hoc,
1342 4086 1438 4157 qui
1468 4085 1522 4141 in
1556 4086 1797 4157 maligno
1825 4101 1924 4156 po-

338 4186 482 4242 situs
507 4190 610 4248 est,
633 4182 690 4237 in
709 4180 1020 4252 paradisum
1037 4195 1233 4236 rursus
1263 4181 1528 4249 rapiatur,
1551 4179 1698 4250 quod
1722 4179 1923 4234 Paulus

340 4272 594 4330 sublatus
649 4269 860 4326 audivit
911 4278 966 4324 et
1035 4268 1169 4322 vidit
1220 4283 1344 4338 qua:
1421 4283 1598 4338 neque
1665 4268 1922 4339 exprimi,

341 4363 681 4436 nequecerni
699 4369 952 4434 possunt,
972 4376 1150 4432 neque
1175 4360 1258 4416 fas
1278 4370 1365 4416 est
1387 4361 1658 4417 hominem
1683 4360 1828 4430 loqui
1853 4361 1915 4416 ⁸ο.
1947 4384 1998 4441 υ

923 4494 1156 4551 CAPUT
1184 4495 1318 4550 XIII.

453 4586 822 4659 Virginitatem
866 4599 1161 4642 summam
1198 4605 1310 4642 esse
1333 4588 1518 4642 mortis
1557 4586 1816 4644 dominio.

414 4745 480 4803 Et
510 4745 773 4816 quoniam
801 4743 1100 4800 viventium
1129 4744 1346 4814 quidem
1377 4743 1718 4800 domicilium
1742 4753 1828 4801 est
1856 4762 1922 4802 ac

339 4837 497 4898 ardes
522 4837 831 4910 paradisus,
857 4849 1034 4907 neque
1060 4850 1158 4892 eos
1187 4836 1402 4906 recipit.
1420 4836 1515 4906 qui
1541 4837 1614 4892 ob
1634 4845 1919 4906 peccatum

340 4933 503 4987 morti
538 4929 738 4986 addicti
785 4937 942 4994 sunt;
999 4937 1057 4983 et
1089 4945 1188 4984 nos
1214 4945 1246 4985 e
1277 4945 1443 4984 carne
1469 4945 1682 4995 sumus,
1715 4939 1922 4986 morta-

341 5025 534 5094 lesque
571 5029 799 5093 peccato
828 5020 1124 5077 venundati
1160 5039 1172 5074 :
1205 5021 1484 5092 quomodo
1537 5023 1591 5076 in
1616 5022 1920 5077 viventium

342 5117 463 5170 loco
486 5130 610 5170 esse
644 5115 690 5169 is
726 5121 924 5184 potest,
952 5113 1045 5182 qui
1080 5113 1272 5169 mortis
1307 5112 1358 5168 vi
1390 5121 1446 5169 et
1469 5120 1737 5183 potestate
1769 5121 1922 5170 tene-

339 5207 469 5264 tur?
502 5207 673 5274 Quem
707 5207 949 5271 modum,
970 5206 1184 5279 quodve
1215 5207 1510 5262 consilium
1538 5206 1630 5262 hic
1658 5207 1918 5271 inveniet,

341 5308 401 5354 ut
428 5300 532 5354 hac
563 5300 682 5370 ipsa
718 5308 989 5367 potestate
1016 5300 1230 5354 solutus
1277 5314 1341 5354 ac
1369 5299 1508 5355 liber
1537 5298 1663 5354 ﬁat!
1691 5299 1760 5352 At
1788 5313 1920 5353 vero

340 5393 406 5447 ad
439 5392 545 5445 hoc
609 5392 690 5445 vel
725 5393 860 5446 satis
888 5395 1114 5446 omnino
1176 5401 1263 5446 est
1317 5389 1593 5462 Evangelii
1642 5389 1918 5450 doctrina.

340 5481 485 5550 Quin
516 5483 680 5538 etiam
719 5480 1009 5538 Dominum
1044 5483 1376 5547 audivimus,
1427 5484 1521 5555 qui
1565 5482 1919 5540 Nicodamum

417 5663 460 5694 “
502 5661 546 5720 II
579 5661 704 5717 Cor.
739 5677 834 5729 an,
867 5660 902 5715 Et
929 5675 1050 5732 sqq.

2021 3737 2195 3809 ταύτῃ
2239 3734 2310 3788 τὰ
2359 3734 2494 3806 πρὸς
2533 3731 2594 3785 τὸ
2641 3729 2884 3783 ἐναντίον
2908 3725 3236 3797 ἀφέλκοντα.
3276 3723 3388 3778 Καὶ
3421 3723 3472 3776 εί
3497 3721 3606 3793 χρὴ

2020 3830 2396 3901 τολμήσαντας
2442 3826 2640 3890 εἰπεῖν,
2667 3824 2807 3895 τάχα
2842 3821 3018 3886 οὕτως
3048 3819 3115 3876 ἄν
3139 3835 3226 3882 τις
3249 3817 3360 3871 ἀτὼ
3387 3814 3483 3870 τοῦ
3507 3815 3596 3869 κόο

2025 3940 2186 3994 σμου,
2225 3922 2284 3986 ὃς
2336 3923 2394 3974 ὲν
2430 3919 2508 3989 τῷ
2550 3916 2771 3990 πονηρῷ
2798 3917 2997 3980 κεῖται,
3030 3910 3305 3984 ἁρπαγείη
3332 3907 3498 3963 πάλιν
3521 3908 3604 3970 είς

2022 4015 2116 4070 τὸν
2146 4013 2497 4086 παράδεισον,
2524 4012 2582 4064 ὲν
2602 4003 2647 4078 ᾧ
2681 4010 2778 4063 καὶ
2809 4007 3020 4070 Παῦλος
3055 4003 3367 4074 γενόμενος,
3399 3999 3607 4072 ἥκουσὲ

2021 4125 2083 4163 τε
2136 4109 2231 4164 καὶ
2289 4106 2366 4160 ἴδε
2423 4106 2496 4160 τά
2524 4105 2742 4177 ἄρρητα
2779 4103 2876 4156 καὶ
2903 4099 3130 4160 ἀθέατα,
3166 4096 3206 4153 ἃ.
3232 4097 3335 4151 οὐκ
3365 4094 3484 4161 ἐξὸν
3505 4094 3604 4150 ἀν-

2023 4199 2228 4274 θρώπῳ
2264 4199 2515 4271 λαλῆσαι.

2607 4483 2860 4538 ΚΕΦΔΛ.
2903 4479 3000 4535 II".

2021 4580 2152 4634 Ὅτι
2178 4578 2216 4648 ἡ
2248 4575 2536 4646 ampliet-ta
2555 4571 2970 4648 κρείττων-τῆς
3003 4568 3112 4625 τοῦ
3132 4567 3393 4625 θανάτου
3419 4565 3606 4621 dura-

2599 4644 2805 4710 στείας
2829 4642 3025 4696 ἐστίν.

2099 4741 2240 4795 Ἀλλ’
2265 4737 2454 4811 ἐπειδὴ
2471 4739 2500 4790 ό
2519 4735 2847 4808 παράδεισος
2862 4732 3078 4799 ζώντων
3095 4731 3243 4786 ἐστὶν
3268 4729 3606 4802 οἰκητήριον,

2019 4836 2143 4897 τοὺς
2157 4834 2244 4888 διὰ
2259 4833 2360 4902 τῆς
2377 4829 2647 4902 ἁμαρτίας
2662 4826 3036 4898 νεκρωθέντας
3047 4825 3110 4878 ού
3131 4821 3560 4896 προσδεχόμενος
3582 4833 3599 4849 ⁸

2020 4925 2180 4995 ἡμεῖς
2207 4923 2266 4976 δὲ
2297 4924 2544 4993 σάρκινοι
2581 4920 2740 4982 ὄντες·
2758 4920 2852 4972 καὶ
2880 4916 3084 4987 θνητοὶ,
3116 4912 3459 4985 πεπραμένοι
3496 4910 3605 4963 ὑπὸ

2018 5018 2118 5088 τῆς
2142 5015 2414 5088 ἁμαρτίας
2441 5030 2455 5044 ·
2485 5013 2603 5076 πῶς
2657 5011 2807 5065 ἔστιν
2841 5011 2902 5063 ὲν
2938 5011 3006 5080 τῇ
3042 5005 3198 5079 χώρᾳ
3233 5005 3345 5059 τῶν
3383 5001 3601 5066 ζώντων

2021 5105 2269 5177 γενέσθαι
2295 5105 2388 5159 τὸν
2411 5106 2477 5174 τῇ
2508 5103 2798 5174 δυναστείᾳ
2811 5100 2906 5156 τοῦ
2940 5099 3168 5154 θανάτου
3198 5093 3601 5165 κρατούμενον;

2023 5200 2181 5253 Ποῖον
2205 5195 2404 5269 τρόπον
2421 5195 2514 5248 καὶ
2539 5193 2694 5247 ποίαν
2722 5191 2964 5246 ἐπίνοιαν
2988 5188 3198 5258 ἐξεύροι
3225 5201 3307 5249 τις
3334 5184 3422 5245 ἂν,
3453 5183 3604 5245 ὅπως

2025 5291 2123 5361 τῆς
2176 5287 2423 5356 ἐξουσίας
2470 5284 2674 5355 ταύτης
2724 5283 2829 5350 ἔξω
2865 5282 3185 5351 γενήσεταις
3251 5275 3388 5329 Ἀλλ’
3440 5271 3604 5344 ἀρκεζ

2028 5381 2246 5442 πάντως
2286 5378 2380 5432 καὶ
2403 5376 2538 5448 πρὸς
2564 5374 2724 5428 τοῦτο
2750 5375 2784 5443 ἡ
2819 5371 2914 5425 τοῦ
2942 5367 3273 5436 Εὐαγγελίου
3304 5361 3602 5433 ὑφηγησις.

2029 5472 2240 5529 Οὐκοῦν
2267 5469 2577 5540 ἠκούσαμεν
2615 5465 2710 5521 τοῦ
2743 5463 2949 5535 Κυρίου
2996 5460 3132 5531 πρὸς
3163 5457 3254 5511 τὸν
3295 5453 3602 5525 Νικόδημον
