4124 6352
377 315 483 372 ΖἹἼ

1717 317 1807 373 DE
1847 315 2318 377 VIRGINITATE.

3536 322 3643 375 573

374 432 648 501 λέγοντος,
676 432 758 488 ὅτι
790 451 811 487 ι
846 431 920 488 Τδ
945 433 1340 507 γεγεννημένον
1365 436 1430 490 ἐκ
1449 435 1546 507 τῆς
1569 435 1791 508 σαρκὸς,
1816 435 1943 507 σάρξ

2058 435 2143 491 his
2168 435 2350 490 verbis
2404 433 2705 505 alloqmtur
2744 452 2757 489 :
2793 451 2813 486 ι
2850 433 3004 501 Quod
3040 450 3072 491 ε
3098 449 3266 490 carne
3311 441 3500 489 natum
3533 446 3640 499 est,

373 526 541 579 ἐστιν’
574 524 637 578 τὸ
661 524 718 581 δὲ
749 527 1142 599 γεγεννημένον
1166 530 1230 582 ἐκ
1252 527 1343 582 τοῦ
1377 529 1707 601 πνεύματος,
1734 528 1953 600 πνεῦμά

374 617 540 670 ἐστιν.
574 635 596 670 ι
627 617 861 690 Οῐδαμεν
904 618 962 672 δὲ
1008 619 1106 691 τὴν
1138 619 1237 692 μὲν
1288 620 1465 691 σάρκα
1495 619 1707 691 θανάτῳ
1736 620 1823 675 διὰ
1856 620 1953 692 τὴν

372 707 649 780 ἁμαρτίαν
679 704 844 764 οὖσαν
866 710 1143 775 ὑπόδικον,
1161 710 1221 764 τὸ
1235 711 1291 766 δὲ
1314 712 1541 783 Πνεῦμα
1566 712 1659 766 τοῦ
1688 711 1824 765 Θεοῦ
1860 712 1954 766 καὶ

373 800 668 872 ἄφθαρτον,
699 801 794 855 καὶ
827 801 1113 867 ζωοποιὸν,
1154 807 1248 857 καὶ
1280 803 1565 859 ἀθάνατον.
1603 804 1814 876 ’Ὥσπερ
1839 805 1952 858 τοί-

372 905 468 942 νυν
492 891 560 960 τῇ
601 890 742 945 κατά
786 890 965 963 σάρκα
1010 892 1222 961 γενέσει
1261 894 1709 949 συναποτίκτεται
1736 896 1953 960 πάντως

374 978 468 1032 καὶ
492 978 830 1050 ήδιαλύουσα
854 981 915 1037 τὸ
936 982 1273 1055 γεννώμενον
1301 984 1528 1055 δύναμις
1547 1002 1559 1014 ·
1592 985 1734 1040 οὕτω
1752 987 1950 1060 δηλαδὴ

375 1072 465 1125 καὶ
504 1071 566 1125 τὸ
604 1073 825 1145 Πνεῦμα
862 1078 973 1139 τοῖς
1006 1076 1073 1129 δι’
1102 1076 1265 1131 αὐτοῦ
1296 1079 1650 1149 γεννωμένοις
1691 1081 1788 1151 τὴν
1818 1081 1953 1145 ζωο-

374 1164 526 1217 ποιὸν
572 1167 947 1222 ἐναποτίθεται
992 1169 1241 1241 δύναμιν.
1280 1171 1345 1224 Τί
1379 1168 1472 1225 οὖν
1512 1173 1815 1227 ἀνακύπτει
1863 1172 1950 1227 διὰ

371 1254 482 1308 τῶν
506 1257 837 1329 είρημένων;
880 1261 1245 1327 Ἀποστάντας
1286 1265 1430 1336 ήμᾶς
1458 1265 1558 1335 τῆς
1596 1269 1737 1320 κατά
1772 1268 1950 1337 σάρκα

356 1344 537 1417 ζωῆς,
571 1342 846 1420 πάντως
869 1353 1108 1417 τοιοῦτος
1141 1356 1493 1410 ἐπακολουθεῖ
1517 1358 1614 1410 καὶ
1640 1359 1668 1411 6
1699 1356 1947 1421 θάνατος,

371 1436 607 1491 τοιοῦτον
631 1440 962 1512 ἐπιζητῆσαι
979 1442 1112 1513 βίον,
1147 1444 1206 1508 ὃς
1233 1445 1419 1499 οὐκέτι
1450 1445 1544 1499 τοῦ
1581 1446 1811 1501 θανάτου
1850 1446 1949 1518 τὴν

371 1524 692 1582 ἀκολουθίαν
721 1529 1026 1599 ἐφέλκεται.
1064 1526 1232 1598 Οὗτος
1265 1534 1323 1587 δέ
1344 1536 1491 1589 ἐστιν
1532 1538 1561 1589 6
1594 1538 1651 1590 ὲν
1681 1537 1949 1611 παρθενίᾳ

373 1611 504 1682 βίος.
547 1618 656 1671 Καὶ
697 1619 775 1682 ὡς
825 1619 1002 1691 ἀληθῆ
1046 1622 1240 1686 ταῦτα,
1290 1623 1503 1695 μικρῶν
1541 1623 1948 1697 προστεθέντων

371 1708 522 1763 ἔσται
570 1712 1068 1784 καταφανέστερον.
1102 1716 1199 1780 Τίς
1242 1716 1352 1787 γὰρ
1398 1717 1498 1771 οὐκ
1538 1712 1699 1784 οἶδεν,
1733 1718 1815 1771 ὃτι
1848 1718 1947 1789 τῆς

2060 541 2191 580 caro
2218 536 2329 593 est;
2355 525 2499 595 quod
2523 542 2553 581 e
2576 525 2771 597 spiritu
2802 535 2988 581 natum
3020 536 3126 587 est,
3150 527 3378 598 spiritus
3409 534 3494 581 est
3518 528 3586 581 πθ.
3616 546 3634 577 ι

2061 617 2127 671 Ει
2166 633 2266 674 nos
2315 618 2589 684 novimus,
2616 633 2837 673 carnem
2872 626 3094 689 propter
3140 629 3428 690 peceatum
3476 619 3641 671 morti

2059 707 2398 774 subjectam;
2434 704 2529 761 Dei
2577 722 2708 762 vero
2746 708 3011 779 Spiritum
3043 718 3097 764 et
3147 710 3525 780 incorruptum
3589 715 3644 762 et

2059 798 2332 853 viviﬁcum
2351 808 2401 854 et
2429 799 2792 854 immortalem
2824 816 2966 857 esse.
2983 801 3149 872 Atqui
3183 812 3239 856 ut
3261 802 3453 871 quode
3476 815 3644 856 carne

2059 889 2302 958 genitum
2338 896 2442 953 est,
2490 889 2717 945 inhaaret
2746 890 2795 945 ei
2852 892 3077 947 omnino
3106 892 3190 948 vis
3213 893 3484 962 quaadam,
3520 907 3644 961 quae

2059 979 2113 1033 id
2150 980 2429 1046 dissolvit,
2470 980 2619 1052 quod
2660 990 2744 1037 est
2773 997 2942 1038 carne
2984 993 3304 1039 concretum
3350 985 3474 1039 :sic
3512 984 3641 1054 Spi-

2058 1071 2194 1125 ritus
2225 1070 2332 1125 vim
2369 1071 2662 1141 quamdam
2692 1071 2907 1126 vitalem
2944 1073 3155 1128 scilicet
3194 1074 3260 1128 iis
3290 1074 3453 1129 rebus
3487 1073 3642 1127 attri-

2056 1161 2197 1227 buit,
2234 1176 2357 1231 qua:
2383 1176 2413 1214 a
2437 1177 2495 1216 se
2520 1161 2836 1232 gignuntur.
2891 1160 3011 1228 Quo
3044 1171 3298 1233 spectant
3342 1165 3458 1218 haec
3518 1180 3642 1233 quae

2055 1253 2336 1310 diximus?
2371 1251 2438 1308 Ut
2470 1268 2602 1309 sane
2648 1254 2717 1307 ab
2748 1253 2850 1309 hac
2877 1268 2977 1308 nos
3004 1256 3220 1309 mortali
3277 1256 3383 1308 vita
3443 1256 3642 1311 abalie-

2056 1346 2190 1410 nati,
2220 1344 2307 1399 cui
2337 1344 2562 1400 omnino
2587 1359 2773 1399 comes
2801 1343 3059 1413 adjuncta
3074 1360 3220 1401 mors
3235 1355 3341 1410 est,
3368 1346 3497 1401 illud
3520 1348 3641 1401 vita:

2055 1452 2229 1508 genus
2261 1452 2593 1507 quaeramus,
2621 1453 2743 1507 quae
2773 1437 2979 1492 nullam
3020 1438 3287 1493 moriendi
3330 1438 3635 1494 necessita-

2052 1537 2163 1583 tem
2195 1544 2381 1583 secum
2410 1528 2613 1594 trahat,
2640 1529 2750 1582 vita
2779 1536 2962 1583 autent
3025 1529 3293 1599 ejusmodi
3328 1532 3383 1585 in
3417 1531 3639 1601 vitgini-

2054 1628 2164 1674 tate
2214 1619 2493 1675 consistit.
2523 1620 2701 1690 Atque
2729 1620 2843 1674 hare
2875 1619 3096 1691 quidem
3135 1636 3300 1690 quam
3347 1639 3472 1677 vera
3503 1626 3635 1687 sint,

2054 1711 2246 1781 paucis
2305 1726 2438 1766 sane
2488 1711 2821 1782 propositis,
2882 1711 3156 1781 apertiora
3216 1714 3365 1767 lient.
3424 1714 3642 1781 Quotus

372 1801 473 1873 μὲν
498 1803 815 1875 σωματικῆς
842 1806 1135 1877 συναφείας
1162 1806 1224 1861 τὸ
1251 1809 1411 1880 ἔργον
1441 1808 1709 1881 σωμάτων
1738 1808 1943 1880 θνητῶν

2048 1799 2194 1855 enim
2222 1800 2456 1871 quisque
2485 1810 2588 1865 est,
2609 1799 2702 1870 qui
2734 1799 2967 1870 ignoret,
2999 1812 3277 1871 corporea:
3298 1803 3643 1869 conjunctio-

368 1894 484 1947 tm
524 1895 837 1968 κατασκευὴ
859 1934 876 1957 ,
913 1900 1011 1968 τῆς
1048 1898 1105 1951 δὲ
1152 1898 1289 1971 προς
1333 1900 1394 1954 τὸ
1422 1900 1638 1972 πνεῦμα
1663 1900 1949 1964 κοινωνίας

367 1984 481 2056 ζωὴ
545 1987 638 2041 καὶ
694 1986 980 2059 ἀφθαρσία
1023 1992 1137 2055 τοῖς
1181 1991 1531 2060 συναφθεῖσιν
1575 1993 1697 2045 ἀντὶ
1742 1992 1948 2047 τέκνων

366 2080 747 2150 προσγίνεταις
803 2079 909 2134 Καὶ
952 2081 1135 2144 καλῶς
1166 2083 1281 2137 ἐστι
1306 2084 1367 2137 τὸ
1391 2083 1750 2138 ὰποστολικδν
1772 2086 1945 2140 εἰπεῖν

365 2171 458 2224 ἐπὶ
480 2170 693 2235 τούτου,
710 2172 791 2229 ὅτι
819 2173 1091 2238 «Σώζεται
1119 2174 1206 2228 διὰ
1224 2176 1325 2246 τῆς
1337 2176 1680 2245 τεκνογονίας
1704 2175 1938 2246 ταύτης»

362 2263 398 2333 ή
441 2261 550 2315 τῶν
586 2262 842 2316 τοιούτων
861 2263 1067 2318 τέκνων
1112 2267 1296 2338 μήτηρ
1323 2267 1945 2339 εὐφραινομένη,καθὼς

363 2355 422 2407 ὲν
451 2352 613 2418 θείοις
642 2354 829 2425 ὕμνοις
869 2356 901 2409 ὁ
948 2357 1253 2428 Ψαλμῳδδς
1295 2360 1702 2431 ἀνευφήμησεν,
1734 2363 1906 2417 είπών
1927 2381 1940 2394 ·

365 2463 388 2500 ι
437 2445 496 2500 '0
522 2445 848 2511 κατοικίζων
885 2449 1108 2518 στεῖραν
1137 2450 1195 2502 ὲν
1216 2448 1350 2519 οἴκῳ
1375 2451 1588 2520 μητέρα
1617 2453 1709 2504 ἐπὶ
1732 2452 1944 2515 τέκνοις

362 2534 815 2608 εὐφραινομένην.
852 2556 872 2589 ι
906 2538 1267 2610 Εὐφραίνεται
1290 2540 1398 2612 γὰρ
1429 2542 1612 2612 μήτηρ
1638 2542 1944 2615 ῶςάληθῶς

362 2628 398 2697 ή
430 2627 697 2698 παρθένος
737 2630 942 2702 μήτηρ,
973 2633 1007 2703 ή
1035 2631 1103 2685 τὰ
1127 2631 1371 2687 ἀθάνατα
1398 2632 1565 2687 τέκνα
1603 2635 1943 2706 κυοφοροῦσα

360 2717 448 2773 διὰ
479 2719 573 2774 τοῦ
598 2719 934 2791 Πνεύματος,
984 2723 1174 2795 στεῖρα
1210 2722 1299 2777 διὰ
1329 2724 1429 2797 τὴν
1462 2726 1815 2799 σωφροσύνην
1838 2727 1943 2781 ὑπὸ

361 2806 455 2860 τοῦ
511 2809 797 2881 Προφήτου
846 2809 1231 2884 ὠνομασμένη.
1261 2814 1470 2868 οὐκοῦν
1492 2816 1520 2869 ό
1562 2816 1801 2877 τοιοῦτος
1826 2816 1943 2887 βίος

362 2900 726 2969 προτιμητέος
767 2905 880 2965 τοῖς
929 2919 993 2971 γε
1028 2902 1151 2956 νοῦν
1186 2903 1423 2974 ἔχουσιν,
1461 2905 1521 2969 ὃς
1552 2907 1817 2979 κρείττων
1843 2910 1943 2980 τῆς

360 2988 454 3041 τοῦ
490 2986 717 3043 θανάτου
738 2989 1056 3055 δυναστείας
1080 2993 1245 3047 ἐστίν.
1284 2994 1348 3047 Ἠ
1369 2995 1477 3066 γὰρ
1504 2999 1789 3071 σωματικὴ
1816 3016 1943 3053 παι-

358 3078 571 3133 δοποιία
619 3080 736 3143 (καὶ
772 3080 962 3151 μηδεὶς
996 3082 1301 3155 δυαχερὰνῃ
1338 3083 1415 3155 τῷ
1443 3083 1608 3156 λόγῳ)
1650 3088 1713 3140 οὐ
1740 3089 1941 3159 μᾶλλον

361 3170 505 3241 ζωῆς
535 3172 568 3242 ἢ
609 3171 745 3225 ἀλλα
787 3172 1018 3227 θανάτου
1058 3177 1172 3239 τοῖς
1204 3175 1512 3246 ἀνθρώποις
1541 3179 1765 3253 ἀφορμὴ
1800 3182 1943 3251 γίνε-

358 3280 448 3317 ται
468 3280 486 3297 ο
518 3264 626 3318 ἀπὸ
656 3266 768 3336 γὰρ
790 3265 1055 3333 γενέσεως
1099 3267 1132 3336 ἡ
1174 3265 1350 3339 φθοράι
1375 3269 1473 3336 τὴν
1498 3270 1674 3341 ἀρχὴν
1702 3271 1848 3342 ἔχειν
1875 3269 1942 3346 ἧς

358 3356 410 3409 οί
444 3357 781 3426 παυσάμενοι
808 3356 901 3410 διὰ
922 3356 1021 3428 τῆς
1047 3358 1364 3429 παρθενίας,
1385 3360 1443 3412 ὲν
1474 3362 1685 3426 ἑαυτοῖς
1709 3364 1943 3435 ἔστησαν

358 3447 459 3519 τὴν
494 3445 589 3500 τοῦ
613 3446 844 3503 θανάτου
890 3450 1264 3521 περιγραφὴν,
1307 3453 1615 3523 περαιτέρω
1662 3456 1943 3522 προελθεῖν

358 3539 523 3592 αὐτὸν
557 3539 623 3593 δι’
646 3538 856 3593 ἑαυτῶν
887 3540 1248 3605 κωλύσαντες,
1273 3542 1368 3595 καὶ
1395 3543 1583 3617 ὥσπερ
1608 3563 1659 3600 τι
1694 3547 1942 3618 μεθόριον

360 3633 591 3687 θανάτου
639 3634 733 3687 καὶ
764 3631 911 3704 ζωῆς
932 3635 1143 3699 ἑαυτοῖς
1171 3637 1489 3706 στήσαντες,
1521 3638 1749 3710 ἐπέσχον
1781 3641 1942 3695 αὑτὸν

360 3725 460 3796 τῆς
484 3725 578 3778 ἐπὶ
594 3724 657 3778 τὸ
679 3724 870 3797 πρόσω
891 3727 1082 3794 φορᾶς.
1104 3728 1168 3780 Εἰ
1194 3723 1288 3781 οὖν
1314 3728 1375 3782 οὐ
1402 3728 1626 3783 δύναται
1651 3732 1942 3802 παρελθεῖν

360 3818 460 3889 τὴν
510 3818 809 3890 παρθενίαν
861 3819 891 3872 6
937 3818 1187 3883 θάνατος,
1237 3820 1353 3874 ἀλλ’
1386 3822 1445 3874 ὲν
1472 3823 1609 3893 αὑτῇ
1647 3824 1943 3896 καταλήγει

359 3909 455 3963 καὶ
504 3909 867 3974 καταλύεται,
906 3910 1096 3979 σαφῶς
1146 3910 1528 3965 ἀποδείκνυται
1579 3913 1640 3966 τὸ
1697 3918 1942 3986 κρεῖττον

358 3997 503 4055 εἶναι
522 4001 616 4054 τοῦ
642 4000 871 4055 θανάτου
900 4002 1001 4073 τὴν
1026 4003 1325 4073 παρθενίαν
1346 4021 1359 4035 ·
1388 4005 1482 4058 καὶ
1505 4005 1683 4070 καλῶς
1706 4007 1942 4080 ἄφθορον

356 4091 682 4163 ὀνομάζεται
716 4092 896 4164 σῶμα,
925 4094 987 4147 τὸ
1016 4094 1092 4165 μὴ
1113 4094 1467 4167 ὑπουργῆσαν
1492 4099 1555 4167 τῇ
1572 4097 1666 4151 τοῦ
1697 4099 1939 4171 φθαρτοῦ

360 4184 477 4255 βίου
521 4185 816 4257 ὑπηρεσία,
879 4186 1014 4257 μηδὲ
1060 4188 1161 4258 τῆς
1192 4188 1393 4260 θνητῆς
1430 4189 1680 4262 διαδοχῆς
1709 4192 1940 4265 ὄργανον

356 4275 608 4345 γενέσθαι
641 4276 1092 4348 καταδεξάμενον.

440 4367 530 4420 Ἑν
557 4366 732 4439 τούτῳ
758 4368 866 4440 γὰρ
902 4369 1128 4438 διεκόπη
1164 4370 1229 4423 τὸ
1267 4373 1490 4443 συνεχὲς
1528 4375 1625 4446 τῆς
1653 4375 1747 4430 τοῦ
1782 4378 1936 4447 φθεί-

2049 1893 2138 1947 ιιίε
2164 1909 2305 1964 opus
2333 1908 2457 1948 esse
2489 1892 2802 1947 mortalium
2838 1908 3130 1962 corporum
3168 1894 3646 1949 constitutionem?

2047 1998 2114 2039 ex
2160 1983 2395 2055 spiritali
2438 1999 2566 2039 vero
2614 1999 2917 2056 congressu
2968 1982 3268 2039 liberorum
3310 1988 3430 2041 loco
3472 1988 3640 2042 vitam

2047 2082 2101 2130 et
2134 2074 2604 2129 immortalitatem
2654 2075 2906 2146 acquiri:
2945 2083 3205 2146 recteque
3237 2076 3305 2131 ad
3363 2078 3467 2132 hoc
3508 2080 3639 2133 illud

2043 2165 2291 2236 Apostoli
2325 2167 2560 2237 quadrat
2588 2184 2601 2220 :
2662 2185 2680 2218 ι
2714 2164 3030 2222 Salvabitur
3059 2178 3241 2223 autem
3278 2184 3372 2239 per
3402 2170 3638 2223 liliorum

2043 2258 2457 2330 generationem
2492 2258 2536 2290 ¹¹
2563 2276 2583 2309 ι
2614 2266 2809 2322 mater,
2835 2275 2957 2329 qua:
2986 2258 3072 2313 his
3102 2258 3226 2314 ﬁliis
3257 2259 3478 2330 gaudet,
3503 2268 3562 2314 ut
3587 2261 3641 2315 in

2045 2348 2249 2407 divinis
2277 2350 2496 2422 hymnis
2517 2350 2858 2405 Psalmorum
2883 2361 3036 2407 vates
3066 2352 3153 2407 his
3184 2353 3365 2408 verbis
3400 2353 3598 2409 cecinit
3623 2371 3638 2409 :

2051 2461 2073 2497 ι
2110 2441 2214 2510 Qui
2258 2442 2505 2497 habitare
2540 2442 2671 2495 facit
2705 2442 2947 2497 sterilem
2974 2443 3028 2498 in
3053 2442 3218 2498 domo
3242 2454 3470 2498 matrem
3499 2444 3641 2498 ﬁlio-

2045 2549 2166 2589 rum
2198 2533 2465 2588 laetantem
2491 2536 2559 2588 ²².
2593 2552 2613 2586 ι
2639 2531 2778 2589 Vere
2799 2534 2945 2589 enim
2971 2549 3035 2588 ac
3074 2536 3246 2590 solide
3278 2536 3430 2605 virgo
3465 2544 3641 2589 mater

2043 2623 2261 2696 gaudet,
2284 2641 2405 2696 qua:
2431 2624 2661 2695 spiritus
2682 2640 2848 2695 opere
2878 2624 3215 2681 immortales
3238 2626 3439 2681 liberos
3469 2626 3633 2695 parit,

2044 2717 2250 2772 sterilis
2303 2717 2374 2772 ob
2446 2718 2863 2788 temperantiam
2930 2734 2960 2773 a
3027 2718 3300 2790 PrOpheta
3347 2720 3639 2789 appellata.

2043 2807 2207 2863 Certe
2258 2807 2530 2876 ejusmodi
2596 2809 2729 2873 vita,
2773 2824 2896 2880 quae
2959 2810 3071 2864 vim
3141 2812 3333 2867 mortis
3391 2820 3637 2882 supcrat,

2044 2900 2222 2969 potior
2246 2908 2331 2955 est
2380 2901 2448 2955 ab
2480 2902 2548 2955 iis
2591 2902 2859 2968 habenda,
2897 2902 2991 2974 qui
3029 2912 3209 2959 mente
3236 2904 3446 2974 praediti
3488 2913 3633 2959 sunt.

2041 2993 2320 3062 Corporea
2348 2992 2492 3047 enim
2524 2992 2819 3047 liberorum
2847 2996 3152 3063 procreatio
3177 3010 3286 3049 non
3321 2995 3445 3049 vita:
3465 2994 3642 3064 magis

2045 3082 2203 3153 (pace
2242 3084 2487 3136 etnuium
2542 3082 2751 3137 dictum
2793 3082 2886 3153 sit)
2951 3100 3116 3155 quam
3175 3084 3368 3139 mortis
3417 3085 3642 3139 occasio

2047 3174 2364 3229 hominibus
2417 3176 2636 3230 exsistit
2699 3194 2714 3231 :
2775 3177 3045 3248 siquidem
3124 3177 3191 3230 ab
3244 3184 3367 3230 ortu
3421 3176 3639 3231 initium

2045 3265 2209 3319 habet
2246 3265 2523 3327 interitus,
2557 3282 2587 3320 a
2617 3281 2729 3336 quo
2757 3267 3092 3339 virginitatis
3124 3282 3292 3321 causa
3316 3268 3407 3337 qui
3442 3269 3641 3321 immu-

2042 3373 2141 3414 nes
2178 3357 2345 3411 futuri
2393 3367 2543 3423 sunt,
2582 3360 2774 3414 mortis
2807 3360 2861 3414 in
2901 3376 2960 3416 se
2991 3359 3287 3415 terminum
3337 3359 3639 3414 conSIituc-

2041 3459 2193 3509 runt,
2229 3465 2353 3504 cum
2385 3452 2526 3504 ultra
2564 3449 2617 3504 in
2662 3467 2725 3506 se
2758 3452 2906 3505 illam
2942 3451 3191 3522 progredi
3230 3451 3634 3521 prohibuerint,

2041 3549 2096 3596 et
2144 3542 2267 3595 vitae
2294 3548 2347 3594 et
2376 3543 2571 3597 mortis
2596 3558 2657 3597 se
2707 3526 2865 3613 quasi
2924 3542 3185 3597 terminos
3236 3543 3453 3612 aliquos
3511 3558 3641 3597 cum

2045 3634 2495 3696 statuerint,eam
2522 3650 2653 3690 sane
2674 3637 3088 3701 continuerunt,
3115 3652 3182 3691 ne
3206 3637 3344 3689 ultra
3384 3651 3638 3705 prorum-

2043 3734 2213 3797 peret.
2248 3726 2388 3796 Ergo
2434 3729 2479 3782 si
2513 3728 2881 3800 virginitatem
2919 3745 3069 3785 mors
3094 3746 3358 3801 superare
3391 3745 3500 3783 non
3540 3745 3639 3799 po-

2044 3827 2171 3883 test,
2204 3819 2299 3873 sed
2342 3820 2465 3888 ejus
2512 3822 2695 3890 potius
2739 3822 2996 3892 praesidio
3037 3822 3128 3876 illa
3167 3822 3523 3877 concluditur
3561 3837 3630 3875 ac

2041 3910 2383 3975 dissolvitur,
2424 3912 2557 3966 illud
2603 3914 2898 3968 manifesto
2936 3928 3276 3986 compertum
3319 3924 3423 3975 est.
3464 3923 3640 3969 morte

2042 4001 2159 4071 ipsa
2221 4002 2592 4073 virginitatem
2644 4020 2766 4060 esse
2818 4006 3181 4075 potentiorem
3229 4025 3243 4060 :
3292 4006 3438 4060 unde
3490 4013 3639 4060 recte

2041 4095 2630 4164 corpusincorruptnm
2663 4103 2915 4161 vocatur,
2938 4095 3199 4165 quoniam
3223 4094 3445 4149 caducae
3470 4094 3640 4163 hujus

2038 4186 2161 4239 vitae
2182 4187 2393 4241 muneri
2420 4202 2596 4256 neque
2615 4202 2835 4257 operam
2859 4187 3131 4255 prmstitit,
3149 4202 3323 4257 neque
3350 4186 3452 4240 hoc.
3471 4187 3638 4242 etiam

2040 4276 2282 4343 admisit,
2326 4294 2387 4334 se
2405 4279 2653 4333 mortalis
2674 4278 3459 4349 posteritatisinstrumentum
3496 4279 3635 4335 ﬂeri.

2109 4384 2226 4442 Hoc
2246 4387 2392 4443 enim
2429 4398 2592 4460 pacto
2622 4399 2947 4460 perpetuum
2977 4390 3133 4445 illum
3159 4400 3215 4447 et
3239 4389 3635 4458 corrumpendi

358 4459 549 4528 ρεσθαι
601 4460 696 4513 καὶ
732 4460 1098 4532 ἀποθνήσκειν
1149 4462 1491 4530 ἀκολουθίας,
1522 4465 1660 4539 ὅπερ
1684 4468 1792 4522 ἀπὸ
1841 4468 1935 4522 τοῦ

2046 4486 2095 4534 ει
2125 4480 2393 4535 moriendi
2418 4459 2647 4538 cursum
2674 4484 2991 4555 interrupit,
3014 4485 3107 4555 qui
3141 4500 3171 4537 a
3196 4484 3375 4555 primo
3404 4491 3635 4553 parente

355 4550 784 4621 πρωτοπλάττου
812 4552 908 4605 καὶ
939 4553 1100 4625 μέχρι
1118 4554 1218 4625 τῆς
1235 4554 1329 4607 τοῦ
1348 4556 1776 4626 παρθενεύοντος
1797 4558 1944 4633 ζωῆς

352 4642 443 4696 διὰ
475 4643 640 4712 μέσου
666 4642 905 4713 γέγονεν.
926 4644 1061 4698 Οὐδὲ
1083 4644 1193 4717 γὰρ
1208 4641 1277 4717 ἦν
1300 4646 1523 4702 δυνατὸν
1552 4650 1793 4722 ἀργῆσαί
1811 4670 1941 4707 ποτε

354 4735 448 4789 τὸν
475 4736 726 4801 θάνατον,
756 4737 1154 4810 ἐνεργουμένης
1179 4737 1269 4792 διὰ
1293 4738 1389 4792 τοῦ
1405 4740 1585 4811 γάμου
1606 4745 1705 4814 τῆς
1734 4745 1918 4819 ἀνθρω

350 4828 520 4899 πίνης
537 4829 801 4897 γενέσεως
825 4845 841 4860 ’
866 4827 1007 4882 ἀλλὰ
1028 4830 1230 4894 πάσαις
1254 4834 1377 4896 ταῖς
1406 4834 1812 4905 προλαϐοῦσαις
1848 4856 1913 4908 γε

353 4910 968 4991 νεαῖςσυμπαροδεύων,
996 4921 1092 4973 xui.
1127 4924 1241 4985 τοῖς
1284 4923 1372 4976 ἀεὶ
1418 4927 1824 4997 παραγομένοις
1852 4931 1933 4993 είς

351 5010 443 5066 τδν
613 5010 1141 5082 συνδιεξερχόμενος,
1167 5012 1291 5079 ὅρον
1309 5013 1411 5082 τῆς
1437 5016 1714 5087 ἐνεργείας
1737 5020 1930 5074 ἑαυτοῦ

347 5101 449 5172 τὴν
478 5103 776 5171 παρθενίαν
818 5098 997 5174 εὗρεν,
1049 5103 1108 5156 ὃν
1149 5104 1439 5175 παρελθεῖν
1482 5108 1592 5161 τῶν
1634 5110 1931 5182 ἀμηχάνων

350 5192 517 5246 ἐστίν.
561 5192 773 5263 Ὠσπερ
799 5194 910 5265 γὰρ
935 5194 1031 5247 ἐπὶ
1058 5195 1156 5264 τῆς
1186 5195 1437 5250 θεοτόκου
1471 5201 1689 5272 Μαρίας
1716 5205 1744 5256 6
1775 5203 1930 5272 βασι-

350 5281 546 5348 λεύσας
574 5285 685 5339 ἀπὸ
742 5286 915 5357 Ἀδὰμ
960 5286 1152 5357 μέχρις
1204 5288 1418 5359 ἐκείνης
1463 5290 1713 5356 θάνατος,
1745 5296 1931 5368 ἐπειδὴ

351 5376 445 5428 καὶ
462 5376 582 5430 κατ’
602 5376 772 5448 αὐτὴν
786 5377 1026 5446 ἐγένετο,
1048 5379 1299 5451 καθάπερ
1316 5382 1424 5434 τινὶ
1440 5384 1615 5456 πέτρα
1633 5385 1712 5455 τῷ
1734 5389 1931 5460 καρπῷ

349 5466 449 5537 τῆς
471 5468 766 5537 παρθενίας
796 5471 1197 5540 προσπταίσας,
1242 5473 1370 5543 περὶ
1400 5473 1570 5545 αὐτὴν
1600 5480 1885 5550 συνετρίϐη
1912 5497 1925 5511 ο

349 5554 521 5621 οὕτως
579 5560 640 5612 ὲν
664 5559 818 5628 πασῃ
845 5559 990 5630 ψυχῇ
1020 5564 1087 5631 τῇ
1107 5559 1197 5614 διὰ
1220 5560 1519 5632 παρθενίας
1544 5564 1641 5636 τὴν
1673 5568 1731 5619 ἐν
1766 5571 1931 5641 σαρκὶ

422 5743 636 5800 "Joan.
670 5762 752 5815 tn,
776 5747 829 5802 6.
906 5750 946 5781 “
979 5752 999 5804 ι
1038 5752 1273 5807 Timotb.
1302 5771 1360 5818 ιι,
1407 5757 1489 5815 13.
1530 5759 1576 5790 ⁸⁸
1608 5757 1751 5815 Psal.
1790 5776 1922 5828 ειη,
1950 5763 2005 5821 9.

2048 4582 2227 4639 usque
2262 4570 2330 4624 ad
2372 4571 2691 4644 virginalem
2724 4576 2890 4629 vitam
2926 4591 3206 4645 nunquam
3235 4584 3321 4630 est
3359 4573 3637 4629 intermis-

2041 4675 2159 4715 sus.
2196 4659 2383 4732 Neque
2429 4664 2574 4719 enim
2606 4664 2724 4720 ﬁeri
2760 4674 2997 4735 poterat,
3031 4676 3088 4720 ut
3112 4665 3397 4720 hominum
3434 4680 3638 4735 genere

2039 4766 2071 4807 ε
2100 4752 2308 4822 nuptiis
2356 4763 2678 4824 procreato,
2721 4772 2874 4811 mors
2921 4772 3161 4821 unquam
3198 4765 3495 4821 cessasset,
3532 4757 3633 4813 sed

2039 4844 2360 4911 superiores
2387 4860 2581 4901 omnes
2642 4848 2927 4902 hominum
2964 4856 3156 4903 anates
3218 4859 3632 4918 praetergressi,

2038 4948 2165 4987 cum
2197 4933 2283 4990 bis
2313 4935 2479 4989 etiam
2510 4938 2604 5007 qui
2644 4937 2786 4992 hanc
2807 4939 2973 4992 vitam
3007 4937 3416 5009 ingrediuntur,
3461 4940 3629 4993 simul

2032 5023 2147 5093 jam
2172 5026 2261 5080 illa
2293 5043 2648 5097 percurrens,
2680 5032 3050 5101 virginitatem
3088 5033 3336 5087 muneris
3381 5033 3466 5085 sui
3515 5040 3631 5086 ter-

2040 5115 2249 5171 minum
2277 5118 2508 5184 invenit,
2545 5136 2706 5191 quem
2733 5138 2899 5193 porro
2934 5123 3215 5178 transilire
3250 5124 3465 5177 tliﬂicilc
3505 5133 3624 5179 est:

2038 5214 2299 5278 tanquam
2338 5210 2436 5267 Dei
2466 5214 2660 5270 matris
2698 5215 2879 5269 Mat-ite
2920 5224 3166 5283 tempore
3196 5215 3267 5269 ab
3292 5214 3503 5269 Adamo
3538 5232 3626 5272 us-

2037 5312 2143 5367 que
2179 5298 2247 5353 ad
2291 5315 2414 5356 eam
2458 5319 2688 5375 regnum
2734 5321 2884 5360 mors
2935 5305 3274 5361 obtinuerit:
3324 5316 3622 5377 posteaque

2037 5389 2149 5443 sola
2182 5390 2368 5456 eﬂlcit,
2401 5404 2480 5460 ut,
2509 5411 2635 5451 cum
2670 5407 2931 5468 tanquam
2986 5397 3055 5451 ad
3091 5396 3322 5468 lapidem
3377 5400 3618 5470 aliquem

2036 5482 2367 5554 virginitatis
2398 5487 2641 5545 fructum
2678 5506 2826 5547 mors
2852 5490 3163 5556 oll'enderit,
3195 5491 3248 5545 in
3270 5506 3333 5546 ea
3376 5493 3616 5546 contrita

2037 5575 2160 5630 sit:
2204 5576 2279 5632 ita
2334 5580 2485 5637 omni
2546 5584 2753 5654 animo,
2806 5585 2905 5657 qui
2974 5582 3304 5655 virginitatis
3360 5586 3617 5655 praesidio
