4124 6352
365 358 470 414 '58!

1655 368 1672 379 “
1700 363 1794 421 DE
1827 363 2296 423 Y-iRGlNiTATE.
2382 374 2389 380 '

3516 360 3629 414 εει

367 476 483 531 τῶν
514 479 580 531 δι’
615 479 828 544 ἐλπίδος
874 481 1250 553 ἀποκειμένων
1309 483 1531 552 ἀγαθῶν
1568 484 1944 554 γνωρίσματα.

2058 484 2261 546 aﬂ'erat,
2287 500 2414 554 qua:
2449 500 2515 540 ex
2553 500 2652 555 spe
2690 485 2850 540 nobis
2876 482 3156 555 proposita
3182 488 3237 534 et
3264 487 3451 550 parata
3477 489 3604 530 sunt

381 568 534 622 Ἔστι
559 570 614 623 δὲ
657 573 950 641 ἐπιγνῶναι
992 575 1090 646 τὴν
1115 575 1224 629 τῶν
1247 577 1554 648 εἰρημένων
1573 577 1832 648 ἀλήθειαν
1855 576 1949 628 τὸν

377 655 532 723 λόγον
575 659 1031 726 κατεξετάζοντας
1059 681 1073 694 ο
1103 665 1318 735 πρῶτον
1361 666 1460 736 μὲν
1503 667 1586 720 ὅτι
1609 669 1677 736 τῇ
1707 666 1952 737 ἁμαρτίᾳ

378 747 629 815 καθάπαξ
658 750 962 816 ἀποθανὼν,
985 752 1050 824 ζῇ
1071 755 1132 808 τὸ
1158 755 1342 811 λοιπὸν
1373 755 1452 827 τῷ
1470 756 1590 826 Θεῷ
1603 756 1784 810 οὐκέτι
1815 773 1950 826 καρ-

379 839 633 908 ποφορῶν
662 841 740 912 τῷ
767 842 1002 915 Θανάτῳ,
1040 847 1136 899 καὶ
1171 849 1294 902 ὅσον
1322 848 1383 901 τὸ
1419 849 1502 918 ἐφ’
1535 847 1717 918 ἐαυτῷ
1761 847 1947 900 πντέο

378 929 524 982 λειαν
550 932 650 1000 τῆς
680 935 822 988 κατά
855 936 1032 1008 σάρκα
1055 937 1198 1009 ζωῆς
1239 935 1296 992 ἐν
1325 941 1502 1012 ἐαυτῷ
1533 943 1785 1012 ποιήσας,
1814 943 1946 995 ἀνα-

382 1024 531 1092 μένει
574 1025 757 1080 λοιπὸν
805 1029 902 1097 τὴν
948 1032 1226 1101 μακαρίαν
1257 1032 1449 1087 ἐλπίδα
1495 1035 1587 1088 καὶ
1632 1037 1950 1104 ἐπιφάνειαν

379 1113 472 1166 τοῦ
507 1116 742 1184 μεγάλου
789 1118 946 1185 Θεοῦ,
973 1121 1124 1176 οὐδὲν
1172 1121 1443 1194 διάστημα
1467 1126 1669 1194 μεταξὺ
1699 1124 1863 1178 αὑτοῦ
1890 1141 1950 1178 τε

380 1207 473 1258 καὶ
499 1207 598 1276 τῆς
638 1210 940 1276 παρουσίας
980 1212 1074 1265 τοῦ
1126 1212 1264 1266 Θεοῦ
1294 1214 1383 1268 διὰ
1411 1215 1518 1269 τῶν
1539 1216 1627 1268 διὰ
1659 1216 1824 1286 μέσου
1853 1232 1949 1284 γε-

379 1298 514 1353 νεῶν
540 1301 922 1372 ἐργαζόμενος.
951 1301 1079 1358 Εἶτα
1100 1307 1128 1359 ὃ
1147 1323 1198 1359 τι
1227 1305 1498 1376 ἐξαίρετον
1523 1307 1632 1362 τῶν
1657 1309 1713 1360 ἐν
1737 1310 1802 1378 τῇ
1828 1310 1953 1362 ἀνα-

381 1392 564 1444 στάσει
599 1393 797 1460 καλῶν,
831 1397 924 1448 καὶ
957 1397 1014 1449 ἐν
1051 1397 1127 1467 τῷ
1156 1397 1380 1468 παρόντι
1407 1398 1710 1470 καρποῦται
1737 1399 1857 1468 βίῳ.
1887 1399 1951 1452 Ei

380 1482 489 1554 γὰρ
525 1485 810 1554 ίσάγγελος
831 1489 862 1557 ἡ
895 1487 1058 1559 ζωὴὴ
1091 1489 1228 1558 μετά
1245 1489 1344 1560 τὴν
1362 1491 1657 1544 ἀνάστασιν
1688 1490 1837 1562 παρά
1857 1490 1950 1544 τοῦ

379 1575 584 1644 Κυρίου
613 1579 722 1640 τοῖς
773 1577 999 1641 δικαίοις
1041 1579 1370 1649 ἐπήγγελται
1389 1597 1405 1613 ο
1445 1581 1545 1651 τῆς
1573 1581 1627 1634 δέ
1657 1581 1953 1651 ἀγγελικῆς

381 1665 594 1731 φύσεως
637 1667 764 1720 ῐδιον
808 1668 869 1720 τὺ
903 1669 1246 1739 ἀπηλλάχθαι
1276 1671 1372 1722 τοῦ
1418 1672 1596 1741 γάμου
1631 1671 1777 1724 ἐστίν
1798 1689 1813 1703 ο
1847 1671 1947 1742 ἥδη

379 1757 623 1810 δέδεκται
662 1760 729 1812 τὰ
756 1759 855 1828 τῆς
900 1760 1233 1828 ἐπαγγελίας
1269 1761 1429 1822 καλὰ.
1460 1765 1579 1826 ταῖς
1607 1761 1952 1833 λαμπρότησι

2049 576 2127 628 Ae
2157 575 2439 630 veritatem
2467 590 2662 630 eorum
2707 592 2839 647 qua:
2871 575 3136 636 diximus.
3174 572 3487 643 perspicere
3543 577 3624 620 ut

2047 667 2297 720 oratione
2345 667 2744 722 enuntianda:
2779 667 3018 737 primum
3056 663 3211 719 enim
3253 661 3480 732 quidem
3529 660 3626 726 qui

2049 763 2275 823 peccato
2299 770 2530 826 prorsus
2559 757 2813 818 moritur,
2845 754 2960 810 Deo
2997 755 3052 809 is
3083 766 3251 822 pom
3297 748 3454 814 vivit,
3495 763 3623 802 cuni

2053 845 2261 899 nullum
2291 847 2526 916 atnplius
2553 847 2717 901 mor-ti
2743 847 2986 902 fructum
3027 846 3486 914 pariat;cumque
3501 840 3626 893 vitae

2053 935 2240 1004 hujus,
2261 952 2382 1007 qua:
2411 938 2711 993 secundum
2742 952 2961 993 carnem
2995 934 3302 990 traducitur
3345 946 3447 1001 pro
3496 930 3628 983 viri-

2053 1029 2088 1082 li
2117 1030 2642 1084 consummationem
2675 1029 2984 1100 perfecerit,
3014 1028 3228 1082 beatam
3267 1038 3433 1094 porro
3474 1035 3626 1090 spem

2051 1128 2216 1187 atque
2249 1120 2540 1174 adventum
2587 1121 2768 1189 magni
2801 1119 2893 1174 Dei
2938 1125 3263 1194 exspectat,
3304 1130 3404 1170 nec
3453 1113 3627 1167 ullum

2049 1207 2194 1263 inter
2227 1223 2286 1263 se
2317 1208 2523 1278 Deique
2549 1209 2838 1263 adventum
2859 1223 2954 1277 per
2982 1205 3294 1274 interiectas
3317 1201 3629 1272 generatio-

2051 1314 2151 1354 nes
2191 1299 2478 1354 constituit
2530 1299 2894 1354 intervallum.
2931 1297 3134 1351 Deinde
3173 1310 3296 1364 qua:
3330 1293 3382 1346 in
3443 1306 3628 1346 resur-

2054 1393 2296 1446 rectione
2327 1390 2564 1444 maxime
2596 1391 2862 1460 praecipua
2913 1387 3054 1441 bona
3104 1393 3254 1448 sunt,
3294 1384 3363 1438 iis
3420 1381 3474 1435 in
3530 1381 3630 1433 hac

2051 1483 2162 1539 vita
2193 1482 2413 1538 fruitur.
2455 1482 2513 1536 Si
2545 1483 2691 1536 enim
2723 1483 2832 1536 vita
2883 1480 3200 1550 angelorum
3257 1475 3455 1530 sinnlis
3510 1479 3634 1544 post

2053 1573 2517 1628 resurrectionem
2547 1586 2578 1624 a
2609 1571 2719 1625 Deo
2746 1570 2911 1640 justis
2936 1569 3070 1622 viris
3096 1565 3456 1636 promittitur,
3497 1559 3629 1620 illud

2053 1667 2372 1734 angelorum
2405 1673 2615 1718 natura:
2645 1662 2924 1733 prOprium
2954 1669 3058 1721 est,
3089 1665 3148 1712 ut
3191 1657 3303 1712 sint
3345 1671 3374 1708 a
3419 1652 3631 1722 nuptiis

2055 1753 2241 1808 alieni.
2301 1751 2421 1806 Jam
2477 1749 2861 1821 promissionis
2905 1748 3128 1818 prarmia
3178 1745 3227 1800 is
3263 1744 3491 1813 accepit,
3536 1738 3631 1810 qui

378 1849 487 1902 τῶν
527 1849 697 1917 ἁγίων
753 1852 1212 1921 ἀναμιγνύμενος,
1265 1854 1362 1906 καὶ
1408 1852 1486 1924 τῷ
1527 1830 1812 1924 άμολύντιρ
1852 1830 1951 1924 τῆς

2058 1851 2374 1899 sanctorum
2441 1843 2684 1896 virorqu
2745 1839 3133 1910 splendoribns
3197 1837 3361 1890 simul
3437 1833 3632 1895 eluxit,

381 1939 526 2009 ζωῆς
580 1940 679 2011 τὴν
708 1941 1056 2012 καθαρότητα
1100 1943 1207 1996 τῶν
1250 1945 1557 2014 ἀσωμάτων
1595 1945 1946 2016 μιμούμενος.

380 2031 442 2084 Ei
467 2027 560 2084 οὖν
588 2031 790 2084 τούτων
837 2032 931 2084 καὶ
981 2031 1088 2085 τῶν
1117 2033 1370 2087 τοιούτων
1413 2035 1442 2104 ἡ
1473 2033 1734 2104 παρθενία
1764 2034 1952 2102 γέγονε

380 2124 656 2194 πρόξενος.
688 2124 770 2200 ζείς
819 2125 914 2194 μὲν
963 2123 1118 2192 λόγος
1161 2124 1398 2189 ἐπαξίως
1439 2126 1539 2198 τὴν
1565 2127 1724 2196 χάριν
1750 2128 1952 2195 ταύτην

381 2210 718 2280 θαυμάσεται
747 2228 762 2276 ;
816 2213 881 2264 Τί
937 2213 994 2264 δὲ
1048 2213 1222 2266 ἄλλων
1253 2213 1362 2267 τῶν
1390 2217 1488 2285 τῆς
1524 2215 1700 2285 ψυχῆς
1731 2215 1952 2282 ἀγαθῶν

378 2299 518 2359 ιῦτω
549 2302 847 2371 φανήσεται
883 2303 1024 2372 μέγα
1054 2304 1148 2354 καὶ
1184 2303 1386 2372 τίμιον,
1429 2305 1503 2368 ὼς
1536 2308 1603 2377 τῇ
1653 2306 1952 2376 τελειότητι

378 2392 548 2463 ταύτῃ
583 2393 961 2465 παρισωθῆναι
988 2394 1076 2448 διά
1109 2397 1487 2468 συγκρίσεως;

975 2595 1222 2649 ΚΕΨΔΛ.
1253 2597 1352 2652 1Δ’.

377 2703 509 2758 ’Ὀτι
548 2705 586 2772 ἠ
614 2704 848 2774 ἀληθὴς
883 2708 1291 2782 παρθενὶαῌέν
1317 2709 1496 2763 παντί
1534 2709 1951 2782 ἐπιτηδεύματι

1003 2779 1316 2846 θεωρεῖται.

463 2865 602 2918 ’Δλλ’
628 2867 676 2918 εί
716 2868 1073 2938 κατείληπται
1119 2872 1249 2940 ἡμῖν
1284 2872 1316 2940 ἠ
1359 2871 1630 2943 ὑπερϐολὴ
1663 2873 1758 2926 τοῦ
1791 2875 1946 2945 χαρί-

382 2974 604 3026 σματος,
635 2961 862 3012 συνιδεῖν
888 2963 1153 3032 προσήκει
1197 2964 1372 3016 καὶτὸ
1409 2965 1717 3029 ἀκόλουθον,
1747 2967 1828 3020 ὅτι
1856 2968 1955 3038 οὐχ

382 3047 605 3110 ἁπλοῦν,
633 3048 707 3111 ὼς
735 3050 799 3103 ἄν
823 3067 906 3112 τις
921 3050 1148 3121 οίηθείη,
1170 3051 1231 3103 τὸ
1257 3052 1585 3123 κατόρθωμα
1608 3053 1764 3107 τοῦτό
1784 3056 1952 3117 ἐστιν,

2052 1936 2215 2003 quive
2242 1933 2407 1986 nullis
2438 1933 2560 1985 vitae
2585 1930 2844 1986 sordibus
2873 1945 3085 1993 eorum,
3132 1927 3225 1998 qui
3272 1939 3503 1995 corpore
3540 1938 3635 1979 ca-

2055 2033 2194 2087 rent,
2229 2039 2421 2092 puram
2457 2033 2541 2078 est
2572 2029 2822 2076 naturam
2862 2021 3126 2078 imitatus.
3165 2005 3535 2084 Quamobrem
3584 2013 3634 2068 si

2054 2115 2246 2168 harum
2301 2123 2732 2183 cauerat-umque
2776 2112 3090 2182 hujustnodi
3123 2125 3302 2165 rerum
3354 2105 3635 2176 virginitas

2055 2207 2391 2261 conciliatrix
2423 2214 2527 2271 est,
2558 2221 2678 2276 qua:
2709 2220 2840 2260 sane
2877 2203 3051 2260 oratio
3073 2201 3238 2271 hujus
3270 2200 3514 2254 muneris
3532 2199 3632 2251 ad-

2054 2300 2399 2354 mirationem
2428 2298 2869 2355 satisexcitabit?
2899 2296 3030 2362 Qua:
3051 2296 3263 2364 reliqua
3291 2293 3457 2347 animi
3491 2292 3636 2346 bona

2052 2397 2126 2448 ita
2158 2407 2375 2463 magna,
2407 2401 2570 2460 atque
2600 2391 2736 2444 adeo
2766 2389 3005 2458 perfecta
3030 2388 3378 2450 videbuntur,
3407 2393 3463 2437 ut
3487 2398 3639 2436 cotu-

2055 2483 2336 2540 Daratione
2369 2481 2533 2545 facta,
2564 2480 2892 2551 perfectioni
2944 2479 3071 2534 huic
3099 2479 3383 2548 adarqttata
3414 2473 3566 2530 sint?
3603 2463 3610 2468 ’

2640 2591 2867 2646 CAPUT
2901 2590 3039 2645 XIV.

2155 2701 2220 2757 In
2255 2704 2495 2758 erunibus
2527 2702 2720 2758 studiis
2755 2719 2878 2757 cera
2923 2701 3204 2771 virginitas
3237 2708 3528 2768 spectatur.

2125 2854 2231 2909 Sed
2268 2857 2313 2910 si
2367 2855 2531 2924 hujus
2583 2853 2825 2908 uulneris
2859 2853 3174 2924 praestantia
3203 2868 3232 2905 a
3266 2851 3426 2906 nobis
3475 2866 3634 2905 cout-

2053 2958 2206 3018 perta
2232 2961 2336 3011 est,
2371 2948 2503 3001 illttd
2529 2962 2662 3001 sane
2692 2947 2879 3010 etiam,
2913 2944 3060 3016 quod
3093 2945 3365 3013 sequitur,
3415 2942 3637 3011 expedit

2056 3050 2114 3094 ut
2140 3041 2529 3109 intelligamus,
2561 3040 2819 3108 quoniam
2850 3053 2958 3092 nor.
2986 3037 3219 3104 simplex
3249 3045 3354 3098 est,
3388 3041 3447 3088 ut
3470 3033 3638 3087 alicui

381 3137 501 3189 οὐδὲ
537 3137 699 3208 μέχρι
736 3139 844 3193 τῶν
880 3141 1143 3210 σωμάτων
1175 3142 1480 3212 ἱστάμενον,
1516 3144 1629 3196 ἀλλ’
1659 3145 1750 3199 ἐπὶ
1777 3147 1952 3200 πάντα

2060 3132 2199 3186 forte
2233 3133 2502 3195 videatur,
2536 3132 2640 3187 hoc
2669 3131 2972 3202 perfectum
3002 3130 3337 3197 virginitatis
3368 3128 3632 3190 oiiicium,

380 3226 565 3296 διῆκον
601 3229 695 3280 καὶ
733 3229 1005 3283 διαϐαῖνον
1045 3233 1112 3302 τῇ
1150 3233 1383 3302 ἐπινοίᾳ,
1419 3234 1520 3286 ὅσα
1549 3235 1951 3306 κατορθώματα

383 3318 556 3387 ψυχῆς
584 3318 700 3372 ἔστι
731 3319 824 3371 καὶ
856 3320 1151 3388 νομίζεται.
1197 3323 1262 3375 Ἦ
1309 3324 1420 3392 γὰρ
1443 3323 1522 3394 τῷ
1553 3324 1788 3395 ἀληθινῷ
1821 3345 1954 3396 νυμ-

385 3407 491 3477 φίῳ
527 3409 988 3479 πρσσκολληθεῖσα
1018 3411 1106 3464 δια
1137 3412 1434 3481 παρθενίας
1481 3413 1649 3484 ψυχὴ,
1696 3417 1756 3468 οὗ
1794 3416 1953 3485 μόνον

383 3501 490 3552 τῶν
521 3499 846 3569 σωματικῶν
878 3500 1232 3571 μολυσμάτων
1263 3502 1460 3571 ἑαυτὴν
1492 3504 1811 3575 ἀποστήσει,
1839 3505 1952 3559 ἀλλ’

385 3590 632 3642 ἐντεῦθεν
679 3591 776 3660 μὲν
821 3591 1040 3661 ἄρξεται
1080 3595 1178 3662 τῆς
1209 3593 1598 3664 καθαρότητος,
1647 3597 1739 3650 ἐπὶ
1779 3597 1954 3650 πάντα

384 3682 440 3734 δὲ
471 3681 670 3750 ὁμοίως
713 3682 805 3734 καὶ
843 3682 980 3752 μετά
1018 3682 1117 3751 τῆς
1158 3684 1274 3753 ἴσης
1315 3684 1612 3754 ἀσφαλείας
1643 3687 1952 3756 πορεύεται,

386 3771 478 3823 καὶ
509 3770 776 3823 δεδοικυῖα
818 3771 997 3840 μήπου
1032 3772 1125 3840 τῆς
1160 3772 1382 3843 καρδίας
1411 3773 1563 3844 παρὰ
1593 3773 1655 3826 τό
1686 3773 1802 3828 δέον
1832 3777 1954 3828 ἐπι-

387 3859 679 3930 κλιθείσης,
708 3859 944 3930 πονηροῦ
972 3877 1112 3923 τινος
1147 3862 1398 3932 κοινωνία
1422 3863 1666 3933 μοιχικὸν
1703 3881 1755 3917 τι
1787 3865 1955 3928 πάθος

388 3951 526 4002 κατά
581 3949 641 4000 τὸ
689 3949 850 4019 μέρος
886 3950 1058 4002 ἐκεῖνο
1121 3951 1497 4022 προσδέξηται.
1549 3947 1674 4006 Οἷόν
1711 3971 1763 4006 τι
1813 3953 1956 4021 λέγω

389 4041 570 4109 (πάλιν
592 4040 699 4111 γὰρ
751 4039 839 4092 τὸν
885 4040 1040 4108 λόγον
1070 4041 1526 4112 ἐπαναλήψομαι)“
1562 4042 1628 4096 Ἡ
1667 4044 1741 4114 τῷ
1770 4045 1956 4116 Κυρίῳ

387 4129 846 4200 προσκολληθεῖσα
883 4130 1029 4200 ψυχὴ
1065 4133 1143 4193 είς
1172 4131 1232 4183 τὸ
1262 4132 1512 4198 γενέσθαι
1550 4134 1682 4206 πρὸς
1707 4134 1866 4186 αὐτὸν
1898 4137 1956 4188 ἓν

389 4218 625 4288 πνεῦμα,
653 4219 899 4288 καθάπερ
930 4219 1218 4288 ὁμολογίαν
1241 4221 1358 4273 τινὰ
1390 4221 1760 4293 συμϐιωτικὴν
1791 4240 1958 4276 κατα-

390 4311 588 4380 θεμένη
623 4311 682 4362 τὸ
718 4311 874 4380 μόνον
908 4313 1112 4363 ἐκεῖνον
1145 4312 1362 4382 ἀγαπᾷν
1393 4313 1452 4376 ἐξ
1482 4312 1608 4382 ὅλης
1647 4314 1873 4384 καρδίας
1897 4332 1956 4368 τε

391 4402 484 4453 καὶ
527 4401 826 4470 δυνάμεως,
873 4400 994 4454 οὔτε
1023 4405 1086 4472 τῇ
1127 4403 1352 4474 πορνείᾳ
1403 4405 1953 4476 προσκολληθήσεται,

2058 3240 2235 3294 neque
2289 3224 2342 3277 iu
2396 3239 2626 3291 corpore
2677 3223 2858 3278 solum
2909 3221 3184 3283 consistit,
3243 3219 3338 3275 sed
3381 3219 3640 3290 opinione

2059 3317 2219 3372 etiam
2261 3317 2326 3370 ad
2373 3318 2555 3368 omnia
2591 3313 2839 3383 pervenit
2879 3327 2942 3366 ac
2989 3315 3242 3381 pertinet,
3297 3325 3643 3380 qumcunqne

2062 3417 2206 3464 recta
2241 3409 2408 3462 animi
2443 3407 2613 3461 oiiicia
2645 3413 2855 3460 etsunt
2886 3413 2939 3459 et
2973 3389 3265 3458 habentur.
3297 3404 3429 3458 Nam
3466 3403 3636 3472 virgi-

2060 3503 2247 3554 nitatis
2277 3500 2530 3570 przcsidio
2577 3499 2794 3554 animus
2843 3514 2966 3552 cum
3009 3513 3141 3552 vero
3170 3512 3372 3566 sponso
3399 3496 3641 3564 conjun-

2061 3603 2184 3648 ctus
2219 3609 2326 3646 non
2360 3607 2390 3645 a
2420 3591 2701 3660 corporeis
2733 3590 2895 3643 modo
2923 3590 3180 3656 sordibus
3205 3606 3264 3644 se
3306 3590 3424 3657 ipse
3461 3603 3641 3641 remo-

2061 3687 2230 3751 vebit,
2280 3685 2374 3741 sed
2413 3686 2540 3740 inde
2573 3687 2734 3739 etiam
2772 3685 3052 3754 profectus
3077 3685 3142 3738 ad
3186 3683 3508 3738 munditiem
3545 3698 3640 3752 ag-

2061 3779 2360 3849 gredietur.
2408 3781 2472 3833 ad
2505 3781 2797 3848 Ottllliﬂque
2828 3779 2942 3848 pari
2978 3779 3105 3832 itctn
3155 3777 3450 3832 securitate
3501 3775 3636 3829 ibit:

2063 3869 2193 3922 illud
2220 3875 2400 3922 tamen
2451 3868 2907 3938 pertimescendo,
2943 3885 3010 3921 ne
3042 3867 3229 3936 aliquo
3261 3866 3422 3920 modo
3458 3863 3524 3916 ad
3561 3863 3640 3917 rei

2063 3974 2242 4028 pravae
2272 3959 2588 4013 societatem
2629 3959 2795 4012 corde
2839 3959 2981 4026 plus,
3012 3973 3174 4026 quam
3211 3971 3310 4026 par
3339 3966 3444 4015 est,
3481 3953 3641 4008 incli-

2063 4059 2212 4114 nato,
2242 4050 2582 4104 alicctiouem
2614 4049 2853 4119 aliquant
2889 4066 2954 4102 ex
2989 4065 3054 4101 ca
3093 4056 3246 4116 parte
3274 4045 3636 4100 adulteriuatn

2062 4142 2261 4210 capiat.
2294 4139 2454 4194 Ἶρι-υἱ
2485 4140 2660 4210 gratia
2696 4141 3038 4208 (sermonem
3071 4139 3214 4192 enim
3257 4152 3450 4190 rursus
3486 4149 3641 4204 repe-

2063 4236 2224 4297 tam).
2285 4235 2502 4286 animus
2548 4233 2638 4300 qui
2695 4247 2817 4286 cum
2869 4232 3095 4284 Doruiuo
3142 4229 3368 4298 junctus
3417 4237 3522 4289 cst,
3578 4234 3640 4280 ut

2063 4339 2208 4378 unus
2243 4323 2307 4376 ad
2343 4339 2464 4377 cum
2517 4322 2747 4389 Spiritus
2778 4321 3060 4384 elliriatur,
3109 4333 3343 4388 cumque
3376 4325 3637 4386 tanquam

2065 4413 2282 4483 aliquod
2320 4414 2628 4466 conununis
2670 4412 2795 4465 vita:
2826 4421 3040 4480 pactum
3077 4426 3200 4466 cum
3233 4425 3298 4465 eo
3330 4409 3538 4470 fecerit,
3578 4416 3638 4463 ut

391 4493 474 4544 ἵνα
541 4492 614 4561 μὴ
653 4492 874 4560 γένηται
909 4492 1066 4562 σῶμα
1098 4493 1154 4544 ἓν
1177 4493 1311 4562 πρὸς
1359 4494 1526 4563 αὐτὴν
1546 4513 1559 4526 ο
1604 4495 1726 4548 οὔτε
1756 4496 1882 4550 ἄλλο
1905 4514 1955 4550 τι

2064 4515 2177 4559 toto
2208 4505 2374 4559 corde
2400 4504 2719 4572 viribusque
2752 4519 2875 4556 eum
2921 4503 3096 4557 solum
3133 4503 3342 4572 diligat,
3377 4519 3482 4556 non
3510 4517 3639 4556 cum

390 4584 496 4634 τῶν
527 4580 910 4649 ἀντικειμένων
943 4584 1008 4651 τῇ
1041 4583 1282 4653 σωτηρίᾳ
1315 4584 1682 4654 προσδέξεται,
1717 4585 1792 4649 ῶς
1829 4587 1956 4656 μιᾶς

389 4671 554 4740 οὔσης
582 4673 637 4722 ἐν
668 4672 836 4724 ἆπασι
865 4673 962 4740 τῆς
994 4671 1101 4724 τῶν
1131 4674 1452 4743 μιασμάτων
1495 4677 1804 4747 κοινότητος
1824 4695 1837 4708 ·
1868 4677 1962 4730 καὶ

391 4765 439 4814 εἰ
470 4762 535 4814 δι’
569 4763 684 4826 ἑνός
714 4779 855 4825 τινος
885 4763 1193 4836 μολυνθείη,
1233 4767 1427 4836 μηκέτι
1461 4767 1521 4820 τὸ
1548 4768 1771 4821 άσπιλον
1815 4769 1961 4840 ἔχειν

390 4856 460 4906 ἐν,
483 4856 645 4924 ἑαυτῇ
681 4854 975 4925 δυναμένη.
1007 4857 1162 4909 Ἐστι
1212 4857 1268 4910 δὲ
1313 4860 1404 4912 καὶ
1441 4859 1506 4912 δι’
1548 4861 1960 4931 ὑποδειγμάτων

390 4946 768 5015 τεκμηριῶσαι
801 4947 890 4999 τὸν
918 4947 1094 5014 λόγον.
1125 4948 1334 5019 Ὥσπερ
1362 4949 1422 5002 τὸ
1449 4952 1506 5002 ἐν
1533 4954 1600 5022 τῇ
1633 4951 1794 5022 λίμνῃ
1819 4952 1963 5025 ὕδωρ

391 5034 525 5096 τέως
561 5035 659 5103 μὲν
683 5033 822 5087 λεῖόν
846 5038 959 5088 ἐστι
990 5037 1082 5089 καὶ
1107 5038 1382 5107 ἀκίνητον,
1406 5040 1452 5091 εί
1487 5041 1721 5110 μηδεμία
1754 5059 1836 5105 τις
1855 5044 1964 5096 τῶν
2026 5043 2028 5045 ’

393 5125 590 5188 ἔξωθεν
629 5127 836 5196 ταραχὴ
875 5127 1254 5198 προσπεσοῦσα
1287 5129 1346 5181 τὸ
1380 5131 1643 5201 σταθηρδν
1675 5133 1766 5186 τοῦ
1797 5135 1963 5189 τόπου

393 5214 716 5283 διακινήσειε
737 5231 750 5242 ·
776 5215 921 5267 λίθον
948 5216 1004 5268 δέ
1029 5233 1172 5279 τινος
1187 5220 1512 5287 ἐμπεσόντος
1541 5225 1604 5291 τῇ
1637 5222 1819 5296 λίμνῃ,
1845 5225 1964 5278 ὅλον

400 5305 716 5377 συνεκινήθη
748 5305 824 5375 τῷ
860 5306 1013 5377 μέρει
1039 5325 1051 5336 ·
1082 5311 1109 5360 ό
1141 5309 1238 5378 μὲν
1268 5312 1372 5380 γάρ
1400 5312 1502 5365 ὑπὸ
1535 5312 1626 5366 τοῦ
1663 5313 1860 5386 βάρους
1886 5318 1965 5381 εἰς

396 5396 485 5447 ⁵ὢν
517 5396 676 5463 βυθὸν
723 5398 1081 5452 καταδύεται·
1133 5401 1238 5453 τῶν
1267 5401 1320 5453 δὲ
1355 5404 1481 5468 περὶ
1517 5405 1676 5458 αὑτὸν
1707 5407 1964 5477 κυμάτων

402 5487 738 5559 κυκλοτερῶς
765 5490 822 5541 ὲν
851 5490 1027 5555 ἄλλοις
1062 5494 1440 5564 ἐγειρομένων,
1484 5495 1575 5546 καὶ
1608 5497 1697 5549 ἐπὶ
1727 5498 1794 5551 τὰ
1821 5499 1964 5568 ἄκρα

401 5577 494 5633 ἰσῦ
528 5580 714 5645 ὕδατος
739 5584 842 5635 ὑπὸ
871 5584 965 5653 τῆς
997 5586 1053 5637 ἐν
1081 5585 1157 5655 τῷ
1186 5587 1332 5656 μέσῳ
1359 5588 1622 5656 κινήσεως
1654 5588 1961 5660 ἐξωθουμέ-

469 5740 543 5809 (ali
579 5739 672 5794 llic
715 5743 866 5795 locus
892 5750 1180 5813 corruptus
1215 5751 1299 5798 cst
1337 5743 1392 5799 in
1435 5742 1623 5800 codice
1649 5744 1859 5800 erco.

2063 4595 2425 4650 fornicatione
2454 4610 2575 4648 sese
2606 4595 3027 4662 conglutiuahit,
3082 4610 3150 4649 ne
3183 4609 3350 4648 unmn
3386 4610 3509 4648 cum
3546 4594 3640 4649 illa

2063 4700 2263 4755 corpus
2302 4685 2430 4751 tiat;
2461 4701 2634 4753 neque
2663 4700 2787 4737 cum
2829 4684 2955 4737 ullis
2997 4685 3180 4747 rebus,
3211 4701 3332 4755 quae
3361 4684 3524 4738 saluti
3555 4701 3640 4737 rc-

2065 4783 2330 4846 pugnent.
2368 4774 2687 4830 societatem
2731 4775 2908 4840 inibit,
2937 4776 3096 4845 quasi
3139 4791 3243 4828 una
3285 4774 3356 4828 sit
3382 4773 3642 4827 omnibus

2064 4867 2120 4921 in
2180 4866 2346 4921 rebus
2402 4865 2778 4936 impuritatum
2841 4865 3209 4920 communitas
3267 4864 3384 4936 (a):
3449 4865 3640 4935 sicque

2064 4956 2230 5011 unius
2269 4955 2506 5024 alicujus
2544 4955 2768 5010 sceleris
2805 4955 2923 5034 labe
2952 4957 3357 5011 contaminatus
3385 4965 3493 5018 est,
3528 4974 3638 5012 non

2065 5051 2235 5120 possit
2264 5065 2380 5103 eam
2409 5050 2461 5102 in
2493 5067 2550 5104 se
2584 5057 2920 5102 contractam
2960 5049 3132 5102 labem
3166 5048 3401 5116 amplius
3431 5049 3636 5103 cinere.

2065 5139 2229 5208 Atqui
2284 5138 2548 5207 exentplis
2585 5138 2635 5190 id
2687 5137 2830 5206 quod
2884 5137 3121 5190 dicimus
3168 5147 3352 5205 aperte
3398 5137 3642 5194 indicare

2067 5231 2232 5285 licet:
2280 5230 2444 5282 veluti
2487 5229 2540 5282 iu
2576 5238 2770 5299 stagno
2801 5244 2940 5298 aqua
2979 5243 3114 5297 pura
3144 5237 3309 5297 atque
3343 5229 3644 5286 immobiiis

2069 5330 2273 5381 manet.
2307 5320 2410 5376 nisi
2446 5321 2626 5391 aliqua
2684 5321 3031 5376 extrinsecus
3059 5321 3396 5391 perturbatio
3426 5322 3638 5389 incidit,

2071 5429 2192 5483 quae
2226 5413 2372 5468 illius
2399 5423 2604 5467 mottnn
2663 5414 2863 5481 agitet;
2914 5413 2959 5468 si
3000 5422 3181 5467 autem
3216 5414 3354 5485 lapis
3385 5414 3635 5469 inciderit

2072 5506 2295 5576 aliquis,
2341 5513 2514 5559 totum
2564 5521 2670 5559 una
2703 5520 2826 5559 cum
2882 5516 3035 5576 parte
3067 5514 3479 5572 commovetur;
3515 5523 3640 5560 nam

2072 5611 2183 5665 pra:
2227 5595 2512 5665 gravitate,
2553 5602 2605 5650 ct
2640 5596 2875 5668 pondere
2914 5597 2968 5650 iu
3010 5595 3174 5650 imum
3226 5597 3492 5666 gurgitem
3551 5596 3638 5653 itte
