4124 6352
499 348 611 407 385

499 561 693 608 mutuo
715 552 991 608 ducantur
1016 594 1032 618 ,
1068 553 1362 625 medioque
1390 562 1544 610 motu
1588 555 1808 625 impulsi
1840 555 1896 610 in
1929 570 2085 611 sum-

500 656 650 696 mum
680 656 839 712 aqua:
872 650 1064 699 :estmu
1093 652 1405 714 erutnpant,
1437 646 1621 702 omnis
1649 659 1864 701 summa
1901 645 2083 717 stagni

499 747 666 805 aqua,
696 748 824 789 cunt
868 736 974 789 ima
1004 751 1132 806 pars
1165 744 1312 791 mota
1343 736 1438 800 sit,
1468 745 1702 793 mstuum
1733 737 1942 792 ambitu
1965 738 2084 809 agi-

498 831 679 893 tatur;
721 826 836 896 pari
868 827 1083 883 ratione
1112 828 1486 898 tranquillitas
1512 837 1567 884 et
1602 829 1773 884 animi
1804 830 1984 900 quies,
2034 830 2083 887 si

498 931 648 973 unus
681 917 880 989 aliquis
904 916 1139 974 all'ectus
1184 917 1241 972 in
1271 933 1398 973 eum
1457 918 1710 982 invadat,
1761 926 1874 974 tota
1918 920 2084 975 simul

496 1010 848 1072 concutitur.
881 1016 936 1064 et
973 1008 1148 1080 partis
1182 1009 1570 1066 detrimentum
1606 1025 1715 1065 una
1744 1011 1912 1064 etiam
1956 1026 2085 1065 sen-

498 1100 588 1155 tit.
629 1099 1078 1156 Commemorant
1129 1101 1278 1156 enim
1339 1101 1398 1167 ii,
1433 1102 1527 1172 qui
1586 1103 1705 1157 haec
1757 1102 1876 1173 ipsa
1925 1103 2084 1158 inda-

496 1197 719 1261 garunt,
745 1189 977 1245 virtutes
1020 1190 1165 1245 inter
1214 1206 1276 1247 se
1315 1191 1541 1248 minime
1576 1190 1887 1263 disjunctas
1917 1208 2081 1260 esse;

496 1295 678 1352 neque
709 1280 825 1337 ﬁeri
857 1296 1042 1352 posse,
1078 1291 1137 1337 ιιι
1168 1284 1265 1354 qui
1301 1284 1468 1339 unius
1496 1284 1770 1340 rationem
1796 1284 2085 1356 diligenter

499 1383 872 1446 accurateque
896 1376 1253 1446 percurrerit,
1278 1383 1507 1432 caeteras
1532 1392 1754 1449 quoque
1779 1391 1888 1432 non
1917 1377 2083 1432 attin-

496 1475 630 1539 gat;
663 1466 760 1525 sed
790 1469 880 1523 cui
916 1483 1026 1523 una
1071 1485 1137 1524 ex
1174 1469 1473 1527 virtutibus
1506 1470 1670 1535 inest,
1702 1470 1943 1541 reliquas
1981 1484 2082 1525 ne-

494 1559 744 1616 cessario
787 1575 913 1615 eum
945 1562 1208 1632 consequi
1249 1561 1464 1617 dicunt.
1496 1563 1640 1629 Quin
1687 1562 1852 1618 etiam
1888 1571 2085 1618 contra

496 1651 735 1721 alicujus
784 1651 886 1716 rei,
938 1668 1060 1723 quae
1091 1668 1198 1708 nos
1238 1653 1481 1724 attingit,
1520 1654 1711 1708 vitium
1746 1654 1813 1709 ad
1860 1667 2082 1709 omnem

495 1742 790 1799 honestam
849 1744 1018 1797 vitam
1070 1744 1329 1815 pertinet,
1385 1760 1643 1815 vereque,
1693 1754 1753 1800 ut
1796 1752 1884 1799 est
1935 1742 2082 1815 apud

1707 350 1768 409 S.
1801 346 2132 408 GREGOBII
2168 348 2469 408 NYSSENI

502 460 678 515 fertur
703 477 717 514 :
747 472 984 531 cumque
1010 473 1170 532 aqua
1211 459 1413 518 ﬂuctus
1444 460 1593 518 circa
1618 476 1746 518 eum
1785 462 1840 517 iu
1882 478 2074 534 gyrum

2189 480 2307 528 νων,
2338 463 2511 517 στᾶσα
2563 462 2623 516 ἐν
2654 460 2839 534 κύκλῳ
2878 461 3340 534 περιτραχύνεται
3372 462 3474 534 τῆς
3504 462 3703 534 λίμνης
3732 465 3770 536 ἡ
3878 472 3883 479 ‘

3656 348 3770 404 581

2185 553 2497 622 ἐπιφάνεια,
2516 551 2956 625 συνδιατιθεμὲνη
2981 551 3059 621 τῷ
3085 552 3238 621 βάθει
3257 570 3272 584 ·
3295 552 3439 607 οὕτω
3465 555 3561 607 καὶ
3586 552 3647 606 τὸ
3668 553 3770 624 τῆς

2180 644 2362 717 ψυχῆς
2382 644 2672 716 γαληναῐον
2700 644 2793 699 καὶ
2809 643 3033 715 ἥσυχον,
3063 644 3133 697 δι’
3151 644 3271 708 ἑνός
3293 660 3438 708 τινος
3471 660 3613 714 παρε
3623 661 3767 713 μπε-

2182 736 2371 801 σόντος
2398 736 2479 799 είς
2497 734 2667 805 αὐτὴν
2719 735 2926 799 πάθους
2967 735 3088 789 ὃλον
3131 733 3524 804 συνδιεσείσθη,
3546 735 3642 788 καὶ
3667 733 3772 804 τῆς

2183 827 2278 883 τοῦ
2315 828 2515 900 μέρους
2542 826 2749 898 βλάϐης
2776 825 3088 898 συνῄσθετο.
3122 826 3263 881 Φασὶ
3284 824 3343 881 δὲ
3375 826 3470 879 καὶ
3496 826 3548 879 ei
3568 824 3636 878 τὰ
3658 841 3772 879 τοι-

2182 919 2327 975 αῦτα
2363 918 2710 989 ἐξητακότες.
2766 915 2843 988 μὴ
2867 916 3195 988 ἀπεσχίσθαι
3240 915 3343 980 τάς
3368 914 3569 987 ἀρετάς
3599 914 3771 985 ἀλλή-

2183 1009 2314 1075 λων,
2352 1009 2487 1082 μηδὲ
2514 1009 2738 1063 δυνατὸν
2760 1003 2900 1062 εἶναι
2932 1008 3065 1079 μιᾶς
3103 1023 3250 1072 τινος
3278 1007 3481 1077 ἀρετῆς
3507 1004 3653 1060 κατά
3676 1007 3771 1059 τὸν

2182 1102 2388 1174 ἀκριόἧ
2421 1099 2853 1174 περιδράξασθαι
2873 1100 3055 1171 λόγον,
3074 1101 3170 1154 τὸν
3199 1099 3275 1172 μὴ
3308 1099 3404 1154 καὶ
3426 1100 3538 1152 τῶν
3566 1097 3771 1152 λοιπῶν

2180 1192 2561 1265 ἐφαψάμενον·
2587 1192 2702 1246 ἀλλ’
2724 1185 2770 1261 ᾧ
2797 1191 2865 1247 ἂν
2880 1191 3258 1265 παραγένηται
3287 1190 3509 1263 μίατῶν
3534 1188 3769 1264 ἀρετῶν,

2183 1286 2499 1357 ἀναγκαίως
2532 1285 2917 1341 ἐπακολουθεῖν
2947 1286 3043 1340 καὶ
3068 1286 3170 1349 τὰς
3214 1284 3429 1348 λοιπάς.
3468 1282 3680 1338 Οὐκοῦν
3707 1282 3770 1348 ἐξ

2182 1377 2544 1449 ἀντιστρόφου
2601 1377 2696 1432 καὶ
2727 1378 2762 1449 ή
2799 1376 2929 1449 περί
2970 1393 3027 1429 τι
3075 1375 3250 1447 βλάϐη
3282 1374 3393 1428 τῶν
3424 1376 3484 1427 ὲν
3508 1374 3639 1444 ἡμῖν
3688 1373 3772 1435 εἰς

2183 1468 2305 1522 ὅλον
2325 1468 2420 1521 τὸν
2445 1466 2566 1522 κατ’
2589 1466 2791 1538 ἀρετὴν
2812 1463 3071 1521 διατείνει
3089 1465 3223 1537 βίον,
3256 1465 3351 1520 καὶ
3372 1464 3563 1529 ὅντως,
3587 1460 3771 1525 καθώς

2184 1577 2351 1632 φησιν
2399 1560 2431 1613 ό
2490 1558 2828 1623 ’Δπόστολος,
2879 1560 2994 1623 τοῖς
3045 1557 3239 1631 μέρεσι
3263 1556 3327 1611 τὸ
3352 1556 3474 1611 ὅλον
3507 1553 3773 1609 συνδιατί-

2180 1652 2358 1718 θεται,
2386 1651 2452 1706 ἄν
2472 1668 2533 1704 τε
2562 1651 2749 1723 πάσχῃ
2781 1648 2945 1722 μέλος
2975 1648 3056 1715 ἓν,
3091 1647 3485 1718 συναλγοῦντος
3514 1646 3609 1700 τοῦ
3637 1662 3774 1699 παν-

2183 1743 2295 1808 τὸς,
2315 1743 2409 1798 ἐάν
2431 1760 2494 1797 τε
2520 1744 2614 1797 καὶ
2642 1741 2956 1814 δοξάζηται,
2984 1743 3079 1797 τοῦ
3106 1742 3228 1797 ὅλου
3260 1741 3663 1813 συγγαίροντος.

500 1835 824 1908 Apostolum
849 1834 922 1899 ”,
960 1843 1135 1890 totum
1174 1851 1300 1891 cum
1356 1837 1603 1908 partibus
1647 1837 1917 1904 allicitur;
1974 1835 2093 1893 sive
2163 1837 2310 1895 enim
2359 1850 2468 1891 una
2506 1850 2634 1906 pars
2686 1835 2914 1906 patitur,
2962 1843 3139 1891 totum
3185 1835 3354 1891 simul
3419 1834 3600 1901 dolet;
3656 1831 3773 1887 sive

499 1928 671 2001 gloria
701 1927 957 1995 adicitur,
994 1935 1169 1984 totum
1199 1945 1307 1986 una
1342 1929 1564 2001 gaudet.

1101 2043 1330 2102 CAPUT
1356 2044 1475 2102 χν.

562 2159 632 2216 Ut
661 2158 867 2232 aliquid
899 2167 980 2215 est
1004 2176 1038 2214 α
1062 2160 1253 2215 virtute
1284 2169 1564 2225 remorum,
1588 2159 1663 2213 ita
1703 2161 1755 2215 in
1792 2159 2025 2229 periculo
2058 2224 2062 2227 Α

1158 2241 1422 2286 uersatur.

569 2320 679 2377 Sed
715 2319 1147 2376 innumerabiles
1195 2320 1248 2374 in
1285 2328 1474 2375 nostra
1509 2322 1619 2375 vita
1650 2328 1782 2376 sunt
1816 2320 2082 2392 peccandi

498 2415 623 2475 vite.
653 2413 949 2485 variosque
978 2412 1081 2468 bos
1109 2411 1463 2483 delinquendi
1500 2412 1692 2469 modos
1716 2411 2082 2469 multitudinis

502 2508 722 2562 nomine
746 2504 945 2560 divina
963 2501 1183 2561 Littera:
1213 2502 1561 2560 ostendunta
1588 2503 1740 2559 Multi
1760 2505 1906 2561 enim
1930 2511 2081 2573 sunt,

502 2598 778 2669 tnquiunt,
796 2597 890 2668 qui
916 2605 1321 2668 persequuntur
1350 2608 1524 2661 ute,et
1553 2596 1819 2651 tribulant
1842 2612 1927 2651 me
1949 2598 2027 2663 ’σς
2056 2616 2077 2650 ι

505 2699 582 2752 et.
607 2710 626 2743 ι
650 2690 803 2746 Multi
823 2689 1024 2746 bellum
1047 2696 1244 2761 gerunt
1263 2686 1529 2744 adversus
1551 2704 1639 2743 me
1652 2704 1715 2743 ex
1739 2690 1928 2743 alto".
1956 2707 1976 2741 ι
1993 2689 2085 2744 At-

501 2798 609 2853 que
629 2780 737 2834 alia
762 2778 979 2851 quidem
999 2779 1169 2833 multa
1187 2776 1454 2849 ejusmodi
1478 2788 1625 2834 sunt.
1646 2777 1901 2835 Fortasse
1922 2780 2084 2851 igitur

504 2888 577 2943 ap
599 2886 632 2928 e
655 2884 1089 2927 commemorare
1134 2869 1266 2924 licet
1314 2869 1518 2924 multos
1551 2884 1696 2932 esse,
1745 2869 1838 2939 qui
1872 2869 2082 2926 adulte-

501 2964 674 3019 rando
707 2962 938 3019 insidias
967 2968 1209 3026 struant,
1237 2969 1298 3016 ut
1328 2960 1649 3018 houorahile
1671 2963 1774 3018 hoc
1802 2978 1928 3017 vere
1952 2977 2087 3017 con-

502 3055 753 3119 nubium,
781 3061 839 3110 et
876 3053 1291 3110 immaculatum
1324 3060 1506 3108 torum
1532 3054 1828 3125 deturpeut
1872 3071 1887 3110 :
1929 3056 2087 3127 sique

504 3147 604 3201 hos
629 3145 910 3202 adulteros
942 3145 1268 3200 nominatim
1298 3159 1625 3201 enumerare
1655 3154 1894 3216 oportet,
1926 3146 2086 3202 adul-

501 3247 586 3295 ter
616 3239 720 3304 ira,
769 3238 988 3293 adulter
1016 3238 1266 3302 avaritia,
1302 3238 1519 3293 adulter
1562 3239 1887 3302 invidentia,
1935 3239 2085 3309 inju-

502 3332 710 3388 riarum
756 3330 1083 3397 recordatio,
1130 3330 1442 3398 inimicitia,
1504 3331 1733 3393 invidia,
1795 3338 1851 3385 et
1900 3333 2155 3420 Omniac

502 3423 762 3494 denique,
814 3437 939 3494 qute
994 3422 1065 3477 ab
1101 3422 1367 3492 Apostolo
1422 3421 1780 3493 colliguntur,
1826 3431 2086 3493 tauquam

502 3513 879 3570 adulterorum
917 3513 1264 3569 enumeratio
1290 3527 1354 3568 ea
1392 3513 1578 3567 omnia
1611 3513 1743 3577 sint,
1778 3528 1901 3583 ηιιευ
1939 3514 2091 3569 salu-

504 3605 611 3660 tari
641 3603 909 3660 doctrina:
932 3608 1260 3673 repugnant.
1288 3601 1456 3673 Atqui
1491 3603 1757 3660 faciamus
1787 3605 1840 3658 iu
1871 3602 2091 3661 feminis

505 3711 670 3752 unam
701 3710 825 3752 esse
857 3693 1032 3750 forma
1067 3693 1302 3763 integra,
1332 3708 1523 3763 quaeve
1567 3693 1730 3764 digna
1758 3694 1830 3750 sit
1860 3701 1921 3749 ut
1949 3710 2094 3751 ame-

503 3795 641 3853 tur;
680 3785 914 3855 ideoque
951 3781 1214 3855 quoniam
1264 3783 1410 3853 regis
1456 3781 1716 3853 conjugio
1750 3783 2089 3847 conveniret,

505 3895 539 3936 a
592 3877 921 3951 quibusdam
987 3874 1283 3947 impudicis
1338 3873 1658 3929 hominibus
1706 3873 1983 3945 egregiam
2020 3874 2092 3930 ob

505 3976 737 4032 formam
764 3974 813 4032 ei
855 3972 1088 4030 insidias
1124 3971 1251 4044 poni
1280 3989 1295 4003 ·
1331 3969 1447 4026 haec
1476 3984 1612 4026 sane
1639 3969 1885 4040 quandiu
1922 3970 1974 4023 in
1994 3982 2091 4024 eos

502 4082 721 4130 omnes,
754 4064 850 4136 qui
878 4062 981 4119 sibi
1013 4064 1207 4119 vitium
1242 4060 1442 4117 oli‘erre
1473 4058 1719 4120 student,
1752 4058 1978 4114 inimico
2006 4065 2091 4113 est

502 4160 715 4225 animo,
745 4172 971 4230 remque
1000 4157 1175 4228 ipsam
1210 4170 1342 4211 vero
1386 4154 1587 4209 marito
1633 4152 1863 4217 indicat,
1895 4151 2094 4207 mulier

501 4262 593 4312 est
636 4251 859 4324 pudica,
910 4264 1142 4321 quaeque
1171 4247 1344 4305 solius
1390 4245 1493 4301 viri
1541 4245 1627 4302 sui
1667 4243 1862 4299 ltonori
1901 4243 2091 4309 servit,

506 4344 835 4415 nullumque
867 4349 1160 4412 propterea
1192 4352 1322 4393 cum
1366 4352 1432 4393 ea
1484 4337 1665 4392 locum
1701 4335 1907 4390 habent
1935 4342 2094 4405 pctu-

507 4435 742 4490 lantium
797 4432 1082 4488 hominum
1116 4429 1350 4486 insidia}.
1408 4428 1510 4483 Sin
1559 4436 1741 4482 autem
1787 4441 1854 4481 ex
1893 4424 1964 4481 iis
1997 4423 2091 4495 qui

507 4525 842 4582 insidiantur
884 4523 979 4579 uni
1018 4521 1315 4586 consentit,
1356 4536 1464 4576 non
1498 4533 1632 4575 sane
1669 4533 1700 4572 a
1750 4530 1913 4588 poma
1943 4515 2091 4570 illam

507 4617 709 4675 liberat
767 4615 1054 4688 pudicitia,
1111 4629 1276 4686 quam
1324 4612 1378 4668 in
1432 4611 1557 4667 aliis
1599 4625 1712 4682 prie
1752 4624 1813 4665 se
1852 4607 1975 4664 fert.
2010 4606 2093 4662 Ad

2782 2032 3038 2088 ΚΕΦΑΛ.
3077 2032 3179 2086 lE'.

2184 2151 2316 2206 Ὀτι
2346 2150 2415 2204 τὸ
2450 2147 2738 2203 ὁπωσοῦν
2772 2146 2891 2212 ἔξω
2927 2145 3207 2215 γενέσθαι
3246 2144 3358 2215 τῆς
3398 2143 3617 2215 ἀρετῆς
3667 2148 3773 2205 τὸν

2657 2217 2800 2273 ισον
2835 2216 3127 2271 κίνδυνον
3162 2215 3193 2270 ἕ
3194 2232 3307 2285 χει.

2264 2310 2429 2366 Ἀλλά
2473 2309 2665 2382 μυρίαι
2707 2305 2850 2362 κατά
2888 2306 2983 2361 τὸν
3031 2304 3146 2377 βίον
3191 2306 3352 2378 ἡμῶν
3395 2308 3453 2362 αί
3502 2309 3640 2381 πρὸς
3669 2310 3773 2382 τὴν

2181 2401 2456 2476 ἁμαρτίαν
2502 2399 2874 2471 παρατροπαὶ,
2923 2397 3022 2452 καὶ
3061 2397 3419 2471 πολυτρόπως
3456 2401 3513 2455 αί
3548 2402 3768 2472 Γραφαὶ

2182 2494 2244 2548 τὸ
2272 2492 2476 2563 πλῆθος
2501 2489 2657 2546 τοῦτο
2690 2489 3109 2562 διασημαίνουσι
3126 2503 3142 2520 ·
3188 2505 3209 2539 ι
3239 2487 3432 2542 Πολλοὶ
3458 2490 3568 2562 γάρ
3589 2492 3639 2544 οἱ
3674 2494 3770 2544 ὲκ-

2182 2584 2467 2649 διώκοντές
2499 2600 2568 2654 με
2595 2582 2691 2637 καὶ⁹
2713 2579 2989 2646 θλίϐοντες
3015 2596 3084 2653 με
3099 2596 3113 2612 ·
3150 2598 3170 2634 ι
3203 2579 3319 2647 καὶ,
3349 2597 3368 2632 ι
3399 2580 3590 2634 Πολλοὶ
3603 2583 3652 2636 oi
3676 2599 3775 2636 πο-

2182 2674 2474 2747 λεμοῦντές
2512 2691 2581 2746 με
2609 2673 2718 2728 ἀπὸ
2747 2671 2946 2743 ὕψους·
2981 2691 3003 2726 ι
3036 2671 3133 2728 καὶ
3158 2671 3297 2728 ἀλλα
3323 2671 3547 2727 τοιαῦτα
3580 2673 3771 2729 πολλά.

2184 2770 2339 2839 Τάχα
2376 2766 2557 2821 τοίνυν
2579 2765 2783 2837 κυρίως
2809 2764 2962 2818 Εστιν
2988 2765 3164 2819 εἰπεῖν
3190 2765 3274 2818 ὅτι
3300 2766 3485 2821 πολλοὶ
3515 2769 3565 2822 oi
3593 2785 3773 2840 μοιχι-

2185 2859 2297 2924 κῶς
2324 2855 2786 2923 ἐπιϐουλεύοντες,
2817 2855 2954 2926 πρὸς
2991 2858 3054 2910 τὸ
3097 2855 3408 2929 διαφθεῖραι
3452 2858 3546 2913 τὸν
3593 2859 3777 2930 τίμιον

2183 2950 2372 3006 τοῦτον
2396 2949 2475 3014 ὡς
2506 2947 2722 3020 ἀληθῶς
2752 2946 2931 3019 γάμον
2968 2946 3064 3001 καὶ
3098 2947 3200 3019 τὴν
3239 2948 3505 3018 ἀμίαντον
3549 2951 3773 3022 κοίτην·

2186 3046 2235 3097 εί
2249 3043 2306 3097 δὲ
2328 3041 2436 3115 χρὴ
2455 3041 2547 3097 καὶ
2558 3039 2637 3112 τῷ
2652 3038 2877 3110 ὀνόματι
2896 3038 3024 3102 τοὺς
3043 3037 3369 3111 τίοι]ούτους
3382 3040 3778 3112 ἀπαριθμήσα-

2188 3135 2334 3198 σθαι,
2372 3133 2560 3206 μοιχὸς
2592 3135 2628 3204 ἡ
2670 3132 2832 3205 ὀργὴ,
2871 3130 3057 3203 μοιχὸς
3099 3132 3134 3202 ἡ
3189 3130 3493 3197 πλεονεξία,
3529 3132 3717 3204 μοιχὸς
3747 3134 3776 3188 ό

2188 3226 2401 3296 φθόνος,
2431 3226 2465 3297 ή
2501 3224 2859 3296 μνησικακία,
2898 3224 2933 3295 ἡ
2975 3222 3166 3295 ἔχθρα,
3200 3223 3235 3293 ἡ
3270 3221 3560 3294 βασκανία.
3597 3224 3659 3278 τὸ
3687 3227 3775 3295 μῖ-

2189 3334 2303 3384 σος,
2328 3318 2510 3372 πάντα
2535 3315 2638 3371 ὅσα
2663 3315 2816 3388 παρά
2841 3312 2935 3369 τοῦ
2977 3315 3302 3369 ’Δποστόλου
3331 3314 3677 3370 κατείλεκται
3698 3319 3775 3380 ὡς

2190 3409 2542 3481 ἀντικείμενα
2569 3410 2638 3480 τῇ
2667 3406 2990 3481 ὑγιαινούσῃ
3014 3407 3355 3480 διδασκαλίᾳ,
3391 3407 3594 3479 μοιχῶν
3631 3411 3776 3462 ἐστιν

2188 3498 2587 3571 ἀπαρίθμησις.
2629 3497 2990 3569 Ύποθὼμεθα
3028 3500 3211 3553 τοίνυν
3240 3494 3380 3553 εἷναί
3425 3517 3544 3554 τινα
3581 3500 3640 3553 ὲν
3682 3516 3774 3568 γυο

2190 3587 2367 3655 ναιξὶν
2398 3588 2649 3661 εὐπρεπῆ
2676 3606 2738 3643 τε
2753 3590 2849 3643 καὶ
2877 3590 3220 3662 ἀξιέραστον,
3253 3594 3346 3646 καὶ
3370 3591 3460 3647 διά
3489 3597 3650 3651 τοῦτο
3684 3596 3777 3668 βα-

2192 3678 2331 3733 σιλεῖ
2369 3679 2506 3750 πρὸς
2550 3679 2729 3750 γάμον
2781 3680 3283 3751 συναρμοσθεῖσαν·
3335 3685 3780 3741 ἐπιϐουλεύεσθαι

2189 3770 2248 3825 δὲ
2283 3769 2373 3824 διὰ
2405 3770 2506 3843 τὴν
2555 3770 2704 3843 ὥραν
2738 3770 2843 3825 ὑπὸ
2888 3771 3204 3826 ἀκολάστων
3245 3775 3426 3831 τινῶν.
3480 3778 3691 3833 Οὐκοῦν
3742 3782 3778 3851 η

2191 3863 2412 3935 τοιαύτη
2433 3864 2538 3928 ἕως
2559 3864 2658 3934 μὲν
2683 3863 2750 3919 ἂν
2778 3864 2916 3935 πρὸς
2937 3864 3145 3930 πάντας
3168 3867 3295 3931 τοὺς
3321 3868 3414 3922 ἐπὶ
3440 3868 3617 3942 φθορᾷ
3638 3888 3781 3944 παρ-

2192 3954 2510 4026 εδρεύοντας
2534 3954 2743 4026 ἐχθρῶς
2776 3953 2876 4029 ἔχῃ
2913 3956 3009 4009 καὶ
3040 3961 3319 4030 κατηγορῇ
3342 3958 3548 4015 τούτων
3570 3962 3663 4016 ἐπὶ
3682 3964 3780 4017 τοῦ

2191 4046 2426 4117 νομίμου
2462 4044 2675 4117 ἀνδρὸς,
2713 4044 2948 4118 σώφρων
2989 4046 3127 4113 ἐστὶ,
3176 4050 3272 4103 καὶ
3316 4049 3453 4121 προς
3498 4051 3660 4122 μόνον
3691 4054 3782 4108 τὸν

2191 4136 2426 4209 νυμφίον
2452 4138 2574 4210 ὁρᾷ,
2605 4139 2700 4193 καὶ
2731 4137 2991 4210 οὐδεμίαν
3024 4136 3206 4210 ἔχουσι
3239 4141 3425 4212 χώραν
3455 4145 3578 4198 κατ’
3608 4143 3781 4215 αὐτῆς

2193 4232 2248 4285 αί
2276 4230 2385 4285 τῶν
2412 4230 2728 4286 ἀκολάστων
2769 4232 2999 4287 ἀπάται.
3030 4232 3094 4286 Εἰ
3133 4232 3190 4286 δέ
3226 4249 3334 4287 τινι
3364 4234 3652 4308 πρόσθοιτο
3673 4237 3781 4290 τῶν

2193 4325 2791 4392 ἑπιϐουλευόντων,ούκ
2827 4323 3121 4398 ἐξαιρεῖται
3152 4326 3322 4399 αὐτὴν
3364 4328 3466 4398 τῆς
3510 4329 3781 4401 τιμωρίας

2195 4421 2229 4489 ὴ
2260 4418 2353 4473 ἐπὶ
2381 4418 2492 4472 τῶν
2519 4416 2723 4472 λοιπῶν
2761 4416 3106 4490 σωφροσύνη.
3155 4418 3341 4489 ’Δρκεῖ
3361 4419 3470 4491 γάρ
3508 4421 3590 4485 είς
3613 4421 3782 4475 κατά-

2195 4529 2379 4584 κρισιν
2412 4512 2507 4566 καὶ
2546 4511 2609 4565 τὸ
2639 4509 2707 4564 δι’
2739 4509 2857 4573 ἑνὸς
2900 4508 3192 4581 μιανθῆναι
3235 4510 3334 4582 τὴν
3361 4509 3569 4582 κοίτην.
3590 4510 3779 4577 Οὕτως

2195 4605 2290 4658 καὶ
2318 4606 2351 4676 ἡ
2379 4603 2458 4676 τῷ
2474 4602 2594 4674 Θεῷ
2620 4602 2773 4668 ζῶσα
2789 4600 2957 4674 ψυχὴ,
2980 4602 3157 4656 οὐδενὶ
3179 4602 3285 4656 τῶν
3309 4601 3375 4655 δι’
3396 4602 3615 4675 ἀπάτης
3638 4604 3777 4677 αὐτῇ

503 4710 916 4767 damnationem
961 4707 1106 4764 enim
1159 4713 1245 4762 sat
1284 4715 1370 4761 est
1422 4703 1506 4761 vel
1550 4703 1717 4759 unius
1750 4701 1871 4757 labe
1913 4699 2089 4756 cubile

2199 4694 2650 4767 προφαινομένων
2696 4691 2877 4746 καλῶν
2921 4691 3318 4764 άρεσθὴσεται·
3352 4693 3403 4746 εί
3450 4692 3508 4747 δὲ
3540 4693 3783 4766 παραδέ-

503 4804 881 4873 deturpatum.
912 4797 1116 4854 Eodem
1148 4797 1316 4854 modo
1335 4797 1553 4852 animus
1580 4795 1650 4860 is,
1682 4795 1777 4866 qui
1803 4792 1915 4851 Deo
1934 4794 2089 4859 vivit,

507 4911 618 4952 non
653 4891 782 4951 ullis
812 4891 980 4949 rebus
1013 4894 1075 4947 Se
1103 4889 1479 4950 oblectaverit.
1525 4902 1647 4958 quae
1672 4886 1776 4943 sibi
1805 4903 1873 4943 ex
1906 4901 2094 4942 errore

505 4985 747 5060 quodam
785 4999 892 5040 non
938 4998 1124 5039 veram
1155 4980 1375 5037 honesti
1415 4980 1655 5050 speciem
1686 4977 1967 5049 praebent;
2005 4976 2093 5033 sin

504 5096 572 5137 cx
604 5079 788 5150 aliqua
815 5074 1105 5133 allectione
1126 5074 1241 5129 vitii
1263 5072 1532 5128 maculam
1557 5070 1710 5127 cordi
1732 5069 2092 5134 contraxerit,

506 5171 777 5243 spiritalis
808 5168 927 5240 ipse
968 5164 1304 5223 matrimonii
1351 5166 1477 5233 jura
1509 5163 1771 5230 rescidit;
1809 5170 1993 5234 atque,
2035 5167 2097 5215 ut

424 5244 467 5331 Pi
506 5265 560 5317 iu
616 5261 822 5318 divinis
875 5259 1099 5316 Litteris
1150 5259 1416 5328 scriptum
1462 5261 1664 5321 exstat,
1699 5252 1796 5307 (In
1855 5253 2093 5307 animam

509 5354 832 5409 tualevolatn
857 5370 967 5409 non
1011 5351 1238 5408 intrabit
1281 5349 1553 5421 sapientia
1574 5346 1642 5402 ’⁸.
1664 5364 1682 5398 ι
1720 5342 1847 5400 Pari
1883 5343 2097 5400 ratione

510 5458 615 5500 nos
640 5460 768 5501 vere
810 5444 994 5500 dicere
1025 5458 1342 5514 possumus,
1388 5442 1443 5496 in
1483 5440 1666 5495 animo
1701 5438 1906 5505 irarum
1955 5435 2096 5492 invi-

512 5533 729 5606 diaeque
761 5535 944 5607 pleno,
978 5535 1143 5606 quive
1180 5532 1453 5604 ejusmodi
1483 5532 1668 5603 aliquo
1699 5538 1925 5602 peccato
1952 5529 2090 5585 irre-

508 5628 647 5685 titus
668 5635 909 5695 tenetur,
945 5625 1060 5683 ﬁeri
1095 5642 1205 5684 non
1237 5640 1400 5699 posse
1439 5631 1498 5679 ut
1527 5621 1581 5678 iu
1613 5638 1680 5679 eo
1709 5622 1889 5679 bonus
1924 5636 2091 5692 spon-

583 5799 633 5832 "
665 5796 684 5854 Ι
715 5798 841 5856 Cor.
881 5815 981 5866 xu,
1006 5795 1098 5861 ‘26.
1172 5797 1218 5830 '°
1258 5795 1402 5856 Psal.
1459 5809 1651 5860 antu,
1687 5793 1775 5850 57.

2201 4788 2352 4855 ξαιτο
2372 4787 2461 4842 διά
2487 4802 2633 4849 τινος
2662 4783 2870 4849 πάθους
2894 4783 2987 4838 τὸν
3016 4783 3256 4856 μιασμδν
3277 4786 3344 4856 τῇ
3373 4785 3593 4858 καρδίᾳ,
3623 4784 3781 4839 ἔλυσε

2199 4878 2294 4933 καὶ
2318 4877 2454 4950 αύτὴ
2494 4875 2591 4930 τοῦ
2620 4874 2989 4947 πνευματικοῦ
3018 4876 3200 4948 γάμου
3237 4876 3309 4930 τά
3337 4876 3518 4930 δίκαια
3540 4893 3555 4908 ·
3590 4876 3684 4931 καὶ
3705 4875 3783 4940 ὦς

2202 4988 2366 5042 φησιν
2403 4972 2438 5041 ἡ
2466 4969 2680 5042 Γραφὴ,
2731 4970 2813 5033 είς
2850 4968 3176 5040 κακότεχνον
3216 4967 3392 5040 ψυχὴν
3444 4967 3518 5040 μὴ
3544 4966 3783 5021 είσελεύο

2203 5061 2392 5117 σεσθαι
2435 5061 2659 5129 σοφίαν·
2702 5059 2875 5125 οὔτως
2921 5059 3069 5114 ἔστιν
3125 5058 3341 5130 ἀληθῶς
3393 5059 3589 5120 είπεῖν,
3643 5056 3781 5127 μηδὲ

2201 5157 2281 5219 είς
2311 5151 2534 5224 θυμώδη
2566 5153 2660 5206 καὶ
2680 5151 2974 5223 βάσκανον,
3000 5152 3035 5224 ἧ
3061 5150 3189 5207 ἄλλο
3210 5168 3262 5205 τι
3282 5149 3510 5221 ἔχουσαν
3531 5150 3589 5201 ὲν
3613 5149 3778 5219 ἑαυτῇ

2201 5246 2542 5318 πλημμελὲς,
2569 5244 2794 5298 δυνατὸν
2821 5239 2964 5297 εἶναι
2995 5243 3087 5296 τὸν
3114 5241 3319 5310 ἀγαθὸν
3355 5241 3590 5311 νυμφίον
3614 5240 3782 5293 εἰσοι-

2198 5337 2470 5408 κισθῆναι.
2502 5335 2601 5400 Τίς
2636 5334 2746 5408 γάρ
2791 5334 3004 5391 ἐπίνοια
3046 5332 3373 5404 συναρμόσει
3415 5329 3478 5383 τὸ
3516 5330 3583 5400 τῇ
3620 5329 3780 5399 φύσει

2197 5431 2480 5503 ἀλλότριόν
2515 5446 2576 5484 τε
2608 5430 2702 5483 καὶ
2738 5426 3138 5499 ἀκοινώνητον;
3176 5425 3442 5479 ’Δκουσον
3476 5422 3573 5477 τοῦ
3617 5422 3780 5474 Ἀποο

2202 5523 2410 5590 στόλου,
2439 5521 2709 5595 μηδεμίαν
2747 5514 2886 5574 εἶναι
2926 5518 3212 5574 κοινωνίαν
3246 5518 3387 5589 φωτὶ
3417 5516 3554 5588 πρὸς
3593 5515 3783 5579 σκότος

2198 5615 2560 5682 διδάσκοντος,
2593 5614 2628 5686 ἢ
2660 5611 2976 5686 δικαιοσύνῃ
3006 5610 3143 5686 πρὸς
3162 5610 3415 5685 ἀνομίαν,
3446 5610 3480 5683 ἦ
3508 5609 3781 5664 συνελόντι

1878 5792 1921 5824 ’⁷
1960 5787 2102 5845 Psal.
2137 5804 2221 5857 ιιι,
2250 5787 2306 5843 9..
2368 5787 2413 5820 ⁸⁸
2453 5786 2584 5858 Sap.
2630 5799 2669 5851 I,
2708 5783 2763 5841 ι.
