4124 6352
366 351 474 408 585

364 533 470 616 τῶν
508 561 566 611 ἐν
593 554 742 625 αύτῷ
784 547 1175 621 θεωρουμένων
1213 540 1500 611 νοούμενός
1538 554 1596 590 τε
1626 535 1720 588 καὶ
1744 533 1942 625 ὀνομαο

365 653 612 723 ζόμενος,
645 623 781 717 πρὸς
827 643 1003 697 πάντα
1031 638 1099 692 τὰ
1147 637 1204 688 ἐν
1233 632 1401 703 κακίᾳ
1435 627 1578 723 κατὰ
1618 626 1678 723 τθ
1706 623 1946 723 ἐναντίον

364 715 645 813 νοούμενα.
676 715 738 792 Ei
768 732 860 790 οὖν
886 734 1167 804 ἀμήχανος
1202 726 1312 780 τῶν
1341 726 1408 793 τῇ
1442 720 1601 818 φύσει
1634 717 1879 818 ἀμίκτων
1911 715 1945 818 η

364 832 639 893 κοινωνία,
673 828 926 898 ἀλλοτρία
962 824 1179 884 πάντως
1225 818 1321 873 καὶ
1349 814 1693 875 ἀνεπίδεκτος
1727 813 1826 881 τῆς
1854 813 1945 862 τοῦ

365 922 573 993 ἀγαθοῦ
622 920 985 987 συνοικήσεως
1012 916 1046 984 ἡ
1090 912 1196 965 ύπδ
1234 909 1431 969 κακίας
1475 905 1620 967 τινὸς
1649 901 1948 970 κατειλημ-

371 1017 507 1086 μένη
538 1014 701 1084 ψυχή.
758 1012 823 1063 Τί
849 1005 942 1062 οὖν
971 1009 1036 1060 ἐκ
1071 1003 1273 1059 τούτων
1318 998 1697 1071 μανθάνομεν;
1736 994 1809 1047 Τὸ
1840 994 1949 1086 δείν

361 1084 467 1178 ’τὴν
496 1084 752 1175 σώφρονα
781 1101 875 1156 καὶ
894 1096 1284 1167 λελογισμένην
1310 1090 1578 1161 παρθένον
1611 1086 1810 1149 παντὸς
1838 1084 1950 1178 πα-

373 1173 493 1260 θους
521 1173 665 1250 κατὰ
688 1194 863 1246 πάντα
896 1190 1097 1260 τρόπον
1123 1187 1221 1254 τῆς
1244 1183 1421 1253 ψυχῆς
1450 1178 1757 1250 ἁπτομένου
1783 1173 1950 1246 χωρί-

362 1288 579 1353 ¹ζἐσθαι,
611 1286 706 1340 καὶ
732 1283 1025 1355 φυλάσσειν
1054 1278 1254 1348 ἑαυτὴν
1276 1275 1445 1345 ἁγνὴν
1470 1273 1549 1343 τῷ
1580 1267 1949 1342 ἀρμοσαμένῳ

376 1379 537 1451 αὐτὴν
567 1378 806 1449 νυμφίῳ,
838 1375 913 1447 μὴ
943 1373 1171 1445 ἔχουσαν
1202 1368 1388 1423 σπῖλον
1413 1366 1446 1435 ἢ
1484 1363 1668 1437 ῥυτίδα
1697 1363 1731 1432 ἦ
1755 1378 1808 1414 τι
1838 1358 1948 1412 τῶν

314 1497 327 1511 ·
378 1485 644 1522 τοιουτων.

1684 318 1774 375 DE
1809 312 2272 372 VIBGINITA'I‘E.

244 480 257 495 ‘
363 472 552 541 φάναι,
582 464 757 518 πάντα
790 463 890 515 ὅσα
920 457 1068 512 ἐστὶν
1101 455 1129 506 6
1150 451 1355 522 Κύριος
1378 447 1520 541 κατὰ
1543 447 1640 515 τὴν
1681 439 1945 541 διαφορὰν

2052 451 2147 491 sus
2181 434 2470 490 inhabitet.
2504 434 2636 502 Qua:
2678 436 2825 491 enim
2869 438 3085 493 consilii
3126 439 3271 494 ratio
3317 440 3641 496 conciliabit

3529 320 3639 378 585

2047 528 2125 590 id,
2160 528 2303 597 quod
2338 535 2535 581 natura
2568 528 2708 584 inter
2741 546 2800 585 se
2832 531 3071 585 alienum
3107 548 3215 587 non
3246 532 3509 597 cobarct,
3544 549 3641 588 ne-

2047 632 2153 691 que
2205 620 2315 673 ullo
2364 621 2644 676 societatis
2695 622 2820 692 jure
2871 624 3138 694 illigatmn
3175 626 3301 680 est?
3347 624 3431 680 Tu
3478 626 3638 680 velim

2057 709 2253 765 audias
2289 711 2635 780 Apostolum,
2682 715 2775 783 qui
2806 714 2989 780 docet,
3025 716 3161 771 nihil
3195 732 3319 773 esse
3357 717 3465 771 luci
3514 732 3641 772 cum

2048 801 2295 856 tenebris
2315 818 2628 869 counnune,
2655 821 2831 875 neque
2853 809 3097 877 aequitati
3129 809 3471 879 justitimqne
3512 824 3641 864 cunt

2055 894 2343 963 iniquitate
2362 894 2407 924 ’θ
2431 911 2446 948 :
2466 902 2650 965 atque,
2668 905 2726 949 ut
2744 901 3055 956 summatim
3076 901 3421 971 breviterque
3434 901 3637 964 dicam,

2050 984 2240 1039 omnia
2275 985 2697 1056 quibuscumque
2750 997 2806 1043 et
2858 998 3041 1045 mente
3088 991 3527 1061 comprehensus
3579 1000 3636 1043 et

2055 1086 2281 1132 voeatus
2312 1085 2398 1131 est
2437 1076 2724 1145 Dominus,
2760 1096 2824 1135 ex
2864 1097 3056 1136 earum
3090 1098 3272 1138 rerum
3303 1082 3636 1143 differentia,

2052 1185 2177 1240 qtue
2201 1170 2253 1223 in
2277 1184 2343 1224 eo
2373 1180 2699 1236 cernuntur,
2734 1172 2848 1227 haec
2875 1175 3134 1230 omnibus
3154 1177 3245 1238 iis,
3270 1192 3391 1246 qua:
3422 1176 3474 1230 in
3506 1176 3639 1230 vitio

2057 1261 2232 1331 posita
2270 1271 2419 1325 sunt,
2479 1264 2755 1318 contraria
2795 1266 3044 1336 intelligi.
3088 1266 3145 1321 Si
3200 1269 3367 1339 igitur
3399 1267 3639 1323 difﬁcilis

2054 1366 2140 1409 est
2183 1369 2369 1407 rerum
2411 1355 2555 1409 inter
2589 1371 2651 1410 εε
2697 1357 3046 1412 dissimilium
3091 1361 3347 1425 societas,
3393 1368 3639 1415 remotus

2054 1445 2284 1499 cumino
2332 1453 2419 1500 est
2469 1461 2499 1498 a
2536 1446 2758 1503 virtutis
2814 1450 3200 1513 contubernio,
3249 1465 3427 1519 neque
3477 1450 3639 1520 plane

377 1562 588 1619 virtutis
619 1576 787 1632 capax
814 1567 900 1615 est
931 1559 977 1613 is
1008 1556 1248 1617 animus,
1294 1551 1387 1623 qui
1420 1549 1605 1619 aliquo
1629 1544 1761 1600 vitio
1813 1541 2056 1597 irretitus
2089 1548 2194 1595 εει.
2263 1538 2406 1609 Ergo
2467 1540 2599 1632 quid
2652 1557 2721 1595 ex
2772 1541 2839 1595 iis
2904 1542 3216 1598 documenti
3268 1558 3369 1598 nos
3422 1542 3640 1613 accepi-

360 1657 529 1710 mus?
586 1630 702 1708 lloc
748 1668 905 1717 sane,
965 1654 1110 1722 quod
1171 1647 1424 1719 pudicam
1486 1640 1775 1711 virginem,
1826 1649 1948 1706 qua:
2020 1633 2288 1687 rationem
2328 1631 2452 1686 vita:
2524 1630 2721 1687 ducem
2766 1636 3033 1704 sequitur,
3068 1637 3135 1689 ab
3179 1633 3439 1691 omnibus
3468 1632 3637 1687 animi

375 1746 753 1803 ,προιῑοηίιηιε
769 1761 829 1801 se
844 1746 1068 1800 omnino
1086 1742 1356 1798 abducere
1372 1744 1705 1808 oportetzac
1722 1744 1946 1802 sponso,
1986 1728 2080 1798 qui
2109 1743 2228 1783 eam
2262 1726 2575 1790 adornabit,
2620 1728 2884 1798 integram
2927 1746 2987 1785 se
3021 1743 3185 1801 atque
3247 1729 3388 1785 adeo
3445 1742 3637 1799 puram

375 1856 717 1909 conservare,
772 1849 952 1896 utaut
984 1840 1200 1902 sordes,
1242 1844 1337 1891 aut
1372 1848 1558 1903 rugas,
1611 1837 1707 1884 aut
1744 1824 1952 1897 aliquid
1989 1821 2467 1894 ejusmodiminus
2494 1822 2799 1876 contrahat.

968 1955 1221 2012 κΕψΑΑ.
1260 1954 1377 2020 ις’.

371 2079 499 2132 Ὀτι
527 2076 750 2145 ἀτελὴς
776 2075 862 2140 εὶς
884 2071 951 2145 τὸ
979 2069 1204 2145 ἀγαθᾷις
1222 2069 1266 2145 Δό
1288 2064 1385 2145 καὶ
1406 2063 1506 2118 ἐπί
1532 2079 1647 2116 τινι
1674 2059 1791 2115 τῶν
1825 2055 1951 2110 κατ’

879 2139 1100 2212 ἀρετὴν
1129 2139 1448 2192 ἐλλείπων.

440 2237 555 2291 Μία
583 2238 693 2308 γάρ
726 2237 874 2289 ἐστιν
919 2232 1037 2296 ὁδὸς
1085 2229 1283 2291 εὐθεῖα,
1323 2225 1481 2295 στενὴ
1526 2241 1583 2277 τε
1633 2222 1708 2284 ὡς
1739 2216 1955 2308 ἀληθῷς

377 2328 466 2381 καὶ
480 2305 837 2398 τεθλιμμένη,
864 2324 959 2377 καὶ
976 2321 1076 2384 τὰς
1102 2318 1185 2388 ἐφ’
1212 2316 1447 2384 ἑκάτερα
1471 2308 1832 2382 παρατροπὰς
1854 2305 1954 2359 οὐκ

376 2418 751 2488 ἐπιδεχομένη,
792 2415 885 2469 καὶ
926 2413 988 2467 τὺ
1031 2408 1276 2466 ὁπωσοῦν
1318 2406 1423 2472 ἔξω
1470 2402 1675 2471 ταύτης
1701 2398 1953 2488 γενέσθαι

375 2510 487 2563 ἴσον
660 2487 751 2561 τὸν
786 2506 885 2577 τῆς
915 2500 1285 2562 ἀποπτῶσεως
1307 2495 1572 2549 κίνδυνον.
1605 2490 1668 2545 Ei
1694 2491 1757 2561 δὴ
1783 2487 1955 2578 ταῦτα

374 2576 708 2666 οὔτως-ἔχει,
753 2576 1071 2666 διορθωτέον
1113 2589 1189 2653 ὡς
1221 2581 1331 2641 οἷόν
1369 2602 1429 2638 τε
1465 2584 1574 2636 τῶν
1614 2579 1826 2634 πολλῶν
1856 2576 1953 2648 τὴν

374 2688 683 2757 συνήθειαν,
714 2686 827 2738 ὅσοι
862 2683 997 2755 πρὸς
1040 2682 1137 2753 μὲν
1167 2679 1262 2741 τὰς
1293 2674 1652 2747 αἰσχροτὲρας
1680 2671 1787 2725 τῶν
1830 2669 1955 2739 ἠδο-

376 2778 478 2832 νῶν
520 2777 755 2849 ίσχυρῶς
795 2775 1203 2845 ἀπομάχονται,
1237 2768 1410 2832 ἄλλως
1443 2768 1499 2821 δέ
1530 2766 1628 2836 τὴν
1669 2762 1860 2835 ἡδονὴν
1898 2764 1955 2815 ὲν

374 2871 555 2939 τιμαῖς
570 2869 663 2921 καὶ
676 2866 984 2938 φιλαρχίαις
1002 2862 1319 2935 θηρεύουσι·
1342 2858 1721 2930 παραπλήσιον
1738 2853 1956 2907 ποιοῦν-

374 2976 483 3023 τες,
531 2958 719 3030 ὥσπερ
746 2958 811 3013 ἂν
835 2957 1000 3021 εἴτις
1039 2955 1255 3026 οἰκέτης
1296 2952 1607 3023 ἐλευθερίας
1652 2946 1954 3018 ἐπιθυμῶν,

352 3043 450 3124 ⁹μὴ
487 3054 635 3117 ὅπως
665 3052 763 3122 τῆς
801 3050 1045 3113 δουλείας
1085 3048 1190 3114 ἔξω
1228 3048 1516 3117 γενήσεται
1560 3041 1804 3103 σπεύδοι,
1836 3038 1953 3093 ἀλλ’

373 3143 650 3214 ἐναμείόοι
683 3142 807 3207 τοὺς
834 3140 1222 3211 κεκτημένους,
1261 3139 1363 3211 τὴν
1392 3136 1689 3207 ἐναλλαγὴν
1717 3134 1825 3188 τῶν
1864 3150 1958 3186 κεο

372 3250 474 3305 κτη
482 3236 656 3304 μένων
673 3233 985 3303 ἐλευθερίαν
999 3231 1265 3301 οἰόμενος.
1278 3229 1464 3283 Δοῦλοι
1483 3229 1591 3298 γάρ
1607 3230 1742 3280 εἰσιν
1760 3225 1955 3296 ἐπίσης

2637 1938 2870 1996 CAPUT
2909 1940 3049 1997 XVI.

2057 2056 2139 2111 Ad
2174 2055 2367 2111 bonum
2402 2055 2623 2129 minime
2653 2066 2811 2129 aptus
2839 2066 2916 2129 est
2947 2058 2992 2111 is
3011 2098 3027 2123 ,
3060 2058 3150 2129 qui
3181 2058 3364 2129 aliqua
3393 2073 3457 2113 ea:
3482 2067 3635 2128 parte

2489 2127 2545 2180 in
2578 2127 2790 2181 virtutis
2820 2128 2983 2197 ofﬁcio
3011 2127 3214 2195 peccat.

2131 2216 2231 2271 Via
2285 2225 2372 2273 est
2426 2232 2537 2272 una
2589 2226 2780 2282 recta,
2834 2228 3072 2289 angusta
3126 2221 3219 2274 illa
3268 2221 3522 2291 quidem,
3582 2228 3638 2277 et

2058 2307 2188 2362 trita
2211 2347 2226 2369 ,
2267 2323 2388 2377 quze
2423 2323 2603 2376 neque
2638 2308 2869 2363 alterius
2904 2309 3003 2362 via:
3035 2307 3337 2374 flexiones,
3372 2318 3426 2364 et
3455 2309 3635 2366 diver—

2056 2397 2228 2451 ticula
2283 2396 2748 2468 comprehendit;
2802 2406 2967 2468 atque
3008 2413 3074 2452 ex
3130 2398 3232 2453 hac
3276 2398 3463 2470 aliquo
3503 2414 3637 2455 sane

2058 2488 2221 2543 modo
2268 2488 2555 2544 deflectere
2600 2488 2838 2543 fortasse
2882 2489 3187 2558 periculum
3234 2498 3355 2555 est,
3401 2507 3469 2545 ne
3509 2492 3636 2560 quis

2058 2580 2275 2634 labatur
2307 2588 2362 2634 et
2394 2578 2673 2634 concidat.
2715 2580 2771 2632 Si
2812 2581 2924 2634 haec
2959 2580 3033 2634 ita
3067 2598 3125 2637 se
3155 2581 3397 2648 habent,
3431 2582 3635 2636 multo-

2056 2688 2177 2726 rum
2212 2688 2313 2728 nos
2349 2671 2815 2726 consuetudinem
2838 2710 2853 2734 ,
2888 2672 3073 2741 quoad
3108 2672 3230 2741 ejus
3266 2672 3381 2727 ﬁeri
3417 2682 3635 2743 potest,

2056 2762 2330 2817 moderari
2382 2771 2645 2832 oportet:
2697 2763 2789 2832 qui
2851 2764 2997 2817 enim
3048 2771 3242 2817 contra
3300 2762 3638 2819 foedissimas

2055 2856 2367 2923 voluptates
2411 2853 2822 2924 pugnacissime
2867 2868 2927 2909 se
2966 2854 3304 2919 defendunt,
3340 2870 3435 2910 eas
3464 2870 3594 2910 vero
3617 2895 3633 2919 ,

2056 2962 2179 3014 quae
2234 2945 2289 2998 in
2342 2945 2647 2999 honoribus
2703 2952 2870 3014 atque
2924 2944 3140 3015 imperii
3199 2946 3636 3015 appetitionibus

2055 3037 2365 3099 exsistunt,
2405 3035 2719 3104 voluptates
2761 3043 3192 3099 consectantur,
3238 3037 3293 3090 hi
3337 3038 3472 3093 nihil
3514 3056 3635 3094 om-

2056 3126 2190 3178 nino
2216 3124 2484 3179 dissimile
2526 3124 2741 3179 faciunt
2773 3141 2838 3180 ac
2882 3126 2928 3181 si
2967 3127 3091 3197 quis
3141 3143 3335 3183 servus
3364 3130 3634 3187 libertatis

2056 3217 2277 3277 avidus,
2310 3226 2522 3272 mature
2549 3232 2772 3288 operam
2794 3216 2922 3284 det,
2947 3233 3056 3272 non
3084 3228 3144 3273 ut
3170 3234 3200 3272 a
3232 3221 3496 3276 servitute
3516 3223 3637 3276 vin-

372 3292 592 3388 πάντες,
628 3325 734 3378 κᾶν
775 3324 850 3395 μὴ
865 3292 979 3375 ’ὑπὸ
998 3292 1107 3375 τῶν
1138 3292 1319 3374 αὐτῶν
1347 3292 1723 3391 κυριε-ύωνται,
1762 3315 1866 3379 ἕως
1889 3292 1949 3368 ἂν

2060 3307 2296 3370 dicetur,
2326 3321 2453 3359 cum
2486 3307 2540 3360 in
2572 3320 2639 3362 eo
2663 3307 2975 3363 libertatem
3001 3325 3126 3365 esse
3156 3320 3341 3380 putet,
3374 3313 3420 3368 si
3448 3313 3517 3368 ab
3542 3330 3632 3380 eo,

374 3415 511 3480 ὅλως
540 3417 809 3487 ἐπικρατῇ
834 3432 919 3477 τις
938 3412 1115 3467 αὐτῶν
1143 3411 1281 3482 μετὰ
1304 3409 1622 3472 δυναστείας
1645 3408 1809 3479 ἀρχή.
1834 3405 1956 3459 Εἰσὶ

371 3508 427 3561 δὲ
464 3508 623 3562 πάλιν
652 3510 701 3561 οἳ
725 3511 791 3579 τῇ
828 3505 994 3576 πολλῇ
1033 3504 1169 3574 πρὸς
1196 3502 1295 3566 τὰς
1323 3501 1516 3573 ἡδονὰς
1556 3499 1727 3571 μάχῃ,
1756 3498 1955 3551 εὐκατ-

372 3601 660 3669 αγώνιστοί
684 3617 802 3663 πως
830 3598 910 3668 τῷ
942 3596 1305 3666 ἀντικειμένῳ
1343 3592 1505 3647 πάθει
1544 3592 1826 3661 γεγόνασι,
1860 3589 1956 3642 καὶ

372 3692 430 3744 ἐν
466 3692 532 3760 τῇ
564 3687 930 3759 ἐπιτεταμένῃ
972 3687 1072 3755 τῆς
1110 3685 1255 3755 ζωῆς
1298 3681 1574 3753 ἀκριϐείᾳ,
1605 3680 1827 3744 λύπαις,
1861 3681 1954 3733 καὶ

368 3780 763 3853 παροξυσμοῖς,
798 3780 892 3833 κα)⁸
923 3776 1327 3849 μνησικακίαις,
1351 3773 1446 3827 καὶ
1476 3774 1589 3835 τοῖς
1617 3770 1823 3834 λοιποῖς
1850 3771 1954 3824 πᾶα

375 3890 481 3938 σιν,
504 3874 602 3927 ὅσα
627 3872 762 3943 πρὸς
787 3873 846 3924 τὸ
872 3870 1113 3924 ἐναντίον
1136 3867 1231 3921 τοῦ
1254 3866 1396 3920 κατά
1412 3866 1511 3936 τὴν
1534 3865 1727 3935 ἡδονὴν
1749 3863 1953 3927 πάθους

376 3965 860 4035 ἀντικαθέστηκεν,
893 3962 1131 4025 εὐκόλως
1157 3978 1215 4013 τε
1259 3958 1594 4019 ἁλίσκονται,
1627 3956 1722 4010 καὶ
1758 3955 1951 4024 δυσχε-

374 4056 483 4130 ρῶς
509 4055 842 4109 διεκδύνουσι
862 4069 878 4085 ⁸
905 4052 1062 4107 τοῦτο
1092 4053 1149 4106 δὲ
1178 4050 1405 4120 γίνεται,
1426 4049 1553 4102 ὅταν
1584 4046 1659 4118 μὴ
1682 4049 1711 4100 6
1736 4046 1891 4115 λόγος
1924 4048 1953 4100 6

375 4148 489 4201 κατ’
518 4147 739 4219 ἀρετὴν,
762 4145 898 4200 ἀλλὰ
918 4163 972 4198 τι
995 4144 1164 4207 πάθος
1186 4142 1286 4212 τῆς
1307 4140 1449 4194 κατὰ
1474 4139 1564 4192 τὸν
1590 4136 1705 4207 βίον
1727 4138 1952 4206 πορείας

377 4238 703 4309 ἡγεμονεύῃ.
744 4237 807 4290 'H
855 4236 951 4306 μὲν
990 4234 1098 4306 γὰρ
1132 4233 1318 4303 ἐντολὴ
1361 4230 1452 4284 τοῦ
1500 4228 1705 4300 Κυρίου
1749 4228 1952 4298 σφόδρα

378 4329 671 4401 τηλαυγὴς,
708 4328 785 4391 ὼς
812 4328 907 4381 καὶ
940 4327 1149 4398 νηπίων
1182 4321 1492 4393 ὀφθαλμοὺς
1520 4318 1776 4388 φωτίσαι,
1804 4321 1950 4388 μόνῳ

376 4419 448 4491 τῷ
480 4419 600 4490 Θεῷ
647 4416 1082 4489 προσκολλᾶσθαι
1112 4414 1314 4484 ἀγαθὸν
1357 4407 1496 4465 εἷναι
1528 4410 1760 4480 λέγουσα
1780 4426 1795 4441 ο
1836 4411 1865 4461 ὁ
1893 4408 1949 4462 δὲ

372 4513 501 4577 Θεὸς
532 4512 655 4566 οὔτε
676 4512 822 4581 λύπη
849 4509 1018 4574 ἐστὶν,
1043 4507 1165 4562 οὔτε
1193 4504 1376 4576 ἡδονὴ,
1410 4501 1534 4555 οὕτε
1558 4502 1749 4563 δειλία,
1772 4501 1806 4571 ἢ
1825 4500 1950 4572 θρά-

371 4622 483 4671 σος,
514 4604 547 4676 ἢ
583 4604 768 4674 φόϐος,
820 4602 854 4673 ἢ
885 4601 1045 4673 ὀργὴ,
1079 4597 1117 4669 ἢ
1160 4596 1289 4651 ἄλλο
1319 4613 1374 4649 τι
1414 4592 1651 4648 τοιοῦτον
1697 4590 1889 4654 πάθος,
1919 4589 1947 4643 ὂ

356 4697 467 4766 ,τῆς
516 4694 839 4749 ἀπαιδεύτου
894 4689 1136 4763 κυριεύει
1179 4688 1391 4759 ψυχῆςο
1434 4685 1550 4739 ἀλλ’
1597 4683 1673 4746 ὦς
1712 4698 1875 4753 φησιν
1918 4681 1946 4732 6

357 4786 724 4848 .Ἀπόστολος,
750 4782 1045 4852 αὐτοσοφία
1073 4781 1167 4835 καὶ
1192 4778 1482 4849 ἁγιασμὸς,
1510 4774 1739 4846 ἀλήθειά
1763 4790 1823 4826 τε
1853 4772 1946 4826 καὶ

367 4879 532 4951 χαρὰ,
564 4878 657 4933 καὶ
684 4878 897 4947 εἰρήνη,
935 4875 1027 4927 καὶ
1048 4874 1147 4926 ὅσα
1176 4870 1421 4926 τοιαῦτα.
1460 4868 1585 4930 Πῶς
1615 4862 1707 4920 οὖν
1730 4865 1843 4919 ἔστι
1866 4864 1945 4934 τῷ

350 4971 537 5027 ,ταῦτα
595 4970 709 5024 δντι
752 4963 1215 5038 προσκολληθῆναι
1259 4962 1350 5014 τὸν
1396 4959 1501 5012 ὑπὸ
1540 4957 1648 5009 τῶν
1690 4955 1944 5009 ἐναντίων

367 5062 771 5135 κρατούμενον;
800 5058 873 5111 ,Ἢ
924 5054 1041 5119 πῶς
1090 5053 1190 5106 οὐκ
1238 5051 1429 5119 ἄλογον
1465 5047 1555 5101 τὸν
1599 5045 1676 5117 τῷ
1722 5045 1801 5099 ἐνί
1838 5061 1943 5097 τινι

374 5154 475 5207 τῶν
504 5150 693 5206 παθῶν
720 5150 869 5212 ὃπως
901 5147 976 5219 μὴ
1020 5143 1285 5215 ὑπαχθείη
1323 5140 1706 5205 σπουδάζοντα,
1742 5135 1943 5208 ἀρετὴν

372 5244 607 5312 νομίζειν
641 5241 705 5296 τὸ
729 5238 1133 5309 ἀντικείμενον;
1158 5229 1302 5296 Οἶον,
1329 5232 1519 5304 ἡδονὴν
1553 5230 1652 5300 μέν
1683 5228 1941 5299 φυγόντα,

371 5334 511 5405 λύπῃ
538 5331 865 5403 κατέχεσθαι
888 5346 901 5361 ο
939 5329 1000 5382 τὸ
1023 5328 1078 5381 δὲ
1118 5325 1289 5397 θρασὺ
1317 5322 1414 5379 καὶ
1445 5320 1712 5393 προπετὲς
1738 5317 1944 5373 διακλί⁶

373 5441 546 5487 νοντα,
577 5423 750 5495 δειλίᾳ
782 5419 1069 5475 ταπεινοῦν
1095 5418 1193 5489 τὴν
1219 5414 1419 5485 ψυχήνο
1455 5412 1488 5483 ἢ
1515 5411 1705 5482 θυμοῖς
1731 5410 1944 5465 ἀνάλω-

371 5533 458 5570 τον
492 5515 674 5587 μένειν
713 5513 1104 5576 ἐσπουδακότα,
1139 5504 1536 5576 κατεπτηχέναι
1566 5501 1643 5574 τῷ
1675 5502 1844 5572 φόὁῳ.
1876 5499 1943 5554 Τί

371 5607 478 5679 γὰρ
524 5606 770 5677 διαφέρει
798 5603 971 5668 οὕτως
999 5602 1041 5672 ἢ
1077 5601 1248 5663 ἄλλως
1292 5595 1392 5668 τῆς
1429 5592 1633 5665 ἀρετῆς
1674 5592 1947 5658 ἐκπεσεῖν,

2060 3399 2114 3450 in
2150 3398 2311 3466 cujus
2346 3406 2621 3467 potestate
2653 3399 2791 3461 fuit,
2821 3400 2887 3455 ad
2929 3401 3099 3455 alium
3132 3402 3414 3459 dominum
3448 3414 3635 3463 trans-

2057 3487 2283 3544 feratur.
2330 3486 2483 3542 Servi
2517 3490 2664 3544 enim
2713 3492 2832 3560 pari
2865 3493 3184 3548 conditione
3228 3510 3421 3552 omnes
3463 3506 3630 3565 sunt,

2055 3580 2311 3651 quamvis
2344 3596 2452 3635 non
2487 3583 2805 3637 eorumdem
2839 3584 3188 3640 dominorum
3220 3586 3451 3659 imperio
3482 3603 3635 3661 pote-

2055 3681 2267 3729 statere
2314 3680 2626 3738 teneantur,
2668 3689 2790 3729 eum
2834 3691 2978 3730 unus
3007 3677 3209 3747 aliquis
3238 3680 3350 3736 illis
3379 3682 3625 3740 domine-

2054 3772 2166 3828 tur,
2204 3771 2368 3834 atqne
2400 3779 2524 3818 cum
2559 3772 2831 3834 potestate
2860 3767 3112 3837 imperet.
3148 3766 3474 3841 Rursusque
3502 3782 3633 3829 sttnt

2054 3857 2301 3927 plerique
2347 3856 2443 3927 qui
2492 3856 2665 3911 multo
2708 3865 2899 3912 contra
2949 3859 3049 3914 has
3094 3861 3405 3932 voluptates
3448 3876 3631 3921 certa-

2054 3948 2223 4010 mine,
2242 3946 2405 4002 facile
2434 3949 2841 4017 qnodammodo
2868 3959 2997 4005 sunt
3026 3952 3094 4006 ab
3122 3953 3441 4009 adversario
3469 3972 3632 4027 snpe-

2052 4040 2188 4106 rati,
2218 4046 2384 4111 atque
2418 4040 2472 4094 in
2508 4050 2773 4095 accurata
2798 4041 3046 4112 beneque
3073 4043 3378 4099 constituta
3412 4046 3629 4103 vivendi

2051 4132 2305 4195 ratione,
2353 4131 2643 4187 doloribus
2690 4140 2745 4186 et
2800 4133 2969 4188 animi
3023 4135 3523 4202 concitationibus,
3574 4145 3632 4194 et

2051 4224 2318 4278 malorum
2362 4221 2870 4292 recordationibus,
2905 4232 2963 4280 et
2997 4225 3211 4280 caeteris
3242 4227 3480 4298 denique
3510 4244 3629 4284 om-

2053 4316 2217 4370 nibus
2250 4331 2373 4385 qua:
2417 4323 2610 4370 contra
2651 4316 2798 4371 hunc
2834 4315 3131 4386 voluptatis
3170 4315 3423 4371 aﬂ‘ectmn
3461 4318 3629 4373 resti-

2050 4416 2264 4472 terunt,
2296 4421 2421 4461 cum
2455 4406 2616 4461 facile
2646 4414 3057 4476 expugnantur,
3089 4416 3202 4462 tum
3233 4407 3529 4465 diﬂiculter
3558 4411 3631 4466 ab

2048 4498 2119 4553 iis
2150 4498 2494 4552 liberantur:
2530 4498 2745 4568 hocque
2771 4505 2887 4553 tum
2917 4499 3158 4566 accidit,
3188 4515 3313 4554 cum
3345 4516 3457 4556 non
3488 4505 3630 4558 ratio

2046 4588 2236 4642 virtuti
2268 4597 2679 4651 consentanea,
2728 4587 2823 4644 sed
2873 4589 3043 4643 animi
3091 4589 3306 4645 affectio
3353 4593 3627 4663 quaepiam

2053 4679 2178 4734 vita:
2208 4694 2432 4735 cursum
2461 4680 2668 4749 dirigit.
2699 4678 3040 4750 Praeceptum
3082 4680 3230 4735 enim
3275 4681 3490 4736 Domini
3540 4684 3627 4738 ln-

2053 4768 2235 4825 cidnm
2266 4770 2424 4825 valde
2447 4779 2534 4826 est
2561 4770 2632 4834 ’°,
2664 4779 2724 4824 ut
2764 4771 2850 4825 vel
2878 4770 3171 4825 infantium
3202 4772 3397 4827 oculos
3423 4772 3627 4827 illumi-

2050 4869 2180 4927 net,
2226 4861 2530 4932 eademque
2574 4862 2709 4917 dicit
2766 4862 2868 4917 soli
2921 4860 3032 4917 Deo
3084 4863 3368 4919 adhaerere
3418 4864 3623 4918 bonum

2048 4966 2172 5007 esse
2201 4952 2289 5006 ³⁸ε
2323 4953 2591 5022 siquidem
2631 4968 2812 5023 neque
2854 4953 3013 5007 dolor
3034 4962 3120 5009 est
3167 4952 3470 5021 Dominus,
3512 4970 3624 5010 non

2047 5044 2301 5113 voluptas
2324 5084 2339 5108 ,
2371 5060 2480 5099 non
2509 5045 2774 5111 formido,
2810 5060 2923 5099 non
2952 5046 3181 5101 audacia
3201 5085 3217 5110 ,
3248 5054 3343 5099 aut
3381 5047 3460 5099 ira
3482 5086 3497 5109 ,
3528 5055 3624 5101 ant

2048 5133 2250 5203 aliquis
2286 5134 2602 5203 hujusmodi
2637 5133 2897 5200 affectus,
2928 5134 3025 5204 qui
3062 5137 3117 5189 in
3150 5136 3337 5190 animo
3370 5135 3494 5190 rudi
3525 5136 3623 5191 do-

2047 5226 2328 5293 minatur;
2360 5233 2416 5279 at
2452 5226 2718 5297 sapientia
2762 5227 2881 5297 ipsa
2921 5237 3037 5291 est,
3086 5227 3264 5297 inquit
3290 5228 3620 5298 Apostolus,

2047 5316 2433 5380 sanctiﬁcatio,
2469 5318 2708 5382 veritas,
2741 5333 2880 5389 pax,
2909 5325 2964 5373 et
3005 5317 3297 5389 gaudium,
3328 5318 3622 5389 omniaque

2044 5409 2153 5465 alia
2182 5408 2235 5464 id
2252 5409 2472 5481 generis
2490 5411 2556 5467 ³⁸.
2584 5409 2703 5478 Quo
2719 5411 2886 5483 igitur
2909 5410 3073 5466 modo
3099 5410 3229 5465 huic
3248 5410 3474 5481 junctus
3498 5426 3621 5467 esse

2046 5507 2230 5571 potest
2255 5500 2301 5555 is
2317 5538 2335 5563 ,
2359 5501 2455 5571 qui
2496 5501 2792 5557 contrariis
2823 5500 3114 5559 affectibus
3157 5508 3377 5558 tenetur
3399 5501 3446 5533 ⁸⁸
3466 5501 3490 5556 2
3513 5500 3620 5555 Aut

2047 5607 2161 5662 quo
2189 5591 2354 5647 modo
2383 5588 2493 5648 neu
2527 5591 2833 5648 absurdum
2861 5601 2981 5661 est,
3010 5609 3135 5651 eum
3160 5595 3255 5666 qui
3289 5593 3532 5653 studium
3563 5593 3618 5648 in

434 5765 480 5800 ⁸ο
509 5763 555 5818 ιι
587 5764 711 5819 Cor.
743 5780 819 5832 v1,
859 5762 941 5821 ιι,
1018 5762 1063 5794 ³⁸
1101 5759 1244 5817 Psai.
1274 5772 1428 5823 svnt,
1459 5757 1514 5813 9.
1590 5755 1631 5787 ³³
1674 5752 1816 5809 Psal.
1860 5767 1949 5807 ιιι

2058 5751 2150 5806 28.
2225 5729 2547 5821 ³¹ιϐοιν.ἰ,
2595 5748 2687 5807 30.
2753 5748 2982 5809 “Rom.
3016 5767 3140 5824 ιιν,
3180 5751 3264 5807 17.
