  <div class='ocr_page' id='page_1' title='image "/cluster/home/n/w/nwhite01/storage/ocr_20150623/46/nnc1.0046978380/201.png"; bbox 0 0 4124 6352; ppageno 0'>
   <div class='ocr_carea' id='block_1_1' title="bbox 478 241 2515 309">
    <p class='ocr_par' dir='ltr' id='par_1_1' title="bbox 478 241 2515 309">
     <span class='ocr_line' id='line_1_1' title="bbox 478 241 2515 309; baseline -0.004 -1"><span class='ocrx_word' id='word_1_1' title='bbox 478 249 593 309; x_wconf 67' lang='lat'><strong>$87</strong></span> <span class='ocrx_word' id='word_1_2' title='bbox 1752 246 1811 301; x_wconf 83' lang='lat' dir='ltr'><strong>S.</strong></span> <span class='ocrx_word' id='word_1_3' title='bbox 1850 241 2185 303; x_wconf 75' lang='lat' dir='ltr'><strong>GREGORII</strong></span> <span class='ocrx_word' id='word_1_4' title='bbox 2213 242 2515 303; x_wconf 76' lang='lat' dir='ltr'><strong>NYSSENI</strong></span> 
     </span>
    </p>
   </div>
   <div class='ocr_carea' id='block_1_2' title="bbox 3655 250 3760 303">
    <p class='ocr_par' dir='ltr' id='par_1_2' title="bbox 3655 250 3760 303">
     <span class='ocr_line' id='line_1_2' title="bbox 3655 250 3760 303; baseline 0 0"><span class='ocrx_word' id='word_1_5' title='bbox 3655 250 3760 303; x_wconf 65' lang='lat'><strong>7.38</strong></span> 
     </span>
    </p>
   </div>
   <div class='ocr_carea' id='block_1_3' title="bbox 482 359 2072 440">
    <p class='ocr_par' dir='ltr' id='par_1_3' title="bbox 482 361 2065 440">
     <span class='ocr_line' id='line_1_3' title="bbox 482 361 2065 440; baseline -0.006 -15"><span class='ocrx_word' id='word_1_6' title='bbox 482 384 554 425; x_wconf 80' lang='lat' dir='ltr'><strong>eo</strong></span> <span class='ocrx_word' id='word_1_7' title='bbox 580 368 864 440; x_wconf 59' lang='lat' dir='ltr'><strong>ponit,~ut</strong></span> <span class='ocrx_word' id='word_1_8' title='bbox 904 365 1058 421; x_wconf 88' lang='lat' dir='ltr'><strong>nulla</strong></span> <span class='ocrx_word' id='word_1_9' title='bbox 1095 363 1449 421; x_wconf 68' lang='lat' dir='ltr'><strong>aliectionum</strong></span> <span class='ocrx_word' id='word_1_10' title='bbox 1481 364 1532 417; x_wconf 69' lang='lat' dir='ltr'><strong>vi</strong></span> <span class='ocrx_word' id='word_1_11' title='bbox 1577 361 1917 432; x_wconf 80' lang='lat' dir='ltr'><strong>impellatnr.</strong></span> <span class='ocrx_word' id='word_1_12' title='bbox 1958 376 2065 433; x_wconf 85' lang='lat' dir='ltr'><strong>pu-</strong></span> 
     </span>
    </p>
   </div>
   <div class='ocr_carea' id='block_1_4' title="bbox 2173 359 3873 440">
    <p class='ocr_par' dir='ltr' id='par_1_4' title="bbox 2173 359 3873 436">
     <span class='ocr_line' id='line_1_4' title="bbox 2173 359 3873 436; baseline 0.002 -20"><span class='ocrx_word' id='word_1_13' title='bbox 2173 362 2375 432; x_wconf 72' lang='grc' dir='ltr'>μᾱλλον</span> <span class='ocrx_word' id='word_1_14' title='bbox 2410 362 2469 417; x_wconf 79' lang='grc' dir='ltr'><strong>δέ</strong></span> <span class='ocrx_word' id='word_1_15' title='bbox 2502 359 2670 418; x_wconf 86' lang='grc' dir='ltr'><strong>αύτοῦ</strong></span> <span class='ocrx_word' id='word_1_16' title='bbox 2704 360 2799 416; x_wconf 80' lang='grc' dir='ltr'><strong>τοῦ</strong></span> <span class='ocrx_word' id='word_1_17' title='bbox 2822 360 2959 417; x_wconf 75' lang='grc' dir='ltr'>Θεοῦ</span> <span class='ocrx_word' id='word_1_18' title='bbox 2998 362 3104 428; x_wconf 75' lang='grc' dir='ltr'><strong>ἔξω</strong></span> <span class='ocrx_word' id='word_1_19' title='bbox 3140 363 3418 432; x_wconf 82' lang='grc' dir='ltr'>γενέσθαι,</span> <span class='ocrx_word' id='word_1_20' title='bbox 3448 363 3507 427; x_wconf 82' lang='grc' dir='ltr'>ὅς</span> <span class='ocrx_word' id='word_1_21' title='bbox 3544 363 3690 416; x_wconf 80' lang='grc' dir='ltr'>ἐστιν</span> <span class='ocrx_word' id='word_1_22' title='bbox 3723 365 3756 436; x_wconf 77' lang='grc' dir='ltr'><strong>η</strong></span> <span class='ocrx_word' id='word_1_23' title='bbox 3861 407 3873 420; x_wconf 92' lang='grc'><strong>.</strong></span> 
     </span>
    </p>
   </div>
   <div class='ocr_carea' id='block_1_5' title="bbox 483 453 2072 530">
    <p class='ocr_par' dir='ltr' id='par_1_5' title="bbox 483 453 2072 530">
     <span class='ocr_line' id='line_1_5' title="bbox 483 453 2072 530; baseline -0.004 -14"><span class='ocrx_word' id='word_1_24' title='bbox 483 471 607 518; x_wconf 82' lang='lat' dir='ltr'><strong>tare</strong></span> <span class='ocrx_word' id='word_1_25' title='bbox 638 460 695 515; x_wconf 93' lang='lat' dir='ltr'><strong>in</strong></span> <span class='ocrx_word' id='word_1_26' title='bbox 721 474 794 516; x_wconf 90' lang='lat' dir='ltr'><strong>eo</strong></span> <span class='ocrx_word' id='word_1_27' title='bbox 832 459 980 530; x_wconf 90' lang='lat' dir='ltr'><strong>quod</strong></span> <span class='ocrx_word' id='word_1_28' title='bbox 1021 456 1367 512; x_wconf 87' lang='lat' dir='ltr'><strong>contrarium</strong></span> <span class='ocrx_word' id='word_1_29' title='bbox 1410 464 1532 519; x_wconf 87' lang='lat' dir='ltr'><strong>est,</strong></span> <span class='ocrx_word' id='word_1_30' title='bbox 1584 470 1711 510; x_wconf 87' lang='lat' dir='ltr'><strong>esse</strong></span> <span class='ocrx_word' id='word_1_31' title='bbox 1761 453 2072 510; x_wconf 76' lang='lat' dir='ltr'><strong>virtutem?</strong></span> 
     </span>
    </p>
   </div>
   <div class='ocr_carea' id='block_1_6' title="bbox 2173 453 3783 530">
    <p class='ocr_par' dir='ltr' id='par_1_6' title="bbox 2173 453 3783 529">
     <span class='ocr_line' id='line_1_6' title="bbox 2173 453 3783 529; baseline 0.004 -22"><span class='ocrx_word' id='word_1_32' title='bbox 2173 453 2439 526; x_wconf 77' lang='grc' dir='ltr'>παντελὴς</span> <span class='ocrx_word' id='word_1_33' title='bbox 2479 455 2685 526; x_wconf 61' lang='lat' dir='ltr'><strong>aps-:13;</strong></span> <span class='ocrx_word' id='word_1_34' title='bbox 2718 456 2825 509; x_wconf 77' lang='grc' dir='ltr'><strong>Καὶ</strong></span> <span class='ocrx_word' id='word_1_35' title='bbox 2855 454 2965 526; x_wconf 87' lang='grc' dir='ltr'><strong>γάρ</strong></span> <span class='ocrx_word' id='word_1_36' title='bbox 3001 457 3094 510; x_wconf 81' lang='grc' dir='ltr'>ἐπὶ</span> <span class='ocrx_word' id='word_1_37' title='bbox 3123 456 3231 510; x_wconf 80' lang='grc' dir='ltr'>τῶν</span> <span class='ocrx_word' id='word_1_38' title='bbox 3265 456 3358 512; x_wconf 79' lang='grc' dir='ltr'>τοῦ</span> <span class='ocrx_word' id='word_1_39' title='bbox 3382 456 3634 528; x_wconf 81' lang='grc' dir='ltr'>σώματος</span> <span class='ocrx_word' id='word_1_40' title='bbox 3657 458 3783 529; x_wconf 73' lang='grc' dir='ltr'>ἀῤ-,</span> 
     </span>
    </p>
   </div>
   <div class='ocr_carea' id='block_1_7' title="bbox 486 548 2070 623">
    <p class='ocr_par' dir='ltr' id='par_1_7' title="bbox 486 548 2070 623">
     <span class='ocr_line' id='line_1_7' title="bbox 486 548 2070 623; baseline -0.005 -11"><span class='ocrx_word' id='word_1_41' title='bbox 486 556 650 613; x_wconf 81' lang='lat' dir='ltr'><strong>Verbi</strong></span> <span class='ocrx_word' id='word_1_42' title='bbox 679 567 880 619; x_wconf 86' lang='lat' dir='ltr'><strong>causa,</strong></span> <span class='ocrx_word' id='word_1_43' title='bbox 914 552 960 609; x_wconf 88' lang='lat' dir='ltr'><strong>si</strong></span> <span class='ocrx_word' id='word_1_44' title='bbox 992 552 1087 623; x_wconf 87' lang='lat' dir='ltr'><strong>qui</strong></span> <span class='ocrx_word' id='word_1_45' title='bbox 1132 552 1465 622; x_wconf 84' lang='lat' dir='ltr'><strong>voluptatem</strong></span> <span class='ocrx_word' id='word_1_46' title='bbox 1516 550 1683 620; x_wconf 89' lang='lat' dir='ltr'><strong>t‘ugit,</strong></span> <span class='ocrx_word' id='word_1_47' title='bbox 1741 549 1934 605; x_wconf 83' lang='lat' dir='ltr'><strong>dolore</strong></span> <span class='ocrx_word' id='word_1_48' title='bbox 1980 548 2070 604; x_wconf 85' lang='lat' dir='ltr'><strong>hic</strong></span> 
     </span>
    </p>
   </div>
   <div class='ocr_carea' id='block_1_8' title="bbox 484 638 2068 716">
    <p class='ocr_par' dir='ltr' id='par_1_8' title="bbox 484 638 2068 716">
     <span class='ocr_line' id='line_1_8' title="bbox 484 638 2068 716; baseline -0.008 -14"><span class='ocrx_word' id='word_1_49' title='bbox 484 650 780 703; x_wconf 82' lang='lat' dir='ltr'><strong>vincatur:</strong></span> <span class='ocrx_word' id='word_1_50' title='bbox 807 645 974 716; x_wconf 87' lang='lat' dir='ltr'><strong>quive</strong></span> <span class='ocrx_word' id='word_1_51' title='bbox 1000 644 1289 697; x_wconf 78' lang='lat' dir='ltr'><strong>audaciam</strong></span> <span class='ocrx_word' id='word_1_52' title='bbox 1317 656 1383 695; x_wconf 90' lang='lat' dir='ltr'><strong>ac</strong></span> <span class='ocrx_word' id='word_1_53' title='bbox 1412 643 1775 695; x_wconf 87' lang='lat' dir='ltr'><strong>temeritatem</strong></span> <span class='ocrx_word' id='word_1_54' title='bbox 1805 638 2068 702; x_wconf 89' lang='lat' dir='ltr'><strong>declinat,</strong></span> 
     </span>
    </p>
   </div>
   <div class='ocr_carea' id='block_1_9' title="bbox 486 730 2069 815">
    <p class='ocr_par' dir='ltr' id='par_1_9' title="bbox 486 730 2069 815">
     <span class='ocr_line' id='line_1_9' title="bbox 486 730 2069 815; baseline -0.006 -20"><span class='ocrx_word' id='word_1_55' title='bbox 486 755 600 815; x_wconf 55' lang='lat' dir='ltr'><strong>prae,</strong></span> <span class='ocrx_word' id='word_1_56' title='bbox 645 738 944 795; x_wconf 86' lang='lat' dir='ltr'><strong>timiditate</strong></span> <span class='ocrx_word' id='word_1_57' title='bbox 977 737 1026 792; x_wconf 88' lang='lat' dir='ltr'><strong>is</strong></span> <span class='ocrx_word' id='word_1_58' title='bbox 1071 735 1314 790; x_wconf 87' lang='lat' dir='ltr'><strong>animum</strong></span> <span class='ocrx_word' id='word_1_59' title='bbox 1362 740 1678 804; x_wconf 73' lang='lat' dir='ltr'><strong>prosternat</strong></span> <span class='ocrx_word' id='word_1_60' title='bbox 1720 741 1885 803; x_wconf 86' lang='lat' dir='ltr'><strong>atque</strong></span> <span class='ocrx_word' id='word_1_61' title='bbox 1929 730 2069 801; x_wconf 68' lang='lat' dir='ltr'><strong>abjio</strong></span> 
     </span>
    </p>
   </div>
   <div class='ocr_carea' id='block_1_10' title="bbox 480 823 2067 902">
    <p class='ocr_par' dir='ltr' id='par_1_10' title="bbox 480 823 2067 902">
     <span class='ocr_line' id='line_1_10' title="bbox 480 823 2067 902; baseline -0.006 -14"><span class='ocrx_word' id='word_1_62' title='bbox 480 836 633 899; x_wconf 83' lang='lat' dir='ltr'><strong>ciat,</strong></span> <span class='ocrx_word' id='word_1_63' title='bbox 671 839 767 887; x_wconf 84' lang='lat' dir='ltr'><strong>aut</strong></span> <span class='ocrx_word' id='word_1_64' title='bbox 795 830 891 902; x_wconf 86' lang='lat' dir='ltr'><strong>qui</strong></span> <span class='ocrx_word' id='word_1_65' title='bbox 926 828 1134 885; x_wconf 82' lang='lat' dir='ltr'><strong>invicto</strong></span> <span class='ocrx_word' id='word_1_66' title='bbox 1180 842 1307 883; x_wconf 89' lang='lat' dir='ltr'><strong>esse</strong></span> <span class='ocrx_word' id='word_1_67' title='bbox 1337 826 1526 880; x_wconf 87' lang='lat' dir='ltr'><strong>animo</strong></span> <span class='ocrx_word' id='word_1_68' title='bbox 1560 825 1805 888; x_wconf 77' lang='lat' dir='ltr'><strong>studuit,</strong></span> <span class='ocrx_word' id='word_1_69' title='bbox 1840 823 1890 880; x_wconf 92' lang='lat' dir='ltr'><strong>is</strong></span> <span class='ocrx_word' id='word_1_70' title='bbox 1920 832 2067 878; x_wconf 84' lang='lat' dir='ltr'><strong>metu</strong></span> 
     </span>
    </p>
   </div>
   <div class='ocr_carea' id='block_1_11' title="bbox 488 910 2099 986">
    <p class='ocr_par' dir='ltr' id='par_1_11' title="bbox 488 910 2099 986">
     <span class='ocr_line' id='line_1_11' title="bbox 488 910 2099 986; baseline -0.007 -5"><span class='ocrx_word' id='word_1_71' title='bbox 488 928 703 981; x_wconf 75' lang='lat' dir='ltr'><strong>tractus</strong></span> <span class='ocrx_word' id='word_1_72' title='bbox 731 922 1019 979; x_wconf 81' lang='lat' dir='ltr'><strong>ceciderit.</strong></span> <span class='ocrx_word' id='word_1_73' title='bbox 1052 918 1196 986; x_wconf 85' lang='lat' dir='ltr'><strong>Quid</strong></span> <span class='ocrx_word' id='word_1_74' title='bbox 1224 922 1371 974; x_wconf 86' lang='lat' dir='ltr'><strong>enim</strong></span> <span class='ocrx_word' id='word_1_75' title='bbox 1401 918 1673 981; x_wconf 86' lang='lat' dir='ltr'><strong>interest,</strong></span> <span class='ocrx_word' id='word_1_76' title='bbox 1710 917 1814 971; x_wconf 86' lang='lat' dir='ltr'><strong>hoc</strong></span> <span class='ocrx_word' id='word_1_77' title='bbox 1854 930 1924 970; x_wconf 90' lang='lat' dir='ltr'><strong>an</strong></span> <span class='ocrx_word' id='word_1_78' title='bbox 1974 910 2099 970; x_wconf 69' lang='lat' dir='ltr'><strong>ilto&#39;</strong></span> 
     </span>
    </p>
   </div>
   <div class='ocr_carea' id='block_1_12' title="bbox 484 1004 2069 1087">
    <p class='ocr_par' dir='ltr' id='par_1_12' title="bbox 484 1004 2069 1087">
     <span class='ocr_line' id='line_1_12' title="bbox 484 1004 2069 1087; baseline -0.008 -14"><span class='ocrx_word' id='word_1_79' title='bbox 484 1017 651 1073; x_wconf 87' lang='lat' dir='ltr'><strong>modo</strong></span> <span class='ocrx_word' id='word_1_80' title='bbox 693 1014 822 1087; x_wconf 86' lang='lat' dir='ltr'><strong>quis</strong></span> <span class='ocrx_word' id='word_1_81' title='bbox 860 1027 892 1068; x_wconf 79' lang='grc' dir='ltr'><strong>ιι</strong></span> <span class='ocrx_word' id='word_1_82' title='bbox 935 1015 1141 1069; x_wconf 72' lang='lat' dir='ltr'><strong>virtute</strong></span> <span class='ocrx_word' id='word_1_83' title='bbox 1185 1011 1380 1074; x_wconf 84' lang='lat' dir='ltr'><strong>cadat,</strong></span> <span class='ocrx_word' id='word_1_84' title='bbox 1409 1010 1497 1064; x_wconf 89' lang='lat' dir='ltr'><strong>vel</strong></span> <span class='ocrx_word' id='word_1_85' title='bbox 1545 1007 1731 1079; x_wconf 82' lang='lat' dir='ltr'><strong>potius</strong></span> <span class='ocrx_word' id='word_1_86' title='bbox 1770 1022 1832 1063; x_wconf 89' lang='lat' dir='ltr'><strong>se</strong></span> <span class='ocrx_word' id='word_1_87' title='bbox 1877 1020 1909 1060; x_wconf 85' lang='lat' dir='ltr'><strong>a</strong></span> <span class='ocrx_word' id='word_1_88' title='bbox 1958 1004 2069 1061; x_wconf 91' lang='lat' dir='ltr'><strong>Deo</strong></span> 
     </span>
    </p>
   </div>
   <div class='ocr_carea' id='block_1_13' title="bbox 484 1097 2068 1180">
    <p class='ocr_par' dir='ltr' id='par_1_13' title="bbox 484 1097 2068 1180">
     <span class='ocr_line' id='line_1_13' title="bbox 484 1097 2068 1180; baseline -0.008 -15"><span class='ocrx_word' id='word_1_89' title='bbox 484 1113 612 1180; x_wconf 89' lang='lat' dir='ltr'><strong>ipso</strong></span> <span class='ocrx_word' id='word_1_90' title='bbox 640 1112 953 1169; x_wconf 83' lang='lat' dir='ltr'><strong>removeat,</strong></span> <span class='ocrx_word' id='word_1_91' title='bbox 981 1104 1075 1175; x_wconf 90' lang='lat' dir='ltr'><strong>qui</strong></span> <span class='ocrx_word' id='word_1_92' title='bbox 1104 1102 1283 1157; x_wconf 87' lang='lat' dir='ltr'><strong>virtus</strong></span> <span class='ocrx_word' id='word_1_93' title='bbox 1322 1100 1578 1155; x_wconf 84' lang='lat' dir='ltr'><strong>absoluta</strong></span> <span class='ocrx_word' id='word_1_94' title='bbox 1622 1106 1738 1164; x_wconf 76' lang='lat' dir='ltr'><strong>est,</strong></span> <span class='ocrx_word' id='word_1_95' title='bbox 1779 1112 1846 1152; x_wconf 87' lang='lat' dir='ltr'><strong>ac</strong></span> <span class='ocrx_word' id='word_1_96' title='bbox 1885 1097 2068 1168; x_wconf 77' lang='lat' dir='ltr'><strong>perfe-</strong></span> 
     </span>
    </p>
   </div>
   <div class='ocr_carea' id='block_1_14' title="bbox 482 1187 2069 1262">
    <p class='ocr_par' dir='ltr' id='par_1_14' title="bbox 482 1187 2069 1262">
     <span class='ocr_line' id='line_1_14' title="bbox 482 1187 2069 1262; baseline -0.004 -13"><span class='ocrx_word' id='word_1_97' title='bbox 482 1206 576 1251; x_wconf 79' lang='lat' dir='ltr'><strong>cta</strong></span> <span class='ocrx_word' id='word_1_98' title='bbox 599 1197 622 1251; x_wconf 72' lang='grc' dir='ltr'><strong><em>τ</em></strong></span> <span class='ocrx_word' id='word_1_99' title='bbox 648 1194 787 1248; x_wconf 84' lang='lat' dir='ltr'><strong>Nam</strong></span> <span class='ocrx_word' id='word_1_100' title='bbox 819 1194 874 1248; x_wconf 92' lang='lat' dir='ltr'><strong>in</strong></span> <span class='ocrx_word' id='word_1_101' title='bbox 906 1191 1290 1262; x_wconf 83' lang='lat' dir='ltr'><strong>corporalibus</strong></span> <span class='ocrx_word' id='word_1_102' title='bbox 1320 1188 1775 1261; x_wconf 62' lang='lat' dir='ltr'><strong>aegrotationibus</strong></span> <span class='ocrx_word' id='word_1_103' title='bbox 1809 1187 1948 1241; x_wconf 86' lang='lat' dir='ltr'><strong>nihil</strong></span> <span class='ocrx_word' id='word_1_104' title='bbox 1982 1203 2069 1243; x_wconf 85' lang='lat' dir='ltr'><strong>re-</strong></span> 
     </span>
    </p>
   </div>
   <div class='ocr_carea' id='block_1_15' title="bbox 486 1278 2067 1357">
    <p class='ocr_par' dir='ltr' id='par_1_15' title="bbox 486 1278 2067 1357">
     <span class='ocr_line' id='line_1_15' title="bbox 486 1278 2067 1357; baseline -0.006 -15"><span class='ocrx_word' id='word_1_105' title='bbox 486 1288 634 1344; x_wconf 81' lang='lat' dir='ltr'><strong>ferre</strong></span> <span class='ocrx_word' id='word_1_106' title='bbox 657 1289 785 1357; x_wconf 87' lang='lat' dir='ltr'><strong>quis</strong></span> <span class='ocrx_word' id='word_1_107' title='bbox 812 1285 1050 1347; x_wconf 78' lang='lat' dir='ltr'><strong>dixerit,</strong></span> <span class='ocrx_word' id='word_1_108' title='bbox 1084 1290 1270 1337; x_wconf 89' lang='lat' dir='ltr'><strong>utrum</strong></span> <span class='ocrx_word' id='word_1_109' title='bbox 1300 1280 1479 1335; x_wconf 88' lang='lat' dir='ltr'><strong>morbi</strong></span> <span class='ocrx_word' id='word_1_110' title='bbox 1514 1280 1669 1336; x_wconf 89' lang='lat' dir='ltr'><strong>tabes</strong></span> <span class='ocrx_word' id='word_1_111' title='bbox 1696 1294 1726 1333; x_wconf 88' lang='lat' dir='ltr'><strong>a</strong></span> <span class='ocrx_word' id='word_1_112' title='bbox 1757 1280 1926 1334; x_wconf 89' lang='lat' dir='ltr'><strong>nimia</strong></span> <span class='ocrx_word' id='word_1_113' title='bbox 1956 1278 2067 1335; x_wconf 89' lang='lat' dir='ltr'><strong>cibi</strong></span> 
     </span>
    </p>
   </div>
   <div class='ocr_carea' id='block_1_16' title="bbox 478 1371 2065 1445">
    <p class='ocr_par' dir='ltr' id='par_1_16' title="bbox 478 1371 2065 1445">
     <span class='ocr_line' id='line_1_16' title="bbox 478 1371 2065 1445; baseline -0.006 -10"><span class='ocrx_word' id='word_1_114' title='bbox 478 1380 754 1435; x_wconf 76' lang='lat' dir='ltr'><strong>tenuitate</strong></span> <span class='ocrx_word' id='word_1_115' title='bbox 774 1379 868 1445; x_wconf 87' lang='lat' dir='ltr'><strong>sit,</strong></span> <span class='ocrx_word' id='word_1_116' title='bbox 896 1392 966 1431; x_wconf 92' lang='lat' dir='ltr'><strong>an</strong></span> <span class='ocrx_word' id='word_1_117' title='bbox 988 1376 1057 1431; x_wconf 89' lang='lat' dir='ltr'><strong>ab</strong></span> <span class='ocrx_word' id='word_1_118' title='bbox 1079 1374 1442 1430; x_wconf 89' lang='lat' dir='ltr'><strong>immoderata</strong></span> <span class='ocrx_word' id='word_1_119' title='bbox 1466 1371 1918 1443; x_wconf 87' lang='lat' dir='ltr'><strong>ingurgitatione,</strong></span> <span class='ocrx_word' id='word_1_120' title='bbox 1941 1386 2065 1426; x_wconf 91' lang='lat' dir='ltr'><strong>cum</strong></span> 
     </span>
    </p>
   </div>
   <div class='ocr_carea' id='block_1_17' title="bbox 476 1463 2070 1541">
    <p class='ocr_par' dir='ltr' id='par_1_17' title="bbox 476 1463 2070 1541">
     <span class='ocr_line' id='line_1_17' title="bbox 476 1463 2070 1541; baseline -0.006 -15"><span class='ocrx_word' id='word_1_121' title='bbox 476 1472 783 1541; x_wconf 79' lang='lat' dir='ltr'><strong>utriusque</strong></span> <span class='ocrx_word' id='word_1_122' title='bbox 820 1467 1209 1523; x_wconf 81' lang='lat' dir='ltr'><strong>imntodcratio</strong></span> <span class='ocrx_word' id='word_1_123' title='bbox 1247 1463 1439 1521; x_wconf 89' lang='lat' dir='ltr'><strong>eodem</strong></span> <span class='ocrx_word' id='word_1_124' title='bbox 1485 1463 1723 1519; x_wconf 83' lang='lat' dir='ltr'><strong>termino</strong></span> <span class='ocrx_word' id='word_1_125' title='bbox 1771 1463 2070 1517; x_wconf 83' lang='lat' dir='ltr'><strong>concluda—</strong></span> 
     </span>
    </p>
   </div>
   <div class='ocr_carea' id='block_1_18' title="bbox 482 1556 2067 1633">
    <p class='ocr_par' dir='ltr' id='par_1_18' title="bbox 482 1556 2067 1633">
     <span class='ocr_line' id='line_1_18' title="bbox 482 1556 2067 1633; baseline -0.005 -14"><span class='ocrx_word' id='word_1_126' title='bbox 482 1564 600 1619; x_wconf 81' lang='lat' dir='ltr'><strong>tur.</strong></span> <span class='ocrx_word' id='word_1_127' title='bbox 646 1562 841 1633; x_wconf 84' lang='lat' dir='ltr'><strong>itaque</strong></span> <span class='ocrx_word' id='word_1_128' title='bbox 883 1560 978 1631; x_wconf 90' lang='lat' dir='ltr'><strong>qui</strong></span> <span class='ocrx_word' id='word_1_129' title='bbox 1016 1566 1072 1615; x_wconf 82' lang='lat' dir='ltr'><strong>et</strong></span> <span class='ocrx_word' id='word_1_130' title='bbox 1118 1558 1289 1613; x_wconf 87' lang='lat' dir='ltr'><strong>animi</strong></span> <span class='ocrx_word' id='word_1_131' title='bbox 1332 1557 1492 1621; x_wconf 62' lang='lat' dir='ltr'><strong>vitae,</strong></span> <span class='ocrx_word' id='word_1_132' title='bbox 1534 1564 1591 1612; x_wconf 89' lang='lat' dir='ltr'><strong>et</strong></span> <span class='ocrx_word' id='word_1_133' title='bbox 1631 1556 1830 1613; x_wconf 87' lang='lat' dir='ltr'><strong>salutis</strong></span> <span class='ocrx_word' id='word_1_134' title='bbox 1873 1570 2067 1611; x_wconf 85' lang='lat' dir='ltr'><strong>curam</strong></span> 
     </span>
    </p>
   </div>
   <div class='ocr_carea' id='block_1_19' title="bbox 486 1648 2068 1724">
    <p class='ocr_par' dir='ltr' id='par_1_19' title="bbox 486 1648 2068 1724">
     <span class='ocr_line' id='line_1_19' title="bbox 486 1648 2068 1724; baseline -0.006 -11"><span class='ocrx_word' id='word_1_135' title='bbox 486 1657 688 1724; x_wconf 66' lang='lat' dir='ltr'><strong>habet,</strong></span> <span class='ocrx_word' id='word_1_136' title='bbox 721 1655 777 1709; x_wconf 89' lang='lat' dir='ltr'><strong>in</strong></span> <span class='ocrx_word' id='word_1_137' title='bbox 809 1653 1092 1708; x_wconf 83' lang='lat' dir='ltr'><strong>moderata</strong></span> <span class='ocrx_word' id='word_1_138' title='bbox 1123 1650 1359 1720; x_wconf 85' lang='lat' dir='ltr'><strong>quadam</strong></span> <span class='ocrx_word' id='word_1_139' title='bbox 1388 1648 1559 1703; x_wconf 91' lang='lat' dir='ltr'><strong>animi</strong></span> <span class='ocrx_word' id='word_1_140' title='bbox 1588 1648 1846 1719; x_wconf 66' lang='lat' dir='ltr'><strong>aequitate</strong></span> <span class='ocrx_word' id='word_1_141' title='bbox 1878 1663 2068 1704; x_wconf 84' lang='lat' dir='ltr'><strong>versa-</strong></span> 
     </span>
    </p>
   </div>
   <div class='ocr_carea' id='block_1_20' title="bbox 488 1711 2146 1818">
    <p class='ocr_par' dir='ltr' id='par_1_20' title="bbox 488 1711 2146 1818">
     <span class='ocr_line' id='line_1_20' title="bbox 488 1711 2146 1818; baseline -0.005 -13"><span class='ocrx_word' id='word_1_142' title='bbox 488 1751 658 1814; x_wconf 83' lang='lat' dir='ltr'><strong>bitur,</strong></span> <span class='ocrx_word' id='word_1_143' title='bbox 688 1746 951 1818; x_wconf 85' lang='lat' dir='ltr'><strong>qnoniam</strong></span> <span class='ocrx_word' id='word_1_144' title='bbox 988 1744 1043 1798; x_wconf 91' lang='lat' dir='ltr'><strong>in</strong></span> <span class='ocrx_word' id='word_1_145' title='bbox 1074 1757 1139 1797; x_wconf 90' lang='lat' dir='ltr'><strong>eo</strong></span> <span class='ocrx_word' id='word_1_146' title='bbox 1170 1749 1488 1812; x_wconf 87' lang='lat' dir='ltr'><strong>permanet,</strong></span> <span class='ocrx_word' id='word_1_147' title='bbox 1521 1749 1581 1796; x_wconf 91' lang='lat' dir='ltr'><strong>ut</strong></span> <span class='ocrx_word' id='word_1_148' title='bbox 1608 1742 1816 1796; x_wconf 89' lang='lat' dir='ltr'><strong>nullam</strong></span> <span class='ocrx_word' id='word_1_149' title='bbox 1850 1755 1973 1795; x_wconf 90' lang='lat' dir='ltr'><strong>cum</strong></span> <span class='ocrx_word' id='word_1_150' title='bbox 2000 1756 2066 1796; x_wconf 88' lang='lat' dir='ltr'><strong>ea</strong></span> <span class='ocrx_word' id='word_1_151' title='bbox 2100 1711 2146 1772; x_wconf 69' lang='grc' dir='ltr'><strong>Β</strong></span> 
     </span>
    </p>
   </div>
   <div class='ocr_carea' id='block_1_21' title="bbox 487 1832 2069 1910">
    <p class='ocr_par' dir='ltr' id='par_1_21' title="bbox 487 1832 2069 1910">
     <span class='ocr_line' id='line_1_21' title="bbox 487 1832 2069 1910; baseline -0.005 -15"><span class='ocrx_word' id='word_1_152' title='bbox 487 1838 849 1910; x_wconf 79' lang='lat' dir='ltr'><strong>repugnantia</strong></span> <span class='ocrx_word' id='word_1_153' title='bbox 878 1838 1203 1891; x_wconf 81' lang='lat' dir='ltr'><strong>societatem</strong></span> <span class='ocrx_word' id='word_1_154' title='bbox 1246 1833 1482 1897; x_wconf 87' lang='lat' dir='ltr'><strong>babeat,</strong></span> <span class='ocrx_word' id='word_1_155' title='bbox 1529 1847 1653 1902; x_wconf 67' lang='lat' dir='ltr'><strong>quae</strong></span> <span class='ocrx_word' id='word_1_156' title='bbox 1695 1832 1770 1887; x_wconf 86' lang='lat' dir='ltr'><strong>sit</strong></span> <span class='ocrx_word' id='word_1_157' title='bbox 1808 1833 2069 1902; x_wconf 89' lang='lat' dir='ltr'><strong>utrinque</strong></span> 
     </span>
    </p>
   </div>
   <div class='ocr_carea' id='block_1_22' title="bbox 485 1923 2070 2000">
    <p class='ocr_par' dir='ltr' id='par_1_22' title="bbox 485 1923 2070 2000">
     <span class='ocr_line' id='line_1_22' title="bbox 485 1923 2070 2000; baseline -0.005 -13"><span class='ocrx_word' id='word_1_158' title='bbox 485 1931 678 1987; x_wconf 77' lang='lat' dir='ltr'><strong>virtuti</strong></span> <span class='ocrx_word' id='word_1_159' title='bbox 708 1930 979 2000; x_wconf 77' lang='lat' dir='ltr'><strong>apposita.</strong></span> <span class='ocrx_word' id='word_1_160' title='bbox 1006 1927 1123 1981; x_wconf 86' lang='lat' dir='ltr'><strong>Non</strong></span> <span class='ocrx_word' id='word_1_161' title='bbox 1152 1941 1272 1981; x_wconf 86' lang='lat' dir='ltr'><strong>mea</strong></span> <span class='ocrx_word' id='word_1_162' title='bbox 1294 1923 1515 1996; x_wconf 87' lang='lat' dir='ltr'><strong>quidem</strong></span> <span class='ocrx_word' id='word_1_163' title='bbox 1542 1925 1658 1980; x_wconf 78' lang='lat' dir='ltr'><strong>haec</strong></span> <span class='ocrx_word' id='word_1_164' title='bbox 1690 1931 1809 1989; x_wconf 90' lang='lat' dir='ltr'><strong>est,</strong></span> <span class='ocrx_word' id='word_1_165' title='bbox 1841 1924 1936 1979; x_wconf 83' lang='lat' dir='ltr'><strong>sed</strong></span> <span class='ocrx_word' id='word_1_166' title='bbox 1970 1940 2070 1980; x_wconf 89' lang='lat' dir='ltr'><strong>vo-</strong></span> 
     </span>
    </p>
   </div>
   <div class='ocr_carea' id='block_1_23' title="bbox 482 2006 2069 2095">
    <p class='ocr_par' dir='ltr' id='par_1_23' title="bbox 482 2006 2069 2095">
     <span class='ocr_line' id='line_1_23' title="bbox 482 2006 2069 2095; baseline -0.007 -15"><span class='ocrx_word' id='word_1_167' title='bbox 482 2006 568 2080; x_wconf 70' lang='lat' dir='ltr'><strong>cis</strong></span> <span class='ocrx_word' id='word_1_168' title='bbox 599 2023 774 2095; x_wconf 85' lang='lat' dir='ltr'><strong>ipsius</strong></span> <span class='ocrx_word' id='word_1_169' title='bbox 804 2020 1005 2077; x_wconf 67' lang='lat' dir='ltr'><strong>divina:</strong></span> <span class='ocrx_word' id='word_1_170' title='bbox 1050 2018 1250 2073; x_wconf 85' lang='lat' dir='ltr'><strong>oratio.</strong></span> <span class='ocrx_word' id='word_1_171' title='bbox 1295 2015 1497 2086; x_wconf 87' lang='lat' dir='ltr'><strong>Aperte</strong></span> <span class='ocrx_word' id='word_1_172' title='bbox 1543 2013 1761 2071; x_wconf 88' lang='lat' dir='ltr'><strong>Domini</strong></span> <span class='ocrx_word' id='word_1_173' title='bbox 1800 2014 2069 2071; x_wconf 77' lang='lat' dir='ltr'><strong>doctrina:</strong></span> 
     </span>
    </p>
   </div>
   <div class='ocr_carea' id='block_1_24' title="bbox 485 2108 2069 2188">
    <p class='ocr_par' dir='ltr' id='par_1_24' title="bbox 485 2108 2069 2188">
     <span class='ocr_line' id='line_1_24' title="bbox 485 2108 2069 2188; baseline -0.006 -15"><span class='ocrx_word' id='word_1_174' title='bbox 485 2118 591 2173; x_wconf 90' lang='lat' dir='ltr'><strong>boc</strong></span> <span class='ocrx_word' id='word_1_175' title='bbox 617 2124 945 2188; x_wconf 68' lang='lat' dir='ltr'><strong>praeceptum</strong></span> <span class='ocrx_word' id='word_1_176' title='bbox 976 2119 1098 2177; x_wconf 77' lang='lat' dir='ltr'><strong>est,</strong></span> <span class='ocrx_word' id='word_1_177' title='bbox 1128 2110 1182 2165; x_wconf 93' lang='lat' dir='ltr'><strong>in</strong></span> <span class='ocrx_word' id='word_1_178' title='bbox 1214 2111 1284 2166; x_wconf 89' lang='lat' dir='ltr'><strong>iis</strong></span> <span class='ocrx_word' id='word_1_179' title='bbox 1314 2124 1436 2180; x_wconf 65' lang='lat' dir='ltr'><strong>qua:</strong></span> <span class='ocrx_word' id='word_1_180' title='bbox 1463 2108 1765 2179; x_wconf 88' lang='lat' dir='ltr'><strong>discipulos</strong></span> <span class='ocrx_word' id='word_1_181' title='bbox 1789 2108 1949 2163; x_wconf 88' lang='lat' dir='ltr'><strong>docet</strong></span> <span class='ocrx_word' id='word_1_182' title='bbox 1973 2123 2069 2163; x_wconf 86' lang='lat' dir='ltr'><strong>ve-</strong></span> 
     </span>
    </p>
   </div>
   <div class='ocr_carea' id='block_1_25' title="bbox 480 2190 2065 2279">
    <p class='ocr_par' dir='ltr' id='par_1_25' title="bbox 480 2190 2065 2279">
     <span class='ocr_line' id='line_1_25' title="bbox 480 2190 2065 2279; baseline -0.005 -15"><span class='ocrx_word' id='word_1_183' title='bbox 480 2190 566 2265; x_wconf 88' lang='lat' dir='ltr'><strong>lut</strong></span> <span class='ocrx_word' id='word_1_184' title='bbox 596 2192 769 2279; x_wconf 82' lang='lat' dir='ltr'><strong>agnos</strong></span> <span class='ocrx_word' id='word_1_185' title='bbox 806 2209 948 2261; x_wconf 89' lang='lat' dir='ltr'><strong>inter</strong></span> <span class='ocrx_word' id='word_1_186' title='bbox 983 2205 1143 2274; x_wconf 87' lang='lat' dir='ltr'><strong>lupos</strong></span> <span class='ocrx_word' id='word_1_187' title='bbox 1174 2210 1493 2261; x_wconf 86' lang='lat' dir='ltr'><strong>versantes.</strong></span> <span class='ocrx_word' id='word_1_188' title='bbox 1528 2212 1587 2255; x_wconf 92' lang='lat' dir='ltr'><strong>ut</strong></span> <span class='ocrx_word' id='word_1_189' title='bbox 1615 2216 1724 2256; x_wconf 87' lang='lat' dir='ltr'><strong>non</strong></span> <span class='ocrx_word' id='word_1_190' title='bbox 1758 2201 1937 2256; x_wconf 88' lang='lat' dir='ltr'><strong>solum</strong></span> <span class='ocrx_word' id='word_1_191' title='bbox 1966 2216 2065 2257; x_wconf 85' lang='lat' dir='ltr'><strong>co-</strong></span> 
     </span>
    </p>
   </div>
   <div class='ocr_carea' id='block_1_26' title="bbox 484 2292 2065 2366">
    <p class='ocr_par' dir='ltr' id='par_1_26' title="bbox 484 2292 2065 2366">
     <span class='ocr_line' id='line_1_26' title="bbox 484 2292 2065 2366; baseline -0.004 -11"><span class='ocrx_word' id='word_1_192' title='bbox 484 2301 682 2356; x_wconf 65' lang='lat' dir='ltr'><strong>lumba:</strong></span> <span class='ocrx_word' id='word_1_193' title='bbox 710 2299 822 2356; x_wconf 91' lang='lat' dir='ltr'><strong>sint</strong></span> <span class='ocrx_word' id='word_1_194' title='bbox 842 2339 859 2364; x_wconf 93' lang='lat'><strong>,</strong></span> <span class='ocrx_word' id='word_1_195' title='bbox 885 2297 981 2353; x_wconf 89' lang='lat' dir='ltr'><strong>sed</strong></span> <span class='ocrx_word' id='word_1_196' title='bbox 1016 2294 1226 2366; x_wconf 90' lang='lat' dir='ltr'><strong>aliquid</strong></span> <span class='ocrx_word' id='word_1_197' title='bbox 1252 2294 1417 2349; x_wconf 89' lang='lat' dir='ltr'><strong>etiam</strong></span> <span class='ocrx_word' id='word_1_198' title='bbox 1442 2292 1713 2362; x_wconf 87' lang='lat' dir='ltr'><strong>serpentis</strong></span> <span class='ocrx_word' id='word_1_199' title='bbox 1738 2292 1791 2346; x_wconf 91' lang='lat' dir='ltr'><strong>in</strong></span> <span class='ocrx_word' id='word_1_200' title='bbox 1816 2293 2065 2349; x_wconf 90' lang='lat' dir='ltr'><strong>moribus</strong></span> 
     </span>
    </p>
   </div>
   <div class='ocr_carea' id='block_1_27' title="bbox 480 2381 2066 2460">
    <p class='ocr_par' dir='ltr' id='par_1_27' title="bbox 480 2381 2066 2460">
     <span class='ocr_line' id='line_1_27' title="bbox 480 2381 2066 2460; baseline -0.006 -15"><span class='ocrx_word' id='word_1_201' title='bbox 480 2392 743 2460; x_wconf 69' lang='lat' dir='ltr'><strong>habeant.</strong></span> <span class='ocrx_word' id='word_1_202' title='bbox 793 2386 907 2442; x_wconf 87' lang='lat' dir='ltr'><strong>lloc</strong></span> <span class='ocrx_word' id='word_1_203' title='bbox 939 2400 1073 2441; x_wconf 87' lang='lat' dir='ltr'><strong>sane</strong></span> <span class='ocrx_word' id='word_1_204' title='bbox 1103 2392 1188 2440; x_wconf 86' lang='lat' dir='ltr'><strong>est</strong></span> <span class='ocrx_word' id='word_1_205' title='bbox 1210 2423 1227 2448; x_wconf 93' lang='lat'><strong>,</strong></span> <span class='ocrx_word' id='word_1_206' title='bbox 1260 2390 1321 2438; x_wconf 86' lang='lat' dir='ltr'><strong>ut</strong></span> <span class='ocrx_word' id='word_1_207' title='bbox 1365 2398 1541 2452; x_wconf 88' lang='lat' dir='ltr'><strong>neque</strong></span> <span class='ocrx_word' id='word_1_208' title='bbox 1572 2381 1719 2452; x_wconf 90' lang='lat' dir='ltr'><strong>quod</strong></span> <span class='ocrx_word' id='word_1_209' title='bbox 1765 2382 1822 2437; x_wconf 92' lang='lat' dir='ltr'><strong>in</strong></span> <span class='ocrx_word' id='word_1_210' title='bbox 1853 2382 2066 2454; x_wconf 85' lang='lat' dir='ltr'><strong>simpli-</strong></span> 
     </span>
    </p>
   </div>
   <div class='ocr_carea' id='block_1_28' title="bbox 484 2474 2065 2545">
    <p class='ocr_par' dir='ltr' id='par_1_28' title="bbox 484 2474 2065 2545">
     <span class='ocr_line' id='line_1_28' title="bbox 484 2474 2065 2545; baseline -0.003 -8"><span class='ocrx_word' id='word_1_211' title='bbox 484 2485 654 2538; x_wconf 85' lang='lat' dir='ltr'><strong>citate</strong></span> <span class='ocrx_word' id='word_1_212' title='bbox 698 2479 1012 2534; x_wconf 83' lang='lat' dir='ltr'><strong>bontinibus</strong></span> <span class='ocrx_word' id='word_1_213' title='bbox 1060 2475 1396 2531; x_wconf 88' lang='lat' dir='ltr'><strong>laudandum</strong></span> <span class='ocrx_word' id='word_1_214' title='bbox 1441 2474 1713 2539; x_wconf 88' lang='lat' dir='ltr'><strong>videatur,</strong></span> <span class='ocrx_word' id='word_1_215' title='bbox 1760 2475 2065 2545; x_wconf 83' lang='lat' dir='ltr'><strong>impensius</strong></span> 
     </span>
    </p>
   </div>
   <div class='ocr_carea' id='block_1_29' title="bbox 484 2563 2064 2638">
    <p class='ocr_par' dir='ltr' id='par_1_29' title="bbox 484 2563 2064 2638">
     <span class='ocr_line' id='line_1_29' title="bbox 484 2563 2064 2638; baseline -0.004 -10"><span class='ocrx_word' id='word_1_216' title='bbox 484 2580 906 2631; x_wconf 76' lang='lat' dir='ltr'><strong>consectentur,</strong></span> <span class='ocrx_word' id='word_1_217' title='bbox 941 2568 1089 2638; x_wconf 86' lang='lat' dir='ltr'><strong>quod</strong></span> <span class='ocrx_word' id='word_1_218' title='bbox 1133 2568 1182 2622; x_wconf 89' lang='lat' dir='ltr'><strong>is</strong></span> <span class='ocrx_word' id='word_1_219' title='bbox 1232 2565 1455 2620; x_wconf 84' lang='lat' dir='ltr'><strong>babittts</strong></span> <span class='ocrx_word' id='word_1_220' title='bbox 1509 2563 1578 2618; x_wconf 88' lang='lat' dir='ltr'><strong>ad</strong></span> <span class='ocrx_word' id='word_1_221' title='bbox 1617 2572 1919 2620; x_wconf 79' lang='lat' dir='ltr'><strong>extremam</strong></span> <span class='ocrx_word' id='word_1_222' title='bbox 1967 2566 2064 2622; x_wconf 87' lang='lat' dir='ltr'><strong>de-</strong></span> 
     </span>
    </p>
   </div>
   <div class='ocr_carea' id='block_1_30' title="bbox 485 2658 2069 2733">
    <p class='ocr_par' dir='ltr' id='par_1_30' title="bbox 485 2658 2069 2733">
     <span class='ocr_line' id='line_1_30' title="bbox 485 2658 2069 2733; baseline -0.004 -12"><span class='ocrx_word' id='word_1_223' title='bbox 485 2665 746 2721; x_wconf 90' lang='lat' dir='ltr'><strong>tncntiam</strong></span> <span class='ocrx_word' id='word_1_224' title='bbox 784 2662 1011 2733; x_wconf 78' lang='lat' dir='ltr'><strong>propius</strong></span> <span class='ocrx_word' id='word_1_225' title='bbox 1039 2658 1308 2722; x_wconf 86' lang='lat' dir='ltr'><strong>accedat,</strong></span> <span class='ocrx_word' id='word_1_226' title='bbox 1342 2673 1520 2729; x_wconf 90' lang='lat' dir='ltr'><strong>neque</strong></span> <span class='ocrx_word' id='word_1_227' title='bbox 1543 2673 1763 2712; x_wconf 90' lang='lat' dir='ltr'><strong>rursum</strong></span> <span class='ocrx_word' id='word_1_228' title='bbox 1796 2658 2069 2714; x_wconf 73' lang='lat' dir='ltr'><strong>callidita-</strong></span> 
     </span>
    </p>
   </div>
   <div class='ocr_carea' id='block_1_31' title="bbox 2172 546 3785 650">
    <p class='ocr_par' dir='ltr' id='par_1_31' title="bbox 2172 546 3785 650">
     <span class='ocr_line' id='line_1_31' title="bbox 2172 546 3785 650; baseline 0.002 -50"><span class='ocrx_word' id='word_1_229' title='bbox 2172 546 2565 618; x_wconf 73' lang='grc' dir='ltr'>ρωστημάτων,</span> <span class='ocrx_word' id='word_1_230' title='bbox 2594 546 2695 599; x_wconf 76' lang='grc' dir='ltr'>οὐκ</span> <span class='ocrx_word' id='word_1_231' title='bbox 2725 547 2791 600; x_wconf 86' lang='grc' dir='ltr'>ἂν</span> <span class='ocrx_word' id='word_1_232' title='bbox 2820 546 3103 618; x_wconf 80' lang='grc' dir='ltr'>διαφέρειν</span> <span class='ocrx_word' id='word_1_233' title='bbox 3131 546 3192 600; x_wconf 86' lang='grc' dir='ltr'>τὸ</span> <span class='ocrx_word' id='word_1_234' title='bbox 3219 548 3390 603; x_wconf 87' lang='grc' dir='ltr'>κακόν</span> <span class='ocrx_word' id='word_1_235' title='bbox 3414 567 3500 614; x_wconf 88' lang='grc' dir='ltr'><strong>τις</strong></span> <span class='ocrx_word' id='word_1_236' title='bbox 3525 550 3670 603; x_wconf 76' lang='grc' dir='ltr'>εἴποι</span> <span class='ocrx_word' id='word_1_237' title='bbox 3690 549 3785 650; x_wconf 62' lang='grc' dir='ltr'><strong>δι’ι</strong></span> 
     </span>
    </p>
   </div>
   <div class='ocr_carea' id='block_1_32' title="bbox 2171 637 3780 749">
    <p class='ocr_par' dir='ltr' id='par_1_32' title="bbox 2171 637 3780 749">
     <span class='ocr_line' id='line_1_32' title="bbox 2171 637 3780 749; baseline 0.002 -59"><span class='ocrx_word' id='word_1_238' title='bbox 2171 637 2617 710; x_wconf 76' lang='grc' dir='ltr'>ύπερόαλλούσης</span> <span class='ocrx_word' id='word_1_239' title='bbox 2651 637 2879 701; x_wconf 86' lang='grc' dir='ltr'>ἐνδείας,</span> <span class='ocrx_word' id='word_1_240' title='bbox 2918 639 2952 709; x_wconf 83' lang='grc' dir='ltr'>ἢ</span> <span class='ocrx_word' id='word_1_241' title='bbox 2999 638 3107 692; x_wconf 85' lang='grc' dir='ltr'>ἀπὸ</span> <span class='ocrx_word' id='word_1_242' title='bbox 3150 638 3469 711; x_wconf 76' lang='grc' dir='ltr'>πλησμονῆς</span> <span class='ocrx_word' id='word_1_243' title='bbox 3514 637 3780 749; x_wconf 80' lang='grc' dir='ltr'>ἀμέτρουί</span> 
     </span>
    </p>
   </div>
   <div class='ocr_carea' id='block_1_33' title="bbox 2167 730 3760 805">
    <p class='ocr_par' dir='ltr' id='par_1_33' title="bbox 2167 730 3760 805">
     <span class='ocr_line' id='line_1_33' title="bbox 2167 730 3760 805; baseline 0 -19"><span class='ocrx_word' id='word_1_244' title='bbox 2167 730 2561 804; x_wconf 81' lang='grc' dir='ltr'>διαφθαρῆναι,</span> <span class='ocrx_word' id='word_1_245' title='bbox 2577 732 2658 797; x_wconf 84' lang='grc' dir='ltr'><strong>είς</strong></span> <span class='ocrx_word' id='word_1_246' title='bbox 2680 731 2741 785; x_wconf 75' lang='grc' dir='ltr'>τὸ</span> <span class='ocrx_word' id='word_1_247' title='bbox 2763 731 2895 785; x_wconf 73' lang='grc' dir='ltr'>αὐτὸ</span> <span class='ocrx_word' id='word_1_248' title='bbox 2915 732 3090 803; x_wconf 85' lang='grc' dir='ltr'>πέρας</span> <span class='ocrx_word' id='word_1_249' title='bbox 3109 731 3211 801; x_wconf 74' lang='grc' dir='ltr'>τῆς</span> <span class='ocrx_word' id='word_1_250' title='bbox 3232 734 3290 784; x_wconf 85' lang='grc' dir='ltr'><strong>ἐν</strong></span> <span class='ocrx_word' id='word_1_251' title='bbox 3314 732 3597 805; x_wconf 76' lang='grc' dir='ltr'>ἑκατέροις</span> <span class='ocrx_word' id='word_1_252' title='bbox 3622 732 3760 803; x_wconf 89' lang='grc' dir='ltr'>ἀμε-</span> 
     </span>
    </p>
   </div>
   <div class='ocr_carea' id='block_1_34' title="bbox 2169 823 3758 896">
    <p class='ocr_par' dir='ltr' id='par_1_34' title="bbox 2169 823 3758 896">
     <span class='ocr_line' id='line_1_34' title="bbox 2169 823 3758 896; baseline 0.001 -19"><span class='ocrx_word' id='word_1_253' title='bbox 2169 823 2326 896; x_wconf 83' lang='grc' dir='ltr'>τρίας</span> <span class='ocrx_word' id='word_1_254' title='bbox 2356 823 2649 896; x_wconf 77' lang='grc' dir='ltr'><strong>ληγούσης.</strong></span> <span class='ocrx_word' id='word_1_255' title='bbox 2689 823 2899 878; x_wconf 79' lang='grc' dir='ltr'>Οὐκοῦν</span> <span class='ocrx_word' id='word_1_256' title='bbox 2927 824 3021 879; x_wconf 78' lang='grc' dir='ltr'>καὶ</span> <span class='ocrx_word' id='word_1_257' title='bbox 3057 827 3087 878; x_wconf 82' lang='grc' dir='ltr'>ὁ</span> <span class='ocrx_word' id='word_1_258' title='bbox 3112 823 3211 895; x_wconf 81' lang='grc' dir='ltr'>τῆς</span> <span class='ocrx_word' id='word_1_259' title='bbox 3240 823 3383 878; x_wconf 81' lang='grc' dir='ltr'>κατὰ</span> <span class='ocrx_word' id='word_1_260' title='bbox 3406 823 3585 896; x_wconf 75' lang='grc' dir='ltr'>ψυχὴν</span> <span class='ocrx_word' id='word_1_261' title='bbox 3612 823 3758 895; x_wconf 78' lang='grc' dir='ltr'>ζωῆς</span> 
     </span>
    </p>
   </div>
   <div class='ocr_carea' id='block_1_35' title="bbox 2167 914 3757 988">
    <p class='ocr_par' dir='ltr' id='par_1_35' title="bbox 2167 914 3757 988">
     <span class='ocr_line' id='line_1_35' title="bbox 2167 914 3757 988; baseline 0 -20"><span class='ocrx_word' id='word_1_262' title='bbox 2167 931 2230 968; x_wconf 89' lang='grc' dir='ltr'><strong>τε</strong></span> <span class='ocrx_word' id='word_1_263' title='bbox 2250 916 2344 970; x_wconf 74' lang='grc' dir='ltr'>καὶ</span> <span class='ocrx_word' id='word_1_264' title='bbox 2377 915 2586 984; x_wconf 82' lang='grc' dir='ltr'><strong>ὑγιείας</strong></span> <span class='ocrx_word' id='word_1_265' title='bbox 2612 914 3023 987; x_wconf 79' lang='grc' dir='ltr'>ἐπιμελόμενος,</span> <span class='ocrx_word' id='word_1_266' title='bbox 3059 914 3149 969; x_wconf 79' lang='grc' dir='ltr'>ἐπὶ</span> <span class='ocrx_word' id='word_1_267' title='bbox 3172 915 3265 968; x_wconf 83' lang='grc' dir='ltr'>τοῦ</span> <span class='ocrx_word' id='word_1_268' title='bbox 3293 916 3461 988; x_wconf 79' lang='grc' dir='ltr'>μέσον</span> <span class='ocrx_word' id='word_1_269' title='bbox 3496 917 3596 988; x_wconf 81' lang='grc' dir='ltr'>τῆς</span> <span class='ocrx_word' id='word_1_270' title='bbox 3624 916 3757 987; x_wconf 86' lang='grc' dir='ltr'>ἀλη-</span> 
     </span>
    </p>
   </div>
   <div class='ocr_carea' id='block_1_36' title="bbox 2169 1004 3760 1077">
    <p class='ocr_par' dir='ltr' id='par_1_36' title="bbox 2169 1004 3760 1077">
     <span class='ocr_line' id='line_1_36' title="bbox 2169 1004 3760 1077; baseline 0.001 -18"><span class='ocrx_word' id='word_1_271' title='bbox 2169 1004 2323 1068; x_wconf 83' lang='grc' dir='ltr'>θείας</span> <span class='ocrx_word' id='word_1_272' title='bbox 2361 1006 2552 1060; x_wconf 74' lang='grc' dir='ltr'>ἐαυτὸν</span> <span class='ocrx_word' id='word_1_273' title='bbox 2586 1007 2836 1077; x_wconf 83' lang='grc' dir='ltr'><strong>τηρήσει,</strong></span> <span class='ocrx_word' id='word_1_274' title='bbox 2883 1006 3093 1077; x_wconf 77' lang='grc' dir='ltr'>ἀμιγὴς</span> <span class='ocrx_word' id='word_1_275' title='bbox 3141 1006 3236 1059; x_wconf 75' lang='grc' dir='ltr'>καὶ</span> <span class='ocrx_word' id='word_1_276' title='bbox 3268 1006 3534 1077; x_wconf 80' lang='grc' dir='ltr'><strong>ἀμέτοχος</strong></span> <span class='ocrx_word' id='word_1_277' title='bbox 3565 1006 3760 1076; x_wconf 77' lang='grc' dir='ltr'>διαμέ-</span> 
     </span>
    </p>
   </div>
   <div class='ocr_carea' id='block_1_37' title="bbox 2169 1098 3750 1171">
    <p class='ocr_par' dir='ltr' id='par_1_37' title="bbox 2169 1098 3750 1171">
     <span class='ocr_line' id='line_1_37' title="bbox 2169 1098 3750 1171; baseline -0.001 -18"><span class='ocrx_word' id='word_1_278' title='bbox 2169 1117 2276 1154; x_wconf 88' lang='grc' dir='ltr'><strong>νων</strong></span> <span class='ocrx_word' id='word_1_279' title='bbox 2315 1098 2416 1169; x_wconf 82' lang='grc' dir='ltr'>τῆς</span> <span class='ocrx_word' id='word_1_280' title='bbox 2449 1098 2787 1169; x_wconf 80' lang='grc' dir='ltr'>ἑκατέρωθεν</span> <span class='ocrx_word' id='word_1_281' title='bbox 2812 1101 2877 1170; x_wconf 81' lang='grc' dir='ltr'>τῇ</span> <span class='ocrx_word' id='word_1_282' title='bbox 2914 1101 3082 1171; x_wconf 84' lang='grc' dir='ltr'>ἀρετῇ</span> <span class='ocrx_word' id='word_1_283' title='bbox 3131 1099 3549 1171; x_wconf 76' lang='grc' dir='ltr'><strong>παρακειμένης</strong></span> <span class='ocrx_word' id='word_1_284' title='bbox 3598 1100 3750 1152; x_wconf 87' lang='grc' dir='ltr'>ἐναν-</span> 
     </span>
    </p>
   </div>
   <div class='ocr_carea' id='block_1_38' title="bbox 2167 1191 3760 1264">
    <p class='ocr_par' dir='ltr' id='par_1_38' title="bbox 2167 1191 3760 1264">
     <span class='ocr_line' id='line_1_38' title="bbox 2167 1191 3760 1264; baseline -0.001 -18"><span class='ocrx_word' id='word_1_285' title='bbox 2167 1192 2432 1264; x_wconf 85' lang='grc' dir='ltr'>τιότητος.</span> <span class='ocrx_word' id='word_1_286' title='bbox 2467 1192 2583 1246; x_wconf 78' lang='grc' dir='ltr'><strong>Οὐκ</strong></span> <span class='ocrx_word' id='word_1_287' title='bbox 2632 1192 2763 1263; x_wconf 77' lang='grc' dir='ltr'>ἐμὸς</span> <span class='ocrx_word' id='word_1_288' title='bbox 2790 1193 2821 1246; x_wconf 77' lang='grc' dir='ltr'><strong>ό</strong></span> <span class='ocrx_word' id='word_1_289' title='bbox 2864 1191 3043 1261; x_wconf 89' lang='grc' dir='ltr'>λόγος,</span> <span class='ocrx_word' id='word_1_290' title='bbox 3075 1191 3191 1246; x_wconf 84' lang='grc' dir='ltr'>ἀλλ’</span> <span class='ocrx_word' id='word_1_291' title='bbox 3238 1192 3409 1263; x_wconf 73' lang='grc' dir='ltr'>αὐτῆς</span> <span class='ocrx_word' id='word_1_292' title='bbox 3459 1194 3561 1263; x_wconf 83' lang='grc' dir='ltr'>τῆς</span> <span class='ocrx_word' id='word_1_293' title='bbox 3607 1191 3760 1255; x_wconf 86' lang='grc' dir='ltr'>θείας</span> 
     </span>
    </p>
   </div>
   <div class='ocr_carea' id='block_1_39' title="bbox 2169 1284 3760 1357">
    <p class='ocr_par' dir='ltr' id='par_1_39' title="bbox 2169 1284 3760 1357">
     <span class='ocr_line' id='line_1_39' title="bbox 2169 1284 3760 1357; baseline -0.001 -17"><span class='ocrx_word' id='word_1_294' title='bbox 2169 1285 2373 1355; x_wconf 81' lang='grc' dir='ltr'>φωνῆς.</span> <span class='ocrx_word' id='word_1_295' title='bbox 2408 1284 2662 1357; x_wconf 81' lang='grc' dir='ltr'>Φανερῶς</span> <span class='ocrx_word' id='word_1_296' title='bbox 2691 1284 2801 1355; x_wconf 82' lang='grc' dir='ltr'><strong>γὰρ</strong></span> <span class='ocrx_word' id='word_1_297' title='bbox 2828 1284 2929 1354; x_wconf 84' lang='grc' dir='ltr'>τῆς</span> <span class='ocrx_word' id='word_1_298' title='bbox 2955 1285 3050 1338; x_wconf 79' lang='grc' dir='ltr'>τοῦ</span> <span class='ocrx_word' id='word_1_299' title='bbox 3081 1285 3290 1356; x_wconf 81' lang='grc' dir='ltr'>Κυρίου</span> <span class='ocrx_word' id='word_1_300' title='bbox 3324 1284 3672 1349; x_wconf 79' lang='grc' dir='ltr'><strong>διδασκαλίας</strong></span> <span class='ocrx_word' id='word_1_301' title='bbox 3695 1285 3760 1338; x_wconf 75' lang='grc' dir='ltr'>τὸ</span> 
     </span>
    </p>
   </div>
   <div class='ocr_carea' id='block_1_40' title="bbox 2168 1371 3759 1448">
    <p class='ocr_par' dir='ltr' id='par_1_40' title="bbox 2168 1371 3759 1448">
     <span class='ocr_line' id='line_1_40' title="bbox 2168 1371 3759 1448; baseline -0.001 -17"><span class='ocrx_word' id='word_1_302' title='bbox 2168 1376 2348 1447; x_wconf 84' lang='grc' dir='ltr'>δόγμα</span> <span class='ocrx_word' id='word_1_303' title='bbox 2366 1376 2526 1430; x_wconf 76' lang='grc' dir='ltr'>τοῦτό</span> <span class='ocrx_word' id='word_1_304' title='bbox 2557 1379 2728 1441; x_wconf 81' lang='grc' dir='ltr'>ἐστιν,</span> <span class='ocrx_word' id='word_1_305' title='bbox 2756 1379 2814 1430; x_wconf 78' lang='grc' dir='ltr'><strong>ἐν</strong></span> <span class='ocrx_word' id='word_1_306' title='bbox 2847 1371 2929 1441; x_wconf 75' lang='grc' dir='ltr'>οἷς</span> <span class='ocrx_word' id='word_1_307' title='bbox 2961 1378 3201 1431; x_wconf 81' lang='grc' dir='ltr'>διδάσκει</span> <span class='ocrx_word' id='word_1_308' title='bbox 3228 1378 3355 1441; x_wconf 74' lang='grc' dir='ltr'>τοὺς</span> <span class='ocrx_word' id='word_1_309' title='bbox 3383 1375 3655 1448; x_wconf 76' lang='grc' dir='ltr'>μαθητὰς,</span> <span class='ocrx_word' id='word_1_310' title='bbox 3682 1375 3759 1441; x_wconf 84' lang='grc' dir='ltr'>ὡς</span> 
     </span>
    </p>
   </div>
   <div class='ocr_carea' id='block_1_41' title="bbox 2169 1468 3759 1541">
    <p class='ocr_par' dir='ltr' id='par_1_41' title="bbox 2169 1468 3759 1541">
     <span class='ocr_line' id='line_1_41' title="bbox 2169 1468 3759 1541; baseline -0.001 -19"><span class='ocrx_word' id='word_1_311' title='bbox 2169 1468 2340 1540; x_wconf 76' lang='grc' dir='ltr'>ἄρνας</span> <span class='ocrx_word' id='word_1_312' title='bbox 2386 1468 2571 1533; x_wconf 88' lang='grc' dir='ltr'>λύκοις</span> <span class='ocrx_word' id='word_1_313' title='bbox 2621 1469 3247 1541; x_wconf 78' lang='grc' dir='ltr'>συναναστρεφομένους,</span> <span class='ocrx_word' id='word_1_314' title='bbox 3294 1468 3372 1541; x_wconf 85' lang='grc' dir='ltr'>μὴ</span> <span class='ocrx_word' id='word_1_315' title='bbox 3428 1469 3759 1540; x_wconf 70' lang='grc' dir='ltr'>περιστερὰς</span> 
     </span>
    </p>
   </div>
   <div class='ocr_carea' id='block_1_42' title="bbox 2168 1556 3759 1633">
    <p class='ocr_par' dir='ltr' id='par_1_42' title="bbox 2168 1556 3759 1633">
     <span class='ocr_line' id='line_1_42' title="bbox 2168 1556 3759 1633; baseline -0.001 -19"><span class='ocrx_word' id='word_1_316' title='bbox 2168 1556 2309 1615; x_wconf 82' lang='grc' dir='ltr'>εἶναι</span> <span class='ocrx_word' id='word_1_317' title='bbox 2347 1560 2528 1631; x_wconf 88' lang='grc' dir='ltr'>μόνον,</span> <span class='ocrx_word' id='word_1_318' title='bbox 2564 1560 2681 1615; x_wconf 83' lang='grc' dir='ltr'>ἀλλ’</span> <span class='ocrx_word' id='word_1_319' title='bbox 2715 1560 2859 1631; x_wconf 81' lang='grc' dir='ltr'>ἔχειν</span> <span class='ocrx_word' id='word_1_320' title='bbox 2885 1579 2938 1615; x_wconf 88' lang='grc' dir='ltr'><strong>τι</strong></span> <span class='ocrx_word' id='word_1_321' title='bbox 2967 1565 3061 1615; x_wconf 83' lang='grc' dir='ltr'>καὶ</span> <span class='ocrx_word' id='word_1_322' title='bbox 3086 1561 3181 1614; x_wconf 80' lang='grc' dir='ltr'><strong>τοῦ</strong></span> <span class='ocrx_word' id='word_1_323' title='bbox 3211 1561 3388 1630; x_wconf 79' lang='grc' dir='ltr'>ὄφεως</span> <span class='ocrx_word' id='word_1_324' title='bbox 3417 1562 3476 1615; x_wconf 88' lang='grc' dir='ltr'><strong>ἐν</strong></span> <span class='ocrx_word' id='word_1_325' title='bbox 3497 1561 3576 1633; x_wconf 83' lang='grc' dir='ltr'><strong>τῷ</strong></span> <span class='ocrx_word' id='word_1_326' title='bbox 3615 1560 3759 1632; x_wconf 76' lang='grc' dir='ltr'>ἤθει.</span> 
     </span>
    </p>
   </div>
   <div class='ocr_carea' id='block_1_43' title="bbox 2171 1650 3761 1724">
    <p class='ocr_par' dir='ltr' id='par_1_43' title="bbox 2171 1650 3761 1724">
     <span class='ocr_line' id='line_1_43' title="bbox 2171 1650 3761 1724; baseline 0.001 -19"><span class='ocrx_word' id='word_1_327' title='bbox 2171 1650 2346 1706; x_wconf 80' lang='grc' dir='ltr'>Τοῦτο</span> <span class='ocrx_word' id='word_1_328' title='bbox 2372 1651 2429 1705; x_wconf 82' lang='grc' dir='ltr'><strong>δέ</strong></span> <span class='ocrx_word' id='word_1_329' title='bbox 2457 1653 2596 1716; x_wconf 88' lang='grc' dir='ltr'>ἐστι,</span> <span class='ocrx_word' id='word_1_330' title='bbox 2624 1651 2686 1706; x_wconf 78' lang='grc' dir='ltr'>τὸ</span> <span class='ocrx_word' id='word_1_331' title='bbox 2717 1653 2856 1723; x_wconf 83' lang='grc' dir='ltr'>μήτε</span> <span class='ocrx_word' id='word_1_332' title='bbox 2894 1652 2994 1724; x_wconf 82' lang='grc' dir='ltr'>τὴν</span> <span class='ocrx_word' id='word_1_333' title='bbox 3017 1653 3293 1723; x_wconf 80' lang='grc' dir='ltr'><strong>ἁπλότητα</strong></span> <span class='ocrx_word' id='word_1_334' title='bbox 3328 1652 3520 1707; x_wconf 83' lang='grc' dir='ltr'>δοκοῦν</span> <span class='ocrx_word' id='word_1_335' title='bbox 3542 1653 3761 1707; x_wconf 81' lang='grc' dir='ltr'>ἐπαινε-</span> 
     </span>
    </p>
   </div>
   <div class='ocr_carea' id='block_1_44' title="bbox 2170 1740 3758 1816">
    <p class='ocr_par' dir='ltr' id='par_1_44' title="bbox 2170 1740 3758 1816">
     <span class='ocr_line' id='line_1_44' title="bbox 2170 1740 3758 1816; baseline 0.002 -22"><span class='ocrx_word' id='word_1_336' title='bbox 2170 1740 2270 1813; x_wconf 83' lang='grc' dir='ltr'>τὴν</span> <span class='ocrx_word' id='word_1_337' title='bbox 2316 1744 2430 1806; x_wconf 88' lang='grc' dir='ltr'>τοῖς</span> <span class='ocrx_word' id='word_1_338' title='bbox 2470 1740 2782 1815; x_wconf 83' lang='grc' dir='ltr'>ἀνθρώποις</span> <span class='ocrx_word' id='word_1_339' title='bbox 2831 1743 2912 1807; x_wconf 86' lang='grc' dir='ltr'><strong>είς</strong></span> <span class='ocrx_word' id='word_1_340' title='bbox 2947 1742 3117 1814; x_wconf 75' lang='grc' dir='ltr'>ἄκρον</span> <span class='ocrx_word' id='word_1_341' title='bbox 3164 1743 3527 1815; x_wconf 77' lang='grc' dir='ltr'>ἐπιτηδεύειν,</span> <span class='ocrx_word' id='word_1_342' title='bbox 3575 1744 3651 1808; x_wconf 85' lang='grc' dir='ltr'>ὼς</span> <span class='ocrx_word' id='word_1_343' title='bbox 3689 1747 3758 1816; x_wconf 81' lang='grc' dir='ltr'>τῇ</span> 
     </span>
    </p>
   </div>
   <div class='ocr_carea' id='block_1_45' title="bbox 2170 1834 3762 1907">
    <p class='ocr_par' dir='ltr' id='par_1_45' title="bbox 2170 1834 3762 1907">
     <span class='ocr_line' id='line_1_45' title="bbox 2170 1834 3762 1907; baseline 0.001 -19"><span class='ocrx_word' id='word_1_344' title='bbox 2170 1835 2374 1907; x_wconf 77' lang='grc' dir='ltr'>ἐσχάτῃ</span> <span class='ocrx_word' id='word_1_345' title='bbox 2396 1837 2553 1907; x_wconf 78' lang='grc' dir='ltr'>ἀνοίᾳ</span> <span class='ocrx_word' id='word_1_346' title='bbox 2571 1835 2672 1905; x_wconf 84' lang='grc' dir='ltr'>τῆς</span> <span class='ocrx_word' id='word_1_347' title='bbox 2686 1835 2943 1907; x_wconf 82' lang='grc' dir='ltr'>τοιαύτης</span> <span class='ocrx_word' id='word_1_348' title='bbox 2966 1834 3131 1900; x_wconf 78' lang='grc' dir='ltr'>ἐξεως</span> <span class='ocrx_word' id='word_1_349' title='bbox 3155 1835 3563 1907; x_wconf 75' lang='grc' dir='ltr'>πλησιαζούσης</span> <span class='ocrx_word' id='word_1_350' title='bbox 3582 1852 3596 1867; x_wconf 82' lang='grc'>⁶</span> <span class='ocrx_word' id='word_1_351' title='bbox 3621 1836 3762 1907; x_wconf 81' lang='grc' dir='ltr'>μήτε</span> 
     </span>
    </p>
   </div>
   <div class='ocr_carea' id='block_1_46' title="bbox 2170 1924 3764 2001">
    <p class='ocr_par' dir='ltr' id='par_1_46' title="bbox 2170 1924 3764 2001">
     <span class='ocr_line' id='line_1_46' title="bbox 2170 1924 3764 2001; baseline -0.001 -19"><span class='ocrx_word' id='word_1_352' title='bbox 2170 1929 2269 2001; x_wconf 81' lang='grc' dir='ltr'>τὴν</span> <span class='ocrx_word' id='word_1_353' title='bbox 2314 1928 2715 1999; x_wconf 77' lang='grc' dir='ltr'>ἐπαινουμένην</span> <span class='ocrx_word' id='word_1_354' title='bbox 2763 1924 2870 1980; x_wconf 79' lang='grc' dir='ltr'><strong>ύπὺ</strong></span> <span class='ocrx_word' id='word_1_355' title='bbox 2915 1926 3025 1981; x_wconf 83' lang='grc' dir='ltr'>τῶν</span> <span class='ocrx_word' id='word_1_356' title='bbox 3073 1927 3283 1981; x_wconf 81' lang='grc' dir='ltr'>πολλῶν</span> <span class='ocrx_word' id='word_1_357' title='bbox 3330 1928 3610 1998; x_wconf 83' lang='grc' dir='ltr'>δεινότητα</span> <span class='ocrx_word' id='word_1_358' title='bbox 3670 1927 3764 1981; x_wconf 79' lang='grc' dir='ltr'>καὶ</span> 
     </span>
    </p>
   </div>
   <div class='ocr_carea' id='block_1_47' title="bbox 2171 2019 3764 2093">
    <p class='ocr_par' dir='ltr' id='par_1_47' title="bbox 2171 2019 3764 2093">
     <span class='ocr_line' id='line_1_47' title="bbox 2171 2019 3764 2093; baseline -0.001 -19"><span class='ocrx_word' id='word_1_359' title='bbox 2171 2019 2528 2093; x_wconf 78' lang='grc' dir='ltr'>πανουργίαν,</span> <span class='ocrx_word' id='word_1_360' title='bbox 2552 2020 2727 2092; x_wconf 84' lang='grc' dir='ltr'>ἀμιγῆ</span> <span class='ocrx_word' id='word_1_361' title='bbox 2767 2020 2877 2073; x_wconf 82' lang='grc' dir='ltr'><strong>τῶν</strong></span> <span class='ocrx_word' id='word_1_362' title='bbox 2927 2020 3186 2074; x_wconf 77' lang='grc' dir='ltr'>ἐναντίων</span> <span class='ocrx_word' id='word_1_363' title='bbox 3228 2019 3324 2074; x_wconf 72' lang='grc' dir='ltr'>καὶ</span> <span class='ocrx_word' id='word_1_364' title='bbox 3354 2021 3591 2092; x_wconf 81' lang='grc' dir='ltr'>ἄκρατον</span> <span class='ocrx_word' id='word_1_365' title='bbox 3636 2020 3764 2090; x_wconf 80' lang='grc' dir='ltr'>ἀρε-</span> 
     </span>
    </p>
   </div>
   <div class='ocr_carea' id='block_1_48' title="bbox 2169 2109 3765 2183">
    <p class='ocr_par' dir='ltr' id='par_1_48' title="bbox 2169 2109 3765 2183">
     <span class='ocr_line' id='line_1_48' title="bbox 2169 2109 3765 2183; baseline 0.001 -21"><span class='ocrx_word' id='word_1_366' title='bbox 2169 2111 2270 2183; x_wconf 80' lang='grc' dir='ltr'>τὴν</span> <span class='ocrx_word' id='word_1_367' title='bbox 2304 2112 2575 2183; x_wconf 76' lang='grc' dir='ltr'>νομίζειν·</span> <span class='ocrx_word' id='word_1_368' title='bbox 2610 2114 2676 2166; x_wconf 88' lang='grc' dir='ltr'><strong>ἐκ</strong></span> <span class='ocrx_word' id='word_1_369' title='bbox 2700 2111 2757 2166; x_wconf 79' lang='grc' dir='ltr'>δὲ</span> <span class='ocrx_word' id='word_1_370' title='bbox 2794 2111 2893 2183; x_wconf 79' lang='grc' dir='ltr'>τῆς</span> <span class='ocrx_word' id='word_1_371' title='bbox 2922 2110 3185 2182; x_wconf 83' lang='grc' dir='ltr'>δοκούσης</span> <span class='ocrx_word' id='word_1_372' title='bbox 3216 2109 3586 2180; x_wconf 76' lang='grc' dir='ltr'>ἐναντιότητος</span> <span class='ocrx_word' id='word_1_373' title='bbox 3635 2109 3765 2181; x_wconf 87' lang='grc' dir='ltr'>μίαν</span> 
     </span>
    </p>
   </div>
   <div class='ocr_carea' id='block_1_49' title="bbox 2170 2200 3766 2274">
    <p class='ocr_par' dir='ltr' id='par_1_49' title="bbox 2170 2200 3766 2274">
     <span class='ocr_line' id='line_1_49' title="bbox 2170 2200 3766 2274; baseline -0.001 -19"><span class='ocrx_word' id='word_1_374' title='bbox 2170 2201 2294 2256; x_wconf 72' lang='grc' dir='ltr'>τινὰ</span> <span class='ocrx_word' id='word_1_375' title='bbox 2352 2201 2803 2274; x_wconf 82' lang='grc' dir='ltr'>συγκεκραμένην</span> <span class='ocrx_word' id='word_1_376' title='bbox 2849 2201 3012 2273; x_wconf 71' lang='grc' dir='ltr'>ἤθους</span> <span class='ocrx_word' id='word_1_377' title='bbox 3068 2202 3401 2256; x_wconf 74' lang='grc' dir='ltr'>κατάστασιν</span> <span class='ocrx_word' id='word_1_378' title='bbox 3456 2200 3766 2272; x_wconf 78' lang='grc' dir='ltr'>ἀπεργάζε-</span> 
     </span>
    </p>
   </div>
   <div class='ocr_carea' id='block_1_50' title="bbox 2173 2292 3767 2366">
    <p class='ocr_par' dir='ltr' id='par_1_50' title="bbox 2173 2292 3767 2366">
     <span class='ocr_line' id='line_1_50' title="bbox 2173 2292 3767 2366; baseline -0.002 -17"><span class='ocrx_word' id='word_1_379' title='bbox 2173 2294 2317 2358; x_wconf 90' lang='grc' dir='ltr'>σθαι,</span> <span class='ocrx_word' id='word_1_380' title='bbox 2357 2294 2458 2366; x_wconf 82' lang='grc' dir='ltr'>τῆς</span> <span class='ocrx_word' id='word_1_381' title='bbox 2511 2295 2608 2366; x_wconf 87' lang='grc' dir='ltr'>μὲν</span> <span class='ocrx_word' id='word_1_382' title='bbox 2640 2295 2702 2349; x_wconf 81' lang='grc' dir='ltr'>τὸ</span> <span class='ocrx_word' id='word_1_383' title='bbox 2750 2295 2996 2365; x_wconf 87' lang='grc' dir='ltr'>ἀνόητον,</span> <span class='ocrx_word' id='word_1_384' title='bbox 3036 2293 3137 2364; x_wconf 76' lang='grc' dir='ltr'>τῆς</span> <span class='ocrx_word' id='word_1_385' title='bbox 3192 2294 3251 2348; x_wconf 82' lang='grc' dir='ltr'>δὲ</span> <span class='ocrx_word' id='word_1_386' title='bbox 3301 2292 3363 2347; x_wconf 70' lang='grc' dir='ltr'><strong>τὸ</strong></span> <span class='ocrx_word' id='word_1_387' title='bbox 3419 2296 3476 2346; x_wconf 78' lang='grc' dir='ltr'><strong>ἐν</strong></span> <span class='ocrx_word' id='word_1_388' title='bbox 3530 2292 3767 2365; x_wconf 81' lang='grc' dir='ltr'>πονηρίᾳ</span> 
     </span>
    </p>
   </div>
   <div class='ocr_carea' id='block_1_51' title="bbox 2173 2378 3768 2460">
    <p class='ocr_par' dir='ltr' id='par_1_51' title="bbox 2173 2378 3768 2460">
     <span class='ocr_line' id='line_1_51' title="bbox 2173 2378 3768 2460; baseline -0.004 -19"><span class='ocrx_word' id='word_1_389' title='bbox 2173 2388 2336 2458; x_wconf 81' lang='grc' dir='ltr'>σοφὸν</span> <span class='ocrx_word' id='word_1_390' title='bbox 2377 2388 2781 2460; x_wconf 72' lang='grc' dir='ltr'>περικόψαντας</span> <span class='ocrx_word' id='word_1_391' title='bbox 2798 2404 2811 2419; x_wconf 93' lang='grc'><strong>·</strong></span> <span class='ocrx_word' id='word_1_392' title='bbox 2839 2388 2915 2451; x_wconf 84' lang='grc' dir='ltr'>ὼς</span> <span class='ocrx_word' id='word_1_393' title='bbox 2939 2387 2996 2453; x_wconf 77' lang='grc' dir='ltr'>ἐξ</span> <span class='ocrx_word' id='word_1_394' title='bbox 3020 2386 3296 2458; x_wconf 78' lang='grc' dir='ltr'>ἑκατέρων</span> <span class='ocrx_word' id='word_1_395' title='bbox 3325 2385 3383 2438; x_wconf 85' lang='grc' dir='ltr'>ἒν</span> <span class='ocrx_word' id='word_1_396' title='bbox 3410 2378 3768 2454; x_wconf 81' lang='grc' dir='ltr'>ἀποτελεσθῆ-</span> 
     </span>
    </p>
   </div>
   <div class='ocr_carea' id='block_1_52' title="bbox 2171 2477 3767 2550">
    <p class='ocr_par' dir='ltr' id='par_1_52' title="bbox 2171 2477 3767 2550">
     <span class='ocr_line' id='line_1_52' title="bbox 2171 2477 3767 2550; baseline -0.003 -16"><span class='ocrx_word' id='word_1_397' title='bbox 2171 2498 2260 2534; x_wconf 85' lang='grc' dir='ltr'><strong>ναι</strong></span> <span class='ocrx_word' id='word_1_398' title='bbox 2283 2478 2446 2534; x_wconf 86' lang='grc' dir='ltr'>καλὺν</span> <span class='ocrx_word' id='word_1_399' title='bbox 2475 2479 2833 2550; x_wconf 79' lang='grc' dir='ltr'>ἐπιτήδευμα,</span> <span class='ocrx_word' id='word_1_400' title='bbox 2863 2478 3125 2548; x_wconf 79' lang='grc' dir='ltr'>ἁπλότητι</span> <span class='ocrx_word' id='word_1_401' title='bbox 3149 2477 3373 2549; x_wconf 86' lang='grc' dir='ltr'>γνώμης</span> <span class='ocrx_word' id='word_1_402' title='bbox 3396 2478 3489 2532; x_wconf 72' lang='grc' dir='ltr'><strong>καὶ</strong></span> <span class='ocrx_word' id='word_1_403' title='bbox 3516 2477 3767 2548; x_wconf 83' lang='grc' dir='ltr'>ἀγχινοίᾳ</span> 
     </span>
    </p>
   </div>
   <div class='ocr_carea' id='block_1_53' title="bbox 2174 2563 3767 2644">
    <p class='ocr_par' dir='ltr' id='par_1_53' title="bbox 2174 2563 3767 2644">
     <span class='ocr_line' id='line_1_53' title="bbox 2174 2563 3767 2644; baseline -0.004 -18"><span class='ocrx_word' id='word_1_404' title='bbox 2174 2572 2641 2644; x_wconf 80' lang='grc' dir='ltr'>συγκεκραμένον.</span> <span class='ocrx_word' id='word_1_405' title='bbox 2675 2590 2692 2622; x_wconf 85' lang='grc' dir='ltr'><strong>ι</strong></span> <span class='ocrx_word' id='word_1_406' title='bbox 2732 2571 2951 2625; x_wconf 81' lang='grc' dir='ltr'>Γίνεσθε</span> <span class='ocrx_word' id='word_1_407' title='bbox 2990 2591 3008 2623; x_wconf 87' lang='grc'>›</span> <span class='ocrx_word' id='word_1_408' title='bbox 3035 2570 3163 2642; x_wconf 75' lang='grc' dir='ltr'>γὰρ,</span> <span class='ocrx_word' id='word_1_409' title='bbox 3192 2570 3347 2640; x_wconf 75' lang='grc' dir='ltr'>φησὶ,</span> <span class='ocrx_word' id='word_1_410' title='bbox 3371 2588 3389 2621; x_wconf 87' lang='grc' dir='ltr'><strong>ι</strong></span> <span class='ocrx_word' id='word_1_411' title='bbox 3416 2569 3667 2640; x_wconf 77' lang='grc' dir='ltr'>φρόνιμοι</span> <span class='ocrx_word' id='word_1_412' title='bbox 3692 2563 3767 2632; x_wconf 86' lang='grc' dir='ltr'>ὡς</span> 
     </span>
    </p>
   </div>
   <div class='ocr_carea' id='block_1_54' title="bbox 2176 2658 3516 2735">
    <p class='ocr_par' dir='ltr' id='par_1_54' title="bbox 2176 2658 3516 2735">
     <span class='ocr_line' id='line_1_54' title="bbox 2176 2658 3516 2735; baseline -0.004 -16"><span class='ocrx_word' id='word_1_413' title='bbox 2176 2666 2227 2719; x_wconf 78' lang='lat' dir='ltr'><strong>oi</strong></span> <span class='ocrx_word' id='word_1_414' title='bbox 2263 2664 2437 2735; x_wconf 72' lang='grc' dir='ltr'>ὄφεις,</span> <span class='ocrx_word' id='word_1_415' title='bbox 2472 2664 2568 2718; x_wconf 78' lang='grc' dir='ltr'><strong>καὶ</strong></span> <span class='ocrx_word' id='word_1_416' title='bbox 2615 2663 2866 2734; x_wconf 80' lang='grc' dir='ltr'>ἀκέραιοι</span> <span class='ocrx_word' id='word_1_417' title='bbox 2910 2660 2985 2724; x_wconf 66' lang='lat' dir='ltr'><strong>ti),</strong></span> <span class='ocrx_word' id='word_1_418' title='bbox 3031 2662 3088 2715; x_wconf 90' lang='grc' dir='ltr'>αἱ</span> <span class='ocrx_word' id='word_1_419' title='bbox 3118 2658 3456 2731; x_wconf 79' lang='grc' dir='ltr'>περιστεραί.</span> <span class='ocrx_word' id='word_1_420' title='bbox 3497 2680 3516 2712; x_wconf 76' lang='grc' dir='ltr'><strong>ι</strong></span> 
     </span>
    </p>
   </div>
   <div class='ocr_carea' id='block_1_55' title="bbox 480 2753 3767 2838">
    <p class='ocr_par' dir='ltr' id='par_1_55' title="bbox 480 2753 3767 2838">
     <span class='ocr_line' id='line_1_55' title="bbox 480 2753 3767 2838; baseline -0.006 -13"><span class='ocrx_word' id='word_1_421' title='bbox 480 2770 594 2838; x_wconf 56' lang='grc' dir='ltr'><strong>ἓῡηὶ</strong></span> <span class='ocrx_word' id='word_1_422' title='bbox 625 2775 692 2814; x_wconf 75' lang='lat' dir='ltr'><strong>ac</strong></span> <span class='ocrx_word' id='word_1_423' title='bbox 723 2756 1036 2819; x_wconf 62' lang='lat' dir='ltr'><strong>vafritiem.</strong></span> <span class='ocrx_word' id='word_1_424' title='bbox 1067 2766 1233 2825; x_wconf 82' lang='lat' dir='ltr'><strong>quam</strong></span> <span class='ocrx_word' id='word_1_425' title='bbox 1279 2753 1530 2825; x_wconf 86' lang='lat' dir='ltr'><strong>plerique</strong></span> <span class='ocrx_word' id='word_1_426' title='bbox 1579 2753 1834 2810; x_wconf 83' lang='lat' dir='ltr'><strong>homines</strong></span> <span class='ocrx_word' id='word_1_427' title='bbox 1911 2759 2251 2828; x_wconf 64' lang='lat' dir='ltr'><strong>praedicant,</strong></span> <span class='ocrx_word' id='word_1_428' title='bbox 2318 2776 2524 2816; x_wconf 75' lang='lat' dir='ltr'><strong>merant</strong></span> <span class='ocrx_word' id='word_1_429' title='bbox 2590 2767 2756 2830; x_wconf 86' lang='lat' dir='ltr'><strong>atque</strong></span> <span class='ocrx_word' id='word_1_430' title='bbox 2822 2757 3220 2829; x_wconf 85' lang='lat' dir='ltr'><strong>impermistam</strong></span> <span class='ocrx_word' id='word_1_431' title='bbox 3265 2758 3545 2812; x_wconf 89' lang='lat' dir='ltr'><strong>contrario</strong></span> <span class='ocrx_word' id='word_1_432' title='bbox 3592 2753 3767 2807; x_wconf 90' lang='lat' dir='ltr'><strong>virtu-</strong></span> 
     </span>
    </p>
   </div>
   <div class='ocr_carea' id='block_1_56' title="bbox 482 2842 3767 2923">
    <p class='ocr_par' dir='ltr' id='par_1_56' title="bbox 482 2842 3767 2923">
     <span class='ocr_line' id='line_1_56' title="bbox 482 2842 3767 2923; baseline -0.001 -19"><span class='ocrx_word' id='word_1_433' title='bbox 482 2859 596 2916; x_wconf 81' lang='lat' dir='ltr'><strong>tem</strong></span> <span class='ocrx_word' id='word_1_434' title='bbox 626 2849 898 2910; x_wconf 87' lang='lat' dir='ltr'><strong>credant,</strong></span> <span class='ocrx_word' id='word_1_435' title='bbox 948 2845 1045 2902; x_wconf 87' lang='lat' dir='ltr'><strong>sed</strong></span> <span class='ocrx_word' id='word_1_436' title='bbox 1111 2860 1176 2900; x_wconf 78' lang='lat' dir='ltr'><strong>cx</strong></span> <span class='ocrx_word' id='word_1_437' title='bbox 1230 2842 1571 2899; x_wconf 78' lang='lat' dir='ltr'><strong>adversariis</strong></span> <span class='ocrx_word' id='word_1_438' title='bbox 1617 2844 1784 2901; x_wconf 86' lang='lat' dir='ltr'><strong>rebus</strong></span> <span class='ocrx_word' id='word_1_439' title='bbox 1830 2861 1998 2903; x_wconf 90' lang='lat' dir='ltr'><strong>unum</strong></span> <span class='ocrx_word' id='word_1_440' title='bbox 2061 2852 2285 2923; x_wconf 88' lang='lat' dir='ltr'><strong>aliquod</strong></span> <span class='ocrx_word' id='word_1_441' title='bbox 2353 2860 2441 2907; x_wconf 91' lang='lat' dir='ltr'><strong>ten</strong></span> <span class='ocrx_word' id='word_1_442' title='bbox 2468 2860 2719 2923; x_wconf 82' lang='lat' dir='ltr'><strong>peratum</strong></span> <span class='ocrx_word' id='word_1_443' title='bbox 2778 2865 2996 2905; x_wconf 61' lang='lat' dir='ltr'><strong>uxorum</strong></span> <span class='ocrx_word' id='word_1_444' title='bbox 3038 2864 3213 2921; x_wconf 89' lang='lat' dir='ltr'><strong>genus</strong></span> <span class='ocrx_word' id='word_1_445' title='bbox 3259 2849 3594 2915; x_wconf 78' lang='lat' dir='ltr'><strong>conﬁciant,</strong></span> <span class='ocrx_word' id='word_1_446' title='bbox 3639 2847 3767 2901; x_wconf 86' lang='lat' dir='ltr'><strong>hinc</strong></span> 
     </span>
    </p>
   </div>
   <div class='ocr_carea' id='block_1_57' title="bbox 485 2937 3767 3014">
    <p class='ocr_par' dir='ltr' id='par_1_57' title="bbox 485 2937 3767 3014">
     <span class='ocr_line' id='line_1_57' title="bbox 485 2937 3767 3014; baseline -0.002 -16"><span class='ocrx_word' id='word_1_447' title='bbox 485 2944 798 3006; x_wconf 88' lang='lat' dir='ltr'><strong>dementia,</strong></span> <span class='ocrx_word' id='word_1_448' title='bbox 870 2941 1024 2994; x_wconf 91' lang='lat' dir='ltr'><strong>illinc</strong></span> <span class='ocrx_word' id='word_1_449' title='bbox 1072 2937 1348 2993; x_wconf 75' lang='lat' dir='ltr'><strong>malitiosa</strong></span> <span class='ocrx_word' id='word_1_450' title='bbox 1388 2937 1660 3007; x_wconf 88' lang='lat' dir='ltr'><strong>sapientia</strong></span> <span class='ocrx_word' id='word_1_451' title='bbox 1706 2939 1924 3006; x_wconf 87' lang='lat' dir='ltr'><strong>recisa,</strong></span> <span class='ocrx_word' id='word_1_452' title='bbox 1987 2945 2148 3013; x_wconf 85' lang='lat' dir='ltr'><strong>quasi</strong></span> <span class='ocrx_word' id='word_1_453' title='bbox 2186 2961 2254 3000; x_wconf 79' lang='lat' dir='ltr'><strong>ex</strong></span> <span class='ocrx_word' id='word_1_454' title='bbox 2303 2953 2538 3014; x_wconf 89' lang='lat' dir='ltr'><strong>utroque</strong></span> <span class='ocrx_word' id='word_1_455' title='bbox 2585 2941 2868 2997; x_wconf 89' lang='lat' dir='ltr'><strong>contrario</strong></span> <span class='ocrx_word' id='word_1_456' title='bbox 2915 2956 3087 2997; x_wconf 85' lang='lat' dir='ltr'><strong>unum</strong></span> <span class='ocrx_word' id='word_1_457' title='bbox 3132 2938 3435 3011; x_wconf 81' lang='lat' dir='ltr'><strong>perfectum</strong></span> <span class='ocrx_word' id='word_1_458' title='bbox 3483 2941 3555 2994; x_wconf 88' lang='lat' dir='ltr'><strong>sit</strong></span> <span class='ocrx_word' id='word_1_459' title='bbox 3600 2939 3767 2993; x_wconf 78' lang='lat' dir='ltr'><strong>Itone-</strong></span> 
     </span>
    </p>
   </div>
   <div class='ocr_carea' id='block_1_58' title="bbox 483 3032 3765 3109">
    <p class='ocr_par' dir='ltr' id='par_1_58' title="bbox 483 3032 3765 3109">
     <span class='ocr_line' id='line_1_58' title="bbox 483 3032 3765 3109; baseline -0.002 -13"><span class='ocrx_word' id='word_1_460' title='bbox 483 3050 631 3097; x_wconf 76' lang='lat' dir='ltr'><strong>stum</strong></span> <span class='ocrx_word' id='word_1_461' title='bbox 653 3076 669 3104; x_wconf 86' lang='lat'><strong>,</strong></span> <span class='ocrx_word' id='word_1_462' title='bbox 707 3035 858 3109; x_wconf 88' lang='lat' dir='ltr'><strong>quod</strong></span> <span class='ocrx_word' id='word_1_463' title='bbox 898 3045 953 3090; x_wconf 91' lang='lat' dir='ltr'><strong>ct</strong></span> <span class='ocrx_word' id='word_1_464' title='bbox 993 3050 1057 3089; x_wconf 78' lang='lat' dir='ltr'><strong>ex</strong></span> <span class='ocrx_word' id='word_1_465' title='bbox 1115 3032 1283 3087; x_wconf 88' lang='lat' dir='ltr'><strong>animi</strong></span> <span class='ocrx_word' id='word_1_466' title='bbox 1330 3033 1690 3103; x_wconf 89' lang='lat' dir='ltr'><strong>simplicitate</strong></span> <span class='ocrx_word' id='word_1_467' title='bbox 1725 3042 1783 3089; x_wconf 79' lang='lat' dir='ltr'><strong>et</strong></span> <span class='ocrx_word' id='word_1_468' title='bbox 1822 3037 2051 3095; x_wconf 86' lang='lat' dir='ltr'><strong>solertia</strong></span> <span class='ocrx_word' id='word_1_469' title='bbox 2088 3039 2391 3096; x_wconf 84' lang='lat' dir='ltr'><strong>conﬂatum</strong></span> <span class='ocrx_word' id='word_1_470' title='bbox 2445 3046 2553 3095; x_wconf 86' lang='lat' dir='ltr'><strong>est.</strong></span> <span class='ocrx_word' id='word_1_471' title='bbox 2581 3055 2602 3091; x_wconf 83' lang='grc' dir='ltr'><strong>ι</strong></span> <span class='ocrx_word' id='word_1_472' title='bbox 2633 3036 2823 3094; x_wconf 83' lang='lat' dir='ltr'><strong>Estote</strong></span> <span class='ocrx_word' id='word_1_473' title='bbox 2854 3055 2872 3090; x_wconf 74' lang='grc' dir='ltr'><strong>ι</strong></span> <span class='ocrx_word' id='word_1_474' title='bbox 2895 3037 3067 3104; x_wconf 87' lang='lat' dir='ltr'><strong>enim,</strong></span> <span class='ocrx_word' id='word_1_475' title='bbox 3099 3035 3280 3107; x_wconf 90' lang='lat' dir='ltr'><strong>inquit</strong></span> <span class='ocrx_word' id='word_1_476' title='bbox 3309 3036 3378 3105; x_wconf 72' lang='lat'><strong>&quot;,</strong></span> <span class='ocrx_word' id='word_1_477' title='bbox 3422 3056 3441 3089; x_wconf 75' lang='grc' dir='ltr'><strong>ι</strong></span> <span class='ocrx_word' id='word_1_478' title='bbox 3469 3036 3765 3108; x_wconf 85' lang='lat' dir='ltr'><strong>prudentes</strong></span> 
     </span>
    </p>
   </div>
   <div class='ocr_carea' id='block_1_59' title="bbox 484 3126 1624 3203">
    <p class='ocr_par' dir='ltr' id='par_1_59' title="bbox 484 3126 1624 3203">
     <span class='ocr_line' id='line_1_59' title="bbox 484 3126 1624 3203; baseline -0.004 -14"><span class='ocrx_word' id='word_1_479' title='bbox 484 3143 548 3189; x_wconf 87' lang='lat' dir='ltr'><strong>ut</strong></span> <span class='ocrx_word' id='word_1_480' title='bbox 576 3139 865 3203; x_wconf 83' lang='lat' dir='ltr'><strong>serpentes</strong></span> <span class='ocrx_word' id='word_1_481' title='bbox 884 3170 901 3196; x_wconf 90' lang='lat'><strong>,</strong></span> <span class='ocrx_word' id='word_1_482' title='bbox 928 3127 1210 3198; x_wconf 86' lang='lat' dir='ltr'><strong>simplices</strong></span> <span class='ocrx_word' id='word_1_483' title='bbox 1242 3133 1301 3180; x_wconf 90' lang='lat' dir='ltr'><strong>ut</strong></span> <span class='ocrx_word' id='word_1_484' title='bbox 1333 3126 1624 3184; x_wconf 64' lang='lat' dir='ltr'><strong>columbae.</strong></span> 
     </span>
    </p>
   </div>
   <div class='ocr_carea' id='block_1_60' title="bbox 1055 3242 1502 3301">
    <p class='ocr_par' dir='ltr' id='par_1_60' title="bbox 1055 3242 1502 3301">
     <span class='ocr_line' id='line_1_60' title="bbox 1055 3242 1502 3301; baseline -0.004 0"><span class='ocrx_word' id='word_1_485' title='bbox 1055 3243 1291 3301; x_wconf 80' lang='lat' dir='ltr'><strong>CAPUT</strong></span> <span class='ocrx_word' id='word_1_486' title='bbox 1337 3242 1502 3299; x_wconf 78' lang='lat' dir='ltr'><strong>XVII.</strong></span> 
     </span>
    </p>
   </div>
   <div class='ocr_carea' id='block_1_61' title="bbox 630 3359 1935 3430">
    <p class='ocr_par' dir='ltr' id='par_1_61' title="bbox 630 3359 1935 3430">
     <span class='ocr_line' id='line_1_61' title="bbox 630 3359 1935 3430; baseline 0.001 -14"><span class='ocrx_word' id='word_1_487' title='bbox 630 3361 823 3418; x_wconf 80' lang='lat' dir='ltr'><strong>Omnes</strong></span> <span class='ocrx_word' id='word_1_488' title='bbox 873 3359 1041 3414; x_wconf 85' lang='lat' dir='ltr'><strong>animi</strong></span> <span class='ocrx_word' id='word_1_489' title='bbox 1083 3367 1368 3427; x_wconf 78' lang='lat' dir='ltr'><strong>potestates</strong></span> <span class='ocrx_word' id='word_1_490' title='bbox 1417 3360 1666 3415; x_wconf 73' lang='lat' dir='ltr'><strong>virtutem</strong></span> <span class='ocrx_word' id='word_1_491' title='bbox 1697 3370 1935 3430; x_wconf 82' lang='lat' dir='ltr'><strong>spectare</strong></span> 
     </span>
    </p>
   </div>
   <div class='ocr_carea' id='block_1_62' title="bbox 1171 3430 1377 3483">
    <p class='ocr_par' dir='ltr' id='par_1_62' title="bbox 1171 3430 1377 3483">
     <span class='ocr_line' id='line_1_62' title="bbox 1171 3430 1377 3483; baseline 0.005 -2"><span class='ocrx_word' id='word_1_492' title='bbox 1171 3430 1377 3483; x_wconf 80' lang='lat' dir='ltr'><strong>debent.</strong></span> 
     </span>
    </p>
   </div>
   <div class='ocr_carea' id='block_1_63' title="bbox 482 3519 2074 3595">
    <p class='ocr_par' dir='ltr' id='par_1_63' title="bbox 482 3519 2074 3595">
     <span class='ocr_line' id='line_1_63' title="bbox 482 3519 2074 3595; baseline -0.001 -15"><span class='ocrx_word' id='word_1_493' title='bbox 482 3554 489 3559; x_wconf 89' lang='lat'><strong>-</strong></span> <span class='ocrx_word' id='word_1_494' title='bbox 555 3523 712 3592; x_wconf 84' lang='lat' dir='ltr'><strong>Quod</strong></span> <span class='ocrx_word' id='word_1_495' title='bbox 748 3522 914 3595; x_wconf 89' lang='lat' dir='ltr'><strong>igitur</strong></span> <span class='ocrx_word' id='word_1_496' title='bbox 941 3536 1009 3575; x_wconf 88' lang='lat' dir='ltr'><strong>eo</strong></span> <span class='ocrx_word' id='word_1_497' title='bbox 1044 3522 1165 3575; x_wconf 90' lang='lat' dir='ltr'><strong>loco</strong></span> <span class='ocrx_word' id='word_1_498' title='bbox 1190 3521 1399 3575; x_wconf 86' lang='lat' dir='ltr'><strong>dictum</strong></span> <span class='ocrx_word' id='word_1_499' title='bbox 1431 3528 1517 3575; x_wconf 83' lang='lat' dir='ltr'><strong>est</strong></span> <span class='ocrx_word' id='word_1_500' title='bbox 1553 3537 1582 3576; x_wconf 70' lang='grc' dir='ltr'><strong>ε</strong></span> <span class='ocrx_word' id='word_1_501' title='bbox 1619 3519 1889 3589; x_wconf 87' lang='lat' dir='ltr'><strong>Domino,</strong></span> <span class='ocrx_word' id='word_1_502' title='bbox 1918 3538 2074 3578; x_wconf 88' lang='lat' dir='ltr'><strong>com-</strong></span> 
     </span>
    </p>
   </div>
   <div class='ocr_carea' id='block_1_64' title="bbox 483 3613 2069 3685">
    <p class='ocr_par' dir='ltr' id='par_1_64' title="bbox 483 3613 2069 3685">
     <span class='ocr_line' id='line_1_64' title="bbox 483 3613 2069 3685; baseline -0.001 -13"><span class='ocrx_word' id='word_1_503' title='bbox 483 3631 655 3673; x_wconf 84' lang='lat' dir='ltr'><strong>mune</strong></span> <span class='ocrx_word' id='word_1_504' title='bbox 685 3615 757 3670; x_wconf 93' lang='lat' dir='ltr'><strong>sit</strong></span> <span class='ocrx_word' id='word_1_505' title='bbox 785 3614 969 3668; x_wconf 89' lang='lat' dir='ltr'><strong>omnis</strong></span> <span class='ocrx_word' id='word_1_506' title='bbox 1019 3614 1143 3666; x_wconf 73' lang='lat' dir='ltr'><strong>vita:</strong></span> <span class='ocrx_word' id='word_1_507' title='bbox 1187 3620 1558 3683; x_wconf 63' lang='lat' dir='ltr'><strong>praeceptum,</strong></span> <span class='ocrx_word' id='word_1_508' title='bbox 1612 3613 1682 3669; x_wconf 90' lang='lat' dir='ltr'><strong>iis</strong></span> <span class='ocrx_word' id='word_1_509' title='bbox 1729 3616 2069 3685; x_wconf 60' lang='lat' dir='ltr'><strong>praesertim.</strong></span> 
     </span>
    </p>
   </div>
   <div class='ocr_carea' id='block_1_65' title="bbox 483 3702 2070 3781">
    <p class='ocr_par' dir='ltr' id='par_1_65' title="bbox 483 3702 2070 3781">
     <span class='ocr_line' id='line_1_65' title="bbox 483 3702 2070 3781; baseline 0.002 -22"><span class='ocrx_word' id='word_1_510' title='bbox 483 3710 578 3781; x_wconf 80' lang='lat' dir='ltr'><strong>qui</strong></span> <span class='ocrx_word' id='word_1_511' title='bbox 608 3706 943 3777; x_wconf 79' lang='lat' dir='ltr'><strong>virginitatis</strong></span> <span class='ocrx_word' id='word_1_512' title='bbox 973 3703 1160 3758; x_wconf 89' lang='lat' dir='ltr'><strong>studio</strong></span> <span class='ocrx_word' id='word_1_513' title='bbox 1187 3702 1255 3757; x_wconf 90' lang='lat' dir='ltr'><strong>ad</strong></span> <span class='ocrx_word' id='word_1_514' title='bbox 1282 3702 1454 3758; x_wconf 90' lang='lat' dir='ltr'><strong>Deum</strong></span> <span class='ocrx_word' id='word_1_515' title='bbox 1488 3704 1793 3770; x_wconf 88' lang='lat' dir='ltr'><strong>accedunt,</strong></span> <span class='ocrx_word' id='word_1_516' title='bbox 1826 3715 1912 3770; x_wconf 92' lang='lat' dir='ltr'><strong>ut,</strong></span> <span class='ocrx_word' id='word_1_517' title='bbox 1945 3722 2070 3762; x_wconf 89' lang='lat' dir='ltr'><strong>cum</strong></span> 
     </span>
    </p>
   </div>
   <div class='ocr_carea' id='block_1_66' title="bbox 487 3796 2071 3868">
    <p class='ocr_par' dir='ltr' id='par_1_66' title="bbox 487 3796 2071 3868">
     <span class='ocr_line' id='line_1_66' title="bbox 487 3796 2071 3868; baseline -0.001 -11"><span class='ocrx_word' id='word_1_518' title='bbox 487 3804 555 3857; x_wconf 79' lang='lat' dir='ltr'><strong>ad</strong></span> <span class='ocrx_word' id='word_1_519' title='bbox 587 3813 755 3855; x_wconf 84' lang='lat' dir='ltr'><strong>unum</strong></span> <span class='ocrx_word' id='word_1_520' title='bbox 791 3797 1013 3867; x_wconf 83' lang='lat' dir='ltr'><strong>aliquod</strong></span> <span class='ocrx_word' id='word_1_521' title='bbox 1055 3806 1268 3850; x_wconf 83' lang='lat' dir='ltr'><strong>rectum</strong></span> <span class='ocrx_word' id='word_1_522' title='bbox 1314 3796 1554 3851; x_wconf 76' lang='lat' dir='ltr'><strong>ollicium</strong></span> <span class='ocrx_word' id='word_1_523' title='bbox 1587 3799 1924 3868; x_wconf 86' lang='lat' dir='ltr'><strong>respiciant,</strong></span> <span class='ocrx_word' id='word_1_524' title='bbox 1960 3815 2071 3855; x_wconf 83' lang='lat' dir='ltr'><strong>non</strong></span> 
     </span>
    </p>
   </div>
   <div class='ocr_carea' id='block_1_67' title="bbox 485 3887 2074 3957">
    <p class='ocr_par' dir='ltr' id='par_1_67' title="bbox 485 3887 2074 3957">
     <span class='ocr_line' id='line_1_67' title="bbox 485 3887 2074 3957; baseline -0.001 -9"><span class='ocrx_word' id='word_1_525' title='bbox 485 3891 653 3948; x_wconf 87' lang='lat' dir='ltr'><strong>modo</strong></span> <span class='ocrx_word' id='word_1_526' title='bbox 682 3905 772 3946; x_wconf 88' lang='lat' dir='ltr'><strong>res</strong></span> <span class='ocrx_word' id='word_1_527' title='bbox 796 3888 1109 3942; x_wconf 78' lang='lat' dir='ltr'><strong>contrarias</strong></span> <span class='ocrx_word' id='word_1_528' title='bbox 1138 3894 1409 3949; x_wconf 82' lang='lat' dir='ltr'><strong>caveant,</strong></span> <span class='ocrx_word' id='word_1_529' title='bbox 1443 3887 1538 3942; x_wconf 87' lang='lat' dir='ltr'><strong>sed</strong></span> <span class='ocrx_word' id='word_1_530' title='bbox 1569 3888 1715 3957; x_wconf 85' lang='lat' dir='ltr'><strong>quod</strong></span> <span class='ocrx_word' id='word_1_531' title='bbox 1747 3887 1952 3942; x_wconf 86' lang='lat' dir='ltr'><strong>bonum</strong></span> <span class='ocrx_word' id='word_1_532' title='bbox 1986 3899 2074 3946; x_wconf 90' lang='lat' dir='ltr'><strong>est</strong></span> 
     </span>
    </p>
   </div>
   <div class='ocr_carea' id='block_1_68' title="bbox 486 3977 2073 4052">
    <p class='ocr_par' dir='ltr' id='par_1_68' title="bbox 486 3977 2073 4052">
     <span class='ocr_line' id='line_1_68' title="bbox 486 3977 2073 4052; baseline -0.001 -15"><span class='ocrx_word' id='word_1_533' title='bbox 486 3982 731 4052; x_wconf 85' lang='lat' dir='ltr'><strong>undique</strong></span> <span class='ocrx_word' id='word_1_534' title='bbox 760 3979 867 4036; x_wconf 86' lang='lat' dir='ltr'><strong>sibi</strong></span> <span class='ocrx_word' id='word_1_535' title='bbox 895 3979 1192 4049; x_wconf 85' lang='lat' dir='ltr'><strong>colligant,</strong></span> <span class='ocrx_word' id='word_1_536' title='bbox 1235 3984 1297 4031; x_wconf 90' lang='grc' dir='ltr'><strong>ιιι</strong></span> <span class='ocrx_word' id='word_1_537' title='bbox 1337 3977 1597 4035; x_wconf 90' lang='lat' dir='ltr'><strong>omnibus</strong></span> <span class='ocrx_word' id='word_1_538' title='bbox 1642 3979 1955 4049; x_wconf 69' lang='lat' dir='ltr'><strong>quaerendis</strong></span> <span class='ocrx_word' id='word_1_539' title='bbox 1989 3979 2073 4035; x_wconf 89' lang='lat' dir='ltr'><strong>vi-</strong></span> 
     </span>
    </p>
   </div>
   <div class='ocr_carea' id='block_1_69' title="bbox 486 4067 2072 4143">
    <p class='ocr_par' dir='ltr' id='par_1_69' title="bbox 486 4067 2072 4143">
     <span class='ocr_line' id='line_1_69' title="bbox 486 4067 2072 4143; baseline -0.003 -13"><span class='ocrx_word' id='word_1_540' title='bbox 486 4080 601 4131; x_wconf 89' lang='lat' dir='ltr'><strong>tam</strong></span> <span class='ocrx_word' id='word_1_541' title='bbox 634 4076 690 4128; x_wconf 91' lang='lat' dir='ltr'><strong>in</strong></span> <span class='ocrx_word' id='word_1_542' title='bbox 724 4080 845 4127; x_wconf 91' lang='lat' dir='ltr'><strong>tuto</strong></span> <span class='ocrx_word' id='word_1_543' title='bbox 872 4071 1171 4127; x_wconf 80' lang='lat' dir='ltr'><strong>collucent.</strong></span> <span class='ocrx_word' id='word_1_544' title='bbox 1207 4067 1400 4140; x_wconf 88' lang='lat' dir='ltr'><strong>Neque</strong></span> <span class='ocrx_word' id='word_1_545' title='bbox 1428 4070 1577 4125; x_wconf 91' lang='lat' dir='ltr'><strong>enim</strong></span> <span class='ocrx_word' id='word_1_546' title='bbox 1613 4071 1775 4126; x_wconf 83' lang='lat' dir='ltr'><strong>miles</strong></span> <span class='ocrx_word' id='word_1_547' title='bbox 1801 4108 1817 4137; x_wconf 91' lang='lat'><strong>,</strong></span> <span class='ocrx_word' id='word_1_548' title='bbox 1846 4071 1940 4143; x_wconf 88' lang='lat' dir='ltr'><strong>qui</strong></span> <span class='ocrx_word' id='word_1_549' title='bbox 1980 4085 2072 4125; x_wconf 88' lang='lat' dir='ltr'><strong>ar-</strong></span> 
     </span>
    </p>
   </div>
   <div class='ocr_carea' id='block_1_70' title="bbox 490 4149 2071 4237">
    <p class='ocr_par' dir='ltr' id='par_1_70' title="bbox 490 4149 2071 4237">
     <span class='ocr_line' id='line_1_70' title="bbox 490 4149 2071 4237; baseline -0.002 -15"><span class='ocrx_word' id='word_1_550' title='bbox 490 4168 597 4222; x_wconf 88' lang='lat' dir='ltr'><strong>mis</strong></span> <span class='ocrx_word' id='word_1_551' title='bbox 625 4174 837 4237; x_wconf 80' lang='lat' dir='ltr'><strong>partent</strong></span> <span class='ocrx_word' id='word_1_552' title='bbox 868 4163 1109 4234; x_wconf 85' lang='lat' dir='ltr'><strong>aliquam</strong></span> <span class='ocrx_word' id='word_1_553' title='bbox 1143 4164 1398 4233; x_wconf 89' lang='lat' dir='ltr'><strong>corporis</strong></span> <span class='ocrx_word' id='word_1_554' title='bbox 1446 4149 1744 4229; x_wconf 75' lang='lat' dir='ltr'><strong>muniei&#39;it,</strong></span> <span class='ocrx_word' id='word_1_555' title='bbox 1798 4164 2071 4234; x_wconf 89' lang='lat' dir='ltr'><strong>reliquum</strong></span> 
     </span>
    </p>
   </div>
   <div class='ocr_carea' id='block_1_71' title="bbox 487 4253 2070 4329">
    <p class='ocr_par' dir='ltr' id='par_1_71' title="bbox 487 4253 2070 4329">
     <span class='ocr_line' id='line_1_71' title="bbox 487 4253 2070 4329; baseline -0.004 -14"><span class='ocrx_word' id='word_1_556' title='bbox 487 4273 689 4329; x_wconf 81' lang='lat' dir='ltr'><strong>corpus</strong></span> <span class='ocrx_word' id='word_1_557' title='bbox 720 4257 893 4311; x_wconf 89' lang='lat' dir='ltr'><strong>armis</strong></span> <span class='ocrx_word' id='word_1_558' title='bbox 928 4255 1141 4309; x_wconf 88' lang='lat' dir='ltr'><strong>nudum</strong></span> <span class='ocrx_word' id='word_1_559' title='bbox 1174 4254 1423 4323; x_wconf 89' lang='lat' dir='ltr'><strong>periculo</strong></span> <span class='ocrx_word' id='word_1_560' title='bbox 1452 4254 1702 4324; x_wconf 84' lang='lat' dir='ltr'><strong>objiciet.</strong></span> <span class='ocrx_word' id='word_1_561' title='bbox 1732 4253 1876 4321; x_wconf 85' lang='lat' dir='ltr'><strong>Quid</strong></span> <span class='ocrx_word' id='word_1_562' title='bbox 1924 4255 2070 4310; x_wconf 90' lang='lat' dir='ltr'><strong>enim</strong></span> 
     </span>
    </p>
   </div>
   <div class='ocr_carea' id='block_1_72' title="bbox 488 4349 2072 4422">
    <p class='ocr_par' dir='ltr' id='par_1_72' title="bbox 488 4349 2072 4422">
     <span class='ocr_line' id='line_1_72' title="bbox 488 4349 2072 4422; baseline -0.002 -15"><span class='ocrx_word' id='word_1_563' title='bbox 488 4354 539 4408; x_wconf 89' lang='lat' dir='ltr'><strong>ei</strong></span> <span class='ocrx_word' id='word_1_564' title='bbox 575 4352 712 4406; x_wconf 82' lang='lat' dir='ltr'><strong>lucri</strong></span> <span class='ocrx_word' id='word_1_565' title='bbox 744 4358 831 4406; x_wconf 82' lang='lat' dir='ltr'><strong>est</strong></span> <span class='ocrx_word' id='word_1_566' title='bbox 857 4365 923 4405; x_wconf 81' lang='lat' dir='ltr'><strong>ex</strong></span> <span class='ocrx_word' id='word_1_567' title='bbox 956 4358 1113 4422; x_wconf 85' lang='lat' dir='ltr'><strong>parte</strong></span> <span class='ocrx_word' id='word_1_568' title='bbox 1144 4350 1400 4419; x_wconf 88' lang='lat' dir='ltr'><strong>corporis</strong></span> <span class='ocrx_word' id='word_1_569' title='bbox 1432 4356 1678 4414; x_wconf 88' lang='lat' dir='ltr'><strong>armata,</strong></span> <span class='ocrx_word' id='word_1_570' title='bbox 1710 4349 1759 4405; x_wconf 93' lang='lat' dir='ltr'><strong>si</strong></span> <span class='ocrx_word' id='word_1_571' title='bbox 1806 4350 1861 4404; x_wconf 94' lang='lat' dir='ltr'><strong>in</strong></span> <span class='ocrx_word' id='word_1_572' title='bbox 1897 4350 2072 4419; x_wconf 82' lang='lat' dir='ltr'><strong>parti-</strong></span> 
     </span>
    </p>
   </div>
   <div class='ocr_carea' id='block_1_73' title="bbox 490 4439 2072 4512">
    <p class='ocr_par' dir='ltr' id='par_1_73' title="bbox 490 4439 2072 4512">
     <span class='ocr_line' id='line_1_73' title="bbox 490 4439 2072 4512; baseline -0.003 -13"><span class='ocrx_word' id='word_1_573' title='bbox 490 4445 595 4499; x_wconf 86' lang='lat' dir='ltr'><strong>bus</strong></span> <span class='ocrx_word' id='word_1_574' title='bbox 623 4444 786 4498; x_wconf 91' lang='lat' dir='ltr'><strong>nudis</strong></span> <span class='ocrx_word' id='word_1_575' title='bbox 814 4442 1066 4496; x_wconf 87' lang='lat' dir='ltr'><strong>letbalem</strong></span> <span class='ocrx_word' id='word_1_576' title='bbox 1097 4441 1314 4512; x_wconf 86' lang='lat' dir='ltr'><strong>plagam</strong></span> <span class='ocrx_word' id='word_1_577' title='bbox 1361 4440 1643 4511; x_wconf 87' lang='lat' dir='ltr'><strong>accipiat?</strong></span> <span class='ocrx_word' id='word_1_578' title='bbox 1687 4439 1827 4506; x_wconf 87' lang='lat' dir='ltr'><strong>Quis</strong></span> <span class='ocrx_word' id='word_1_579' title='bbox 1867 4440 2072 4496; x_wconf 68' lang='lat' dir='ltr'><strong>tortuo-</strong></span> 
     </span>
    </p>
   </div>
   <div class='ocr_carea' id='block_1_74' title="bbox 490 4530 2074 4603">
    <p class='ocr_par' dir='ltr' id='par_1_74' title="bbox 490 4530 2074 4603">
     <span class='ocr_line' id='line_1_74' title="bbox 490 4530 2074 4603; baseline -0.003 -14"><span class='ocrx_word' id='word_1_580' title='bbox 490 4552 614 4591; x_wconf 90' lang='lat' dir='ltr'><strong>sum</strong></span> <span class='ocrx_word' id='word_1_581' title='bbox 643 4549 767 4589; x_wconf 89' lang='lat' dir='ltr'><strong>eum</strong></span> <span class='ocrx_word' id='word_1_582' title='bbox 799 4533 1038 4595; x_wconf 74' lang='lat' dir='ltr'><strong>dixerit,</strong></span> <span class='ocrx_word' id='word_1_583' title='bbox 1069 4532 1158 4587; x_wconf 90' lang='lat' dir='ltr'><strong>cui</strong></span> <span class='ocrx_word' id='word_1_584' title='bbox 1188 4547 1256 4586; x_wconf 78' lang='lat' dir='ltr'><strong>ex</strong></span> <span class='ocrx_word' id='word_1_585' title='bbox 1299 4531 1401 4595; x_wconf 86' lang='lat' dir='ltr'><strong>iis.</strong></span> <span class='ocrx_word' id='word_1_586' title='bbox 1432 4547 1554 4601; x_wconf 63' lang='lat' dir='ltr'><strong>quae</strong></span> <span class='ocrx_word' id='word_1_587' title='bbox 1597 4530 1666 4585; x_wconf 89' lang='lat' dir='ltr'><strong>ad</strong></span> <span class='ocrx_word' id='word_1_588' title='bbox 1715 4532 1908 4586; x_wconf 66' lang='lat' dir='ltr'><strong>formae</strong></span> <span class='ocrx_word' id='word_1_589' title='bbox 1950 4547 2074 4603; x_wconf 85' lang='lat' dir='ltr'><strong>spe-</strong></span> 
     </span>
    </p>
   </div>
   <div class='ocr_carea' id='block_1_75' title="bbox 490 4620 2075 4693">
    <p class='ocr_par' dir='ltr' id='par_1_75' title="bbox 490 4620 2075 4693">
     <span class='ocr_line' id='line_1_75' title="bbox 490 4620 2075 4693; baseline -0.002 -14"><span class='ocrx_word' id='word_1_590' title='bbox 490 4625 630 4680; x_wconf 86' lang='lat' dir='ltr'><strong>ciem</strong></span> <span class='ocrx_word' id='word_1_591' title='bbox 663 4624 935 4687; x_wconf 88' lang='lat' dir='ltr'><strong>attinent,</strong></span> <span class='ocrx_word' id='word_1_592' title='bbox 981 4621 1187 4693; x_wconf 75' lang='lat' dir='ltr'><strong>aliquid</strong></span> <span class='ocrx_word' id='word_1_593' title='bbox 1231 4629 1318 4677; x_wconf 89' lang='lat' dir='ltr'><strong>est</strong></span> <span class='ocrx_word' id='word_1_594' title='bbox 1363 4620 1678 4677; x_wconf 89' lang='lat' dir='ltr'><strong>calamitate</strong></span> <span class='ocrx_word' id='word_1_595' title='bbox 1726 4622 2075 4679; x_wconf 84' lang='lat' dir='ltr'><strong>rescissum?</strong></span> 
     </span>
    </p>
   </div>
   <div class='ocr_carea' id='block_1_76' title="bbox 490 4711 2069 4786">
    <p class='ocr_par' dir='ltr' id='par_1_76' title="bbox 490 4711 2069 4786">
     <span class='ocr_line' id='line_1_76' title="bbox 490 4711 2069 4786; baseline -0.002 -15"><span class='ocrx_word' id='word_1_596' title='bbox 490 4713 800 4786; x_wconf 83' lang='lat' dir='ltr'><strong>Turpitudo</strong></span> <span class='ocrx_word' id='word_1_597' title='bbox 828 4713 975 4769; x_wconf 89' lang='lat' dir='ltr'><strong>enim</strong></span> <span class='ocrx_word' id='word_1_598' title='bbox 1006 4727 1073 4767; x_wconf 88' lang='lat' dir='ltr'><strong>ac</strong></span> <span class='ocrx_word' id='word_1_599' title='bbox 1101 4711 1429 4768; x_wconf 78' lang='lat' dir='ltr'><strong>deformitas</strong></span> <span class='ocrx_word' id='word_1_600' title='bbox 1455 4713 1629 4782; x_wconf 90' lang='lat' dir='ltr'><strong>partis</strong></span> <span class='ocrx_word' id='word_1_601' title='bbox 1654 4712 1807 4768; x_wconf 90' lang='lat' dir='ltr'><strong>illius</strong></span> <span class='ocrx_word' id='word_1_602' title='bbox 1834 4720 2069 4777; x_wconf 64' lang='lat' dir='ltr'><strong>truncae,</strong></span> 
     </span>
    </p>
   </div>
   <div class='ocr_carea' id='block_1_77' title="bbox 490 4803 2074 4875">
    <p class='ocr_par' dir='ltr' id='par_1_77' title="bbox 490 4803 2074 4875">
     <span class='ocr_line' id='line_1_77' title="bbox 490 4803 2074 4875; baseline -0.003 -11"><span class='ocrx_word' id='word_1_603' title='bbox 490 4814 838 4864; x_wconf 79' lang='lat' dir='ltr'><strong>venustatem</strong></span> <span class='ocrx_word' id='word_1_604' title='bbox 871 4806 1098 4875; x_wconf 70' lang='lat' dir='ltr'><strong>integrat</strong></span> <span class='ocrx_word' id='word_1_605' title='bbox 1128 4803 1456 4874; x_wconf 89' lang='lat' dir='ltr'><strong>corrumpit.</strong></span> <span class='ocrx_word' id='word_1_606' title='bbox 1499 4803 1657 4869; x_wconf 90' lang='lat' dir='ltr'><strong>Quod</strong></span> <span class='ocrx_word' id='word_1_607' title='bbox 1704 4803 1788 4868; x_wconf 89' lang='lat' dir='ltr'><strong>si,</strong></span> <span class='ocrx_word' id='word_1_608' title='bbox 1832 4812 1892 4859; x_wconf 89' lang='grc' dir='ltr'><strong>ιιι</strong></span> <span class='ocrx_word' id='word_1_609' title='bbox 1932 4819 2074 4875; x_wconf 80' lang='lat' dir='ltr'><strong>quo-</strong></span> 
     </span>
    </p>
   </div>
   <div class='ocr_carea' id='block_1_78' title="bbox 2098 3230 2145 3291">
    <p class='ocr_par' dir='ltr' id='par_1_78' title="bbox 2098 3230 2145 3291">
     <span class='ocr_line' id='line_1_78' title="bbox 2098 3230 2145 3291; baseline 0 0"><span class='ocrx_word' id='word_1_610' title='bbox 2098 3230 2145 3291; x_wconf 74' lang='grc' dir='ltr'><strong>(Ξ</strong></span> 
     </span>
    </p>
   </div>
   <div class='ocr_carea' id='block_1_79' title="bbox 2777 3246 3174 3303">
    <p class='ocr_par' dir='ltr' id='par_1_79' title="bbox 2777 3246 3174 3303">
     <span class='ocr_line' id='line_1_79' title="bbox 2777 3246 3174 3303; baseline 0 -1"><span class='ocrx_word' id='word_1_611' title='bbox 2777 3246 3031 3303; x_wconf 79' lang='grc' dir='ltr'><strong>ΚΕΦΔΛ.</strong></span> <span class='ocrx_word' id='word_1_612' title='bbox 3074 3247 3174 3303; x_wconf 84' lang='lat' dir='ltr'><strong>iZ&#39;.</strong></span> 
     </span>
    </p>
   </div>
   <div class='ocr_carea' id='block_1_80' title="bbox 2212 3357 3768 3431">
    <p class='ocr_par' dir='ltr' id='par_1_80' title="bbox 2212 3357 3768 3431">
     <span class='ocr_line' id='line_1_80' title="bbox 2212 3357 3768 3431; baseline 0.001 -19"><span class='ocrx_word' id='word_1_613' title='bbox 2212 3364 2313 3414; x_wconf 82' lang='grc' dir='ltr'><strong>οτι</strong></span> <span class='ocrx_word' id='word_1_614' title='bbox 2355 3357 2475 3429; x_wconf 74' lang='grc' dir='ltr'><strong>χρὴ</strong></span> <span class='ocrx_word' id='word_1_615' title='bbox 2514 3358 2716 3427; x_wconf 81' lang='grc' dir='ltr'>πάσας</span> <span class='ocrx_word' id='word_1_616' title='bbox 2757 3361 2865 3426; x_wconf 82' lang='grc' dir='ltr'>τὰς</span> <span class='ocrx_word' id='word_1_617' title='bbox 2893 3359 3005 3428; x_wconf 78' lang='grc' dir='ltr'>τῆς</span> <span class='ocrx_word' id='word_1_618' title='bbox 3041 3359 3251 3429; x_wconf 74' lang='grc' dir='ltr'>ψυχῆς</span> <span class='ocrx_word' id='word_1_619' title='bbox 3286 3360 3573 3431; x_wconf 74' lang='grc' dir='ltr'>δυνάμεις</span> <span class='ocrx_word' id='word_1_620' title='bbox 3610 3359 3768 3429; x_wconf 77' lang='grc' dir='ltr'>πρὸς</span> 
     </span>
    </p>
   </div>
   <div class='ocr_carea' id='block_1_81' title="bbox 2698 3430 3231 3498">
    <p class='ocr_par' dir='ltr' id='par_1_81' title="bbox 2698 3430 3231 3498">
     <span class='ocr_line' id='line_1_81' title="bbox 2698 3430 3231 3498; baseline -0.002 -14"><span class='ocrx_word' id='word_1_621' title='bbox 2698 3430 2923 3498; x_wconf 77' lang='grc' dir='ltr'>ἀρετὴν</span> <span class='ocrx_word' id='word_1_622' title='bbox 2952 3431 3231 3495; x_wconf 74' lang='grc' dir='ltr'>βλέπειν.</span> 
     </span>
    </p>
   </div>
   <div class='ocr_carea' id='block_1_82' title="bbox 2250 3519 3765 3594">
    <p class='ocr_par' dir='ltr' id='par_1_82' title="bbox 2250 3519 3765 3594">
     <span class='ocr_line' id='line_1_82' title="bbox 2250 3519 3765 3594; baseline 0 -20"><span class='ocrx_word' id='word_1_623' title='bbox 2250 3519 2461 3574; x_wconf 79' lang='grc' dir='ltr'>Οὐκοῦν</span> <span class='ocrx_word' id='word_1_624' title='bbox 2505 3522 2642 3594; x_wconf 82' lang='grc' dir='ltr'>ὅπερ</span> <span class='ocrx_word' id='word_1_625' title='bbox 2681 3521 2915 3575; x_wconf 80' lang='grc' dir='ltr'>ἐνταῦθα</span> <span class='ocrx_word' id='word_1_626' title='bbox 2955 3522 3170 3593; x_wconf 75' lang='grc' dir='ltr'>εἴρηται</span> <span class='ocrx_word' id='word_1_627' title='bbox 3217 3522 3370 3592; x_wconf 83' lang='grc' dir='ltr'><strong>παρά</strong></span> <span class='ocrx_word' id='word_1_628' title='bbox 3412 3522 3506 3575; x_wconf 80' lang='grc' dir='ltr'>τοῦ</span> <span class='ocrx_word' id='word_1_629' title='bbox 3538 3521 3765 3594; x_wconf 81' lang='grc' dir='ltr'>Κυρίου,</span> 
     </span>
    </p>
   </div>
   <div class='ocr_carea' id='block_1_83' title="bbox 2179 3614 3766 3686">
    <p class='ocr_par' dir='ltr' id='par_1_83' title="bbox 2179 3614 3766 3686">
     <span class='ocr_line' id='line_1_83' title="bbox 2179 3614 3766 3686; baseline 0.002 -20"><span class='ocrx_word' id='word_1_630' title='bbox 2179 3614 2361 3668; x_wconf 62' lang='grc' dir='ltr'>κοινὸν</span> <span class='ocrx_word' id='word_1_631' title='bbox 2385 3614 2526 3668; x_wconf 80' lang='grc' dir='ltr'>ἔστω</span> <span class='ocrx_word' id='word_1_632' title='bbox 2565 3614 2740 3685; x_wconf 86' lang='grc' dir='ltr'>δόγμα</span> <span class='ocrx_word' id='word_1_633' title='bbox 2761 3614 2857 3668; x_wconf 76' lang='grc' dir='ltr'>τοῦ</span> <span class='ocrx_word' id='word_1_634' title='bbox 2890 3615 3003 3686; x_wconf 82' lang='grc' dir='ltr'>βίου</span> <span class='ocrx_word' id='word_1_635' title='bbox 3036 3615 3257 3678; x_wconf 80' lang='grc' dir='ltr'>παντὸς,</span> <span class='ocrx_word' id='word_1_636' title='bbox 3294 3616 3388 3668; x_wconf 78' lang='grc' dir='ltr'><strong>καὶ</strong></span> <span class='ocrx_word' id='word_1_637' title='bbox 3417 3615 3649 3685; x_wconf 79' lang='grc' dir='ltr'>μάλιστα</span> <span class='ocrx_word' id='word_1_638' title='bbox 3673 3616 3766 3669; x_wconf 79' lang='grc' dir='ltr'><strong>ἐπὶ</strong></span> 
     </span>
    </p>
   </div>
   <div class='ocr_carea' id='block_1_84' title="bbox 2177 3705 3765 3778">
    <p class='ocr_par' dir='ltr' id='par_1_84' title="bbox 2177 3705 3765 3778">
     <span class='ocr_line' id='line_1_84' title="bbox 2177 3705 3765 3778; baseline -0.003 -17"><span class='ocrx_word' id='word_1_639' title='bbox 2177 3708 2286 3762; x_wconf 85' lang='grc' dir='ltr'>τῶν</span> <span class='ocrx_word' id='word_1_640' title='bbox 2311 3706 2401 3760; x_wconf 71' lang='grc' dir='ltr'>διὰ</span> <span class='ocrx_word' id='word_1_641' title='bbox 2438 3705 2737 3776; x_wconf 85' lang='grc' dir='ltr'>παρθενίας</span> <span class='ocrx_word' id='word_1_642' title='bbox 2774 3705 2851 3777; x_wconf 85' lang='grc' dir='ltr'>τῷ</span> <span class='ocrx_word' id='word_1_643' title='bbox 2881 3705 3000 3777; x_wconf 87' lang='grc' dir='ltr'><strong>Θεῷ</strong></span> <span class='ocrx_word' id='word_1_644' title='bbox 3043 3706 3392 3778; x_wconf 85' lang='grc' dir='ltr'>προσιόντων,</span> <span class='ocrx_word' id='word_1_645' title='bbox 3427 3706 3487 3758; x_wconf 81' lang='grc' dir='ltr'>τὸ</span> <span class='ocrx_word' id='word_1_646' title='bbox 3523 3707 3597 3776; x_wconf 82' lang='grc' dir='ltr'>μὴ</span> <span class='ocrx_word' id='word_1_647' title='bbox 3631 3705 3765 3775; x_wconf 83' lang='grc' dir='ltr'>πρὸς</span> 
     </span>
    </p>
   </div>
   <div class='ocr_carea' id='block_1_85' title="bbox 2177 3797 3765 3870">
    <p class='ocr_par' dir='ltr' id='par_1_85' title="bbox 2177 3797 3765 3870">
     <span class='ocr_line' id='line_1_85' title="bbox 2177 3797 3765 3870; baseline -0.002 -17"><span class='ocrx_word' id='word_1_648' title='bbox 2177 3800 2237 3854; x_wconf 74' lang='grc' dir='ltr'>ἓν</span> <span class='ocrx_word' id='word_1_649' title='bbox 2258 3818 2311 3853; x_wconf 90' lang='grc' dir='ltr'><strong>τι</strong></span> <span class='ocrx_word' id='word_1_650' title='bbox 2337 3797 2671 3870; x_wconf 87' lang='grc' dir='ltr'>κατόρθωμα</span> <span class='ocrx_word' id='word_1_651' title='bbox 2694 3797 3009 3869; x_wconf 84' lang='grc' dir='ltr'>βλέποντας,</span> <span class='ocrx_word' id='word_1_652' title='bbox 3035 3798 3144 3851; x_wconf 86' lang='grc' dir='ltr'>τῶν</span> <span class='ocrx_word' id='word_1_653' title='bbox 3164 3798 3422 3851; x_wconf 78' lang='grc' dir='ltr'>ἐναντίων</span> <span class='ocrx_word' id='word_1_654' title='bbox 3442 3798 3765 3867; x_wconf 77' lang='grc' dir='ltr'>ἀφυλάκτως</span> 
     </span>
    </p>
   </div>
   <div class='ocr_carea' id='block_1_86' title="bbox 2178 3889 3763 3965">
    <p class='ocr_par' dir='ltr' id='par_1_86' title="bbox 2178 3889 3763 3965">
     <span class='ocr_line' id='line_1_86' title="bbox 2178 3889 3763 3965; baseline -0.002 -18"><span class='ocrx_word' id='word_1_655' title='bbox 2178 3893 2345 3965; x_wconf 77' lang='grc' dir='ltr'>ἔχειν,</span> <span class='ocrx_word' id='word_1_656' title='bbox 2367 3891 2505 3946; x_wconf 89' lang='grc' dir='ltr'><strong>ἀλλά</strong></span> <span class='ocrx_word' id='word_1_657' title='bbox 2523 3889 2859 3961; x_wconf 82' lang='grc' dir='ltr'>πανταχόθεν</span> <span class='ocrx_word' id='word_1_658' title='bbox 2879 3891 3089 3954; x_wconf 81' lang='grc' dir='ltr'>ἑαυτοῖς</span> <span class='ocrx_word' id='word_1_659' title='bbox 3106 3890 3167 3944; x_wconf 79' lang='grc' dir='ltr'><strong>τὸ</strong></span> <span class='ocrx_word' id='word_1_660' title='bbox 3184 3890 3385 3959; x_wconf 77' lang='grc' dir='ltr'>ἀγαθὸν</span> <span class='ocrx_word' id='word_1_661' title='bbox 3406 3890 3763 3962; x_wconf 77' lang='grc' dir='ltr'>ἐξευρίσκειν,</span> 
     </span>
    </p>
   </div>
   <div class='ocr_carea' id='block_1_87' title="bbox 2175 3981 3766 4054">
    <p class='ocr_par' dir='ltr' id='par_1_87' title="bbox 2175 3981 3766 4054">
     <span class='ocr_line' id='line_1_87' title="bbox 2175 3981 3766 4054; baseline -0.003 -15"><span class='ocrx_word' id='word_1_662' title='bbox 2175 3986 2254 4051; x_wconf 81' lang='grc' dir='ltr'><strong>ὡς</strong></span> <span class='ocrx_word' id='word_1_663' title='bbox 2283 3985 2350 4040; x_wconf 84' lang='grc' dir='ltr'>ἂν</span> <span class='ocrx_word' id='word_1_664' title='bbox 2381 3983 2468 4037; x_wconf 82' lang='grc' dir='ltr'><strong>διὰ</strong></span> <span class='ocrx_word' id='word_1_665' title='bbox 2507 3982 2725 4038; x_wconf 87' lang='grc' dir='ltr'>πάντων</span> <span class='ocrx_word' id='word_1_666' title='bbox 2745 3982 2807 4035; x_wconf 84' lang='grc' dir='ltr'><strong>τδ</strong></span> <span class='ocrx_word' id='word_1_667' title='bbox 2834 3982 3074 4051; x_wconf 81' lang='grc' dir='ltr'>ἀσφαλὲς</span> <span class='ocrx_word' id='word_1_668' title='bbox 3117 3981 3337 4054; x_wconf 77' lang='grc' dir='ltr'>ύπάρχη</span> <span class='ocrx_word' id='word_1_669' title='bbox 3367 3982 3443 4053; x_wconf 82' lang='grc' dir='ltr'><strong>τῷ</strong></span> <span class='ocrx_word' id='word_1_670' title='bbox 3480 3982 3601 4054; x_wconf 83' lang='grc' dir='ltr'>βίῳ.</span> <span class='ocrx_word' id='word_1_671' title='bbox 3631 3983 3766 4037; x_wconf 56' lang='lat' dir='ltr'><strong>esse</strong></span> 
     </span>
    </p>
   </div>
   <div class='ocr_carea' id='block_1_88' title="bbox 2175 4074 3764 4150">
    <p class='ocr_par' dir='ltr' id='par_1_88' title="bbox 2175 4074 3764 4150">
     <span class='ocr_line' id='line_1_88' title="bbox 2175 4074 3764 4150; baseline 0.012 -32"><span class='ocrx_word' id='word_1_672' title='bbox 2175 4077 2285 4150; x_wconf 69' lang='grc' dir='ltr'><strong>γὰρ</strong></span> <span class='ocrx_word' id='word_1_673' title='bbox 2315 4075 2650 4149; x_wconf 81' lang='grc' dir='ltr'>στρατιώτης</span> <span class='ocrx_word' id='word_1_674' title='bbox 2694 4075 2832 4147; x_wconf 89' lang='grc' dir='ltr'>μέρη</span> <span class='ocrx_word' id='word_1_675' title='bbox 2881 4074 3008 4127; x_wconf 84' lang='grc' dir='ltr'>τινὰ</span> <span class='ocrx_word' id='word_1_676' title='bbox 3047 4076 3160 4138; x_wconf 84' lang='grc' dir='ltr'>τοῖς</span> <span class='ocrx_word' id='word_1_677' title='bbox 3186 4074 3372 4138; x_wconf 83' lang='grc' dir='ltr'>ὅπλοις</span> <span class='ocrx_word' id='word_1_678' title='bbox 3401 4074 3764 4146; x_wconf 73' lang='grc' dir='ltr'>φραξάμενος.</span> 
     </span>
    </p>
   </div>
   <div class='ocr_carea' id='block_1_89' title="bbox 2174 4164 3766 4242">
    <p class='ocr_par' dir='ltr' id='par_1_89' title="bbox 2174 4164 3766 4242">
     <span class='ocr_line' id='line_1_89' title="bbox 2174 4164 3766 4242; baseline -0.003 -18"><span class='ocrx_word' id='word_1_679' title='bbox 2174 4169 2368 4242; x_wconf 85' lang='grc' dir='ltr'>γυμνῷ</span> <span class='ocrx_word' id='word_1_680' title='bbox 2396 4167 2692 4222; x_wconf 84' lang='grc' dir='ltr'>κινδυνεύει</span> <span class='ocrx_word' id='word_1_681' title='bbox 2734 4165 2814 4237; x_wconf 81' lang='grc' dir='ltr'>τῷ</span> <span class='ocrx_word' id='word_1_682' title='bbox 2856 4164 3030 4237; x_wconf 80' lang='grc' dir='ltr'>λοιπῷ</span> <span class='ocrx_word' id='word_1_683' title='bbox 3061 4164 3296 4237; x_wconf 84' lang='grc' dir='ltr'>σώματι.</span> <span class='ocrx_word' id='word_1_684' title='bbox 3332 4164 3397 4218; x_wconf 88' lang='grc' dir='ltr'>Τί</span> <span class='ocrx_word' id='word_1_685' title='bbox 3436 4167 3547 4240; x_wconf 86' lang='grc' dir='ltr'>γὰρ</span> <span class='ocrx_word' id='word_1_686' title='bbox 3576 4166 3766 4237; x_wconf 65' lang='grc' dir='ltr'>κέρδος</span> 
     </span>
    </p>
   </div>
   <div class='ocr_carea' id='block_1_90' title="bbox 2177 4256 3764 4334">
    <p class='ocr_par' dir='ltr' id='par_1_90' title="bbox 2177 4256 3764 4334">
     <span class='ocr_line' id='line_1_90' title="bbox 2177 4256 3764 4334; baseline -0.003 -18"><span class='ocrx_word' id='word_1_687' title='bbox 2177 4262 2327 4334; x_wconf 84' lang='grc' dir='ltr'>αύτῷ</span> <span class='ocrx_word' id='word_1_688' title='bbox 2354 4262 2455 4332; x_wconf 84' lang='grc' dir='ltr'>τῆς</span> <span class='ocrx_word' id='word_1_689' title='bbox 2482 4261 2576 4313; x_wconf 74' lang='grc' dir='ltr'>ἐπὶ</span> <span class='ocrx_word' id='word_1_690' title='bbox 2608 4259 2807 4330; x_wconf 83' lang='grc' dir='ltr'>μέρους</span> <span class='ocrx_word' id='word_1_691' title='bbox 2836 4256 3124 4322; x_wconf 78' lang='grc' dir='ltr'>ὁπλίσεως,</span> <span class='ocrx_word' id='word_1_692' title='bbox 3158 4259 3207 4311; x_wconf 86' lang='grc' dir='ltr'><strong>εἰ</strong></span> <span class='ocrx_word' id='word_1_693' title='bbox 3233 4257 3376 4329; x_wconf 69' lang='grc' dir='ltr'><strong>κατά</strong></span> <span class='ocrx_word' id='word_1_694' title='bbox 3401 4258 3512 4312; x_wconf 83' lang='grc' dir='ltr'>τῶν</span> <span class='ocrx_word' id='word_1_695' title='bbox 3541 4259 3764 4331; x_wconf 81' lang='grc' dir='ltr'>γυμνῶν</span> 
     </span>
    </p>
   </div>
   <div class='ocr_carea' id='block_1_91' title="bbox 2175 4347 3764 4425">
    <p class='ocr_par' dir='ltr' id='par_1_91' title="bbox 2175 4347 3764 4425">
     <span class='ocr_line' id='line_1_91' title="bbox 2175 4347 3764 4425; baseline -0.002 -19"><span class='ocrx_word' id='word_1_696' title='bbox 2175 4353 2275 4425; x_wconf 81' lang='grc' dir='ltr'>τὴν</span> <span class='ocrx_word' id='word_1_697' title='bbox 2309 4351 2528 4423; x_wconf 84' lang='grc' dir='ltr'>καιρίαν</span> <span class='ocrx_word' id='word_1_698' title='bbox 2553 4350 2802 4417; x_wconf 74' lang='grc' dir='ltr'>δέξαιτος</span> <span class='ocrx_word' id='word_1_699' title='bbox 2844 4348 2941 4411; x_wconf 87' lang='grc' dir='ltr'>Τίς</span> <span class='ocrx_word' id='word_1_700' title='bbox 2966 4347 3011 4402; x_wconf 82' lang='grc' dir='ltr'>δ’</span> <span class='ocrx_word' id='word_1_701' title='bbox 3040 4349 3109 4402; x_wconf 82' lang='grc' dir='ltr'>ἂν</span> <span class='ocrx_word' id='word_1_702' title='bbox 3142 4349 3416 4421; x_wconf 82' lang='grc' dir='ltr'>εῠμορφον</span> <span class='ocrx_word' id='word_1_703' title='bbox 3447 4351 3764 4422; x_wconf 83' lang='grc' dir='ltr'>ὀνομάσειεν</span> 
     </span>
    </p>
   </div>
   <div class='ocr_carea' id='block_1_92' title="bbox 2177 4440 3765 4513">
    <p class='ocr_par' dir='ltr' id='par_1_92' title="bbox 2177 4440 3765 4513">
     <span class='ocr_line' id='line_1_92' title="bbox 2177 4440 3765 4513; baseline -0.001 -14"><span class='ocrx_word' id='word_1_704' title='bbox 2177 4447 2373 4508; x_wconf 84' lang='grc' dir='ltr'>ἐκεῖνο,</span> <span class='ocrx_word' id='word_1_705' title='bbox 2403 4444 2434 4497; x_wconf 80' lang='grc' dir='ltr'><strong>ὃ</strong></span> <span class='ocrx_word' id='word_1_706' title='bbox 2454 4443 2563 4497; x_wconf 85' lang='grc' dir='ltr'><strong>τῶν</strong></span> <span class='ocrx_word' id='word_1_707' title='bbox 2596 4445 2676 4507; x_wconf 89' lang='grc' dir='ltr'><strong>είς</strong></span> <span class='ocrx_word' id='word_1_708' title='bbox 2698 4440 3001 4513; x_wconf 82' lang='grc' dir='ltr'>εὐμορφίαν</span> <span class='ocrx_word' id='word_1_709' title='bbox 3023 4457 3075 4495; x_wconf 88' lang='grc' dir='ltr'><strong>τι</strong></span> <span class='ocrx_word' id='word_1_710' title='bbox 3103 4440 3501 4495; x_wconf 89' lang='grc' dir='ltr'>συντελούντων</span> <span class='ocrx_word' id='word_1_711' title='bbox 3531 4442 3596 4495; x_wconf 74' lang='grc' dir='ltr'><strong>ἐκ</strong></span> <span class='ocrx_word' id='word_1_712' title='bbox 3621 4460 3765 4506; x_wconf 81' lang='grc' dir='ltr'>τινος</span> 
     </span>
    </p>
   </div>
   <div class='ocr_carea' id='block_1_93' title="bbox 2180 4532 3765 4609">
    <p class='ocr_par' dir='ltr' id='par_1_93' title="bbox 2180 4532 3765 4609">
     <span class='ocr_line' id='line_1_93' title="bbox 2180 4532 3765 4609; baseline -0.009 -18"><span class='ocrx_word' id='word_1_713' title='bbox 2180 4539 2465 4609; x_wconf 74' lang='grc' dir='ltr'>συμφορᾶς</span> <span class='ocrx_word' id='word_1_714' title='bbox 2500 4534 2930 4607; x_wconf 84' lang='grc' dir='ltr'>περικέκοπται;</span> <span class='ocrx_word' id='word_1_715' title='bbox 2973 4533 3039 4586; x_wconf 84' lang='grc' dir='ltr'><strong>Ἠ</strong></span> <span class='ocrx_word' id='word_1_716' title='bbox 3076 4532 3187 4606; x_wconf 85' lang='grc' dir='ltr'><strong>γὰρ</strong></span> <span class='ocrx_word' id='word_1_717' title='bbox 3224 4534 3356 4605; x_wconf 68' lang='grc' dir='ltr'>περὶ</span> <span class='ocrx_word' id='word_1_718' title='bbox 3375 4533 3438 4588; x_wconf 78' lang='grc' dir='ltr'>τὸ</span> <span class='ocrx_word' id='word_1_719' title='bbox 3470 4533 3654 4589; x_wconf 75' lang='grc' dir='ltr'>λεῖπον</span> <span class='ocrx_word' id='word_1_720' title='bbox 3681 4536 3765 4589; x_wconf 72' lang='grc' dir='ltr'><strong>αξ-</strong></span> 
     </span>
    </p>
   </div>
   <div class='ocr_carea' id='block_1_94' title="bbox 2178 4622 3764 4699">
    <p class='ocr_par' dir='ltr' id='par_1_94' title="bbox 2178 4622 3764 4699">
     <span class='ocr_line' id='line_1_94' title="bbox 2178 4622 3764 4699; baseline 0 -18"><span class='ocrx_word' id='word_1_721' title='bbox 2178 4626 2348 4699; x_wconf 86' lang='grc' dir='ltr'>σχύνη</span> <span class='ocrx_word' id='word_1_722' title='bbox 2378 4626 2473 4680; x_wconf 70' lang='grc' dir='ltr'>καὶ</span> <span class='ocrx_word' id='word_1_723' title='bbox 2498 4625 2596 4696; x_wconf 81' lang='grc' dir='ltr'>τὴν</span> <span class='ocrx_word' id='word_1_724' title='bbox 2618 4623 2714 4677; x_wconf 75' lang='grc' dir='ltr'><strong>τοῦ</strong></span> <span class='ocrx_word' id='word_1_725' title='bbox 2740 4622 3074 4692; x_wconf 83' lang='grc' dir='ltr'>ὑγιαίνοντος</span> <span class='ocrx_word' id='word_1_726' title='bbox 3102 4624 3262 4696; x_wconf 85' lang='grc' dir='ltr'>χάριν</span> <span class='ocrx_word' id='word_1_727' title='bbox 3292 4624 3670 4697; x_wconf 84' lang='grc' dir='ltr'>διελυμήνατο.</span> <span class='ocrx_word' id='word_1_728' title='bbox 3703 4626 3764 4681; x_wconf 82' lang='lat' dir='ltr'><strong>El</strong></span> 
     </span>
    </p>
   </div>
   <div class='ocr_carea' id='block_1_95' title="bbox 2176 4714 3764 4789">
    <p class='ocr_par' dir='ltr' id='par_1_95' title="bbox 2176 4714 3764 4789">
     <span class='ocr_line' id='line_1_95' title="bbox 2176 4714 3764 4789; baseline -0.002 -15"><span class='ocrx_word' id='word_1_729' title='bbox 2176 4720 2235 4774; x_wconf 84' lang='grc' dir='ltr'>δὲ</span> <span class='ocrx_word' id='word_1_730' title='bbox 2272 4716 2675 4786; x_wconf 86' lang='grc' dir='ltr'>καταγέλαστός</span> <span class='ocrx_word' id='word_1_731' title='bbox 2717 4719 2855 4781; x_wconf 83' lang='grc' dir='ltr'>ἐστι,</span> <span class='ocrx_word' id='word_1_732' title='bbox 2901 4715 3084 4781; x_wconf 82' lang='grc' dir='ltr'>καθώς</span> <span class='ocrx_word' id='word_1_733' title='bbox 3121 4717 3254 4788; x_wconf 87' lang='grc' dir='ltr'>φησί</span> <span class='ocrx_word' id='word_1_734' title='bbox 3282 4714 3388 4772; x_wconf 79' lang='grc' dir='ltr'>’που</span> <span class='ocrx_word' id='word_1_735' title='bbox 3423 4718 3486 4773; x_wconf 80' lang='grc' dir='ltr'>τὸ</span> <span class='ocrx_word' id='word_1_736' title='bbox 3516 4718 3764 4789; x_wconf 69' lang='grc' dir='ltr'>Εύαγγέυ</span> 
     </span>
    </p>
   </div>
   <div class='ocr_carea' id='block_1_96' title="bbox 2176 4808 3763 4881">
    <p class='ocr_par' dir='ltr' id='par_1_96' title="bbox 2176 4808 3763 4881">
     <span class='ocr_line' id='line_1_96' title="bbox 2176 4808 3763 4881; baseline 0 -18"><span class='ocrx_word' id='word_1_737' title='bbox 2176 4810 2310 4869; x_wconf 87' lang='grc' dir='ltr'>λιον.</span> <span class='ocrx_word' id='word_1_738' title='bbox 2343 4811 2374 4863; x_wconf 86' lang='grc' dir='ltr'>ὁ</span> <span class='ocrx_word' id='word_1_739' title='bbox 2400 4808 2729 4878; x_wconf 82' lang='grc' dir='ltr'>ἐγχειρήσας</span> <span class='ocrx_word' id='word_1_740' title='bbox 2755 4808 2856 4878; x_wconf 71' lang='grc' dir='ltr'>μὲν</span> <span class='ocrx_word' id='word_1_741' title='bbox 2882 4810 2950 4880; x_wconf 75' lang='grc' dir='ltr'>τῇ</span> <span class='ocrx_word' id='word_1_742' title='bbox 2982 4808 3075 4862; x_wconf 84' lang='grc' dir='ltr'><strong>τοῦ</strong></span> <span class='ocrx_word' id='word_1_743' title='bbox 3100 4808 3311 4881; x_wconf 87' lang='grc' dir='ltr'>πύργου</span> <span class='ocrx_word' id='word_1_744' title='bbox 3339 4814 3674 4880; x_wconf 79' lang='grc' dir='ltr'>κατασκευῇ.</span> <span class='ocrx_word' id='word_1_745' title='bbox 3703 4810 3763 4863; x_wconf 83' lang='grc' dir='ltr'><strong>ἐν</strong></span> 
     </span>
    </p>
   </div>
   <div class='ocr_carea' id='block_1_97' title="bbox 491 4896 2072 4974">
    <p class='ocr_par' dir='ltr' id='par_1_97' title="bbox 491 4896 2072 4969">
     <span class='ocr_line' id='line_1_97' title="bbox 491 4896 2072 4969; baseline -0.003 -13"><span class='ocrx_word' id='word_1_746' title='bbox 491 4901 617 4957; x_wconf 88' lang='lat' dir='ltr'><strong>dam</strong></span> <span class='ocrx_word' id='word_1_747' title='bbox 650 4902 771 4954; x_wconf 91' lang='lat' dir='ltr'><strong>loco</strong></span> <span class='ocrx_word' id='word_1_748' title='bbox 811 4901 1078 4969; x_wconf 86' lang='lat' dir='ltr'><strong>scriptum</strong></span> <span class='ocrx_word' id='word_1_749' title='bbox 1108 4905 1195 4953; x_wconf 89' lang='lat' dir='ltr'><strong>est</strong></span> <span class='ocrx_word' id='word_1_750' title='bbox 1225 4896 1293 4962; x_wconf 84' lang='grc'><strong>³⁸,</strong></span> <span class='ocrx_word' id='word_1_751' title='bbox 1325 4896 1596 4951; x_wconf 89' lang='lat' dir='ltr'><strong>ridiculus</strong></span> <span class='ocrx_word' id='word_1_752' title='bbox 1625 4905 1732 4960; x_wconf 89' lang='lat' dir='ltr'><strong>est,</strong></span> <span class='ocrx_word' id='word_1_753' title='bbox 1766 4897 1860 4967; x_wconf 90' lang='lat' dir='ltr'><strong>qui</strong></span> <span class='ocrx_word' id='word_1_754' title='bbox 1903 4896 2072 4951; x_wconf 89' lang='lat' dir='ltr'><strong>turris</strong></span> 
     </span>
    </p>
   </div>
   <div class='ocr_carea' id='block_1_98' title="bbox 2173 4896 3768 4974">
    <p class='ocr_par' dir='ltr' id='par_1_98' title="bbox 2177 4899 3768 4974">
     <span class='ocr_line' id='line_1_98' title="bbox 2177 4899 3768 4974; baseline -0.003 -18"><span class='ocrx_word' id='word_1_755' title='bbox 2177 4900 2450 4973; x_wconf 87' lang='grc' dir='ltr'>θεμελίοις</span> <span class='ocrx_word' id='word_1_756' title='bbox 2484 4899 2542 4953; x_wconf 84' lang='grc' dir='ltr'>δὲ</span> <span class='ocrx_word' id='word_1_757' title='bbox 2573 4899 2671 4970; x_wconf 76' lang='grc' dir='ltr'>τὴν</span> <span class='ocrx_word' id='word_1_758' title='bbox 2704 4900 2941 4972; x_wconf 77' lang='grc' dir='ltr'>σπουδὴν</span> <span class='ocrx_word' id='word_1_759' title='bbox 2964 4899 3159 4955; x_wconf 77' lang='grc' dir='ltr'>ἑαυτοῦ</span> <span class='ocrx_word' id='word_1_760' title='bbox 3193 4902 3417 4974; x_wconf 78' lang='grc' dir='ltr'>στήσας,</span> <span class='ocrx_word' id='word_1_761' title='bbox 3441 4902 3537 4955; x_wconf 73' lang='grc' dir='ltr'>καὶ</span> <span class='ocrx_word' id='word_1_762' title='bbox 3564 4901 3658 4955; x_wconf 80' lang='grc' dir='ltr'>τοῦ</span> <span class='ocrx_word' id='word_1_763' title='bbox 3683 4903 3768 4956; x_wconf 83' lang='grc' dir='ltr'>τέ.</span> 
     </span>
    </p>
   </div>
   <div class='ocr_carea' id='block_1_99' title="bbox 490 4987 2072 5063">
    <p class='ocr_par' dir='ltr' id='par_1_99' title="bbox 490 4987 2070 5062">
     <span class='ocr_line' id='line_1_99' title="bbox 490 4987 2070 5062; baseline -0.003 -13"><span class='ocrx_word' id='word_1_764' title='bbox 490 4993 781 5049; x_wconf 73' lang='lat' dir='ltr'><strong>tedilicium</strong></span> <span class='ocrx_word' id='word_1_765' title='bbox 812 5005 1143 5062; x_wconf 88' lang='lat' dir='ltr'><strong>aggressus,</strong></span> <span class='ocrx_word' id='word_1_766' title='bbox 1172 4995 1339 5060; x_wconf 87' lang='lat' dir='ltr'><strong>atque</strong></span> <span class='ocrx_word' id='word_1_767' title='bbox 1382 4988 1437 5044; x_wconf 93' lang='lat' dir='ltr'><strong>in</strong></span> <span class='ocrx_word' id='word_1_768' title='bbox 1481 4987 1857 5045; x_wconf 81' lang='lat' dir='ltr'><strong>fundamentis</strong></span> <span class='ocrx_word' id='word_1_769' title='bbox 1903 5004 2070 5044; x_wconf 91' lang='lat' dir='ltr'><strong>omne</strong></span> 
     </span>
    </p>
   </div>
   <div class='ocr_carea' id='block_1_100' title="bbox 2173 4987 3768 5063">
    <p class='ocr_par' dir='ltr' id='par_1_100' title="bbox 2173 4990 3768 5063">
     <span class='ocr_line' id='line_1_100' title="bbox 2173 4990 3768 5063; baseline 0 -15"><span class='ocrx_word' id='word_1_770' title='bbox 2173 4993 2297 5057; x_wconf 89' lang='grc' dir='ltr'>λους</span> <span class='ocrx_word' id='word_1_771' title='bbox 2318 4991 2418 5045; x_wconf 84' lang='grc' dir='ltr'>οὐκ</span> <span class='ocrx_word' id='word_1_772' title='bbox 2448 4990 2771 5062; x_wconf 80' lang='grc' dir='ltr'>ἐφικόμενος</span> <span class='ocrx_word' id='word_1_773' title='bbox 2793 5008 2809 5022; x_wconf 77' lang='grc' dir='ltr'><strong>ο</strong></span> <span class='ocrx_word' id='word_1_774' title='bbox 2834 4990 2889 5045; x_wconf 89' lang='grc' dir='ltr'><strong>τί</strong></span> <span class='ocrx_word' id='word_1_775' title='bbox 2920 4992 3049 5047; x_wconf 77' lang='grc' dir='ltr'>ἄλλο</span> <span class='ocrx_word' id='word_1_776' title='bbox 3071 4994 3135 5046; x_wconf 85' lang='grc' dir='ltr'><strong>ἐκ</strong></span> <span class='ocrx_word' id='word_1_777' title='bbox 3160 4995 3261 5063; x_wconf 79' lang='grc' dir='ltr'>τῆς</span> <span class='ocrx_word' id='word_1_778' title='bbox 3293 4991 3607 5063; x_wconf 75' lang='grc' dir='ltr'>παραδολῆς</span> <span class='ocrx_word' id='word_1_779' title='bbox 3636 4995 3768 5048; x_wconf 83' lang='grc' dir='ltr'>ταύ-</span> 
     </span>
    </p>
   </div>
   <div class='ocr_carea' id='block_1_101' title="bbox 491 5080 2072 5157">
    <p class='ocr_par' dir='ltr' id='par_1_101' title="bbox 491 5081 2069 5157">
     <span class='ocr_line' id='line_1_101' title="bbox 491 5081 2069 5157; baseline -0.001 -19"><span class='ocrx_word' id='word_1_780' title='bbox 491 5086 713 5157; x_wconf 83' lang='lat' dir='ltr'><strong>quidem</strong></span> <span class='ocrx_word' id='word_1_781' title='bbox 762 5085 1004 5137; x_wconf 89' lang='lat' dir='ltr'><strong>studium</strong></span> <span class='ocrx_word' id='word_1_782' title='bbox 1056 5098 1217 5138; x_wconf 91' lang='lat' dir='ltr'><strong>suum</strong></span> <span class='ocrx_word' id='word_1_783' title='bbox 1262 5098 1390 5139; x_wconf 91' lang='lat' dir='ltr'><strong>cum</strong></span> <span class='ocrx_word' id='word_1_784' title='bbox 1437 5081 1717 5152; x_wconf 88' lang='lat' dir='ltr'><strong>posuerit,</strong></span> <span class='ocrx_word' id='word_1_785' title='bbox 1765 5091 2069 5137; x_wconf 80' lang='lat' dir='ltr'><strong>extremam</strong></span> 
     </span>
    </p>
   </div>
   <div class='ocr_carea' id='block_1_102' title="bbox 2173 5080 3830 5157">
    <p class='ocr_par' dir='ltr' id='par_1_102' title="bbox 2174 5080 3830 5156">
     <span class='ocr_line' id='line_1_102' title="bbox 2174 5080 3830 5156; baseline -0.016 1"><span class='ocrx_word' id='word_1_786' title='bbox 2174 5100 2275 5156; x_wconf 75' lang='grc' dir='ltr'><strong>της</strong></span> <span class='ocrx_word' id='word_1_787' title='bbox 2311 5080 2676 5154; x_wconf 70' lang='grc' dir='ltr'>μανθάνομενι</span> <span class='ocrx_word' id='word_1_788' title='bbox 2712 5082 2748 5154; x_wconf 73' lang='grc' dir='ltr'>ἦ</span> <span class='ocrx_word' id='word_1_789' title='bbox 2788 5083 2851 5137; x_wconf 78' lang='grc' dir='ltr'><strong>τδ</strong></span> <span class='ocrx_word' id='word_1_790' title='bbox 2879 5083 3063 5154; x_wconf 77' lang='grc' dir='ltr'>πάσης</span> <span class='ocrx_word' id='word_1_791' title='bbox 3095 5082 3305 5155; x_wconf 73' lang='grc' dir='ltr'>ὑψηλῆς</span> <span class='ocrx_word' id='word_1_792' title='bbox 3338 5082 3648 5153; x_wconf 79' lang='grc' dir='ltr'>προθέσεως</span> <span class='ocrx_word' id='word_1_793' title='bbox 3675 5085 3769 5138; x_wconf 76' lang='grc' dir='ltr'><strong>ἐπὶ</strong></span> <span class='ocrx_word' id='word_1_794' title='bbox 3822 5108 3830 5115; x_wconf 77' lang='grc' dir='ltr'><strong><em>ο</em></strong></span> 
     </span>
    </p>
   </div>
   <div class='ocr_carea' id='block_1_103' title="bbox 494 5172 2072 5246">
    <p class='ocr_par' dir='ltr' id='par_1_103' title="bbox 494 5173 2072 5246">
     <span class='ocr_line' id='line_1_103' title="bbox 494 5173 2072 5246; baseline 0 -15"><span class='ocrx_word' id='word_1_795' title='bbox 494 5177 708 5231; x_wconf 84' lang='lat' dir='ltr'><strong>a-diticii</strong></span> <span class='ocrx_word' id='word_1_796' title='bbox 734 5186 942 5246; x_wconf 88' lang='lat' dir='ltr'><strong>partem</strong></span> <span class='ocrx_word' id='word_1_797' title='bbox 972 5189 1081 5229; x_wconf 91' lang='lat' dir='ltr'><strong>non</strong></span> <span class='ocrx_word' id='word_1_798' title='bbox 1109 5183 1194 5230; x_wconf 86' lang='lat' dir='ltr'><strong>est</strong></span> <span class='ocrx_word' id='word_1_799' title='bbox 1222 5183 1519 5229; x_wconf 83' lang='lat' dir='ltr'><strong>exsecutus</strong></span> <span class='ocrx_word' id='word_1_800' title='bbox 1541 5212 1557 5239; x_wconf 89' lang='lat'><strong>,</strong></span> <span class='ocrx_word' id='word_1_801' title='bbox 1588 5174 1721 5243; x_wconf 78' lang='lat' dir='ltr'><strong>quid</strong></span> <span class='ocrx_word' id='word_1_802' title='bbox 1750 5189 1814 5229; x_wconf 78' lang='lat' dir='ltr'><strong>ex</strong></span> <span class='ocrx_word' id='word_1_803' title='bbox 1843 5173 1947 5230; x_wconf 81' lang='lat' dir='ltr'><strong>hac</strong></span> <span class='ocrx_word' id='word_1_804' title='bbox 1973 5189 2072 5231; x_wconf 86' lang='lat' dir='ltr'><strong>nos</strong></span> 
     </span>
    </p>
   </div>
   <div class='ocr_carea' id='block_1_104' title="bbox 2173 5172 3767 5246">
    <p class='ocr_par' dir='ltr' id='par_1_104' title="bbox 2174 5172 3767 5244">
     <span class='ocr_line' id='line_1_104' title="bbox 2174 5172 3767 5244; baseline -0.002 -16"><span class='ocrx_word' id='word_1_805' title='bbox 2174 5174 2237 5228; x_wconf 83' lang='grc' dir='ltr'>τὸ</span> <span class='ocrx_word' id='word_1_806' title='bbox 2266 5172 2442 5244; x_wconf 86' lang='grc' dir='ltr'>πέρας</span> <span class='ocrx_word' id='word_1_807' title='bbox 2486 5172 2709 5243; x_wconf 82' lang='grc' dir='ltr'>φθάνειν</span> <span class='ocrx_word' id='word_1_808' title='bbox 2754 5173 3167 5234; x_wconf 83' lang='grc' dir='ltr'>ἐσπουδακέναι,</span> <span class='ocrx_word' id='word_1_809' title='bbox 3210 5174 3327 5236; x_wconf 85' lang='grc' dir='ltr'>ταῖς</span> <span class='ocrx_word' id='word_1_810' title='bbox 3359 5172 3632 5237; x_wconf 88' lang='grc' dir='ltr'>ποικίλαις</span> <span class='ocrx_word' id='word_1_811' title='bbox 3659 5174 3767 5227; x_wconf 81' lang='grc' dir='ltr'><strong>τῶν</strong></span> 
     </span>
    </p>
   </div>
   <div class='ocr_carea' id='block_1_105' title="bbox 495 5263 2072 5337">
    <p class='ocr_par' dir='ltr' id='par_1_105' title="bbox 495 5264 2072 5337">
     <span class='ocr_line' id='line_1_105' title="bbox 495 5264 2072 5337; baseline 0.002 -20"><span class='ocrx_word' id='word_1_812' title='bbox 495 5267 754 5337; x_wconf 63' lang='lat' dir='ltr'><strong>parabola</strong></span> <span class='ocrx_word' id='word_1_813' title='bbox 781 5266 927 5321; x_wconf 90' lang='lat' dir='ltr'><strong>aliud</strong></span> <span class='ocrx_word' id='word_1_814' title='bbox 958 5266 1369 5336; x_wconf 87' lang='lat' dir='ltr'><strong>cognoscimus,</strong></span> <span class='ocrx_word' id='word_1_815' title='bbox 1396 5278 1560 5334; x_wconf 90' lang='lat' dir='ltr'><strong>quam</strong></span> <span class='ocrx_word' id='word_1_816' title='bbox 1585 5272 1677 5327; x_wconf 88' lang='grc' dir='ltr'>ιιι,</span> <span class='ocrx_word' id='word_1_817' title='bbox 1708 5264 1988 5336; x_wconf 88' lang='lat' dir='ltr'><strong>proposita</strong></span> <span class='ocrx_word' id='word_1_818' title='bbox 2017 5280 2072 5320; x_wconf 87' lang='lat' dir='ltr'><strong>re</strong></span> 
     </span>
    </p>
   </div>
   <div class='ocr_carea' id='block_1_106' title="bbox 2173 5263 3764 5337">
    <p class='ocr_par' dir='ltr' id='par_1_106' title="bbox 2179 5263 3764 5337">
     <span class='ocr_line' id='line_1_106' title="bbox 2179 5263 3764 5337; baseline -0.003 -17"><span class='ocrx_word' id='word_1_819' title='bbox 2179 5265 2408 5321; x_wconf 81' lang='grc' dir='ltr'>ἐντολῶν</span> <span class='ocrx_word' id='word_1_820' title='bbox 2454 5264 2762 5336; x_wconf 75' lang='grc' dir='ltr'>οἰκοδομαῖς</span> <span class='ocrx_word' id='word_1_821' title='bbox 2802 5266 2864 5319; x_wconf 83' lang='grc' dir='ltr'>τὸ</span> <span class='ocrx_word' id='word_1_822' title='bbox 2896 5265 3059 5337; x_wconf 72' lang='grc' dir='ltr'>ἔργον</span> <span class='ocrx_word' id='word_1_823' title='bbox 3100 5263 3194 5318; x_wconf 81' lang='grc' dir='ltr'><strong>τοῦ</strong></span> <span class='ocrx_word' id='word_1_824' title='bbox 3231 5264 3365 5318; x_wconf 79' lang='grc' dir='ltr'>Θεοῦ</span> <span class='ocrx_word' id='word_1_825' title='bbox 3393 5263 3764 5330; x_wconf 70' lang='grc' dir='ltr'>τελειοῦνταςς</span> 
     </span>
    </p>
   </div>
   <div class='ocr_carea' id='block_1_107' title="bbox 500 5352 2072 5429">
    <p class='ocr_par' dir='ltr' id='par_1_107' title="bbox 500 5358 2072 5429">
     <span class='ocr_line' id='line_1_107' title="bbox 500 5358 2072 5429; baseline 0.001 -17"><span class='ocrx_word' id='word_1_826' title='bbox 500 5361 684 5428; x_wconf 87' lang='lat' dir='ltr'><strong>aliqua</strong></span> <span class='ocrx_word' id='word_1_827' title='bbox 711 5360 962 5423; x_wconf 86' lang='lat' dir='ltr'><strong>sublimi,</strong></span> <span class='ocrx_word' id='word_1_828' title='bbox 1005 5360 1168 5415; x_wconf 84' lang='lat' dir='ltr'><strong>tinem</strong></span> <span class='ocrx_word' id='word_1_829' title='bbox 1212 5359 1432 5429; x_wconf 87' lang='lat' dir='ltr'><strong>assequi</strong></span> <span class='ocrx_word' id='word_1_830' title='bbox 1461 5358 1751 5423; x_wconf 86' lang='lat' dir='ltr'><strong>studeant,</strong></span> <span class='ocrx_word' id='word_1_831' title='bbox 1784 5360 1877 5429; x_wconf 91' lang='lat' dir='ltr'><strong>qui</strong></span> <span class='ocrx_word' id='word_1_832' title='bbox 1908 5359 2072 5413; x_wconf 81' lang='lat' dir='ltr'><strong>variis</strong></span> 
     </span>
    </p>
   </div>
   <div class='ocr_carea' id='block_1_108' title="bbox 2173 5352 3762 5429">
    <p class='ocr_par' dir='ltr' id='par_1_108' title="bbox 2181 5352 3762 5429">
     <span class='ocr_line' id='line_1_108' title="bbox 2181 5352 3762 5429; baseline -0.002 -16"><span class='ocrx_word' id='word_1_833' title='bbox 2181 5358 2319 5414; x_wconf 76' lang='grc' dir='ltr'>Οὔτε</span> <span class='ocrx_word' id='word_1_834' title='bbox 2343 5357 2489 5422; x_wconf 90' lang='grc' dir='ltr'>λίθος</span> <span class='ocrx_word' id='word_1_835' title='bbox 2527 5352 2609 5421; x_wconf 77' lang='grc' dir='ltr'>εἷς</span> <span class='ocrx_word' id='word_1_836' title='bbox 2653 5359 2687 5429; x_wconf 81' lang='grc' dir='ltr'>ἡ</span> <span class='ocrx_word' id='word_1_837' title='bbox 2725 5359 2875 5411; x_wconf 80' lang='grc' dir='ltr'>πᾶσα</span> <span class='ocrx_word' id='word_1_838' title='bbox 2902 5356 3157 5428; x_wconf 81' lang='grc' dir='ltr'>οἰκοδομὴ</span> <span class='ocrx_word' id='word_1_839' title='bbox 3207 5355 3302 5409; x_wconf 77' lang='grc' dir='ltr'>τοῦ</span> <span class='ocrx_word' id='word_1_840' title='bbox 3351 5355 3561 5428; x_wconf 80' lang='grc' dir='ltr'>πύργου</span> <span class='ocrx_word' id='word_1_841' title='bbox 3594 5357 3762 5422; x_wconf 77' lang='grc' dir='ltr'>ἐστίν,</span> 
     </span>
    </p>
   </div>
   <div class='ocr_carea' id='block_1_109' title="bbox 498 5446 2072 5521">
    <p class='ocr_par' dir='ltr' id='par_1_109' title="bbox 498 5449 2072 5521">
     <span class='ocr_line' id='line_1_109' title="bbox 498 5449 2072 5521; baseline 0.003 -19"><span class='ocrx_word' id='word_1_842' title='bbox 498 5449 879 5511; x_wconf 81' lang='lat' dir='ltr'><strong>mandatorum</strong></span> <span class='ocrx_word' id='word_1_843' title='bbox 920 5450 1075 5520; x_wconf 89' lang='lat' dir='ltr'><strong>quasi</strong></span> <span class='ocrx_word' id='word_1_844' title='bbox 1106 5452 1402 5507; x_wconf 76' lang='lat' dir='ltr'><strong>structuris</strong></span> <span class='ocrx_word' id='word_1_845' title='bbox 1451 5450 1541 5506; x_wconf 90' lang='lat' dir='ltr'><strong>Dei</strong></span> <span class='ocrx_word' id='word_1_846' title='bbox 1566 5465 1705 5521; x_wconf 87' lang='lat' dir='ltr'><strong>opus</strong></span> <span class='ocrx_word' id='word_1_847' title='bbox 1741 5450 2072 5519; x_wconf 76' lang='lat' dir='ltr'><strong>perliciunti</strong></span> 
     </span>
    </p>
   </div>
   <div class='ocr_carea' id='block_1_110' title="bbox 2173 5446 3763 5521">
    <p class='ocr_par' dir='ltr' id='par_1_110' title="bbox 2175 5446 3763 5521">
     <span class='ocr_line' id='line_1_110' title="bbox 2175 5446 3763 5521; baseline -0.001 -17"><span class='ocrx_word' id='word_1_848' title='bbox 2175 5449 2298 5505; x_wconf 71' lang='grc' dir='ltr'>οὔτε</span> <span class='ocrx_word' id='word_1_849' title='bbox 2342 5448 2529 5521; x_wconf 84' lang='grc' dir='ltr'>ἐντολὴ</span> <span class='ocrx_word' id='word_1_850' title='bbox 2561 5448 2658 5520; x_wconf 88' lang='grc' dir='ltr'><strong>μία</strong></span> <span class='ocrx_word' id='word_1_851' title='bbox 2688 5449 2824 5520; x_wconf 60' lang='grc' dir='ltr'>πρὸς</span> <span class='ocrx_word' id='word_1_852' title='bbox 2858 5448 2919 5502; x_wconf 81' lang='grc' dir='ltr'>τὸ</span> <span class='ocrx_word' id='word_1_853' title='bbox 2952 5446 3380 5519; x_wconf 84' lang='grc' dir='ltr'>ἐπιζητούμενον</span> <span class='ocrx_word' id='word_1_854' title='bbox 3411 5448 3608 5520; x_wconf 78' lang='grc' dir='ltr'>μέτρον</span> <span class='ocrx_word' id='word_1_855' title='bbox 3641 5450 3763 5519; x_wconf 83' lang='grc' dir='ltr'>ἄγει</span> 
     </span>
    </p>
   </div>
   <div class='ocr_carea' id='block_1_111' title="bbox 498 5536 2072 5617">
    <p class='ocr_par' dir='ltr' id='par_1_111' title="bbox 498 5536 2069 5612">
     <span class='ocr_line' id='line_1_111' title="bbox 498 5536 2069 5612; baseline 0.001 -17"><span class='ocrx_word' id='word_1_856' title='bbox 498 5536 687 5610; x_wconf 80' lang='lat' dir='ltr'><strong>Neque</strong></span> <span class='ocrx_word' id='word_1_857' title='bbox 712 5538 857 5594; x_wconf 88' lang='lat' dir='ltr'><strong>enim</strong></span> <span class='ocrx_word' id='word_1_858' title='bbox 888 5540 1025 5612; x_wconf 89' lang='lat' dir='ltr'><strong>lapis</strong></span> <span class='ocrx_word' id='word_1_859' title='bbox 1050 5555 1194 5597; x_wconf 85' lang='lat' dir='ltr'><strong>unus</strong></span> <span class='ocrx_word' id='word_1_860' title='bbox 1236 5549 1345 5596; x_wconf 90' lang='lat' dir='ltr'><strong>tota</strong></span> <span class='ocrx_word' id='word_1_861' title='bbox 1391 5548 1477 5597; x_wconf 87' lang='lat' dir='ltr'><strong>est</strong></span> <span class='ocrx_word' id='word_1_862' title='bbox 1523 5541 1696 5597; x_wconf 89' lang='lat' dir='ltr'><strong>turris</strong></span> <span class='ocrx_word' id='word_1_863' title='bbox 1748 5541 2069 5610; x_wconf 68' lang='lat' dir='ltr'><strong>aediﬁcatio,</strong></span> 
     </span>
    </p>
   </div>
   <div class='ocr_carea' id='block_1_112' title="bbox 2173 5536 3768 5617">
    <p class='ocr_par' dir='ltr' id='par_1_112' title="bbox 2173 5541 3768 5617">
     <span class='ocr_line' id='line_1_112' title="bbox 2173 5541 3768 5617; baseline -0.001 -18"><span class='ocrx_word' id='word_1_864' title='bbox 2173 5542 2274 5617; x_wconf 78' lang='grc' dir='ltr'>τὴν</span> <span class='ocrx_word' id='word_1_865' title='bbox 2318 5544 2419 5616; x_wconf 83' lang='grc' dir='ltr'>τῆς</span> <span class='ocrx_word' id='word_1_866' title='bbox 2462 5542 2641 5616; x_wconf 70' lang='grc' dir='ltr'>ψυχῆς</span> <span class='ocrx_word' id='word_1_867' title='bbox 2673 5542 2987 5613; x_wconf 84' lang='grc' dir='ltr'>τελειότητα</span> <span class='ocrx_word' id='word_1_868' title='bbox 3012 5557 3030 5575; x_wconf 74' lang='grc' dir='ltr'><strong>ο</strong></span> <span class='ocrx_word' id='word_1_869' title='bbox 3057 5543 3195 5599; x_wconf 85' lang='grc' dir='ltr'>ἀλλὰ</span> <span class='ocrx_word' id='word_1_870' title='bbox 3242 5543 3342 5599; x_wconf 72' lang='grc' dir='ltr'>καὶ</span> <span class='ocrx_word' id='word_1_871' title='bbox 3379 5543 3471 5599; x_wconf 79' lang='grc' dir='ltr'>τὸν</span> <span class='ocrx_word' id='word_1_872' title='bbox 3512 5541 3768 5615; x_wconf 82' lang='grc' dir='ltr'>θεμέλιον</span> 
     </span>
    </p>
   </div>
   <div class='ocr_carea' id='block_1_113' title="bbox 570 5656 1736 5770">
    <p class='ocr_par' dir='ltr' id='par_1_113' title="bbox 570 5656 1736 5770">
     <span class='ocr_line' id='line_1_113' title="bbox 570 5656 1736 5770; baseline -0.002 -16"><span class='ocrx_word' id='word_1_873' title='bbox 570 5698 620 5732; x_wconf 69' lang='grc'><strong>³⁸</strong></span> <span class='ocrx_word' id='word_1_874' title='bbox 656 5697 934 5767; x_wconf 73' lang='grc' dir='ltr'>Μοιιιι.·κ,</span> <span class='ocrx_word' id='word_1_875' title='bbox 969 5697 1051 5756; x_wconf 74' lang='grc'><strong>16.</strong></span> <span class='ocrx_word' id='word_1_876' title='bbox 1128 5699 1173 5733; x_wconf 85' lang='grc'><strong>³³</strong></span> <span class='ocrx_word' id='word_1_877' title='bbox 1214 5699 1344 5755; x_wconf 89' lang='lat' dir='ltr'><strong>Luc.</strong></span> <span class='ocrx_word' id='word_1_878' title='bbox 1385 5716 1491 5766; x_wconf 73' lang='lat' dir='ltr'><strong>xiv,</strong></span> <span class='ocrx_word' id='word_1_879' title='bbox 1520 5698 1591 5754; x_wconf 76' lang='lat'><strong>28</strong></span> <span class='ocrx_word' id='word_1_880' title='bbox 1618 5656 1736 5770; x_wconf 83' lang='lat' dir='ltr'><strong>sqq.</strong></span> 
     </span>
    </p>
   </div>
  </div>
