4124 6352
407 286 513 344 589

1720 278 1807 333 DE
1850 278 2315 334 VIRGINITATE.

3573 279 3676 333 390

408 395 808 465 ὑποεεϋλῆσθαι
835 394 915 446 δεῖ
935 393 1167 454 πάντως,
1202 392 1383 455 καθως
1401 408 1564 461 φησιν
1586 391 1615 443 6
1644 389 1980 452 Ἀπόστολος,

2093 406 2271 459 neque
2319 397 2647 460 praeceptum
2681 404 2815 446 sane
2844 405 3015 445 unum
3061 390 3459 460 perfectionem
3510 395 3678 447 animi

409 487 551 560 [ml]
580 488 678 556 τὴν
708 488 774 539 ἐκ
802 485 1002 557 χρυσοῦ
1038 486 1131 538 καὶ
1151 484 1311 537 λίθων
1340 484 1537 553 τιμίων
1555 483 1843 552 οἰκοδομὴν
1871 483 1986 533 ἐπι-

408 578 617 632 θέσθαι.
651 576 807 630 Οὕτω
837 577 946 647 γὰρ
976 578 1042 629 τὰ
1067 576 1200 647 ἔργα
1234 575 1344 628 τῶν
1375 575 1601 627 ἐντολῶν
1642 574 1987 644 ὀνομάζεται,

408 669 550 723 κατὰ
577 668 669 723 τὸν
692 668 915 720 εἰπόντα
960 669 1269 739 Προφήτην,
1295 668 1375 719 ὅτι
1404 686 1422 717 ι
1471 667 1761 737 Ἠγάπησα
1786 666 1883 729 τὰς
1906 668 1991 719 ἐν·

406 762 565 825 τολάς
579 779 671 814 σου
696 760 835 831 ὑπὲρ
846 760 1086 831 χρυσίον,
1101 759 1196 811 καὶ
1216 758 1361 810 λίθον
1377 759 1552 829 τίμιον
1574 757 1757 811 πολύν.
1783 777 1801 809 ι
1824 759 1989 812 Ύπο-

407 854 608 906 κείσθω
637 852 816 905 τοίνυν
844 853 963 904 ἀντὶ
988 850 1237 921 θεμελίου
1261 850 1405 913 τινὸς
1424 849 1502 920 τῷ
1529 851 1648 903 κατ’
1671 849 1869 921 ἀρετὴν
1891 850 1990 921 βίῳ

407 949 440 1015 ἡ
487 946 613 1015 περὶ
646 946 746 1016 τὴν
788 944 1087 1014 παρθενίαν
1135 944 1374 1015 σπουδή·
1425 942 1884 1013 ἐποικοδομείσθω
1932 944 1990 997 δὲ

406 1038 482 1108 τῷ
510 1037 743 1108 θεμελίῳ
768 1036 940 1106 τούτῳ
968 1036 1144 1089 πάντα
1166 1037 1232 1089 τὰ
1258 1036 1397 1107 ἔργα
1422 1037 1522 1105 τῆς
1545 1036 1763 1105 ἀρετῆς.
1797 1037 1857 1089 Εἰ
1880 1036 1989 1108 γὰρ

407 1132 503 1182 καὶ
531 1129 735 1197 σφόδρα
755 1128 910 1180 τοῦτο
941 1127 1117 1198 τίμιον
1139 1129 1232 1180 καὶ
1256 1127 1554 1198 θεοπρεπὲς
1574 1123 1712 1180 εἶναι
1738 1128 1988 1181 πιστεύε-

403 1238 513 1283 ται,
553 1219 742 1290 ῶσπερ
775 1215 867 1272 οὖν
914 1220 1007 1272 καὶ
1068 1218 1181 1272 ἔστι
1232 1219 1326 1271 καὶ
1375 1218 1760 1272 πεπίστευται·
1793 1218 1906 1272 ἀλλ’
1939 1222 1989 1272 εἰ

408 1312 482 1380 μὴ
506 1310 597 1362 καὶ
621 1311 740 1373 ὅλος
760 1312 787 1362 6
816 1310 929 1380 βίος
959 1309 1133 1379 τούτῳ
1166 1310 1450 1380 συμϐαίνοι
1480 1310 1558 1380 τῷ
1578 1310 1984 1381 κατορθώματι,

404 1402 780 1473 ἐπιμολύνοιτο
812 1407 877 1473 τῇ
904 1403 1087 1457 λοιπὸν
1113 1404 1211 1474 τῆς
1235 1406 1411 1476 ψυχῆς
1442 1406 1656 1477 ἀταξίᾳ,
1692 1405 1848 1459 τοῦτό
1874 1409 1987 1459 ἐστι

401 1494 463 1546 τὸ
489 1494 707 1548 ἐνώτιον
736 1498 911 1549 ἐκεῖνο
934 1496 995 1549 τὸ
1027 1497 1083 1549 ἐν
1113 1499 1178 1566 τῇ
1212 1498 1319 1566 ῥινὶ
1352 1498 1449 1567 τῆς
1480 1499 1627 1561 συὸς,
1654 1498 1687 1569 ἦ
1726 1501 1754 1551 6
1780 1515 1990 1569 μαργα-

404 1587 561 1657 ρίτης
603 1591 631 1641 ό
675 1590 733 1641 ὲν
769 1591 883 1652 τοῖς
927 1591 1055 1642 ποσὶ
1098 1590 1207 1642 τῶν
1249 1589 1448 1659 χοίρων
1483 1590 1982 1661 καταπατούμενος.

415 1676 575 1730 Ἀλλὰ
605 1680 733 1750 περὶ
767 1679 864 1749 μὲν
893 1678 1098 1733 τούτων
1127 1680 1383 1734 τοσαῦτα.

990 1964 1241 2017 ΚΕΦΑΛ.
1286 1965 1390 2019 IH'.

401 2074 567 2141 Μόνη
600 2074 636 2140 ἡ
666 2074 876 2144 ἀρετὴ,
908 2074 1023 2126 κᾶν
1063 2075 1311 2141 τέλειος,
1350 2074 1531 2129 οὐδὲν
1563 2076 1784 2144 ὠφελεῖ
1808 2078 1885 2144 τῷ
1918 2081 1985 2131 ἐν

645 2143 793 2197 πᾶσι
822 2143 938 2210 τὴν
963 2145 1187 2211 ἀρετὴν
1207 2150 1316 2200 οὐκ
1354 2143 1733 2215 ἀσκουμένῳ.

470 2236 532 2288 Εἰ
558 2234 615 2288 δέ
643 2253 726 2299 τις
757 2239 885 2307 παρ’
923 2237 1073 2289 οὐδὲν
1118 2242 1349 2291 ποιεῖται
1398 2239 1459 2291 τὸ
1496 2239 1570 2310 μὴ
1614 2241 1983 2312 συνηρμόσθαι

397 2327 506 2380 τινὶ
531 2326 619 2379 διά
642 2327 752 2380 τῶν
781 2330 1129 2399 καταλλήλων
1151 2331 1241 2382 τὸν
1267 2330 1402 2400 βίον,
1428 2332 1497 2384 τά
1524 2334 1583 2384 ἐν
1606 2332 1685 2403 τῷ
1711 2334 1844 2404 οἴκῳ
1867 2336 1986 2386 sau-

402 2417 497 2470 τοῦ
519 2419 854 2489 θεασάμενος
874 2421 1218 2491 παιδευθήτω
1246 2424 1375 2493 περὶ
1398 2422 1492 2475 τοῦ
1514 2424 1801 2494 δόγματος.
1828 2428 1987 2478 Δοκεῖ

404 2510 512 2579 γάρ
545 2527 655 2579 μοι,
684 2510 934 2582 καθάπερ
969 2514 1059 2565 ἐπὶ
1088 2516 1185 2583 τῆς
1216 2514 1350 2577 ἰδίας
1375 2516 1640 2586 οἰκήσεως
1665 2518 1693 2569 ὁ
1720 2518 1813 2571 τοῦ
1834 2518 1982 2571 οἴκου

400 2603 664 2674 δεσπότης
696 2604 795 2656 οὐκ
828 2605 1168 2670 ἀποδέξεται,
1204 2605 1426 2675 ἀπρεπῆ
1472 2606 1566 2658 καὶ
1599 2609 1881 2678 ἀσχήμονα
1916 2608 1984 2660 τά

402 2694 462 2744 ἐν
506 2696 571 2764 τῇ
611 2696 759 2767 οἰκίᾳ
793 2694 1029 2765 βλέπειν,
1072 2695 1105 2765 ἢ
1159 2696 1345 2767 κλίνην
1391 2699 1898 2769 ἀνατετραμμένην,
1947 2701 1980 2771 ἢ

404 2784 583 2855 πλήρη
618 2786 824 2855 κόπρου
868 2786 967 2856 τὴν
1003 2786 1301 2857 τράπεζαν,
1335 2789 1367 2859 ἢ
1421 2789 1489 2841 τὰ
1529 2790 1629 2859 μὲν
1671 2790 1828 2860 τίμια
1876 2791 1984 2844 τῶν

402 2876 612 2928 σκευῶν
642 2878 700 2929 ἐν
724 2880 991 2948 ῥυπαροῖς
1008 2895 1118 2930 τισι
1146 2879 1331 2943 τόποις
1354 2881 1742 2952 ἀπεῤῥιμμένα
1760 2899 1773 2912 ο
1807 2884 1906 2936 ὅσα
1926 2881 1983 2935 δὲ

400 2966 536 3036 πρὸς
566 2966 663 3030 τὰς
692 2967 1048 3038 ἀτιμοτέρους
1077 2968 1381 3040 ὑπηρεσίας
1407 2972 1571 3029 ἐστὶν,
1606 2973 1662 3023 ἐν
1688 2971 1983 3042 ὀφθαλμοῖς

398 3058 739 3129 προκείμενα
777 3059 885 3112 τῶν
914 3061 1189 3113 εἰσιόντων
1209 3077 1221 3090 °
1247 3062 1383 3117 ἀλλά
1423 3063 1601 3117 πάντα
1633 3065 1983 3135 εὐσχημόνως

399 3149 494 3201 καὶ
525 3148 664 3202 κατά
698 3150 851 3216 τάξιν
876 3151 973 3221 τὴν
1008 3152 1323 3222 πρέπουσαν
1352 3153 1576 3218 διαθεὶς,
1612 3156 1706 3208 καὶ
1747 3157 1982 3227 ἑκάστην

400 3246 746 3317 ἁρμόζουσαν
767 3248 999 3312 ἀποδοὺς
1026 3247 1232 3319 χώραν,
1266 3249 1484 3321 θαρρῶν
1506 3250 1827 3321 ἀποδέχεται
1858 3252 1983 3312 τοὺς

386 3340 877 3411 ἐπιξενουμένους
926 3342 1004 3403 ὡς
1052 3341 1310 3410 οὐδεμίαν
1353 3341 1616 3412 αἰσχύνην
1656 3342 1907 3411 όφλήσων
1934 3344 1982 3393 εἰ

397 3433 607 3502 φανερὰ
631 3420 859 3501 γένοιτο,
886 3434 1035 3495 ὅπως
1062 3432 1211 3503 αὐτῷ
1240 3432 1305 3485 τὰ
1336 3432 1478 3487 κατά
1506 3434 1604 3504 τὴν
1638 3432 1818 3486 οἰκίαν
1846 3432 1978 3502 ἔχοι·

396 3524 569 3589 οὕτως
611 3522 765 3595 οἶμαι
812 3524 1009 3596 χρῆναι
1042 3525 1134 3576 καὶ
1171 3524 1262 3577 τὸν
1288 3523 1384 3576 τοῦ
1426 3524 1783 3595 σκηνώματος
1824 3528 1983 3597 ἡμῶν

396 3618 781 3687 οἰκοδεσπότην
820 3619 913 3670 καὶ
956 3617 1259 3687 οἰκονόμον,
1299 3617 1389 3669 τὸν
1433 3616 1558 3672 νοῦν
1589 3616 1751 3685 λέγω,
1788 3620 1895 3671 πᾶν
1922 3620 1983 3673 τὸ

396 3711 455 3761 ἐν
483 3710 614 3779 ἡμῖν
646 3705 704 3762 εὖ
733 3708 1085 3771 διατίθεσθαι,
1113 3707 1317 3778 ἑκάστῃ
1342 3725 1399 3760 τε
1430 3708 1536 3760 τῶν
1559 3708 1657 3777 τῆς
1688 3708 1866 3779 ψυχῆς
1891 3710 1982 3763 δυ-

396 3800 632 3869 νάμεων,
670 3798 737 3860 ἃς
769 3799 889 3851 ἀντὶ
916 3798 1163 3869 ὀργάνων
1197 3798 1292 3851 καὶ
1337 3797 1548 3850 σκευῶν
1589 3800 1617 3851 6
1640 3800 1982 3871 Δημιουργδς

394 3888 528 3957 ἡμῖν
546 3888 952 3957 ἐνετεκτήνατο,
983 3887 1198 3950 οἰκείως
1224 3887 1318 3941 καὶ
1343 3887 1480 3958 πρὸς
1500 3888 1561 3940 τὸ
1584 3888 1746 3941 καλὸν
1781 3893 1981 3960 κεχρῆ-

398 3980 542 4033 σθαι.
580 3980 640 4032 Εἰ
671 3980 727 4032 δὲ
754 3980 829 4050 μὴ
857 3979 1127 4051 φλυαρίαν
1152 3978 1275 4031 τινὰ
1304 3979 1398 4031 καὶ
1428 3978 1744 4049 ἀδολεσχίαν
1775 3980 1868 4033 τοῦ
1896 3980 1982 4033 λό-

395 4086 493 4137 γου
526 4087 611 4133 τις
645 4072 1072 4138 καταγινώσκοι,
1118 4072 1396 4142 εἰρήσεται
1432 4071 1527 4125 καὶ
1557 4071 1679 4125 καθ’
1727 4072 1977 4138 ἕκαστον,

394 4162 543 4225 ὅπως
572 4162 638 4215 ἂν
669 4163 781 4225 τοῖς
803 4162 1067 4233 παροῦσιν
1100 4161 1249 4232 αὐτῷ
1269 4161 1570 4234 χρώμενος,
1598 4163 1733 4234 πρὸς
1759 4163 1820 4215 τὸ
1842 4179 1981 4232 συμ-

394 4253 559 4322 φέρον
585 4253 733 4322 αὑτῴ
758 4254 847 4306 τὸν
881 4255 992 4323 βίον
1021 4256 1421 4325 οἰκονομήσειε.
1460 4255 1647 4324 Φαμὲν
1677 4255 1858 4307 τοίνυν
1881 4254 1979 4325 τὴν

396 4343 497 4412 μὲν
533 4344 829 4414 ἐπιθυμίαν
868 4346 976 4398 δεῖν
1007 4348 1063 4397 ἐν
1091 4344 1317 4415 καθαρῷ
1342 4345 1443 4415 τῆς
1470 4346 1650 4416 ψυχῆς
1686 4346 1978 4416 ἱδρυσάμε-

2096 480 2162 533 ad
2194 496 2318 535 eum
2347 482 2532 547 ducit,
2559 498 2723 552 quem
2754 499 2857 538 nos
2886 484 3189 554 qumrimus
3210 524 3225 545 ,
3268 483 3491 538 modqu
3523 502 3538 551 ;
3581 485 3676 538 sed

2088 573 2297 641 jactinn
2326 589 2451 629 esse
2476 581 2693 644 oportet
2719 576 2875 645 plane
2903 574 3319 629 fundamentum
3344 616 3359 641 ,
3390 583 3555 644 atque
3584 590 3679 627 su-

2093 679 2190 733 per
2218 680 2445 731 anrum,
2481 676 2537 720 ut
2568 666 2645 719 ait
2673 666 3009 736 Apostolus,
3043 676 3099 721 et
3141 665 3353 737 lapides
3399 666 3580 735 pretio
3608 680 3676 731 ,οε

2091 758 2380 811 aedificium
2427 758 2752 813 struendum
2792 766 2877 812 est
2925 758 3013 812 ³⁶ι
3062 760 3136 812 ita
3197 759 3343 813 enim
3389 759 3677 812 mandato-

2093 865 2214 904 rum
2245 866 2410 919 opera
2441 850 2713 921 Propheta
2742 852 3037 920 appellavit
3070 851 3157 907 his
3191 852 3371 905 verbis
3399 868 3414 904 :
3445 870 3462 901 ι
3498 850 3672 903 Dilcxi

2093 939 2351 992 mandata
2387 947 2479 993 tua
2511 955 2678 1010 super
2718 954 2949 1005 aurum,
2994 949 3049 994 et
3091 941 3323 1010 lapidem
3370 941 3672 1010 pretiosum

2093 1027 2321 1081 multum
2356 1028 2420 1081 ³⁷.
2454 1048 2472 1080 ι
2502 1030 2679 1100 Atque
2708 1046 2805 1100 pro
2829 1030 3015 1100 aliquo
3053 1032 3272 1101 quidem
3314 1031 3673 1085 fundamento

2093 1118 2166 1171 sit
2196 1118 2442 1174 honestae
2474 1122 2600 1174 vita:
2631 1123 2975 1191 prepositum
3012 1123 3258 1176 studium
3294 1123 3628 1193 virginitatis
3655 1142 3671 1189 ;

2091 1218 2143 1263 et
2175 1211 2486 1280 superhoc
2532 1212 2948 1268 fundamentum
2993 1225 3193 1269 cuneta
3237 1216 3459 1272 virtutis
3505 1231 3671 1285 opera

2090 1311 2474 1357 exstruuntur.
2509 1303 2623 1360 Etsi
2654 1307 2802 1361 enim
2834 1307 2993 1363 valde
3022 1308 3316 1362 honestum
3347 1311 3451 1362 hoc
3480 1316 3533 1362 et
3564 1307 3672 1360 Deo

2090 1396 2423 1449 conveniens
2464 1411 2589 1451 esse
2628 1399 2896 1464 creditur,
2929 1408 2987 1452 ut
3019 1415 3151 1453 sane
3176 1407 3230 1453 ct
3261 1407 3381 1466 est,
3412 1409 3470 1454 et
3499 1400 3673 1453 credi-

2090 1485 2277 1539 ditur:
2311 1488 2418 1542 nisi
2454 1499 2636 1543 tamen
2669 1490 2796 1543 huic
2831 1493 3095 1561 praeclaro
3123 1492 3301 1546 officio
3345 1491 3452 1545 rita
3489 1492 3670 1545 munis

2088 1578 2454 1646 respondeat,
2488 1593 2581 1635 aut
2612 1584 2659 1636 si
2692 1583 2903 1652 reliqua
2934 1584 3099 1637 animi
3148 1584 3565 1653 perturbatione
3595 1578 3675 1638 in-

2091 1669 2397 1736 quinetnr;
2431 1669 2563 1722 illud
2593 1671 2808 1724 aurium
2838 1682 3219 1725 ornamentum
3252 1680 3371 1737 est,
3423 1672 3567 1742 quod
3614 1672 3669 1727 in

2018 1740 2059 1794 Β
2091 1766 2272 1813 rostro
2312 1760 2430 1813 suis
2450 1800 2465 1824 ,
2498 1768 2591 1813 aut
2623 1762 2916 1831 margarita
2942 1803 2959 1829 ,
2990 1779 3111 1833 qua:
3143 1763 3215 1817 sit
3260 1778 3549 1833 porcorum
3584 1780 3673 1834 pc-

2086 1850 2253 1904 dibus
2286 1852 2633 1920 proculcata.
2669 1850 2774 1907 Sed
2805 1852 2871 1908 de
2904 1853 2989 1908 his
3017 1854 3237 1922 quidem
3272 1854 3561 1910 hactenus.

2647 1963 2878 2019 CAPUT
2918 1965 3105 2021 XVIII.

2086 2070 2214 2125 Sola
2248 2073 2433 2137 virtus,
2466 2074 2629 2127 etiam
2659 2076 2911 2143 perfecta,
2945 2076 3077 2129 nili-il
3111 2077 3324 2130 omnino
3355 2078 3565 2142 prodest
3596 2079 3671 2145 ei,

2366 2146 2457 2213 qui
2484 2145 2537 2197 in
2563 2145 2804 2199 omnibus
2835 2148 3078 2201 virtutem
3110 2164 3211 2200 nou
3240 2149 3384 2203 εοίὶι.

2159 2235 2215 2287 Si
2248 2249 2379 2288 vero
2405 2236 2529 2305 quis
2555 2252 2653 2305 pro
2683 2238 2855 2291 nihilo
2892 2248 3045 2307 putat
3102 2241 3225 2293 vitae
3256 2255 3369 2294 sua:
3400 2251 3669 2296 rationem

2084 2328 2326 2397 cuipiam
2354 2328 2587 2383 invicem
2622 2332 3065 2394 accommodare,
3119 2347 3205 2387 res
3247 2349 3379 2387 suas
3409 2333 3671 2390 domesti—

2078 2435 2182 2474 cas
2210 2423 2615 2490 contemplatus
2644 2424 2710 2476 ad
2754 2423 2858 2477 hoc
2896 2434 3225 2494 prieccptum
3257 2427 3565 2484 erudiatur.
3604 2428 3670 2481 l't

2084 2514 2233 2566 enim
2269 2515 2667 2583 paterfamilias
2719 2517 2869 2569 domi
2920 2533 3036 2571 sua:
3093 2534 3359 2587 passurus
3396 2520 3525 2573 mihi
3560 2535 3669 2573 non

2087 2603 2327 2666 videtur,
2363 2612 2420 2657 ιιι
2447 2619 2536 2657 res
2568 2603 2764 2666 foedas,
2802 2620 2865 2657 ac
2894 2613 3080 2674 turpes
3111 2616 3325 2671 cernat,
3356 2606 3523 2659 veluti
3561 2622 3669 2659 non

2085 2705 2320 2748 stratum
2355 2695 2578 2756 lectum,
2613 2707 2708 2749 aut
2743 2712 2990 2750 mensam
3020 2697 3264 2751 sordium
3309 2698 3546 2766 plenam,
3575 2705 3670 2750 aut

2084 2801 2216 2839 vasa
2264 2786 2503 2855 pretiosa
2558 2802 2681 2857 qua:
2728 2787 2916 2856 aliquo
2950 2788 3200 2857 conjecta
3235 2788 3367 2852 sint,
3420 2789 3508 2841 ubi
3548 2805 3670 2843 sor-

2085 2876 2235 2930 dium
2261 2879 2403 2931 situs
2426 2887 2548 2943 est;
2584 2894 2706 2947 qua:
2744 2894 2872 2933 vero
2906 2887 3036 2932 sunt
3080 2879 3149 2932 ad
3177 2896 3309 2934 usus
3350 2882 3534 2935 minus
3565 2881 3667 2932 Ito-

2087 2978 2275 3023 nestos
2297 2973 2708 3024 accommodata
2732 2971 2787 3023 in
2805 2972 2983 3026 oculis
3012 2972 3332 3025 adeuntium
3369 2974 3459 3025 illa
3490 2974 3664 3041 posita

2010 3074 2053 3132 ο
2088 3062 2229 3127 sint;
2268 3062 2360 3116 sed
2396 3068 2521 3131 apte
2546 3063 2635 3115 ille
2668 3072 2832 3132 atque
2863 3063 3057 3117 ordine
3083 3072 3229 3118 recto
3265 3072 3463 3119 cuncta
3498 3067 3667 3118 collo-

2087 3150 2285 3214 cando,
2319 3166 2591 3220 suumque
2631 3152 2831 3221 cuique
2858 3154 2933 3207 rei
2965 3153 3145 3207 locum
3189 3154 3512 3217 tribuendo;
3540 3170 3665 3209 cum

2084 3243 2429 3310 exploratum
2462 3243 2663 3297 haheat
2701 3259 2812 3312 quo
2840 3244 3035 3298 ordine
3082 3260 3167 3299 res
3200 3245 3349 3300 domi
3389 3260 3505 3299 sua:
3534 3247 3666 3312 sim,

2086 3342 2199 3386 tum
2235 3334 2421 3387 fidenti
2450 3336 2659 3401 animo,
2689 3336 2852 3404 quasi
2897 3338 3051 3391 nullo
3083 3339 3290 3406 pudore
3329 3339 3664 3408 prohibitus,

2083 3424 2335 3492 hospites
2365 3439 2428 3477 ac
2469 3425 2792 3493 peregrinos
2846 3426 3120 3495 excipiet:
3155 3428 3345 3481 eodem
3379 3428 3541 3481 modo
3569 3430 3669 3482 do-

2085 3514 2273 3567 Inicilii
2316 3518 2488 3571 nostri
2516 3516 2741 3570 domino
2772 3531 2835 3570 ac
2865 3517 3224 3581 moderatori,
3264 3535 3461 3588 nempe
3500 3523 3666 3573 ratio-

2083 3606 2161 3670 ni,
2197 3604 2464 3675 agenduin
2498 3622 2621 3660 esse
2668 3606 2946 3671 arbitror;
2980 3616 3060 3673 ut,
3096 3622 3217 3677 quae
3249 3610 3302 3661 in
3337 3609 3496 3663 nobis
3537 3616 3667 3662 sunt

2080 3698 2268 3751 omnia
2300 3707 2450 3751 recte
2484 3697 2758 3762 instituat,
2797 3697 3138 3768 singulisque
3176 3699 3345 3752 animi
3384 3700 3669 3768 potestati—

2083 3788 2209 3852 lius,
2254 3805 2393 3859 quas
2448 3797 2503 3842 ct
2556 3805 2658 3860 pro
2691 3790 3077 3845 instrumentis
3115 3778 3197 3845 et‘
3222 3792 3365 3844 rasis
3415 3806 3665 3846 summus

2082 3890 2286 3936 nostra}
2317 3889 2526 3936 natura:
2557 3881 2742 3952 opifex
2777 3881 3083 3939 fabricatus
3118 3891 3222 3947 est,
3262 3884 3329 3939 iis
3357 3891 3483 3953 apte
3512 3892 3567 3938 et
3596 3884 3664 3937 ad

2080 3975 2425 4027 honestatem
2467 3984 2672 4027 utatur.
2710 3974 2778 4027 At
2800 3990 2932 4029 vero
2961 3975 3097 4043 jam,
3134 3977 3238 4030 nisi
3274 3977 3398 4045 quis
3433 3979 3664 4046 nugaci-

2078 4065 2208 4119 tatis
2255 4073 2311 4119 et
2349 4066 2694 4135 garrulitatis
2734 4080 2837 4121 nos
2874 4067 3223 4131 condemnet,
3258 4068 3537 4137 sigillatim
3570 4084 3665 4120 ex-

2081 4156 2429 4227 plicabimus,
2455 4173 2566 4227 quo
2598 4168 2763 4226 pacto
2804 4173 2940 4212 usus
2971 4158 3098 4227 quis
3140 4158 3324 4213 insitis
3359 4159 3462 4212 subi
3500 4160 3662 4215 rebus

2081 4250 2249 4304 vitam
2279 4264 2443 4319 quam
2501 4251 2799 4307 utilissime
2843 4259 3158 4321 componat.
3201 4252 3386 4322 Itaque
3423 4254 3663 4307 dicimus

2080 4350 2341 4410 oportere
2400 4357 2526 4397 eum
2570 4344 2873 4413 appetitum
2930 4343 2986 4397 in
3038 4345 3206 4397 animi
3253 4360 3392 4414 puro
3437 4346 3662 4402 dedica-

390 4453 482 4488 νον
512 4436 674 4506 ἔχειν,
719 4436 905 4507 ὥσπερ
934 4454 984 4489 τι
1025 4437 1282 4508 ἀνάθημα
1320 4438 1353 4507 ἢ
1400 4438 1657 4508 ἀπαρχὴν
1690 4438 1799 4489 τῶν
1832 4438 1974 4491 ἰδίων

2081 4443 2221 4499 tum,
2254 4434 2403 4489 velut
2458 4434 2751 4489 donarium
2800 4435 3077 4505 quoddam
3113 4451 3177 4491 ac
3208 4436 3475 4492 bonorum
3526 4455 3660 4495 suo-

392 4526 611 4594 ἀγαθῶν
642 4526 890 4593 ἐξελόντα
920 4526 1060 4598 Θεῷ,
1102 4527 1487 4600 ἀφιερώσαντά
1510 4544 1570 4579 τε
1597 4528 1766 4596 αὐτὴν
1804 4527 1971 4592 ἅπαξ,

389 4617 667 4689 ἀνέπαξρόν
695 4635 752 4671 τε
784 4620 878 4672 καὶ
900 4618 1147 4688 καθαρὰν
1180 4619 1579 4687 διαφυλάττειν,
1622 4618 1873 4689 μηδαμοῦ
1907 4622 1972 4689 τῇ

386 4710 531 4761 κατά
566 4710 657 4761 τὸν
703 4708 817 4779 βίον
848 4709 1089 4779 ῥυπαρία
1133 4708 1521 4779 μολυνομένην.
1560 4709 1663 4761 Τὸν
1691 4709 1748 4761 δὲ
1780 4708 1972 4779 θυμὸν,

390 4800 483 4853 καὶ
517 4800 614 4870 τὴν
656 4798 847 4869 ὀργὴν,
892 4799 987 4851 καὶ
1030 4800 1091 4852 τὸ
1122 4802 1298 4869 μῖσος,
1325 4800 1579 4871 καθάπερ
1624 4798 1792 4862 κύνας
1821 4800 1975 4863 τινάς

386 4892 693 4961 πυλωροὺς,
738 4889 873 4960 πρὸς
914 4890 1084 4961 μόνην
1123 4891 1482 4961 ἐγρηγορέναι
1515 4890 1612 4961 τὴν
1654 4890 1756 4959 τῆς
1788 4892 1960 4962 ἀμαρ‹

386 4984 507 5045 τίας
541 4980 877 5045 ἀντίστασιν,
910 4981 1003 5034 καὶ
1032 4984 1172 5034 κατά
1202 4982 1293 5035 τοῦ
1323 4984 1556 5035 κλέπτου
1586 4985 1678 5035 καὶ
1710 4984 1968 5054 πολεμίου

264 5133 282 5153 ρ
372 5041 686 5153 ξκεχρῆσθαι
724 5074 792 5141 τῇ
824 5041 1005 5138 φῦσει,
1040 5071 1098 5133 ὃς
1142 5071 1233 5123 ἐπὶ
1277 5072 1422 5142 λύμῃ
1451 5071 1545 5123 τοῦ
1591 5071 1733 5123 θείου
1764 5041 1969 5141 θησαυ-

391 5102 686 5142 ιδένηυυιλι
726 5102 792 5141 ιιι
824 5102 1005 5138 γωδ-ιι»
1040 5102 1094 5133 V5
1142 5102 1233 5123 εινι
1279 5102 1422 5142 Λυδέ-η
1452 5102 1545 5123 νιν
1592 5102 1733 5123 vat-1U
1765 5102 1969 5141 υιευυιυ-

375 5102 483 5236 ἱροῦ
516 5160 922 5230 παρεισδύεται,
965 5160 1058 5213 καὶ
1098 5160 1186 5212 διὰ
1223 5161 1381 5213 τοῦτο
1416 5161 1654 5231 ἔρχεται,
1690 5163 1775 5213 ἵνα
1798 5162 1970 5236 κλέψῃ

386 5252 482 5304 καὶ
512 5252 650 5324 θύσῃ
674 5254 767 5305 καὶ
794 5252 1035 5324 ἀπολέσῃ
1054 5268 1068 5282 ·
1096 5250 1193 5322 τὴν
1212 5251 1267 5303 δέ
1292 5252 1540 5322 ἀνδρείαν
1570 5257 1661 5307 καὶ
1689 5254 1751 5305 τὸ
1772 5253 1971 5325 θάρσος

388 5343 509 5395 ἀντὶ
531 5344 695 5396 ὅπλου
723 5345 862 5407 τινὸς
894 5343 983 5396 διὰ
1007 5343 1186 5413 χειρὸς
1212 5342 1419 5411 φέρειν,
1454 5343 1589 5413 πρὸς
1616 5344 1675 5396 τὸ
1698 5345 1772 5416 μὴ
1806 5362 1972 5417 πτοη-

389 5432 549 5502 θῆναί
586 5452 715 5487 ποτε
762 5438 987 5504 πτόησιν
1028 5432 1383 5495 ἐπελθοῦσαν,
1421 5434 1514 5485 καὶ
1546 5434 1722 5503 ὁρμάς
1760 5436 1971 5489 ἀσεϐῶν

388 5526 759 5597 ἐπερχομένας
780 5542 791 5554 “
823 5528 996 5579 ἐλπίδι
1020 5526 1079 5579 δὲ
1101 5525 1197 5578 καὶ
1223 5525 1471 5596 ὑπομονῇ
1498 5526 1618 5578 ἀντὶ
1647 5526 1967 5600 βακτηρίας,

498 5684 544 5715 τ’
583 5682 755 5739 lCor.
788 5698 869 5748 ιιι,
914 5683 1000 5739 12.
1077 5685 1120 5717 ⁸⁷
1160 5682 1303 5739 Psal.
1336 5697 1523 5747 cxrm,
1556 5684 1672 5739 [27.

2079 4545 2199 4582 rum
2258 4528 2533 4599 primitias
2577 4527 2687 4583 Deo
2714 4544 3026 4599 segregare,
3062 4536 3117 4584 et
3167 4531 3333 4585 semel
3363 4546 3660 4587 consecra-

2080 4626 2194 4671 ιιιιιι
2230 4619 2497 4673 intactum
2532 4633 2699 4688 porro
2726 4627 2891 4689 atque
2924 4618 3193 4689 integrum
3240 4634 3464 4675 servare
3494 4623 3662 4677 nullis

2078 4710 2201 4762 vita:
2227 4710 2485 4763 sordibus
2508 4709 2968 4764 contamiimtum.
2991 4707 3512 4764 Excandescentiam
3533 4726 3663 4766 vero

2076 4813 2127 4856 ct
2162 4802 2298 4856 iram
2331 4810 2388 4856 et
2426 4802 2614 4857 odium
2651 4802 2810 4872 quasi
2842 4817 3008 4857 canes
3056 4802 3271 4871 aliquos
3318 4804 3446 4857 astii
3476 4815 3659 4859 (Σιιδιιι-

2077 4893 2175 4946 des
2211 4893 2277 4947 aii
2324 4893 2497 4947 solam
2543 4894 2754 4963 peccati
2790 4894 3209 4963 repugnantiam
3263 4895 3319 4948 in
3370 4896 3575 4965 vigilia,
3608 4906 3661 4951 et

2078 4986 2321 5041 statione
2374 5001 2638 5051 manere,
2675 4986 3052 5055 adversusque
3104 4987 3284 5041 furem
3331 4998 3385 5041 et
3445 4990 3660 5045 hostem

2079 5085 2279 5131 natura
2309 5092 2432 5130 eum
2464 5092 2626 5133 usum
2657 5091 2802 5141 esse,
2834 5078 2928 5147 qui
2977 5078 3031 5131 in
3060 5078 3230 5133 divini
3260 5079 3502 5134 thesauri
3538 5098 3662 5150 pcr-

2079 5169 2275 5221 niciein
2304 5169 2510 5222 aditum
2548 5168 2650 5222 sibi
2682 5167 2834 5233 facit,
2868 5177 3031 5239 atque
3058 5170 3130 5223 ob
3159 5186 3277 5224 eam
3306 5186 3529 5226 causam
3567 5190 3662 5227 rc.-

2090 5262 2193 5322 nit,
2230 5270 2290 5313 ut
2323 5260 2555 5324 foretur,
2593 5268 2647 5313 et
2677 5269 2899 5321 mactet.
2938 5272 2991 5315 ct
3033 5262 3259 5331 perdat;
3295 5279 3392 5333 pro
3420 5266 3528 5318 telo
3555 5266 3660 5318 ali-

2080 5366 2191 5420 quo
2214 5350 2527 5415 audaciam,
2558 5359 2612 5405 et
2654 5351 3033 5406 fortitudinem
3084 5354 3277 5409 aﬂerat
3326 5365 3565 5425 oportet,
3593 5372 3661 5411 ne

2079 5443 2187 5496 ulla
2222 5442 2536 5508 formidine,
2567 5458 2691 5514 qua:
2731 5444 2959 5508 incidat,
3002 5455 3097 5501 aut
3142 5448 3340 5503 subitis
3368 5450 3658 5519 impiorum

2078 5534 2373 5592 ali‘ectibus
2405 5536 2625 5591 animus
2648 5544 3066 5608 consteruetur;
3107 5555 3203 5611 spe
3229 5550 3413 5597 autem
3441 5548 3495 5597 et
3531 5543 3661 5598 tole-

2329 5740 2345 5763 ἰ
2396 5730 2399 5735 ’
2508 5730 2535 5773 ζ

2394 5784 2401 5795 ι
