4124 6352
453 300 550 357 39!
1686 307 1746 364 S.
1789 305 2119 379 GREGORII
2145 308 2443 370 NYSSENI
3613 323 3720 380 τοι

457 424 636 478 rautia
661 422 820 494 quasi
847 421 1048 479 baequ
1078 422 1265 490 inniti,
1293 424 1340 482 si
1378 425 1604 498 quando
1625 427 1751 498 quis
1776 429 2025 485 tcntatio-

2136 431 2322 486 εἴποτε
2341 434 2453 496 τοῖς
2483 434 2810 505 πειρασμοῖς
2831 433 3018 505 κάμοι,
3049 433 3511 507 ὑποστηρίζεσθαι
3531 451 3546 466 ·
3574 438 3636 492 τὸ
3662 439 3718 493 δὲ

458 517 622 571 nibus
686 516 1051 586 defatigatur;
1117 516 1175 571 in
1238 519 1483 588 peccatis
1538 534 1669 574 vero
1699 521 2025 590 pmnitentitt

2135 525 2238 596 τῆς
2271 523 2448 595 λύπης
2496 525 2685 596 κτῆμα
2722 524 2901 596 καιρῷ
2940 526 3229 596 μετανοίας
3255 527 3349 581 ιπι
3375 527 3716 600 ἁμαρτήμα-

457 620 702 680 tempore
737 611 780 664 si
819 625 922 666 usu
964 610 1198 675 venerit,
1229 609 1442 667 doloris
1477 610 1783 666 remedium
1816 625 2025 682 parare,

2136 632 2240 683 σιν,
2275 615 2324 668 εί
2349 615 2524 688 τύχοι,
2553 616 2681 670 ποτὲ
2707 616 2944 688 συμϐάν,
2977 617 3438 690 προχειρίζεσθαι,
3469 619 3718 684 ὡςούδέ·

457 717 622 776 atque
651 706 935 768 adhibere,
962 706 1119 776 quasi
1151 721 1330 776 neque
1373 705 1479 760 hoc
1506 706 1644 760 alias
1683 706 1816 760 utile
1847 707 1941 770 sit,
1969 721 2025 762 ac

2133 722 2266 760 ποτε
2292 707 2561 778 χρήσιμον
2593 705 2704 777 ὂνῆ
2742 708 2879 780 πρὸς
2906 709 3006 780 τὴν
3033 709 3291 784 τοιαύτην
3323 713 3492 784 μόνην
3519 715 3717 787 ύπηρσ·

457 798 713 859 salutare,
763 796 867 850 nisi
932 795 1002 850 ad
1064 795 1246 851 solum
1317 795 1632 866 hujusmodi
1701 798 2025 868 pmnitentia

2137 797 2278 853 σίαν.
2313 798 2378 852 'H
2404 797 2463 852 δὲ
2489 798 2800 870 δικαιοσύνη
2832 800 2984 872 αὐτῷ
3008 801 3187 856 κανὼν
3216 803 3511 876 εὐθύτητος
3539 806 3711 870 ἔσται,
3747 789 3752 812 ’

457 907 640 943 usum.
671 887 811 944 Tum
844 904 974 943 vero
999 897 1148 944 recta
1193 889 1388 944 horum
1437 891 1626 960 regula
1649 890 1868 960 justitia
1903 891 2030 956 erit,

455 997 578 1050 qua:
605 982 785 1049 docet,
819 981 950 1051 quid
991 982 1045 1035 in
1077 981 1335 1036 omnibus
1375 993 1431 1036 et
1458 981 1623 1038 dictis
1673 992 1727 1038 et
1762 981 1924 1038 factis
1961 984 2033 1040 sit

457 1090 484 1126 a
513 1079 734 1142 peccato
768 1071 1032 1137 alienum,
1076 1088 1257 1141 quove
1309 1073 1473 1127 modo
1522 1074 1694 1127 annui
1727 1083 1914 1143 partes
1949 1074 2034 1129 in-

454 1165 607 1218 stitui
638 1171 916 1234 oporteat,
947 1178 1126 1234 quave
1165 1165 1401 1226 ratione.
1430 1165 1574 1235 quod
1610 1166 1882 1237 cujusque
1907 1181 2033 1238 pro-

455 1257 632 1326 prium
656 1254 747 1319 sit,
787 1271 888 1325 pro
917 1255 1180 1326 dignitate
1207 1258 1503 1312 tribuatur.
1535 1256 1902 1327 Cupiditatem
1931 1273 2033 1312 au-

453 1356 582 1409 tem,
619 1361 740 1415 qua:
772 1347 824 1398 in
859 1346 982 1416 plus
1011 1345 1266 1401 habendo
1288 1348 1466 1417 posita
1491 1357 1595 1414 est,
1624 1349 1854 1404 multam
1879 1349 2029 1404 illam

451 1441 672 1510 quidem
714 1447 770 1494 et
815 1439 1143 1494 immensam
1186 1439 1240 1492 iu
1300 1440 1643 1510 singuiorum
1703 1440 1928 1507 animis,
1981 1441 2031 1497 si

450 1532 576 1599 quis
625 1529 692 1585 ad
719 1545 862 1597 eam,
903 1546 1026 1602 quae
1058 1546 1088 1586 a
1121 1531 1232 1586 Deo
1265 1542 1370 1595 est,
1413 1531 1768 1602 appetitionis
1792 1531 1901 1588 vim
1933 1532 2032 1590 ad-

449 1622 674 1686 diderit,
719 1621 766 1676 is
797 1623 850 1676 in
883 1623 985 1676 hac
1023 1622 1142 1694 ipsa
1171 1623 1296 1692 plus
1320 1622 1550 1678 habendi
1576 1623 1880 1694 cupiditate
1899 1623 2032 1681 bea-

451 1715 702 1769 tissimus
732 1714 859 1774 erit,
894 1715 1007 1768 illic
1062 1714 1172 1768 vim
1216 1714 1449 1781 l'aciens,
1497 1714 1588 1770 ubi
1637 1714 1911 1772 laudabile
1943 1724 2030 1773 est

2131 889 2196 942 τὸ
2215 891 2275 942 ὲν
2296 889 2459 942 παντὶ
2482 889 2776 946 ἄπταιστον
2799 891 2944 963 λόγῳ
2965 910 3025 946 τε
3052 895 3146 948 καὶ⁴
3164 894 3310 967 εργῳ
3335 897 3711 970 ὑφηγουμένη,

2131 982 2283 1043 ὃπως
2308 999 2368 1035 τε
2395 980 2504 1053 χρὴ
2543 981 2611 1035 τὰ
2642 983 2699 1036 ὲν
2727 985 2793 1055 τῇ
2825 983 2969 1056 ψυχῇ
3008 985 3330 1051 διακεῖσθαι,
3361 989 3457 1042 καὶ
3491 990 3610 1053 πῶς
3647 990 3714 1045 ἄν

2131 1087 2216 1134 τις
2241 1070 2311 1124 τὰ
2339 1072 2458 1124 κατ’
2485 1069 2642 1136 ἀξίαν
2673 1073 2888 1145 ἑκάστῳ
2909 1075 3086 1146 νέμοι.
3117 1077 3162 1128 Τ
3163 1076 3228 1148 ὴν
3255 1078 3312 1132 δὲ
3342 1079 3438 1132 τού
3467 1079 3711 1144 πλείονος

2133 1162 2335 1232 ἔφεσιν,
2357 1163 2386 1216 ὃ
2414 1162 2548 1218 πολύ
2573 1181 2634 1219 τε
2666 1165 2760 1219 καὶ
2793 1165 3102 1239 ἀμέτρητον
3125 1169 3367 1237 ἔγκειται
3387 1173 3454 1243 τῇ
3477 1172 3709 1227 ἑκάστου

2131 1253 2300 1326 ψυχῇ,
2333 1256 2400 1325 τῇ
2455 1253 2596 1308 κατά
2632 1253 2764 1308 Θεὸν
2801 1256 3067 1328 ἐπιθυμίᾳ
3113 1259 3390 1330 προσθεὶς,
3439 1261 3710 1332 μακάριος

2131 1348 2286 1402 ἔσται
2317 1348 2417 1417 τῆς
2443 1345 2774 1413 πλεονεξίας,
2805 1349 2923 1403 ius?
2951 1348 3290 1421 βιαζόμενος,
3326 1353 3459 1406 ὅπου
3489 1353 3710 1406 ὲπαινευ

2129 1440 2224 1495 τδν
2249 1442 2310 1494 τὸ
2331 1439 2631 1510 βιάζεσοαι.
2661 1441 2864 1512 Duplex;
2890 1442 2947 1496 δὲ
2975 1443 3065 1497 καὶ
3088 1443 3350 1516 φρόνησιν
3373 1445 3708 1517 συμϐούλους

2131 1531 2241 1596 ἔξει
2273 1531 2382 1585 τῶν
2415 1532 2823 1604 συμφερόντων,
2858 1533 2952 1587 καὶ
2987 1535 3391 1600 συνδιοικούσας
3429 1537 3580 1608 αὐτῷ
3609 1537 3709 1608 τὴν

2132 1621 2298 1692 ζωὴν,
2338 1621 2414 1684 ὼς
2462 1620 2719 1692 μηδαμοῦ
2749 1621 2854 1676 ύπὺ
2884 1621 3218 1694 ἀμαθείαςῆ
3251 1623 3565 1696 ἀφροσύνης
3605 1643 3710 1680 πα-

2132 1711 2486 1784 ραϐλαὸῆναι·
2518 1713 2567 1765 εί
2599 1711 2657 1764 δὲ
2688 1711 2766 1784 μὴ
2792 1712 2937 1766 κατά
2965 1713 3027 1767 τὸ
3055 1715 3252 1768 οἰκεῖον
3279 1715 3458 1787 χρῷτο
3479 1718 3600 1780 ταῖς
3627 1718 3708 1770 εί-

450 1806 556 1859 vim
589 1805 786 1860 lacere.
828 1806 993 1876 Atqui
1042 1805 1390 1875 sapientiam,
1446 1806 1906 1878 prudentiamque
1938 1825 2025 1865 re-

2135 1800 2397 1872 ρημέναις
2425 1800 2736 1872 δυνάμεσιν,
2770 1803 2884 1856 ἀλλ’
2927 1804 3259 1859 ὑπαλλάσσοι
3299 1805 3452 1876 παρά
3487 1805 3547 1860 τὸ
3570 1806 3708 1871 δέον,

452 1913 572 1950 rum
613 1898 883 1962 omnium,
925 1912 1047 1968 qua:
1096 1897 1413 1967 expediant,
1463 1899 1833 1955 consultrices
1876 1901 2028 1957 vita:-

449 2004 555 2057 que
586 2003 701 2043 suae
731 1988 1162 2044 contubernales
1181 1987 1486 2053 adhibebit,
1519 2001 1579 2046 ut
1606 1991 1758 2045 mullo
1783 2006 2025 2060 unquam

450 2089 700 2150 tempore
723 2090 820 2134 am
839 2080 1139 2150 imperitia,
1173 2088 1269 2134 aut
1294 2080 1664 2152 imprudentia
1699 2082 1760 2136 in
1783 2096 2026 2139 errorem

448 2170 788 2236 :tbdltt'all";
830 2172 918 2224 sin
945 2179 1126 2224 autem
1159 2169 1250 2233 iis,
1280 2185 1421 2240 quas
1446 2172 1896 2236 commemoravi,
1920 2171 2029 2226 vir-

450 2265 661 2319 tutibus
693 2279 870 2334 neque
897 2272 956 2317 ut
993 2277 1092 2333 par
1130 2270 1237 2326 est,
1280 2277 1458 2332 neque
1507 2270 1566 2316 ut
1597 2276 1790 2317 earum
1827 2272 2026 2318 natura

451 2356 715 2426 postulat,
770 2354 896 2424 quis
934 2369 1066 2410 usus
1100 2361 1209 2414 est,
1260 2351 1330 2406 ad
1380 2352 1568 2422 idque,
1611 2352 1758 2423 quod
1800 2353 2028 2409 minime

448 2447 628 2508 decet,
658 2460 848 2500 earum
878 2459 1039 2499 usum
1071 2443 1371 2509 convertit,
1406 2444 1491 2498 vel
1521 2442 1652 2513 quia
1683 2442 1750 2498 ad
1789 2459 1878 2498 res
1906 2451 2026 2499 tur-

451 2536 714 2606 pissimas
771 2536 1133 2606 cupiditatem
1167 2535 1381 2604 adjicit,
1429 2535 1512 2591 vel
1563 2534 1692 2605 quia
1730 2535 1786 2590 in
1817 2535 2028 2591 vicinos

447 2627 635 2679 odium
692 2626 956 2695 concipit.
1009 2625 1096 2680 vel
1147 2624 1274 2694 quia
1345 2625 1693 2694 iniquitatem
1743 2627 1897 2688 colit,
1941 2626 2026 2680 vel

446 2716 578 2786 quia
607 2730 666 2770 se
693 2723 889 2769 contra
922 2723 1179 2784 parentes
1212 2731 1399 2770 acrem
1434 2715 1702 2779 ostendit,
1727 2727 1891 2786 atque
1923 2716 2026 2771 ab-

447 2808 616 2862 surda
661 2822 889 2877 quaeque
919 2808 1108 2874 audet,
1153 2807 1452 2878 inaniaque
1483 2815 1702 2878 sperat;
1743 2808 1832 2864 hic
1876 2819 2026 2864 certe

446 2914 579 2952 cum
611 2898 958 2968 prudentiam
995 2905 1051 2952 et
1097 2898 1430 2968 sapientiam
1462 2913 1493 2952 a
1527 2898 1896 2954 contubernio
1921 2914 2024 2954 suo

447 2991 696 3060 repellat,
727 2990 1022 3060 ingluviem
1065 2987 1385 3059 quamdam,
1432 2998 1599 3058 atque
1653 2988 2026 3058 intemperan-

2129 1893 2230 1964 τὴν
2269 1892 2367 1963 μὲν
2401 1891 2698 1964 ἐπιθυμίαν
2728 1895 3034 1966 προστιθεὶς
3059 1899 3173 1962 τοῖς
3209 1897 3540 1968 αἰσχίστοις,
3573 1897 3710 1951 τὸδὲ

2133 1987 2288 2056 μῖσος
2320 1985 2414 2038 ἐπὶ
2440 1985 2565 2050 τοὺς
2594 1985 2901 2056 ὁμοφύλους
2941 1988 3450 2059 προχειριζόμενος
3482 1989 3710 2058 ἀγαπῶν

2127 2075 2314 2147 δὲτὴν
2349 2074 2583 2141 ἀδικίαν,
2615 2077 2709 2131 καὶ
2755 2077 2850 2130 ἐπὶ
2895 2079 3024 2142 τοὺς
3063 2079 3258 2147 γονέας
3306 2079 3707 2152 ἀνδριζόμενος,

2129 2169 2222 2222 καὶ
2245 2167 2460 2239 θαρσῶν
2483 2169 2553 2222 τά
2578 2168 2773 2234 ἄτοπα,
2804 2169 2897 2223 καὶ
2919 2169 3152 2235 ἐλπίζων
3171 2169 3239 2224 τά
3262 2170 3487 2241 μάταια,
3509 2172 3713 2244 φρόνη-

2130 2279 2214 2316 σιν
2253 2263 2310 2317 δὲ
2348 2265 2443 2316 πα)⁵
2475 2261 2668 2332 σοφίαν
2721 2261 3038 2315 ἀπελαύνων
3080 2262 3180 2332 τῆς
3221 2264 3335 2333 μετ’
3367 2262 3538 2318 αὐτοῦ
3584 2279 3711 2317 συν-

2126 2357 2428 2427 οικήσεως,
2472 2354 2804 2426 λαιμαργίαν
2848 2353 2942 2406 καὶ
2996 2352 3312 2426 ἀφροσύνην
3358 2354 3710 2427 προσεταιρί-

2128 2442 2273 2507 ζοιτο
2295 2459 2309 2474 °
2341 2442 2437 2498 καὶ
2465 2444 2594 2514 περὶ
2619 2443 2734 2497 τῶν·
2771 2441 2975 2496 λοιπῶν
3001 2441 3264 2508 ὡσαύτως
3295 2445 3486 2510 ποιῶν,
3513 2444 3711 2507 ἄτοπος

2126 2531 2193 2588 ἂν
2218 2533 2302 2602 εἴη
2322 2550 2406 2597 τις
2431 2533 2526 2586 καὶ
2549 2530 2852 2598 ἀλλόκοτος,
2876 2531 2952 2594 ὡς
2977 2531 3099 2603 μηδ’
3122 2531 3187 2586 ἂν
3203 2533 3378 2586 είπείν
3399 2532 3564 2599 ἀξίως
3585 2534 3709 2586 τινὰ

2126 2623 2419 2694 δυνηθῆναι
2451 2624 2545 2695 τὴν
2571 2622 2820 2676 ἀτοπίαν.
2849 2621 3118 2694 Καθάπερ
3141 2623 3250 2694 γάρ
3277 2624 3346 2677 ἂν
3369 2624 3423 2678 εἴ
3449 2641 3534 2688 τις
3554 2624 3711 2677 ἔναλ-

2125 2713 2229 2778 λὰξ
2263 2713 2634 2784 ὀπλιζόμενος,
2688 2713 3020 2784 άναστρέφσι
3068 2715 3167 2784 μὲν
3199 2715 3260 2768 τὸ
3309 2714 3533 2787 κράνος,
3566 2714 3708 2769 ὥστε

2127 2803 2424 2858 καλύπτειν
2471 2805 2534 2858 τὸ
2568 2805 2878 2876 πρόσωπον,
2912 2805 3009 2859 καὶ
3039 2805 3216 2860 ὀπίσω
3255 2805 3568 2860 νενευκέναι
3615 2807 3710 2860 τὸν

2125 2896 2306 2965 λόφον,
2345 2895 2470 2960 τοὺς
2493 2897 2547 2949 δὲ
2573 2897 2739 2960 πόδας
2768 2897 2880 2968 ἔχοι
2918 2899 2977 2951 ὲν
3009 2896 3238 2968 θώρακι,
3271 2898 3365 2952 καὶ
3389 2897 3488 2962 τάς
3508 2901 3709 2970 κνημῖ-

2125 2989 2221 3052 δας
2254 2988 2552 3059 ἐφαρμόζου.
2583 2988 2659 3059 τῷ
2696 2989 2900 3060 στήθει.
2934 2991 3030 3044 καὶ
3055 2991 3155 3044 ὅσα
3187 2988 3256 3042 τά
3286 2989 3386 3060 τῆς
3415 2991 3710 3062 ἀριστερᾶς

444 3082 578 3136 tiam
611 3083 714 3136 sibi
746 3083 926 3137 socias
956 3081 1207 3151 adjungit
1239 3099 1252 3135 :
1285 3081 1382 3152 qui
1415 3083 1463 3136 si
1496 3082 1550 3136 in
1577 3080 1808 3150 reliquis
1829 3079 2020 3135 eodem

2126 3079 2242 3130 ὲστι
2271 3081 2338 3150 τῇ
2366 3076 2516 3148 δεξιᾷ
2540 3078 2968 3149 μεταλαμϐάνοι,
2992 3079 3091 3152 τὴν
3124 3080 3181 3134 δὲ
3214 3079 3322 3132 τῶν
3345 3078 3536 3145 δεξιῶν
3554 3079 3710 3133 ὅπλι-

447 3172 612 3227 modo
648 3172 800 3233 faclt,
837 3173 1082 3227 insulsus
1119 3171 1310 3241 utique
1351 3179 1459 3236 est,
1505 3181 1561 3226 et
1609 3170 1840 3225 Inonstri
1874 3169 2021 3224 simi-

2129 3187 2213 3223 σιν
2245 3173 2310 3241 τῇ
2344 3172 2608 3241 εὐωνύμῳ
2640 3172 2986 3244 προσρίπτοι.
3019 3174 3196 3244 Ὅπερ
3223 3167 3316 3225 οὖν
3342 3171 3534 3225 παθεῖν
3562 3171 3709 3234 εἰκὸς

447 3263 544 3328 lis,
579 3263 653 3316 ita
691 3273 750 3316 ut
774 3263 896 3331 ejus
931 3263 1246 3318 absurditas
1287 3263 1557 3316 declarari
1605 3277 1704 3333 pro
1753 3260 2022 3331 dignitate

2126 3263 2183 3314 ἐν
2219 3263 2439 3333 πολέμῳ
2465 3263 2558 3315 τὸν
2585 3263 2823 3316 τοιοῦτον
2851 3265 3095 3335 ὁπλίτην,
3130 3263 3288 3318 τοῦτο
3317 3263 3411 3317 καὶ
3441 3264 3592 3334 παρὰ
3615 3262 3710 3316 τὰρ

445 3368 555 3409 non
583 3353 780 3424 possit.
821 3351 893 3408 Ut
938 3353 1087 3408 enim
1123 3353 1172 3408 si
1221 3353 1350 3423 quis
1404 3353 1726 3423 perturbate
1774 3358 2021 3405 armatus

2129 3355 2243 3424 βίον
2280 3355 2508 3425 πάσχειν
2557 3355 2702 3418 εἰκὸς
2743 3355 2836 3408 τὸν
2881 3355 3288 3427 συγκεχυμένον
3320 3354 3420 3424 τὴν
3459 3351 3705 3426 γνώμην.

444 3448 654 3517 galeam
687 3446 948 3511 iuvertat,
1001 3454 1056 3498 ut
1100 3452 1156 3499 et
1190 3444 1384 3499 faciem
1418 3454 1586 3514 tegat,
1622 3453 1682 3499 et
1723 3459 1926 3498 conum
1964 3445 2021 3498 in

2127 3447 2222 3500 καὶ
2240 3445 2339 3517 τὴν
2360 3447 2555 3518 χρῆσιν
2569 3447 2677 3501 τῶν
2698 3447 2978 3519 δυνάμεων
2995 3447 3094 3518 τῆς
3107 3446 3287 3519 ψυχῆς
3307 3445 3704 3518 ύπαμείϐοντα.

446 3538 802 3610 posteriorem
845 3543 1056 3606 partem
1092 3534 1461 3596 iuclinaverit,
1494 3537 1768 3605 pedesque
1801 3535 1858 3588 in
1891 3533 2118 3588 thorace
2182 3535 2406 3598 habeat,
2445 3550 2644 3591 ocreas
2707 3537 2919 3607 pectori
2973 3537 3372 3600 accommodet,
3427 3549 3616 3605 quaeve
3673 3547 3705 3586 a

446 3636 578 3686 laeva
613 3631 679 3684 ad
722 3629 1002 3684 dexteram
1044 3634 1371 3692 commutet,
1415 3628 1652 3680 dextera:
1689 3640 1819 3680 vero
1850 3627 2024 3696 partis
2058 3634 2400 3681 armaturam
2429 3627 2577 3682 lava:
2639 3636 2883 3700 apponat
2917 3646 2930 3682 :
2996 3628 3142 3699 quod
3191 3628 3360 3698 igitur
3404 3628 3705 3682 verisimile

444 3725 516 3779 sit
551 3724 605 3778 in
635 3722 830 3778 militia
871 3729 932 3774 ut
966 3718 1096 3773 huic
1146 3719 1384 3783 eveniat,
1454 3718 1550 3788 qui
1632 3717 1707 3771 ita
1753 3727 2088 3787 pratpostere
2126 3725 2214 3772 est
2243 3719 2416 3774 armis
2443 3719 2777 3784 instructus,
2808 3719 2912 3773 hoc
2942 3719 3128 3790 ipsum
3152 3727 3588 3774 consentaneum
3618 3727 3702 3774 est

447 3819 521 3872 illi
561 3818 614 3872 in
650 3818 762 3871 vita
794 3813 1066 3878 accidere,
1099 3813 1194 3882 qui
1240 3819 1422 3867 mente
1447 3810 1524 3865 ita
1562 3811 1884 3882 perturbata
1915 3820 2022 3877 est,
2061 3821 2118 3868 ut
2146 3813 2315 3868 animi
2341 3815 2602 3868 virtutum
2638 3831 2797 3870 usum
2823 3821 3116 3886 pervertat.

516 3911 656 3978 Quin
689 3908 997 3964 adhibenda
1028 3916 1112 3962 est
1146 3922 1177 3959 a
1209 3906 1371 3960 nobis
1415 3904 1663 3976 quaedam
1700 3905 1934 3975 diligens
1963 3905 2020 3960 in

2195 3908 2405 3962 Οὐκοῦν
2433 3907 2754 3979 προνοητέον
2788 3909 2920 3978 ἡμῖν
2967 3907 3066 3976 τῆς
3119 3907 3179 3960 ὲν
3221 3907 3430 3970 τούτοις
3462 3908 3700 3978 εὐαρμο-

444 4007 531 4061 his
555 4001 958 4058 convenientia
990 3999 1291 4069 decorique
1315 3998 1476 4064 ratio,
1511 4012 1676 4068 quam
1728 3997 1785 4050 in
1816 3996 2019 4053 animis

2129 4000 2300 4062 στίας,
2321 3999 2388 4070 ἢν
2412 4001 2446 4070 ἡ
2475 3999 2682 4072 ἀληθὴς
2704 3999 3021 4071 σωφροσύνη
3047 3998 3288 4068 πέφυκεν
3314 4001 3560 4070 ἐμποιεῖν
3581 4003 3702 4064 ταῖς

448 4097 656 4153 tiostris
685 4110 812 4149 vera
839 4091 1201 4162 temperantia
1231 4093 1481 4145 inserere
1517 4088 1676 4144 solet.
1701 4085 1870 4158 Sique
1896 4102 2020 4158 per-

2126 4090 2423 4161 ήμετέραις
2461 4090 2677 4160 ψυχαῖς.
2715 4092 2824 4144 Kal
2857 4093 2906 4144 εί
2947 4089 3053 4161 χρὴ
3103 4091 3196 4144 τὸν
3227 4090 3561 4144 τελειότατον
3602 4091 3703 4162 τῆς

445 4191 585 4244 {ecta
627 4186 994 4254 absolutoque
1021 4182 1187 4252 hujus
1222 4181 1445 4236 virtutis
1475 4180 1725 4234 deﬁnitio
1753 4179 2017 4234 conside-

2126 4177 2482 4251 σωφροσύνης
2520 4180 2647 4250 ὅρον
2688 4179 3081 4250 ἐπισκοπῆσαι,
3118 4179 3259 4249 τάχα
3297 4179 3455 4233 τοῦτο
3488 4195 3704 4250 σωφρο-

446 4281 618 4336 randa
671 4285 781 4340 est,
843 4277 1075 4330 fortasse
1120 4274 1344 4344 quidem
1399 4272 1623 4343 proprie
1667 4271 1874 4327 dicitur
1899 4287 2020 4327 ont-

2129 4268 2266 4340 σύνη
2311 4269 2515 4341 κυρίως
2552 4269 2620 4322 ἂν
2661 4267 2899 4337 λέγοιτο,
2950 4271 2984 4340 ἡ
3043 4271 3258 4324 πάντων
3304 4270 3414 4322 τῶν
3458 4268 3704 4340 ψυχικῶν

446 4373 598 4426 nium
641 4368 808 4423 animi
855 4376 1103 4422 motuum
1151 4370 1292 4421 bene
1319 4366 1622 4422 constituta
1656 4364 1931 4436 quaedam,
1963 4372 2020 4420 et

2129 4362 2442 4433 κινημάτων
2467 4360 2608 4432 μετὰ
2633 4360 2822 4430 σοφίας
2846 4360 2938 4414 καὶ
2955 4359 3265 4432 φρονήσεως
3285 4358 3544 4422 εὔτακτος
3563 4361 3706 4412 οίκορ

442 4477 568 4517 cum
597 4459 886 4529 sapientia,
917 4457 1322 4528 prudentiaque
1347 4457 1644 4526 conjuncta
1689 4456 2016 4512 moderatio.

2126 4455 2308 4526 νομία.
2345 4454 2455 4508 Καὶ
2496 4455 2529 4526 ἡ
2558 4453 2780 4524 τοιαύτη
2814 4453 3150 4516 κατάστασις
3179 4452 3277 4522 τῆς
3304 4451 3482 4521 ψυχῆς
3520 4451 3703 4505 οὐκέτι

442 4555 624 4623 Atque
649 4548 1030 4619 hujuscemodi
1061 4548 1229 4602 animi
1266 4548 1594 4603 constitutio
1621 4562 1732 4602 non
1763 4549 1876 4603 ullo
1903 4563 2021 4602 am-

2126 4545 2284 4600 πόνου
2315 4546 2457 4608 τινὸς
2489 4545 2609 4599 οὐδὲ
2639 4545 3019 4617 πραγματείας
3058 4542 3194 4615 πρὸς
3222 4542 3322 4612 τὴν
3344 4541 3452 4594 τῶν
3479 4540 3697 4612 ὑψηλῶν

444 4647 588 4716 ριλίυε
648 4643 856 4703 labore,
915 4655 1096 4710 neque
1141 4639 1324 4695 studio
1370 4638 1438 4692 ad
1483 4654 1669 4695 rerum
1700 4639 2018 4695 sublimium

2126 4654 2179 4690 τε
2209 4637 2303 4690 καὶ
2339 4637 2605 4707 οὐρανίων
2646 4637 2938 4708 μετουσίαν
2964 4636 3245 4706 δεήσεται,
3279 4633 3394 4688 ἀλλ’
3425 4635 3482 4687 ὲν
3528 4633 3697 4704 πολλῇ

444 4734 869 4802 cwlestiumque
901 4731 1222 4786 societatem
1253 4729 1542 4801 indigebit,
1577 4729 1674 4785 sed
1701 4729 1855 4784 nullo
1885 4744 2021 4784 sane

445 4827 687 4898 negotio,
721 4825 886 4879 rebus
940 4822 1237 4878 contrariis
1295 4821 1539 4890 rejectis,
1582 4835 1710 4875 cum
1749 4820 1824 4887 id,
1872 4819 2019 4891 quod

443 4918 734 4990 quaeritur,
790 4913 1119 4968 naturali-ter
1199 4919 1404 4978 teneat,
1441 4909 1686 4980 perﬁciet
1742 4909 1818 4975 id,
1874 4910 2020 4979 quod

443 5009 663 5080 assequi
697 5007 918 5062 diliicile
945 5004 1161 5060 videtur
1194 5023 1209 5060 :
1239 5005 1335 5074 qui
1377 5004 1523 5058 enim
1565 5015 1720 5057 extra
1762 5001 2019 5057 tenebras

444 5107 603 5172 longe
635 5102 852 5172 positus
877 5105 984 5164 est,
1016 5111 1140 5152 eum
1181 5106 1238 5151 et
1269 5097 1322 5149 in
1367 5094 1494 5149 luce
1532 5095 1764 5148 omnino
1785 5093 2016 5157 versari,

441 5207 495 5248 et
517 5195 609 5264 qtti
643 5203 900 5247 mortuus
933 5205 1044 5244 non
1085 5195 1192 5252 est,
1239 5188 1392 5242 illum
1432 5186 1619 5242 vivere
1666 5201 1888 5241 necesse
1913 5193 2016 5240 est.

447 5287 510 5340 lit
543 5287 810 5356 profecto,
841 5284 948 5338 nisi
990 5284 1118 5353 quis
1151 5281 1394 5335 animam
1423 5295 1580 5335 suam
1605 5279 1660 5332 in
1690 5293 1834 5333 vano
1860 5292 2020 5333 acce-

441 5378 607 5448 perit,
640 5377 696 5429 in
717 5375 966 5430 veritatis
997 5373 1083 5427 via
1117 5373 1278 5443 plane
1306 5371 1453 5426 erit:
1482 5370 1744 5441 quoniam
1775 5368 2016 5438 pruden-

447 5469 548 5530 tia,
578 5480 642 5520 ac
670 5467 926 5529 scientia,
959 5479 1126 5534 quam
1147 5463 1272 5534 quis
1301 5462 1549 5527 adhibet,
1584 5478 1650 5517 ne
1677 5477 1708 5514 a
1737 5463 1822 5516 via
1850 5461 2020 5518 decli-

441 5567 558 5622 net,
583 5557 690 5612 dux
727 5572 861 5613 sane
886 5555 1087 5626 aliquis
1113 5554 1350 5626 diligens
1381 5563 1469 5610 est
1511 5555 1648 5610 recti
1679 5554 1915 5610 itineris.
1945 5552 2019 5609 Ut

442 5648 589 5702 enim
618 5645 786 5707 servi,
818 5645 929 5713 jam
975 5642 1225 5699 servituti
1274 5642 1509 5706 liberati,
1546 5657 1670 5696 cum
1699 5655 1920 5711 operam
1949 5641 2018 5698 iis

447 5754 650 5796 navare
699 5735 984 5803 desierint,
1047 5749 1280 5809 quorum
1337 5740 1605 5805 potestate
1669 5732 2015 5801 tenebantur,

2122 4729 2375 4803 ῥᾳστώνῃ
2412 4731 2474 4784 τὸ
2503 4730 2641 4793 τέως
2669 4729 2990 4799 δυσέφικτον
3029 4725 3168 4782 εἶναι
3201 4725 3391 4780 δοκοῦν
3429 4724 3704 4796 κατορθώ-

2121 4839 2204 4875 σει
2234 4820 2496 4892 φυσικῶς,
2525 4823 2597 4892 τῇ
2628 4819 2972 4890 ύπεξαιρέσει
3003 4817 3105 4872 τοῦ
3145 4817 3388 4872 ἐναντίου
3417 4816 3480 4869 τὸ
3511 4811 3702 4885 ζητού·

2123 4929 2283 4984 μενον
2310 4911 2510 4982 ἔχουσα
2531 4928 2546 4942 ο
2577 4911 2670 4964 τόν
2699 4927 2758 4964 τε
2792 4909 2902 4981 γὰρ
2939 4909 3044 4974 ἔξω
3079 4907 3175 4962 τοῦ
3219 4907 3444 4969 σκότους
3476 4904 3698 4974 γενόμε-

2119 5022 2230 5066 νον,
2250 5006 2308 5058 ὲν
2339 5003 2480 5073 φωτὶ
2510 5004 2725 5065 πάντως
2751 4997 2891 5054 εἶναι
2916 5001 3151 5071 ἀνάγκη·
3182 4998 3274 5052 καὶ
3301 4996 3392 5051 τὸν
3411 4994 3487 5066 μὴ
3511 4992 3700 5062 τεθνηο

2122 5096 2276 5160 κὸτα,
2311 5093 2431 5166 ζῇν.
2471 5095 2579 5148 Καὶ
2617 5093 2796 5146 τοίνυν
2832 5092 2884 5145 εἴ
2919 5109 3004 5155 τις
3041 5090 3116 5162 μὴ
3163 5090 3255 5143 ἐπὶ
3302 5085 3513 5158 ματαίῳ
3546 5082 3701 5135 λάϐοι

2119 5185 2219 5254 τὴν
2247 5183 2442 5238 ἑαυτοῦ
2479 5184 2676 5255 ψυχὴν,
2719 5184 2776 5235 ὲν
2819 5185 2884 5252 τῇ
2915 5181 3019 5253 ὁδῷ
3053 5182 3149 5252 τῆς
3178 5179 3436 5251 ἀληθείας
3485 5174 3703 5235 πάντως

2120 5275 2272 5329 ἔσται
2291 5293 2305 5306 ·
2337 5278 2370 5346 ὴ
2401 5275 2509 5347 γάρ
2535 5274 2628 5328 τοῦ
2679 5274 2757 5345 μὴ
2797 5273 3220 5347 παρατραπῆναι
3251 5266 3482 5342 πρόνοιά
3519 5282 3579 5320 τε
3609 5263 3703 5318 καὶ

2119 5367 2396 5438 ἐπιστήμη
2417 5408 2432 5431 ,
2467 5367 2660 5438 ὀδηγία
2685 5367 2769 5430 τίς
2795 5368 2943 5419 ἐστιν
2969 5363 3204 5435 ἀκριὸὴς
3231 5362 3329 5433 τῆς
3362 5360 3456 5414 ἐπὶ
3487 5357 3588 5428 τὴν
3615 5355 3704 5410 εύ-

2121 5459 2271 5512 θείαν
2301 5458 2524 5530 πορείας
2544 5475 2556 5488 ·
2592 5459 2687 5512 καὶ
2717 5457 2904 5530 ὥσπερ
2937 5458 2986 5510 oi
3012 5452 3466 5526 ἐλευθερωθέντες
3493 5447 3704 5502 οἰκέται

2121 5550 2462 5622 παυσάμενοι
2489 5549 2582 5604 τοῦ
2615 5552 2729 5613 τοῖς
2769 5547 3058 5620 κρατοῦσιν
3105 5546 3432 5618 ύπηρετείν’,
3482 5538 3702 5595 ἐπειδὰν

2119 5639 2328 5695 ἑαυτῶν
2358 5639 2619 5707 γένωνται
2645 5637 2846 5709 κύριοι,
2883 5636 3141 5708 τρέπουσι
3171 5635 3306 5708 πρὸς
3343 5631 3569 5693 ἑαυτοὺς
3601 5628 3702 5698 τὴν

2122 5733 2385 5804 σπουδήν·
2413 5732 2586 5796 οὕτως
2610 5727 2764 5800 οἶμαι
2800 5731 2894 5786 καὶ⁵
2921 5730 3019 5798 τὴν
3042 5728 3221 5798 ψυχὴν
3244 5723 3700 5796 ὲλευθερωθείσαν
