4124 6352
487 331 594 391 393

1837 334 1924 388 DE.
1956 328 2419 392 VlliGlNlTATlﬂ.

3656 329 3762 393 396

487 455 600 507 ἀπο
623 450 722 520 τῆς
758 444 1079 520 σωματικῆς
1106 447 1382 520 λατρείας,
1412 450 1471 502 ὲν
1500 450 1791 518 ὲπιγνωσει
1821 452 2074 519 γενέσθαι

2185 461 2475 524 postquam
2508 451 2594 507 sui
2620 451 2765 522 juris
2796 460 2946 514 sunt,
2974 466 3137 508 utnnc
3160 450 3404 508 studium
3432 458 3598 522 atque
3624 466 3763 522 Ope-

487 541 586 612 τῆς
624 539 832 603 οἰκείας
864 540 1031 611 ἑαυτῇ
1072 541 1166 593 καὶ
1198 539 1337 594 κατά
1371 540 1532 611 φύσιν
1578 543 1860 613 ἐνεργείας
1883 560 1899 574 ο
1942 545 1975 614 ἡ
2017 546 2073 599 δὲ

490 635 776 707 ἐλευθερία
822 636 972 699 ἐστὶ,
1021 633 1204 699 καθὼς
1251 636 1348 689 καὶ
1413 638 1566 710 παρὰ
1608 638 1704 693 τοῦ
1749 639 2074 696 Ἀποστόλού

490 727 793 798 ἐμάθομεν,
842 727 904 780 τὸ
954 727 1029 798 μὴ
1093 726 1245 799 ζυγῷ
1292 728 1534 794 δουλείας
1572 731 1886 802 ἐνέχεσθαι,
1943 734 2077 805 μηδὲ

490 821 743 892 καθάπερ
775 819 1049 891 δραπέτην
1087 822 1121 892 ἧ
1150 822 1455 893 κακοῦργον
1498 822 1808 895 γενόμενον,
1843 826 2078 898 πεδηθῆδ

489 930 576 969 ναι
619 914 698 985 τῷ
739 913 834 967 τού
866 915 1047 985 γάμου
1087 914 1293 986 δεσμῷ.
1338 916 1498 971 Ἀλλά
1529 934 1619 988 μοι
1660 918 1823 973 πάλιν
1851 920 1881 973 6
1922 919 2078 988 λόγος

490 1008 580 1061 ἐπὶ
621 1009 722 1079 τὴν
766 1006 935 1079 αὐτὴν
973 1006 1149 1079 ἀρχὴν
1188 1009 1513 1081 ἀνατρέχει,
1546 1010 1627 1064 ὃτι
1671 1012 1772 1064 οὐκ
1803 1013 1861 1065 ὲν
1902 1013 2077 1084 τούτῳ

491 1099 639 1169 μόνῳ
668 1100 730 1152 τὸ
754 1100 957 1152 τέλειον
986 1101 1087 1170 τῆς
1115 1099 1427 1173 ἰλευθερίας
1458 1101 1627 1165 ἐστὶν,
1655 1103 1712 1157 ὲν
1736 1103 1813 1173 τῷ
1838 1105 2079 1176 ἀποστῆ-

490 1205 579 1243 ναι
616 1187 930 1261 τούγάμου
967 1191 1070 1263 (μή
1112 1207 1199 1255 τις
1233 1186 1375 1245 οὕτω
1422 1194 1615 1266 μικρόν
1654 1212 1715 1248 τε
1754 1196 1846 1249 καὶ
1880 1196 2078 1251 εὔωνον

490 1284 552 1336 τὸ
582 1284 683 1354 τῆς
713 1284 1004 1355 παρθενίας
1030 1284 1247 1350 οἰέσθω,
1286 1286 1426 1339 ῶστε
1467 1291 1524 1341 ὲν
1555 1288 1721 1358 ὀλίγῳ
1752 1293 2078 1363 παρατηρή-

496 1390 622 1446 ματι
646 1377 848 1448 σαρκὸς
868 1378 1166 1449 κατορθοῦν
1188 1379 1425 1449 νομίζειν
1448 1380 1506 1433 τὸ
1521 1380 1772 1435 τοσοῦτον
1796 1385 1943 1454 πρᾶγ
1954 1391 2073 1454 μα)ο

492 1466 608 1523 ἀλλ’
646 1470 836 1540 ἐπειδὴ
872 1470 980 1532 πᾶς
1025 1471 1054 1523 6
1095 1469 1264 1524 ποιῶν
1295 1470 1392 1542 τὴν
1437 1472 1714 1543 ἁμαρτίαν
1755 1473 1939 1539 δοῦλος
1978 1476 2076 1546 τῆς

491 1564 765 1634 ἁμαρτίας
790 1564 937 1617 ἐστὶν
957 1604 971 1626 ,
1004 1565 1037 1635 ἡ
1072 1566 1130 1617 ἐν
1162 1565 1327 1618 παντὶ
1361 1565 1648 1635 πράγματι
1678 1566 1772 1619 καὶ
1793 1568 2077 1638 ἐπιτηδεύ-

495 1672 624 1726 ματι
651 1655 789 1727 πρὸς
823 1655 1021 1710 κακίαν
1050 1656 1400 1727 παρατροπὴ.
1430 1656 1711 1712 δουλοῦται
1740 1657 1830 1712 τὸν
1863 1659 2075 1731 ἄνθρω-

493 1761 594 1801 πον
641 1749 736 1802 καὶ
779 1748 1107 1819 στιγματίαν
1142 1750 1315 1816 ποιεί,
1351 1748 1623 1819 μώλωπας
1658 1750 1809 1823 αὐτῷ
1842 1752 1936 1806 καὶ
1979 1754 2074 1806 ὲκο

2182 562 2298 601 ram
2327 548 2381 601 in
2410 562 2471 602 se
2501 546 2604 616 ipsi
2636 556 2987 601 convertunt.
3027 545 3120 600 Sic
3158 545 3400 601 animum
3430 544 3616 602 servili
3642 561 3765 599 cor-

2184 638 2336 710 poris
2366 639 2630 709 obsequio
2669 638 2960 693 liberatum
3010 638 3066 693 in
3103 639 3252 695 illius
3282 636 3495 694 versari
3524 636 3765 693 arbitror

2184 729 2422 785 actionis
2474 729 2810 801 cognitione,
2852 747 2974 799 qua:
3029 731 3137 785 sibi
3175 729 3393 800 propria
3428 736 3515 784 est
3562 742 3627 782 ac
3665 742 3735 782 na

2185 822 2417 878 turalis:
2446 822 2719 894 siquidem
2752 822 3001 885 libertas,
3056 829 3115 877 ut
3159 822 3227 877 ab
3274 819 3538 892 Apostolo
3571 815 3767 874 didici-

2186 930 2329 979 mus,
2367 915 2421 969 in
2455 931 2521 970 eo
2549 923 2654 979 est,
2692 923 2751 970 ut
2799 932 2868 971 ne
2912 915 3039 986 quis
3087 927 3284 970 rursus
3320 912 3608 970 servitutis
3633 910 3765 982 jugo

2185 1008 2444 1079 illigetur,
2479 1025 2659 1080 neque
2702 1016 2963 1079 tanquam
2995 1024 3191 1063 servus
3229 1006 3514 1076 fugitivus,
3544 1012 3639 1059 aut
3672 1018 3765 1058 ves

2184 1108 2394 1155 tcrator
2423 1100 2623 1164 factus,
2673 1101 2985 1170 nuptiarum
3035 1099 3392 1169 compedibus
3423 1099 3641 1151 vinctus
3670 1096 3761 1152 sitt

2187 1190 2294 1246 Sed
2326 1190 2394 1245 ad
2434 1191 2612 1261 ipsum
2658 1190 2874 1245 initium
2919 1190 3034 1244 hazc
3071 1205 3189 1244 mea
3227 1188 3367 1244 redit
3408 1188 3606 1252 oratio,
3629 1202 3767 1258 quo-

2186 1282 2332 1336 niam
2377 1294 2486 1337 n'on
2545 1284 2600 1337 in
2635 1296 2701 1337 eo
2750 1282 2932 1337 solum
2981 1281 3220 1352 perlecm
3259 1290 3343 1335 est
3372 1281 3618 1343 libertas,
3644 1287 3705 1334 ut
3732 1287 3766 1331 it

2186 1375 2397 1446 nuptiis
2432 1376 2820 1429 abstineatur:
2857 1390 2925 1430 ne
2974 1374 3101 1445 quis
3156 1375 3230 1429 ita
3282 1375 3539 1443 exiguum
3571 1380 3626 1428 et
3663 1373 3769 1427 vile

2185 1477 2337 1540 putet
2366 1468 2468 1522 hoc
2504 1468 2836 1540 virginitatis
2867 1466 3128 1531 Ollicium.
3156 1473 3417 1536 tanquam
3447 1479 3616 1534 parvo
3644 1478 3769 1517 cars

2184 1563 2271 1618 nis
2302 1562 2480 1618 solum
2520 1560 2879 1632 reprimenda:
2910 1567 3182 1631 praecepto
3222 1572 3281 1615 se
3315 1558 3555 1630 perfecte
3607 1568 3767 1628 agerc

2185 1656 2505 1710 arbitretur.
2545 1654 2654 1709 Sed
2695 1654 2954 1725 quoniam
3005 1652 3259 1723 quisquis
3292 1660 3576 1722 peccatum
3614 1648 3765 1714 lat-it,

2185 1761 2381 1803 servus
2404 1754 2489 1802 est
2530 1746 2810 1817 peccati‘;
2845 1747 2936 1800 illa
2970 1745 3025 1801 in
3055 1745 3203 1800 omni
3241 1759 3301 1800 re
3329 1744 3622 1814 studioque
3651 1756 3766 1814 pra-

492 1841 749 1913 καύματα
778 1841 865 1895 διὰ
892 1842 1001 1897 τῶν
1042 1842 1141 1913 τῆς
1174 1840 1451 1914 ἁμαρτίας
1488 1842 1713 1913 πληγῶν
1753 1843 2077 1915 ἐμποιοῦσα·

2185 1856 2249 1895 va
2316 1840 2383 1894 ad
2434 1840 2624 1894 vitium
2687 1838 2979 1909 propensio
3028 1837 3304 1893 hominem
3338 1837 3578 1907 quodam
3606 1837 3767 1890 modo

488 1934 634 1989 ὥστε
674 1934 767 1988 τὸν
804 1934 897 1988 τοῦ
934 1934 1174 2006 μεγάλου
1206 1932 1412 1989 σκοποῦ
1447 1932 1543 1989 τοῦ
1576 1936 1717 1990 κατὰ
1745 1936 1841 2008 τὴν
1875 1936 2084 2008 παρθε-

490 2027 611 2083 νίαν
638 2026 937 2099 ἁψάμενον,
960 2028 1018 2081 ἐν
1037 2028 1174 2081 πᾶσι
1194 2029 1493 2098 προσήκειν
1516 2024 1693 2099 ἑαυτῷ
1715 2024 1855 2082 εἶναι
1875 2030 2082 2101 ὅμοιον,

491 2121 587 2175 καὶ
619 2120 770 2193 πάσῃ
797 2122 865 2191 τῇ
893 2118 1006 2191 ζωῇ
1048 2120 1435 2190 συνεμςςαίνειν
1475 2120 1574 2192 τὴν
1608 2120 1978 2193 καθαρότητα.
2020 2125 2083 2177 Εἰ

489 2214 547 2267 δὲ
574 2211 680 2284 χρὴ
710 2212 804 2265 καὶ
844 2212 933 2266 διά
958 2228 1105 2275 τινος
1140 2211 1250 2265 τῶν
1284 2210 1660 2265 θεοπνεύστων
1715 2215 2084 2285 συνηγορῆσαι

489 2304 568 2375 τῷ
606 2305 768 2376 λόγῳ,
804 2304 968 2375 ἀρκεῖ
1008 2303 1147 2375 πρὸς
1196 2302 1296 2376 τὴν
1334 2306 1434 2375 τῆς
1480 2303 1741 2376 ἀληθείας
1795 2305 2083 2376 βεϐαίωσιν

490 2396 631 2468 αύτὴ
661 2399 696 2468 ὴ
744 2396 970 2468 ἀλήθεια
993 2435 1008 2460 ,
1042 2395 1131 2450 διὰ
1176 2396 1495 2469 παραϐολῆς
1530 2398 1626 2451 καὶ
1654 2397 1979 2469 αἰνίγματος
2025 2402 2083 2453 ὲν

489 2487 570 2558 τῷ
617 2486 935 2557 Εὖαγγελίῳ
964 2484 1025 2541 τὺ
1064 2486 1307 2540 τοιοῦτον
1349 2486 1483 2559 ἡμῖν
1516 2487 1894 2558 δογματίσασα
1913 2505 1926 2520 ο
1958 2490 2084 2552 τοὺς

491 2579 601 2649 γάρ
654 2579 928 2651 χρηστοὺς
976 2579 1070 2633 καὶ
1114 2578 1408 2650 ἐδωδίμους
1446 2578 1555 2633 τῶν
1594 2579 1794 2650 ίχθύων
1826 2573 1937 2634 ἀπὸ
1972 2580 2084 2634 τῶν

490 2671 746 2743 πονηρῶν
781 2689 843 2725 τε
874 2671 966 2725 καὶ
993 2670 1337 2743 δηλητηρίων
1369 2673 1403 2743 ἡ
1438 2671 1721 2745 ἀλιευτικὴ
1751 2672 1917 2745 τέχνη
1946 2674 2084 2729 άπο-

490 2765 734 2837 χωρίζει,
760 2765 837 2828 ὡς
861 2764 927 2819 ἂν
953 2765 1026 2836 μή
1053 2781 1195 2829 τινος
1220 2763 1328 2818 τῶν
1354 2765 1613 2819 ἐναντίων
1642 2766 2084 2832 συνεισπεσόντος

494 2860 606 2921 τοῖς
632 2856 897 2925 ἀγγείοις,
918 2857 1007 2909 καὶ
1032 2858 1065 2927 η
1085 2856 1191 2909 τῶν
1209 2856 1497 2928 χῃσίμων
1517 2856 1819 2921 ἀπόλαυσις
1845 2857 2079 2929 ἀχρειω-

492 2948 634 3018 θείη.
699 2947 869 3002 Τοῦτο
925 2947 1020 3002 καὶ⁵
1059 2947 1161 3018 τῆς
1213 2946 1473 3019 ἀληθινῆς
1531 2948 1885 3021 σωφροσύνης
1921 2950 2081 3022 ἔργον

494 3040 636 3105 ἐστὶ,
681 3038 744 3095 τὸ
776 3042 841 3095 ὲκ
873 3041 1092 3097 πάντων
1128 3039 1235 3095 τῶν
1265 3041 1715 3113 ἐπιτηδευμάτων
1741 3043 1803 3095 τὸ
1844 3043 2084 3114 καθαρόν

491 3148 550 3187 τε
576 3132 670 3185 καὶ
688 3130 964 3203 ὠφέλιμον
992 3130 1377 3203 ὲκλεγομένην,
1401 3132 1459 3185 ὲν
1477 3132 1638 3184 παντὶ
1657 3129 1718 3185 τὸ
1738 3132 2082 3204 άπεμφαῖνον

493 3225 873 3280 ἀποποιεῖσθαι
902 3221 978 3288 ὡς
1019 3223 1330 3295 ἄχρηστον,
1367 3222 1463 3276 καὶ
1490 3222 1774 3293 ὲναφιέναι
1815 3221 1975 3299 τοῦτο
2001 3223 2082 3295 τῷ

494 3317 659 3388 κοινῷ
692 3319 788 3371 καὶ
821 3315 1072 3387 κοτμικῷ
1104 3315 1228 3387 βίῳ,
1265 3315 1511 3389 θαλάσσῃ
1544 3315 1817 3387 τροπικῶς
1848 3316 1952 3370 ὑπὸ
1981 3317 2081 3389 τῆς

496 3410 810 3482 παραϐολῆς
834 3408 1210 3480 ὼνομασμένῳ
1229 3424 1243 3438 ·
1274 3408 1395 3462 ἐπεὶ
1427 3409 1522 3462 καὶ
1551 3408 1581 3460 6
1607 3407 1913 3479 Ψαλμῳδὸς
1937 3408 2083 3462 διδά-

496 3503 692 3557 σκαλον
719 3502 1157 3573 ὲξομολογήσεως
1203 3500 1260 3553 ἒν
1301 3518 1406 3553 τινι
1432 3499 1542 3552 τῶν
1568 3498 1674 3570 ψαλ
1682 3500 1797 3569 μῶν
1824 3502 1955 3571 ἡμῖν
1986 3501 2080 3569 ὐφ-

492 3594 817 3667 ηγούμενοςν
833 3594 924 3647 τὸν
950 3594 1181 3649 ἄστατον
1200 3592 1389 3646 τοῦτον
1415 3595 1509 3647 καὶ
1537 3593 1756 3664 ἐμπαθῆ
1787 3594 1881 3646 καὶ
1906 3610 2080 3664 ταρα-

494 3688 641 3762 χώδη
672 3688 808 3760 βίον,
840 3682 1008 3741 ὕδατα
1034 3685 1216 3757 ψυχῆς
1251 3686 1554 3757 ἁπτόμενα,
1588 3686 1685 3739 καὶ
1712 3685 1850 3757 βάθη
1883 3685 2081 3739 θαλάσ-

497 3796 596 3849 σης
626 3778 721 3832 καὶ
751 3776 1041 3846 καταιγίδα
1067 3774 1260 3829 καλεῖ·
1299 3778 1357 3829 ἐν
1439 3776 1588 3829 πᾶσα
1618 3775 1716 3845 μὲν
1738 3775 2079 3846 ἀποστατικὴ

496 3872 723 3933 διάνοια,
749 3868 871 3923 καθ’
902 3868 1198 3940 ὁμοιότητα
1220 3867 1329 3922 τῶν
1355 3867 1690 3937 Αἰγυπτίων,
1722 3865 1797 3931 ὡς
1829 3864 1971 3931 λίθος
2001 3871 2081 3932 είς

497 3963 587 4018 τὸν
611 3960 774 4033 βυθὸν
799 3959 1147 4015 καταδύεται.
1180 3962 1344 4014 Ὅσον
1366 3960 1421 4015 δὲ
1444 3959 1565 4031 Θεῷ
1592 3960 1745 4031 φίλον
1776 3960 1871 4013 καὶ
1898 3961 2082 4031 διορα-

495 4057 646 4111 τικδν
691 4056 788 4127 τῆς
828 4056 1086 4127 ἀληθείας
1122 4056 1307 4122 ἐστὶν,
1334 4057 1471 4127 ὅπερ
1528 4055 1742 4127 Ἰσραὴλ
1785 4055 1938 4127 παρὰ
1982 4056 2081 4126 τῆς

499 4154 738 4226 ἱστορίας
781 4152 1115 4223 ὠνόμασται,
1165 4150 1323 4204 τούτο
1374 4149 1533 4221 μόνον
1578 4148 1655 4214 t'u;
1693 4148 1863 4221 ξηρὰν
1910 4149 2080 4219 αὐτὴν

496 4244 850 4316 διεξέρχεται,
879 4242 1119 4315 οὐδαμοῦ
1147 4242 1247 4314 τῆς
1266 4242 1492 4315 πικρίας
1520 4241 1616 4296 καὶ¹
1640 4241 1740 4311 τῆς
1766 4240 1947 4312 ἅλμης
1970 4240 2081 4294 τῶν

499 4338 770 4409 βιωτικῶν
809 4338 1069 4408 κυμάτων
1111 4334 1619 4406 συνεφαπτόμενον·
1663 4333 1805 4389 οὕτω
1833 4333 2080 4397 τυπικῶς

498 4433 604 4486 ὑπὸ
632 4430 965 4502 καθηγεμόνι
992 4429 1071 4501 τῷ
1097 4429 1248 4500 νόμῳ
1266 4446 1279 4459 ·
1311 4427 1481 4491 τύπος
1509 4427 1566 4480 δὲ
1593 4422 1661 4497 ἦν
1693 4430 1722 4481 6
1752 4427 1958 4497 Μωσῆς
1984 4426 2079 4479 τοῦ

496 4528 684 4598 νόμου⁹
716 4527 810 4579 καὶ
834 4527 863 4579 6
903 4522 1120 4596 Ἰσραὴλ
1151 4523 1251 4595 τὴν
1278 4522 1552 4577 θάλασσαν
1574 4520 1895 4591 διεπέρασεν
1919 4520 2081 4591 άὸρο-
2115 4554 2162 4612 D

496 4635 610 4691 χος.
639 4618 736 4673 καὶ
761 4616 934 4688 τούτῳ
964 4613 1337 4686 συνδιαπερῶν
1367 4616 1396 4667 6
1424 4611 1720 4681 Αἰγύπτιος
1751 4611 2083 4681 ὑποϐρύχιος

496 4708 587 4783 ἦν,
616 4711 875 4781 ἑκάτερος
901 4709 1004 4764 ὑπὸ
1030 4709 1131 4779 τῆς
1163 4705 1561 4779 συμπαρούσης
1584 4703 1731 4775 αὑτῷ
1766 4703 2079 4766 διαθέσεως,

495 4806 526 4859 6
561 4804 661 4876 μὲν
688 4803 903 4873 κούφως
938 4800 1167 4867 διεξιὼν,
1208 4801 1238 4854 6
1266 4800 1323 4854 δὲ
1350 4800 1429 4862 είς
1461 4797 1623 4869 βυθὸν
1651 4795 2046 4866 καθελκὸμενος
2064 4810 2080 4825 ο

495 4896 698 4967 κοῦφον
728 4895 827 4968 μὶν
858 4894 966 4966 γάρ
1002 4912 1055 4947 τι
1093 4893 1189 4947 καὶ
1226 4892 1507 4964 ἀνωφερὲς
1541 4891 1775 4962 πρᾶγμα
1812 4890 1846 4961 ἡ
1887 4888 2079 4959 ἀρετή.

495 4989 702 5053 Πάντες
731 4987 842 5059 γάρ
871 4988 920 5040 οί
955 4985 1074 5040 κατ’
1108 4985 1289 5055 αὐτὴν
1308 4983 1508 5049 ζῶντες
1535 4983 1611 5047 ὡς
1635 4981 1855 5051 νεφέλαι
1889 4980 2081 5033 πέτον-

493 5095 606 5145 ται,
631 5080 773 5134 κατὰ
794 5079 887 5132 τὸν
930 5078 1177 5141 Ἡσαΐαν,
1213 5077 1307 5131 καὶ
1340 5073 1415 5139 ὡς
1449 5072 1771 5147 περιστεραὶΙ
1806 5072 1903 5125 σὺν
1927 5087 2082 5123 νεοσ-

496 5174 644 5237 σοῖς·
678 5172 818 5244 βαρὺ
853 5171 911 5225 δὲ
940 5172 976 5242 ἡ
1007 5169 1273 5241 ἁμαρτία,
1310 5167 1494 5232 καθώς
1522 5168 1656 5239 φησι
1684 5183 1768 5231 τις
1803 5166 1912 5219 τῶν
1944 5182 2082 5238 προσ

470 5308 473 5313 .
496 5265 706 5338 φητῶν,
732 5264 828 5318 ἐπὶ
848 5264 1111 5318 τάλαντον
1139 5262 1390 5335 μολίϐδου
1416 5260 1781 5331 καθεζομένη.
1809 5260 1871 5313 Εἰ
1894 5259 1952 5312 δέ
1974 5276 2082 5312 τινι

498 5357 832 5429 βεϐιασμένη
870 5357 965 5412 καὶ
996 5353 1436 5427 ἀπροσκόλλητος
1468 5355 1501 5425 ἠ
1546 5352 1771 5424 τοιαύτη
1806 5352 1907 5422 τῆς
1936 5352 2082 5404 ίστο-

497 5451 622 5520 ρίας
649 5448 845 5521 ἐκδοχὴ
868 5448 1156 5519 φαίνεται,
1182 5445 1279 5500 καὶ
1310 5445 1371 5497 ού
1402 5443 1618 5516 δέχεται
1648 5444 1785 5513 1:96.;
1814 5442 2081 5512 ὼςὲλειαν

494 5540 653 5612 ἡμῶν
670 5542 769 5611 τὴν
787 5540 876 5597 διὰ
900 5540 998 5604 τῆς
1027 5538 1296 5608 θαλάττης
1316 5535 1749 5608 θαυματοποιίαν
1771 5535 2083 5607 ἀναγεγρά-

568 5817 588 5851 ¹
619 5817 780 5875 Joan.
816 5820 1047 5878 vtn,5l.
1174 5820 1194 5850 ³
1238 5817 1428 5872 Matth.
1471 5830 1583 5880 xm,
1650 5810 1709 5866 Π
1750 5824 1869 5879 sqq.

824 5914 1088 5973 Ροιτιιοι..
1141 5910 1260 5972 Gtt.
1296 5909 1520 5969 XLYl.

2185 1930 2438 1987 servituti
2469 1930 2712 1998 subiicit,
2744 1931 2974 2001 vitiique
3005 1942 3191 1984 notam
3220 1929 3271 1983 ei
3312 1928 3502 1993 inurit,
3533 1942 3658 1981 cum
3688 1926 3769 1980 cie

2183 2022 2421 2077 catrict-s
2465 2030 2633 2092 atque
2672 2004 2980 2076 iniistiones
3021 2019 3231 2091 peccati
3286 2019 3461 2089 plagis
3493 2017 3570 2071 illi
3602 2016 3770 2071 Ol)th

2182 2125 2291 2168 cat.
2338 2111 2522 2178 Quare
2555 2113 2646 2184 qui
2677 2127 2953 2167 sunnnum
2980 2110 3087 2165 hoc
3138 2110 3404 2182 virginale
3450 2109 3767 2165 institutum

2184 2209 2406 2278 assequi
2464 2208 2603 2273 vult,
2638 2223 2762 2261 eum
2793 2215 2847 2261 et
2878 2207 3136 2263 omnibus
3192 2206 3249 2261 in
3301 2206 3468 2262 rebus
3498 2204 3584 2262 sui
3618 2206 3771 2263 simi‘

2185 2301 2288 2354 leni
2319 2316 2467 2364 esse,
2507 2309 2563 2355 et
2603 2314 2796 2370 puram
2840 2298 2897 2353 in
2937 2299 3087 2353 omni
3126 2298 3235 2353 vita
3273 2295 3640 2370 integritatem
3674 2316 3770 2354 ca-

2184 2393 2537 2463 stitatemque
2574 2409 2682 2462 pra'.
2717 2408 2775 2447 se.
2806 2390 2952 2447 ferre
2979 2400 3220 2464 Oportet.
3251 2392 3431 2464 Atque
3455 2393 3501 2450 si
3526 2409 3591 2447 ex
3620 2395 3767 2457 aliis.

2184 2503 2304 2556 qtne
2335 2500 2366 2539 a
2400 2486 2589 2540 divino
2629 2484 2838 2557 Spiritu
2878 2494 3031 2549 sunt,
3089 2486 3292 2543 litteris
3342 2487 3472 2542 huic
3527 2485 3769 2542 orationi

2189 2578 2561 2646 patrocinium
2588 2594 2837 2649 quazrere
2883 2587 3121 2648 Oportet,
3178 2578 3246 2634 ad
3291 2577 3539 2636 veritatis
3570 2580 3769 2635 continu

2183 2673 2485 2726 mationem
2551 2686 2647 2741 per
2698 2686 2761 2726 se
2814 2672 2951 2726 satis
2984 2680 3069 2725 est
3120 2670 3325 2726 veritas
3377 2671 3518 2742 ipsa,
3561 2687 3683 2743 qua:
3718 2674 3769 2726 in

2184 2761 2483 2835 Evangelio
2522 2763 2726 2833 aliquid
2761 2762 3074 2833 huiusmodi
3127 2778 3197 2820 ex
3242 2765 3499 2834 parabola
3535 2765 3769 2836 quadam

2185 2859 2345 2913 nobis
2377 2858 2655 2928 praecipit”
2684 2876 2697 2913 :
2723 2858 2963 2928 Optimos
2997 2866 3161 2927 atque
3189 2858 3309 2913 esui
3342 2868 3498 2927 aptos
3524 2857 3705 2928 pisces
3740 2876 3770 2910 κ

2185 2951 2350 3005 malis
2381 2966 2445 3005 ac
2471 2952 2758 3005 venenatis
2809 2966 2903 3005 ars
2938 2950 3192 3019 piscandi
3248 2952 3511 3012 secernit,
3565 2957 3626 3004 ut
3679 2967 3769 3012 ne,

2187 3059 2312 3097 cum
2345 3042 2592 3113 pestiferi
2641 3059 2707 3097 ex
2761 3042 2869 3097 illis
2922 3042 3091 3112 aliqui
3124 3042 3179 3097 in
3212 3044 3496 3098 vasculum
3535 3042 3772 3116 irrepse‘

2187 3134 2316 3197 rint,
2348 3136 2675 3204 optimorum
2701 3134 2935 3205 piscium
2968 3150 3099 3190 usus
3127 3135 3337 3190 inutilis
3360 3134 3475 3190 liat.
3503 3135 3618 3192 lloe
3645 3138 3770 3191 item

2188 3242 2330 3282 vera:
2359 3227 2735 3297 temperantia:
2768 3244 2968 3283 munus
3004 3235 3108 3292 est,
3160 3244 3228 3284 ex
3260 3229 3515 3287 omnibus
3548 3232 3771 3297 studiis,

2187 3318 2332 3390 quod
2368 3334 2566 3389 purum
2600 3319 2798 3374 utileve
2840 3326 2945 3385 est,
2993 3318 3045 3374 id
3094 3320 3334 3375 inomni
3389 3337 3450 3378 re
3498 3322 3770 3394 deligere;

2187 3410 2334 3480 quod
2365 3426 2495 3465 vero
2518 3411 2817 3466 obscurum
2852 3418 2937 3466 est
2968 3427 3035 3465 an
3066 3413 3342 3482 expediat,
3371 3412 3478 3469 hoc
3513 3423 3771 3485 tanquam

2188 3500 2385 3557 inutile
2414 3502 2666 3572 rejicere,
2705 3502 2951 3572 illudque
2977 3505 3256 3559 communi
3285 3512 3339 3558 et
3370 3506 3661 3561 mundana:
3690 3510 3736 3560 vi
3755 3540 3772 3550 .

2188 3600 2259 3647 ta:
2308 3594 2646 3664 relinquere,
2687 3608 2812 3664 qua:
2859 3610 3012 3651 tnare
3059 3595 3337 3666 quoddam
3365 3604 3451 3653 est
3481 3600 3773 3668 parabolas

2188 3701 2311 3741 rum
2378 3688 2545 3743 modo
2604 3686 2901 3757 appellata,
2966 3688 3411 3760 quandoquidem
3450 3688 3774 3749 Psalmistes

2188 3779 2356 3833 etiam
2415 3777 2630 3849 psalmo
2677 3778 2919 3849 quodam
2950 3779 3111 3835 nobis
3158 3781 3532 3837 confessionis
3565 3783 3774 3839 doctriA

2187 3888 2315 3927 nam
2342 3888 2469 3927 cum
2500 3882 2760 3943 exponat,
2795 3873 3057 3928 caducam
3090 3873 3253 3940 hanc,
3292 3884 3348 3931 et
3392 3876 3774 3935 aﬂ'ectionibus

2186 3965 2522 4035 expositam,
2554 3963 3044 4035 turbulentamque
3090 3966 3281 4032 vitam,
3316 3982 3488 4036 aquas
3531 3971 3770 4023 aniutam

2188 4056 2543 4127 attingentes,
2589 4063 2646 4111 et
2688 4056 3021 4125 profundum
3054 4057 3247 4120 maris,
3286 4065 3342 4111 ct
3376 4059 3645 4128 procellas
3674 4076 3773 4131 apo

2188 4149 2385 4221 pellat'
2416 4168 2431 4204 :
2460 4148 2514 4202 in
2547 4164 2656 4219 qua
2695 4162 2830 4203 sane
2857 4149 2967 4202 vita
2997 4148 3179 4203 omnis
3212 4164 3467 4218 perversa
3506 4167 3662 4207 mens
3703 4152 3771 4207 ad

2188 4241 2574 4314 Egyptiorum
2616 4241 3057 4305 similitudinem,
3084 4241 3245 4312 quasi
3281 4242 3421 4313 lapis
3452 4243 3652 4315 aliquis
3674 4247 3772 4300 de-

2152 4402 2161 4410 .
2189 4336 2478 4406 mergitur.
2505 4333 2662 4399 Quod
2690 4348 2820 4388 vero
2840 4340 2927 4389 est
2950 4331 3061 4389 Deo
3096 4345 3338 4404 gratum,
3373 4341 3435 4388 et
3467 4334 3535 4389 ad
3567 4338 3769 4391 verita-

2187 4436 2296 4480 tem
2327 4423 2761 4495 perspiciendam
2808 4423 2917 4478 vim
2969 4421 3175 4487 habet,
3210 4421 3360 4492 quod
3411 4420 3633 4479 lsraelis
3671 4440 3770 4479 no-

2189 4514 2335 4569 mine
2361 4518 2446 4569 est
2472 4514 2543 4569 ab
2574 4512 2807 4568 historia
2836 4513 3194 4583 appellatum,
3228 4512 3333 4569 hoc
3361 4513 3563 4581 solum,
3610 4516 3769 4585 quasi

2187 4608 2479 4663 exsiccatis
2510 4606 2695 4675 aquis.
2729 4620 2881 4661 mare
2928 4605 3150 4673 transit,
3183 4622 3311 4661 cum
3350 4608 3558 4661 nullatn
3585 4624 3767 4664 rerum

2189 4700 2554 4753 humanarum
2607 4698 2985 4763 acerbitatem,
3044 4697 3204 4767 quasi
3255 4698 3614 4767 salsuginem,
3653 4700 3771 4770 lege

2186 4789 2326 4845 duce
2356 4792 2624 4861 attingat‘
2654 4808 2667 4843 :
2694 4790 3042 4844 adumbratio
3075 4790 3220 4844 enim
3258 4789 3393 4861 legis
3420 4789 3598 4847 Moses
3628 4804 3768 4847 erat.

2185 4883 2367 4953 Atque
2392 4884 2628 4953 populus
2678 4881 2902 4953 quidem
2938 4880 3276 4936 lsraeliticus
3301 4896 3453 4936 mare
3478 4882 3770 4938 exsiccatis

2188 4978 2349 5047 aquis
2394 4975 2681 5037 transivit,
2737 4972 2981 5045 Egyptii
3029 4989 3161 5028 vero
3214 4989 3341 5028 cum
3397 4975 3533 5029 illud
3589 4976 3767 5046 ipsum

2191 5070 2513 5133 transirent,
2542 5082 2737 5122 omnes
2772 5066 3065 5122 summersi
3092 5074 3224 5121 sunt
3258 5083 3272 5120 :
3302 5067 3497 5121 horum
3541 5076 3771 5138 uterque

2192 5163 2451 5234 populus,
2508 5176 2608 5214 sua
2661 5158 2899 5228 quisque
2942 5157 3233 5214 all‘ectione
3282 5157 3607 5233 ducebatur.
3674 5160 3772 5216 llic

2191 5256 2413 5326 qnidetn
2470 5252 2633 5307 facile
2670 5260 2726 5307 ct
2758 5250 3016 5305 celeriter
3075 5265 3230 5307 mare
3285 5251 3645 5317 transmittit,
3683 5254 3773 5308 ille

2190 5348 2351 5419 aquis
2375 5346 2500 5402 itnis
2530 5345 2867 5415 demergitur
2906 5362 2920 5398 :
2961 5343 3108 5398 celer
3138 5344 3286 5399 enim
3320 5351 3483 5414 atque
3520 5346 3768 5417 expedita

2192 5441 2376 5510 aliqua
2410 5452 2501 5492 res
2531 5452 2655 5507 quae
2684 5435 2738 5489 in
2765 5433 3006 5489 sublime
3027 5432 3222 5495 fertur,
3258 5433 3434 5488 virtus
3458 5441 3565 5501 est,
3594 5450 3771 5504 quan-

2190 5529 2489 5601 doquidetn
2513 5543 2728 5593 omnes,
2772 5525 2867 5597 qui
2915 5525 3104 5581 virtuti
3150 5534 3522 5598 congruenter
3557 5525 3775 5593 vivunt,

1948 5810 1969 5836 ⁸
1998 5803 2144 5860 Psal.
2168 5818 2359 5869 vatn,
2397 5803 2484 5859 l6.
2560 5802 2582 5836 δ
2620 5802 2791 5859 Exod.
2815 5797 3004 5867 xrv,2|
3044 5816 3167 5871 sqq.

3376 5889 3449 5951 l3
