4124 6352
415 340 522 396 ’5θῖ

1661 332 1718 389 S.
1760 331 2089 390 GBECOR“
2127 328 2422 389 NYSSENI

3593 337 3700 394 590

414 448 572 521 quasi
617 447 830 503 nebulae
870 446 1080 515 volant,
1122 448 1278 517 juxta
1320 444 1574 511 Isaiam“,
1623 454 1678 502 et
1715 445 1873 517 quasi
1904 461 1996 501 co-

2101 445 2264 516 φθαι,
2304 446 2592 502 ἀκουσάτω
2632 446 2726 503 τοῦ
2769 449 3092 505 Ἀποστόλου
3111 465 3128 481 ·
3170 451 3254 506 δτι
3306 451 3537 519 ἐκείνοις
3574 466 3704 507 συν-

416 542 615 597 lumba:
650 556 774 595 cum
825 541 991 610 pullis
1025 560 1038 595 :
1072 548 1358 612 peccatum
1405 554 1536 594 vero
1583 553 1749 610 grave
1797 547 1906 601 est,
1936 549 1991 591 et

2100 537 2284 592 έϐαινε
2307 538 2407 611 μὲν
2429 539 2694 606 τυπικῶς,
2727 540 2944 613 ἐγράφη
2970 542 3026 596 δὲ
3056 542 3193 615 πρὸς
3216 543 3500 619 νουθεσίαν
3519 542 3700 616 ἡμῶν.

416 644 477 693 ut
504 653 646 693 unus
670 653 734 690 ex
765 637 1048 707 prophetis
1079 635 1178 701 ait,
1236 633 1445 705 plumbi
1494 634 1708 688 talento
1734 633 1997 689 insidet‘.
2044 631 2151 688 Sed
2220 634 2266 689 si
2327 634 2567 705 cuipiam
2612 634 2852 692 difficilis
2903 636 3018 692 haec
3089 637 3340 694 historiae
3381 636 3702 709 explicatio,

416 745 470 792 et
505 733 660 805 quasi
688 735 737 788 vi
776 735 1011 805 quadam
1088 733 1148 791 ad
1203 732 1257 788 id
1301 732 1572 788 sententia
1614 730 1854 786 adducta
1918 731 2134 785 videtur
2174 747 2352 802 neque
2401 732 2547 803 quod
2598 733 2654 788 in
2708 735 2881 789 maris
2952 734 3044 788 illa
3121 733 3544 790 transmissione
3588 730 3704 786 fac-

416 847 530 894 tum
553 839 639 886 est
669 829 1016 894 miraculum,
1048 828 1100 883 id
1138 829 1205 883 ad
1251 828 1543 882 utilitatem
1572 834 1815 882 nostram
1853 826 2052 881 litteris
2082 827 2466 897 consignatum
2521 842 2646 883 esse
2701 836 2877 898 putat,
2945 828 3265 898 Apostolum
3311 826 3402 881 hic
3456 826 3512 881 in
3563 838 3703 880 con-

367 989 374 999 .
417 920 600 974 silium
673 916 927 973 adhibeat
979 935 993 972 :

415 1026 588 1071 stram
622 1013 1024 1069 institutionem
1058 1011 1435 1077 conscriptum
1462 1008 1604 1064 est'.

984 1101 1213 1158 CAPUT
1264 1100 1408 1155 XlX.

305 1284 313 1291 ‘
415 1215 864 1291 Mentio_l{aria:
914 1214 1160 1291 ᾼαιίοηῑξΔ
1198 1212 1424 1291 __soror_is
1474 1210 1833 1291 qua_si_ejus,
1885 1226 2003 1281 qtae

624 1288 780 1357 hujus
818 1285 1037 1358 perfecti
1076 1284 1230 1355 olﬁcii
1276 1283 1537 1338 rationem
1577 1282 1786 1336 inierit.

484 1402 656 1456 Nobis
701 1416 848 1464 vero,
907 1412 964 1455 ut
1005 1401 1120 1454 haec
1164 1398 1281 1469 ipsa
1340 1402 1875 1459 eoinuientaremur,
1905 1409 2001 1450 oe-

412 1497 690 1551 casiouem
727 1495 878 1550 dedit
913 1493 1264 1565 prephetissa
1316 1492 1485 1546 Maria
1508 1534 1523 1558 ,
1554 1505 1675 1562 quae
1722 1490 2001 1545 exsiccata

413 1588 551 1642 mari
585 1587 1043 1657 transmissaque,
1103 1586 1392 1639 mulierum
1449 1583 1620 1637 choro
1650 1583 1998 1652 stipataeum

413 1689 581 1746 esset,
641 1695 846 1737 canoro
879 1689 1139 1753 tympano
1211 1677 1533 1749 prmeinit':
1572 1674 1810 1730 fortasse
1853 1674 1999 1730 enim

412 1777 506 1830 illa
563 1773 809 1830 historiae
837 1772 1287 1827 commemoratio
1343 1779 1605 1841 tympano
1638 1767 1802 1822 tacite
1829 1765 2002 1837 signi-

416 1868 581 1922 ficare
621 1865 838 1920 videtur
888 1864 1281 1935 virginitatem,
1317 1878 1440 1933 qua:
1489 1861 1726 1933 primum
1768 1876 1798 1915 a
1830 1859 1997 1915 Maria

1062 916 1209 987 quod
1251 916 1397 971 enim
1441 916 1552 970 illis
1575 915 1778 982 evenit,
1835 921 1890 970 et
1955 914 2429 972 adumbrationem
2482 925 2687 972 nostra:
2739 917 3047 988 disciplima
3101 917 3317 986 habuit,
3379 926 3433 974 et
3489 915 3556 971 ad
3597 927 3700 970 no-

2704 1095 2934 1150 ΚΕΦΑΛ
2947 1137 2961 1152 .
3000 1096 3104 1151 ΙΘ’.

2104 1208 2327 1279 Μνήμη
2356 1209 2587 1278 Μαρίας
2617 1208 2729 1287 τῆς
2760 1209 3036 1287 ἀδεέιφῆς
3069 1209 3306 1287 Ἀαρὼν.
3331 1211 3412 1279 ὡς
3441 1212 3697 1287 ἀρξαμέ·

2388 1297 2501 1348 νης
2531 1281 2749 1334 τούτου
2790 1281 2898 1335 τοῦ
2918 1279 3411 1352 κατορθώματος.

2191 1392 2351 1462 Ἦμῖν
2377 1391 2434 1446 δὲ
2463 1392 2646 1446 δίδωσι
2670 1393 2740 1447 τὰ
2771 1390 2996 1448 τοιαῦτα
3024 1394 3273 1448 ὑπονοεῖν
3297 1394 3394 1450 καὶ
3420 1397 3454 1469 ἡ
3484 1397 3699 1469 προφῆ-

2102 1502 2185 1548 τις
2217 1486 2482 1557 Μαριὰμ,
2523 1484 2727 1549 εὐθέως
2764 1485 2905 1557 μετὰ
2934 1486 3037 1558 τὴν
3077 1485 3352 1541 θάλασσαν
3392 1486 3554 1561 ξηρὸν
3603 1491 3698 1543 καὶ

2103 1574 2298 1647 εῠηχον
2335 1573 2826 1648 μεταχειριζομένη
2850 1575 2912 1629 τὸ
2935 1575 3240 1646 τύμπανον,
3272 1576 3371 1631 καὶ
3396 1577 3492 1631 τοῦ
3531 1579 3695 1651 χοροῦ

2102 1666 2210 1721 τῶν
2256 1660 2534 1736 γυναικῶν
2566 1666 3071 1740 προπομπεύουσα’
3113 1670 3259 1740 τάχα
3301 1670 3410 1742 γὰρ
3458 1669 3549 1724 διὰ
3597 1669 3700 1725 τοῦ

2101 1757 2389 1828 τυμπάνου
2434 1756 2536 1829 τὴν
2562 1756 2861 1827 παρθενίαν
2893 1756 3070 1811 ἔοικεν
3093 1759 3122 1811 6
3149 1756 3305 1828 λόγος
3333 1758 3694 1829 αἰνίττεσθαι,

2103 1846 2210 1900 ὑπὸ
2236 1846 2338 1917 τῆς
2370 1847 2590 1919 Μαρίας
2617 1845 2844 1918 πρώτης
2867 1847 3329 1918 κατορθωθεῖσαν,
3352 1848 3422 1903 δι’
3445 1845 3515 1923 ἧς
3539 1845 3694 1917 οἶμαι

414 1961 630 2017 exculta
678 1967 798 2021 est,
834 1974 929 2029 per
983 1972 1145 2027 quam
1188 1955 1516 2012 crediderim
1551 1954 1642 2010 Dei
1677 1954 1994 2025 genitricem

2104 1940 2198 1994 καί
2228 1940 2330 2011 τὴν
2372 1939 2623 1994 θεοτόκον
2662 1940 3164 2012 προδιατυποῦσθαι
3193 1941 3437 2014 Μαρίαν.
3470 1921 3694 2016 -Ὧσπερ

418 2050 639 2106 Mariam
671 2049 1078 2121 prmsignatam.
1114 2045 1248 2099 Nam
1295 2052 1617 2116 tympanum
1657 2044 1806 2100 omni
1838 2058 1995 2114 aqua:

417 2147 648 2198 humore
708 2149 1045 2212 purgatum,
1097 2137 1456 2209 aridumque,
1511 2152 1766 2205 magnum
1801 2151 1996 2191 sonum

415 2231 612 2287 emittit
642 2248 655 2285 :
689 2230 764 2284 ita
799 2228 1083 2299 virginitas
1114 2243 1238 2283 cum
1290 2228 1498 2282 nullum
1539 2226 1703 2297 hujus
1736 2227 1859 2280 vine
1905 2225 2001 2278 hu-

418 2339 624 2380 morem
660 2322 716 2377 in
756 2338 816 2378 se
865 2321 1108 2392 colligat.
1145 2320 1294 2374 clara
1324 2329 1380 2374 et
1414 2319 1645 2375 illustris
1675 2318 1911 2374 exsistit.
1939 2316 1996 2372 Si

421 2420 601 2487 itaque
648 2422 925 2470 mortuum
961 2413 1179 2483 quidem
1239 2428 1442 2484 corpus
1494 2411 1625 2468 illud
1681 2423 1997 2485 tympanum

417 2506 541 2567 fuit,
580 2504 727 2576 quod
760 2503 1014 2558 manibus
1064 2502 1230 2556 Maria
1285 2502 1595 2569 tractabat,
1642 2503 2000 2573 corporisque

416 2597 704 2653 affectuum
738 2597 991 2651 interitus
1033 2594 1251 2665 quidem
1288 2592 1575 2665 virginitas
1605 2602 1687 2650 est
1717 2611 1731 2649 :
1770 2593 2001 2649 fortasse

414 2689 631 2761 signum
669 2690 770 2743 hoc
807 2701 925 2761 neq
949 2685 1101 2740 valde
1130 2693 1402 2741 remotum
1431 2693 1538 2751 est,
1596 2685 1997 2756 prephetissam

416 2758 562 2836 hanc
596 2778 864 2850 virginem
894 2758 1038 2834 esse.
1091 2774 1198 2832 Sed
1229 2777 1343 2832 haec
1386 2791 1489 2833 nos
1537 2777 1757 2848 quidem
1789 2777 2002 2847 conjec-

418 2872 559 2928 turis
593 2869 920 2941 quihusdam
976 2876 1029 2924 et
1082 2869 1435 2938 opinionibus
1466 2908 1482 2933 ,
1548 2883 1659 2925 non
1711 2875 1861 2925 certa
1899 2869 1998 2924 de-

418 2962 811 3019 monstratione
866 2963 941 3016 ita
993 2976 1117 3017 esse
1184 2961 1535 3031 putavimus,
1597 2960 1998 3032 prophetissam

420 3050 643 3107 Mariam
676 3051 949 3121 virginum
980 3050 1147 3106 coetui
1200 3050 1521 3121 praefuisse,
1559 3051 1685 3105 licet
1717 3050 1820 3106 vlri
1852 3050 1999 3106 docti

417 3140 575 3196 multi
615 3154 736 3196 eam
795 3138 1049 3196 caalibem
1105 3137 1277 3195 fuisse
1312 3149 1496 3210 aperte
1538 3139 1996 3209 pronuntiarint,

415 3232 672 3302 quoniam
741 3230 797 3287 in
860 3231 1028 3287 nullis
1080 3231 1435 3286 historiarum
1501 3231 1874 3286 monumentis
1930 3230 2069 3329 dec

416 3322 538 3393 ejus
569 3321 944 3387 matrimonio,
977 3328 1073 3376 aut
1118 3321 1412 3377 liberorum
1467 3321 1849 3392 procreatione
1882 3337 1998 3378 me-

419 3415 607 3471 moriae
665 3413 945 3485 proditum
1020 3420 1127 3468 est.
1173 3413 1390 3483 Alioqui
1442 3427 1552 3468 non
1585 3427 1618 3468 a
1665 3412 1834 3469 fratre
1880 3414 1999 3480 ejus

415 3506 650 3568 Aarone,
683 3502 777 3561 sed
816 3516 848 3557 a
880 3502 1021 3567 viro,
1062 3502 1110 3557 si
1149 3501 1454 3565 habuisset,
1496 3500 1774 3558 nominata
1808 3510 1997 3558 esset:

414 3598 543 3668 quia
574 3612 682 3652 non
729 3596 921 3664 frater,
968 3594 1066 3652 sed
1097 3595 1183 3650 vir
1228 3595 1417 3679 uxoris
1448 3605 1615 3667 caput
1659 3595 1996 3651 nominatur.

414 3693 486 3745 At
533 3703 663 3746 vero
700 3688 746 3744 si
781 3703 812 3742 a
870 3687 1073 3758 quibus
1102 3686 1160 3742 in
1217 3684 1619 3743 benedictionis
1652 3696 1807 3758 parte
1862 3688 2001 3743 libe-

415 3797 603 3837 rorum
642 3779 954 3851 procreatio
978 3778 1340 3850 expetebatur
1369 3818 1384 3843 ,
1431 3778 1500 3835 iis
1552 3778 1720 3835 etiam
1756 3779 1998 3849 legitima

417 3873 520 3928 fuit
558 3880 613 3929 et
661 3872 892 3926 honesta
937 3870 1272 3943 virginitatis
1306 3871 1524 3941 gratia;
1567 3873 1843 3943 quomodo
1871 3886 1994 3936 nos.

415 3963 507 4034 qui
559 3961 860 4019 secundum
907 3975 1129 4018 carnem
1159 3961 1373 4018 divinas
1408 3962 1818 4020 benedictiones
1887 3980 1996 4019 non

414 4055 818 4120 exaudivimus,
860 4069 988 4124 erga
1020 4054 1169 4111 illam
1220 4054 1447 4113 affectos
1501 4071 1627 4114 esse
1677 4056 1877 4114 decet?
1906 4056 2000 4112 Di-

413 4149 560 4221 vinis
627 4149 772 4204 enim
829 4147 1180 4204 sermonibus
1235 4155 1486 4219 apertum
1544 4156 1601 4205 et
1662 4149 1997 4220 patefactum

412 4249 520 4304 est,
577 4241 799 4311 quando
849 4252 903 4297 et
940 4243 1231 4312 concipere
1278 4249 1332 4296 et
1380 4256 1576 4312 parere
1627 4242 1870 4299 salutare
1901 4242 1996 4302 sit,

414 4334 629 4404 quodve
657 4335 839 4389 multae
874 4336 1044 4403 prolis
1074 4350 1246 4406 genus
1279 4349 1308 4388 a
1340 4334 1709 4391 sanctissimis
1742 4333 1834 4390 Dei
1862 4335 1997 4399 viris

413 4433 781 4495 expeteretur.
836 4424 971 4480 Nam
1017 4434 1072 4482 et
1108 4427 1373 4498 propheta
1421 4427 1624 4492 Isaias,
1672 4435 1729 4483 et
1778 4428 1997 4484 divinus

413 4517 712 4587 Apostolus
739 4517 854 4572 haec
893 4517 1010 4586 ipsa
1060 4526 1247 4587 aperte
1303 4518 1687 4588 sapienterque
1718 4519 1997 4590 signiﬁca-

2099 2033 2208 2104 γάρ
2251 2032 2311 2086 τὸ
2366 2032 2650 2104 τύμπανον
2711 2032 2884 2086 πολὺν
2936 2031 3030 2086 τὸν
3082 2028 3218 2104 ἦχον
3267 2032 3462 2105 ἀφίησι
3512 2034 3696 2107 πάσης

2104 2124 2326 2195 ἰκμάδος
2348 2124 2779 2197 κεχωρισμένον,
2821 2125 2915 2179 καὶ
2957 2124 3123 2197 ξηρὸν
3150 2126 3231 2190 εἰς
3254 2126 3425 2199 ἄκρον
3466 2129 3695 2201 γενόμε-

2098 2231 2187 2267 νον
2210 2231 2223 2246 ·
2261 2211 2404 2267 οὕτω
2428 2215 2523 2268 καὶ
2551 2216 2583 2285 ἡ
2618 2214 2881 2286 παρθενία
2906 2213 3138 2289 λαμπρά
3167 2234 3229 2271 τε
3253 2219 3349 2273 καὶ
3370 2221 3696 2293 περιϐόητος

2099 2304 2327 2373 γίνεται,
2361 2304 2528 2377 μηδὲν
2568 2308 2627 2361 ὲν
2673 2308 2842 2379 ἑαυτῇ
2880 2307 2980 2379 τῆς
3015 2306 3256 2381 ζωτικῆς
3291 2311 3520 2383 ἰκμάδος
3550 2314 3696 2368 κατὰ

2095 2392 2188 2446 τὸν
2240 2391 2353 2464 βίον
2393 2393 2585 2447 τοῦτον
2635 2394 3067 2468 προσδεχομένη.
3116 2399 3180 2452 Εἰ
3222 2394 3318 2453 οὗν
3350 2401 3544 2474 νεκρδν
3593 2404 3694 2476 μὲν

2099 2486 2260 2557 σῶμα
2294 2484 2357 2540 τὺ
2391 2485 2710 2559 τύμπανον,
2753 2488 2891 2561 ὅπερ
2942 2492 2977 2563 ἡ
3018 2491 3207 2563 Μαρία
3250 2495 3652 2568 μετεχειρίζετο
3676 2515 3692 2532 ο

2097 2579 2363 2651 νέκρωσις
2389 2579 2446 2633 δὲ
2478 2579 2729 2651 σώματος
2758 2583 2792 2653 ἡ
2824 2583 3094 2655 παρθενία
3119 2585 3235 2640 ἐστί
3255 2603 3269 2618 ο
3298 2587 3440 2659 τάχα
3464 2590 3527 2644 οὐ
3557 2588 3692 2646 πολὺ

2097 2672 2190 2726 τοῦ
2244 2673 2455 2739 εἰκότος
2511 2674 2574 2727 τὸ
2619 2674 2887 2746 παρθένον
2929 2671 3071 2732 εἰναι
3123 2679 3225 2752 τὴν
3271 2681 3693 2753 προφῆτινάπ-

2098 2764 2454 2836 εσχοίνισται.
2516 2766 2679 2821 Ἀλλὰ
2725 2767 2899 2822 ταῦτα
2944 2769 3043 2840 μὲν
3092 2776 3420 2844 ποχασμοῖς
3460 2791 3570 2829 τισι
3598 2776 3696 2831 καὶ

2105 2855 2402 2923 ὑπονοίαις,
2431 2857 2533 2911 οὐκ
2571 2860 2637 2912 ὲκ
2676 2861 2917 2932 φανερᾶς
2955 2862 3287 2929 ἀποδείξεως
3319 2864 3495 2932 οὕτως
3549 2867 3695 2940 ἔχειν

2098 2947 2506 3021 ὐπενοήσαμεν,
2543 2951 2603 3005 τὸ
2639 2951 2738 3023 τὴν
2787 2953 3060 3025 προφῆτιν
3100 2957 3323 3029 Μαρίαν
3381 2959 3471 3014 τοῦ
3527 2961 3694 3035 χοροῦ

2097 3040 2205 3095 τῶν
2254 3041 2543 3113 παρθένων
2581 3045 2929 3116 ἡγήσασθαι·
2967 3049 3017 3101 εί
3074 3048 3170 3103 καὶ
3208 3050 3392 3106 πολλοὶ
3447 3051 3556 3107 τῶν
3594 3054 3695 3107 ὲπσ

2096 3133 2454 3203 εσκεμμένων
2480 3133 2694 3208 ἄγαμον
2720 3137 2890 3210 αὐτὴν
2916 3138 3103 3210 σαφῶς
3124 3141 3493 3215 ἀπεφήναντο,
3514 3145 3579 3199 ἐκ
3594 3145 3692 3201 τοῦ

2106 3223 2357 3296 μηδαμοῦ
2389 3226 2490 3298 τῆς
2525 3228 2766 3302 ἱστορίας
2807 3231 2988 3303 γάμον
3021 3233 3117 3287 καί
3147 3236 3492 3292 παιδοποιίαν
3520 3238 3694 3308 αὐτῆς

2105 3314 2496 3386 μνημονεῦσαι.
2527 3312 2607 3371 Ἦ
2636 3318 2746 3390 γάρ
2779 3319 2847 3374 ἂν
2891 3322 2994 3376 οὐκ
3032 3323 3097 3377 ὲκ
3134 3323 3230 3378 τοῦ
3260 3325 3490 3398 ἀδελφοῦ
3522 3329 3693 3401 αὐτῆς

2115 3405 2344 3478 ’Δαρὼν,
2354 3406 2475 3461 ἀλλ’
2488 3410 2553 3462 ὲκ
2569 3409 2666 3463 τοῦ
2681 3410 2893 3483 ἀνδρὸς,
2913 3412 3073 3487 εἰπερ
3087 3410 3177 3489 ἦν,
3191 3416 3508 3489 ὠνομάζετὸ
3521 3437 3581 3474 τε
3596 3422 3694 3476 καὶ

2101 3498 2455 3572 ὲγνωρίζετο’
2496 3501 2685 3576 ἐπειδὴ
2719 3505 2928 3578 κεφαλὴ
2956 3508 3242 3576 γυκαικδς,
3265 3511 3364 3582 οὐχ
3390 3513 3420 3565 6
3440 3512 3689 3582 ἀδελφὸς,

2101 3590 2216 3645 ἀλλ’
2245 3593 2274 3645 6
2298 3591 2437 3665 ἀνὴρ
2465 3594 2921 3668 προσηγόρευται.
2949 3598 3145 3653 Καίτοι
3177 3602 3310 3673 παρ’
3339 3596 3421 3667 οἷς
3446 3605 3505 3657 ἐν
3538 3604 3689 3659 εὐλο-

2100 3685 2226 3754 γίας
2275 3687 2431 3758 μέρει
2459 3687 2520 3741 τὸ
2554 3687 2885 3742 παιδοποιεῖν
2924 3692 3288 3759 ἐσπουδάζετο
3334 3695 3429 3750 καὶ
3460 3696 3691 3768 νόμιμον

2099 3770 2188 3846 ἦν,
2219 3777 2268 3830 εἰ
2297 3777 2490 3848 φανείη
2516 3777 2697 3850 τίμιον
2722 3778 2783 3832 τὸ
2808 3780 2910 3850 τῆς
2941 3781 3240 3853 παρθενίας
3267 3785 3531 3857 χάρισμα,
3571 3787 3692 3852 πῶς

2101 3869 2251 3939 ἡμᾶς
2278 3870 2542 3941 προσήκει
2574 3871 2670 3925 καὶ
2699 3871 2827 3943 περί
2863 3872 3070 3945 ταύτην
3103 3874 3248 3945 ἔχειν
3282 3876 3410 3942 τοὺς
3438 3877 3514 3950 μὴ
3547 3879 3691 3933 κατὰ

2102 3960 2283 4032 σάρκα
2319 3961 2428 4015 τῶν
2477 3961 2636 4016 θείων
2685 3962 2948 4033 εύλογιῶν
3000 3965 3392 4034 ἐξακούονταςς
3451 3969 3689 4026 Ἀπεκα-

2100 4051 2277 4124 λύφθη
2309 4052 2419 4123 γάρ
2450 4053 2539 4108 διὰ
2563 4052 2671 4107 τῶν
2705 4053 2866 4108 θείων
2894 4053 3091 4125 λογίων
3124 4057 3277 4121 πότε,
3306 4058 3369 4113 τὸ
3394 4062 3686 4132 κυοφορείν

2098 4163 2159 4200 τε
2206 4147 2302 4201 καὶ
2346 4146 2554 4199 τίκτειν
2603 4146 2809 4217 ἀγαθόν
2855 4148 3008 4214 ἐστι,
3052 4150 3149 4203 καὶ
3197 4152 3349 4205 ποῖον
3399 4147 3540 4217 εἶδος
3589 4154 3690 4226 τῆς

2100 4239 2457 4302 πολυτεκνίας
2486 4238 2637 4310 παρὰ
2665 4241 2780 4304 τοῖς
2820 4241 2999 4310 ἁγίοις
3021 4242 3115 4296 τοῦ
3139 4241 3276 4298 θεοῦ
3304 4245 3686 4310 ἐσπουδάζετο.

2100 4330 2170 4383 "0
2187 4347 2244 4384 τε
2276 4330 2386 4401 γὰρ
2413 4332 2702 4403 προφήτης
2730 4331 2983 4400 Ἡσαΐας,
3011 4335 3106 4388 καὶ
3132 4336 3162 4389 ό
3187 4333 3330 4401 θεῖος
3367 4336 3689 4403 ’Δπόστολος

2100 4423 2344 4497 ἐναργῶς
2372 4423 2546 4480 ταῦτα
2573 4426 2669 4480 καὶ
2690 4424 2872 4497 σοφῶς
2905 4427 3242 4499 διεσήμαναν
3259 4444 3275 4459 ο
3300 4430 3331 4483 6
3361 4430 3462 4501 μὲν
3488 4430 3689 4501 λέγων’

2104 4535 2123 4567 ι
2167 4517 2297 4570 ’Δπὸ
2322 4517 2415 4571 τοῦ
2448 4517 2615 4588 φόϐου
2644 4535 2762 4584 σου,
2787 4519 2982 4593 Κύριε,
3009 4523 3066 4576 ὲν
3092 4524 3291 4595 γαστρί
3320 4522 3586 4595 ἐλάϐομεν
3611 4539 3626 4556 ·
3660 4541 3682 4575 ι

414 4614 584 4663 runt:
620 4622 764 4661 unus
812 4607 1033 4677 quidem
1084 4607 1170 4663 his
1219 4608 1441 4662 verbis:
1480 4626 1500 4661 ι
1540 4607 1586 4663 Α
1631 4608 1829 4665 timore
1861 4617 1993 4676 tuo,

2103 4609 2132 4661 6
2182 4608 2238 4662 δὲ
2286 4608 2640 4682 καυχώμενος
2688 4611 2783 4665 ἐπὶ
2831 4613 2912 4684 τῷ
2962 4613 3184 4669 πάντων
3220 4614 3476 4684 γενέσθαι
3521 4614 3689 4670 πολυ-

415 4698 666 4764 Domine,
719 4698 775 4752 in
807 4706 963 4753 utero
993 4697 1339 4768 accepimus,
1392 4707 1446 4754 et
1479 4700 1905 4770 parturivimus,
1942 4709 1997 4757 et

414 4789 846 4862 peperimus'n
890 4790 1027 4844 alter
1069 4804 1199 4845 vero
1248 4788 1317 4845 de
1374 4792 1564 4847 sobole
1614 4794 1861 4849 omnium
1892 4811 1997 4850 nu-

415 4880 792 4938 merosissima
841 4896 901 4937 se
951 4881 1187 4951 jactans,
1221 4889 1281 4935 ut
1332 4888 1388 4938 et
1438 4883 1693 4939 civitates
1751 4884 1996 4955 integras

413 4982 468 5028 et
518 4972 767 5027 nationes
815 4972 1128 5043 pepererit:
1182 4987 1310 5027 eum
1360 4987 1468 5028 non
1527 4973 1844 5029 Corinthios
1903 4991 1997 5030 so-

413 5065 525 5120 lum
581 5064 914 5134 Galatasque
961 5064 1079 5120 suis
1110 5064 1391 5120 laboribus
1424 5064 1491 5118 ad
1532 5065 1707 5121 lucem
1755 5066 1999 5122 adduxe-

413 5156 486 5210 rit
533 5162 587 5211 et
619 5156 684 5211 ad
748 5153 843 5211 Dei
877 5155 1195 5226 religionem
1226 5156 1636 5224 informaverit,
1677 5158 1771 5213 sed
1804 5158 1872 5211 ah
1901 5157 1995 5214 Je-

412 5245 688 5317 rosolyma
739 5246 982 5317 undique
1019 5246 1144 5304 illas
1199 5264 1392 5305 omnes
1440 5242 1773 5306 continentis
1815 5252 1995 5319 regio-

413 5353 512 5393 nes
569 5353 746 5409 usque
772 5336 854 5393 *εἰη
901 5339 1175 5412 lllyricum
1227 5343 1344 5397 suis
1377 5340 1565 5398 liberis
1606 5343 1991 5414 expleverit“,

413 5443 552 5499 quos
587 5428 863 5499 Evangelii
892 5432 1096 5488 virtute
1146 5432 1377 5489 Domino
1433 5434 1643 5506 genuit.
1682 5434 1758 5490 Ita
1798 5432 1995 5493 beatus

415 5518 471 5573 in
510 5515 803 5587 Evangelio
846 5521 1174 5588 praedicatur
1223 5531 1430 5580 sanctae
1476 5524 1722 5598 Virginis
1779 5537 1990 5594 venter,

415 5607 508 5677 qui
565 5609 917 5666 hmnaculato
974 5614 1153 5684 partui
1207 5615 1595 5676 ministravit:
1635 5619 1764 5690 quia
1817 5634 1995 5690 neque

479 5765 500 5797 ⁸
530 5761 637 5821 lsa.
675 5780 765 5833 ιτ,
792 5765 845 5823 8.
929 5767 950 5799 '
989 5765 1223 5825 Zachar.
1260 5787 1316 5836 v,
1346 5771 1399 5827 7.
1470 5773 1492 5806 "
1523 5771 1683 5830 ltozn.
1716 5790 1807 5842 xv,
1870 5776 1927 5830 4.
2002 5779 2023 5810 ⁸
2058 5776 2233 5837 Exod.
2270 5798 2362 5851 xv,
2390 5782 2479 5837 20.

2102 4699 2429 4770 γονώτατος,
2463 4703 2541 4767 ὼς
2571 4701 2754 4767 πόλεις
2781 4703 2910 4768 ὅλας
2934 4706 3028 4760 καὶ
3065 4705 3194 4778 ἔθνη
3223 4707 3563 4780 κυοφορῆσαι
3583 4724 3596 4738 ·
3623 4708 3688 4762 οὐ

2107 4792 2266 4862 μόνον
2303 4794 2624 4865 Κορινθίους
2660 4794 2756 4848 καὶ
2791 4796 3037 4861 Γαλάτας
3068 4796 3157 4851 διὰ
3186 4797 3297 4853 τῶν
3317 4798 3535 4854 οἰκείων
3560 4797 3690 4852 ὠδί-

2103 4900 2210 4937 νων
2241 4886 2321 4949 είς
2346 4885 2463 4955 φῶς
2491 4888 2734 4957 ἀγαγὼν,
2761 4890 2858 4943 καὶ
2891 4891 2949 4944 ἐν
2982 4891 3174 4964 Κυρίῳ
3208 4891 3527 4964 μορφώσας.
3553 4891 3688 4945 ἀλλὰ

2102 4978 2197 5031 καὶ
2222 4978 2334 5032 ἀπὸ
2370 4980 2726 5052 Ἰερουσαλὴμ
2745 4982 2951 5055 κύκλῳ,
2969 4985 3064 5039 καὶ
3083 4985 3241 5057 μέχρι
3260 4985 3357 5039 τοῦ
3391 4984 3686 5056 Ἰλλυρικοῦ

2103 5070 2545 5143 καταπληρώσας
2588 5073 2699 5127 τῶν
2751 5075 2899 5129 ίδίων
2944 5076 3152 5131 τέκνων
3189 5078 3291 5148 τὴν
3339 5077 3685 5150 οἰκουμένην,

2100 5163 2245 5233 άπερ
2265 5164 2324 5216 ἐν
2354 5164 2576 5236 Χριστῷ
2595 5166 2683 5220 διὰ
2706 5166 2802 5221 τοῦ
2828 5168 3162 5239 Εὐαγγελίου
3194 5169 3468 5242 ἐγέννησε.
3502 5171 3691 5241 Τούτῳ

2104 5254 2466 5327 μακαρίζεται
2492 5258 2586 5312 καὶ
2612 5261 2670 5313 ἐν
2699 5259 2779 5331 τῷ
2811 5260 3131 5333 Εὑαγγελίῳ
3159 5262 3193 5334 ή
3226 5263 3327 5334 τῆς
3352 5262 3515 5331 ἁγίας
3540 5263 3690 5334 Παρ-

2101 5345 2253 5400 θένου
2287 5344 2483 5412 κοιλία,
2509 5350 2543 5419 ή
2569 5348 2646 5420 τῷ
2681 5352 2936 5424 ἁχράντῳ
2964 5353 3110 5425 τόκῳ
3152 5355 3547 5427 ὑπηρετήσασα
3566 5371 3581 5387 ·
3612 5355 3690 5418 ὼς

2100 5435 2222 5489 οὔτε
2271 5434 2366 5489 τοῦ
2408 5438 2573 5493 τόκου
2625 5440 2724 5512 τὴν
2764 5442 3064 5515 παρθενίαν
3101 5445 3381 5513 λύσαντος,
3426 5447 3551 5503 οὔτε
3587 5448 3690 5519 τῆς

2102 5527 2401 5600 παρθενίας
2430 5533 2497 5604 τῇ
2531 5535 2753 5608 τοιαύτῃ
2782 5537 3049 5610 κυοφορίᾳ
3079 5539 3334 5611 ἐμποδὼν
3368 5543 3687 5615 γενομένης.

2101 5622 2281 5678 Ὅπου
2345 5626 2456 5699 γὰρ
2526 5630 2742 5703 πνεῦμα
2821 5634 3094 5706 σωτηρίας
3147 5639 3442 5706 γεννᾶται,
3506 5633 3692 5704 καθὼς

2594 5787 2615 5818 ⁸
2660 5786 2763 5844 lsa.
2808 5804 2962 5858 xxvi,
2999 5790 3087 5846 i8.
3202 5793 3247 5826 '°
3286 5792 3442 5849 Rom.
3479 5811 3570 5862 xv,
3600 5794 3690 5853 i9.
