  <div class='ocr_page' id='page_1' title='image "/cluster/home/n/w/nwhite01/storage/ocr_20150623/46/nnc1.0046978380/206.png"; bbox 0 0 4124 6352; ppageno 0'>
   <div class='ocr_carea' id='block_1_1' title="bbox 492 315 598 375">
    <p class='ocr_par' dir='ltr' id='par_1_1' title="bbox 492 315 598 375">
     <span class='ocr_line' id='line_1_1' title="bbox 492 315 598 375; baseline -0.038 0"><span class='ocrx_word' id='word_1_1' title='bbox 492 315 598 375; x_wconf 66' lang='grc' dir='ltr'><strong>ΞΞΠ</strong></span> 
     </span>
    </p>
   </div>
   <div class='ocr_carea' id='block_1_2' title="bbox 1829 308 2417 371">
    <p class='ocr_par' dir='ltr' id='par_1_2' title="bbox 1829 308 2417 371">
     <span class='ocr_line' id='line_1_2' title="bbox 1829 308 2417 371; baseline 0.014 -8"><span class='ocrx_word' id='word_1_2' title='bbox 1829 309 1915 364; x_wconf 77' lang='lat' dir='ltr'><strong>DE</strong></span> <span class='ocrx_word' id='word_1_3' title='bbox 1950 308 2417 371; x_wconf 80' lang='lat' dir='ltr'><strong>VIRGINITATE.</strong></span> 
     </span>
    </p>
   </div>
   <div class='ocr_carea' id='block_1_3' title="bbox 3661 276 3813 368">
    <p class='ocr_par' dir='ltr' id='par_1_3' title="bbox 3661 276 3813 368">
     <span class='ocr_line' id='line_1_3' title="bbox 3661 276 3813 368; baseline 0 0"><span class='ocrx_word' id='word_1_4' title='bbox 3661 312 3765 368; x_wconf 75' lang='lat' dir='ltr'><strong>sas</strong></span> <span class='ocrx_word' id='word_1_5' title='bbox 3808 276 3813 281; x_wconf 59' lang='grc'><em>’</em></span> 
     </span>
    </p>
   </div>
   <div class='ocr_carea' id='block_1_4' title="bbox 503 421 2089 499">
    <p class='ocr_par' dir='ltr' id='par_1_4' title="bbox 503 421 2073 497">
     <span class='ocr_line' id='line_1_4' title="bbox 503 421 2073 497; baseline -0.005 -14"><span class='ocrx_word' id='word_1_6' title='bbox 503 427 734 489; x_wconf 80' lang='grc' dir='ltr'><strong>Ἡσαΐας</strong></span> <span class='ocrx_word' id='word_1_7' title='bbox 768 424 960 497; x_wconf 70' lang='grc' dir='ltr'>φησιν,</span> <span class='ocrx_word' id='word_1_8' title='bbox 990 422 1237 495; x_wconf 81' lang='grc' dir='ltr'>ἄχρηστα</span> <span class='ocrx_word' id='word_1_9' title='bbox 1270 421 1486 485; x_wconf 87' lang='grc' dir='ltr'>πάντως</span> <span class='ocrx_word' id='word_1_10' title='bbox 1533 422 1630 492; x_wconf 82' lang='grc' dir='ltr'>τῆς</span> <span class='ocrx_word' id='word_1_11' title='bbox 1672 422 1872 492; x_wconf 85' lang='grc' dir='ltr'>σαρκὸς</span> <span class='ocrx_word' id='word_1_12' title='bbox 1918 422 2073 496; x_wconf 83' lang='grc' dir='ltr'>θελή-</span> 
     </span>
    </p>
   </div>
   <div class='ocr_carea' id='block_1_5' title="bbox 2189 421 3765 499">
    <p class='ocr_par' dir='ltr' id='par_1_5' title="bbox 2189 424 3765 499">
     <span class='ocr_line' id='line_1_5' title="bbox 2189 424 3765 499; baseline -0.001 -20"><span class='ocrx_word' id='word_1_13' title='bbox 2189 436 2364 496; x_wconf 75' lang='lat' dir='ltr'><strong>partus</strong></span> <span class='ocrx_word' id='word_1_14' title='bbox 2397 424 2762 499; x_wconf 83' lang='lat' dir='ltr'><strong>virginitatem</strong></span> <span class='ocrx_word' id='word_1_15' title='bbox 2789 426 3077 493; x_wconf 89' lang='lat' dir='ltr'><strong>dissolvit,</strong></span> <span class='ocrx_word' id='word_1_16' title='bbox 3111 441 3289 499; x_wconf 89' lang='lat' dir='ltr'><strong>neque</strong></span> <span class='ocrx_word' id='word_1_17' title='bbox 3319 424 3608 497; x_wconf 79' lang='lat' dir='ltr'><strong>virginitas</strong></span> <span class='ocrx_word' id='word_1_18' title='bbox 3636 424 3765 479; x_wconf 82' lang='lat' dir='ltr'><strong>huic</strong></span> 
     </span>
    </p>
   </div>
   <div class='ocr_carea' id='block_1_6' title="bbox 498 514 2083 592">
    <p class='ocr_par' dir='ltr' id='par_1_6' title="bbox 498 514 2083 592">
     <span class='ocr_line' id='line_1_6' title="bbox 498 514 2083 592; baseline -0.005 -17"><span class='ocrx_word' id='word_1_19' title='bbox 498 538 663 592; x_wconf 82' lang='grc' dir='ltr'><strong>ματα.</strong></span> <span class='ocrx_word' id='word_1_20' title='bbox 702 519 860 572; x_wconf 87' lang='grc' dir='ltr'>Ἔστι</span> <span class='ocrx_word' id='word_1_21' title='bbox 880 516 937 570; x_wconf 85' lang='grc' dir='ltr'><strong>δέ</strong></span> <span class='ocrx_word' id='word_1_22' title='bbox 962 534 1045 580; x_wconf 85' lang='grc' dir='ltr'><strong>τις</strong></span> <span class='ocrx_word' id='word_1_23' title='bbox 1079 517 1175 569; x_wconf 80' lang='grc' dir='ltr'><strong>καὶ</strong></span> <span class='ocrx_word' id='word_1_24' title='bbox 1200 514 1353 586; x_wconf 81' lang='grc' dir='ltr'>παρά</span> <span class='ocrx_word' id='word_1_25' title='bbox 1381 515 1459 585; x_wconf 82' lang='grc' dir='ltr'>τῷ</span> <span class='ocrx_word' id='word_1_26' title='bbox 1504 514 1813 584; x_wconf 83' lang='grc' dir='ltr'>’Λποστόλῳ</span> <span class='ocrx_word' id='word_1_27' title='bbox 1842 516 2083 579; x_wconf 75' lang='grc' dir='ltr'>τοιοῦτος</span> 
     </span>
    </p>
   </div>
   <div class='ocr_carea' id='block_1_7' title="bbox 494 605 2084 682">
    <p class='ocr_par' dir='ltr' id='par_1_7' title="bbox 494 605 2084 682">
     <span class='ocr_line' id='line_1_7' title="bbox 494 605 2084 682; baseline -0.004 -16"><span class='ocrx_word' id='word_1_28' title='bbox 494 614 673 681; x_wconf 98' lang='grc' dir='ltr'>λόγος,</span> <span class='ocrx_word' id='word_1_29' title='bbox 700 611 775 674; x_wconf 85' lang='grc' dir='ltr'><strong>ῶς</strong></span> <span class='ocrx_word' id='word_1_30' title='bbox 799 611 909 682; x_wconf 84' lang='grc' dir='ltr'>ἄρα</span> <span class='ocrx_word' id='word_1_31' title='bbox 937 609 1157 673; x_wconf 80' lang='grc' dir='ltr'><strong>διπλοῦς</strong></span> <span class='ocrx_word' id='word_1_32' title='bbox 1179 608 1337 680; x_wconf 87' lang='grc' dir='ltr'>ἡμῶν</span> <span class='ocrx_word' id='word_1_33' title='bbox 1360 609 1506 660; x_wconf 87' lang='grc' dir='ltr'>ἐστιν</span> <span class='ocrx_word' id='word_1_34' title='bbox 1536 608 1563 659; x_wconf 98' lang='lat'><strong>6</strong></span> <span class='ocrx_word' id='word_1_35' title='bbox 1588 606 1711 659; x_wconf 86' lang='grc' dir='ltr'>καθ’</span> <span class='ocrx_word' id='word_1_36' title='bbox 1736 606 1965 659; x_wconf 73' lang='grc' dir='ltr'>ἕκαστον</span> <span class='ocrx_word' id='word_1_37' title='bbox 1991 605 2084 660; x_wconf 78' lang='grc' dir='ltr'><strong>ἄν·</strong></span> 
     </span>
    </p>
   </div>
   <div class='ocr_carea' id='block_1_8' title="bbox 497 688 2103 775">
    <p class='ocr_par' dir='ltr' id='par_1_8' title="bbox 497 688 2103 775">
     <span class='ocr_line' id='line_1_8' title="bbox 497 688 2103 775; baseline -0.004 -18"><span class='ocrx_word' id='word_1_38' title='bbox 497 704 713 775; x_wconf 85' lang='grc' dir='ltr'>θρωπος</span> <span class='ocrx_word' id='word_1_39' title='bbox 736 718 748 731; x_wconf 72' lang='grc' dir='ltr'><strong><em>ο</em></strong></span> <span class='ocrx_word' id='word_1_40' title='bbox 779 704 808 755; x_wconf 86' lang='lat'><strong>6</strong></span> <span class='ocrx_word' id='word_1_41' title='bbox 838 702 935 773; x_wconf 79' lang='grc' dir='ltr'><strong>μὲν</strong></span> <span class='ocrx_word' id='word_1_42' title='bbox 963 701 1237 773; x_wconf 84' lang='grc' dir='ltr'>ὁρώμενος</span> <span class='ocrx_word' id='word_1_43' title='bbox 1263 699 1480 766; x_wconf 79' lang='grc' dir='ltr'>ἔξωθεν,</span> <span class='ocrx_word' id='word_1_44' title='bbox 1515 691 1559 767; x_wconf 82' lang='grc' dir='ltr'>ᾧ</span> <span class='ocrx_word' id='word_1_45' title='bbox 1584 698 1642 750; x_wconf 90' lang='grc' dir='ltr'><strong>τὸ</strong></span> <span class='ocrx_word' id='word_1_46' title='bbox 1675 688 2103 768; x_wconf 72' lang='grc' dir='ltr'>διαφθείρεσθαῖ</span> 
     </span>
    </p>
   </div>
   <div class='ocr_carea' id='block_1_9' title="bbox 497 787 2085 863">
    <p class='ocr_par' dir='ltr' id='par_1_9' title="bbox 497 787 2085 863">
     <span class='ocr_line' id='line_1_9' title="bbox 497 787 2085 863; baseline -0.003 -17"><span class='ocrx_word' id='word_1_47' title='bbox 497 792 637 847; x_wconf 86' lang='grc' dir='ltr'>κατὰ</span> <span class='ocrx_word' id='word_1_48' title='bbox 675 792 835 863; x_wconf 89' lang='grc' dir='ltr'>φύσιν</span> <span class='ocrx_word' id='word_1_49' title='bbox 877 792 1023 845; x_wconf 84' lang='grc' dir='ltr'>ἐστίν</span> <span class='ocrx_word' id='word_1_50' title='bbox 1048 805 1063 821; x_wconf 82' lang='lat'><strong><em>°</em></strong></span> <span class='ocrx_word' id='word_1_51' title='bbox 1110 793 1138 844; x_wconf 86' lang='lat'><strong>6</strong></span> <span class='ocrx_word' id='word_1_52' title='bbox 1185 790 1242 843; x_wconf 87' lang='grc' dir='ltr'><strong>δέ</strong></span> <span class='ocrx_word' id='word_1_53' title='bbox 1277 788 1419 842; x_wconf 81' lang='grc' dir='ltr'>κατὰ</span> <span class='ocrx_word' id='word_1_54' title='bbox 1459 787 1519 842; x_wconf 86' lang='grc' dir='ltr'><strong>τὸ</strong></span> <span class='ocrx_word' id='word_1_55' title='bbox 1572 787 1945 860; x_wconf 78' lang='grc' dir='ltr'><strong>κρυπτόμενον</strong></span> <span class='ocrx_word' id='word_1_56' title='bbox 1986 787 2085 858; x_wconf 83' lang='grc' dir='ltr'>τῆς</span> 
     </span>
    </p>
   </div>
   <div class='ocr_carea' id='block_1_10' title="bbox 495 878 2078 956">
    <p class='ocr_par' dir='ltr' id='par_1_10' title="bbox 495 878 2078 956">
     <span class='ocr_line' id='line_1_10' title="bbox 495 878 2078 956; baseline -0.004 -16"><span class='ocrx_word' id='word_1_57' title='bbox 495 885 722 956; x_wconf 80' lang='grc' dir='ltr'>καρδίας</span> <span class='ocrx_word' id='word_1_58' title='bbox 750 884 1060 953; x_wconf 83' lang='grc' dir='ltr'>νοούμενος,</span> <span class='ocrx_word' id='word_1_59' title='bbox 1099 881 1157 945; x_wconf 87' lang='grc' dir='ltr'>ὂς</span> <span class='ocrx_word' id='word_1_60' title='bbox 1185 880 1492 952; x_wconf 89' lang='grc' dir='ltr'>ἐπιδέχεται</span> <span class='ocrx_word' id='word_1_61' title='bbox 1534 880 1595 933; x_wconf 87' lang='grc' dir='ltr'><strong>τὸ</strong></span> <span class='ocrx_word' id='word_1_62' title='bbox 1631 878 2078 933; x_wconf 79' lang='grc' dir='ltr'>ἀνακαινοῦσθαι.</span> 
     </span>
    </p>
   </div>
   <div class='ocr_carea' id='block_1_11' title="bbox 496 970 2081 1045">
    <p class='ocr_par' dir='ltr' id='par_1_11' title="bbox 496 970 2081 1045">
     <span class='ocr_line' id='line_1_11' title="bbox 496 970 2081 1045; baseline -0.003 -16"><span class='ocrx_word' id='word_1_63' title='bbox 496 977 560 1029; x_wconf 84' lang='grc' dir='ltr'><strong>Εἰ</strong></span> <span class='ocrx_word' id='word_1_64' title='bbox 596 970 689 1029; x_wconf 72' lang='grc' dir='ltr'><strong>οὖν</strong></span> <span class='ocrx_word' id='word_1_65' title='bbox 714 974 917 1045; x_wconf 84' lang='grc' dir='ltr'>ἀληθὴς</span> <span class='ocrx_word' id='word_1_66' title='bbox 941 976 969 1027; x_wconf 91' lang='lat'><strong>6</strong></span> <span class='ocrx_word' id='word_1_67' title='bbox 1009 972 1163 1042; x_wconf 86' lang='grc' dir='ltr'>λόγος</span> <span class='ocrx_word' id='word_1_68' title='bbox 1194 972 1213 1043; x_wconf 94' lang='grc'>(</span> <span class='ocrx_word' id='word_1_69' title='bbox 1236 972 1453 1035; x_wconf 86' lang='grc' dir='ltr'>πάντως</span> <span class='ocrx_word' id='word_1_70' title='bbox 1504 971 1561 1025; x_wconf 90' lang='grc' dir='ltr'><strong>δέ</strong></span> <span class='ocrx_word' id='word_1_71' title='bbox 1590 973 1736 1025; x_wconf 85' lang='grc' dir='ltr'>ἐστιν</span> <span class='ocrx_word' id='word_1_72' title='bbox 1763 970 1967 1042; x_wconf 79' lang='grc' dir='ltr'>ἀληθὴς</span> <span class='ocrx_word' id='word_1_73' title='bbox 1993 970 2081 1025; x_wconf 83' lang='grc' dir='ltr'>διὰ</span> 
     </span>
    </p>
   </div>
   <div class='ocr_carea' id='block_1_12' title="bbox 495 1061 2082 1140">
    <p class='ocr_par' dir='ltr' id='par_1_12' title="bbox 495 1061 2082 1140">
     <span class='ocr_line' id='line_1_12' title="bbox 495 1061 2082 1140; baseline -0.004 -19"><span class='ocrx_word' id='word_1_74' title='bbox 495 1067 593 1140; x_wconf 82' lang='grc' dir='ltr'>τὴν</span> <span class='ocrx_word' id='word_1_75' title='bbox 626 1069 684 1120; x_wconf 89' lang='grc' dir='ltr'><strong>ἐν</strong></span> <span class='ocrx_word' id='word_1_76' title='bbox 713 1065 863 1136; x_wconf 82' lang='grc' dir='ltr'>αὐτῷ</span> <span class='ocrx_word' id='word_1_77' title='bbox 887 1064 1152 1120; x_wconf 79' lang='grc' dir='ltr'>λαλοῦσαν</span> <span class='ocrx_word' id='word_1_78' title='bbox 1175 1062 1433 1135; x_wconf 81' lang='grc' dir='ltr'>ἀλήθειαν</span> <span class='ocrx_word' id='word_1_79' title='bbox 1454 1062 1495 1133; x_wconf 89' lang='grc'>),</span> <span class='ocrx_word' id='word_1_80' title='bbox 1524 1063 1677 1116; x_wconf 79' lang='grc' dir='ltr'>οὐδὲν</span> <span class='ocrx_word' id='word_1_81' title='bbox 1706 1062 1956 1125; x_wconf 84' lang='grc' dir='ltr'>ἀπεικὸς.</span> <span class='ocrx_word' id='word_1_82' title='bbox 1987 1061 2082 1115; x_wconf 76' lang='grc' dir='ltr'><strong>καὶ</strong></span> 
     </span>
    </p>
   </div>
   <div class='ocr_carea' id='block_1_13' title="bbox 497 1153 2081 1229">
    <p class='ocr_par' dir='ltr' id='par_1_13' title="bbox 497 1153 2081 1229">
     <span class='ocr_line' id='line_1_13' title="bbox 497 1153 2081 1229; baseline -0.004 -17"><span class='ocrx_word' id='word_1_83' title='bbox 497 1159 673 1229; x_wconf 85' lang='grc' dir='ltr'>γάμον</span> <span class='ocrx_word' id='word_1_84' title='bbox 704 1156 923 1211; x_wconf 81' lang='grc' dir='ltr'>διπλοῦν</span> <span class='ocrx_word' id='word_1_85' title='bbox 947 1157 1171 1221; x_wconf 78' lang='grc' dir='ltr'>ἐννοεῖν,</span> <span class='ocrx_word' id='word_1_86' title='bbox 1203 1155 1449 1226; x_wconf 84' lang='grc' dir='ltr'>ἐκατέρῳ</span> <span class='ocrx_word' id='word_1_87' title='bbox 1477 1154 1586 1208; x_wconf 88' lang='grc' dir='ltr'><strong>τῶν</strong></span> <span class='ocrx_word' id='word_1_88' title='bbox 1622 1156 1679 1207; x_wconf 83' lang='grc' dir='ltr'><strong>ἐν</strong></span> <span class='ocrx_word' id='word_1_89' title='bbox 1707 1156 1839 1225; x_wconf 84' lang='grc' dir='ltr'>ἡμῖν</span> <span class='ocrx_word' id='word_1_90' title='bbox 1870 1153 2081 1225; x_wconf 86' lang='grc' dir='ltr'>ἀνθρώ-</span> 
     </span>
    </p>
   </div>
   <div class='ocr_carea' id='block_1_14' title="bbox 496 1248 2085 1323">
    <p class='ocr_par' dir='ltr' id='par_1_14' title="bbox 496 1248 2085 1323">
     <span class='ocr_line' id='line_1_14' title="bbox 496 1248 2085 1323; baseline -0.004 -18"><span class='ocrx_word' id='word_1_91' title='bbox 496 1269 615 1305; x_wconf 90' lang='grc' dir='ltr'><strong>πων</strong></span> <span class='ocrx_word' id='word_1_92' title='bbox 645 1250 952 1323; x_wconf 85' lang='grc' dir='ltr'>πρόσφορόν</span> <span class='ocrx_word' id='word_1_93' title='bbox 977 1268 1034 1303; x_wconf 90' lang='grc' dir='ltr'><strong>τε</strong></span> <span class='ocrx_word' id='word_1_94' title='bbox 1063 1249 1158 1304; x_wconf 72' lang='grc' dir='ltr'><strong>καὶ</strong></span> <span class='ocrx_word' id='word_1_95' title='bbox 1187 1248 1539 1318; x_wconf 72' lang='grc' dir='ltr'>κατάλληλον*</span> <span class='ocrx_word' id='word_1_96' title='bbox 1564 1249 1659 1302; x_wconf 77' lang='grc' dir='ltr'><strong>καὶ</strong></span> <span class='ocrx_word' id='word_1_97' title='bbox 1678 1248 1816 1318; x_wconf 84' lang='grc' dir='ltr'>τάχα</span> <span class='ocrx_word' id='word_1_98' title='bbox 1836 1250 1864 1302; x_wconf 87' lang='grc' dir='ltr'>ὁ</span> <span class='ocrx_word' id='word_1_99' title='bbox 1886 1248 2085 1319; x_wconf 84' lang='grc' dir='ltr'>τολμή-</span> 
     </span>
    </p>
   </div>
   <div class='ocr_carea' id='block_1_15' title="bbox 499 1338 2086 1415">
    <p class='ocr_par' dir='ltr' id='par_1_15' title="bbox 499 1338 2086 1415">
     <span class='ocr_line' id='line_1_15' title="bbox 499 1338 2086 1415; baseline -0.003 -18"><span class='ocrx_word' id='word_1_100' title='bbox 499 1361 599 1407; x_wconf 89' lang='grc' dir='ltr'><strong>σας</strong></span> <span class='ocrx_word' id='word_1_101' title='bbox 627 1344 803 1397; x_wconf 82' lang='grc' dir='ltr'>εἰπεῖν</span> <span class='ocrx_word' id='word_1_102' title='bbox 829 1342 929 1415; x_wconf 84' lang='grc' dir='ltr'>τὴν</span> <span class='ocrx_word' id='word_1_103' title='bbox 961 1342 1280 1414; x_wconf 83' lang='grc' dir='ltr'>σωματικὴν</span> <span class='ocrx_word' id='word_1_104' title='bbox 1310 1339 1607 1414; x_wconf 73' lang='grc' dir='ltr'>παρθενίαν</span> <span class='ocrx_word' id='word_1_105' title='bbox 1632 1339 1726 1393; x_wconf 80' lang='grc' dir='ltr'>τοῦ</span> <span class='ocrx_word' id='word_1_106' title='bbox 1758 1340 1967 1393; x_wconf 83' lang='grc' dir='ltr'>ἔνδοθεν</span> <span class='ocrx_word' id='word_1_107' title='bbox 1989 1338 2086 1393; x_wconf 76' lang='grc' dir='ltr'><strong>καὶ</strong></span> 
     </span>
    </p>
   </div>
   <div class='ocr_carea' id='block_1_16' title="bbox 498 1420 2085 1506">
    <p class='ocr_par' dir='ltr' id='par_1_16' title="bbox 498 1420 2085 1506">
     <span class='ocr_line' id='line_1_16' title="bbox 498 1420 2085 1506; baseline -0.006 -15"><span class='ocrx_word' id='word_1_108' title='bbox 498 1434 868 1506; x_wconf 88' lang='grc' dir='ltr'>πνευματικοῦ</span> <span class='ocrx_word' id='word_1_109' title='bbox 897 1420 1076 1503; x_wconf 78' lang='grc' dir='ltr'>γάμου</span> <span class='ocrx_word' id='word_1_110' title='bbox 1113 1431 1371 1503; x_wconf 88' lang='grc' dir='ltr'>συνεργόν</span> <span class='ocrx_word' id='word_1_111' title='bbox 1400 1448 1458 1483; x_wconf 85' lang='grc' dir='ltr'><strong>τε</strong></span> <span class='ocrx_word' id='word_1_112' title='bbox 1502 1431 1597 1483; x_wconf 83' lang='grc' dir='ltr'>κα¹ι</span> <span class='ocrx_word' id='word_1_113' title='bbox 1636 1431 1895 1502; x_wconf 83' lang='grc' dir='ltr'>πρόξενον</span> <span class='ocrx_word' id='word_1_114' title='bbox 1929 1429 2085 1498; x_wconf 86' lang='grc' dir='ltr'>γενέ-</span> 
     </span>
    </p>
   </div>
   <div class='ocr_carea' id='block_1_17' title="bbox 501 1521 1729 1597">
    <p class='ocr_par' dir='ltr' id='par_1_17' title="bbox 501 1521 1729 1597">
     <span class='ocr_line' id='line_1_17' title="bbox 501 1521 1729 1597; baseline -0.005 -17"><span class='ocrx_word' id='word_1_115' title='bbox 501 1528 644 1586; x_wconf 86' lang='grc' dir='ltr'>σθαι.</span> <span class='ocrx_word' id='word_1_116' title='bbox 676 1526 737 1578; x_wconf 74' lang='grc' dir='ltr'><strong>οὐ</strong></span> <span class='ocrx_word' id='word_1_117' title='bbox 767 1526 957 1597; x_wconf 74' lang='grc' dir='ltr'>πόρρω</span> <span class='ocrx_word' id='word_1_118' title='bbox 984 1524 1076 1578; x_wconf 80' lang='grc' dir='ltr'>τοῦ</span> <span class='ocrx_word' id='word_1_119' title='bbox 1106 1523 1311 1587; x_wconf 79' lang='grc' dir='ltr'>εἰκότος</span> <span class='ocrx_word' id='word_1_120' title='bbox 1338 1521 1729 1593; x_wconf 82' lang='grc' dir='ltr'>ἀποτολμήσει.</span> 
     </span>
    </p>
   </div>
   <div class='ocr_carea' id='block_1_18' title="bbox 502 1616 1511 1691">
    <p class='ocr_par' dir='ltr' id='par_1_18' title="bbox 502 1616 1511 1691">
     <span class='ocr_line' id='line_1_18' title="bbox 502 1616 1511 1691; baseline -0.002 -18"><span class='ocrx_word' id='word_1_121' title='bbox 502 1620 845 1691; x_wconf 82' lang='lat' dir='ltr'><strong>fortasseque</strong></span> <span class='ocrx_word' id='word_1_122' title='bbox 885 1619 978 1688; x_wconf 92' lang='lat' dir='ltr'><strong>qni</strong></span> <span class='ocrx_word' id='word_1_123' title='bbox 1013 1619 1197 1673; x_wconf 82' lang='lat' dir='ltr'><strong>dicere</strong></span> <span class='ocrx_word' id='word_1_124' title='bbox 1246 1616 1511 1683; x_wconf 84' lang='lat' dir='ltr'><strong>audebit,</strong></span> 
     </span>
    </p>
   </div>
   <div class='ocr_carea' id='block_1_19' title="bbox 1101 1831 1477 1886">
    <p class='ocr_par' dir='ltr' id='par_1_19' title="bbox 1101 1831 1477 1886">
     <span class='ocr_line' id='line_1_19' title="bbox 1101 1831 1477 1886; baseline 0.003 -2"><span class='ocrx_word' id='word_1_125' title='bbox 1101 1831 1352 1885; x_wconf 83' lang='grc' dir='ltr'><strong>ΚΕΦΛΛ.</strong></span> <span class='ocrx_word' id='word_1_126' title='bbox 1391 1833 1477 1886; x_wconf 88' lang='grc' dir='ltr'><strong>Κ’.</strong></span> 
     </span>
    </p>
   </div>
   <div class='ocr_carea' id='block_1_20' title="bbox 500 1939 2091 2015">
    <p class='ocr_par' dir='ltr' id='par_1_20' title="bbox 500 1939 2091 2015">
     <span class='ocr_line' id='line_1_20' title="bbox 500 1939 2091 2015; baseline -0.006 -14"><span class='ocrx_word' id='word_1_127' title='bbox 500 1947 627 2001; x_wconf 80' lang='grc' dir='ltr'>ὐτι</span> <span class='ocrx_word' id='word_1_128' title='bbox 663 1947 966 2003; x_wconf 75' lang='grc' dir='ltr'>ἀδύνατον</span> <span class='ocrx_word' id='word_1_129' title='bbox 997 1945 1147 2015; x_wconf 77' lang='grc' dir='ltr'>ὁμοῦ</span> <span class='ocrx_word' id='word_1_130' title='bbox 1192 1944 1323 2009; x_wconf 76' lang='grc' dir='ltr'>ταῖς</span> <span class='ocrx_word' id='word_1_131' title='bbox 1361 1940 1724 2015; x_wconf 64' lang='grc' dir='ltr'>σωματικαῖς</span> <span class='ocrx_word' id='word_1_132' title='bbox 1766 1939 2091 2015; x_wconf 71' lang='grc' dir='ltr'>ὑπηρετεῖν</span> 
     </span>
    </p>
   </div>
   <div class='ocr_carea' id='block_1_21' title="bbox 568 2013 2090 2086">
    <p class='ocr_par' dir='ltr' id='par_1_21' title="bbox 568 2013 2090 2086">
     <span class='ocr_line' id='line_1_21' title="bbox 568 2013 2090 2086; baseline -0.007 -14"><span class='ocrx_word' id='word_1_133' title='bbox 568 2018 818 2086; x_wconf 70' lang='grc' dir='ltr'>ἡδοναῖς</span> <span class='ocrx_word' id='word_1_134' title='bbox 836 2058 851 2075; x_wconf 86' lang='grc'><strong>.</strong></span> <span class='ocrx_word' id='word_1_135' title='bbox 881 2018 979 2072; x_wconf 78' lang='grc' dir='ltr'>καὶ</span> <span class='ocrx_word' id='word_1_136' title='bbox 1019 2013 1134 2070; x_wconf 56' lang='grc' dir='ltr'><strong>τὴν</strong></span> <span class='ocrx_word' id='word_1_137' title='bbox 1171 2017 1323 2069; x_wconf 81' lang='grc' dir='ltr'>κατὰ</span> <span class='ocrx_word' id='word_1_138' title='bbox 1355 2016 1504 2069; x_wconf 83' lang='grc' dir='ltr'><strong>Θεὸν</strong></span> <span class='ocrx_word' id='word_1_139' title='bbox 1533 2013 1922 2081; x_wconf 62' lang='grc' dir='ltr'>εὐφροσύνην</span> <span class='ocrx_word' id='word_1_140' title='bbox 1950 2028 2090 2078; x_wconf 83' lang='grc' dir='ltr'>καρ-</span> 
     </span>
    </p>
   </div>
   <div class='ocr_carea' id='block_1_22' title="bbox 571 2089 835 2143">
    <p class='ocr_par' dir='ltr' id='par_1_22' title="bbox 571 2089 835 2143">
     <span class='ocr_line' id='line_1_22' title="bbox 571 2089 835 2143; baseline -0.004 -2"><span class='ocrx_word' id='word_1_141' title='bbox 571 2089 835 2143; x_wconf 75' lang='grc' dir='ltr'>ποῦσθαι</span> 
     </span>
    </p>
   </div>
   <div class='ocr_carea' id='block_1_23' title="bbox 579 2172 2090 2252">
    <p class='ocr_par' dir='ltr' id='par_1_23' title="bbox 579 2172 2090 2252">
     <span class='ocr_line' id='line_1_23' title="bbox 579 2172 2090 2252; baseline -0.007 -18"><span class='ocrx_word' id='word_1_142' title='bbox 579 2182 667 2244; x_wconf 85' lang='grc' dir='ltr'>Ὠς</span> <span class='ocrx_word' id='word_1_143' title='bbox 714 2180 823 2252; x_wconf 81' lang='grc' dir='ltr'><strong>γὰρ</strong></span> <span class='ocrx_word' id='word_1_144' title='bbox 872 2180 972 2233; x_wconf 78' lang='grc' dir='ltr'><strong>οὐκ</strong></span> <span class='ocrx_word' id='word_1_145' title='bbox 1013 2177 1127 2232; x_wconf 78' lang='grc' dir='ltr'>ἔστι</span> <span class='ocrx_word' id='word_1_146' title='bbox 1176 2176 1317 2231; x_wconf 85' lang='grc' dir='ltr'>κατὰ</span> <span class='ocrx_word' id='word_1_147' title='bbox 1356 2175 1551 2229; x_wconf 80' lang='grc' dir='ltr'>ταύτὸν</span> <span class='ocrx_word' id='word_1_148' title='bbox 1588 2174 1682 2228; x_wconf 88' lang='grc' dir='ltr'><strong>δύο</strong></span> <span class='ocrx_word' id='word_1_149' title='bbox 1726 2173 1837 2226; x_wconf 70' lang='grc' dir='ltr'>τισὶ</span> <span class='ocrx_word' id='word_1_150' title='bbox 1876 2172 2090 2243; x_wconf 89' lang='grc' dir='ltr'>τέχναις</span> 
     </span>
    </p>
   </div>
   <div class='ocr_carea' id='block_1_24' title="bbox 500 2259 2091 2344">
    <p class='ocr_par' dir='ltr' id='par_1_24' title="bbox 500 2259 2091 2344">
     <span class='ocr_line' id='line_1_24' title="bbox 500 2259 2091 2344; baseline -0.008 -18"><span class='ocrx_word' id='word_1_151' title='bbox 500 2273 792 2344; x_wconf 81' lang='grc' dir='ltr'>ὑπηρετεῖν</span> <span class='ocrx_word' id='word_1_152' title='bbox 818 2270 906 2324; x_wconf 84' lang='grc' dir='ltr'>διὰ</span> <span class='ocrx_word' id='word_1_153' title='bbox 932 2269 1030 2341; x_wconf 85' lang='grc' dir='ltr'>τῆς</span> <span class='ocrx_word' id='word_1_154' title='bbox 1062 2268 1170 2323; x_wconf 89' lang='grc' dir='ltr'><strong>τῶν</strong></span> <span class='ocrx_word' id='word_1_155' title='bbox 1205 2266 1406 2340; x_wconf 85' lang='grc' dir='ltr'>χειρῶν</span> <span class='ocrx_word' id='word_1_156' title='bbox 1430 2265 1738 2338; x_wconf 73' lang='grc' dir='ltr'>ἐνεργείαςο</span> <span class='ocrx_word' id='word_1_157' title='bbox 1772 2259 1883 2318; x_wconf 77' lang='grc' dir='ltr'>οἷον</span> <span class='ocrx_word' id='word_1_158' title='bbox 1914 2279 2091 2332; x_wconf 84' lang='grc' dir='ltr'>γεωρ-</span> 
     </span>
    </p>
   </div>
   <div class='ocr_carea' id='block_1_25' title="bbox 498 2354 2089 2434">
    <p class='ocr_par' dir='ltr' id='par_1_25' title="bbox 498 2354 2089 2434">
     <span class='ocr_line' id='line_1_25' title="bbox 498 2354 2089 2434; baseline -0.008 -16"><span class='ocrx_word' id='word_1_159' title='bbox 498 2363 699 2434; x_wconf 80' lang='grc' dir='ltr'>γοῦντα</span> <span class='ocrx_word' id='word_1_160' title='bbox 736 2363 831 2416; x_wconf 76' lang='grc' dir='ltr'><strong>καὶ</strong></span> <span class='ocrx_word' id='word_1_161' title='bbox 870 2360 1306 2431; x_wconf 86' lang='grc' dir='ltr'>ναυτιλλόμενον,</span> <span class='ocrx_word' id='word_1_162' title='bbox 1341 2358 1375 2430; x_wconf 84' lang='grc' dir='ltr'>ἢ</span> <span class='ocrx_word' id='word_1_163' title='bbox 1406 2356 1740 2429; x_wconf 86' lang='grc' dir='ltr'>χαλκεύοντά</span> <span class='ocrx_word' id='word_1_164' title='bbox 1778 2373 1838 2408; x_wconf 92' lang='grc' dir='ltr'><strong>τε</strong></span> <span class='ocrx_word' id='word_1_165' title='bbox 1878 2354 1972 2408; x_wconf 78' lang='grc' dir='ltr'><strong>καὶ</strong></span> <span class='ocrx_word' id='word_1_166' title='bbox 2002 2369 2089 2405; x_wconf 80' lang='grc' dir='ltr'>τε-</span> 
     </span>
    </p>
   </div>
   <div class='ocr_carea' id='block_1_26' title="bbox 500 2445 2086 2531">
    <p class='ocr_par' dir='ltr' id='par_1_26' title="bbox 500 2445 2086 2531">
     <span class='ocr_line' id='line_1_26' title="bbox 500 2445 2086 2531; baseline -0.008 -21"><span class='ocrx_word' id='word_1_167' title='bbox 500 2455 869 2511; x_wconf 75' lang='grc' dir='ltr'>κταινεύονταο</span> <span class='ocrx_word' id='word_1_168' title='bbox 903 2452 1016 2507; x_wconf 87' lang='grc' dir='ltr'>ἀλλ’</span> <span class='ocrx_word' id='word_1_169' title='bbox 1046 2454 1094 2507; x_wconf 77' lang='grc' dir='ltr'><strong>εί</strong></span> <span class='ocrx_word' id='word_1_170' title='bbox 1120 2450 1301 2523; x_wconf 81' lang='grc' dir='ltr'>μέλλει</span> <span class='ocrx_word' id='word_1_171' title='bbox 1327 2452 1455 2522; x_wconf 82' lang='grc' dir='ltr'>μιᾶς</span> <span class='ocrx_word' id='word_1_172' title='bbox 1475 2448 1645 2519; x_wconf 84' lang='grc' dir='ltr'>ὑγιῶς</span> <span class='ocrx_word' id='word_1_173' title='bbox 1676 2445 2086 2531; x_wconf 75' lang='grc' dir='ltr'>ἀντιλήψεσθαι,</span> 
     </span>
    </p>
   </div>
   <div class='ocr_carea' id='block_1_27' title="bbox 501 2539 2091 2622">
    <p class='ocr_par' dir='ltr' id='par_1_27' title="bbox 501 2539 2091 2622">
     <span class='ocr_line' id='line_1_27' title="bbox 501 2539 2091 2622; baseline -0.009 -18"><span class='ocrx_word' id='word_1_174' title='bbox 501 2552 601 2622; x_wconf 80' lang='grc' dir='ltr'>τῆς</span> <span class='ocrx_word' id='word_1_175' title='bbox 646 2548 838 2621; x_wconf 84' lang='grc' dir='ltr'>ἐτέρας</span> <span class='ocrx_word' id='word_1_176' title='bbox 885 2546 1152 2618; x_wconf 81' lang='grc' dir='ltr'>ἀφεκτέον</span> <span class='ocrx_word' id='word_1_177' title='bbox 1208 2546 1396 2616; x_wconf 83' lang='grc' dir='ltr'>αὐτῷ·</span> <span class='ocrx_word' id='word_1_178' title='bbox 1453 2543 1622 2606; x_wconf 72' lang='grc' dir='ltr'>οὕτως</span> <span class='ocrx_word' id='word_1_179' title='bbox 1673 2543 1803 2613; x_wconf 79' lang='grc' dir='ltr'>ἡμῖν</span> <span class='ocrx_word' id='word_1_180' title='bbox 1855 2539 1950 2594; x_wconf 66' lang='grc' dir='ltr'><strong>καὶ</strong></span> <span class='ocrx_word' id='word_1_181' title='bbox 1998 2539 2091 2591; x_wconf 83' lang='grc' dir='ltr'><strong>δύο</strong></span> 
     </span>
    </p>
   </div>
   <div class='ocr_carea' id='block_1_28' title="bbox 502 2630 2090 2713">
    <p class='ocr_par' dir='ltr' id='par_1_28' title="bbox 502 2630 2090 2713">
     <span class='ocr_line' id='line_1_28' title="bbox 502 2630 2090 2713; baseline -0.008 -21"><span class='ocrx_word' id='word_1_182' title='bbox 502 2639 880 2713; x_wconf 78' lang='grc' dir='ltr'>προκειμένων</span> <span class='ocrx_word' id='word_1_183' title='bbox 913 2638 1136 2707; x_wconf 89' lang='grc' dir='ltr'>γάμων,</span> <span class='ocrx_word' id='word_1_184' title='bbox 1177 2634 1272 2689; x_wconf 81' lang='grc' dir='ltr'>τοῦ</span> <span class='ocrx_word' id='word_1_185' title='bbox 1312 2635 1412 2706; x_wconf 87' lang='grc' dir='ltr'><strong>μὲν</strong></span> <span class='ocrx_word' id='word_1_186' title='bbox 1446 2633 1537 2687; x_wconf 81' lang='grc' dir='ltr'>διὰ</span> <span class='ocrx_word' id='word_1_187' title='bbox 1570 2632 1774 2704; x_wconf 86' lang='grc' dir='ltr'>σαρκὸς</span> <span class='ocrx_word' id='word_1_188' title='bbox 1812 2630 2090 2683; x_wconf 78' lang='grc' dir='ltr'>ἐπιτελου-</span> 
     </span>
    </p>
   </div>
   <div class='ocr_carea' id='block_1_29' title="bbox 504 2718 2089 2803">
    <p class='ocr_par' dir='ltr' id='par_1_29' title="bbox 504 2718 2089 2803">
     <span class='ocr_line' id='line_1_29' title="bbox 504 2718 2089 2803; baseline -0.009 -18"><span class='ocrx_word' id='word_1_189' title='bbox 504 2732 686 2803; x_wconf 77' lang='grc' dir='ltr'>μένου,</span> <span class='ocrx_word' id='word_1_190' title='bbox 718 2728 812 2783; x_wconf 81' lang='grc' dir='ltr'>τοῦ</span> <span class='ocrx_word' id='word_1_191' title='bbox 846 2728 901 2783; x_wconf 87' lang='grc' dir='ltr'>δὲ</span> <span class='ocrx_word' id='word_1_192' title='bbox 930 2728 1019 2782; x_wconf 85' lang='grc' dir='ltr'><strong>διὰ</strong></span> <span class='ocrx_word' id='word_1_193' title='bbox 1051 2725 1384 2797; x_wconf 87' lang='grc' dir='ltr'>πνεύματος,</span> <span class='ocrx_word' id='word_1_194' title='bbox 1413 2725 1446 2795; x_wconf 85' lang='grc' dir='ltr'>ἡ</span> <span class='ocrx_word' id='word_1_195' title='bbox 1480 2724 1610 2796; x_wconf 75' lang='grc' dir='ltr'>περὶ</span> <span class='ocrx_word' id='word_1_196' title='bbox 1637 2723 1728 2776; x_wconf 90' lang='grc' dir='ltr'><strong>τὸν</strong></span> <span class='ocrx_word' id='word_1_197' title='bbox 1761 2722 1857 2775; x_wconf 72' lang='grc' dir='ltr'><strong>ἕνα</strong></span> <span class='ocrx_word' id='word_1_198' title='bbox 1886 2718 2089 2789; x_wconf 79' lang='grc' dir='ltr'>σπουδὴ</span> 
     </span>
    </p>
   </div>
   <div class='ocr_carea' id='block_1_30' title="bbox 500 2811 2090 2891">
    <p class='ocr_par' dir='ltr' id='par_1_30' title="bbox 500 2811 2090 2891">
     <span class='ocr_line' id='line_1_30' title="bbox 500 2811 2090 2891; baseline -0.008 -16"><span class='ocrx_word' id='word_1_199' title='bbox 500 2821 590 2875; x_wconf 85' lang='grc' dir='ltr'><strong>τὸν</strong></span> <span class='ocrx_word' id='word_1_200' title='bbox 613 2819 706 2874; x_wconf 80' lang='grc' dir='ltr'><strong>τοῦ</strong></span> <span class='ocrx_word' id='word_1_201' title='bbox 735 2820 925 2891; x_wconf 85' lang='grc' dir='ltr'>ἐτέρου</span> <span class='ocrx_word' id='word_1_202' title='bbox 959 2817 1235 2889; x_wconf 88' lang='grc' dir='ltr'>χωρισμὸν</span> <span class='ocrx_word' id='word_1_203' title='bbox 1266 2817 1564 2884; x_wconf 80' lang='grc' dir='ltr'>ἀναγκαῖον</span> <span class='ocrx_word' id='word_1_204' title='bbox 1602 2815 1767 2868; x_wconf 84' lang='grc' dir='ltr'>ποιεῖ.</span> <span class='ocrx_word' id='word_1_205' title='bbox 1811 2811 1950 2865; x_wconf 74' lang='grc' dir='ltr'>Οὔτε</span> <span class='ocrx_word' id='word_1_206' title='bbox 1981 2812 2090 2881; x_wconf 73' lang='grc' dir='ltr'><strong>γὰρ</strong></span> 
     </span>
    </p>
   </div>
   <div class='ocr_carea' id='block_1_31' title="bbox 498 2901 2090 2976">
    <p class='ocr_par' dir='ltr' id='par_1_31' title="bbox 498 2901 2090 2976">
     <span class='ocr_line' id='line_1_31' title="bbox 498 2901 2090 2976; baseline -0.004 -15"><span class='ocrx_word' id='word_1_207' title='bbox 498 2906 591 2961; x_wconf 85' lang='grc' dir='ltr'><strong>δύο</strong></span> <span class='ocrx_word' id='word_1_208' title='bbox 625 2906 766 2961; x_wconf 82' lang='grc' dir='ltr'>κατὰ</span> <span class='ocrx_word' id='word_1_209' title='bbox 795 2906 991 2961; x_wconf 80' lang='grc' dir='ltr'>ταύτὸν</span> <span class='ocrx_word' id='word_1_210' title='bbox 1030 2903 1310 2976; x_wconf 76' lang='grc' dir='ltr'>ὀφθαλμὸς</span> <span class='ocrx_word' id='word_1_211' title='bbox 1354 2904 1482 2957; x_wconf 88' lang='grc' dir='ltr'>ἰδεῖν</span> <span class='ocrx_word' id='word_1_212' title='bbox 1514 2903 1700 2967; x_wconf 85' lang='grc' dir='ltr'>ἱκανός</span> <span class='ocrx_word' id='word_1_213' title='bbox 1730 2905 1900 2965; x_wconf 89' lang='grc' dir='ltr'>ἐστιν,</span> <span class='ocrx_word' id='word_1_214' title='bbox 1931 2903 1979 2955; x_wconf 71' lang='grc' dir='ltr'><strong>εἰ</strong></span> <span class='ocrx_word' id='word_1_215' title='bbox 2015 2901 2090 2973; x_wconf 86' lang='grc' dir='ltr'>μὴ</span> 
     </span>
    </p>
   </div>
   <div class='ocr_carea' id='block_1_32' title="bbox 501 2992 2091 3069">
    <p class='ocr_par' dir='ltr' id='par_1_32' title="bbox 501 2992 2091 3069">
     <span class='ocr_line' id='line_1_32' title="bbox 501 2992 2091 3069; baseline -0.004 -18"><span class='ocrx_word' id='word_1_216' title='bbox 501 2997 603 3052; x_wconf 80' lang='grc' dir='ltr'>ἀνὰ</span> <span class='ocrx_word' id='word_1_217' title='bbox 646 2997 812 3069; x_wconf 82' lang='grc' dir='ltr'>μέρος</span> <span class='ocrx_word' id='word_1_218' title='bbox 854 2996 948 3051; x_wconf 68' lang='grc' dir='ltr'>καὶ</span> <span class='ocrx_word' id='word_1_219' title='bbox 998 2995 1103 3067; x_wconf 74' lang='grc' dir='ltr'>ἰδίᾳ</span> <span class='ocrx_word' id='word_1_220' title='bbox 1142 2995 1388 3066; x_wconf 83' lang='grc' dir='ltr'>ἑκατέρῳ</span> <span class='ocrx_word' id='word_1_221' title='bbox 1422 2995 1512 3049; x_wconf 88' lang='grc' dir='ltr'><strong>τὸν</strong></span> <span class='ocrx_word' id='word_1_222' title='bbox 1558 2992 1834 3064; x_wconf 82' lang='grc' dir='ltr'>ὀφθαλμὸν</span> <span class='ocrx_word' id='word_1_223' title='bbox 1875 2993 2091 3065; x_wconf 84' lang='grc' dir='ltr'>ἐπερεί-</span> 
     </span>
    </p>
   </div>
   <div class='ocr_carea' id='block_1_33' title="bbox 504 3085 2087 3158">
    <p class='ocr_par' dir='ltr' id='par_1_33' title="bbox 504 3085 2087 3158">
     <span class='ocr_line' id='line_1_33' title="bbox 504 3085 2087 3158; baseline -0.003 -17"><span class='ocrx_word' id='word_1_224' title='bbox 504 3105 677 3143; x_wconf 76' lang='grc' dir='ltr'>σειενο</span> <span class='ocrx_word' id='word_1_225' title='bbox 724 3086 848 3142; x_wconf 70' lang='grc' dir='ltr'>οὔτε</span> <span class='ocrx_word' id='word_1_226' title='bbox 878 3088 911 3158; x_wconf 85' lang='grc' dir='ltr'>ή</span> <span class='ocrx_word' id='word_1_227' title='bbox 941 3085 1165 3156; x_wconf 86' lang='grc' dir='ltr'>γλῶσσα</span> <span class='ocrx_word' id='word_1_228' title='bbox 1191 3087 1466 3157; x_wconf 79' lang='grc' dir='ltr'>διαφόροις</span> <span class='ocrx_word' id='word_1_229' title='bbox 1498 3086 1833 3157; x_wconf 81' lang='grc' dir='ltr'>ὑπηρετήσει</span> <span class='ocrx_word' id='word_1_230' title='bbox 1862 3087 2087 3153; x_wconf 84' lang='grc' dir='ltr'>φωναῖς,</span> 
     </span>
    </p>
   </div>
   <div class='ocr_carea' id='block_1_34' title="bbox 2187 518 3789 590">
    <p class='ocr_par' dir='ltr' id='par_1_34' title="bbox 2187 518 3789 590">
     <span class='ocr_line' id='line_1_34' title="bbox 2187 518 3789 590; baseline -0.002 -18"><span class='ocrx_word' id='word_1_231' title='bbox 2187 520 2366 590; x_wconf 90' lang='lat' dir='ltr'><strong>partui</strong></span> <span class='ocrx_word' id='word_1_232' title='bbox 2414 519 2803 590; x_wconf 86' lang='lat' dir='ltr'><strong>impedimento</strong></span> <span class='ocrx_word' id='word_1_233' title='bbox 2845 518 2968 574; x_wconf 82' lang='lat' dir='ltr'><strong>fuit.</strong></span> <span class='ocrx_word' id='word_1_234' title='bbox 3001 518 3138 573; x_wconf 89' lang='lat' dir='ltr'><strong>Cum</strong></span> <span class='ocrx_word' id='word_1_235' title='bbox 3180 519 3324 574; x_wconf 91' lang='lat' dir='ltr'><strong>enim</strong></span> <span class='ocrx_word' id='word_1_236' title='bbox 3358 519 3587 589; x_wconf 72' lang='lat' dir='ltr'><strong>Spiritus</strong></span> <span class='ocrx_word' id='word_1_237' title='bbox 3618 518 3789 571; x_wconf 47' lang='lat' dir='ltr'><strong>satur</strong></span> 
     </span>
    </p>
   </div>
   <div class='ocr_carea' id='block_1_35' title="bbox 2188 609 3767 680">
    <p class='ocr_par' dir='ltr' id='par_1_35' title="bbox 2188 609 3767 680">
     <span class='ocr_line' id='line_1_35' title="bbox 2188 609 3767 680; baseline -0.003 -16"><span class='ocrx_word' id='word_1_238' title='bbox 2188 612 2257 665; x_wconf 91' lang='lat' dir='ltr'><strong>tis</strong></span> <span class='ocrx_word' id='word_1_239' title='bbox 2323 611 2602 677; x_wconf 89' lang='lat' dir='ltr'><strong>nascitur,</strong></span> <span class='ocrx_word' id='word_1_240' title='bbox 2662 618 2721 663; x_wconf 92' lang='lat' dir='ltr'><strong>ut</strong></span> <span class='ocrx_word' id='word_1_241' title='bbox 2772 610 2948 680; x_wconf 89' lang='lat' dir='ltr'><strong>inquit</strong></span> <span class='ocrx_word' id='word_1_242' title='bbox 2998 611 3169 666; x_wconf 90' lang='lat' dir='ltr'><strong>Isaias</strong></span> <span class='ocrx_word' id='word_1_243' title='bbox 3200 650 3216 674; x_wconf 94' lang='lat'><strong>,</strong></span> <span class='ocrx_word' id='word_1_244' title='bbox 3268 610 3490 665; x_wconf 91' lang='lat' dir='ltr'><strong>inutiles</strong></span> <span class='ocrx_word' id='word_1_245' title='bbox 3541 609 3767 665; x_wconf 79' lang='lat' dir='ltr'><strong>omnino</strong></span> 
     </span>
    </p>
   </div>
   <div class='ocr_carea' id='block_1_36' title="bbox 2186 700 3769 771">
    <p class='ocr_par' dir='ltr' id='par_1_36' title="bbox 2186 700 3769 771">
     <span class='ocr_line' id='line_1_36' title="bbox 2186 700 3769 771; baseline -0.004 -15"><span class='ocrx_word' id='word_1_246' title='bbox 2186 709 2313 757; x_wconf 89' lang='lat' dir='ltr'><strong>sunt</strong></span> <span class='ocrx_word' id='word_1_247' title='bbox 2368 700 2551 754; x_wconf 86' lang='lat' dir='ltr'><strong>carnis</strong></span> <span class='ocrx_word' id='word_1_248' title='bbox 2628 700 2959 756; x_wconf 88' lang='lat' dir='ltr'><strong>voluntates.</strong></span> <span class='ocrx_word' id='word_1_249' title='bbox 3016 702 3194 771; x_wconf 85' lang='lat' dir='ltr'><strong>Atque</strong></span> <span class='ocrx_word' id='word_1_250' title='bbox 3231 700 3288 755; x_wconf 89' lang='lat' dir='ltr'><strong>in</strong></span> <span class='ocrx_word' id='word_1_251' title='bbox 3346 700 3490 754; x_wconf 90' lang='lat' dir='ltr'><strong>hanc</strong></span> <span class='ocrx_word' id='word_1_252' title='bbox 3547 708 3769 754; x_wconf 80' lang='lat' dir='ltr'><strong>senten-</strong></span> 
     </span>
    </p>
   </div>
   <div class='ocr_carea' id='block_1_37' title="bbox 2187 788 3766 861">
    <p class='ocr_par' dir='ltr' id='par_1_37' title="bbox 2187 788 3766 861">
     <span class='ocr_line' id='line_1_37' title="bbox 2187 788 3766 861; baseline -0.002 -17"><span class='ocrx_word' id='word_1_253' title='bbox 2187 792 2318 845; x_wconf 90' lang='lat' dir='ltr'><strong>tiam</strong></span> <span class='ocrx_word' id='word_1_254' title='bbox 2373 798 2455 845; x_wconf 87' lang='lat' dir='ltr'><strong>est</strong></span> <span class='ocrx_word' id='word_1_255' title='bbox 2510 790 2706 859; x_wconf 81' lang='lat' dir='ltr'><strong>aliquis</strong></span> <span class='ocrx_word' id='word_1_256' title='bbox 2777 790 2919 861; x_wconf 81' lang='lat' dir='ltr'><strong>apud</strong></span> <span class='ocrx_word' id='word_1_257' title='bbox 2986 790 3308 861; x_wconf 86' lang='lat' dir='ltr'><strong>Apostolnm</strong></span> <span class='ocrx_word' id='word_1_258' title='bbox 3384 804 3587 844; x_wconf 85' lang='lat' dir='ltr'><strong>sermo.</strong></span> <span class='ocrx_word' id='word_1_259' title='bbox 3652 788 3766 841; x_wconf 83' lang='lat' dir='ltr'><strong>No-</strong></span> 
     </span>
    </p>
   </div>
   <div class='ocr_carea' id='block_1_38' title="bbox 2188 881 3765 955">
    <p class='ocr_par' dir='ltr' id='par_1_38' title="bbox 2188 881 3765 955">
     <span class='ocr_line' id='line_1_38' title="bbox 2188 881 3765 955; baseline -0.003 -17"><span class='ocrx_word' id='word_1_260' title='bbox 2188 894 2359 939; x_wconf 83' lang='lat' dir='ltr'><strong>strum</strong></span> <span class='ocrx_word' id='word_1_261' title='bbox 2397 885 2627 955; x_wconf 86' lang='lat' dir='ltr'><strong>quisque</strong></span> <span class='ocrx_word' id='word_1_262' title='bbox 2676 883 2876 954; x_wconf 78' lang='lat' dir='ltr'><strong>duplex</strong></span> <span class='ocrx_word' id='word_1_263' title='bbox 2928 882 3091 939; x_wconf 90' lang='lat' dir='ltr'><strong>homo</strong></span> <span class='ocrx_word' id='word_1_264' title='bbox 3138 883 3315 949; x_wconf 83' lang='lat' dir='ltr'><strong>est“,</strong></span> <span class='ocrx_word' id='word_1_265' title='bbox 3353 900 3498 940; x_wconf 92' lang='lat' dir='ltr'><strong>unus</strong></span> <span class='ocrx_word' id='word_1_266' title='bbox 3546 881 3765 954; x_wconf 87' lang='lat' dir='ltr'><strong>quidem</strong></span> 
     </span>
    </p>
   </div>
   <div class='ocr_carea' id='block_1_39' title="bbox 2190 973 3764 1041">
    <p class='ocr_par' dir='ltr' id='par_1_39' title="bbox 2190 973 3764 1041">
     <span class='ocr_line' id='line_1_39' title="bbox 2190 973 3764 1041; baseline -0.001 -14"><span class='ocrx_word' id='word_1_267' title='bbox 2190 973 2282 1041; x_wconf 91' lang='lat' dir='ltr'><strong>qui</strong></span> <span class='ocrx_word' id='word_1_268' title='bbox 2333 974 2677 1029; x_wconf 78' lang='lat' dir='ltr'><strong>extrinsecus</strong></span> <span class='ocrx_word' id='word_1_269' title='bbox 2722 973 3002 1039; x_wconf 78' lang='lat' dir='ltr'><strong>deﬁnitur,</strong></span> <span class='ocrx_word' id='word_1_270' title='bbox 3034 976 3123 1029; x_wconf 87' lang='lat' dir='ltr'><strong>cui</strong></span> <span class='ocrx_word' id='word_1_271' title='bbox 3163 989 3193 1028; x_wconf 91' lang='lat' dir='ltr'><strong>a</strong></span> <span class='ocrx_word' id='word_1_272' title='bbox 3233 981 3429 1029; x_wconf 90' lang='lat' dir='ltr'><strong>natura</strong></span> <span class='ocrx_word' id='word_1_273' title='bbox 3463 983 3549 1030; x_wconf 90' lang='lat' dir='ltr'><strong>est</strong></span> <span class='ocrx_word' id='word_1_274' title='bbox 3577 974 3764 1029; x_wconf 89' lang='lat' dir='ltr'><strong>datum</strong></span> 
     </span>
    </p>
   </div>
   <div class='ocr_carea' id='block_1_40' title="bbox 2188 1065 3769 1135">
    <p class='ocr_par' dir='ltr' id='par_1_40' title="bbox 2188 1065 3769 1135">
     <span class='ocr_line' id='line_1_40' title="bbox 2188 1065 3769 1135; baseline 0.003 -21"><span class='ocrx_word' id='word_1_275' title='bbox 2188 1070 2249 1114; x_wconf 91' lang='lat' dir='ltr'><strong>ut</strong></span> <span class='ocrx_word' id='word_1_276' title='bbox 2315 1072 2738 1135; x_wconf 80' lang='lat' dir='ltr'><strong>corrumpatur;</strong></span> <span class='ocrx_word' id='word_1_277' title='bbox 2772 1065 2910 1119; x_wconf 82' lang='lat' dir='ltr'><strong>alter</strong></span> <span class='ocrx_word' id='word_1_278' title='bbox 2937 1080 3067 1120; x_wconf 82' lang='lat' dir='ltr'><strong>vero</strong></span> <span class='ocrx_word' id='word_1_279' title='bbox 3092 1066 3183 1135; x_wconf 92' lang='lat' dir='ltr'><strong>qni</strong></span> <span class='ocrx_word' id='word_1_280' title='bbox 3218 1080 3286 1121; x_wconf 82' lang='lat' dir='ltr'><strong>ex</strong></span> <span class='ocrx_word' id='word_1_281' title='bbox 3339 1066 3556 1121; x_wconf 83' lang='lat' dir='ltr'><strong>occulto</strong></span> <span class='ocrx_word' id='word_1_282' title='bbox 3584 1066 3769 1120; x_wconf 87' lang='lat' dir='ltr'><strong>cordis</strong></span> 
     </span>
    </p>
   </div>
   <div class='ocr_carea' id='block_1_41' title="bbox 2188 1154 3770 1228">
    <p class='ocr_par' dir='ltr' id='par_1_41' title="bbox 2188 1154 3770 1228">
     <span class='ocr_line' id='line_1_41' title="bbox 2188 1154 3770 1228; baseline -0.001 -18"><span class='ocrx_word' id='word_1_283' title='bbox 2188 1154 2554 1227; x_wconf 81' lang='lat' dir='ltr'><strong>intelligitur,</strong></span> <span class='ocrx_word' id='word_1_284' title='bbox 2611 1158 2703 1227; x_wconf 90' lang='lat' dir='ltr'><strong>qui</strong></span> <span class='ocrx_word' id='word_1_285' title='bbox 2788 1158 3196 1213; x_wconf 83' lang='lat' dir='ltr'><strong>renovationem</strong></span> <span class='ocrx_word' id='word_1_286' title='bbox 3258 1158 3423 1228; x_wconf 89' lang='lat' dir='ltr'><strong>capit.</strong></span> <span class='ocrx_word' id='word_1_287' title='bbox 3473 1155 3531 1211; x_wconf 91' lang='lat' dir='ltr'><strong>Si</strong></span> <span class='ocrx_word' id='word_1_288' title='bbox 3602 1158 3770 1228; x_wconf 79' lang='lat' dir='ltr'><strong>igitur</strong></span> 
     </span>
    </p>
   </div>
   <div class='ocr_carea' id='block_1_42' title="bbox 2188 1249 3771 1321">
    <p class='ocr_par' dir='ltr' id='par_1_42' title="bbox 2188 1249 3771 1321">
     <span class='ocr_line' id='line_1_42' title="bbox 2188 1249 3771 1321; baseline -0.001 -18"><span class='ocrx_word' id='word_1_289' title='bbox 2188 1263 2348 1303; x_wconf 87' lang='lat' dir='ltr'><strong>verus</strong></span> <span class='ocrx_word' id='word_1_290' title='bbox 2378 1250 2677 1319; x_wconf 90' lang='lat' dir='ltr'><strong>sermo(is</strong></span> <span class='ocrx_word' id='word_1_291' title='bbox 2724 1258 2903 1305; x_wconf 89' lang='lat' dir='ltr'><strong>autem</strong></span> <span class='ocrx_word' id='word_1_292' title='bbox 2961 1266 3123 1305; x_wconf 89' lang='lat' dir='ltr'><strong>verus</strong></span> <span class='ocrx_word' id='word_1_293' title='bbox 3148 1257 3240 1305; x_wconf 84' lang='lat' dir='ltr'><strong>est</strong></span> <span class='ocrx_word' id='word_1_294' title='bbox 3290 1258 3514 1321; x_wconf 85' lang='lat' dir='ltr'><strong>prepter</strong></span> <span class='ocrx_word' id='word_1_295' title='bbox 3564 1249 3771 1304; x_wconf 44' lang='lat' dir='ltr'><strong>verita&#39;</strong></span> 
     </span>
    </p>
   </div>
   <div class='ocr_carea' id='block_1_43' title="bbox 2190 1334 3765 1409">
    <p class='ocr_par' dir='ltr' id='par_1_43' title="bbox 2190 1334 3765 1409">
     <span class='ocr_line' id='line_1_43' title="bbox 2190 1334 3765 1409; baseline 0.001 -23"><span class='ocrx_word' id='word_1_296' title='bbox 2190 1340 2299 1387; x_wconf 91' lang='lat' dir='ltr'><strong>tem</strong></span> <span class='ocrx_word' id='word_1_297' title='bbox 2330 1349 2448 1404; x_wconf 78' lang='lat' dir='ltr'><strong>qua:</strong></span> <span class='ocrx_word' id='word_1_298' title='bbox 2497 1334 2552 1388; x_wconf 93' lang='lat' dir='ltr'><strong>in</strong></span> <span class='ocrx_word' id='word_1_299' title='bbox 2608 1352 2673 1391; x_wconf 89' lang='lat' dir='ltr'><strong>eo</strong></span> <span class='ocrx_word' id='word_1_300' title='bbox 2719 1336 3001 1409; x_wconf 88' lang='lat' dir='ltr'><strong>loquitur),</strong></span> <span class='ocrx_word' id='word_1_301' title='bbox 3040 1338 3264 1393; x_wconf 88' lang='lat' dir='ltr'><strong>minime</strong></span> <span class='ocrx_word' id='word_1_302' title='bbox 3312 1336 3613 1393; x_wconf 92' lang='lat' dir='ltr'><strong>absurdum</strong></span> <span class='ocrx_word' id='word_1_303' title='bbox 3660 1346 3765 1399; x_wconf 89' lang='lat' dir='ltr'><strong>est,</strong></span> 
     </span>
    </p>
   </div>
   <div class='ocr_carea' id='block_1_44' title="bbox 2190 1422 3767 1509">
    <p class='ocr_par' dir='ltr' id='par_1_44' title="bbox 2190 1422 3767 1509">
     <span class='ocr_line' id='line_1_44' title="bbox 2190 1422 3767 1509; baseline 0.001 -31"><span class='ocrx_word' id='word_1_304' title='bbox 2190 1422 2387 1495; x_wconf 79' lang='lat' dir='ltr'><strong>duplex</strong></span> <span class='ocrx_word' id='word_1_305' title='bbox 2443 1426 2495 1479; x_wconf 92' lang='lat' dir='ltr'><strong>in</strong></span> <span class='ocrx_word' id='word_1_306' title='bbox 2528 1436 2783 1496; x_wconf 87' lang='lat' dir='ltr'><strong>utroque,</strong></span> <span class='ocrx_word' id='word_1_307' title='bbox 2832 1427 2925 1498; x_wconf 90' lang='lat' dir='ltr'><strong>qui</strong></span> <span class='ocrx_word' id='word_1_308' title='bbox 2983 1429 3039 1483; x_wconf 92' lang='lat' dir='ltr'><strong>in</strong></span> <span class='ocrx_word' id='word_1_309' title='bbox 3076 1429 3232 1484; x_wconf 91' lang='lat' dir='ltr'><strong>nobis</strong></span> <span class='ocrx_word' id='word_1_310' title='bbox 3264 1438 3381 1509; x_wconf 49' lang='lat' dir='ltr'><strong>est,</strong></span> <span class='ocrx_word' id='word_1_311' title='bbox 3410 1429 3632 1485; x_wconf 88' lang='lat' dir='ltr'><strong>homine</strong></span> <span class='ocrx_word' id='word_1_312' title='bbox 3664 1444 3767 1499; x_wconf 90' lang='lat' dir='ltr'><strong>pu-</strong></span> 
     </span>
    </p>
   </div>
   <div class='ocr_carea' id='block_1_45' title="bbox 2188 1517 3764 1573">
    <p class='ocr_par' dir='ltr' id='par_1_45' title="bbox 2188 1517 3764 1573">
     <span class='ocr_line' id='line_1_45' title="bbox 2188 1517 3764 1573; baseline -0.001 -1"><span class='ocrx_word' id='word_1_313' title='bbox 2188 1527 2305 1572; x_wconf 91' lang='lat' dir='ltr'><strong>tare</strong></span> <span class='ocrx_word' id='word_1_314' title='bbox 2361 1517 2770 1571; x_wconf 82' lang='lat' dir='ltr'><strong>matrimonium</strong></span> <span class='ocrx_word' id='word_1_315' title='bbox 2826 1526 3072 1572; x_wconf 91' lang='lat' dir='ltr'><strong>mutuum</strong></span> <span class='ocrx_word' id='word_1_316' title='bbox 3121 1527 3174 1573; x_wconf 89' lang='lat' dir='ltr'><strong>et</strong></span> <span class='ocrx_word' id='word_1_317' title='bbox 3218 1518 3550 1573; x_wconf 87' lang='lat' dir='ltr'><strong>conveniens</strong></span> <span class='ocrx_word' id='word_1_318' title='bbox 3597 1534 3764 1573; x_wconf 90' lang='lat' dir='ltr'><strong>esse:</strong></span> 
     </span>
    </p>
   </div>
   <div class='ocr_carea' id='block_1_46' title="bbox 1588 1610 3767 1685">
    <p class='ocr_par' dir='ltr' id='par_1_46' title="bbox 1588 1610 3767 1685">
     <span class='ocr_line' id='line_1_46' title="bbox 1588 1610 3767 1685; baseline -0.004 -15"><span class='ocrx_word' id='word_1_319' title='bbox 1588 1616 1836 1685; x_wconf 89' lang='lat' dir='ltr'><strong>corporis</strong></span> <span class='ocrx_word' id='word_1_320' title='bbox 1889 1613 2255 1681; x_wconf 71' lang='lat' dir='ltr'><strong>virginitatem</strong></span> <span class='ocrx_word' id='word_1_321' title='bbox 2326 1610 2587 1683; x_wconf 86' lang='lat' dir='ltr'><strong>spiritalis</strong></span> <span class='ocrx_word' id='word_1_322' title='bbox 2662 1621 2825 1682; x_wconf 90' lang='lat' dir='ltr'><strong>atque</strong></span> <span class='ocrx_word' id='word_1_323' title='bbox 2871 1611 3146 1667; x_wconf 87' lang='lat' dir='ltr'><strong>interioris</strong></span> <span class='ocrx_word' id='word_1_324' title='bbox 3201 1610 3534 1667; x_wconf 86' lang='lat' dir='ltr'><strong>matrimonii</strong></span> <span class='ocrx_word' id='word_1_325' title='bbox 3607 1610 3767 1682; x_wconf 84' lang='lat' dir='ltr'><strong>adju-</strong></span> 
     </span>
    </p>
   </div>
   <div class='ocr_carea' id='block_1_47' title="bbox 499 1708 2184 1784">
    <p class='ocr_par' dir='ltr' id='par_1_47' title="bbox 499 1708 2184 1784">
     <span class='ocr_line' id='line_1_47' title="bbox 499 1708 2184 1784; baseline -0.004 -16"><span class='ocrx_word' id='word_1_326' title='bbox 499 1714 687 1768; x_wconf 82' lang='lat' dir='ltr'><strong>tricem</strong></span> <span class='ocrx_word' id='word_1_327' title='bbox 720 1722 883 1784; x_wconf 87' lang='lat' dir='ltr'><strong>atque</strong></span> <span class='ocrx_word' id='word_1_328' title='bbox 914 1712 1181 1783; x_wconf 87' lang='lat' dir='ltr'><strong>hospitem</strong></span> <span class='ocrx_word' id='word_1_329' title='bbox 1218 1725 1372 1775; x_wconf 89' lang='lat' dir='ltr'><strong>esse,</strong></span> <span class='ocrx_word' id='word_1_330' title='bbox 1420 1711 1466 1767; x_wconf 90' lang='lat' dir='ltr'><strong>is</strong></span> <span class='ocrx_word' id='word_1_331' title='bbox 1500 1726 1528 1765; x_wconf 91' lang='lat' dir='ltr'><strong>a</strong></span> <span class='ocrx_word' id='word_1_332' title='bbox 1560 1722 1707 1766; x_wconf 88' lang='lat' dir='ltr'><strong>recto</strong></span> <span class='ocrx_word' id='word_1_333' title='bbox 1740 1726 1848 1764; x_wconf 90' lang='lat' dir='ltr'><strong>non</strong></span> <span class='ocrx_word' id='word_1_334' title='bbox 1888 1708 2184 1763; x_wconf 86' lang='lat' dir='ltr'><strong>aberrabit.</strong></span> 
     </span>
    </p>
   </div>
   <div class='ocr_carea' id='block_1_48' title="bbox 2788 1821 3199 1877">
    <p class='ocr_par' dir='ltr' id='par_1_48' title="bbox 2788 1821 3199 1877">
     <span class='ocr_line' id='line_1_48' title="bbox 2788 1821 3199 1877; baseline -0.002 0"><span class='ocrx_word' id='word_1_335' title='bbox 2788 1821 3019 1877; x_wconf 80' lang='lat' dir='ltr'><strong>CAPUT</strong></span> <span class='ocrx_word' id='word_1_336' title='bbox 3078 1822 3199 1876; x_wconf 76' lang='lat' dir='ltr'><strong>XX.</strong></span> 
     </span>
    </p>
   </div>
   <div class='ocr_carea' id='block_1_49' title="bbox 2193 1934 3771 2006">
    <p class='ocr_par' dir='ltr' id='par_1_49' title="bbox 2193 1934 3771 2006">
     <span class='ocr_line' id='line_1_49' title="bbox 2193 1934 3771 2006; baseline 0.003 -18"><span class='ocrx_word' id='word_1_337' title='bbox 2193 1934 2341 1990; x_wconf 82' lang='lat' dir='ltr'><strong>Fieri</strong></span> <span class='ocrx_word' id='word_1_338' title='bbox 2394 1952 2497 1991; x_wconf 84' lang='lat' dir='ltr'><strong>non</strong></span> <span class='ocrx_word' id='word_1_339' title='bbox 2552 1946 2753 2006; x_wconf 84' lang='lat' dir='ltr'><strong>potest,</strong></span> <span class='ocrx_word' id='word_1_340' title='bbox 2787 1948 2845 1990; x_wconf 84' lang='lat' dir='ltr'><strong>ut</strong></span> <span class='ocrx_word' id='word_1_341' title='bbox 2899 1940 3134 2005; x_wconf 84' lang='lat' dir='ltr'><strong>corporis</strong></span> <span class='ocrx_word' id='word_1_342' title='bbox 3194 1939 3550 2006; x_wconf 69' lang='lat' dir='ltr'><strong>voluptatibus</strong></span> <span class='ocrx_word' id='word_1_343' title='bbox 3610 1939 3771 1993; x_wconf 77' lang='lat' dir='ltr'><strong>simul</strong></span> 
     </span>
    </p>
   </div>
   <div class='ocr_carea' id='block_1_50' title="bbox 2259 2008 3769 2080">
    <p class='ocr_par' dir='ltr' id='par_1_50' title="bbox 2259 2008 3769 2080">
     <span class='ocr_line' id='line_1_50' title="bbox 2259 2008 3769 2080; baseline 0.003 -20"><span class='ocrx_word' id='word_1_344' title='bbox 2259 2009 2374 2077; x_wconf 79' lang='lat' dir='ltr'><strong>quis</strong></span> <span class='ocrx_word' id='word_1_345' title='bbox 2408 2010 2624 2072; x_wconf 79' lang='lat' dir='ltr'><strong>serviat,</strong></span> <span class='ocrx_word' id='word_1_346' title='bbox 2664 2019 2712 2063; x_wconf 82' lang='lat' dir='ltr'><strong>et</strong></span> <span class='ocrx_word' id='word_1_347' title='bbox 2756 2011 3176 2076; x_wconf 79' lang='lat' dir='ltr'><strong>temperantiam,</strong></span> <span class='ocrx_word' id='word_1_348' title='bbox 3204 2027 3321 2080; x_wconf 77' lang='lat' dir='ltr'><strong>qua:</strong></span> <span class='ocrx_word' id='word_1_349' title='bbox 3351 2008 3460 2064; x_wconf 85' lang='lat' dir='ltr'><strong>Deo</strong></span> <span class='ocrx_word' id='word_1_350' title='bbox 3492 2020 3644 2080; x_wconf 83' lang='lat' dir='ltr'><strong>grata</strong></span> <span class='ocrx_word' id='word_1_351' title='bbox 3675 2012 3769 2073; x_wconf 72' lang='lat' dir='ltr'><strong>sit.</strong></span> 
     </span>
    </p>
   </div>
   <div class='ocr_carea' id='block_1_51' title="bbox 2262 2089 2596 2148">
    <p class='ocr_par' dir='ltr' id='par_1_51' title="bbox 2262 2089 2596 2148">
     <span class='ocr_line' id='line_1_51' title="bbox 2262 2089 2596 2148; baseline 0.006 -18"><span class='ocrx_word' id='word_1_352' title='bbox 2262 2089 2596 2148; x_wconf 80' lang='lat' dir='ltr'><strong>assequatur.</strong></span> 
     </span>
    </p>
   </div>
   <div class='ocr_carea' id='block_1_52' title="bbox 2259 2168 3770 2240">
    <p class='ocr_par' dir='ltr' id='par_1_52' title="bbox 2259 2168 3770 2240">
     <span class='ocr_line' id='line_1_52' title="bbox 2259 2168 3770 2240; baseline 0.002 -18"><span class='ocrx_word' id='word_1_353' title='bbox 2259 2168 2728 2234; x_wconf 77' lang='lat' dir='ltr'><strong>Quemadmodum</strong></span> <span class='ocrx_word' id='word_1_354' title='bbox 2756 2184 2865 2223; x_wconf 89' lang='lat' dir='ltr'><strong>non</strong></span> <span class='ocrx_word' id='word_1_355' title='bbox 2900 2184 3194 2240; x_wconf 88' lang='lat' dir='ltr'><strong>possumus</strong></span> <span class='ocrx_word' id='word_1_356' title='bbox 3229 2185 3489 2226; x_wconf 91' lang='lat' dir='ltr'><strong>manuum</strong></span> <span class='ocrx_word' id='word_1_357' title='bbox 3541 2186 3770 2227; x_wconf 85' lang='lat' dir='ltr'><strong>munere</strong></span> 
     </span>
    </p>
   </div>
   <div class='ocr_carea' id='block_1_53' title="bbox 2191 2259 3769 2328">
    <p class='ocr_par' dir='ltr' id='par_1_53' title="bbox 2191 2259 3769 2328">
     <span class='ocr_line' id='line_1_53' title="bbox 2191 2259 3769 2328; baseline 0.004 -16"><span class='ocrx_word' id='word_1_358' title='bbox 2191 2259 2513 2328; x_wconf 86' lang='lat' dir='ltr'><strong>actioneque</strong></span> <span class='ocrx_word' id='word_1_359' title='bbox 2552 2260 2690 2315; x_wconf 92' lang='lat' dir='ltr'><strong>duas</strong></span> <span class='ocrx_word' id='word_1_360' title='bbox 2747 2260 2909 2314; x_wconf 83' lang='lat' dir='ltr'><strong>simul</strong></span> <span class='ocrx_word' id='word_1_361' title='bbox 2971 2269 3116 2317; x_wconf 84' lang='lat' dir='ltr'><strong>artes</strong></span> <span class='ocrx_word' id='word_1_362' title='bbox 3150 2277 3408 2318; x_wconf 80' lang='lat' dir='ltr'><strong>exercere</strong></span> <span class='ocrx_word' id='word_1_363' title='bbox 3443 2302 3457 2327; x_wconf 93' lang='lat'><strong>,</strong></span> <span class='ocrx_word' id='word_1_364' title='bbox 3508 2264 3672 2319; x_wconf 89' lang='lat' dir='ltr'><strong>veluti</strong></span> <span class='ocrx_word' id='word_1_365' title='bbox 3715 2270 3769 2318; x_wconf 78' lang='lat' dir='ltr'><strong>et</strong></span> 
     </span>
    </p>
   </div>
   <div class='ocr_carea' id='block_1_54' title="bbox 2190 2352 3766 2425">
    <p class='ocr_par' dir='ltr' id='par_1_54' title="bbox 2190 2352 3766 2425">
     <span class='ocr_line' id='line_1_54' title="bbox 2190 2352 3766 2425; baseline 0.003 -22"><span class='ocrx_word' id='word_1_366' title='bbox 2190 2352 2535 2421; x_wconf 66' lang='lat' dir='ltr'><strong>agriculturae</strong></span> <span class='ocrx_word' id='word_1_367' title='bbox 2587 2359 2641 2406; x_wconf 91' lang='lat' dir='ltr'><strong>et</strong></span> <span class='ocrx_word' id='word_1_368' title='bbox 2712 2352 3041 2422; x_wconf 80' lang='lat' dir='ltr'><strong>navigationi</strong></span> <span class='ocrx_word' id='word_1_369' title='bbox 3100 2354 3262 2409; x_wconf 91' lang='lat' dir='ltr'><strong>simul</strong></span> <span class='ocrx_word' id='word_1_370' title='bbox 3319 2370 3541 2425; x_wconf 89' lang='lat' dir='ltr'><strong>operam</strong></span> <span class='ocrx_word' id='word_1_371' title='bbox 3610 2356 3766 2417; x_wconf 76' lang='lat' dir='ltr'><strong>dare,</strong></span> 
     </span>
    </p>
   </div>
   <div class='ocr_carea' id='block_1_55' title="bbox 2191 2441 3761 2515">
    <p class='ocr_par' dir='ltr' id='par_1_55' title="bbox 2191 2441 3761 2515">
     <span class='ocr_line' id='line_1_55' title="bbox 2191 2441 3761 2515; baseline 0.004 -20"><span class='ocrx_word' id='word_1_372' title='bbox 2191 2441 2585 2514; x_wconf 78' lang='lat' dir='ltr'><strong>ferrariamque</strong></span> <span class='ocrx_word' id='word_1_373' title='bbox 2659 2444 2821 2499; x_wconf 87' lang='lat' dir='ltr'><strong>simul</strong></span> <span class='ocrx_word' id='word_1_374' title='bbox 2882 2454 2937 2499; x_wconf 90' lang='lat' dir='ltr'><strong>et</strong></span> <span class='ocrx_word' id='word_1_375' title='bbox 2990 2444 3274 2515; x_wconf 83' lang='lat' dir='ltr'><strong>lignariam</strong></span> <span class='ocrx_word' id='word_1_376' title='bbox 3317 2446 3534 2512; x_wconf 81' lang='lat' dir='ltr'><strong>facere,</strong></span> <span class='ocrx_word' id='word_1_377' title='bbox 3589 2446 3682 2503; x_wconf 85' lang='lat' dir='ltr'><strong>sed</strong></span> <span class='ocrx_word' id='word_1_378' title='bbox 3715 2449 3761 2503; x_wconf 91' lang='lat' dir='ltr'><strong>si</strong></span> 
     </span>
    </p>
   </div>
   <div class='ocr_carea' id='block_1_56' title="bbox 2190 2536 3766 2605">
    <p class='ocr_par' dir='ltr' id='par_1_56' title="bbox 2190 2536 3766 2605">
     <span class='ocr_line' id='line_1_56' title="bbox 2190 2536 3766 2605; baseline 0.004 -18"><span class='ocrx_word' id='word_1_379' title='bbox 2190 2536 2313 2605; x_wconf 89' lang='lat' dir='ltr'><strong>quis</strong></span> <span class='ocrx_word' id='word_1_380' title='bbox 2356 2536 2451 2590; x_wconf 92' lang='lat' dir='ltr'><strong>uni</strong></span> <span class='ocrx_word' id='word_1_381' title='bbox 2500 2548 2648 2592; x_wconf 87' lang='lat' dir='ltr'><strong>recte</strong></span> <span class='ocrx_word' id='word_1_382' title='bbox 2681 2552 2803 2593; x_wconf 83' lang='lat' dir='ltr'><strong>sese</strong></span> <span class='ocrx_word' id='word_1_383' title='bbox 2849 2536 3081 2593; x_wconf 88' lang='lat' dir='ltr'><strong>daturus</strong></span> <span class='ocrx_word' id='word_1_384' title='bbox 3134 2546 3239 2603; x_wconf 89' lang='lat' dir='ltr'><strong>est,</strong></span> <span class='ocrx_word' id='word_1_385' title='bbox 3275 2539 3500 2595; x_wconf 89' lang='lat' dir='ltr'><strong>alteram</strong></span> <span class='ocrx_word' id='word_1_386' title='bbox 3550 2539 3766 2597; x_wconf 84' lang='lat' dir='ltr'><strong>deserat</strong></span> 
     </span>
    </p>
   </div>
   <div class='ocr_carea' id='block_1_57' title="bbox 2190 2629 3768 2702">
    <p class='ocr_par' dir='ltr' id='par_1_57' title="bbox 2190 2629 3768 2702">
     <span class='ocr_line' id='line_1_57' title="bbox 2190 2629 3768 2702; baseline 0.003 -22"><span class='ocrx_word' id='word_1_387' title='bbox 2190 2643 2415 2683; x_wconf 89' lang='lat' dir='ltr'><strong>necesse</strong></span> <span class='ocrx_word' id='word_1_388' title='bbox 2459 2636 2543 2684; x_wconf 86' lang='lat' dir='ltr'><strong>est</strong></span> <span class='ocrx_word' id='word_1_389' title='bbox 2578 2646 2591 2682; x_wconf 90' lang='lat'>:</span> <span class='ocrx_word' id='word_1_390' title='bbox 2629 2629 2702 2682; x_wconf 87' lang='lat' dir='ltr'><strong>ita</strong></span> <span class='ocrx_word' id='word_1_391' title='bbox 2757 2645 2881 2684; x_wconf 90' lang='lat' dir='ltr'><strong>cum</strong></span> <span class='ocrx_word' id='word_1_392' title='bbox 2931 2630 3071 2683; x_wconf 69' lang='lat' dir='ltr'><strong>bina:</strong></span> <span class='ocrx_word' id='word_1_393' title='bbox 3123 2630 3280 2684; x_wconf 88' lang='lat' dir='ltr'><strong>nobis</strong></span> <span class='ocrx_word' id='word_1_394' title='bbox 3335 2631 3628 2702; x_wconf 67' lang='lat' dir='ltr'><strong>propositae</strong></span> <span class='ocrx_word' id='word_1_395' title='bbox 3660 2635 3768 2687; x_wconf 90' lang='lat' dir='ltr'><strong>sint</strong></span> 
     </span>
    </p>
   </div>
   <div class='ocr_carea' id='block_1_58' title="bbox 2188 2722 3765 2793">
    <p class='ocr_par' dir='ltr' id='par_1_58' title="bbox 2188 2722 3765 2793">
     <span class='ocr_line' id='line_1_58' title="bbox 2188 2722 3765 2793; baseline 0.003 -19"><span class='ocrx_word' id='word_1_396' title='bbox 2188 2722 2414 2791; x_wconf 68' lang='lat' dir='ltr'><strong>nuptiae,</strong></span> <span class='ocrx_word' id='word_1_397' title='bbox 2468 2737 2701 2791; x_wconf 89' lang='lat' dir='ltr'><strong>quarum</strong></span> <span class='ocrx_word' id='word_1_398' title='bbox 2759 2737 2879 2776; x_wconf 74' lang='lat' dir='ltr'><strong>unze</strong></span> <span class='ocrx_word' id='word_1_399' title='bbox 2933 2722 3117 2777; x_wconf 85' lang='lat' dir='ltr'><strong>carnis</strong></span> <span class='ocrx_word' id='word_1_400' title='bbox 3165 2737 3329 2793; x_wconf 89' lang='lat' dir='ltr'><strong>opere</strong></span> <span class='ocrx_word' id='word_1_401' title='bbox 3378 2724 3765 2785; x_wconf 78' lang='lat' dir='ltr'><strong>coniiciuntur,</strong></span> 
     </span>
    </p>
   </div>
   <div class='ocr_carea' id='block_1_59' title="bbox 2191 2813 3767 2887">
    <p class='ocr_par' dir='ltr' id='par_1_59' title="bbox 2191 2813 3767 2887">
     <span class='ocr_line' id='line_1_59' title="bbox 2191 2813 3767 2887; baseline 0.004 -22"><span class='ocrx_word' id='word_1_402' title='bbox 2191 2813 2374 2869; x_wconf 70' lang='lat' dir='ltr'><strong>alterae</strong></span> <span class='ocrx_word' id='word_1_403' title='bbox 2426 2829 2555 2869; x_wconf 90' lang='lat' dir='ltr'><strong>vero</strong></span> <span class='ocrx_word' id='word_1_404' title='bbox 2605 2815 2658 2869; x_wconf 90' lang='lat' dir='ltr'><strong>in</strong></span> <span class='ocrx_word' id='word_1_405' title='bbox 2692 2814 2885 2885; x_wconf 88' lang='lat' dir='ltr'><strong>spiritu</strong></span> <span class='ocrx_word' id='word_1_406' title='bbox 2929 2817 3262 2876; x_wconf 91' lang='lat' dir='ltr'><strong>consistunt,</strong></span> <span class='ocrx_word' id='word_1_407' title='bbox 3316 2817 3585 2883; x_wconf 88' lang='lat' dir='ltr'><strong>studium,</strong></span> <span class='ocrx_word' id='word_1_408' title='bbox 3623 2819 3767 2887; x_wconf 89' lang='lat' dir='ltr'><strong>quod</strong></span> 
     </span>
    </p>
   </div>
   <div class='ocr_carea' id='block_1_60' title="bbox 2192 2904 3770 2979">
    <p class='ocr_par' dir='ltr' id='par_1_60' title="bbox 2192 2904 3770 2979">
     <span class='ocr_line' id='line_1_60' title="bbox 2192 2904 3770 2979; baseline 0.003 -21"><span class='ocrx_word' id='word_1_409' title='bbox 2192 2904 2245 2958; x_wconf 92' lang='lat' dir='ltr'><strong>in</strong></span> <span class='ocrx_word' id='word_1_410' title='bbox 2297 2906 2422 2960; x_wconf 90' lang='lat' dir='ltr'><strong>unis</strong></span> <span class='ocrx_word' id='word_1_411' title='bbox 2462 2907 2701 2976; x_wconf 89' lang='lat' dir='ltr'><strong>ponitur,</strong></span> <span class='ocrx_word' id='word_1_412' title='bbox 2736 2907 2805 2961; x_wconf 90' lang='lat' dir='ltr'><strong>ab</strong></span> <span class='ocrx_word' id='word_1_413' title='bbox 2859 2906 3045 2963; x_wconf 90' lang='lat' dir='ltr'><strong>alteris</strong></span> <span class='ocrx_word' id='word_1_414' title='bbox 3105 2923 3207 2962; x_wconf 91' lang='lat' dir='ltr'><strong>nos</strong></span> <span class='ocrx_word' id='word_1_415' title='bbox 3258 2909 3577 2963; x_wconf 84' lang='lat' dir='ltr'><strong>necessario</strong></span> <span class='ocrx_word' id='word_1_416' title='bbox 3612 2924 3770 2979; x_wconf 88' lang='lat' dir='ltr'><strong>sepa-</strong></span> 
     </span>
    </p>
   </div>
   <div class='ocr_carea' id='block_1_61' title="bbox 2190 2996 3770 3069">
    <p class='ocr_par' dir='ltr' id='par_1_61' title="bbox 2190 2996 3770 3069">
     <span class='ocr_line' id='line_1_61' title="bbox 2190 2996 3770 3069; baseline 0.003 -17"><span class='ocrx_word' id='word_1_417' title='bbox 2190 3004 2296 3052; x_wconf 88' lang='lat' dir='ltr'><strong>rat.</strong></span> <span class='ocrx_word' id='word_1_418' title='bbox 2350 2996 2536 3067; x_wconf 85' lang='lat' dir='ltr'><strong>Neqne</strong></span> <span class='ocrx_word' id='word_1_419' title='bbox 2567 2999 2711 3053; x_wconf 89' lang='lat' dir='ltr'><strong>enim</strong></span> <span class='ocrx_word' id='word_1_420' title='bbox 2762 2998 2957 3054; x_wconf 92' lang='lat' dir='ltr'><strong>oculus</strong></span> <span class='ocrx_word' id='word_1_421' title='bbox 2997 3000 3133 3054; x_wconf 90' lang='lat' dir='ltr'><strong>satis</strong></span> <span class='ocrx_word' id='word_1_422' title='bbox 3171 3008 3256 3055; x_wconf 88' lang='lat' dir='ltr'><strong>est</strong></span> <span class='ocrx_word' id='word_1_423' title='bbox 3286 3042 3299 3064; x_wconf 90' lang='lat'><strong>,</strong></span> <span class='ocrx_word' id='word_1_424' title='bbox 3346 3000 3439 3069; x_wconf 89' lang='lat' dir='ltr'><strong>qui</strong></span> <span class='ocrx_word' id='word_1_425' title='bbox 3495 3015 3583 3056; x_wconf 80' lang='lat' dir='ltr'><strong>res</strong></span> <span class='ocrx_word' id='word_1_426' title='bbox 3635 3002 3770 3057; x_wconf 89' lang='lat' dir='ltr'><strong>duas</strong></span> 
     </span>
    </p>
   </div>
   <div class='ocr_carea' id='block_1_62' title="bbox 2192 3090 3768 3162">
    <p class='ocr_par' dir='ltr' id='par_1_62' title="bbox 2192 3090 3768 3162">
     <span class='ocr_line' id='line_1_62' title="bbox 2192 3090 3768 3162; baseline 0.002 -17"><span class='ocrx_word' id='word_1_427' title='bbox 2192 3090 2355 3146; x_wconf 91' lang='lat' dir='ltr'><strong>simul</strong></span> <span class='ocrx_word' id='word_1_428' title='bbox 2404 3090 2602 3154; x_wconf 86' lang='lat' dir='ltr'><strong>videat,</strong></span> <span class='ocrx_word' id='word_1_429' title='bbox 2635 3091 2740 3146; x_wconf 87' lang='lat' dir='ltr'><strong>nisi</strong></span> <span class='ocrx_word' id='word_1_430' title='bbox 2791 3093 3084 3162; x_wconf 86' lang='lat' dir='ltr'><strong>separatim</strong></span> <span class='ocrx_word' id='word_1_431' title='bbox 3119 3108 3183 3146; x_wconf 92' lang='lat' dir='ltr'><strong>ac</strong></span> <span class='ocrx_word' id='word_1_432' title='bbox 3231 3107 3328 3162; x_wconf 91' lang='lat' dir='ltr'><strong>per</strong></span> <span class='ocrx_word' id='word_1_433' title='bbox 3370 3108 3430 3148; x_wconf 91' lang='lat' dir='ltr'><strong>se</strong></span> <span class='ocrx_word' id='word_1_434' title='bbox 3494 3093 3548 3148; x_wconf 92' lang='lat' dir='ltr'><strong>in</strong></span> <span class='ocrx_word' id='word_1_435' title='bbox 3584 3110 3768 3149; x_wconf 80' lang='lat' dir='ltr'><strong>earnm</strong></span> 
     </span>
    </p>
   </div>
   <div class='ocr_carea' id='block_1_63' title="bbox 512 3175 2089 3256">
    <p class='ocr_par' dir='ltr' id='par_1_63' title="bbox 512 3175 2083 3255">
     <span class='ocr_line' id='line_1_63' title="bbox 512 3175 2083 3255; baseline -0.005 -20"><span class='ocrx_word' id='word_1_436' title='bbox 512 3180 779 3255; x_wconf 78' lang='grc' dir='ltr'>Ἐϐραίων</span> <span class='ocrx_word' id='word_1_437' title='bbox 807 3197 865 3233; x_wconf 91' lang='grc' dir='ltr'><strong>τε</strong></span> <span class='ocrx_word' id='word_1_438' title='bbox 889 3180 954 3251; x_wconf 78' lang='grc' dir='ltr'>ρή</span> <span class='ocrx_word' id='word_1_439' title='bbox 965 3196 1111 3250; x_wconf 84' lang='grc' dir='ltr'>ματα</span> <span class='ocrx_word' id='word_1_440' title='bbox 1135 3179 1232 3232; x_wconf 72' lang='grc' dir='ltr'><strong>καὶ</strong></span> <span class='ocrx_word' id='word_1_441' title='bbox 1276 3178 1542 3249; x_wconf 82' lang='grc' dir='ltr'>Ἐλλήνων</span> <span class='ocrx_word' id='word_1_442' title='bbox 1565 3178 1623 3231; x_wconf 84' lang='grc' dir='ltr'><strong>ἐν</strong></span> <span class='ocrx_word' id='word_1_443' title='bbox 1648 3177 1726 3247; x_wconf 82' lang='grc' dir='ltr'><strong>τῷ</strong></span> <span class='ocrx_word' id='word_1_444' title='bbox 1752 3175 1901 3246; x_wconf 81' lang='grc' dir='ltr'>αὐτῷ</span> <span class='ocrx_word' id='word_1_445' title='bbox 1924 3175 2083 3243; x_wconf 79' lang='grc' dir='ltr'>φθεγο</span> 
     </span>
    </p>
   </div>
   <div class='ocr_carea' id='block_1_64' title="bbox 2189 3175 3767 3256">
    <p class='ocr_par' dir='ltr' id='par_1_64' title="bbox 2193 3183 3767 3256">
     <span class='ocr_line' id='line_1_64' title="bbox 2193 3183 3767 3256; baseline 0.003 -19"><span class='ocrx_word' id='word_1_446' title='bbox 2193 3194 2374 3237; x_wconf 85' lang='lat' dir='ltr'><strong>rerum</strong></span> <span class='ocrx_word' id='word_1_447' title='bbox 2427 3183 2674 3247; x_wconf 87' lang='lat' dir='ltr'><strong>alteram,</strong></span> <span class='ocrx_word' id='word_1_448' title='bbox 2706 3200 2827 3251; x_wconf 86' lang='lat' dir='ltr'><strong>qu:e</strong></span> <span class='ocrx_word' id='word_1_449' title='bbox 2876 3183 3024 3238; x_wconf 83' lang='lat' dir='ltr'><strong>cerni</strong></span> <span class='ocrx_word' id='word_1_450' title='bbox 3085 3193 3353 3253; x_wconf 89' lang='lat' dir='ltr'><strong>possunt,</strong></span> <span class='ocrx_word' id='word_1_451' title='bbox 3395 3201 3454 3241; x_wconf 90' lang='lat' dir='ltr'><strong>se</strong></span> <span class='ocrx_word' id='word_1_452' title='bbox 3478 3186 3767 3256; x_wconf 86' lang='lat' dir='ltr'><strong>conjiciat:</strong></span> 
     </span>
    </p>
   </div>
   <div class='ocr_carea' id='block_1_65' title="bbox 501 3266 2090 3339">
    <p class='ocr_par' dir='ltr' id='par_1_65' title="bbox 501 3266 2090 3339">
     <span class='ocr_line' id='line_1_65' title="bbox 501 3266 2090 3339; baseline -0.003 -17"><span class='ocrx_word' id='word_1_453' title='bbox 501 3268 741 3339; x_wconf 84' lang='grc' dir='ltr'>γομένη⁶</span> <span class='ocrx_word' id='word_1_454' title='bbox 786 3266 910 3321; x_wconf 69' lang='grc' dir='ltr'>οὔτε</span> <span class='ocrx_word' id='word_1_455' title='bbox 943 3269 977 3338; x_wconf 80' lang='grc' dir='ltr'>ἡ</span> <span class='ocrx_word' id='word_1_456' title='bbox 1021 3267 1158 3339; x_wconf 84' lang='grc' dir='ltr'>ἀκοὴ</span> <span class='ocrx_word' id='word_1_457' title='bbox 1180 3266 1485 3339; x_wconf 77' lang='grc' dir='ltr'>διηγήσεως</span> <span class='ocrx_word' id='word_1_458' title='bbox 1523 3284 1583 3320; x_wconf 87' lang='grc' dir='ltr'><strong>τε</strong></span> <span class='ocrx_word' id='word_1_459' title='bbox 1620 3266 1961 3338; x_wconf 81' lang='grc' dir='ltr'>πραγμάτων</span> <span class='ocrx_word' id='word_1_460' title='bbox 1997 3268 2090 3319; x_wconf 74' lang='grc' dir='ltr'><strong>καὶ</strong></span> 
     </span>
    </p>
   </div>
   <div class='ocr_carea' id='block_1_66' title="bbox 502 3356 2091 3430">
    <p class='ocr_par' dir='ltr' id='par_1_66' title="bbox 502 3356 2091 3430">
     <span class='ocr_line' id='line_1_66' title="bbox 502 3356 2091 3430; baseline -0.002 -16"><span class='ocrx_word' id='word_1_461' title='bbox 502 3361 821 3414; x_wconf 89' lang='grc' dir='ltr'>διδακτικῶν</span> <span class='ocrx_word' id='word_1_462' title='bbox 862 3359 1034 3429; x_wconf 88' lang='grc' dir='ltr'>λόγων</span> <span class='ocrx_word' id='word_1_463' title='bbox 1079 3359 1219 3413; x_wconf 84' lang='grc' dir='ltr'><strong>κατά</strong></span> <span class='ocrx_word' id='word_1_464' title='bbox 1253 3358 1447 3412; x_wconf 85' lang='grc' dir='ltr'>ταύτὸν</span> <span class='ocrx_word' id='word_1_465' title='bbox 1474 3358 1827 3430; x_wconf 87' lang='grc' dir='ltr'>ἀκροάσεται.</span> <span class='ocrx_word' id='word_1_466' title='bbox 1876 3358 1941 3411; x_wconf 84' lang='grc' dir='ltr'><strong>Ἦ</strong></span> <span class='ocrx_word' id='word_1_467' title='bbox 1983 3356 2091 3429; x_wconf 84' lang='grc' dir='ltr'>γὰρ</span> 
     </span>
    </p>
   </div>
   <div class='ocr_carea' id='block_1_67' title="bbox 502 3447 2089 3522">
    <p class='ocr_par' dir='ltr' id='par_1_67' title="bbox 502 3447 2089 3522">
     <span class='ocr_line' id='line_1_67' title="bbox 502 3447 2089 3522; baseline -0.001 -18"><span class='ocrx_word' id='word_1_468' title='bbox 502 3450 734 3522; x_wconf 84' lang='grc' dir='ltr'>διαφορά</span> <span class='ocrx_word' id='word_1_469' title='bbox 786 3450 885 3519; x_wconf 81' lang='grc' dir='ltr'>τῆς</span> <span class='ocrx_word' id='word_1_470' title='bbox 925 3449 1146 3519; x_wconf 82' lang='grc' dir='ltr'>φωνῆς,</span> <span class='ocrx_word' id='word_1_471' title='bbox 1197 3450 1245 3503; x_wconf 91' lang='grc' dir='ltr'>εἱ</span> <span class='ocrx_word' id='word_1_472' title='bbox 1301 3448 1399 3519; x_wconf 81' lang='grc' dir='ltr'><strong>μὲν</strong></span> <span class='ocrx_word' id='word_1_473' title='bbox 1447 3450 1549 3503; x_wconf 86' lang='grc' dir='ltr'><strong>ἀνά</strong></span> <span class='ocrx_word' id='word_1_474' title='bbox 1601 3449 1766 3521; x_wconf 89' lang='grc' dir='ltr'>μέρος</span> <span class='ocrx_word' id='word_1_475' title='bbox 1818 3447 2089 3511; x_wconf 86' lang='grc' dir='ltr'>ἀκούοιτο,</span> 
     </span>
    </p>
   </div>
   <div class='ocr_carea' id='block_1_68' title="bbox 504 3540 2091 3615">
    <p class='ocr_par' dir='ltr' id='par_1_68' title="bbox 504 3540 2091 3615">
     <span class='ocr_line' id='line_1_68' title="bbox 504 3540 2091 3615; baseline -0.003 -17"><span class='ocrx_word' id='word_1_476' title='bbox 504 3542 891 3615; x_wconf 75' lang='grc' dir='ltr'>ἐνσημαίνεται</span> <span class='ocrx_word' id='word_1_477' title='bbox 941 3544 1053 3606; x_wconf 80' lang='grc' dir='ltr'>τοῖς</span> <span class='ocrx_word' id='word_1_478' title='bbox 1096 3541 1471 3613; x_wconf 82' lang='grc' dir='ltr'>ἀκροωμένοις</span> <span class='ocrx_word' id='word_1_479' title='bbox 1514 3543 1613 3614; x_wconf 86' lang='grc' dir='ltr'>τὴν</span> <span class='ocrx_word' id='word_1_480' title='bbox 1661 3543 1890 3594; x_wconf 72' lang='grc' dir='ltr'>ἔννοιανο</span> <span class='ocrx_word' id='word_1_481' title='bbox 1941 3542 1987 3595; x_wconf 75' lang='grc' dir='ltr'><strong>εί</strong></span> <span class='ocrx_word' id='word_1_482' title='bbox 2034 3540 2091 3594; x_wconf 79' lang='grc' dir='ltr'>δὲ</span> 
     </span>
    </p>
   </div>
   <div class='ocr_carea' id='block_1_69' title="bbox 502 3630 2093 3705">
    <p class='ocr_par' dir='ltr' id='par_1_69' title="bbox 502 3630 2093 3705">
     <span class='ocr_line' id='line_1_69' title="bbox 502 3630 2093 3705; baseline -0.002 -18"><span class='ocrx_word' id='word_1_483' title='bbox 502 3634 646 3689; x_wconf 87' lang='grc' dir='ltr'><strong>κατά</strong></span> <span class='ocrx_word' id='word_1_484' title='bbox 688 3634 884 3688; x_wconf 82' lang='grc' dir='ltr'>ταύτὸν</span> <span class='ocrx_word' id='word_1_485' title='bbox 934 3632 1187 3705; x_wconf 83' lang='grc' dir='ltr'>μιχθεῖσα</span> <span class='ocrx_word' id='word_1_486' title='bbox 1227 3633 1515 3703; x_wconf 82' lang='grc' dir='ltr'>περιηχοίη</span> <span class='ocrx_word' id='word_1_487' title='bbox 1558 3634 1659 3703; x_wconf 82' lang='grc' dir='ltr'>τὴν</span> <span class='ocrx_word' id='word_1_488' title='bbox 1704 3631 1907 3703; x_wconf 82' lang='grc' dir='ltr'>ἀκοὴν,</span> <span class='ocrx_word' id='word_1_489' title='bbox 1966 3630 2093 3699; x_wconf 80' lang='grc' dir='ltr'>σύγ-</span> 
     </span>
    </p>
   </div>
   <div class='ocr_carea' id='block_1_70' title="bbox 502 3720 2093 3797">
    <p class='ocr_par' dir='ltr' id='par_1_70' title="bbox 502 3720 2093 3797">
     <span class='ocr_line' id='line_1_70' title="bbox 502 3720 2093 3797; baseline -0.003 -19"><span class='ocrx_word' id='word_1_490' title='bbox 502 3725 657 3797; x_wconf 88' lang='grc' dir='ltr'>χυσίς</span> <span class='ocrx_word' id='word_1_491' title='bbox 690 3742 773 3788; x_wconf 85' lang='grc' dir='ltr'><strong>τις</strong></span> <span class='ocrx_word' id='word_1_492' title='bbox 813 3724 1127 3796; x_wconf 80' lang='grc' dir='ltr'>ἀδιάκριτος</span> <span class='ocrx_word' id='word_1_493' title='bbox 1160 3723 1260 3795; x_wconf 79' lang='grc' dir='ltr'><strong>τὴν</strong></span> <span class='ocrx_word' id='word_1_494' title='bbox 1302 3722 1537 3776; x_wconf 87' lang='grc' dir='ltr'>διάνοιαν</span> <span class='ocrx_word' id='word_1_495' title='bbox 1577 3722 1827 3794; x_wconf 72' lang='grc' dir='ltr'>λήψεται,</span> <span class='ocrx_word' id='word_1_496' title='bbox 1861 3720 1971 3774; x_wconf 87' lang='grc' dir='ltr'><strong>τῶν</strong></span> <span class='ocrx_word' id='word_1_497' title='bbox 2002 3738 2093 3792; x_wconf 81' lang='grc' dir='ltr'>ση-</span> 
     </span>
    </p>
   </div>
   <div class='ocr_carea' id='block_1_71' title="bbox 506 3812 2091 3887">
    <p class='ocr_par' dir='ltr' id='par_1_71' title="bbox 506 3812 2091 3887">
     <span class='ocr_line' id='line_1_71' title="bbox 506 3812 2091 3887; baseline -0.003 -17"><span class='ocrx_word' id='word_1_498' title='bbox 506 3816 848 3887; x_wconf 83' lang='grc' dir='ltr'>μαινομένων</span> <span class='ocrx_word' id='word_1_499' title='bbox 878 3817 933 3869; x_wconf 84' lang='grc' dir='ltr'><strong>ἐν</strong></span> <span class='ocrx_word' id='word_1_500' title='bbox 962 3814 1212 3885; x_wconf 87' lang='grc' dir='ltr'>ἀλλήλοις</span> <span class='ocrx_word' id='word_1_501' title='bbox 1242 3814 1643 3885; x_wconf 85' lang='grc' dir='ltr'>συγχεομένων.</span> <span class='ocrx_word' id='word_1_502' title='bbox 1683 3812 1841 3868; x_wconf 84' lang='grc' dir='ltr'>Κατά</span> <span class='ocrx_word' id='word_1_503' title='bbox 1870 3814 1961 3866; x_wconf 90' lang='grc' dir='ltr'><strong>τὸν</strong></span> <span class='ocrx_word' id='word_1_504' title='bbox 1992 3813 2091 3865; x_wconf 66' lang='lat' dir='ltr'><strong>aia-</strong></span> 
     </span>
    </p>
   </div>
   <div class='ocr_carea' id='block_1_72' title="bbox 499 3904 2089 3977">
    <p class='ocr_par' dir='ltr' id='par_1_72' title="bbox 499 3904 2089 3977">
     <span class='ocr_line' id='line_1_72' title="bbox 499 3904 2089 3977; baseline -0.003 -15"><span class='ocrx_word' id='word_1_505' title='bbox 499 3908 596 3962; x_wconf 81' lang='grc' dir='ltr'><strong>τὸν</strong></span> <span class='ocrx_word' id='word_1_506' title='bbox 621 3909 780 3977; x_wconf 86' lang='grc' dir='ltr'>λόγον</span> <span class='ocrx_word' id='word_1_507' title='bbox 810 3908 901 3962; x_wconf 72' lang='grc' dir='ltr'><strong>καὶ</strong></span> <span class='ocrx_word' id='word_1_508' title='bbox 931 3907 992 3961; x_wconf 91' lang='grc' dir='ltr'><strong>τὸ</strong></span> <span class='ocrx_word' id='word_1_509' title='bbox 1022 3905 1421 3976; x_wconf 83' lang='grc' dir='ltr'>ἐπιθυμητικὸν</span> <span class='ocrx_word' id='word_1_510' title='bbox 1462 3906 1618 3976; x_wconf 84' lang='grc' dir='ltr'>ἡμῶν</span> <span class='ocrx_word' id='word_1_511' title='bbox 1650 3904 1812 3974; x_wconf 85' lang='grc' dir='ltr'>φύσιν</span> <span class='ocrx_word' id='word_1_512' title='bbox 1841 3905 1942 3958; x_wconf 76' lang='grc' dir='ltr'><strong>οὐκ</strong></span> <span class='ocrx_word' id='word_1_513' title='bbox 1976 3904 2089 3974; x_wconf 76' lang='grc' dir='ltr'>ἔχει</span> 
     </span>
    </p>
   </div>
   <div class='ocr_carea' id='block_1_73' title="bbox 498 3995 2087 4069">
    <p class='ocr_par' dir='ltr' id='par_1_73' title="bbox 498 3995 2087 4069">
     <span class='ocr_line' id='line_1_73' title="bbox 498 3995 2087 4069; baseline -0.004 -16"><span class='ocrx_word' id='word_1_514' title='bbox 498 3999 637 4069; x_wconf 79' lang='grc' dir='ltr'>ὁμοῦ</span> <span class='ocrx_word' id='word_1_515' title='bbox 668 4001 785 4062; x_wconf 88' lang='grc' dir='ltr'>ταῖς</span> <span class='ocrx_word' id='word_1_516' title='bbox 820 4000 1160 4069; x_wconf 89' lang='grc' dir='ltr'>σωματικαῖς</span> <span class='ocrx_word' id='word_1_517' title='bbox 1192 3996 1544 4067; x_wconf 75' lang='grc' dir='ltr'>ἐξυπηρετεῖν</span> <span class='ocrx_word' id='word_1_518' title='bbox 1584 3995 1957 4066; x_wconf 74' lang='grc' dir='ltr'>ἡδοναῖς,’καὶ</span> <span class='ocrx_word' id='word_1_519' title='bbox 1996 3995 2087 4047; x_wconf 86' lang='grc' dir='ltr'><strong>τὸν</strong></span> 
     </span>
    </p>
   </div>
   <div class='ocr_carea' id='block_1_74' title="bbox 497 4085 2086 4163">
    <p class='ocr_par' dir='ltr' id='par_1_74' title="bbox 497 4085 2086 4163">
     <span class='ocr_line' id='line_1_74' title="bbox 497 4085 2086 4163; baseline -0.003 -18"><span class='ocrx_word' id='word_1_520' title='bbox 497 4091 873 4163; x_wconf 83' lang='grc' dir='ltr'>πνευματικὸν</span> <span class='ocrx_word' id='word_1_521' title='bbox 935 4092 1175 4161; x_wconf 86' lang='grc' dir='ltr'>μετιέναι</span> <span class='ocrx_word' id='word_1_522' title='bbox 1232 4089 1429 4159; x_wconf 86' lang='grc' dir='ltr'>γάμον.</span> <span class='ocrx_word' id='word_1_523' title='bbox 1489 4088 1621 4141; x_wconf 79' lang='grc' dir='ltr'>Οὐδὲ</span> <span class='ocrx_word' id='word_1_524' title='bbox 1679 4089 1784 4159; x_wconf 88' lang='grc' dir='ltr'>γὰρ</span> <span class='ocrx_word' id='word_1_525' title='bbox 1837 4086 1928 4141; x_wconf 77' lang='grc' dir='ltr'>διὰ</span> <span class='ocrx_word' id='word_1_526' title='bbox 1980 4085 2086 4141; x_wconf 91' lang='grc' dir='ltr'><strong>τῶν</strong></span> 
     </span>
    </p>
   </div>
   <div class='ocr_carea' id='block_1_75' title="bbox 493 4178 2086 4257">
    <p class='ocr_par' dir='ltr' id='par_1_75' title="bbox 493 4178 2086 4257">
     <span class='ocr_line' id='line_1_75' title="bbox 493 4178 2086 4257; baseline -0.006 -17"><span class='ocrx_word' id='word_1_527' title='bbox 493 4185 704 4257; x_wconf 82' lang='grc' dir='ltr'>ὁμοίων</span> <span class='ocrx_word' id='word_1_528' title='bbox 748 4183 1191 4253; x_wconf 78' lang='grc' dir='ltr'>ἐπιτηδευμάτων</span> <span class='ocrx_word' id='word_1_529' title='bbox 1235 4181 1458 4235; x_wconf 85' lang='grc' dir='ltr'>δυνατόν</span> <span class='ocrx_word' id='word_1_530' title='bbox 1488 4180 1633 4233; x_wconf 81' lang='grc' dir='ltr'>ἐστιν</span> <span class='ocrx_word' id='word_1_531' title='bbox 1678 4179 1940 4251; x_wconf 87' lang='grc' dir='ltr'>ἐκατέρου</span> <span class='ocrx_word' id='word_1_532' title='bbox 1978 4178 2086 4231; x_wconf 86' lang='grc' dir='ltr'><strong>τῶν</strong></span> 
     </span>
    </p>
   </div>
   <div class='ocr_carea' id='block_1_76' title="bbox 499 4271 2088 4346">
    <p class='ocr_par' dir='ltr' id='par_1_76' title="bbox 499 4271 2088 4346">
     <span class='ocr_line' id='line_1_76' title="bbox 499 4271 2088 4346; baseline -0.005 -14"><span class='ocrx_word' id='word_1_533' title='bbox 499 4277 724 4333; x_wconf 84' lang='grc' dir='ltr'>σκοπῶν</span> <span class='ocrx_word' id='word_1_534' title='bbox 768 4276 1028 4329; x_wconf 76' lang='grc' dir='ltr'>λαϐέσθαι</span> <span class='ocrx_word' id='word_1_535' title='bbox 1049 4296 1062 4306; x_wconf 93' lang='grc'><strong>·</strong></span> <span class='ocrx_word' id='word_1_536' title='bbox 1092 4275 1187 4328; x_wconf 80' lang='grc' dir='ltr'>τοῦ</span> <span class='ocrx_word' id='word_1_537' title='bbox 1234 4275 1331 4345; x_wconf 83' lang='grc' dir='ltr'><strong>μὲν</strong></span> <span class='ocrx_word' id='word_1_538' title='bbox 1368 4274 1477 4346; x_wconf 81' lang='grc' dir='ltr'><strong>γὰρ</strong></span> <span class='ocrx_word' id='word_1_539' title='bbox 1509 4273 1825 4345; x_wconf 83' lang='grc' dir='ltr'>ἐγκράτεια,</span> <span class='ocrx_word' id='word_1_540' title='bbox 1855 4273 1949 4326; x_wconf 76' lang='grc' dir='ltr'>καὶ</span> <span class='ocrx_word' id='word_1_541' title='bbox 1984 4271 2088 4324; x_wconf 82' lang='grc' dir='ltr'>σῶ-</span> 
     </span>
    </p>
   </div>
   <div class='ocr_carea' id='block_1_77' title="bbox 502 4350 2087 4441">
    <p class='ocr_par' dir='ltr' id='par_1_77' title="bbox 502 4364 2087 4441">
     <span class='ocr_line' id='line_1_77' title="bbox 502 4364 2087 4441; baseline -0.005 -18"><span class='ocrx_word' id='word_1_542' title='bbox 502 4387 675 4441; x_wconf 89' lang='grc' dir='ltr'>ματος</span> <span class='ocrx_word' id='word_1_543' title='bbox 710 4369 999 4440; x_wconf 87' lang='grc' dir='ltr'>νέκρωσις,</span> <span class='ocrx_word' id='word_1_544' title='bbox 1040 4367 1134 4420; x_wconf 72' lang='grc' dir='ltr'>καὶ</span> <span class='ocrx_word' id='word_1_545' title='bbox 1168 4366 1276 4419; x_wconf 89' lang='grc' dir='ltr'><strong>τῶν</strong></span> <span class='ocrx_word' id='word_1_546' title='bbox 1302 4367 1444 4420; x_wconf 84' lang='grc' dir='ltr'><strong>κατά</strong></span> <span class='ocrx_word' id='word_1_547' title='bbox 1476 4364 1653 4433; x_wconf 81' lang='grc' dir='ltr'>σάρκα</span> <span class='ocrx_word' id='word_1_548' title='bbox 1682 4365 1898 4418; x_wconf 87' lang='grc' dir='ltr'>πάντων</span> <span class='ocrx_word' id='word_1_549' title='bbox 1926 4365 2087 4436; x_wconf 64' lang='lat'><strong>67:59-</strong></span> 
     </span>
    </p>
   </div>
   <div class='ocr_carea' id='block_1_78' title="bbox 497 4453 2085 4531">
    <p class='ocr_par' dir='ltr' id='par_1_78' title="bbox 497 4453 2085 4531">
     <span class='ocr_line' id='line_1_78' title="bbox 497 4453 2085 4531; baseline -0.007 -14"><span class='ocrx_word' id='word_1_550' title='bbox 497 4462 631 4531; x_wconf 65' lang='grc' dir='ltr'>οψία</span> <span class='ocrx_word' id='word_1_551' title='bbox 661 4460 909 4531; x_wconf 81' lang='grc' dir='ltr'>πρόξενοι</span> <span class='ocrx_word' id='word_1_552' title='bbox 938 4458 1199 4528; x_wconf 82' lang='grc' dir='ltr'>γίνονται’</span> <span class='ocrx_word' id='word_1_553' title='bbox 1231 4456 1331 4526; x_wconf 78' lang='grc' dir='ltr'>τῆς</span> <span class='ocrx_word' id='word_1_554' title='bbox 1352 4456 1408 4509; x_wconf 86' lang='grc' dir='ltr'>δὲ</span> <span class='ocrx_word' id='word_1_555' title='bbox 1442 4455 1761 4525; x_wconf 77' lang='grc' dir='ltr'>σωματικῆς</span> <span class='ocrx_word' id='word_1_556' title='bbox 1791 4453 2085 4523; x_wconf 79' lang='grc' dir='ltr'>συναφείας</span> 
     </span>
    </p>
   </div>
   <div class='ocr_carea' id='block_1_79' title="bbox 2153 3912 3026 3985">
    <p class='ocr_par' dir='ltr' id='par_1_79' title="bbox 2153 3912 3026 3985">
     <span class='ocr_line' id='line_1_79' title="bbox 2153 3912 3026 3985; baseline 0.003 -19"><span class='ocrx_word' id='word_1_557' title='bbox 2153 3927 2321 3985; x_wconf 26' lang='lat' dir='ltr'><strong>.vero</strong></span> <span class='ocrx_word' id='word_1_558' title='bbox 2380 3912 2607 3968; x_wconf 76' lang='lat' dir='ltr'><strong>confuse</strong></span> <span class='ocrx_word' id='word_1_559' title='bbox 2656 3914 2984 3983; x_wconf 81' lang='lat' dir='ltr'><strong>exprimitur</strong></span> <span class='ocrx_word' id='word_1_560' title='bbox 3010 3956 3026 3978; x_wconf 92' lang='lat'><strong>,</strong></span> 
     </span>
    </p>
   </div>
   <div class='ocr_carea' id='block_1_80' title="bbox 2193 3274 3772 3345">
    <p class='ocr_par' dir='ltr' id='par_1_80' title="bbox 2193 3274 3772 3345">
     <span class='ocr_line' id='line_1_80' title="bbox 2193 3274 3772 3345; baseline 0.003 -18"><span class='ocrx_word' id='word_1_561' title='bbox 2193 3289 2371 3343; x_wconf 88' lang='lat' dir='ltr'><strong>neque</strong></span> <span class='ocrx_word' id='word_1_562' title='bbox 2420 3274 2607 3345; x_wconf 78' lang='lat' dir='ltr'><strong>lingua</strong></span> <span class='ocrx_word' id='word_1_563' title='bbox 2636 3275 2975 3330; x_wconf 81' lang='lat' dir='ltr'><strong>diversarum</strong></span> <span class='ocrx_word' id='word_1_564' title='bbox 3013 3292 3204 3330; x_wconf 79' lang='lat' dir='ltr'><strong>vocum</strong></span> <span class='ocrx_word' id='word_1_565' title='bbox 3259 3277 3411 3333; x_wconf 90' lang='lat' dir='ltr'><strong>sonis</strong></span> <span class='ocrx_word' id='word_1_566' title='bbox 3444 3278 3606 3340; x_wconf 82' lang='lat' dir='ltr'><strong>simul</strong></span> <span class='ocrx_word' id='word_1_567' title='bbox 3654 3294 3772 3334; x_wconf 80' lang='lat' dir='ltr'><strong>ser-</strong></span> 
     </span>
    </p>
   </div>
   <div class='ocr_carea' id='block_1_81' title="bbox 2192 3365 3770 3429">
    <p class='ocr_par' dir='ltr' id='par_1_81' title="bbox 2192 3365 3770 3429">
     <span class='ocr_line' id='line_1_81' title="bbox 2192 3365 3770 3429; baseline 0.003 -10"><span class='ocrx_word' id='word_1_568' title='bbox 2192 3365 2323 3429; x_wconf 90' lang='lat' dir='ltr'><strong>viet,</strong></span> <span class='ocrx_word' id='word_1_569' title='bbox 2374 3376 2434 3420; x_wconf 92' lang='lat' dir='ltr'><strong>ut</strong></span> <span class='ocrx_word' id='word_1_570' title='bbox 2490 3366 2743 3422; x_wconf 65' lang='lat' dir='ltr'><strong>llebraeas</strong></span> <span class='ocrx_word' id='word_1_571' title='bbox 2790 3376 2843 3421; x_wconf 83' lang='lat' dir='ltr'><strong>et</strong></span> <span class='ocrx_word' id='word_1_572' title='bbox 2896 3366 3115 3423; x_wconf 59' lang='lat' dir='ltr'><strong>Graecas</strong></span> <span class='ocrx_word' id='word_1_573' title='bbox 3170 3383 3329 3425; x_wconf 88' lang='lat' dir='ltr'><strong>voces</strong></span> <span class='ocrx_word' id='word_1_574' title='bbox 3378 3369 3569 3424; x_wconf 89' lang='lat' dir='ltr'><strong>eodem</strong></span> <span class='ocrx_word' id='word_1_575' title='bbox 3629 3378 3770 3423; x_wconf 83' lang='lat' dir='ltr'><strong>tem-</strong></span> 
     </span>
    </p>
   </div>
   <div class='ocr_carea' id='block_1_82' title="bbox 2193 3456 3769 3528">
    <p class='ocr_par' dir='ltr' id='par_1_82' title="bbox 2193 3456 3769 3528">
     <span class='ocr_line' id='line_1_82' title="bbox 2193 3456 3769 3528; baseline 0.006 -19"><span class='ocrx_word' id='word_1_576' title='bbox 2193 3471 2325 3527; x_wconf 91' lang='lat' dir='ltr'><strong>pore</strong></span> <span class='ocrx_word' id='word_1_577' title='bbox 2388 3456 2553 3512; x_wconf 90' lang='lat' dir='ltr'><strong>simul</strong></span> <span class='ocrx_word' id='word_1_578' title='bbox 2597 3459 2912 3528; x_wconf 83' lang='lat' dir='ltr'><strong>exprimat:</strong></span> <span class='ocrx_word' id='word_1_579' title='bbox 2967 3476 3065 3514; x_wconf 86' lang='lat' dir='ltr'><strong>nec</strong></span> <span class='ocrx_word' id='word_1_580' title='bbox 3122 3460 3335 3514; x_wconf 90' lang='lat' dir='ltr'><strong>aurium</strong></span> <span class='ocrx_word' id='word_1_581' title='bbox 3385 3462 3514 3516; x_wconf 91' lang='lat' dir='ltr'><strong>item</strong></span> <span class='ocrx_word' id='word_1_582' title='bbox 3570 3477 3769 3519; x_wconf 88' lang='lat' dir='ltr'><strong>sensus</strong></span> 
     </span>
    </p>
   </div>
   <div class='ocr_carea' id='block_1_83' title="bbox 2191 3549 3770 3623">
    <p class='ocr_par' dir='ltr' id='par_1_83' title="bbox 2191 3549 3770 3623">
     <span class='ocr_line' id='line_1_83' title="bbox 2191 3549 3770 3623; baseline 0.003 -20"><span class='ocrx_word' id='word_1_583' title='bbox 2191 3556 2247 3603; x_wconf 89' lang='lat' dir='ltr'><strong>et</strong></span> <span class='ocrx_word' id='word_1_584' title='bbox 2302 3563 2485 3603; x_wconf 89' lang='lat' dir='ltr'><strong>rerum</strong></span> <span class='ocrx_word' id='word_1_585' title='bbox 2535 3549 2976 3619; x_wconf 77' lang='lat' dir='ltr'><strong>explicationem,</strong></span> <span class='ocrx_word' id='word_1_586' title='bbox 3050 3564 3104 3605; x_wconf 89' lang='lat' dir='ltr'><strong>et</strong></span> <span class='ocrx_word' id='word_1_587' title='bbox 3158 3551 3485 3619; x_wconf 88' lang='lat' dir='ltr'><strong>verborum,</strong></span> <span class='ocrx_word' id='word_1_588' title='bbox 3547 3569 3668 3623; x_wconf 70' lang='lat' dir='ltr'><strong>qum</strong></span> <span class='ocrx_word' id='word_1_589' title='bbox 3704 3555 3770 3607; x_wconf 87' lang='lat' dir='ltr'><strong>ad</strong></span> 
     </span>
    </p>
   </div>
   <div class='ocr_carea' id='block_1_84' title="bbox 2191 3639 3769 3714">
    <p class='ocr_par' dir='ltr' id='par_1_84' title="bbox 2191 3639 3769 3714">
     <span class='ocr_line' id='line_1_84' title="bbox 2191 3639 3769 3714; baseline 0.003 -21"><span class='ocrx_word' id='word_1_590' title='bbox 2191 3639 2494 3695; x_wconf 89' lang='lat' dir='ltr'><strong>docendum</strong></span> <span class='ocrx_word' id='word_1_591' title='bbox 2554 3641 2802 3713; x_wconf 86' lang='lat' dir='ltr'><strong>apposita</strong></span> <span class='ocrx_word' id='word_1_592' title='bbox 2878 3643 3377 3709; x_wconf 90' lang='lat' dir='ltr'><strong>sunt,orationem</strong></span> <span class='ocrx_word' id='word_1_593' title='bbox 3437 3659 3548 3699; x_wconf 89' lang='lat' dir='ltr'><strong>una</strong></span> <span class='ocrx_word' id='word_1_594' title='bbox 3593 3646 3769 3714; x_wconf 77' lang='lat' dir='ltr'><strong>perci-</strong></span> 
     </span>
    </p>
   </div>
   <div class='ocr_carea' id='block_1_85' title="bbox 2193 3730 3769 3806">
    <p class='ocr_par' dir='ltr' id='par_1_85' title="bbox 2193 3730 3769 3806">
     <span class='ocr_line' id='line_1_85' title="bbox 2193 3730 3769 3806; baseline 0.004 -22"><span class='ocrx_word' id='word_1_595' title='bbox 2193 3731 2325 3801; x_wconf 91' lang='lat' dir='ltr'><strong>piet.</strong></span> <span class='ocrx_word' id='word_1_596' title='bbox 2378 3730 2673 3788; x_wconf 89' lang='lat' dir='ltr'><strong>Dissimilis</strong></span> <span class='ocrx_word' id='word_1_597' title='bbox 2724 3734 2866 3787; x_wconf 85' lang='lat' dir='ltr'><strong>enim</strong></span> <span class='ocrx_word' id='word_1_598' title='bbox 2907 3748 3090 3789; x_wconf 88' lang='lat' dir='ltr'><strong>sermo</strong></span> <span class='ocrx_word' id='word_1_599' title='bbox 3141 3743 3246 3799; x_wconf 89' lang='lat' dir='ltr'><strong>est,</strong></span> <span class='ocrx_word' id='word_1_600' title='bbox 3298 3734 3389 3805; x_wconf 91' lang='lat' dir='ltr'><strong>qui</strong></span> <span class='ocrx_word' id='word_1_601' title='bbox 3447 3736 3493 3791; x_wconf 92' lang='lat' dir='ltr'><strong>si</strong></span> <span class='ocrx_word' id='word_1_602' title='bbox 3545 3751 3769 3806; x_wconf 82' lang='lat' dir='ltr'><strong>separa-</strong></span> 
     </span>
    </p>
   </div>
   <div class='ocr_carea' id='block_1_86' title="bbox 2192 3821 3771 3903">
    <p class='ocr_par' dir='ltr' id='par_1_86' title="bbox 2192 3821 3771 3903">
     <span class='ocr_line' id='line_1_86' title="bbox 2192 3821 3771 3903; baseline 0.006 -31"><span class='ocrx_word' id='word_1_603' title='bbox 2192 3822 2287 3874; x_wconf 87' lang='lat' dir='ltr'><strong>tim</strong></span> <span class='ocrx_word' id='word_1_604' title='bbox 2347 3821 2614 3886; x_wconf 85' lang='lat' dir='ltr'><strong>auditur,</strong></span> <span class='ocrx_word' id='word_1_605' title='bbox 2676 3822 3003 3878; x_wconf 90' lang='lat' dir='ltr'><strong>sententiam</strong></span> <span class='ocrx_word' id='word_1_606' title='bbox 3059 3825 3296 3903; x_wconf 86' lang='lat' dir='ltr'><strong>auditori</strong></span> <span class='ocrx_word' id='word_1_607' title='bbox 3361 3826 3671 3896; x_wconf 90' lang='lat' dir='ltr'><strong>imprimit:</strong></span> <span class='ocrx_word' id='word_1_608' title='bbox 3723 3826 3771 3883; x_wconf 83' lang='lat' dir='ltr'><strong>si</strong></span> 
     </span>
    </p>
   </div>
   <div class='ocr_carea' id='block_1_87' title="bbox 3098 3917 3773 3988">
    <p class='ocr_par' dir='ltr' id='par_1_87' title="bbox 3098 3917 3773 3988">
     <span class='ocr_line' id='line_1_87' title="bbox 3098 3917 3773 3988; baseline 0.003 -19"><span class='ocrx_word' id='word_1_609' title='bbox 3098 3917 3311 3971; x_wconf 89' lang='lat' dir='ltr'><strong>aurium</strong></span> <span class='ocrx_word' id='word_1_610' title='bbox 3369 3932 3591 3972; x_wconf 90' lang='lat' dir='ltr'><strong>sensum</strong></span> <span class='ocrx_word' id='word_1_611' title='bbox 3649 3933 3773 3988; x_wconf 86' lang='lat' dir='ltr'><strong>per-</strong></span> 
     </span>
    </p>
   </div>
   <div class='ocr_carea' id='block_1_88' title="bbox 2193 4003 3768 4079">
    <p class='ocr_par' dir='ltr' id='par_1_88' title="bbox 2193 4003 3768 4079">
     <span class='ocr_line' id='line_1_88' title="bbox 2193 4003 3768 4079; baseline 0.004 -22"><span class='ocrx_word' id='word_1_612' title='bbox 2193 4003 2394 4065; x_wconf 87' lang='lat' dir='ltr'><strong>turbat,</strong></span> <span class='ocrx_word' id='word_1_613' title='bbox 2428 4014 2592 4074; x_wconf 89' lang='lat' dir='ltr'><strong>atque</strong></span> <span class='ocrx_word' id='word_1_614' title='bbox 2628 4004 2717 4072; x_wconf 89' lang='lat' dir='ltr'><strong>iis,</strong></span> <span class='ocrx_word' id='word_1_615' title='bbox 2766 4020 2887 4074; x_wconf 71' lang='lat' dir='ltr'><strong>quae</strong></span> <span class='ocrx_word' id='word_1_616' title='bbox 2925 4007 3339 4077; x_wconf 83' lang='lat' dir='ltr'><strong>signiﬁcantur,</strong></span> <span class='ocrx_word' id='word_1_617' title='bbox 3379 4008 3609 4064; x_wconf 80' lang='lat' dir='ltr'><strong>confuse</strong></span> <span class='ocrx_word' id='word_1_618' title='bbox 3639 4024 3768 4079; x_wconf 81' lang='lat' dir='ltr'><strong>pro-</strong></span> 
     </span>
    </p>
   </div>
   <div class='ocr_carea' id='block_1_89' title="bbox 2191 4094 3768 4164">
    <p class='ocr_par' dir='ltr' id='par_1_89' title="bbox 2191 4094 3768 4164">
     <span class='ocr_line' id='line_1_89' title="bbox 2191 4094 3768 4164; baseline 0.004 -16"><span class='ocrx_word' id='word_1_619' title='bbox 2191 4094 2363 4157; x_wconf 89' lang='lat' dir='ltr'><strong>latis,</strong></span> <span class='ocrx_word' id='word_1_620' title='bbox 2418 4096 2665 4164; x_wconf 73' lang='lat' dir='ltr'><strong>quaedam</strong></span> <span class='ocrx_word' id='word_1_621' title='bbox 2730 4112 2841 4150; x_wconf 91' lang='lat' dir='ltr'><strong>non</strong></span> <span class='ocrx_word' id='word_1_622' title='bbox 2898 4096 3157 4153; x_wconf 85' lang='lat' dir='ltr'><strong>distincta</strong></span> <span class='ocrx_word' id='word_1_623' title='bbox 3216 4099 3473 4154; x_wconf 82' lang='lat' dir='ltr'><strong>confusio</strong></span> <span class='ocrx_word' id='word_1_624' title='bbox 3533 4110 3768 4155; x_wconf 86' lang='lat' dir='ltr'><strong>mentem</strong></span> 
     </span>
    </p>
   </div>
   <div class='ocr_carea' id='block_1_90' title="bbox 2191 4185 3768 4258">
    <p class='ocr_par' dir='ltr' id='par_1_90' title="bbox 2191 4185 3768 4258">
     <span class='ocr_line' id='line_1_90' title="bbox 2191 4185 3768 4258; baseline 0.004 -19"><span class='ocrx_word' id='word_1_625' title='bbox 2191 4185 2503 4257; x_wconf 82' lang='lat' dir='ltr'><strong>occupabit.</strong></span> <span class='ocrx_word' id='word_1_626' title='bbox 2562 4185 2685 4240; x_wconf 87' lang='lat' dir='ltr'><strong>Pari</strong></span> <span class='ocrx_word' id='word_1_627' title='bbox 2722 4188 2935 4242; x_wconf 88' lang='lat' dir='ltr'><strong>ratione</strong></span> <span class='ocrx_word' id='word_1_628' title='bbox 2991 4189 3253 4258; x_wconf 87' lang='lat' dir='ltr'><strong>appetitio</strong></span> <span class='ocrx_word' id='word_1_629' title='bbox 3288 4198 3476 4244; x_wconf 87' lang='lat' dir='ltr'><strong>nostra</strong></span> <span class='ocrx_word' id='word_1_630' title='bbox 3512 4197 3768 4245; x_wconf 90' lang='lat' dir='ltr'><strong>naturam</strong></span> 
     </span>
    </p>
   </div>
   <div class='ocr_carea' id='block_1_91' title="bbox 2189 4277 3770 4347">
    <p class='ocr_par' dir='ltr' id='par_1_91' title="bbox 2189 4277 3770 4347">
     <span class='ocr_line' id='line_1_91' title="bbox 2189 4277 3770 4347; baseline 0.003 -18"><span class='ocrx_word' id='word_1_631' title='bbox 2189 4292 2298 4330; x_wconf 89' lang='lat' dir='ltr'><strong>non</strong></span> <span class='ocrx_word' id='word_1_632' title='bbox 2336 4277 2517 4341; x_wconf 90' lang='lat' dir='ltr'><strong>habet,</strong></span> <span class='ocrx_word' id='word_1_633' title='bbox 2577 4285 2635 4329; x_wconf 93' lang='lat' dir='ltr'><strong>ut</strong></span> <span class='ocrx_word' id='word_1_634' title='bbox 2676 4277 2955 4346; x_wconf 87' lang='lat' dir='ltr'><strong>corporeis</strong></span> <span class='ocrx_word' id='word_1_635' title='bbox 3006 4278 3167 4332; x_wconf 91' lang='lat' dir='ltr'><strong>simul</strong></span> <span class='ocrx_word' id='word_1_636' title='bbox 3218 4278 3590 4347; x_wconf 85' lang='lat' dir='ltr'><strong>voluptatibus</strong></span> <span class='ocrx_word' id='word_1_637' title='bbox 3651 4294 3770 4334; x_wconf 85' lang='lat' dir='ltr'><strong>ser-</strong></span> 
     </span>
    </p>
   </div>
   <div class='ocr_carea' id='block_1_92' title="bbox 2188 4366 3767 4439">
    <p class='ocr_par' dir='ltr' id='par_1_92' title="bbox 2188 4366 3767 4439">
     <span class='ocr_line' id='line_1_92' title="bbox 2188 4366 3767 4439; baseline 0.002 -19"><span class='ocrx_word' id='word_1_638' title='bbox 2188 4368 2299 4420; x_wconf 75' lang='lat' dir='ltr'><strong>viat</strong></span> <span class='ocrx_word' id='word_1_639' title='bbox 2348 4374 2403 4421; x_wconf 87' lang='lat' dir='ltr'><strong>et</strong></span> <span class='ocrx_word' id='word_1_640' title='bbox 2448 4367 2763 4438; x_wconf 83' lang='lat' dir='ltr'><strong>spirituales</strong></span> <span class='ocrx_word' id='word_1_641' title='bbox 2813 4371 3032 4437; x_wconf 90' lang='lat' dir='ltr'><strong>nuptias</strong></span> <span class='ocrx_word' id='word_1_642' title='bbox 3086 4367 3311 4423; x_wconf 87' lang='lat' dir='ltr'><strong>ambiat.</strong></span> <span class='ocrx_word' id='word_1_643' title='bbox 3374 4366 3563 4439; x_wconf 86' lang='lat' dir='ltr'><strong>Neque</strong></span> <span class='ocrx_word' id='word_1_644' title='bbox 3619 4369 3767 4425; x_wconf 87' lang='lat' dir='ltr'><strong>enim</strong></span> 
     </span>
    </p>
   </div>
   <div class='ocr_carea' id='block_1_93' title="bbox 2190 4457 3769 4531">
    <p class='ocr_par' dir='ltr' id='par_1_93' title="bbox 2190 4457 3769 4531">
     <span class='ocr_line' id='line_1_93' title="bbox 2190 4457 3769 4531; baseline 0 -17"><span class='ocrx_word' id='word_1_645' title='bbox 2190 4459 2463 4514; x_wconf 89' lang='lat' dir='ltr'><strong>similibus</strong></span> <span class='ocrx_word' id='word_1_646' title='bbox 2518 4457 2715 4514; x_wconf 89' lang='lat' dir='ltr'><strong>studiis</strong></span> <span class='ocrx_word' id='word_1_647' title='bbox 2768 4460 3055 4529; x_wconf 90' lang='lat' dir='ltr'><strong>utriusque</strong></span> <span class='ocrx_word' id='word_1_648' title='bbox 3100 4459 3177 4514; x_wconf 89' lang='lat' dir='ltr'><strong>rei</strong></span> <span class='ocrx_word' id='word_1_649' title='bbox 3234 4460 3575 4531; x_wconf 88' lang='lat' dir='ltr'><strong>propositum</strong></span> <span class='ocrx_word' id='word_1_650' title='bbox 3617 4476 3769 4517; x_wconf 84' lang='lat' dir='ltr'><strong>asse-</strong></span> 
     </span>
    </p>
   </div>
   <div class='ocr_carea' id='block_1_94' title="bbox 498 4540 2089 4620">
    <p class='ocr_par' dir='ltr' id='par_1_94' title="bbox 498 4545 2086 4618">
     <span class='ocr_line' id='line_1_94' title="bbox 498 4545 2086 4618; baseline -0.007 -10"><span class='ocrx_word' id='word_1_651' title='bbox 498 4554 679 4608; x_wconf 85' lang='grc' dir='ltr'>πάντα</span> <span class='ocrx_word' id='word_1_652' title='bbox 706 4552 774 4606; x_wconf 83' lang='grc' dir='ltr'>τὰ</span> <span class='ocrx_word' id='word_1_653' title='bbox 800 4551 1039 4605; x_wconf 82' lang='grc' dir='ltr'>ἐναντία.</span> <span class='ocrx_word' id='word_1_654' title='bbox 1070 4547 1279 4603; x_wconf 78' lang='grc' dir='ltr'>Οὐκοῦν</span> <span class='ocrx_word' id='word_1_655' title='bbox 1309 4546 1499 4618; x_wconf 83' lang='grc' dir='ltr'>ῶσπερ</span> <span class='ocrx_word' id='word_1_656' title='bbox 1520 4546 1611 4599; x_wconf 84' lang='grc' dir='ltr'><strong>δύο</strong></span> <span class='ocrx_word' id='word_1_657' title='bbox 1635 4545 1838 4616; x_wconf 87' lang='grc' dir='ltr'>κυρίων</span> <span class='ocrx_word' id='word_1_658' title='bbox 1862 4546 1919 4598; x_wconf 83' lang='grc' dir='ltr'><strong>ἐν</strong></span> <span class='ocrx_word' id='word_1_659' title='bbox 1944 4545 2086 4617; x_wconf 78' lang='grc' dir='ltr'>αἱρέ-</span> 
     </span>
    </p>
   </div>
   <div class='ocr_carea' id='block_1_95' title="bbox 2189 4540 3768 4620">
    <p class='ocr_par' dir='ltr' id='par_1_95' title="bbox 2191 4548 3768 4620">
     <span class='ocr_line' id='line_1_95' title="bbox 2191 4548 3768 4620; baseline 0.001 -16"><span class='ocrx_word' id='word_1_660' title='bbox 2191 4550 2285 4620; x_wconf 91' lang='lat' dir='ltr'><strong>qui</strong></span> <span class='ocrx_word' id='word_1_661' title='bbox 2335 4550 2504 4606; x_wconf 87' lang='lat' dir='ltr'><strong>licet:</strong></span> <span class='ocrx_word' id='word_1_662' title='bbox 2544 4548 2707 4606; x_wconf 91' lang='lat' dir='ltr'><strong>unius</strong></span> <span class='ocrx_word' id='word_1_663' title='bbox 2756 4554 2901 4605; x_wconf 90' lang='lat' dir='ltr'><strong>enim</strong></span> <span class='ocrx_word' id='word_1_664' title='bbox 2953 4550 3167 4605; x_wconf 88' lang='lat' dir='ltr'><strong>ratione</strong></span> <span class='ocrx_word' id='word_1_665' title='bbox 3217 4557 3272 4606; x_wconf 92' lang='lat' dir='ltr'><strong>et</strong></span> <span class='ocrx_word' id='word_1_666' title='bbox 3323 4552 3682 4619; x_wconf 84' lang='lat' dir='ltr'><strong>continentia,</strong></span> <span class='ocrx_word' id='word_1_667' title='bbox 3712 4560 3768 4608; x_wconf 91' lang='lat' dir='ltr'><strong>et</strong></span> 
     </span>
    </p>
   </div>
   <div class='ocr_carea' id='block_1_96' title="bbox 502 4637 2082 4716">
    <p class='ocr_par' dir='ltr' id='par_1_96' title="bbox 502 4637 2082 4716">
     <span class='ocr_line' id='line_1_96' title="bbox 502 4637 2082 4716; baseline -0.008 -16"><span class='ocrx_word' id='word_1_668' title='bbox 502 4664 587 4700; x_wconf 91' lang='grc' dir='ltr'><strong>σει</strong></span> <span class='ocrx_word' id='word_1_669' title='bbox 619 4644 1018 4716; x_wconf 84' lang='grc' dir='ltr'>προκειμένων,</span> <span class='ocrx_word' id='word_1_670' title='bbox 1051 4640 1239 4711; x_wconf 83' lang='grc' dir='ltr'>ἐπειδὴ</span> <span class='ocrx_word' id='word_1_671' title='bbox 1268 4638 1411 4692; x_wconf 85' lang='grc' dir='ltr'>κατὰ</span> <span class='ocrx_word' id='word_1_672' title='bbox 1441 4637 1635 4691; x_wconf 84' lang='grc' dir='ltr'>ταύτὸν</span> <span class='ocrx_word' id='word_1_673' title='bbox 1669 4637 1768 4690; x_wconf 79' lang='grc' dir='ltr'><strong>οὐκ</strong></span> <span class='ocrx_word' id='word_1_674' title='bbox 1798 4637 1944 4690; x_wconf 79' lang='grc' dir='ltr'>ἔστιν</span> <span class='ocrx_word' id='word_1_675' title='bbox 1979 4637 2082 4707; x_wconf 78' lang='grc' dir='ltr'>άμ-</span> 
     </span>
    </p>
   </div>
   <div class='ocr_carea' id='block_1_97' title="bbox 501 4729 2084 4807">
    <p class='ocr_par' dir='ltr' id='par_1_97' title="bbox 501 4729 2084 4807">
     <span class='ocr_line' id='line_1_97' title="bbox 501 4729 2084 4807; baseline -0.005 -18"><span class='ocrx_word' id='word_1_676' title='bbox 501 4735 747 4807; x_wconf 85' lang='grc' dir='ltr'>φοτέρων</span> <span class='ocrx_word' id='word_1_677' title='bbox 773 4734 1025 4804; x_wconf 78' lang='grc' dir='ltr'>γενέσθαι</span> <span class='ocrx_word' id='word_1_678' title='bbox 1061 4734 1303 4803; x_wconf 80' lang='grc' dir='ltr'>ὑπήκοον</span> <span class='ocrx_word' id='word_1_679' title='bbox 1340 4731 1553 4803; x_wconf 78' lang='grc' dir='ltr'>(οὐδεὶς</span> <span class='ocrx_word' id='word_1_680' title='bbox 1582 4730 1690 4801; x_wconf 77' lang='grc' dir='ltr'>γὰρ</span> <span class='ocrx_word' id='word_1_681' title='bbox 1715 4729 1935 4783; x_wconf 85' lang='grc' dir='ltr'>δύναται</span> <span class='ocrx_word' id='word_1_682' title='bbox 1964 4730 2084 4782; x_wconf 78' lang='grc' dir='ltr'>δυο-ἰ</span> 
     </span>
    </p>
   </div>
   <div class='ocr_carea' id='block_1_98' title="bbox 501 4817 2085 4899">
    <p class='ocr_par' dir='ltr' id='par_1_98' title="bbox 501 4817 2085 4899">
     <span class='ocr_line' id='line_1_98' title="bbox 501 4817 2085 4899; baseline -0.006 -17"><span class='ocrx_word' id='word_1_683' title='bbox 501 4828 716 4899; x_wconf 79' lang='grc' dir='ltr'>κυρίοις</span> <span class='ocrx_word' id='word_1_684' title='bbox 764 4825 1111 4893; x_wconf 89' lang='grc' dir='ltr'>δουλεύειν),</span> <span class='ocrx_word' id='word_1_685' title='bbox 1145 4825 1236 4878; x_wconf 91' lang='grc' dir='ltr'><strong>τὸν</strong></span> <span class='ocrx_word' id='word_1_686' title='bbox 1265 4821 1682 4893; x_wconf 82' lang='grc' dir='ltr'>ὠφελιμώτερον</span> <span class='ocrx_word' id='word_1_687' title='bbox 1721 4824 1749 4875; x_wconf 92' lang='lat'><strong>6</strong></span> <span class='ocrx_word' id='word_1_688' title='bbox 1780 4817 1836 4874; x_wconf 78' lang='grc' dir='ltr'><strong>εὖ</strong></span> <span class='ocrx_word' id='word_1_689' title='bbox 1873 4819 2085 4892; x_wconf 83' lang='grc' dir='ltr'>φρονῶν</span> 
     </span>
    </p>
   </div>
   <div class='ocr_carea' id='block_1_99' title="bbox 499 4914 2083 4988">
    <p class='ocr_par' dir='ltr' id='par_1_99' title="bbox 499 4914 2083 4988">
     <span class='ocr_line' id='line_1_99' title="bbox 499 4914 2083 4988; baseline -0.004 -15"><span class='ocrx_word' id='word_1_690' title='bbox 499 4919 829 4985; x_wconf 74' lang='grc' dir='ltr'>ἐπιλέξεταιο</span> <span class='ocrx_word' id='word_1_691' title='bbox 860 4917 1031 4981; x_wconf 72' lang='grc' dir='ltr'>οὕτως</span> <span class='ocrx_word' id='word_1_692' title='bbox 1056 4918 1191 4988; x_wconf 83' lang='grc' dir='ltr'>ἡμῖν</span> <span class='ocrx_word' id='word_1_693' title='bbox 1221 4916 1316 4970; x_wconf 75' lang='grc' dir='ltr'><strong>καὶ</strong></span> <span class='ocrx_word' id='word_1_694' title='bbox 1342 4916 1435 4969; x_wconf 90' lang='grc' dir='ltr'><strong>δύο</strong></span> <span class='ocrx_word' id='word_1_695' title='bbox 1468 4915 1843 4987; x_wconf 86' lang='grc' dir='ltr'>προκειμένων</span> <span class='ocrx_word' id='word_1_696' title='bbox 1867 4914 2083 4984; x_wconf 88' lang='grc' dir='ltr'>γάμων,</span> 
     </span>
    </p>
   </div>
   <div class='ocr_carea' id='block_1_100' title="bbox 498 5005 2087 5083">
    <p class='ocr_par' dir='ltr' id='par_1_100' title="bbox 498 5005 2087 5083">
     <span class='ocr_line' id='line_1_100' title="bbox 498 5005 2087 5083; baseline -0.004 -17"><span class='ocrx_word' id='word_1_697' title='bbox 498 5011 688 5083; x_wconf 80' lang='grc' dir='ltr'>ἐπειδὴ</span> <span class='ocrx_word' id='word_1_698' title='bbox 712 5012 813 5064; x_wconf 82' lang='grc' dir='ltr'><strong>οὐκ</strong></span> <span class='ocrx_word' id='word_1_699' title='bbox 846 5011 991 5064; x_wconf 77' lang='grc' dir='ltr'>ἐστιν</span> <span class='ocrx_word' id='word_1_700' title='bbox 1022 5012 1080 5063; x_wconf 89' lang='grc' dir='ltr'><strong>ἐν</strong></span> <span class='ocrx_word' id='word_1_701' title='bbox 1108 5010 1439 5081; x_wconf 86' lang='grc' dir='ltr'>ἀμφοτέροις</span> <span class='ocrx_word' id='word_1_702' title='bbox 1466 5005 1603 5062; x_wconf 77' lang='grc' dir='ltr'>εἶναι</span> <span class='ocrx_word' id='word_1_703' title='bbox 1639 5010 1697 5078; x_wconf 91' lang='lat'>(6</span> <span class='ocrx_word' id='word_1_704' title='bbox 1725 5009 1834 5079; x_wconf 83' lang='grc' dir='ltr'>γὰρ</span> <span class='ocrx_word' id='word_1_705' title='bbox 1873 5008 2087 5078; x_wconf 80' lang='grc' dir='ltr'>ἄγαμος</span> 
     </span>
    </p>
   </div>
   <div class='ocr_carea' id='block_1_101' title="bbox 502 5088 2086 5175">
    <p class='ocr_par' dir='ltr' id='par_1_101' title="bbox 502 5088 2086 5175">
     <span class='ocr_line' id='line_1_101' title="bbox 502 5088 2086 5175; baseline -0.003 -19"><span class='ocrx_word' id='word_1_706' title='bbox 502 5103 746 5175; x_wconf 78' lang='grc' dir='ltr'>μεριμνᾷ</span> <span class='ocrx_word' id='word_1_707' title='bbox 781 5102 851 5156; x_wconf 86' lang='grc' dir='ltr'>τὰ</span> <span class='ocrx_word' id='word_1_708' title='bbox 878 5101 972 5155; x_wconf 73' lang='grc' dir='ltr'>τοῦ</span> <span class='ocrx_word' id='word_1_709' title='bbox 1013 5088 1308 5172; x_wconf 9' lang='grc' dir='ltr'>Κυρίου,ηὸ</span> <span class='ocrx_word' id='word_1_710' title='bbox 1352 5102 1407 5154; x_wconf 80' lang='grc' dir='ltr'><strong>δὲ</strong></span> <span class='ocrx_word' id='word_1_711' title='bbox 1440 5103 1693 5171; x_wconf 79' lang='grc' dir='ltr'>γαμήσας</span> <span class='ocrx_word' id='word_1_712' title='bbox 1736 5101 1975 5171; x_wconf 83' lang='grc' dir='ltr'>μεριμνᾷ</span> <span class='ocrx_word' id='word_1_713' title='bbox 2018 5100 2086 5152; x_wconf 79' lang='grc' dir='ltr'>τὰ</span> 
     </span>
    </p>
   </div>
   <div class='ocr_carea' id='block_1_102' title="bbox 498 5190 2087 5265">
    <p class='ocr_par' dir='ltr' id='par_1_102' title="bbox 498 5190 2087 5265">
     <span class='ocr_line' id='line_1_102' title="bbox 498 5190 2087 5265; baseline -0.004 -17"><span class='ocrx_word' id='word_1_714' title='bbox 498 5194 593 5248; x_wconf 82' lang='grc' dir='ltr'>τοῦ</span> <span class='ocrx_word' id='word_1_715' title='bbox 622 5194 825 5264; x_wconf 75' lang='grc' dir='ltr'>κόσμου</span> <span class='ocrx_word' id='word_1_716' title='bbox 844 5193 863 5265; x_wconf 95' lang='grc'>)</span> <span class='ocrx_word' id='word_1_717' title='bbox 885 5233 899 5258; x_wconf 93' lang='grc'><strong>,</strong></span> <span class='ocrx_word' id='word_1_718' title='bbox 936 5192 1358 5264; x_wconf 84' lang='grc' dir='ltr'>σωφρονούντων</span> <span class='ocrx_word' id='word_1_719' title='bbox 1386 5192 1451 5246; x_wconf 83' lang='grc' dir='ltr'>ἄν</span> <span class='ocrx_word' id='word_1_720' title='bbox 1484 5209 1625 5265; x_wconf 87' lang='grc' dir='ltr'>φημι</span> <span class='ocrx_word' id='word_1_721' title='bbox 1667 5191 1741 5262; x_wconf 85' lang='grc' dir='ltr'><strong>μὴ</strong></span> <span class='ocrx_word' id='word_1_722' title='bbox 1770 5190 2087 5262; x_wconf 87' lang='grc' dir='ltr'>διαμαρτεῖν</span> 
     </span>
    </p>
   </div>
   <div class='ocr_carea' id='block_1_103' title="bbox 497 5282 2085 5356">
    <p class='ocr_par' dir='ltr' id='par_1_103' title="bbox 497 5282 2085 5356">
     <span class='ocr_line' id='line_1_103' title="bbox 497 5282 2085 5356; baseline -0.004 -16"><span class='ocrx_word' id='word_1_723' title='bbox 497 5285 602 5355; x_wconf 82' lang='grc' dir='ltr'>τῆς</span> <span class='ocrx_word' id='word_1_724' title='bbox 628 5284 861 5355; x_wconf 83' lang='grc' dir='ltr'>ἐκλογῆς</span> <span class='ocrx_word' id='word_1_725' title='bbox 888 5282 984 5338; x_wconf 81' lang='grc' dir='ltr'><strong>τοῦ</strong></span> <span class='ocrx_word' id='word_1_726' title='bbox 1034 5283 1432 5356; x_wconf 82' lang='grc' dir='ltr'>συμφέροντος·</span> <span class='ocrx_word' id='word_1_727' title='bbox 1482 5282 1620 5336; x_wconf 87' lang='grc' dir='ltr'><strong>ἀλλά</strong></span> <span class='ocrx_word' id='word_1_728' title='bbox 1675 5284 1811 5354; x_wconf 78' lang='grc' dir='ltr'>μήτε</span> <span class='ocrx_word' id='word_1_729' title='bbox 1852 5282 1950 5353; x_wconf 87' lang='grc' dir='ltr'>τὴν</span> <span class='ocrx_word' id='word_1_730' title='bbox 1992 5283 2085 5334; x_wconf 79' lang='grc' dir='ltr'>ἐπὶ</span> 
     </span>
    </p>
   </div>
   <div class='ocr_carea' id='block_1_104' title="bbox 500 5374 2081 5451">
    <p class='ocr_par' dir='ltr' id='par_1_104' title="bbox 500 5374 2081 5451">
     <span class='ocr_line' id='line_1_104' title="bbox 500 5374 2081 5451; baseline -0.003 -19"><span class='ocrx_word' id='word_1_731' title='bbox 500 5378 688 5432; x_wconf 78' lang='grc' dir='ltr'>τοῦτον</span> <span class='ocrx_word' id='word_1_732' title='bbox 712 5378 951 5445; x_wconf 82' lang='grc' dir='ltr'>ἄγουσαν</span> <span class='ocrx_word' id='word_1_733' title='bbox 978 5375 1098 5431; x_wconf 77' lang='grc' dir='ltr'>όδὸν</span> <span class='ocrx_word' id='word_1_734' title='bbox 1125 5376 1411 5445; x_wconf 75' lang='grc' dir='ltr'>ἀγνοῆσαι,</span> <span class='ocrx_word' id='word_1_735' title='bbox 1442 5375 1507 5445; x_wconf 81' lang='grc' dir='ltr'>ἢν</span> <span class='ocrx_word' id='word_1_736' title='bbox 1541 5375 1640 5428; x_wconf 84' lang='grc' dir='ltr'><strong>οὐκ</strong></span> <span class='ocrx_word' id='word_1_737' title='bbox 1670 5375 1814 5428; x_wconf 74' lang='grc' dir='ltr'>ἔστιν</span> <span class='ocrx_word' id='word_1_738' title='bbox 1848 5374 2023 5451; x_wconf 75' lang='grc' dir='ltr'>ἄλλως</span> <span class='ocrx_word' id='word_1_739' title='bbox 2048 5375 2081 5445; x_wconf 84' lang='grc' dir='ltr'>ἧ</span> 
     </span>
    </p>
   </div>
   <div class='ocr_carea' id='block_1_105' title="bbox 499 5466 2085 5539">
    <p class='ocr_par' dir='ltr' id='par_1_105' title="bbox 499 5466 2085 5539">
     <span class='ocr_line' id='line_1_105' title="bbox 499 5466 2085 5539; baseline -0.001 -18"><span class='ocrx_word' id='word_1_740' title='bbox 499 5467 590 5525; x_wconf 88' lang='grc' dir='ltr'><strong>διά</strong></span> <span class='ocrx_word' id='word_1_741' title='bbox 613 5487 754 5533; x_wconf 88' lang='grc' dir='ltr'>τινος</span> <span class='ocrx_word' id='word_1_742' title='bbox 780 5468 1069 5538; x_wconf 85' lang='grc' dir='ltr'>ἀναλογίας</span> <span class='ocrx_word' id='word_1_743' title='bbox 1097 5469 1305 5539; x_wconf 89' lang='grc' dir='ltr'>μαθεῖν.</span> <span class='ocrx_word' id='word_1_744' title='bbox 1349 5467 1434 5529; x_wconf 85' lang='grc' dir='ltr'>Ὠς</span> <span class='ocrx_word' id='word_1_745' title='bbox 1459 5467 1567 5537; x_wconf 80' lang='grc' dir='ltr'>γὰρ</span> <span class='ocrx_word' id='word_1_746' title='bbox 1599 5469 1655 5519; x_wconf 82' lang='grc' dir='ltr'><strong>ἐν</strong></span> <span class='ocrx_word' id='word_1_747' title='bbox 1676 5466 1754 5538; x_wconf 84' lang='grc' dir='ltr'><strong>τῷ</strong></span> <span class='ocrx_word' id='word_1_748' title='bbox 1790 5467 2085 5536; x_wconf 84' lang='grc' dir='ltr'>σωματικῷ</span> 
     </span>
    </p>
   </div>
   <div class='ocr_carea' id='block_1_106' title="bbox 500 5557 2084 5633">
    <p class='ocr_par' dir='ltr' id='par_1_106' title="bbox 500 5557 2084 5633">
     <span class='ocr_line' id='line_1_106' title="bbox 500 5557 2084 5633; baseline -0.003 -18"><span class='ocrx_word' id='word_1_749' title='bbox 500 5560 664 5630; x_wconf 75' lang='grc' dir='ltr'>γάμῳ</span> <span class='ocrx_word' id='word_1_750' title='bbox 698 5562 734 5612; x_wconf 86' lang='grc' dir='ltr'><strong>’ὁ</strong></span> <span class='ocrx_word' id='word_1_751' title='bbox 779 5564 854 5633; x_wconf 83' lang='grc' dir='ltr'>μὴ</span> <span class='ocrx_word' id='word_1_752' title='bbox 897 5560 1232 5631; x_wconf 79' lang='grc' dir='ltr'>ἀποϐλητέος</span> <span class='ocrx_word' id='word_1_753' title='bbox 1282 5557 1537 5627; x_wconf 76' lang='grc' dir='ltr'>γενέσθαι</span> <span class='ocrx_word' id='word_1_754' title='bbox 1601 5559 1936 5626; x_wconf 77' lang='grc' dir='ltr'>σπουδάζων,</span> <span class='ocrx_word' id='word_1_755' title='bbox 1991 5559 2084 5611; x_wconf 80' lang='grc' dir='ltr'><strong>καὶ</strong></span> 
     </span>
    </p>
   </div>
   <div class='ocr_carea' id='block_1_107' title="bbox 576 5733 1066 5806">
    <p class='ocr_par' dir='ltr' id='par_1_107' title="bbox 576 5733 1066 5806">
     <span class='ocr_line' id='line_1_107' title="bbox 576 5733 1066 5806; baseline 0.014 -20"><span class='ocrx_word' id='word_1_756' title='bbox 576 5734 617 5765; x_wconf 80' lang='grc'><strong>¹¹</strong></span> <span class='ocrx_word' id='word_1_757' title='bbox 658 5733 700 5789; x_wconf 84' lang='grc' dir='ltr'><strong>ΙΙ</strong></span> <span class='ocrx_word' id='word_1_758' title='bbox 719 5735 843 5791; x_wconf 89' lang='lat' dir='ltr'><strong>Cor.</strong></span> <span class='ocrx_word' id='word_1_759' title='bbox 880 5752 952 5806; x_wconf 83' lang='grc' dir='ltr'><strong>ιν,</strong></span> <span class='ocrx_word' id='word_1_760' title='bbox 982 5739 1066 5793; x_wconf 86' lang='lat' dir='ltr'><strong>l6.</strong></span> 
     </span>
    </p>
   </div>
   <div class='ocr_carea' id='block_1_108' title="bbox 2189 4640 3764 4711">
    <p class='ocr_par' dir='ltr' id='par_1_108' title="bbox 2189 4640 3764 4711">
     <span class='ocr_line' id='line_1_108' title="bbox 2189 4640 3764 4711; baseline -0.001 -14"><span class='ocrx_word' id='word_1_761' title='bbox 2189 4642 2435 4711; x_wconf 90' lang='lat' dir='ltr'><strong>corporis</strong></span> <span class='ocrx_word' id='word_1_762' title='bbox 2491 4640 2781 4697; x_wconf 78' lang='lat' dir='ltr'><strong>aﬂeetuum</strong></span> <span class='ocrx_word' id='word_1_763' title='bbox 2842 4642 3117 4705; x_wconf 86' lang='lat' dir='ltr'><strong>interitus,</strong></span> <span class='ocrx_word' id='word_1_764' title='bbox 3173 4650 3229 4697; x_wconf 88' lang='lat' dir='ltr'><strong>et</strong></span> <span class='ocrx_word' id='word_1_765' title='bbox 3269 4658 3456 4698; x_wconf 89' lang='lat' dir='ltr'><strong>eorum</strong></span> <span class='ocrx_word' id='word_1_766' title='bbox 3497 4644 3764 4706; x_wconf 87' lang='lat' dir='ltr'><strong>omnium,</strong></span> 
     </span>
    </p>
   </div>
   <div class='ocr_carea' id='block_1_109' title="bbox 2189 4734 3772 4805">
    <p class='ocr_par' dir='ltr' id='par_1_109' title="bbox 2189 4734 3772 4805">
     <span class='ocr_line' id='line_1_109' title="bbox 2189 4734 3772 4805; baseline 0.003 -20"><span class='ocrx_word' id='word_1_767' title='bbox 2189 4751 2310 4805; x_wconf 70' lang='lat' dir='ltr'><strong>qua:</strong></span> <span class='ocrx_word' id='word_1_768' title='bbox 2339 4750 2369 4788; x_wconf 89' lang='lat' dir='ltr'><strong>e</strong></span> <span class='ocrx_word' id='word_1_769' title='bbox 2399 4748 2568 4789; x_wconf 86' lang='lat' dir='ltr'><strong>carne</strong></span> <span class='ocrx_word' id='word_1_770' title='bbox 2613 4735 2926 4798; x_wconf 79' lang='lat' dir='ltr'><strong>exsistunt,</strong></span> <span class='ocrx_word' id='word_1_771' title='bbox 2964 4734 3324 4805; x_wconf 86' lang='lat' dir='ltr'><strong>despicientia</strong></span> <span class='ocrx_word' id='word_1_772' title='bbox 3390 4735 3551 4791; x_wconf 85' lang='lat' dir='ltr'><strong>nobis</strong></span> <span class='ocrx_word' id='word_1_773' title='bbox 3583 4738 3772 4791; x_wconf 83' lang='lat' dir='ltr'><strong>conci-</strong></span> 
     </span>
    </p>
   </div>
   <div class='ocr_carea' id='block_1_110' title="bbox 2188 4826 3771 4897">
    <p class='ocr_par' dir='ltr' id='par_1_110' title="bbox 2188 4826 3771 4897">
     <span class='ocr_line' id='line_1_110' title="bbox 2188 4826 3771 4897; baseline 0.002 -17"><span class='ocrx_word' id='word_1_774' title='bbox 2188 4826 2498 4880; x_wconf 81' lang='lat' dir='ltr'><strong>lianturze</strong></span> <span class='ocrx_word' id='word_1_775' title='bbox 2559 4841 2822 4897; x_wconf 87' lang='lat' dir='ltr'><strong>corporea</strong></span> <span class='ocrx_word' id='word_1_776' title='bbox 2882 4834 3062 4881; x_wconf 88' lang='lat' dir='ltr'><strong>autem</strong></span> <span class='ocrx_word' id='word_1_777' title='bbox 3113 4827 3353 4882; x_wconf 90' lang='lat' dir='ltr'><strong>coitione</strong></span> <span class='ocrx_word' id='word_1_778' title='bbox 3428 4828 3612 4881; x_wconf 89' lang='lat' dir='ltr'><strong>omnia</strong></span> <span class='ocrx_word' id='word_1_779' title='bbox 3683 4829 3771 4884; x_wconf 76' lang='lat' dir='ltr'><strong>his</strong></span> 
     </span>
    </p>
   </div>
   <div class='ocr_carea' id='block_1_111' title="bbox 2189 4916 3771 4989">
    <p class='ocr_par' dir='ltr' id='par_1_111' title="bbox 2189 4916 3771 4989">
     <span class='ocr_line' id='line_1_111' title="bbox 2189 4916 3771 4989; baseline 0.003 -18"><span class='ocrx_word' id='word_1_780' title='bbox 2189 4916 2462 4971; x_wconf 89' lang='lat' dir='ltr'><strong>contraria</strong></span> <span class='ocrx_word' id='word_1_781' title='bbox 2516 4926 2799 4987; x_wconf 84' lang='lat' dir='ltr'><strong>apparent.</strong></span> <span class='ocrx_word' id='word_1_782' title='bbox 2856 4916 3037 4974; x_wconf 79' lang='lat' dir='ltr'><strong>Veluti</strong></span> <span class='ocrx_word' id='word_1_783' title='bbox 3070 4920 3235 4989; x_wconf 80' lang='lat' dir='ltr'><strong>igitur</strong></span> <span class='ocrx_word' id='word_1_784' title='bbox 3277 4934 3402 4974; x_wconf 92' lang='lat' dir='ltr'><strong>cum</strong></span> <span class='ocrx_word' id='word_1_785' title='bbox 3438 4920 3505 4975; x_wconf 92' lang='lat' dir='ltr'><strong>de</strong></span> <span class='ocrx_word' id='word_1_786' title='bbox 3554 4920 3771 4975; x_wconf 80' lang='lat' dir='ltr'><strong>duobus</strong></span> 
     </span>
    </p>
   </div>
   <div class='ocr_carea' id='block_1_112' title="bbox 2190 5009 3770 5082">
    <p class='ocr_par' dir='ltr' id='par_1_112' title="bbox 2190 5009 3770 5082">
     <span class='ocr_line' id='line_1_112' title="bbox 2190 5009 3770 5082; baseline 0.002 -18"><span class='ocrx_word' id='word_1_787' title='bbox 2190 5009 2436 5064; x_wconf 88' lang='lat' dir='ltr'><strong>dominis</strong></span> <span class='ocrx_word' id='word_1_788' title='bbox 2490 5010 2554 5064; x_wconf 90' lang='lat' dir='ltr'><strong>ad</strong></span> <span class='ocrx_word' id='word_1_789' title='bbox 2609 5010 3022 5065; x_wconf 85' lang='lat' dir='ltr'><strong>deliberandum</strong></span> <span class='ocrx_word' id='word_1_790' title='bbox 3077 5011 3416 5080; x_wconf 86' lang='lat' dir='ltr'><strong>propositum</strong></span> <span class='ocrx_word' id='word_1_791' title='bbox 3484 5021 3590 5071; x_wconf 77' lang='lat' dir='ltr'><strong>est,</strong></span> <span class='ocrx_word' id='word_1_792' title='bbox 3633 5027 3770 5082; x_wconf 89' lang='lat' dir='ltr'><strong>quo-</strong></span> 
     </span>
    </p>
   </div>
   <div class='ocr_carea' id='block_1_113' title="bbox 2189 5098 3769 5172">
    <p class='ocr_par' dir='ltr' id='par_1_113' title="bbox 2189 5098 3769 5172">
     <span class='ocr_line' id='line_1_113' title="bbox 2189 5098 3769 5172; baseline 0.002 -19"><span class='ocrx_word' id='word_1_793' title='bbox 2189 5100 2333 5153; x_wconf 90' lang='lat' dir='ltr'><strong>niam</strong></span> <span class='ocrx_word' id='word_1_794' title='bbox 2373 5098 2487 5153; x_wconf 81' lang='lat' dir='ltr'><strong>tieri</strong></span> <span class='ocrx_word' id='word_1_795' title='bbox 2533 5114 2642 5152; x_wconf 89' lang='lat' dir='ltr'><strong>nou</strong></span> <span class='ocrx_word' id='word_1_796' title='bbox 2703 5105 2903 5169; x_wconf 89' lang='lat' dir='ltr'><strong>potest,</strong></span> <span class='ocrx_word' id='word_1_797' title='bbox 2954 5107 3013 5153; x_wconf 91' lang='lat' dir='ltr'><strong>ut</strong></span> <span class='ocrx_word' id='word_1_798' title='bbox 3065 5101 3355 5171; x_wconf 91' lang='lat' dir='ltr'><strong>utriusque</strong></span> <span class='ocrx_word' id='word_1_799' title='bbox 3390 5101 3617 5169; x_wconf 83' lang='lat' dir='ltr'><strong>imperio</strong></span> <span class='ocrx_word' id='word_1_800' title='bbox 3644 5102 3769 5172; x_wconf 88' lang='lat' dir='ltr'><strong>quis</strong></span> 
     </span>
    </p>
   </div>
   <div class='ocr_carea' id='block_1_114' title="bbox 2190 5191 3772 5262">
    <p class='ocr_par' dir='ltr' id='par_1_114' title="bbox 2190 5191 3772 5262">
     <span class='ocr_line' id='line_1_114' title="bbox 2190 5191 3772 5262; baseline 0.005 -17"><span class='ocrx_word' id='word_1_801' title='bbox 2190 5191 2354 5245; x_wconf 91' lang='lat' dir='ltr'><strong>simul</strong></span> <span class='ocrx_word' id='word_1_802' title='bbox 2410 5201 2598 5261; x_wconf 90' lang='lat' dir='ltr'><strong>pareat</strong></span> <span class='ocrx_word' id='word_1_803' title='bbox 2627 5210 2641 5245; x_wconf 91' lang='lat'><strong>:</strong></span> <span class='ocrx_word' id='word_1_804' title='bbox 2672 5207 2831 5247; x_wconf 92' lang='lat' dir='ltr'><strong>nemo</strong></span> <span class='ocrx_word' id='word_1_805' title='bbox 2860 5194 3005 5247; x_wconf 91' lang='lat' dir='ltr'><strong>enim</strong></span> <span class='ocrx_word' id='word_1_806' title='bbox 3057 5201 3235 5262; x_wconf 88' lang='lat' dir='ltr'><strong>potest</strong></span> <span class='ocrx_word' id='word_1_807' title='bbox 3265 5195 3480 5251; x_wconf 87' lang='lat' dir='ltr'><strong>duobus</strong></span> <span class='ocrx_word' id='word_1_808' title='bbox 3530 5194 3772 5253; x_wconf 89' lang='lat' dir='ltr'><strong>dominis</strong></span> 
     </span>
    </p>
   </div>
   <div class='ocr_carea' id='block_1_115' title="bbox 2189 5283 3771 5354">
    <p class='ocr_par' dir='ltr' id='par_1_115' title="bbox 2189 5283 3771 5354">
     <span class='ocr_line' id='line_1_115' title="bbox 2189 5283 3771 5354; baseline 0.004 -16"><span class='ocrx_word' id='word_1_809' title='bbox 2189 5284 2395 5339; x_wconf 87' lang='lat' dir='ltr'><strong>servire</strong></span> <span class='ocrx_word' id='word_1_810' title='bbox 2426 5302 2440 5338; x_wconf 90' lang='lat'><strong>:</strong></span> <span class='ocrx_word' id='word_1_811' title='bbox 2476 5283 2544 5345; x_wconf 84' lang='lat' dir='ltr'><strong>is,</strong></span> <span class='ocrx_word' id='word_1_812' title='bbox 2592 5284 2683 5353; x_wconf 91' lang='lat' dir='ltr'><strong>qui</strong></span> <span class='ocrx_word' id='word_1_813' title='bbox 2738 5294 2884 5338; x_wconf 89' lang='lat' dir='ltr'><strong>recte</strong></span> <span class='ocrx_word' id='word_1_814' title='bbox 2916 5285 3079 5354; x_wconf 84' lang='lat' dir='ltr'><strong>sapit,</strong></span> <span class='ocrx_word' id='word_1_815' title='bbox 3131 5286 3405 5341; x_wconf 91' lang='lat' dir='ltr'><strong>utiliorem</strong></span> <span class='ocrx_word' id='word_1_816' title='bbox 3439 5303 3505 5343; x_wconf 78' lang='lat' dir='ltr'><strong>ex</strong></span> <span class='ocrx_word' id='word_1_817' title='bbox 3548 5288 3635 5344; x_wconf 88' lang='lat' dir='ltr'><strong>his</strong></span> <span class='ocrx_word' id='word_1_818' title='bbox 3673 5289 3771 5344; x_wconf 80' lang='lat' dir='ltr'><strong>do-</strong></span> 
     </span>
    </p>
   </div>
   <div class='ocr_carea' id='block_1_116' title="bbox 2188 5374 3763 5450">
    <p class='ocr_par' dir='ltr' id='par_1_116' title="bbox 2188 5374 3763 5450">
     <span class='ocr_line' id='line_1_116' title="bbox 2188 5374 3763 5450; baseline 0.004 -22"><span class='ocrx_word' id='word_1_819' title='bbox 2188 5374 2395 5428; x_wconf 90' lang='lat' dir='ltr'><strong>minum</strong></span> <span class='ocrx_word' id='word_1_820' title='bbox 2452 5374 2690 5443; x_wconf 83' lang='lat' dir='ltr'><strong>deliget:</strong></span> <span class='ocrx_word' id='word_1_821' title='bbox 2746 5377 2818 5430; x_wconf 88' lang='lat' dir='ltr'><strong>ita</strong></span> <span class='ocrx_word' id='word_1_822' title='bbox 2850 5377 2896 5431; x_wconf 90' lang='lat' dir='ltr'><strong>si</strong></span> <span class='ocrx_word' id='word_1_823' title='bbox 2951 5378 3091 5433; x_wconf 83' lang='lat' dir='ltr'><strong>bime</strong></span> <span class='ocrx_word' id='word_1_824' title='bbox 3138 5378 3432 5450; x_wconf 67' lang='lat' dir='ltr'><strong>proposita:</strong></span> <span class='ocrx_word' id='word_1_825' title='bbox 3479 5390 3607 5435; x_wconf 90' lang='lat' dir='ltr'><strong>sunt</strong></span> <span class='ocrx_word' id='word_1_826' title='bbox 3659 5398 3763 5435; x_wconf 90' lang='lat' dir='ltr'><strong>nu-</strong></span> 
     </span>
    </p>
   </div>
   <div class='ocr_carea' id='block_1_117' title="bbox 2192 5466 3767 5538">
    <p class='ocr_par' dir='ltr' id='par_1_117' title="bbox 2192 5466 3767 5538">
     <span class='ocr_line' id='line_1_117' title="bbox 2192 5466 3767 5538; baseline 0.002 -19"><span class='ocrx_word' id='word_1_827' title='bbox 2192 5466 2337 5535; x_wconf 68' lang='lat' dir='ltr'><strong>ptiae,</strong></span> <span class='ocrx_word' id='word_1_828' title='bbox 2370 5468 2497 5537; x_wconf 90' lang='lat' dir='ltr'><strong>quia</strong></span> <span class='ocrx_word' id='word_1_829' title='bbox 2535 5468 2589 5521; x_wconf 94' lang='lat' dir='ltr'><strong>in</strong></span> <span class='ocrx_word' id='word_1_830' title='bbox 2621 5468 2870 5538; x_wconf 88' lang='lat' dir='ltr'><strong>utrisque</strong></span> <span class='ocrx_word' id='word_1_831' title='bbox 2894 5484 3016 5525; x_wconf 91' lang='lat' dir='ltr'><strong>esse</strong></span> <span class='ocrx_word' id='word_1_832' title='bbox 3043 5484 3150 5524; x_wconf 89' lang='lat' dir='ltr'><strong>non</strong></span> <span class='ocrx_word' id='word_1_833' title='bbox 3185 5469 3310 5525; x_wconf 88' lang='lat' dir='ltr'><strong>licet</strong></span> <span class='ocrx_word' id='word_1_834' title='bbox 3335 5490 3347 5525; x_wconf 93' lang='lat'>:</span> <span class='ocrx_word' id='word_1_835' title='bbox 3376 5472 3572 5529; x_wconf 66' lang='lat' dir='ltr'><strong>caelebs</strong></span> <span class='ocrx_word' id='word_1_836' title='bbox 3598 5474 3767 5534; x_wconf 79' lang='lat' dir='ltr'><strong>enim,</strong></span> 
     </span>
    </p>
   </div>
   <div class='ocr_carea' id='block_1_118' title="bbox 2192 5558 3769 5633">
    <p class='ocr_par' dir='ltr' id='par_1_118' title="bbox 2192 5558 3769 5633">
     <span class='ocr_line' id='line_1_118' title="bbox 2192 5558 3769 5633; baseline 0.005 -20"><span class='ocrx_word' id='word_1_837' title='bbox 2192 5573 2312 5630; x_wconf 64' lang='lat' dir='ltr'><strong>quae</strong></span> <span class='ocrx_word' id='word_1_838' title='bbox 2348 5558 2533 5614; x_wconf 90' lang='lat' dir='ltr'><strong>divina</strong></span> <span class='ocrx_word' id='word_1_839' title='bbox 2582 5566 2729 5627; x_wconf 88' lang='lat' dir='ltr'><strong>sunt,</strong></span> <span class='ocrx_word' id='word_1_840' title='bbox 2774 5567 2955 5628; x_wconf 89' lang='lat' dir='ltr'><strong>curat,</strong></span> <span class='ocrx_word' id='word_1_841' title='bbox 2988 5559 3082 5631; x_wconf 90' lang='lat' dir='ltr'><strong>qui</strong></span> <span class='ocrx_word' id='word_1_842' title='bbox 3116 5575 3247 5616; x_wconf 86' lang='lat' dir='ltr'><strong>vero</strong></span> <span class='ocrx_word' id='word_1_843' title='bbox 3287 5563 3492 5633; x_wconf 87' lang='lat' dir='ltr'><strong>nuptiis</strong></span> <span class='ocrx_word' id='word_1_844' title='bbox 3542 5562 3769 5633; x_wconf 79' lang='lat' dir='ltr'><strong>junctus</strong></span> 
     </span>
    </p>
   </div>
  </div>
