4124 6352
363 347 469 405 599

1580 340 1640 400 S.
1685 335 2014 394 CIiEGOBll
2052 336 2346 393 NYSSENI

3518 337 3626 397 406

366 477 482 534 cst,
531 467 585 522 in
623 466 788 522 rebus
842 461 1134 518 mundanis
1195 459 1437 518 studium
1493 460 1686 531 ponit:
1742 467 1936 527 tempe-

2047 455 2147 527 τῆς
2173 453 2266 510 τοῦ
2303 452 2552 530 σώματος
2578 452 2810 519 εὐεξίας,
2837 453 2930 506 καὶ
2959 451 3054 506 τοῦ
3081 451 3385 524 πρέποντος
3411 453 3625 508 καλλω-

363 559 604 625 rantium
678 557 961 614 hominum
997 564 1104 621 est,
1137 569 1246 610 non
1286 554 1544 608 aberrare
1594 552 1648 605 in
1693 565 1760 606 eo
1811 548 1944 601 deli-

366 650 542 720 gendo
567 691 583 716 ,
623 649 769 720 quod
821 650 955 704 utile
983 654 1109 713 est,
1143 660 1322 716 neque
1356 644 1500 699 viam
1535 645 1787 715 ignorare
1822 654 1943 711 quae

365 742 432 798 ad
480 742 682 798 bonum
724 741 877 797 ducit
907 758 922 797 :
953 753 1117 811 quam
1150 737 1372 808 quidem
1405 736 1546 791 viam
1568 747 1732 790 nemo
1762 733 1939 795 aliter,

365 835 473 890 nisi
518 833 704 904 aliquo
733 831 1000 902 ejusmodi
1047 828 1300 900 exemplo
1331 841 1667 900 cognoscere
1737 830 1938 896 potest.

364 924 437 980 Ut
481 926 624 981 enim
657 924 748 995 qui
787 925 840 978 in
895 922 1171 994 corporeis
1224 920 1434 991 nuptiis
1473 920 1624 990 cupit
1668 932 1776 973 non
1821 917 1942 971 vilis

362 1027 417 1072 ct
451 1017 701 1088 abjectus
753 1031 875 1070 esse
898 1055 913 1077 ,
969 1029 1096 1068 cum
1138 1019 1359 1085 appetat
1392 1011 1658 1082 Optimum
1690 1007 1941 1078 corporis

363 1109 632 1175 habitum,
681 1107 941 1162 decormn
990 1111 1280 1171 ornatum,
1339 1103 1654 1158 divitiarum
1715 1099 1937 1170 copias,

360 1210 414 1257 et
473 1215 690 1256 omnem
744 1207 838 1253 aut
878 1212 943 1253 ex
989 1197 1140 1261 vita,
1186 1203 1280 1250 aut
1331 1209 1398 1249 ex
1454 1207 1652 1264 genere
1695 1191 1940 1262 turpitu-

359 1293 543 1348 dinem
569 1290 737 1355 vitet,
765 1302 1126 1358 magnamque
1157 1285 1212 1340 in
1244 1284 1350 1340 hoc
1381 1297 1573 1339 curam
1605 1291 1770 1353 ponat
1795 1299 1808 1335 :
1833 1281 1939 1335 hoc

359 1385 504 1440 enim
554 1389 717 1453 pacto
761 1380 816 1435 id
855 1379 1185 1447 assequitur,
1221 1375 1366 1448 quod
1389 1374 1624 1430 maxime
1656 1374 1774 1428 vult
1806 1390 1820 1429 :
1865 1371 1939 1426 ita

359 1475 452 1546 qui
496 1472 780 1544 spirituale
813 1468 1222 1524 matrimonium
1261 1465 1587 1522 contrahere
1618 1464 1791 1534 cupit,
1823 1461 1939 1534 pri-

357 1581 508 1620 mum
561 1564 781 1636 quidem
843 1561 1043 1617 mentis
1103 1558 1456 1615 renovatione
1487 1557 1745 1627 juvenem
1777 1570 1838 1612 se
1883 1560 1940 1610 et

359 1658 429 1712 ab
462 1655 608 1710 onmi
644 1664 926 1711 senectute
961 1661 1252 1715 remotum,
1283 1648 1481 1705 deinde
1509 1647 1736 1702 divitem
1763 1661 1823 1702 se
1852 1660 1941 1702 os-

357 1745 563 1808 tendet,
610 1752 665 1799 et
717 1741 1003 1812 copiosum
1058 1754 1248 1794 earum
1279 1753 1489 1803 rerum,
1519 1736 1721 1807 quibus
1759 1735 1940 1791 abun-

357 1840 489 1893 dare
527 1835 765 1890 maxime
808 1833 1028 1888 beatum
1059 1838 1164 1896 est,
1199 1847 1312 1885 non
1353 1829 1438 1887 his
1467 1829 1708 1886 terrenis
1737 1827 1936 1899 opibus

352 1927 566 1993 extolli,
601 1925 698 1982 sed
757 1922 1078 1979 cmlestibus
1121 1921 1396 1978 thesauris
1448 1919 1659 1976 ornari.
1709 1918 1936 1976 Generis

357 2035 490 2075 vero
518 2017 859 2072 nobilitatem
892 2028 1001 2069 non
1025 2029 1093 2070 ex
1128 2011 1348 2068 fortuna
1396 2010 1657 2083 quadam,
1692 2025 1814 2081 quae
1837 2025 1935 2065 ca-

353 2127 424 2167 su
460 2109 710 2173 advenit,
741 2106 920 2178 qualis
953 2105 1230 2175 plerisque
1266 2103 1352 2159 vel
1399 2103 1656 2175 pessimis
1693 2101 1935 2157 homini-

359 2203 463 2258 bus
506 2199 792 2272 contingit,
845 2198 936 2254 ille
963 2213 1022 2252 se
1052 2197 1255 2254 habere
1299 2196 1612 2260 contendet,
1645 2193 1743 2252 sed
1787 2209 1933 2260 eam,

359 2308 483 2363 qnze
523 2298 578 2348 et
610 2290 796 2346 labore
827 2297 882 2344 ct
916 2289 1101 2346 studio
1132 2303 1197 2343 ex
1243 2288 1360 2344 suis
1411 2295 1558 2344 recte
1593 2287 1752 2344 factis
1786 2303 1937 2341 com-

358 2393 604 2456 paratur,
661 2397 826 2454 qnam
876 2383 910 2436 ii
967 2382 1071 2436 soli
1116 2388 1434 2444 ostentant,
1473 2379 1566 2450 qui
1619 2388 1749 2433 sunt
1798 2378 1937 2432 lucis

362 2485 418 2531 ct
461 2475 553 2530 Dei
587 2474 720 2538 lilii,
764 2482 819 2529 et
852 2489 882 2528 a
920 2473 1054 2529 solis
1091 2481 1213 2526 ortu
1266 2471 1478 2526 nobiles
1509 2470 1578 2524 ob
1623 2470 1935 2540 splendidas

361 2583 492 2624 suas
551 2582 642 2621 res
697 2576 878 2636 gestas
951 2571 1240 2618 vocantur.
1300 2560 1696 2616 Fortitudinem
1754 2570 1932 2616 autem

359 2667 522 2726 atque
560 2655 824 2724 optimum
871 2651 1120 2723 corporis
1181 2650 1468 2714 habitum,
1506 2664 1686 2720 neque
1735 2664 1934 2720 corpus

357 2747 688 2812 exercendo,
732 2759 909 2814 neque
956 2756 1177 2799 carnem
1217 2741 1521 2812 saginando
1563 2739 1796 2795 emciet:
1839 2739 1934 2794 sed

358 2848 551 2896 contra
588 2837 768 2909 potius
807 2837 917 2890 vim
969 2834 1200 2906 spiritus
1263 2830 1639 2886 imbecillitate
1688 2830 1936 2901 corporis

358 2931 626 3003 perﬁciet.
682 2929 814 2995 Qnre
867 2941 997 2982 vero
1045 2927 1238 2980 harum
1290 2924 1605 2993 nuptiarum
1657 2922 1936 2994 sponsalia

357 3036 588 3078 munera
644 3020 997 3080 adhibentur,
1038 3032 1146 3071 non
1187 3030 1250 3071 ea
1293 3024 1418 3070 sunt
1471 3028 1593 3084 quae
1639 3013 1727 3068 his
1777 3011 1935 3067 lalla-

357 3117 518 3172 cibus
563 3113 843 3167 hominum
894 3117 1024 3165 sunt
1068 3106 1321 3177 pecuniis
1352 3104 1651 3168 elaborata,
1677 3102 1772 3158 sed
1811 3117 1934 3173 quae

358 3223 427 3261 cx
483 3204 650 3259 animi
708 3201 912 3257 divitiis
941 3201 1084 3254 dono
1132 3192 1256 3253 data
1303 3203 1452 3253 sunt.
1519 3195 1576 3250 Si
1643 3209 1930 3250 munerum

357 3298 554 3352 horum
597 3294 816 3349 nomina
873 3291 1062 3346 audire
1104 3289 1292 3359 cupis,
1348 3288 1473 3342 audi
1507 3285 1738 3341 Paulum
1791 3285 1934 3356 opti-

359 3403 512 3444 mum
563 3387 875 3455 nuptiarum
914 3383 1300 3438 instructorezn
1343 3379 1412 3436 de
1455 3377 1809 3449 quibusdam,
1839 3376 1933 3447 qui

364 3481 563 3536 divites
596 3479 652 3534 in
683 3475 940 3532 omnibus
990 3472 1118 3528 facti
1154 3480 1304 3536 sunt,
1336 3473 1389 3527 in
1424 3471 1624 3541 quibus
1675 3484 1798 3523 cum
1827 3468 1934 3522 alia

355 3573 529 3626 multa
558 3577 613 3625 et
642 3583 838 3638 magna
867 3566 1034 3630 dicat,
1065 3564 1198 3619 illud
1235 3565 1423 3628 etiam,
1461 3581 1480 3619 ι
1513 3563 1573 3618 In
1607 3563 1928 3624 castitate.)

357 3661 531 3716 addit.
559 3658 884 3727 Rursusque
912 3669 1253 3728 quaecunque
1284 3655 1412 3708 alibi
1460 3653 1516 3708 in
1556 3653 1934 3724 spiritualibus

356 3753 625 3809 fructibus
664 3759 1070 3813 numerantur,
1123 3746 1307 3800 omnia
1373 3746 1566 3799 harum
1618 3745 1932 3815 nuptiarum

357 3847 500 3902 dona
555 3850 704 3898 sunt.
758 3842 836 3894 Ac
887 3839 932 3894 si
964 3839 1086 3907 quis
1122 3835 1401 3891 Salonioui
1453 3835 1612 3890 Iidem
1659 3835 1936 3889 adhibitu-

359 3953 456 3994 rus
487 3943 596 3999 est,
628 3941 688 3988 ut
730 3941 782 3988 et
827 3928 1272 3986 contubernalem
1312 3927 1416 3982 sibi
1454 3935 1508 3981 et
1560 3927 1684 3981 vitae
1727 3927 1933 3983 sociam

355 4043 540 4084 veram
569 4024 893 4096 sapientiam
931 4022 1213 4092 adjuugat,
1243 4018 1312 4074 de
1341 4034 1450 4089 qua
1484 4017 1531 4073 is
1560 4019 1635 4072 ait
1661 4037 1672 4071 :
1715 4036 1733 4069 ι
1767 4015 1936 4087 Dilige

357 4136 498 4183 cam,
530 4127 582 4172 et
610 4117 876 4172 custodiet
904 4122 980 4178 te,
1013 4113 1222 4167 honora
1247 4126 1367 4166 cam
1401 4110 1520 4165 ut“
1544 4110 1937 4180 complectatur

357 4223 426 4268 te.
453 4230 472 4263 ι
506 4211 594 4263 hic
609 4225 711 4279 pro
737 4205 902 4277 hujus
923 4203 1237 4276 cupiditatis
1253 4201 1519 4273 dignitate
1537 4201 1675 4256 stola
1697 4215 1829 4270 pura
1854 4217 1938 4256 or-

357 4311 541 4367 natur,
564 4316 689 4356 cum
721 4300 809 4364 iis,
839 4299 932 4368 qui
961 4297 1164 4367 nuptiis
1196 4296 1281 4351 his
1311 4294 1548 4365 gaudent
1573 4293 1715 4348 diem
1740 4293 1934 4350 festum

359 4392 599 4463 agendo,
637 4400 697 4445 ut
728 4405 797 4446 ne
847 4387 993 4444 foras
1018 4387 1314 4458 ejiciatur:
1356 4385 1450 4457 qui
1489 4384 1637 4440 enim
1679 4383 1799 4440 l‘csti
1828 4385 1935 4440 diei

2043 545 2273 618 πισμοῦ,
2295 545 2391 600 καὶ
2415 543 2646 598 πλούτου
2672 543 3008 616 περιουσίας,
3033 543 3131 599 καὶ
3152 543 3248 598 τοῦ
3273 545 3458 616 μηδὲν,
3485 549 3622 618 μήτε

2041 638 2108 692 ἐκ
2126 637 2220 692 τοῦ
2243 636 2381 710 βίου,
2409 638 2545 710 μήτε
2566 638 2630 691 ἐκ
2650 637 2745 691 τοῦ
2767 637 2959 707 γένους
2989 636 3290 707 ἐπάγεσθαι
3320 655 3373 692 τι
3399 637 3621 705 ὄνειδος,

2042 728 2242 802 πολλὴν
2258 731 2537 801 ποιήσεται
2562 731 2821 803 πρόνοιαν
2848 729 3010 801 (οὕτω
3024 730 3133 802 γὰρ
3151 729 3218 785 ἂν
3231 729 3369 802 τύχῃ
3388 731 3623 803 μάλιστα

2039 821 2150 877 τῶν
2171 822 2310 877 κατὰ
2329 820 2596 894 γνώμην)·
2611 822 2702 876 τὸν
2719 821 2883 876 αὐτὸν
2897 820 3098 893 τρόπον
3113 822 3208 877 καὶ
3230 825 3260 878 6
3278 823 3370 878 τὸν
3387 840 3622 896 πνευμα-

2040 915 2192 971 τικὸν
2213 916 2390 987 γάμον
2410 913 2588 988 ἐαυτῷ
2601 913 2821 987 μετιὼν,
2835 914 3052 985 πρῶτον
3071 915 3169 987 μὲν
3189 915 3310 970 νέον
3323 915 3514 972 ἐαυτὸν
3527 918 3622 970 καὶ

2041 1008 2224 1079 πάσης
2250 1007 2611 1078 παλαιότητος
2635 1007 3040 1080 κεχωρισμένον
3065 1010 3133 1081 τῇ
3161 1008 3500 1064 άνακαινίσει
3523 1009 3619 1064 τοῦ

2041 1100 2160 1166 νοὸς
2201 1099 2456 1166 ἐπιδείξει
2479 1117 2493 1134 ·
2521 1096 2641 1155 εἶτα
2683 1098 2936 1155 πλούσιον
2962 1099 3118 1170 γένος
3139 1139 3156 1166 ,
3181 1093 3227 1170 ᾧ
3273 1100 3336 1155 τὸ
3367 1100 3622 1154 πλουτεῖν

2040 1193 2157 1246 ἐστι
2189 1191 2684 1264 περισπούδαστονο
2717 1177 2779 1246 οὗ
2803 1193 2916 1256 τοῖς
2955 1191 3064 1246 άπὸ
3090 1192 3195 1263 γῆς
3224 1192 3621 1265 σεμνυνόμενον

2040 1285 2335 1355 χρήμασιν,
2369 1283 2508 1339 ἀλλὰ
2547 1285 2660 1346 τοῖς
2688 1281 2961 1355 οὐρανίοις
3007 1282 3300 1355 θησαυροῖς
3341 1283 3618 1356 κομῶντα.

2041 1375 2237 1441 Γένους
2263 1376 2318 1430 δὲ
2352 1376 2677 1447 σεμνότητα,
2702 1376 2762 1429 οὐ
2797 1375 2938 1429 κατὰ
2965 1374 3062 1447 τὴν
3091 1375 3395 1448 αὐτόματον
3427 1393 3621 1430 συντυ-

2039 1467 2182 1537 χίαν,
2218 1467 2428 1532 πολλοῖς
2462 1469 2557 1523 καὶ
2591 1467 2701 1524 τῶν
2728 1466 2946 1535 φαύλων
2984 1465 3314 1537 προσοῦσαν,
3365 1467 3620 1530 κάκεῖνος

2039 1557 2182 1628 ἔχειν
2207 1558 2642 1630 φιλοτιμήσεται,
2685 1557 2822 1613 ἀλλὰ
2853 1558 2953 1630 τὴν
2991 1559 3139 1629 πόνῳ
3171 1559 3265 1610 καὶ
3304 1557 3506 1628 σπουδῇ
3550 1557 3620 1610 δι’

2038 1649 2248 1703 οἰκείων
2277 1649 2716 1721 κατορθωμάτων
2760 1651 3211 1725 προσγινομένην,
3245 1651 3312 1723 ἢν
3345 1654 3494 1722 μόνοι
3523 1650 3620 1705 αὖ·

2037 1737 2224 1808 χοῦσιν
2253 1741 2301 1794 ot
2329 1739 2423 1794 τοῦ
2465 1740 2642 1810 φωτὸς
2671 1741 2803 1807 υἱοὶ,
2845 1741 2940 1796 καὶ
2973 1742 3137 1795 τέκνα
3174 1741 3330 1806 Θεοῦ,
3370 1742 3465 1795 καὶ
3509 1741 3621 1794 τῶν

2038 1832 2114 1901 άφ
2131 1832 2144 1852 ’
2163 1831 2316 1902 ἡλίου
2349 1832 2626 1888 ἀνατολῶν
2651 1835 2892 1902 εὐγενεῖς
2919 1833 3006 1888 διὰ
3027 1833 3136 1887 τῶν
3161 1833 3338 1904 έργων
3363 1832 3474 1886 τῶν
3501 1849 3616 1901 φω-

2034 1922 2224 1975 τεινῶν
2290 1922 2752 1994 χρηματίζοντεςο
2813 1923 2966 1993 ἰσχὺν
3017 1923 3076 1977 δὲ
3131 1922 3226 1976 καὶ
3269 1921 3512 1987 ἐύεξὶαν,
3553 1921 3616 1975 ὠ

2036 2013 2195 2082 σῶμα
2247 2012 2454 2077 ἀσκῶν,
2489 2013 2612 2068 οὐδὲ
2661 2013 3039 2068 καταπιαίνων
3083 2014 3184 2085 τὴν
3223 2013 3404 2083 σάρκα
3453 2031 3610 2084 περι-

2035 2106 2336 2178 ποιήσεται,
2368 2104 2504 2159 ἀλλὰ
2533 2109 2641 2160 πᾶν
2668 2107 3000 2170 τούναντίον,
3040 2107 3099 2160 ἐν
3126 2109 3192 2178 τῇ
3229 2106 3324 2160 τοῦ
3364 2105 3616 2178 σώματος

2033 2197 2290 2269 ἀσθενείᾳ
2325 2197 2544 2252 ’πελειῶν
2579 2198 2679 2270 τὴν
2717 2199 2814 2253 τοῦ
2852 2199 3159 2270 πνεύματος
3190 2197 3442 2268 δύναμιν.
3484 2193 3616 2251 οἶδα

2033 2289 2089 2343 δὲ
2122 2291 2216 2344 καὶ
2239 2291 2306 2345 τὰ
2335 2292 2460 2357 ἕδνα
2500 2291 2595 2345 τοῦ
2626 2292 2805 2364 γάμου
2851 2292 3040 2345 τούτου
3078 2292 3178 2344 οὐκ
3222 2290 3330 2344 ἀπὸ
3361 2289 3627 2364 φθαρτῶν

2034 2383 2334 2452 χρημάτων
2358 2384 2722 2454 πεποιημένα,
2748 2383 2863 2437 ἀλλ’
2893 2384 2957 2437 ἐκ
2979 2380 3074 2435 τοῦ
3102 2381 3230 2435 ἰδίου
3258 2379 3489 2435 πλούτου
3516 2381 3616 2452 τῆς

2032 2473 2211 2545 ψυχῆς
2238 2475 2709 2548 δωροφορούμενα.
2752 2475 2937 2530 Βούλει
2971 2473 3164 2547 μαθεῖν
3192 2473 3262 2530 τὰ
3289 2473 3397 2528 τῶν
3426 2471 3618 2544 δώρων

2034 2565 2294 2636 ὀνόματα;
2317 2566 2546 2622 ἄκουσον
2579 2567 2790 2622 Παύλου
2812 2566 2906 2621 τοῦ
2942 2565 3108 2621 καλοῦ
3140 2584 3200 2618 νυ
3211 2565 3533 2636 μφοστόλου,
3555 2567 3615 2618 ἐν

2031 2657 2142 2711 τίσι
2171 2658 2494 2712 πλουτοῦσιν
2524 2660 2573 2712 οἰ
2604 2660 2661 2712 ἐν
2692 2659 2855 2713 παντὶ
2891 2657 3250 2719 συνιστῶντες
3275 2656 3522 2720 ἑαυτούς’
3555 2656 3617 2709 ἐν

2032 2743 2112 2811 οἷς
2135 2749 2269 2804 ἄλλα
2296 2767 2353 2803 τε
2385 2750 2554 2803 πολλά
2588 2751 2683 2804 καὶ
2711 2751 2922 2821 μεγάλα
2951 2749 3141 2815 εἰπὼν,
3172 2768 3191 2801 ι
3227 2748 3338 2802 Kal
3367 2748 3426 2801 ἐν
3457 2747 3616 2817 άγνό-
3679 2759 3700 2764 "

2031 2858 2156 2910 τητι
2191 2859 2210 2892 ι
2249 2841 2431 2912 φησίν.
2467 2843 2576 2895 Καὶ
2608 2842 2770 2896 πάλιν
2807 2842 2908 2895 ὅσα
2953 2841 3222 2915 ἑτέρωθεν
3269 2843 3326 2894 ἐν
3375 2844 3489 2905 τοῖς
3519 2839 3614 2895 τοῦ

2034 2932 2342 3003 πνεύματος
2380 2935 2613 3003 καρποῖς
2646 2932 3061 3004 άπαριθμεῖται.
3093 2935 3271 2989 πάντα
3304 2931 3397 2987 τοῦ
3433 2935 3614 3004 γάμου

2032 3023 2223 3077 τούτου
2246 3023 2396 3094 δῶρά
2424 3024 2560 3076 ἐστι’
2591 3024 2686 3077 καὶ
2708 3023 2760 3077 εἰ
2781 3041 2864 3088 τις
2892 3024 3072 3095 μέλλει
3103 3024 3386 3080 πείθεσθαι
3411 3024 3492 3097 τῷ
3515 3024 3614 3078 Σο-

1989 3139 2004 3186 ;
2034 3115 2268 3186 λομῶντι
2289 3157 2303 3179 ,
2335 3115 2429 3168 καὶ
2469 3113 2568 3186 τὴν
2602 3115 2861 3186 ἀληθινὴν
2901 3116 3090 3185 σοφίαν
3139 3115 3386 3170 σύνοικόν
3417 3133 3477 3171 τε
3517 3115 3616 3170 καὶ

2036 3207 2151 3279 βίου
2183 3207 2436 3260 κοινωνὸν
2477 3206 2654 3278 ἐαυτῷ
2684 3206 2982 3277 λαμϐάνειν
3013 3207 3182 3278 (περὶ
3207 3202 3276 3280 ἧς
3313 3222 3498 3278 φησιν,
3529 3206 3558 3260 δ
3596 3223 3616 3261 ι

2040 3318 2059 3353 ι
2099 3299 2389 3371 Ἐράσθητι
2421 3298 2614 3370 αὐτῆς,
2645 3298 2739 3352 καὶ
2773 3299 3000 3369 τηρήσει
3032 3313 3092 3351 σε
3112 3315 3125 3328 ·
3151 3297 3386 3368 τίμησον,
3421 3297 3613 3368 αὐτὴν.

2035 3392 2123 3447 ἵνα
2157 3408 2216 3443 σε
2251 3389 2520 3462 περιλάϐῃ
2545 3388 2630 3460 ι)⁶
2666 3388 2902 3453 ἐπαξίως
2943 3390 3041 3458 τῆς
3081 3387 3375 3458 ἐπιθυμίας
3411 3386 3614 3458 ταύτης

2034 3484 2514 3554 παρασκευάσεται
2537 3484 2595 3536 ἐν
2617 3481 2834 3554 καθαρᾷ
2856 3483 2924 3555 τῇ
2955 3482 3116 3554 στολῇ
3138 3485 3249 3548 τοῖς
3271 3482 3330 3536 ἐν
3349 3482 3428 3554 τῷ
3451 3482 3618 3555 γάμῳ

2036 3571 2581 3644 συνευφραινομένοις
2625 3571 3032 3642 συνεορτάζειν·
3072 3571 3159 3625 ῖνα
3197 3571 3273 3644 μὴ
3310 3571 3617 3644 ἀπόϐλητος

2033 3665 2279 3735 γένηται,
2309 3664 2409 3733 τῆς
2449 3663 2548 3734 μὲν
2579 3663 2772 3735 ἑορτῆς
2804 3664 3205 3734 συμμετασχεῖν
3242 3661 3430 3729 ἀξιῶν,
3460 3662 3521 3717 τὸ
3556 3663 3616 3718 δὲ

2034 3755 2238 3825 ἔνδυμα
2283 3754 2379 3808 τοῦ
2421 3754 2602 3824 γάμου
2654 3754 2730 3826 μὴ
2776 3754 3179 3826 περικείμενος.
3230 3752 3400 3824 Δῆλον
3429 3752 3486 3808 δὲ
3530 3753 3615 3809 ὅτι

2035 3847 2212 3911 κοινὸς
2241 3849 2269 3902 6
2304 3847 2460 3916 λόγος
2506 3847 2677 3923 ἐστὶν,
2712 3846 2806 3900 ἐπί
2847 3863 2907 3900 τε
2946 3845 3156 3918 ἀνδρῶν
3198 3846 3292 3900 καὶ
3339 3845 3618 3915 γυναικῶν

2035 3937 2256 4010 ὁμοίως.
2287 3939 2368 4002 εἰς
2399 3937 2498 4010 τὴν
2537 3937 2666 4009 περὶ⁹
2693 3937 2800 3991 τῶν
2833 3939 3090 3990 τοιούτων
3112 3936 3307 4006 γάμων
3338 3936 3572 4007 σπουδήν
3596 3953 3610 3967 ·

2036 4030 2220 4102 ἐπειδὴ
2256 4030 2384 4101 γὰρ,
2431 4027 2613 4093 καθὼς
2652 4047 2814 4100 φησιν
2851 4029 2879 4081 6
2929 4027 3248 4090 ’Λπόστολος
3271 4067 3286 4091 ,
3329 4047 3348 4080 ι
3381 4029 3495 4081 Ούκ
3533 4026 3618 4081 Evt

2036 4119 2201 4190 ἄρσεν
2232 4121 2326 4173 καὶ
2370 4119 2503 4187 θῆλυ
2527 4134 2542 4148 ⁸
2581 4119 2758 4172 πάντα
2799 4119 2855 4171 δὲ
2885 4119 2978 4171 καὶ
3024 4119 3082 4171 ἐν
3122 4103 3256 4172 πᾶσί
3290 4119 3544 4188 Χριστός·
3587 4139 3607 4170 ι

2037 4211 2259 4274 εἰκότως
2289 4212 2318 4264 6
2360 4211 2461 4281 τῆς
2491 4210 2682 4280 σοφίας
2727 4209 2962 4282 ἐραστὴς
3006 4211 3096 4263 τὸν
3145 4209 3327 4264 ἔνθεον
3371 4210 3483 4282 ἔχει
3515 4211 3614 4282 τῆς

2037 4300 2331 4372 ἐπιθυμίας
2373 4301 2594 4364 σκοπὸν,
2627 4301 2686 4366 ὃς
2731 4302 2883 4355 ἐστιν
2921 4303 2955 4371 ὴ
3002 4301 3209 4372 ἀληθὴς
3241 4301 3424 4372 σοφία·
3456 4302 3548 4355 καὶ
3577 4304 3611 4372 ἡ

2037 4393 2116 4464 τῷ
2142 4393 2404 4466 ἀφθάρτῳ
2432 4395 2651 4466 νυμφίῳ
2681 4393 3147 4466 προσκολληθεῖσα
3173 4395 3338 4467 ψυχὴ,
3365 4395 3463 4466 τῆς
3489 4395 3614 4466 άλη-

359 4481 690 4538 celebritatis
758 4481 1079 4552 participem
1138 4494 1197 4534 se
1241 4493 1365 4533 esse
1431 4477 1656 4547 dignum
1733 4484 1931 4548 putat,

2039 4486 2189 4557 θινῆς
2215 4485 2405 4556 σοφίας
2422 4485 2534 4558 ἔχει
2557 4486 2648 4540 τὸν
2671 4485 2871 4558 ἔρωτα,
2904 4487 3027 4558 ἣτις
3044 4486 3190 4539 ἐστίν
3216 4487 3245 4539 6
3264 4486 3417 4550 Θεός.
3454 4487 3615 4540 Ἀλλὰ

358 4575 656 4645 nuptialem
712 4583 916 4628 vestem
978 4587 1087 4626 non
1135 4569 1334 4623 induit.
1385 4567 1740 4638 Perspicuum
1805 4585 1933 4625 vero

2044 4576 2100 4630 τί
2125 4577 2222 4648 μὲν
2247 4579 2275 4630 6
2297 4577 2662 4647 πνευματικὸς
2683 4577 2860 4647 γάμος
2891 4576 3030 4643 ἐστὶ,
3059 4576 3154 4630 καὶ
3179 4575 3317 4647 πρὸς
3336 4577 3455 4630 τίνα
3493 4575 3615 4646 βλέ-

359 4674 462 4730 est,
489 4674 543 4720 et
575 4666 628 4719 in
664 4664 794 4718 viris
820 4671 873 4718 et
904 4663 958 4717 in
987 4661 1204 4717 feminis
1241 4670 1588 4712 communem
1635 4659 1704 4713 ad
1743 4658 1936 4729 hujus-

2043 4685 2134 4722 πει
2169 4668 2371 4721 σκοπὸν
2395 4670 2424 4721 6
2446 4669 2683 4739 καθαρός
2711 4683 2770 4720 τε
2802 4666 2897 4720 καὶ
2921 4667 3170 4738 οὐράνιος
3193 4667 3353 4740 ἔρως,
3379 4669 3619 4739 μετρίως

360 4757 506 4812 modi
563 4755 878 4826 nuptiarum
913 4753 1154 4809 studium
1185 4766 1306 4806 esse
1347 4751 1654 4804 rationem:
1688 4751 1816 4820 quia
1875 4760 1932 4805 ut

2041 4761 2172 4830 ἡμῖν
2214 4761 2278 4812 ἐκ
2315 4759 2422 4812 τῶν
2459 4759 2767 4830 εἰρημένων
2801 4758 3264 4814 άνακεκάλυπται.

359 4861 443 4906 est
472 4851 615 4922 apud
651 4851 969 4922 Apostolum
998 4848 1042 4880 "
1072 4847 1095 4906 ξ
1141 4865 1159 4898 ι
1193 4845 1309 4901 Νοιι
1340 4853 1424 4900 est
1456 4844 1731 4900 masculus
1755 4884 1772 4911 ,
1805 4863 1936 4920 nequ

2035 4854 2238 4915 e-uina,
2275 4855 2369 4909 sed
2403 4868 2594 4909 omnes
2621 4861 2675 4908 et
2710 4853 2763 4907 in
2797 4853 3052 4908 omnibus
3083 4850 3390 4918 Christus,»
3423 4852 3618 4908 merito

359 4942 453 5014 qui
487 4942 770 5014 sapientia:
795 4955 981 4996 amore
1013 4938 1254 5003 ducitur,
1288 4936 1376 4990 hic
1440 4935 1496 4990 in
1550 4937 1699 4990 omni
1760 4940 2061 5008 cupiditate
2127 4945 2468 5014 propositum
2519 4944 2622 4998 sibi
2673 4938 2921 4998 divinum
2997 4958 3219 5015 scopum
3277 4943 3481 5010 habet,
3523 4943 3617 5012 qui

360 5051 491 5091 vera
516 5036 785 5107 sapientia
817 5044 921 5098 est,
957 5041 1119 5104 atque
1148 5031 1364 5086 animus
1394 5028 1442 5084 is
1501 5029 1594 5099 qui
1635 5044 1762 5087 cum
1827 5033 2144 5106 incorrupto
2222 5053 2424 5108 sponso
2471 5052 2592 5094 sese
2660 5037 2877 5108 jungit,
2927 5053 3071 5092 verae
3135 5037 3416 5108 sapientiae
3440 5075 3457 5103 ,
3495 5053 3619 5107 quae

361 5129 507 5184 Deus
556 5137 662 5196 est,
751 5142 937 5183 amore
984 5134 1221 5182 tenetur.
1296 5121 1438 5190 Quid
1499 5124 1570 5177 sit
1626 5133 1805 5177 autem

1883 5127 2167 5198 spirituale
2230 5130 2674 5196 matrimonium,

2771 5144 2948 5199 quove
3026 5143 3200 5199 purus
3268 5129 3621 5202 caelestisque

365 5236 518 5276 amor
547 5226 776 5291 spectet,
811 5233 877 5274 ex
913 5218 981 5272 iis
1028 5232 1161 5272 sane
1191 5229 1314 5285 qua:
1362 5215 1935 5284 commemoravimus,
1977 5221 2114 5276 satis
2160 5229 2245 5276 est
2281 5237 2308 5275 a
2339 5221 2497 5277 nobis
2532 5221 2992 5276 demonstratum.

937 5307 1168 5365 CAPUT
1198 5306 1341 5362 XXI.

366 5416 471 5481 Qui
517 5425 820 5470 accuratam
856 5416 991 5470 hanc
1030 5414 1235 5469 vivendi
1262 5415 1522 5468 rationem
1562 5422 1734 5468 tenere
1777 5415 1937 5468 iusti-

438 5487 559 5551 tuit,
613 5486 679 5556 a6
712 5488 854 5540 omni
895 5488 1128 5555 corporis
1167 5485 1496 5555 voluptatum
1539 5500 1718 5556 genere
1758 5501 1812 5538 se
1843 5486 1937 5538 ab-

437 5558 618 5610 dicare
647 5555 816 5610 debet.

435 5647 702 5714 Quoniam
741 5661 873 5702 sane
921 5644 1210 5701 m'anifesto
1255 5653 1594 5716 compertum
1646 5651 1752 5711 est,
1807 5659 1916 5700 non

436 5767 478 5798 "
510 5765 673 5821 Prov.
713 5780 784 5828 tv,
817 5764 871 5818 6.
950 5763 994 5796 ¹³
1021 5765 1234 5821 Coloss.
1267 5763 1458 5829 "1,11.

2620 5317 2872 5369 ΚΕΦΑΛ.
2911 5317 3036 5369 KA'.

2046 5421 2172 5474 Ὅτι
2205 5419 2318 5489 χρὴ
2339 5419 2447 5474 τὸν
2463 5417 2718 5488 ἀκριϐῶς
2740 5417 2849 5486 ζῇν
2873 5419 3298 5489 προελόμενον,
3317 5419 3470 5487 πρὸς
3495 5417 3620 5475 πᾶν

2149 5487 2314 5557 εἶδος
2343 5487 2687 5560 σωματικῆς
2713 5487 2940 5558 ἡδονῆς
2970 5489 3298 5558 ἀλλοτρίως
3326 5491 3509 5560 ἔχειν.

2110 5647 2328 5718 Ἐπειδὴ
2361 5646 2416 5700 δὲ
2445 5649 2512 5718 τῇ
2552 5646 2886 5718 καθαρότητι
2925 5645 3018 5701 τοῦ
3053 5645 3192 5700 Θεοῦ
3232 5649 3621 5717 προσεγγίσαι,
