4124 6352
526 337 622 396 ιοι

1842 345 1932 402 DE
1958 347 2430 409 VIRGINITATE.

3680 363 3788 420 40⁸2

521 452 598 524 μὴ
629 453 792 506 αὐτόν
817 470 941 508 τινα
964 454 1226 528 πρότερον
1252 456 1493 514 τοιοῦτον
1520 461 1829 534 γενόμενον,
1851 463 2080 520 ἀδύνατο

2215 483 2374 536 posse
2406 467 2718 541 quempiam
2755 470 2822 525 ad
2873 468 2965 526 Dei
3007 469 3298 543 puritatem
3343 471 3624 539 accedere,
3677 478 3784 533 nisi

518 546 819 617 κατεφάνη·
849 547 1147 619 ἀναγκαῖον
1177 551 1243 606 ἂν
1273 552 1358 624 είη
1395 554 1616 625 μεγάλῳ
1640 556 1748 610 τινὶ
1773 557 1869 611 καὶ
1901 559 2105 632 ἰσχυρῷ

515 635 913 708 διατειχίσματι
956 638 1096 708 πρὸς
1143 640 1244 706 τὰς
1291 641 1488 712 ἡδονάς
1535 644 1730 700 ἑαυτὸν
1777 647 2098 720 διαστῆσαι·

515 727 593 792 ώς
621 728 688 782 ἂν
727 728 979 801 μηδαμοῦ
1014 730 1092 803 τῷ
1133 735 1528 808 προσεγγισμῷ
1558 737 1733 810 τούτῳ
1764 739 1824 793 τὸ
1863 741 2103 813 καθαρὸν

513 819 614 891 τῆς
641 820 871 892 καρδίας
903 823 1302 894 ἐπιμολύνοιτο.
1338 827 1534 898 Τεῖχος
1573 829 1632 883 δέ
1664 830 1815 885 ἐστιν
1843 832 2098 902 ἀσφαλὲς,

513 915 545 981 ἡ
579 913 760 968 τελεία
789 916 927 986 πρὸς
957 920 1066 972 πᾶν
1096 918 1156 972 τὸ
1187 919 1451 991 ἐμπαθῶς
1495 923 1914 996 ἐπιτελούμενον
1944 925 2100 980 ἀλλο-

511 1006 758 1076 τρίωσις.
814 1008 931 1063 Μία
957 1008 1067 1082 γάρ
1098 1006 1234 1065 οὖσα
1281 1009 1360 1084 τῷ
1399 1013 1548 1082 γένει
1593 1015 1627 1086 ἡ
1679 1015 1862 1090 ἡδονὴ,
1919 1017 2100 1084 καθὼς

511 1096 734 1152 ἀκούειν
769 1097 886 1154 ἔστι
934 1100 1043 1155 τῶν
1080 1101 1294 1172 σοφῶν,
1350 1103 1541 1177 ῶσπερ
1591 1123 1646 1160 τι
1681 1106 1826 1180 ὕδωρ
1856 1109 1920 1163 ἐκ
1967 1111 2099 1180 μιᾶς

513 1188 698 1260 πηγῆς
719 1191 800 1254 εἰς
817 1190 1111 1263 διαφόρους
1129 1193 1353 1265 ὀχετοὺς
1374 1196 1755 1268 μεριζόμενον,
1782 1199 1849 1253 δι’
1864 1199 2096 1255 ἑκάστου

509 1278 618 1332 τῶν
663 1279 1038 1353 αἰσθητηρίων
1080 1287 1195 1348 τοῖς
1247 1285 1554 1356 φιληδόνοις
1599 1289 2094 1360 ἐγκαταμίγνυται.

509 1372 720 1427 Οὐκοῦν
754 1376 784 1428 6
811 1374 900 1429 διά
932 1378 1064 1447 μιᾶς
1095 1393 1241 1442 τινος
1278 1379 1387 1432 τῶν
1414 1379 1721 1451 αἰσθήσεων
1752 1382 1853 1452 τῆς
1880 1384 2094 1452 ἐγγινο-

511 1461 681 1533 μένης
718 1464 868 1536 αύτῷ
892 1467 1086 1540 ἡδονῆς
1138 1469 1431 1540 ἡττηθεὶς,
1490 1471 1705 1526 ἐκεῖθεν
1752 1472 1964 1545 ἐτρώθη
1995 1473 2094 1546 τὴν

507 1554 736 1622 καρδίαν
755 1570 772 1586 ·
797 1557 981 1622 καθὼς
1009 1558 1254 1614 διδάσκει
1284 1562 1318 1632 ἡ
1365 1560 1459 1615 τοῦ
1488 1561 1624 1616 Θεοῦ
1659 1565 1834 1634 φωνὴ,
1875 1565 1958 1620 ὅτι
1984 1567 2092 1620 τῶν

504 1643 799 1716 ὀφθαλμῶν
836 1648 936 1719 τὴν
963 1650 1260 1721 ἐπιθυμίαν
1297 1654 1326 1706 6
1353 1653 1668 1725 πληρώσας,
1701 1657 1760 1709 ἐν
1788 1658 1852 1728 τῇ
1896 1657 2092 1730 καρδία

503 1734 604 1803 τὴν
631 1734 835 1808 βλάϐην
880 1738 1120 1805 ἐδέξατο.
1176 1737 1346 1812 Οἶμαι
1378 1744 1436 1798 δὲ
1477 1744 1586 1798 ἀπὸ
1621 1746 1823 1818 μέρους
1857 1746 2092 1803 ἐνταῦθα

2207 560 2332 614 talis
2363 560 2478 631 ipse
2506 562 2660 632 prius
2695 560 2875 619 factus
2903 573 3010 628 est,
3041 563 3174 619 illud
3204 573 3353 620 certe
3403 569 3781 623 necessarium

2204 661 2310 717 est,
2341 660 2402 707 ut
2433 667 2492 708 se
2523 667 2719 725 magno
2745 654 2929 725 aliquo
2971 654 3237 728 tirmoque
3277 656 3566 729 interjecto
3597 675 3780 725 muro,

2203 761 2234 798 a
2270 745 2641 816 voluptatibus
2668 755 2990 803 removeat:
3028 755 3088 803 ut
3141 749 3296 805 nullo
3341 750 3564 821 quidem
3616 764 3782 824 pacto

2206 837 2306 889 liae
2327 837 2854 908 appropinquatione
2877 839 3063 896 cordis
3089 839 3406 912 inquinetur
3435 845 3731 903 mundities
3762 864 3776 902 :

2204 942 2397 982 llllll‘lls
2425 942 2556 983 vero
2587 928 2939 986 ﬁrmissimus
2966 937 3052 986 est
3093 932 3354 1003 quaedam
3383 933 3455 991 ab
3483 935 3778 992 allectuum

2203 1018 2433 1088 imperio
2469 1019 2827 1077 abalienatio.
2858 1020 2996 1078 Cum
3032 1024 3179 1080 enim
3211 1025 3482 1096 voluptas,
3517 1037 3576 1082 ut
3611 1043 3640 1082 a
3686 1043 3779 1088 sa-

2201 1111 2478 1182 pientibus
2533 1112 2768 1186 intelligi
2828 1114 2980 1183 licet,
3035 1132 3235 1188 genere
3287 1133 3395 1174 una
3451 1119 3554 1187 sit,
3606 1122 3776 1179 veluti

2199 1217 2340 1273 aqua
2375 1204 2576 1274 aliqua,
2611 1220 2733 1276 qua!
2762 1206 2831 1261 ab
2860 1223 2972 1262 uno
3018 1206 3170 1263 fonte
3206 1224 3440 1266 manans
3489 1211 3544 1266 in
3592 1213 3775 1268 varios

2199 1294 2407 1352 rivulos
2441 1295 2677 1366 partitur
2702 1312 2716 1351 :
2753 1296 2834 1353 sic
2859 1298 2952 1351 illa
2978 1312 3074 1369 per
3099 1297 3344 1370 singulas
3375 1314 3634 1355 sensuum
3659 1302 3776 1357 vias

2198 1402 2322 1443 sese
2359 1387 2411 1441 in
2441 1388 2785 1458 voluptatum
2837 1397 3114 1446 amatores
3163 1389 3421 1447 infundit.
3471 1391 3642 1463 Igitur
3680 1394 3773 1464 qui

2195 1494 2258 1533 ex
2293 1493 2401 1533 uno
2429 1479 2613 1550 aliquo
2644 1480 2766 1550 ejus
2797 1481 3104 1552 voluptatis
3136 1497 3325 1549 sensu,
3362 1499 3484 1554 qua:
3533 1483 3640 1540 sibi
3689 1485 3775 1540 ir.-

2197 1570 2384 1637 bteret,
2412 1572 2590 1628 vietus
2618 1581 2728 1638 εει,
2760 1587 2826 1629 ex
2849 1586 2915 1628 ea
2948 1582 3122 1644 parte,
3158 1581 3217 1628 ut
3251 1589 3385 1631 voce
3436 1573 3531 1631 Dei
3585 1590 3773 1629 mone-

2194 1681 2340 1732 mur,
2377 1665 2590 1736 plagam
2622 1667 2675 1720 in
2707 1665 2874 1722 corde
2922 1667 3160 1739 accepit,
3207 1670 3466 1739 quoniam
3501 1669 3592 1739 qui
3636 1683 3773 1724 ocu-

2195 1758 2374 1812 lorum
2406 1773 2572 1815 sensu
2612 1759 2968 1830 cupiditatem
3001 1760 3264 1831 explevit,
3297 1763 3463 1816 corde
3492 1762 3539 1817 is
3560 1762 3770 1834 peccati

506 1828 634 1923 περὶ
661 1830 864 1893 παντὸς
891 1832 1248 1906 αἰσθητηρίου
1298 1837 1689 1908 προειρηκέναι
1729 1838 1821 1892 τὸν
1849 1840 2081 1913 Κύριον·

2197 1850 2373 1906 labem
2397 1819 2866 1922 concepit.-Qnod
2896 1866 3026 1907 vero
3072 1819 3139 1907 de
3169 1819 3324 1923 parte
3354 1853 3464 1907 illic
3491 1819 3578 1908 est
3603 1868 3633 1907 a
3665 1852 3773 1908 Do-

503 1915 646 1971 ὥστε
681 1920 1109 1989 ἀκολουθοῦντας
1142 1927 1288 1997 ἡμᾶς
1332 1926 1411 1999 τῷ
1445 1929 1752 2001 εἰρημένῳ,
1806 1931 1988 1997 καλῶς
2024 1933 2081 1987 ἂι

2185 1944 2345 1998 .mino
2374 1943 2719 2014 praedictum,
2745 1944 2800 1999 id
2831 1943 2901 1999 de
2927 1944 3203 2000 universis
3242 1943 3495 2000 sensibus
3542 1945 3771 2015 intelligi

505 2009 849 2081 προσθεῖναι,
887 2015 970 2068 ὅτι
1001 2016 1031 2067 6
1060 2017 1302 2083 ἀκούσας
1337 2018 1476 2091 πρὸς
1505 2021 1566 2074 τὸ
1604 2022 1962 2094 ἐπιθυμῆσαι,
1997 2025 2091 2078 καὶ⁹

469 2102 532 2156 .6
567 2100 866 2174 ἁψάμενος,
907 2107 1001 2160 καὶ
1048 2109 1078 2162 6
1120 2109 1304 2164 πᾶσαν
1343 2113 1442 2185 τὴν
1487 2116 1544 2168 ὲν
1572 2115 1707 2186 ἡμῖν
1752 2113 1982 2186 δύναμιν
2011 2119 2090 2182 είς

502 2193 826 2285 ὑπηρεσίαν
842 2196 1037 2269 ἡδονῆς
1083 2203 1482 2269 κατασπάσας,
1528 2209 1596 2278 τῇ
1631 2210 1828 2283 καρδίᾳ
1851 2211 2091 2285 ἐξήμαρ-

499 2301 607 2338 τεν.
631 2286 750 2339 ἰνα
773 2284 870 2340 οὖν
895 2289 972 2360 μὴ
996 2290 1158 2346 τοῦτο
1182 2293 1427 2364 γένηται,
1459 2298 1642 2352 κανόνι
1679 2302 1944 2373 χρηστέον
1965 2284 2058 2357 τού
2073 2333 2089 2344 -

500 2394 578 2447 τῳ
607 2379 740 2450 πρὸς
761 2379 851 2432 τὴν
876 2381 1008 2436 ἴδιον
1025 2383 1140 2454 βίον
1169 2385 1248 2458 τῷ
1276 2386 1536 2462 σώφρονι,
1565 2391 1645 2463 τῷ
1676 2395 1891 2467 μήποτε
1916 2414 2088 2469 προσ-

501 2469 687 2524 θέσθαι
711 2471 817 2524 τινὶ
847 2472 990 2528 κατὰ
1012 2474 1210 2549 ψυχὴν,
1241 2472 1285 2547 ᾧ
1305 2479 1494 2554 δέλεάρ
1523 2501 1577 2535 τι
1609 2485 1804 2557 ἡδονῆς
1840 2490 2086 2560 καταμέ-

502 2578 736 2654 μᾼικταιο·
783 2566 890 2636 πρό
933 2583 996 2636 γε
1033 2571 1250 2624 πάντων
1290 2573 1390 2645 τὴν
1429 2575 1524 2628 ἐπὶ
1558 2576 1660 2648 τῆς
1686 2579 1928 2648 γεύσεως
1960 2583 2084 2654 ἡδο-

498 2649 596 2722 νὴν
668 2652 1035 2745 διαφερόντως
1089 2660 1425 2731 φυλάσσειν,
1495 2665 1629 2720 διότι
1675 2649 2086 2745 προσεχεστέρα

499 2761 617 2808 πως
662 2743 803 2818 αὕτη
847 2747 1000 2802 δοκεῖ
1027 2746 1196 2818 εἶναι,
1227 2756 1322 2808 καὶ
1347 2757 1510 2810 οἱονεὶ
1533 2762 1718 2830 μὴτηρ
1746 2761 1846 2832 τῆς
1875 2743 2085 2834 ἀπηγοο

501 2837 806 2910 ρευμένηςο
868 2845 926 2898 αἱ
968 2845 1077 2918 γὰρ
1122 2847 1262 2901 κατά
1292 2848 1500 2922 βρῶσιν
1545 2855 1642 2908 καὶ
1678 2855 1839 2909 πόσιν
1877 2856 2082 2928 ἡδοναὶ,

498 2928 890 2996 πλεονάζουσαι
923 2937 1032 2990 τῶν
1077 2937 1356 3011 ἐδωδίμων
1385 2941 1488 3014 τὴν
1515 2945 1806 3018 ἀμετρίαν,
1837 2948 2084 3020 ἀνάγκην

496 3020 784 3088 ἐμποιοῦσι
833 3027 913 3099 τῷ
958 3028 1174 3100 σώματι
1225 3034 1327 3102 τῆς
1384 3034 1496 3089 τῶν
1547 3036 1861 3110 ἀϐουλήτων
1899 3041 2084 3095 κακῶν

2194 2035 2454 2099 arbitror,
2486 2035 2759 2107 quasique
2790 2051 2893 2090 nos
2928 2035 3086 2101 illud,
3120 2035 3269 2107 quod
3293 2037 3500 2091 dictum
3539 2043 3623 2091 est
3651 2037 3773 2090 imi-

2192 2127 2382 2191 tando,
2411 2135 2558 2182 recte
2588 2127 2705 2182 haec
2732 2126 3028 2182 addamus:
3051 2127 3153 2193 Qui
3179 2125 3246 2179 ad
3269 2126 3770 2195 concupiscendum

2191 2219 2420 2283 audivit,
2451 2219 2546 2290 qui
2596 2220 2790 2291 tetigit,
2843 2220 2936 2292 qui
2986 2221 3222 2291 denique
3263 2235 3504 2282 onmem,
3550 2235 3671 2289 qure
3716 2221 3768 2275 in

2191 2309 2350 2365 nobis
2389 2317 2496 2373 est,
2531 2308 2846 2365 facultatem
2887 2310 2955 2364 ad
2995 2310 3235 2380 aliquem
3271 2311 3568 2380 voluptatis
3609 2325 3769 2364 usum

2189 2400 2462 2468 dissolvit,
2495 2401 2543 2456 is
2572 2401 2736 2457 corde
2767 2403 3037 2472 peccavit.
3069 2402 3250 2470 Quare
3284 2410 3342 2456 ut
3371 2418 3441 2458 ne
3491 2401 3596 2457 hoc
3641 2418 3768 2458 eve-

2190 2493 2327 2554 niat,
2364 2492 2552 2562 regula
2580 2500 2665 2548 est
2700 2489 2817 2548 luce
2851 2493 3160 2549 adhibenda
3193 2493 3262 2548 ad
3297 2495 3422 2548 vita:
3452 2502 3767 2564 temperan-

2190 2584 2321 2638 tiam
2353 2585 2790 2647 aecommodata,
2834 2593 2893 2640 ut
2925 2585 3168 2641 animum
3203 2601 3270 2640 ne
3313 2585 3381 2640 ad
3433 2584 3636 2652 aliquid
3669 2601 3769 2639 un-

2187 2690 2352 2746 quam
2381 2675 2510 2746 quis
2537 2673 2823 2746 adjungat,
2877 2674 2930 2730 in
2968 2689 3079 2747 quo
3135 2675 3322 2744 aliqua
3365 2675 3629 2746 permisla
3687 2684 3771 2730 est

2186 2767 2486 2837 voluptatis
2512 2767 2826 2849 cupiditas,
2882 2775 3050 2838 atque
3100 2767 3376 2838 imprimis
3428 2767 3766 2837 voluptatem

2185 2874 2307 2914 eam
2337 2859 2574 2915 maxime
2601 2866 2814 2923 caveat,
2854 2874 2978 2930 quae
3003 2868 3223 2930 gustatu
3262 2859 3588 2931 percipitur,
3621 2877 3762 2931 quo-

2187 2952 2337 3007 niam
2383 2951 2660 3022 antiquior
2693 2951 2929 3022 quodam
2977 2952 3142 3006 modo
3189 2952 3464 3022 quasique
3497 2953 3616 3030 vitii
3651 2967 3768 3006 ma-

2189 3050 2272 3099 ter
2300 3043 2536 3098 videtur.
2569 3042 2702 3110 Quae
2734 3042 2880 3100 enim
2922 3057 2954 3098 e
3002 3042 3128 3096 cibo
3157 3051 3322 3112 atque
3353 3037 3575 3112 potio‘ne
3620 3043 3769 3098 exsi-

496 3112 838 3209 πλησμονῆς,
862 3120 939 3185 ὡς
962 3120 1032 3175 τὰ
1060 3121 1232 3178 πολλά
1250 3127 1365 3189 τοῖς
1389 3127 1699 3199 ἀνθρώποις
1728 3129 2081 3204 ἐντικτούσης

2187 3141 2341 3190 ειιιιιι
2375 3133 2705 3205 voluptates,
2735 3147 2861 3188 cum
2897 3132 3120 3187 modum
3152 3133 3274 3204 plus
3296 3131 3447 3203 justo
3475 3132 3764 3198 excedant,

495 3204 564 3258 tit
613 3208 838 3264 τοιαῦτα
884 3211 1054 3286 πάθη.
1110 3215 1199 3280 Ὧς
1243 3215 1310 3270 ἂν
1349 3212 1444 3272 οὖν
1493 3220 1728 3292 μάλιστα
1770 3225 2083 3298 γαληνιαῖον

495 3296 627 3386 ἡμῖν
647 3295 894 3368 διαμένοι
921 3301 984 3354 τὸ
1015 3302 1198 3375 σῶμα,
1221 3306 1410 3378 μηδενὶ
1444 3309 1550 3362 τῶν
1573 3311 1637 3364 ἐκ
1667 3310 1762 3366 τοῦ
1787 3295 1951 3386 κόρου
1980 3333 2084 3369 πα-

495 3385 756 3458 θημάτων
776 3390 1026 3447 ὲπιθολού
1035 3411 1213 3465 μενον,
1246 3400 1575 3472 προνοητέον
1598 3402 1698 3474 τῆς
1717 3385 2083 3478 ἐγκρατεστέ-

495 3494 595 3550 ρας
621 3479 916 3554 διαγωγῆς,
953 3485 1150 3560 μέτρον
1181 3489 1281 3560 μὲν
1319 3492 1413 3545 καὶ
1439 3493 1565 3562 ὅρον
1597 3495 1697 3566 τῆς
1723 3497 2079 3566 ἀπολαύσεως

492 3570 554 3622 οὗ
578 3569 686 3650 τῆν
711 3573 904 3644 ἡδονὴν
924 3616 939 3642 ,
971 3577 1107 3633 ἀλλά
1135 3579 1236 3651 τὴν
1267 3581 1356 3653 ἐφ’
1387 3583 1605 3656 ἑκάστῳ
1634 3588 1821 3658 χρείαν
1852 3590 2076 3659 ὁρίζειν.

493 3661 557 3714 Εἰ
583 3663 639 3716 δὲ
680 3668 747 3737 τῇ
778 3668 939 3740 χρείᾳ
966 3671 1060 3724 καὶ
1093 3671 1154 3725 τὸ
1195 3668 1323 3744 ἦδος
1352 3675 1619 3742 πολλάκις
1654 3683 2076 3753 συγκαταμέμι-

494 3771 616 3809 κται
661 3756 876 3825 (πάντα
908 3761 1018 3832 γὰρ
1043 3759 1183 3817 οἶδεν
1211 3765 1496 3837 ὲςρηδύνειν
1533 3771 1565 3841 ἡ
1604 3769 1800 3836 ἔνδεια,
1829 3772 1906 3844 τῷ
1949 3792 2078 3844 6:90-

490 3843 604 3918 δρῷ
633 3846 733 3919 τῆς
754 3849 988 3921 ὀρέξεως
1012 3853 1075 3907 τὺ
1103 3857 1168 3926 τῇ
1192 3858 1352 3930 χρείᾳ
1371 3861 1711 3934 παρευρεθὲν
1738 3843 1889 3919 ἅπαν
1911 3843 2078 3922 κατα-

491 3937 921 4007 γλυκαίνουσαί,
976 3947 1077 4000 οὐκ
1128 3949 1409 4006 ἀπωστέον
1457 3953 1557 4022 τὴν
1582 3948 1784 4027 ’χρείαν
1825 3956 1916 4011 διὰ
1971 3959 2069 4031 τὴν

488 4029 954 4089 ἐπακολουθοῦσαν
984 4039 1310 4096 ἀπόλαυσινο
1345 4043 1470 4099 οὗτε
1499 4047 1607 4119 μὴν
1628 4048 1771 4103 κατά
1797 4029 2071 4124 προηγού-

492 4137 650 4191 μενον
674 4126 1066 4194 μεταδιωκτέον
1098 4133 1198 4205 τὴν
1224 4135 1421 4210 ἡδονὴν
1441 4153 1456 4170 ’
1497 4128 1710 4196 ἀλλ”ἐκ
1732 4142 1952 4201 πάντων
1979 4149 2072 4198 ἐκ·

488 4210 810 4284 λεγομένους
836 4219 896 4274 τὸ
930 4222 1217 4294 χρήσιμον,
1251 4226 1527 4300 ὑπερορᾷν
1559 4233 1827 4302 προσὴκει
1855 4232 1950 4287 τοῦ
1973 4233 2069 4298 τὰς

485 4303 770 4376 αἰσθήσεις
794 4309 1192 4382 εύςραίνοντος.

2185 3225 2433 3296 gravium
2466 3225 2733 3280 malorum
2770 3223 3152 3280 necessitatem
3187 3223 3404 3292 corpori
3437 3223 3764 3292 imponunt,

2185 3316 2446 3388 quoniam
2477 3314 2835 3372 immoderata
2864 3315 2969 3370 cibi
2997 3315 3220 3369 satietas
3249 3317 3446 3369 multos
3468 3315 3765 3370 admodum

2186 3406 2501 3478 bujusmodi
2530 3406 2748 3462 morbos
2775 3405 3100 3460 mortalibus
3126 3406 3288 3476 parit.
3323 3405 3485 3474 Ergo,
3521 3413 3580 3459 ut
3612 3407 3762 3461 nulla

2185 3499 2534 3569 potissimum
2571 3497 2767 3552 borum
2797 3496 3068 3551 malorum
3112 3496 3270 3553 turba
3311 3513 3514 3568 corpus
3553 3507 3764 3568 pertur-

2187 3593 2370 3646 batum
2403 3592 2458 3646 in
2493 3591 2651 3646 nobis
2679 3589 3039 3660 tranquillum
3091 3598 3328 3656 maneat,
3387 3591 3763 3646 continentior

2182 3686 2304 3738 vita:
2336 3682 2630 3754 disciplina
2665 3681 2914 3753 quaedam
2963 3689 3045 3736 est
3076 3681 3367 3751 diligenter
3416 3681 3760 3752 procuranda

2180 3772 2620 3844 adhibendaque,
2652 3781 2711 3827 ut
2741 3788 2852 3827 non
2882 3773 3240 3842 voluptatem,
3266 3772 3359 3828 sed
3383 3771 3757 3829 necessarimn

2179 3867 2233 3922 in
2257 3865 2490 3936 singulis
2513 3880 2673 3919 usum
2704 3863 3089 3919 delectatiOnis
3118 3863 3340 3918 modum
3377 3871 3431 3919 et
3459 3865 3755 3919 terminum

2180 3957 2606 4013 constituamus.
2669 3953 2934 4021 Quamvis
2978 3962 3160 4008 autem
3235 3969 3358 4009 enm
3424 3955 3758 4011 necessitate

2178 4049 2499 4120 jucunditas
2531 4063 2676 4117 saepe
2699 4046 2987 4101 commista
3023 4046 3137 4100 sit:
3185 4046 3448 4115 quoniam
3498 4047 3636 4104 solet
3672 4047 3751 4102 in-

2177 4140 2417 4212 digentia
2448 4147 2646 4194 cuncta
2684 4136 2930 4200 condire,
2954 4152 3078 4206 qua:
3112 4137 3423 4192 vehementi
3452 4138 3558 4192 cibi
3589 4153 3754 4210 appe-

2176 4231 2454 4287 titione'id
2506 4230 2650 4301 quod
2702 4229 2770 4283 ad
2826 4229 3197 4285 necessarium
3250 4244 3409 4283 usum
3466 4229 3753 4285 inventum

2173 4333 2278 4390 est,
2315 4322 2587 4378 suavitate
2620 4320 2848 4374 condit:
2894 4335 3006 4374 non
3049 4328 3230 4373 tamen
3266 4325 3484 4388 opm-tet
3525 4328 3751 4390 propter

484 4398 907 4459 oblectationem
934 4423 1058 4478 qua:
1090 4414 1470 4484 consequitur,
1505 4418 1888 4473 necessitatem
1922 4420 2170 4486 rejieere,
2203 4435 2381 4490 neque
2448 4417 2778 4488 voluptatem
2844 4415 3220 4486 principaliter
3290 4417 3567 4488 persequi,
3647 4417 3741 4474 sed

484 4511 549 4551 cx
589 4500 848 4558 onmibus
876 4502 928 4558 id
966 4507 1112 4576 quod
1145 4509 1276 4565 utile
1307 4523 1391 4566 est
1417 4513 1730 4585 deligendo,
1774 4533 1895 4586 qua:
1937 4533 2133 4572 sensus
2177 4517 2494 4580 oblectant,
2527 4513 2800 4584 negligere
2837 4511 3122 4566 debemus.

1045 4621 1294 4677 ΚΕΦΔΛ.
1337 4624 1466 4680 KB’.

483 4701 612 4757 Ὀτι
638 4706 711 4760 οὐ
739 4703 836 4761 δεῖ
856 4709 1008 4779 πέρα
1031 4714 1138 4768 τοῦ
1176 4713 1427 4785 δέοντος
1455 4717 1673 4773 ἀσκεῖν
1702 4719 1818 4788 τὴν
1845 4720 2061 4790 ἐγκρά-

1179 4797 1241 4838 τε
1246 4803 1304 4839 ια
1309 4804 1364 4840 ν.

559 4865 809 4939 Ὀρῶμεν
826 4869 885 4923 δὲ
923 4873 1016 4926 καὶ
1041 4873 1167 4939 τοὺς
1188 4880 1469 4949 γεωργοὺς
1501 4881 1947 4954 ἀναμεμιγμένον
1985 4883 2063 4958 τῷ

479 4956 614 5049 σίτιρ
625 4958 798 5031 τὸάχυ
807 4977 898 5033 ρον
915 4963 1178 5034 τεχνικῶς
1203 4967 1576 5041 διακρίνοντας
1592 4987 1607 5002 ·
1628 4973 1705 5038 ὡς
1719 4974 1784 5030 ἂν
1801 4956 2061 5049 ἑκάτερον

475 5045 654 5139 αὐτῶν
679 5049 761 5110 εἰς
797 5053 1181 5124 προσήκουσαν
1207 5061 1400 5131 χρείαν
1432 5063 1841 5138 παραληφθείη,
1868 5068 1931 5120 τὸ
1963 5045 2060 5139 μὲν

476 5138 558 5202 είς
583 5138 684 5213 τὴν
713 5142 823 5199 τῶν
871 5146 1176 5220 ἀνθρώπων
1223 5151 1392 5224 ζωὴν,
1446 5154 1509 5209 τὸ
1540 5156 1597 5210 δὲ
1639 5159 1720 5223 εἰς
1771 5138 1972 5212 καῦσίν
1998 5177 2058 5214 τε

474 5230 592 5300 ἅμα
624 5233 720 5289 καὶ
760 5238 842 5302 εἰς
871 5240 974 5311 τὴν
1009 5242 1121 5297 τῶν
1148 5243 1358 5315 ἀλόγων
1390 5249 1618 5320 τροφήν.
1668 5251 1878 5305 Οὐκοῦν
1908 5253 2001 5306 καὶ
2030 5254 2059 5307 6

465 5323 572 5393 ﬁ};
602 5328 955 5402 σωφροσύνης
987 5333 1230 5407 ἐργάτης
1274 5336 1566 5409 διακρίνων
1600 5339 1702 5410 τῆς
1733 5340 1927 5412 ἡδονῆς
1959 5341 2059 5415 τῆν

474 5415 684 5483 χρείαν,
715 5419 907 5494 ῶσπερ
941 5423 1148 5498 ἀχύρου
1174 5426 1267 5482 τὸν
1299 5430 1466 5495 σῖτον,
1490 5431 1590 5502 τὴν
1621 5431 1724 5502 μὲν
1761 5433 2058 5505 ἀπορρίψει

471 5509 584 5596 τοῖς
609 5509 989 5588 ἀλογωτέροις,
1016 5511 1092 5573 ὧν
1129 5519 1192 5574 τὸ
1221 5521 1376 5587 τέλος
1423 5523 1503 5588 εἰς
1529 5522 1744 5589 καῦσιν,
1776 5523 1852 5588 ὥς
1887 5543 2052 5596 φησιν

473 5595 502 5650 6
536 5599 875 5670 Ἀπόστολοςο
895 5607 992 5679 τῆς
1010 5609 1066 5667 δὲ
1092 5612 1280 5683 χρείας
1305 5613 1476 5686 αὐτῆς
1505 5614 1646 5669 κατά
1673 5615 1733 5670 τὸ
1761 5595 1938 5672 ἐνδέον
1953 5595 2053 5671 γεύ-

587 5775 626 5806 τί
657 5776 822 5834 Hebr.
853 5797 925 5847 γι,
962 5785 1016 5837 8.

2738 4623 2968 4681 CAPUT
3001 4624 3166 4682 XXII.

2204 4721 2596 4780 Cuntiuentiam
2648 4735 2891 4774 exercere
2950 4735 3055 4772 non
3086 4719 3331 4774 debemus
3377 4719 3496 4788 plus
3549 4737 3706 4791 quam

2843 4801 3064 4859 oportet.

2241 4883 2505 4939 Videmus
2537 4891 2717 4937 autem
2741 4881 3208 4953 quemadmodqu
3258 4889 3312 4936 et
3343 4882 3596 4952 agricola:
3645 4898 3739 4953 pa-

2168 4978 2284 5033 leas
2317 4976 2593 5032 frumento
2623 4973 2946 5030 commistas
2981 4973 3283 5028 artiﬁciose
3317 4981 3632 5036 sccernant,
3668 4974 3738 5028 ita

2166 5076 2226 5123 ut
2255 5083 2321 5123 ex
2354 5066 2438 5122 bis
2475 5073 2768 5136 utrumque
2814 5062 2884 5120 ad
2935 5079 3095 5119 usum
3148 5079 3331 5124 suum.
3381 5063 3485 5118 boc
3521 5063 3741 5134 quidem

2163 5159 2232 5212 ad
2265 5157 2546 5213 hominum
2577 5157 2767 5219 vitam,
2800 5156 2928 5212 illas
2954 5170 3087 5211 vero
3116 5162 3170 5210 et
3197 5155 3264 5210 ad
3299 5156 3740 5211 combuStionem

2161 5257 2216 5307 ct
2245 5249 2312 5304 ad
2344 5248 2646 5306 bestiarum
2704 5255 2922 5319 pastum
2961 5255 3268 5303 assumant.
3328 5247 3501 5318 Igitur
3539 5255 3593 5303 et
3647 5250 3740 5318 qui

2164 5340 2588 5413 temperantiam
2612 5339 2763 5407 colit,
2783 5353 2813 5393 a
2839 5338 3117 5410 voluptate
3149 5339 3558 5406 necessitatem,
3580 5343 3739 5410 quasi

2163 5448 2192 5488 a
2226 5432 2397 5504 paleis
2425 5430 2759 5486 l'rmnentum
2785 5428 3050 5502 sejungit,
3074 5436 3133 5484 nt
3155 5429 3487 5501 voluptatem
3516 5432 3737 5504 quidem

2159 5525 2352 5582 bardis
2386 5524 2628 5594 objicial,
2679 5537 2918 5594 quorum
2971 5524 3379 5580 consummatio
3406 5532 3512 5590 est,
3567 5532 3627 5578 ut
3661 5525 3739 5580 ait

2159 5615 2478 5689 Apostolus,
2511 5616 2568 5671 in
2596 5615 3041 5673 combustionem
3067 5615 3110 5648 “
3140 5634 3155 5686 ;
3191 5617 3578 5674 necessitatem
3609 5631 3740 5672 vero
