4124 6352
355 352 461 410 405
1593 360 1651 417 S.
1693 359 1983 416 GREGOlll

2011 359 2016 413 ἰ
2052 359 2343 417 NYSSENI
3533 357 3639 417 ΔΜ

357 493 539 532 rerum
576 477 854 545 suatium,
886 488 1160 550 quatenus
1186 489 1422 552 oportet,
1453 481 1571 552 ipse
1603 494 1817 538 sumet:
1843 485 1937 540 sed
1971 489 1985 541 Λ

2008 485 2313 554 ,χαριστῶν
2347 484 2737 556 μεταλήψεται.
2805 483 2944 537 Ἀλλ’
2992 481 3180 554 ἐπειδὴ
3222 480 3409 536 πολλοί
3453 482 3548 535 ἐπὶ
3575 482 3636 535 τὸ

355 570 621 639 quoniam
644 571 893 642 plerique
915 572 969 627 in
1000 574 1232 628 altermn
1266 574 1743 630 immoderationis
1773 592 1946 646 genus

2051 577 2235 648 ἕτερον
2268 573 2408 640 εἶδος
2444 576 2545 646 τῆς
2572 575 2840 648 ἀμετρίας
2885 575 3396 645 κατολισθήσαντες.
3425 573 3512 628 διά
3538 577 3636 645 τῆς

361 663 574 733 delapsi
607 663 943 732 inciderunt,
975 666 1338 736 studiumque
1383 668 1440 722 in
1492 683 1580 734 eo,
1632 667 1782 738 quod
1839 668 1944 723 sibi

2049 668 2492 739 ὑπερϐαλλούσης
2533 667 2837 739 ἀκριϐείας,
2886 665 3077 719 ἔλαθον
3125 665 3420 718 ὑπεναντία
3466 681 3634 718 σπου-

360 747 706 826 propositum
735 757 960 824 habent,
999 758 1103 829 ipsi
1135 760 1484 826 adhibentes,
1517 777 1584 816 ex
1614 761 1782 816 nimia
1806 777 1943 833 qua-

2047 759 2299 822 δάζοντες
2325 759 2402 830 τῷ
2427 758 2541 830 ἰδίῳ
2570 757 2777 828 σκοπῷ,
2793 757 2886 812 καὶ
2909 749 3054 828 ἄλλῳ
3073 756 3262 827 τρόπῳ
3280 756 3390 810 τῶν
3414 755 3635 826 ὑψηλῶν

359 847 488 902 dam
523 848 807 920 diligentia
850 850 905 904 in
939 865 1030 908 res
1075 854 1387 910 contrarias
1437 864 1726 920 venerunt,
1783 865 1944 926 atque

2044 864 2105 900 τε
2132 848 2226 902 καὶ
2277 847 2566 919 θειοτέρων
2614 848 2712 920 τὴν
2744 847 2919 917 ψυχὴν
2951 847 3356 916 ἀποστήσαντες
3376 885 3392 911 ,
3434 846 3513 907 εἰς
3540 861 3635 898 τα-

361 939 471 994 alio
500 939 721 1011 quidem
766 941 929 997 modo
957 958 988 997 a
1040 943 1208 1001 rebus
1258 945 1580 1002 coelestibus
1633 961 1698 1001 ac
1741 947 1944 1003 divinis

2049 941 2240 1003 πεινάς
2280 939 2566 1011 φροντίδας
2597 939 2690 992 καὶ
2723 937 2978 1008 ἀσχολίας
3016 937 3351 1006 κατήγαγον,
3402 935 3540 1007 πρὸς
3565 935 3633 988 τά

359 1033 604 1088 animum
636 1043 1008 1105 removentes,
1041 1036 1097 1091 in
1133 1025 1529 1107 occupationes
1551 1045 1606 1093 et
1644 1053 1810 1095 curas
1841 1039 1944 1093 hu-

2049 1030 2338 1101 σωματικὰ
2362 1031 2807 1101 παρατηρήματα
2831 1028 2932 1099 τὴν
2953 1027 3192 1082 διάνοιαν
3211 1026 3387 1080 αὐτῶν
3413 1026 3631 1080 κλίναν-

360 1123 522 1180 miles
552 1125 901 1192 ceciderunt,
934 1141 1061 1182 cum
1094 1128 1171 1182 ita
1205 1128 1274 1183 ad
1317 1127 1515 1183 harum
1561 1143 1770 1194 rerum,
1823 1144 1944 1200 qua:

2045 1138 2166 1184 τες·
2219 1120 2296 1186 ὡς
2331 1122 2531 1193 μηκέτι
2564 1121 2748 1184 αὐτοῖς
2782 1122 2839 1172 ἐν
2880 1117 3163 1190 ἐλευθερίᾳ
3198 1119 3631 1188 μετεωροπορεῖν

359 1231 645 1288 corporeae
678 1225 832 1285 sunt,
868 1204 1288 1276 observationes
1338 1229 1574 1277 mentem
1619 1219 1942 1291 adiecerint,

2043 1213 2135 1268 τὸν
2161 1213 2285 1268 νοῦν
2307 1254 2322 1279 ,
2371 1215 2465 1268 καὶ
2507 1214 2576 1269 τά
2624 1213 2736 1268 ἀνω
2766 1213 3006 1283 βλέπειν,
3055 1210 3170 1265 ἀλλ’
3221 1211 3313 1262 ἐπὶ
3340 1208 3401 1261 τὸ
3433 1208 3627 1262 πονοῦν

359 1314 422 1361 ut
446 1321 628 1378 neque
657 1309 907 1364 caelestia
935 1309 1071 1376 illis,
1118 1326 1296 1382 neque
1349 1311 1536 1367 divina
1593 1312 1824 1367 liberum
1872 1313 1944 1368 sit

2045 1306 2141 1359 καὶ
2168 1305 2586 1376 συντριϐόμενον
2611 1305 2711 1376 τῆς
2750 1301 2951 1374 σαρκὸς
2979 1299 3348 1355 ἐπικλίνεσθαι
3365 1315 3388 1383 Δ·
3449 1299 3629 1363 καλῶς

357 1396 546 1452 animo
596 1399 983 1469 contemplari,
1039 1399 1138 1455 sed
1191 1401 1258 1455 ad
1291 1401 1396 1456 hoc
1443 1402 1691 1456 inclinati
1729 1403 1841 1458 sint
1883 1410 1944 1457 ut

2045 1395 2112 1450 ἂν
2139 1395 2251 1467 ἔχοι
2280 1397 2375 1451 καὶ
2403 1397 2591 1450 τούτου
2616 1396 2890 1449 ποιεῖσθαι
2919 1395 3017 1464 τὴν
3047 1392 3387 1463 ἐπιμέλειαν,
3418 1390 3628 1453 καὶτὰς

357 1496 579 1537 carnem
611 1485 893 1555 exagitent
927 1495 1092 1557 atque
1139 1488 1382 1560 afﬂigant
1414 1507 1427 1544 :
1477 1492 1738 1560 praeclare
1796 1502 1945 1547 certe

2044 1488 2105 1554 ἐξ
2147 1489 2426 1562 ἑκατέρων
2473 1489 2798 1561 ἐπιμετρίας
2847 1487 3044 1558 ἐπίσης
3085 1483 3627 1557 παραφυλάττεσθαι,

359 1582 614 1641 ageretur
659 1576 826 1646 hujus
879 1577 1046 1632 etiam
1083 1579 1161 1634 rei
1209 1596 1396 1634 curam
1449 1582 1734 1648 adhibere,
1779 1591 1944 1654 atque

2048 1584 2184 1654 μήτε
2236 1582 2323 1636 διά
2393 1581 2767 1654 πολυσαρκίας
2827 1577 3276 1650 καταχωννύντας
3334 1576 3426 1629 τὸν
3481 1575 3626 1638 νοῦν,

361 1665 504 1724 hanc
554 1681 845 1741 utramque
892 1672 1408 1729 immoderationem
1451 1677 1735 1746 aequaliter
1795 1677 1942 1733 refu-

2048 1673 2169 1744 μηδ’
2200 1669 2268 1727 αὖ
2309 1673 2472 1728 πάλιν
2506 1674 2629 1736 ταῖς
2660 1670 3005 1733 ἐπεισάκτοις
3040 1668 3345 1732 ἀσθενείαις
3389 1664 3629 1736 ἐξίτηλον

357 1776 506 1830 gere,
544 1772 604 1815 ut
645 1778 825 1832 neque
879 1765 1131 1833 corporis
1172 1765 1444 1820 obesitate
1493 1777 1728 1822 mentem
1779 1769 1940 1836 quasi

2045 1765 2207 1818 αὑτὸν
2235 1765 2327 1819 καὶ
2350 1765 2601 1818 ταπεινὸν
2631 1765 2826 1827 ποιεῖν,
2851 1761 2944 1814 καὶ
2970 1761 3098 1830 περὶ
3124 1760 3250 1822 τοὺς
3285 1755 3629 1827 σωματικοὺς

357 1851 652 1920 aggeribus
695 1853 1167 1924 circumsepiant,
1219 1871 1398 1926 neque
1446 1872 1643 1914 rursus
1699 1840 1985 1918 inductis]

2003 1842 2017 1894 ⁸
2058 1858 2255 1922 πόνους
2287 1851 2654 1929 ήσχολημένον
2681 1871 2696 1886 ο
2746 1853 3054 1926 μεμνῆσθαι
3092 1851 3150 1903 δὲ
3174 1847 3268 1903 τοῦ
3295 1846 3460 1918 σοφοῦ
3491 1861 3631 1917 παρ-

356 1943 826 2002 imbecillitatibus
862 1954 1083 2001 tenuem
1119 1947 1268 2001 illam
1303 1957 1356 2002 et
1388 1949 1646 2005 humilem
1675 1951 1934 2019 elliciant,

2045 1949 2408 2020 αγγέλματος,
2447 1948 2542 2001 τοῦ
2571 1947 2768 2019 ἐπίσης
2805 1943 3168 2016 ἀπειρηκότος
3210 1943 3311 2013 τήν
3343 1957 3403 1994 τε
3442 1939 3535 1992 ἐπὶ
3561 1939 3630 1993 τὰ

355 2041 410 2086 et
438 2033 505 2086 ad
541 2036 790 2106 corporis
815 2036 1033 2092 labores
1065 2053 1298 2108 prorsus
1343 2041 1592 2096 inutilem
1620 2085 1635 2110 ,
1673 2047 1936 2101 memine-

2043 2041 2195 2108 δεξιά
2223 2041 2316 2094 καὶ
2351 2041 2420 2094 τά
2454 2038 2674 2092 ἐναντία
2704 2037 3087 2108 παρατροπήν.
3131 2032 3378 2087 Ἤκουσα
3401 2031 3458 2085 δέ
3485 2047 3629 2094 τινος

358 2123 584 2194 rintque
613 2125 748 2180 illud
775 2138 1112 2198 praeceptum
1145 2131 1413 2200 sapientis
1449 2133 1573 2197 viri,
1617 2135 1711 2204 qui
1759 2137 1937 2205 prohi-

2048 2130 2292 2204 ἰατρικοῦ
2316 2132 2384 2185 τά
2416 2133 2480 2184 ἐκ
2507 2131 2605 2201 τῆς
2644 2129 2840 2201 τέχνης
2871 2127 3181 2192 διεξιόντος,
3211 2127 3294 2180 ὅτι
3334 2127 3399 2178 ἐκ
3428 2124 3627 2177 τεσσά-

359 2214 470 2282 bet,
511 2225 569 2270 ut
601 2233 672 2272 ne
713 2219 840 2288 quis
885 2219 952 2272 ad
994 2220 1297 2285 dexteram,
1344 2238 1518 2292 neque
1549 2223 1616 2277 ad
1652 2226 1932 2280 sinistram

2045 2242 2154 2296 ρων
2183 2226 2316 2296 ἡμῖν
2343 2223 2441 2294 οὑχ
2473 2221 2736 2294 ὁμοειδῶν
2769 2221 3068 2292 στοιχείων,
3098 2217 3211 2273 ἀλλ’
3232 2215 3490 2278 ἐναντίως
3514 2230 3629 2266 κει-

356 2306 612 2362 dcclinct.
643 2309 843 2364 Audivi
874 2311 1129 2381 equidem
1154 2314 1425 2370 medicum
1455 2318 1768 2387 quempiam
1799 2319 1935 2374 artis

2047 2317 2245 2386 μένων,
2273 2316 2332 2369 τὸ
2365 2315 2527 2386 σῶμα
2565 2314 2862 2385 συνέστηκε
2887 2329 2902 2344 ’
2955 2312 3156 2384 θερμόν
3209 2327 3267 2364 τε
3299 2309 3395 2364 καὶ
3419 2307 3628 2378 ψυχρὸν

356 2412 469 2450 διιιὲ
501 2408 771 2470 pnecepta
818 2399 1181 2459 disserentem
1217 2404 1424 2469 dicere,
1461 2422 1663 2478 corpus
1687 2419 1935 2465 nostrum

2046 2408 2451 2480 συγκεκρᾶσθαι
2473 2425 2486 2437 '
2513 2407 2605 2460 καὶ
2634 2405 2804 2477 ὑγροῦ
2835 2405 2972 2478 πρὸς
3000 2405 3162 2477 ξηρὸν
3187 2399 3326 2457 εἶναι
3353 2401 3454 2473 τὴν
3483 2400 3627 2472 μίξιν

357 2502 598 2558 quatuor
655 2507 764 2546 non
817 2491 1062 2562 ejusdem
1103 2500 1322 2565 generis
1362 2499 1684 2564 elementis,
1722 2501 1818 2555 sed
1853 2503 1936 2556 di-

2044 2499 2385 2570 παράλογον,
2433 2501 2500 2570 τῇ
2532 2497 2622 2552 διὰ
2660 2497 2827 2568 μέσου
2863 2495 2974 2550 τῶν
3009 2492 3284 2564 συζυγιῶν
3331 2491 3627 2561 οἰκειότητι

353 2596 513 2636 νυτεε
541 2582 682 2637 inter
707 2598 768 2638 se
796 2583 1010 2640 affectis
1043 2596 1366 2642 concretum
1391 2605 1518 2644 esse
1543 2633 1558 2657 ,
1585 2592 1936 2663 calidumque

2044 2593 2181 2665 πρὸς
2209 2592 2276 2646 τά
2304 2593 2523 2646 ἐναντία
2546 2590 2992 2660 συναπτομένων.
3021 2588 3133 2641 Καί
3157 2603 3263 2639 τινι
3291 2582 3627 2654 λεπουργίᾳ

355 2673 554 2744 frigido
590 2675 807 2729 misceri
846 2690 912 2730 ac
944 2679 1279 2748 temperari,
1326 2679 1676 2752 [tumidaeque
1726 2691 1936 2738 naturae

2041 2682 2268 2756 τοιαύτῃ
2298 2682 2386 2736 τὸν
2433 2681 2589 2750 λόγον
2625 2678 2959 2750 φυσιολογῶν
3002 2675 3326 2731 ἀπεδείκνυε
3353 2713 3368 2739 ,
3399 2673 3625 2743 φάσκων

355 2767 807 2836 temperationem
842 2770 1136 2838 quamdam
1166 2787 1234 2826 ex
1256 2771 1411 2825 arida
1446 2773 1704 2843 siccaque
1739 2784 1936 2844 praater

2043 2776 2273 2829 ἑκάστου
2304 2773 2505 2828 τούτων
2539 2777 2604 2826 ἐκ
2645 2773 2938 2844 διαμέτρου
2977 2771 3112 2841 πρὸς
3157 2769 3219 2822 τὸ
3247 2767 3623 2838 ἀντικείμενον

353 2861 667 2929 opinionem
694 2861 832 2925 ﬁeri,
862 2861 1148 2932 mediaque
1169 2864 1402 2933 quadam
1425 2881 1631 2931 rerum,
1649 2882 1769 2934 quze
1803 2882 1935 2921 con-

2043 2862 2294 2932 ἀφεστὼς
2320 2866 2386 2934 τῇ
2424 2862 2582 2930 φύσει
2608 2862 2697 2914 διὰ
2721 2862 2822 2931 τῆς
2860 2859 3182 2929 συγγενείας
3213 2857 3320 2909 τῶν
3351 2871 3623 2924 παρακει-

351 2953 594 3018 veniunt,
637 2955 963 3023 cognatione
995 2955 1236 3010 adhibita
1275 2972 1399 3011 cum
1451 2961 1936 3016 contrariiscolne-

2046 2955 2221 3025 μένων
2253 2955 2551 3024 ποιοτήτων
2593 2955 2704 3017 τοῖς
2758 2952 3024 3014 ἐναντίοις
3071 2949 3460 3003 συνάπτεσθαι.
3514 2945 3621 2999 Τοῦ

340 3061 494 3124 que.
522 3045 700 3116 Atque
728 3047 913 3102 subtili
940 3047 1256 3116 hujusmodi
1282 3059 1399 3104 arte
1449 3050 1559 3116 ille,
1605 3052 1695 3121 qui
1731 3052 1784 3106 in
1831 3053 1935 3107 hoc

2043 3047 2150 3118 γὰρ
2181 3045 2390 3116 ψυχροῦ
2426 3046 2522 3099 καὶ
2557 3043 2650 3097 τοῦ
2681 3043 2884 3115 θερμοῦ
2929 3043 3069 3096 κατά
3107 3042 3168 3094 τὸ
3203 3041 3315 3095 ἴσον
3349 3041 3536 3109 ὑγροῖς
3565 3054 3622 3090 τε

351 3137 675 3210 indaganda:
697 3151 907 3194 naturae
927 3141 1112 3195 studio
1132 3149 1405 3205 versatur,
1423 3144 1688 3199 rationem
1714 3145 1936 3199 demon-
1970 3199 1979 3210 ,

1993 3196 2006 3210 ι
2044 3139 2138 3193 καὶ
2166 3139 2348 3210 ξηροῖς
2372 3137 2758 3207 ἐγγι-δομένων,
2783 3136 2879 3190 καὶ⁹
2906 3134 2965 3188 τὸ
2988 3134 3220 3205 ἔμπαλιν
3253 3132 3344 3186 τοῦ
3375 3131 3542 3203 ὑγροῦ
3565 3147 3621 3182 τε

351 3196 514 3295 διιοιῖ
541 3231 730 3300 aitque
762 3231 980 3301 singula
1016 3231 1130 3285 Inec
1163 3233 1230 3286 ab
1259 3233 1534 3303 oppositis
1575 3235 1926 3299 naturaliter,
1965 3199 1979 3249 ⁴

1995 3197 2007 3249 Ξ
2042 3231 2136 3285 καὶ
2385 3196 2460 3284 ἐν,
2488 3196 2599 3294 τοῖς
2641 3196 2864 3300 θερμοῖς
2914 3245 2974 3281 τε
3008 3196 3102 3281 καὶ
3146 3227 3374 3298 ψυχροῖς
3422 3196 3623 3294 δμοίως

348 3323 504 3392 quasi
543 3322 725 3377 medio
768 3323 1078 3392 interjecto.
1123 3324 1424 3393 disiuncta,
1476 3324 1711 3396 quadam
1749 3327 1931 3396 quali-

2041 3324 2444 3394 συνισταμένων
2470 3340 2483 3354 ⁸
2544 3325 2576 3394 ἠ
2630 3323 2750 3378 τῶν*
2787 3323 3088 3394 ποιοτήτων
3115 3320 3384 3389 ταυτότης
3426 3317 3623 3386 ἐπίσης

350 3423 526 3469 latum
605 3416 1040 3485 propinquarum
1099 3415 1370 3471 affinitate
1429 3433 1555 3471 cum
1632 3419 1930 3473 contrariis

2039 3419 2150 3480 τοῖς
2197 3417 2457 3479 ἐναντίοις
2491 3415 2886 3486 ἐμφαινομένη,
2913 3415 2980 3467 δι’
3009 3411 3208 3483 ἑαυτῆς
3235 3414 3378 3465 ποιεῖ
3402 3410 3510 3463 τῶν
3531 3409 3623 3461 ἀν-

348 3507 664 3563 convenire.
693 3507 830 3562 Cum
862 3507 1008 3563 enim
1037 3507 1211 3579 frigus
1237 3516 1292 3564 et
1312 3511 1464 3563 calor
1491 3511 1779 3580 aequaliter
1803 3527 1927 3564 cum

2034 3510 2357 3579 τικειμένων
2383 3509 2479 3580 τὴν
2505 3508 2738 3562 σύνοδον.
2777 3508 2938 3562 Ἀλλά
2964 3508 3017 3560 τί
3041 3524 3130 3578 μοι
3158 3506 3225 3559 τὰ
3237 3504 3358 3559 καθ’
3393 3505 3621 3557 ἕκαστον

349 3599 577 3654 humore
617 3599 975 3670 siccitateque
1016 3600 1352 3667 cohaereant,
1397 3617 1699 3673 rursusque
1735 3603 1930 3657 humor

2035 3603 2102 3656 δι’
2137 3603 2420 3674 ἀκριϐείας
2446 3601 2667 3666 ἐξιέναι,
2695 3602 2842 3664 ὅπως
2880 3598 3054 3653 ταῦτα
3081 3599 3175 3651 καὶ
3216 3598 3484 3667 τέτμηται
3524 3596 3618 3648 ἀπ’

349 3702 405 3749 et
437 3690 666 3747 ariditas
693 3692 888 3762 aequali
929 3693 1134 3748 caloris
1172 3703 1228 3748 et
1259 3692 1484 3762 frigoris
1531 3697 1929 3765 temperatione

2035 3695 2280 3766 ἀλλήλων
2305 3698 2372 3766 τῇ
2398 3693 2709 3748 ἐναντιώσει
2737 3694 2835 3764 τῆς
2856 3693 3088 3763 φύσεως,
3114 3691 3206 3744 καὶ
3229 3691 3390 3744 πάλιν
3410 3689 3615 3759 ἥνωται

347 3788 797 3851 componantur:
842 3783 956 3838 haec
1000 3785 1326 3850 qualitatum
1377 3785 1567 3839 eadem
1616 3787 1925 3856 aequalitas,

2032 3788 2099 3856 τῇ
2139 3784 2425 3854 συγγενείᾳ
2449 3783 2558 3838 τῶν
2596 3784 2897 3854 ποιοτήτων
2930 3781 3183 3852 ἀλλήλοις
3218 3779 3613 3849 συνανακιρνὰο

345 3887 470 3944 qua:
493 3871 548 3925 in
583 3872 885 3926 contrariis
907 3882 1154 3942 apparet,
1199 3890 1382 3928 rerum
1431 3875 1574 3929 inter
1614 3893 1673 3929 se
1702 3888 1926 3930 contra-

2037 3894 2172 3946 μενα
2202 3895 2216 3943 ;
2253 3876 2398 3947 Πλὴν
2435 3867 2495 3928 οὗ
2529 3875 2688 3947 χάριν
2725 3875 2832 3927 τῶν
2871 3873 3179 3944 εἰρημένων
3220 3871 3571 3941 ἐμνήσθημεν
3595 3911 3610 3935 ,

343 3967 552 4020 riarum
591 3965 1030 4020 convenientiam
1078 3981 1174 4036 per
1210 3981 1268 4022 se
1318 3967 1508 4036 gignit.
1561 3965 1666 4022 Sed
1688 3969 1818 4038 quid
1857 3972 1925 4025 ad

2031 3972 2112 4025 ὅτι
2146 3967 2531 4024 συνεϐούλευεν
2551 3972 2578 4022 ὁ
2606 3969 2702 4039 τὴν
2719 3966 2813 4020 τοῦ
2847 3966 3094 4036 σώματος
3119 3965 3280 4033 φύσιν
3314 3967 3379 4035 τῇ
3411 3963 3616 4035 θεωρία

343 4074 430 4114 nte
465 4057 684 4130 singula
713 4059 1011 4129 diligenter
1050 4061 1327 4128 explicare
1362 4063 1576 4131 attinet,
1610 4075 1664 4120 et
1696 4082 1924 4136 quomo-

2029 4062 2204 4134 ταύτῃ
2235 4063 2578 4132 κατανοήσας
2609 4061 2879 4132 προνοεῖν,
2907 4059 2982 4122 ὡς
3011 4052 3121 4111 οἷόν
3156 4075 3235 4121 τε,
3267 4059 3365 4129 τῆς
3398 4059 3615 4127 ἰσοκρα-

340 4150 416 4203 do
453 4148 567 4206 haec
605 4151 676 4206 ob
706 4158 918 4204 naturae
965 4155 1386 4223 repugnantiam
1433 4156 1667 4211 invicem
1704 4157 1922 4227 disiun-

2030 4154 2180 4218 τείας
2209 4154 2317 4208 τῶν
2343 4156 2645 4226 ποιοτήτων
2671 4170 2684 4182 ·
2732 4155 2788 4206 ἐν
2827 4151 3002 4223 τούτῳ
3035 4151 3142 4222 γὰρ
3171 4145 3308 4203 εἶναι
3343 4148 3406 4201 τὸ
3431 4148 3609 4215 ὑγιαί-

339 4250 562 4310 gantur,
593 4251 648 4296 et
676 4257 872 4298 rursus
903 4241 973 4296 ob
1006 4244 1341 4312 qualitatum
1377 4250 1762 4317 cognationem
1800 4266 1924 4303 mu-

2030 4263 2161 4309 νειν,
2193 4249 2250 4298 ἐν
2286 4244 2364 4316 τῷ
2399 4245 2563 4316 μηδὲν
2592 4245 2698 4298 ὑπὸ
2727 4243 2819 4296 τοῦ
2857 4244 3045 4314 ἐτέρου
3078 4242 3185 4294 τῶν
3213 4243 3269 4294 ἐν
3299 4241 3430 4311 ἡμῖν
3456 4238 3613 4291 δυνα-

341 4337 439 4384 tuo
469 4337 770 4400 temperata
792 4331 1202 4401 conjungantur
1226 4337 1248 4385 ?
1287 4331 1487 4388 Verum
1520 4351 1640 4390 eam
1685 4336 1756 4390 ob
1795 4353 1922 4391 cau-

2033 4334 2340 4388 στεύεσθαι.
2389 4334 2596 4388 Οὐκοῦν
2642 4332 3000 4404 ἐπιμελητέον
3046 4333 3178 4402 ἡμῖν
3211 4330 3310 4401 τῆς
3353 4326 3611 4397 τοιαύτης

348 4437 464 4476 sam
502 4438 604 4478 nos
638 4422 705 4477 de
728 4423 818 4488 iis,
844 4439 965 4493 qua:
986 4423 1249 4486 diximus,
1295 4429 1626 4482 mentionem
1664 4427 1918 4495 fecimus,

2029 4427 2415 4490 καταστάσεως
2451 4426 2583 4496 πρὸς
2629 4424 2726 4496 τὴν
2753 4426 2848 4495 τῆς
2875 4424 3062 4492 ὑγείας
3115 4420 3406 4492 διαμονὴν,
3455 4421 3611 4487 εἴπερ

347 4514 636 4586 quoniam,
659 4516 752 4584 qui
779 4515 863 4569 his
884 4517 1049 4572 rebus
1078 4517 1480 4572 animadversis
1526 4521 1780 4588 corporis
1825 4537 1920 4576 na-
1956 4555 1975 4611 1

1985 4536 2080 4608 ’τι
2105 4518 2301 4589 ἀληθὲς
2336 4518 2514 4570 αὑτῶν
2549 4519 2575 4571 ὁ
2607 4517 2766 4585 λόγος
2803 4515 2913 4586 ἔχει
2937 4555 2950 4577 ,
3005 4514 3192 4586 μηδενὶ
3230 4513 3385 4584 μέρει
3414 4510 3522 4563 τῶν
3553 4509 3613 4573 ἐξ

342 4613 522 4658 turam
554 4612 958 4661 commentatus
1003 4615 1109 4673 est,
1137 4607 1226 4661 hic
1249 4609 1460 4661 monuit
1499 4613 1761 4678 aequalem
1803 4629 1921 4665 eam
1956 4603 1970 4611 ’

1983 4603 1994 4608 ’
2026 4604 2101 4664 ὧν
2125 4612 2535 4680 συνεστήκαμεν
2572 4609 2605 4680 ἢ
2639 4607 2980 4679 πλεονασμὸν
3014 4607 3047 4678 ἢ
3077 4607 3369 4659 ἐλάττωσιν
3404 4606 3468 4656 ἐκ
3512 4603 3611 4672 τῆς

341 4697 668 4765 qualitatum
693 4699 992 4768 potentiam
1013 4698 1161 4754 omni
1185 4699 1398 4754 ratione
1421 4701 1603 4754 curari
1633 4711 1886 4770 oportere
1903 4747 1918 4771 ,

2025 4703 2168 4756 κατὰ
2193 4702 2291 4772 τὴν
2323 4703 2534 4755 δίαιταν
2567 4701 2883 4772 ἀνωμαλίας
2918 4701 3213 4769 ἐπάγοντες
3239 4715 3252 4729 ⁸
3286 4697 3475 4768 ὥσπερ
3501 4697 3607 4767 γὰρ

341 4787 470 4857 quia
499 4787 557 4842 in
582 4787 688 4842 hoc
721 4788 827 4843 sita
857 4795 942 4843 est
963 4788 1106 4844 bona
1131 4789 1408 4855 valetudo,
1457 4799 1515 4843 ut
1538 4791 1676 4844 nihil
1708 4808 1921 4858 eorum,

2023 4800 2052 4852 ὁ
2075 4798 2165 4851 τοῦ
2201 4797 2445 4868 ἅρματος
2471 4794 2789 4864 ἐπιστάτης,
2837 4795 2885 4846 εἰ
2912 4792 2986 4864 μὴ
3026 4789 3458 4861 συμφωνούντων
3480 4791 3598 4841 ἐπι-

343 4880 536 4952 (ιυατιίιι
567 4880 725 4936 nobis
754 4881 965 4946 insunt,
1009 4882 1078 4936 ab
1117 4882 1241 4936 aliis
1278 4896 1585 4953 superetur.
1623 4885 1794 4956 igitur
1821 4903 1922 4943 nos

2026 4889 2245 4959 στατοίη
2290 4887 2392 4940 τῶν
2421 4885 2650 4948 πώλων,
2697 4885 2822 4938 οὔτε
2869 4885 2958 4938 τὸν
2991 4884 3118 4950 ὀξὺν
3168 4880 3494 4952 ἐπισπέρχει
3536 4884 3602 4952 τῇ

344 4973 657 5044 hujusmodi
695 4974 949 5044 corporis
997 4973 1472 5040 constitutionem,
1519 4977 1565 5031 si
1619 4978 1745 5047 quid
1808 4980 1922 5034 veri

2027 4978 2269 5049 μάστιγι.
2302 4974 2427 5030 οὔτε
2453 4977 2542 5029 τὸν
2601 4975 2801 5046 βραδὺν
2831 4975 3060 5042 κατάγει
3089 4975 3208 5036 ταῖς
3251 4973 3449 5042 ἡνίαις,
3496 4971 3602 5024 οὐδ’

341 5080 532 5121 earum
563 5081 746 5121 rerum
779 5068 1232 5122 commemoratio
1254 5069 1440 5133 habet,
1466 5069 1532 5123 ad
1559 5070 1918 5126 valetudinem

2025 5066 2095 5124 αὖ
2124 5071 2286 5125 πάλιν
2315 5070 2407 5125 τὸν
2435 5068 2874 5141 ἐνδιάστροφονῆ
2903 5067 3154 5137 δυσήνιον
3181 5067 3368 5120 ἄνετον
3396 5067 3459 5136 ἐᾷ
3487 5067 3607 5128 ταῖς

345 5167 608 5231 perpetuo
648 5159 907 5216 tuendam
937 5175 1133 5215 curare
1177 5162 1459 5223 debemus,
1510 5171 1568 5214 ut
1601 5163 1668 5216 ad
1715 5164 1920 5218 nullam

2022 5162 2249 5225 οἰκείαις
2301 5164 2504 5236 ὁρμαῖς
2545 5162 2626 5224 εἰς
2665 5159 2891 5224 ἀταξίαν
2936 5157 3297 5227 ἐκφέρεσθαι,
3347 5155 3483 5209 ἀλλὰ
3518 5155 3608 5209 τὸν

343 5257 554 5320 partem
588 5265 802 5316 eorum,
833 5267 896 5307 ex
933 5253 1136 5323 quibus
1166 5255 1439 5324 compacti
1481 5271 1695 5320 sumus,
1747 5272 1923 5327 neque

2026 5257 2123 5327 μὲν
2151 5253 2397 5320 εὐθύνει,
2444 5255 2536 5308 τὸν
2565 5254 2622 5308 δέ
2650 5254 2945 5308 ἀνακόπτει
2965 5293 2979 5314 ,
3015 5252 3140 5314 τοὺς
3178 5250 3234 5302 δὲ
3267 5249 3604 5303 καθικνεῖται

341 5339 572 5392 nimium
603 5355 781 5408 neque
816 5357 1015 5410 parum
1057 5359 1124 5397 ex
1168 5345 1423 5414 inatquali
1473 5349 1653 5400 victus
1710 5346 1923 5403 ratione

2021 5346 2110 5401 διὰ
2143 5347 2245 5418 τῆς
2276 5350 2560 5418 μάστιγος,
2610 5347 2715 5410 ἓως
2747 5347 2876 5416 μίαν
2914 5347 3026 5407 τοῖς
3059 5345 3194 5397 πᾶσι
3222 5341 3320 5414 τὴν
3349 5341 3486 5412 πρὸς
3513 5341 3605 5394 τὸν

341 5427 630 5484 addamus.
675 5428 744 5484 Ut
772 5432 918 5486 enim
946 5432 1182 5488 vehiculi
1218 5446 1398 5491 rector
1426 5437 1468 5490 si
1503 5438 1642 5491 forte
1677 5438 1913 5506 equulos

2021 5439 2226 5512 δρόμον
2275 5441 2583 5511 σύμπνοιαν
2613 5439 2921 5510 ἐμποιήσιγ
2971 5436 3063 5489 τὸν
3091 5435 3252 5488 αὑτὸν
3277 5434 3476 5505 τρόπον
3512 5433 3606 5486 καὶ

343 5533 450 5574 non
477 5519 887 5576 consentientes
921 5523 1335 5595 concordesque
1365 5527 1525 5597 regit,
1575 5545 1750 5598 neque
1779 5529 1920 5585 cele—

2020 5532 2049 5584 ὁ
2083 5532 2350 5603 ἡμέτερος
2388 5530 2512 5594 νοῦς
2559 5532 2588 5583 ὁ
2619 5529 2716 5593 τάς
2765 5527 2857 5582 τοῦ
2895 5525 3145 5596 σώματος
3173 5525 3330 5598 ήνίας
3363 5525 3446 5594 ἐφ’
3479 5525 3603 5576 ἐαυ-

341 5623 456 5664 rem
485 5609 808 5666 verberibus
835 5610 1049 5677 incitat,
1079 5628 1257 5685 neque
1295 5615 1510 5670 tardum
1549 5617 1776 5673 habenis
1836 5635 1922 5674 re-

2021 5620 2114 5675 τὸν
2136 5621 2294 5692 ἔχων,
2327 5621 2450 5674 οῦτε
2482 5619 2828 5682 πλεονάζοντι
2863 5618 2940 5687 τῷ
2966 5617 3154 5690 θερμῷ
3182 5616 3324 5670 κατά
3361 5615 3454 5668 τὸν
3478 5632 3594 5667 και-

340 5699 544 5770 primit,
574 5717 751 5772 neque
778 5718 970 5760 rursus
1005 5721 1344 5776 perversum,
1384 5707 1706 5762 effrenatam
1745 5723 1798 5765 et
1846 5713 1924 5766 in-

2024 5711 2118 5784 ρὺν
2145 5714 2243 5782 τῆς
2268 5714 2518 5784 νεότητος
2553 5712 2650 5774 τάς
2684 5713 2778 5782 τῆς
2810 5710 3105 5782 πυρώσεως
3136 5708 3450 5780 προσθήκας
3483 5707 3602 5759 ἐπι-

339 5790 608 5849 domitum
639 5797 754 5853 suis
778 5796 930 5854 illum
953 5798 1368 5858 incitationit-us
1391 5800 1446 5857 in
1470 5802 1678 5857 ordinis
1700 5816 1916 5874 pertur-

2023 5805 2238 5878 νοήσει,
2288 5803 2409 5858 οὕτε
2453 5802 2850 5875 καιεψυγμένῳ
2879 5802 2966 5856 διὰ
3007 5801 3176 5865 πάθος
3211 5801 3244 5874 ἢ
3295 5799 3510 5872 χρόνον,
3534 5795 3609 5853 τι
