4124 6352
479 271 589 325 £05

1791 279 1878 336 DE
1910 279 2376 338 VIBGINITATE.

3655 282 3759 336 406

477 385 721 457 ψύχοντα
748 388 841 442 καὶ
866 388 935 444 τά
966 392 1301 463 μαραίνοντα
1334 396 1618 453 πλεονάσει
1640 415 1653 430 ·
1715 400 1808 453 καὶ
1846 400 2070 455 ἐπὶτῶν

2184 404 2448 459 bationem
2480 400 2659 457 efferri
2690 401 2845 468 sinit,
2898 400 2995 458 sed
3042 400 3193 456 hunc
3235 398 3447 471 dirigit,
3482 399 3637 453 illum
3670 414 3760 455 re-

479 475 683 530 λοιπῶν
730 480 1032 551 ποιοτήτων
1078 484 1279 555 ὁμοίως
1320 488 1420 560 τῆς
1466 489 1689 561 Γραφῆς
1735 490 2071 545 ἀκούσεται’

492 568 608 623 Ἲνα
637 570 774 640 μήτε
793 573 822 624 6
840 570 901 624 τὸ
934 572 1064 628 πολύ
1097 574 1388 650 πλεονάσῃ,
1417 579 1553 649 μήτε
1583 581 1611 633 6
1636 580 1695 633 τὸ
1718 580 1896 649 ὀλίγον
1916 581 2073 638 ἐλατ-

481 659 681 731 τονήσῃ
704 678 717 691 ·
765 661 901 715 ἀλλά
933 664 993 718 τὸ
1021 666 1081 719 ἐν
1125 668 1375 740 ἐκατέρῳ
1409 670 1648 741 ἄμετρον
1694 671 2067 742 περικόπτων,

480 750 580 820 τῆς
603 751 695 805 τοῦ
723 753 994 821 ἐνδέοντος
1019 757 1338 831 προσθήκης
1383 763 1797 834 ἐπιμελήσεται,
1834 764 1930 816 καὶ
1973 765 2069 815 ἐπ-

485 840 606 913 ίσης
629 842 727 915 τὴν
753 846 838 915 ἐφ’
864 847 1101 920 ἑκάτερα
1122 851 1216 904 τοῦ
1242 852 1491 923 σώματος
1520 854 1821 926 ἀχρηστίαν
1838 853 2069 923 φυλάξε-

482 950 573 987 ται
597 953 611 966 ·
638 937 775 1007 μήτε
804 937 872 991 δι’
908 940 1355 1013 ὑπερϐαλλούσης
1384 944 1680 1010 εὐπαθείας
1709 946 1945 1000 ἄτακτον
1976 946 2072 1000 καὶ

482 1025 729 1098 δυσήνιον
773 1030 874 1100 τὴν
929 1032 1108 1103 σάρκα
1160 1035 1353 1089 ἑαυτοῦ
1410 1038 1766 1109 ἐπασκήσας,
1818 1038 1954 1109 μήτε
1984 1036 2073 1091 διά

480 1117 580 1184 τῆς
613 1119 854 1193 ἀμέτρου
885 1124 1252 1190 κακοπαθείας
1284 1128 1492 1199 νοσώδη
1525 1130 1619 1183 καὶ
1645 1128 1947 1199 λελυμένην
1978 1128 2072 1181 καὶ

483 1209 672 1265 ἄτονον
702 1216 841 1286 πρὸς
886 1216 984 1287 τὴν
1027 1219 1333 1288 ἀναγκαίαν
1367 1221 1671 1295 ὑπηρεσίαν
1721 1222 2075 1294 παρασκευά-

487 1319 585 1366 σας
608 1320 622 1334 ·
678 1301 834 1371 οὗτος
885 1309 915 1361 6
960 1310 1296 1377 τελειότατος
1340 1317 1438 1384 τῆς
1477 1314 1801 1386 ἐγκρατείας
1848 1315 2069 1382 σκοπδς,

484 1393 604 1464 οὐχὶ
646 1397 781 1467 πρὸς
822 1400 920 1469 τὴν
961 1401 1055 1454 τοῦ
1106 1402 1357 1475 σώματος
1409 1404 1625 1474 βλέπειν
1669 1404 2067 1469 κακοπάθειαν,

485 1485 621 1539 ἀλλά
645 1489 780 1559 πρὸς
809 1492 908 1562 τὴν
937 1492 1045 1546 τῶν
1071 1493 1322 1566 ψυχικῶν
1347 1495 1764 1568 διακονημάτων
1796 1496 2069 1551 εὐκολίαν.

2179 495 2458 559 frenat,.et
2496 493 2660 547 alium
2693 493 2906 565 ﬂagello
2935 493 3193 566 impellit,
3215 492 3397 563 quoad
3446 507 3612 547 unam
3644 507 3763 547 om-

2176 582 2340 636 nibus
2368 581 2435 635 ad
2474 579 2804 634 currendum
2841 579 3307 651 conspirationem
3346 576 3626 632 effecerit:
3664 591 3761 631 eo-

2174 672 2298 727 dem
2325 671 2487 727 modo
2519 685 2675 725 mens
2706 678 2916 736 nostra,
2954 686 3077 742 quze
3106 670 3358 741 corporis
3407 669 3656 724 habenas
3705 667 3762 721 in

2174 776 2233 819 se
2274 762 2460 825 habet,
2484 778 2591 815 non
2624 761 2765 833 ignis
2784 763 3158 819 additamenta
3184 760 3518 833 excogitabit
3550 759 3757 822 ardori,

2173 854 2266 925 qui
2298 853 2481 908 adulta
2516 863 2675 909 aetate
2709 854 3086 910 vehementior
3120 870 3252 911 sane
3276 862 3380 917 est,
3404 868 3570 923 quam
3603 866 3764 922 opor-

2175 954 2293 1003 tet:
2323 962 2504 1017 neque
2533 947 2679 1018 quod
2712 955 2806 1002 aut
2845 955 3111 1018 tempore,
3155 954 3250 1001 aut
3286 944 3481 1001 alicctu
3535 943 3761 999 refrixe-

2174 1040 2267 1103 rit,
2306 1039 2481 1109 magis
2528 1055 2594 1095 ea
2646 1040 2931 1107 accendet,
2979 1053 3100 1111 quae
3153 1038 3348 1108 frigida
3395 1046 3451 1093 et
3490 1038 3764 1093 exstincta

2176 1140 2347 1189 sunt:
2396 1134 2642 1201 atquein
2695 1133 2921 1203 reliquis
2963 1132 3187 1203 quidem
3243 1131 3605 1202 qualitatibus
3644 1129 3762 1200 pari

2176 1221 2392 1275 ratione
2430 1221 2481 1274 id
2541 1221 2745 1286 audiet,
2798 1222 2945 1293 quod
2994 1221 3196 1277 divinis
3243 1222 3442 1277 litteris
3495 1223 3762 1292 scriptum

2178 1317 2303 1365 est:
2334 1309 2412 1366 Ne
2446 1311 2537 1382 qui
2571 1312 2824 1377 multum,
2864 1312 3104 1367 abundet
3134 1331 3148 1381 ;
3197 1314 3288 1382 qui
3328 1328 3542 1382 parum,
3580 1314 3765 1366 minus

2180 1400 2415 1457 habeat:
2464 1402 2559 1459 sed
2608 1402 2756 1473 quod
2790 1403 2845 1457 in
2896 1411 3131 1473 utroque
3184 1403 3607 1458 immoderatum
3657 1410 3763 1465 est,

2177 1501 2501 1563 amputans,
2558 1509 2759 1566 augere
2810 1494 2864 1549 id
2908 1494 3163 1561 curabit,
3212 1494 3268 1550 in
3308 1510 3417 1565 quo
3452 1494 3608 1551 deest
3654 1514 3666 1550 :
3715 1504 3767 1549 et

486 1584 739 1652 corporis
788 1585 1289 1646 iucommoditatem
1339 1591 1626 1663 aequaliter
1677 1592 1731 1647 in
1782 1601 2015 1665 utroque
2071 1590 2321 1653 cavebit,
2373 1604 2440 1644 ne
2479 1590 2559 1643 vel
2599 1604 2711 1660 prae
2758 1590 3092 1645 abundantia
3137 1589 3456 1645 deliciarum
3513 1589 3590 1644 ita
3645 1603 3767 1660 per-

489 1679 709 1734 turbata
757 1682 830 1737 sit
875 1698 1027 1752 caro,
1076 1694 1136 1740 ut
1182 1687 1295 1757 regi
1348 1703 1455 1743 non
1500 1688 1695 1760 possit,
1731 1690 1815 1746 vel
1867 1705 1977 1760 pra:
2027 1687 2379 1742 immoderata
2421 1684 2769 1741 alilictatione
2796 1684 2939 1741 male
2965 1685 3183 1752 affecta,
3220 1686 3400 1741 tenuis
3433 1692 3495 1751 et
3524 1686 3591 1740 ad
3632 1702 3765 1741 usus

488 1773 613 1827 vitae
655 1776 998 1833 necessarios
1032 1778 1247 1835 infirma
1283 1780 1547 1837 efﬁciatur
1575 1800 1590 1838 :
1620 1782 1723 1836 hac
1763 1781 1971 1836 ratione
2016 1781 2147 1835 illud
2186 1778 2645 1850 perfectissimum
2671 1786 2755 1833 est
2781 1778 3133 1834 continentiae
3163 1780 3524 1851 propositum,
3567 1787 3625 1834 ut
3656 1795 3763 1836 non

490 1869 560 1924 ad
594 1872 846 1941 corporis
880 1873 1312 1941 aﬂlictationem,
1338 1877 1432 1932 sed
1462 1877 1529 1933 ad
1559 1878 1876 1933 commodas
1902 1877 2071 1932 animi
2115 1874 2429 1932 functiones
2461 1880 2690 1945 spectet.

1070 1988 1324 2045 ΚΕΦΑΛ.
1366 1992 1495 2049 Kl".

491 2094 621 2174 Ὀτι
644 2097 894 2174 ’ὁμοίως
917 2099 1293 2156 ἐναντιοῦται
1343 2102 1417 2171 τῇ
1456 2103 1631 2173 ψυχῇ
1665 2104 1814 2174 πρὸς
1847 2103 1959 2172 τὴν
1988 2121 2076 2157 τε-

556 2167 826 2291 ἓῖἒῖὲγ,
860 2169 898 2238 ἢ
936 2188 997 2225 τε
1024 2167 1527 2242 πολυσαρκίᾱκὶιὶ
1550 2167 1876 2244 ’ἦῦμὲτρος
1899 2167 2077 2228 κακο-

560 2326 641 2380 Τά
674 2327 731 2380 δὲ
768 2328 888 2382 καθ’
917 2330 1165 2399 ἕκαστον,
1207 2333 1355 2397 ὅπως
1381 2352 1441 2388 τε
1464 2334 1572 2407 χρὴ
1608 2332 1871 2405 βιοτεύειν
1900 2334 1991 2389 τὸν
2018 2335 2076 2386 ἐν

492 2417 782 2490 φιλοσοφίᾳ
818 2422 988 2494 ταύτῃ
1036 2424 1136 2495 ζῇν
1167 2426 1550 2496 προελόμενον,
1591 2428 1687 2480 καὶ
1722 2426 1845 2482 τίνα
1873 2426 2073 2495 φυλάτο

489 2510 698 2573 τεσθαι,
726 2512 819 2565 καὶ
855 2514 999 2567 τίσιν
1040 2516 1470 2587 ἐπιτηδεύμασιν
1505 2519 1698 2571 ἀσκεῖν
1732 2516 1945 2581 ἐαυτὸν,
1980 2521 2075 2585 ἐγ-

491 2603 751 2670 κρατείας
788 2604 986 2677 μέτρα,
1022 2610 1115 2660 καὶ
1162 2609 1444 2678 διαγωγῆς
1491 2609 1714 2680 τρόπον,
1755 2610 1849 2662 καὶ
1900 2610 2078 2663 πάντα

490 2691 583 2743 τὸν
618 2692 974 2749 ἐπιϐάλλοντα
1010 2695 1090 2767 τῷ
1115 2698 1342 2769 τοιούτῳ
1377 2698 1567 2770 σκοπῷ
1606 2699 1741 2770 βίον,
1790 2700 1898 2770 ὅτῳ
1926 2700 2077 2769 φίλον

490 2778 556 2833 δι’
576 2782 862 2850 ἀκριϐείας
895 2784 1110 2855 μαθεῖν,
1143 2788 1249 2839 εἰσὶ
1281 2787 1380 2857 μὲν
1401 2789 1496 2841 καὶ
1530 2791 1795 2860 ἔγγραφοι
1819 2789 2074 2843 διδασκα-

492 2871 603 2926 λίαι
629 2873 799 2929 ταῦτα
827 2876 1174 2932 διδάσκουσαι
1195 2895 1209 2908 ·
1263 2882 1626 2953 ὲνεργεστὲρα
1657 2882 1713 2934 δὲ
1752 2882 1848 2952 τῆς
1880 2884 1943 2934 ἐκ
1970 2881 2077 2935 τῶν

492 2965 667 3035 λόγων
692 2967 918 3038 διδαχῆς
941 2970 974 3041 ἡ
1002 2970 1093 3025 διὰ
1120 2970 1227 3023 τῶν
1257 2970 1434 3043 ἔργων
1462 2973 1611 3026 ἐστὶν
1654 2974 1948 3045 ὐφήγησιςο
1983 2974 2076 3026 καὶ

492 3055 717 3127 οὐδεμία
745 3058 1007 3130 πρόσεστι
1051 3059 1307 3114 δυσκολία
1327 3061 1406 3132 τῷ
1431 3063 1836 3135 προστάγματι,
1861 3064 1937 3127 ὡς
1967 3065 2079 3118 δεῖν

493 3146 528 3217 ἢ
555 3150 772 3219 μακρὰν
792 3150 1174 3223 ὁδοιπορίαν,ἣ
1198 3154 1475 3208 ναυτιλίαν
1495 3155 1692 3226 πολλὴν
1718 3156 2076 3220 ὑποστάντας,

496 3239 773 3310 ἐπιτυχεῖν
802 3240 897 3294 τοῦ
929 3243 1301 3308 παιδεύοντοςο
1345 3245 1459 3299 ἀλλ’
1490 3245 1655 3315 ἐγγύς
1691 3263 1785 3300 σου
1818 3246 1878 3299 τδ
1905 3247 2078 3317 ῥῆμα,

2750 1990 2982 2048 CAPUT
3021 1988 3215 2044 XXIII.

2186 2107 2271 2161 Ad
2295 2108 2461 2161 animi
2493 2108 2865 2177 perfectionem
2908 2117 3015 2159 tam
3058 2104 3554 2177 impeditcorporis
3593 2104 3764 2157 obesi-

2471 2175 2767 2249 tas,'quum
2796 2178 3067 2247 aﬂlictutio
3098 2175 3471 2228 immoderata.

2256 2335 2359 2402 Qui
2414 2351 2543 2393 vero
2593 2336 2953 2408 philosophiae
2999 2335 3218 2393 deditus
3271 2344 3391 2396 est,
3426 2348 3586 2403 quem
3642 2333 3769 2387 vitae

2186 2442 2410 2482 cursum
2440 2428 2495 2481 in
2526 2427 2757 2499 singulis
2782 2429 2945 2483 rebus
2970 2435 3156 2482 tenere
3188 2442 3311 2480 eum
3340 2432 3606 2494 oporteat,
3635 2424 3766 2477 etin

2187 2519 2389 2589 quibus
2418 2520 2649 2584 versari,
2696 2529 2750 2574 et
2793 2534 2917 2590 quae
2963 2532 3181 2584 cavere,
3226 2526 3282 2572 et
3314 2517 3382 2571 ad
3428 2531 3549 2587 qum
3588 2516 3767 2571 studia

2188 2613 2431 2666 animum
2481 2612 2810 2682 adjungere,
2858 2626 3048 2682 quaeve
3100 2610 3173 2665 sit
3207 2609 3560 2664 continentiae
3607 2609 3767 2671 ratio,

2189 2704 2282 2773 qui
2326 2702 2635 2772 disciplinze
2680 2701 2896 2769 modus,
2948 2702 3039 2772 qui
3103 2701 3341 2769 denique
3385 2702 3510 2753 vitae
3571 2713 3768 2752 cursus

2187 2795 2389 2859 munis,
2420 2796 2513 2865 qui
2543 2799 2609 2849 ad
2652 2796 2753 2849 hoc
2779 2794 3122 2866 propositum
3168 2800 3413 2863 spectat,
3460 2793 3770 2862 cuicunque

2188 2897 2403 2957 gratum
2434 2894 2517 2941 est
2543 2885 2832 2956 diligenter
2855 2900 3213 2956 cognoscere,
3248 2891 3514 2955 praecepta
3547 2885 3768 2953 quidem

2190 2979 2360 3033 multa
2414 2979 2611 3034 litteris
2663 2978 2981 3048 consignata
3033 2986 3184 3039 sunt,
3244 2976 3444 3046 quibus
3495 2976 3610 3029 haec
3653 2976 3770 3045 ipsa

2189 3068 2480 3123 traduntur
2511 3087 2524 3127 :
2562 3067 2655 3123 sed
2688 3068 2957 3122 minorem
2988 3068 3099 3122 vim
3134 3065 3300 3120 habet
3343 3066 3431 3118 illa
3474 3073 3770 3135 praecepto-

2188 3176 2308 3215 rum
2361 3158 2675 3229 explicatio,
2727 3174 2851 3230 quae
2890 3159 3075 3215 verbis
3129 3159 3355 3230 potius,
3398 3174 3563 3229 quam
3612 3159 3772 3215 factis

2188 3254 2617 3317 demonstratur,
2647 3252 2909 3323 nullaque
2938 3251 3017 3307 rei
3056 3250 3348 3306 difﬁcultas
3383 3250 3545 3315 inest,
3593 3258 3767 3305 utaut

497 3333 660 3404 φησὶν
688 3336 716 3387 ό
764 3333 1121 3399 Ἀπόστολος·
1158 3338 1266 3390 ἀπὸ
1306 3340 1407 3418 τῆς
1439 3338 1623 3403 ἑστίας
1667 3340 1703 3410 ἡ
1749 3338 1941 3411 χάρις’
1995 3340 2077 3392 ἐν·

2188 3348 2545 3418 longinquum
2594 3347 2734 3412 iter,
2788 3352 2882 3398 aut
2933 3344 3160 3398 multam
3218 3342 3621 3412 navigationem
3672 3359 3771 3398 nos

496 3421 671 3477 ταῦθα
698 3424 760 3478 τὸ
782 3426 890 3479 τῶν
915 3427 1136 3496 ἀγαθῶν
1164 3416 1551 3501 ἐργαστήριον,
1592 3432 1650 3483 ἐν
1686 3424 1730 3498 ᾧ
1761 3430 1820 3482 τὸ
1845 3430 2083 3501 ἀκρότα-

498 3532 588 3569 τον
613 3517 711 3588 τῆς
734 3519 1020 3590 ἀκριϐείας
1048 3523 1076 3574 ό
1101 3523 1339 3584 τοιοῦτος
1366 3522 1477 3592 βίος
1504 3522 1712 3596 προῖὼν
1742 3522 2083 3595 ὲκκεκάθαρο

497 3625 588 3663 ται
611 3626 625 3639 ·
659 3612 752 3663 καὶ
775 3611 939 3683 πολλή
964 3614 1111 3667 ἐστιν
1131 3613 1349 3678 ἐξουσία
1370 3617 1464 3669 καὶ
1492 3613 1822 3668 σιωπώντων
1847 3614 2083 3669 ἐνταῦθα

499 3700 595 3755 καὶ
622 3701 1007 3773 φθεγγομένων
1032 3704 1130 3774 τὴν
1160 3704 1410 3775 οὐράνιον
1449 3706 1651 3776 ταύτην
1684 3706 1959 3760 πολιτείαν
1997 3706 2085 3759 διά

499 3793 606 3847 τῶν
650 3794 828 3866 ἔργων
870 3794 1253 3871 διδάσκεσθαιο
1308 3797 1432 3849 ἐπεὶ
1476 3798 1571 3851 καὶ
1622 3800 1729 3862 πᾶς
1762 3798 1920 3866 λόγος
1960 3798 2083 3868 δίχα

507 3885 614 3940 τῶν
654 3887 829 3959 ἔργων
865 3887 1272 3959 θεωρούμενος,
1304 3889 1409 3943 κᾶν
1436 3890 1518 3943 ὅτι
1545 3889 1781 3962 μάλιστα
1805 3892 2084 3945 κεκαλλω-

503 3983 765 4053 πισμένος
796 3982 955 4054 τύχῃ,
1004 3984 1173 4037 είκόνι
1204 3982 1380 4039 ἔοικεν
1405 3985 1618 4057 ἀψύχῳ,
1661 3988 1717 4040 ἐν
1761 3986 1961 4057 βαφαῖς
1990 3987 2083 4040 καὶ

501 4074 786 4146 χρώμασιν
834 4074 1031 4148 εὐανθῆ
1071 4094 1192 4131 τινα
1237 4080 1561 4151 χαρακτῆρα
1609 4080 2038 4152 προδεικνυούσῃ
2064 4100 2076 4113 ·

500 4170 529 4222 ό
556 4168 612 4221 δὲ
639 4168 807 4221 ποιῶν
843 4168 937 4221 καὶ
959 4168 1249 4233 διδάσκων,
1299 4169 1481 4233 καθώς
1508 4171 1610 4224 πού
1643 4189 1774 4243 φησι
1808 4173 1869 4226 τὸ
1903 4174 2084 4241 Εὐαγ-

500 4267 702 4336 γέλιον,
720 4260 872 4331 οὗτος
889 4265 1103 4336 ἀληθῶς
1128 4265 1237 4331 ζῶν
1262 4270 1410 4322 ἐστιν
1437 4269 1745 4342 ἄνθρωπος,
1764 4272 1858 4323 καὶ
1885 4270 2083 4343 ὡραῖος

499 4358 579 4429 τῷ
606 4358 824 4422 κάλλει,
884 4358 978 4411 καὶ
1024 4359 1281 4428 ἐνεργὸς,
1326 4363 1422 4416 καὶ
1476 4362 1812 4432 κινούμενος.
1873 4364 2084 4417 Οὐκοῦν

498 4450 675 4521 τούτῳ
720 4455 1145 4526 προσφοιτητέον
1197 4456 1314 4508 ἐστ-³⁹
1356 4453 1451 4507 τὸν
1507 4453 1767 4523 μέλλοντα
1814 4454 1956 4508 κατά
1993 4454 2083 4507 τὸν

499 4542 729 4615 ἐροῦντα
769 4545 926 4614 λόγον
970 4548 1071 4618 τῆς
1106 4545 1405 4618 παρθενίας
1431 4544 1753 4609 ἀνθέξεσθαι
1784 4561 1798 4576 ⁸
1832 4545 2081 4618 καθάπερ

499 4636 607 4707 γάρ
639 4639 668 4690 ὁ
694 4639 877 4710 φωνὴν
918 4639 1105 4704 ἔθνους
1137 4639 1281 4703 τινὸς
1314 4638 1575 4709 ἐκμαθεῖν
1609 4637 2079 4709 προθυμούμενος,

498 4728 596 4782 οὐκ
636 4728 783 4783 ἔστιν
825 4727 1107 4803 αὐτάρκης
1141 4731 1321 4803 ἐαυτῷ
1365 4730 1717 4797 διδάσκαλος,
1765 4732 1900 4785 ἀλλά
1934 4733 2084 4805 παρὰ

498 4815 606 4869 τῶν
636 4819 1014 4889 ἐπισταμένων
1060 4820 1395 4883 παιδεύεται,
1427 4819 1522 4871 καὶ
1556 4817 1701 4871 οὕτω
1730 4818 1940 4887 γίνεται
1970 4823 2081 4881 τοῖς

500 4909 897 4977 άλλογλώσσοις
934 4912 1234 4982 ὁμόφωνος.
1290 4912 1477 4975 Οὖτως
1519 4907 1672 4981 οἶμαι
1707 4912 1801 4963 καὶ
1834 4910 1927 4963 τοῦ
1960 4910 2078 4981 βίου

501 5001 689 5055 τούτου
713 5003 788 5074 μὴ
807 5005 945 5058 κατά
960 5006 1060 5075 τὴν
1077 5004 1397 5059 ἀκολουθίαν
1418 5005 1699 5075 προῖόντος
1722 5003 1819 5073 τῆς
1845 5002 2080 5072 φύσεως,

501 5093 616 5147 ἀλλ’
656 5095 1072 5165 ἀπεξενωμένου
1111 5100 1176 5167 τῇ
1209 5097 1487 5167 καινότητι
1530 5096 1633 5166 τῆς
1666 5096 1966 5167 διαγωγῆς,
2005 5098 2080 5169 μὴ

501 5184 675 5249 ἄλλως
702 5186 821 5239 τινὰ
852 5186 1043 5258 μαθεῖν
1077 5189 1174 5260 τὴν
1220 5188 1529 5260 ἀκρίϐειαν,
1561 5188 1594 5258 ἢ
1630 5188 1783 5259 ποιρά
1815 5187 1907 5241 τοῦ
1952 5206 2083 5241 κατ·

500 5278 821 5350 ωρθωκότος
850 5280 1359 5351 χειραγωγούμενον
1380 5296 1394 5310 ⁸
1424 5280 1520 5334 καὶ
1548 5280 1616 5334 τὰ
1647 5280 1780 5334 ἄλλα
1811 5280 1868 5335 δὲ
1903 5282 2083 5336 πάντα.

501 5372 602 5425 ὃσα
638 5373 779 5427 κατὰ
816 5373 904 5428 τὸν
940 5374 1052 5444 βίον
1086 5374 1499 5445 ἐπιτηδεύομεν,
1546 5374 1747 5445 μᾶλλον
1800 5375 2081 5447 κατορθω-

502 5462 623 5534 θείη
652 5463 730 5534 τῷ
777 5465 1042 5535 μετιόντι,
1091 5467 1140 5519 εί
1175 5467 1325 5537 παρὰ
1352 5466 1690 5531 διδασκάλοις
1735 5484 1818 5529 τις
1848 5468 2079 5522 ἑκάστου

503 5556 610 5609 τῶν
660 5557 1104 5629 σπουδαζομένων
1147 5558 1380 5630 ἐκμάθοι
1432 5557 1531 5629 τὴν
1576 5558 1913 5631 ἐπιστήμην,
1966 5561 2077 5632 ἤεί

579 5731 899 5799 ιιιιοιιι.κ,
934 5733 986 5788 3.
1067 5706 1334 5788 “Matth.
1390 5750 1439 5801 ν,
1488 5734 1569 5790 ιο.

2186 3439 2372 3496 subire
2411 3443 2685 3507 oporteat,
2736 3442 2796 3489 ut
2844 3442 3232 3505 praeceptorem
3277 3432 3554 3504 hujusque
3602 3432 3773 3486 disci-

2185 3531 2346 3602 plina:
2382 3528 2701 3597 magistrum
2733 3539 3116 3594 assequamur,
3150 3522 3243 3579 sed
3267 3538 3434 3594 prope
3460 3531 3512 3578 te
3544 3524 3769 3583 verbum

2184 3630 2290 3685 est,
2317 3621 2496 3690 inquit
2528 3619 2822 3690 Apostolus
2846 3618 2913 3681 ‘5,
2940 3625 2994 3672 et
3038 3617 3093 3671 in
3124 3615 3379 3686 praisenti
3424 3614 3622 3686 gratia.
3661 3613 3772 3667 lloc

2186 3712 2309 3768 loco
2337 3713 2599 3766 virtutum
2633 3708 2855 3763 officina
2888 3717 2989 3773 est,
3024 3709 3080 3761 in
3129 3722 3237 3778 qua
3290 3706 3608 3777 hujusmodi
3660 3707 3770 3759 vita

2187 3803 2255 3858 ad
2300 3818 2569 3858 summam
2647 3802 2941 3874 quamdam
3012 3799 3382 3871 integritatem
3436 3814 3770 3869 progressa,

2186 3894 2443 3951 sordibus
2475 3902 2704 3965 purgata
2734 3902 2839 3949 est.
2876 3892 3045 3947 Multa
3073 3894 3234 3948 etiam
3271 3892 3373 3946 hoc
3398 3892 3519 3945 loco
3548 3906 3669 3946 cum
3704 3892 3771 3946 iis

2185 3992 2277 4060 qui
2314 3998 2516 4054 tacent,
2549 3997 2662 4044 tum
2692 3989 2828 4054 illis,
2874 3988 2966 4058 qui
3003 3988 3327 4057 loquuntur,
3374 3986 3655 4055 proposita
3687 3996 3771 4038 est

2186 4080 2445 4147 facultas,
2484 4086 2546 4134 ut
2571 4095 2638 4134 ex
2679 4076 2837 4133 factis
2879 4077 3014 4147 ipsis
3051 4076 3264 4131 caelesti
3306 4076 3410 4130 hoc
3442 4077 3565 4129 vitae
3612 4075 3769 4129 insti-

2188 4184 2307 4231 tuto
2334 4174 2686 4238 erudiuntur,
2721 4171 2984 4242 quoniam
3011 4172 3191 4224 oratio
3212 4169 3413 4231 omnis,
3452 4184 3573 4237 quae
3604 4168 3770 4221 nullis

2186 4266 2345 4322 factis
2380 4263 2667 4335 perspicua
2714 4271 2818 4327 est,
2866 4260 2969 4317 etsi
3019 4258 3431 4328 ornatumtulto
3478 4258 3762 4328 perpolita,

2187 4361 2251 4415 ad
2308 4358 2620 4414 inanimatae
2667 4355 2922 4425 imaginis
2972 4353 3387 4410 similitudinem
3449 4366 3616 4421 prope
3674 4366 3771 4405 ae-

2186 4452 2389 4517 cessit,
2444 4450 2899 4520 lineamentisque
2949 4456 3003 4503 et
3060 4446 3341 4502 coloribus
3374 4445 3531 4516 quasi
3572 4445 3772 4499 floren-

2190 4553 2297 4598 tem
2352 4543 2593 4612 aliquam
2653 4541 2882 4596 formam
2934 4554 3047 4610 pra:
3079 4554 3139 4594 se
3188 4536 3345 4593 feret.
3379 4536 3626 4607 Namque
3676 4536 3767 4606 qui

2188 4635 2320 4691 facit
2368 4646 2423 4690 et
2455 4635 2649 4698 docet,
2685 4643 2744 4688 ut
2773 4633 3010 4703 quodam
3044 4631 3167 4686 loco
3193 4640 3279 4687 est
3310 4631 3364 4685 in
3394 4627 3765 4701 Evangelio”,

2189 4729 2279 4785 hic
2342 4743 2470 4784 vere
2512 4727 2675 4782 homo
2719 4735 2773 4782 et
2819 4724 3227 4797 pulchritudine
3276 4723 3527 4793 insignis.
3581 4724 3768 4790 Itaque

2190 4820 2280 4875 hic
2310 4818 2358 4875 ei
2397 4816 2832 4889 frequentandus
2855 4824 2958 4883 est,
2986 4815 3104 4885 qui,
3136 4826 3195 4869 ut
3220 4814 3412 4868 litterae
3444 4806 3766 4880 loquuntur,

2187 4913 2556 4985 virginitatem
2590 4911 2664 4967 sit
2712 4908 3179 4981 apprehensurus.
3221 4904 3293 4961 Ut
3337 4904 3483 4960 enim
3518 4903 3611 4974 qui
3668 4903 3769 4955 ali-
3854 4956 3855 4959 η

2188 5006 2348 5076 cujus
2376 5005 2618 5061 nationis
2646 5017 2954 5060 sermonem
2990 5001 3205 5056 discere
3248 4998 3507 5060 instituit,
3542 4994 3769 5050 minime

2191 5115 2288 5170 per
2311 5115 2371 5154 se
2406 5098 2542 5154 satis
2571 5105 2676 5160 est,
2714 5104 2772 5149 nt
2797 5110 2827 5149 a
2862 5109 2920 5149 se
2950 5094 3065 5162 ipse
3098 5092 3405 5153 erudiatur,
3442 5088 3539 5144 scd
3574 5088 3643 5142 ab
3670 5086 3763 5149 iis.

2192 5194 2285 5263 qui
2314 5191 2462 5246 illius
2493 5188 2767 5245 sermonis
2816 5187 2975 5276 periti
3026 5195 3152 5242 sunt
3204 5182 3555 5249 instituitur,
3600 5191 3769 5252 atque

2189 5284 2295 5339 hoc
2325 5292 2487 5353 pacto
2523 5280 2673 5335 brevi
2699 5295 2761 5332 ex
2798 5273 3052 5332 audiendi
3082 5273 3481 5331 consuetudine
3510 5287 3767 5343 progres-

2190 5390 2307 5439 sus,
2372 5370 2644 5444 peregrini
2696 5368 2968 5425 sermonis
3021 5367 3294 5439 particeps
3340 5362 3620 5420 efficitur:
3682 5362 3764 5418 sic

2189 5468 2409 5538 Opinor,
2436 5464 2482 5521 si
2511 5465 2630 5519 limc
2660 5462 2769 5516 vita
2823 5476 2932 5515 non
2983 5469 3193 5515 natura:
3244 5458 3331 5513 via
3381 5454 3759 5528 progreditur,

2190 5559 2285 5615 sed
2320 5571 2469 5614 noro
2493 5554 2732 5627 quodam
2775 5552 3027 5610 instituto
3069 5551 3309 5618 aberrat,
3348 5563 3469 5605 eam
3521 5545 3761 5619 perfecte
