4124 6352
356 276 461 333 409

1660 294 1752 352 DE
1779 296 2244 363 VlltGINITATE.

3526 318 3635 377 H0

356 396 641 469 κςιάμενοι,
672 397 846 471 ἑτέρῳ
891 399 1144 473 πτώματι
1192 405 1281 461 διὰ
1322 393 1418 461 τού
1456 408 1626 479 τύφου
1654 413 1926 469 ammt-

2054 426 2233 473 mente
2271 418 2487 476 inllrma
2522 422 2768 493 plerique
2797 440 2857 480 se
2901 425 2967 481 ad
3009 427 3343 498 virginitatis
3388 433 3630 489 studium

356 489 584 562 σθησαν,
626 490 714 546 διά
746 510 891 557 τινος
933 497 1357 565 φρενοϐλαϐείας
1405 502 1633 568 ἑαυτοὺς
1666 506 1939 578 ἐξαπατή-

356 597 548 646 σαντες
594 584 773 638 ὲκεῖνο
822 586 1075 657 ἡγεῖσθαι
1126 590 1327 658 καλὸν,
1408 594 1494 663 ἐφ’
1546 597 1685 669 ὅπερ
1756 598 1938 652 αὐτῶν

358 675 385 745 ἡ
435 673 645 729 διάνοια
697 677 860 750 ῥέψει.
926 679 1021 732 Ἐκ
1082 681 1288 735 τούτων
1345 684 1485 738 εἰσιν
1530 688 1580 740 oi
1641 688 1794 761 παρὰ
1836 690 1938 759 τῆς

351 765 548 836 σοφίας
591 768 989 839 ὀνομασθέντες
1036 772 1260 844 ἀεργοὶ,
1318 778 1367 830 οἱ
1414 777 1514 842 τὰς
1564 779 1717 845 ὁδοὺς
1754 782 1937 837 αὐτῶν

351 854 618 920 ἀκάνθαις
648 858 991 931 στρώσαντες
1015 878 1030 893 ο
1077 864 1127 916 οἱ
1158 863 1365 938 βλάϐην
1395 868 1687 939 ἡγούμενοι
1712 872 1810 943 τῆς
1829 872 1935 943 ψυ-

351 950 453 1019 Χῆς
475 947 576 1019 τὴν
615 950 745 1022 περὶ
791 950 860 1005 τὰ
902 952 1041 1024 ἔργα
1079 954 1189 1009 τῶν
1231 956 1461 1013 ἐντολῶν
1494 960 1807 1033 προθυμίαν
1831 981 1847 997 ·
1882 966 1935 1018 οἱ

351 1041 849 1113 παραγραψάμενοι
887 1048 989 1109 τάς
1021 1047 1389 1115 ἀποστολικᾶις
1418 1054 1804 1122 παραινέσεις,
1836 1057 1935 1111 καὶ

353 1131 429 1205 μὴ
466 1134 559 1188 τὸν
603 1134 734 1189 ἴδιον
776 1136 942 1205 ἄρτον
979 1138 1333 1210 εὐσχημόνως
1361 1143 1653 1210 ἐσθίοντες,
1687 1146 1825 1201 ἀλλὰ
1853 1146 1934 1221 τῷ

348 1222 616 1297 ἀλλοτρίῳ
657 1228 1131 1298 προστετηκότες,
1176 1231 1375 1304 τέχνην
1424 1234 1543 1305 βίου
1587 1238 1689 1308 τὴν
1732 1239 1933 1310 ἀργίαν

347 1314 660 1386 ποιούμενοι
685 1333 700 1347 ⁸
758 1318 1009 1373 εντεῦθεν
1039 1322 1090 1375 oi
1115 1322 1492 1391 ὲννπνιασταὶ,
1517 1327 1568 1380 oi
1596 1328 1696 1391 τὰς
1722 1330 1786 1382 ἐκ
1824 1330 1937 1383 τῶν

344 1404 572 1479 ὀνείρων
616 1407 834 1473 ἀπάτας
874 1411 1200 1485 πιστοτέρας
1237 1413 1347 1469 τῶν
1380 1411 1753 1486 εύαγγελιοὲῶν
1785 1419 1931 1473 διδα-

345 1498 577 1569 γμάτων
605 1499 937 1572 ποιούμενοι.
966 1504 1062 1557 καὶ
1094 1504 1470 1576 ἀποκαλύψεις
1491 1508 1591 1572 τὰς
1630 1510 1931 1578 φαντασίας

346 1592 847 1665 προσαγορεύοντες
868 1594 1013 1665 (ἀπὸ
1042 1595 1247 1651 τούτων
1269 1598 1407 1652 εἰσιν
1431 1601 1482 1653 oi
1512 1601 1819 1666 ὲνδύνοντες
1848 1604 1933 1669 είς

343 1686 673 1759 τάςοίκίας)’
693 1690 788 1745 καὶ
807 1690 971 1745 πάλιν
982 1691 1132 1747 ἄλλοι
1148 1692 1199 1745 oi
1221 1692 1283 1746 τὸ
1298 1691 1524 1764 ἄμικτον
1538 1710 1597 1746 τε
1616 1695 1708 1748 καὶ
1728 1694 1930 1767 θηριῶ-

2040 511 2356 577 conferunt,
2392 515 2526 569 illud
2558 519 2611 571 in
2646 518 2841 587 primis
2894 520 3146 578 studiose
3190 524 3275 580 eis
3324 525 3630 582 curandum

2038 610 2143 667 est,
2177 612 2236 658 ut
2263 608 2533 676 optimum
2571 609 2739 678 hujus
2779 612 2907 667 vitae
2943 613 3143 670 ducem
3190 630 3257 672 ac
3301 618 3628 689 magistrqu

2037 707 2310 767 quaerant,
2344 716 2413 755 ne
2442 702 2668 773 quando
2703 712 2930 776 propter
2958 723 3146 763 rerum
3196 709 3626 780 ignorationem,

2036 805 2161 860 quae
2188 790 2242 846 in
2270 792 2379 849 illis
2406 802 2515 857 est,
2561 802 2915 854 transversas
2948 800 3219 869 quasdam
3250 802 3355 857 sibi
3390 805 3507 860 vias
3541 813 3630 859 at-

2035 896 2143 951 que
2176 897 2207 937 a
2236 891 2386 939 recta
2440 885 2761 945 aberrantes
2812 891 3088 945 muniant.
3134 890 3274 946 Boni
3321 895 3467 948 enim
3507 894 3622 949 duo

2035 988 2201 1044 supra
2234 990 2430 1041 unum,
2457 976 2636 1047 inquit
2675 977 3078 1038 Ecclesiastes:
3134 982 3294 1038 facile
3326 1000 3459 1039 vero
3504 986 3629 1041 vin-

2034 1063 2179 1117 citur
2218 1080 2361 1121 unus
2386 1066 2459 1121 ab
2482 1068 2827 1135 adversario,
2870 1072 2962 1141 qui
3002 1071 3096 1127 Dei
3137 1076 3231 1127 via
3277 1090 3504 1130 cursum
3541 1085 3627 1131 tc-

2034 1162 2127 1209 net
2153 1174 2167 1211 :
2199 1171 2368 1224 reque
2402 1173 2528 1213 vera
2559 1176 2578 1209 ι
2609 1157 2700 1214 Va:
2729 1161 2857 1223 soli,
2898 1163 3122 1232 quando
3150 1164 3320 1231 cadit,
3361 1169 3622 1237 quoniam

2032 1261 2141 1299 non
2176 1246 2357 1313 habet,
2391 1248 2485 1319 qui
2518 1266 2642 1306 eum
2677 1254 2852 1324 erigat
2878 1256 2945 1309 ".
2986 1274 3005 1306 ι
3029 1254 3149 1311 lam
3184 1258 3328 1312 enim
3375 1263 3624 1316 nonnulli

2032 1336 2097 1390 ad
2150 1339 2336 1408 gravis
2368 1340 2491 1395 vita:
2528 1343 2886 1413 cupiditatem
2943 1349 3205 1404 laudabili
3252 1352 3458 1420 impetu
3507 1354 3624 1405 ala-

2030 1430 2202 1486 criter
2236 1433 2319 1487 usi
2356 1440 2507 1501 sunt,
2537 1442 2592 1489 et
2622 1436 2728 1491 hoc
2761 1438 2996 1494 consilio
3020 1440 3187 1495 simul
3223 1444 3620 1513 perfectionem

2030 1524 2293 1587 assecuti,
2318 1541 2385 1580 ex
2426 1529 2687 1599 superbia
2715 1529 2892 1585 altero
2921 1530 3077 1601 lapsu
3112 1532 3165 1587 in
3189 1540 3394 1588 terram
3421 1536 3619 1604 dejecti

2029 1622 2180 1672 sunt.
2223 1630 2348 1668 cum
2396 1616 2497 1687 ipsi
2533 1619 2807 1674 dementia
2855 1636 2954 1676 sua
2994 1622 3232 1694 decep“,
3272 1625 3407 1680 illud
3458 1634 3623 1696 puta-

2030 1705 2208 1758 verint
2239 1705 2563 1773 honestum,
2607 1708 2674 1762 ad
2708 1710 2858 1779 quod
2898 1726 3093 1766 eorum
3139 1728 3295 1768 meus
3346 1725 3617 1787 vergeret.

341 1780 433 1843 Gs;
458 1779 658 1853 ἀρετὴν
689 1781 1019 1852 νομίζοντες,
1049 1783 1171 1838 οὐδὲ
1192 1784 1294 1855 τῆς
1321 1786 1706 1857 μακροθυμίας
1731 1804 1792 1840 τε
1830 1787 1926 1841 καὶ

2029 1793 2105 1849 Ex
2132 1796 2218 1851 his
2256 1798 2333 1853 illi
2368 1807 2521 1862 sunt,
2559 1802 2650 1873 qui
2679 1774 2818 1873 pigri
2850 1812 3017 1872 atque
3050 1804 3258 1861 inertes
3289 1774 3543 1863 homines
3588 1826 3617 1863 a

343 1874 846 1945 ταπεινοφροσύνης
883 1876 977 1931 τὸν
1016 1879 1230 1950 καρπον
1277 1878 1651 1948 ἐπιστάμενοι.
1715 1877 1816 1933 Καὶ
1844 1880 1928 1944 τίς

342 1963 413 2019 ἂν
445 1962 706 2029 διεξέλθοι
740 1966 920 2021 πάντα
963 1967 1033 2022 τά
1070 1966 1299 2022 τοιαῦτα
1356 1967 1662 2039 πτώματα,
1703 1968 1785 2032 είς
1825 1969 1926 2024 ὅσα

342 2056 660 2128 ικφέρεται,
689 2057 770 2130 τῷ
801 2058 877 2131 μὴ
906 2058 1082 2114 θέλειν
1107 2062 1224 2125 τοῖς
1254 2059 1397 2114 κατά
1417 2060 1552 2115 Θεὸν
1580 2058 1929 2133 εὐδοκιμοῦσι

342 2148 780 2220 προστίθεσθαις
838 2152 935 2205 Ἐκ
975 2151 1182 2208 τούτων
1214 2151 1324 2225 γὰρ
1370 2152 1618 2224 ἔγνωμεν
1662 2152 1758 2206 καὶ
1799 2152 1930 2217 τοὺς

339 2238 421 2311 τῷ
438 2238 584 2313 λιμῷ
611 2239 773 2313 μέχρι
800 2240 1032 2297 θανάτου
1053 2242 1544 2315 ἐγκαρτεροῦντας,
1569 2241 1646 2307 ὡς
1670 2240 1767 2298 τοῦ
1789 2240 1928 2298 Θεοῦ

339 2334 462 2397 ταῖς
495 2332 774 2398 τοιαύταις
814 2334 1284 2407 εὐαρεστουμένου
1331 2335 1580 2400 θυσίαις’
1621 2336 1715 2389 καὶ
1763 2335 1931 2390 πάλιν

339 2424 533 2489 ἄλλους
560 2424 627 2480 ὲκ
646 2425 941 2498 διαμέτρου
978 2427 1116 2497 πρὸς
1151 2426 1215 2484 τδ
1241 2427 1488 2483 ἐναντίον
1511 2429 1927 2499 ἀποστατήσαν-

336 2535 438 2581 τας
460 2534 482 2549 ο
519 2515 569 2572 οἳ
597 2516 791 2589 μέχρις
834 2518 1097 2590 ὀνόματος
1130 2519 1233 2589 τὴν
1256 2519 1501 2589 ἀγαμίαν
1539 2517 1927 2589 ἐπιτηδεύσαν-

336 2624 450 2673 τες,
481 2608 636 2663 οὐδὲν
663 2608 979 2681 διαφέρουσι
1019 2609 1115 2664 τοῦ
1150 2610 1332 2665 κοινοῦ
1367 2610 1485 2682 βίου
1510 2626 1528 2645 ο
1572 2610 1635 2664 οὐ
1669 2610 1833 2680 μόνον
1854 2612 1922 2682 τῇ

337 2699 538 2772 γαστρὶ
586 2698 659 2753 τά
687 2698 825 2774 πρὸς
852 2700 1045 2772 ἡδονὴν
1090 2701 1479 2772 χαριζόμενοι,
1537 2700 1676 2755 ἀλλά
1707 2701 1926 2771 γυναιξὶ

338 2791 483 2845 κατὰ
516 2789 579 2845 τὸ
611 2791 846 2864 φανερὸν
888 2792 1285 2857 συνοικοῦντες,
1332 2795 1427 2847 καὶ
1457 2792 1791 2865 ἀδελφότητα
1822 2794 1925 2866 τὴν

336 2881 596 2954 τοιαύτην
631 2883 936 2955 συμϐίωσιν
966 2884 1345 2956 ὀνομάζοντες,
1383 2885 1459 2950 ὡς
1487 2884 1551 2956 δὴ
1579 2886 1680 2958 τὴν
1705 2886 1841 2957 πρὸς
1864 2884 1926 2940 τὸ

338 2980 518 3051 χεῖρον
538 2976 796 3031 ὑπόνοιαν
816 2976 1044 3049 ὀνόματι
1065 2977 1377 3049 σεμνοτέρῳ
1400 2977 1922 3052 περικαλύπτοντες.

337 3070 416 3125 Δι’
459 3063 536 3124 ὧν
583 3069 681 3126 καὶ
728 3069 937 3139 σφόδρα
978 3068 1040 3122 τὸ
1071 3068 1263 3141 σεμνὸν
1307 3068 1467 3123 τοῦτο
1542 3071 1638 3124 καὶ
1684 3070 1926 3143 καθαρὸν

336 3162 677 3236 ἐπιτήδευμα
704 3161 1105 3234 βλασφημεῖται
1129 3160 1282 3232 παρά
1304 3160 1417 3213 τῶν
1445 3159 1666 3226 ἔξωθεν,

2037 1887 2313 1960 Sapientia
2340 1893 2521 1947 vocati
2555 1902 2685 1949 sunt
2713 1912 2727 1949 :
2756 1896 2852 1966 qui
2882 1911 3013 1952 suas
3047 1898 3172 1952 vias
3200 1899 3377 1968 spinis
3409 1907 3622 1956 strave-

2033 1989 2206 2049 runt;
2237 1982 2329 2052 qui
2367 1983 2515 2037 illam
2548 1985 2615 2039 ad
2650 1986 3034 2041 mandatorum
3073 1987 3169 2043 Dei
3194 2004 3359 2059 opera
3392 2005 3622 2061 propen-

2033 2071 2267 2138 sionem,
2332 2075 2531 2129 aninue
2576 2076 2969 2132 existimarunt
3018 2079 3457 2149 detrimentum;
3524 2083 3617 2152 qui

2032 2164 2409 2233 apostolorum
2451 2176 2720 2236 praecepta
2768 2168 3206 2239 traditioncsque
3253 2171 3617 2241 abrogarunt,

2032 2270 2135 2309 nec
2163 2271 2265 2311 suo
2289 2271 2431 2326 pane
2464 2258 2692 2314 honeste
2721 2270 3056 2325 vescuntur,
3095 2261 3194 2317 sed
3250 2262 3319 2317 ad
3373 2263 3615 2319 alienum

2033 2347 2344 2412 intendunt,
2375 2365 2499 2404 cum
2530 2350 2751 2407 vivendi
2771 2359 2947 2407 artem
2972 2352 3025 2407 in
3050 2352 3266 2409 desidia
3292 2354 3619 2426 ignaviaque

2036 2446 2235 2509 ponant
2269 2457 2282 2494 :
2316 2442 2461 2497 unde
2508 2444 2877 2499 somniatorcs
2922 2453 3075 2508 sunt,
3122 2446 3217 2515 qui
3272 2448 3615 2503 somniorum

2030 2526 2382 2599 deceptiones
2430 2531 2827 2600 probabiliores
2876 2532 3124 2603 faciunt,
3171 2551 3334 2606 quam
3383 2552 3618 2609 cvange-

2031 2617 2137 2673 lica
2184 2628 2485 2691 praicepta,
2536 2624 3012 2694 revelationesque
3058 2628 3276 2696 species
3324 2642 3509 2683 rerum
3560 2630 3620 2685 iu

2031 2713 2245 2767 somnis
2274 2712 2488 2769 oblatas
2516 2723 2749 2785 putant:
2776 2716 2845 2771 ab
2873 2716 2959 2772 his
2990 2718 3267 2773 exsistunt
3298 2720 3392 2788 qui
3423 2719 3624 2774 domus

2031 2798 2463 2870 ingrediuntur:
2498 2818 2811 2874 rursusque
2836 2805 2931 2858 alii
2965 2806 3057 2875 qui
3111 2806 3406 2860 immanem
3441 2818 3495 2861 et
3534 2806 3615 2861 fc—

2029 2906 2146 2945 ram
2180 2892 2437 2948 virtutem
2467 2894 2789 2964 opinantur,
2821 2895 3251 2967 dilectionisque
3283 2906 3616 2968 praeceptum

2029 2982 2302 3054 ignorant,
2333 2999 2510 3055 neque
2550 2985 2943 3053 beneficentiae,
2989 3003 3167 3058 neque
3222 2988 3391 3042 animi
3426 2988 3616 3042 mode-

2028 3075 2149 3130 stia:
2187 3074 2429 3130 fructum
2466 3085 2828 3148 cognoscunt.
2859 3079 2929 3133 At
2963 3094 3099 3134 sane
3126 3080 3254 3150 quis
3290 3095 3484 3135 omnes
3511 3079 3611 3134 hu.

2028 3164 2273 3234 jusmodi
2325 3181 2491 3222 casus
2555 3169 3052 3241 prolapsionesqne
3102 3181 3495 3240 percurreret,
3556 3171 3617 3224 in

336 3272 477 3327 quos
506 3256 708 3328 aliquis
744 3256 941 3324 fertur,
973 3271 1099 3312 cum
1134 3254 1201 3309 ad
1231 3270 1327 3310 eos
1356 3270 1415 3311 se
1444 3254 1699 3311 conferre
1729 3264 1969 3324 recusat,
2006 3259 2099 3330 qui
2135 3259 2246 3315 Deo
2280 3260 2491 3330 probati
2526 3262 2699 3317 sunt?
2723 3261 3095 3334 Cognovimus
3123 3264 3268 3319 enim
3296 3280 3399 3319 nos
3431 3280 3497 3320 ex
3529 3264 3621 3321 his

335 3349 650 3417 nonnullos,
679 3349 774 3421 qui
806 3349 1001 3404 famem
1025 3363 1199 3419 usque
1227 3346 1294 3402 ad
1332 3340 1542 3402 obitum
1577 3348 1848 3419 patienter
1878 3349 2149 3416 tulerunt,
2184 3352 2344 3422 quasi
2369 3352 2455 3408 his
2475 3354 2765 3411 sacrificiis
2804 3356 3053 3426 placetur
3086 3354 3270 3411 Deus:
3303 3371 3618 3426 rursusque

334 3440 495 3505 alios.
542 3442 633 3512 qui
667 3441 827 3512 quasi
852 3456 884 3496 e
922 3442 1147 3513 regione
1193 3438 1428 3508 oppositi
1479 3439 1548 3493 ad
1583 3438 1920 3495 contrariam
1958 3456 2073 3497 rem
2109 3457 2171 3498 se
2198 3440 2594 3510 adjunxerunt,
2642 3444 2975 3515 nomineque
3001 3445 3269 3501 duntaxat
3296 3445 3610 3500 cazlibatum

335 3537 678 3607 profitentes,
714 3549 745 3588 a
775 3536 1054 3589 communi
1083 3533 1300 3589 vivendi
1329 3531 1733 3589 consuetudine
1758 3546 1871 3587 non
1908 3532 2069 3604 longe
2114 3536 2317 3592 absunt
2342 3578 2357 3602 ,
2402 3546 2592 3609 utpote
2630 3539 2723 3608 qui
2754 3554 2864 3593 non
2900 3540 3107 3595 ventris
3136 3540 3312 3594 solum
3341 3540 3614 3609 voluptati

337 3629 679 3701 indulgeant,
715 3627 813 3684 sed
845 3628 1011 3684 etiam
1041 3643 1167 3684 cum
1214 3611 1434 3684 feminis
1470 3634 1659 3697 aperte
1695 3626 2046 3685 contubernii
2096 3613 2416 3688 societatem
2462 3634 2736 3690 habeant:
2767 3635 3019 3704 hancque
3036 3650 3160 3690 cum
3190 3634 3261 3689 iis
3287 3633 3613 3689 familiarem

334 3726 551 3781 vivendi
595 3724 1049 3781 consuetudinem
1096 3725 1349 3781 fraterna:
1384 3728 1731 3797 cognationis
1773 3728 1995 3783 nomine
2042 3729 2351 3798 appellant,
2404 3746 2604 3801 nempe
2640 3730 2942 3787 honestiori
2981 3733 3204 3788 nomine
3232 3747 3391 3788 suam
3418 3734 3613 3787 occul-

334 3827 516 3885 tantes
544 3826 808 3883 mentem,
831 3831 954 3889 quae
981 3816 1048 3872 ad
1094 3816 1278 3887 pejora
1307 3820 1568 3889 proclivis
1609 3829 1714 3877 est.
1740 3822 1919 3893 Atque
1957 3818 2028 3875 ab
2055 3818 2141 3876 his
2172 3820 2392 3892 quidem
2440 3836 2607 3894 grave
2637 3820 2745 3878 hoc
2778 3822 3074 3879 admodum
3102 3838 3415 3896 purumque
3445 3823 3622 3895 virgi-

333 3917 522 3976 uitatis
550 3913 794 3970 studium
827 3913 1171 3984 vituperatur
1209 3915 1351 3987 apud
1389 3914 1639 3987 gentiles.

909 4027 1166 4090 ΚΕΦΑΛ.
1204 4027 1334 4084 KA'.

2592 4019 2827 4079 CAPUT
2849 4018 3041 4078 XXIV.

334 4146 466 4203 Ὅτι
509 4142 625 4215 χρὴ
674 4142 785 4198 τὸν
829 4142 947 4210 τὴν
987 4142 1308 4218 ,ἀκρίϐειαν
1358 4142 1466 4218 τοῦ
1513 4143 1661 4207 ,βίου
1706 4131 1922 4218 μαθέ-ιν

2030 4134 2137 4201 Qui
2166 4143 2475 4218 accuratam
2521 4133 2658 4216 lianc
2697 4135 3108 4218 vim-“rationem
3147 4137 3357 4205 assequi
3402 4137 3540 4207 vult,
3576 4156 3622 4197 ar.

396 4204 804 4281 βοιῖὶόίιενον,
852 4204 1010 4283 παρὰ
1046 4204 1154 4269 ioc
1207 4204 1723 4283 κατορθώσαντος-⁷
1751 4212 1919 4267 διδά-

2293 4206 2529 4274 perfecto
2563 4205 2675 4259 viro
2703 4204 2982 4259 erudiatur
3020 4222 3229 4259 necesse
3250 4204 3351 4261 est.

403 4290 685 4343 σκεσθαι.

403 4378 614 4433 Ούκοῦν
657 4376 933 4442 λυσιτελὲς
979 4377 1045 4430 ἂν
1083 4375 1170 4448 εἴη
1222 4375 1296 4448 μὴ
1351 4374 1661 4447 νομοθετεῖν
1706 4376 1918 4440 ἑαυτοῖς

2099 4363 2248 4419 Utile
2294 4363 2463 4434 igitur
2513 4370 2599 4419 est
2651 4361 3031 4419 adolescentes
3094 4362 3261 4433 hujus
3314 4365 3421 4420 sibi
3482 4366 3619 4425 vita

332 4471 458 4536 τοὺς
490 4471 645 4535 νέους
688 4470 788 4543 τὴν
816 4468 908 4524 τοῦ
942 4469 1057 4540 βίον
1092 4468 1283 4523 τούτου
1330 4467 1468 4522 ὁδόν·
1509 4468 1573 4521 ού
1602 4467 1710 4539 γὰρ
1740 4467 1915 4521 ἐπιλέ-

2029 4455 2249 4511 modum
2278 4469 2388 4509 non
2421 4455 2801 4525 prmscribere.
2825 4455 3085 4525 quoniam
3113 4465 3303 4510 nostra
3337 4456 3451 4512 haec
3470 4466 3620 4515 retas.

333 4566 487 4619 λοιπε
507 4565 606 4637 τὴν
637 4563 781 4635 ζωὴν
811 4564 843 4633 ἡ
852 4562 967 4634 μῶν
993 4562 1063 4617 τὰ
1099 4562 1207 4617 τῶν
1234 4561 1455 4632 ἀγαθῶν
1498 4561 1870 4631 ὑποδείγματα
1898 4577 1914 4591 ο

2029 4549 2299 4604 bonorum
2333 4549 2600 4618 exemplis
2624 4548 2866 4603 abundat
2893 4568 2907 4604 :
2933 4549 3065 4619 qttin
3090 4550 3253 4605 etiam
3280 4550 3327 4605 si
3364 4566 3615 4622 unquam.

334 4656 471 4713 ἀλλὰ
504 4658 598 4711 καὶ
628 4657 835 4728 σφόδρα
864 4654 982 4717 νῦν,
1017 4656 1175 4724 εἴπερ
1205 4655 1338 4707 ποτὲ
1365 4693 1380 4720 ,
1441 4655 1475 4724 ἡ
1516 4652 1780 4724 σεμνότης
1817 4652 1914 4722 ἦν·

2029 4645 2180 4707 alias,
2209 4659 2422 4698 morum
2446 4643 2688 4714 gravitas
2717 4643 2819 4697 hoc
2850 4651 3095 4714 tempore
3131 4642 3311 4708 ﬂoret,
3346 4654 3510 4715 atque
3547 4646 3615 4700 in

338 4746 494 4817 θησε,
533 4748 627 4799 καὶ
651 4745 1000 4817 ἐπιχωριάζει
1033 4744 1110 4815 τῷ
1144 4743 1243 4816 βίῳ
1271 4743 1449 4815 ήμῶν,
1490 4743 1625 4814 πρὸς
1657 4742 1718 4796 τὸ
1750 4741 1917 4814 ἀκρό-

337 4852 495 4890 τατον
518 4837 637 4899 ταῖς
671 4836 790 4891 κατ’
815 4834 992 4903 ὀλίγον
1038 4834 1381 4905 προσθήκαις
1412 4831 1813 4903 ἀκριϐωθεῖσα·
1846 4826 1914 4902 ἦς

335 4926 510 4991 ἔξεστι
552 4927 844 4996 μετασχεῖν
876 4925 968 4977 τὸν
1022 4928 1132 4989 τοῖς
1163 4924 1425 4988 τοιούτοις
1455 4925 1626 4996 ἴχνεσι
1675 4940 1914 4995 περιπα-

334 5018 565 5082 τοῦντα,
614 5017 839 5088 καὶτῆς
874 5016 1051 5089 ὀσμῆς
1082 5016 1175 5071 τοῦ
1227 5015 1403 5090 μύρου
1449 5016 1640 5070 τούτου
1680 5016 1917 5069 κατόπιν

335 5108 616 5180 ἑπόμενον,
648 5110 747 5180 τῆς
782 5108 1010 5171 εὐωδίας
1050 5108 1145 5163 τοῦ
1171 5108 1407 5181 Χριστοῦ
1440 5106 1913 5179 ἀναπίμπλασθαι.

336 5197 603 5270 Καθάπερ
630 5198 741 5270 γὰρ
762 5200 890 5269 μιᾶς
909 5199 1238 5272 ὲξαφθείσης
1268 5199 1571 5271 λαμπάδος,
1603 5201 1682 5264 είς
1705 5199 1915 5262 πάντας

333 5289 460 5354 τοὺς
490 5290 955 5362 προσεγγίζοντας
994 5291 1221 5363 λύχνους
1247 5294 1281 5363 ἡ
1321 5291 1423 5361 τῆς
1452 5292 1650 5361 φλογὸς
1680 5291 1915 5354 διάδοσις

336 5382 569 5450 γίνεται,
600 5382 724 5439 οὔτε
765 5383 859 5438 τοῦ
891 5384 1111 5457 πρώτου
1152 5384 1329 5456 φωτὸς
1367 5385 1789 5456 ἐλαττουμένου,
1820 5384 1917 5438 καὶ

333 5477 446 5538 τοῖς
495 5475 584 5529 διὰ
637 5477 994 5549 μεταλήψεως
1041 5476 1433 5550 φωτιζομένοις
1485 5478 1627 5533 κατά
1681 5478 1744 5533 τὺ
1800 5477 1917 5531 ἴσον

334 5569 762 5640 προσγινομένου
787 5582 803 5597 ⁸
839 5569 981 5627 οὓτω
1007 5572 1100 5627 καὶ
1150 5573 1184 5645 ή
1220 5573 1314 5627 τοῦ
1345 5571 1463 5645 βίου
1501 5571 1693 5630 τούτου
1724 5571 1915 5647 σεμνό-

413 5740 455 5772 *τ
479 5740 652 5799 Eettlc.
686 5760 744 5805 tu
794 5748 878 5805 ιο.

2022 4737 2133 4791 vita
2162 4744 2436 4801 versatur,
2478 4736 2739 4804 paulatim
2779 4736 2853 4789 ita
2895 4744 3055 4790 aucta
3089 4743 3150 4789 ut
3200 4735 3270 4791 ad
3324 4749 3605 4791 summum

2025 4831 2357 4899 pervenerit.
2398 4828 2572 4898 Cujus
2618 4828 2838 4898 quidem
2876 4842 3090 4881 morum
3135 4826 3444 4882 sanctitatis
3487 4826 3607 4881 ﬁeri

2024 4922 2345 4993 participem
2402 4922 2451 4976 ei
2507 4921 2798 4991 contingit,
2841 4920 3029 4991 quiin
3085 4918 3261 4989 ipsius
3320 4918 3611 4973 curriculo

2023 5014 2249 5085 vestigia
2282 5012 2583 5084 imprimit:
2610 5012 2762 5066 illum
2788 5019 2991 5074 autem,
3019 5010 3112 5079 qui
3142 5008 3308 5077 hujus
3336 5009 3604 5079 unguenti

2024 5107 2249 5162 odorem
2279 5114 2501 5160 secutus
2525 5104 2615 5168 sit,
2638 5104 2844 5173 optimo
2871 5099 3002 5155 Iesu
3032 5101 3237 5155 Christi
3269 5099 3441 5154 odore
3470 5115 3604 5170 pera

2024 5199 2196 5254 fundi.
2229 5197 2297 5253 Ut
2329 5198 2499 5263 enim,
2528 5196 2781 5267 lampade
2811 5208 2918 5248 una
2952 5207 3207 5258 acrensa,
3253 5193 3307 5247 iu
3354 5192 3606 5261 reliquas

2022 5308 2213 5349 omnes
2274 5291 2615 5363 propinquas
2688 5289 2943 5344 lucernas
3012 5286 3231 5342 ﬂamma
3298 5286 3600 5350 derivatur,

2020 5401 2199 5457 neque
2230 5393 2411 5439 tamen
2462 5383 2673 5455 primus
2722 5381 2866 5452 ignis
2924 5380 3290 5444 imminuitur,
3323 5380 3428 5436 etsi
3474 5393 3607 5433 cum

2020 5479 2090 5535 iis
2118 5477 2402 5548 aequaliter
2432 5475 2773 5546 adjungitur,
2800 5472 2896 5544 qui
2937 5487 3003 5527 ex
3044 5473 3135 5527 illa
3172 5470 3400 5526 luminis
3448 5470 3603 5525 deri-

2019 5571 2241 5628 vatione
2282 5571 2542 5627 elucent:
2576 5569 2655 5624 ita
2684 5566 2855 5639 hujus
2876 5566 3006 5625 vitae
3030 5566 3282 5637 gravitas
3305 5564 3375 5621 ab
3401 5579 3468 5620 eo
3504 5562 3603 5634 qui
