4124 6352
510 295 611 354 811

1759 301 1817 357 s.
1853 299 2180 359 cnscomt
2215 258 2497 358 Missam

3684 300 3787 361 "9.

509 415 659 472 illam
692 421 847 470 recte
870 413 1102 488 peregit,
1133 415 1188 470 in
1227 430 1324 472 eos
1362 414 1666 484 derivatur,
1711 419 1806 490 qui
1855 420 2082 490 proximi

2196 437 2296 490 της
2329 419 2437 473 ἀπὸ
2478 416 2572 472 τοῦ
2603 418 3028 492 κατωρθωκότος
3073 418 3244 492 αὐτὴν
3277 413 3370 480 ἐπὶ
3399 417 3525 488 τοῦς
3549 441 3786 498 προσεγ.

508 515 660 564 sunt.
707 505 885 564 Verus
923 516 1009 563 est
1053 509 1203 564 enim
1247 508 1296 563 is
1331 507 1618 581 Propheta:
1659 525 1846 569 sermo
1872 513 1913 544 ³⁸
1946 509 2091 578 :Qui

506 613 638 654 cum
671 605 866 653 sancto
887 605 944 654 et
978 598 1262 654 innocenti
1292 597 1517 654 homine
1547 601 1879 672 egregioque
1907 616 2095 674 versa-

507 699 618 755 tur,
653 690 822 746 taleni
848 705 1299 762 unumquemque
1338 690 1478 748 ﬁeri.
1523 691 1622 748 Sin
1676 701 1859 749 autem
1913 693 2089 749 docu—

507 791 693 838 menta
719 781 942 853 quaeris,
973 782 1209 853 quarum
1243 783 1502 854 praesidio
1538 797 1650 838 non
1689 783 1818 839 licet
1851 783 1921 838 ab
1944 783 2092 855 opti-

507 887 598 928 mo
629 873 888 944 exemplo,
935 873 1214 942 aberrare,
1249 873 1431 930 facilis
1483 873 1598 930 haec
1636 881 1722 930 est
1756 875 2088 946 explicatio;

505 978 636 1019 nam
682 964 729 1020 si
779 963 1022 1020 hominis
1067 964 1236 1019 vitam
1290 965 1591 1036 perspicis,
1639 980 1761 1036 qua:
1807 966 1863 1020 in
1911 965 2092 1022 medio

506 1054 702 1111 mortis
731 1061 786 1110 et
811 1055 940 1112 vitae
969 1070 1138 1112 cursu
1179 1056 1284 1122 sit,
1317 1057 1578 1128 quodque
1617 1057 1877 1129 utrinque
1911 1065 1998 1113 est
2023 1058 2090 1114 ad

505 1149 787 1220 sapientia:
814 1150 1057 1208 studium
1089 1151 1222 1207 utile
1251 1150 1477 1224 deligat,
1533 1160 1593 1207 nt
1628 1169 1806 1224 neque
1844 1153 1990 1224 quod
2033 1155 2091 1209 in

504 1244 684 1294 morte
717 1245 803 1295 est
835 1239 1071 1296 actionis
1098 1255 1300 1312 expers
1335 1251 1392 1297 et
1421 1241 1661 1298 otiosum
1690 1245 1746 1298 in
1772 1243 1960 1300 studio
1993 1259 2090 1299 ex-

505 1329 772 1398 sequendi
808 1329 1068 1386 mandata
1089 1332 1146 1387 in
1180 1348 1240 1388 se
1271 1333 1524 1404 recipiat,
1559 1350 1737 1405 neque
1779 1336 1834 1390 in
1869 1336 2087 1392 vivendi

505 1427 653 1475 statu
685 1422 847 1491 pleno
883 1423 1057 1492 gradu
1090 1423 1332 1489 incedat,
1361 1424 1510 1496 quod
1536 1440 1568 1480 a
1602 1426 1961 1484 saecularibus
1991 1443 2090 1482 cu-

504 1511 832 1581 piditatibus
869 1515 942 1571 sit
983 1515 1222 1582 alienus,
1258 1517 1313 1572 in
1344 1518 1548 1589 quibus
1589 1520 1777 1576 carnis
1833 1519 1943 1575 vita
1992 1521 2083 1576 de-

504 1604 897 1674 prehendatur,
929 1607 986 1662 in
1018 1607 1105 1665 his
1136 1610 1320 1665 minus
1363 1619 1488 1681 agat
1515 1626 1682 1682 quam
1725 1613 1924 1668 mortui
1954 1630 1970 1681 ;
2020 1613 2088 1668 ad

503 1696 725 1754 virtutis
769 1707 953 1756 autem
1000 1715 1189 1771 opera,
1224 1717 1290 1758 ex
1333 1702 1537 1774 quibus
1572 1705 1666 1775 qui
1715 1714 1844 1761 sunt
1890 1706 2086 1776 spiritu

502 1793 779 1851 ferventes
813 1808 1224 1867 agnoscuntur,
1281 1815 1412 1856 vere
1465 1800 1767 1857 animatum
1810 1809 1867 1858 et
1901 1802 2087 1859 efﬁca-

501 1900 622 1940 cem
649 1895 704 1940 et
729 1887 1002 1944 valentem
1035 1905 1094 1945 se
1122 1891 1362 1960 praabeat
1388 1909 1401 1946 :
1429 1891 1577 1947 hunc
1611 1908 1744 1948 sane
1770 1895 1946 1948 virum
1981 1905 2086 1950 tua:

504 1976 630 2030 vitae
661 1978 928 2032 amussim
959 1981 1175 2036 intuere
1203 1998 1215 2034 :
1247 1981 1338 2035 hic
1368 1982 1466 2036 tibi
1491 1982 1692 2038 divinae
1729 1984 1856 2040 vitae
1884 2000 2086 2056 scopns

501 2067 575 2121 sit
641 2067 980 2138 propositus,
1035 2077 1097 2125 ut
1150 2073 1650 2143 gubernatoribus,
1701 2090 1823 2146 qua:
1873 2092 2088 2146 semper

501 2168 770 2228 apparent
798 2160 1004 2216 stellae:
1032 2161 1197 2232 hujus
1219 2171 1272 2218 et
1305 2173 1645 2222 senectutem
1677 2175 1732 2222 et
1773 2167 2088 2222 adolescen-

500 2250 634 2304 tiam
667 2250 885 2307 imitare
907 2291 924 2316 ,
965 2252 1051 2308 vel
1080 2255 1263 2325 potius
1291 2255 1457 2326 hujus
1491 2256 1546 2311 in
1586 2257 1952 2314 adolescentia
1995 2275 2086 2314 se-

499 2348 798 2408 nectutem,
823 2352 1125 2415 contraque
1154 2346 1211 2401 in
1243 2346 1474 2402 decursa
1514 2355 1672 2404 aetate
1702 2349 1851 2404 illius
1900 2351 2086 2405 adole-

498 2433 763 2487 scentiam
817 2435 1022 2490 imitari
1073 2435 1280 2504 debes;
1340 2454 1517 2508 neque
1563 2441 1710 2494 enim
1756 2441 1877 2510 ejus
1919 2442 2085 2496 animi

497 2526 754 2581 virtutem
787 2541 1124 2600 cursumque
1157 2529 1576 2600 ingravescente
1604 2532 1717 2601 jam
1743 2541 1904 2588 astate
1951 2541 2087 2587 tem-

497 2633 602 2689 pus
633 2620 908 2684 restinxit,
935 2637 1112 2692 neque
1133 2621 1298 2693 hujus
1329 2622 1698 2680 adolescentia
1735 2624 1789 2678 in
1820 2625 1888 2680 iis
1919 2625 2084 2681 rebus

493 2719 723 2766 actuosa
759 2697 961 2777 fuit,'in
986 2712 1188 2782 quibus
1223 2713 1616 2780 adolescentia,
1642 2715 1772 2786 quia
1809 2723 2080 2780 versatur,

493 2802 883 2871 cognoscitur;
938 2803 1033 2857 sed
1057 2803 1112 2857 in
1163 2811 1397 2874 utraque
1447 2803 1596 2860 illius
1636 2813 1795 2861 :rtate
1835 2807 2082 2878 quaedam

495 2893 598 2947 fuit
663 2895 1068 2950 contrariarum
1113 2909 1299 2950 rerum
1371 2896 1714 2967 temperatio,
1763 2899 1846 2954 vel
1903 2898 2086 2969 potius

495 2988 676 3058 aliqua
701 2989 1098 3059 proprietatum
1130 2991 1481 3061 permutatio,
1515 3000 1700 3061 utpote
1727 3005 1852 3047 cum
1889 2992 1958 3047 ad
1990 2993 2088 3048 bo-

2195 511 2446 579 γίζοντας
2472 509 2792 565 διαδίδοται*
2814 510 3022 584 ἀληθὴς
3049 511 3160 583 γάρ
3182 513 3212 566 ὁ
3239 514 3577 585 προφητικδς
3602 516 3780 587 λόγος,

2195 601 2284 654 τὸν
2318 600 2459 671 μετὰ
2493 600 2644 656 ὁσίου
2687 602 2782 657 καὶ
2833 601 3012 656 ἀθώου
3064 605 3161 658 καὶ
3193 603 3450 661 ὲκλεκτοῢ
3500 607 3780 678 διάγοντα,

2195 688 2433 744 τοιοῦτον
2469 689 2736 759 γίνεσθαι.
2763 691 2828 744 El
2859 691 2915 745 δὲ
2935 691 3128 763 ζητεῖς
3161 693 3230 747 τά
3275 697 3667 768 γνωρίσματα,
3711 702 3780 755 δι’

2194 779 2269 834 ὧν
2312 780 2413 834 οὐκ
2453 779 2600 836 ἔστιν
2644 782 2908 855 ἁμαρτεῖν
2946 783 3040 837 τοῦ
3092 784 3298 861 ἀγαθοῦ
3352 786 3778 860 ύποδείγματος,

2193 871 2415 938 εὔκολος
2441 874 2474 945 ἡ
2509 875 2824 947 ύπογραφή.
2856 876 2983 931 Ἐἀν
3027 875 3142 950 ἴδῃς
3176 878 3290 949 βίον
3315 879 3508 953 ἀνδρὸς
3538 883 3598 938 ἐν
3631 883 3782 957 μέσῳ

2193 963 2426 1020 θανάτου
2467 967 2562 1020 καὶ
2596 966 2740 1038 ζωῆς
2789 967 3000 1022 ἑστῶτα
3037 969 3098 1023 τὸ
3137 971 3479 1044 ἑκατέρωθεν
3511 975 3780 1046 χρήσιμον

2193 1057 2272 1120 είς
2301 1056 2619 1127 φιλοσοφίαν
2669 1058 3031 1130 αἱρούμενον,
3080 1058 3206 1114 οὔτε
3253 1061 3316 1114 τὸ
3350 1062 3628 1134 ἄπρακτον
3683 1064 3779 1118 τοῦ

2194 1149 2426 1206 θανάτου
2455 1150 2886 1222 καταδεχόμενον
2917 1152 2977 1205 ὲν
3006 1154 3072 1224 τῇ
3111 1152 3243 1224 περὶ
3273 1151 3373 1217 τάς
3401 1153 3620 1218 ὲντολάς
3641 1171 3780 1226 προσ

2193 1244 2379 1316 θυμία,
2412 1241 2535 1297 οὔτε
2557 1243 2762 1315 ὅλῳτῷ
2797 1243 2919 1298 ποδὶ⁸
2962 1245 3055 1298 ἐπὶ
3097 1245 3196 1314 τῆς
3229 1244 3373 1316 ζωῆς
3400 1245 3668 1318 βεϐηκότα
3691 1247 3781 1301 διὰ

2189 1338 2290 1408 τὴν
2317 1336 2426 1391 τῶν
2449 1335 2728 1408 κοσμικῶν
2757 1336 3060 1408 ἐπιθυμιῶν
3089 1337 3461 1409 ἀλλοτρίωσιν,
3487 1339 3546 1392 ἐν
3566 1335 3648 1404 οἷς
3679 1340 3780 1412 μὲν

2194 1429 2393 1499 σαρκὸς
2426 1428 2540 1500 ζωὴ
2565 1428 2911 1500 δοκιμάζεται
2935 1467 2951 1493 ,
2997 1427 3107 1483 τῶν
3137 1429 3348 1500 νεκρῶν
3372 1430 3780 1503 ἀπρακτότερον

2193 1519 2422 1592 μένοντα
2442 1560 2458 1585 ,
2481 1518 2618 1588 πρὸς
2645 1517 2702 1571 δὲ
2729 1517 2796 1570 τά
2824 1518 2922 1588 τῆς
2971 1516 3176 1588 ἀρετῆς
3219 1517 3378 1588 ἔργα,
3406 1517 3474 1572 δι’
3501 1512 3578 1573 ὧν
3618 1521 3667 1572 οἱ
3701 1520 3780 1591 τῷ

2191 1608 2460 1679 πνεύματι
2514 1607 2712 1672 ζῶντες
2757 1607 3207 1676 ὲπιγινώσκονται
3231 1645 3246 1671 ,
3278 1605 3494 1678 ἀληθῶς
3537 1607 3779 1679 ἔμψυχον

2191 1700 2285 1755 καὶ
2306 1700 2523 1771 ἐνεργὸν
2554 1700 2646 1754 καὶ
2677 1699 2950 1770 ἰσχύοντα,
2983 1698 3121 1770 πρὸς
3150 1696 3340 1752 τοῦτον
3371 1699 3536 1770 βλέπε
3563 1701 3652 1754 τὸν
3688 1717 3779 1754 κα·

2193 1792 2317 1847 νόνα
2361 1791 2456 1845 τοῦ
2507 1791 2660 1862 βίου·
2705 1786 2859 1855 οὗτος
2913 1791 3054 1845 ἔστω
3107 1808 3188 1845 σοι
3225 1791 3426 1856 σκοπὸς
3477 1792 3579 1863 τῆς
3629 1791 3777 1858 θείας

2192 1883 2376 1956 ζωῆς,
2407 1882 2658 1954 καθάπερ
2701 1886 2812 1947 τοῖς
2857 1883 3217 1955 κυϐερνήταις
3268 1885 3316 1938 οἱ
3363 1885 3640 1954 ἀειφανεῖς
3671 1887 3778 1940 τῶν

2191 1976 2434 2048 ἀστέρων
2455 2018 2468 2042 ,
2505 1977 2741 2048 μίμησαι
2771 1976 2960 2030 τούτου
2988 1977 3081 2030 καὶ
3112 1976 3302 2031 πολιάν
3325 2020 3340 2045 ,
3375 1979 3470 2032 καὶ
3509 1979 3738 2049 νεότητα
3761 1999 3775 2012 ·

2194 2068 2394 2140 μᾶλλον
2419 2068 2476 2122 δὲ
2511 2069 2750 2140 μίμησαι
2776 2069 2938 2123 αὐτοῦ
2971 2069 3030 2123 τὸ
3058 2071 3115 2123 ὲν
3149 2071 3418 2142 μειρακίῳ
3438 2071 3614 2142 γῆρας
3639 2114 3652 2137 ,
3686 2073 3781 2128 καὶ

2189 2161 2288 2232 τὴν
2325 2161 2383 2215 ὲν
2418 2159 2496 2233 τῷ
2520 2163 2667 2232 γήρᾳ
2698 2161 2927 2231 νεότητα
2949 2179 2964 2193 ’
2996 2160 3121 2215 οὔτε
3143 2162 3249 2234 γὰρ
3289 2161 3350 2216 τὸ
3378 2163 3658 2234 ῥωμαλέον
3681 2165 3780 2227 αύ-

2189 2252 2282 2305 τοῦ
2312 2252 2411 2322 τῆς
2440 2253 2618 2322 ψυχῆς
2649 2251 2976 2324 δραστήριον
3023 2253 3123 2325 ἡδη
3161 2253 3297 2324 πρὸς
3347 2255 3523 2324 γῆρας
3567 2256 3781 2310 ἐπικλιο

2191 2342 2376 2410 θείσης
2400 2343 2498 2415 τῆς
2523 2343 2738 2415 ἡλικίας
2762 2344 2790 2397 ὁ
2818 2344 3006 2418 χρόνος
3035 2345 3365 2416 ἠμαύρωσεν
3385 2384 3400 2409 ,
3427 2343 3551 2399 οὔτε
3585 2347 3619 2417 ἡ
3661 2347 3778 2400 νεό-

2187 2451 2287 2506 της
2315 2435 2542 2507 ἐνεργὴς
2579 2431 2647 2507 ἦν
2693 2437 2752 2490 ὲν
2785 2429 2866 2499 οἷς
2917 2435 3104 2508 νεότης
3129 2435 3354 2507 ἐνεργὴς
3409 2436 3733 2508 γνωρίζεται
3760 2456 3774 2469 ο

2189 2527 2325 2582 ἀλλά
2353 2545 2435 2592 τις
2456 2524 2524 2600 ἦν
2551 2528 2698 2600 μίξις
2725 2528 3015 2601 θαυμαστὴ
3039 2529 3148 2582 τῶν
3169 2529 3427 2583 ἐναντίων
3452 2531 3510 2583 έν
3539 2529 3779 2602 ἑκατέρᾳ.

2191 2620 2377 2692 ἡλικίᾳ
2399 2660 2414 2686 ,
2447 2621 2646 2691 μᾶλλον
2680 2620 2967 2691 ὑπαλλαγὴ
2999 2619 3109 2674 τῶν
3141 2620 3465 2690 ἰδιωμάτων.
3513 2619 3602 2674 Ἐν
3633 2622 3780 2692 γήρᾳ

2195 2713 2295 2786 μὲν
2346 2713 2444 2784 τῆς
2476 2713 2756 2784 δυνάμεως
2787 2712 2925 2785 πρὸς
2975 2712 3037 2766 τὸ
3087 2712 3296 2782 ἀγαθὸν
3332 2710 3628 2784 νεαζούσης
3653 2755 3667 2778 ,
3718 2714 3777 2766 ὲν

2194 2803 2463 2876 μειρακίῳ
2487 2803 2543 2857 δὲ
2571 2804 2671 2876 τῆς
2702 2803 2951 2873 νεότητος
2997 2804 3134 2874 πρὸς
3178 2801 3240 2857 τὺ
3269 2802 3437 2858 κακὸν
3466 2803 3779 2875 ἀπρακτού-

2193 2912 2312 2965 σης.
2343 2895 2408 2948 Εἰ
2435 2895 2492 2949 δὲ
2518 2896 2613 2949 καὶ
2644 2894 2770 2958 τοὺς
2797 2893 3006 2966 ἔρωτας
3033 2894 3134 2965 τῆς
3161 2895 3379 2964 ἡλικίας
3404 2894 3618 2966 ἐκείνης
3647 2895 3778 2949 ἀνα-

2191 2985 2446 3056 ζητήσεις
2464 3027 2478 3049 ,
2510 2985 2747 3055 μίμησαι
2769 2983 2828 3036 τὸ
2860 2982 3084 3054 σφοδρὸν
3115 2982 3206 3034 καὶ
3233 2981 3490 3052 διάπυρον
3513 2983 3605 3034 τοῦ
3631 2982 3774 3034 θείου

494 3093 625 3132 nutn
659 3080 930 3149 agendum
960 3089 1081 3134 acta
1115 3090 1274 3136 aetate
1311 3081 1397 3136 vis
1430 3088 1487 3136 et
1527 3091 1720 3137 natura
1751 3083 1806 3138 in
1839 3084 2082 3155 eojuve-

2188 3078 2288 3147 τῆς
2342 3076 2532 3145 σοφίας
2566 3075 2796 3147 ἔρωτος,
2830 3068 2874 3143 ᾧ
2927 3077 2992 3127 ἐκ
3046 3073 3245 3144 νηπίας
3297 3073 3644 3144 συνηυξήθη,
3681 3073 3777 3127 καὶ

494 3167 679 3224 niliter
733 3177 940 3239 posset,
999 3169 1323 3226 ﬂorescente
1373 3186 1504 3227 vero
1562 3180 1720 3230 aetate
1768 3172 1837 3228 ad
1889 3170 2084 3245 pr‘a‘vas

494 3260 740 3315 actiones
787 3260 1014 3316 minime
1053 3261 1280 3317 valeret.
1327 3261 1427 3316 Sin
1477 3270 1660 3318 autem
1709 3262 1859 3319 illius
1905 3265 2084 3321 aetatis

492 3363 708 3404 amores
747 3348 1069 3420 investigas,
1103 3357 1162 3404 tu
1186 3350 1348 3406 velim
1377 3351 1476 3406 tibi
1503 3366 1776 3422 proponas
1813 3368 2083 3408 summum

493 3439 646 3494 illum
673 3449 726 3496 et
757 3439 1060 3496 ferventem
1089 3440 1336 3497 divinum
1367 3442 1652 3512 sapientiae
1693 3459 1958 3512 amorem,
1995 3447 2082 3502 cui

492 3533 562 3588 ab
603 3532 835 3587 infantia
861 3531 1115 3588 addictus
1161 3548 1337 3603 usque
1369 3533 1437 3587 ad
1474 3543 1808 3590 senectutem
1833 3550 2086 3605 permano

493 3623 586 3678 sit.
625 3623 694 3676 At
717 3622 762 3677 si
804 3622 873 3677 ad
915 3621 1064 3677 hunc
1098 3623 1321 3678 minime
1365 3624 1616 3679 contueri
1650 3633 1836 3695 potes,
1893 3626 2083 3696 quales

493 3712 528 3766 ii
551 3713 644 3782 qui
685 3712 984 3769 inﬁrmiore
1025 3720 1156 3769 sunt
1173 3713 1460 3770 oculorum
1483 3716 1678 3771 obtutu
1705 3718 1772 3773 ad
1808 3719 2082 3790 aspicien-

491 3799 622 3854 dum
649 3800 846 3865 solem,
891 3801 945 3856 in
971 3811 1292 3858 sanctorum
1320 3804 1539 3860 illorum
1567 3806 1846 3862 hominum
1870 3810 2081 3867 intuere

491 3899 723 3954 coetum,
747 3892 842 3962 qui
870 3892 939 3948 ab
968 3907 1034 3948 eo
1062 3893 1352 3949 institutus
1377 3901 1483 3962 est,
1508 3905 1672 3966 atque
1702 3899 1825 3953 illos
1848 3900 2079 3970 imitare,

493 3983 592 4052 qui
639 3982 764 4039 vitae
821 3983 1116 4055 splendore
1171 3975 1417 4042 “lustras
1468 3985 1807 4058 singularum
1858 3998 2078 4046 aetatum

491 4077 807 4136 hominibus
839 4078 909 4134 ad
935 4078 1262 4135 imitandum
1297 4080 1570 4151 propositi
1603 4091 1752 4138 sunt.
1781 4082 1936 4139 llunc
1958 4086 2080 4140 vitae

493 4178 701 4226 nostra:
736 4184 964 4242 scopum
1000 4171 1287 4243 proposuit
1322 4171 1489 4228 Deus.
1535 4172 1685 4230 Multi
1724 4177 1774 4230 in
1822 4177 1907 4233 his
1947 4178 2078 4232 ado-

490 4249 760 4320 lescentes
816 4264 874 4318 in
927 4264 1164 4336 simplici
1221 4267 1582 4334 temperantia
1646 4282 2074 4337 consenuerunt,

489 4357 814 4428 rationeque
859 4370 985 4412 cum
1037 4366 1376 4413 senectutem
1413 4360 1817 4431 praeripuerint,
1851 4372 1906 4418 et
1955 4381 2074 4419 mo-

2191 3169 2353 3241 μέχρι
2383 3169 2570 3240 γήρως
2603 3168 2905 3239 διήρκεσεν.
2936 3167 2996 3220 El
3025 3165 3082 3218 δὲ
3120 3165 3402 3228 ἀδυνατεῖς
3446 3164 3582 3236 πρὸς
3612 3165 3777 3218 αὐτὸν

2187 3264 2321 3335 όρᾷν
2347 3301 2363 3326 ,
2412 3261 2664 3332 καθάπερ
2697 3260 2832 3330 πρὸς
2863 3257 2954 3312 τὸν
2991 3257 3141 3328 ἡλιον
3187 3258 3237 3311 οἱ
3286 3256 3412 3320 τοὺς
3464 3256 3774 3328 ὀφθαλμοὺς

2187 3353 2621 3424 ὲμπαθέστεροι·
2661 3352 2724 3404 σὺ
2774 3350 2830 3404 δὲ
2885 3347 3188 3416 ἀπόϐλεψον
3236 3348 3316 3410 είς
3356 3347 3447 3401 τὸν
3502 3345 3592 3400 ὑπ’
3627 3347 3775 3419 αύτῷ

2185 3447 2514 3517 τεταγμένον
2545 3444 2652 3498 τῶν
2678 3443 2850 3514 ἁγίων
2871 3441 3050 3513 χορὸν,
3073 3439 3200 3503 τοὺς
3228 3439 3364 3507 πρὸς
3396 3439 3626 3510 μίμησιν
3664 3439 3774 3492 τῶν

2187 3538 2307 3592 καθ’
2337 3537 2551 3608 ἡλικίαν
2601 3533 2909 3606 γενομένων
2955 3532 3034 3604 τῷ
3075 3531 3174 3604 βίῳ
3205 3531 3540 3602 λάμποντας.
3575 3531 3775 3585 Τοῦτον

2182 3630 2394 3683 τέθεικε
2478 3629 2681 3683 σκοπὸν
2742 3630 2770 3681 ό
2830 3627 2962 3691 Θεὸς
3026 3630 3097 3699 τῇ
3175 3627 3420 3699 ἡμετέρᾳ
3479 3625 3615 3698 ζωῇ.
3686 3627 3773 3679 Ἐν

2183 3715 2265 3784 οἷς
2316 3720 2498 3775 πολλοὶ
2530 3721 2652 3783 ταῖς
2701 3717 2940 3790 ἡλικίαις
2991 3717 3309 3782 νεάζοντες,
3347 3719 3405 3771 ἐν
3436 3717 3515 3789 τῷ
3548 3715 3770 3788 καθαρῷ

2182 3811 2280 3880 τῆς
2309 3808 2662 3880 σωφροσύνης
2683 3805 3079 3877 ὲπολιώθησαν.
3102 3805 3404 3880 φθάσαντες
3427 3807 3505 3878 τῷ
3526 3807 3769 3879 λογισμῷ

2180 3903 2242 3956 τὸ
2278 3901 2456 3972 γῆρας
2481 3941 2496 3964 ,
2529 3900 2621 3954 καὶ
2676 3899 2754 3970 τῷ
2800 3898 2986 3970 τρόπῳ
3015 3897 3374 3970 παρελθόντες
3416 3899 3505 3953 τὸν
3532 3899 3721 3970 χρόνον
3751 3914 3767 3930 ο

2181 3993 2231 4046 οἳ
2269 3993 2359 4046 τὸν
2388 3991 2487 4061 τῆς
2523 3989 2712 4058 σοφίας
2751 3989 2930 4061 ἔρωτα
2966 3989 3124 4060 μόνον
3169 3988 3471 4060 ἐγνώρισαν
3495 4031 3511 4056 ,
3556 3989 3654 4060 ούχ
3688 3989 3768 4042 ὅτι

2182 4084 2396 4155 φύσεως
2424 4082 2628 4154 ἑτέρως
2666 4076 2808 4150 εἶχον
2852 4082 2945 4150 (ὲν
2990 4079 3160 4133 ἅπασι
3208 4078 3316 4149 γὰρ
3348 4082 3381 4151 ἡ
3414 4079 3550 4152 σὰρξ
3582 4080 3770 4133 ἐπιθυ-

2183 4176 2275 4246 μεῖ
2293 4174 2430 4227 κατά
2451 4172 2546 4225 τοῦ
2575 4173 2884 4242 πνεύματος
2905 4175 2942 4235 ),
2965 4170 3079 4224 ἀλλ’
3110 4169 3294 4241 ἐπειδὴ
3319 4169 3497 4235 καλῶς
3528 4172 3768 4241 ἥκουσαν

2181 4264 2274 4318 τοῦ
2308 4263 2583 4327 εἰπόντος,
2615 4261 2753 4332 ὃτιὴ
2786 4259 3107 4332 σωφροσύνη
3141 4258 3294 4324 ξύλον
3323 4261 3438 4313 ἐστὶ
3460 4260 3603 4332 ζωῆς
3632 4264 3767 4316 πᾶσι

2182 4360 2294 4422 τοῖς
2330 4355 2706 4428 ἀντεχομένοις
2739 4355 2907 4426 αὐτῆς
2931 4371 2944 4384 ·
2975 4355 3068 4407 ἐπὶ
3113 4353 3305 4407 τούτου
3356 4352 3451 4407 τοῦ
3483 4353 3638 4419 ξύλου
3677 4354 3766 4409 τὸν

490 4447 644 4503 ribus
677 4450 942 4520 temporis
965 4447 1189 4506 Cursum
1221 4453 1634 4516 anteverterint,
1662 4454 1714 4508 hi
1758 4456 1937 4511 solum
1979 4473 2066 4512 sa-

2186 4450 2270 4522 τῆς
2304 4449 2449 4520 ζωῆς
2491 4449 2733 4502 κλύδωνα
2762 4447 2951 4518 ὥσπερ
2977 4445 3070 4499 ἐπὶ
3101 4445 3317 4516 σχεδίας
3341 4445 3484 4510 τινὸς
3513 4444 3766 4498 διαπλεύ-

490 4539 711 4610 pientia:
765 4554 1006 4595 amorem
1057 4549 1477 4610 cognoverunt:
1527 4558 1636 4598 non
1692 4543 1837 4613 quod
1881 4554 2075 4601 natura

489 4629 788 4686 dissimiles
807 4641 993 4686 essent
1024 4632 1119 4700 (in
1156 4633 1413 4688 omnibus
1440 4635 1586 4689 enim
1643 4649 1774 4690 caro
1809 4637 2074 4695 adversus

491 4719 748 4790 spiritum
817 4721 1158 4792 concupiscit
1181 4721 1267 4792 ²⁹),
1321 4722 1415 4778 sed
1461 4723 1719 4794 quoniam
1768 4735 1916 4780 recte
1947 4742 2072 4782 eum

385 4836 400 4850 -
491 4811 806 4876 audierunt,
837 4812 931 4882 qui
967 4822 1116 4869 recte
1142 4813 1319 4882 dixit,
1365 4813 1496 4870 Vita:
1537 4816 1744 4886 lignum
1793 4817 2071 4888 quoddam

490 4907 905 4974 temperantiam
956 4919 1077 4962 esse
1136 4907 1203 4962 iis
1241 4908 1336 4976 qui
1387 4907 1444 4962 in
1492 4907 1641 4962 illius
1707 4909 1950 4964 studium
1989 4911 2072 4965 in-

489 4995 791 5051 cumbunt:
848 4996 953 5053 hoc
1008 4998 1178 5068 ligno,
1226 4999 1384 5069 quasi
1426 5000 1550 5053 navi
1595 4999 1811 5069 aliqua,
1855 5000 1931 5055 illi
1969 5003 2070 5056 [luo

489 5097 742 5143 ctuosum
768 5089 1150 5145 adolescentiae
1181 5104 1331 5145 mare
1361 5092 1724 5161 praetervecti,
1750 5092 1817 5147 ad
1851 5104 2069 5164 portum

488 5181 688 5237 divina:
708 5183 1006 5238 voluntatis
1039 5183 1373 5255 appulerunt
1396 5203 1408 5238 :
1434 5185 1658 5255 jamque
1690 5185 1873 5241 animo
1913 5195 2068 5241 tran-

489 5274 661 5342 quillo
724 5283 894 5342 sunt,
941 5275 1118 5330 otioso
1169 5283 1336 5346 atque
1383 5277 1452 5330 ab
1489 5277 1743 5333 omnibus
1809 5277 2066 5335 ﬂuctibus

489 5373 722 5432 remoto,
778 5366 990 5438 hacque
1046 5367 1192 5422 felici
1242 5369 1594 5439 navigatione
1646 5370 1722 5425 illi
1767 5372 2067 5428 beatissimi

432 5495 440 5505 .
487 5455 732 5524 quidem,
781 5459 1038 5526 quoniam
1095 5474 1223 5514 cum
1281 5459 1335 5514 in
1391 5460 1596 5531 optima
1623 5476 1740 5532 spe,
1778 5465 1935 5532 quasi
2011 5463 2066 5518 in

2182 4559 2402 4606 σαντες,
2433 4543 2512 4604 εἰς
2537 4542 2628 4594 τὸν
2653 4540 2847 4612 λιμένα
2874 4540 2966 4593 τοῦ
3006 4539 3309 4610 θελήματος
3341 4536 3432 4590 τοῦ
3461 4535 3596 4590 Θεοῦ
3630 4537 3762 4590 καθ-

2179 4634 2554 4706 ωρμίσθησαν.
2591 4631 2700 4686 Καὶ
2745 4631 2840 4684 νῦν
2886 4632 2945 4684 ὲν
2988 4631 3141 4702 εὑδίᾳ
3177 4630 3268 4684 καὶ
3303 4629 3509 4700 γαλήνῃ
3538 4627 3636 4700 τὴν
3662 4629 3764 4699 ψυ-

2177 4727 2278 4801 χὴν
2307 4727 2618 4796 ἀκύμαντον
2656 4723 2858 4796 ἔχουσι,
2902 4724 3224 4796 μακαριστοὶ
3254 4723 3353 4794 τῆς
3399 4721 3652 4786 εύπλοῖας
3671 4738 3686 4752 ·
3711 4721 3762 4775 οἶ

2176 4820 2238 4874 τὸ
2271 4819 2390 4873 καθ’
2418 4818 2641 4881 ἑαυτοὺς
2671 4818 2763 4870 ἐπὶ
2793 4817 2890 4889 τῆς
2924 4815 3135 4888 ἀγαθῆς
3171 4813 3381 4878 ἐλπίδος
3403 4854 3419 4880 ,
3450 4812 3640 4884 ὥσπερ
3671 4812 3762 4866 ὲπί

2175 4929 2319 4976 τινος
2349 4909 2624 4980 ἀσφαλοῦς
2653 4907 2901 4982 ἀγκύρας
2937 4906 3360 4977 βεϐαιωσάμενοι
3387 4943 3401 4968 ,
3432 4904 3622 4976 πόρρω
3653 4902 3761 4957 τῶν

2175 5003 2435 5074 κυμάτων
2473 5003 2576 5067 τῆς
2611 5000 2855 5073 ταραχῆς
2892 4996 3288 5070 ἀτρεμοῦντες,
3337 4994 3588 5066 καθάπερ
3623 5010 3760 5064 πυρ-

2175 5093 2302 5158 σούς
2331 5112 2482 5158 τινας
2532 5093 2640 5147 ἀπὸ
2673 5092 2883 5163 ὑψηλῆς
2917 5091 3266 5164 φρυκτωρίας
3291 5131 3306 5155 ,
3346 5088 3445 5159 τὴν
3474 5086 3583 5141 τῶν
3614 5085 3758 5139 ἰδίων

2176 5183 2306 5256 βίων
2335 5183 2691 5255 λαμπρότητα
2731 5184 2840 5245 τοῖς
2871 5181 3154 5252 ἑπομένοις
3185 5178 3518 5249 προέθηκαν.
3546 5173 3758 5229 Οὐκοῦν

2173 5275 2369 5348 ἔχομεν
2400 5275 2534 5345 πρὸς
2581 5274 2640 5327 ὃν
2669 5273 3068 5335 ἀποϐλέποντες
3095 5269 3350 5339 ἀσφαλῶς
3391 5269 3483 5322 τὸν
3512 5266 3758 5320 κλύδωνα

2168 5369 2277 5422 τῶν
2306 5366 2624 5439 πειρασμῶν
2648 5367 2947 5435 διαφυγεῖν.
2990 5364 3055 5417 Τί
3088 5380 3176 5434 μοι
3206 5362 3680 5433 πολυπραγμονεῖς
3708 5357 3760 5409 εἰ

2168 5479 2312 5525 τινες
2359 5461 2466 5513 τῶν
2503 5459 2676 5514 ταῦτα
2730 5454 3118 5526 διανοηθέντων
3151 5452 3495 5525 ἡττήθησαν,
3530 5452 3627 5504 καὶ
3669 5448 3757 5503 διά

430 5593 432 5595 ,
490 5547 770 5604 tutissimo
807 5549 993 5621 aliquo
1036 5559 1228 5621 portu,
1284 5551 1541 5606 anchoris
1584 5552 1749 5623 jactis
1803 5569 1890 5611 res
1928 5569 2058 5611 suas

2186 5552 2324 5609 τοῦτο
2367 5550 2762 5622 ἀπογινώσκεις
2793 5548 2868 5612 ὡς
2913 5547 3197 5619 ἀμηχάνου
3250 5544 3344 5599 τοῦ
3390 5545 3756 5617 πράγματος;

560 5732 608 5768 ⁸³
629 5730 770 5785 Psal.
813 5747 936 5787 xvn.
977 5732 1046 5786 9.6
1148 5733 1188 5764 ‘9
1219 5731 1395 5786 Calui.
1437 5749 1488 5791 ν.
1525 5733 1605 5788 l7.
