4124 6352
372 320 471 377 H3

1686 342 1773 398 DE
1816 344 2275 403 VlliGlNlTATR.

3512 357 3619 411 ΗΔ

369 440 510 511 Πρὸς
534 440 634 545 τὸν
655 446 1050 517 κατωρθωκότα
1080 451 1240 521 βλέπε
1259 496 1272 519 ,
1302 458 1396 510 καὶ
1426 457 1642 531 θαῤῥῶν
1678 466 1931 518 κατατόλ-

2042 467 2445 533 constituerint,
2480 469 2547 526 ab
2563 471 2706 525 omni
2734 469 2996 526 fluctuum
3026 471 3433 541 perturbatione
3459 452 3616 545 longe

372 546 542 622 μησον
571 532 671 602 τῆς
709 536 913 607 ἀγαθῆς
945 543 1219 607 ναυτιλίας
1242 550 1307 617 τῇ
1352 549 1605 621 ἐπιπνοίᾳ
1657 552 1750 605 τοῦ
1789 556 1943 622 ἁγίου

370 620 682 719 ξίνεύματος
708 665 721 688 ,
751 627 853 719 ὑπο
882 631 1183 707 κυϐερνήτῃ
1213 636 1290 708 τῷ
1319 641 1539 712 Χριστῷ
1572 620 1630 695 ἐν
1667 644 1745 715 τῷ
1775 620 1944 716 πηδα-

370 710 468 805 i:qu
492 711 591 781 τῆς
618 715 955 790 εὐφροσύνης
984 724 1356 796 εύθυνόμενος.
1376 710 1521 784 θούδέ
1560 733 1667 805 γὰρ
1695 710 1743 788 οἱ
1785 710 1943 791 κατα·

370 798 648 899 ϐαίνοντες
786 807 1058 866 θάλασσαν
1085 816 1144 868 ἐν
1174 818 1398 883 πλοίοις,
1430 822 1523 875 καὶ
1550 798 1826 891 ποιοῦντες
1854 829 1942 899 ἐρ-

369 891 562 986 γασίαν
605 895 663 947 ἐν
706 897 859 953 ὕδασι
908 904 1137 972 πολλοῖς,
1168 910 1226 961 τὸ
1265 912 1475 980 συμϐάν
1533 932 1636 969 τινι
1688 891 1938 986 ναυάγιον

637 985 742 1039 τῶν
771 988 1001 1044 ἐλπίδων
1030 996 1349 1068 πεποίηνται
1376 1017 1391 1030 θ
1432 1002 1567 1055 ἀλλά
1594 1003 1691 1075 τὴν
1729 980 1939 1077 ἀγαθὴν

370 1070 558 1166 ἐλπίδα
579 1076 786 1132 ἑαυτῶν
815 1081 1260 1156 προϐαλλόμενοι,
1291 1090 1383 1143 ἐπὶ
1406 1091 1467 1145 τὸ
1494 1070 1659 1166 πέρας
1689 1070 1789 1149 τοῦ
1808 1070 1939 1151 κατ-

368 1161 685 1233 ορθώματος
716 1171 1050 1248 σπεύδουσιν.
1076 1172 1152 1230 Ἦ
1182 1181 1302 1250 οὐχὶ
1334 1183 1549 1238 πάντων
1596 1186 1941 1243 ἀτοπώτατον

369 1253 438 1307 ἂν
474 1256 584 1350 εἴη,
608 1257 674 1350 τὸ
699 1259 797 1329 μὲν
822 1264 1089 1336 σφαλῆναί
1117 1286 1239 1323 τινα
1268 1272 1326 1323 ἐν
1352 1272 1430 1345 τῷ
1456 1276 1820 1350 ἡκριϐωμένῳ
1844 1298 1941 1335 πο-

366 1347 528 1440 νηρδν
563 1349 842 1419 τίθεσθαι,
883 1356 1001 1411 ὅλον
1031 1359 1088 1412 δὲ
1135 1361 1225 1415 τὸν
1264 1363 1375 1433 βίον
1429 1347 1854 1440 καταγηρῶντας
1883 1375 1940 1426 ἐν

367 1438 676 1537 σφάλμασιν
721 1444 940 1537 ἀμεινον
982 1452 1228 1521 ἡγεῖσθαι
1284 1438 1680 1527 βουλεύεσθαις
1715 1464 1778 1517 Εἰ
1831 1465 1940 1537 γὰρ

362 1527 531 1629 δεινόν
559 1534 708 1629 ἐστιν
726 1536 877 1629 ἀπαξ
902 1545 1260 1612 προσεγγίσαι
1297 1550 1362 1619 τῇ
1408 1551 1651 1622 ἁμαρτίᾳ
1671 1595 1686 1617 ,
1732 1527 1941 1611 καὶ-διὰ

363 1623 519 1717 τοῦτο
546 1623 782 1717 ἀσφαλὲς
814 1626 953 1683 εἶναι
1000 1633 1240 1704 νομίζεις
1267 1636 1327 1690 τὸ
1379 1640 1512 1709 μηδέ
1547 1644 1812 1714 ἐγχειρεῖν
1862 1645 1940 1717 τῷ

363 1710 678 1807 Ῡψηλοτέρῳ
706 1720 925 1790 σκοπῷ’
954 1722 1104 1794 πόσῳ
1145 1726 1522 1800 χαλεπώτερόν
1559 1710 1715 1787 ἐστιν
1749 1710 1939 1807 ἐπιτήξ

2047 560 2207 630 positi
2243 576 2435 617 secure
2482 562 2813 630 quiescunt,
2873 578 3093 632 suaeque
3128 560 3481 618 vitaa'lumen
3531 579 3616 620 se-

2045 651 2338 719 quentibus
2396 662 2651 720 tanquam
2712 653 2924 722 aliquas
2996 654 3239 710 caelestis
3307 654 3616 724 Splendoris

2043 744 2289 798 ﬂammas
2316 746 2663 814 protendunt.
2690 744 2859 815 Igitur
2895 744 3178 809 habemus,
3208 759 3317 815 quo
3353 761 3454 800 nos
3487 760 3613 799 cum

2010 834 2463 903 respexerimus,
2496 834 2855 887 tentationum
2893 833 3274 888 ﬂuctuationes
3321 840 3441 887 tuto
3492 849 3614 904 per-

2045 924 2421 980 transibimus.
2467 925 2609 992 Quid
2638 926 2857 980 curiose
2897 941 2925 979 a
2957 941 3043 979 me
3073 925 3294 995 quaeris,
3326 940 3393 979 an
3429 926 3486 992 ii,
3517 926 3614 996 qui

2045 1014 2159 1070 htec
2188 1015 2304 1085 ipsa
2330 1016 2851 1083 animadverterunt,
2876 1016 3171 1085 aliquando
3193 1015 3434 1085 superati
3467 1015 3616 1070 sint?

2044 1116 2205 1176 atque
2258 1115 2541 1175 prepterea
2582 1107 2865 1176 desperas,
2902 1106 3057 1176 quasi
3092 1122 3178 1162 res
3221 1106 3335 1160 haec
3381 1105 3614 1161 difficilis

2042 1198 2161 1253 sit?
2190 1197 2464 1253 Contuere
2505 1197 2572 1252 ad
2618 1214 2740 1254 eum
2775 1198 2869 1268 qui
2908 1198 3181 1267 perfectus
3208 1205 3290 1252 est
3315 1237 3328 1261 ,
3377 1198 3612 1267 fortique

2042 1304 2105 1343 ac
2132 1288 2316 1343 fidenti
2349 1290 2531 1344 animo
2560 1297 2614 1345 te
2664 1291 2882 1359 optima:
2913 1291 3041 1344 huic
3092 1291 3456 1360 navigationi,
3508 1307 3611 1359 gu-

2040 1380 2332 1437 bernatore
2357 1382 2606 1446 Christo,
2656 1381 2894 1452 Spiritus
2933 1384 3107 1438 sancti
3159 1382 3361 1445 afﬂatu,
3403 1391 3612 1450 tempe-

2041 1474 2335 1543 rantiaeque
2389 1470 2844 1543 navigio'vectus
2902 1473 3200 1527 committe.
3238 1471 3423 1542 Neque
3464 1471 3610 1525 enim

2039 1565 2131 1635 qui
2156 1580 2303 1619 mare
2338 1566 2619 1634 navigant,
2660 1572 3136 1633 mercaturamque
3162 1564 3297 1617 mari
3330 1571 3610 1625 exercent,

2038 1656 2095 1711 hi
2130 1657 2197 1711 ab
2226 1656 2477 1710 instituto
2500 1656 2613 1725 spei
2643 1671 2806 1711 cursu
2833 1655 3127 1717 desistunt,
3183 1655 3470 1726 naufragio
3515 1655 3611 1709 de»

2039 1748 2401 1818 territi,quod
2444 1747 2715 1817 quispiam
2756 1746 2987 1802 fecerit:
3026 1746 3121 1801 sed
3174 1747 3315 1801 bona
3364 1762 3462 1801 sua
3514 1761 3609 1814 spe

358 1800 532 1910 δευμα
557 1804 673 1874 βίου
844 1812 1115 1885 ἁμαρτίαν
1141 1821 1465 1890 ποιήσασθαι
1490 1863 1506 1889 ,
1539 1826 1632 1878 καὶ
1662 1825 1748 1880 διὰ
1780 1800 1931 1882 τοῦτο

2040 1840 2142 1910 ipsi
2167 1800 2388 1895 excitati
2413 1800 2477 1893 ad
2524 1800 2748 1908 perfecti
2801 1839 3045 1894 muneris
3100 1838 3259 1892 finem
3324 1837 3606 1892 festinant.

360 1893 625 1989 ἀμέτοχον
652 1899 877 1955 καθόλου
910 1904 1008 1975 τῆς
1038 1906 1426 1982 καθαρωτέρας
1452 1912 1725 1985 διαμεῖναι
1752 1916 1894 1989 ζωῆς
1918 1937 1933 1985 ;

364 1985 485 2052 Πῶς
508 1989 711 2064 ἀκούῃς
735 1993 829 2047 τοῦ
854 1995 1289 2070 ἐσταυρωμένου,
1319 2005 1347 2056 6
1373 2004 1499 2071 ζῶν,
1521 2007 1614 2061 τοῦ
1643 1985 1932 2064 ἀποθανόν-

359 2096 451 2144 τος
489 2085 556 2153 τῇ
592 2086 835 2159 ἁμαρτίᾳ
859 2127 873 2148 .
902 2091 930 2143 6
968 2093 1089 2144 κατ’
1138 2095 1306 2166 αὐτὴν
1341 2097 1598 2165 ὑγιαίνων
1620 2140 1635 2165 ,
1694 2102 1788 2157 τοῦ
1846 2122 1937 2158 κε-

358 2169 603 2238 λεύοντος
629 2175 727 2247 τὴν
771 2179 1125 2252 ἁκολούθησιν
1179 2185 1350 2239 ὀπίσω
1399 2188 1597 2255 αὑτοῦ,
1652 2190 1841 2262 ὥσπερ
1882 2211 1933 2247 τι

357 2263 615 2334 τρόπαιον
671 2270 813 2323 κατὰ
855 2273 944 2325 τοῦ
998 2275 1397 2347 ’Λντικειμένου
1440 2280 1531 2335 τὸν
1563 2284 1792 2353 σταυρὸν
1841 2285 1934 2339 ἐπὶ

356 2355 450 2409 τοῦ
484 2356 733 2429 σώματος
778 2362 1065 2434 φέροντος,
1107 2368 1135 2419 6
1186 2370 1259 2439 μὴ
1312 2373 1712 2445 σταυρούμενος
1738 2375 1817 2446 τῷ
1845 2377 1936 2430 κό-

358 2464 481 2519 σμῳ
504 2490 519 2515 ,
559 2450 654 2504 καὶ
698 2452 797 2524 τὴν
823 2454 1085 2526 νέκρωσιν
1122 2459 1221 2529 τῆς
1253 2462 1453 2533 σαρκὸς
1491 2464 1565 2536 μὴ
1613 2465 1931 2538 δεχόμενος;

355 2538 481 2603 Πῶς
523 2541 680 2612 πείθῃ
732 2544 810 2614 τῷ
845 2548 1249 2618 παρακαλοῦντι
1295 2570 1352 2605 σε
1387 2554 1603 2626 Παύλῳ,
1646 2560 1932 2629 παραστῆ-

354 2631 529 2722 σαιῗτδ
552 2633 712 2703 σῶμά
744 2652 836 2689 σου
866 2636 1054 2692 θυσίαν
1081 2640 1281 2710 ζῶσαν,
1315 2645 1494 2714 ἁγίαν,
1533 2648 1824 2716 εὐάρεστον
1856 2651 1934 2722 τῷ

300 2730 303 2733 .
350 2720 503 2792 Θεῷ,
533 2724 562 2776 ὁ
594 2728 1128 2802 συσχηματιζόμενος
1166 2733 1243 2804 τῷ
1285 2735 1440 2791 αίῶνι
1470 2738 1681 2812 τούτῳ,
1723 2744 1817 2797 καὶ
1858 2720 1932 2815 μῆ

353 2816 873 2889 μταμορφούμενος
897 2823 961 2892 τῇ
996 2822 1358 2879 ἀνακαινώσει
1387 2827 1480 2881 τοῦ
1503 2829 1621 2893 νοός
1649 2848 1762 2897 σου,
1798 2834 1933 2904 μηδὲ

350 2905 674 2993 περιπατῶν
718 2908 775 2961 ἐν
806 2913 872 2981 τῇ
906 2912 1184 2985 καινότητι
1235 2916 1335 2987 τῆς
1367 2916 1512 2989 ζωῆς
1538 2920 1772 2993 ταύτης,
1817 2924 1930 2976 ἀλλ’

349 2992 434 3047 ἔτι
458 2995 558 3066 τὴν
585 2997 907 3055 ἀκολουθίαν
932 3003 1033 3074 τῆς
1074 3005 1169 3058 τοῦ
1198 3008 1429 3062 παλαιοῦ
1466 2992 1753 3083 ἀνθρώπου
1788 3014 1933 3084 ζωῆς

2038 1932 2233 1986 Annon
2291 1932 2525 1986 maxime
2572 1932 2814 1985 omnium
2867 1930 3166 1985 absurdum
3217 1938 3383 1994 esset,
3417 1929 3510 1999 qui
3553 1929 3609 1983 in

2037 2038 2276 2079 errorem
2311 2022 2517 2077 incidat
2555 2023 2609 2077 in
2659 2023 3090 2092 exquisitissima
3128 2022 3344 2076 vivendi
3397 2022 3610 2075 ratione

2037 2115 2341 2184 improbum
2376 2129 2499 2169 eum
2527 2123 2738 2183 putare,
2782 2113 2875 2183 qui
2908 2128 3037 2168 vero
3097 2112 3151 2166 in
3184 2111 3332 2169 omni
3388 2111 3497 2165 vita
3552 2112 3609 2165 in

2036 2203 2185 2258 vitiis
2217 2202 2585 2267 consenescit,
2621 2202 2835 2271 opinari
2868 2216 2992 2255 eum
3038 2201 3235 2256 melius
3274 2201 3611 2256 consulere?

2040 2292 2095 2348 Si
2129 2294 2276 2349 enim
2309 2308 2476 2365 grave
2508 2302 2593 2348 est
2629 2294 2796 2348 semel
2838 2298 3125 2363 peccatum
3147 2292 3454 2357 admittere,
3483 2306 3610 2360 prn-

2035 2394 2331 2458 ptereaque
2361 2386 2699 2442 tutissimum
2733 2400 2857 2439 esse
2900 2384 3123 2448 statuis,
3179 2384 3475 2439 sublimius
3506 2383 3609 2437 ali-

2036 2479 2179 2549 quod
2239 2479 2552 2534 institutum
2620 2491 2730 2531 non
2803 2474 3026 2546 aggredi
3084 2491 3100 2529 :
3180 2483 3386 2545 quanto
3451 2474 3608 2544 pejus

2033 2579 2139 2636 cst,
2175 2571 2220 2627 si
2276 2571 2401 2641 quis
2454 2570 2578 2624 vita:
2639 2566 2880 2624 studium
2942 2567 2994 2620 in
3058 2576 3283 2638 peccato
3330 2566 3605 2628 adhibeat,

2033 2677 2263 2731 eamque
2300 2662 2371 2715 ob
2405 2675 2627 2715 causam
2661 2658 2941 2729 puriorem
3000 2660 3165 2713 vitam
3218 2658 3444 2712 omnino
3494 2672 3605 2712 non

2032 2750 2701 2824 experiatur?Quomodo
2734 2752 2827 2822 qui
2887 2752 3041 2815 vivit,
3098 2750 3443 2815 crucifixum,
3508 2750 3605 2820 qui

2034 2854 2257 2915 peccato
2286 2853 2512 2915 vegetus
2541 2850 2645 2907 est,
2684 2852 2911 2914 peccato
2944 2848 3218 2896 mortuum
3250 2840 3434 2896 audiet
3464 2856 3605 2910 pra:-

2033 2937 2327 3007 cipientem
2364 2943 2423 2989 ut
2458 2934 2636 3005 ipsum
2666 2943 2946 3004 sequatur,
2969 2946 3187 2987 crucem
3225 2932 3373 2986 velut
3401 2931 3604 2985 hostile

2032 3036 2296 3099 tropaeum
2349 3041 2580 3097 corpore
2622 3025 2921 3089 ferentem,
2960 3026 3007 3081 is
3042 3025 3136 3095 qui
3171 3038 3350 3093 neque
3399 3022 3606 3076 mundo

352 3086 667 3156 περιέπωνς
722 3091 847 3156 Πῶς
906 3093 1200 3165 ίερατεύεις
1249 3097 1409 3169 Θεῷ,
1447 3101 1620 3155 καίτοι
1674 3105 1752 3167 είς
1802 3106 1931 3159 αὐτὸ

2034 3119 2361 3187 crucifixus,
2415 3133 2589 3187 neque
2653 3132 2875 3173 carnem
2943 3117 3274 3171 mortificare
3336 3114 3598 3184 dignatus

349 3176 509 3232 τοῦτο
535 3182 774 3250 χρισθεὶς
796 3223 811 3247 ,
862 3186 941 3249 είς
972 3187 1033 3240 τὸ
1083 3189 1414 3261 προσφέρειν
1456 3192 1625 3262 δῶρον
1653 3194 1729 3265 τῷ
1773 3196 1892 3267 Θεῷ
1913 3237 1929 3262 ,

346 3269 521 3341 δῶρον
563 3271 620 3325 δέ
660 3274 760 3327 οὐκ
811 3276 1088 3350 ἀλλότριόν
1124 3297 1177 3333 τι
1224 3282 1477 3349 πάντως,
1517 3286 1637 3339 οὐδὲ
1683 3288 1933 3344 ὑποϐολι-

349 3364 511 3429 μαῖον
532 3362 596 3416 ἐκ
618 3364 727 3417 τῶν
755 3364 952 3432 ἔξωθέν
992 3387 1073 3423 σοι
1104 3376 1522 3445 παρεπομένων,
1553 3376 1689 3429 ἀλλὰ
1715 3378 1774 3431 τὸ
1794 3379 1928 3449 ἀλη-

347 3449 461 3515 θῶς
496 3452 607 3519 σὸν,
638 3455 774 3527 ὅπερ
798 3458 945 3511 ἐστὶν
975 3460 1003 3512 6
1031 3461 1139 3516 ἔσω
1163 3462 1446 3532 ἅνθρωπος
1468 3508 1483 3529 ,
1522 3466 1728 3531 τέλειός
1753 3485 1812 3521 τε
1838 3471 1931 3523 καὶ

344 3543 578 3613 ἄμωμος
611 3540 751 3599 εἶναι
780 3548 1028 3616 ὀφείλων,
1059 3552 1199 3607 κατά
1234 3555 1325 3608 τὸν
1366 3558 1493 3629 περὶ¹
1523 3557 1618 3611 τοῦ
1644 3558 1817 3629 ἀμνοῦ
1842 3561 1931 3613 νό-

348 3649 488 3702 μον,
524 3635 705 3708 πάσης
749 3639 964 3710 κηλίδος
1008 3660 1069 3697 τε
1119 3648 1211 3699 καὶ
1252 3647 1433 3719 λώϐης
1481 3650 1929 3722 ἀπηλλαγμένον;

345 3725 476 3790 Πῶς
526 3724 618 3782 οὖν
668 3731 839 3785 ταῦτα
871 3737 1178 3805 προσοίσεις
1205 3738 1353 3811 Θεῷ,
1402 3742 1430 3793 6
1466 3742 1539 3813 μὴ
1575 3744 1786 3797 ἀκούων
1814 3746 1928 3813 τοῦ,

346 3818 653 3874 κωλύεσθαι
682 3823 929 3893 ἱερᾶσθαι
957 3828 1049 3882 τὸν
1077 3830 1307 3899 ἄναγνον
1332 3849 1345 3898 ;
1381 3834 1443 3885 Εἰ
1466 3835 1521 3887 δὲ
1556 3836 1647 3889 καὶ
1678 3836 1770 3890 τὸν
1799 3837 1931 3893 Θεὸν

345 3908 677 3982 ἐπιφανῆναί
711 3931 792 3967 σοι
834 3917 1018 3982 ποθεῖς
1037 3959 1052 3984 ,
1092 3922 1145 3974 τί
1174 3923 1274 3976 οὐκ
1310 3924 1528 3988 ἀκούεις
1550 3925 1643 3979 τοῦ
1667 3928 1929 3994 Μωσέως,

346 4002 675 4073 καθαρεύειν
706 4008 811 4060 ἀπὸ
834 4009 1013 4079 γάμου
1041 4011 1119 4081 τῷ
1147 4013 1260 4083 λαῷ
1298 4017 1772 4088 παραγγέλλοντος
1794 4058 1810 4083 ,
1843 4021 1929 4073 ἵνα

345 4096 637 4166 χωρήσωσι
674 4098 764 4151 τοῦ
788 4099 921 4153 Θεοῦ
952 4102 1050 4172 τὴν
1078 4105 1413 4173 ἐμφάνειανς
1450 4109 1511 4162 Ei
1545 4108 1602 4161 δὲ
1645 4111 1816 4181 μικρὰ
1846 4129 1927 4165 σοι

345 4185 523 4239 ταῦτα
551 4187 717 4251 δοκεῖ,
758 4191 819 4245 τὸ
878 4197 1320 4268 συσταυρωθῆναι
1357 4201 1612 4272 Χριστῷ,
1642 4203 1703 4255 τὸ
1753 4221 1929 4275 παρα-

348 4276 549 4348 στῆσαι
591 4281 781 4335 ἐαυτὸν
823 4282 1012 4338 θυσίαν
1045 4286 1163 4357 Θεῷ
1187 4328 1201 4353 ,
1234 4289 1296 4341 τὸ
1336 4290 1486 4360 ίερέα
1541 4292 1794 4361 γενέσθαι
1834 4293 1927 4347 τοῦ

344 4368 485 4422 Θεοῦ
517 4369 612 4424 τοῦ
654 4372 876 4442 ὑψίστου
902 4416 915 4439 ,
951 4377 1011 4430 τὸ
1052 4377 1152 4448 τῆς
1204 4381 1442 4452 μεγάλης
1498 4382 1590 4436 τοῦ
1630 4384 1764 4438 Θεοῦ
1817 4387 1928 4440 ὲπι-

2032 3209 2469 3276 est?Quomodo
2498 3208 2690 3271 Paulo,
2725 3208 2818 3278 qui
2877 3216 2929 3262 te
2962 3208 3047 3262 his
3101 3206 3287 3263 verbis
3342 3206 3604 3261 adhorta—

2033 3302 2229 3354 tur":
2277 3318 2295 3349 ‹
2333 3298 2537 3353 Exhibe
2583 3313 2783 3367 corpus
2833 3304 2985 3351 tuum
3037 3296 3269 3351 hostiam
3311 3295 3601 3358 viventem,

2034 3400 2298 3453 sanctam,
2333 3390 2441 3445 Deo
2484 3391 2784 3460 placentem
2808 3427 2823 3452 ,
2859 3406 2876 3439 ›
2906 3388 3273 3459 obtemperas,
3296 3388 3390 3458 qui
3438 3388 3604 3457 hujus

2034 3482 2215 3536 saeculi
2246 3481 2489 3534 habitum
2527 3478 2750 3544 induis;
2788 3478 2881 3548 qui
2924 3494 3102 3549 neque
3145 3480 3346 3533 mentis
3382 3486 3486 3533 tuae
3518 3493 3605 3532 re-

2032 3576 2323 3630 novatione
2370 3572 2717 3636 immutatus,
2780 3587 2957 3641 neque
2998 3585 3194 3625 novam
3248 3570 3418 3639 hujus
3477 3570 3603 3626 vitae

2033 3666 2174 3720 viam
2233 3663 2515 3734 ingressus
2569 3663 2769 3717 veteris
2808 3662 3047 3719 hominis
3107 3662 3234 3716 vitae
3288 3662 3600 3716 institutum

2033 3754 2420 3826 persequeris?
2479 3751 2762 3818 Quomodo
2813 3750 2905 3806 Dei
2961 3750 3268 3807 sacerdotio
3310 3749 3596 3821 fungeris,

2031 3846 2124 3915 qui
2161 3845 2229 3899 ad
2259 3844 2362 3898 hoc
2392 3845 2594 3913 ipsum,
2626 3850 2684 3896 ut
2710 3858 2907 3896 munus
2950 3841 3199 3908 offerres,
3243 3848 3445 3897 unctus
3493 3842 3603 3897 es?

2031 3938 2225 3992 Munus
2246 3951 2376 3993 sane
2401 3951 2511 3990 non
2540 3934 2769 3989 omnino
2814 3934 3079 4000 alienum,
3128 3948 3306 4003 neque
3350 3934 3603 4003 supposi-

2030 4036 2143 4083 tum
2174 4042 2238 4082 ex
2269 4026 2358 4091 iis,
2388 4040 2509 4096 qua:
2533 4024 2629 4079 tibi
2670 4024 3016 4078 extrinsecus
3050 4023 3331 4087 eveniunt,
3386 4022 3483 4078 sed
3512 4039 3602 4077 re-

2030 4135 2157 4175 vera
2186 4126 2365 4182 tuum,
2390 4116 2536 4187 quod
2564 4122 2648 4173 est
2676 4115 2841 4169 homo
2871 4124 2996 4169 tuus
3034 4115 3286 4178 interior,
3335 4114 3427 4183 qui
3472 4121 3600 4168 tan-

2029 4224 2190 4279 quam
2222 4221 2395 4277 agnus
2435 4207 2719 4267 innocens,
2763 4212 2817 4257 et
2841 4204 3115 4273 perfectus
3152 4218 3270 4258 esse
3309 4203 3493 4265 debet,
3531 4205 3601 4258 ab

2030 4299 2285 4368 omnique
2326 4294 2540 4350 macula
2586 4309 2651 4349 ac
2689 4293 2947 4349 sordibus
2995 4301 3259 4349 remotus.
3308 4291 3594 4359 Quomodo

2031 4391 2145 4445 haec
2173 4391 2291 4458 ipsa
2326 4387 2435 4442 Deo
2479 4386 2695 4451 offeres,
2763 4387 2854 4455 qui
2923 4385 3028 4455 legi
3088 4400 3197 4439 non
3249 4385 3599 4454 obtempera:

345 4459 576 4551 ξρᾳνείας
595 4461 888 4534 ἀξιωθῆναι
919 4480 934 4494 ⁸
958 4466 1011 4519 τί
1045 4485 1126 4521 σοι
1158 4469 1360 4524 τούτων
1388 4473 1760 4546 ἐπινοήσωμεν
1798 4476 1928 4547 ὑψη-

2033 4480 2360 4551 prohibenti,
2406 4494 2475 4533 ne
2518 4490 2677 4532 sacra
2714 4476 2962 4546 impurus
3000 4475 3211 4530 faciat?
3235 4475 3313 4530 Ac
3354 4476 3398 4530 si
3430 4474 3595 4531 Deum

344 4547 595 4621 λότερον,
624 4551 783 4625 εῐπερ
835 4572 918 4609 σοι
959 4559 1131 4630 μικρά
1162 4562 1254 4614 καὶ
1283 4562 1351 4616 τὰ
1379 4562 1486 4616 ἀπὸ
1512 4563 1714 4618 τούτων
1740 4567 1879 4632 δόξει
1907 4585 1921 4634 ;

357 4642 453 4695 Ἐκ
489 4642 589 4713 μὲν
626 4645 735 4717 γὰρ
771 4649 864 4703 τοῦ
896 4653 1375 4725 συσταυρωθῆναι,
1399 4656 1493 4709 καὶ
1524 4657 1755 4728 συζῆσαι
1776 4699 1792 4724 ,
1830 4661 1925 4713 καὶ

349 4734 770 4808 ωνδοξασθῆναι
795 4778 810 4803 ,
839 4744 933 4795 καὶ
966 4746 1393 4816 συμϐασιλεῦσαι
1442 4750 1825 4819 προσγίνεταν
1858 4755 1923 4807 ἐκ

344 4822 408 4917 δέ
429 4828 525 4882 τοῦ
549 4830 744 4885 ἑαυτὸν
776 4837 1124 4906 παραστῆσαι
1160 4839 1236 4910 τῷ
1259 4840 1379 4911 Θεῷ
1402 4881 1417 4905 ,
1456 4842 1563 4895 ἀπὸ
1585 4843 1682 4913 τῆς
1712 4845 1923 4917 ἀνθρω-

348 4914 510 4987 πίνης
545 4917 762 4987 φύσεως
789 4924 882 4977 καὶ
907 4925 1064 4990 ἀξίας
1086 4966 1103 4992 ,
1136 4929 1215 4991 είς
1239 4930 1336 4996 τὴν
1367 4931 1661 5004 ἀγγελικὴν
1684 4935 1798 4987 ἐστι
1816 4914 1919 5005 ’με-

345 5007 698 5074 τατάξασθαι.
727 5011 883 5066 Οὕτω
911 5016 1019 5087 γάρ
1050 5034 1183 5088 φησι
1214 5020 1309 5074 καὶ
1336 5022 1365 5073 6
1411 5023 1607 5096 Δανιὴλ
1631 5065 1646 5090 ,
1678 5026 1760 5079 ὅτι
1793 5027 1920 5081 «Χί-

348 5099 457 5190 λιαι
486 5098 722 5170 χιλιάδες
745 5108 1202 5178 παρειστήκεισαν
1230 5110 1398 5183 αὐτῷ.
1430 5132 1450 5166 ι
1494 5115 1554 5168 '0
1578 5115 1635 5169 δὲ
1661 5117 1759 5187 τῆς
1782 5116 1917 5190 ἁλη-

347 5184 499 5260 θινῆς
539 5193 838 5267 ἱερωσύνης
878 5198 1207 5271 λαϐόμενος,
1237 5203 1330 5256 καὶ
1358 5204 1436 5277 τῷ
1481 5184 1918 5280 μεγάλῳ-ἀρχιε-

350 5282 434 5372 ρεῖ
456 5283 646 5339 ἐαυτὸν
677 5290 939 5357 συντάξας
957 5333 972 5356 ,
1012 5293 1162 5364 μένει
1190 5297 1408 5362 πάντως
1430 5299 1525 5353 καὶ
1548 5300 1710 5365 αὐτὸς
1741 5302 1782 5354 ίε
1793 5304 1919 5372 ρεὺς

348 5370 426 5433 είς
454 5372 546 5428 τὸν
568 5376 761 5442 αἰῶνα,
791 5380 970 5435 οὐκέτι
1003 5383 1215 5456 θανάτῳ
1248 5389 1587 5459 παραμένειν
1617 5390 1697 5454 είς
1728 5370 1804 5444 τὸῖ
1835 5392 1914 5446 δι-

350 5464 537 5530 ηνεκὲς
562 5468 915 5539 κωλυόμενος.
943 5474 1048 5528 Τοῦ
1085 5476 1141 5530 δὲ
1164 5475 1256 5531 τὸν
1291 5478 1424 5532 Θεὸν
1450 5480 1621 5535 εἰπεῖν
1651 5481 1917 5547 καταξιω-

352 5548 507 5622 θῆναι
549 5558 679 5612 ἰδεῖν
703 5600 719 5626 ,
756 5563 855 5617 οὐκ
879 5564 1035 5630 ἄλλος
1065 5567 1150 5633 τίς
1174 5570 1319 5624 ἐστιν
1357 5570 1385 5623 ὁ
1422 5572 1664 5646 καρπὸς,
1705 5572 1737 5643 ἢ
1786 5574 1919 5629 αὐτὸ

420 5728 465 5759 ⁸⁸
493 5728 647 5790 Rem.
681 5752 779 5797 ιιι.
814 5740 859 5794 l.

2027 4568 2122 4623 tibi
2146 4582 2406 4638 apparere
2435 4565 2667 4637 expetis,
2695 4565 2827 4635 quid
2857 4578 3037 4619 causa:
3063 4572 3167 4630 est,
3210 4579 3308 4619 cur
3350 4563 3591 4636 Moysem

2024 4676 2136 4716 non
2168 4660 2380 4725 audias,
2415 4659 2509 4729 qui
2537 4656 2739 4727 populo
2798 4656 2986 4723 edicit,
3014 4664 3073 4711 ut
3103 4671 3132 4708 a
3177 4655 3382 4724 nuptiis
3426 4672 3597 4726 purus

2029 4753 2123 4817 sit,
2152 4766 2263 4822 quo
2296 4751 2391 4806 Dei
2433 4759 2713 4821 aspectum
2764 4747 3229 4817 comprehendat?
3270 4747 3368 4802 Sin
3400 4747 3595 4819 exigua

2024 4843 2140 4899 haec
2186 4843 2285 4899 tibi
2322 4843 2595 4905 videntur,
2636 4855 2760 4896 cum
2808 4839 3031 4896 Christo
3068 4839 3231 4895 simul
3273 4839 3595 4893 crucifixum

2024 4948 2166 4997 esse,
2201 4947 2260 4987 se
2286 4931 2464 5002 ipsum
2495 4930 2730 4985 hostiam
2772 4928 2881 4983 Deo
2924 4929 3208 4993 exhibere,
3253 4929 3594 4984 sacerdotem

2027 5023 2141 5079 ﬁeri
2171 5021 2463 5086 Altissimi,
2515 5034 2820 5091 magnoque
2869 5019 2963 5073 illo
3011 5017 3108 5075 Dei
3159 5019 3453 5089 splendore
3497 5018 3587 5073 di-

2025 5128 2192 5184 gnum
2216 5112 2402 5167 haberi
2427 5129 2440 5165 :
2463 5125 2585 5181 quae
2608 5111 2801 5165 altiora
2829 5123 2928 5164 nos
2957 5109 3051 5163 tibi
3072 5109 3590 5174 commentabimur,

2025 5204 2071 5258 si
2104 5217 2225 5273 qua:
2255 5218 2322 5257 ex
2357 5201 2423 5257 iis
2458 5207 2889 5270 consequantur,
2948 5198 3085 5253 levia
3132 5199 3299 5253 etiam
3335 5197 3595 5267 putabis?

2026 5295 2104 5350 Ex
2132 5311 2197 5351 eo
2231 5294 2375 5350 enim
2410 5294 2554 5364 quod
2605 5292 2766 5348 simul
2799 5291 3139 5362 crucifigare,
3168 5305 3275 5345 una
3307 5290 3470 5346 etiam
3514 5291 3593 5345 vi-

2023 5400 2150 5441 vere
2181 5400 2247 5440 ac
2289 5383 2463 5455 gloria
2511 5382 2705 5438 florere
2746 5392 2801 5437 et
2844 5396 3073 5452 regnare
3121 5382 3465 5451 acquiritur;
3524 5399 3591 5436 ex

2024 5493 2089 5534 eo
2147 5485 2351 5543 autem,
2401 5475 2547 5547 quod
2597 5474 2837 5545 seipsum
2884 5473 2992 5529 Deo
3024 5474 3149 5545 quis
3201 5473 3467 5539 exhibuit,
3523 5474 3592 5527 ab

2024 5572 2262 5629 humana
2322 5579 2521 5627 natura
2579 5568 2952 5641 dignitateque
3009 5568 3136 5623 iicet
3179 5569 3234 5622 iu
3290 5568 3590 5639 angelicam
