4124 6352
516 313 626 371 415

1757 320 1814 376 8.
1845 319 2178 378 GREGOBII
2201 318 2493 380 NYSSENI

3685 328 3794 386 416

513 436 866 494 commutari.
892 438 966 492 Ita
985 437 1140 494 enim
1173 435 1404 495 Daniel:
1441 456 1467 505 ι,
1488 437 1686 496 Millies
1709 439 1753 471 ²¹
1783 441 1934 496 mille
1961 443 2093 498 asti-
2125 491 2131 511 ,

2202 442 2353 498 τοῦτο
2402 444 2459 498 τὸ
2497 445 2903 518 καταξιωθῆναι
2934 444 3028 501 τὸν
3071 444 3206 501 Θεδν
3246 445 3398 502 ἰδεῖν.
3445 445 3637 518 Πάσης
3679 450 3791 521 γὰρ

513 535 702 586 terunt
724 528 798 584 ei.
824 547 844 583 ι
867 527 972 596 Qui
999 539 1180 585 autem
1206 539 1294 588 est
1311 531 1468 597 abeo
1486 539 1767 602 acceptus,
1793 533 1887 603 qui
1913 549 2098 589 verum

514 620 848 675 sacriﬁcium
897 629 1003 686 est,
1033 637 1369 694 summoque
1403 624 1751 679 sacerdotum
1779 623 2011 695 principi
2043 639 2101 680 se

514 711 695 782 ipsum
722 712 1032 779 constituit,
1077 723 1269 769 manet
1299 714 1526 768 omnino
1567 721 1619 768 et
1670 713 1789 785 ipse
1837 715 2100 770 sacerdos

515 803 573 860 in
611 811 906 867 aeternum,
934 820 1038 860 nec
1059 819 1098 858 λ
1138 813 1315 861 morte
1347 805 1402 860 in
1452 807 1850 877 sempiternum
1883 822 2099 878 perma-

515 912 650 953 nere
696 897 1046 968 prohibetur.
1075 896 1235 954 illius
1273 913 1424 964 vero,
1457 899 1552 969 qui
1588 899 1812 969 dignum
1842 915 1901 954 se
1930 898 2099 956 Deum

514 988 701 1044 videre
733 989 969 1062 putavit,
999 1004 1115 1044 inea
1143 990 1349 1060 aliquis
1377 990 1520 1046 alius
1550 989 1767 1045 fructus
1793 998 1900 1055 est.
1931 1006 2098 1062 quam

515 1082 620 1136 hoc
643 1080 846 1151 ipsum.
893 1097 1091 1155 nempe
1113 1081 1269 1153 quod
1309 1082 1483 1138 Deum
1523 1082 1711 1139 videre
1762 1083 1962 1156 dignus
1997 1083 2097 1138 ha-

515 1172 663 1227 bitus
688 1182 792 1227 est.
820 1170 1013 1229 Omnis
1047 1173 1194 1228 enim
1231 1173 1347 1244 spei
1379 1189 1618 1238 summa,
1656 1176 1840 1230 omnis
1889 1175 2098 1246 cupidi-

515 1264 646 1318 tatis
673 1262 962 1332 perfectio,
984 1265 1180 1320 omnis
1205 1274 1263 1320 et
1288 1265 1692 1331 beneﬁcentiae,
1739 1274 1794 1321 et
1838 1266 2096 1338 promissi

512 1351 707 1418 divini,
737 1364 792 1408 et
829 1354 1190 1410 iueﬁahilium
1221 1357 1513 1421 bonorum,
1549 1372 1672 1428 qua:
1703 1373 1880 1428 neque
1904 1373 2094 1422 sensu,

515 1460 696 1514 neque
731 1447 1044 1516 cognitione
1073 1446 1281 1518 percipi
1315 1463 1480 1519 posse
1525 1448 1735 1504 credita
1783 1458 1932 1515 sunt,
1973 1448 2098 1505 ﬁnis

515 1532 605 1587 hic
625 1541 707 1588 est
727 1541 891 1604 atque
913 1543 1099 1606 caput.
1129 1533 1243 1591 Hoc
1261 1535 1472 1606 Moyses
1497 1537 1781 1609 expetivit,
1806 1537 1909 1592 hoc
1936 1540 2095 1594 multi

515 1624 811 1694 prophetae,
844 1626 948 1681 hoc
999 1633 1054 1682 et
1110 1642 1268 1697 reges
1335 1627 1526 1685 videre
1597 1627 1932 1698 cupierunt:
1991 1629 2095 1685 soli

2203 535 2415 600 ἐλπίδος
2443 538 2477 608 ἡ
2514 537 2766 609 κορυφὴ,
2813 538 2907 592 καί
2942 537 3125 609 πάσης
3170 537 3508 608 ἐπιθυμίας,
3539 540 3792 610 εὐλογίας

2199 643 2259 680 τε
2280 625 2416 680 Θεοῦ
2435 667 2451 691 ,
2481 628 2813 696 ἐπαγγελίας
2843 630 3026 700 πάσης
3050 669 3064 692 ,
3098 629 3194 682 καὶ
3236 629 3344 683 τῶν
3372 631 3632 702 ἀρρήτων
3661 634 3793 700 ἀγα-

2200 717 2330 784 θῶν,
2361 717 2466 773 τῶν
2509 719 2648 790 ὑπὲρ
2678 719 2932 790 αἴσθησίν
2968 739 3027 774 τε
3060 721 3154 775 καὶ
3183 722 3386 790 γνῶσιν
3415 723 3788 794 πεπιστευμέ-

2199 825 2306 863 νων
2331 849 2346 873 ,
2377 808 2438 862 τὸ
2472 810 2646 880 πέρας
2683 812 2776 865 καὶ
2803 811 2866 864 τὸ
2899 811 3192 880 κεφάλαιον
3225 813 3383 866 τοῦτό
3422 814 3572 866 ἐστιν
3593 855 3608 880 ,
3635 813 3664 867 ὅ
3694 816 3790 868 καὶ

2197 897 2229 951 ό
2252 898 2458 969 Μωσῆς
2486 899 2614 954 ἰδεῖν
2656 899 2963 972 ἐπεπόθησε
2985 941 3001 966 ,
3034 902 3128 956 καὶ
3161 902 3347 955 πολλοί
3377 905 3650 975 προφῆται
3695 905 3790 957 καὶ

2201 991 2439 1064 βασιλεῖς
2467 991 2859 1064 ἑπεθύμησανυ
2891 993 3169 1061 ἀξιοῦνται
3205 995 3263 1048 δὲ
3293 996 3442 1066 μόνοι
3473 997 3523 1048 οἰ
3557 997 3788 1066 καθαροὶ

2197 1086 2264 1155 τῇ
2294 1081 2513 1154 καρδίᾳ,
2541 1083 2590 1136 οἰ
2615 1082 2706 1138 διὰ
2721 1082 2878 1138 τοῦτο
2899 1083 3066 1149 ὅντως
3098 1085 3360 1156 μακάριοι
3387 1085 3482 1140 καὶ
3517 1085 3670 1147 ὄντες
3695 1086 3788 1139 καὶ

2196 1174 2608 1246 ὀνομαζόμενοι,
2643 1175 2726 1230 ὅτι
2764 1174 2918 1230 αὐτοὶ
2946 1176 3038 1230 τὸν
3065 1176 3199 1230 Θεὸν
3220 1176 3444 1246 ὄψονται
3469 1191 3485 1206 °
3516 1171 3592 1230 ὧν
3624 1176 3786 1229 ἕνεκα

2199 1271 2298 1324 καὶ
2328 1269 2388 1326 σὲ
2419 1268 2720 1340 βουλόμεθα
2753 1267 3006 1337 γενέσθαι
3051 1266 3504 1340 συσταυρωθέντα
3543 1266 3785 1338 Χριστῷ,

2197 1362 2554 1434 παραστάντα
2579 1360 2658 1433 τῷ
2681 1359 2801 1432 Θεῷ
2831 1360 2994 1430 ἁγνδν
3028 1359 3177 1433 ἱερέα
3195 1401 3210 1424 ,
3242 1361 3338 1414 καί
3377 1359 3615 1431 καθαρὸν
3638 1359 3786 1430 θῦμα

2197 1454 2510 1525 γενόμενον,
2544 1454 2603 1510 ἐν
2636 1453 2786 1526 πάσῃ
2815 1452 3148 1524 καθαρότητι
3175 1452 3264 1506 διὰ
3289 1453 3388 1523 τῆς
3418 1451 3642 1520 ἁγνείας
3666 1451 3788 1504 ἑαυ-

2197 1545 2288 1600 τὸν
2315 1546 2680 1617 έτοιμάσαντα
2707 1548 2773 1618 τῇ
2816 1544 2912 1598 τοῦ
2938 1544 3070 1598 Θεοῦ
3101 1544 3403 1616 παρουσίᾳ·
3439 1543 3528 1598 ἵνα
3568 1544 3662 1596 καὶ¹
3687 1543 3788 1595 αὑ-

2195 1637 2288 1703 τὰς
2316 1638 2434 1711 ἴδῃς
2480 1638 2573 1692 τὸν
2615 1639 2748 1692 Θεὸν
2788 1639 2847 1690 ὲν
2895 1636 3111 1708 καθαρᾷ
3151 1638 3218 1707 τῇ
3266 1635 3480 1706 καρδίᾳ,
3518 1633 3660 1687 κατὰ
3687 1633 3786 1703 τὴν

512 1731 647 1791 vero
708 1717 762 1772 hi
799 1719 947 1790 digni
989 1727 1275 1790 putantur,
1305 1719 1400 1790 qui
1463 1720 1632 1775 corde
1667 1721 1826 1790 puri,
1882 1721 1977 1792 qui
2025 1721 2097 1777 ob

2202 1728 2536 1798 ἐπαγγελίαν
2591 1729 2685 1784 τοῦ
2739 1728 2877 1784 Θεοῦ
2934 1727 3030 1782 καὶ
3091 1727 3341 1797 Σωτῆρος
3389 1725 3547 1797 ἡμῶν
3609 1723 3786 1795 ’1ησοῦ

514 1806 621 1861 hoc
649 1807 828 1878 ipsum
861 1809 1002 1864 beati
1035 1817 1167 1864 sunt
1201 1818 1256 1865 et
1313 1809 1609 1876 habentur,
1665 1811 1926 1880 quoniam
1985 1813 2092 1882 ipsi
2129 1857 2131 1866 ι

2202 1817 2471 1889 Χριστοῦ,
2501 1813 2548 1889 ᾧ
2583 1821 2618 1891 ἡ
2664 1813 2790 1885 δόξα
2841 1821 2922 1884 εἰς
2965 1819 3093 1882 τοὺς
3136 1817 3341 1881 αἰῶνας
3385 1817 3495 1869 τῶν
3545 1815 3779 1870 αἰώνων.

516 1897 686 1952 Deum
712 1897 977 1954 videbunt
1001 1902 1089 1967 ";
1123 1915 1190 1956 ex
1232 1900 1440 1971 quibus
1475 1910 1526 1956 te
1579 1917 1746 1956 unum
1777 1904 1891 1958 ﬁeri
1934 1905 2096 1958 volu-
2217 1907 2412 1980 Ἀμήν.

511 2004 660 2053 mus,
693 1990 788 2059 qui
832 2005 958 2046 cunt
987 1991 1212 2048 Christo
1262 2009 1370 2048 una
1428 1995 1751 2059 cruciﬁxus,
1805 2004 1858 2052 te
1899 2013 2095 2068 purum
2138 2001 2480 2057 sacerdotem
2520 2000 2632 2057 Deo
2659 2002 2964 2058 exhibeas:
3013 2001 3176 2071 quive
3224 1998 3372 2056 omni
3448 2013 3583 2069 pura
3647 1997 3786 2052 iute-

515 2081 712 2150 gritate
746 2080 1080 2139 sacriﬁcium
1130 2100 1328 2156 purum
1401 2085 1584 2144 factus
1621 2089 1925 2157 castitatis,
1991 2092 2167 2163 ipsius
2206 2093 2463 2163 praesidio
2493 2103 2545 2150 te
2571 2097 2636 2150 ad
2670 2098 2963 2152 adventuum
3006 2094 3218 2149 Domini
3251 2109 3430 2163 pares,
3461 2101 3516 2145 ut
3558 2101 3613 2144 tu
3649 2106 3786 2160 quo-

514 2190 622 2241 que
652 2191 790 2245 puro
811 2175 978 2232 corde
1013 2177 1181 2234 Deum
1215 2179 1481 2250 aspicias,
1510 2189 1571 2236 ut
1601 2183 1896 2254 promissio
1939 2186 2100 2242 nobis
2140 2189 2282 2244 facta
2308 2198 2394 2244 est
2441 2204 2473 2243 a
2520 2190 2629 2246 Deo
2667 2189 3065 2262 Scrvatoreque
3134 2197 3324 2244 nostro
3364 2187 3496 2245 Jesu
3537 2189 3777 2251 Clu-istm

507 2281 638 2322 eum
674 2283 785 2338 quo
814 2267 989 2339 gloria
1016 2270 1374 2341 omnipotenti
1408 2272 1542 2340 Deo,
1579 2289 1689 2328 una
1728 2291 1854 2331 eum
1888 2277 2096 2350 Spiritu
2135 2290 2327 2338 sancto
2356 2281 2413 2336 in
2445 2282 2778 2354 sempiterna
2805 2283 3026 2338 saecula.
3057 2281 3254 2336 Amen.

584 2423 626 2453 “
659 2421 870 2480 Daniel.
898 2441 1005 2490 mu,
1040 2425 1128 2482 10.
1205 2427 1252 2458 ⁸³
1282 2425 1477 2482 Matth.
1506 2444 1562 2496 v,
1589 2427 1643 2482 8.

1215 2785 1523 2904 ΤΟΥ
1606 2787 2101 2905 ΑΥΤΟΥ

2559 2629 2826 2649 —‘-

2210 2789 3078 2909 ΓΡΗΓΟΡΙΟΥ

832 3017 1122 3105 ΠΡΟΣ
1193 3019 1488 3110 ΤΟΥΣ
1562 3013 2354 3104 ΒΡΑΔΥΝΟΝΤΑΣ
2425 3017 2598 3103 ΕΙΣ
2669 3019 2818 3104 ΤΟ
2869 3013 3476 3112 ΒΑΠΤΙΣΜΑ.

1347 3379 1985 3498 EJUSDEM
2071 3378 2198 3493 S.
2291 3377 2971 3496 GREGORII

517 3619 1134 3714 ADVERSUS
1203 3615 1428 3711 EOS
1487 3620 1699 3725 QUI
1769 3619 2473 3711 DIFFERUNT
2525 3613 3225 3706 BAPTISMUM
3271 3611 3774 3710 ORATIO.

1751 3816 1981 3867 Gentium
2003 3814 2210 3868 Ilerveto
2228 3816 2503 3884 interprete.

2105 3995 2174 4010 ﬂ

594 4122 768 4196 llujus
798 4125 991 4181 mundi
1022 4138 1203 4198 reges,
1241 4140 1368 4184 cum
1396 4127 1542 4200 leges
1591 4129 1934 4202 scripserint,
1979 4146 2131 4202 quaet

2273 4133 2336 4187 0i
2354 4131 2452 4203 τῆς
2472 4129 2797 4204 οἰκουμένης
2819 4128 3028 4200 ταύτης
3039 4128 3300 4200 βασιλεῖς,
3322 4128 3484 4201 ἡνίκα
3506 4129 3572 4185 ἂν
3587 4130 3786 4203 νόμους

520 4211 804 4276 hominum
855 4217 982 4273 vita:
1027 4227 1236 4275 certam
1274 4220 1519 4290 regulam
1562 4222 1950 4290 constituunt,
2001 4239 2098 4278 eas

518 4309 800 4366 tradentes
833 4311 1274 4383 magistratibus,
1321 4327 1420 4384 per
1452 4311 1580 4370 illos
1623 4328 1720 4370 eas
1752 4313 1952 4382 iubent
1992 4329 2100 4384 pu-

520 4401 712 4457 blicari
743 4402 978 4463 civibus.
1014 4410 1075 4457 ιιι
1104 4420 1228 4474 qua:
1249 4404 1406 4474 jussa
1430 4402 1658 4472 fuerint,
1699 4405 1781 4460 sic
1807 4414 2098 4461 serventur

522 4493 804 4552 inviolata.
841 4492 1004 4549 Dedit
1031 4505 1213 4550 autem
1247 4511 1476 4566 magnus
1515 4511 1734 4566 quoque
1779 4494 1926 4551 Deus
1957 4497 2102 4568 leges

523 4585 892 4642 Ecclesiarum
927 4585 1163 4642 ducibus
1189 4627 1204 4651 ,
1251 4601 1393 4658 quas
1434 4587 1672 4658 singulis
1727 4589 1890 4643 annis
1935 4590 2102 4644 certis

522 4675 863 4747 temporibus
914 4674 1279 4746 prolereutes,
1339 4677 1496 4732 vobis
1541 4677 1812 4746 legimus,
1867 4685 1922 4732 et
1980 4695 2103 4748 qua:

523 4771 731 4842 scripta
780 4777 912 4824 sunt
951 4769 1211 4838 jubcmus
1266 4786 1490 4827 servare
1548 4788 1649 4844 pro
1695 4773 1928 4830 viribus.
1965 4773 2106 4830 Ecce

523 4875 656 4930 ergo
703 4860 882 4913 bonus
928 4859 1316 4915 universorum
1362 4861 1733 4932 dispensator,
1783 4863 1875 4934 qui
1927 4879 2106 4919 annos

523 4956 750 5004 revocat
808 4956 864 5002 et
917 4956 1225 5018 temporum
1277 4950 1547 5020 gubernat
1607 4951 1909 5016 ambitum,
1960 4952 2104 5008 diem

527 5039 752 5095 adduxit
782 5040 1076 5095 salutarem
1107 5056 1217 5111 quo
1245 5041 1488 5096 solemus
1530 5056 1726 5096 vocare
1759 5041 2004 5112 hospites
2038 5042 2104 5097 ad

527 5133 875 5205 adoptionem
911 5134 966 5188 in
1001 5132 1166 5199 ﬁlios,
1203 5147 1404 5204 egenos
1453 5134 1518 5188 ad
1568 5135 1756 5205 gratia:
1813 5136 2106 5205 participa-

526 5227 756 5292 tionem,
782 5224 848 5280 ad
868 5233 1220 5296 peccatorum
1249 5226 1694 5282 emundationem
1724 5240 1822 5282 eos
1854 5228 1946 5296 qui
1978 5235 2108 5282 sunt

528 5317 801 5388 inquinati
838 5316 1100 5373 sordibus
1157 5326 1539 5390 peccatorum.
1575 5316 1642 5372 Et
1675 5319 1792 5374 haec
1828 5329 1914 5376 est
1951 5328 2108 5376 vetus

529 5407 623 5462 illa
663 5408 1004 5479 praedicatio,
1055 5424 1179 5478 quae
1209 5408 1314 5464 fuit
1348 5410 1512 5481 paulo
1549 5420 1841 5482 antequam
1877 5427 2105 5483 appare-

2202 4225 2558 4297 συγγράψωσι
2602 4225 2729 4288 τοὺς
2765 4221 2874 4276 τῶν
2919 4220 3225 4292 ἀνθρώπιον
3277 4221 3426 4292 βίους
3478 4221 3658 4286 καλῶς
3685 4240 3779 4276 κα-

2199 4317 2507 4383 νονίζοντας
2526 4358 2542 4384 ,
2585 4318 2700 4380 τοῖς
2747 4316 3006 4389 ἄρχουσιν
3038 4315 3237 4379 αὐτοὺς
3269 4313 3686 4386 ἐγχειρίζοντες,
3716 4315 3787 4368 δι’

2201 4409 2427 4465 ἐκείνων
2467 4407 2747 4463 κελεύουσι
2791 4409 2905 4470 τοῖς
2937 4405 3198 4478 ὑπηκόοις
3226 4405 3645 4477 δημοσιεύεσθαι
3669 4446 3685 4472 ,
3719 4407 3789 4459 ἶν’

2201 4500 2373 4565 οὕτως
2430 4500 2764 4573 ἀπαράϐατα
2821 4499 2890 4552 τὰ
2938 4497 3390 4569 προστεταγμένα
3445 4497 3782 4568 φυλάττοιτο.

2207 4593 2417 4647 Ἔδωκε
2463 4593 2521 4647 δὲ
2573 4595 2602 4646 ὁ
2636 4592 2808 4665 μέγας
2849 4590 2982 4654 Θεὸς
3023 4589 3219 4661 νόμους
3249 4591 3362 4654 τοῖς
3399 4590 3510 4644 τῶν
3558 4589 3788 4659 Ἐκκλη-

2207 4686 2338 4739 σιῶν
2368 4685 2668 4757 ἡγεμόσιν,
2703 4684 2798 4749 οὓς
2847 4682 2970 4738 καθ’
3016 4682 3247 4736 ἕκαστον
3295 4681 3540 4736 ἐνιαυτὸν
3588 4683 3645 4734 ἐν
3681 4685 3788 4744 τοῖς

2205 4777 2505 4849 καθήκουσι
2550 4775 2761 4848 χρόνοις
2809 4772 3219 4846 προφέροντες,
3269 4771 3790 4842 ὑπαναγινὼσκομεν

2207 4871 2355 4942 ὑμῖν,
2383 4871 2477 4923 καὶ
2497 4871 2684 4941 τηρεῖν
2713 4869 2792 4932 εἰς
2829 4867 3060 4938 δύναμιν
3084 4867 3151 4921 τὰ
3179 4865 3539 4938 γεγραμμένα
3580 4865 3787 4918 κελεύο-

2211 4981 2328 5037 μεν.
2371 4963 2500 5017 Ίδοῦ
2549 4963 2728 5015 τοίνυν
2786 4963 2816 5015 ὁ
2860 4961 2970 5014 τῶν
2998 4960 3134 5014 ὅλων
3163 4958 3366 5030 ἀγαθὸς
3407 4960 3725 5029 οἰκονόμος,
3759 4958 3786 5010 ὁ

2206 5055 2332 5116 τοὺς
2387 5052 2664 5114 ἐνιαυτοὺς
2714 5051 3033 5105 ἀνακυκλῶν
3085 5052 3180 5104 καὶ
3225 5049 3502 5120 κυϐερνῶν
3544 5049 3642 5121 τὴν
3677 5047 3786 5101 τῶν

2207 5150 2414 5221 χρόνων
2451 5147 2718 5219 περίοδον,
2751 5147 2957 5217 ἤγαγεν
2997 5145 3207 5216 ἡμέραν
3236 5146 3518 5215 σωτήριον,
3562 5140 3681 5195 καθ’
3717 5140 3784 5212 ἣν

2211 5237 2439 5310 σύνηθες
2461 5239 2591 5310 ἡμῖν
2607 5237 2792 5292 καλεῖν
2815 5238 2895 5300 εἰς
2917 5235 3188 5290 υἱοθεσίαν
3207 5235 3333 5298 τοὺς
3365 5232 3567 5298 ξένους,
3585 5231 3663 5295 εἰς
3687 5231 3785 5301 χά-

2212 5347 2359 5402 ριτος
2385 5328 2674 5401 μετουσίαν
2690 5327 2815 5391 τοὺς
2840 5326 3186 5398 πενομένους,
3210 5327 3289 5390 εἰς
3315 5324 3580 5394 κάθαρσιν
3610 5323 3788 5392 ἅμαρο

2210 5420 2341 5475 τιῶν
2379 5421 2505 5485 τοὺς
2547 5419 2973 5493 ὲρρυπωμένους
3022 5420 3130 5480 τοῖς
3173 5417 3627 5490 πλημμελήμασι.
3678 5413 3788 5467 Καὶ

529 5507 615 5556 ret
649 5499 947 5556 Servator:
983 5519 1002 5553 ι
1034 5499 1151 5557 Vox
1197 5502 1488 5559 clamantis
1526 5504 1580 5559 in
1608 5503 1826 5559 deserto
1857 5525 1869 5559 :
1908 5504 2104 5560 Par-ate

2208 5511 2364 5566 τοῦτό
2395 5513 2509 5566 ἐστι
2546 5511 2606 5566 τὸ
2632 5513 2858 5583 ἀρχαῖον
2887 5511 3062 5564 έκεῖνο
3093 5510 3355 5581 κήρυγμα
3375 5551 3388 5575 ,
3413 5507 3474 5561 τὸ
3516 5503 3790 5577 προλαϐὺν

530 5593 674 5647 viam
697 5589 933 5660 Domini,
966 5601 1150 5652 rectas
1172 5595 1335 5655 facile
1357 5597 1585 5653 semitas
1605 5596 1729 5667 ejus
1747 5597 1813 5654 ³³.
1847 5597 2030 5665 »ρυοά
2053 5598 2099 5653 si

2207 5605 2388 5676 ὀλίγον
2418 5604 2512 5661 τοῦ
2535 5605 2785 5677 Σωτῆρος
2819 5601 2923 5674 τὴν
2951 5602 3294 5674 ἐπιφάνειανο
3324 5621 3343 5654 ι
3367 5600 3524 5671 Φωνὴ
3556 5597 3790 5669 βοῶντος

605 5748 650 5780 ²³
682 5746 790 5805 lsa.
827 5762 915 5817 τι,
950 5747 1022 5817 3;
1053 5747 1246 5808 Matth.
1291 5765 1370 5816 Ill,
1403 5750 1454 5806 5.
1484 5767 1499 5819 ;
1551 5749 1718 5807 Mare.
1775 5767 1812 5820 ι,
1846 5751 1898 5807 3.
1926 5770 1939 5816 ;
1979 5751 2137 5810 Joan.
2168 5772 2202 5821 ι,
2236 5755 2325 5813 25.
