4124 6352
331 297 435 354 41⁸7

1726 320 1814 375 DE
1860 322 1942 377 BA
1954 321 2230 381 l’TISMO.

3501 332 3614 395 ΗΒ

325 417 386 512 ἐν
439 421 506 490 τῇ
563 421 776 494 ἐρήμην
831 424 1191 499 Ἑτοιμάσατε
1238 431 1338 503 τὴν
1379 433 1496 488 ὁδὸν
1540 438 1768 508 Κυρίου.
1819 442 1900 493 εὐ-

2019 457 2120 512 ego
2146 457 2246 497 nec:
2287 458 2409 498 sum
2442 441 2705 509 Joannes,
2738 459 2840 500 nec
2892 444 3106 504 David:
3153 455 3208 502 at
3249 451 3393 504 servi
3427 450 3606 507 Ιιιιιιιὶ-

299 507 478 574 ιθείας
505 515 688 566 ποεῖτε
728 515 830 579 τὰς
855 517 1078 586 τρίϐους
1116 522 1301 578 αὐτοῦ.
1331 545 1347 574 ι
1383 527 1444 579 Εἰ
1471 527 1528 579 δὲ
1559 531 1696 599 μήτε
1738 532 1914 585 Ἰωάνα

324 616 460 668 νης.
499 602 638 672 μήτε
679 606 845 660 Δαϐὶδ
891 606 1036 678 ἐγὼ,
1081 611 1216 666 ἀλλὰ
1255 615 1286 684 ἠ
1325 618 1648 688 ταπεινότης
1680 620 1774 673 τοῦ
1809 623 1914 674 ὑπ-

324 690 522 760 ηρέτου
552 691 629 764 μὴ
661 694 940 764 βλαπτέτω
962 698 1057 753 τοῦ
1087 703 1418 757 Δεσποτικοῦ
1444 705 1609 776 νόμου
1629 709 1728 780 τὴν
1751 710 1913 766 δύνα-

328 799 437 852 μιν.
469 780 607 836 Οὔτε
633 785 742 857 γάρ
771 789 896 852 τοὺς
925 793 1292 862 γραμματέας
1323 795 1432 848 τῶν
1455 797 1634 868 νόμων
1663 800 1915 871 αἰδούμε-

2023 533 2149 588 Iitas
2167 534 2274 604 legi
2299 535 2592 589 Dominicte
2617 551 2727 591 non
2759 536 2951 593 afferat
2979 538 3394 596 detrimentum.
3417 541 3606 612 Neque

2020 626 2168 680 enim
2200 626 2380 697 legum
2413 630 2716 698 scriptores
2765 631 3011 698 reverili,
3077 648 3338 705 paremus
3377 637 3448 690 iis
3481 653 3604 706 quae

2021 715 2092 770 ab
2124 717 2258 788 ipsis
2283 718 2552 788 jubentur
2582 738 2597 787 ;
2630 720 2726 776 sed
2767 721 3099 792 legislatoris
3132 726 3392 783 timentes
3443 737 3607 797 pater

2021 814 2244 873 statem,
2275 809 2454 880 jussis
2484 826 2586 867 nos
2609 813 3007 870 submittimus.
3039 813 3199 872 Venit
3225 820 3400 890 gratia
3432 822 3605 891 regis,

323 890 414 974 vat.
451 877 564 939 τοῖς
599 875 1043 952 διηγορευμένοις
1075 886 1376 958 πειθόμεθα
1400 906 1415 921 ·
1443 891 1579 946 ἀλλὰ
1618 893 1900 960 δεδοικότες

2017 897 2238 956 duobus
2271 901 2488 959 afﬂictis
2517 903 2810 962 ordinibus
2843 907 3158 962 concedens
3193 875 3605 978 τέιιιίεείοηυιη,

323 963 416 1017 τοῦ
438 965 748 1036 Νομοθέτου
775 969 875 1040 τὴν
904 971 1173 1040 ἐξουσίαν,
1197 976 1582 1050 ὑποκύπτομεν
1605 985 1717 1047 τοῖς
1743 999 1915 1054 προσ-

321 1055 614 1126 τάγμασιν.
649 1054 819 1114 Ἶίλθε
860 1063 1020 1133 χάρις
1058 1064 1312 1140 βασιλικὴ
1350 1069 1472 1123 δυσὶ
1508 1072 1756 1143 τάγμασι
1803 1074 1915 1128 θλι-

323 1147 572 1219 ϐομένοις
596 1154 928 1228 χαριζομένη
959 1157 1060 1228 τὴν
1097 1160 1280 1216 άνεσιν
1299 1178 1314 1194 ·
1345 1165 1459 1226 τοῖς
1485 1163 1788 1236 δεσμώταις
1819 1166 1913 1220 λύ-

324 1256 431 1306 σιν,
453 1246 564 1308 τοίς
593 1246 895 1315 ὀφειλέταις
928 1249 1294 1324 συγχώρησιν.
1325 1256 1434 1309 Καὶ
1461 1255 1548 1310 διὰ
1573 1256 1733 1311 τοῦτο
1755 1259 1911 1328 κάγὼ

322 1333 652 1408 ἀμφοτέροις
689 1342 802 1403 τοῖς
844 1343 1122 1413 τάγμασιν
1147 1383 1162 1409 ,
1209 1345 1281 1400 τά
1329 1349 1646 1420 κατάλληλα
1700 1353 1909 1423 ἰατρεῖα

320 1426 522 1495 άνοίγω
547 1445 560 1458 ·
585 1430 680 1482 καὶ
710 1431 849 1501 μετά
886 1434 1089 1504 πολλῆς
1129 1438 1508 1511 πεποιθήσεως
1537 1441 1908 1515 ὑπισχνοῦμαι

319 1516 419 1589 τὴν
447 1520 514 1572 ἐκ
546 1521 645 1591 τῆς
677 1524 994 1594 ἐπιμελείας
1024 1528 1299 1597 βοήθειαν.

397 1609 516 1664 Ἵνα
542 1610 600 1664 δὲ
633 1612 710 1684 μὴ
735 1615 933 1689 νομίσῃ
955 1634 1038 1680 τις
1064 1619 1438 1676 πολυδάπανον
1465 1622 1565 1696 τὴν
1585 1623 1904 1698 θεραπείαν,

2017 1005 2214 1061 nempe
2241 991 2441 1048 vinctis
2489 993 2896 1059 liberationem.
2929 997 3272 1056 debitoribus
3303 1000 3473 1056 debiti
3517 1017 3604 1058 re-

2013 1080 2358 1136 missionem.
2402 1082 2470 1137 Et
2498 1083 2621 1138 ideo
2638 1100 2741 1156 ego
2771 1101 2990 1156 quoque
3012 1089 3280 1145 ambobus
3312 1091 3606 1148 ordinibus

2013 1174 2430 1229 convenientem
2486 1177 2674 1246 aperio
2712 1177 3071 1247 medicinam;
3121 1190 3175 1236 et
3223 1197 3348 1237 cum
3401 1199 3602 1255 magna

2015 1264 2217 1318 tidneia
2251 1267 2516 1337 polliceor
2533 1269 2678 1339 quod
2711 1285 2781 1324 es
2804 1270 3086 1342 diligentia
3121 1274 3382 1344 procedet
3433 1278 3598 1332 auxi-

2082 1625 2160 1684 Ne
2185 1629 2313 1700 quis
2340 1640 2518 1688 autem
2545 1632 2846 1698 existimet,
2865 1635 3198 1690 medicinam
3219 1650 3344 1693 esse
3381 1651 3601 1710 magna!

317 1701 457 1756 αὐτὰ
486 1704 736 1775 προλέγω
765 1707 834 1761 τὰ
859 1710 1128 1780 φάρμακα
1155 1707 1236 1776 οἷς
1263 1713 1493 1786 ἐξιῶμαι
1521 1719 1648 1782 τοὺς
1673 1719 1900 1789 κάμνον-

317 1808 418 1820 ---
467 1794 593 1820 Ilus-
645 1795 744 1820 .-ιη
786 1798 891 1820 --μ
927 1799 989 1820 ς...
1023 1800 1084 1820 ευ,
1315 1806 1328 1820 .
1371 1804 1390 1820 ς
1567 1807 1594 1819 -
1629 1808 1643 1820 .
1772 1809 1796 1820 -

2014 1717 2291 1788 impensae,
2356 1722 2595 1791 praedico
2633 1726 2753 1794 ipsa
2798 1724 3220 1792 medicamenta,
3274 1744 3400 1798 qua:
3457 1701 3589 1785 sunt

315 1808 436 1856 τας.
467 1794 593 1858 Τοῖς
643 1795 744 1866 μὲν
786 1798 896 1870 γάρ
922 1799 989 1853 δι’
1021 1800 1214 1866 ὕδατος
1243 1806 1338 1859 καὶ
1371 1804 1596 1880 λουτροῦ
1626 1808 1909 1881 ἐγγυῶμαι

317 1882 418 1954 τὴν
446 1884 660 1953 ὑγείαν,
705 1887 814 1942 τῶν
845 1890 902 1943 δὲ
931 1892 998 1945 δι’
1020 1893 1216 1964 ὀλίγων
1244 1896 1495 1969 δακρύων
1524 1899 1789 1971 ἐξαλείφω
1810 1902 1911 1973 τὴν

315 1977 495 2034 νόσον.
548 1979 721 2052 Ἀπλῆ
753 1983 862 2056 γὰρ
901 1985 934 2055 ἡ
967 1988 1359 2060 μεταχείρησις
1380 2033 1396 2058 ,
1427 1992 1523 2046 καὶ
1566 1992 1910 2064 θεόπεμπτος

314 2071 352 2140 ἡ
382 2070 582 2142 δωρεὰ,
614 2075 709 2128 καὶ
737 2077 948 2149 μεγάλη
979 2077 1197 2150 ἀληθῶς
1226 2083 1260 2152 ἡ
1284 2083 1558 2156 ἐπιτυχία,
1588 2087 1756 2158 χωρὶς
1785 2088 1910 2141 καύ-

317 2180 456 2228 σεως
507 2165 542 2237 ἢ
590 2167 766 2238 τομῆς
805 2169 1032 2242 χρονίων
1063 2173 1442 2246 ἀπαλλαγῆναι
1473 2179 1803 2250 τραυμάτων
1829 2219 1845 2244 ,
1873 2181 1910 2235 ἃ.

313 2256 505 2321 κακῶς
536 2259 812 2332 ἐπάθομεν
852 2265 916 2317 ἐκ
956 2264 1065 2318 τῶν
1094 2265 1391 2338 δηγμάτων
1427 2268 1524 2323 τοῦ
1554 2269 1750 2340 δφεως.
1783 2273 1910 2327 Ἐλ-

311 2348 438 2403 θετε
471 2345 564 2405 οὖν
585 2394 600 2419 ,
629 2353 680 2407 οἱ
709 2357 1088 2429 κεκακωμένοι
1113 2398 1128 2423 ,
1176 2360 1314 2432 πρὸς
1340 2360 1440 2432 τὴν
1479 2363 1690 2418 ἑαυτῶν
1717 2365 1910 2437 ἐπιμέ-

312 2440 467 2495 λειαν
487 2483 503 2505 ,
547 2445 640 2498 καὶ
674 2446 748 2517 μὴ
793 2448 1038 2520 ῥᾳθυμίᾳ
1061 2449 1181 2504 δότε
1211 2451 1274 2505 τὸ
1301 2455 1553 2526 πρᾶγμα.
1578 2456 1752 2522 Νόσος
1797 2457 1909 2531 γὰρ

311 2534 689 2591 παλαιωθείσα
728 2539 824 2593 καὶ
856 2541 1218 2612 ἐγχρονίσασα
1239 2585 1256 2610 ,
1283 2545 1478 2616 τέχνης
1506 2547 1800 2618 θεραπείας
1822 2549 1910 2619 γί-

310 2643 462 2680 νεται
505 2628 791 2699 κρείττων.
836 2633 898 2684 Οἱ
945 2631 1178 2704 πένητες
1231 2635 1326 2689 καὶ
1373 2638 1592 2704 ἐνδεεῖς,
1630 2639 1906 2696 σπεύσατε

311 2718 452 2791 πρὸς
481 2721 580 2792 τὴν
623 2722 886 2796 διανομὴν
922 2725 1032 2778 τῶν
1061 2725 1355 2796 βασιλικῶν
1400 2731 1758 2801 χαρισμάτων
1779 2749 1796 2763 °
1837 2734 1907 2787 τὰ

310 2811 585 2883 πρόϐατα,
608 2814 746 2886 πρὸς
761 2814 858 2886 τὴν
891 2803 1164 2888 σᾷραγῖδα
1188 2819 1283 2872 καὶ
1308 2819 1368 2874 τὸ
1391 2824 1615 2892 σημεῖον
1639 2825 1732 2876 τοῦ
1753 2841 1908 2878 σταυ-

311 2903 409 2975 ροῦ
437 2905 496 2957 τὸ
525 2904 633 2958 τῶν
652 2907 841 2959 κακῶν
869 2908 1249 2981 ἀλεξητήριον.
1277 2910 1406 2964 Δότε
1436 2930 1525 2984 μοι
1553 2914 1621 2967 τά
1642 2915 1900 2986 ὀνόματα,

310 2996 398 3048 ἵνα
429 2995 539 3064 ἐγὼ
572 2999 667 3068 μὲν
705 2999 844 3053 αὐτὰ
873 3004 992 3063 ταῖς
1021 3001 1307 3072 αἰσθηταῖς
1350 3005 1640 3076 ἐγχαράξω
1679 3008 1900 3077 βίϐλοις,

2011 1809 2319 1867 adhibenda
2354 1814 2754 1872 laborantibus.
2782 1815 2918 1871 Nam
2947 1817 3056 1874 illis
3077 1819 3298 1890 quidem
3336 1823 3598 1892 promitto

2009 1902 2302 1958 sanitatem
2335 1919 2433 1975 per
2463 1920 2662 1976 aquam
2699 1915 2753 1961 et
2796 1907 3118 1973 lavacrum,
3163 1910 3360 1965 horum
3411 1920 3599 1967 autem

2009 2010 2108 2066 per
2142 2012 2349 2067 paucas
2382 1997 2665 2071 lacrymas
2688 1999 2846 2055 deleo
2873 2001 3144 2058 morbum.
3177 2002 3274 2060 Est
3300 2005 3446 2060 enim
3468 2005 3604 2061 sima

2009 2087 2130 2157 plex
2165 2089 2481 2159 applicatio,
2517 2099 2572 2146 et
2601 2105 2632 2144 a
2684 2090 2798 2146 D‘eo
2826 2092 3060 2150 missum
3108 2094 3338 2161 donum,
3393 2106 3449 2151 et
3479 2102 3602 2152 ma'o

2010 2193 2150 2248 gnus
2178 2195 2366 2235 revera
2389 2193 2642 2245 eventus,
2679 2184 2891 2254 absque
2920 2185 3139 2241 ustione
3182 2195 3237 2241 et
3266 2188 3513 2244 sectione
3559 2201 3591 2243 ιι

2008 2271 2286 2328 diuturnis
2321 2274 2546 2328 liberari
2602 2275 2953 2342 vulneribus,-
2995 2293 3120 2347 qua:
3153 2279 3298 2350 passi
3333 2294 3526 2337 sumus
3563 2300 3594 2337 a

2009 2377 2196 2419 morsu
2225 2365 2518 2435 serpentis.
2573 2364 2768 2422 Venite
2830 2383 2984 2440 ergo,
3039 2371 3134 2440 qui
3195 2371 3357 2426 malis
3411 2370 3595 2429 affecti

2008 2455 2164 2518 estis,
2194 2455 2261 2510 ad
2312 2466 2550 2512 vestram
2581 2458 2951 2525 curationem,
2994 2475 3172 2532 neque
3200 2476 3315 2517 rem
3349 2463 3593 2535 negliga-

2010 2547 2097 2602 tis.
2132 2546 2356 2604 Morbus
2409 2551 2554 2604 enim
2605 2548 2907 2607 diuturnus
2931 2559 2988 2607 et
3049 2552 3388 2610 inveteratus
3419 2563 3593 2610 artem

2009 2651 2238 2709 superat
2265 2650 2319 2695 et
2346 2628 2719 2695 curationem.
2759 2639 3039 2713 Pauperes
3068 2653 3124 2700 et
3152 2654 3402 2714 egentes,
3434 2645 3594 2703 festio

2010 2741 2135 2786 uate
2177 2731 2244 2786 ad
2287 2731 2734 2786 distributionem
2779 2733 3054 2788 donorum
3091 2737 3397 2806 regalium;
3435 2753 3592 2799 oves.

2009 2823 2077 2878 ad
2099 2824 2438 2894 signaculum
2475 2831 2530 2876 et
2569 2824 2787 2893 signum
2822 2826 3037 2889 crucis,
3061 2826 3207 2897 quod
3247 2829 3405 2884 nalis
3432 2845 3594 2900 opem

2009 2915 2113 2970 fert
2140 2923 2194 2970 et
2233 2915 2559 2971 remedium.
2624 2915 2757 2970 Date
2807 2917 2938 2971 milii
2971 2917 3218 2986 nomina,
3279 2929 3340 2974 ut
3371 2937 3474 2992 ego
3527 2940 3598 2976 ea

2008 3007 2319 3077 imprimam
2352 3007 2505 3061 libris
2546 3007 2864 3070 sensilibus,
2899 3017 2954 3062 et
2984 3009 3222 3065 scribam
3248 3022 3589 3080 atramento;

310 3088 408 3141 xui.
431 3088 626 3158 γράςω
654 3091 733 3161 τῷ
767 3091 952 3161 μέλανι
979 3108 994 3123 ο
1025 3092 1158 3157 Θεὸς
1195 3093 1253 3146 δὲ
1274 3097 1395 3159 ταῖς
1425 3097 1725 3170 ἀφθάρτοις
1763 3101 1900 3154 πλα-

2009 3098 2153 3154 Deus
2182 3107 2363 3152 autem
2393 3115 2456 3152 ea
2489 3099 2666 3168 signet
2696 3098 2750 3152 iu
2780 3099 3006 3162 tabulis,
3042 3101 3098 3156 in
3132 3119 3273 3173 quas
3307 3119 3417 3158 non
3443 3107 3591 3160 cadit

309 3176 392 3243 Eiv
437 3179 849 3249 ἐνσημήνηται,
896 3181 1144 3253 δακτύλῳ
1190 3184 1407 3256 γράψας
1463 3187 1614 3260 ἰδίῳ,
1648 3189 1724 3254 ῶς
1770 3209 1900 3246 ποτε

308 3272 425 3333 τοῖς
464 3270 734 3342 Ἑϐραίοις
764 3271 856 3325 τὸν
885 3273 1067 3343 νόμον.

384 3379 404 3412 ι
439 3361 771 3432 Προσέλθετε
807 3365 945 3434 πρὸς
986 3365 1151 3420 αὑτὸν
1195 3368 1290 3420 καὶ
1338 3369 1664 3443 φωτίσθητε.
1709 3375 1900 3429 καὶτὰ

310 3452 583 3523 πρόσωπα
655 3455 811 3526 ὑμῶν
874 3457 936 3510 οὐ
992 3458 1069 3530 μὴ
1133 3465 1526 3534 καταισχυνθῇ.
1594 3467 1898 3533 Λούσασθε,

308 3544 576 3611 ἀφέλεσθε
603 3546 702 3611 τὰς
731 3549 1002 3621 ἁμαρτίας
1030 3551 1204 3621 ὑμῶν.
1249 3577 1266 3607 ι
1314 3555 1500 3610 Ταῦτα
1538 3559 1753 3630 ἐγράφη
1794 3563 1900 3634 πρὸ

309 3636 511 3690 πολλοῦ
534 3655 546 3665 ·
579 3639 677 3692 οὐκ
709 3641 1022 3716 ἐπαλαιώθη
1065 3644 1122 3696 δὲ
1153 3645 1261 3698 τῶν
1299 3649 1644 3718 γραμμάτων
1671 3653 1704 3722 ἡ
1741 3651 1900 3706 δύνα-

311 3743 423 3796 μις,
452 3727 566 3780 ἀλλ’
596 3730 831 3799 ἀκμάζει
862 3731 955 3784 καὶ
988 3733 1110 3786 καθ’
1141 3735 1352 3808 ἡμέραν
1388 3737 1583 3809 ἰσχύει.
1625 3740 1897 3809 Ἐξὲλθετε

305 3821 401 3874 τοῦ
421 3821 479 3874 δε
490 3824 821 3894 εμωτηρίου,
847 3828 1170 3898 παρακαλῶ.
1194 3832 1476 3902 Μισήσατε
1497 3833 1565 3888 τά
1597 3835 1695 3905 τῆς
1716 3837 1899 3908 ἁμαρ-

304 3912 424 3978 τίας
463 3917 715 3970 σκοτεινὰ
762 3918 1072 3992 οίκητήρια.
1108 3921 1342 3992 Φεύγετε
1381 3925 1472 3978 τὸν
1509 3925 1788 3992 διάϐολον,
1822 3929 1898 3994 ὡς

306 4007 506 4076 πικρὸν
534 4007 919 4078 δεσμοφύλακα
942 4050 958 4072 ,
993 4013 1057 4066 ἐκ
1103 4013 1204 4083 τῆς
1255 4020 1541 4089 συμφορᾶς
1573 4020 1684 4074 τῶν
1715 4023 1898 4094 ἁμαρ-

303 4097 495 4152 τωλῶν
525 4101 858 4171 τρεφόμενον
910 4106 1005 4157 καὶ
1057 4105 1421 4177 κερδαίνοντα.
1478 4110 1564 4174 Ὡς
1611 4111 1722 4184 γάρ
1766 4113 1898 4178 Θεὸς

304 4189 656 4262 εὐφραίνεται
691 4195 808 4257 ταῖς
837 4193 1205 4261 δικαιοσύναις
1231 4200 1410 4269 ἡμῶν,
1442 4200 1611 4267 οὕτως
1639 4204 1895 4275 ἐφήδεται

301 4284 415 4346 τοῖς
467 4283 915 4355 παραπτώμασιν
965 4289 994 4342 ὁ
1052 4287 1152 4359 τῆς
1191 4291 1464 4362 ἁμαρτίας
1515 4293 1708 4360 αἴτιος.
1752 4296 1897 4364 Ἔξω

302 4374 396 4428 τοῦ
429 4375 758 4446 παραδείσου
799 4378 1116 4448 τυγχάνεις,
1153 4382 1182 4435 ὁ
1224 4384 1665 4456 κατηχούμενος,
1703 4403 1889 4440 κοινω-

2008 3191 2292 3256 iuteritus,
2335 3190 2586 3246 scribens
2641 3190 2866 3261 proprio
2915 3191 3092 3264 digito
3145 3202 3206 3249 ut
3235 3195 3367 3250 olim
3417 3196 3595 3269 legem

2004 3282 2266 3339 Hebraeis.
2821 3295 2823 3297 ‘

2081 3393 2102 3427 ι
2132 3375 2388 3430 Accedite
2405 3375 2470 3431 ad
2491 3393 2616 3432 eum
2636 3387 2691 3434 et
2711 3381 3128 3448 illutninatniui,
3144 3390 3199 3438 et
3222 3383 3403 3440 vultus
3419 3384 3596 3440 vestiti

2001 3469 2229 3523 minime
2253 3475 2461 3539 pudore
2479 3472 2787 3527 adiciantur
2804 3474 2871 3528 ".
2909 3475 3212 3543 Lavamiui,
3239 3479 3448 3532 auferte
3470 3495 3590 3549 peo

2001 3569 2120 3616 cata
2143 3569 2324 3617 vestra
2338 3563 2406 3616 “.
2441 3585 2460 3616 ι
2486 3563 2610 3620 Ilaec
2629 3565 2850 3636 quidem
2871 3567 3034 3637 longo
3052 3575 3298 3638 tempore
3319 3577 3445 3622 ante
3459 3571 3594 3624 seri.

2001 3661 2092 3723 pta
2125 3665 2293 3711 sunt:
2340 3658 2673 3727 scriptorum
2717 3667 2902 3714 autem
2945 3661 3027 3716 vis
3060 3661 3282 3716 minime
3309 3669 3395 3716 est
3442 3663 3583 3717 anti-

1999 3759 2168 3816 quata
2197 3787 2213 3811 ,
2249 3749 2344 3802 sed
2373 3749 2520 3818 viget
2566 3759 2619 3804 et.
2652 3750 2703 3804 iu
2739 3752 2854 3807 dies
2881 3752 3187 3807 invalescit.
3223 3751 3376 3807 Exite
3403 3769 3434 3808 e
3471 3770 3587 3808 raro

2001 3853 2152 3904 cere,
2181 3853 2280 3894 vos
2330 3855 2484 3910 rogo.
2528 3837 2668 3894 Odia
2703 3841 2898 3898 habete
2934 3844 3224 3899 tenebrosa
3286 3844 3402 3899 vitii
3438 3845 3592 3900 babi-

2000 3929 2202 3984 tacula.
2231 3927 2424 4000 Fugite
2455 3932 2756 3996 diabolum,
2791 3941 3055 4005 tanquam
3093 3935 3353 3991 acerbum
3388 3953 3587 3992 eorum

1998 4018 2091 4088 qui
2117 4028 2246 4073 sunt
2281 4018 2334 4072 in
2386 4020 2649 4086 vinculis,
2672 4022 2982 4091 custodem,
3011 4024 3105 4094 qui
3132 4040 3196 4078 ex
3231 4037 3582 4092 peccatorum

1997 4111 2310 4166 calamitate
2355 4114 2600 4166 nutritur
2655 4121 2710 4167 et
2770 4124 3035 4184 qua-stum
3100 4115 3254 4172 facit.
3296 4116 3584 4182 Quomodo

1997 4202 2142 4258 enim
2164 4202 2401 4272 justitiis
2427 4203 2638 4259 nostris
2687 4204 2907 4258 laztatur
2935 4205 3099 4270 Deus,
3151 4207 3224 4261 ita
3258 4207 3460 4278 gaudet
3488 4209 3586 4263 de-

1998 4293 2144 4349 lictis
2177 4294 2245 4358 is,
2280 4296 2372 4365 qui
2409 4305 2493 4350 est
2524 4303 2720 4350 auctor
2746 4297 2976 4365 peccati.
3032 4296 3104 4353 Es
3151 4305 3308 4352 extra
3359 4301 3584 4368 par-adio

1997 4400 2140 4450 sum,
2166 4387 2583 4451 cateclnunene,
2615 4388 2802 4442 socius
2832 4387 3014 4442 exsilii
3049 4388 3180 4443 Ada:
3209 4389 3370 4458 primi
3401 4392 3582 4446 nostri

303 4465 410 4519 νῶν
428 4469 527 4537 τῆς
555 4466 766 4538 ἐξορίας
791 4468 871 4540 τῷ
909 4470 1076 4543 Ἀδάμ
1109 4471 1187 4543 τῷ
1225 4475 1550 4548 προπάτορι.
1582 4477 1696 4530 Νῦν
1719 4478 1773 4531 δέ
1810 4496 1893 4533 σοι

2003 4479 2261 4549 parentis.
2289 4477 2448 4534 Nunc
2479 4487 2664 4534 autem
2695 4480 2839 4535 ostio
2891 4479 2989 4535 tibi
3044 4456 3235 4551 aperto
3295 4482 3582 4555 ingredere

303 4558 404 4628 τῆς
433 4558 603 4630 θύρας
625 4561 1089 4634 ύπανοιγομὲνης,
1131 4564 1338 4620 εἴσελθε
1363 4566 1487 4621 ὅθεν
1513 4568 1762 4640 ἐξῆλθες,
1797 4571 1892 4624 καὶ

308 4651 382 4722 μὴ
423 4651 725 4726 βραδύνῃς,
760 4655 942 4724 μήπου
977 4653 1207 4721 θάνατος
1241 4661 1612 4731 παρεμπεσὼν
1643 4662 1892 4734 ἀποφρά-

308 4740 372 4815 En
399 4744 497 4816 τὴν
535 4745 761 4802 εἴσοδον.
806 4747 869 4800 'H
904 4750 1112 4820 κεφαλὴ
1162 4750 1348 4806 λοιπὸν
1380 4752 1719 4809 λευκαίνεται
1743 4796 1758 4818 ,
1791 4757 1886 4811 τοῦ

309 4835 423 4906 βίου
466 4838 528 4891 τὸ
562 4838 719 4910 θέρος
767 4841 972 4909 ἐγγὺς,
1027 4843 1169 4914 τάχα
1196 4846 1455 4900 άκονᾶται
1496 4847 1618 4901 καθ’
1645 4849 1802 4919 ἡμῶν
1851 4852 1885 4922 ή

305 4925 580 4998 δρεπάνη,
616 4930 713 4983 καὶ
758 4931 972 4985 δέδοικα
994 4971 1010 4997 ,
1073 4933 1148 5004 μὴ
1201 4933 1568 4991 καθευδόντων
1607 4938 1763 5010 ἡμῶν
1793 4941 1887 4994 καὶ

307 5017 774 5091 ἐνασχολουμένων
819 5025 938 5086 ταῖς
979 5023 1236 5094 ματαίαις
1278 5027 1662 5097 ματαιότησιν,
1692 5029 1887 5102 ἀθρόον

308 5108 498 5185 ἐπιστῇ
529 5113 758 5185 φοϐερὸς
781 5115 808 5167 ὁ
847 5114 1078 5181 τέμνων.
1125 5115 1265 5170 Ἀλλ’
1291 5119 1436 5189 ἐρεῖς
1472 5121 1501 5174 δ
1540 5121 1658 5184 νέος
1683 5138 1698 5153 ο
1730 5121 1887 5176 Οὐδέ-

308 5215 394 5252 πω
430 5204 738 5272 γεγήρακα.
772 5203 863 5275 Μὴ
897 5204 1079 5260 τοίνυν
1111 5207 1441 5280 άπατηθήσῃ
1463 5225 1478 5239 ’
1509 5209 1738 5276 θάνατος
1775 5212 1884 5286 γάρ

308 5292 663 5365 προθεσμίαις
684 5293 910 5366 ἡλικιῶν
934 5297 1033 5368 οὐχ
1056 5298 1315 5370 ὁρίζεται,
1345 5301 1466 5354 οὐδέ
1492 5303 1736 5372 φοϐεῖται
1760 5308 1887 5372 τοὺς

310 5381 366 5432 ἐν
394 5383 543 5456 ἀκμῇ
567 5425 582 5449 ,
613 5385 754 5439 κατά
798 5387 853 5440 δὲ
897 5389 1170 5461 γερόντων
1206 5391 1366 5461 μόνον
1400 5391 1514 5461 ἔχει
1562 5393 1624 5446 τὸ
1661 5394 1882 5465 κράτος.

311 5470 417 5527 Καὶ
448 5475 634 5530 τούτου
667 5477 805 5549 μάθε
845 5479 944 5551 τὴν
971 5480 1346 5554 καθημερινὴν
1386 5485 1582 5554 πεῖραν
1623 5484 1882 5540 διδάσκαο

307 5558 414 5618 λον.
452 5563 615 5638 Ὁρᾷς
646 5569 755 5638 γάρ
783 5570 883 5642 τὴν
911 5570 1101 5644 κλίνην
1131 5573 1228 5644 τῆς
1270 5575 1540 5647 ἐκφορᾶς,
1573 5575 1720 5642 ὅπως
1742 5579 1876 5631 άνω-

373 5738 424 5774 ²δ
450 5740 591 5798 Psal.
643 5761 842 5816 xum,
875 5748 931 5806 6.
1006 5748 1054 5781 "
1088 5749 1193 5806 lsa.
1226 5766 1266 5819 t,
1303 5749 1393 5807 16.

1991 4570 2135 4626 unde
2163 4586 2222 4626 es
2251 4587 2532 4643 egressus,
2583 4579 2639 4626 et
2671 4587 2740 4627 ne
2765 4572 2970 4637 tardes,
3009 4589 3076 4628 ne
3131 4574 3176 4628 si
3234 4574 3375 4630 forte
3424 4591 3582 4634 mors

1988 4662 2270 4726 inciderit,
2329 4679 2392 4717 ea
2429 4664 2524 4718 tibi
2559 4663 2813 4718 obstruat
2844 4665 3073 4720 aditum.
3111 4659 3288 4735 Caput
3329 4667 3441 4734 jam
3479 4680 3581 4723 ca-

1988 4756 2203 4813 nescit:
2247 4772 2417 4827 prt-pe
2469 4769 2551 4813 est
2584 4767 2749 4813 testas
2810 4759 2972 4815 vitae:
3011 4760 3067 4813 in
3105 4777 3204 4815 nos
3263 4760 3406 4816 forte
3465 4761 3579 4819 falx

1985 4847 2222 4909 acuitur,
2253 4855 2308 4901 et
2333 4848 2522 4907 timeo.
2555 4863 2622 4902 ne
2653 4848 2814 4902 nobis
2838 4849 3263 4915 dormientilms,
3290 4861 3344 4905 et
3376 4852 3430 4906 in
3465 4867 3574 4906 una

1994 4955 2094 5008 spe
2121 4930 2430 5009 occupatis,
2478 4951 2700 5009 repente
2755 4942 2983 4995 accedat
3025 4957 3239 4995 messor
3287 4941 3572 4999 terribilis.

1996 5023 2135 5092 Sed,
2153 5028 2306 5084 dices
2335 5037 2418 5095 tu,
2451 5030 2630 5098 quies
2661 5027 2882 5096 juvenis
2919 5045 2934 5082 :
2971 5028 3223 5084 Nondum
3282 5034 3570 5089 consenui.

1993 5119 2114 5174 Noli
2143 5134 2274 5190 ergo
2303 5119 2507 5189 decipi.
2545 5117 2662 5172 Non
2685 5119 2950 5174 delinitur
2972 5133 3120 5173 mors
3145 5127 3300 5174 certo
3328 5127 3574 5191 tempore

1985 5213 2184 5277 :etatis,
2204 5226 2385 5282 neque
2411 5211 2562 5265 timet
2583 5225 2678 5264 eos
2711 5209 2806 5280 qui
2833 5217 2964 5264 sunt
2986 5210 3040 5264 in
3073 5210 3193 5280 ipso
3215 5208 3347 5266 flore
3370 5213 3576 5277 :etatis,

1986 5302 2041 5358 in
2074 5304 2224 5359 solos
2265 5311 2447 5357 autem
2490 5317 2652 5356 senes
2697 5301 2912 5357 obtinet
2970 5301 3337 5356 dominatum.
3393 5299 3573 5374 Hujus

1983 5402 2164 5450 autem
2186 5395 2380 5466 accipe
2398 5395 2716 5464 tttagislram
2738 5391 3118 5464 quotidianam
3147 5393 3571 5463 experientiam.

1993 5488 2154 5543 \‘ides
2189 5490 2359 5552 enim,
2383 5503 2492 5560 quo
2509 5487 2715 5541 mortui
2741 5486 3066 5553 efferuntur,
3095 5485 3377 5552 feretrum,
3403 5502 3568 5558 quant

1988 5580 2350 5654 inaequaliter,
2382 5588 2437 5637 et
2466 5589 2526 5635 ut
2559 5580 2810 5653 contigit,
2871 5595 3090 5636 omnem
3142 5578 3298 5637 ellert
3331 5588 3568 5650 a-tatem,
