4124 6352
519 314 629 372 M9

1777 309 1833 365 S.
1859 303 2185 365 CREGORII
2239 303 2534 362 NYSSENI

3672 311 3779 368 420

523 429 688 486 hodie
710 443 930 495 senem,
955 443 1082 485 cras
1123 425 1406 485 ﬂorentem
1458 437 1515 484 et
1561 428 1861 499 elegantem
1905 424 2092 480 adole-

2208 422 2387 492 μάλως
2405 462 2421 489 ,
2448 423 2545 478 καὶ
2577 422 2653 487 ὡς
2699 421 2859 495 ἔτυχε
2879 463 2895 481 .
2927 423 3106 478 πᾶσαν
3129 422 3348 496 ἡλικίαν
3374 419 3589 493 ἐξάγει,
3620 424 3785 494 σήμεο

522 531 795 584 mentem,
835 521 1002 592 paulo
1045 530 1173 591 post
1217 536 1342 577 cum
1398 521 1485 575 cui
1549 527 1789 591 coeperat
1838 530 2102 589 apparere

522 612 725 684 lanugo
756 628 772 667 :
804 630 999 669 rursus
1046 613 1229 668 virum
1260 612 1547 669 robustum
1574 620 1631 667 et
1664 612 1934 666 valentem
1970 608 2103 679 viri-7

520 703 648 769 bus,
673 713 730 760 et
754 720 946 761 rursus
977 704 1220 761 vetulam
1251 705 1414 760 simul
1444 713 1499 760 et
1529 703 1821 774 virginem.
1869 699 1996 756 Haec
2037 714 2101 755 a-

521 798 820 867 spicientes
847 813 945 853 nos
966 798 1303 865 muniamus,
1328 805 1387 851 ut
1408 812 1515 852 non
1540 798 1714 853 simus
1743 803 1886 850 metu
1916 794 2101 853 vacui.

520 884 641 941 Non
688 901 887 958 magno
935 887 1153 942 eveniet
1198 887 1418 958 negotio
1460 895 1519 941 ut
1572 885 1923 942 exinaniatur
1981 891 2103 939 uter

520 979 775 1049 spiritus,
811 979 859 1034 si
898 995 962 1035 os
1019 994 1211 1049 parum
1273 980 1438 1035 fuerit
1472 989 1754 1050 apertum,
1809 993 1985 1049 neque
2017 983 2103 1032 est

519 1070 742 1127 diﬂicile
805 1069 1083 1126 hominem
1166 1079 1447 1127 momento
1519 1072 1795 1143 temporis.
1861 1072 2101 1128 animam

520 1161 796 1216 emittere.

592 1249 785 1317 Video,
840 1249 1061 1320 quando
1093 1251 1294 1320 aliquis
1347 1260 1506 1307 terra:
1549 1260 1732 1308 motus
1786 1254 1840 1308 in
1896 1252 2102 1309 mundo

519 1350 747 1397 exortus
797 1342 995 1405 fuerit,
1043 1353 1139 1396 aut
1186 1345 1356 1399 l‘atttes
1402 1344 1642 1413 pestisre
1693 1345 1963 1413 saevierit,
2010 1352 2105 1399 aut

521 1434 757 1503 irruptio
790 1435 932 1488 facta
978 1436 1049 1491 sit
1084 1435 1455 1500 inimicorum,
1505 1436 1766 1493 festinare
1803 1453 1997 1495 omnes
2033 1437 2101 1492 ad

521 1526 925 1597 baptisterium,
962 1543 1034 1583 ne
1068 1529 1223 1583 vacui
1259 1530 1435 1601 gratia
1466 1529 1731 1585 excedant
1765 1531 1834 1585 ab
1866 1530 2104 1585 homini-

512 1617 649 1677 .bus.
681 1618 822 1686 Quid
858 1620 1031 1675 vero?
1066 1619 1262 1675 Annon
1316 1620 1411 1677 alii
1444 1622 1580 1676 varii
1617 1630 1671 1678 et
1704 1622 1972 1693 inopinati
2008 1638 2103 1678 ca-

521 1726 619 1773 sus
649 1712 896 1767 eamdem
932 1713 1042 1768 vim
1075 1712 1279 1769 habent
1313 1729 1478 1784 quam
1514 1714 1606 1768 illa
1648 1717 1837 1769 mala?
1865 1716 2104 1787 Apople-

520 1804 660 1870 xite,
691 1820 948 1876 syncopat
967 1844 984 1871 ,
1014 1780 1736 1876 inopinataavsuli'ocationes
1756 1847 1773 1874 ,
1810 1780 2100 1865 ventorum
2136 1780 2177 1836 Β

530 1895 807 1953 irruentes
820 1898 1105 1967 procellae?
1126 1896 1315 1953 Nonne
1335 1898 1604 1964 videmus,
1621 1913 1718 1956 eos
1738 1900 1830 1970 qui
1848 1908 2101 1967 currunt,

524 1986 764 2053 cadere,
796 1995 852 2042 et
884 1988 980 2059 qui
1016 1989 1349 2054 comedunt,
1389 1990 1552 2060 plane
1585 2006 1811 2048 cessare
1848 2008 1879 2047 a
1920 1993 2104 2048 nutri-

523 2086 850 2147 mento,.et
892 2078 987 2148 qui
1037 2076 1318 2132 dormiunt
1374 2077 1504 2133 duci
1543 2079 1610 2133 ad
1653 2088 1882 2134 mortem
1923 2079 2104 2134 somni

523 2168 823 2227 sororem?
862 2166 1141 2223 Conlirma
1184 2176 1239 2223 et
1282 2168 1465 2223 stabili
1513 2170 1639 2224 vita:
1686 2169 2103 2225 instabilitatem

526 2268 584 2315 et
622 2258 1100 2322 incertitudinem.
1142 2257 1264 2314 Noli
1303 2260 1612 2331 negotiari,
1659 2269 1754 2316 aut
1802 2263 2103 2335 cauponari

522 2351 792 2424 gratiam,
828 2365 898 2407 ne
931 2365 963 2405 a
990 2349 1134 2405 dono
1172 2350 1418 2406 excidas.
1452 2350 1690 2407 Tantum
1719 2352 1857 2409 debe
1880 2395 1895 2420 ,
1929 2369 2105 2424 quan-

526 2453 644 2497 tum
682 2441 859 2513 possit
893 2441 1232 2511 condonari,
1274 2448 1329 2497 et
1362 2441 1508 2511 quod
1550 2458 1661 2499 non
1701 2445 1878 2515 possit
1917 2447 2107 2501 exclu-

521 2536 655 2608 dere
701 2534 848 2605 regis
892 2532 1310 2605 benignitatem.
1360 2534 1549 2609 Terrae
1596 2537 1744 2592 enim
1788 2538 2103 2609 principes,

522 2624 752 2698 quando
805 2624 1048 2695 aliquem
1101 2608 1609 2696 acccperint,‘qui
1666 2627 1885 2697 publica
1937 2608 2105 2698 supra

523 2716 759 2773 modum
777 2715 1067 2788 appetierit
1086 2755 1102 2783 ,
1132 2726 1187 2771 et
1218 2731 1277 2773 se
1306 2716 1454 2786 regia
1488 2718 1722 2787 pecunia
1748 2720 1913 2774 etiam
1941 2735 2105 2789 supra

509 2810 836 2865 satietatem
873 2806 1214 2877 impleverit,
1254 2807 1548 2878 desperant
1593 2811 1815 2878 quidem
1868 2809 1986 2866 fore
2048 2819 2108 2866 ut

528 2899 743 2964 reddat,
770 2899 974 2954 .acerbe
1003 2906 1184 2954 autem
1213 2898 1487 2969 puniunt,
1521 2914 1684 2972 pretia
1731 2901 1974 2956 contenti
2006 2916 2108 2973 pro

525 2991 783 3061 pecunia.
830 2988 1062 3045 Multum
1112 2991 1377 3061 temporis
1421 2991 1623 3048 dedisti
1677 2992 1983 3062 voluptati,
2039 2996 2106 3048 da

2205 532 2299 586 ρον
2325 514 2416 568 τὸν
2449 513 2780 585 πρεσϐύτην,
2807 513 2996 587 αῦριον
3021 515 3082 568 τὸ
3108 512 3305 569 ἀνθοῦν
3329 513 3425 568 καὶ
3452 514 3643 586 χαρίεν
3670 531 3789 585 μει-

2207 607 2415 679 ράκιον,
2449 608 2565 678 μετ’
2592 606 2772 676 ὀλίγον
2794 605 2885 661 τὸν
2913 607 3280 680 αὐξανόμενον
3303 607 3398 662 τοῦ
3430 606 3606 661 ἱούλου
3628 646 3644 670 ,
3685 606 3791 660 πά-

2202 699 2285 754 λιν
2307 700 2398 753 τὸν
2428 698 2728 771 ῥωμαλέον,
2759 700 2855 754 καὶ
2878 700 3194 770 ἀκμάζοντα
3214 739 3230 766 ,
3264 696 3421 764 αὖθις
3456 700 3555 771 τὴν
3589 698 3786 771 γραῦν,

2202 793 2342 866 ὁμοῦ
2366 794 2467 867 τὴν
2493 794 2681 868 κόρην.
2713 794 2900 850 Ταῦτα
2943 795 3200 867 ὁρῶντες,
3228 794 3327 868 τὴν
3360 795 3584 867 άδηλίαν
3615 796 3790 865 ἀσφαο

2203 884 2481 957 λισώμεθα
2504 902 2522 917 θ
2554 888 2632 943 Οὐ
2652 887 2764 959 γάρ
2786 886 2934 940 ἐστιν
2967 886 3225 957 ἐργῶδες,
3249 886 3335 940 ἴνα
3371 884 3539 948 ἀσκὸς
3574 884 3787 956 κενωθῇ

2202 974 2297 1029 τοῦ
2343 974 2654 1046 πνεύματος
2674 1015 2692 1042 ,
2760 976 2960 1047 μικρὸν
3003 975 3386 1045 ὑπανοιγέντος
3441 974 3536 1030 τοῦ
3581 976 3788 1048 στόμα·
3830 1022 3835 1027 ,

2201 1084 2327 1133 τος,
2377 1068 2497 1122 οὐδέ
2534 1068 2789 1123 δύσκολον
2822 1068 3111 1141 ἄνθρωπον
3142 1071 3207 1123 ἐν
3239 1068 3439 1140 ἀκαρεῖ
3470 1068 3569 1140 τὴν
3610 1066 3792 1141 ψυχὴν

2204 1160 2486 1233 προέσθαι.
3408 1194 3412 1196 ~

2287 1251 2430 1325 ’0ρῶ
2473 1253 2602 1308 ὅταν
2652 1253 2783 1309 ποτὲ
2834 1253 3055 1325 σεισμὸς
3099 1254 3419 1325 ἐπιγένηται
3465 1252 3547 1325 τῷ
3591 1252 3714 1325 βίφο
3754 1252 3790 1327 ἦ

2202 1343 2382 1415 λιμὸς,
2423 1344 2759 1416 ἢπολεμίων
2813 1344 3153 1416 καταδρομὴ,
3195 1345 3406 1409 πάντας
3452 1344 3793 1415 ἐπειγμὲνως

2204 1436 2297 1490 ἐπὶ¹
2327 1436 2389 1491 τὸ
2421 1435 2808 1508 βαπτιστήριον
2850 1435 3198 1499 σπεύδοντας,
3245 1435 3334 1489 ἴνα
3381 1433 3457 1506 μὴ
3509 1435 3654 1488 κενοὶ
3693 1435 3792 1505 τῆς

2203 1528 2427 1602 χάριτος
2454 1527 2515 1594 ἐξ
2536 1527 2840 1600 ἀνθρώπων
2886 1525 3217 1581 ἀπέλθωσιν.
3268 1526 3335 1580 Τί
3375 1521 3504 1591 οῦν;
3549 1525 3621 1580 τὰ
3657 1525 3792 1582 ἄλλα

2204 1623 2275 1677 τά
2308 1621 2526 1675 ποικίλα
2577 1619 2724 1689 πάθη
2767 1619 2864 1674 καὶ
2909 1619 3291 1690 ἀπροσδόκητα
3337 1619 3438 1673 οὐκ
3485 1619 3796 1690 ίσοδυναμεῖ

2203 1718 2316 1780 τοῖς
2347 1715 2535 1777 κακοῖς
2571 1711 2834 1778 ἐκείνοις;
2879 1709 3255 1783 ’Λποπληξίαι,
3283 1711 3625 1780 παρακοπαὶ,
3674 1709 3793 1764 πνί-

2206 1810 2317 1878 ξεις
2355 1809 2627 1879 ἀδόκητοι,
2658 1806 2985 1878 πνευμάτων
3017 1803 3318 1869 ἐνστάσεις,
3354 1802 3450 1857 καὶ
3492 1800 3562 1856 τὰ
3590 1800 3795 1855 τούτων

2205 1900 2508 1967 ἀκόλουθας
2534 1900 2610 1955 Οὐ
2650 1898 2919 1970 βλέπομεν
2946 1898 3073 1961 τοὺς
3114 1897 3173 1951 ἐν
3216 1893 3297 1966 τῷ
3325 1893 3541 1967 τρέχειν
3571 1891 3795 1946 πίπτον-

2205 2009 2322 2058 τας,
2348 1990 2627 2054 ἐσθίοντας
2656 1990 2751 2044 καὶ
2787 1988 3008 2051 τελείως
3046 1986 3148 2059 τῆς
3187 1984 3396 2056 τροφῆς
3430 1983 3792 2054 παυομένους,

2206 2083 2566 2147 καθεύδοντας
2596 2082 2690 2137 καὶ
2720 2079 3088 2142 λανθανόντως
3134 2076 3212 2149 τῷ
3250 2075 3466 2147 ἀδελφῷ
3501 2074 3595 2129 τοῦ
3624 2074 3794 2128 ῦπνου

2204 2175 2285 2249 τῷ
2305 2174 2523 2246 θανάτῳ
2551 2171 2992 2248 προσαγομένους
3016 2188 3031 2237 ;
3064 2168 3387 2240 ’Δσφάλισαι
3432 2167 3494 2222 τὸ
3521 2166 3798 2239 ἀστάθμη-

2206 2286 2297 2323 τον
2321 2268 2416 2323 καὶ
2446 2267 2641 2335 ἄδηλον
2667 2265 2763 2319 τοῦ
2796 2264 2934 2336 βίου.
2976 2263 3069 2334 Μὴ
3113 2261 3421 2334 ἐμπορεύου
3467 2259 3568 2332 τὴν
3612 2259 3792 2332 χάριν,

2209 2360 2299 2415 ῐνα
2334 2355 2410 2431 μὴ
2437 2357 2678 2429 ἐκπέσης
2717 2357 2818 2427 τῆς
2858 2355 3087 2427 δωρεᾶς.
3131 2352 3383 2407 Τοσαῦτα
3426 2351 3795 2425 χρεώστησον,

2207 2453 2308 2507 ὅσα
2343 2450 2566 2506 δυνατὸν
2611 2449 2705 2504 καὶ
2739 2446 3181 2519 συγχωρηθῆναι,
3214 2446 3313 2499 ὅσα
3339 2445 3434 2500 καὶ
3474 2444 3574 2517 τὴν
3611 2444 3801 2515 φιλαν-

2209 2542 2454 2614 θρωπίαν
2490 2541 2587 2597 τοῦ
2628 2539 2892 2612 βασιλέως
2925 2539 3026 2593 οὐκ
3068 2537 3399 2592 ἀποκλείσει.
3448 2538 3562 2594 Καὶ
3594 2537 3705 2611 γὰρ
3748 2539 3798 2592 oi

2206 2636 2306 2706 τῆς
2335 2634 2439 2705 γῆς
2460 2633 2720 2706 ἄρχοντες
2749 2633 2877 2687 ὅταν
2918 2630 3043 2686 τινὰ
3071 2630 3309 2684 λάϐωσιν
3341 2630 3626 2703 ὑπεράγαν
3656 2647 3801 2684 σπα-

2209 2726 2454 2799 θήσαντα
2486 2725 2558 2779 τὰ
2592 2725 2848 2797 δημόσια,
2873 2723 2971 2778 καὶ
3009 2723 3118 2778 τῶν
3166 2722 3460 2794 βασιλικῶν
3501 2723 3801 2796 χρημάτων

2208 2818 2349 2890 ὑπὲρ
2391 2817 2552 2889 κόρον
2597 2815 3093 2887 κατατρυφήσαντα
3113 2853 3128 2878 ,
3190 2813 3290 2885 τῆς
3338 2813 3437 2885 μὲν
3491 2813 3801 2877 ἀποδόσεως

2208 2907 2642 2978 ἀπογινώσκουσι
2666 2924 2679 2938 ·
2709 2906 2996 2972 κολάζουσι
3029 2906 3085 2960 δέ
3122 2905 3355 2978 πικρῶς,
3386 2907 3507 2960 ἀντὶ
3537 2906 3646 2960 τῶν
3669 2923 3803 2978 χρη-

2213 3000 2399 3070 μάτων
2425 3003 2543 3064 ταϊς
2568 2999 2865 3089 τιμωρίαις
2908 2997 3258 3089 ἀρκούμενοι.
3304 2997 3547 3089 ῌολλοῦς-
3576 2998 3803 3089 χρόνους

523 3083 694 3138 etiam
745 3080 953 3152 aliquid
1004 3080 1389 3151 philosophiae.
1442 3080 1593 3138 Exue
1636 3091 1889 3138 veterem.
1932 3083 2107 3138 horni-

2210 3089 2450 3162 ἐχαρίσω
2470 3092 2536 3161 τῇ
2559 3080 2738 3161 ἥδονῗγ
2760 3087 2850 3152 δὸς
2877 3087 2972 3142 καί⁵
2994 3090 3061 3160 τῇ
3088 3086 3374 3159 φιλοσοφίᾳ
3396 3086 3611 3159 σχολήν.
3641 3088 3805 3141 Ἀπό-

526 3191 652 3232 nem
704 3183 964 3244 tanquam
1015 3181 1219 3229 vestem
1269 3175 1546 3231 sordidam
1579 3214 1596 3241 ,
1647 3190 1769 3247 quae
1810 3182 1897 3233 est
1944 3176 2103 3248 plena

530 3268 735 3340 probro
770 3275 827 3321 et
860 3264 1164 3334 dedecore,
1204 3282 1329 3338 quae
1364 3283 1432 3322 ex
1468 3279 1823 3338 peccatorum
1861 3267 2099 3324 conﬂata

528 3370 617 3419 est
651 3358 1009 3417 multitudine
1031 3396 1048 3422 ,
1083 3367 1136 3414 ct
1172 3359 1560 3415 consarcinata
1591 3376 1658 3416 ex
1698 3360 2112 3417 miserabilibus

531 3452 1097 3525 pannisiniquitatis.
1138 3450 1341 3521 Accipe
1376 3459 1559 3505 autem
1597 3450 1980 3508 indumentum
2023 3453 2112 3508 in-

530 3542 948 3615 corruptionis,
983 3541 1132 3614 quod
1183 3541 1516 3612 explicatum
1566 3549 1622 3597 et
1665 3549 1954 3598 extensum
2013 3543 2111 3597 tibi

528 3636 789 3693 Christus
829 3636 1101 3706 porrigit;
1137 3649 1240 3690 nec
1279 3634 1483 3704 repelle
1520 3633 1724 3691 donum
1750 3673 1765 3700 ,
1803 3649 1872 3690 ne
1909 3634 2113 3704 injuria

529 3728 735 3784 amcias
783 3744 945 3794 eum,
988 3729 1081 3799 qui
1118 3726 1288 3783 dedit.
1328 3725 1386 3782 In
1424 3726 1539 3781 luto
1573 3726 1665 3781 diu
1696 3741 1757 3782 es
1788 3727 2110 3795 volutatus;

534 3820 736 3876 festina
764 3819 834 3875 ad
868 3834 1052 3875 meum
1082 3817 1380 3873 Iordanem
1406 3857 1421 3883 ,
1452 3833 1562 3873 non
1597 3816 1809 3873 Joanne
1839 3828 2069 3874 vocante
2095 3857 2111 3882 ,

533 3912 630 3968 sed
671 3911 895 3967 Christo
927 3911 1279 3966 adhortante.
1312 3908 1539 3963 Fiuvitts
1574 3909 1722 3964 enim
1761 3910 1953 3979 gratiae
1994 3910 2114 3966 liuit

514 4004 781 4075 _ubique,
819 4001 1141 4058 non'fontes
1172 4000 1385 4056 habens
1425 4001 1478 4055 in
1521 3998 1852 4065 Palaastina,
1887 4011 1941 4057 et
1980 4001 2118 4056 vici-

510 4111 667 4151 .num
717 4110 872 4152 mare
924 4093 1197 4158 inﬂuens,
1252 4092 1349 4149 sed
1390 4101 1565 4147 totum
1603 4095 1790 4149 orbem
1835 4102 2110 4151 terrarum

2210 3183 2368 3237 δυσαι
2393 3181 2483 3235 τὸν
2516 3178 2741 3234 παλαιὸν
2765 3178 3072 3248 ἄνθρωπον,
3098 3177 3175 3241 ὼς
3210 3177 3422 3248 ἱμάτιον
3446 3177 3711 3249 ῥυπαρὸν,
3740 3177 3805 3230 τὸ

2211 3275 2457 3346 αἰσχρὸν,
2489 3273 2550 3327 τὸ
2579 3272 2748 3342 γέμον
2775 3269 3040 3341 αἰσχύνης
3081 3268 3143 3322 τὸ
3191 3270 3256 3322 ἐκ
3299 3267 3394 3322 τοῦ
3422 3268 3659 3341 πλήθους
3692 3269 3802 3322 τῶν

2214 3365 2497 3439 ἁμαρτιῶν
2524 3362 2942 3432 πολυκόλλητον,
2968 3363 3080 3426 τοῖς
3125 3361 3362 3432 οἰκτροῖς
3408 3361 3619 3431 ῥακίοις
3647 3378 3803 3433 περιρ

2214 3455 2611 3528 κεκεντημένον
2630 3454 2726 3525 τῆς
2749 3453 2998 3525 ἀνομίας.
3025 3453 3184 3520 Δέξαι
3209 3453 3267 3507 δὲ
3290 3451 3353 3507 τὸ
3375 3453 3473 3524 τῆς
3497 3451 3804 3523 ἀφθαρσίας

2214 3549 2441 3618 ἔνδυμα,
2471 3548 2610 3617 ὅπερ
2632 3546 2661 3597 ὁ
2697 3545 2933 3617 Χριστός
2981 3561 3062 3598 σοι
3100 3542 3411 3608 διαπλὼσας
3439 3543 3800 3615 προτείνεται,

2214 3641 2309 3694 καὶ
2334 3639 2409 3710 μὴ
2438 3637 2634 3710 ἁπώσῃ
2659 3637 2757 3709 τὴν
2781 3634 3011 3708 δωρεάν,
3041 3635 3129 3690 ἵνα
3157 3635 3233 3707 μὴ
3262 3634 3492 3708 ὑϐρίσῃς
3519 3635 3610 3689 τὸν
3637 3634 3805 3706 δωρηο

2217 3731 2471 3801 σάμενον.
2505 3729 2629 3781 Ἐπὶ
2663 3727 2873 3798 μακρὸν
2912 3726 3209 3781 ἐνεκυλίσω
3233 3726 3311 3798 τῷ
3339 3726 3581 3797 βορϐόρῳ
3599 3741 3614 3756 ·
3639 3724 3794 3778 σπεῦ-

2217 3839 2329 3886 σον,
2361 3821 2638 3892 άνθρωπε,
2665 3819 2759 3873 ἐπὶ
2789 3818 2880 3873 τὸν
2910 3819 3042 3889 ἐμὸν
3086 3817 3355 3889 Ἰορδάνην
3377 3856 3392 3881 ,
3422 3816 3524 3870 οὐκ
3557 3815 3804 3871 Ἰωάννου

2215 3913 2525 3980 καλοῦντος,
2556 3911 2694 3967 ἀλλά
2727 3908 2965 3982 Χριστοῦ
3003 3909 3420 3982 προτρέποντος.
3465 3909 3522 3961 '0
3557 3908 3667 3979 γάρ
3704 3907 3806 3979 τῆς

2216 4007 2436 4078 χάριτος
2473 4002 2717 4075 ποταμὸς
2760 4004 2844 4075 ῥεῖ
2882 4000 3178 4073 πανταχοῦ,
3225 4000 3325 4054 οὐκ
3375 4002 3432 4054 ἐν
3477 4002 3545 4073 τῇ
3602 3998 3807 4054 Παλαι-

2219 4097 2369 4169 στίνῃ
2402 4095 2499 4160 τὰς
2526 4094 2709 4164 πηγὰς
2744 4094 2904 4164 ἔχων,
2931 4093 3029 4149 καὶ
3053 4094 3134 4157 εἰς
3169 4092 3268 4164 τὴν
3293 4092 3510 4160 γείτονα
3534 4091 3807 4145 καλυπτό-

535 4189 904 4252 circumiens,
950 4196 1006 4243 et
1051 4186 1364 4258 ingrediens
1413 4185 1728 4256 paradisum
1755 4226 1771 4252 ,
1821 4185 1999 4253 ﬂuens
2049 4202 2115 4242 ex

536 4280 770 4336 adverso
807 4280 1022 4334 illorum
1053 4286 1315 4349 quatuor,
1349 4278 1442 4348 qui
1485 4276 1634 4330 illinc
1662 4276 1907 4332 einuunt
1929 4319 1944 4345 ,
1972 4288 2025 4333 et
2057 4278 2113 4334 in

2219 4207 2380 4263 μενος
2404 4189 2700 4252 θάλασσαν,
2722 4186 2859 4242 ἀλλά
2891 4187 3073 4241 πᾶσαν
3096 4185 3195 4258 τὴν
3220 4186 3366 4239 οίκου
3374 4185 3543 4257 μένην
3565 4183 3806 4246 κυκλῶν,

2218 4284 2315 4337 καὶ
2361 4282 2657 4338 εἰσϐάλλων
2699 4282 2780 4346 εἰς
2822 4280 2916 4335 τὸν
2968 4278 3327 4353 παράδεισον·
3388 4278 3805 4349 ἀντιπρόσωπος

536 4372 853 4443 paradisum
887 4370 1047 4439 longe
1079 4368 1406 4440 pretiosiora
1448 4367 1690 4423 inferens
1713 4406 1730 4433 ,
1789 4383 1956 4439 quam
1993 4384 2107 4439 quae

2222 4376 2362 4446 ῥέων
2387 4373 2498 4428 τῶν
2538 4371 2819 4442 τεσσάρων
2858 4367 2967 4423 τῶν
3007 4360 3217 4422 ἐκεῖθεν
3261 4367 3661 4441 ἀπορρεόντων,
3710 4366 3806 4421 καὶ

516 4464 692 4519 .illinc
737 4468 1122 4535 exportantur.
1169 4458 1306 4515 Nam
1352 4460 1433 4514 illi
1473 4458 1696 4530 quidem
1739 4457 1925 4515 ferunt
1990 4475 2107 4516 aro-

2224 4469 2359 4525 πολὺ
2382 4465 2683 4538 τιμιώτερα
2704 4465 2940 4533 εἰσάγων
2967 4462 3047 4526 εἰς
3066 4461 3158 4516 τὸν
3188 4460 3513 4533 παράδεισον
3539 4459 3647 4514 τῶν
3670 4461 3807 4513 ἐκεῖ·

540 4564 720 4620 mata,
779 4554 1167 4626 agriculturam
1206 4563 1261 4608 et
1303 4567 1529 4622 germen
1574 4561 1764 4619 terrae;
1813 4540 1901 4607 hic
1934 4563 2107 4609 autem

2226 4560 2317 4615 θεν
2354 4556 2752 4630 ἐκφερομένων.
2800 4556 2864 4608 Οἱ
2906 4555 3004 4626 μὲν
3054 4552 3164 4625 γάρ
3213 4551 3469 4623 φέρουσιν
3516 4548 3802 4622 ἀρώματα,

539 4645 708 4703 infert
728 4646 976 4701 homines
1000 4658 1032 4698 a
1061 4642 1268 4714 Spiritu
1303 4652 1613 4715 generatos.
1641 4642 1979 4715 Quocunque
2010 4653 2107 4699 tra-

2224 4652 2519 4725 γεωργίαν,
2548 4650 2641 4705 καὶ
2674 4647 2960 4719 βλάστημα
2988 4646 3111 4717 γῆς.
3150 4644 3208 4698 '0
3243 4643 3302 4697 δὲ
3339 4641 3660 4715 ἀνθρώπους
3704 4643 3811 4697 εἰσ-

538 4738 724 4803 xeris,
766 4737 897 4792 illuc
933 4734 1263 4800 transiluit;
1293 4734 1577 4791 derivatur
1618 4735 1675 4790 in
1716 4743 1889 4790 totum
1925 4735 2107 4791 orbem

2227 4746 2382 4819 φέρει
2422 4745 2737 4814 γεννήματα
2782 4738 3110 4811 πνεύματος.
3145 4737 3318 4792 Ὅπου
3357 4736 3401 4790 δ’
3436 4736 3502 4791 ἂν
3549 4734 3804 4809 ἐλκύσῃς,

538 4837 701 4886 terra:
722 4866 740 4895 ,
775 4835 829 4883 et
858 4842 967 4882 non
997 4827 1278 4882 consumit
1308 4826 1570 4882 ﬂuentum
1607 4826 1660 4880 in
1696 4826 1764 4880 iis
1792 4827 1847 4881 in
1879 4840 2001 4897 quae
2034 4827 2107 4882 dit

2227 4835 2345 4889 ἐκεῖ
2390 4833 2671 4905 μεταρρεζ
2704 4828 2840 4901 πρὸς
2888 4830 3066 4882 πᾶσαν
3113 4827 3214 4899 τὴν
3263 4825 3583 4898 οἰκουμένην
3629 4824 3811 4896 ἐξοχε-

538 4922 765 4977 viditur.
800 4917 1023 4975 Fontetn
1059 4919 1204 4974 enim
1245 4918 1472 4974 divitem
1510 4919 1677 4975 habet
1713 4918 2029 4986 Christum,
2060 4927 2107 4976 el

2214 4926 2454 4985 τεύεται.
2491 4924 2587 4979 καὶ
2611 4922 2673 4976 οὗ
2699 4921 2913 4993 δαπανᾷ
2943 4921 3000 4974 ἐν
3037 4921 3151 4983 τοῖς
3191 4918 3565 4991 μεριζομένοις
3597 4916 3661 4971 τὸ
3696 4917 3809 4988 ῥεῖ-

538 5029 606 5071 ex
638 5014 733 5068 illo
768 5011 944 5067 ﬂuens
972 5010 1201 5065 inundat
1230 5010 1496 5065 mundum
1528 5009 1872 5066 universum.
1905 5009 2004 5067 llic
2029 5019 2107 5067 est

2218 5019 2366 5090 θρον.
2402 5014 2593 5086 Πηγὴν
2638 5013 2746 5083 γάρ
2772 5010 2909 5083 ,ἔχει
2966 5008 3224 5065 πλουσίαν
3270 5009 3362 5063 τὸν
3395 5007 3662 5079 Χριστὸν,
3713 5006 3813 5061 καὶ

540 5106 723 5163 dulcis
778 5112 835 5161 et
900 5105 1194 5175 potabilis,
1261 5104 1396 5158 ttiltil
1454 5103 1771 5174 injucunda;
1817 5104 2107 5177 salsugittit

2220 5111 2314 5166 ἀπ’
2343 5108 2552 5162 ἐκείνου
2594 5105 2754 5178 ῥέων,
2800 5104 3090 5177 σύμπαντα
3135 5101 3416 5173 πελαγίζει
3446 5101 3537 5155 τδν
3585 5100 3809 5173 κόσμον.

541 5195 848 5251 attraltens.
880 5193 1069 5249 Dulcis
1102 5194 1247 5249 enim
1282 5192 1530 5248 redditur
1563 5194 1800 5249 adventu
1832 5193 2107 5265 Spiritus,

2220 5201 2430 5264 Γλυκὺς
2455 5194 2609 5261 οὗτος
2637 5197 2732 5252 καὶ
2757 5197 2985 5268 πότιμος
3004 5236 3021 5262 ,
3065 5195 3218 5249 οὐδὲν
3244 5194 3345 5266 τῆς
3395 5191 3593 5266 ἀηδοῦς
3632 5193 3812 5265 ἅλμης

542 5295 602 5344 ιιι
633 5289 755 5344 l'ons
787 5287 932 5343 Mara
966 5297 1171 5342 attactu
1204 5288 1334 5359 ligni
1366 5290 1435 5341 ".
1464 5289 1512 5346 Is
1544 5304 1574 5343 a
1610 5289 1715 5359 piis
1748 5288 1908 5345 facile
1939 5299 2107 5360 potest

2223 5291 2637 5364 ἐπισυρόμενος.
2693 5288 2969 5343 Ἢδύνεται
3020 5286 3130 5358 γάρ
3189 5288 3257 5357 τῇ
3323 5285 3665 5357 ἐπιφοιτήσει
3715 5285 3809 5339 τοῦ

533 5380 877 5444 transmitti,
924 5380 1170 5451 profanis
1204 5388 1388 5436 autem
1432 5380 1875 5457 pet-profundus,
1923 5393 1978 5436 et
2015 5397 2107 5438 nec

2225 5387 2530 5458 πνεύματος
2563 5384 2640 5448 ὡς
2677 5383 2712 5455 ἡ
2755 5380 2948 5455 mappa
2988 5378 3139 5451 πηγὴ
3173 5381 3238 5451 τῇ
3286 5377 3436 5449 θήξει
3477 5377 3573 5432 τοῦ
3629 5377 3810 5445 ξύλου,

543 5471 614 5524 ab
651 5471 721 5525 iis
751 5470 971 5540 quidem
1013 5481 1190 5541 potest
1230 5472 1391 5526 adiri.
1437 5471 1656 5529 Imitare
1701 5471 1888 5530 Jesum
1941 5472 2107 5530 Nave.

2223 5476 2479 5541 διαϐατὸς
2516 5480 2630 5542 τοῖς
2674 5473 2952 5539 εὐσεϐέσι,
2997 5474 3110 5537 τοῖς
3138 5471 3196 5525 δὲ
3232 5470 3481 5543 βεϐήλοις
3512 5469 3812 5543 ἀγχιϐαθὴς

540 5560 710 5620 Porta
747 5562 1101 5634 Evangelium
1124 5603 1139 5630 ,
1185 5564 1331 5621 sicut
1370 5566 1462 5623 ille
1500 5580 1730 5635 arcam;
1767 5564 1984 5623 dimitte
2022 5568 2107 5624 «ιε

2226 5569 2666 5652 κπιίριπρόσιῖρῖ.
2691 5569 2944 5638 Μίμησαι
2983 5565 3074 5622 τὸν
3131 5564 3336 5633 Ἰησοῦν
3376 5565 3468 5619 τὸν
3500 5565 3677 5620 Ναυῆ.
3712 5563 3810 5620 Βά-

623 5740 671 5777 ¹⁶
688 5742 857 5798 Exod.
888 5758 974 5810 xv,
995 5739 1082 5797 ‘25.
