4124 6352
401 360 494 416 «121

1762 363 1848 417 DE
1898 362 2257 416 BAPTISMO.

3532 379 3640 434 422

401 494 593 530 στασον
642 477 704 529 τὸ
755 477 1112 546 Εὐαγγέλιον,
1155 478 1231 540 ὼς
1285 479 1485 541 ἐκεῖνος
1553 478 1650 548 τὴν
1712 480 1969 532 κιϐωτόν·

2080 491 2313 543 sertum,
2352 492 2545 548 nempe
2586 491 2909 549 peccatum;
2963 485 3135 538 transi
3182 483 3517 557 Iomanen;
3562 494 3640 545 Ir.-

398 566 533 632 ἆφες
588 566 684 636 τὴν
730 565 953 636 ἔρημον,
993 567 1091 637 τὴν
1142 568 1447 637 ἁμαρτίαν’
1497 567 1830 637 περαιὼθητι
1885 568 1976 620 τὸν

410 656 699 726 Ἰορδάνηνο
731 657 960 709 σπεῦσον
994 660 1072 720 είς
1098 658 1194 727 τὴν
1232 658 1374 710 κατὰ
1418 658 1648 727 Χριστὸν
1683 659 1975 721 πολιτείαν,

398 744 476 806 εἰς
503 745 599 813 τὴν
627 744 731 814 γῆν
759 745 855 816 τὴν
881 747 1103 817 γόνιμον
1132 747 1240 801 τῶν
1285 748 1677 818 εὐφραινόντων
1725 749 1974 819 καρπῶν,

398 835 493 905 τὴν
522 836 768 905 ῥέουσαν,
806 838 942 891 κατὰ
995 839 1094 908 τὴν
1139 838 1488 907 ἐπαγγελίαν,
1521 839 1641 909 μέλι
1676 840 1771 892 καὶ
1812 839 1974 907 γάλα*

398 928 697 980 κατάλυσον
747 928 844 997 τὴν
900 928 1146 999 Ἱεριχὼ,
1198 930 1299 1000 τὴν
1358 930 1593 983 παλαιὰν
1666 930 1972 1001 συνήθειαν,

401 1016 473 1086 μὴ
504 1018 644 1086 ἀφῇς
676 1018 842 1087 αὐτῆς
888 1018 1150 1089 ὀχύρωμα
1174 1036 1189 1050 ’
1245 1020 1310 1072 ἐκ
1354 1018 1615 1090 θεμελίων
1670 1020 1827 1073 λῦσον
1867 1020 1973 1073 τῶν

398 1108 735 1177 ἁμαρτωλῶν
781 1108 1052 1179 λογισμῶν
1102 1109 1199 1180 τὴν
1263 1111 1501 1181 μητέρα’
1566 1110 1789 1182 ποίησον
1848 1111 1973 1174 τοὺς

396 1198 641 1268 δολεροὺς
665 1200 1008 1262 Γαϐαωνίτας
1036 1201 1251 1264 οἰκέτας
1298 1201 1386 1253 τοῦ
1430 1202 1641 1274 Ἰσραὴλ
1662 1241 1677 1263 ,
1707 1201 1970 1266 τουτέστι,

395 1287 610 1351 δούλους
639 1290 762 1353 τοὺς
793 1291 1054 1361 πονηροὺς
1084 1293 1369 1361 λογισμοὺς
1394 1293 1486 1346 τοῦ
1535 1292 1673 1345 κατὰ
1709 1292 1767 1345 τὸ
1798 1293 1973 1361 Εὐαγο

396 1378 571 1445 γδιιιον
621 1378 769 1447 βίου·
828 1379 1202 1433 λιθοϐολείσθω
1246 1382 1273 1434 ό
1325 1382 1580 1452 σοφιστὴς
1642 1382 1735 1434 καὶ
1786 1381 1973 1434 πλεον-

396 1470 555 1539 έκτης
583 1472 784 1542 Ἀχαρ·
819 1472 847 1524 ὁ
867 1472 964 1541 τὴν
990 1471 1239 1538 γλῶσσαν
1272 1472 1369 1543 τὴν
1395 1474 1596 1542 χρυσῆν
1623 1471 1968 1541 ὑφελόμενος.

396 1548 561 1623 (lito;
587 1560 643 1613 δέ
676 1562 822 1621 ἐστιν
849 1562 1053 1624 ἐκεῖνος
1076 1563 1103 1614 ό
1128 1562 1226 1632 τῆς
1246 1562 1432 1632 τιμίας
1462 1562 1682 1630 ἐντολῆς
1704 1562 1969 1631 ἀφανίσας

393 1648 493 1720 τὴν
520 1650 771 1721 τήρησιν.
821 1651 1003 1706 Πάντα
1038 1654 1220 1705 ἐκεῖνα
1262 1651 1429 1715 τύπος
1464 1652 1757 1722 ἡμέτερος,
1795 1652 1969 1705 πάντα

398 1741 798 1812 προμηνύματα
822 1742 929 1795 τῶν
967 1741 1059 1795 νῦν
1095 1742 1431 1813 φαινομένων
1460 1743 1818 1814 πραγμάτων.

464 1873 766 1927 ⁴Λι-ιόλυσον
818 1873 1001 1929 λοιπὸν
1050 1875 1144 1929 τοῦ
1186 1874 1301 1946 βίου
1353 1893 1445 1928 σου
1492 1875 1583 1929 τὸν
1627 1875 1964 1946 γαστρίμαρ-

393 1979 488 2030 γον
535 1963 779 2035 κόρακαο
845 1965 933 2028 δὸς
978 1968 1045 2037 τῇ
1099 1967 1393 2037 περιστερᾷ
1442 1965 1631 2037 καιρὸν
1680 1964 1968 2034 ἐπιπτῆναί

396 2066 508 2104 σοι·
561 2052 626 2124 ἢν
658 2052 871 2125 πρῶτος
916 2054 1120 2126 Ἰησοῦς
1162 2055 1408 2117 τυπικῶς
1464 2056 1525 2122 ἐξ
1567 2054 1792 2126 ούρανοῦ
1836 2072 1965 2107 κατ-

394 2141 590 2209 ήγαγε,
620 2140 717 2211 τὴν
750 2142 963 2202 ἄδολον.
996 2144 1095 2213 τὴν
1136 2144 1475 2216 πραῦτάτην,
1507 2144 1606 2212 τὴν
1652 2140 1965 2209 πολύγονονο

391 2228 511 2297 ἥτις
548 2230 764 2283 ἐπειδὰν
812 2229 945 2302 εὕρῃ
997 2231 1164 2302 ἄνδρα
1208 2231 1616 2301 κεκαθαρμένον
1660 2231 1734 2293 ὡς
1778 2230 1969 2301 πύριον

393 2318 567 2388 καλῶς
586 2319 893 2390 ἠσκημένον
910 2360 923 2384 ,
946 2310 1316 2386 ἐίσοικίζεται,
1343 2320 1438 2374 καὶ
1468 2320 1787 2383 ἐπωάζουσα
1809 2320 1971 2389 πυροῖ

391 2415 488 2483 τὴν
517 2409 712 2482 στίωχὴν,
757 2411 849 2464 καί¹
896 2412 1064 2465 πολλὰ
1092 2413 1263 2466 τίκτει
1304 2414 1396 2466 καὶ
1447 2411 1650 2481 εὐχαρῆ
1681 2410 1747 2462 τὰ
1774 2409 1970 2480 ἑαυτῆς

389 2506 573 2557 τέκνα.
604 2499 793 2558 Ταῦτα
815 2502 875 2557 δέ
907 2505 1040 2556 είσιν
1073 2504 1274 2571 ἀγαθαὶ
1301 2503 1525 2573 πράξεις
1569 2502 1662 2554 καὶ
1689 2500 1835 2568 λόγοι
1880 2517 1968 2552 σε·

396 2595 554 2662 μνοὶ,
603 2593 820 2658 πίστις,
874 2593 1161 2655 εὐσέϐεια,
1228 2590 1563 2660 δικαιοσύνη,
1615 2589 1965 2660 σωφροσύνη,

391 2685 611 2751 ἁγνεία,
663 2684 989 2755 καθαρότης.
1045 2684 1228 2737 Ταῦτα
1275 2685 1440 2737 τέκνα
1488 2683 1582 2736 τοῦ
1638 2682 1965 2752 πνεύματος,

392 2779 646 2847 κτήματα
679 2776 735 2828 δὲ
755 2774 1019 2846 ἡμέτερα.
1050 2774 1225 2845 Μέχρι
1257 2775 1384 2827 πότε
1417 2772 1662 2844 μαθητὴς
1688 2772 1798 2824 τῶν
1824 2770 1969 2840 πρώ-

390 2885 499 2920 των
518 2867 793 2937 στοιχείων
812 2883 827 2932 ;
854 2866 1096 2932 Ἀνοιξόν
1125 2883 1216 2918 σου
1244 2866 1341 2935 τὴν
1364 2865 1537 2934 ψυχὴν
1559 2864 1632 2927 ὡς
1651 2864 1851 2921 δέλτον,
1873 2863 1969 2917 καὶ

395 2956 746 3027 συγχώρησον
775 2958 904 3027 ἡμῖν
930 2956 1224 3026 ἐγχαράξαι
1260 2955 1489 3025 μάθημα
1514 2954 1733 3007 τέλειοψ
1773 2953 1846 3024 μὴ
1883 2955 1967 3007 ἀεὶ

397 3050 531 3118 μετὰ
558 3047 666 3101 τῶν
694 3048 895 3101 παίδων
925 3047 1203 3116 ψελλίζου·
1237 3045 1310 3117 μὴ
1337 3045 1610 3116 νηπιώδης
1642 3046 1740 3116 τὴν
1772 3046 1964 3115 φρένα.

2077 570 2219 622 stina
2251 569 2319 622 ad
2353 569 2478 623 vita
2508 569 2941 635 institutionem,
2992 589 3113 642 qua:
3148 584 3234 630 est
3271 592 3339 629 cx
3377 578 3602 635 Christo
3624 622 3640 646 ,

2077 660 2144 712 ad
2193 669 2395 714 terram
2443 676 2567 730 qua
2611 661 2717 716 fert
2766 662 2980 718 fruetus
3031 666 3272 722 laetitiam
3312 668 3639 736 aﬂ'erentes,

2076 765 2197 817 qua:
2228 752 2622 806 convenienter
2671 755 3019 822 promissioni
3056 756 3173 810 ﬂuit
3210 758 3365 814 melle
3394 768 3447 813 et
3476 762 3637 819 lacte.

2076 836 2269 893 Everte
2318 837 2567 905 Jericho,
2623 851 2857 895 veterem
2915 858 3107 914 nempe
3145 847 3636 912 consuetudinem,

2076 941 2145 979 ne
2196 927 2444 983 dimittas
2490 945 2607 983 eam
2660 932 2950 987 munitam.
3001 932 3166 988 Dirue
3205 950 3233 986 a
3274 936 3639 993 fundamentis

2076 1026 2304 1070 matrem
2337 1020 2680 1087 peccantium
2714 1023 3129 1092 cogitationum.
3162 1024 3392 1082 Dolosos
3421 1027 3639 1083 Gabao-

2074 1107 2218 1162 nitas
2258 1107 2343 1162 l‘ac
2381 1124 2568 1164 servos
2609 1109 2867 1177 lsraelis,
2904 1114 3009 1168 hoc
3045 1122 3167 1181 est,
3212 1117 3383 1172 malas
3432 1120 3635 1189 cogita-

2076 1197 2255 1252 tiones
2281 1213 2465 1253 servas
2496 1202 2618 1255 vita:
2651 1201 2993 1272 Evangelicae
3021 1224 3033 1259 :
3070 1206 3339 1275 lapidibus
3371 1209 3637 1265 obruatur

2073 1287 2164 1354 qui
2192 1286 2293 1339 sibi
2325 1288 2652 1357 usurpabat,
2686 1298 2739 1343 et
2772 1291 2933 1344 alieni
2965 1300 3226 1361 appetens
3262 1304 3379 1348 erat
3411 1295 3592 1348 Achar
3614 1335 3632 1359 ,

2072 1376 2165 1443 qui
2203 1379 2437 1445 linguam
2468 1379 2771 1434 sull‘uratus
2816 1389 2901 1435 est
2943 1396 3187 1437 auream.
3228 1383 3277 1440 Is
3315 1393 3497 1439 autem
3538 1385 3630 1439 ille

2071 1475 2153 1517 est
2178 1504 2191 1525 ,
2217 1466 2307 1533 qui
2333 1466 2638 1522 honorandi
2668 1472 2919 1539 praecepti
2947 1472 3148 1526 delevit
3171 1474 3632 1530 observationem.

2073 1554 2264 1608 Omnia
2299 1557 2386 1609 illa
2418 1569 2600 1612 nostra
2633 1572 2760 1615 sunt
2801 1563 2991 1631 ﬁgura.
3030 1562 3225 1618 Omnia
3259 1574 3385 1618 sunt
3427 1566 3622 1635 praesi-
3714 1596 3719 1599 ν

2073 1648 2453 1714 gnilicationes
2484 1665 2706 1713 eorum,
2733 1668 2854 1721 quae
2887 1669 3031 1706 nunc
3065 1662 3346 1723 apparent.

2139 1871 2183 1923 A
2209 1870 2317 1924 vita
2346 1881 2436 1925 tua
2467 1874 2616 1927 solve
2647 1889 2891 1929 roracem
2924 1892 3146 1931 corvqu
3173 1878 3238 1930 ’⁷.
3270 1877 3343 1931 Da
3370 1877 3635 1933 columba:

2072 1968 2289 2029 tempus
2318 1971 2376 2017 ut
2400 1965 2464 2017 ad
2495 1973 2547 2018 te
2577 1966 2823 2029 advolet,
2850 1983 3009 2036 quam
3041 1968 3247 2037 primus
3273 1967 3431 2024 Jesus
3459 1971 3637 2039 typice

2069 2065 2099 2104 e
2132 2052 2273 2105 ccelo
2306 2053 2614 2120 deduxit“,
2657 2070 2775 2124 quae
2805 2065 2889 2109 est
2922 2057 3029 2110 doli
3065 2058 3268 2123 nescia,
3305 2060 3636 2113 mansuetis-

2070 2140 2205 2194 sima
2241 2149 2294 2194 et
2331 2142 2709 2199 fertilissima:
2751 2161 2873 2215 qua:
2916 2156 3201 2217 postquam
3245 2148 3515 2203 invenerit
3556 2150 3638 2203 vi-

2069 2246 2187 2284 rum
2221 2242 2546 2301 purgatum,
2596 2242 2655 2289 ut
2702 2247 2983 2305 argentum
3033 2246 3179 2292 recte
3233 2239 3536 2293 exercitum
3581 2248 3636 2293 et

2068 2323 2402 2389 expolitum,
2460 2324 2513 2378 in
2576 2341 2639 2379 eo
2685 2328 2930 2382 lubenter
2983 2328 3225 2395 habitat,
3285 2337 3340 2383 et
3398 2329 3633 2383 animam

2070 2410 2192 2479 igne
2227 2418 2487 2482 tanquam
2523 2429 2620 2467 ova
2659 2413 2883 2478 fovens,
2926 2417 3128 2469 multos
3168 2417 3217 2471 ei
3266 2416 3411 2487 parit
3447 2424 3501 2470 et
3537 2417 3636 2470 do-

2069 2509 2162 2553 nat
2192 2499 2353 2555 ﬁlios.
2399 2501 2436 2555 li
2468 2512 2645 2558 autem
2677 2514 2803 2559 sunt
2834 2507 2988 2560 bona:
3017 2507 3263 2562 actiones
3288 2547 3304 2572 ,
3335 2516 3388 2562 et
3415 2506 3633 2563 honesti

2069 2606 2353 2648 sermones
2373 2634 2388 2659 ,
2421 2593 2555 2649 ﬁdes
2576 2634 2590 2657 ,
2621 2597 2816 2664 pietas,
2842 2597 3056 2666 iustitia
3078 2639 3091 2663 ,
3119 2599 3478 2669 temperantia
3497 2637 3511 2664 ,
3542 2613 3637 2652 ca-

2068 2683 2230 2737 stitas
2253 2721 2267 2746 ,
2302 2684 2534 2753 puritas.
2570 2685 2631 2737 lli
2683 2695 2812 2740 sunt
2851 2687 2945 2740 lilii
2980 2686 3255 2757 Spiritus.
3304 2695 3509 2743 nostra:
3538 2702 3637 2743 au-

2068 2778 2175 2828 tem
2208 2776 2610 2843 possessiones.
2640 2776 2938 2846 Quousque
2962 2780 3070 2831 eris
3098 2778 3403 2848 discipulus
3431 2779 3637 2848 primo—

2068 2877 2190 2916 rum
2226 2862 2621 2918 elementorum
2651 2866 2673 2919 ?
2718 2867 2880 2936 Aperi
2917 2869 3152 2921 animam
3186 2877 3334 2922 tuam
3372 2878 3632 2939 tanquam

2069 2953 2307 3007 tabulam
2333 2993 2347 3016 ,
2393 2964 2446 3006 et
2490 2956 2728 3011 concede
2769 2959 2955 3023 nobis,
2990 2967 3050 3013 ut
3087 2960 3467 3028 imprimamus
3512 2976 3636 3030 per-

2070 3043 2267 3098 fectam
2318 3045 2698 3116 disciplinam,
2751 3065 2857 3102 non
2903 3065 3119 3120 semper
3160 3052 3467 3106 balbutiens
3505 3066 3633 3107 cum

406 3137 669 3207 Ἐρυθριῶ
698 3137 839 3207 ὑπὲρ
868 3137 983 3202 σοῦ,
1041 3137 1123 3190 ὅτι
1174 3137 1423 3207 γηράσας
1466 3136 1648 3188 λοιπὸν
1683 3135 1818 3205 μετὰ
1859 3134 1966 3187 τῶν

2071 3135 2255 3203 pueris
2274 3174 2288 3199 ,
2314 3151 2425 3189 non
2454 3146 2633 3191 mente
2660 3139 2862 3193 infans.
2892 3139 2972 3194 Me
2998 3142 3074 3193 tui
3110 3140 3272 3210 pudet
3291 3180 3305 3204 ,
3333 3141 3478 3211 quod
3506 3156 3631 3195 cum

394 3229 810 3300 κατηχουμένων
849 3229 1084 3303 ἐκϐάλλῃ
1110 3270 1126 3296 ,
1189 3230 1262 3293 ὡς
1320 3228 1603 3298 παιδάριον
1660 3229 1819 3282 ἄνουν
1876 3227 1968 3280 καὶ

392 3320 491 3373 οὐκ
523 3320 802 3390 ἐχέμυθον,
837 3320 1117 3391 μέλλοντος
1149 3319 1443 3391 μυστηρίου
1470 3318 1767 3372 λαλεῖσθαι.
1807 3315 1971 3369 Ἐνώ-

396 3412 517 3482 θητι
544 3409 620 3480 τῷ
652 3408 895 3481 μυστικῷ
920 3410 1032 3480 λαῷ
1079 3409 1173 3463 καὶ
1214 3409 1348 3480 μάθε
1387 3409 1577 3475 λόγους
1606 3407 1968 3477 ἀπορρήτους.

393 3499 624 3567 (ιθέγξαι
664 3497 783 3569 μεθ’
828 3497 984 3569 ἡμῶν
1019 3498 1238 3562 ἐκεῖνα,
1285 3497 1321 3550 δ.
1373 3498 1465 3550 καὶ
1517 3496 1584 3549 τὰ
1626 3496 1971 3567 ἐξαπτέρυγα

395 3589 641 3658 Σεραφὶμ
707 3587 845 3657 μετὰ
886 3588 995 3642 τῶν
1051 3587 1266 3640 τελείων
1320 3587 1657 3657 Χριστιανῶν
1702 3584 1971 3656 ὑμνοῦντα

395 3676 559 3744 λέγει.
601 3676 963 3747 Ἐπιθύμησον
1028 3676 1231 3746 τροφῆς
1295 3674 1695 3746 ἐνδυναμούσης
1757 3674 1967 3743 ψυχήν·

394 3767 586 3836 γεῦσαι
642 3768 884 3838 πόματος
947 3767 1173 3839 καρδίαν
1245 3766 1660 3837 εὐφραίνοντος·
1715 3764 1971 3834 ἐράσθητι

399 3860 695 3931 μυστηρίου
728 3862 809 3924 είς
844 3859 1071 3930 νεότητα
1102 3857 1229 3921 τοὺς
1250 3857 1512 3920 παλαιοὺς
1545 3856 1788 3927 ἀοράτως
1817 3855 1973 3925 ἀμεί-

396 3951 597 4014 ϐοντος.
632 3951 882 4021 Μίμησαι
907 3950 997 4003 τὸν
1026 3948 1257 4002 Αἰθίοπα
1294 3948 1386 4002 τὸν
1415 3947 1667 4018 εὐνοῦχον
1695 3946 1793 4014 τῆς
1823 3944 1972 4009 ζεού-

398 4055 498 4109 σης
525 4040 832 4110 ἐπιθυμίας.
859 4038 967 4092 Καὶ
996 4039 1103 4111 γὰρ
1135 4039 1337 4101 ἐκεῖνος
1367 4038 1554 4107 ἐπειδὴ
1592 4037 1679 4090 τὸν
1709 4036 1971 4089 Φίλιππον

400 4130 772 4202 προσαχθέντα
801 4130 947 4200 παρὰ
972 4130 1064 4182 τοῦ
1110 4129 1421 4199 Πνεύματος
1465 4128 1715 4199 σύνεδρον
1754 4127 1847 4179 ἐπὶ
1876 4125 1971 4178 τοῦ

400 4221 641 4291 ἅρματος
688 4220 896 4284 ἔλαϐεν,
946 4218 1064 4274 ὁδοῦ
1097 4220 1153 4273 δέ
1196 4220 1468 4290 πάρεργον
1512 4218 1682 4290 ἔμαθε
1735 4217 1809 4288 μὴ
1845 4219 1974 4271 ἁνα-

397 4311 683 4379 γινώσκειν
735 4310 890 4380 μόνον
910 4351 925 4374 ,
984 4310 1118 4363 ἀλλὰ
1175 4310 1268 4362 καὶ
1321 4308 1608 4378 γινώσκειν
1656 4310 1747 4361 τὸν
1812 4306 1972 4375 σοφὸν

409 4400 631 4454 Ἡσαΐαν
655 4417 668 4431 ’
719 4400 976 4468 ἐγεύσατο
1001 4401 1056 4453 δὲ
1089 4399 1175 4453 διὰ
1211 4399 1309 4468 τῆς
1351 4399 1642 4471 ἑρμηνείας
1663 4399 1737 4461 ὡς
1768 4396 1971 4465 ἀγαθὸς

401 4492 601 4555 σκᾶλαξ
625 4490 718 4543 τοῦ
747 4492 974 4561 αἵματος
1014 4491 1107 4543 καὶ
1144 4490 1238 4543 τοῦ
1282 4490 1578 4560 σφαγέντος
1609 4486 1810 4558 ἀμνοῧο
1845 4504 1968 4557 σφο-

398 4581 535 4667 δρῶς
557 4580 650 4634 τοῦ
673 4581 934 4633 Φιλίππου
964 4580 1389 4651 καθυλάκτησεν,
1417 4579 1606 4650 μέχρις
1625 4572 1685 4631 οὖ
1710 4578 1844 4649 πρὸς
1868 4577 1969 4645 τὴν

399 4671 608 4724 τελείαν
641 4671 801 4725 αὐτὸν
830 4671 1002 4741 θήραν
1045 4674 1146 4741 τῆς
1190 4674 1247 4724 ἐν
1291 4670 1446 4741 χερσὶ
1474 4668 1803 4739 προφητείας
1831 4667 1969 4738 ὡδή-

402 4779 584 4832 γησεν·
616 4762 953 4831 αὐτοσχέδιον
978 4762 1033 4815 δὲ
1076 4762 1135 4816 τὸ
1181 4761 1461 4832 βάπτισμα
1486 4761 1725 4830 ζητήσας
1757 4757 1965 4821 ἐλαϐεν,

401 4852 522 4905 οὔτε
562 4854 907 4921 καταγωγίαν
949 4853 1261 4923 ἀναμείνας,
1291 4852 1414 4905 οὔτε
1446 4851 1598 4904 πόλιν
1630 4851 1662 4922 ἢ
1693 4850 1902 4919 κώμην,
1931 4846 1964 4917 ἢ

401 4944 491 4996 τὸν
532 4944 697 4997 τόπον
738 4944 1074 5013 άγιάσματος
1127 4943 1499 5013 ἐκδεξάμενος,
1530 4942 1880 5010 λογισάμενος
1914 4936 1971 4989 δὲ

404 5036 715 5106 σωφρόνως,
747 5037 827 5088 ὅτι
872 5036 979 5097 πᾶς
1015 5034 1176 5097 τόπος
1214 5035 1307 5088 τοῦ
1345 5034 1523 5087 κοινοῦ
1556 5032 1845 5097 Δεσπότου,
1880 5028 1973 5081 καὶ

404 5127 510 5178 πᾶν
536 5124 678 5198 ὕδωρ
703 5124 1005 5194 ἐπιτήδειον
1034 5126 1114 5187 είς
1135 5124 1232 5194 τὴν
1256 5123 1350 5177 τοῦ
1377 5124 1743 5194 βαπτίσματος
1764 5119 1969 5191 χρείαν,

406 5216 563 5285 μόνον
592 5216 687 5268 ἐὰν
718 5216 853 5288 εὒρῃ
898 5216 1078 5268 πίστιν
1120 5214 1214 5268 τοῦ
1270 5216 1654 5288 λαμϐάνοντος,
1689 5214 1778 5266 καὶ
1820 5213 1969 5265 εὐλο-

404 5304 527 5370 γίαν
557 5304 649 5357 τοῦ
683 5306 994 5374 ἁγιάζοντος
1033 5304 1239 5377 ἱερέως.
1286 5303 1377 5375 Μὴ
1410 5304 1714 5377 παροξύνῃς
1748 5304 1838 5356 τὸν
1875 5302 1969 5370 βα-

404 5397 630 5465 πτιστὴν
678 5396 971 5467 βραδύνων,
1006 5397 1139 5467 μηδέ
1178 5395 1513 5467 παροργίσῃς
1560 5395 1717 5447 αὑτὸν
1756 5394 1966 5463 ἡμέραν

404 5482 463 5545 ἐξ
505 5487 709 5556 ἡμέρας
749 5486 1198 5557 ἀναϐαλλόμενος,
1240 5486 1332 5539 καὶ
1371 5484 1620 5537 δαπανῶν
1649 5485 1707 5537 ἐν
1735 5482 1965 5553 ὑποσχέ-

2071 3227 2459 3291 consenueris,
2510 3228 2690 3281 adhuc
2743 3229 2983 3297 ejiciaris
3026 3246 3149 3284 cum
3189 3230 3631 3296 catechumenis,

2078 3323 2335 3384 tanquam
2378 3316 2644 3386 insipiens
2671 3321 2917 3387 puellus.
2955 3327 3008 3373 et
3031 3320 3123 3388 qui
3158 3335 3359 3373 arcana
3393 3335 3503 3374 non
3536 3335 3635 3390 po-

2073 3411 2178 3458 test
2218 3404 2429 3470 celare,
2462 3420 2584 3459 cum
2630 3406 2918 3461 dicendum
2962 3408 3033 3461 sit
3074 3408 3414 3480 mysterium.
3460 3407 3633 3463 Unire

2073 3494 2271 3563 populo
2304 3496 2538 3566 mystico
2560 3536 2575 3559 ,
2612 3505 2666 3550 et
2712 3512 2942 3552 arcanos
2976 3498 3126 3552 disce
3161 3514 3463 3557 sermones.
3506 3498 3632 3551 Elo-

2072 3602 2240 3653 quere
2277 3588 2560 3643 nobiscum
2594 3590 2682 3642 illa
2708 3628 2723 3651 ,
2758 3606 2878 3658 qua:
2909 3606 3001 3643 sex
3036 3592 3152 3664 alas
3181 3590 3437 3644 habentia
3470 3589 3632 3644 Sera-

2075 3676 2219 3745 pbim
2250 3692 2372 3733 cum
2404 3680 2656 3747 perlectis
2684 3678 3014 3735 Christianis
3051 3680 3243 3734 dicunt
3274 3681 3503 3751 hymnos
3532 3695 3627 3733 ca-

2072 3769 2280 3820 ncntia.
2336 3768 2590 3823 liesidera
2647 3770 2825 3824 cibum
2875 3772 2965 3839 qui
3015 3770 3302 3824 conﬁrmat
3351 3770 3628 3834 animam;

2071 3867 2229 3927 gusta
2276 3866 2459 3927 potum
2509 3860 2599 3930 qui
2644 3875 2742 3915 cor
2771 3862 3075 3923 exhilarat;
3115 3875 3235 3913 ama
3274 3861 3626 3931 mysterium,

2072 3947 2212 4016 quod
2243 3962 2308 4001 eo
2343 3948 2521 4011 modo,
2558 3949 2649 4017 qui
2692 3964 2800 4002 non
2832 3950 2976 4003 cadit
3007 3950 3109 4004 sub
3138 3957 3439 4019 aspectum,
3480 3958 3627 4003 vete-

2072 4054 2161 4092 res
2192 4040 2509 4093 transmittit
2553 4041 2617 4094 ad
2660 4040 3025 4109 juventulem.
3057 4039 3279 4096 Imitare
3310 4040 3626 4112 IEthiopem

2072 4130 2381 4183 eunuchum
2446 4128 2707 4194 ferventis
2750 4131 3031 4187 desiderii.
3072 4131 3285 4186 Etenim
3337 4130 3430 4186 ille
3477 4140 3629 4203 post-

2073 4235 2237 4289 quam
2285 4219 2591 4290 Philippum
2637 4236 2667 4274 a
2716 4228 2906 4275 sancto
2947 4218 3156 4289 Spiritu
3197 4221 3492 4275 adductum
3535 4238 3627 4274 as-

2073 4311 2307 4379 sumpsit
2336 4311 2389 4363 in
2419 4326 2585 4363 curru
2618 4325 2996 4366 consessorem
3021 4328 3038 4378 ;
3064 4311 3119 4365 in
3151 4312 3239 4366 via
3268 4310 3447 4365 autem
3480 4308 3626 4364 aliud

2074 4414 2273 4469 agens,
2329 4416 2437 4453 non
2490 4400 2903 4466 animadvertit,
2970 4417 3030 4457 se
3081 4402 3384 4472 sapientem
3416 4398 3627 4458 'lsaiam

2075 4506 2182 4544 non
2218 4491 2393 4544 solum
2431 4491 2643 4561 legere,
2677 4490 2772 4545 sed
2804 4492 2969 4546 etiam
3005 4492 3330 4562 intelligere.
3372 4489 3627 4547 thslarit

2070 4586 2250 4632 autem
2288 4579 2791 4648 interpretationem
2813 4621 2827 4646 ,
2864 4589 3124 4651 tanquam
3154 4581 3331 4640 bonus
3368 4584 3587 4637 catulus

2072 4670 2355 4739 sanguinis
2408 4678 2462 4724 et
2512 4672 2635 4741 agni
2690 4672 2895 4739 occisi,
2956 4674 3308 4728 vehementer
3351 4674 3627 4729 allatravit

2020 4819 2025 4824 ,
2073 4759 2380 4829 Philippum
2405 4800 2419 4823 ,
2464 4760 2638 4816 donec
2679 4778 2803 4817 eum
2847 4763 3072 4819 deduxit
3109 4763 3178 4816 ad
3210 4762 3507 4832 perfectam
3537 4780 3630 4819 ve-

2074 4850 2350 4903 nationem
2386 4852 2719 4921 prophetiae,
2754 4870 2919 4924 quam
2965 4854 3201 4910 habebat
3244 4853 3301 4909 in
3340 4854 3626 4921 manibus,

2071 4949 2125 4995 et
2161 4941 2387 4997 minime
2414 4958 2705 5013 operosum
2743 4960 2771 4997 a
2803 4960 2861 5000 se
2895 4947 3117 5014 petitum
3160 4946 3429 5014 baptisma
3462 4960 3627 5001 acce-

2072 5031 2189 5100 pit,
2223 5048 2323 5088 nec
2350 5044 2679 5102 exspectans
2707 5034 3070 5089 diversorium
3093 5076 3108 5097 .
3143 5051 3317 5104 neque
3347 5036 3625 5090 civitatem

2072 5128 2166 5175 aut
2191 5123 2371 5177 vicum
2393 5161 2407 5185 ,
2438 5130 2530 5176 aut
2555 5123 2733 5177 locum
2764 5123 3300 5185 sanctificationis",
3333 5122 3627 5192 prudenter

2074 5222 2253 5267 autem
2297 5225 2555 5282 reputans
2603 5213 2745 5283 quod
2792 5213 2969 5269 onmis
3010 5214 3162 5267 locus
3190 5220 3276 5268 est
3318 5215 3629 5268 communis

2079 5305 2325 5369 Domini,
2356 5314 2411 5360 et
2451 5306 2627 5359 omnis
2673 5319 2811 5369 aqua
2854 5311 2935 5357 est
2974 5313 3098 5373 apta
3141 5303 3207 5356 ad
3253 5319 3415 5358 usum
3446 5303 3627 5374 bapti-

2076 5395 2302 5456 smatis,
2337 5394 2382 5448 si
2421 5393 2579 5448 modo
2611 5394 2874 5448 invenerit
2916 5392 3072 5446 {idem
3116 5394 3272 5462 ejus,
3320 5393 3412 5464 qui
3446 5394 3501 5449 id
3539 5410 3631 5447 ac-

2074 5488 2247 5555 cepit,
2285 5494 2339 5540 ct
2388 5486 2818 5540 benedictionem
2865 5484 3167 5541 sacerdotis
3211 5486 3628 5543 sanctiﬁcantis.

476 5705 519 5735 ³⁷
551 5704 685 5760 Gen.
728 5720 846 5773 νιιι,
878 5703 1007 5775 6,7.
1079 5706 1123 5738 ⁸⁵
1148 5705 1336 5761 Matth.
1366 5721 1449 5773 tu,
1483 5706 1579 5771 ib;
1613 5704 1773 5758 Marc.
1812 5719 1847 5772 ι,
1878 5703 1959 5755 ιο.

2071 5702 2223 5757 'Act.
2267 5717 2383 5767 vm,
2424 5702 2491 5756 27
2518 5718 2641 5774 sqq.
