4124 6352
474 338 586 395 425

1749 329 1810 386 S.
1840 322 2172 386 GREGORII
2201 328 2500 388 NYSSENI

3647 331 3756 389 εει

478 453 603 510 Noli
653 451 824 509 nimis
868 449 1149 507 tardando
1197 448 1424 506 irritare
1471 447 1909 520 bnptizatorem,
1961 463 2065 505 nec

2176 468 2287 506 σεσι
2322 450 2418 506 τὸν
2466 450 2660 523 ῥέοντα
2699 448 2891 522 χρόνον
2906 489 2924 515 ,
2969 448 3182 523 μήποτέ
3234 465 3332 503 σου
3376 449 3496 513 ταῖς
3541 448 3757 521 ὁμοίαις

478 560 607 602 eum
637 543 706 599 ad
734 544 876 597 iram
905 556 1249 612 provocare,
1283 541 1429 598 diem
1458 538 1530 595 de
1563 540 1655 597 die
1685 539 1980 603 diderens,
2011 546 2067 595 et

480 646 701 706 tempus
729 632 880 705 quod
909 632 1082 689 elluit
1108 634 1167 688 in
1189 632 1487 703 promissis
1520 645 1857 689 consumens
1875 669 1891 695 .
1915 646 1986 686 ne
2014 640 2069 688 te

478 728 680 786 iisdem
710 726 946 782 vocibus
985 726 1313 790 insectetur,
1346 724 1552 797 quibus
1577 721 1850 787 Joannes.
1893 732 1945 779 te
1991 722 2070 780 l'e-

479 832 598 877 tum
627 820 830 890 vipera
857 816 1151 873 nominans
1179 817 1251 884 ”,
1275 824 1331 872 et
1362 816 1588 873 surdam
1616 814 1902 885 aspidem,
1947 829 2069 886 quae

478 912 747 968 ell'eratur
774 910 845 965 ad
877 923 1067 965 vocem
1097 908 1465 964 incantatoris
1481 907 1561 975 ³¹;
1594 907 1680 962 vel
1708 908 1952 972 acutam,
1984 906 2068 963 vel

479 1004 858 1075 splendentem
885 1002 987 1058 tibi
1013 1001 1272 1059 ostendat
1311 998 1572 1064 securior,
1599 999 1760 1054 sitam
1779 998 1940 1069 juxta
1979 1012 2071 1053 ar-

480 1099 671 1152 borem
709 1103 766 1150 et
820 1095 1125 1150 niinantem
1151 1091 1584 1163 amputationem
1608 1088 1678 1143 ³³.
1710 1087 1772 1144 In
1801 1089 2072 1146 electione

480 1189 754 1245 malorum
802 1186 979 1260 magis
1017 1194 1110 1244 est
1155 1184 1505 1259 eligendum,
1549 1193 1607 1241 ut
1649 1183 1777 1258 quis
1828 1183 2072 1241 salutare

483 1281 767 1337 lavacrum
802 1285 1101 1334 assecutus
1123 1314 1140 1343 ,
1175 1291 1376 1331 rursus
1407 1275 1483 1332 sit
1513 1275 1568 1330 in
1603 1283 1867 1346 peccato,
1902 1288 2069 1345 quam

481 1384 543 1427 ut
574 1371 768 1444 gratiae
798 1384 999 1441 expers
1024 1358 1196 1424 vitam
1234 1366 1411 1423 liuiat.
1447 1364 1583 1421 Nam
1621 1377 1910 1438 peccatum
1940 1365 2070 1437 qui-

477 1467 606 1521 dem
633 1465 852 1521 veniam
879 1462 1120 1518 fortasse
1142 1469 1536 1531 consequetur,
1562 1466 1658 1513 aut
1681 1458 2032 1514 clementiam
2051 1497 2067 1522 ,

476 1558 645 1629 cujus
693 1570 893 1629 magna
930 1563 1016 1611 est
1049 1558 1180 1626 s‘pes
1226 1552 1376 1625 apud
1422 1553 1638 1617 bonos;
1682 1550 1841 1606 alteri
1884 1557 2070 1604 autem

475 1658 569 1708 est
601 1649 832 1705 omnino
872 1647 1041 1703 vetita
1085 1645 1239 1702 salus
1279 1660 1348 1701 ex
1390 1650 1543 1700 certa
1586 1650 1643 1698 et
1687 1641 1913 1698 deﬁnita
1945 1655 2074 1711 sen-

476 1742 681 1798 tentia.
723 1738 862 1795 Nam
902 1753 1032 1794 cum
1067 1736 1299 1794 audiero
1340 1752 1526 1792 vocem
1557 1750 1684 1807 quae
1715 1750 1829 1790 non
1866 1732 2070 1788 ruenti-

2167 548 2377 618 φωναῖς
2415 546 2663 601 Ἰωάννου
2709 543 3021 615 καθίκηται,
3068 541 3317 613 γέννημά
3361 557 3422 594 σε
3472 539 3757 612 ὀνομάζω-ι

2167 640 2402 713 ιχίδνης,
2433 639 2467 712 ἢ
2503 639 2704 695 ἀσπίδα
2745 636 2956 710 κωφὴν,
3004 636 3141 707 πρὸς
3168 636 3270 709 τήν
3305 633 3491 707 φωνὴν
3522 634 3620 689 τοῦ
3655 635 3757 687 ἔπ-

2167 731 2387 803 ᾴδοντος
2418 729 2827 803 ἀγριαίνουσαν,
2858 729 2893 801 ἢ
2933 726 3033 801 τὴν
3078 725 3267 799 ἀξίνην
3300 742 3385 781 σοι
3419 725 3569 798 δείξῃ
3597 725 3757 797 τεθηο

2166 819 2379 891 γμένην
2423 820 2520 873 καὶ
2575 817 2916 885 στίλϐουσαν,
2960 816 3378 890 παρακειμένην
3415 815 3495 889 τῷ
3534 816 3757 887 δένδρῳ,

2168 909 2267 965 καὶ
2313 907 2413 981 τὴν
2458 909 2633 981 τομὴν
2667 908 3022 965 ἀπειλοῦσαν.
3061 907 3433 983 Αίρετὼτερον
3470 911 3531 964 εν
3574 909 3759 964 κακῶν

2169 1001 2370 1074 ικλογῇ
2406 1000 2707 1067 ἀξιωθέντα
2746 1001 2869 1057 τινὰ
2894 1001 2989 1056 τοῦ
3020 1002 3292 1073 σωτηρίου
3339 1000 3589 1074 λουτροῦ,
3613 1003 3761 1071 γενέο

2171 1092 2296 1148 σθαι
2330 1091 2494 1148 πάλιν
2532 1093 2593 1147 ὲν
2628 1092 3009 1164 ἁμαρτήματι,
3033 1093 3069 1165 ή
3106 1094 3207 1165 τῆς
3242 1092 3463 1163 χάριτος
3493 1092 3761 1163 ἀμέτοχον

2169 1182 2497 1254 τελευτῆσαι
2544 1183 2639 1238 τὸν
2683 1183 2814 1255 βίον.
2854 1183 2931 1239 Τὸ
2966 1184 3067 1256 μὲν
3112 1184 3223 1256 γὰρ
3255 1183 3635 1256 πλημμέλημα
3669 1200 3764 1237 τυ-

2168 1276 2266 1349 χὸν
2312 1276 2408 1331 καὶ
2459 1275 2788 1348 συγγνώμης
2834 1276 2869 1349 ἢ
2912 1276 3323 1349 φιλανθρωπίας
3374 1274 3759 1347 ἀξιωθήσεται,

2171 1365 2239 1441 ἧς
2288 1367 2458 1441 πολλὴ
2513 1369 2666 1442 παρὰ
2702 1368 2813 1424 τῶν
2855 1368 3077 1438 ἀγαθῶν
3104 1369 3290 1433 ἐλπίςο
3343 1367 3408 1422 τὸ
3452 1367 3512 1422 δὲ
3552 1367 3759 1423 παντά-

2171 1475 2342 1514 πασιν
2388 1462 2849 1534 ἀπηγορευμένην
2896 1462 3042 1533 ἔχειν
3092 1462 3194 1534 τὴν
3222 1463 3498 1534 σωτηρίαν
3529 1460 3590 1526 ἐξ
3624 1461 3765 1514 ἀπο-

2172 1551 2394 1623 φάσεως
2424 1553 2766 1627 ὡρισμένηςο
2801 1554 2930 1608 ὅταν
2968 1553 3078 1627 γὰρ
3119 1552 3339 1610 ἀκούσω
3370 1556 3470 1626 της
3503 1552 3765 1624 ἀψευδοῦς

2170 1642 2356 1715 φωνῆς
2399 1645 2696 1716 λεγούσης.
2732 1663 2751 1697 ι
2795 1645 2990 1717 Ἀμὴν,
3024 1645 3173 1717 ἀμὴν
3212 1643 3356 1714 λόγω
3396 1657 3513 1698 σοι’
3548 1644 3645 1698 liv
3687 1641 3762 1715 μή

2170 1750 2255 1800 τις
2282 1735 2517 1809 γεννηθῇ
2565 1736 2793 1800 ἄνωθεν,
2827 1736 2890 1791 ού
2921 1733 3144 1792 δύναται
3191 1736 3323 1790 ίδεϊν
3366 1735 3467 1808 την
3489 1733 3765 1808 βασιλείαν

478 1842 599 1900 tur,
624 1833 901 1888 dicentem
926 1848 942 1886 :
964 1847 988 1883 ι
1014 1830 1219 1894 Amen,
1241 1845 1400 1886 amen
1422 1829 1549 1885 dico
1569 1828 1728 1884 vobis
1762 1845 1777 1883 :
1809 1827 1916 1885 nisi
1942 1826 2072 1897 quis

2176 1825 2268 1883 τοῦ
2301 1828 2458 1895 Θεοῦ,
2500 1848 2520 1882 ι
2556 1829 2707 1884 οὐδὲν
2733 1829 2967 1902 δύναμαι
2996 1832 3109 1894 τοῖς
3151 1829 3420 1902 ἀμυήτοις
3462 1827 3764 1901 προσδοκῆι

483 1934 654 1981 natus
696 1923 868 1979 fuerit
906 1921 1168 1994 desuper,
1211 1936 1327 1977 non
1372 1928 1554 1993 potest
1599 1920 1790 1976 videre
1837 1933 2067 1991 regnum

483 2016 582 2072 Dei
613 2016 683 2082 ³⁸,
713 2034 734 2068 ι
763 2014 903 2070 nihil
934 2014 1064 2070 boni
1098 2028 1325 2084 possum
1356 2020 1683 2084 exspectare
1717 2012 1787 2068 iis
1814 2011 1911 2083 qui
1948 2026 2068 2083 my-

480 2106 670 2165 steriis
718 2121 831 2163 non
875 2114 1008 2162 sunt
1052 2104 1277 2160 initiati.
1324 2102 1634 2170 Quamnam
1678 2103 1827 2158 enim
1875 2116 2070 2158 revera

481 2198 700 2255 veniam
738 2210 955 2267 aequum
999 2203 1088 2252 est
1128 2196 1210 2250 eis
1255 2193 1564 2265 impertiri,
1606 2192 1703 2265 qui
1755 2192 1901 2266 regis
1944 2206 2072 2264 gra-

482 2292 617 2346 tiam
671 2288 979 2344 aliecerunt
1018 2286 1383 2350 contumelia,
1428 2285 1558 2341 aeris
1597 2285 1774 2341 alieni
1814 2300 1927 2340 non
1973 2282 2072 2340 ad-

484 2384 769 2438 mittentes
796 2377 1187 2434 rescissionem
1209 2415 1226 2442 ,
1269 2393 1375 2432 nec
1404 2377 1800 2447 amplectentes
1842 2375 2073 2431 liberta-

480 2482 596 2529 tem
620 2514 637 2540 ,
678 2487 804 2542 quae
832 2485 931 2526 sua
962 2478 1162 2540 sponte
1207 2469 1277 2524 ad
1325 2482 1424 2524 eos
1463 2484 1497 2524 e
1555 2467 1702 2523 coelo
1740 2465 2068 2534 descendit,

483 2580 585 2637 per
633 2564 767 2621 doni
813 2571 994 2618 autem
1042 2568 1460 2632 contemptum,
1507 2574 1636 2617 eum
1687 2558 1784 2630 qui
1833 2557 2068 2614 donavit

483 2659 691 2730 probro
705 2667 762 2713 et
780 2655 1054 2712 dedecore
1087 2652 1423 2710 allicientes?
1454 2652 1709 2706 Animam
1744 2650 1970 2708 minime
2001 2651 2072 2706 il-

486 2749 833 2811 luminatam,
866 2757 921 2802 et
950 2743 1388 2817 regenerationis
1420 2743 1597 2815 gratia
1634 2758 1747 2799 non
1777 2753 2069 2808 ornatam,

485 2844 682 2897 nescio
710 2857 780 2895 an
809 2838 992 2910 angeli
1016 2835 1328 2907 suscipiant
1346 2873 1362 2901 ,
1387 2842 1683 2906 postquam
1708 2833 1874 2889 fuerit
1894 2847 1926 2887 a
1950 2850 2073 2890 cor-

482 2945 621 3004 pore
650 2937 925 3001 separata.
977 2924 1268 2994 Quomodo
1296 2924 1479 2989 enim,
1512 2939 1638 2978 cum
1672 2939 1785 2978 non
1818 2923 1892 2979 sit
1921 2922 2073 2979 obsi-

484 3033 684 3096 gnata,
719 3037 822 3078 nec
855 3020 1030 3076 ullum
1067 3018 1211 3074 [erat
1258 3017 1480 3087 signum
1527 3016 1615 3072 sui
1658 3015 1912 3072 Domini?
1959 3015 2072 3071 lmo

484 3126 576 3175 est
605 3115 912 3172 verisimile
937 3127 1038 3184 per
1069 3126 1252 3167 aerem
1284 3110 1420 3165 ferri
1455 3117 1739 3166 errantem
1778 3116 1837 3164 et
1867 3123 2073 3179 vagan-

2178 1938 2267 1977 σαι
2313 1921 2569 1995 χρηστόν.
2622 1921 2779 1986 Τίνος
2814 1922 2925 1995 γὰρ
2972 1921 3140 1987 ὅντως
3191 1921 3528 1999 συγγνώμης
3556 1921 3766 1976 δίκαιον

2175 2014 2289 2078 τοῖς
2324 2012 2585 2077 τοιούτοις
2617 2012 2981 2084 μεταδιδόναι,
3025 2011 3076 2067 οἳ
3125 2012 3226 2084 τὴν
3273 2011 3560 2085 βασιλικὴν
3605 2010 3764 2085 χάριν

2176 2101 2488 2175 ὲνύϐρισαν,
2519 2102 2596 2175 μὴ
2623 2100 2907 2173 δεξάμενοι
2944 2101 3047 2167 τάς
3094 2101 3385 2165 ἀποκοπὰς
3420 2101 3531 2156 τῶν
3563 2100 3762 2173 χρεῶν,

2175 2192 2315 2267 μηδὲ
2340 2194 2818 2266 προσκυνήσαντες
2840 2193 2941 2266 τὴν
2968 2192 3281 2267 ἐλευθερίαν
3317 2193 3415 2248 καὶ
3444 2191 3767 2264 ἀσπασάμε-

2174 2302 2279 2351 νοι,
2325 2288 2767 2358 αύτεπάγγελτον
2801 2288 2938 2362 πρὸς
2987 2289 3188 2352 αὐτοὺς
3220 2286 3483 2343 ἐλθοῦσαν
3509 2286 3570 2354 ἐξ
3599 2286 3766 2360 ούρα-

2174 2379 2285 2435 νῶν
2302 2396 2321 2411 “
2342 2380 2432 2435 διὰ
2459 2381 2519 2436 δὲ
2546 2382 2645 2450 τῆς
2685 2382 3144 2454 καταφρονήσεως
3175 2381 3270 2437 τοῦ
3298 2381 3498 2456 δώρου,
3539 2382 3632 2436 τὸν
3663 2381 3767 2435 δω-

2180 2473 2488 2544 ρησάμενον
2534 2474 2940 2545 ἀτιμάσαντεςς
2990 2474 3186 2548 Ψυχὴν
3217 2474 3523 2546 ἀφώτιστον
3555 2475 3650 2529 καὶ
3694 2476 3763 2545 τῇ

2176 2563 2360 2634 χάριτι
2384 2563 2483 2634 τῆς
2511 2563 2928 2635 παλιγγενεσίας
2962 2566 3039 2638 μὴ
3075 2565 3464 2637 κοσμηθεῖσαν,
3504 2564 3608 2618 οὐκ
3648 2558 3765 2617 οῖδα

2175 2655 2299 2710 οὐδὲ
2341 2656 2393 2710 εί
2450 2656 2672 2727 ἄγγελοι
2724 2656 2865 2729 μετά
2915 2657 3010 2713 τὸν
3055 2655 3334 2729 χωρισμὸν
3366 2657 3464 2712 τοῦ
3514 2652 3768 2728 σώματος

2177 2747 2549 2820 ὑποδέχονται.
2586 2749 2710 2815 Πῶς
2745 2751 2856 2823 γὰρ
2895 2749 2995 2822 τὴν
3035 2751 3431 2822 ἀσφράγιστον,
3462 2749 3564 2822 τὴν
3598 2747 3767 2821 μηδὲν

2175 2839 2279 2910 τῆς
2296 2840 2612 2907 δεσποτείας
2633 2841 2903 2913 ἐπίσημον
2930 2842 3202 2914 φέρουσαν
3222 2858 3238 2909 ;
3258 2836 3338 2896 Ἦ
3360 2841 3508 2907 είκδς
3531 2840 3769 2912 ἐμφέρει-

2179 2924 2303 2979 σθαι
2334 2925 2415 2997 τῷ
2440 2925 2563 2999 ἀέρι
2596 2929 2956 3001 πλανωμένην
2986 2930 3082 2984 καὶ
3099 2929 3489 3002 ἀλητεύουσαν,
3518 2932 3613 2987 καὶ
3639 2929 3769 3002 ἀζή-

2175 3031 2361 3086 τητον,
2387 3016 2464 3082 ὡς
2493 3017 2788 3073 ἀδέσποτον
2805 3034 2821 3051 ο
2869 3019 3242 3091 ἐπιθυμοῦσαν
3282 3019 3645 3087 ἀναπαύσεως
3670 3018 3767 3074 καὶ

2181 3106 2372 3178 μονῆς,
2397 3109 2490 3162 καὶ
2520 3110 2595 3182 μὴ
2626 3110 2987 3183 εύρίσκουσαν
3020 3110 3350 3184 ὀδυρομένην
3379 3112 3635 3184 ἀνόνητα,
3673 3107 3771 3166 καὶ

488 3220 624 3276 tem,
652 3217 710 3265 et
737 3206 966 3261 minime
994 3203 1308 3275 quaesitam,
1343 3208 1405 3256 ut
1437 3216 1561 3272 qua:
1592 3199 1824 3254 Domino
1862 3206 2071 3264 careat,

2179 3199 2629 3273 μεταμελομένην
2681 3202 2972 3275 ἀπρακτα⁶
3017 3204 3210 3275 ὁμοίαν
3247 3203 3328 3276 τῷ
3375 3203 3617 3277 πλουσίῳ
3637 3244 3655 3270 ,
3707 3203 3768 3258 εν

485 3308 823 3374 quaerentem
855 3297 1096 3368 quietem
1127 3305 1183 3350 et
1213 3294 1396 3349 locum
1417 3333 1434 3358 ,
1473 3293 1528 3347 in
1560 3307 1672 3363 quo
1716 3298 1935 3345 tuaneat
1959 3329 1974 3354 ,
2015 3298 2073 3345 et

2178 3291 2464 3364 πορφύρα,
2512 3296 2606 3349 καὶ
2639 3294 2836 3366 βύσσος
2863 3295 3140 3368 ὴμφίαξεν
3162 3338 3179 3364 ,
3220 3298 3401 3371 τρυφή
3432 3297 3489 3351 δὲ
3539 3298 3768 3352 παντοία

488 3408 601 3448 ιιοιι
632 3388 1042 3454 invenientem,
1093 3385 1301 3443 frustra
1349 3384 1642 3440 deﬂentem
1692 3390 1749 3438 et
1796 3382 2071 3438 inutiliter

2177 3385 2272 3439 καὶ
2303 3386 2603 3452 ἀπόλαυσις
2650 3387 2990 3459 ἁϐροδίαιτος
3029 3389 3276 3463 ἔτρεφεν,
3311 3388 3442 3462 ὕλην
3469 3389 3561 3444 τοῦ
3602 3389 3769 3445 ἀσϐίο

489 3484 887 3557 ιιωιιίιειιιοιιι,
922 3494 1032 3536 non
1065 3494 1230 3535 secus
1265 3486 1431 3548 atque
1459 3475 1686 3530 divitem
1721 3473 1818 3544 qui
1872 3473 2068 3528 indue-

2176 3476 2303 3530 στου
2331 3478 2524 3550 πυρός.

489 3582 655 3637 batur
683 3592 924 3650 purpura
957 3586 1013 3632 et
1044 3574 1246 3648 bysso,
1285 3588 1559 3644 quemque
1608 3572 1793 3628 lautus
1826 3579 1883 3626 et
1921 3572 2200 3631 delicatus
2233 3576 2417 3633 oninis
2448 3577 2674 3648 generis
2740 3578 2902 3635 cibus
2964 3579 3184 3648 alebat,
3248 3581 3536 3636 materiam
3598 3578 3770 3651 ignis,

486 3679 584 3749 qui
617 3690 726 3730 non
759 3681 941 3745 potest
971 3668 1250 3741 exstingui
1278 3668 1345 3723 “.

562 3767 701 3823 Volo
732 3774 913 3822 autem
945 3765 1104 3821 vobis
1145 3764 1310 3819 etiam
1359 3775 1590 3817 narrare
1623 3760 1920 3831 quemdam
1953 3775 2073 3816 ser-

2262 3760 2464 3816 Ἐθέλω
2521 3761 2580 3816 δὲ
2631 3762 2763 3834 ύμῖν
2808 3763 2985 3818 εἰπεῖν
3037 3782 3159 3820 τινα
3219 3766 3315 3821 καὶ
3365 3767 3527 3837 λόγον
3576 3770 3768 3844 ἀνδρὸς

490 3875 711 3918 monem
747 3860 852 3915 viri
903 3856 1162 3921 inlelicis,
1201 3856 1295 3928 qui
1340 3869 1592 3926 magnam
1633 3870 1786 3925 spem
1816 3869 1927 3908 non
1955 3859 2073 3909 erat

2181 3852 2391 3917 ἀθλίου,
2422 3854 2788 3926 ἀποτυχόντος
2835 3855 2939 3927 τῆς
2986 3857 3232 3930 μεγάλης
3270 3859 3505 3929 ἐλπίδος,
3543 3864 3636 3917 καὶ
3673 3863 3771 3935 Cr,-

489 3961 803 4018 assecutus,
824 3960 880 4008 et
907 3947 1400 4022 aquamquzerebat
1427 3947 1481 4001 in
1504 3954 1772 4015 tempore,
1792 3960 1904 4016 quo
1932 3958 2073 4016 aqua

2178 3942 2397 4008 τοῦντος
2442 3941 2585 4018 ὕδωρ
2634 3946 2692 3999 ὲν
2740 3944 2952 4019 ἀνύδρῳ
2998 3946 3195 4019 καιρῷ.
3241 3949 3441 4023 Πρώην
3472 3953 3579 4027 γὰρ
3609 3955 3769 4026 ήνίκα

488 4042 803 4100 deﬁciebat».
861 4038 1049 4112 Nuper
1083 4039 1268 4104 enim,
1318 4035 1542 4108 quando
1599 4035 1929 4108 Scytharum
1973 4052 2073 4091 no-

2180 4032 2216 4106 ή
2249 4034 2567 4107 καταδρομὴ
2600 4034 2708 4090 τῶν
2738 4036 2984 4107 νομάδων
3025 4038 3267 4106 Σκυθῶν,
3297 4041 3501 4114 πολλὴν
3533 4046 3630 4099 σὺν
3657 4049 3770 4110 τοῖς

492 4134 716 4191 [uadum
745 4132 991 4189 incursio
1022 4130 1318 4202 plurimum
1365 4126 1482 4198 agri
1511 4125 1675 4181 simul
1713 4140 1839 4181 cum
1865 4124 2073 4181 habita-

2180 4120 2391 4181 οίκοῦσι
2430 4125 2614 4198 χώραν
2641 4127 2927 4197 ἠφάνισεν,
2954 4129 3048 4183 ἐπὶ
3074 4131 3174 4201 τῆς
3202 4132 3532 4205 Κομαναίων
3561 4135 3769 4201 πόλεως

493 4227 713 4282 toribus
765 4223 996 4295 diripuit
1040 4230 1095 4277 et
1151 4219 1384 4282 evertit.
1427 4218 1482 4273 in
1535 4217 1639 4273 bac
1704 4217 2073 4272 Comanorum

2176 4216 2381 4288 ταύτης
2425 4217 2801 4287 ἀστυγείτονος
2846 4219 2918 4274 τά
2964 4221 3264 4293 προάστεια
3318 4223 3428 4279 τῶν
3479 4225 3771 4301 βαρϐάρων

492 4318 715 4374 civitate
771 4316 953 4371 vicina
1008 4311 1347 4368 suburbanis
1401 4308 1791 4372 barbarorum,
1853 4306 2073 4377 quidam

2176 4307 2513 4380 ληϊζομένων
2531 4352 2547 4377 ,
2575 4311 2715 4381 ἀνήρ
2750 4327 2835 4375 τις
2864 4310 2984 4376 νέος
3011 4312 3121 4368 τῶν
3147 4316 3509 4388 εὐπατριδῶν,
3550 4319 3771 4392 Ἀρχίας

491 4410 712 4483 juvenis
741 4407 912 4464 nobili
971 4406 1093 4460 loco
1154 4414 1335 4466 natus,
1370 4402 1608 4458 Archias
1635 4400 1880 4462 nomine,
1915 4412 2073 4468 quem

2177 4397 2449 4471 τοῦνομα,
2475 4398 2535 4455 δν
2582 4402 2675 4455 καὶ
2714 4401 2876 4467 αὐτὸς
2914 4402 3157 4475 ἀκριϐῶς
3203 4408 3523 4481 ἠπιστάμην
3547 4412 3771 4484 περιαλ·

495 4518 598 4572 ego
630 4500 872 4557 sciebam
895 4497 1189 4569 aegerrime
1209 4494 1354 4550 ferre
1384 4500 1439 4548 et
1500 4491 1714 4564 privata
1744 4497 1799 4545 et
1828 4503 2073 4544 commu-

2179 4494 2298 4562 γεῖν
2326 4495 2441 4558 τοῖς
2471 4510 2534 4547 τε
2566 4494 2718 4558 ίδίοις
2745 4494 2840 4549 καὶ
2873 4498 3074 4562 κοινοῖς
3116 4497 3220 4569 τῆς
3262 4501 3517 4573 πατρίδος
3558 4503 3772 4569 κακοῖς,

497 4594 591 4651 nia
623 4594 762 4648 mala
821 4591 1033 4663 patriae,
1087 4602 1345 4660 egressus
1397 4563 1607 4641 estde:
1636 4583 1863 4639 civitate
1910 4588 1967 4636 et
2010 4595 2073 4635 ex

2182 4581 2373 4655 ἐξῆλθε
2408 4585 2510 4656 τῆς
2551 4584 2759 4650 πόλεως
2787 4587 2879 4641 καὶ
2915 4587 3011 4642 τοῦ
3044 4563 3323 4663 φρουρίου,
3352 4563 3429 4657 ῶς
3471 4563 3774 4650 κατοπτεῦλ

497 4685 778 4757 praesidio,
816 4694 875 4739 ut
905 4684 1195 4754 diligenter
1251 4679 1659 4748 specularetur,
1718 4684 1854 4746 quot
1896 4680 2078 4737 erant,

498 4759 833 4853 qni-praedas
872 4777 1107 4848 agebant
1139 4773 1388 4838 barbari,
1422 4780 1477 4828 et
1519 4782 1771 4840 quasnam
1805 4772 1964 4822 erant
2014 4779 2081 4821 ea

500 4889 623 4944 qua:
686 4869 1099 4940 contingebant,
1139 4872 1194 4921 et
1241 4880 1368 4921 cum
1422 4861 1709 4920 incidisset
1758 4859 1814 4913 in
1867 4858 2080 4921 hostes.

501 4964 718 5035 Sagiltis
751 4963 854 5017 fuit
892 4960 1187 5030 appetitus.
1234 4957 1341 5026 Qui
1394 4971 1520 5012 cum
1567 4953 1858 5010 cecidisset
1908 4959 1965 5019 et
2011 4950 2081 5005 ad

500 5066 731 5114 mortem
782 5062 1123 5127 properaret,
1178 5066 1344 5123 quam
1390 5047 1631 5103 maxima
1683 5052 1899 5116 poterat
1945 5056 2085 5098 voce

500 5145 844 5203 exclamabat
881 5144 1031 5216 (erat
1058 5136 1204 5197 enim
1249 5136 1508 5211 baptismi
1557 5142 1905 5193 sacramento
1939 5147 2083 5188 non-

501 5239 632 5294 dum
655 5237 927 5306 initiatus)
949 5234 1194 5290 :Montes
1210 5240 1267 5287 et
1285 5233 1459 5295 silvae,
1490 5229 1798 5300 baptizate;
1831 5226 2083 5290 arbores,

501 5339 559 5385 et
588 5347 772 5401 rupes,
811 5338 867 5385 et
919 5328 1121 5392 futiles.
1159 5326 1285 5383 date
1304 5325 1571 5397 gratiam!
1605 5322 1670 5379 Et
1717 5322 1820 5379 bas
1853 5322 2085 5378 misera-

503 5421 645 5488 biles
678 5434 843 5475 voces
870 5417 1065 5484 edens,
1088 5418 1257 5472 vitam
1293 5416 1452 5472 liniit.
1489 5414 1639 5481 Quas
1668 5407 1795 5468 cum
1825 5411 2083 5468 rescivis-

504 5518 591 5571 set
623 5511 842 5574 civitas,
868 5525 965 5565 eas
1008 5509 1182 5580 magis
1220 5507 1458 5574 deﬂevit,
1496 5521 1663 5577 quam
1694 5519 1887 5559 casum
1927 5503 2089 5581 belli.-

506 5602 648 5660 lluic
670 5602 878 5659 similes
905 5608 1039 5664 sunt
1078 5600 1115 5655 ii
1158 5616 1399 5675 quoque,
1422 5601 1516 5672 qui
1545 5614 1579 5653 a
1614 5596 1822 5654 morbis
1853 5605 2081 5667 repente

2186 4691 2279 4729 σαι
2301 4674 2567 4748 ἀκριϐῶς,
2602 4676 2759 4732 πόσοι
2796 4679 2895 4750 μὲν
2932 4681 2982 4734 ei
3019 4680 3275 4755 ληοῦντες
3320 4685 3606 4759 βάρϐαροι,
3651 4687 3771 4742 τίνα

2184 4767 2242 4823 δὲ
2273 4768 2345 4823 τά
2370 4769 2734 4840 συμϐαίνοντα
2767 4771 2916 4844 πάθη
2937 4788 2953 4803 ⁸
2982 4775 3078 4831 καὶ
3111 4775 3425 4847 περιπεσὼν
3468 4780 3580 4843 τοῖς
3610 4778 3771 4833 πολε-

2188 4859 2332 4931 μίοις
2354 4860 2735 4932 κατετοξεύθη.
2765 4860 2954 4918 Πεσὼν
2984 4866 3043 4919 δὲ
3087 4867 3182 4921 καὶ
3230 4866 3367 4938 πρὸς
3405 4868 3500 4924 τὸν
3545 4871 3774 4927 θάνατον

2185 4948 2559 5021 ἐπειγόμενος,
2586 4950 2663 5015 ὡς
2690 4945 2804 5023 εἶχε
2846 4951 3148 5024 δυνάμεως,
3173 4954 3370 5009 ἀνεϐόα
3410 4957 3533 5029 (καὶ
3567 4957 3677 5027 γὰρ
3702 4954 3773 5029 ἦν

2187 5040 2297 5095 τῶν
2337 5042 2639 5114 ἀμυήτων)’
2667 5044 2808 5117 Ὀρη
2842 5044 2937 5099 καὶ
2973 5045 3164 5107 νάπαι,
3193 5044 3492 5117 βαπτίσατε
3518 5063 3534 5079 ’
3559 5049 3769 5121 δένδρα,

2185 5129 2279 5184 καὶ
2307 5128 2526 5202 πέτραι,
2581 5132 2678 5187 καὶ
2712 5134 2906 5204 πηγαὶ,
2950 5133 3071 5190 δότε
3115 5136 3217 5208 τήν
3263 5137 3443 5210 χάριν.
3494 5139 3604 5194 Καὶ
3650 5154 3721 5194 τα
3744 5158 3774 5205 ς

2184 5223 2428 5296 οἰκτραῖς
2469 5227 2676 5294 φωναῖς
2710 5224 2938 5292 ταύταις
2982 5227 3427 5302 ὲπετελεύτητεν.
3461 5231 3558 5295 ’Δς
3603 5231 3697 5284 καὶ
3739 5234 3773 5305 ή

2185 5314 2340 5379 πόλις
2373 5314 2640 5387 μαθοῦσα,
2683 5317 2846 5373 πλέον
2882 5316 2983 5390 τῆς
3026 5322 3313 5394 συμφορᾶς
3353 5323 3455 5394 τῆς
3498 5324 3639 5379 κατά
3682 5325 3773 5379 τὸν

2186 5406 2419 5478 πόλεμον
2446 5407 2843 5481 ἀπεθρήνησεν.
2872 5411 3249 5484 Παραπλήσιοι
3288 5415 3346 5469 δὲ
3376 5415 3551 5488 τούτῳ
3586 5416 3682 5470 καὶ
3723 5417 3774 5470 οί

2187 5497 2340 5570 παρά
2380 5497 2492 5552 τῶν
2540 5500 2713 5554 νόσων
2765 5501 2994 5573 ἀθρόως.
3025 5502 3359 5576 πιεζόμενοι.
3391 5507 3561 5561 Ὅταν
3601 5508 3709 5579 γάρ
3743 5507 3774 5561 ὁ

2187 5589 2604 5663 χθὲςργιαίνων
2638 5592 2732 5647 καὶ
2764 5595 3011 5667 μακροὺς
3033 5596 3213 5665 ἐαυτῷ
3251 5598 3379 5665 τοὺς
3419 5598 3644 5674 χρόνους
3677 5600 3772 5671 τῆς

552 5791 622 5842 ,³ο
652 5786 846 5845 Matth.
872 5799 955 5853 ιιι,
977 5783 1033 5839 7.
1111 5782 1153 5816 ³⁸
1185 5778 1333 5838 Psal.
1358 5779 1559 5846 “11,5.
1608 5779 1680 5849 ,³³
1708 5776 1841 5836 Luc.
1871 5792 1954 5851 ιιι,
1983 5778 2038 5835 9.

2199 5775 2405 5837 lJoan.
2448 5796 2530 5849 tu,
2567 5781 2620 5836 5.
2697 5778 2743 5814 ³⁸
2775 5777 2911 5836 Luc.
2938 5795 3050 5847 εισι,
3090 5776 3179 5838 19*
