4124 6352
399 357 507 414 ιὲὄ

1779 353 1868 410 BE
1899 355 2266 414 BAPTISMO.
2334 349 2348 358 ”

3526 343 3532 350 ’
3564 365 3672 421 ιεθ

402 477 549 546 ζωῆς
575 475 888 547 διαγράφων
921 472 1159 544 πάθητδ
1189 471 1284 525 τοῦ
1310 470 1539 526 παλαιοῦ
1573 475 1988 544 ματαιόφρονος,

2098 476 2501 545 opprimuntur.
2536 476 2672 530 Cum
2697 477 2842 531 enim
2880 477 2951 544 ei,
2987 479 3078 549 qui
3107 477 3224 534 lteri
3256 489 3375 533 erat
3401 495 3593 546 sanus,
3623 489 3679 537 ‹·ι

402 571 496 622 καὶ
524 567 686 638 λεχθῇ
713 567 848 638 πρὸς
872 567 1035 622 αὐτὸν
1066 568 1130 620 ὲκ
1162 564 1265 635 τῆς
1305 563 1690 633 ἀπογνώσεως,
1720 567 1800 619 ὅτι
1827 567 1998 637 ταύτῃ

399 663 467 731 τῇ
499 660 716 730 νυκτὶή
758 659 904 728 ψυχή
943 675 1036 712 σου
1077 657 1171 711 τοῦ
1216 655 1466 727 σώματος
1509 655 1717 722 λύεται,
1746 658 1868 710 τότε
1911 657 2001 711 θό-

406 751 565 823 ρυϐος
593 753 687 805 καὶ
720 753 934 823 κραυγή
959 768 971 780 ·
1009 751 1104 805 καὶ
1145 749 1324 806 πάντα
1348 751 1408 802 ὲν
1441 751 1580 821 ῥοπῇ
1610 750 1803 821 καιροῦ
1833 751 2000 815 ὀξέως

400 843 662 913 ζητεῖται,
694 845 762 896 τὰ
788 843 980 913 σκεύη,
1006 843 1068 896 τὸ
1091 843 1252 913 ὕδωρ,
1283 844 1311 895 ό
1331 843 1533 913 ἱερεὺς,
1564 845 1594 896 ὁ
1629 843 1785 911 λόγος
1809 843 1838 896 ό
1863 841 1998 912 πρδς

401 937 500 1007 τὴν
525 936 686 1007 χάριν
713 934 1182 1007 προευτρεπίζων,
1233 936 1293 989 ὃν
1344 937 1565 989 ἀπαιτεῖ
1595 938 1692 1006 μὲν
1737 936 1770 1005 ἡ
1817 935 1997 1007 χρεία,

403 1029 680 1081 ἐπισκοτεῖ
704 1027 760 1081 δὲ
792 1029 824 1100 ἡ
858 1027 1029 1092 νόσος,
1069 1028 1302 1101 σφοδρὸν
1331 1029 1425 1082 καὶ¹
1461 1028 1738 1082 ἀνένδοτον
1767 1028 2000 1099 ἐργαζο-

405 1118 541 1188 μένη
589 1117 652 1171 τὺ
698 1113 902 1189 ἆσθμα.
938 1119 1048 1172 Καὶ
1090 1121 1235 1172 ποιεῖ
1283 1118 1374 1171 τὸν
1427 1118 1653 1189 θόρυϐον
1706 1117 1807 1186 τῆς
1859 1118 2000 1171 κατὰ

403 1211 640 1280 πόλεμον
691 1209 920 1280 συνοχῆς
957 1211 1057 1264 οὐκ
1101 1211 1391 1264 ἐλάττοναο
1429 1210 1628 1274 πάντες
1663 1209 1720 1263 δὲ
1765 1210 1815 1262 oi
1857 1210 2000 1262 κατὰ

401 1303 501 1373 τὴν
541 1303 721 1357 οὶκίαν
772 1301 1019 1374 ἀλλήλοις
1070 1303 1420 1366 ἀπαντῶντες
1461 1303 1852 1374 ὲκρήγνννταιο
1905 1304 1999 1356 καὶ

402 1395 643 1465 ὠθισμός
688 1397 826 1460 ἐστι,
871 1395 964 1448 καὶ
1013 1394 1249 1465 ταραχὴ,
1299 1395 1392 1447 καὶ
1440 1393 1598 1465 θρόος
1648 1392 1858 1464 γοώδης
1903 1396 1999 1448 καὶ⁸

402 1486 634 1556 ἄσημος,
666 1484 854 1556 ὥσπερ
897 1485 956 1537 ἐν
998 1483 1337 1556 νυκτομαχίᾳ
1368 1483 1616 1554 ἀλλήλοις
1655 1483 1998 1554 ἐμπλεκομέ-

402 1595 531 1643 νων,
580 1578 804 1646 δούλων,
865 1577 1164 1647 συγγενῶν,
1221 1578 1414 1648 φίλων,
1470 1577 1582 1629 τῶν
1629 1576 1855 1638 παίδων,
1899 1575 1998 1646 τῆς

403 1671 650 1741 γαμετῆς
705 1670 794 1733 Ὠς
827 1669 906 1722 ἔτι
934 1669 1112 1722 τοίνυν
1142 1667 1332 1738 καιρὸς
1357 1668 1602 1739 εἰρήνης,
1627 1666 1695 1720 τὰ
1715 1666 1836 1719 καθ’
1869 1667 1997 1719 ἐαυ-

401 1764 529 1825 rob;
556 1762 848 1834 σωφρόνως
869 1759 1201 1831 διαθώμεθα.
1238 1760 1329 1815 Ἑν
1361 1760 1525 1831 σχολῇ
1554 1761 1646 1813 καὶ
1671 1759 1881 1831 γαλήνῃ
1903 1759 1996 1813 τοῦ

404 1852 521 1922 βίου
545 1851 768 1918 δέξασθε
799 1855 898 1924 τὴν
917 1851 1011 1905 τοῦ
1040 1850 1276 1923 Χριστοῦ
1302 1851 1533 1923 δωρεὰν,
1558 1852 1646 1904 ὅτε
1673 1850 1767 1904 καὶ
1798 1851 1826 1902 ὁ
1856 1849 1992 1919 λαμ-

401 1944 581 1998 ϐάνων
612 1944 711 2016 τὴν
759 1944 970 2015 ὑψηλὴν
1011 1946 1106 1998 καὶ
1152 1943 1482 2014 ἀσύγκριτον
1525 1942 1840 2013 εὐεργεσίαν
1873 1941 1992 2013 μεθ’

401 2037 598 2107 ἡδονῆς
619 2035 698 2107 τῷ
723 2036 1007 2107 καταλόγῳ
1043 2035 1153 2088 τῶν
1191 2035 1614 2106 υἱοθετουμένων
1643 2032 1991 2104 συναριθμεῖ-

400 2147 530 2193 ται,
582 2131 678 2183 καὶ
724 2131 774 2183 οξ
812 2131 1078 2201 γνώριμοι
1121 2129 1320 2192 πάντες
1359 2127 1458 2199 τὴν
1495 2128 1704 2181 ἐκείνου
1746 2126 1882 2199 πρὸς
1932 2127 1993 2180 τὸ

400 2226 649 2294 κρεῖττον
694 2222 1051 2294 μεταποίησιν
1096 2217 1370 2290 ἐξαίρετον
1403 2220 1576 2292 χαρὰν
1609 2221 1700 2275 καὶ
1727 2219 1990 2291 εὐφροσύ-

397 2333 499 2385 νην
528 2313 825 2368 ποιοῦνται.

486 2581 645 2636 Ἀλλὰ.
696 2583 929 2643 δέδοικα,
979 2583 1134 2654 φησὶ,
1187 2581 1250 2635 τὸ
1299 2581 1398 2651 τῆς
1451 2579 1664 2650 φύσεως
1702 2580 1863 2651 ἡμῶν
1913 2581 1994 2645 είς

403 2676 678 2748 ἁμαρτίαν
707 2675 945 2738 εὔκολον,
977 2675 1070 2728 καὶ
1091 2671 1181 2728 διὰ
1209 2672 1368 2726 τοῦτο
1400 2673 1537 2745 πρὸς
1577 2673 1674 2745 τὴν
1707 2673 1864 2743 χάριν
1896 2674 1994 2741 τῆς

404 2768 824 2838 παλιγγενεσίας
876 2766 1146 2839 βραδύνω.
1193 2765 1564 2837 Εύπρόσωπον
1622 2765 1721 2836 μέν
1770 2781 1863 2818 σου
1893 2765 1994 2833 τῆς

396 2862 601 2925 ’δειλίας
625 2860 690 2914 τὸ
722 2859 1036 2931 πρόσχημα,
1069 2859 1163 2912 καὶ
1197 2858 1379 2922 καλῶς
1408 2857 1602 2911 σαυτὸν
1631 2870 1992 2929 κατασχημα-

402 2951 570 3017 τίζεις
617 2951 698 3022 τῷ
738 2951 839 3020 τῆς
889 2948 1175 3012 εὐλαϐείας
1218 2948 1524 3019 πλάσματιι
1569 2947 1706 3001 ἀλλά
1739 2963 1820 3001 σοι
1870 2947 1994 3000 σύν-

403 3061 568 3114 τομος
601 3042 869 3114 ἐρώτησις
911 3043 1282 3114 προσαχθεῖσα
1331 3041 1557 3112 ἀρκέσει
1598 3042 1993 3112 προ-γυμνῶσαι

400 3135 510 3206 τὴν·
524 3135 725 3206 σκηνὴν
744 3134 998 3198 εὐκόλως.
1019 3134 1172 3188 Ἐπεὶ
1190 3133 1320 3205 γὰρ,
1345 3135 1374 3187 ὁ
1393 3131 1686 3187 δεδοικέναι
1706 3133 1879 3202 λέγων
1895 3135 1993 3206 τὴν

405 3227 700 3298 ἁμαρτίαν,
729 3226 1136 3299 κατηχούμενος
1165 3226 1450 3298 ὑπάρχεις,
1471 3226 1590 3279 τίνα
1616 3225 1724 3297 ἄρα
1751 3225 1851 3298 ζῇς
1876 3225 1989 3295 βίον

404 3320 836 3392 ἀκατηγόρητον,
869 3320 901 3391 ἢ
938 3319 1030 3372 τὸν
1067 3319 1470 3390 ἀναμάρτητον,
1505 3318 1537 3388 ἢ
1579 3317 1670 3372 τὸν
1715 3320 1772 3371 ἐν
1812 3319 1990 3389 ἀμαρ-

404 3411 582 3476 τίαις;
608 3413 668 3465 Εἰ
705 3411 804 3482 μὲν
830 3411 938 3483 γὰρ
969 3409 1056 3465 τὸν
1085 3410 1491 3482 ἀναμάρτητον,
1522 3409 1574 3463 τί
1599 3409 1804 3481 δειλιᾷς
1822 3410 1882 3463 τὸ
1900 3410 1994 3480 βά-

407 3520 638 3574 πτισμα,
685 3504 779 3557 καὶ
815 3503 920 3574 πρὸ
953 3502 1164 3555 ἐκείνου
1205 3500 1388 3572 τηρῶν
1422 3501 1520 3572 τὴν
1554 3501 1992 3574 νομοθετημένην

405 3597 690 3668 ἀκρίϐειαν
717 3613 731 3662 ;
759 3598 820 3651 El
849 3595 906 3651 δέ
933 3612 1014 3650 σοι
1042 3595 1350 3668 ἀκάθαρτος
1375 3597 1469 3651 καὶ
1493 3596 1800 3666 ἀφύλακτος
1824 3598 1856 3667 ἡ
1881 3594 1993 3668 ζωὴ

409 3689 684 3761 βραδύνων
717 3691 774 3742 ὲν
812 3687 1096 3760 ἁνομίαις,
1145 3689 1238 3742 καὶ
1275 3691 1338 3760 τῇ
1376 3690 1562 3762 μακρᾷ
1596 3688 1850 3760 συνηθείᾳ
1879 3687 1993 3753 ἕξιν

411 3778 692 3850 κτώμενος
715 3780 808 3834 τοῦ
846 3779 1040 3843 κακοῦ,
1067 3780 1330 3851 πρόδηλον
1361 3782 1443 3834 ὅτι
1469 3782 1568 3850 τὴν
1606 3781 1840 3852 ἐσχάτην
1863 3783 1994 3834 ἀνα-

407 3872 593 3942 μένεις
631 3872 936 3943 ἀναπνοήν·
965 3873 1051 3925 ἵνα
1080 3871 1156 3942 τῷ
1199 3872 1535 3943 βαπτίσματι
1585 3873 1991 3944 παραληφθέντι

407 3963 549 4017 κατὰ
583 3964 681 4034 τὴν
705 3964 1018 4018 τελευταίαν
1054 3963 1204 4037 ὥραν
1230 3965 1554 4036 συντελεσθῇ
1585 3967 1616 4036 ἡ
1652 3967 1788 4036 ζωή.
1823 3965 1994 4020 Τοῦτο

406 4053 464 4106 δέ
493 4057 607 4108 ἐστι
641 4055 801 4127 καινὴ
830 4056 923 4108 καὶ¹
953 4055 1254 4127 παράδοξος
1292 4057 1550 4127 ἐμπορία,
1579 4059 1640 4110 ού
1673 4058 1872 4129 χρυσοῦ
1900 4059 1993 4112 καὶ

406 4145 654 4217 ἐσθῆτος,
689 4144 828 4200 ἀλλά
862 4146 1098 4218 πλήθους
1127 4148 1364 4218 ἀνομιῶν
1399 4148 1671 4221 καπηλεία
1700 4150 1992 4224 περίεργος

407 4240 507 4308 τῆς
532 4238 672 4292 κατά
707 4237 884 4310 ψυχὴν
926 4239 1266 4310 καθάρσεως.
1304 4241 1413 4295 Καὶ
1456 4241 1708 4315 καθάπερ
1739 4243 1788 4296 οἱ
1823 4245 1992 4315 χοῖροι

409 4329 579 4400 πηλὸν
607 4331 669 4383 ὲκ
702 4331 872 4403 πηλοῦ
905 4333 1282 4403 μετέρχονται,
1313 4334 1406 4387 καὶ
1433 4333 1524 4387 τὸν
1554 4334 1812 4406 βόρϐορον
1841 4335 1992 4406 έχου-

413 4439 496 4474 σιν
539 4423 718 4487 αὐτοῖς
771 4424 1130 4498 ἐνδιαίτημαο
1171 4425 1345 4490 οὕτως
1385 4428 1436 4480 οἱ
1472 4430 1594 4492 ταῖς
1627 4429 1992 4500 ἀκαθαρσίαις

2105 568 2232 620 vitm
2281 567 2384 621 sibi
2432 567 2655 636 longum
2702 575 2919 638 tempus
2952 569 3360 634 dimetiebatur,
3415 571 3681 627 acciderit

2102 655 2154 710 id
2191 655 2338 725 quod
2377 653 2452 709 illi
2484 657 2577 726 qui
2627 658 2756 712 olim
2799 674 2937 712 vana
2978 660 3272 730 cogitabat,
3304 672 3358 717 et
3385 662 3436 717 ei
3470 663 3678 718 dictum

2106 747 2272 802 fuerit
2304 763 2369 803 ex
2402 748 2826 820 desperatione:
2877 750 2989 805 Hac
3023 761 3181 807 nocte
3220 754 3405 808 anima
3439 761 3533 810 tua
3567 755 3682 808 sol-

2101 840 2249 893 vitur
2283 855 2312 892 a
2368 855 2600 911 corpore
2636 841 2700 909 ",
2736 850 2867 896 tunc
2898 858 3134 914 magnus
3172 845 3353 899 oritur
3407 846 3679 900 tumultus

2099 943 2152 986 et
2185 933 2428 997 clamor;
2493 942 2547 988 et
2599 935 2783 988 omnia
2840 946 3119 989 momento
3178 936 3443 1008 temporis
3477 938 3680 992 acriter

2101 1031 2444 1093 qmeruntur,
2489 1039 2638 1090 vasa,
2673 1041 2836 1095 aqua,
2877 1026 3159 1088 sacerdos,
3194 1042 3376 1082 sermo
3408 1029 3501 1099 qui
3537 1043 3678 1098 pra:-

2101 1121 2256 1182 pziret
2288 1111 2357 1166 ad
2396 1115 2652 1184 gratiam,
2677 1130 2839 1184 quem
2891 1131 3023 1170 usus
3041 1116 3262 1186 quidem
3296 1119 3560 1189 postulat,
3589 1119 3676 1174 in-

2101 1207 2395 1276 tet-rumpit
2427 1215 2607 1260 autem
2659 1211 2901 1272 morbus,
2929 1209 3020 1278 qui
3065 1208 3247 1274 edicit,
3299 1217 3357 1263 ιιι
3386 1210 3678 1267 vehemens

2099 1307 2155 1350 et
2195 1296 2450 1368 frequens
2497 1299 2568 1353 sit
2622 1301 2918 1366 anhelitus,
2970 1307 3025 1355 et
3085 1300 3215 1354 facit
3247 1316 3354 1356 non
3407 1305 3679 1358 minorem

2101 1389 2588 1459 perturbationem,
2613 1407 2775 1462 quam
2805 1407 2928 1462 qua)
2956 1402 3062 1456 est,
3094 1409 3218 1449 cum
3254 1404 3408 1465 urget
3434 1394 3677 1464 bellum;

2099 1496 2294 1538 Omnes
2330 1492 2510 1538 autem
2537 1485 2630 1552 qui
2671 1492 2800 1539 sunt
2847 1484 3017 1549 domi,
3053 1486 3155 1540 sibi
3207 1486 3440 1541 invicem
3481 1502 3680 1542 occur-

2100 1581 2286 1628 rentes
2305 1582 2623 1644 erumpunt;
2650 1583 2844 1646 estque
2875 1578 3173 1644 protrusio,
3206 1579 3497 1645 tumultus,
3523 1596 3679 1634 mur-

2099 1679 2333 1735 murque
2362 1677 2415 1721 et
2443 1681 2706 1722 susurrus
2763 1666 2982 1731 flebilis,
3033 1677 3087 1723 et
3123 1670 3368 1728 incertus
3414 1680 3678 1745 tanquam

2102 1754 2156 1808 in
2184 1756 2377 1825 proelio
2412 1757 2612 1819 navali,
2649 1774 2708 1814 se
2759 1759 2990 1815 invicem
3039 1761 3448 1832 implicantibus
3479 1767 3677 1830 servis.

2101 1849 2374 1917 cognatis,
2404 1851 2618 1916 amicis,
2653 1850 2800 1914 filiis,
2835 1867 3025 1908 uxore.
3057 1852 3240 1910 Donec
3268 1864 3352 1911 est
3375 1869 3506 1928 ergo
3537 1865 3679 1914 tem-

2101 1954 2202 2010 pus
2233 1941 2403 2010 pacis,
2441 1943 2492 1995 in
2516 1943 2630 1997 otio
2666 1951 2722 1998 et
2754 1943 2877 1999 vita:
2916 1945 3314 2015 tranquillitate
3336 1963 3424 2004 res
3456 1958 3677 2006 nostras

2099 2045 2515 2102 componamus.
2574 2033 2820 2104 Accipite
2857 2034 3059 2090 Christi
3112 2036 3338 2102 donum,
3375 2041 3593 2110 quando
3631 2045 3678 2100 is

2100 2123 2193 2193 qui
2217 2123 2386 2179 altum
2418 2138 2471 2180 et
2500 2126 2929 2197 incomparabile
2953 2129 3152 2200 accipit
3176 2128 3530 2196 beneﬁcium,
3551 2149 3676 2189 cum

2101 2212 2380 2283 voluptate
2432 2214 2667 2270 refertur
2717 2216 2770 2270 in
2813 2232 3100 2272 numerum
3153 2233 3343 2274 eorum
3395 2222 3487 2291 qui
3547 2223 3681 2278 ado—

2101 2311 2325 2374 ptantur
2354 2305 2407 2360 in
2429 2305 2607 2374 filios;
2640 2317 2689 2362 et
2712 2322 2905 2362 omnes
2923 2311 3035 2364 noti
3055 2318 3107 2364 et
3138 2309 3457 2379 familiares,
3495 2329 3558 2369 ex
3585 2314 3679 2369 illa

2101 2395 2406 2450 mutatione
2436 2397 2492 2450 in
2529 2397 2725 2451 melius
2762 2411 3034 2452 summam
3087 2401 3420 2471 voluptatem
3451 2405 3679 2475 capiunt

2099 2494 2155 2540 et
2178 2486 2440 2541 lmtitiam.

2174 2577 2282 2632 Sed
2334 2579 2524 2645 timeo,
2567 2579 2778 2652 inquis,
2842 2591 3056 2638 naturae
3114 2593 3317 2642 nostrae
3366 2587 3432 2642 ad
3485 2589 3679 2646 vitium

2099 2670 2525 2741 proclivitatem,
2562 2681 2617 2728 et
2644 2673 2764 2729 ideo
2802 2674 2996 2730 differo
3037 2677 3298 2733 accedere
3332 2678 3398 2732 ad
3448 2683 3681 2751 gratiam

2101 2765 2555 2835 regenerationis.
2593 2765 2888 2838 Speciosus
2919 2777 3001 2824 est
3030 2771 3249 2839 quidem
3290 2783 3416 2828 tuus
3448 2783 3681 2844 praetex-

2100 2866 2190 2912 tns
2225 2857 2556 2920 timiditatis,
2592 2867 2644 2914 et
2670 2859 2948 2930 diligentis
3000 2861 3275 2918 cautionis
3324 2867 3560 2933 speciem
3595 2884 3682 2924 re-

2099 2958 2187 3003 cte
2223 2964 2331 3019 ιιι-εξ
2367 2959 2420 3004 te
2452 2948 2597 3015 fers;
2630 2950 2722 3003 sed
2753 2951 2935 3006 brevis
2961 2952 3056 3006 tibi
3107 2954 3388 3022 proposita
3443 2955 3681 3010 interro-

2101 3042 2248 3108 gatio
2283 3027 2522 3095 suffieiet
2581 3041 2647 3096 ad
2705 3057 2926 3096 scenam
2959 3041 3119 3098 facile
3173 3045 3548 3114 aperiendam.
3586 3047 3681 3104 Die

2100 3133 2270 3196 enim,
2303 3133 2394 3203 qui
2426 3133 2564 3188 dicis
2597 3141 2650 3188 te
2681 3135 2871 3188 timere
2899 3143 3202 3206 peccatum,
3241 3154 3367 3192 cum
3432 3140 3508 3194 sis
3533 3150 3685 3196 cate»

2098 3224 2430 3288 chutnemts,
2462 3239 2754 3294 quemnam
2787 3225 2926 3280 dicis
2953 3227 3136 3282 vivere
3188 3231 3374 3291 vitam,
3421 3232 3472 3285 in
3515 3248 3678 3303 quam

2099 3315 2247 3368 nulla
2298 3315 2445 3369 cadit
2497 3316 2887 3385 reprehensio?
2916 3333 3138 3383 eumne,
3171 3320 3264 3389 qui
3326 3337 3432 3375 non
3470 3335 3678 3392 peccat,

2105 3421 2172 3460 an
2209 3421 2333 3462 cum
2371 3407 2464 3477 qui
2496 3416 2581 3462 est
2617 3407 2670 3461 in
2701 3408 2981 3478 peccatis?
3006 3409 3060 3464 Si
3093 3412 3236 3466 enim
3261 3428 3408 3478 eum,
3436 3413 3527 3483 qui
3569 3430 3678 3468 non

2095 3507 2308 3567 peccat,
2339 3498 2430 3568 qui
2452 3498 2609 3552 times
2634 3498 2985 3568 baptismum,
3005 3515 3127 3554 cum
3145 3501 3309 3555 etiam
3330 3511 3453 3557 ante
3467 3519 3588 3558 cum
3606 3504 3686 3558 di-

2096 3589 2326 3662 ligenter
2355 3590 2612 3646 observes
2639 3590 2695 3646 id
2726 3591 2872 3662 quod
2896 3601 2981 3647 est
3012 3593 3129 3664 lege
3157 3597 3558 3650 constitutum?
3583 3595 3684 3653 Sin

2091 3692 2278 3736 autem
2315 3682 2413 3738 tibi
2443 3690 2527 3738 est
2560 3684 2670 3737 vita
2725 3684 3007 3739 immunda
3041 3693 3097 3739 et
3153 3687 3357 3740 nullam
3413 3688 3682 3744 adhibens

2095 3777 2430 3840 cautionem,
2467 3790 2592 3830 cum
2641 3775 2733 3830 diu
2775 3776 3007 3832 moreris
3063 3777 3117 3831 in
3173 3777 3582 3848 iniquitatibus,
3624 3791 3682 3837 et

2095 3869 2258 3937 longa
2288 3867 2691 3922 consuetudine
2733 3867 2862 3922 mali
2917 3868 3166 3923 habitum
3195 3870 3500 3938 possideas,
3555 3889 3681 3942 per-

2096 3962 2344 4029 spicuum
2367 3969 2451 4016 est
2480 3959 2626 4029 quod
2660 3959 2912 4013 ultimum
2944 3971 3232 4030 exspectas
3261 3961 3583 4024 anhelitum,
3620 3973 3682 4018 ut

2094 4069 2220 4108 cum
2251 4053 2521 4122 baptismo
2556 4052 2749 4105 ultima
2800 4051 2934 4105 hora
2968 4061 3228 4121 suscepto
3255 4053 3364 4107 vita
3414 4054 3578 4109 simul
3619 4057 3682 4110 ti-

2097 4146 2302 4200 niatur.
2339 4143 2453 4197 Hoc
2486 4153 2666 4197 autem
2698 4153 2781 4198 est
2808 4157 2946 4196 vana
2969 4153 3022 4196 et
3056 4143 3322 4198 mirabilis
3347 4155 3676 4210 mercatura,

2097 4254 2204 4292 non
2245 4237 2365 4291 auri
2395 4243 2450 4292 ct
2478 4237 2734 4301 vestiunt,
2767 4235 2861 4290 sed
2892 4235 3258 4291 multitudinis
3293 4237 3672 4306 iniquitatum,

2096 4339 2150 4384 et
2181 4343 2589 4400 supervacanea
2626 4342 2689 4381 ac
2723 4327 2943 4382 curiosa
2971 4328 3300 4396 cauponatio
3326 4330 3518 4384 anima:
3548 4345 3678 4399 pur-

2097 4422 2363 4494 gationis;
2399 4429 2453 4476 et
2488 4435 2598 4489 quo
2623 4419 2784 4476 modo
2819 4419 2967 4489 porci
2999 4435 3028 4472 a
3060 4420 3174 4473 luto
3209 4420 3264 4473 in
3291 4421 3464 4474 lutum
3495 4429 3679 4477 trans-

413 4511 682 4578 συξῶντες
717 4514 1073 4569 συνάπτουσιν
1109 4517 1444 4587 ἐπαλλήλους
1490 4517 1590 4581 τὰς
1625 4520 1872 4589 ἀνομίας.
1918 4521 1987 4573 Ἦ

2098 4528 2242 4583 eunt,
2282 4529 2334 4574 ct
2369 4519 2421 4573 in
2447 4519 2565 4573 luto
2614 4518 2859 4587 jucunde
2892 4526 2946 4572 et
2988 4517 3238 4572 lubenter
3278 4521 3440 4572 vitam
3469 4532 3675 4591 agunt:

410 4605 520 4676 γὰρ
562 4609 629 4676 τῇ
672 4606 893 4678 πορνείᾳ
940 4608 1283 4678 μολύνονται,
1322 4610 1354 4680 ἢ
1391 4609 1488 4680 τὴν
1517 4609 1829 4681 δυσώνυμον
1870 4629 1991 4682 μοι-

411 4696 562 4765 χείαν
593 4699 966 4767 τεχνάζουσιν,
1014 4700 1047 4770 ἢ
1089 4700 1187 4771 τὴν
1211 4701 1386 4771 μέθην
1416 4701 1641 4756 ἀσκοῦσι
1674 4704 1733 4757 τὸ
1763 4704 1868 4757 τῶν
1901 4723 1994 4756 πο-

411 4788 592 4857 νηρῶν
622 4789 927 4860 ἐπιθυμιῶν
957 4793 1307 4862 ὑπέκκαυμα,
1341 4793 1374 4863 ἢ
1407 4794 1504 4857 τὰς
1534 4794 1768 4864 ἀδελφὰς
1789 4796 1991 4849 τούτων

411 4881 506 4932 καὶ
550 4884 833 4949 συγγενεῖς
862 4883 1137 4952 ἁμαρτίας
1189 4883 1582 4954 ἐπιτηδεύουσι.
1613 4886 1906 4940 Φοϐοῦνται
1935 4888 1992 4940 δὲ

409 4973 470 5024 τ’)
504 4972 808 5043 βάπτισμα,
847 4973 920 5036 ὡς
950 4974 1057 5026 τῶν
1094 4974 1295 5044 ἡδονῶν
1325 4975 1572 5048 κώλυμα,
1608 4978 1700 5031 καὶ
1732 4979 1840 5031 τῶν
1864 4998 1989 5050 μια-

414 5064 523 5134 ρῶν
559 5064 910 5118 ἀπολαύσεων
951 5066 1181 5136 ἁποχήν.
1208 5065 1375 5120 Ὅταν
1412 5063 1504 5122 οὖν
1547 5069 1694 5139 λέγει
1722 5072 1750 5122 ό
1777 5089 1990 5143 προφα-

415 5154 694 5225 σιζόμενος
734 5157 1033 5228 προφάσεις
1079 5159 1138 5210 ὲν
1195 5160 1508 5230 ἁμαρτίαις,
1565 5163 1646 5214 ὄτι
1693 5163 1990 5234 Φοϐοῦμαι,

412 5249 678 5319 πρόδηλός
708 5251 854 5302 ἐστιν
884 5251 943 5304 οὐ
974 5251 1073 5322 τὴν
1106 5253 1379 5322 ἁμαρτίαν
1413 5252 1827 5323 εύλαὸούμενος,
1858 5256 1991 5309 ἀλλὰ

416 5343 631 5411 μακρὰν
691 5341 840 5412 αὐτῷ
896 5343 1147 5408 γενέσθαι
1206 5344 1559 5414 βουλόμενος,
1613 5345 1710 5416 τὴν
1761 5349 1817 5398 ὲν
1869 5351 1989 5411 ταῖς

413 5433 708 5503 ἁμαρτίαις
749 5434 1114 5506 ἀναστροφήν.
1151 5436 1214 5488 Οἱ
1251 5436 1307 5489 δὲ
1334 5436 1536 5506 ταύτην
1563 5435 1774 5506 ἔχοντες
1816 5439 1872 5491 ἐν
1911 5438 1990 5508 τῷ

415 5522 568 5592 βάθει
591 5524 688 5596 τὴν
715 5527 957 5597 πονηρὰν
985 5527 1231 5598 γνώμην,
1257 5527 1470 5591 πρῶτον
1504 5527 1603 5598 μὲν
1635 5529 1754 5581 οὐδὲ
1778 5529 1990 5594 ἀξιοῦν-

412 5633 498 5669 ται
530 5616 627 5686 τῆς
671 5616 920 5689 χάριτος·
952 5619 1087 5673 ἀλλὰ
1135 5623 1255 5682 ταῖς
1301 5623 1482 5684 κεναῖς
1511 5620 1720 5674 ἐλπίσιν
1765 5624 1988 5687 ἑαυτοὺς

483 5793 530 5826 ³³
555 5793 683 5848 Luc.
706 5808 803 5850 XII.
837 5792 928 5846 ‘20.

733 5891 998 5948 PATnOL.
1054 5889 1146 5948 Gtt
1223 5891 1408 5949 XM"

2098 4614 2174 4668 ita
2212 4611 2305 4683 qui
2340 4612 2533 4666 vivunt
2591 4611 2645 4664 in
2702 4610 3076 4674 itnmnnditia,
3108 4611 3317 4665 scelera
3368 4627 3433 4666 ac
3475 4613 3679 4683 flagitia

2095 4706 2329 4762 invicem
2385 4705 2748 4775 conjungnnt.
2782 4707 2890 4758 Aut
2913 4705 3061 4759 enim
3121 4705 3440 4774 polluuntur
3470 4717 3680 4761 scorta-

2094 4797 2264 4860 tione,
2293 4805 2388 4850 aut
2426 4795 2852 4850 abominandum
2905 4795 3289 4849 machinantur
3321 4796 3675 4861 adulterium,

2098 4897 2192 4940 aut
2222 4895 2480 4942 exercent
2533 4886 2877 4948 ebrietatem,
2931 4885 3172 4939 fomitem
3228 4885 3492 4940 malarum
3526 4890 3680 4957 cupi-

2095 4981 2350 5046 ditatum,
2398 4989 2491 5033 ant
2543 4980 2628 5033 his
2663 4979 2863 5040 allinia,
2923 4987 2974 5030 et
3014 4979 3340 5045 cognatione
3385 4979 3680 5045 conjuncta

2095 5083 2351 5133 exercent
2377 5082 2623 5144 peccata.
2655 5070 2872 5125 Timent
2907 5077 3086 5122 autem
3115 5069 3467 5138 baptismum,
3500 5079 3555 5124 ut
3584 5073 3676 5142 qui

2101 5165 2392 5238 prohibeat
2423 5163 2750 5229 voluptates,
2781 5167 2837 5212 et
2860 5158 3139 5213 abstinere
3186 5158 3353 5212 faciat
3385 5176 3414 5212 a
3454 5159 3681 5217 nefariis

2094 5256 2326 5310 deliciis.
2383 5254 2516 5306 Cum
2573 5265 2703 5319 ergo
2765 5250 2998 5313 dixerit,
3052 5251 3147 5316 qui
3198 5248 3395 5317 quatrit
3449 5264 3682 5305 excusa.
3732 5290 3742 5307 -,

2095 5348 2275 5402 tiones
2306 5348 2358 5397 in
2399 5342 2662 5413 pet-catis,
2695 5341 2909 5403 timere,
2936 5341 3285 5408 perspicuum
3313 5348 3398 5394 est
3419 5355 3541 5394 eum
3570 5357 3677 5396 non

2096 5439 2296 5498 vereri,
2350 5443 2443 5488 aut
2477 5448 2670 5487 cavere
2719 5440 3042 5500 peccatum;
3080 5431 3175 5484 sed
3217 5431 3357 5484 velle
3411 5446 3470 5484 se
3515 5447 3678 5500 quam

2097 5526 2404 5581 diutissime
2439 5524 2645 5577 versari
2681 5522 2732 5575 in
2775 5521 3019 5591 flagitiis.
3083 5521 3186 5586 Qui
3247 5530 3428 5575 autem
3466 5522 3518 5574 itt
3555 5537 3679 5590 pro-

2098 5619 2266 5674 fundo
2315 5619 2511 5672 malam
2558 5617 2696 5669 hanc
2743 5615 2946 5668 habent
2995 5626 3249 5682 mentem,
3295 5615 3527 5685 primum
3559 5615 3678 5684 qui-

3289 5887 3360 5948 1h
