4124 6352
480 365 583 420 £27

1753 345 1807 453 ξ.
1853 356 2180 415 GREGORII
2233 357 2527 413 NYSSENI

3629 358 3737 414 6'28

480 475 603 530 dem
642 486 742 528 nec
792 472 1021 543 gratiam
1057 478 1469 543 assequuntur;
1516 469 1608 525 sed
1663 470 1802 523 va'na
1831 484 1929 540 spe
1958 485 2046 525 se-

2150 468 2639 532 ἀποδουκολοῦντες
2682 467 2962 538 ἀδοκήτως
3006 465 3329 536 ἀπάγονται,
3362 468 3603 538 ἀψοφητὶ
3643 472 3736 527 καὶ

481 561 632 629 ipsos
660 566 967 629 pascentes,
994 567 1191 629 praeter
1213 560 1525 629 Opinionem
1553 557 1899 612 abducuntur
1925 558 2051 614 abs-

480 667 587 721 que
606 651 835 721 strepitu
859 658 913 706 et
937 659 1181 720 repente,
1214 660 1471 719 tanquam
1508 649 1738 705 insidias
1801 656 2050 705 struente

483 743 622 805 fure,
669 742 1012 812 opprimente
1055 749 1252 797 morte.
1313 740 1408 796 Sin
1463 747 1644 795 autem
1702 739 1847 795 Deus
1891 753 2049 795 suam

484 838 666 891 verius
696 834 980 891 eﬁ‘undens
1010 834 1353 889 clementiam
1408 841 1463 888 et
1510 833 1831 896 bonitatem,
1868 832 1923 886 in
1968 831 2052 885 ul-

480 928 616 980 timo
636 924 722 981 die
753 939 899 988 eum,
931 924 1023 993 qui
1053 924 1356 978 delectatur
1395 930 1645 993 peccato,
1673 920 1951 992 mysteriis
1980 920 2052 974 sit

478 1016 759 1087 dignatus,
792 1029 902 1069 non
934 1023 1017 1070 est
1040 1014 1121 1069 eis
1143 1028 1209 1069 ex
1250 1013 1619 1083 negotiatione
1649 1021 1858 1066 tantum
1887 1010 2047 1075 lucri,

477 1115 746 1177 quantum
809 1105 1147 1161 existimant.
1192 1103 1394 1158 Putant
1453 1104 1598 1159 enim
1652 1102 1935 1167 futurum,
1989 1109 2050 1155 ut

343 1242 350 1247 .
432 1260 437 1265 Δ
477 1196 804 1267 eisreguum
858 1194 1042 1250 statim
1086 1194 1386 1264 aperiatur,
1420 1193 1690 1263 accipiant
1720 1201 1902 1247 autem
1954 1191 2052 1244 ali-

477 1303 639 1356 quem
687 1287 864 1342 locum
898 1285 1115 1356 plenum
1149 1284 1311 1341 bouis
1352 1284 1788 1346 admirabilibus,
1839 1290 1894 1339 et
1924 1298 2050 1338 eos-

475 1378 600 1433 dem
623 1386 972 1433 assecuturos
997 1392 1118 1432 esse
1140 1376 1376 1432 honores
1398 1391 1533 1447 quas
1551 1375 1706 1445 justi.
1729 1375 1842 1428 lloc
1865 1384 2045 1429 autem

476 1477 560 1522 est
587 1468 830 1538 quaedam
856 1482 983 1538 spes
1011 1466 1216 1527 inanis,
1235 1466 1370 1520 falsa
1387 1466 1647 1536 opinione
1662 1465 2048 1535 praestringens

476 1560 669 1614 oculos
698 1559 911 1613 animai.
954 1556 1112 1623 Nam,
1149 1566 1207 1612 ut
1241 1557 1372 1613 mihi
1406 1557 1639 1620 videtur,
1674 1555 1942 1610 trifariam
1972 1554 2050 1608 di-

448 1640 451 1643 ’
479 1653 737 1706 viduntur
762 1667 851 1708 res
878 1651 1184 1717 hominum,
1217 1650 1272 1704 in
1301 1664 1363 1704 ea
1390 1664 1512 1719 quae
1538 1655 1891 1718 exspectatur
1913 1647 2044 1710 vita,

477 1751 533 1797 ut
566 1743 784 1797 interim
840 1742 1013 1814 magis
1050 1742 1344 1814 generatim
1397 1755 1461 1794 ea
1496 1753 1796 1810 persequar
1842 1739 2049 1808 absque

2156 562 2352 632 ἀθρόον
2401 562 2478 625 ὡς
2522 559 2808 614 ἐπιϐούλου
2864 560 3099 615 κλέπτου
3142 559 3237 614 τοῦ
3285 559 3518 614 Θανάτου
3567 580 3736 617 κατα-

2155 653 2543 724 λαμϐάνοντος.
2607 651 2768 705 ’Λλλά
2812 654 2907 705 καὶ
2954 652 3257 715 πλεονάσας
3300 654 3329 706 ὁ
3370 652 3502 717 Θεὸς
3533 652 3633 726 τὴν
3657 655 3735 709 ol-

2156 746 2306 800 κείαν
2338 744 2719 816 μακροθυμίαν
2748 745 2842 798 καὶ
2878 743 3210 813 άγαθότητα,
3237 743 3580 809 καταξιώσας
3625 726 3734 798 τῶν

2157 835 2472 906 μυστηρίων
2503 835 2595 887 τὸν
2626 832 3037 903 φιλαμάρτητον
3069 834 3163 886 ἐπὶ
3191 834 3289 904 τῆς
3313 835 3549 905 ἐσχάτης
3592 837 3732 906 ἡμέ-

2159 941 2276 995 ρας,
2310 925 2408 978 οὐκ
2439 925 2584 978 ἐστιν
2614 924 2798 988 αὺτοῖς
2824 923 3077 977 τοσοῦτον
3114 928 3213 995 τῆς
3241 926 3625 996 πραγματείας
3669 926 3732 979 τὸ

2156 1017 2368 1086 κέρδος,
2432 1016 2555 1069 ὅσον
2607 1015 2941 1085 νομίζουσιν.
3007 1013 3220 1070 Οἴονται
3253 1017 3362 1088 γὰρ
3417 1016 3576 1081 εὐθὺς
3630 1018 3731 1088 μὲν

2158 1104 2647 1176 ὑπανοιχθήσεσθαι
2685 1103 2783 1176 τὴν
2823 1104 3101 1175 βασιλείαν
3129 1105 3341 1169 αὐτοῖς’
3370 1107 3634 1176 λήψεσθαι
3670 1108 3727 1162 δέ

2154 1214 2274 1250 τινα
2296 1196 2471 1267 χῶρον
2482 1196 2701 1265 ἀγαθῶν
2724 1197 2965 1265 γέμοντα
2988 1194 3336 1266 θαυμαστῶν.
3360 1197 3575 1251 καὶτῶν
3598 1198 3728 1253 ἴσων

2154 1286 2552 1358 ἁξιωθήσεσθαι
2589 1289 2700 1349 τοῖς
2745 1287 2975 1351 δικαίοις
3026 1288 3221 1358 τιμῶν.
3278 1289 3322 1341 Τ
3323 1289 3351 1342 ὸ
3392 1289 3449 1344 δὲ
3477 1291 3607 1361 κενή
3642 1291 3731 1354 τίς

2155 1378 2303 1429 ἐστιν
2329 1377 2501 1443 ἐλπὶς,
2523 1374 2650 1447 δόξῃ
2677 1374 2862 1444 ψευδεῖ
2887 1376 2986 1448 τὴν
3030 1377 3208 1447 ψυχὴν
3237 1377 3593 1447 γοητεύουσα.
3640 1380 3728 1443 Ὠς

2154 1466 2261 1539 γὰρ
2294 1467 2418 1536 ἐμοὶ
2449 1466 2719 1534 φαίνεται,
2747 1470 2908 1538 τριχῆ
2937 1467 3005 1520 τά
3047 1468 3156 1520 τῶν
3192 1468 3494 1537 ἀνθρώπων
3518 1470 3725 1543 διαιρε-

2155 1559 2378 1629 θήσεται
2404 1557 2495 1611 ἐπὶ
2521 1558 2621 1628 τῆς
2650 1558 3104 1630 προσδοκωμένης
3136 1560 3304 1630 ζωῆς,
3335 1561 3412 1625 ὡς
3439 1564 3725 1630 γενικώτε-

2156 1665 2249 1719 ρον
2285 1650 2424 1712 τέως
2464 1649 2634 1720 χωρὶς
2676 1648 3069 1721 ὑπομερισμῶν
3108 1649 3354 1704 διελθεῖν.
3392 1653 3501 1705 Καὶ
3532 1654 3594 1706 τὸ
3628 1655 3726 1725 μὲν

2155 1741 2369 1811 πρῶτόν
2413 1741 2529 1793 ἐστι
2580 1740 2765 1810 τάγμα
2811 1741 2919 1795 τῶν
2963 1741 3261 1795 ἐπαινετῶν
3320 1744 3413 1795 καὶ
3465 1743 3720 1798 δικαίων

478 1834 970 1891 subdivisionibus.
1005 1834 1069 1889 Et
1126 1833 1333 1904 primus
1382 1832 1601 1902 quidem
1650 1832 1756 1887 erit
1795 1829 1931 1885 ordo
1957 1845 2046 1885 eo-

2150 1832 2422 1904 δεύτερον,
2449 1831 2560 1885 τῶν
2586 1829 2711 1885 οὔτε
2752 1831 3100 1903 τιμωμένων,
3134 1831 3260 1886 οὔτε
3309 1834 3688 1906 κολαζομένων
3707 1853 3722 1869 ο

480 1946 600 1983 ιιιιιι
631 1929 722 1999 qui
757 1934 885 1982 sunt
919 1926 1221 1981 laudabiles
1257 1933 1312 1981 et
1345 1924 1517 1994 justi;
1543 1923 1819 1978 secundus
1847 1928 2050 1985 autem,

477 2034 670 2074 eorum
712 2018 803 2088 qui
839 2032 1014 2087 neque
1045 2017 1385 2070 honorantur
1441 2029 1539 2069 nec
1564 2014 1905 2084 puniuntur;
1942 2022 2053 2067 ter-

479 2112 591 2167 tius
638 2117 815 2165 autem
869 2123 1057 2164 eorum
1097 2109 1191 2178 qui
1249 2123 1347 2177 pro
1377 2105 1616 2177 peccatis
1665 2106 1797 2161 dant
1838 2119 2048 2175 poenas.

479 2201 584 2257 Ubi
628 2216 759 2271 ergo
788 2215 883 2255 eos
914 2214 1179 2270 ponemus
1210 2199 1301 2268 qui
1344 2200 1398 2252 in
1431 2197 1707 2267 exsequiis
1729 2206 2055 2266 acceperunt

478 2291 684 2346 lavacri
716 2291 1038 2346 beneficium
1066 2292 1089 2344 ’ἒ
1115 2290 1253 2345 Num
1286 2290 1635 2361 perspicuum
1675 2299 1756 2344 est
1788 2289 1931 2359 quod
1966 2289 2052 2343 in-

476 2394 563 2439 ter
591 2384 887 2441 secundos.
949 2381 1110 2453 idque
1136 2397 1260 2437 eum
1312 2382 1489 2444 venia,
1539 2389 1597 2434 ut
1634 2381 1744 2436 sint
1811 2380 2051 2435 hmredes

479 2490 576 2546 per
603 2475 694 2530 Dei
730 2473 1008 2544 propriam
1051 2471 1455 2542 benignitatem.
1498 2472 1600 2537 Qui
1640 2471 1785 2526 enim
1834 2487 1930 2543 per
1958 2487 2050 2526 so-

476 2566 721 2621 eordiam
744 2574 800 2621 et
823 2565 1205 2634 negligentiam
1248 2563 1508 2634 prodidit,
1560 2579 1681 2634 qua:
1713 2574 1860 2619 recte
1907 2572 1960 2619 et
1986 2578 2049 2619 ex

475 2655 680 2710 virtute
707 2652 863 2717 ﬁunt,
894 2668 1003 2706 non
1055 2660 1140 2708 est
1169 2651 1307 2706 liber
1334 2668 1363 2705 a
1389 2666 1548 2721 pinna
1579 2660 1633 2706 et
1656 2652 2047 2707 damnatione:

476 2747 747 2817 siquidem
794 2747 931 2802 velle
986 2745 1192 2800 malum
1231 2752 1316 2800 est
1357 2744 1524 2799 afﬁne
1568 2746 1962 2809 criminationi,
1998 2756 2051 2802 et

475 2841 619 2892 bona
645 2837 851 2901 odisse,
881 2845 1066 2907 aperte
1099 2835 1447 2893 insimulatur
1490 2836 1877 2907 improbitatis.
1909 2837 2051 2904 Quid

474 2945 606 3001 ergo
652 2930 834 2999 magni
882 2928 1202 2990 lucraberis,
1245 2927 1292 2982 si
1342 2942 1372 2981 a
1405 2942 1576 2997 regno
1621 2928 1863 2994 excidas,
1901 2936 1955 2983 et
1982 2929 2051 2985 ab

484 3023 593 3077 illis
626 3021 910 3092 promissis
937 3035 1059 3090 quae.
1106 3035 1204 3074 nec
1233 3019 1425 3075 oculus
1464 3020 1618 3082 vidit,
1653 3034 1754 3074 nec
1784 3019 1936 3077 auris
1959 3035 2053 3075 au-

479 3113 655 3167 divit?
675 3112 792 3167 Non
819 3113 1035 3183 punior,
1066 3112 1261 3182 inquit,
1286 3128 1463 3182 neque
1493 3114 1656 3166 timeo
1683 3113 1893 3180 minas;
1917 3114 2049 3169 satis

474 3212 657 3258 autem
706 3203 898 3268 habeo,
951 3205 997 3258 si
1052 3219 1227 3273 neque
1273 3219 1436 3275 grave
1468 3202 1600 3273 quid
1634 3205 1833 3274 patiar,
1870 3221 2049 3275 neque

472 3297 795 3366 praeclarum
825 3294 1030 3365 aliquid
1061 3294 1259 3352 fecisse
1288 3295 1592 3350 renuntier.
1636 3293 1750 3351 lloc
1797 3304 1881 3351 est
1917 3297 2047 3351 mali

472 3389 624 3442 servi
662 3387 994 3451 institutum,
1025 3388 1117 3458 qui
1148 3388 1365 3458 pistrini
1391 3395 1447 3443 et
1475 3388 1816 3443 vinculorum
1867 3397 1922 3444 et
1950 3388 2048 3443 ﬁa-

477 3495 701 3548 grorum
748 3480 922 3533 solum
971 3480 1155 3533 studet
1186 3480 1358 3535 vitare
1407 3479 1718 3549 supplicia;
1771 3480 2048 3536 liberalem

477 3583 657 3628 autem
690 3574 917 3642 gloriam
955 3583 1010 3628 et
1054 3573 1323 3627 bonorum
1376 3575 1723 3644 splendorem
1766 3592 1833 3631 ne
1868 3577 2052 3631 tantil-

478 3664 589 3716 lum
620 3663 839 3732 quidem
868 3664 970 3718 sibi
1010 3663 1268 3717 vindieat.
1312 3663 1410 3720 His
1456 3672 1541 3719 est
1584 3665 1805 3727 inimica
1838 3674 1892 3720 et
1928 3683 2050 3720 eon-

470 3752 645 3818 traria
679 3768 778 3806 vox
806 3753 1048 3806 omnium
1076 3760 1413 3815 sanctorum,
1442 3753 1536 3822 qui
1564 3753 1783 3807 fuerunt
1812 3753 1883 3807 ab
1909 3767 2046 3807 aevo.

471 3840 557 3895 Illi
584 3843 728 3896 enim
765 3857 957 3898 omnes
991 3856 1088 3911 pro
1114 3841 1313 3898 ﬁducia
1343 3843 1399 3896 in
1436 3841 1604 3897 Deum
1638 3850 1692 3896 et
1732 3842 1901 3897 libera
1925 3842 2049 3897 ﬁdei

473 3934 826 3990 confessione
879 3934 1123 4004 pericula
1187 3934 1527 3997 dilexerunt,
1591 3941 1646 3988 et
1700 3934 2051 4005 praebuerunt

476 4042 680 4096 corpus
711 4026 1018 4081 volentibus
1041 4023 1340 4080 secandum
1368 4032 1423 4080 et
1456 4024 1606 4078 varie
1632 4025 1994 4079 occidendum
2033 4043 2047 4080 :

480 4134 578 4170 nec
606 4117 713 4170 ulla
748 4132 803 4171 re
837 4131 1031 4186 aspera
1065 4115 1223 4170 fracti
1259 4124 1387 4170 sunt
1410 4129 1476 4169 ac
1519 4115 1735 4179 molliti,
1764 4116 2051 4185 sanguinis

2152 1923 2332 1993 τρίτον
2369 1923 2477 1976 τῶν
2512 1922 2764 1977 διδόντων
2804 1923 2961 1986 δίκας
2986 1923 3129 1994 ὑπὲρ
3160 1917 3234 1977 ὧν
3271 1925 3721 1998 ἐπλημμέλησαν.

2152 2013 2263 2068 Ποῦ
2317 2014 2499 2068 τοίνυν
2554 2013 2790 2084 τάξομεν
2841 2015 2966 2077 τοὺς
3023 2016 3276 2084 ἐντάφιον
3321 2016 3584 2082 λαϐόντας
3628 2017 3722 2072 τοῦ

2152 2105 2376 2176 λουτροῦ
2409 2105 2506 2177 τὴν
2559 2106 2907 2175 εὐεργεσίαν;
2956 2106 3027 2159 Ἦ
3068 2106 3354 2178 πρόδηλον,
3386 2108 3462 2172 ὡς
3513 2110 3572 2162 ἐν
3612 2112 3724 2172 τοῖς

2150 2197 2444 2268 δευτέροις,
2476 2198 2571 2251 καὶ
2605 2198 2762 2251 τοῦτο
2792 2198 2930 2268 μετά
2960 2197 3310 2271 συγγνώμης,
3339 2201 3426 2255 ἵνα
3459 2202 3600 2256 κατά
3627 2201 3724 2273 τὴν

2151 2288 2354 2342 οἰκείαν
2378 2288 2472 2342 τοῦ
2502 2289 2636 2342 Θεοῦ
2667 2284 3077 2362 φιλανθρωπίαν
3118 2292 3621 2364 κληροδοτήσωμεν.
3666 2295 3724 2349 '0

2150 2379 2258 2450 γάρ
2288 2380 2431 2450 ὄκνῳ
2460 2380 2689 2451 προδοὺς
2717 2381 2784 2433 τὰ
2820 2381 2919 2450 τῆς
2954 2384 3153 2454 ἀρετῆς
3183 2384 3602 2456 κατορθώματα,
3625 2386 3725 2439 οὐκ

2150 2469 2431 2540 ἐλεύθερος
2480 2469 2679 2540 ζημίας
2714 2473 2807 2524 καὶ
2833 2473 3246 2541 καταγνώσεως,
3281 2475 3334 2527 εί
3356 2493 3422 2545 γε
3447 2475 3509 2530 τὸ
3543 2476 3715 2530 ἐθελο⁸

2151 2564 2337 2614 κακείν
2359 2562 2465 2614 ὑπὸ
2486 2563 2815 2635 κατηγορίαν
2840 2564 3050 2632 ἄγεται,
3076 2565 3172 2618 καὶ
3200 2565 3262 2619 τὸ
3293 2570 3470 2637 μισεῖν
3493 2567 3562 2623 τὰ
3584 2569 3724 2623 καλά

2150 2652 2414 2723 πρόδηλον
2441 2653 2553 2723 ἔχει
2597 2655 2697 2724 τῆς
2746 2655 3010 2729 πονηρίας
3040 2656 3130 2709 τὸν
3173 2657 3411 2728 ἔλεγχον.
3445 2659 3511 2712 Τί
3543 2660 3723 2714 τοίνυν

2150 2742 2296 2812 μέγα
2326 2742 2605 2813 κερδανεῖς
2652 2742 2756 2809 ἔξω
2784 2743 2997 2796 πίπτων
3028 2745 3125 2813 τῆς
3162 2745 3460 2815 βασιλείας,
3494 2748 3587 2802 καὶ
3612 2749 3723 2803 τῶν

2150 2832 2488 2901 ἐπαγγελιῶν
2525 2833 2770 2895 ἐκείνων,
2803 2833 2868 2897 ἃς
2913 2833 3187 2906 ὀφθαλμὸς
3216 2837 3318 2890 οὐκ
3359 2833 3468 2890 εἶδε
3497 2837 3592 2892 καὶ
3630 2835 3725 2903 οὖς

2148 2924 2247 2975 οὐκ
2275 2924 2537 2994 1ήκουσεν;
2579 2925 2655 2978 Οὐ
2698 2923 3030 2995 κολάζομαι,
3074 2926 3258 2996 φησιν,
3290 2926 3411 2981 οὐδὲ
3452 2927 3726 2999 φοϐοῦμαι

2149 3013 2247 3077 τὰς
2285 3013 2545 3076 ἀπειλάς·
2597 3014 2871 3085 ἀρκοῦμαι
2903 3015 2959 3068 δὲ
2993 3015 3070 3086 τῷ
3098 3017 3174 3087 μὴ
3211 3016 3402 3071 παθεῖν
3437 3036 3488 3072 τι
3526 3019 3722 3085 δεινὸν,

2154 3106 2287 3174 μήτε
2316 3104 2392 3167 ὡς
2420 3103 2769 3176 κατορθώσας
2796 3123 2849 3158 τι
2876 3110 3119 3175 γενναῖον
3152 3108 3560 3180 ἀποδειχθῆναι.
3603 3111 3722 3165 Ἀν-

2074 3176 2118 3234 C
2149 3195 2415 3265 δραπόδου
2446 3195 2682 3267 πονηροῦ
2716 3199 2750 3266 ἡ
2795 3196 3131 3268 προαίρεσις·
3166 3176 3408 3268 μόλωνος
3434 3176 3589 3265 ἀξίου
3627 3204 3724 3258 καὶ

2148 3286 2346 3357 δεσμοῦ
2384 3289 2482 3341 καὶ
2525 3290 2825 3359 μαστίγων,
2870 3290 3089 3344 ἐκδῦναι
3137 3291 3297 3361 μόνον
3325 3292 3423 3357 τὰς
3453 3296 3723 3366 τιμωρίας

2153 3378 2538 3443 σπουδάζοντος
2556 3394 2570 3408 ο
2617 3379 2922 3450 ἐλευθερίου
2970 3380 3026 3434 δὲ
3056 3381 3213 3454 δόξης
3241 3384 3335 3437 καὶ⁹
3361 3384 3469 3438 τῶν
3497 3388 3561 3439 ἐκ
3586 3386 3723 3458 λαμ-

2151 3470 2415 3541 πρότητος
2456 3470 2652 3541 τιμῶν,
2676 3471 2796 3524 οὐδὲ
2840 3471 2979 3525 κατά
3023 3473 3217 3544 μικρὸν
3257 3475 3725 3547 ἀντιποιουμένου.

2162 3561 2362 3633 Ἐχθρά
2400 3561 2615 3615 πάντων
2658 3562 2795 3632 αὐτὴ
2827 3563 2934 3616 τῶν
2964 3563 3136 3631 ἁγίων
3165 3565 3337 3636 φωνὴ,
3367 3567 3585 3621 ἐναντία
3613 3569 3725 3622 τῶν

2149 3652 2246 3704 ἀπ’
2271 3650 2467 3714 αἰῶνος
2510 3650 2692 3704 ὁσίων.
2724 3651 2950 3706 Ἐκεῖνοι
2997 3653 3107 3724 γὰρ
3155 3656 3391 3718 ἅπαντες
3427 3658 3553 3720 τοὺς
3584 3658 3726 3729 ὑπὲρ

2150 3745 2462 3817 παρρησίας
2503 3744 2782 3810 κινδύνους
2814 3745 3130 3817 ἠγάπησαν,
3171 3748 3266 3800 καὶ
3309 3752 3571 3821 παρεῖχον
3612 3754 3726 3813 τοῖς

2151 3838 2490 3909 βουλομένοις
2515 3838 2730 3908 τέμνειν
2762 3838 2855 3891 καὶ⁵
2881 3838 3125 3907 φονεύειν
3151 3840 3410 3904 ποικίλως
3444 3842 3503 3896 τὸ
3542 3843 3723 3914 σῶμα,

2151 3932 2247 3985 καὶ⁸
2285 3931 2420 4002 πρὸς
2466 3933 2657 3985 οὐδένα
2702 3932 2999 3986 ὠδινόντων
3039 3933 3485 4004 ἐμαλακίσθησαν
3538 3932 3724 4003 ἆθλον,

2150 4022 2241 4076 τοῦ
2288 4024 2518 4093 αἵματος
2562 4025 2658 4077 καὶ
2698 4023 2807 4076 τῶν
2856 4024 3386 4095 ἀνδραγαθημάτων,
3429 4025 3527 4096 τὴν
3567 4029 3626 4081 ἐν
3657 4032 3725 4099 τῇ

2154 4114 2400 4186 βασιλείᾳ
2457 4115 2565 4169 τῶν
2626 4115 2870 4187 οὐρανῶν
2931 4116 3335 4187 προσδοκῶντες
3402 4118 3587 4188 τιμήν.
3646 4120 3724 4171 Δι’

474 4215 532 4259 et
565 4222 743 4260 rerum
775 4207 1034 4275 pricclare
1084 4215 1363 4275 gestarum
1399 4205 1678 4275 praemium
1727 4215 2049 4276 exspectan-

2150 4207 2373 4260 ἐκείνων
2422 4206 2672 4278 Ἀεραὰμ
2711 4207 2804 4260 τὸν
2853 4206 2969 4259 υίὸν
3002 4207 3359 4278 προσταχθεὶς
3410 4209 3595 4266 ἔθυσε’
3630 4213 3725 4266 καὶ

482 4306 585 4360 tes,
616 4297 899 4359 honorem,
930 4297 1021 4367 qui
1055 4306 1137 4352 est
1168 4298 1221 4351 in
1272 4313 1442 4367 regno
1476 4299 1764 4355 caelorum.
1826 4298 2049 4370 Propter

2152 4297 2394 4367 Μωῦσῆς
2441 4299 2721 4369 ἐνεμόχθει
2780 4303 2894 4363 τοῖς
2939 4298 3128 4362 δεινοῖς
3178 4303 3276 4371 τῆς
3328 4303 3572 4374 ἐρήμου·
3633 4306 3724 4359 καὶ

474 4388 631 4442 illum
664 4388 852 4457 jussus
875 4389 1146 4443 Abraham
1180 4389 1348 4442 lilium
1374 4390 1745 4453 sacriﬁcavit;
1779 4399 1831 4446 et
1872 4390 2049 4448 Moses

2167 4388 2351 4451 Ἠλίας
2372 4388 2462 4441 τὸν
2504 4387 2709 4460 ἔρημον
2755 4389 2850 4461 ἔζη
2902 4390 3016 4460 βίον
3053 4390 3147 4443 καὶ
3196 4389 3564 4463 ἀθεράπευτον
3587 4410 3600 4424 ·
3634 4397 3727 4449 καὶ

475 4479 745 4534 laboravit
773 4482 825 4532 iu
858 4482 1065 4549 asperis
1089 4480 1289 4536 deserti
1328 4480 1769 4545 difﬁcultatibus,
1820 4493 1874 4539 et
1908 4486 2049 4541 Elias

2156 4477 2355 4540 πάντες
2403 4480 2676 4548 προφῆται
2716 4479 2898 4549 διῆγον
2947 4481 3005 4533 ἐν
3057 4478 3368 4549 μηλωταῖς,
3402 4484 3459 4536 ἐν
3498 4484 3724 4552 αἰγείοις

478 4570 537 4623 in
569 4570 861 4624 solitudine
893 4571 1055 4624 vitam
1106 4572 1218 4641 egit
1269 4589 1518 4643 asperam
1560 4584 1614 4629 et
1645 4584 1954 4644 austeram;
1999 4588 2049 4631 et

2155 4569 2434 4641 δέρμασιν,
2459 4570 2781 4640 θλιϐόμενοι,
2819 4572 3263 4642 κακουχούμενοι.
3311 4574 3480 4646 Ὑπὲρ
3510 4576 3725 4646 ἐκείνης

480 4676 670 4715 omnes
707 4664 981 4731 propheta:
1014 4663 1262 4718 vixerunt
1299 4666 1352 4720 in
1380 4667 1556 4720 ovinis
1581 4675 1635 4720 et
1660 4667 1901 4737 caprinis
1932 4670 2049 4739 pel-

2153 4660 2537 4729 εὐαγγελισταὶ
2572 4659 2642 4711 τὰ
2681 4659 2818 4728 ὑπὲρ
2851 4658 2943 4711 τοῦ
2978 4661 3305 4728 Εὑαγγελίου
3354 4664 3588 4734 ἔπασχον
3616 4665 3725 4718 στί-

479 4752 644 4817 libus,
684 4752 864 4805 amicti
894 4761 947 4807 et
983 4754 1181 4807 vexati.
1217 4754 1320 4809 Pro
1374 4756 1467 4809 illo
1517 4757 1865 4826 evangelista:
1908 4759 2049 4828 passi

2153 4768 2368 4821 γματα,
2405 4750 2501 4803 καὶ⁸
2547 4750 2821 4821 μάρτυρες
2862 4752 2981 4813 ταῖς
3007 4750 3260 4806 κολάσεσι
3291 4758 3409 4819 ταῖς
3442 4755 3592 4827 παρά
3617 4758 3725 4809 τῶν

479 4855 610 4898 sunt
645 4844 899 4913 stigmata
940 4860 1039 4913 pro
1073 4845 1381 4915 Evangelio,
1409 4855 1462 4902 et
1506 4859 1774 4918 martyres
1798 4849 2049 4904 decerta-

2151 4842 2433 4911 τυράννων
2478 4842 2894 4911 ἐνηγωνίσαντο,
2919 4842 3011 4895 καὶ
3051 4845 3180 4908 πᾶς,
3209 4843 3261 4896 εί
3282 4845 3605 4916 τιςάληθῶς
3636 4848 3723 4900 λο-

481 4943 608 4988 runt
638 4934 900 4989 adversus
933 4944 1203 4989 tormenta
1237 4945 1619 5007 tyrannorum.
1644 4938 1707 4992 Et
1736 4939 2049 5009 quicunque

2153 4930 2306 4999 γικδς
2335 4930 2430 4982 καὶ
2448 4929 2611 4983 εἰκὼν
2641 4928 2736 4982 τοῦ
2758 4929 2891 4981 Θεοῦ
2911 4971 2927 4996 ,
2958 4930 3051 4984 καὶ
3078 4934 3396 5002 συγγένειαν
3425 4937 3562 5006 έχων
3592 4939 3724 5008 πρὸς

478 5037 561 5081 est
582 5041 709 5082 vere
740 5027 952 5082 ratione
976 5027 1263 5096 praeditus,
1296 5035 1350 5083 et
1379 5028 1474 5085 Dei
1513 5030 1714 5099 imago,
1748 5037 1803 5084 et
1846 5029 2049 5084 habens

2152 5021 2220 5074 τὰ
2251 5020 2428 5091 ὑψηλὰ
2455 5021 2547 5073 καὶ
2575 5020 2830 5091 οὐράνια,
2858 5021 2980 5074 οὐδὲ
3005 5017 3144 5075 εἷναι
3177 5023 3422 5094 βούλεται
3451 5027 3568 5079 οὐδὲ
3598 5044 3722 5082 συν-

479 5117 860 5189 cognationem
899 5133 1022 5173 eum
1066 5119 1132 5174 iis
1162 5137 1283 5190 qme
1316 5130 1445 5175 sunt
1467 5123 1683 5177 excelsa
1712 5129 1766 5177 et
1787 5122 2049 5182 emlestia,

2152 5111 2442 5182 εγερθῆναι
2489 5114 2600 5174 τοῖς
2645 5110 3097 5182 ἀναϐιωσομένοις
3149 5115 3488 5185 ἀνθρὼποις’
3551 5118 3600 5171 εί
3649 5120 3725 5192 μὴ

479 5221 549 5259 ne
574 5207 688 5259 vult
726 5207 945 5276 quidem
999 5224 1142 5271 esse,
1193 5227 1370 5280 neque
1402 5212 1566 5266 si:qu
1623 5213 1883 5267 suscitari
1925 5226 2049 5267 cum

2156 5203 2334 5273 μέλλοι
2381 5202 2719 5256 ἐπαινεῖσθαι
2753 5201 2903 5273 παρά
2939 5202 3031 5256 τοῦ
3063 5204 3194 5257 Θεοῦ
3239 5205 3314 5269 ὡς
3355 5207 3556 5275 ἀγαθὸς
3606 5208 3726 5263 δοῦ-

478 5294 813 5360 hominibus,
851 5298 943 5367 qui
985 5301 1338 5362 reviviscunt,
1366 5304 1473 5358 nisi
1516 5305 1587 5358 sit
1627 5321 1658 5358 a
1689 5304 1799 5359 Deo
1836 5306 2049 5359 laudan-

2152 5296 2262 5359 λος,
2308 5295 2401 5348 καί
2447 5311 2605 5347 τινων
2656 5291 2932 5358 ἀξιοῦσθαι
2981 5293 3178 5362 γερῶν.
3249 5296 3370 5348 Ἐπὶ
3430 5297 3603 5370 ταύτῃ
3657 5302 3722 5368 τῇ

480 5384 586 5437 dus
617 5394 677 5437 ut
709 5387 882 5442 bonus
913 5405 1125 5455 servus,
1181 5395 1455 5463 aliquibus
1507 5396 1706 5464 dignus
1739 5396 2049 5451 censendus

2158 5386 2470 5458 προαιρέσει
2500 5385 2595 5437 καὶ
2627 5386 2654 5437 ό
2682 5384 2843 5435 Δαϐἰδ
2868 5384 2963 5452 τῆς
2990 5384 3185 5451 ἐλάφου
3214 5387 3310 5458 τὴν
3344 5386 3500 5455 δίψαν
3527 5392 3722 5442 οἰκεῖον

481 5474 800 5530 honoribus.
845 5477 1072 5547 Propter
1125 5484 1225 5536 hoc
1283 5484 1591 5540 institutum
1624 5485 1792 5541 David
1833 5502 2049 5557 quoque

2158 5479 2458 5548 ὑπόδειγμα
2484 5479 2713 5529 ποιεῖται
2736 5475 2829 5543 τῆς
2857 5474 3050 5527 ἐαυτοῦ
3081 5477 3215 5546 πρὸς
3242 5479 3372 5531 Θεὸν
3396 5481 3687 5550 ἐπιθυμίας
3707 5499 3720 5512 ·

480 5565 627 5619 cervi
645 5566 789 5619 sitim
814 5570 1010 5638 accipit
1036 5571 1097 5635 “5
1127 5582 1182 5625 ιιι
1213 5576 1482 5640 ostendat,
1506 5585 1771 5646 quantum
1798 5579 1868 5631 sit
1888 5591 2046 5632 suum

2158 5574 2250 5627 καί.
2286 5572 2410 5637 ἰδεῖν
2461 5568 2674 5641 εῠ-(εται
2718 5566 2775 5619 τὺ
2818 5566 3105 5643 πρόσωπον
3160 5569 3252 5622 τοῦ
3279 5570 3434 5638 Θεοῦ,
3473 5571 3556 5624 ἴνα
3596 5574 3722 5636 ,ταῖς

550 5742 597 5775 ³⁸
646 5733 789 5797 Psal.
839 5742 1028 5802 sui}.
