4124 6352
394 380 497 438 £33

1792 368 1877 421 ΒΕ
1913 367 2273 423 ΒΑΡἨΞΜΟ.

3547 371 3664 426 430

394 495 611 564 νοηταῖς
643 489 978 560 ἐνευιρρανθῇ
1012 487 1306 554 δεξιώσεσι.
1354 487 1460 538 Καὶ
1506 484 1714 547 Παῦλος
1756 484 1971 552 εὔχεται

2081 482 2133 534 in
2169 481 2338 564 Deum
2369 479 2740 546 desiderium;
2779 489 2833 534 et
2875 487 3025 549 Optat
3061 479 3243 536 ridere
3284 480 3376 536 Dei
3419 483 3651 546 rnltum,

397 586 766 655 ἐκδυσάμενος
796 584 894 652 τὴν
949 581 1124 650 σαργα
1171 581 1244 642 ὡς
1287 578 1381 631 καὶ
1413 577 1548 648 βαρὺ
1595 577 1686 628 καὶ
1717 574 1973 645 φορτικὸν

396 679 643 747 ἱμάτιον,
679 675 944 730 ἀναλῦσαι
993 673 1087 726 καὶ
1115 673 1210 724 σὺν
1264 669 1485 741 Χροτῴ
1534 666 1700 722 εἶναι⁸
1756 667 1973 730 παντως

397 767 695 837 ἁμῳότεροι
742 763 1136 833 φανταζόμενοι
1179 759 1274 830 τὴν
1318 759 1592 829 μακαρίαν
1637 757 1973 826 εὐφροσύνην

396 859 490 910 καὶ
535 857 930 927 ἀμετάϐλητον.
977 853 1112 906 ΕΞδέ
1161 853 1375 920 ἐκείνης
1407 853 1544 921 ἔρως
1577 849 1770 912 οὐδεὶς,
1797 848 1973 902 πάντα

399 949 613 1019 ἀληθῶς
644 948 712 1000 τὰ
750 947 906 1003 ἄλλα.
944 945 1084 999 κατά
1111 945 1201 997 τὸν
1245 941 1704 1013 Ἐκκλησιαστὴν,
1753 941 1976 1012 ματαιό-

397 1058 497 1110 της
530 1040 932 1111 ματαιοτήτων.

469 1215 703 1282 Φεύγετε
731 1211 928 1275 τοίνυν,
960 1210 1154 1280 ἄνδρες
1178 1207 1512 1280 Χριστιανοὶ,
1539 1207 1786 1276 κλήσεως
1815 1207 1968 1259 ἐπου·

402 1306 586 1377 ρανίον
612 1306 849 1374 μέτοχοι,
883 1304 1063 1356 πᾶσαν
1106 1301 1312 1353 ἔννοιαν
1348 1300 1605 1369 τοιαύτην
1643 1299 1854 1369 λῃστῶν
1884 1298 1976 1350 καὶ

400 1398 723 1467 κακούργων
757 1396 934 1461 ἀξίαν,
969 1394 1101 1465 μηδέ
1145 1393 1304 1446 τοῦτο
1335 1391 1668 1462 μακαριστὸν
1697 1391 1975 1460 ἡγήσησθε

398 1491 460 1543 τὸ
507 1489 728 1558 φεύγειν
771 1485 1072 1556 τιμωρίαν,
1126 1484 1240 1537 ἀλλ’
1287 1483 1555 1552 ἐράσθητε
1608 1482 1826 1552 δωρεῶν
1883 1481 1976 1534 καὶ

402 1580 680 1649 στεφάνων
703 1594 716 1608 ·
751 1577 843 1640 οὓς
869 1579 897 1629 ὁ
922 1576 1054 1638 θεὸς
1082 1577 1196 1638 τοῖς
1215 1573 1475 1645 ἀθληταῖς
1502 1573 1600 1642 τῆς
1631 1571 1976 1641 δικαιοσύνης

398 1671 757 1741 ηὑτρέπισενο
801 1667 1176 1736 ἐπιθυμήσατε
1220 1663 1591 1734 βαπτίσματος
1623 1662 1975 1724 ἀδόλωςολάσ

401 1763 524 1815 ϐετε
554 1761 614 1814 τὸ
638 1760 914 1820 τάλαντον,
945 1759 1040 1810 καὶ
1068 1755 1330 1825 πρόσθετε
1357 1757 1454 1826 τὴν
1488 1753 1768 1825 ἐργασίαν·
1803 1751 1976 1815 οὕτως

2079 580 2136 623 ιιι
2167 552 2505 626 exhiiaretur
2531 571 2897 642 amplexibus,
2928 572 3022 642 qui
3065 572 3270 626 eadunt
3321 575 3423 629 sub
3452 561 3656 630 intelli-

2075 663 2334 732 gentiam.
2392 661 2455 715 Et
2509 661 2712 718 Paulus
2744 672 2898 733 optat
2955 672 3118 717 exuta
3169 678 3334 719 carne
3391 674 3653 735 tanquam

2076 753 2223 819 gravi
2276 760 2330 808 et
2403 753 2632 808 molesta
2694 763 2883 816 veste,
2936 753 3162 809 dissolvi
3231 766 3284 808 et
3340 770 3463 810 esse
3525 770 3652 808 eum

2075 844 2296 900 Christo
2339 846 2382 876 ¹⁵
2426 863 2440 899 :
2485 845 2646 899 ambo
2680 846 2906 900 omnino
2963 845 3270 916 cogitantes
3319 846 3532 901 beatam
3599 857 3656 901 et

2079 936 2472 991 immutabilem
2525 937 2787 991 lictitiam.
2843 937 3001 1004 Quod
3067 937 3113 992 si
3169 937 3356 993 nullus
3407 939 3482 992 sit
3532 937 3655 1008 ejus

2077 1043 2253 1091 amor,
2279 1030 2460 1083 omnia
2500 1030 2626 1096 alia,
2670 1038 2729 1083 ut
2774 1044 2901 1085 vere
2929 1029 3065 1084 dicit
3112 1029 3501 1096 Ecclesiastes,
3524 1040 3657 1087 sunt

2077 1120 2345 1176 vanitates
2378 1120 2680 1176 ranitatum
2713 1120 2778 1175 “.
3069 1115 3120 1150 ’⁵-
3145 1131 3167 1152 ⁸
3203 1128 3218 1142 ⁵

2149 1208 2336 1279 Fugite
2362 1225 2514 1281 ergo,
2542 1211 2643 1265 viri
2681 1210 3000 1277 Christiani,
3057 1212 3354 1284 participes
3411 1213 3689 1269 cmlcstis'

2078 1300 2405 1364 vocationis,
2436 1315 2655 1356 onmem
2705 1301 2846 1356 hanc
2874 1302 3289 1372 cogitationem,
3347 1303 3657 1358 latronibus

2077 1389 2292 1460 dignam
2325 1401 2381 1446 et
2425 1391 2712 1457 malelicis,
2747 1405 2926 1461 neque
2959 1392 3178 1446 beatum
3221 1393 3537 1448 existimate
3567 1393 3654 1447 fu-

2076 1495 2204 1548 gere
2234 1480 2563 1550 supplicium
2589 1497 2605 1545 ;
2642 1481 2736 1536 sed
2763 1483 2902 1535 dona
2941 1492 3120 1537 amate
3149 1491 3203 1537 et
3235 1498 3492 1548 coronas,
3517 1502 3657 1556 quas

2084 1570 2223 1624 licus
2253 1571 2466 1640 pararit
2515 1572 2740 1626 athletis
2768 1571 2998 1640 justiiizc
3019 1589 3034 1637 ;
3057 1573 3296 1640 expetite
3325 1574 3654 1642 baptismum

2077 1661 2196 1716 sine
2245 1662 2455 1726 fraude,
2515 1663 2748 1732 accipite
2793 1664 3094 1729 talentum,
3130 1673 3185 1719 et
3236 1674 3428 1720 curate
3475 1680 3542 1721 ne
3584 1667 3658 1720 sit

2077 1753 2314 1809 otiosum
2346 1771 2360 1806 :
2395 1755 2470 1808 ita
2521 1755 2692 1821 enim,
2729 1765 2788 1810 ut
2851 1756 2964 1808 ruit
3013 1756 3294 1825 parabola,
3342 1754 3657 1811 el'ticicmini

397 1856 508 1926 γὰρ
545 1853 686 1907 κατά
736 1852 834 1921 τὴν
881 1848 1194 1920 παραϐολὴν
1222 1847 1486 1918 ἡγεμόνες
1513 1847 1646 1902 δέκα
1675 1843 1969 1915 γενήσεσθε

2080 1844 2240 1900 duces
2279 1844 2464 1900 decem
2502 1846 2784 1900 civitatum
2825 1847 2888 1900 ¹⁷.
2944 1846 3046 1912 Qui
3078 1861 3208 1918 ergo
3257 1848 3506 1917 sepultus
3554 1847 3657 1902 fuit

400 1947 628 2001 πόλεων.
669 1946 726 2000 'O
755 1945 811 1996 δέ
834 1947 1119 2010 συνταφεὶς
1148 1941 1224 2011 τῷ
1253 1940 1608 2011 βαπτίσματι,
1634 1938 1866 2008 ἔκρυψεν
1895 1937 1976 1999 εἰς

397 2038 505 2108 γῆν
536 2037 598 2090 τὸ
639 2036 919 2096 τάλαντον,
963 2036 1057 2085 καὶ
1090 2032 1305 2094 πάντως
1356 2031 1578 2082 ἐκείνων
1611 2030 1833 2082 ἀκούσει
1867 2028 1976 2081 τῶν

396 2133 537 2200 πρὸς
558 2128 650 2181 τὸν
682 2127 864 2179 δοῦλον
900 2125 1068 2194 ἀργὴν
1111 2122 1408 2193 λεχθέντων
1441 2123 1535 2174 καὶ
1564 2121 1826 2191 ῥᾴθυμον.
1863 2121 1976 2174 Κα-

399 2219 508 2282 λῶς
534 2220 564 2272 ὁ
595 2215 951 2286 νεοφὼτιστος
974 2215 1039 2268 ἂν
1066 2216 1132 2284 τῇ
1167 2214 1344 2265 πίστει
1376 2212 1586 2282 συνάψῃ
1613 2213 1709 2281 τὴν
1739 2211 1974 2282 ἐντολὴν,

403 2311 496 2364 ἐπὶ
541 2309 724 2362 πλεῖον
777 2305 927 2358 οὐδὲν
975 2303 1089 2374 ἔχει
1135 2303 1229 2356 τού
1278 2303 1631 2372 ἀνεγκλήτου.
1683 2301 1978 2372 Δεσμὼτης

401 2401 697 2470 ἐτύγχανεν
744 2396 958 2468 μυρίοις
997 2394 1336 2464 ἐγκλήμασιν
1376 2392 1699 2456 ὑπεύθυνος,
1727 2391 1980 2455 δεδοικὼς

396 2491 462 2544 τὸ
517 2490 833 2558 κριτήριον,
883 2485 1102 2556 τρέμων
1153 2483 1262 2536 τῶν
1325 2482 1565 2535 εὐθυνῶν
1619 2481 1710 2533 τὸν
1767 2480 1974 2550 καιρόν.

401 2578 606 2634 Ἱιλθεν
659 2576 853 2644 ἀθρόον
907 2573 1168 2643 βασιλέως
1213 2571 1590 2642 φιλανθρωπία
1615 2611 1630 2633 ,
1683 2570 1862 2640 ἤνοιξε
1917 2569 1980 2622 τὸ

399 2671 807 2742 δεσμωτήριον,
863 2667 1042 2736 ἀφῆκε
1089 2665 1214 2728 τοὺς
1273 2663 1558 2734 πονηρούς.
1607 2661 1669 2716 '0
1717 2661 1816 2733 μὲν
1857 2661 1981 2724 δούς

398 2768 499 2835 τὴν
537 2765 716 2834 χάριν,
761 2759 1034 2831 ὑμνείσθω
1081 2759 1175 2811 καὶ
1215 2756 1643 2827 προσκυνείσθω,
1675 2755 1751 2817 ὡς
1782 2754 1982 2822 ἀγαθό-

399 2870 560 2922 τητος
595 2850 882 2922 περιουσίᾳ
915 2847 1092 2910 σώσας
1137 2847 1263 2910 τοὺς
1289 2848 1388 2918 τὴν
1419 2847 1565 2918 ζωὴν
1600 2847 1701 2899 ούκ
1739 2845 1981 2909 ἐλπίζον-

398 2961 533 3007 τας*
575 2947 604 2997 ὀ
655 2942 714 2995 δὲ
767 2939 1078 3011 γνωριζέτω
1132 2939 1358 3001 ἑαυτὸν,
1421 2939 1478 2989 ἐν
1521 2938 1866 3006 ταπεινότητι
1904 2937 1982 2989 δι-

396 3033 612 3101 αγέτωο
645 3032 720 3102 μὴ
746 3030 820 3094 ὡς
851 3029 1200 3100 κατορθώσας
1231 3046 1284 3081 τι
1327 3028 1632 3093 διακείσθω,
1662 3029 1847 3097 ἐπειδὴ
1876 3029 1983 3081 τῶν

400 3122 615 3186 δεσμῶν
647 3122 832 3192 ἐλύθη.
868 3122 1095 3190 "Agam;
1145 3119 1253 3188 γὰρ
1291 3117 1651 3188 ἐγκλημάτων
1702 3117 1793 3170 τὸν
1836 3116 1982 3168 ἔλεον

405 3215 818 3286 προσμαρτυρεῖ
863 3211 942 3282 τῷ
984 3212 1419 3281 συγχωρήσαντι,
1464 3210 1524 3261 ού
1556 3209 1663 3278 μὴν
1689 3208 1980 3276 εὐδοκιμή-

406 3324 521 3360 σειν
557 3305 637 3375 τῷ
680 3304 935 3374 ἀφεθέντι
999 3303 1059 3356 Ὀ
1089 3301 1270 3355 λαϐὼν
1309 3302 1371 3354 τό
1417 3301 1514 3371 τῆς
1563 3299 1979 3367 παλιγγενεσίας

403 3397 646 3464 λουτρὸν,
687 3398 869 3467 ὅμοιος
917 3393 1221 3466 στρατιώτῃ
1245 3393 1350 3464 νέῳ
1382 3393 1640 3460 ὑπόγυιον
1682 3391 1980 3462 ἐναριθμη-

405 3491 550 3544 θέντι
599 3490 710 3550 τοῖς
736 3490 1031 3548 όπλιτικοῖς
1072 3484 1414 3550 καταλόγοις,
1459 3483 1683 3553 μηδέπω
1711 3483 1766 3535 δὲ
1813 3483 1981 3551 μηδὲν

405 3583 823 3652 ἐπιδεδειγμένῳ
865 3581 1253 3650 στρατιωτικὸν
1285 3580 1318 3650 ἣ
1352 3582 1621 3648 γενναῖον.
1661 3579 1870 3649 Ὥσπερ
1889 3574 1980 3631 οὖν

405 3679 607 3739 ἐκεῖνος
648 3675 966 3744 ἀνελόμενος
1013 3673 1109 3744 τὴν
1137 3671 1333 3743 ζώνην,
1368 3673 1462 3724 καὶ
1494 3670 1592 3740 τὴν
1629 3669 1849 3744 χλανίδα
1879 3670 1978 3738 ἐμ-

405 3765 856 3836 πορπησάμενος,
905 3765 1005 3817 ούκ
1053 3764 1213 3826 εὐθὺς
1257 3763 1444 3816 ἐαυτὸν
1489 3762 1717 3827 ἀριστέα
1748 3761 1977 3830 νομίζει,

403 3859 523 3910 ούδέ
550 3857 787 3930 προσιὼν
819 3857 954 3928 μετὰ
985 3857 1295 3926 παρρησίας
1338 3855 1416 3925 τῷ
1444 3854 1650 3924 βασιλεῖ
1674 3855 1749 3915 ὡς
1783 3853 1980 3922 γνώρι-

407 3968 504 4020 μος
534 3950 861 4016 διαλέγεται,
889 3949 1008 4002 οὐδὲ
1031 3949 1258 4020 χάριτας
1282 3949 1424 4000 αἰτεῖ
1444 3949 1542 4010 τας
1565 3945 1672 3998 τῶν
1697 3946 1980 4015 καμόντων

405 4042 499 4094 καὶ
528 4039 868 4092 σιονεσὰντων
892 4057 906 4070 ·
943 4036 1116 4100 οὕτως
1151 4036 1286 4107 μηδὲ
1319 4038 1383 4088 σὺ
1414 4034 1586 4104 τυχὼν
1615 4035 1711 4104 τῆς
1739 4035 1977 4105 χάριτος,

404 4127 515 4181 οἴου
553 4131 666 4189 τοῖς
708 4126 936 4190 δικαίοις
987 4125 1333 4195 συζήσεσθαι,
1367 4125 1617 4194 καὶπρὸς
1641 4125 1730 4176 τὸν
1757 4124 1980 4176 ἐκείνων

403 4217 734 4289 ἀχθήσεσθαι
781 4217 1003 4288 κλῆρον,
1042 4218 1108 4270 ἂν
1143 4216 1219 4288 μὴ
1249 4216 1475 4279 πολλοὺς
1515 4216 1813 4287 ὑπομείνῃς
1839 4215 1981 4285 ὑπὲρ

403 4308 684 4367 εὐσεϐείας
721 4309 1028 4372 κινδύνους,
1060 4310 1153 4362 καὶ
1194 4308 1509 4378 πολεμήσῃς
1550 4310 1616 4379 τῇ
1660 4307 1844 4377 σαρκὶ,
1887 4309 1980 4360 καὶ

407 4403 523 4471 μετ’
571 4387 784 4470 ἐκείνης
832 4399 908 4470 τῷ
959 4400 1206 4470 διαϐόλῳ,
1263 4400 1355 4451 καὶ
1401 4399 1665 4468 γενναίως
1721 4401 1979 4467 ἀντισχῇς

2082 1937 2244 1991 simul
2269 1951 2392 1992 cum
2429 1937 2723 2006 baptismo,
2792 1939 3054 1992 talentum
3089 1938 3376 1994 abscondit
3405 1940 3457 1992 in
3489 1953 3656 2000 terra,

2075 2037 2130 2083 et
2175 2029 2400 2084 omnino
2436 2030 2523 2083 illa
2552 2031 2755 2094 audiet,
2788 2045 2909 2100 qua:
2940 2030 3082 2084 dicta
3113 2040 3241 2084 sunt
3293 2045 3452 2106 servo
3480 2029 3658 2084 otioso

2077 2126 2133 2173 et
2173 2119 2469 2189 ncgligenti
2497 2119 2560 2173 ".
2593 2118 2758 2175 liectc
2793 2120 2860 2185 is,
2893 2119 2984 2190 qui
3037 2133 3121 2174 cSt
3153 2133 3343 2175 recens
3383 2119 3656 2173 illumina-

2078 2220 2188 2271 tus,
2220 2213 2264 2264 si
2296 2210 2418 2265 Iidei
2467 2225 2574 2264 nou
2622 2212 2858 2281 amplius
2894 2212 3208 2266 mandatum
3241 2211 3546 2280 conjunxit,
3573 2210 3657 2263 nio
3707 2219 3711 2222 ‘

2081 2302 2154 2356 hil
2188 2303 2351 2356 habet
2384 2302 2530 2370 quod
2579 2319 2684 2357 non
2735 2304 2807 2356 sit
2866 2302 3030 2358 aliine
3086 2302 3479 2356 criminationi.
3535 2299 3660 2355 Fui:

2081 2390 2330 2454 vinctus,
2404 2392 2894 2446 imininerabililms
2967 2392 3294 2448 criminibus
3367 2391 3657 2456 obnoxius,

2080 2479 2282 2536 tiiiiens
2329 2483 2621 2553 judicium,
2655 2484 2887 2540 horrens
2922 2493 3143 2554 tempus
3169 2484 3462 2540 reddenda:
3497 2485 3661 2538 ratic-

2082 2573 2189 2628 nis.
2234 2571 2395 2628 Venit
2429 2576 2834 2645 repente_rcgis
2878 2575 3206 2646 benignitas,
3240 2577 3454 2645 aperuit
3474 2589 3661 2630 carce-

2081 2682 2217 2727 rem.
2250 2666 2459 2724 dimisit
2521 2669 2719 2722 malos.
2763 2668 2868 2733 Qui
2921 2669 3070 2723 dedit
3124 2669 3344 2738 quidem
3397 2668 3656 2738 gratiam,

2084 2757 2336 2811 laudibus
2393 2757 2724 2818 celebretur,
2784 2767 2837 2812 et
2879 2759 2971 2826 qui
3036 2773 3136 2812 sua
3195 2758 3458 2812 bonitatis
3489 2757 3661 2812 abun-

2081 2848 2268 2901 dantia
2303 2848 2646 2902 conservarit
2676 2863 2794 2911 eos,
2816 2849 2909 2916 qui
2970 2863 3078 2901 non
3123 2848 3420 2916 sperabant
3452 2849 3651 2903 virere.

2085 2938 2204 3009 Ipse
2241 2949 2422 2993 autem
2459 2941 2700 3008 scipsmn
2755 2947 3072 3007 cognoscat,
3099 2949 3152 2993 et
3186 2939 3346 3010 degat
3385 2940 3436 2993 in
3471 2939 3658 2993 humi-

2086 3031 2270 3085 litate:
2309 3045 2414 3082 non
2451 3031 2522 3083 ita
2547 3032 2619 3084 sit
2673 3029 2922 3094 aliectus,
2954 3040 3212 3099 tanquam
3264 3030 3464 3099 aliquid
3518 3045 3656 3100 pia:-

2086 3123 2294 3175 elarum
2328 3121 2581 3192 gesserit,
2615 3124 2877 3190 quoniam
2907 3122 3119 3178 solutus
3149 3131 3233 3175 est
3268 3122 3520 3176 rizienlis.
3545 3122 3660 3175 Cri-

2039 3212 2050 3230 ‘
2087 3213 2294 3266 minum
2325 3211 2468 3266 enim
2504 3212 2756 3268 remissio
2793 3223 3027 3267 testatur
3073 3213 3501 3266 miscricordiam
3536 3213 3658 3280 ejus

2083 3304 2174 3370 qni
2207 3304 2504 3365 concessit,
2543 3320 2649 3358 non
2673 3314 2852 3358 autem
2877 3304 3022 3374 quod
3053 3318 3111 3359 se
3154 3313 3298 3358 recte
3328 3304 3561 3372 gesserit
3588 3305 3655 3366 is,

2081 3397 2172 3464 qui
2215 3395 2317 3447 fuit
2345 3395 2627 3450 dimissus.
2661 3394 2707 3450 Is
2736 3396 2827 3465 qui
2872 3397 3147 3449 lavacrum
3189 3396 3397 3464 accepit
3430 3411 3656 3464 regene—

2086 3488 2339 3551 rationis,
2371 3496 2458 3540 est
2503 3487 2700 3542 similis
2735 3502 2876 3541 novo
2911 3487 3089 3552 militi,
3120 3487 3214 3556 qni
3247 3502 3419 3556 nuper
3449 3487 3552 3540 luit
3579 3503 3659 3542 reo

2080 3581 2224 3633 iatus
2267 3579 2317 3631 in
2358 3594 2641 3633 numerum
2695 3579 2952 3640 militum,
2989 3579 3228 3633 nondum
3271 3589 3451 3633 autem
3491 3579 3657 3649 quid-

2082 3687 2244 3740 quam
2273 3674 2384 3741 egit
2421 3673 2740 3740 pisci-larum
2769 3681 2861 3725 aut
2899 3670 3023 3727 forti
3063 3673 3234 3725 milite
3262 3671 3507 3741 dignum.
3537 3671 3657 3738 Quo

2083 3765 2245 3816 modo
2265 3779 2392 3832 ergo
2415 3765 2503 3818 illc
2525 3781 2658 3816 mna
2685 3763 2990 3822 accinctus.
3011 3776 3061 3818 et
3091 3764 3375 3834 chlamyde
3406 3764 3654 3827 inilutns.

2083 3871 2191 3907 non
2225 3869 2283 3908 se
2311 3856 2496 3908 statim
2541 3855 2822 3908 existimat
2856 3855 3032 3907 rirnm
3060 3854 3275 3914 fortem,
3321 3871 3496 3924 neque
3520 3871 3655 3909 cou-
3687 3882 3690 3886 ι

2084 3945 2311 3997 lidentcr
2357 3945 2623 3998 aet-edens
2659 3943 2724 3996 ad
2783 3960 2985 4013 regem,
3031 3961 3154 3998 eum
3201 3946 3495 4015 alloquitur
3539 3955 3656 3999 tat:-

2081 4051 2245 4105 quam
2280 4035 2597 4095 familiaris,
2651 4049 2824 4102 neque
2871 4036 3007 4104 petit
3059 4037 3336 4100 benelieia,
3376 4055 3498 4107 qua:
3558 4040 3654 4108 qui

2082 4129 2488 4187 laboraverunt,
2525 4134 2579 4178 et
2609 4142 2668 4179 se
2717 4135 2941 4178 strenue
2969 4137 3287 4195 gesserunt;
3320 4129 3392 4181 ita
3445 4145 3542 4182 nec
3574 4140 3654 4194 tu,

2082 4219 2314 4289 gratiam
2361 4227 2673 4276 assecutus,
2710 4227 2868 4286 putes
2905 4216 3020 4271 lore
3057 4229 3112 4271 ut
3141 4220 3289 4273 viras
3316 4235 3439 4273 cum
3467 4221 3655 4290 jnstis,

2079 4319 2135 4363 et
2161 4309 2228 4363 ad
2259 4309 2473 4362 illorum
2501 4307 2723 4362 ducaris
2757 4308 3148 4372 lnereditatem,
3186 4311 3289 4364 nisi
3318 4327 3415 4377 pro
3448 4312 3654 4381 pietate

2083 4401 2254 4454 multa
2285 4399 2450 4454 adeas
2476 4398 2739 4467 pericula,
2782 4409 2838 4452 et
2872 4415 2996 4453 cum
3028 4417 3195 4454 carne
3241 4401 3442 4456 bellant
3476 4417 3656 4471 geras,

403 4490 539 4561 πρὸς
570 4490 744 4543 πάντα
782 4489 850 4542 τὰ
880 4488 989 4544 τῶν
1013 4490 1264 4559 πονηρῶν
1293 4490 1616 4559 πνευμάτων
1645 4489 1973 4558 τοξεύματα.

2081 4501 2134 4546 et
2175 4493 2338 4547 simul
2394 4506 2523 4546 cum
2573 4492 2688 4557 illa,
2736 4506 2860 4545 cum
2909 4491 3130 4546 diabolo
3190 4494 3400 4548 t‘ortiter
3433 4496 3660 4550 resistas

401 4577 615 4631 Μᾶλλον
643 4577 699 4629 δὲ
726 4579 773 4629 εἰ
801 4577 946 4630 δοκεῖ
977 4579 1144 4647 αὐτὴν
1173 4580 1270 4650 τὴν
1303 4579 1395 4631 τοῦ
1430 4579 1632 4648 Κυρίου
1672 4579 1854 4649 φωνὴν
1878 4579 1975 4647 τὴν

406 4668 700 4737 μέλλουσαν
743 4670 835 4721 ἐπὶ
875 4669 972 4738 τῆς
1017 4671 1200 4738 κοινῆς
1233 4669 1557 4741 ἐκφέρεσθαι
1584 4671 1839 4742 κρίσεως,
1879 4670 1976 4722 λά-

401 4761 585 4832 ϐωμεν
630 4761 722 4814 τοῦ
769 4763 1130 4832 προκειμένου
1177 4762 1513 4818 διδάσκαλον.
1556 4762 1620 4813 Τί
1661 4761 1770 4832 γάρ
1812 4778 1973 4830 φησις

407 4872 426 4904 ι
465 4851 650 4912 Δεῦτε,
700 4853 749 4904 οἱ
783 4853 1136 4923 εὐλογημένοι
1169 4852 1261 4905 τοῦ
1297 4854 1505 4922 Πατρός
1556 4869 1679 4922 μου,
1720 4852 1979 4922 κληρονο-

401 4943 611 5013 μήσατε
639 4942 737 5014 τὴν
769 4943 1173 5012 ἡτοιμασμένην
1213 4944 1338 5012 ὑμῖν
1373 4943 1668 5010 βασιλείαν.
1716 4963 1734 4994 ι
1770 4943 1867 4995 Διά
1893 4943 1973 5004 τίς

401 5035 512 5104 Οὐχ
552 5034 634 5086 ὅτι
680 5033 741 5086 τὸ
781 5035 997 5103 ἱμάτιον
1031 5033 1348 5086 ἐνεδύσασθε
1375 5036 1470 5105 τῆς
1498 5035 1828 5104 ἀφθαρσίας,
1855 5034 1976 5086 ούδέ

395 5126 480 5178 ὅτι
520 5125 615 5188 τὰς
660 5125 935 5196 ἁμαρτίας
985 5125 1138 5195 ὑμῶν
1180 5126 1578 5190 ἀπελούσασθε,
1628 5127 1741 5180 ἀλλ’
1789 5127 1975 5196 ἐπειδὴ

401 5216 796 5286 κατωρθώσατε
822 5217 920 5288 τὴν
963 5219 1205 5288 ἀγάπην.
1257 5220 1365 5272 Καὶ
1414 5219 1575 5282 εὐθὺς
1615 5223 1642 5272 ὁ
1676 5220 1977 5284 κατάλογος

403 5308 758 5361 ὑποτέτακται
787 5309 894 5361 τῶν
945 5310 1280 5378 τραφέντων,
1320 5309 1427 5361 τῶν
1460 5310 1836 5372 ποτισθέντων,
1867 5311 1973 5361 τῶν

402 5398 742 5452 ἐνδυθέντων.
796 5401 905 5452 Καὶ
959 5402 1184 5463 εἰκότως
1231 5403 1260 5454 ὁ
1307 5401 1740 5470 ἀπαραλόγιστος
1783 5402 1975 5470 κριτὴς

401 5490 567 5553 οὕτως
588 5492 814 5555 δικάζει.
854 5492 915 5543 ⁸Ιί
940 5493 1096 5561 χάρις
1134 5493 1229 5561 μὲν
1251 5491 1359 5562 γὰρ
1383 5491 1475 5543 τοῦ
1500 5492 1764 5543 Δεσπότου
1784 5491 1973 5559 δῶρον’

401 5585 433 5651 ἡ
461 5582 515 5634 δὲ
550 5583 808 5648 πολιτεία,
855 5583 949 5634 τοῦ
999 5584 1318 5652 τιμηθέντος
1362 5583 1709 5654 κατόρθωμα.
1745 5585 1978 5654 Χάριτος

473 5759 516 5791 ⁸⁵
554 5758 787 5829 Philipp.
812 5779 846 5826 ι,
869 5763 960 5815 9.3.
1039 5764 1081 5794 ³⁸
1117 5762 1296 5820 Eccle.
1331 5779 1370 5830 1,
1400 5763 1453 5816 ‘2.

1537 5763 1576 5793 ”
1601 5763 1732 5816 Luc.
1770 5780 1883 5827 xm,
1930 5765 2013 5829 lG,
2051 5765 2133 5818 17.

2083 4583 2339 4638 omnibus
2362 4583 2558 4654 iaculis
2589 4583 2950 4653 malignorum
2980 4584 3296 4650 spirituum.
3331 4586 3442 4639 lmo
3463 4599 3589 4638 vero
3613 4586 3660 4640 si

2083 4675 2320 4738 videtur,
2344 4674 2682 4744 accipiamus
2707 4674 2882 4744 ipsam
2917 4673 3129 4729 Domini
3175 4692 3388 4739 vocem,
3425 4692 3545 4740 qua!
3574 4687 3660 4735 est

2097 4762 2422 4832 proferenda
2450 4765 2504 4819 in
2541 4765 2660 4834 ipso
2707 4767 2983 4818 communi
3012 4761 3241 4839 judicio,
3270 4776 3323 4820 et
3375 4777 3458 4821 est
3485 4769 3660 4837 magi-

2085 4865 2197 4909 stra
2222 4855 2341 4925 ejus
2363 4856 2510 4926 quod
2541 4858 2885 4926 proponitur.
2915 4856 3158 4923 «Venite,
3190 4860 3454 4914 benedicti
3480 4861 3659 4916 Patris

2082 4948 2213 5009 mei,
2246 4955 2426 5001 estote
2460 4948 2704 5003 luerech
2735 4949 2904 5018 parati
2935 4951 3090 5003 vobis
3123 4953 3272 5018 regni
3319 4968 3350 5005 a
3393 4953 3660 5008 constitu-

2077 5038 2227 5092 tione
2259 5039 2446 5094 mnndi
2485 5040 2547 5091 ¹⁹.
2597 5059 2614 5091 i
2657 5039 3061 5105 Quamobrem?
3097 5040 3216 5096 Non
3266 5044 3522 5111 quoniam
3573 5044 3654 5098 in-

2078 5128 2197 5182 dnti
2246 5131 2382 5184 estis
2436 5141 2585 5185 veste
2638 5131 3102 5200 incorruptionis,
3159 5149 3336 5203 neque
3393 5135 3653 5204 quoniam

2081 5231 2301 5291 peccata
2333 5230 2513 5276 vestra
2554 5224 2822 5290 abluistis,
2872 5225 2967 5279 sed
3012 5227 3268 5293 quoniam
3303 5227 3355 5279 in
3387 5227 3656 5284 charilate

2081 5328 2178 5367 vos
2209 5321 2356 5368 recte
2389 5315 2660 5382 gessistis.
2721 5316 2785 5368 Et
2839 5316 3025 5369 statim
3075 5318 3321 5386 sequitur
3379 5319 3657 5390 catalogus

2083 5422 2270 5461 eorum
2305 5410 2396 5477 qui
2425 5419 2553 5463 sunt
2596 5409 2808 5475 nutriti,
2841 5411 3036 5479 potali,
3091 5413 3285 5467 induti.
3317 5413 3378 5466 Et
3414 5415 3537 5482 jure
3566 5416 3658 5484 qui

2087 5498 2196 5552 faili
2232 5516 2341 5553 non
2376 5509 2552 5569 potest
2583 5501 2746 5567 index
2780 5503 2852 5555 ita
2907 5503 3138 5571 judicat.
3174 5503 3306 5558 Nam
3333 5509 3505 5576 gratia
3537 5510 3659 5575 qui-

2087 5589 2208 5645 dem
2246 5592 2548 5647 cstdounm
2578 5593 2814 5650 Domini.
2841 5595 2916 5649 Ex
2945 5597 3065 5651 ritze
3103 5607 3282 5652 autem
3315 5600 3661 5656 administra-

2216 5767 2256 5799 ¹⁸
2290 5766 2476 5822 Matth.
2521 5787 2640 5836 ur,
2675 5771 2744 5825 94.
2768 5789 2889 5842 sqq.
2974 5773 3012 5805 ¹⁹
3051 5774 3179 5830 ibid.
3213 5776 3300 5830 5i.
