4124 6352
412 294 520 351 437

1659 304 1940 359 CONTRA
1981 305 2020 361 υ
2033 305 2114 361 SU
2129 305 2399 360 RARIOS.

3560 302 3666 364 1-38

416 419 677 486 κάμνοντι
716 417 806 470 τον
854 419 1084 490 πυρετὸν
1115 421 1520 492 ἀπεργάζεται·
1562 424 1734 489 οὕτως
1768 430 1796 478 ὁ
1843 443 1981 497 παρ-

2100 443 2192 479 cm
2228 426 2418 480 febrim
2446 425 2646 481 misero
2677 425 2847 495 parit;
2873 425 2953 480 sic
2982 432 3035 481 et
3065 426 3155 497 qui
3179 441 3348 497 egeno
3378 425 3666 495 pecuniam

417 509 556 577 έχων
615 510 804 579 πένητι
843 513 1082 581 γέμοντα
1134 514 1306 586 (940)
1353 514 1612 587 [πενίας]
1661 518 1894 588 χρυσὸν,
1929 517 1989 570 οὐ

418 599 580 651 παύει
611 600 708 669 τὴν
733 600 999 671 ἀνάγκην,
1031 602 1144 655 ἀλλ’
1171 605 1424 657 ἐπιτείνει
1457 606 1554 674 τὴν
1579 607 1882 678 συμφοράν.

487 691 578 760 Μὴ
607 690 784 742 τοίνυν
823 692 992 764 ζήσῃς
1024 693 1404 762 μισάνθρωπον
1445 695 1556 765 βίον
1589 697 1647 748 ἐν
1689 697 1990 766 φιλανθρω-

419 781 549 843 πία³ς
588 784 958 853 προσχήματι,
996 784 1129 853 μηδὲ
1169 784 1300 855 γένῃ
1338 786 1518 857 ἰατρὸς
1550 787 1901 857 ἀνδροφόνος,
1932 789 1992 840 τὸ

423 872 716 942 πρόσχημα
758 873 856 942 μὲν
889 872 979 925 τοῦ
1010 873 1199 938 σώζειν
1236 876 1372 946 ἔχων
1405 877 1492 929 διὰ
1517 878 1607 930 τὸν
1641 878 1887 940 πλοῦτον,
1917 879 1992 942 ὡς

419 963 622 1023 ἐκεῖνος
651 961 737 1012 διὰ
766 958 1103 1032 τὴντέχνην·
1129 966 1193 1034 τῇ
1223 965 1534 1033 προαιρέσει
1565 966 1622 1018 δὲ
1654 968 1991 1037 κεχρημένος

351 1117 356 1121 _
417 1055 499 1113 εἰς
527 1052 799 1104 ἀπώλειαν
827 1053 918 1105 τοῦ
952 1055 1140 1107 ἑαυτόν
1171 1073 1250 1107 σοι
1275 1057 1826 1120 καταπιστεύσαντος.
1869 1059 1995 1129 ’Λρο

417 1144 511 1209 γὸς
547 1147 636 1197 καὶ
666 1146 693 1196 ὁ
725 1145 1104 1208 πλεονεκτικος
1134 1148 1245 1217 (11)
1295 1148 1406 1216 βίος
1452 1151 1482 1201 ὁ
1529 1149 1620 1202 τοῦ
1663 1150 1989 1214 τοκίζοντος.

419 1236 533 1286 υὺκ
585 1230 692 1286 οῗδε
724 1238 882 1288 πόνον
927 1238 1232 1306 γεωργίας,
1267 1240 1365 1291 οὐκ
1417 1239 1656 1293 ἐπίνοιαν
1694 1239 1992 1310 ἐμπορίας·

417 1325 502 1392 ἐφ’
553 1326 669 1388 ἑνὸς
700 1326 753 1379 δὲ
795 1327 959 1380 τόπου
1003 1329 1252 1399 κάθηται,
1287 1329 1499 1398 τρέφων
1540 1332 1630 1382 ἐπὶ
1671 1330 1771 1398 τῆς
1812 1330 1994 1392 ἑστίας

419 1418 602 1488 θηρία.
643 1421 928 1490 Ἀσπαρτα
959 1423 1069 1490 (12)
1108 1423 1254 1494 αὐτῷ
1285 1424 1528 1494 βούλεται
1565 1425 1631 1478 τὰ
1676 1427 1854 1479 πάντα
1901 1426 1994 1478 καὶ

417 1509 655 1580 ἀνήροτα
683 1511 930 1579 φύεσθαι·
966 1515 1189 1584 ἄροτρον
1224 1515 1334 1585 ἔχει
1367 1516 1457 1570 τὸν
1489 1516 1750 1586 κάλαμον·
1787 1516 1991 1587 χώραν,

417 1601 509 1652 τὸν
549 1602 754 1672 χάρτην
787 1603 919 1672 (13)·
959 1607 1217 1674 σπέρμα,
1246 1607 1305 1660 τὺ
1347 1607 1530 1676 μέλαν’
1572 1608 1743 1671 ὑετὸν,
1783 1610 1989 1680 χρόνον,

417 1691 712 1756 αὐξάνοντα
735 1694 878 1763 αὐτῷ
905 1695 1268 1760 λανθανόντως
1297 1699 1396 1768 τὴν
1422 1699 1527 1751 τῶν
1551 1700 1847 1770 χρημάτων
1873 1702 1991 1753 ἐπι·

2094 517 2199 570 sub
2232 515 2417 570 fenore
2446 516 2776 579 eonnnodat,
2807 518 3190 572 necessitatem
3224 517 3372 571 illius
3402 532 3507 571 non
3534 520 3666 572 sub-

2094 609 2257 668 levat.
2297 607 2391 660 sed
2423 606 2788 659 calamitatem
2823 609 3003 675 potius
3030 617 3212 678 auget.

2164 698 2240 754 Ne
2280 699 2484 753 vixeris
2528 700 2694 768 igitur
2753 699 2937 768 specie
2971 699 3328 752 humanitatis
3374 699 3539 752 vitam
3583 699 3666 750 iii-

2097 788 2389 840 humanam
2443 798 2496 842 et
2545 787 2848 850 elici-alam,
2883 805 3057 858 neque
3101 800 3220 844 esto
3263 789 3530 853 medicus,
3571 789 3666 858 qui

2095 878 2348 947 perimat,
2382 893 2579 930 nomen
2613 879 2834 947 quidem
2866 887 2919 932 et
2953 879 3182 933 formam
3228 895 3338 948 pra:
3379 887 3431 933 te
3466 879 3666 941 ferens,

2095 969 2252 1037 quasi
2291 983 2478 1023 serves
2527 970 2596 1022 ob
2630 971 2872 1029 divitias.
2925 973 3069 1026 sicut
3099 981 3151 1026 et
3199 975 3287 1028 ille
3329 980 3548 1043 prcpter
3580 987 3667 1024 ar-

2095 1069 2234 1122 tein;
2272 1062 2549 1116 voluntate
2605 1071 2783 1116 autem
2827 1075 2915 1117 tua
2971 1072 3024 1118 ct
3078 1065 3264 1119 animo
3303 1066 3368 1119 ad
3416 1065 3665 1128 alterius,

2094 1152 2188 1219 qui
2230 1167 2289 1206 se
2336 1153 2432 1205 tibi
2483 1155 2798 1216 (ιο-ιτιιιίιιὶι,
2843 1156 3140 1224 perniciem
3173 1157 3423 1210 abutens.
3473 1155 3669 1225 Segnis

2094 1253 2147 1297 et
2203 1243 2536 1298 insatiabilis
2586 1254 2669 1298 est
2715 1246 2822 1297 vita
2885 1247 3145 1300 usurarii.
3195 1245 3381 1301 Nescit
3427 1246 3666 1298 laborem

2095 1348 2351 1403 agrorum
2397 1335 2772 1398 colendorum,
2827 1346 3192 1392 mercaturam
3250 1354 3356 1390 non
3414 1345 3664 1399 εκεῖ-ουκ

2096 1424 2188 1478 sed
2245 1439 2354 1478 uno
2401 1424 2455 1478 in
2507 1426 2623 1480 loco
2679 1427 2970 1481 consulens
3029 1428 3293 1483 immanes
3354 1429 3498 1483 domi
3554 1445 3668 1484 Sua:

2097 1514 2241 1568 feras
2270 1516 2466 1571 nutrit.
2506 1515 2633 1568 Vult
2679 1517 2862 1570 omnia
2897 1518 3000 1571 sibi
3033 1519 3150 1572 sine
3187 1528 3331 1581 satu.
3367 1527 3421 1573 et
3456 1521 3664 1573 inarata

2098 1605 2372 1675 progigni,
2423 1606 2511 1660 cui
2543 1607 2760 1675 quidem
2807 1614 3054 1660 aratrum
3084 1617 3168 1662 est
3198 1609 3470 1676 calamus;
3514 1626 3664 1679 ager.

2096 1697 2321 1762 charta;
2387 1712 2594 1762 semen,
2667 1705 3065 1762 atramentum;
3131 1699 3353 1766 pluvia,
3417 1709 3665 1768 tempus.

420 1783 676 1851 καρπίαν.
712 1785 983 1854 Δρέπανον
1021 1789 1166 1839 ἐστιν
1201 1789 1348 1858 αὑτῷ
1389 1791 1420 1858 ἡ
1470 1791 1782 1860 ἀπαίτησις
1827 1791 1988 1855 ἆλων,

2100 1787 2243 1855 quod
2301 1787 2379 1841 illi
2441 1787 2688 1857 pecunia:
2752 1788 2965 1843 fructus
3025 1789 3255 1843 occultis
3313 1789 3668 1844 incrementis

423 1875 455 1944 ἡ
492 1874 658 1937 οἰκία,
686 1877 770 1944 ἐφ’
797 1872 864 1947 ἧς
890 1877 1141 1930 λεπτύνει
1172 1882 1268 1942 τὰς
1288 1881 1394 1932 τῶν
1425 1882 1754 1952 θλιϐομένων
1780 1883 1986 1946 οὐσίας.

419 1964 499 2016 Τὰ
522 1965 734 2018 πάντων
766 1967 870 2020 ἴδια
889 1968 1048 2038 βλέπε
1059 1988 1093 2022 ι.
1117 1969 1342 2040 Εὗχεται
1364 1973 1474 2034 τοῖς
1495 1973 1799 2044 ἀνθρώποις
1828 1973 1992 2042 ἀνάγ-

420 2073 520 2118 ra;
569 2058 661 2110 καὶ
696 2059 1009 2128 συμφορὰς,
1056 2061 1141 2112 ἵνα
1182 2061 1316 2130 πρὸς
1364 2063 1523 2114 αὑτὸν
1562 2065 1992 2133 ἡναγκασμένως

419 2149 711 2202 ἀπέλθωσι.
746 2153 909 2204 Μισεί
943 2154 1066 2214 τοὺς
1098 2154 1307 2216 ἑαυτοῖς
1348 2154 1683 2224 ἀρκοῦντας,
1727 2157 1822 2208 καὶ
1867 2158 1992 2219 τοὺς

423 2239 496 2310 μὴ
519 2239 952 2312 δεδανεισμένους
977 2244 1088 2313 (14)
1115 2245 1340 2313 ἐχθροὺς
1367 2247 1603 2314 ἡγεῖται.
1635 2247 1993 2317 Προσεδρεύει

417 2337 530 2397 τοῖς
587 2336 986 2404 δικαστηρίοις,
1024 2336 1111 2389 ἶνα
1150 2337 1282 2407 εὕρῃ
1331 2339 1422 2390 τὸν
1483 2339 1834 2408 στενούμενον
1883 2342 1994 2403 τοῖς

420 2423 774 2492 ἁπαιτηταίς,
809 2426 902 2478 κεί
931 2429 1041 2489 τοῖς
1074 2428 1402 2497 πράκτορσιν
1432 2429 1738 2494 ἀκολουθεῖ,
1771 2431 1845 2494 ὡς
1876 2434 1992 2494 ταῖς

422 2513 759 2581 παρατάξεσι
799 2516 891 2567 καὶ
930 2519 1040 2578 τοῖς
1075 2518 1329 2586 πολέμοις
1369 2521 1417 2571 oi
1460 2520 1655 2586 γῦπες.
1697 2523 1992 2591 Περιφέρει

419 2601 482 2653 τὸ
512 2602 814 2670 βαλάντιον,
857 2606 949 2658 και
983 2607 1220 2660 δείκνυσι
1245 2612 1356 2673 τοῖς
1398 2611 1742 2680 πνιγομένοις
1772 2613 1869 2680 τῆς
1895 2614 1990 2684 0+,-

425 2709 524 2763 ρας
557 2695 665 2763 (15)
705 2696 917 2767 δέλεαρ,
956 2699 1018 2749 ἵν’
1060 2700 1252 2770 ἐκείνῳ
1279 2700 1364 2754 διὰ
1404 2701 1502 2770 τὴν
1546 2702 1735 2771 χρείαν
1771 2706 1996 2773 περιχή-

423 2798 629 2846 ναντες,
667 2785 1076 2852 συγκαταπίωσι
1111 2787 1198 2840 τοῦ
1241 2789 1405 2840 τόκου
1440 2790 1549 2859 (16)
1584 2791 1643 2842 τὸ
1675 2790 1989 2862 ἄγκιστρον.

425 2875 561 2929 Καθ’
592 2877 802 2947 ἡμέραν
838 2877 1060 2947 ἀριθμεῖ
1091 2877 1151 2930 τὸ
1181 2878 1369 2950 κέρδος
1389 2923 1402 2943 ,
1437 2883 1530 2934 καὶ
1563 2882 1662 2949 τῆς
1700 2885 1995 2953 ἐπιθυμίας

421 2963 522 3014 οὐκ
539 2963 894 3031 ἐμπίπλαται.
923 2965 1180 3034 ’Λχθεται
1201 2967 1336 3036 πρὸς
1352 2968 1441 3020 τὸν
1459 2971 1656 3039 χρυσὸν
1675 2971 1760 3023 τὸν
1778 2973 1869 3025 ἐπὶ
1897 2975 1995 3042 τῆς

421 3052 598 3115 οἰκίας
629 3055 1008 3124 ἀποκείμενον,
1030 3057 1160 3110 διότι
1185 3061 1357 3109 κεῖται
1382 3059 1552 3129 ἀργὸς
1580 3061 1673 3113 καὶ
1692 3060 1990 3132 ἄπρακτος.

425 3147 686 3215 Μιμεῖται
715 3146 840 3210 τοὺς
886 3147 1164 3217 γεωργοὺς
1207 3150 1332 3212 τοὺς
1375 3150 1482 3202 ἀπὸ
1529 3151 1636 3204 τῶν
1675 3154 1864 3222 σωρῶν
1909 3155 1996 3208 ἀεὶ

427 3235 715 3306 σπέρματα
742 3236 1022 3298 αἰτοῦντας
1046 3237 1176 3307 (17).
1213 3239 1327 3291 Οὐκ
1353 3239 1532 3309 ἀνίησι
1552 3242 1642 3294 τὸν
1667 3242 1846 3295 ἄθλιον
1867 3261 1995 3314 χρυο

428 3327 541 3391 σδν,
567 3327 681 3381 ἀλλ’
706 3329 771 3380 ὲκ
801 3328 997 3397 χειρῶν
1033 3331 1110 3393 είς
1137 3333 1323 3399 χεῖρας
1361 3326 1584 3400 μετάγει
1612 3334 1742 3403 (18).
1773 3334 1996 3397 Βλέπεις

425 3419 554 3485 γοῦν
579 3419 670 3472 τὸν
704 3419 954 3472 πλούσιον
991 3421 1082 3472 καὶ
1110 3421 1446 3492 πολύχρυσον
1486 3423 1746 3485 πολλάκις
1775 3425 1908 3493 μηδὲ
1937 3425 1995 3479 ἒν

426 3513 666 3582 νόμισμα
710 3512 899 3582 ἔχοντα
928 3513 1020 3566 ἐπὶ
1052 3514 1150 3583 τῆς
1173 3515 1347 3577 οἰκίας
1377 3515 1509 3584 (19),
1543 3515 1655 3568 ἀλλ’
1687 3518 1744 3568 ἐν
1773 3518 1995 3587 χάρταις

425 3603 524 3664 τὰς
569 3603 821 3667 ἐλπίδας,
859 3607 917 3657 ἐν
953 3604 1265 3674 ὁμολογίαις
1316 3604 1413 3676 τὴν
1461 3606 1777 3667 ὑπόστασιν,
1832 3609 1995 3676 μηδὲν

427 3695 616 3763 ἔχοντα
649 3696 744 3748 καὶ
791 3697 965 3749 πάντα
1013 3696 1328 3766 κατέχοντα·
1377 3697 1512 3769 πρὸς
1549 3699 1858 3751 τούναντίον
1899 3699 1992 3752 τοῦ

429 3787 784 3840 ἀποστολικοῦ
838 3789 1161 3860 γράμματος
1207 3788 1316 3857 (‘20)
1359 3789 1697 3858 κεχρημένον
1745 3789 1822 3858 τῷ
1863 3789 1993 3859 βίτρ,

431 3878 606 3931 πάντα
636 3879 841 3933 διδόντα
885 3882 992 3941 τοῖς
1025 3881 1335 3948 αἰτήσασιν,
1383 3881 1444 3932 οὐ
1491 3881 1578 3933 διὰ
1620 3881 1996 3952 φιλάνθρωπον

430 3971 674 4041 γνώμην,
713 3970 846 4022 ἀλλὰ
872 3969 957 4022 διὶι
986 3971 1314 4040 φιλάργυρον
1345 3971 1560 4038 τρόπον.
1601 3973 1844 4042 Αίρεῖται
1887 3974 1996 4044 γὰρ

429 4064 525 4134 τὴν
559 4063 885 4132 πρόσκαιρον
915 4063 1122 4123 πενίαν,
1160 4062 1265 4124 ἵνα,
1308 4061 1382 4123 ὡς
1421 4060 1603 4124 δοῦλος
1629 4061 1939 4131 ἐπίμοχθος.
1968 4066 1996 4115 ό

431 4153 629 4222 χρυσὴς
663 4152 1068 4221 ἐργασάμενος,
1108 4151 1244 4220 μετὰ
1293 4150 1400 4202 τῶν
1450 4149 1655 4220 μισθῶν
1705 4150 1994 4220 ἐπανέλθῃ.

443 4247 624 4315 Ὁρᾷς,
652 4246 797 4306 ὅπως
826 4246 858 4313 ή
891 4244 984 4296 τοῦ
1010 4243 1291 4313 μέλλοντος
1320 4240 1471 4303 ἐλπὶς
1497 4241 1644 4292 κενοῖ
1665 4239 1764 4308 τὴν
1793 4240 1993 4304 οἰκίαν,

431 4339 526 4390 καὶ
559 4341 699 4389 ποιεῖ
743 4337 832 4389 τὸν
872 4336 1037 4387 πολὺν
1074 4334 1270 4405 χρυσὸν
1313 4333 1593 4401 ἁκτήμονα
1641 4332 1990 4402 πρόσκαιρον.

431 4428 629 4482 Τούτου
659 4429 714 4481 δὲ
736 4428 817 4491 τίς
844 4429 876 4497 ἡ
899 4427 1077 4490 uitia;
1119 4425 1180 4477 Ἦ
1205 4425 1262 4476 ὲν
1287 4421 1362 4493 τῷ
1381 4423 1553 4492 χάρτῃ
1582 4420 1785 4490 γραφὴ,
1815 4421 1848 4488 ἡ
1877 4422 2000 4489 ὁμο-

503 4608 684 4678 (9-10)
745 4607 1030 4682 Γέιιονζα.
1060 4604 1205 4682 Moti.
1241 4604 1493 4682 yévovrq._
1551 4602 1695 4682 unde
1724 4602 1814 4682 Etl.
1869 4621 1990 4670 γεν-
2025 4629 2067 4682 D

431 4674 788 4740 νιῖινταςεειι
824 4674 880 4729 et
935 4679 1016 4731 sic
1062 4675 1297 4741 regimen
1347 4674 1495 4727 verbi
1555 4674 1726 4726 deest.
1781 4674 1989 4727 Accen-

433 4759 524 4804 tns
576 4749 782 4800 ratione
822 4747 1018 4800 ductus
1053 4745 1246 4814 scripsi
1288 4745 1523 4814 γέμοντα
1573 4745 1988 4814 lacunulaniquc

434 4818 676 4888 supplcvi
728 4816 912 4888 addito
969 4813 1177 4888 πενίας,
1224 4832 1253 4866 e
1313 4812 1760 4888 prim-edentibus.
1793 4812 1989 4888 ‘l‘ossis

435 4882 688 4957 supplere
711 4885 868 4957 τόκον
902 4901 998 4938 seu
1029 4883 1224 4957 τόκων,
1257 4891 1532 4957 cx__iuente
1569 4882 1845 4957 Grctseri;
1895 4891 1989 4957 aut

436 4952 611 5028 legere
641 4956 880 5023 γελῶντα
900 4953 1120 5028 χρυσόν,
1144 4952 1262 5005 sine
1293 4953 1400 5005 ullo
1429 4953 1842 5020 supplemento;
1893 4955 1989 5005 Sed

435 5023 695 5082 accentus
737 5042 842 5078 non
873 5023 1134 5078 concinit.

506 5099 617 5168 (11)
651 5097 848 5165 ’Λργὸς
868 5094 964 5168 καὶ
1003 5095 1035 5146 ὁ
1077 5095 1179 5143 πλ.
1215 5091 1486 5168 Articulus
1527 5089 1710 5168 forsan
1763 5092 1851 5144 hic
1897 5090 1990 5144 dc—

435 5160 649 5231 li‘aidus,
691 5160 786 5222 aut
824 5166 1016 5220 saltent
1059 5171 1183 5230 post
1223 5160 1598 5222 πλεονεκτικός
1635 5170 1990 5231 transponen-

435 5241 539 5292 dus
561 5247 664 5291 est.

510 5309 620 5375 (1‘2)
653 5309 1045 5375 'Aantrpta..._
1074 5299 1358 5375 ἀνήροτα.
1406 5299 1610 5375 Alliidit
1655 5303 1721 5375 ad
1775 5299 1996 5375 _l_lomer.

442 5369 636 5447 Odyss.
699 5393 774 5434 |.\'.
825 5369 946 5447 illi),
997 5373 1086 5447 ubi
1138 5388 1190 5423 v.
1223 5369 1571 5447 Boissonadq
1603 5372 1727 5447 coll.
1760 5369 1998 5447 _l)uport.

442 5438 787 5515 (Inoinologia
846 5443 1148 5515 Honierica,
1174 5456 1244 5515 _p.
1277 5438 1376 5491 196
1414 5453 1522 5515 sip,
1571 5443 1685 5515 vel.‘
1729 5439 2004 5515 si_inavis.

440 5518 628 5571 nonda
664 5507 778 5567 nica
805 5516 868 5567 ad
907 5514 1128 5567 Lucian.
1165 5510 1237 5562 De
1291 5507 1531 5578 mercede
1555 5509 1847 5572 conductis,
1876 5525 1928 5578 p.
1955 5507 2008 5560 6.

513 5587 620 5654 (15)
661 5585 770 5636 Τὸν
799 5585 1042 5653 χάρτην.
1073 5583 1150 5635 Ita
1183 5581 1324 5654 Moti.
1355 5577 1452 5629 Ed.
1486 5577 1583 5645 τὴν
1611 5580 1837 5654 χάρτηνἶ

450 5649 624 5736 uti?)
664 5649 1376 5736 Μριιζ’μηδεδανεισμένους,
1425 5661 1529 5700 una
1562 5663 1711 5703 voce.
1766 5649 1861 5702 Ed.
1917 5664 2014 5717 μη-

443 5723 537 5777 ὶίν
565 5722 994 5793 δανειζομένους.

2094 1877 2329 1948 adauget
2373 1887 2427 1932 et
2471 1879 2692 1932 educat.
2736 1877 2863 1934 Falx
2915 1880 2991 1933 illi
3042 1889 3127 1934 est
3182 1881 3469 1948 repetitio;
3514 1896 3668 1942 arca,

2091 1971 2309 2031 domus.
2361 1971 2412 2023 in
2457 1986 2564 2040 qua
2618 1971 2941 2025 miserorum
2995 1970 3249 2027 fortunas
3310 1974 3553 2028 ventilat.
3606 1973 3670 2025 lit

2092 2073 2216 2127 quae
2260 2060 2505 2112 onmium
2555 2067 2704 2121 sunt,
2753 2062 2968 2129 propria
3022 2061 3104 2114 sui
3141 2061 3314 2130 ipsius
3362 2061 3525 2117 videt.
3563 2059 3671 2114 lm-

2099 2159 2350 2216 precatur
2425 2150 2743 2204 hominibus
2799 2151 3177 2216 calamitates,
3245 2161 3305 2205 ut
3373 2153 3546 2206 coacti
3601 2154 3668 2205 ad

2097 2240 2273 2308 ipsum
2305 2241 2658 2310 confugiant;
2695 2242 2830 2304 odit,
2866 2242 3067 2310 quibus
3101 2257 3189 2296 res
3224 2259 3335 2296 su:e
3370 2243 3668 2307 sulliciunt,

2097 2339 2151 2383 et
2180 2345 2320 2399 quos
2369 2342 2616 2384 mutuum
2663 2332 2768 2386 sub
2805 2347 2972 2386 usura
3012 2343 3194 2400 petere
3240 2347 3347 2385 non
3378 2331 3670 2400 conspicit,

2100 2421 2152 2473 in
2192 2421 2432 2475 hostium
2474 2436 2706 2475 numero
2746 2421 2930 2474 habet.
2975 2421 3195 2475 Assidet
3238 2421 3404 2474 curia:
3443 2427 3496 2474 et
3527 2417 3668 2481 foro,

2098 2521 2158 2566 ut
2199 2512 2464 2571 inveniat.
2499 2527 2661 2580 quem
2698 2526 2821 2565 sors
2853 2512 3086 2566 adversa
3133 2512 3356 2582 afﬂigit;
3386 2521 3676 2566 exactores

2095 2614 2149 2660 et
2185 2613 2568 2674 procuratores
2605 2619 2736 2658 suos
2775 2620 2993 2674 semper
3033 2605 3301 2674 sequitur,
3342 2612 3400 2658 ut
3428 2604 3674 2659 vultures

2096 2705 2278 2749 castra
2311 2706 2362 2749 et
2408 2697 2577 2748 acies.
2611 2695 2948 2749 Circumfert
2977 2704 3158 2750 autem
3206 2697 3436 2760 loculos,
3486 2705 3544 2748 ut
3576 2697 3677 2749 iui-

2097 2787 2234 2841 seris
2254 2802 2435 2840 escam
2465 2788 2737 2847 ostendat,
2771 2797 2829 2839 ut
2857 2788 2905 2840 ei
2937 2789 3007 2840 ob
3039 2789 3421 2842 necessitatem
3455 2787 3673 2841 inhian-

2097 2886 2195 2939 tes,
2228 2875 2488 2928 devorent
2525 2876 2686 2929 simul
2713 2891 2889 2927 usurae
2923 2876 3165 2928 hamum.
3206 2874 3461 2941 Quotidie
3491 2893 3676 2929 nume-

2096 2975 2182 3017 rat
2221 2967 2453 3029 lucrum,
2501 2980 2767 3032 suamque
2803 2964 3154 3032 cupiditatem
3203 2965 3424 3016 minime
3471 2965 3670 3031 explet.

2105 3053 2256 3108 Dolet
2296 3056 2367 3108 oh
2404 3063 2686 3124 argentum
2719 3052 2866 3106 domi
2906 3054 3230 3123 repositum,
3258 3057 3400 3122 quod
3435 3057 3673 3108 otiosum

2102 3157 2187 3202 est
2241 3158 2295 3202 et
2350 3147 2769 3201 infructuosum.
2827 3146 3079 3199 Imitatur
3133 3145 3394 3205 colonos.
3458 3147 3550 3216 qui
3606 3161 3671 3199 ex

2103 3253 2301 3292 acervo
2339 3238 2594 3290 frumenti
2627 3253 2843 3305 semper
2872 3252 3055 3291 semen
3099 3245 3306 3306 petunt.
3351 3236 3467 3291 Non
3512 3238 3676 3292 relin-

2103 3331 2224 3398 quit
2251 3328 2619 3383 n'iiserandum
2647 3343 2841 3381 aurum
2885 3330 3174 3388 intactum.
3206 3329 3298 3382 sed
3333 3344 3396 3381 ex
3423 3345 3584 3383 manu
3620 3329 3674 3382 in

2107 3434 2324 3472 manum
2359 3419 2635 3472 transfert.
2676 3418 2894 3487 Aspicis
2923 3420 3086 3486 igitur
3128 3421 3326 3488 opibus
3358 3419 3676 3486 divitiisque

2104 3510 2474 3563 abundantem
2532 3525 2674 3576 Satpc
2738 3509 2887 3562 domi
2937 3525 3050 3563 sua:
3116 3526 3184 3564 ne
3235 3526 3400 3562 unum
3454 3510 3675 3580 quidem

2104 3614 2384 3652 nummum
2435 3598 2658 3659 habere,
2708 3597 2802 3653 sed
2838 3614 3030 3652 omnes
3065 3613 3188 3667 spes
3226 3597 3344 3667 ejus
3393 3599 3444 3651 in
3485 3599 3692 3652 chaita-

2106 3693 2264 3753 sitas,
2303 3704 2602 3757 omnesque
2647 3689 2894 3742 fortunas
2945 3689 3000 3742 in
3037 3689 3210 3758 pactis
3264 3698 3318 3743 et
3367 3690 3675 3746 conventis.

2103 3783 2195 3851 qui
2229 3779 2362 3832 nihil
2395 3779 2579 3845 habet,
2608 3787 2662 3833 et
2686 3780 2866 3833 omnia
2890 3781 3130 3850 possidet
3163 3799 3176 3835 :
3209 3779 3490 3834 contrario
3514 3779 3677 3832 modo

2105 3870 2418 3938 apostolicis
2474 3870 2696 3922 monitis
2742 3873 2906 3924 vitam
2958 3871 3285 3933 instituens,
3345 3871 3436 3936 qui
3491 3869 3674 3924 omnia

2106 3961 2331 4028 largitur
2366 3959 2689 4026 petentibus.
2721 3975 2828 4012 non
2860 3960 3236 4026 humanitatis,
3266 3960 3361 4012 sed
3397 3960 3671 4028 Cupidita-

2107 4051 2177 4104 tis
2223 4052 2417 4119 gratia.
2467 4048 2629 4119 Eligit
2673 4051 2817 4103 enim
2879 4051 3188 4119 pauperiem
3238 4051 3304 4103 ad
3350 4050 3679 4103 nonnullum

2105 4154 2341 4213 tempus,
2384 4154 2441 4195 ut
2476 4143 2708 4212 pecunia
2743 4145 2917 4198 instar
2950 4146 3206 4198 laboriosi
3245 4146 3389 4198 servi
3416 4159 3682 4212 operans,

2103 4250 2226 4288 cum
2266 4235 2515 4289 mercede
2543 4237 2609 4288 ad
2642 4236 2819 4305 ipsum
2860 4247 3184 4290 revertatur.
3225 4236 3408 4301 Vides,
3454 4247 3510 4290 ut
3545 4251 3670 4304 spes

2107 4327 2272 4380 futuri
2326 4327 2458 4380 lucri
2505 4328 2780 4382 exinaniat
2811 4328 3055 4392 domum,
3087 4329 3392 4397 elliciatque
3423 4338 3480 4380 ut
3519 4328 3676 4395 inops

2105 4419 2196 4483 sit,
2222 4421 2309 4473 cui
2340 4419 2580 4488 alioquin
2613 4421 2841 4473 multum
2885 4422 3003 4473 auri
3046 4424 3308 4490 suppetit.
3337 4421 3513 4490 Hujus
3545 4437 3674 4475 vero

2168 4604 2278 4674 (l5)
2309 4604 2422 4670 Τῆς
2438 4604 2638 4672 θήρας.
2659 4606 2737 4658 lia
2769 4603 3008 4657 Grctscri
3035 4603 3346 4671 Appendix.
3381 4599 3479 4654 Ed.
3521 4601 3660 4655 1ιὶὄὸ

2096 4677 2194 4737 τὰς
2218 4675 2410 4745 θήρας,
2444 4676 2586 4743 quod
2618 4686 2668 4727 et
2697 4675 2841 4727 Mon.
2880 4676 3079 4745 habere
3106 4676 3341 4726 videtur.

2169 4739 2302 4812 (16)"
2332 4739 2788 4812 Σινγᾶιιιταπίωσι
2853 4744 2957 4795 τοῦ
3003 4744 3204 4796 τόπου.
3259 4746 3349 4795 δια
3389 4741 3487 4794 Ed.
3524 4739 3668 4794 ilico.

2099 4813 2543 4882 συγκαταπίωσιν
2568 4814 2676 4864 τῶν
2709 4815 2881 4865 τόκων
2913 4813 2964 4879 (ο
3001 4828 3146 4867 corr.
3177 4812 3254 4882 τῷ
3295 4812 3440 4882 τόκῳ
3465 4852 3478 4874 ,
3522 4822 3673 4864 titio-

2098 4901 2204 4954 qne
2229 4883 2500 4954 vili-leto).
2533 4883 2652 4954 Mox
2695 4883 2837 4935 Mon.
2865 4882 3206 4954 καθημέραν.

2171 4953 2279 5017 (17)
2334 4950 2801 5019 Ἁελσπέρματα
2851 4951 3186 5015 αἰτοῦντας.
3267 4950 3415 5003 Loco
3476 4951 3672 5002 horum

2097 5025 2412 5084 verborum,
2444 5039 2564 5090 qua:
2593 5025 2790 5074 desunt
2846 5021 2898 5071 in
2937 5020 3103 5082 Mon.,
3152 5021 3431 5072 recentior
3480 5035 3681 5073 manus

2101 5094 2422 5147 asteriseuni
2447 5093 2625 5160 posuit
2656 5092 2873 5144 ibidem.

2177 5164 2284 5229 (18)
2321 5157 2590 5228 Μετὶίγει.
2619 5160 2761 5213 Mon.
2816 5176 3074 5228 μετετειμ
3105 5158 3295 5229 (εἰεί).
3339 5157 3391 5210 iu
3441 5172 3610 5226 marg.
3639 5173 3668 5210 τι

2044 5254 2046 5256 ·
2107 5248 2294 5287 manu.
2331 5239 2387 5282 ut
2414 5231 2645 5290 videtur,
2675 5229 3044 5290 Gretseriana,
3085 5228 3328 5297 μετάγει.

2181 5301 2290 5366 (l9)
2322 5300 2488 5352 Verba
2521 5299 2776 5360 πολλάκις
2808 5297 2939 5366 μηδὲ
2967 5299 3023 5350 ἓν
3059 5296 3182 5365 (Sic;
3217 5297 3458 5366 νόμισμα
3480 5296 3669 5366 ἔχοντα

2109 5371 2199 5424 ἐπὶ
2229 5371 2325 5439 τῆς
2352 5370 2556 5431 οἰκείας
2585 5369 2731 5437 (sic).
2767 5376 2953 5435 utpote
2976 5371 3200 5431 omissa,
3235 5367 3338 5418 alia
3373 5384 3567 5422 manus
3612 5369 3668 5422 in

2113 5457 2283 5505 marg.
2320 5439 2462 5492 Mon.
2498 5440 2782 5506 supplevit.

2187 5512 2295 5578 (“20)
2333 5509 2441 5562 Τοῦ
2479 5510 2882 5563 ἁποστολικοῦ
2925 5507 3277 5575 γράμματος.
3319 5509 3436 5574 Quo
3471 5508 3676 5560 allinlat

2120 5581 2206 5632 hic
2235 5589 2442 5639 noster,
2481 5582 2647 5632 latere
2682 5593 2768 5630 me
2805 5580 2996 5632 fateor.
3032 5579 3256 5640 Credas,
3306 5579 3372 5632 ad
3403 5578 3457 5630 S.
3483 5579 3672 5631 Matth.

2127 5665 2178 5710 v,
2206 5649 2276 5702 4‘2
2314 5672 2322 5703 :
2354 5649 2429 5716 τῷ
2459 5646 2696 5700 αἰτοῦντί
2734 5665 2812 5706 σε,
2855 5648 3016 5700 δίδου.
3042 5649 3104 5699 At
3137 5665 3243 5700 non
3287 5659 3368 5701 est
3415 5648 3673 5716 apostoli-

2130 5735 2274 5783 cum,
2312 5721 2404 5774 sed
2438 5719 2609 5788 ipsius
2643 5716 2944 5774 Salvatoris
2979 5719 3077 5771 hoc
3109 5729 3459 5787 pia-ceptum.
