4124 6352
397 300 500 354 443

1649 307 1785 364 (ΖοΝ
1803 311 1924 364 [ΠΛ
1970 307 2392 369 USURANOS.

3566 307 3666 362 Ii-Ht

401 414 477 484 μὴ
510 413 698 485 μαθὼν
735 408 1062 480 coactam;
1093 417 1164 470 Ἦ
1197 421 1296 471 οὐκ
1324 417 1494 484 οἶδας,
1529 421 1610 473 ὃτι
1645 425 1678 493 ὴ
1709 426 1980 494 προσευχὴ

2094 425 2198 478 Deo
2237 426 2564 494 postulahis,
2605 440 2638 478 ο
2678 426 2994 481 fenerator?
3019 425 3136 491 Qua
3182 420 3526 478 conscientia
3559 421 3667 473 voti

400 523 494 558 σου
545 507 851 578 ὑπόμνησις
893 509 1309 580 μισανθρωπίας
1343 511 1520 577 ἐστίν;
1571 514 1634 565 Τί
1671 508 1978 586 συνεχώρη-

399 612 519 658 σας,
554 597 644 649 καὶ
680 596 1008 668 συγγνώμην
1050 601 1257 664 αίτείς;
1291 601 1425 653 Τίνα
1457 603 1717 674 ἡλέησας,
1753 608 1846 658 καὶ
1885 623 1983 658 κα-

400 690 511 752 λεῖς
547 689 638 742 τὸν
686 691 984 761 ἐλεήμονα;
1034 695 1131 746 Ἂν
1180 694 1237 746 δὲ
1287 697 1383 748 καὶ
1434 697 1540 766 δῷς
1589 699 1977 770 ἐλεημοσύνην,

407 781 793 852 μισανθρώπου
826 783 1166 856 φορολογίας,
1205 788 1307 840 οὐκ
1345 789 1452 841 ἀπὸ
1492 793 1788 864 συμφορῶν
1827 795 1982 847 ἁλλο-

401 872 568 942 τρίων
622 871 872 944 δακρύων
911 875 1148 944 γέμοντα
1194 878 1308 946 (57)
1357 880 1452 932 καὶ
1503 881 1855 952 στεναγμῶν;
1921 886 1982 939 El

405 960 694 1032 ἐγνώριζεν
733 967 760 1016 ὁ
793 965 962 1034 πένης
1012 967 1174 1020 πόθεν
1206 967 1419 1038 ὀρέγεις
1451 969 1548 1041 τὴν
1585 972 1980 1046 ἐλεημοσύνην,

404 1056 503 1107 οὐκ
536 1055 604 1108 ἂν
634 1056 871 1122 ἐδέξατο,
901 1057 975 1120 ὡς
1008 1058 1310 1126 ἀδελφικῶν
1338 1063 1555 1132 σαρκῶν
1576 1063 1830 1132 γεύεσθαι
1854 1069 1983 1137 μέλ-

405 1146 533 1211 λων,
562 1147 658 1200 καὶ
705 1147 936 1218 αἵματος
961 1150 1069 1204 τῶν
1098 1150 1344 1204 οἰκείων·
1386 1148 1505 1206 εἷπε
1555 1154 1601 1207 δ’
1645 1155 1711 1209 ἂν
1756 1157 1893 1228 πρὸς
1923 1160 1982 1212 σὲ

405 1237 563 1306 λόγον
594 1239 832 1309 γέμοντα
861 1239 1134 1312 σώφρονος
1169 1243 1499 1315 παρρησίαςο
1535 1247 1622 1316 Μή
1656 1264 1722 1316 με
1753 1247 1980 1322 θρέψῃς,

405 1329 690 1400 ἄνθρωπε,
737 1331 844 1385 ἀπὸ
886 1332 1137 1404 δακρύων
1167 1335 1489 1405 ἀδελφικῶν.
1539 1338 1629 1409 Μὴ
1659 1339 1766 1409 δῷς
1818 1342 1983 1410 ἄρτον

407 1419 597 1492 πένητι
634 1421 923 1492 γενόμενον
964 1424 1071 1477 ἀπὸ
1101 1426 1418 1496 στεναγμῶν
1457 1427 1566 1480 τῶν
1616 1432 1979 1500 συμπτὼχων.

419 1511 707 1565 Ἀνάλυσον
736 1514 872 1584 πρὸς
909 1514 1000 1568 τὸν
1038 1515 1305 1586 ὁμόφυλον
1338 1517 1366 1570 ὃ
1395 1519 1577 1581 κακῶς
1616 1519 1726 1590 (38)
1770 1522 1983 1593 ἀπῄτη-

409 1619 529 1668 σας,
560 1603 714 1672 κάγὼ
750 1603 1068 1676 ὁμολογήσω
1100 1606 1194 1677 τὴν
1229 1607 1407 1679 χάριν.
1451 1609 1516 1661 Τί
1561 1609 1823 1678 ὠφελεῖς,
1857 1613 1985 1664 πολ-

407 1693 536 1758 λοὺς
572 1697 822 1766 πτωχοὺς
857 1698 1044 1759 ποιῶν,
1082 1699 1176 1752 καὶ
1205 1699 1300 1752 ἕνα
1349 1701 1872 1770 παραμυθούμενος;
1923 1704 1986 1754 Εἰ

2085 518 2160 570 tui
2197 533 2225 568 a
2263 517 2374 570 Deo
2406 516 2680 586 particeps
2713 518 2830 572 ﬁeri
2867 520 3045 588 cupis,
3081 517 3174 587 qui
3217 515 3401 569 oumia
3437 512 3667 580 accipis.

2081 616 2137 663 et
2183 609 2318 661 nihil
2347 607 2480 661 dare
2528 610 2716 664 nosti?
2767 609 2852 663 An
2908 610 3091 664 neseis
3138 622 3329 677 preces
3368 614 3494 658 tuas
3528 602 3667 655 nihil

2082 713 2205 753 esse
2238 698 2386 752 aliud
2414 714 2578 768 quam
2633 700 3055 754 inhmnanitatis
3085 709 3191 753 tua:
3243 692 3668 766 repetitionem?

2082 789 2222 856 Quid
2287 790 2569 854 remisisti,
2629 792 2774 860 quod
2825 793 3204 846 remissionem
3265 789 3444 858 petis?
3489 785 3666 852 Cujus

2083 883 2343 937 misertus
2371 898 2454 948 es,
2487 883 2634 951 quod
2680 883 3121 938 misericordiam
3179 879 3474 950 imploras?
3523 877 3588 930 Et
3620 875 3668 930 si

2083 976 2182 1032 des
2221 978 2652 1050 eleemosynam,
2707 976 3128 1030 inhumanitatis
3163 983 3271 1028 tua:
3319 971 3662 1030 exat-tiones,

2083 1081 2150 1118 au
2189 1083 2294 1120 non
2323 1068 2478 1136 plena
2511 1075 2594 1122 est
2622 1066 2925 1120 alienarum
2960 1065 3362 1126 calamitatum,
3399 1061 3668 1129 lacryma-

2084 1170 2201 1208 rum
2234 1165 2288 1208 et
2332 1158 2667 1226 getnituum?
2696 1155 2855 1221 Quod
2885 1155 2930 1208 si
2974 1153 3135 1224 inops
3164 1154 3354 1214 sciret,
3392 1151 3667 1204 undenam

2083 1245 2336 1316 largiar-is
2391 1246 2832 1318 eleemosynam,
2886 1246 3074 1312 utique
3143 1259 3250 1297 non
3317 1251 3660 1310 acceptaret.

2085 1335 2361 1403 refugiens
2419 1334 2674 1388 videlicet
2723 1342 2948 1404 gustare
3011 1333 3284 1387 fraternas
3342 1345 3560 1392 carnes,
3613 1336 3669 1381 et

2084 1426 2402 1494 sanguinem
2455 1442 2681 1480 suorqu
2730 1425 3128 1484 familiarium,
3188 1431 3350 1492 teque
3410 1435 3670 1476 sermone

2085 1516 2362 1569 moderata
2393 1517 2625 1585 quadam
2653 1517 2901 1570 libertate
2926 1516 3088 1585 pleno
3117 1515 3503 1569 cohortaretur
3541 1531 3556 1562 :
3593 1511 3671 1564 Ne

2087 1624 2193 1673 me,
2228 1622 2261 1658 ο
2307 1609 2491 1671 homo,
2528 1609 2645 1663 alas
2678 1607 2939 1662 fraternis
2994 1606 3271 1676 lacrymis.
3318 1602 3398 1658 Ne
3448 1602 3673 1657 dederis

2086 1716 2278 1769 panem
2341 1701 2561 1769 pauperi
2625 1700 2932 1754 confectum
2993 1714 3060 1754 ex
3109 1699 3314 1769 gemitu
3365 1710 3669 1766 egenorum

413 1785 487 1857 μὴ
519 1786 721 1857 πλῆθος
759 1783 826 1858 ἦν
867 1789 1153 1851 τοκιστῶν,
1189 1791 1290 1843 οὐκ
1331 1791 1396 1844 ἂν
1427 1788 1495 1862 ἦν
1541 1792 1602 1844 τὸ
1637 1792 1841 1862 πλῆθος
1876 1794 1985 1845 τῶν

2094 1804 2330 1840 meorum
2365 1789 2658 1842 sodalium.
2696 1787 2884 1842 Redde
2925 1787 3080 1841 fratri
3124 1795 3220 1840 tuo
3253 1802 3281 1838 a
3307 1800 3417 1854 quo
3465 1785 3673 1851 iniuste

410 1877 741 1948 πενομένων.
772 1878 946 1932 Λῦσόν
979 1897 1071 1933 σου
1104 1880 1201 1952 τὴν
1236 1880 1469 1954 φατρίαν
1502 1884 1636 1952 (59),
1665 1884 1756 1936 καὶ
1789 1884 1987 1945 πάντες

409 1969 606 2037 ἕξομεν
643 1969 741 2041 τὴν
790 1971 1144 2042 αὐτάρκειαν.
1189 1972 1394 2035 Πάντες
1431 1973 1537 2025 τῶν
1567 1974 1830 2027 τοκιστῶν
1862 1993 1988 2027 κατ-

413 2061 693 2132 ηγοροῦσι,
733 2064 826 2116 καὶ
853 2065 953 2117 οὐκ
994 2063 1110 2117 ἔστι
1149 2062 1243 2116 τοῦ
1292 2065 1463 2117 κακοῦ
1500 2064 1761 2136 Θεραπεία
1795 2067 1988 2137 νόμος,

412 2155 708 2224 προφῆται,
736 2154 1136 2224 εὐαγγελισταί.
1168 2152 1268 2208 Οἷα
1293 2156 1420 2225 γοῦν
1443 2160 1470 2209 ὁ
1490 2157 1772 2221 Θεσπέσιος
1809 2159 1988 2229 Ἀμὼς

410 2245 578 2313 λέγει·
632 2248 956 2302 Ἀκούσατε
987 2249 1118 2316 (40),
1141 2250 1194 2301 οἱ
1219 2247 1590 2315 ἐκτρίϐοντες
1618 2251 1705 2312 εἰς
1751 2250 1814 2301 τὸ
1842 2251 1992 2318 πρωῒ

412 2336 660 2406 πένητα,
682 2338 779 2391 καὶ
809 2338 1434 2404 καταδυγιιστεύοντες
1457 2339 1729 2408 πτωχοὺς
1752 2340 1848 2392 ἐπὶ
1879 2339 1986 2407 τῆς

412 2427 544 2498 τῆς·
585 2432 640 2482 οἱ
666 2429 978 2498 λέγοντες,
1019 2431 1168 2483 Πότε
1213 2429 1584 2483 διελεύσεται
1633 2433 1664 2482 ό
1697 2429 1846 2498 μὴν,
1892 2431 1990 2482 καὶ

413 2518 843 2589 ἐμπολήσομρν
866 2535 885 2584 ;
927 2520 1063 2574 Οὐδὲ
1112 2520 1220 2591 γὰρ
1252 2521 1483 2590 πατέρες
1529 2520 1669 2572 οὕτω
1713 2521 1988 2590 χαίρουσιν

415 2613 506 2664 ἐπὶ
537 2614 602 2682 τῇ
650 2612 900 2680 γεννήσει
941 2611 1050 2663 τῶν
1101 2612 1326 2678 παίδων,
1357 2613 1433 2674 ὼς
1473 2615 1521 2666 οἱ
1550 2614 1854 2676 τοκίζοντες
1900 2613 1990 2664 εὑ-

417 2702 734 2773 φραίνονται
755 2701 862 2756 τῶν
893 2703 1080 2774 μηνῶν
1113 2703 1219 2774 πλη
1230 2705 1523 2776 ρουμένων.

490 2963 728 3019 Καλοῦσι
751 2963 809 3018 δὲ
847 2963 946 3035 τὴν
973 2964 1246 3037 ἁμαρτίαν
1279 2970 1494 3036 σεμνοῖς
1527 2966 1772 3038 ὀνόμασι·
1809 2969 1995 3038 φιλάν-

418 3058 632 3126 θρωπον
666 3058 728 3110 τὸ
759 3058 953 3127 λῆμμα
998 3057 1498 3128 προσαγορεύοντες
1521 3099 1535 3124 ,
1578 3059 1722 3113 κατὰ
1765 3061 1993 3131 μίμησιν

428 3149 716 3220 Ἑλλήνων,
749 3147 797 3200 οἶ
829 3146 940 3217 (LI)
969 3147 1227 3216 δαίμονάς
1264 3165 1416 3212 τινας
1444 3129 1861 3220 μισανθρώπους
1895 3129 1995 3204 καὶ
2021 3129 2063 3186 C

419 3241 686 3310 φονώσας,
724 3240 845 3293 ἀντὶ
869 3242 966 3310 τῆς
989 3238 1220 3309 ἀληθοῦς
1250 3239 1511 3311 κλήσεως,
1552 3241 1852 3311 Εὐμενίδας
1882 3242 1994 3313 (42)

419 3335 934 3408 προσαγορεύουσιν.
967 3333 1350 3404 Φιλάνθρωπός
1381 3351 1442 3401 γε
1469 3351 1482 3399 ;
1515 3335 1589 3386 Ού
1627 3335 1734 3404 γὰρ
1763 3337 1795 3404 ἡ
1837 3335 1996 3388 τόκου

420 3426 652 3496 εἰσφορὰ
676 3427 857 3488 οἴκους
874 3425 1220 3494 ἐκτρίϐουσαι,
1247 3423 1506 3486 πλούτους
1528 3425 1824 3478 δαπανῶσα
1847 3426 1958 3495 (43)
1979 3465 1994 3488 ,

420 3521 546 3584 τοὺς
565 3515 624 3573 εὖ
649 3519 941 3588 γεγονότας
969 3521 1150 3588 χεῖρον
1171 3517 1267 3589 ζῇν
1293 3517 1402 3570 τῶν
1427 3517 1629 3570 δούλων
1653 3518 1999 3588 παρασκευά-

420 3614 588 3675 ζουσα
608 3650 622 3674 ,
659 3610 795 3680 πρὸς
826 3610 1002 3678 ὀλίγον
1030 3610 1304 3680 τέρπουσα
1339 3611 1396 3661 ἐν
1424 3609 1619 3680 ἀρχαῖς
1639 3650 1652 3673 ,
1683 3611 1778 3662 καὶ
1804 3611 1999 3681 πικρὸν

421 3704 509 3756 τὸν
553 3703 610 3766 ἐς
642 3701 868 3772 ὕστερον
903 3701 1015 3770 βίον
1059 3699 1587 3770 παρασκευάζουσας
1651 3701 1738 3764 Ὡς
1778 3701 1885 3771 γὰρ
1930 3702 1999 3755 τὰ

422 3793 600 3864 πτηνὰ
623 3793 692 3846 τὰ
719 3778 829 3862 (Μ)
862 3791 1008 3862 παρὰ
1043 3790 1149 3843 τῶν
1183 3789 1507 3860 ὀρνιθευτῶν
1537 3791 1998 3861 ἐπιϐουλευόμενα

419 3887 626 3956 ἥδεται,
647 3883 976 3953 ῥαινομένων
998 3881 1106 3934 τῶν
1131 3882 1460 3952 σπερμάτων
1490 3883 1692 3944 αὐτοῖς,
1721 3883 1813 3934 καὶ
1839 3883 1998 3952 φίλην

421 3980 652 4032 ποιεῖται
686 3976 780 4030 καὶ
813 3973 1016 4045 συνήθη
1063 3973 1336 4044 διαγωγὴν
1383 3973 1484 4044 τὴν
1525 3975 1584 4024 ἐν
1629 3973 1856 4037 ἐκείνοις
1887 3977 1999 4036 τοῖς

421 4071 625 4133 τύποις,
657 4071 712 4121 ἐν
750 4061 829 4127 οἷς
866 4065 1090 4134 δαψιλὴς
1127 4066 1310 4128 αὐτοῖς
1344 4066 1377 4134 ἡ
1417 4064 1591 4135 τροφὴ
1623 4064 1868 4132 γίνεται,
1909 4083 1998 4135 μι-

423 4163 552 4231 κρὸν
584 4161 642 4214 δὲ
681 4159 902 4230 ὕστερον
935 4155 1257 4227 ἐνσχεθέντα
1307 4157 1417 4218 τοῖς
1455 4155 1747 4225 θηράτροις
1795 4155 2001 4208 διόλλυ‹

421 4271 543 4306 ται·
576 4251 746 4315 οὕτως
807 4252 854 4304 οἱ
888 4251 956 4304 τὰ
993 4249 1187 4302 ἕντοκα
1227 4247 1333 4300 τῶν
1367 4247 1740 4316 δανεισμάτων
1784 4248 1999 4318 λαμϐά-

422 4363 625 4408 νοντες,
658 4345 836 4413 ὀλίγον
869 4343 1272 4413 εὐπορήσαντες
1313 4340 1523 4410 χρόνον,
1559 4338 1786 4408 ὕστερον
1829 4340 1998 4408 αὐτῆς

422 4438 520 4507 τῆς
546 4436 820 4507 πατρικῆς
849 4436 1029 4496 ἑστίας
1064 4432 1437 4486 ἐκπίπτουσιν.
1475 4430 1661 4493 Ἔλεος
1690 4430 1748 4482 δὲ
1777 4429 1998 4494 ὲξοικεῖι

423 4545 514 4582 ται
543 4527 648 4580 τῶν
675 4524 884 4596 μιαρῶν
911 4524 1002 4579 καὶ
1023 4524 1372 4594 φιλαργύρων
1394 4521 1581 4592 ψυχῶν
1602 4521 1734 4590 (45),
1763 4521 1858 4573 καί
1882 4519 2000 4590 βλέ-

426 4634 617 4680 ποντες
652 4618 818 4685 αὐτὴν
849 4616 946 4686 τὴν
979 4615 1151 4668 οἰκίαν
1197 4613 1292 4666 τοῦ
1324 4613 1630 4682 ὀφείλοντος
1675 4610 1831 4664 ὢνιον
1868 4628 2001 4681 προ-

429 4708 706 4779 κειμένην,
733 4709 834 4761 οὑκ
857 4707 1203 4772 ἐπικλῶνται,
1231 4705 1366 4758 ἀλλὰ
1387 4706 1482 4758 κα)¹
1512 4702 1711 4774 μᾶλλον
1738 4701 1837 4772 τὴν
1859 4702 1998 4773 πρᾶ-

497 4847 518 4879 ⁹
552 4845 720 4900 Amos
753 4860 870 4909 vm,
896 4842 948 4907 ι,
984 4842 1036 4897 5.

504 4985 616 5054 (3'7)
653 4982 940 5054 Γέμςνντα.
982 4979 1056 5033 De
1107 4979 1209 5032 hoc
1252 4976 1538 5048 participio
1597 4977 1740 5048 plur.
1797 4985 1978 5030 neutr.

430 5075 484 5112 ν.
516 5050 808 5121 Matthize§
840 5050 966 5121 ὀμ.

504 5126 613 5196 (53)
659 5126 728 5176 Ὃ
763 5116 957 5185 αἱακῶς
980 5118 1320 5186 ἀ.τῄτησας.
1356 5116 1500 5171 Men.
1533 5117 1561 5167 ὀ
1593 5117 1778 5178 κακῶς
1813 5118 2001 5170 ἀποτί-

434 5215 554 5250 σας.

504 5265 616 5332 (ὃν)
652 5262 930 5332 Φιηζρίαν.
985 5258 1081 5311 Ed.
1121 5258 1384 5332 φατρίαν,
1404 5257 1667 5332 scribitur
1687 5266 1865 5332 autem
1901 5274 2004 5326 φα-

430 5326 577 5406 τρία,
604 5326 1163 5406 ’παροξυτόνωςειθεεο
1190 5328 1453 5406 Arcadio,
1481 5343 1531 5393 ρ.
1569 5327 1692 5388 100,
1719 5327 1771 5379 6.
1800 5326 2004 5406 Ευτηιο

433 5397 660 5472 antiqua
690 5397 776 5473 est
812 5401 1072 5473 φρατρία.
1101 5397 1363 5473 Φατρίαν,
1405 5398 1494 5473 hic
1527 5411 1662 5473 cum
1685 5404 2002 5473 contemptu

435 5465 663 5533 dictum,
701 5465 869 5526 docte
924 5465 1166 5525 illustrat
1210 5465 1386 5538 (Ioray
1430 5467 1497 5520 ad
1551 5465 1826 5520 lleliodor.
1865 5477 1902 5521 t.
1938 5465 2002 5532 ll,

480 5593 492 5604 .
525 5543 652 5597 524.

480 5593 492 5604 ,
526 5561 652 5597 ou.

438 5561 472 5616 Ρ
509 5613 991 5682 (40)'A7£01'.'("at§_
1038 5609 1276 5682 Verbum
1312 5608 1601 5682 ἀκούσατε,
1638 5608 1898 5660 omissum
1948 5607 2000 5659 in

440 5678 564 5739 Ed...
603 5678 912 5748 Stlpptttlital
943 5679 1085 5733 Mon.
1119 5680 1292 5733 Vertit
1325 5690 1502 5732 tamen
1543 5678 1832 5732 Gretscrus

517 5751 629 5823 (41)
665 5751 748 5803 Οἵ.
786 5754 862 5805 lta
898 5762 1040 5805 recte
1061 5749 1202 5805 Μυιι.
1238 5749 1331 5802 Ed.
1359 5751 1426 5802 οἱ.

2087 1879 2434 1947 Subripuisti,
2475 1887 2530 1932 et
2570 1887 2749 1949 grates
2779 1894 2960 1947 agam.
2996 1877 3138 1943 Quid
3187 1876 3437 1930 utilitatis
3480 1874 3669 1935 affers,

2089 1969 2218 2021 dum
2256 1971 2458 2024 multos
2485 1969 2655 2024 efﬁcis
2694 1971 2906 2039 inopes,
2941 1977 2995 2023 et
3033 1983 3201 2022 unum
3240 1966 3577 2022 consolaris?
3614 1964 3671 2018 Si

2089 2075 2198 2113 non
2243 2068 2390 2115 esset
2428 2070 2576 2114 tanta
2619 2061 2912 2114 multitudo
2945 2060 3347 2119 usurariorum,
3383 2072 3493 2110 non
3525 2065 3673 2110 esset

2089 2159 2238 2203 tanta
2283 2151 2438 2220 copia
2467 2166 2790 2220 pauperum.
2831 2149 3079 2205 Dissolve
3118 2149 3318 2202 tribum
3363 2154 3417 2201 et
3468 2144 3672 2199 sodali-

2089 2244 2221 2297 tium
2256 2253 2430 2304 tuum,
2471 2244 2838 2312 omnibusque
2875 2249 3166 2312 suppetent
3203 2257 3288 2294 res
3317 2252 3673 2293 necessaria.

2091 2332 2293 2388 Onmes
2334 2343 2598 2388 accusant
2644 2333 3011 2398 feneratores,
3060 2347 3161 2388 nec
3199 2330 3343 2385 malo
3387 2329 3513 2382 huic
3561 2344 3667 2381 me-

2091 2424 2206 2477 deri
2252 2433 2504 2493 queunt:
2537 2425 2644 2490 lex,
2698 2426 3016 2494 prephetaa,
3063 2423 3431 2493 evangelista}.
3475 2420 3671 2486 Qualia

2091 2515 2312 2570 divinus
2352 2518 2516 2569 Amos
2551 2516 2762 2569 intonat
2794 2535 2805 2568 :
2835 2516 3050 2577 Audite,
3079 2516 3170 2585 qui
3205 2513 3479 2568 conteritis
3523 2526 3677 2562 mane

2091 2622 2369 2674 pauperem
2431 2617 2481 2662 et
2543 2608 2838 2676 opprimitis
2893 2623 3078 2676 egenos
3137 2617 3328 2670 terrm,
3387 2605 3674 2656 dicentes:

2095 2698 2321 2763 Quando
2352 2699 2602 2752 Imma-ibit
2638 2700 2851 2759 mensis,
2882 2709 2930 2751 et
2960 2697 3377 2752 venundabimus
3403 2709 3597 2747 merces
3619 2691 3678 2742 9?

2097 2787 2280 2858 Neque
2320 2790 2464 2843 enim
2500 2800 2683 2859 patres
2724 2798 3008 2858 tantopere
3037 2791 3292 2843 hetantur
3324 2786 3678 2859 generatione

2095 2881 2355 2940 filiorum,
2394 2889 2659 2949 quantum
2699 2880 3037 2934 feneratores
3079 2880 3184 2934 fine
3216 2881 3510 2934 mensium.

2167 2971 2308 3036 Quin
2345 2979 2398 3024 et
2441 2972 2622 3026 scelus
2669 2987 2828 3027 suum
2883 2972 3124 3040 pulchris
3179 2973 3434 3026 ubvelant
3493 2976 3676 3028 nolui-

2097 3063 2630 3129 nihus,lmmaumn
2691 3078 2917 3118 censum
2975 3079 3070 3118 seu
3136 3071 3406 3133 qumstum
3451 3065 3681 3134 appelli-

2099 3163 2278 3209 tantes
2355 3154 2704 3207 Ethnicorum
2772 3155 2976 3221 instar,
3045 3155 3136 3224 qui
3208 3156 3339 3209 deas
3411 3157 3678 3224 quasdam

2099 3247 2228 3301 odio
2283 3248 2335 3300 in
2384 3255 2616 3302 cunctos
2648 3247 3012 3299 inflammatas
3039 3286 3054 3308 ,
3086 3246 3478 3315 hominumque
3509 3247 3680 3299 inter-

2099 3339 2385 3399 fectrices,
2417 3353 2524 3391 nou
2556 3352 2688 3390 vero
2719 3337 2812 3392 sed
2841 3338 2957 3389 miti
2991 3337 3211 3390 nomine
3248 3343 3444 3389 vocant
3481 3335 3679 3388 Eume—

2101 3430 2278 3484 nides.
2322 3427 2472 3481 Itane
2511 3444 2639 3481 vero
2676 3427 2952 3480 humanus
3005 3427 3244 3480 census?
3293 3429 3370 3478 An
3410 3441 3514 3479 non
3548 3441 3678 3478 exa-

2099 3522 2211 3576 ctio
2236 3535 2416 3574 usurae
2441 3530 2547 3582 est,
2577 3536 2698 3588 qua:
2721 3520 2913 3573 domos
2937 3522 3152 3584 evertit,
3171 3517 3398 3572 divitias
3424 3516 3678 3584 dissipat,

2100 3613 2404 3682 ellieitque,
2445 3622 2502 3665 ut
2538 3612 2631 3680 qui
2672 3611 2905 3666 honesto
2930 3621 2981 3664 et
3022 3610 3188 3665 nobili
3223 3610 3342 3662 loco
3372 3608 3483 3662 nati
3519 3616 3679 3669 sunt,

2101 3704 2422 3758 deteriorem
2456 3704 2620 3756 vitam
2656 3704 2840 3756 vivant
2885 3719 3046 3772 quam
3078 3702 3251 3766 servi,
3296 3716 3417 3771 qua:
3462 3700 3681 3770 quidem

2103 3797 2260 3849 initio
2328 3796 2578 3848 nonnihil
2634 3795 2904 3857 delectat,
2970 3795 3308 3864 posteriores
3377 3810 3504 3848 vero
3562 3792 3684 3846 vita:

2103 3898 2288 3958 partes
2349 3889 2548 3943 acerbo
2617 3887 2804 3942 dolore
2865 3886 3141 3956 complet?
3209 3884 3682 3951 Quemadmodum

2099 3983 2245 4036 enim
2288 3997 2454 4045 aves,
2486 3980 2687 4050 quibus
2723 3995 2962 4048 aucupes
3010 3979 3238 4032 insidias
3268 3977 3534 4040 tendunt,
3589 3978 3684 4030 de-

2101 4075 2371 4128 lectantur
2408 4073 2678 4142 principio
2717 4073 2936 4141 quidem
2981 4086 3174 4140 sparsa
3208 4071 3316 4124 illis
3349 4085 3473 4125 esca
3508 4111 3524 4136 ,
3558 4070 3684 4122 illa-

2100 4180 2206 4234 que
2237 4165 2354 4218 loca
2378 4165 2751 4232 frequentant,
2781 4164 2832 4216 in
2853 4165 3050 4232 quilms
3079 4163 3300 4216 uberem
3331 4163 3681 4231 etcopiusum

2101 4257 2287 4309 cihum
2315 4257 2636 4324 reperiunt,
2674 4254 2838 4324 paulo
2876 4261 2999 4322 post
3046 4264 3226 4305 autetn
3265 4253 3473 4306 retibus
3511 4260 3686 4319 captaa

2099 4347 2374 4399 intereunt
2402 4365 2415 4400 :
2447 4347 2526 4401 sic
2556 4355 2610 4399 et
2633 4345 2724 4415 qui
2752 4345 3027 4398 fenebrem
3059 4344 3344 4412 pecuniam
3376 4343 3684 4412 accipiunt.

2101 4436 2350 4505 perbrevi
2394 4436 2655 4504 temporis
2680 4434 2862 4502 ,spatio
2893 4433 3194 4496 abundant,
3224 4441 3410 4502 postea
3445 4447 3572 4485 vero
3601 4446 3685 4498 pa-

2108 4527 2278 4580 ternis
2322 4527 2546 4581 sedilms
2595 4526 2875 4580 excidunt.
2919 4525 3193 4580 Caeterum
3239 4524 3420 4578 omnis
3473 4523 3687 4576 miseri-

2107 4619 2291 4672 cordia
2327 4619 2543 4674 exsulat
2585 4619 2652 4670 ah
2683 4619 3064 4672 usurariorum
3097 4617 3322 4688 perditis
3367 4628 3421 4673 et
3454 4616 3687 4671 scelera-

2112 4710 2184 4765 tis
2217 4711 2450 4773 animis,
2498 4726 2730 4780 cumque
2767 4710 2939 4779 ipsam
2979 4709 3246 4764 debitoris
3270 4711 3489 4765 domum
3523 4724 3686 4762 vena.

2170 4977 2282 5038 (4‘).)
2319 4974 2668 5042 Εὐμενίδας.
2714 4972 2777 5027 V.
2819 4970 2998 5027 Schol.
3046 4972 3115 5024 ad
3172 4971 3330 5038 Soph.
3374 4971 3504 5027 Αἶά.
3569 4977 3683 5032 Col.

2102 5047 2190 5098 4‘2.
2223 5054 2276 5099 et
2305 5045 2603 5114 pricsertiui
2651 5043 2716 5096 Ο.
2756 5043 2997 5114 Mueller.
3045 5042 3112 5095 ad
3163 5042 3405 5109 Aischyl.
3463 5044 3686 5103 Enmcn.

2106 5116 2209 5169 168
2247 5112 2388 5183 sqq.
2415 5132 2443 5166 c
2472 5116 2545 5166 ill.
2579 5112 2842 5183 Stephan.
2882 5113 3141 5183 Thamar.
3180 5128 3224 5164 s.
3261 5127 3312 5165 ν.

2175 5187 2287 5253 (45)
2333 5181 2658 5247 indoctam;
2696 5181 3074 5253 δαπανῶσινἈ
3105 5182 3514 5253 νει-εοντιιηιιμιο
3557 5185 3631 5238 Gr
3664 5219 3688 5230 -

2101 5250 2302 5310 tserus.
2335 5256 2426 5308 sed
2456 5255 2655 5305 omissa
2685 5253 2882 5305 suntin
2919 5252 3015 5304 Ed.
3045 5250 3323 5320 Supplevit
3354 5252 3495 5306 lllon.
3519 5286 3583 5294 —-
3607 5257 3687 5308 Iu-

2105 5325 2190 5378 [γει
2224 5327 2318 5378 Ed.
2354 5324 2570 5393 χείρων,
2594 5323 2752 5393 male.

2175 5397 2285 5461 (Η)
2322 5389 2394 5446 Τὰ
2427 5389 2646 5459 πτηνά.
2683 5391 2774 5445 Sic
2808 5391 2950 5444 Mon.
2983 5389 3081 5444 Ed.
3122 5391 3366 5444 πετεινά.
3405 5422 3474 5432 —-
3515 5393 3685 5448 Paulo

2108 5474 2252 5534 post.
2277 5464 2421 5516 Moti.
2460 5465 2600 5516 male
2625 5462 2930 5534 διαγωγῶν.

2180 5535 2292 5600 (45)
2329 5535 2600 5596 Ἔλεος...
2633 5531 2870 5599 ψυχῶν.
2902 5531 3042 5584 Mori.
3076 5530 3239 5593 ἔλεως
3270 5531 3324 5582 δὲ
3361 5531 3559 5596 ἐξοικεῖ
3589 5535 3687 5598 τὰς

2106 5606 2212 5656 τῶν
2247 5602 2456 5674 μιαρῶν
2486 5603 2580 5656 καὶ
2611 5601 2968 5674 φυλαργύρων
2999 5603 3123 5674 leg.
3163 5601 3300 5674 tam.)
3330 5601 3524 5674 ψυχάς.
3553 5604 3686 5667 Qua:

2105 5670 2264 5726 lui-lit)
2300 5670 2480 5726 forsan
2507 5679 2748 5739 przestat.
2784 5670 3028 5724 Dimlorf.
3067 5674 3119 5726 in
3176 5670 3437 5725 Thesaur.
3487 5672 3682 5742 Steph.

2105 5745 2259 5800 Didot
2316 5745 2383 5797 de
2413 5745 2512 5796 hoc
2539 5744 2658 5797 loco
2686 5742 2803 5797 silet
2844 5758 3090 5809 prorsus.
