  <div class='ocr_page' id='page_1' title='image "/cluster/home/n/w/nwhite01/storage/ocr_20150623/46/nnc1.0046978380/232.png"; bbox 0 0 4124 6352; ppageno 0'>
   <div class='ocr_carea' id='block_1_1' title="bbox 396 361 502 417">
    <p class='ocr_par' dir='ltr' id='par_1_1' title="bbox 396 361 502 417">
     <span class='ocr_line' id='line_1_1' title="bbox 396 361 502 417; baseline 0 0"><span class='ocrx_word' id='word_1_1' title='bbox 396 361 502 417; x_wconf 66' lang='lat'><strong>“9</strong></span> 
     </span>
    </p>
   </div>
   <div class='ocr_carea' id='block_1_2' title="bbox 1665 357 2393 417">
    <p class='ocr_par' dir='ltr' id='par_1_2' title="bbox 1665 357 2393 417">
     <span class='ocr_line' id='line_1_2' title="bbox 1665 357 2393 417; baseline -0.004 0"><span class='ocrx_word' id='word_1_2' title='bbox 1665 359 1940 417; x_wconf 79' lang='lat' dir='ltr'><em>CONTRA</em></span> <span class='ocrx_word' id='word_1_3' title='bbox 1979 357 2393 417; x_wconf 76' lang='lat' dir='ltr'><em>USURARIOS.</em></span> 
     </span>
    </p>
   </div>
   <div class='ocr_carea' id='block_1_3' title="bbox 3555 362 3661 416">
    <p class='ocr_par' dir='ltr' id='par_1_3' title="bbox 3555 362 3661 416">
     <span class='ocr_line' id='line_1_3' title="bbox 3555 362 3661 416; baseline 0.009 -1"><span class='ocrx_word' id='word_1_4' title='bbox 3555 362 3661 416; x_wconf 73' lang='grc'><em>450</em></span> 
     </span>
    </p>
   </div>
   <div class='ocr_carea' id='block_1_4' title="bbox 398 470 1982 543">
    <p class='ocr_par' dir='ltr' id='par_1_4' title="bbox 398 471 1981 543">
     <span class='ocr_line' id='line_1_4' title="bbox 398 471 1981 543; baseline -0.004 -11"><span class='ocrx_word' id='word_1_5' title='bbox 398 479 612 543; x_wconf 60' lang='lat' dir='ltr'><em>ratione</em></span> <span class='ocrx_word' id='word_1_6' title='bbox 654 473 731 539; x_wconf 80' lang='grc' dir='ltr'>τῷ</span> <span class='ocrx_word' id='word_1_7' title='bbox 759 471 998 540; x_wconf 58' lang='grc' dir='ltr'><em>ἀδελφῷ</em></span> <span class='ocrx_word' id='word_1_8' title='bbox 1030 488 1169 539; x_wconf 82' lang='grc' dir='ltr'>σου,</span> <span class='ocrx_word' id='word_1_9' title='bbox 1202 474 1313 527; x_wconf 81' lang='grc' dir='ltr'>οὐκ</span> <span class='ocrx_word' id='word_1_10' title='bbox 1344 473 1461 542; x_wconf 74' lang='grc' dir='ltr'><em>ἔσῃ</em></span> <span class='ocrx_word' id='word_1_11' title='bbox 1498 474 1683 527; x_wconf 70' lang='grc' dir='ltr'>αὐτὸν</span> <span class='ocrx_word' id='word_1_12' title='bbox 1715 475 1981 528; x_wconf 80' lang='grc' dir='ltr'>κατεπεί-</span> 
     </span>
    </p>
   </div>
   <div class='ocr_carea' id='block_1_5' title="bbox 2085 470 3656 543">
    <p class='ocr_par' dir='ltr' id='par_1_5' title="bbox 2086 470 3656 531">
     <span class='ocr_line' id='line_1_5' title="bbox 2086 470 3656 531; baseline 0.001 -5"><span class='ocrx_word' id='word_1_13' title='bbox 2086 474 2222 527; x_wconf 80' lang='lat' dir='ltr'><em>Aliis</em></span> <span class='ocrx_word' id='word_1_14' title='bbox 2244 488 2375 527; x_wconf 87' lang='lat' dir='ltr'><em>vero</em></span> <span class='ocrx_word' id='word_1_15' title='bbox 2402 490 2413 525; x_wconf 92' lang='lat'>:</span> <span class='ocrx_word' id='word_1_16' title='bbox 2454 471 2736 525; x_wconf 72' lang='lat' dir='ltr'><em>Pecuniam</em></span> <span class='ocrx_word' id='word_1_17' title='bbox 2762 487 2912 525; x_wconf 81' lang='lat' dir='ltr'><em>suam</em></span> <span class='ocrx_word' id='word_1_18' title='bbox 2947 488 3047 524; x_wconf 87' lang='lat' dir='ltr'><em>non</em></span> <span class='ocrx_word' id='word_1_19' title='bbox 3078 470 3220 525; x_wconf 80' lang='lat' dir='ltr'><em>dedit</em></span> <span class='ocrx_word' id='word_1_20' title='bbox 3248 472 3318 525; x_wconf 84' lang='lat' dir='ltr'><em>ad</em></span> <span class='ocrx_word' id='word_1_21' title='bbox 3351 490 3570 531; x_wconf 78' lang='lat' dir='ltr'><em>murum</em></span> <span class='ocrx_word' id='word_1_22' title='bbox 3591 480 3656 528; x_wconf 81' lang='lat'><em>“.</em></span> 
     </span>
    </p>
   </div>
   <div class='ocr_carea' id='block_1_6' title="bbox 398 564 1982 638">
    <p class='ocr_par' dir='ltr' id='par_1_6' title="bbox 398 564 1982 638">
     <span class='ocr_line' id='line_1_6' title="bbox 398 564 1982 638; baseline -0.001 -18"><span class='ocrx_word' id='word_1_23' title='bbox 398 585 538 638; x_wconf 72' lang='grc' dir='ltr'>γιον.</span> <span class='ocrx_word' id='word_1_24' title='bbox 578 567 852 631; x_wconf 66' lang='grc' dir='ltr'>ἣίατθαῖος</span> <span class='ocrx_word' id='word_1_25' title='bbox 895 570 953 621; x_wconf 80' lang='grc' dir='ltr'><em>δὲ</em></span> <span class='ocrx_word' id='word_1_26' title='bbox 1006 571 1062 623; x_wconf 82' lang='grc' dir='ltr'>ἐν</span> <span class='ocrx_word' id='word_1_27' title='bbox 1108 565 1446 638; x_wconf 80' lang='grc' dir='ltr'>παραϐολαῖς</span> <span class='ocrx_word' id='word_1_28' title='bbox 1486 564 1716 635; x_wconf 75' lang='grc' dir='ltr'>ἔκραξεν</span> <span class='ocrx_word' id='word_1_29' title='bbox 1775 566 1982 632; x_wconf 83' lang='grc' dir='ltr'>λέγων,</span> 
     </span>
    </p>
   </div>
   <div class='ocr_carea' id='block_1_7' title="bbox 398 655 1987 726">
    <p class='ocr_par' dir='ltr' id='par_1_7' title="bbox 398 655 1987 726">
     <span class='ocr_line' id='line_1_7' title="bbox 398 655 1987 726; baseline -0.001 -15"><span class='ocrx_word' id='word_1_30' title='bbox 398 659 722 711; x_wconf 73' lang='grc' dir='ltr'>Δεσποτικδν</span> <span class='ocrx_word' id='word_1_31' title='bbox 739 657 893 726; x_wconf 85' lang='grc' dir='ltr'>)όγον</span> <span class='ocrx_word' id='word_1_32' title='bbox 913 658 1289 726; x_wconf 75' lang='grc' dir='ltr'>ἀπαγγέλλωνο</span> <span class='ocrx_word' id='word_1_33' title='bbox 1307 657 1495 710; x_wconf 79' lang='grc' dir='ltr'>Δοῦλε</span> <span class='ocrx_word' id='word_1_34' title='bbox 1517 655 1758 725; x_wconf 81' lang='grc' dir='ltr'>πονηρὲ,</span> <span class='ocrx_word' id='word_1_35' title='bbox 1783 656 1987 711; x_wconf 83' lang='grc' dir='ltr'>πᾶσαν</span> 
     </span>
    </p>
   </div>
   <div class='ocr_carea' id='block_1_8' title="bbox 398 745 1985 815">
    <p class='ocr_par' dir='ltr' id='par_1_8' title="bbox 398 745 1985 815">
     <span class='ocr_line' id='line_1_8' title="bbox 398 745 1985 815; baseline -0.001 -16"><span class='ocrx_word' id='word_1_36' title='bbox 398 747 512 812; x_wconf 69' lang='grc' dir='ltr'><em>τὴν</em></span> <span class='ocrx_word' id='word_1_37' title='bbox 551 746 805 815; x_wconf 63' lang='grc' dir='ltr'><em>ὀφειλὴν</em></span> <span class='ocrx_word' id='word_1_38' title='bbox 833 747 1075 813; x_wconf 75' lang='grc' dir='ltr'>ἐκείνην</span> <span class='ocrx_word' id='word_1_39' title='bbox 1099 745 1307 814; x_wconf 55' lang='grc' dir='ltr'>ἀφῆκά</span> <span class='ocrx_word' id='word_1_40' title='bbox 1339 760 1459 806; x_wconf 86' lang='grc' dir='ltr'>σοι,</span> <span class='ocrx_word' id='word_1_41' title='bbox 1497 745 1624 797; x_wconf 78' lang='grc' dir='ltr'>ἐπεὶ</span> <span class='ocrx_word' id='word_1_42' title='bbox 1657 745 1985 811; x_wconf 75' lang='grc' dir='ltr'>παρεκάλε-</span> 
     </span>
    </p>
   </div>
   <div class='ocr_carea' id='block_1_9' title="bbox 399 835 1987 905">
    <p class='ocr_par' dir='ltr' id='par_1_9' title="bbox 399 835 1987 905">
     <span class='ocr_line' id='line_1_9' title="bbox 399 835 1987 905; baseline 0.001 -17"><span class='ocrx_word' id='word_1_43' title='bbox 399 835 517 901; x_wconf 79' lang='grc' dir='ltr'>σάς</span> <span class='ocrx_word' id='word_1_44' title='bbox 538 854 635 905; x_wconf 81' lang='grc' dir='ltr'>με.</span> <span class='ocrx_word' id='word_1_45' title='bbox 665 839 786 889; x_wconf 74' lang='grc' dir='ltr'><em>Οὐκ</em></span> <span class='ocrx_word' id='word_1_46' title='bbox 827 837 947 890; x_wconf 78' lang='grc' dir='ltr'>ἔδει</span> <span class='ocrx_word' id='word_1_47' title='bbox 987 837 1085 889; x_wconf 82' lang='grc' dir='ltr'><em>καί</em></span> <span class='ocrx_word' id='word_1_48' title='bbox 1115 836 1191 889; x_wconf 81' lang='grc' dir='ltr'>σὲ</span> <span class='ocrx_word' id='word_1_49' title='bbox 1226 836 1479 904; x_wconf 78' lang='grc' dir='ltr'>ἐλεῆσαι</span> <span class='ocrx_word' id='word_1_50' title='bbox 1510 835 1617 889; x_wconf 78' lang='grc' dir='ltr'>τόν</span> <span class='ocrx_word' id='word_1_51' title='bbox 1642 836 1987 890; x_wconf 67' lang='grc' dir='ltr'>σύνδουλόν</span> 
     </span>
    </p>
   </div>
   <div class='ocr_carea' id='block_1_10' title="bbox 397 924 1987 995">
    <p class='ocr_par' dir='ltr' id='par_1_10' title="bbox 397 924 1987 995">
     <span class='ocr_line' id='line_1_10' title="bbox 397 924 1987 995; baseline -0.001 -17"><span class='ocrx_word' id='word_1_52' title='bbox 397 945 546 987; x_wconf 76' lang='grc' dir='ltr'>σου,</span> <span class='ocrx_word' id='word_1_53' title='bbox 591 928 671 992; x_wconf 85' lang='grc' dir='ltr'>ὡς</span> <span class='ocrx_word' id='word_1_54' title='bbox 706 927 801 980; x_wconf 72' lang='grc' dir='ltr'>καὶ</span> <span class='ocrx_word' id='word_1_55' title='bbox 849 927 961 995; x_wconf 74' lang='grc' dir='ltr'><em>ἐγώ</em></span> <span class='ocrx_word' id='word_1_56' title='bbox 996 942 1069 981; x_wconf 80' lang='grc' dir='ltr'><em>σε</em></span> <span class='ocrx_word' id='word_1_57' title='bbox 1120 926 1389 993; x_wconf 76' lang='grc' dir='ltr'><em>ή.1ἐησα;</em></span> <span class='ocrx_word' id='word_1_58' title='bbox 1430 925 1539 979; x_wconf 72' lang='lat' dir='ltr'><em>Kal</em></span> <span class='ocrx_word' id='word_1_59' title='bbox 1598 924 1892 994; x_wconf 70' lang='grc' dir='ltr'>ι’ργισθείς</span> <span class='ocrx_word' id='word_1_60' title='bbox 1956 928 1987 977; x_wconf 88' lang='grc' dir='ltr'><em>ό</em></span> 
     </span>
    </p>
   </div>
   <div class='ocr_carea' id='block_1_11' title="bbox 400 1017 1987 1085">
    <p class='ocr_par' dir='ltr' id='par_1_11' title="bbox 400 1017 1987 1085">
     <span class='ocr_line' id='line_1_11' title="bbox 400 1017 1987 1085; baseline -0.002 -15"><span class='ocrx_word' id='word_1_61' title='bbox 400 1020 606 1084; x_wconf 75' lang='grc' dir='ltr'>Ιιίἰριος</span> <span class='ocrx_word' id='word_1_62' title='bbox 637 1018 982 1085; x_wconf 64' lang='grc' dir='ltr'>παρέδωκεν</span> <span class='ocrx_word' id='word_1_63' title='bbox 1023 1021 1212 1071; x_wconf 73' lang='grc' dir='ltr'>αὑτὸν</span> <span class='ocrx_word' id='word_1_64' title='bbox 1250 1018 1371 1083; x_wconf 82' lang='grc' dir='ltr'>τοῖς</span> <span class='ocrx_word' id='word_1_65' title='bbox 1398 1017 1839 1083; x_wconf 75' lang='grc' dir='ltr'>βασανισταῖς.</span> <span class='ocrx_word' id='word_1_66' title='bbox 1876 1017 1987 1081; x_wconf 80' lang='grc' dir='ltr'><em>ἕως</em></span> 
     </span>
    </p>
   </div>
   <div class='ocr_carea' id='block_1_12' title="bbox 398 1105 1987 1179">
    <p class='ocr_par' dir='ltr' id='par_1_12' title="bbox 398 1105 1987 1179">
     <span class='ocr_line' id='line_1_12' title="bbox 398 1105 1987 1179; baseline -0.001 -18"><span class='ocrx_word' id='word_1_67' title='bbox 398 1105 469 1163; x_wconf 84' lang='grc' dir='ltr'>οὗ</span> <span class='ocrx_word' id='word_1_68' title='bbox 507 1108 710 1173; x_wconf 80' lang='grc' dir='ltr'>ἁποδῴ</span> <span class='ocrx_word' id='word_1_69' title='bbox 749 1108 873 1163; x_wconf 81' lang='grc' dir='ltr'><em>πᾶν</em></span> <span class='ocrx_word' id='word_1_70' title='bbox 910 1110 975 1163; x_wconf 76' lang='grc' dir='ltr'>τὸ</span> <span class='ocrx_word' id='word_1_71' title='bbox 1003 1110 1400 1179; x_wconf 54' lang='grc' dir='ltr'>ὀφειλόμενον</span> <span class='ocrx_word' id='word_1_72' title='bbox 1420 1108 1598 1173; x_wconf 78' lang='grc' dir='ltr'>αὐτῷ.</span> <span class='ocrx_word' id='word_1_73' title='bbox 1634 1109 1767 1161; x_wconf 87' lang='grc' dir='ltr'>Τότε</span> <span class='ocrx_word' id='word_1_74' title='bbox 1798 1126 1857 1160; x_wconf 88' lang='grc' dir='ltr'><em>σε</em></span> <span class='ocrx_word' id='word_1_75' title='bbox 1890 1125 1987 1160; x_wconf 85' lang='grc' dir='ltr'>κα-</span> 
     </span>
    </p>
   </div>
   <div class='ocr_carea' id='block_1_13' title="bbox 409 1201 1984 1274">
    <p class='ocr_par' dir='ltr' id='par_1_13' title="bbox 409 1201 1984 1274">
     <span class='ocr_line' id='line_1_13' title="bbox 409 1201 1984 1274; baseline 0 -21"><span class='ocrx_word' id='word_1_76' title='bbox 409 1202 693 1273; x_wconf 72' lang='grc' dir='ltr'>ταλήψεται</span> <span class='ocrx_word' id='word_1_77' title='bbox 720 1203 754 1273; x_wconf 82' lang='grc' dir='ltr'><strong>ἡ</strong></span> <span class='ocrx_word' id='word_1_78' title='bbox 778 1202 1035 1274; x_wconf 72' lang='grc' dir='ltr'>ἀνόνητος</span> <span class='ocrx_word' id='word_1_79' title='bbox 1064 1202 1174 1270; x_wconf 74' lang='lat' dir='ltr'><em>(5i)</em></span> <span class='ocrx_word' id='word_1_80' title='bbox 1202 1201 1534 1272; x_wconf 83' lang='grc' dir='ltr'>μεταμέλεια</span> <span class='ocrx_word' id='word_1_81' title='bbox 1558 1217 1572 1232; x_wconf 83' lang='lat'><strong><em>°</em></strong></span> <span class='ocrx_word' id='word_1_82' title='bbox 1607 1203 1900 1271; x_wconf 70' lang='grc' dir='ltr'>στεναγμοὶ</span> <span class='ocrx_word' id='word_1_83' title='bbox 1928 1201 1984 1253; x_wconf 79' lang='grc' dir='ltr'>δὲ</span> 
     </span>
    </p>
   </div>
   <div class='ocr_carea' id='block_1_14' title="bbox 402 1292 1987 1363">
    <p class='ocr_par' dir='ltr' id='par_1_14' title="bbox 402 1292 1987 1363">
     <span class='ocr_line' id='line_1_14' title="bbox 402 1292 1987 1363; baseline 0 -18"><span class='ocrx_word' id='word_1_84' title='bbox 402 1293 807 1362; x_wconf 64' lang='grc' dir='ltr'><em>καταλήψονται</em></span> <span class='ocrx_word' id='word_1_85' title='bbox 843 1293 1052 1363; x_wconf 83' lang='grc' dir='ltr'>βαρεῖς,</span> <span class='ocrx_word' id='word_1_86' title='bbox 1083 1294 1176 1346; x_wconf 83' lang='grc' dir='ltr'><em>καὶ</em></span> <span class='ocrx_word' id='word_1_87' title='bbox 1207 1293 1428 1355; x_wconf 89' lang='grc' dir='ltr'>κόλασις</span> <span class='ocrx_word' id='word_1_88' title='bbox 1457 1292 1850 1363; x_wconf 71' lang='grc' dir='ltr'>ἀπαραίτητος.</span> <span class='ocrx_word' id='word_1_89' title='bbox 1885 1293 1987 1345; x_wconf 79' lang='grc' dir='ltr'><em>Οὑ-</em></span> 
     </span>
    </p>
   </div>
   <div class='ocr_carea' id='block_1_15' title="bbox 401 1382 1981 1455">
    <p class='ocr_par' dir='ltr' id='par_1_15' title="bbox 401 1382 1981 1455">
     <span class='ocr_line' id='line_1_15' title="bbox 401 1382 1981 1455; baseline 0.001 -19"><span class='ocrx_word' id='word_1_90' title='bbox 401 1384 568 1454; x_wconf 71' lang='grc' dir='ltr'>δαμοῦ</span> <span class='ocrx_word' id='word_1_91' title='bbox 620 1385 678 1437; x_wconf 86' lang='grc' dir='ltr'>δὲ</span> <span class='ocrx_word' id='word_1_92' title='bbox 709 1385 909 1455; x_wconf 81' lang='grc' dir='ltr'>χρυσὸς</span> <span class='ocrx_word' id='word_1_93' title='bbox 957 1384 1187 1454; x_wconf 73' lang='grc' dir='ltr'>βοηθῶν,</span> <span class='ocrx_word' id='word_1_94' title='bbox 1230 1385 1329 1437; x_wconf 75' lang='grc' dir='ltr'><em>οὐκ</em></span> <span class='ocrx_word' id='word_1_95' title='bbox 1378 1384 1619 1455; x_wconf 82' lang='grc' dir='ltr'>ἄργυρος</span> <span class='ocrx_word' id='word_1_96' title='bbox 1666 1382 1981 1453; x_wconf 77' lang='grc' dir='ltr'>ὲπαμύνων.</span> 
     </span>
    </p>
   </div>
   <div class='ocr_carea' id='block_1_16' title="bbox 404 1473 1982 1545">
    <p class='ocr_par' dir='ltr' id='par_1_16' title="bbox 404 1473 1982 1545">
     <span class='ocr_line' id='line_1_16' title="bbox 404 1473 1982 1545; baseline 0.001 -20"><span class='ocrx_word' id='word_1_97' title='bbox 404 1474 711 1545; x_wconf 63' lang='lat' dir='ltr'><em>[impart-ipa.</em></span> <span class='ocrx_word' id='word_1_98' title='bbox 732 1475 786 1526; x_wconf 85' lang='grc' dir='ltr'><em>δὲ</em></span> <span class='ocrx_word' id='word_1_99' title='bbox 818 1475 977 1545; x_wconf 86' lang='grc' dir='ltr'>χολῆς</span> <span class='ocrx_word' id='word_1_100' title='bbox 1007 1476 1039 1544; x_wconf 82' lang='grc' dir='ltr'>ή</span> <span class='ocrx_word' id='word_1_101' title='bbox 1073 1474 1181 1526; x_wconf 82' lang='grc' dir='ltr'><em>τῶν</em></span> <span class='ocrx_word' id='word_1_102' title='bbox 1203 1473 1379 1527; x_wconf 83' lang='grc' dir='ltr'>τόκων</span> <span class='ocrx_word' id='word_1_103' title='bbox 1406 1474 1677 1536; x_wconf 86' lang='grc' dir='ltr'>ἀνάδοσις.</span> <span class='ocrx_word' id='word_1_104' title='bbox 1710 1474 1894 1526; x_wconf 85' lang='grc' dir='ltr'>Ταῦτα</span> <span class='ocrx_word' id='word_1_105' title='bbox 1922 1475 1982 1527; x_wconf 83' lang='grc' dir='ltr'><em>οὑ</em></span> 
     </span>
    </p>
   </div>
   <div class='ocr_carea' id='block_1_17' title="bbox 404 1564 1985 1636">
    <p class='ocr_par' dir='ltr' id='par_1_17' title="bbox 404 1564 1985 1636">
     <span class='ocr_line' id='line_1_17' title="bbox 404 1564 1985 1636; baseline -0.001 -18"><span class='ocrx_word' id='word_1_106' title='bbox 404 1566 622 1636; x_wconf 73' lang='grc' dir='ltr'>ῥήματα</span> <span class='ocrx_word' id='word_1_107' title='bbox 650 1564 918 1633; x_wconf 84' lang='grc' dir='ltr'>φοϐοῦντα</span> <span class='ocrx_word' id='word_1_108' title='bbox 942 1604 957 1628; x_wconf 94' lang='grc'><em>,</em></span> <span class='ocrx_word' id='word_1_109' title='bbox 988 1565 1124 1618; x_wconf 74' lang='grc' dir='ltr'>ἀλλὰ</span> <span class='ocrx_word' id='word_1_110' title='bbox 1159 1564 1461 1635; x_wconf 84' lang='grc' dir='ltr'>πράγματα</span> <span class='ocrx_word' id='word_1_111' title='bbox 1490 1564 1665 1634; x_wconf 74' lang='grc' dir='ltr'>άληθῆ</span> <span class='ocrx_word' id='word_1_112' title='bbox 1690 1604 1705 1628; x_wconf 91' lang='grc'><em>,</em></span> <span class='ocrx_word' id='word_1_113' title='bbox 1752 1565 1856 1636; x_wconf 83' lang='grc' dir='ltr'><em>πρὸ</em></span> <span class='ocrx_word' id='word_1_114' title='bbox 1886 1565 1985 1634; x_wconf 73' lang='grc' dir='ltr'>τῆς</span> 
     </span>
    </p>
   </div>
   <div class='ocr_carea' id='block_1_18' title="bbox 404 1654 1984 1727">
    <p class='ocr_par' dir='ltr' id='par_1_18' title="bbox 404 1654 1984 1727">
     <span class='ocr_line' id='line_1_18' title="bbox 404 1654 1984 1727; baseline 0 -20"><span class='ocrx_word' id='word_1_115' title='bbox 404 1657 595 1727; x_wconf 75' lang='grc' dir='ltr'>πείρας</span> <span class='ocrx_word' id='word_1_116' title='bbox 624 1656 685 1709; x_wconf 75' lang='grc' dir='ltr'>τὸ</span> <span class='ocrx_word' id='word_1_117' title='bbox 724 1658 1008 1727; x_wconf 78' lang='grc' dir='ltr'><em>κριτήριον</em></span> <span class='ocrx_word' id='word_1_118' title='bbox 1036 1655 1533 1725; x_wconf 84' lang='grc' dir='ltr'>διαμαρτυρόμενα,</span> <span class='ocrx_word' id='word_1_119' title='bbox 1575 1654 1612 1708; x_wconf 76' lang='grc' dir='ltr'><strong>ἃ</strong></span> <span class='ocrx_word' id='word_1_120' title='bbox 1645 1655 1984 1725; x_wconf 80' lang='grc' dir='ltr'>φυλάξασθαι</span> 
     </span>
    </p>
   </div>
   <div class='ocr_carea' id='block_1_19' title="bbox 405 1739 1980 1820">
    <p class='ocr_par' dir='ltr' id='par_1_19' title="bbox 405 1739 1980 1820">
     <span class='ocr_line' id='line_1_19' title="bbox 405 1739 1980 1820; baseline -0.001 -15"><span class='ocrx_word' id='word_1_121' title='bbox 405 1748 477 1819; x_wconf 81' lang='grc' dir='ltr'>τῷ</span> <span class='ocrx_word' id='word_1_122' title='bbox 509 1749 874 1820; x_wconf 67' lang='grc' dir='ltr'>σωφρονοῦντι</span> <span class='ocrx_word' id='word_1_123' title='bbox 899 1747 1082 1814; x_wconf 76' lang='grc' dir='ltr'>καλὸν,</span> <span class='ocrx_word' id='word_1_124' title='bbox 1108 1748 1199 1801; x_wconf 73' lang='grc' dir='ltr'><em>καὶ</em></span> <span class='ocrx_word' id='word_1_125' title='bbox 1222 1739 1266 1815; x_wconf 86' lang='grc' dir='ltr'>ᾧ</span> <span class='ocrx_word' id='word_1_126' title='bbox 1292 1746 1387 1801; x_wconf 87' lang='grc' dir='ltr'><em>τοῦ</em></span> <span class='ocrx_word' id='word_1_127' title='bbox 1421 1747 1705 1819; x_wconf 81' lang='grc' dir='ltr'>μέλλοντος</span> <span class='ocrx_word' id='word_1_128' title='bbox 1732 1748 1980 1820; x_wconf 87' lang='grc' dir='ltr'>πρόνοια.</span> 
     </span>
    </p>
   </div>
   <div class='ocr_carea' id='block_1_20' title="bbox 470 2028 1979 2106">
    <p class='ocr_par' dir='ltr' id='par_1_20' title="bbox 470 2028 1979 2106">
     <span class='ocr_line' id='line_1_20' title="bbox 470 2028 1979 2106; baseline -0.001 -17"><span class='ocrx_word' id='word_1_129' title='bbox 470 2037 591 2090; x_wconf 83' lang='grc' dir='ltr'>Ἵνα</span> <span class='ocrx_word' id='word_1_130' title='bbox 617 2036 673 2089; x_wconf 82' lang='grc' dir='ltr'>δὲ</span> <span class='ocrx_word' id='word_1_131' title='bbox 704 2028 906 2105; x_wconf 79' lang='grc' dir='ltr'>μεταξῦ</span> <span class='ocrx_word' id='word_1_132' title='bbox 932 2034 1039 2088; x_wconf 78' lang='grc' dir='ltr'>τῶν</span> <span class='ocrx_word' id='word_1_133' title='bbox 1067 2034 1161 2087; x_wconf 91' lang='grc' dir='ltr'><em>τοῦ</em></span> <span class='ocrx_word' id='word_1_134' title='bbox 1198 2032 1333 2087; x_wconf 85' lang='grc' dir='ltr'>Θεοῦ</span> <span class='ocrx_word' id='word_1_135' title='bbox 1366 2034 1650 2105; x_wconf 88' lang='grc' dir='ltr'>κριμάτων</span> <span class='ocrx_word' id='word_1_136' title='bbox 1675 2033 1765 2087; x_wconf 89' lang='grc' dir='ltr'><em>καί</em></span> <span class='ocrx_word' id='word_1_137' title='bbox 1784 2052 1836 2087; x_wconf 92' lang='grc' dir='ltr'><em>τι</em></span> <span class='ocrx_word' id='word_1_138' title='bbox 1864 2034 1979 2106; x_wconf 82' lang='grc'><em>(55)</em></span> 
     </span>
    </p>
   </div>
   <div class='ocr_carea' id='block_1_21' title="bbox 404 2125 1971 2197">
    <p class='ocr_par' dir='ltr' id='par_1_21' title="bbox 404 2125 1971 2197">
     <span class='ocr_line' id='line_1_21' title="bbox 404 2125 1971 2197; baseline -0.002 -16"><span class='ocrx_word' id='word_1_139' title='bbox 404 2128 509 2181; x_wconf 83' lang='grc' dir='ltr'><em>τῶν</em></span> <span class='ocrx_word' id='word_1_140' title='bbox 525 2130 583 2181; x_wconf 80' lang='grc' dir='ltr'><em>ἐν</em></span> <span class='ocrx_word' id='word_1_141' title='bbox 609 2129 719 2190; x_wconf 81' lang='grc' dir='ltr'>τοῖς</span> <span class='ocrx_word' id='word_1_142' title='bbox 746 2126 865 2179; x_wconf 78' lang='grc' dir='ltr'>καθ’</span> <span class='ocrx_word' id='word_1_143' title='bbox 883 2127 1029 2197; x_wconf 79' lang='grc' dir='ltr'>ἡμᾶς</span> <span class='ocrx_word' id='word_1_144' title='bbox 1052 2126 1265 2197; x_wconf 83' lang='grc' dir='ltr'>χρόνοις</span> <span class='ocrx_word' id='word_1_145' title='bbox 1292 2125 1613 2196; x_wconf 89' lang='grc' dir='ltr'>συμϐάντων</span> <span class='ocrx_word' id='word_1_146' title='bbox 1645 2128 1703 2178; x_wconf 85' lang='grc' dir='ltr'>ὲν</span> <span class='ocrx_word' id='word_1_147' title='bbox 1724 2126 1873 2196; x_wconf 68' lang='grc' dir='ltr'>οἰκίᾳ</span> <span class='ocrx_word' id='word_1_148' title='bbox 1893 2143 1971 2178; x_wconf 89' lang='grc' dir='ltr'>το-</span> 
     </span>
    </p>
   </div>
   <div class='ocr_carea' id='block_1_22' title="bbox 404 2216 1979 2289">
    <p class='ocr_par' dir='ltr' id='par_1_22' title="bbox 404 2216 1979 2289">
     <span class='ocr_line' id='line_1_22' title="bbox 404 2216 1979 2289; baseline -0.001 -16"><span class='ocrx_word' id='word_1_149' title='bbox 404 2218 672 2288; x_wconf 74' lang='grc' dir='ltr'>κογλύφον</span> <span class='ocrx_word' id='word_1_150' title='bbox 696 2218 1095 2289; x_wconf 69' lang='grc' dir='ltr'><em>διηγησάμενος</em></span> <span class='ocrx_word' id='word_1_151' title='bbox 1116 2216 1387 2287; x_wconf 79' lang='grc' dir='ltr'>ὠφελήσω</span> <span class='ocrx_word' id='word_1_152' title='bbox 1408 2235 1460 2270; x_wconf 89' lang='grc' dir='ltr'><em>τι</em></span> <span class='ocrx_word' id='word_1_153' title='bbox 1491 2219 1619 2281; x_wconf 76' lang='grc' dir='ltr'>τοὺς</span> <span class='ocrx_word' id='word_1_154' title='bbox 1646 2218 1945 2281; x_wconf 79' lang='grc' dir='ltr'>ἀκούοντας</span> <span class='ocrx_word' id='word_1_155' title='bbox 1963 2258 1979 2282; x_wconf 88' lang='grc'><em>,</em></span> 
     </span>
    </p>
   </div>
   <div class='ocr_carea' id='block_1_23' title="bbox 404 2308 1981 2380">
    <p class='ocr_par' dir='ltr' id='par_1_23' title="bbox 404 2308 1981 2380">
     <span class='ocr_line' id='line_1_23' title="bbox 404 2308 1981 2380; baseline -0.001 -16"><span class='ocrx_word' id='word_1_156' title='bbox 404 2310 670 2364; x_wconf 78' lang='grc' dir='ltr'>ἀκούσατε</span> <span class='ocrx_word' id='word_1_157' title='bbox 702 2308 794 2362; x_wconf 86' lang='grc' dir='ltr'><em>τοῦ</em></span> <span class='ocrx_word' id='word_1_158' title='bbox 821 2308 1001 2376; x_wconf 83' lang='grc' dir='ltr'>λόγου,</span> <span class='ocrx_word' id='word_1_159' title='bbox 1036 2308 1130 2361; x_wconf 79' lang='grc' dir='ltr'><em>καὶ</em></span> <span class='ocrx_word' id='word_1_160' title='bbox 1156 2308 1293 2379; x_wconf 83' lang='grc' dir='ltr'>τάχα</span> <span class='ocrx_word' id='word_1_161' title='bbox 1315 2310 1364 2362; x_wconf 90' lang='grc' dir='ltr'><em>οἰ</em></span> <span class='ocrx_word' id='word_1_162' title='bbox 1398 2308 1581 2362; x_wconf 72' lang='grc' dir='ltr'>πολλοὶ</span> <span class='ocrx_word' id='word_1_163' title='bbox 1602 2308 1698 2380; x_wconf 78' lang='grc' dir='ltr'><em>τὴν</em></span> <span class='ocrx_word' id='word_1_164' title='bbox 1727 2309 1981 2363; x_wconf 82' lang='grc' dir='ltr'>ὑπόθεσιν</span> 
     </span>
    </p>
   </div>
   <div class='ocr_carea' id='block_1_24' title="bbox 404 2399 1206 2471">
    <p class='ocr_par' dir='ltr' id='par_1_24' title="bbox 404 2399 1206 2471">
     <span class='ocr_line' id='line_1_24' title="bbox 404 2399 1206 2471; baseline 0.001 -18"><span class='ocrx_word' id='word_1_165' title='bbox 404 2404 479 2466; x_wconf 83' lang='grc' dir='ltr'>ὼς</span> <span class='ocrx_word' id='word_1_166' title='bbox 513 2400 785 2471; x_wconf 77' lang='grc' dir='ltr'>γνώριμον</span> <span class='ocrx_word' id='word_1_167' title='bbox 815 2399 1206 2469; x_wconf 76' lang='grc' dir='ltr'>ἐπιγνώσεσθε.</span> 
     </span>
    </p>
   </div>
   <div class='ocr_carea' id='block_1_25' title="bbox 488 2617 1982 2693">
    <p class='ocr_par' dir='ltr' id='par_1_25' title="bbox 488 2617 1982 2693">
     <span class='ocr_line' id='line_1_25' title="bbox 488 2617 1982 2693; baseline 0 -18"><span class='ocrx_word' id='word_1_168' title='bbox 488 2623 649 2693; x_wconf 82' lang='grc' dir='ltr'>Ἀνήρ</span> <span class='ocrx_word' id='word_1_169' title='bbox 678 2638 762 2684; x_wconf 85' lang='grc' dir='ltr'><em>τις</em></span> <span class='ocrx_word' id='word_1_170' title='bbox 807 2617 874 2692; x_wconf 79' lang='grc' dir='ltr'>ἦν</span> <span class='ocrx_word' id='word_1_171' title='bbox 919 2619 1011 2672; x_wconf 68' lang='grc' dir='ltr'>ἐπὶ</span> <span class='ocrx_word' id='word_1_172' title='bbox 1041 2620 1198 2690; x_wconf 78' lang='grc' dir='ltr'>τῆσδε</span> <span class='ocrx_word' id='word_1_173' title='bbox 1228 2621 1329 2690; x_wconf 79' lang='grc' dir='ltr'>τῆς</span> <span class='ocrx_word' id='word_1_174' title='bbox 1359 2620 1565 2684; x_wconf 87' lang='grc' dir='ltr'>πόλεως</span> <span class='ocrx_word' id='word_1_175' title='bbox 1613 2621 1751 2688; x_wconf 76' lang='grc' dir='ltr'>(οὐκ</span> <span class='ocrx_word' id='word_1_176' title='bbox 1788 2622 1899 2693; x_wconf 81' lang='grc' dir='ltr'><em>ἐρῶ</em></span> <span class='ocrx_word' id='word_1_177' title='bbox 1925 2623 1982 2676; x_wconf 79' lang='grc' dir='ltr'>δὲ</span> 
     </span>
    </p>
   </div>
   <div class='ocr_carea' id='block_1_26' title="bbox 405 2713 1982 2785">
    <p class='ocr_par' dir='ltr' id='par_1_26' title="bbox 405 2713 1982 2785">
     <span class='ocr_line' id='line_1_26' title="bbox 405 2713 1982 2785; baseline 0 -18"><span class='ocrx_word' id='word_1_178' title='bbox 405 2716 642 2785; x_wconf 63' lang='grc' dir='ltr'>τοῦνομα</span> <span class='ocrx_word' id='word_1_179' title='bbox 663 2754 678 2778; x_wconf 92' lang='grc'><em>,</em></span> <span class='ocrx_word' id='word_1_180' title='bbox 711 2713 991 2783; x_wconf 78' lang='grc' dir='ltr'>κωμῳδεῖν</span> <span class='ocrx_word' id='word_1_181' title='bbox 1034 2713 1294 2782; x_wconf 81' lang='grc' dir='ltr'>ὀνομαστὶ</span> <span class='ocrx_word' id='word_1_182' title='bbox 1324 2713 1414 2764; x_wconf 78' lang='grc' dir='ltr'><em>τὸν</em></span> <span class='ocrx_word' id='word_1_183' title='bbox 1439 2713 1838 2784; x_wconf 77' lang='grc' dir='ltr'>τελευτήσαντα</span> <span class='ocrx_word' id='word_1_184' title='bbox 1882 2732 1982 2783; x_wconf 79' lang='grc' dir='ltr'><em>φυ-</em></span> 
     </span>
    </p>
   </div>
   <div class='ocr_carea' id='block_1_27' title="bbox 407 2804 1981 2877">
    <p class='ocr_par' dir='ltr' id='par_1_27' title="bbox 407 2804 1981 2877">
     <span class='ocr_line' id='line_1_27' title="bbox 407 2804 1981 2877; baseline 0.001 -18"><span class='ocrx_word' id='word_1_185' title='bbox 407 2806 781 2877; x_wconf 75' lang='grc' dir='ltr'>λαττόμενος),</span> <span class='ocrx_word' id='word_1_186' title='bbox 815 2805 1009 2875; x_wconf 78' lang='grc' dir='ltr'>τέχνην</span> <span class='ocrx_word' id='word_1_187' title='bbox 1032 2804 1171 2874; x_wconf 79' lang='grc' dir='ltr'>ἔχων</span> <span class='ocrx_word' id='word_1_188' title='bbox 1196 2805 1264 2857; x_wconf 74' lang='grc' dir='ltr'><em>τά</em></span> <span class='ocrx_word' id='word_1_189' title='bbox 1291 2804 1641 2874; x_wconf 72' lang='grc' dir='ltr'>δανείσματα,</span> <span class='ocrx_word' id='word_1_190' title='bbox 1671 2806 1765 2857; x_wconf 68' lang='grc' dir='ltr'><em>καί</em></span> <span class='ocrx_word' id='word_1_191' title='bbox 1794 2806 1892 2877; x_wconf 77' lang='grc' dir='ltr'>τὴν</span> <span class='ocrx_word' id='word_1_192' title='bbox 1917 2808 1981 2860; x_wconf 80' lang='grc' dir='ltr'>ἑκ</span> 
     </span>
    </p>
   </div>
   <div class='ocr_carea' id='block_1_28' title="bbox 406 2895 1980 2968">
    <p class='ocr_par' dir='ltr' id='par_1_28' title="bbox 406 2895 1980 2968">
     <span class='ocr_line' id='line_1_28' title="bbox 406 2895 1980 2968; baseline -0.002 -14"><span class='ocrx_word' id='word_1_193' title='bbox 406 2900 515 2954; x_wconf 84' lang='grc' dir='ltr'><em>τῶν</em></span> <span class='ocrx_word' id='word_1_194' title='bbox 550 2899 761 2968; x_wconf 81' lang='grc' dir='ltr'>μιαρῶν</span> <span class='ocrx_word' id='word_1_195' title='bbox 809 2897 987 2949; x_wconf 86' lang='grc' dir='ltr'>τόκων</span> <span class='ocrx_word' id='word_1_196' title='bbox 1024 2896 1383 2967; x_wconf 73' lang='grc' dir='ltr'>ἐπικαρπίαν.</span> <span class='ocrx_word' id='word_1_197' title='bbox 1426 2896 1518 2965; x_wconf 81' lang='grc' dir='ltr'><strong>Τῷ</strong></span> <span class='ocrx_word' id='word_1_198' title='bbox 1550 2895 1713 2949; x_wconf 77' lang='grc' dir='ltr'>πάθει</span> <span class='ocrx_word' id='word_1_199' title='bbox 1755 2897 1812 2950; x_wconf 81' lang='grc' dir='ltr'>δὲ</span> <span class='ocrx_word' id='word_1_200' title='bbox 1853 2914 1980 2951; x_wconf 75' lang='grc' dir='ltr'>συν·</span> 
     </span>
    </p>
   </div>
   <div class='ocr_carea' id='block_1_29' title="bbox 406 2984 1981 3064">
    <p class='ocr_par' dir='ltr' id='par_1_29' title="bbox 406 2984 1981 3064">
     <span class='ocr_line' id='line_1_29' title="bbox 406 2984 1981 3064; baseline -0.001 -21"><span class='ocrx_word' id='word_1_201' title='bbox 406 2993 662 3064; x_wconf 77' lang='grc' dir='ltr'>εχόμενος</span> <span class='ocrx_word' id='word_1_202' title='bbox 687 2990 786 3060; x_wconf 81' lang='grc' dir='ltr'><em>τῆς</em></span> <span class='ocrx_word' id='word_1_203' title='bbox 817 2988 1197 3059; x_wconf 75' lang='grc' dir='ltr'>φιλαργυρίας,</span> <span class='ocrx_word' id='word_1_204' title='bbox 1226 2987 1481 3056; x_wconf 82' lang='grc' dir='ltr'>φειδωλὸς</span> <span class='ocrx_word' id='word_1_205' title='bbox 1501 2984 1571 3059; x_wconf 78' lang='grc' dir='ltr'>ἦν</span> <span class='ocrx_word' id='word_1_206' title='bbox 1605 2989 1700 3041; x_wconf 75' lang='grc' dir='ltr'><em>καὶ</em></span> <span class='ocrx_word' id='word_1_207' title='bbox 1733 2991 1860 3061; x_wconf 78' lang='grc' dir='ltr'>περὶ</span> <span class='ocrx_word' id='word_1_208' title='bbox 1884 2990 1981 3060; x_wconf 77' lang='grc' dir='ltr'><em>τὴν</em></span> 
     </span>
    </p>
   </div>
   <div class='ocr_carea' id='block_1_30' title="bbox 411 3080 1977 3154">
    <p class='ocr_par' dir='ltr' id='par_1_30' title="bbox 411 3080 1977 3154">
     <span class='ocr_line' id='line_1_30' title="bbox 411 3080 1977 3154; baseline -0.004 -15"><span class='ocrx_word' id='word_1_209' title='bbox 411 3086 545 3140; x_wconf 86' lang='grc' dir='ltr'>ἰδίαν</span> <span class='ocrx_word' id='word_1_210' title='bbox 564 3084 811 3154; x_wconf 83' lang='grc' dir='ltr'>δαπάνην</span> <span class='ocrx_word' id='word_1_211' title='bbox 844 3081 1113 3152; x_wconf 80' lang='grc' dir='ltr'>(τοιοῦτοι</span> <span class='ocrx_word' id='word_1_212' title='bbox 1146 3082 1257 3152; x_wconf 75' lang='lat'><em>(56)</em></span> <span class='ocrx_word' id='word_1_213' title='bbox 1280 3081 1392 3151; x_wconf 82' lang='grc' dir='ltr'>γὰρ</span> <span class='ocrx_word' id='word_1_214' title='bbox 1420 3083 1469 3134; x_wconf 87' lang='grc' dir='ltr'>οἱ</span> <span class='ocrx_word' id='word_1_215' title='bbox 1498 3080 1887 3152; x_wconf 86' lang='grc' dir='ltr'>φιλάργυροι),</span> <span class='ocrx_word' id='word_1_216' title='bbox 1917 3081 1977 3132; x_wconf 81' lang='grc' dir='ltr'>οὐ</span> 
     </span>
    </p>
   </div>
   <div class='ocr_carea' id='block_1_31' title="bbox 2088 562 3660 637">
    <p class='ocr_par' dir='ltr' id='par_1_31' title="bbox 2088 562 3660 637">
     <span class='ocr_line' id='line_1_31' title="bbox 2088 562 3660 637; baseline 0.003 -19"><span class='ocrx_word' id='word_1_217' title='bbox 2088 565 2224 619; x_wconf 80' lang='lat' dir='ltr'><em>Aliis</em></span> <span class='ocrx_word' id='word_1_218' title='bbox 2259 582 2273 618; x_wconf 86' lang='lat'><strong>:</strong></span> <span class='ocrx_word' id='word_1_219' title='bbox 2309 565 2370 617; x_wconf 76' lang='lat' dir='ltr'><em>Si</em></span> <span class='ocrx_word' id='word_1_220' title='bbox 2408 574 2649 615; x_wconf 67' lang='lat' dir='ltr'><em>mutuum</em></span> <span class='ocrx_word' id='word_1_221' title='bbox 2682 562 2887 616; x_wconf 76' lang='lat' dir='ltr'><em>dederis</em></span> <span class='ocrx_word' id='word_1_222' title='bbox 2938 564 3097 633; x_wconf 82' lang='lat' dir='ltr'><em>fratri</em></span> <span class='ocrx_word' id='word_1_223' title='bbox 3146 574 3235 617; x_wconf 84' lang='lat' dir='ltr'><em>tuo</em></span> <span class='ocrx_word' id='word_1_224' title='bbox 3259 605 3274 629; x_wconf 93' lang='lat'><em>,</em></span> <span class='ocrx_word' id='word_1_225' title='bbox 3311 583 3411 619; x_wconf 84' lang='lat' dir='ltr'><em>non</em></span> <span class='ocrx_word' id='word_1_226' title='bbox 3454 570 3660 637; x_wconf 69' lang='lat' dir='ltr'><em>urgebit</em></span> 
     </span>
    </p>
   </div>
   <div class='ocr_carea' id='block_1_32' title="bbox 2088 653 3658 724">
    <p class='ocr_par' dir='ltr' id='par_1_32' title="bbox 2088 653 3658 724">
     <span class='ocr_line' id='line_1_32' title="bbox 2088 653 3658 724; baseline 0.006 -19"><span class='ocrx_word' id='word_1_227' title='bbox 2088 653 2326 706; x_wconf 83' lang='lat' dir='ltr'><em>illum&quot;.</em></span> <span class='ocrx_word' id='word_1_228' title='bbox 2362 653 2430 707; x_wconf 85' lang='lat' dir='ltr'><em>At</em></span> <span class='ocrx_word' id='word_1_229' title='bbox 2464 653 2753 706; x_wconf 75' lang='lat' dir='ltr'><em>Matthieus</em></span> <span class='ocrx_word' id='word_1_230' title='bbox 2783 654 2837 706; x_wconf 91' lang='lat' dir='ltr'><em>in</em></span> <span class='ocrx_word' id='word_1_231' title='bbox 2891 655 3170 724; x_wconf 90' lang='lat' dir='ltr'><em>parabolis</em></span> <span class='ocrx_word' id='word_1_232' title='bbox 3213 658 3489 720; x_wconf 87' lang='lat' dir='ltr'><em>clamans,</em></span> <span class='ocrx_word' id='word_1_233' title='bbox 3552 659 3658 714; x_wconf 90' lang='lat' dir='ltr'><em>Do-</em></span> 
     </span>
    </p>
   </div>
   <div class='ocr_carea' id='block_1_33' title="bbox 2087 744 3658 822">
    <p class='ocr_par' dir='ltr' id='par_1_33' title="bbox 2087 744 3658 822">
     <span class='ocr_line' id='line_1_33' title="bbox 2087 744 3658 822; baseline 0.006 -25"><span class='ocrx_word' id='word_1_234' title='bbox 2087 744 2334 813; x_wconf 89' lang='lat' dir='ltr'><em>minique</em></span> <span class='ocrx_word' id='word_1_235' title='bbox 2363 745 2677 798; x_wconf 87' lang='lat' dir='ltr'><em>mandatum</em></span> <span class='ocrx_word' id='word_1_236' title='bbox 2703 748 3054 812; x_wconf 89' lang='lat' dir='ltr'><em>annuntians,</em></span> <span class='ocrx_word' id='word_1_237' title='bbox 3089 750 3197 804; x_wconf 90' lang='lat' dir='ltr'><em>ait:</em></span> <span class='ocrx_word' id='word_1_238' title='bbox 3228 750 3384 806; x_wconf 81' lang='lat' dir='ltr'><em>Serve</em></span> <span class='ocrx_word' id='word_1_239' title='bbox 3414 769 3658 822; x_wconf 83' lang='lat' dir='ltr'><em>nequam,</em></span> 
     </span>
    </p>
   </div>
   <div class='ocr_carea' id='block_1_34' title="bbox 2091 836 3661 909">
    <p class='ocr_par' dir='ltr' id='par_1_34' title="bbox 2091 836 3661 909">
     <span class='ocr_line' id='line_1_34' title="bbox 2091 836 3661 909; baseline 0.006 -21"><span class='ocrx_word' id='word_1_240' title='bbox 2091 852 2243 889; x_wconf 85' lang='lat' dir='ltr'><em>omne</em></span> <span class='ocrx_word' id='word_1_241' title='bbox 2281 836 2512 889; x_wconf 77' lang='lat' dir='ltr'><em>debitum</em></span> <span class='ocrx_word' id='word_1_242' title='bbox 2545 836 2641 889; x_wconf 88' lang='lat' dir='ltr'><em>tibi</em></span> <span class='ocrx_word' id='word_1_243' title='bbox 2672 838 2889 899; x_wconf 84' lang='lat' dir='ltr'><em>remisi,</em></span> <span class='ocrx_word' id='word_1_244' title='bbox 2937 840 3059 906; x_wconf 82' lang='lat' dir='ltr'><em>quia</em></span> <span class='ocrx_word' id='word_1_245' title='bbox 3093 844 3290 909; x_wconf 84' lang='lat' dir='ltr'><em>rogasti</em></span> <span class='ocrx_word' id='word_1_246' title='bbox 3338 860 3418 896; x_wconf 86' lang='lat' dir='ltr'><em>me</em></span> <span class='ocrx_word' id='word_1_247' title='bbox 3445 858 3461 894; x_wconf 92' lang='lat'><strong><em>:</em></strong></span> <span class='ocrx_word' id='word_1_248' title='bbox 3493 861 3661 898; x_wconf 80' lang='lat' dir='ltr'><em>nonne</em></span> 
     </span>
    </p>
   </div>
   <div class='ocr_carea' id='block_1_35' title="bbox 2090 928 3662 1004">
    <p class='ocr_par' dir='ltr' id='par_1_35' title="bbox 2090 928 3662 1004">
     <span class='ocr_line' id='line_1_35' title="bbox 2090 928 3662 1004; baseline 0.006 -26"><span class='ocrx_word' id='word_1_249' title='bbox 2090 928 2359 994; x_wconf 67' lang='lat' dir='ltr'><em>oportebat</em></span> <span class='ocrx_word' id='word_1_250' title='bbox 2407 936 2455 979; x_wconf 75' lang='lat' dir='ltr'><em>et</em></span> <span class='ocrx_word' id='word_1_251' title='bbox 2490 937 2537 979; x_wconf 80' lang='lat' dir='ltr'><em>te</em></span> <span class='ocrx_word' id='word_1_252' title='bbox 2585 928 2820 980; x_wconf 78' lang='lat' dir='ltr'><em>misereri</em></span> <span class='ocrx_word' id='word_1_253' title='bbox 2855 932 3086 982; x_wconf 80' lang='lat' dir='ltr'><em>conservi</em></span> <span class='ocrx_word' id='word_1_254' title='bbox 3135 934 3241 993; x_wconf 88' lang='lat' dir='ltr'><em>tui,</em></span> <span class='ocrx_word' id='word_1_255' title='bbox 3297 943 3423 987; x_wconf 82' lang='lat' dir='ltr'><em>utet</em></span> <span class='ocrx_word' id='word_1_256' title='bbox 3453 951 3544 1004; x_wconf 75' lang='lat' dir='ltr'><em>ego</em></span> <span class='ocrx_word' id='word_1_257' title='bbox 3584 938 3662 989; x_wconf 81' lang='lat' dir='ltr'><em>tui</em></span> 
     </span>
    </p>
   </div>
   <div class='ocr_carea' id='block_1_36' title="bbox 2092 1016 3659 1079">
    <p class='ocr_par' dir='ltr' id='par_1_36' title="bbox 2092 1016 3659 1079">
     <span class='ocr_line' id='line_1_36' title="bbox 2092 1016 3659 1079; baseline 0.006 -10"><span class='ocrx_word' id='word_1_258' title='bbox 2092 1018 2339 1071; x_wconf 76' lang='lat' dir='ltr'><em>misrrtus</em></span> <span class='ocrx_word' id='word_1_259' title='bbox 2374 1021 2527 1073; x_wconf 83' lang='lat' dir='ltr'><em>sum?</em></span> <span class='ocrx_word' id='word_1_260' title='bbox 2560 1016 2627 1070; x_wconf 72' lang='lat' dir='ltr'><em>Et</em></span> <span class='ocrx_word' id='word_1_261' title='bbox 2679 1022 2850 1072; x_wconf 84' lang='lat' dir='ltr'><em>iratus</em></span> <span class='ocrx_word' id='word_1_262' title='bbox 2912 1020 3165 1075; x_wconf 79' lang='lat' dir='ltr'><em>Dominus</em></span> <span class='ocrx_word' id='word_1_263' title='bbox 3227 1025 3451 1078; x_wconf 81' lang='lat' dir='ltr'><em>tradidit</em></span> <span class='ocrx_word' id='word_1_264' title='bbox 3506 1026 3659 1079; x_wconf 86' lang='lat' dir='ltr'><em>illum</em></span> 
     </span>
    </p>
   </div>
   <div class='ocr_carea' id='block_1_37' title="bbox 2090 1109 3656 1179">
    <p class='ocr_par' dir='ltr' id='par_1_37' title="bbox 2090 1109 3656 1179">
     <span class='ocr_line' id='line_1_37' title="bbox 2090 1109 3656 1179; baseline 0.006 -18"><span class='ocrx_word' id='word_1_265' title='bbox 2090 1109 2420 1171; x_wconf 84' lang='lat' dir='ltr'><em>tortoribus,</em></span> <span class='ocrx_word' id='word_1_266' title='bbox 2459 1126 2727 1179; x_wconf 78' lang='lat' dir='ltr'><em>quousque</em></span> <span class='ocrx_word' id='word_1_267' title='bbox 2784 1113 3087 1177; x_wconf 79' lang='lat' dir='ltr'><em>persolrerit</em></span> <span class='ocrx_word' id='word_1_268' title='bbox 3135 1131 3286 1168; x_wconf 84' lang='lat' dir='ltr'><em>omne</em></span> <span class='ocrx_word' id='word_1_269' title='bbox 3335 1117 3568 1170; x_wconf 84' lang='lat' dir='ltr'><em>debitum</em></span> <span class='ocrx_word' id='word_1_270' title='bbox 3593 1119 3656 1170; x_wconf 84' lang='grc'><em>¹⁸.</em></span> 
     </span>
    </p>
   </div>
   <div class='ocr_carea' id='block_1_38' title="bbox 2089 1197 3657 1272">
    <p class='ocr_par' dir='ltr' id='par_1_38' title="bbox 2089 1197 3657 1272">
     <span class='ocr_line' id='line_1_38' title="bbox 2089 1197 3657 1272; baseline 0.004 -21"><span class='ocrx_word' id='word_1_271' title='bbox 2089 1197 2245 1252; x_wconf 89' lang='lat' dir='ltr'><em>Tune</em></span> <span class='ocrx_word' id='word_1_272' title='bbox 2279 1216 2401 1253; x_wconf 82' lang='lat' dir='ltr'><em>sera</em></span> <span class='ocrx_word' id='word_1_273' title='bbox 2434 1209 2487 1252; x_wconf 85' lang='lat' dir='ltr'><em>et</em></span> <span class='ocrx_word' id='word_1_274' title='bbox 2517 1200 2858 1254; x_wconf 78' lang='lat' dir='ltr'><em>infructuosa</em></span> <span class='ocrx_word' id='word_1_275' title='bbox 2913 1204 3233 1272; x_wconf 72' lang='lat' dir='ltr'><em>pmoiteutia</em></span> <span class='ocrx_word' id='word_1_276' title='bbox 3275 1206 3533 1271; x_wconf 88' lang='lat' dir='ltr'><em>duceris,</em></span> <span class='ocrx_word' id='word_1_277' title='bbox 3573 1208 3657 1260; x_wconf 91' lang='lat' dir='ltr'><em>ln-</em></span> 
     </span>
    </p>
   </div>
   <div class='ocr_carea' id='block_1_39' title="bbox 2086 1291 3657 1365">
    <p class='ocr_par' dir='ltr' id='par_1_39' title="bbox 2086 1291 3657 1365">
     <span class='ocr_line' id='line_1_39' title="bbox 2086 1291 3657 1365; baseline 0.006 -23"><span class='ocrx_word' id='word_1_278' title='bbox 2086 1298 2324 1358; x_wconf 85' lang='lat' dir='ltr'><em>clusque</em></span> <span class='ocrx_word' id='word_1_279' title='bbox 2355 1291 2715 1359; x_wconf 79' lang='lat' dir='ltr'><em>gravissimus</em></span> <span class='ocrx_word' id='word_1_280' title='bbox 2748 1301 2799 1346; x_wconf 90' lang='lat' dir='ltr'><em>te</em></span> <span class='ocrx_word' id='word_1_281' title='bbox 2843 1293 3100 1355; x_wconf 75' lang='lat' dir='ltr'><em>incessat,</em></span> <span class='ocrx_word' id='word_1_282' title='bbox 3132 1304 3185 1348; x_wconf 90' lang='lat' dir='ltr'><em>et</em></span> <span class='ocrx_word' id='word_1_283' title='bbox 3216 1311 3378 1365; x_wconf 79' lang='lat' dir='ltr'><em>poma</em></span> <span class='ocrx_word' id='word_1_284' title='bbox 3429 1298 3657 1353; x_wconf 86' lang='lat' dir='ltr'><em>inevita-</em></span> 
     </span>
    </p>
   </div>
   <div class='ocr_carea' id='block_1_40' title="bbox 2088 1378 3661 1455">
    <p class='ocr_par' dir='ltr' id='par_1_40' title="bbox 2088 1378 3661 1455">
     <span class='ocr_line' id='line_1_40' title="bbox 2088 1378 3661 1455; baseline 0.008 -25"><span class='ocrx_word' id='word_1_285' title='bbox 2088 1378 2181 1431; x_wconf 87' lang='lat' dir='ltr'><em>bili</em></span> <span class='ocrx_word' id='word_1_286' title='bbox 2212 1379 2476 1447; x_wconf 86' lang='lat' dir='ltr'><em>punieris.</em></span> <span class='ocrx_word' id='word_1_287' title='bbox 2512 1379 2622 1434; x_wconf 85' lang='lat' dir='ltr'><em>Nec</em></span> <span class='ocrx_word' id='word_1_288' title='bbox 2650 1382 2743 1434; x_wconf 88' lang='lat' dir='ltr'><em>tibi</em></span> <span class='ocrx_word' id='word_1_289' title='bbox 2770 1381 3088 1450; x_wconf 88' lang='lat' dir='ltr'><em>adjumcuto</em></span> <span class='ocrx_word' id='word_1_290' title='bbox 3143 1388 3247 1439; x_wconf 89' lang='lat' dir='ltr'><em>erit</em></span> <span class='ocrx_word' id='word_1_291' title='bbox 3284 1401 3478 1441; x_wconf 89' lang='lat' dir='ltr'><em>aurum</em></span> <span class='ocrx_word' id='word_1_292' title='bbox 3508 1428 3523 1455; x_wconf 92' lang='lat'><em>,</em></span> <span class='ocrx_word' id='word_1_293' title='bbox 3562 1405 3661 1443; x_wconf 88' lang='lat' dir='ltr'><em>nee</em></span> 
     </span>
    </p>
   </div>
   <div class='ocr_carea' id='block_1_41' title="bbox 2086 1468 3661 1540">
    <p class='ocr_par' dir='ltr' id='par_1_41' title="bbox 2086 1468 3661 1540">
     <span class='ocr_line' id='line_1_41' title="bbox 2086 1468 3661 1540; baseline 0.008 -17"><span class='ocrx_word' id='word_1_294' title='bbox 2086 1485 2245 1540; x_wconf 86' lang='lat' dir='ltr'><em>opem</em></span> <span class='ocrx_word' id='word_1_295' title='bbox 2281 1468 2421 1525; x_wconf 87' lang='lat' dir='ltr'><em>feret</em></span> <span class='ocrx_word' id='word_1_296' title='bbox 2447 1478 2755 1540; x_wconf 79' lang='lat' dir='ltr'><em>argentum.</em></span> <span class='ocrx_word' id='word_1_297' title='bbox 2811 1470 3064 1529; x_wconf 80' lang='lat' dir='ltr'><em>Amarior</em></span> <span class='ocrx_word' id='word_1_298' title='bbox 3118 1476 3243 1532; x_wconf 87' lang='lat' dir='ltr'><em>felle</em></span> <span class='ocrx_word' id='word_1_299' title='bbox 3296 1479 3401 1532; x_wconf 89' lang='lat' dir='ltr'><em>erit</em></span> <span class='ocrx_word' id='word_1_300' title='bbox 3456 1476 3661 1535; x_wconf 85' lang='lat' dir='ltr'><em>fenoris</em></span> 
     </span>
    </p>
   </div>
   <div class='ocr_carea' id='block_1_42' title="bbox 2086 1560 3662 1629">
    <p class='ocr_par' dir='ltr' id='par_1_42' title="bbox 2086 1560 3662 1629">
     <span class='ocr_line' id='line_1_42' title="bbox 2086 1560 3662 1629; baseline 0.008 -16"><span class='ocrx_word' id='word_1_301' title='bbox 2086 1563 2353 1629; x_wconf 78' lang='lat' dir='ltr'><em>acceptio.</em></span> <span class='ocrx_word' id='word_1_302' title='bbox 2390 1560 2515 1615; x_wconf 69' lang='lat' dir='ltr'><em>Haec</em></span> <span class='ocrx_word' id='word_1_303' title='bbox 2550 1578 2659 1615; x_wconf 90' lang='lat' dir='ltr'><em>non</em></span> <span class='ocrx_word' id='word_1_304' title='bbox 2692 1573 2819 1617; x_wconf 90' lang='lat' dir='ltr'><em>sunt</em></span> <span class='ocrx_word' id='word_1_305' title='bbox 2877 1567 3022 1621; x_wconf 90' lang='lat' dir='ltr'><em>nuda</em></span> <span class='ocrx_word' id='word_1_306' title='bbox 3058 1569 3349 1624; x_wconf 78' lang='lat' dir='ltr'><em>verborum</em></span> <span class='ocrx_word' id='word_1_307' title='bbox 3378 1574 3662 1627; x_wconf 81' lang='lat' dir='ltr'><em>terricula-</em></span> 
     </span>
    </p>
   </div>
   <div class='ocr_carea' id='block_1_43' title="bbox 2088 1654 3659 1731">
    <p class='ocr_par' dir='ltr' id='par_1_43' title="bbox 2088 1654 3659 1731">
     <span class='ocr_line' id='line_1_43' title="bbox 2088 1654 3659 1731; baseline 0.009 -26"><span class='ocrx_word' id='word_1_308' title='bbox 2088 1660 2269 1706; x_wconf 84' lang='lat' dir='ltr'><em>menta</em></span> <span class='ocrx_word' id='word_1_309' title='bbox 2298 1691 2313 1715; x_wconf 88' lang='lat'><em>,</em></span> <span class='ocrx_word' id='word_1_310' title='bbox 2350 1657 2449 1708; x_wconf 84' lang='lat' dir='ltr'><em>sed</em></span> <span class='ocrx_word' id='word_1_311' title='bbox 2483 1654 2601 1723; x_wconf 85' lang='lat' dir='ltr'><em>ipsa</em></span> <span class='ocrx_word' id='word_1_312' title='bbox 2636 1656 2712 1709; x_wconf 93' lang='lat' dir='ltr'><em>rei</em></span> <span class='ocrx_word' id='word_1_313' title='bbox 2743 1658 2945 1715; x_wconf 85' lang='lat' dir='ltr'><em>veritas</em></span> <span class='ocrx_word' id='word_1_314' title='bbox 2972 1699 2987 1725; x_wconf 91' lang='lat'><em>,</em></span> <span class='ocrx_word' id='word_1_315' title='bbox 3027 1676 3151 1731; x_wconf 77' lang='lat' dir='ltr'><em>qua:</em></span> <span class='ocrx_word' id='word_1_316' title='bbox 3198 1661 3470 1730; x_wconf 86' lang='lat' dir='ltr'><em>judicium</em></span> <span class='ocrx_word' id='word_1_317' title='bbox 3513 1664 3659 1719; x_wconf 82' lang='lat' dir='ltr'><em>futu-</em></span> 
     </span>
    </p>
   </div>
   <div class='ocr_carea' id='block_1_44' title="bbox 2089 1745 3663 1826">
    <p class='ocr_par' dir='ltr' id='par_1_44' title="bbox 2089 1745 3663 1826">
     <span class='ocr_line' id='line_1_44' title="bbox 2089 1745 3663 1826; baseline 0.008 -30"><span class='ocrx_word' id='word_1_318' title='bbox 2089 1759 2208 1797; x_wconf 91' lang='lat' dir='ltr'><em>rum</em></span> <span class='ocrx_word' id='word_1_319' title='bbox 2239 1745 2393 1815; x_wconf 87' lang='lat' dir='ltr'><em>prius</em></span> <span class='ocrx_word' id='word_1_320' title='bbox 2446 1755 2719 1811; x_wconf 86' lang='lat' dir='ltr'><em>testatur,</em></span> <span class='ocrx_word' id='word_1_321' title='bbox 2755 1764 2917 1819; x_wconf 88' lang='lat' dir='ltr'><em>quam</em></span> <span class='ocrx_word' id='word_1_322' title='bbox 2967 1754 3303 1821; x_wconf 72' lang='lat' dir='ltr'><em>experientia</em></span> <span class='ocrx_word' id='word_1_323' title='bbox 3361 1771 3663 1826; x_wconf 76' lang='lat' dir='ltr'><em>cognosca-</em></span> 
     </span>
    </p>
   </div>
   <div class='ocr_carea' id='block_1_45' title="bbox 2017 1825 3659 1914">
    <p class='ocr_par' dir='ltr' id='par_1_45' title="bbox 2017 1825 3659 1914">
     <span class='ocr_line' id='line_1_45' title="bbox 2017 1825 3659 1914; baseline 0.008 -25"><span class='ocrx_word' id='word_1_324' title='bbox 2017 1825 2058 1883; x_wconf 77' lang='grc' dir='ltr'><strong>Β</strong></span> <span class='ocrx_word' id='word_1_325' title='bbox 2088 1844 2179 1890; x_wconf 92' lang='lat' dir='ltr'><em>tur</em></span> <span class='ocrx_word' id='word_1_326' title='bbox 2201 1879 2217 1901; x_wconf 90' lang='lat'><em>,</em></span> <span class='ocrx_word' id='word_1_327' title='bbox 2248 1837 2392 1908; x_wconf 86' lang='lat' dir='ltr'><em>quod</em></span> <span class='ocrx_word' id='word_1_328' title='bbox 2426 1838 2656 1907; x_wconf 84' lang='lat' dir='ltr'><em>proinde</em></span> <span class='ocrx_word' id='word_1_329' title='bbox 2676 1841 2758 1894; x_wconf 86' lang='lat' dir='ltr'><em>vir</em></span> <span class='ocrx_word' id='word_1_330' title='bbox 2780 1840 3050 1910; x_wconf 85' lang='lat' dir='ltr'><em>prudens,</em></span> <span class='ocrx_word' id='word_1_331' title='bbox 3083 1854 3139 1901; x_wconf 90' lang='lat' dir='ltr'><em>et</em></span> <span class='ocrx_word' id='word_1_332' title='bbox 3172 1848 3264 1902; x_wconf 90' lang='lat' dir='ltr'><em>cui</em></span> <span class='ocrx_word' id='word_1_333' title='bbox 3294 1825 3659 1914; x_wconf 15' lang='lat' dir='ltr'><em>curaifuturi,</em></span> 
     </span>
    </p>
   </div>
   <div class='ocr_carea' id='block_1_46' title="bbox 2088 1928 2796 1988">
    <p class='ocr_par' dir='ltr' id='par_1_46' title="bbox 2088 1928 2796 1988">
     <span class='ocr_line' id='line_1_46' title="bbox 2088 1928 2796 1988; baseline 0.003 -4"><span class='ocrx_word' id='word_1_334' title='bbox 2088 1928 2279 1985; x_wconf 88' lang='lat' dir='ltr'><em>sedulo</em></span> <span class='ocrx_word' id='word_1_335' title='bbox 2313 1946 2508 1985; x_wconf 88' lang='lat' dir='ltr'><em>cavere</em></span> <span class='ocrx_word' id='word_1_336' title='bbox 2536 1932 2796 1988; x_wconf 86' lang='lat' dir='ltr'><em>studebit.</em></span> 
     </span>
    </p>
   </div>
   <div class='ocr_carea' id='block_1_47' title="bbox 2160 2042 3661 2117">
    <p class='ocr_par' dir='ltr' id='par_1_47' title="bbox 2160 2042 3661 2117">
     <span class='ocr_line' id='line_1_47' title="bbox 2160 2042 3661 2117; baseline 0.005 -18"><span class='ocrx_word' id='word_1_337' title='bbox 2160 2042 2231 2099; x_wconf 88' lang='lat' dir='ltr'><em>Ut</em></span> <span class='ocrx_word' id='word_1_338' title='bbox 2258 2060 2392 2099; x_wconf 87' lang='lat' dir='ltr'><em>vero</em></span> <span class='ocrx_word' id='word_1_339' title='bbox 2437 2046 2691 2102; x_wconf 89' lang='lat' dir='ltr'><em>utilitatis</em></span> <span class='ocrx_word' id='word_1_340' title='bbox 2754 2046 2959 2117; x_wconf 89' lang='lat' dir='ltr'><em>aliquid</em></span> <span class='ocrx_word' id='word_1_341' title='bbox 3016 2050 3366 2109; x_wconf 77' lang='lat' dir='ltr'><em>audientibus</em></span> <span class='ocrx_word' id='word_1_342' title='bbox 3398 2052 3661 2116; x_wconf 82' lang='lat' dir='ltr'><em>atl‘eram,</em></span> 
     </span>
    </p>
   </div>
   <div class='ocr_carea' id='block_1_48' title="bbox 2088 2136 3662 2209">
    <p class='ocr_par' dir='ltr' id='par_1_48' title="bbox 2088 2136 3662 2209">
     <span class='ocr_line' id='line_1_48' title="bbox 2088 2136 3662 2209; baseline 0.008 -22"><span class='ocrx_word' id='word_1_343' title='bbox 2088 2136 2363 2190; x_wconf 88' lang='lat' dir='ltr'><em>narrando</em></span> <span class='ocrx_word' id='word_1_344' title='bbox 2392 2138 2650 2206; x_wconf 81' lang='lat' dir='ltr'><em>quiddam</em></span> <span class='ocrx_word' id='word_1_345' title='bbox 2683 2140 2826 2209; x_wconf 88' lang='lat' dir='ltr'><em>quod</em></span> <span class='ocrx_word' id='word_1_346' title='bbox 2858 2155 2975 2195; x_wconf 73' lang='grc' dir='ltr'>ιενο</span> <span class='ocrx_word' id='word_1_347' title='bbox 3005 2151 3197 2197; x_wconf 90' lang='lat' dir='ltr'><em>nostro</em></span> <span class='ocrx_word' id='word_1_348' title='bbox 3231 2144 3284 2198; x_wconf 89' lang='lat' dir='ltr'><em>in</em></span> <span class='ocrx_word' id='word_1_349' title='bbox 3320 2146 3534 2201; x_wconf 72' lang='lat' dir='ltr'><em>aedibus</em></span> <span class='ocrx_word' id='word_1_350' title='bbox 3560 2162 3662 2200; x_wconf 86' lang='lat' dir='ltr'><em>cu-</em></span> 
     </span>
    </p>
   </div>
   <div class='ocr_carea' id='block_1_49' title="bbox 2082 2226 3663 2305">
    <p class='ocr_par' dir='ltr' id='par_1_49' title="bbox 2082 2226 3663 2305">
     <span class='ocr_line' id='line_1_49' title="bbox 2082 2226 3663 2305; baseline 0.009 -29"><span class='ocrx_word' id='word_1_351' title='bbox 2082 2226 2301 2294; x_wconf 88' lang='lat' dir='ltr'><em>jusdam</em></span> <span class='ocrx_word' id='word_1_352' title='bbox 2350 2228 2677 2284; x_wconf 80' lang='lat' dir='ltr'><em>feneratoris</em></span> <span class='ocrx_word' id='word_1_353' title='bbox 2733 2241 2859 2286; x_wconf 93' lang='lat' dir='ltr'><em>ante</em></span> <span class='ocrx_word' id='word_1_354' title='bbox 2894 2232 3025 2286; x_wconf 91' lang='lat' dir='ltr'><em>illud</em></span> <span class='ocrx_word' id='word_1_355' title='bbox 3082 2234 3172 2288; x_wconf 89' lang='lat' dir='ltr'><em>Dei</em></span> <span class='ocrx_word' id='word_1_356' title='bbox 3226 2235 3491 2305; x_wconf 81' lang='lat' dir='ltr'><em>judicium</em></span> <span class='ocrx_word' id='word_1_357' title='bbox 3529 2250 3663 2290; x_wconf 87' lang='lat' dir='ltr'><em>cou-</em></span> 
     </span>
    </p>
   </div>
   <div class='ocr_carea' id='block_1_50' title="bbox 2088 2319 3661 2393">
    <p class='ocr_par' dir='ltr' id='par_1_50' title="bbox 2088 2319 3661 2393">
     <span class='ocr_line' id='line_1_50' title="bbox 2088 2319 3661 2393; baseline 0.005 -21"><span class='ocrx_word' id='word_1_358' title='bbox 2088 2319 2230 2389; x_wconf 81' lang='lat' dir='ltr'><em>tigit,</em></span> <span class='ocrx_word' id='word_1_359' title='bbox 2267 2319 2571 2375; x_wconf 86' lang='lat' dir='ltr'><em>attendite:</em></span> <span class='ocrx_word' id='word_1_360' title='bbox 2604 2322 2705 2376; x_wconf 89' lang='lat' dir='ltr'><em>etsi</em></span> <span class='ocrx_word' id='word_1_361' title='bbox 2760 2322 3010 2379; x_wconf 79' lang='lat' dir='ltr'><em>fortassis</em></span> <span class='ocrx_word' id='word_1_362' title='bbox 3049 2325 3205 2379; x_wconf 86' lang='lat' dir='ltr'><em>multi</em></span> <span class='ocrx_word' id='word_1_363' title='bbox 3257 2335 3498 2380; x_wconf 86' lang='lat' dir='ltr'><em>vestrum</em></span> <span class='ocrx_word' id='word_1_364' title='bbox 3568 2327 3618 2380; x_wconf 91' lang='lat' dir='ltr'><em>id</em></span> <span class='ocrx_word' id='word_1_365' title='bbox 3643 2366 3661 2393; x_wconf 91' lang='lat'><em>,</em></span> 
     </span>
    </p>
   </div>
   <div class='ocr_carea' id='block_1_51' title="bbox 2087 2408 3662 2486">
    <p class='ocr_par' dir='ltr' id='par_1_51' title="bbox 2087 2408 3662 2486">
     <span class='ocr_line' id='line_1_51' title="bbox 2087 2408 3662 2486; baseline 0.004 -24"><span class='ocrx_word' id='word_1_366' title='bbox 2087 2408 2233 2478; x_wconf 80' lang='lat' dir='ltr'><em>quod</em></span> <span class='ocrx_word' id='word_1_367' title='bbox 2290 2421 2825 2468; x_wconf 80' lang='lat' dir='ltr'><em>commemoraturus</em></span> <span class='ocrx_word' id='word_1_368' title='bbox 2870 2428 3012 2478; x_wconf 91' lang='lat' dir='ltr'><em>sum,</em></span> <span class='ocrx_word' id='word_1_369' title='bbox 3039 2413 3150 2484; x_wconf 66' lang='lat' dir='ltr'><em>iam</em></span> <span class='ocrx_word' id='word_1_370' title='bbox 3193 2415 3533 2486; x_wconf 79' lang='lat' dir='ltr'><em>exploratum</em></span> <span class='ocrx_word' id='word_1_371' title='bbox 3564 2415 3662 2469; x_wconf 87' lang='lat' dir='ltr'><em>ha-</em></span> 
     </span>
    </p>
   </div>
   <div class='ocr_carea' id='block_1_52' title="bbox 2088 2501 2303 2556">
    <p class='ocr_par' dir='ltr' id='par_1_52' title="bbox 2088 2501 2303 2556">
     <span class='ocr_line' id='line_1_52' title="bbox 2088 2501 2303 2556; baseline -0.014 0"><span class='ocrx_word' id='word_1_372' title='bbox 2088 2501 2263 2556; x_wconf 86' lang='lat' dir='ltr'><em>beatis</em></span> <span class='ocrx_word' id='word_1_373' title='bbox 2288 2516 2303 2553; x_wconf 89' lang='lat'><strong>:</strong></span> 
     </span>
    </p>
   </div>
   <div class='ocr_carea' id='block_1_53' title="bbox 2158 2633 3664 2706">
    <p class='ocr_par' dir='ltr' id='par_1_53' title="bbox 2158 2633 3664 2706">
     <span class='ocr_line' id='line_1_53' title="bbox 2158 2633 3664 2706; baseline 0.004 -18"><span class='ocrx_word' id='word_1_374' title='bbox 2158 2633 2287 2689; x_wconf 82' lang='lat' dir='ltr'><em>Erat</em></span> <span class='ocrx_word' id='word_1_375' title='bbox 2316 2634 2398 2689; x_wconf 87' lang='lat' dir='ltr'><em>vir</em></span> <span class='ocrx_word' id='word_1_376' title='bbox 2420 2634 2641 2706; x_wconf 87' lang='lat' dir='ltr'><em>quidam</em></span> <span class='ocrx_word' id='word_1_377' title='bbox 2692 2634 2746 2690; x_wconf 89' lang='lat' dir='ltr'><em>in</em></span> <span class='ocrx_word' id='word_1_378' title='bbox 2776 2635 2996 2691; x_wconf 81' lang='lat' dir='ltr'><em>civitate</em></span> <span class='ocrx_word' id='word_1_379' title='bbox 3029 2634 3094 2691; x_wconf 82' lang='grc' dir='ltr'><em>Ν.</em></span> <span class='ocrx_word' id='word_1_380' title='bbox 3133 2638 3154 2706; x_wconf 91' lang='grc'>(</span> <span class='ocrx_word' id='word_1_381' title='bbox 3186 2652 3385 2694; x_wconf 88' lang='lat' dir='ltr'><em>nomen</em></span> <span class='ocrx_word' id='word_1_382' title='bbox 3420 2640 3664 2695; x_wconf 84' lang='lat' dir='ltr'><em>reticebo</em></span> 
     </span>
    </p>
   </div>
   <div class='ocr_carea' id='block_1_54' title="bbox 2089 2724 3661 2798">
    <p class='ocr_par' dir='ltr' id='par_1_54' title="bbox 2089 2724 3661 2798">
     <span class='ocr_line' id='line_1_54' title="bbox 2089 2724 3661 2798; baseline 0.004 -19"><span class='ocrx_word' id='word_1_383' title='bbox 2089 2740 2159 2779; x_wconf 88' lang='lat' dir='ltr'><em>ne</em></span> <span class='ocrx_word' id='word_1_384' title='bbox 2222 2724 2411 2780; x_wconf 88' lang='lat' dir='ltr'><em>videar</em></span> <span class='ocrx_word' id='word_1_385' title='bbox 2457 2735 2733 2781; x_wconf 80' lang='lat' dir='ltr'><em>mortuum</em></span> <span class='ocrx_word' id='word_1_386' title='bbox 2765 2728 3085 2782; x_wconf 89' lang='lat' dir='ltr'><em>nominatim</em></span> <span class='ocrx_word' id='word_1_387' title='bbox 3120 2730 3407 2786; x_wconf 83' lang='lat' dir='ltr'><em>traducere</em></span> <span class='ocrx_word' id='word_1_388' title='bbox 3439 2733 3575 2786; x_wconf 85' lang='lat' dir='ltr'><em>velle</em></span> <span class='ocrx_word' id='word_1_389' title='bbox 3603 2734 3661 2798; x_wconf 90' lang='lat'><em>);</em></span> 
     </span>
    </p>
   </div>
   <div class='ocr_carea' id='block_1_55' title="bbox 2089 2813 3663 2887">
    <p class='ocr_par' dir='ltr' id='par_1_55' title="bbox 2089 2813 3663 2887">
     <span class='ocr_line' id='line_1_55' title="bbox 2089 2813 3663 2887; baseline 0.006 -21"><span class='ocrx_word' id='word_1_390' title='bbox 2089 2813 2218 2868; x_wconf 80' lang='lat' dir='ltr'><em>huic</em></span> <span class='ocrx_word' id='word_1_391' title='bbox 2274 2815 2565 2881; x_wconf 79' lang='lat' dir='ltr'><em>fenerare,</em></span> <span class='ocrx_word' id='word_1_392' title='bbox 2618 2816 2863 2886; x_wconf 87' lang='lat' dir='ltr'><em>lucrique</em></span> <span class='ocrx_word' id='word_1_393' title='bbox 2934 2817 3143 2887; x_wconf 87' lang='lat' dir='ltr'><em>aliquid</em></span> <span class='ocrx_word' id='word_1_394' title='bbox 3188 2828 3256 2873; x_wconf 74' lang='lat' dir='ltr'><em>ex</em></span> <span class='ocrx_word' id='word_1_395' title='bbox 3325 2819 3663 2875; x_wconf 83' lang='lat' dir='ltr'><em>detestandis</em></span> 
     </span>
    </p>
   </div>
   <div class='ocr_carea' id='block_1_56' title="bbox 2089 2905 3661 2981">
    <p class='ocr_par' dir='ltr' id='par_1_56' title="bbox 2089 2905 3661 2981">
     <span class='ocr_line' id='line_1_56' title="bbox 2089 2905 3661 2981; baseline 0.001 -18"><span class='ocrx_word' id='word_1_396' title='bbox 2089 2910 2275 2964; x_wconf 88' lang='lat' dir='ltr'><em>usuris</em></span> <span class='ocrx_word' id='word_1_397' title='bbox 2328 2924 2527 2978; x_wconf 84' lang='lat' dir='ltr'><em>capere</em></span> <span class='ocrx_word' id='word_1_398' title='bbox 2554 2948 2569 2972; x_wconf 83' lang='lat'><em>.</em></span> <span class='ocrx_word' id='word_1_399' title='bbox 2613 2912 2772 2964; x_wconf 86' lang='lat' dir='ltr'><em>unica</em></span> <span class='ocrx_word' id='word_1_400' title='bbox 2807 2925 2899 2966; x_wconf 85' lang='lat' dir='ltr'><em>ars</em></span> <span class='ocrx_word' id='word_1_401' title='bbox 2936 2917 3075 2966; x_wconf 87' lang='lat' dir='ltr'><em>erat.</em></span> <span class='ocrx_word' id='word_1_402' title='bbox 3123 2905 3423 2981; x_wconf 85' lang='lat' dir='ltr'><em>Correptus</em></span> <span class='ocrx_word' id='word_1_403' title='bbox 3480 2919 3661 2967; x_wconf 89' lang='lat' dir='ltr'><em>autem</em></span> 
     </span>
    </p>
   </div>
   <div class='ocr_carea' id='block_1_57' title="bbox 2088 3000 3660 3073">
    <p class='ocr_par' dir='ltr' id='par_1_57' title="bbox 2088 3000 3660 3073">
     <span class='ocr_line' id='line_1_57' title="bbox 2088 3000 3660 3073; baseline 0 -19"><span class='ocrx_word' id='word_1_404' title='bbox 2088 3000 2191 3055; x_wconf 83' lang='lat' dir='ltr'><em>hoc</em></span> <span class='ocrx_word' id='word_1_405' title='bbox 2229 3002 2472 3055; x_wconf 80' lang='lat' dir='ltr'><em>avaritiae</em></span> <span class='ocrx_word' id='word_1_406' title='bbox 2503 3002 2718 3065; x_wconf 89' lang='lat' dir='ltr'><em>morbo,</em></span> <span class='ocrx_word' id='word_1_407' title='bbox 2752 3011 2914 3055; x_wconf 81' lang='lat' dir='ltr'><em>tenax</em></span> <span class='ocrx_word' id='word_1_408' title='bbox 2950 3008 3003 3057; x_wconf 90' lang='lat' dir='ltr'><em>et</em></span> <span class='ocrx_word' id='word_1_409' title='bbox 3034 3002 3290 3058; x_wconf 84' lang='lat' dir='ltr'><em>sordidus</em></span> <span class='ocrx_word' id='word_1_410' title='bbox 3334 3004 3386 3056; x_wconf 92' lang='lat' dir='ltr'><em>in</em></span> <span class='ocrx_word' id='word_1_411' title='bbox 3422 3004 3660 3073; x_wconf 81' lang='lat' dir='ltr'><em>seipsum</em></span> 
     </span>
    </p>
   </div>
   <div class='ocr_carea' id='block_1_58' title="bbox 2088 3091 3659 3166">
    <p class='ocr_par' dir='ltr' id='par_1_58' title="bbox 2088 3091 3659 3166">
     <span class='ocr_line' id='line_1_58' title="bbox 2088 3091 3659 3166; baseline 0.001 -19"><span class='ocrx_word' id='word_1_412' title='bbox 2088 3107 2330 3163; x_wconf 86' lang='lat' dir='ltr'><em>suosque</em></span> <span class='ocrx_word' id='word_1_413' title='bbox 2360 3091 2537 3147; x_wconf 83' lang='lat' dir='ltr'><em>evasit</em></span> <span class='ocrx_word' id='word_1_414' title='bbox 2575 3093 2594 3163; x_wconf 95' lang='lat'><strong>(</strong></span> <span class='ocrx_word' id='word_1_415' title='bbox 2625 3098 2681 3146; x_wconf 90' lang='lat' dir='ltr'><em>ut</em></span> <span class='ocrx_word' id='word_1_416' title='bbox 2712 3094 2886 3148; x_wconf 84' lang='lat' dir='ltr'><em>solent</em></span> <span class='ocrx_word' id='word_1_417' title='bbox 2925 3094 3150 3163; x_wconf 82' lang='lat' dir='ltr'><em>avari),</em></span> <span class='ocrx_word' id='word_1_418' title='bbox 3203 3095 3404 3164; x_wconf 86' lang='lat' dir='ltr'><em>quippe</em></span> <span class='ocrx_word' id='word_1_419' title='bbox 3452 3096 3549 3166; x_wconf 87' lang='lat' dir='ltr'><em>qui</em></span> <span class='ocrx_word' id='word_1_420' title='bbox 3605 3096 3659 3149; x_wconf 90' lang='lat' dir='ltr'><em>in</em></span> 
     </span>
    </p>
   </div>
   <div class='ocr_carea' id='block_1_59' title="bbox 407 3171 1982 3255">
    <p class='ocr_par' dir='ltr' id='par_1_59' title="bbox 407 3172 1982 3250">
     <span class='ocr_line' id='line_1_59' title="bbox 407 3172 1982 3250; baseline -0.004 -20"><span class='ocrx_word' id='word_1_421' title='bbox 407 3176 685 3250; x_wconf 80' lang='grc' dir='ltr'>τράπεζαν</span> <span class='ocrx_word' id='word_1_422' title='bbox 714 3176 962 3247; x_wconf 75' lang='grc' dir='ltr'>αὐτάρκη</span> <span class='ocrx_word' id='word_1_423' title='bbox 990 3174 1444 3245; x_wconf 74' lang='grc' dir='ltr'>παρατιοέμενος,</span> <span class='ocrx_word' id='word_1_424' title='bbox 1478 3172 1575 3243; x_wconf 75' lang='grc' dir='ltr'><em>οὐχ</em></span> <span class='ocrx_word' id='word_1_425' title='bbox 1607 3172 1839 3243; x_wconf 77' lang='grc' dir='ltr'>ἱματίων</span> <span class='ocrx_word' id='word_1_426' title='bbox 1869 3184 1982 3225; x_wconf 81' lang='grc' dir='ltr'>συν-</span> 
     </span>
    </p>
   </div>
   <div class='ocr_carea' id='block_1_60' title="bbox 2085 3171 3661 3255">
    <p class='ocr_par' dir='ltr' id='par_1_60' title="bbox 2087 3184 3661 3255">
     <span class='ocr_line' id='line_1_60' title="bbox 2087 3184 3661 3255; baseline 0.001 -17"><span class='ocrx_word' id='word_1_427' title='bbox 2087 3199 2272 3238; x_wconf 82' lang='lat' dir='ltr'><em>mensa</em></span> <span class='ocrx_word' id='word_1_428' title='bbox 2306 3196 2483 3254; x_wconf 83' lang='lat' dir='ltr'><em>neque</em></span> <span class='ocrx_word' id='word_1_429' title='bbox 2516 3184 2652 3239; x_wconf 83' lang='lat' dir='ltr'><em>satis</em></span> <span class='ocrx_word' id='word_1_430' title='bbox 2705 3184 2810 3238; x_wconf 89' lang='lat' dir='ltr'><em>cibi</em></span> <span class='ocrx_word' id='word_1_431' title='bbox 2863 3192 3184 3254; x_wconf 87' lang='lat' dir='ltr'><em>apponeret,</em></span> <span class='ocrx_word' id='word_1_432' title='bbox 3252 3200 3429 3255; x_wconf 82' lang='lat' dir='ltr'><em>neque</em></span> <span class='ocrx_word' id='word_1_433' title='bbox 3481 3194 3661 3240; x_wconf 72' lang='lat' dir='ltr'><em>vestes</em></span> 
     </span>
    </p>
   </div>
   <div class='ocr_carea' id='block_1_61' title="bbox 407 3264 1987 3341">
    <p class='ocr_par' dir='ltr' id='par_1_61' title="bbox 407 3264 1987 3341">
     <span class='ocr_line' id='line_1_61' title="bbox 407 3264 1987 3341; baseline -0.004 -18"><span class='ocrx_word' id='word_1_434' title='bbox 407 3273 586 3341; x_wconf 78' lang='grc' dir='ltr'>ἑχειαν</span> <span class='ocrx_word' id='word_1_435' title='bbox 620 3270 773 3340; x_wconf 83' lang='grc'><em>(57),</em></span> <span class='ocrx_word' id='word_1_436' title='bbox 822 3269 855 3340; x_wconf 81' lang='grc' dir='ltr'>ἢ</span> <span class='ocrx_word' id='word_1_437' title='bbox 904 3267 1046 3321; x_wconf 64' lang='grc' dir='ltr'>κατὰ</span> <span class='ocrx_word' id='word_1_438' title='bbox 1093 3267 1303 3338; x_wconf 80' lang='grc' dir='ltr'>χρείαν,</span> <span class='ocrx_word' id='word_1_439' title='bbox 1341 3266 1607 3336; x_wconf 82' lang='grc' dir='ltr'>ἀμείϐων,</span> <span class='ocrx_word' id='word_1_440' title='bbox 1657 3266 1717 3319; x_wconf 83' lang='grc' dir='ltr'><em>οὐ</em></span> <span class='ocrx_word' id='word_1_441' title='bbox 1774 3264 1987 3329; x_wconf 78' lang='grc' dir='ltr'>τέκνοις</span> 
     </span>
    </p>
   </div>
   <div class='ocr_carea' id='block_1_62' title="bbox 409 3356 1989 3433">
    <p class='ocr_par' dir='ltr' id='par_1_62' title="bbox 409 3356 1989 3433">
     <span class='ocr_line' id='line_1_62' title="bbox 409 3356 1989 3433; baseline -0.005 -17"><span class='ocrx_word' id='word_1_442' title='bbox 409 3364 660 3433; x_wconf 77' lang='grc' dir='ltr'>παρέχων</span> <span class='ocrx_word' id='word_1_443' title='bbox 698 3363 798 3430; x_wconf 86' lang='grc' dir='ltr'>τὴν</span> <span class='ocrx_word' id='word_1_444' title='bbox 836 3358 1139 3427; x_wconf 84' lang='grc' dir='ltr'>ἀναγκαίαν</span> <span class='ocrx_word' id='word_1_445' title='bbox 1166 3356 1260 3410; x_wconf 82' lang='grc' dir='ltr'><em>τοῦ</em></span> <span class='ocrx_word' id='word_1_446' title='bbox 1290 3356 1404 3427; x_wconf 82' lang='grc' dir='ltr'>βίου</span> <span class='ocrx_word' id='word_1_447' title='bbox 1439 3357 1737 3428; x_wconf 83' lang='grc' dir='ltr'>διαγωγὴν,</span> <span class='ocrx_word' id='word_1_448' title='bbox 1762 3358 1824 3410; x_wconf 82' lang='grc' dir='ltr'><em>οὐ</em></span> <span class='ocrx_word' id='word_1_449' title='bbox 1863 3357 1989 3409; x_wconf 77' lang='grc' dir='ltr'>λου-</span> 
     </span>
    </p>
   </div>
   <div class='ocr_carea' id='block_1_63' title="bbox 407 3453 1985 3532">
    <p class='ocr_par' dir='ltr' id='par_1_63' title="bbox 407 3453 1985 3532">
     <span class='ocr_line' id='line_1_63' title="bbox 407 3453 1985 3532; baseline -0.004 -19"><span class='ocrx_word' id='word_1_450' title='bbox 407 3460 551 3532; x_wconf 83' lang='grc' dir='ltr'>τρῶν</span> <span class='ocrx_word' id='word_1_451' title='bbox 578 3460 787 3529; x_wconf 85' lang='grc' dir='ltr'>ταχέως</span> <span class='ocrx_word' id='word_1_452' title='bbox 826 3454 1279 3527; x_wconf 86' lang='grc' dir='ltr'>μεταλαμϐάνων,</span> <span class='ocrx_word' id='word_1_453' title='bbox 1316 3454 1467 3523; x_wconf 77' lang='grc' dir='ltr'>φόϐῳ</span> <span class='ocrx_word' id='word_1_454' title='bbox 1504 3454 1601 3506; x_wconf 81' lang='grc' dir='ltr'><em>τοῦ</em></span> <span class='ocrx_word' id='word_1_455' title='bbox 1651 3454 1847 3523; x_wconf 82' lang='grc' dir='ltr'>μισθοῦ</span> <span class='ocrx_word' id='word_1_456' title='bbox 1892 3453 1985 3507; x_wconf 76' lang='grc' dir='ltr'>καὶ</span> 
     </span>
    </p>
   </div>
   <div class='ocr_carea' id='block_1_64' title="bbox 407 3545 1989 3623">
    <p class='ocr_par' dir='ltr' id='par_1_64' title="bbox 407 3545 1989 3623">
     <span class='ocr_line' id='line_1_64' title="bbox 407 3545 1989 3623; baseline -0.003 -19"><span class='ocrx_word' id='word_1_457' title='bbox 407 3552 516 3604; x_wconf 85' lang='grc' dir='ltr'><em>τῶν</em></span> <span class='ocrx_word' id='word_1_458' title='bbox 543 3552 709 3623; x_wconf 83' lang='grc' dir='ltr'>τριῶν</span> <span class='ocrx_word' id='word_1_459' title='bbox 732 3549 952 3601; x_wconf 79' lang='grc' dir='ltr'>ὀϐολῶν·</span> <span class='ocrx_word' id='word_1_460' title='bbox 985 3549 1161 3601; x_wconf 84' lang='grc' dir='ltr'>πάντα</span> <span class='ocrx_word' id='word_1_461' title='bbox 1189 3545 1246 3598; x_wconf 75' lang='grc' dir='ltr'><em>δὲ</em></span> <span class='ocrx_word' id='word_1_462' title='bbox 1273 3546 1471 3615; x_wconf 89' lang='grc' dir='ltr'>τρόπον</span> <span class='ocrx_word' id='word_1_463' title='bbox 1498 3546 1747 3613; x_wconf 78' lang='grc' dir='ltr'>ἐπινοῶν,</span> <span class='ocrx_word' id='word_1_464' title='bbox 1773 3545 1894 3601; x_wconf 79' lang='grc' dir='ltr'>ὅθεν</span> <span class='ocrx_word' id='word_1_465' title='bbox 1920 3546 1989 3600; x_wconf 83' lang='grc' dir='ltr'>ἂν</span> 
     </span>
    </p>
   </div>
   <div class='ocr_carea' id='block_1_65' title="bbox 410 3637 1983 3713">
    <p class='ocr_par' dir='ltr' id='par_1_65' title="bbox 410 3637 1983 3713">
     <span class='ocr_line' id='line_1_65' title="bbox 410 3637 1983 3713; baseline -0.003 -17"><span class='ocrx_word' id='word_1_466' title='bbox 410 3644 571 3696; x_wconf 80' lang='grc' dir='ltr'>πλέον</span> <span class='ocrx_word' id='word_1_467' title='bbox 604 3643 696 3695; x_wconf 78' lang='grc' dir='ltr'><em>τὸν</em></span> <span class='ocrx_word' id='word_1_468' title='bbox 728 3640 960 3713; x_wconf 73' lang='grc' dir='ltr'>ἀριθμὸν</span> <span class='ocrx_word' id='word_1_469' title='bbox 1007 3639 1311 3709; x_wconf 87' lang='grc' dir='ltr'>προαγάγοι</span> <span class='ocrx_word' id='word_1_470' title='bbox 1339 3637 1454 3690; x_wconf 84' lang='grc' dir='ltr'><em>τῶν</em></span> <span class='ocrx_word' id='word_1_471' title='bbox 1493 3639 1811 3709; x_wconf 80' lang='grc' dir='ltr'>χρημάτων.</span> <span class='ocrx_word' id='word_1_472' title='bbox 1848 3638 1983 3692; x_wconf 75' lang='grc' dir='ltr'>Οὔτε</span> 
     </span>
    </p>
   </div>
   <div class='ocr_carea' id='block_1_66' title="bbox 413 3730 1982 3806">
    <p class='ocr_par' dir='ltr' id='par_1_66' title="bbox 413 3730 1982 3806">
     <span class='ocr_line' id='line_1_66' title="bbox 413 3730 1982 3806; baseline -0.001 -21"><span class='ocrx_word' id='word_1_473' title='bbox 413 3736 517 3806; x_wconf 83' lang='grc' dir='ltr'><em>μὴν</em></span> <span class='ocrx_word' id='word_1_474' title='bbox 550 3732 857 3799; x_wconf 80' lang='grc' dir='ltr'>ἀξιόπιστόν</span> <span class='ocrx_word' id='word_1_475' title='bbox 889 3749 1007 3784; x_wconf 88' lang='grc' dir='ltr'>τινα</span> <span class='ocrx_word' id='word_1_476' title='bbox 1027 3730 1246 3799; x_wconf 81' lang='grc' dir='ltr'>φύλακα</span> <span class='ocrx_word' id='word_1_477' title='bbox 1278 3731 1374 3782; x_wconf 87' lang='grc' dir='ltr'><em>τοῦ</em></span> <span class='ocrx_word' id='word_1_478' title='bbox 1402 3730 1687 3800; x_wconf 64' lang='grc' dir='ltr'>βαλανείου</span> <span class='ocrx_word' id='word_1_479' title='bbox 1714 3730 1982 3802; x_wconf 73' lang='grc' dir='ltr'>ἐνόμιζεν,</span> 
     </span>
    </p>
   </div>
   <div class='ocr_carea' id='block_1_67' title="bbox 408 3819 1985 3892">
    <p class='ocr_par' dir='ltr' id='par_1_67' title="bbox 408 3819 1985 3892">
     <span class='ocr_line' id='line_1_67' title="bbox 408 3819 1985 3892; baseline -0.002 -14"><span class='ocrx_word' id='word_1_480' title='bbox 408 3827 469 3878; x_wconf 81' lang='grc' dir='ltr'><em>οὐ</em></span> <span class='ocrx_word' id='word_1_481' title='bbox 490 3826 699 3891; x_wconf 82' lang='grc' dir='ltr'>τέκνον,</span> <span class='ocrx_word' id='word_1_482' title='bbox 743 3824 803 3876; x_wconf 82' lang='grc' dir='ltr'><em>οὐ</em></span> <span class='ocrx_word' id='word_1_483' title='bbox 852 3822 1059 3883; x_wconf 86' lang='grc' dir='ltr'>δοῦλον,</span> <span class='ocrx_word' id='word_1_484' title='bbox 1104 3823 1165 3874; x_wconf 79' lang='grc' dir='ltr'>οὐ</span> <span class='ocrx_word' id='word_1_485' title='bbox 1205 3819 1559 3892; x_wconf 76' lang='grc' dir='ltr'>τραπεζίτην,</span> <span class='ocrx_word' id='word_1_486' title='bbox 1604 3822 1666 3874; x_wconf 79' lang='grc' dir='ltr'>οὐ</span> <span class='ocrx_word' id='word_1_487' title='bbox 1706 3823 1875 3885; x_wconf 80' lang='grc' dir='ltr'>κλεῖν,</span> <span class='ocrx_word' id='word_1_488' title='bbox 1923 3820 1985 3875; x_wconf 82' lang='grc' dir='ltr'>οὖ</span> 
     </span>
    </p>
   </div>
   <div class='ocr_carea' id='block_1_68' title="bbox 411 3915 1986 3988">
    <p class='ocr_par' dir='ltr' id='par_1_68' title="bbox 411 3915 1986 3988">
     <span class='ocr_line' id='line_1_68' title="bbox 411 3915 1986 3988; baseline -0.001 -18"><span class='ocrx_word' id='word_1_489' title='bbox 411 3917 696 3988; x_wconf 80' lang='grc' dir='ltr'>σφραγῖδα,</span> <span class='ocrx_word' id='word_1_490' title='bbox 729 3918 850 3978; x_wconf 86' lang='grc' dir='ltr'>ταῖς</span> <span class='ocrx_word' id='word_1_491' title='bbox 877 3916 935 3967; x_wconf 82' lang='grc' dir='ltr'>δὲ</span> <span class='ocrx_word' id='word_1_492' title='bbox 966 3915 1075 3967; x_wconf 83' lang='grc' dir='ltr'><em>τῶν</em></span> <span class='ocrx_word' id='word_1_493' title='bbox 1107 3915 1302 3984; x_wconf 82' lang='grc' dir='ltr'>τοίχων</span> <span class='ocrx_word' id='word_1_494' title='bbox 1332 3915 1494 3979; x_wconf 83' lang='grc' dir='ltr'>ὀπαῖς</span> <span class='ocrx_word' id='word_1_495' title='bbox 1532 3916 1595 3967; x_wconf 82' lang='grc' dir='ltr'>τὸ</span> <span class='ocrx_word' id='word_1_496' title='bbox 1627 3916 1848 3986; x_wconf 83' lang='grc' dir='ltr'>χρυσίον</span> <span class='ocrx_word' id='word_1_497' title='bbox 1886 3918 1986 3985; x_wconf 86' lang='grc' dir='ltr'><em>ὲμ-</em></span> 
     </span>
    </p>
   </div>
   <div class='ocr_carea' id='block_1_69' title="bbox 410 4004 1985 4077">
    <p class='ocr_par' dir='ltr' id='par_1_69' title="bbox 410 4004 1985 4077">
     <span class='ocr_line' id='line_1_69' title="bbox 410 4004 1985 4077; baseline -0.001 -18"><span class='ocrx_word' id='word_1_498' title='bbox 410 4009 637 4072; x_wconf 73' lang='grc' dir='ltr'>ϐάλλων,</span> <span class='ocrx_word' id='word_1_499' title='bbox 666 4007 757 4061; x_wconf 73' lang='grc' dir='ltr'>καὶ</span> <span class='ocrx_word' id='word_1_500' title='bbox 788 4006 879 4059; x_wconf 79' lang='grc' dir='ltr'><em>τὸν</em></span> <span class='ocrx_word' id='word_1_501' title='bbox 914 4006 1082 4077; x_wconf 80' lang='grc' dir='ltr'>πηλὸν</span> <span class='ocrx_word' id='word_1_502' title='bbox 1121 4004 1320 4069; x_wconf 77' lang='grc' dir='ltr'>ἔξωθεν</span> <span class='ocrx_word' id='word_1_503' title='bbox 1353 4005 1679 4074; x_wconf 69' lang='grc' dir='ltr'>ἐπαλείφων,</span> <span class='ocrx_word' id='word_1_504' title='bbox 1710 4006 1985 4075; x_wconf 80' lang='grc' dir='ltr'>ἄγνωστον</span> 
     </span>
    </p>
   </div>
   <div class='ocr_carea' id='block_1_70' title="bbox 410 4094 1981 4168">
    <p class='ocr_par' dir='ltr' id='par_1_70' title="bbox 410 4094 1981 4168">
     <span class='ocr_line' id='line_1_70' title="bbox 410 4094 1981 4168; baseline -0.001 -17"><span class='ocrx_word' id='word_1_505' title='bbox 410 4101 573 4152; x_wconf 80' lang='grc' dir='ltr'>πᾶσιν</span> <span class='ocrx_word' id='word_1_506' title='bbox 596 4094 737 4168; x_wconf 68' lang='grc' dir='ltr'>εἶχεν</span> <span class='ocrx_word' id='word_1_507' title='bbox 763 4098 855 4150; x_wconf 79' lang='grc' dir='ltr'>τὸν</span> <span class='ocrx_word' id='word_1_508' title='bbox 881 4097 1174 4168; x_wconf 77' lang='grc' dir='ltr'>θησαυρὸν,</span> <span class='ocrx_word' id='word_1_509' title='bbox 1201 4097 1398 4159; x_wconf 81' lang='grc' dir='ltr'>τόπους</span> <span class='ocrx_word' id='word_1_510' title='bbox 1424 4099 1488 4150; x_wconf 70' lang='grc' dir='ltr'>ἐκ</span> <span class='ocrx_word' id='word_1_511' title='bbox 1508 4096 1689 4149; x_wconf 87' lang='grc' dir='ltr'>τόπων</span> <span class='ocrx_word' id='word_1_512' title='bbox 1717 4097 1981 4167; x_wconf 77' lang='grc' dir='ltr'>ἀμείϐων,</span> 
     </span>
    </p>
   </div>
   <div class='ocr_carea' id='block_1_71' title="bbox 410 4186 1987 4259">
    <p class='ocr_par' dir='ltr' id='par_1_71' title="bbox 410 4186 1987 4259">
     <span class='ocr_line' id='line_1_71' title="bbox 410 4186 1987 4259; baseline -0.001 -16"><span class='ocrx_word' id='word_1_513' title='bbox 410 4192 505 4243; x_wconf 71' lang='grc' dir='ltr'><em>καὶ</em></span> <span class='ocrx_word' id='word_1_514' title='bbox 529 4190 740 4259; x_wconf 78' lang='grc' dir='ltr'>τοίχους</span> <span class='ocrx_word' id='word_1_515' title='bbox 771 4188 837 4241; x_wconf 68' lang='grc' dir='ltr'>ὲκ</span> <span class='ocrx_word' id='word_1_516' title='bbox 874 4188 1091 4257; x_wconf 86' lang='grc' dir='ltr'>τοίχων,</span> <span class='ocrx_word' id='word_1_517' title='bbox 1123 4188 1217 4241; x_wconf 70' lang='grc' dir='ltr'><em>καὶ</em></span> <span class='ocrx_word' id='word_1_518' title='bbox 1244 4187 1305 4239; x_wconf 84' lang='grc' dir='ltr'><em>τὸ</em></span> <span class='ocrx_word' id='word_1_519' title='bbox 1333 4186 1620 4240; x_wconf 83' lang='grc' dir='ltr'>λανθάνειν</span> <span class='ocrx_word' id='word_1_520' title='bbox 1654 4188 1863 4251; x_wconf 78' lang='grc' dir='ltr'>πάντας</span> <span class='ocrx_word' id='word_1_521' title='bbox 1898 4205 1987 4241; x_wconf 70' lang='grc' dir='ltr'>σοι</span> 
     </span>
    </p>
   </div>
   <div class='ocr_carea' id='block_1_72' title="bbox 412 4277 1984 4351">
    <p class='ocr_par' dir='ltr' id='par_1_72' title="bbox 412 4277 1984 4351">
     <span class='ocr_line' id='line_1_72' title="bbox 412 4277 1984 4351; baseline -0.003 -17"><span class='ocrx_word' id='word_1_522' title='bbox 412 4281 696 4351; x_wconf 74' lang='grc' dir='ltr'>φιζόμενος</span> <span class='ocrx_word' id='word_1_523' title='bbox 725 4279 1069 4349; x_wconf 81' lang='grc' dir='ltr'>εὐμηχάνως.</span> <span class='ocrx_word' id='word_1_524' title='bbox 1117 4277 1335 4349; x_wconf 79' lang='grc' dir='ltr'>Ἀθρόον</span> <span class='ocrx_word' id='word_1_525' title='bbox 1372 4277 1581 4349; x_wconf 80' lang='grc' dir='ltr'>ἀπῆλθε</span> <span class='ocrx_word' id='word_1_526' title='bbox 1604 4277 1697 4331; x_wconf 89' lang='grc' dir='ltr'><em>τοῦ</em></span> <span class='ocrx_word' id='word_1_527' title='bbox 1724 4278 1861 4348; x_wconf 86' lang='grc' dir='ltr'>βίου,</span> <span class='ocrx_word' id='word_1_528' title='bbox 1891 4278 1984 4330; x_wconf 81' lang='grc' dir='ltr'>οὐ·-</span> 
     </span>
    </p>
   </div>
   <div class='ocr_carea' id='block_1_73' title="bbox 409 4364 1986 4437">
    <p class='ocr_par' dir='ltr' id='par_1_73' title="bbox 409 4364 1986 4437">
     <span class='ocr_line' id='line_1_73' title="bbox 409 4364 1986 4437; baseline -0.002 -14"><span class='ocrx_word' id='word_1_529' title='bbox 409 4371 524 4424; x_wconf 71' lang='grc' dir='ltr'>δενὶ</span> <span class='ocrx_word' id='word_1_530' title='bbox 550 4371 657 4424; x_wconf 83' lang='grc' dir='ltr'><em>τῶν</em></span> <span class='ocrx_word' id='word_1_531' title='bbox 696 4369 912 4422; x_wconf 85' lang='grc' dir='ltr'>οἰκείων</span> <span class='ocrx_word' id='word_1_532' title='bbox 942 4368 1307 4437; x_wconf 74' lang='grc' dir='ltr'>ἐξαγορεύσας</span> <span class='ocrx_word' id='word_1_533' title='bbox 1331 4404 1348 4429; x_wconf 84' lang='grc'><em>,</em></span> <span class='ocrx_word' id='word_1_534' title='bbox 1380 4364 1507 4418; x_wconf 78' lang='grc' dir='ltr'>ἔνθα</span> <span class='ocrx_word' id='word_1_535' title='bbox 1551 4368 1583 4419; x_wconf 82' lang='grc' dir='ltr'><em>ό</em></span> <span class='ocrx_word' id='word_1_536' title='bbox 1617 4367 1817 4437; x_wconf 83' lang='grc' dir='ltr'>χρυσὸς</span> <span class='ocrx_word' id='word_1_537' title='bbox 1853 4384 1986 4420; x_wconf 83' lang='grc' dir='ltr'>κατ-</span> 
     </span>
    </p>
   </div>
   <div class='ocr_carea' id='block_1_74' title="bbox 410 4454 1981 4532">
    <p class='ocr_par' dir='ltr' id='par_1_74' title="bbox 410 4454 1981 4532">
     <span class='ocr_line' id='line_1_74' title="bbox 410 4454 1981 4532; baseline -0.003 -18"><span class='ocrx_word' id='word_1_538' title='bbox 410 4462 625 4532; x_wconf 82' lang='grc' dir='ltr'>ώρυκτο</span> <span class='ocrx_word' id='word_1_539' title='bbox 642 4460 776 4530; x_wconf 77' lang='grc'><strong>(58).</strong></span> <span class='ocrx_word' id='word_1_540' title='bbox 802 4458 1140 4529; x_wconf 81' lang='grc' dir='ltr'>Κατωρύχθη</span> <span class='ocrx_word' id='word_1_541' title='bbox 1176 4458 1274 4527; x_wconf 72' lang='grc' dir='ltr'>μὲν</span> <span class='ocrx_word' id='word_1_542' title='bbox 1295 4454 1391 4510; x_wconf 81' lang='grc' dir='ltr'>οὖν</span> <span class='ocrx_word' id='word_1_543' title='bbox 1411 4456 1662 4519; x_wconf 75' lang='grc' dir='ltr'>κάκεῖνος</span> <span class='ocrx_word' id='word_1_544' title='bbox 1691 4456 1752 4509; x_wconf 85' lang='grc' dir='ltr'>τὸ</span> <span class='ocrx_word' id='word_1_545' title='bbox 1778 4457 1981 4529; x_wconf 75' lang='grc' dir='ltr'>κρύψαι</span> 
     </span>
    </p>
   </div>
   <div class='ocr_carea' id='block_1_75' title="bbox 414 4548 1981 4624">
    <p class='ocr_par' dir='ltr' id='par_1_75' title="bbox 414 4548 1981 4624">
     <span class='ocr_line' id='line_1_75' title="bbox 414 4548 1981 4624; baseline -0.003 -18"><span class='ocrx_word' id='word_1_546' title='bbox 414 4553 694 4624; x_wconf 77' lang='grc' dir='ltr'>κερδάνας.</span> <span class='ocrx_word' id='word_1_547' title='bbox 734 4551 797 4603; x_wconf 76' lang='lat' dir='ltr'><em>Oi</em></span> <span class='ocrx_word' id='word_1_548' title='bbox 834 4550 889 4602; x_wconf 85' lang='grc' dir='ltr'>δὲ</span> <span class='ocrx_word' id='word_1_549' title='bbox 918 4550 1107 4612; x_wconf 80' lang='grc' dir='ltr'>παῖδες</span> <span class='ocrx_word' id='word_1_550' title='bbox 1135 4549 1324 4610; x_wconf 74' lang='grc' dir='ltr'>αὑτοῦ.</span> <span class='ocrx_word' id='word_1_551' title='bbox 1359 4549 1575 4601; x_wconf 86' lang='grc' dir='ltr'>πάντων</span> <span class='ocrx_word' id='word_1_552' title='bbox 1602 4548 1820 4601; x_wconf 77' lang='grc' dir='ltr'>ἔσεσθαι</span> <span class='ocrx_word' id='word_1_553' title='bbox 1869 4550 1981 4602; x_wconf 82' lang='grc' dir='ltr'>τῶν</span> 
     </span>
    </p>
   </div>
   <div class='ocr_carea' id='block_1_76' title="bbox 414 4639 1979 4715">
    <p class='ocr_par' dir='ltr' id='par_1_76' title="bbox 414 4639 1979 4715">
     <span class='ocr_line' id='line_1_76' title="bbox 414 4639 1979 4715; baseline -0.004 -15"><span class='ocrx_word' id='word_1_554' title='bbox 414 4650 471 4699; x_wconf 81' lang='grc' dir='ltr'>ὲν</span> <span class='ocrx_word' id='word_1_555' title='bbox 511 4648 576 4715; x_wconf 79' lang='grc' dir='ltr'>τῇ</span> <span class='ocrx_word' id='word_1_556' title='bbox 629 4644 782 4696; x_wconf 87' lang='grc' dir='ltr'>πόλει</span> <span class='ocrx_word' id='word_1_557' title='bbox 822 4642 1189 4714; x_wconf 83' lang='grc' dir='ltr'>λαμπρότεροι</span> <span class='ocrx_word' id='word_1_558' title='bbox 1230 4642 1322 4695; x_wconf 79' lang='grc' dir='ltr'>διὰ</span> <span class='ocrx_word' id='word_1_559' title='bbox 1369 4639 1598 4694; x_wconf 89' lang='grc' dir='ltr'>πλοῦτον</span> <span class='ocrx_word' id='word_1_560' title='bbox 1640 4641 1979 4706; x_wconf 78' lang='grc' dir='ltr'>ἐλπίσαντες,</span> 
     </span>
    </p>
   </div>
   <div class='ocr_carea' id='block_1_77' title="bbox 411 4731 1984 4807">
    <p class='ocr_par' dir='ltr' id='par_1_77' title="bbox 411 4731 1984 4807">
     <span class='ocr_line' id='line_1_77' title="bbox 411 4731 1984 4807; baseline -0.001 -19"><span class='ocrx_word' id='word_1_561' title='bbox 411 4736 652 4807; x_wconf 77' lang='grc' dir='ltr'>ἠρεύνων</span> <span class='ocrx_word' id='word_1_562' title='bbox 674 4733 972 4802; x_wconf 83' lang='grc' dir='ltr'>πανταχοῦ,</span> <span class='ocrx_word' id='word_1_563' title='bbox 993 4735 1121 4800; x_wconf 78' lang='grc' dir='ltr'>παρ’</span> <span class='ocrx_word' id='word_1_564' title='bbox 1144 4732 1387 4804; x_wconf 81' lang='grc' dir='ltr'>ἀλλήλων</span> <span class='ocrx_word' id='word_1_565' title='bbox 1408 4731 1837 4798; x_wconf 78' lang='grc' dir='ltr'>διεπυνθάνοντο,</span> <span class='ocrx_word' id='word_1_566' title='bbox 1858 4735 1984 4798; x_wconf 79' lang='grc' dir='ltr'>τοὺς</span> 
     </span>
    </p>
   </div>
   <div class='ocr_carea' id='block_1_78' title="bbox 412 4824 1977 4894">
    <p class='ocr_par' dir='ltr' id='par_1_78' title="bbox 412 4824 1977 4894">
     <span class='ocr_line' id='line_1_78' title="bbox 412 4824 1977 4894; baseline -0.004 -13"><span class='ocrx_word' id='word_1_567' title='bbox 412 4827 622 4889; x_wconf 78' lang='grc' dir='ltr'>οἰκέτας</span> <span class='ocrx_word' id='word_1_568' title='bbox 658 4826 957 4894; x_wconf 82' lang='grc' dir='ltr'>ἀνέκρινον,</span> <span class='ocrx_word' id='word_1_569' title='bbox 994 4824 1065 4876; x_wconf 84' lang='grc' dir='ltr'>τὰ</span> <span class='ocrx_word' id='word_1_570' title='bbox 1105 4824 1277 4894; x_wconf 73' lang='grc' dir='ltr'>ἐδάφη</span> <span class='ocrx_word' id='word_1_571' title='bbox 1304 4824 1417 4877; x_wconf 84' lang='grc' dir='ltr'>τῶν</span> <span class='ocrx_word' id='word_1_572' title='bbox 1450 4824 1617 4876; x_wconf 72' lang='grc' dir='ltr'>οἴκων</span> <span class='ocrx_word' id='word_1_573' title='bbox 1652 4824 1977 4893; x_wconf 85' lang='grc' dir='ltr'>ἀνώρυττον,</span> 
     </span>
    </p>
   </div>
   <div class='ocr_carea' id='block_1_79' title="bbox 411 4915 1984 4988">
    <p class='ocr_par' dir='ltr' id='par_1_79' title="bbox 411 4915 1984 4988">
     <span class='ocr_line' id='line_1_79' title="bbox 411 4915 1984 4988; baseline -0.004 -14"><span class='ocrx_word' id='word_1_574' title='bbox 411 4921 533 4983; x_wconf 80' lang='grc' dir='ltr'>τοὺς</span> <span class='ocrx_word' id='word_1_575' title='bbox 566 4918 777 4988; x_wconf 79' lang='grc' dir='ltr'>τοίχους</span> <span class='ocrx_word' id='word_1_576' title='bbox 813 4916 1128 4979; x_wconf 82' lang='grc' dir='ltr'>ὑπεκένουν,</span> <span class='ocrx_word' id='word_1_577' title='bbox 1168 4916 1266 4979; x_wconf 77' lang='grc' dir='ltr'>τὰς</span> <span class='ocrx_word' id='word_1_578' title='bbox 1297 4915 1406 4969; x_wconf 77' lang='grc' dir='ltr'>τῶν</span> <span class='ocrx_word' id='word_1_579' title='bbox 1431 4915 1688 4984; x_wconf 88' lang='grc' dir='ltr'>γειτόνων</span> <span class='ocrx_word' id='word_1_580' title='bbox 1722 4916 1815 4967; x_wconf 77' lang='grc' dir='ltr'><em>καὶ</em></span> <span class='ocrx_word' id='word_1_581' title='bbox 1841 4932 1984 4984; x_wconf 81' lang='grc' dir='ltr'>γνω-</span> 
     </span>
    </p>
   </div>
   <div class='ocr_carea' id='block_1_80' title="bbox 414 5003 1980 5084">
    <p class='ocr_par' dir='ltr' id='par_1_80' title="bbox 414 5003 1980 5084">
     <span class='ocr_line' id='line_1_80' title="bbox 414 5003 1980 5084; baseline -0.003 -21"><span class='ocrx_word' id='word_1_582' title='bbox 414 5012 586 5084; x_wconf 83' lang='grc' dir='ltr'>ρίμων</span> <span class='ocrx_word' id='word_1_583' title='bbox 612 5007 788 5070; x_wconf 78' lang='grc' dir='ltr'>οἰκίας</span> <span class='ocrx_word' id='word_1_584' title='bbox 818 5005 1357 5075; x_wconf 76' lang='grc' dir='ltr'>ἐπολυπραγμόνουν,</span> <span class='ocrx_word' id='word_1_585' title='bbox 1384 5005 1564 5059; x_wconf 87' lang='grc' dir='ltr'>πάντα</span> <span class='ocrx_word' id='word_1_586' title='bbox 1584 5004 1640 5057; x_wconf 78' lang='grc' dir='ltr'>δὲ</span> <span class='ocrx_word' id='word_1_587' title='bbox 1668 5003 1814 5057; x_wconf 80' lang='grc' dir='ltr'>λίθον</span> <span class='ocrx_word' id='word_1_588' title='bbox 1843 5004 1980 5073; x_wconf 84' lang='lat'><em>(59),</em></span> 
     </span>
    </p>
   </div>
   <div class='ocr_carea' id='block_1_81' title="bbox 409 5090 1979 5168">
    <p class='ocr_par' dir='ltr' id='par_1_81' title="bbox 409 5090 1979 5168">
     <span class='ocr_line' id='line_1_81' title="bbox 409 5090 1979 5168; baseline -0.005 -12"><span class='ocrx_word' id='word_1_589' title='bbox 409 5105 469 5157; x_wconf 61' lang='grc' dir='ltr'>τὸ</span> <span class='ocrx_word' id='word_1_590' title='bbox 500 5100 593 5154; x_wconf 84' lang='grc' dir='ltr'><em>τοῦ</em></span> <span class='ocrx_word' id='word_1_591' title='bbox 614 5100 793 5168; x_wconf 88' lang='grc' dir='ltr'>λόγου,</span> <span class='ocrx_word' id='word_1_592' title='bbox 817 5098 1155 5167; x_wconf 81' lang='grc' dir='ltr'>κινήσαντες,</span> <span class='ocrx_word' id='word_1_593' title='bbox 1182 5090 1339 5167; x_wconf 74' lang='grc' dir='ltr'>εὗρον</span> <span class='ocrx_word' id='word_1_594' title='bbox 1356 5096 1463 5148; x_wconf 78' lang='grc' dir='ltr'>οὐδ’</span> <span class='ocrx_word' id='word_1_595' title='bbox 1486 5096 1692 5149; x_wconf 78' lang='grc' dir='ltr'>ὀϐολόν.</span> <span class='ocrx_word' id='word_1_596' title='bbox 1725 5098 1979 5164; x_wconf 83' lang='grc' dir='ltr'>Διάγουσι</span> 
     </span>
    </p>
   </div>
   <div class='ocr_carea' id='block_1_82' title="bbox 480 5273 1575 5339">
    <p class='ocr_par' dir='ltr' id='par_1_82' title="bbox 480 5273 1575 5339">
     <span class='ocr_line' id='line_1_82' title="bbox 480 5273 1575 5339; baseline -0.008 -5"><span class='ocrx_word' id='word_1_597' title='bbox 480 5283 521 5313; x_wconf 83' lang='grc'>¹¹</span> <span class='ocrx_word' id='word_1_598' title='bbox 555 5278 699 5335; x_wconf 86' lang='lat' dir='ltr'><em>Psal.</em></span> <span class='ocrx_word' id='word_1_599' title='bbox 731 5292 845 5339; x_wconf 76' lang='lat' dir='ltr'><em>xlv,</em></span> <span class='ocrx_word' id='word_1_600' title='bbox 878 5276 932 5329; x_wconf 82' lang='grc'><strong>5.</strong></span> <span class='ocrx_word' id='word_1_601' title='bbox 1008 5276 1049 5306; x_wconf 71' lang='grc'><em>’⁸</em></span> <span class='ocrx_word' id='word_1_602' title='bbox 1092 5273 1260 5327; x_wconf 77' lang='lat' dir='ltr'><em>Exod.</em></span> <span class='ocrx_word' id='word_1_603' title='bbox 1292 5290 1429 5338; x_wconf 71' lang='lat' dir='ltr'><em>xxu,</em></span> <span class='ocrx_word' id='word_1_604' title='bbox 1468 5274 1575 5327; x_wconf 65' lang='grc' dir='ltr'>εει.</span> 
     </span>
    </p>
   </div>
   <div class='ocr_carea' id='block_1_83' title="bbox 481 5437 1987 5513">
    <p class='ocr_par' dir='ltr' id='par_1_83' title="bbox 481 5437 1987 5513">
     <span class='ocr_line' id='line_1_83' title="bbox 481 5437 1987 5513; baseline -0.007 -15"><span class='ocrx_word' id='word_1_605' title='bbox 481 5443 594 5513; x_wconf 66' lang='grc'><em>(54)</em></span> <span class='ocrx_word' id='word_1_606' title='bbox 629 5441 968 5507; x_wconf 59' lang='grc' dir='ltr'>Ἀφθόνητος.</span> <span class='ocrx_word' id='word_1_607' title='bbox 1005 5438 1097 5493; x_wconf 85' lang='lat' dir='ltr'><em>Sic</em></span> <span class='ocrx_word' id='word_1_608' title='bbox 1147 5441 1363 5495; x_wconf 75' lang='lat' dir='ltr'><em>correxi</em></span> <span class='ocrx_word' id='word_1_609' title='bbox 1413 5438 1606 5492; x_wconf 81' lang='lat' dir='ltr'><em>vitium</em></span> <span class='ocrx_word' id='word_1_610' title='bbox 1653 5437 1751 5491; x_wconf 86' lang='lat' dir='ltr'><em>Ed.</em></span> <span class='ocrx_word' id='word_1_611' title='bbox 1779 5437 1987 5506; x_wconf 83' lang='grc' dir='ltr'><em>ἀνώνη-</em></span> 
     </span>
    </p>
   </div>
   <div class='ocr_carea' id='block_1_84' title="bbox 420 5531 1980 5653">
    <p class='ocr_par' dir='ltr' id='par_1_84' title="bbox 420 5531 1980 5653">
     <span class='ocr_line' id='line_1_84' title="bbox 420 5531 1980 5653; baseline -0.005 -17"><span class='ocrx_word' id='word_1_612' title='bbox 420 5531 591 5653; x_wconf 44' lang='grc' dir='ltr'>ώξὲδ)</span> <span class='ocrx_word' id='word_1_613' title='bbox 617 5581 727 5633; x_wconf 80' lang='grc' dir='ltr'>Καί</span> <span class='ocrx_word' id='word_1_614' title='bbox 757 5579 966 5653; x_wconf 47' lang='lat' dir='ltr'><em>mea.</em></span> <span class='ocrx_word' id='word_1_615' title='bbox 1021 5581 1113 5653; x_wconf 72' lang='grc' dir='ltr'><em>καὶ</em></span> <span class='ocrx_word' id='word_1_616' title='bbox 1142 5578 1195 5653; x_wconf 72' lang='grc' dir='ltr'><em>τί</em></span> <span class='ocrx_word' id='word_1_617' title='bbox 1230 5594 1355 5632; x_wconf 89' lang='lat' dir='ltr'><em>cum</em></span> <span class='ocrx_word' id='word_1_618' title='bbox 1410 5578 1675 5634; x_wconf 87' lang='lat' dir='ltr'><em>asterisco</em></span> <span class='ocrx_word' id='word_1_619' title='bbox 1726 5585 1849 5648; x_wconf 86' lang='lat' dir='ltr'><em>post</em></span> <span class='ocrx_word' id='word_1_620' title='bbox 1907 5572 1980 5628; x_wconf 65' lang='grc' dir='ltr'><em>τὶ.</em></span> 
     </span>
    </p>
   </div>
   <div class='ocr_carea' id='block_1_85' title="bbox 416 5647 1203 5719">
    <p class='ocr_par' dir='ltr' id='par_1_85' title="bbox 416 5647 1203 5719">
     <span class='ocr_line' id='line_1_85' title="bbox 416 5647 1203 5719; baseline -0.004 -14"><span class='ocrx_word' id='word_1_621' title='bbox 416 5647 623 5705; x_wconf 66' lang='lat' dir='ltr'><em>lacuna:</em></span> <span class='ocrx_word' id='word_1_622' title='bbox 648 5653 805 5717; x_wconf 65' lang='lat' dir='ltr'><em>signo</em></span> <span class='ocrx_word' id='word_1_623' title='bbox 836 5647 975 5702; x_wconf 78' lang='lat' dir='ltr'><em>Mou.</em></span> <span class='ocrx_word' id='word_1_624' title='bbox 1003 5650 1096 5701; x_wconf 81' lang='grc' dir='ltr'><em>καὶ</em></span> <span class='ocrx_word' id='word_1_625' title='bbox 1116 5650 1203 5719; x_wconf 83' lang='grc' dir='ltr'><em>τῆ.</em></span> 
     </span>
    </p>
   </div>
   <div class='ocr_carea' id='block_1_86' title="bbox 483 5718 1346 5789">
    <p class='ocr_par' dir='ltr' id='par_1_86' title="bbox 483 5718 1346 5789">
     <span class='ocr_line' id='line_1_86' title="bbox 483 5718 1346 5789; baseline 0.003 -19"><span class='ocrx_word' id='word_1_626' title='bbox 483 5719 896 5789; x_wconf 66' lang='grc' dir='ltr'>(ἓνῦ)’1ὀιοῡτοι.</span> <span class='ocrx_word' id='word_1_627' title='bbox 940 5719 1083 5770; x_wconf 81' lang='lat' dir='ltr'><em>Man.</em></span> <span class='ocrx_word' id='word_1_628' title='bbox 1119 5718 1346 5773; x_wconf 76' lang='grc' dir='ltr'>τοιοῦτο.</span> 
     </span>
    </p>
   </div>
   <div class='ocr_carea' id='block_1_87' title="bbox 486 5788 1441 5861">
    <p class='ocr_par' dir='ltr' id='par_1_87' title="bbox 486 5788 1441 5861">
     <span class='ocr_line' id='line_1_87' title="bbox 486 5788 1441 5861; baseline -0.01 -15"><span class='ocrx_word' id='word_1_629' title='bbox 486 5788 599 5861; x_wconf 69' lang='grc'><em>(57)</em></span> <span class='ocrx_word' id='word_1_630' title='bbox 640 5788 980 5857; x_wconf 79' lang='grc' dir='ltr'>Συνέχειαν.</span> <span class='ocrx_word' id='word_1_631' title='bbox 1014 5789 1131 5841; x_wconf 77' lang='grc' dir='ltr'>Μυιι</span> <span class='ocrx_word' id='word_1_632' title='bbox 1186 5788 1441 5858; x_wconf 80' lang='grc' dir='ltr'>συνεχῶς.</span> 
     </span>
    </p>
   </div>
   <div class='ocr_carea' id='block_1_88' title="bbox 2086 3276 3658 3346">
    <p class='ocr_par' dir='ltr' id='par_1_88' title="bbox 2086 3276 3658 3346">
     <span class='ocr_line' id='line_1_88' title="bbox 2086 3276 3658 3346; baseline -0.001 -15"><span class='ocrx_word' id='word_1_633' title='bbox 2086 3288 2327 3346; x_wconf 89' lang='lat' dir='ltr'><em>unquam</em></span> <span class='ocrx_word' id='word_1_634' title='bbox 2357 3276 2465 3331; x_wconf 88' lang='lat' dir='ltr'><em>nisi</em></span> <span class='ocrx_word' id='word_1_635' title='bbox 2496 3291 2710 3331; x_wconf 90' lang='lat' dir='ltr'><em>summa</em></span> <span class='ocrx_word' id='word_1_636' title='bbox 2747 3279 3078 3332; x_wconf 87' lang='lat' dir='ltr'><em>necessitate</em></span> <span class='ocrx_word' id='word_1_637' title='bbox 3124 3286 3353 3333; x_wconf 88' lang='lat' dir='ltr'><em>coactus</em></span> <span class='ocrx_word' id='word_1_638' title='bbox 3401 3287 3658 3341; x_wconf 81' lang='lat' dir='ltr'><em>mutaret,</em></span> 
     </span>
    </p>
   </div>
   <div class='ocr_carea' id='block_1_89' title="bbox 2084 3362 3665 3438">
    <p class='ocr_par' dir='ltr' id='par_1_89' title="bbox 2084 3362 3665 3438">
     <span class='ocr_line' id='line_1_89' title="bbox 2084 3362 3665 3438; baseline -0.001 -17"><span class='ocrx_word' id='word_1_639' title='bbox 2084 3382 2263 3436; x_wconf 89' lang='lat' dir='ltr'><em>neque</em></span> <span class='ocrx_word' id='word_1_640' title='bbox 2304 3362 2491 3423; x_wconf 78' lang='lat' dir='ltr'><em>liberis</em></span> <span class='ocrx_word' id='word_1_641' title='bbox 2541 3368 2657 3423; x_wconf 88' lang='lat' dir='ltr'><em>suis</em></span> <span class='ocrx_word' id='word_1_642' title='bbox 2709 3369 3022 3423; x_wconf 85' lang='lat' dir='ltr'><em>necessaria</em></span> <span class='ocrx_word' id='word_1_643' title='bbox 3075 3369 3142 3423; x_wconf 86' lang='lat' dir='ltr'><em>ad</em></span> <span class='ocrx_word' id='word_1_644' title='bbox 3180 3369 3379 3422; x_wconf 75' lang='lat' dir='ltr'><em>victum</em></span> <span class='ocrx_word' id='word_1_645' title='bbox 3411 3370 3665 3438; x_wconf 86' lang='lat' dir='ltr'><em>suppedi-</em></span> 
     </span>
    </p>
   </div>
   <div class='ocr_carea' id='block_1_90' title="bbox 2084 3457 3662 3520">
    <p class='ocr_par' dir='ltr' id='par_1_90' title="bbox 2084 3457 3662 3520">
     <span class='ocr_line' id='line_1_90' title="bbox 2084 3457 3662 3520; baseline -0.001 -10"><span class='ocrx_word' id='word_1_646' title='bbox 2084 3466 2246 3520; x_wconf 81' lang='lat' dir='ltr'><em>taret,</em></span> <span class='ocrx_word' id='word_1_647' title='bbox 2298 3468 2396 3511; x_wconf 87' lang='lat' dir='ltr'><em>uec</em></span> <span class='ocrx_word' id='word_1_648' title='bbox 2430 3457 2641 3511; x_wconf 81' lang='lat' dir='ltr'><em>balneis</em></span> <span class='ocrx_word' id='word_1_649' title='bbox 2692 3464 2939 3512; x_wconf 73' lang='lat' dir='ltr'><em>uteretur</em></span> <span class='ocrx_word' id='word_1_650' title='bbox 2962 3464 3108 3511; x_wconf 89' lang='lat' dir='ltr'><em>metu</em></span> <span class='ocrx_word' id='word_1_651' title='bbox 3150 3457 3414 3512; x_wconf 88' lang='lat' dir='ltr'><em>mercedis</em></span> <span class='ocrx_word' id='word_1_652' title='bbox 3454 3458 3662 3510; x_wconf 81' lang='lat' dir='ltr'><em>triobo-</em></span> 
     </span>
    </p>
   </div>
   <div class='ocr_carea' id='block_1_91' title="bbox 2085 3546 3663 3618">
    <p class='ocr_par' dir='ltr' id='par_1_91' title="bbox 2085 3546 3663 3618">
     <span class='ocr_line' id='line_1_91' title="bbox 2085 3546 3663 3618; baseline -0.001 -17"><span class='ocrx_word' id='word_1_653' title='bbox 2085 3548 2258 3614; x_wconf 87' lang='lat' dir='ltr'><em>laris;</em></span> <span class='ocrx_word' id='word_1_654' title='bbox 2304 3558 2571 3618; x_wconf 80' lang='lat' dir='ltr'><em>perpetuo</em></span> <span class='ocrx_word' id='word_1_655' title='bbox 2621 3548 2677 3601; x_wconf 83' lang='lat' dir='ltr'><em>in</em></span> <span class='ocrx_word' id='word_1_656' title='bbox 2721 3548 2775 3601; x_wconf 89' lang='lat' dir='ltr'><em>id</em></span> <span class='ocrx_word' id='word_1_657' title='bbox 2839 3564 3005 3601; x_wconf 79' lang='lat' dir='ltr'><em>unum</em></span> <span class='ocrx_word' id='word_1_658' title='bbox 3062 3546 3337 3613; x_wconf 86' lang='lat' dir='ltr'><em>intentus,</em></span> <span class='ocrx_word' id='word_1_659' title='bbox 3391 3550 3663 3618; x_wconf 80' lang='lat' dir='ltr'><em>quomodo</em></span> 
     </span>
    </p>
   </div>
   <div class='ocr_carea' id='block_1_92' title="bbox 2084 3640 3663 3711">
    <p class='ocr_par' dir='ltr' id='par_1_92' title="bbox 2084 3640 3663 3711">
     <span class='ocr_line' id='line_1_92' title="bbox 2084 3640 3663 3711; baseline -0.001 -15"><span class='ocrx_word' id='word_1_660' title='bbox 2084 3652 2299 3711; x_wconf 77' lang='lat' dir='ltr'><em>semper</em></span> <span class='ocrx_word' id='word_1_661' title='bbox 2342 3640 2514 3709; x_wconf 81' lang='lat' dir='ltr'><em>magis</em></span> <span class='ocrx_word' id='word_1_662' title='bbox 2549 3646 2713 3710; x_wconf 82' lang='lat' dir='ltr'><em>atque</em></span> <span class='ocrx_word' id='word_1_663' title='bbox 2750 3641 2920 3709; x_wconf 80' lang='lat' dir='ltr'><em>magis</em></span> <span class='ocrx_word' id='word_1_664' title='bbox 2965 3642 3209 3709; x_wconf 71' lang='lat' dir='ltr'><em>pecunia:</em></span> <span class='ocrx_word' id='word_1_665' title='bbox 3247 3656 3535 3696; x_wconf 89' lang='lat' dir='ltr'><em>numerum</em></span> <span class='ocrx_word' id='word_1_666' title='bbox 3564 3656 3663 3695; x_wconf 78' lang='lat' dir='ltr'><em>au-</em></span> 
     </span>
    </p>
   </div>
   <div class='ocr_carea' id='block_1_93' title="bbox 2084 3730 3663 3802">
    <p class='ocr_par' dir='ltr' id='par_1_93' title="bbox 2084 3730 3663 3802">
     <span class='ocr_line' id='line_1_93' title="bbox 2084 3730 3663 3802; baseline -0.001 -17"><span class='ocrx_word' id='word_1_667' title='bbox 2084 3740 2255 3802; x_wconf 75' lang='lat' dir='ltr'><em>geret.</em></span> <span class='ocrx_word' id='word_1_668' title='bbox 2296 3730 2483 3801; x_wconf 83' lang='lat' dir='ltr'><em>Neque</em></span> <span class='ocrx_word' id='word_1_669' title='bbox 2513 3732 2802 3801; x_wconf 87' lang='lat' dir='ltr'><em>quemdam</em></span> <span class='ocrx_word' id='word_1_670' title='bbox 2840 3732 2976 3787; x_wconf 89' lang='lat' dir='ltr'><em>satis</em></span> <span class='ocrx_word' id='word_1_671' title='bbox 3026 3731 3194 3785; x_wconf 84' lang='lat' dir='ltr'><em>fidum</em></span> <span class='ocrx_word' id='word_1_672' title='bbox 3238 3746 3513 3787; x_wconf 72' lang='lat' dir='ltr'><em>crmnenae</em></span> <span class='ocrx_word' id='word_1_673' title='bbox 3550 3748 3663 3788; x_wconf 70' lang='lat' dir='ltr'><em>sua:</em></span> 
     </span>
    </p>
   </div>
   <div class='ocr_carea' id='block_1_94' title="bbox 2083 3822 3659 3888">
    <p class='ocr_par' dir='ltr' id='par_1_94' title="bbox 2083 3822 3659 3888">
     <span class='ocr_line' id='line_1_94' title="bbox 2083 3822 3659 3888; baseline -0.003 -9"><span class='ocrx_word' id='word_1_674' title='bbox 2083 3824 2367 3880; x_wconf 80' lang='lat' dir='ltr'><em>custodem</em></span> <span class='ocrx_word' id='word_1_675' title='bbox 2421 3824 2808 3887; x_wconf 83' lang='lat' dir='ltr'><em>arbitrabatur,</em></span> <span class='ocrx_word' id='word_1_676' title='bbox 2856 3838 2964 3876; x_wconf 91' lang='lat' dir='ltr'><em>non</em></span> <span class='ocrx_word' id='word_1_677' title='bbox 2999 3822 3191 3888; x_wconf 84' lang='lat' dir='ltr'><em>filium,</em></span> <span class='ocrx_word' id='word_1_678' title='bbox 3235 3839 3345 3876; x_wconf 79' lang='lat' dir='ltr'><em>non</em></span> <span class='ocrx_word' id='word_1_679' title='bbox 3396 3836 3615 3877; x_wconf 86' lang='lat' dir='ltr'><em>servum</em></span> <span class='ocrx_word' id='word_1_680' title='bbox 3643 3860 3659 3884; x_wconf 96' lang='lat'><em>,</em></span> 
     </span>
    </p>
   </div>
   <div class='ocr_carea' id='block_1_95' title="bbox 2085 3914 3659 3985">
    <p class='ocr_par' dir='ltr' id='par_1_95' title="bbox 2085 3914 3659 3985">
     <span class='ocr_line' id='line_1_95' title="bbox 2085 3914 3659 3985; baseline 0 -16"><span class='ocrx_word' id='word_1_681' title='bbox 2085 3930 2193 3969; x_wconf 87' lang='lat' dir='ltr'><em>non</em></span> <span class='ocrx_word' id='word_1_682' title='bbox 2250 3914 2590 3983; x_wconf 75' lang='lat' dir='ltr'><em>trapezitam,</em></span> <span class='ocrx_word' id='word_1_683' title='bbox 2650 3928 2759 3968; x_wconf 89' lang='lat' dir='ltr'><em>non</em></span> <span class='ocrx_word' id='word_1_684' title='bbox 2801 3914 3047 3977; x_wconf 81' lang='lat' dir='ltr'><em>clavem,</em></span> <span class='ocrx_word' id='word_1_685' title='bbox 3089 3929 3199 3968; x_wconf 87' lang='lat' dir='ltr'><em>non</em></span> <span class='ocrx_word' id='word_1_686' title='bbox 3259 3916 3495 3985; x_wconf 76' lang='lat' dir='ltr'><em>sigillum</em></span> <span class='ocrx_word' id='word_1_687' title='bbox 3529 3955 3545 3978; x_wconf 93' lang='lat'><em>,</em></span> <span class='ocrx_word' id='word_1_688' title='bbox 3606 3918 3659 3969; x_wconf 90' lang='lat' dir='ltr'><em>in</em></span> 
     </span>
    </p>
   </div>
   <div class='ocr_carea' id='block_1_96' title="bbox 2085 4005 3658 4077">
    <p class='ocr_par' dir='ltr' id='par_1_96' title="bbox 2085 4005 3658 4077">
     <span class='ocr_line' id='line_1_96' title="bbox 2085 4005 3658 4077; baseline 0.001 -18"><span class='ocrx_word' id='word_1_689' title='bbox 2085 4008 2351 4077; x_wconf 83' lang='lat' dir='ltr'><em>parietum</em></span> <span class='ocrx_word' id='word_1_690' title='bbox 2400 4006 2617 4075; x_wconf 79' lang='lat' dir='ltr'><em>angulis</em></span> <span class='ocrx_word' id='word_1_691' title='bbox 2645 4013 2699 4060; x_wconf 85' lang='lat' dir='ltr'><em>et</em></span> <span class='ocrx_word' id='word_1_692' title='bbox 2741 4005 3074 4069; x_wconf 83' lang='lat' dir='ltr'><em>recessibus,</em></span> <span class='ocrx_word' id='word_1_693' title='bbox 3123 4006 3238 4059; x_wconf 92' lang='lat' dir='ltr'><em>luto</em></span> <span class='ocrx_word' id='word_1_694' title='bbox 3299 4007 3609 4075; x_wconf 90' lang='lat' dir='ltr'><em>superillito</em></span> <span class='ocrx_word' id='word_1_695' title='bbox 3642 4045 3658 4067; x_wconf 89' lang='lat'><em>,</em></span> 
     </span>
    </p>
   </div>
   <div class='ocr_carea' id='block_1_97' title="bbox 2086 4094 3657 4166">
    <p class='ocr_par' dir='ltr' id='par_1_97' title="bbox 2086 4094 3657 4166">
     <span class='ocr_line' id='line_1_97' title="bbox 2086 4094 3657 4166; baseline -0.001 -16"><span class='ocrx_word' id='word_1_696' title='bbox 2086 4097 2292 4152; x_wconf 85' lang='lat' dir='ltr'><em>invisas</em></span> <span class='ocrx_word' id='word_1_697' title='bbox 2320 4094 2564 4161; x_wconf 81' lang='lat' dir='ltr'><em>divitias,</em></span> <span class='ocrx_word' id='word_1_698' title='bbox 2612 4104 2667 4150; x_wconf 91' lang='lat' dir='ltr'><em>et</em></span> <span class='ocrx_word' id='word_1_699' title='bbox 2701 4097 2941 4166; x_wconf 79' lang='lat' dir='ltr'><em>ignotum</em></span> <span class='ocrx_word' id='word_1_700' title='bbox 2968 4096 3285 4150; x_wconf 84' lang='lat' dir='ltr'><em>asservabat</em></span> <span class='ocrx_word' id='word_1_701' title='bbox 3314 4097 3657 4160; x_wconf 82' lang='lat' dir='ltr'><em>thesaurum,</em></span> 
     </span>
    </p>
   </div>
   <div class='ocr_carea' id='block_1_98' title="bbox 2084 4186 3656 4258">
    <p class='ocr_par' dir='ltr' id='par_1_98' title="bbox 2084 4186 3656 4258">
     <span class='ocr_line' id='line_1_98' title="bbox 2084 4186 3656 4258; baseline 0 -16"><span class='ocrx_word' id='word_1_702' title='bbox 2084 4189 2260 4258; x_wconf 87' lang='lat' dir='ltr'><em>deque</em></span> <span class='ocrx_word' id='word_1_703' title='bbox 2291 4188 2411 4241; x_wconf 89' lang='lat' dir='ltr'><em>loco</em></span> <span class='ocrx_word' id='word_1_704' title='bbox 2438 4187 2505 4240; x_wconf 86' lang='lat' dir='ltr'><em>ad</em></span> <span class='ocrx_word' id='word_1_705' title='bbox 2552 4187 2737 4240; x_wconf 89' lang='lat' dir='ltr'><em>locum</em></span> <span class='ocrx_word' id='word_1_706' title='bbox 2780 4196 2835 4241; x_wconf 88' lang='lat' dir='ltr'><em>et</em></span> <span class='ocrx_word' id='word_1_707' title='bbox 2887 4186 2955 4239; x_wconf 91' lang='lat' dir='ltr'><em>de</em></span> <span class='ocrx_word' id='word_1_708' title='bbox 3007 4188 3213 4257; x_wconf 86' lang='lat' dir='ltr'><em>pariete</em></span> <span class='ocrx_word' id='word_1_709' title='bbox 3257 4188 3322 4240; x_wconf 91' lang='lat' dir='ltr'><em>ad</em></span> <span class='ocrx_word' id='word_1_710' title='bbox 3362 4190 3656 4257; x_wconf 82' lang='lat' dir='ltr'><em>parietem,</em></span> 
     </span>
    </p>
   </div>
   <div class='ocr_carea' id='block_1_99' title="bbox 2085 4277 3660 4340">
    <p class='ocr_par' dir='ltr' id='par_1_99' title="bbox 2085 4277 3660 4340">
     <span class='ocr_line' id='line_1_99' title="bbox 2085 4277 3660 4340; baseline 0.001 -4"><span class='ocrx_word' id='word_1_711' title='bbox 2085 4281 2204 4336; x_wconf 92' lang='lat' dir='ltr'><em>sine</em></span> <span class='ocrx_word' id='word_1_712' title='bbox 2261 4277 2673 4333; x_wconf 86' lang='lat' dir='ltr'><em>intermissione</em></span> <span class='ocrx_word' id='word_1_713' title='bbox 2728 4277 3113 4340; x_wconf 86' lang='lat' dir='ltr'><em>transferebat,</em></span> <span class='ocrx_word' id='word_1_714' title='bbox 3160 4286 3220 4332; x_wconf 80' lang='lat' dir='ltr'><em>ut</em></span> <span class='ocrx_word' id='word_1_715' title='bbox 3290 4279 3393 4334; x_wconf 83' lang='lat' dir='ltr'><em>hae</em></span> <span class='ocrx_word' id='word_1_716' title='bbox 3452 4282 3660 4337; x_wconf 83' lang='lat' dir='ltr'><em>ratione</em></span> 
     </span>
    </p>
   </div>
   <div class='ocr_carea' id='block_1_100' title="bbox 2085 4367 3652 4438">
    <p class='ocr_par' dir='ltr' id='par_1_100' title="bbox 2085 4367 3652 4438">
     <span class='ocr_line' id='line_1_100' title="bbox 2085 4367 3652 4438; baseline 0 -12"><span class='ocrx_word' id='word_1_717' title='bbox 2085 4387 2275 4427; x_wconf 87' lang='lat' dir='ltr'><em>omnes</em></span> <span class='ocrx_word' id='word_1_718' title='bbox 2327 4372 2536 4425; x_wconf 87' lang='lat' dir='ltr'><em>lateret.</em></span> <span class='ocrx_word' id='word_1_719' title='bbox 2604 4367 2778 4423; x_wconf 85' lang='lat' dir='ltr'><em>Porro</em></span> <span class='ocrx_word' id='word_1_720' title='bbox 2824 4369 3117 4438; x_wconf 78' lang='lat' dir='ltr'><em>derepente</em></span> <span class='ocrx_word' id='word_1_721' title='bbox 3164 4383 3229 4424; x_wconf 80' lang='lat' dir='ltr'><em>ex</em></span> <span class='ocrx_word' id='word_1_722' title='bbox 3264 4370 3365 4425; x_wconf 84' lang='lat' dir='ltr'><em>hac</em></span> <span class='ocrx_word' id='word_1_723' title='bbox 3414 4374 3523 4426; x_wconf 85' lang='lat' dir='ltr'><em>vita</em></span> <span class='ocrx_word' id='word_1_724' title='bbox 3559 4372 3652 4427; x_wconf 60' lang='lat' dir='ltr'><em>de.</em></span> 
     </span>
    </p>
   </div>
   <div class='ocr_carea' id='block_1_101' title="bbox 2086 4460 3657 4528">
    <p class='ocr_par' dir='ltr' id='par_1_101' title="bbox 2086 4460 3657 4528">
     <span class='ocr_line' id='line_1_101' title="bbox 2086 4460 3657 4528; baseline -0.003 -9"><span class='ocrx_word' id='word_1_725' title='bbox 2086 4464 2287 4519; x_wconf 85' lang='lat' dir='ltr'><em>cedens</em></span> <span class='ocrx_word' id='word_1_726' title='bbox 2352 4461 2708 4515; x_wconf 69' lang='lat' dir='ltr'><em>ianuiliarium</em></span> <span class='ocrx_word' id='word_1_727' title='bbox 2785 4460 2991 4514; x_wconf 87' lang='lat' dir='ltr'><em>nemini</em></span> <span class='ocrx_word' id='word_1_728' title='bbox 3066 4461 3368 4528; x_wconf 85' lang='lat' dir='ltr'><em>indicavit,</em></span> <span class='ocrx_word' id='word_1_729' title='bbox 3440 4464 3657 4517; x_wconf 79' lang='lat' dir='ltr'><em>ubinam</em></span> 
     </span>
    </p>
   </div>
   <div class='ocr_carea' id='block_1_102' title="bbox 2088 4552 3656 4625">
    <p class='ocr_par' dir='ltr' id='par_1_102' title="bbox 2088 4552 3656 4625">
     <span class='ocr_line' id='line_1_102' title="bbox 2088 4552 3656 4625; baseline -0.001 -15"><span class='ocrx_word' id='word_1_730' title='bbox 2088 4570 2282 4610; x_wconf 86' lang='lat' dir='ltr'><em>aurum</em></span> <span class='ocrx_word' id='word_1_731' title='bbox 2316 4552 2596 4609; x_wconf 87' lang='lat' dir='ltr'><em>defossqu</em></span> <span class='ocrx_word' id='word_1_732' title='bbox 2630 4560 2797 4608; x_wconf 88' lang='lat' dir='ltr'><em>esset.</em></span> <span class='ocrx_word' id='word_1_733' title='bbox 2831 4552 3096 4608; x_wconf 83' lang='lat' dir='ltr'><em>Defossus</em></span> <span class='ocrx_word' id='word_1_734' title='bbox 3128 4553 3299 4624; x_wconf 85' lang='lat' dir='ltr'><em>igitur</em></span> <span class='ocrx_word' id='word_1_735' title='bbox 3323 4566 3407 4610; x_wconf 87' lang='lat' dir='ltr'><em>est</em></span> <span class='ocrx_word' id='word_1_736' title='bbox 3435 4563 3491 4610; x_wconf 88' lang='lat' dir='ltr'><em>et</em></span> <span class='ocrx_word' id='word_1_737' title='bbox 3519 4557 3656 4625; x_wconf 83' lang='lat' dir='ltr'><em>ipse.</em></span> 
     </span>
    </p>
   </div>
   <div class='ocr_carea' id='block_1_103' title="bbox 2092 4645 3659 4717">
    <p class='ocr_par' dir='ltr' id='par_1_103' title="bbox 2092 4645 3659 4717">
     <span class='ocr_line' id='line_1_103' title="bbox 2092 4645 3659 4717; baseline -0.001 -14"><span class='ocrx_word' id='word_1_738' title='bbox 2092 4649 2194 4703; x_wconf 83' lang='lat' dir='ltr'><em>hoc</em></span> <span class='ocrx_word' id='word_1_739' title='bbox 2244 4662 2415 4701; x_wconf 85' lang='lat' dir='ltr'><em>unum</em></span> <span class='ocrx_word' id='word_1_740' title='bbox 2473 4646 2684 4700; x_wconf 85' lang='lat' dir='ltr'><em>scilicet</em></span> <span class='ocrx_word' id='word_1_741' title='bbox 2723 4645 3006 4710; x_wconf 80' lang='lat' dir='ltr'><em>lucratus,</em></span> <span class='ocrx_word' id='word_1_742' title='bbox 3048 4655 3187 4701; x_wconf 88' lang='lat' dir='ltr'><em>utet</em></span> <span class='ocrx_word' id='word_1_743' title='bbox 3235 4648 3350 4717; x_wconf 90' lang='lat' dir='ltr'><em>ipse</em></span> <span class='ocrx_word' id='word_1_744' title='bbox 3403 4648 3659 4703; x_wconf 80' lang='lat' dir='ltr'><em>defossus</em></span> 
     </span>
    </p>
   </div>
   <div class='ocr_carea' id='block_1_104' title="bbox 2088 4735 3660 4806">
    <p class='ocr_par' dir='ltr' id='par_1_104' title="bbox 2088 4735 3660 4806">
     <span class='ocr_line' id='line_1_104' title="bbox 2088 4735 3660 4806; baseline 0 -13"><span class='ocrx_word' id='word_1_745' title='bbox 2088 4738 2479 4793; x_wconf 81' lang='lat' dir='ltr'><em>occultaretur.</em></span> <span class='ocrx_word' id='word_1_746' title='bbox 2519 4736 2590 4789; x_wconf 75' lang='lat' dir='ltr'><em>At</em></span> <span class='ocrx_word' id='word_1_747' title='bbox 2637 4735 2788 4790; x_wconf 85' lang='lat' dir='ltr'><em>liberi</em></span> <span class='ocrx_word' id='word_1_748' title='bbox 2834 4735 3007 4805; x_wconf 88' lang='lat' dir='ltr'><em>ipsius</em></span> <span class='ocrx_word' id='word_1_749' title='bbox 3054 4750 3178 4790; x_wconf 90' lang='lat' dir='ltr'><em>cum</em></span> <span class='ocrx_word' id='word_1_750' title='bbox 3237 4749 3556 4806; x_wconf 86' lang='lat' dir='ltr'><em>sperarent,</em></span> <span class='ocrx_word' id='word_1_751' title='bbox 3598 4752 3660 4793; x_wconf 86' lang='lat' dir='ltr'><em>se</em></span> 
     </span>
    </p>
   </div>
   <div class='ocr_carea' id='block_1_105' title="bbox 2088 4822 3657 4895">
    <p class='ocr_par' dir='ltr' id='par_1_105' title="bbox 2088 4822 3657 4895">
     <span class='ocr_line' id='line_1_105' title="bbox 2088 4822 3657 4895; baseline 0.001 -16"><span class='ocrx_word' id='word_1_752' title='bbox 2088 4825 2332 4880; x_wconf 87' lang='lat' dir='ltr'><em>omnium</em></span> <span class='ocrx_word' id='word_1_753' title='bbox 2386 4824 2588 4878; x_wconf 82' lang='lat' dir='ltr'><em>civium</em></span> <span class='ocrx_word' id='word_1_754' title='bbox 2638 4822 2754 4878; x_wconf 81' lang='lat' dir='ltr'><em>fore</em></span> <span class='ocrx_word' id='word_1_755' title='bbox 2805 4823 3130 4888; x_wconf 83' lang='lat' dir='ltr'><em>ditissimos,</em></span> <span class='ocrx_word' id='word_1_756' title='bbox 3179 4826 3361 4879; x_wconf 89' lang='lat' dir='ltr'><em>omnia</em></span> <span class='ocrx_word' id='word_1_757' title='bbox 3404 4841 3657 4895; x_wconf 78' lang='lat' dir='ltr'><em>perscru-</em></span> 
     </span>
    </p>
   </div>
   <div class='ocr_carea' id='block_1_106' title="bbox 2089 4914 3660 4981">
    <p class='ocr_par' dir='ltr' id='par_1_106' title="bbox 2089 4914 3660 4981">
     <span class='ocr_line' id='line_1_106' title="bbox 2089 4914 3660 4981; baseline 0.001 -12"><span class='ocrx_word' id='word_1_758' title='bbox 2089 4917 2386 4978; x_wconf 81' lang='lat' dir='ltr'><em>labantur,</em></span> <span class='ocrx_word' id='word_1_759' title='bbox 2441 4931 2508 4969; x_wconf 74' lang='lat' dir='ltr'><em>ex</em></span> <span class='ocrx_word' id='word_1_760' title='bbox 2559 4914 2682 4969; x_wconf 86' lang='lat' dir='ltr'><em>aliis</em></span> <span class='ocrx_word' id='word_1_761' title='bbox 2745 4915 3205 4981; x_wconf 86' lang='lat' dir='ltr'><em>sciscitabantur,</em></span> <span class='ocrx_word' id='word_1_762' title='bbox 3248 4914 3479 4973; x_wconf 79' lang='lat' dir='ltr'><em>famulos</em></span> <span class='ocrx_word' id='word_1_763' title='bbox 3529 4934 3660 4973; x_wconf 66' lang='lat' dir='ltr'><em>eva-</em></span> 
     </span>
    </p>
   </div>
   <div class='ocr_carea' id='block_1_107' title="bbox 2090 5005 3649 5077">
    <p class='ocr_par' dir='ltr' id='par_1_107' title="bbox 2090 5005 3649 5077">
     <span class='ocr_line' id='line_1_107' title="bbox 2090 5005 3649 5077; baseline 0.003 -18"><span class='ocrx_word' id='word_1_764' title='bbox 2090 5007 2389 5072; x_wconf 81' lang='lat' dir='ltr'><em>miuabant,</em></span> <span class='ocrx_word' id='word_1_765' title='bbox 2429 5007 2737 5075; x_wconf 82' lang='lat' dir='ltr'><em>pavimenta</em></span> <span class='ocrx_word' id='word_1_766' title='bbox 2774 5008 2970 5060; x_wconf 71' lang='lat' dir='ltr'><em>aedium</em></span> <span class='ocrx_word' id='word_1_767' title='bbox 3020 5005 3278 5062; x_wconf 88' lang='lat' dir='ltr'><em>fodiendo</em></span> <span class='ocrx_word' id='word_1_768' title='bbox 3310 5009 3649 5077; x_wconf 85' lang='lat' dir='ltr'><em>aperiebant.</em></span> 
     </span>
    </p>
   </div>
   <div class='ocr_carea' id='block_1_108' title="bbox 2091 5094 3658 5165">
    <p class='ocr_par' dir='ltr' id='par_1_108' title="bbox 2091 5094 3658 5165">
     <span class='ocr_line' id='line_1_108' title="bbox 2091 5094 3658 5165; baseline 0.003 -18"><span class='ocrx_word' id='word_1_769' title='bbox 2091 5098 2329 5165; x_wconf 81' lang='lat' dir='ltr'><em>parietes</em></span> <span class='ocrx_word' id='word_1_770' title='bbox 2374 5096 2755 5162; x_wconf 81' lang='lat' dir='ltr'><em>evacuabant,</em></span> <span class='ocrx_word' id='word_1_771' title='bbox 2812 5094 3116 5148; x_wconf 86' lang='lat' dir='ltr'><em>vicinorum</em></span> <span class='ocrx_word' id='word_1_772' title='bbox 3186 5102 3242 5150; x_wconf 93' lang='lat' dir='ltr'><em>et</em></span> <span class='ocrx_word' id='word_1_773' title='bbox 3309 5096 3658 5152; x_wconf 70' lang='lat' dir='ltr'><em>familiarium</em></span> 
     </span>
    </p>
   </div>
   <div class='ocr_carea' id='block_1_109' title="bbox 1656 5272 2369 5344">
    <p class='ocr_par' dir='ltr' id='par_1_109' title="bbox 1656 5272 2369 5344">
     <span class='ocr_line' id='line_1_109' title="bbox 1656 5272 2369 5344; baseline 0.006 -19"><span class='ocrx_word' id='word_1_774' title='bbox 1656 5272 1698 5303; x_wconf 87' lang='grc'><em>¹³</em></span> <span class='ocrx_word' id='word_1_775' title='bbox 1735 5273 1922 5329; x_wconf 80' lang='lat' dir='ltr'><em>Matth.</em></span> <span class='ocrx_word' id='word_1_776' title='bbox 1957 5288 2114 5338; x_wconf 70' lang='lat' dir='ltr'><em>svnt,</em></span> <span class='ocrx_word' id='word_1_777' title='bbox 2142 5272 2213 5328; x_wconf 74' lang='grc'><strong>52</strong></span> <span class='ocrx_word' id='word_1_778' title='bbox 2248 5290 2369 5344; x_wconf 89' lang='lat' dir='ltr'><em>sqq.</em></span> 
     </span>
    </p>
   </div>
   <div class='ocr_carea' id='block_1_110' title="bbox 2162 5428 3657 5504">
    <p class='ocr_par' dir='ltr' id='par_1_110' title="bbox 2162 5428 3657 5504">
     <span class='ocr_line' id='line_1_110' title="bbox 2162 5428 3657 5504; baseline 0 -18"><span class='ocrx_word' id='word_1_779' title='bbox 2162 5428 2275 5503; x_wconf 82' lang='lat'><em>(58)</em></span> <span class='ocrx_word' id='word_1_780' title='bbox 2309 5432 2678 5501; x_wconf 80' lang='grc' dir='ltr'>Κατώρυκτο.</span> <span class='ocrx_word' id='word_1_781' title='bbox 2716 5428 2859 5483; x_wconf 81' lang='lat' dir='ltr'><em>Mon.</em></span> <span class='ocrx_word' id='word_1_782' title='bbox 2893 5429 3239 5504; x_wconf 59' lang='lat' dir='ltr'><em>nartirpuxto,</em></span> <span class='ocrx_word' id='word_1_783' title='bbox 3296 5428 3437 5504; x_wconf 75' lang='lat' dir='ltr'><em>inter</em></span> <span class='ocrx_word' id='word_1_784' title='bbox 3465 5450 3510 5483; x_wconf 89' lang='grc' dir='ltr'><em>ω</em></span> <span class='ocrx_word' id='word_1_785' title='bbox 3536 5441 3588 5486; x_wconf 78' lang='lat' dir='ltr'><em>et</em></span> <span class='ocrx_word' id='word_1_786' title='bbox 3627 5452 3657 5504; x_wconf 90' lang='grc' dir='ltr'><em>ρ</em></span> 
     </span>
    </p>
   </div>
   <div class='ocr_carea' id='block_1_111' title="bbox 2088 5500 3658 5573">
    <p class='ocr_par' dir='ltr' id='par_1_111' title="bbox 2088 5500 3658 5573">
     <span class='ocr_line' id='line_1_111' title="bbox 2088 5500 3658 5573; baseline 0.001 -18"><span class='ocrx_word' id='word_1_787' title='bbox 2088 5500 2481 5573; x_wconf 83' lang='lat' dir='ltr'><em>suprascripto</em></span> <span class='ocrx_word' id='word_1_788' title='bbox 2512 5520 2573 5573; x_wconf 92' lang='grc' dir='ltr'><em>ρο</em></span> <span class='ocrx_word' id='word_1_789' title='bbox 2614 5518 2644 5555; x_wconf 83' lang='lat' dir='ltr'><em>a</em></span> <span class='ocrx_word' id='word_1_790' title='bbox 2686 5502 3004 5573; x_wconf 75' lang='lat' dir='ltr'><em>recentiore</em></span> <span class='ocrx_word' id='word_1_791' title='bbox 3060 5517 3220 5573; x_wconf 87' lang='lat' dir='ltr'><em>manu</em></span> <span class='ocrx_word' id='word_1_792' title='bbox 3251 5541 3264 5562; x_wconf 88' lang='lat'><em>,</em></span> <span class='ocrx_word' id='word_1_793' title='bbox 3301 5500 3563 5573; x_wconf 78' lang='lat' dir='ltr'><em>Gretseri,</em></span> <span class='ocrx_word' id='word_1_794' title='bbox 3601 5500 3658 5557; x_wconf 82' lang='grc' dir='ltr'>ιιί</span> 
     </span>
    </p>
   </div>
   <div class='ocr_carea' id='block_1_112' title="bbox 2086 5520 3657 5642">
    <p class='ocr_par' dir='ltr' id='par_1_112' title="bbox 2086 5520 3657 5642">
     <span class='ocr_line' id='line_1_112' title="bbox 2088 5520 3657 5573; baseline 0.001 -18"><span class='ocrx_word' id='word_1_795' title='bbox 2088 5520 2150 5555; x_wconf 91' lang='lat' dir='ltr'><em>su</em></span> <span class='ocrx_word' id='word_1_796' title='bbox 2198 5520 2467 5571; x_wconf 82' lang='lat' dir='ltr'><em>rascrtpto</em></span> <span class='ocrx_word' id='word_1_797' title='bbox 2512 5520 2573 5573; x_wconf 92' lang='grc' dir='ltr'><em>ρο</em></span> <span class='ocrx_word' id='word_1_798' title='bbox 2614 5520 2644 5555; x_wconf 83' lang='lat' dir='ltr'><em>a</em></span> <span class='ocrx_word' id='word_1_799' title='bbox 2700 5520 3004 5555; x_wconf 76' lang='lat' dir='ltr'><em>recentiore</em></span> <span class='ocrx_word' id='word_1_800' title='bbox 3060 5520 3220 5554; x_wconf 89' lang='lat' dir='ltr'><em>manu</em></span> <span class='ocrx_word' id='word_1_801' title='bbox 3251 5541 3264 5562; x_wconf 88' lang='lat'><em>,</em></span> <span class='ocrx_word' id='word_1_802' title='bbox 3301 5520 3563 5563; x_wconf 76' lang='lat' dir='ltr'><em>bretsert,</em></span> <span class='ocrx_word' id='word_1_803' title='bbox 3601 5520 3657 5557; x_wconf 77' lang='lat' dir='ltr'><em>ut</em></span> 
     </span>
     <span class='ocr_line' id='line_1_113' title="bbox 2086 5520 3657 5642; baseline 0.002 -19"><span class='ocrx_word' id='word_1_804' title='bbox 2086 5520 2325 5629; x_wconf 48' lang='lat' dir='ltr'><em>vitiletur.</em></span> <span class='ocrx_word' id='word_1_805' title='bbox 2373 5574 2464 5641; x_wconf 90' lang='lat' dir='ltr'><em>qui</em></span> <span class='ocrx_word' id='word_1_806' title='bbox 2493 5570 2834 5642; x_wconf 52' lang='lat' dir='ltr'><em>emendabat</em></span> <span class='ocrx_word' id='word_1_807' title='bbox 2872 5570 3275 5642; x_wconf 65' lang='grc' dir='ltr'>κατεοιρὸρυκτο.</span> <span class='ocrx_word' id='word_1_808' title='bbox 3315 5573 3383 5627; x_wconf 82' lang='lat' dir='ltr'><em>At</em></span> <span class='ocrx_word' id='word_1_809' title='bbox 3418 5589 3467 5626; x_wconf 84' lang='grc' dir='ltr'>ν.</span> <span class='ocrx_word' id='word_1_810' title='bbox 3503 5571 3657 5626; x_wconf 79' lang='lat' dir='ltr'><em>Bull-</em></span> 
     </span>
    </p>
   </div>
   <div class='ocr_carea' id='block_1_113' title="bbox 2083 5639 3246 5710">
    <p class='ocr_par' dir='ltr' id='par_1_113' title="bbox 2083 5639 3246 5710">
     <span class='ocr_line' id='line_1_114' title="bbox 2083 5639 3246 5710; baseline -0.003 -15"><span class='ocrx_word' id='word_1_811' title='bbox 2083 5658 2270 5695; x_wconf 82' lang='lat' dir='ltr'><em>mauu.</em></span> <span class='ocrx_word' id='word_1_812' title='bbox 2296 5639 2454 5695; x_wconf 49' lang='lat' dir='ltr'><em>Gr.&#39;t.</em></span> <span class='ocrx_word' id='word_1_813' title='bbox 2491 5639 2531 5704; x_wconf 93' lang='lat' dir='ltr'><em>l,</em></span> <span class='ocrx_word' id='word_1_814' title='bbox 2559 5658 2611 5710; x_wconf 86' lang='lat' dir='ltr'><em>p.</em></span> <span class='ocrx_word' id='word_1_815' title='bbox 2645 5639 2769 5695; x_wconf 75' lang='lat'><em>5:27.</em></span> <span class='ocrx_word' id='word_1_816' title='bbox 2799 5649 2907 5693; x_wconf 88' lang='lat' dir='ltr'><em>ett.</em></span> <span class='ocrx_word' id='word_1_817' title='bbox 2953 5639 3246 5710; x_wconf 34' lang='lat' dir='ltr'><em>“(th-260.</em></span> 
     </span>
    </p>
   </div>
   <div class='ocr_carea' id='block_1_114' title="bbox 2158 5709 3656 5781">
    <p class='ocr_par' dir='ltr' id='par_1_114' title="bbox 2158 5709 3656 5781">
     <span class='ocr_line' id='line_1_115' title="bbox 2158 5709 3656 5781; baseline -0.001 -15"><span class='ocrx_word' id='word_1_818' title='bbox 2158 5713 2268 5781; x_wconf 81' lang='lat'><em>(59)</em></span> <span class='ocrx_word' id='word_1_819' title='bbox 2314 5709 2789 5781; x_wconf 53' lang='lat' dir='ltr'><em>&quot;ti‘rflt.i[001&#39;.._.</em></span> <span class='ocrx_word' id='word_1_820' title='bbox 2865 5709 3248 5781; x_wconf 63' lang='grc' dir='ltr'>κινήσαντες.</span> <span class='ocrx_word' id='word_1_821' title='bbox 3298 5709 3656 5765; x_wconf 77' lang='lat' dir='ltr'><em>Proverbium</em></span> 
     </span>
    </p>
   </div>
   <div class='ocr_carea' id='block_1_115' title="bbox 2088 5778 3651 5852">
    <p class='ocr_par' dir='ltr' id='par_1_115' title="bbox 2088 5778 3651 5852">
     <span class='ocr_line' id='line_1_116' title="bbox 2088 5778 3651 5852; baseline -0.003 -15"><span class='ocrx_word' id='word_1_822' title='bbox 2088 5778 2321 5852; x_wconf 73' lang='lat' dir='ltr'><em>explicui</em></span> <span class='ocrx_word' id='word_1_823' title='bbox 2352 5783 2419 5835; x_wconf 86' lang='lat' dir='ltr'><em>ad</em></span> <span class='ocrx_word' id='word_1_824' title='bbox 2453 5780 2508 5833; x_wconf 89' lang='lat' dir='ltr'><em>S.</em></span> <span class='ocrx_word' id='word_1_825' title='bbox 2539 5779 2701 5834; x_wconf 87' lang='lat' dir='ltr'><em>Basil.</em></span> <span class='ocrx_word' id='word_1_826' title='bbox 2742 5779 2815 5832; x_wconf 81' lang='lat' dir='ltr'><em>De</em></span> <span class='ocrx_word' id='word_1_827' title='bbox 2854 5778 2950 5849; x_wconf 72' lang='lat' dir='ltr'><em>leg.</em></span> <span class='ocrx_word' id='word_1_828' title='bbox 2990 5782 3111 5836; x_wconf 84' lang='lat' dir='ltr'><em>libr.</em></span> <span class='ocrx_word' id='word_1_829' title='bbox 3152 5780 3345 5836; x_wconf 76' lang='lat' dir='ltr'><em>Gentii.</em></span> <span class='ocrx_word' id='word_1_830' title='bbox 3378 5797 3431 5851; x_wconf 90' lang='lat' dir='ltr'><em>p.</em></span> <span class='ocrx_word' id='word_1_831' title='bbox 3454 5782 3521 5837; x_wconf 73' lang='grc'><em>56</em></span> <span class='ocrx_word' id='word_1_832' title='bbox 3560 5784 3651 5834; x_wconf 89' lang='lat' dir='ltr'><em>liu.</em></span> 
     </span>
    </p>
   </div>
  </div>
