4124 6352
398 352 429 404 4
439 352 504 404 ἲιῦ

421 495 1984 528 Ww—

1559 341 1646 394 DE
1701 337 2145 396 PAUPERlBUS
2185 334 2509 391 AMANDIS.

3565 329 3669 382 473i

2003 479 3542 504 Mm

1413 480 3629 520 mw

1265 657 1490 747 ΤΟΥ
1562 657 1705 740 ΕΝ
1765 653 2129 740 ΛΓΙΟΙΣ
2201 646 2818 738 ΓΡΗΓΟΡΙΟΥ

689 904 1046 1016 ΠΕΡΙ
1150 894 2218 1077 ΦΙΛΟΠΤΩΧΙΑΣ
2300 893 2578 1005 ΚΑΙ
2663 886 3390 1004 ΕΥΠΟΙΙΑΣ

1881 1126 2100 1182 ΛΟΓΟΣ
2125 1129 2204 1180 A'.

1453 1453 1547 1541 S.
1635 1454 1742 1540 P.
1849 1453 1967 1540 N.
2053 1447 2629 1540 GREGORII

1118 1694 1300 1804 DE
1380 1687 2256 1803 PAUPERIBUS
2318 1684 2966 1800 AMANDIS

1364 1920 1458 1976 ET
1503 1914 2034 1975 BENIGNITATE
2082 1911 2717 1971 COMPLECTENDIS

1813 2067 2072 2125 ORATIO
2104 2067 2121 2120 ι
2169 2069 2268 2141 (α).

1601 2230 1744 2280 ιἰἰιοο
1775 2223 2036 2276 ιπιγιιισίεσο
2079 2222 2202 2274 Ziuo
2239 2221 2510 2288 iulerprete.

488 2539 548 2592 '0
587 2537 684 2608 τῆς
724 2533 1050 2605 Ίίκκλησίας
1100 2532 1302 2600 ταύτης
1351 2532 1631 2602 πρόεδρος,
1683 2532 1776 2584 καὶ
1805 2534 1852 2585 οἱ
1889 2534 1989 2600 τῆς

2166 2533 2268 2599 Qui
2304 2534 2431 2588 huic
2457 2533 2712 2586 Ecclesirc
2743 2533 3018 2602 prmsidcl,
3060 2542 3222 2602 atque
3279 2533 3416 2588 adeo
3459 2551 3670 2599 omnes,

403 2629 678 2690 ἀπλανοῦς
732 2624 1012 2686 εὐσεϐείας
1058 2626 1150 2676 καὶ
1184 2626 1281 2691 τῆς
1311 2622 1429 2675 κατ’
1474 2622 1673 2693 ἀρετὴν
1712 2623 1986 2684 πολιτείας

403 2719 735 2777 διδάσκαλοι,
767 2716 967 2786 πολλὴν
1013 2714 1194 2784 ἔχουσι
1230 2713 1365 2786 πρὸς
1409 2713 1533 2775 τοὺς
1565 2715 1987 2783 γραμματιστὰς

406 2811 502 2864 καὶ
521 2811 646 2872 τοὺς
673 2807 964 2868 παιδευτὰς
997 2806 1104 2857 τῶν
1128 2804 1358 2875 πρώτων
1383 2805 1658 2873 στοιχείων
1685 2805 1782 2874 τὴν
1803 2806 1987 2875 ὁμοιό-

402 2918 564 2970 τητα.
603 2901 813 2968 Ὥσπερ
845 2898 952 2967 γὰρ
982 2899 1182 2950 ἐκεῖνοι
1229 2895 1354 2956 τοὺς
1403 2895 1630 2964 νηπίους
1674 2895 1769 2949 καὶ
1802 2896 1986 2966 ψελλι-

407 2995 670 3065 ζομένους
702 2993 780 3044 ἔτι
831 2991 1026 3052 παῖδας
1075 2989 1226 3060 παρὰ
1256 2989 1364 3040 τῶν
1399 2989 1650 3058 πατέριον
1680 2987 1986 3058 δεξάμενοι,

404 3084 508 3135 οὐκ
536 3083 697 3145 εὐθὺς
724 3081 815 3134 ἐπὶ
831 3078 897 3132 τὰ
925 3079 1232 3147 τελειότερα
1251 3077 1358 3129 τῶν
1383 3076 1718 3146 μαθημάτων
1744 3079 1986 3147 ἄγουσιν,

406 3173 543 3228 ἀλλά
571 3172 832 3241 πρότερον
858 3172 914 3224 ἐν
936 3169 1016 3239 τῷ
1045 3167 1198 3238 κηρῷ
1241 3169 1305 3220 τὸ
1336 3169 1478 3235 ἄλφα
1512 3168 1866 3238 χαράξαντες.
1897 3173 1991 3224 καὶ

408 3265 478 3316 τὰ
517 3261 642 3330 ἑξῆς
671 3261 782 3313 τῶν
816 3260 1114 3328 στοιχείων,
1147 3259 1215 3311 τά
1234 3274 1293 3309 τε
1322 3257 1558 3327 ὀνόματα
1588 3259 1763 3310 αὐτῶν
1794 3259 1992 3312 εἰδέναι

405 3354 737 3415 διδάσκουσι,
771 3349 864 3402 καὶ
886 3351 998 3411 τοῖς
1024 3347 1216 3410 τύποις
1241 3349 1352 3410 τοῖς
1385 3349 1671 3416 γραφεῖσιν
1706 3347 1991 3402 ἐνασκοῦσι

407 3446 510 3514 τὴν
558 3445 714 3512 χεῖρα
736 3456 750 3470 ·
808 3441 943 3510 μετά
975 3439 1029 3491 δὲ
1062 3439 1218 3491 τοῦτο
1248 3441 1364 3501 ταῖς
1408 3439 1698 3501 συλλαϐαῖς
1726 3440 1992 3509 προδιδά-

407 3535 585 3598 ζουσι,
617 3533 710 3585 καὶ
741 3531 850 3583 τῶν
882 3531 1160 3600 ὀνομάτων
1197 3529 1324 3599 ἑξῆς
1353 3529 1663 3583 παιδεύουσι
1691 3530 1786 3600 τὴν
1819 3530 1998 3599 ἐκφω-

408 3642 563 3695 νησιν
588 3639 603 3653 ⁶
649 3621 821 3684 οὕτως
866 3620 961 3673 καὶ
1001 3620 1099 3689 τῆς
1132 3618 1428 3688 ἐκκλησίας
1468 3619 1841 3690 καθηγεμόνες
1883 3624 1996 3685 τοῖς

408 3714 817 3787 στοιχ[ει]ώδεσι
859 3711 1076 3782 πρῶτον
1105 3710 1212 3763 τῶν
1257 3711 1595 3780 μαθημάτων
1629 3713 1996 3782 προσάγοντες

407 3811 500 3860 τὴν
528 3805 823 3877 ἀκροατὴν,
861 3803 1164 3875 παρέχουσι
1203 3801 1312 3853 τῶν
1345 3801 1705 3874 τελειωτὲρων
1729 3805 1828 3874 τὴν
1855 3805 1998 3874 γνῶ-

410 3915 442 3950 σ
449 3915 514 3951 ιν.

495 4073 711 4142 Ἐπειδὴ
737 4073 914 4124 τοίνυν
944 4073 1000 4123 ὲν
1034 4070 1126 4122 δύο
1158 4073 1276 4131 ταῖς
1305 4067 1702 4138 προλαϐοῦσαις
1734 4068 1989 4139 ἡμέραις,

410 4164 510 4233 τῆς
539 4167 811 4233 φάρυγγος
847 4162 939 4214 καὶ
970 4161 1070 4229 τῆς
1101 4159 1336 4229 γαστρὸς
1376 4157 1473 4227 τὴν
1506 4157 1814 4226 φιληδονίαν
1852 4160 1990 4211 ἐσω-

411 4254 764 4324 φρονίσαμεν,
800 4255 872 4322 μή
907 4269 973 4322 με
1007 4251 1227 4320 οίηθῆτε
1277 4251 1370 4303 καὶ
1401 4251 1638 4319 σήμερον
1683 4249 1752 4302 τὰ
1787 4250 1990 4320 συνήθη

411 4344 606 4409 λέξειν,
631 4345 705 4406 ὡς
739 4345 901 4396 καλὸν
949 4345 1355 4414 καταφρονῆσαι
1404 4341 1601 4411 κρεῶν,
1633 4341 1724 4393 καὶ
1755 4341 1989 4410 ἀποσχέ-

413 4435 536 4485 σθαι
569 4431 664 4484 τοῦ
698 4432 1050 4500 φιλογέλωτος
1099 4432 1240 4483 οῐνου
1270 4431 1363 4483 καὶ
1394 4429 1713 4499 βακχευτοῦο
1746 4431 1986 4500 ἐπισχεῖν

411 4524 470 4576 δὲ
492 4523 616 4586 τοὺς
644 4523 958 4592 μαγείρους,
994 4521 1086 4573 καὶ
1112 4522 1289 4574 πᾶσαν
1311 4520 1404 4572 τοῦ
1436 4521 1674 4589 οἰνοχόου
1699 4521 1798 4590 τὴν
1830 4524 1988 4592 χεῖρα

413 4614 747 4684 κάμνουσαν.
799 4613 980 4666 Ταῦτα
1006 4614 1112 4683 γὰρ
1156 4612 1278 4682 ἐμοί
1313 4628 1370 4664 τε
1404 4611 1603 4673 ἱκανῶς
1629 4611 1860 4682 εἴρηται,
1893 4615 1987 4664 καὶ

411 4707 571 4775 ὑμεῖς
629 4705 713 4758 διὰ
767 4707 873 4757 τῶν
921 4707 1259 4777 πραγμάτων
1300 4705 1520 4775 ἐνεργὸν
1552 4704 1649 4773 τὴν
1684 4703 1990 4774 συμϐουλὴν

414 4796 777 4860 ἐπεδείξασθε.
851 4797 924 4848 Τὸ
1001 4797 1057 4850 δὲ
1113 4797 1325 4867 πρῶτον
1397 4795 1624 4865 μάθημα
1674 4795 1990 4866 ἀσκηθεῖσιν

414 4886 769 4959 [ἀσκούντων]
796 4889 942 4956 ὑμῖν,
980 4889 1140 4940 καλὸν
1173 4890 1234 4940 ἐκ
1273 4888 1637 4957 προσαγωγῆς
1670 4888 1991 4956 μεταδοῦναι

409 4975 520 5029 τῶν
551 4976 809 5046 μειζόνων
837 4977 929 5028 καὶ
956 4977 1366 5046 ἀνδρικωτέρων
1408 4976 1593 5028 λοιπὸν
1621 4978 1984 5047 διδαγμάτων.

411 5073 517 5125 hoc
560 5073 947 5126 documentum
981 5072 1253 5136 excolitis,
1307 5087 1488 5141 opera:
1533 5074 1764 5141 pretium
1811 5083 1914 5136 est,
1965 5084 2024 5130 ut

409 5173 558 5224 sunt,
594 5163 1026 5233 progrediamur.

481 5258 635 5309 Ἔστι
661 5255 836 5308 τοίνυν
869 5258 960 5308 καὶ
989 5255 1279 5325 ἀσώματος
1319 5259 1560 5326 νηστεία,
1591 5258 1683 5311 καὶ
1717 5257 1873 5322 ἇῦλος
1896 5261 1985 5325 ἐγ·
2013 5273 2054 5327 c

406 5351 633 5420 κράτεια
661 5351 692 5418 ἡ
725 5349 852 5418 περῖ⁸
876 5349 1049 5419 ψυχὴν
1069 5349 1406 5420 στρεφομένη
1439 5352 1614 5419 ἀποχὴ
1646 5351 1750 5402 τῶν
1765 5351 1947 5402 κακῶν
1974 5368 1984 5379 ·

407 5443 501 5494 καὶ
548 5443 611 5493 δι’
644 5442 858 5510 ἐκείνην
906 5444 1038 5510 ἡμῖν
1071 5442 1163 5494 καὶ
1189 5440 1327 5510 αὕτη
1358 5439 1717 5508 ἐνομοθετήθη
1746 5442 1776 5508 ἠ
1813 5440 1989 5508 ἀποχὴ

404 5532 512 5583 τῶν
550 5531 868 5600 βρωμάτων.
907 5531 1254 5600 Νηστεύσατε
1294 5531 1468 5583 τοίνυν
1503 5528 1606 5580 ἀπὸ
1641 5529 1857 5590 κακίας·
1902 5532 1990 5595 ἐγ-

2094 2625 2187 2690 qui
2223 2638 2282 2677 se
2306 2638 2444 2676 vera:
2479 2621 2700 2691 pietatis
2733 2629 2789 2673 et
2827 2620 2946 2689 ejus
2977 2619 3191 2674 vivendi
3242 2623 3493 2684 rationis,
3550 2638 3673 2686 qum

2090 2731 2155 2766 ex
2223 2716 2422 2769 virtute
2467 2723 2570 2775 est,
2620 2713 2912 2780 magistros
2965 2712 3311 2782 proﬁtentur,
3361 2713 3674 2768 hominibus

2094 2804 2201 2858 illis
2239 2812 2366 2859 sunt
2394 2805 2688 2858 admodum
2717 2804 2945 2866 similes,
2986 2805 3077 2872 qui
3127 2804 3534 2872 grammaticam
3571 2805 3672 2858 do-

2091 2904 2238 2958 cent,
2275 2904 2328 2949 et
2357 2897 2531 2964 prima
2559 2893 2784 2948 tradunt
2810 2893 3080 2946 elementa
3100 2892 3426 2946 litterarum.
3459 2891 3671 2946 Etenim

2091 2988 2552 3057 quemadmodum
2592 2986 2643 3038 hi
2678 2999 2922 3054 puerose
2953 2995 3240 3050 parentum
3273 2984 3524 3037 manibus
3548 2998 3672 3037 sus-

2091 3090 2278 3150 ceptos
2328 3079 2508 3131 adhuc
2557 3075 2794 3130 infantes
2841 3083 2893 3127 et
2925 3075 3290 3128 balbutientes
3340 3089 3449 3128 non
3502 3075 3673 3143 proti-

2092 3187 2197 3225 nus
2229 3168 2428 3222 abditis
2453 3167 2867 3235 disciplinarum
2909 3165 3365 3235 prmceptionibus
3418 3175 3669 3226 onerant,

2093 3261 2185 3313 sed
2223 3261 2400 3328 primo
2429 3259 2736 3311 litterarum
2773 3257 2976 3310 formas
3020 3256 3332 3324 insculpunt
3395 3256 3450 3310 in
3503 3256 3669 3318 ceris,

2093 3364 2392 3421 earumque
2449 3347 2669 3401 nomina
2723 3347 3026 3404 declarant.
3073 3356 3128 3400 et
3179 3347 3419 3416 ipsorum
3475 3363 3670 3400 manUs

2095 3455 2192 3510 per
2241 3441 2537 3508 impressos
2599 3439 2722 3491 illos
2763 3436 3065 3490 litterarum
3123 3437 3318 3490 ductus
3381 3445 3547 3506 agunt
3616 3445 3671 3489 t-t

2095 3536 2372 3591 exercent;
2405 3542 2527 3580 mox
2559 3540 2654 3580 eos
2683 3527 2752 3578 ob
2788 3525 3120 3595 syllabarum
3149 3525 3515 3594 cognitionem
3542 3539 3670 3592 pro--

2096 3618 2326 3682 vehunt,
2359 3624 2525 3686 atque
2565 3617 2637 3668 ita
2692 3616 2949 3684 deinceps
2996 3615 3062 3668 ad
3113 3616 3404 3670 verborum
3445 3631 3670 3684 expres-

2097 3711 2306 3765 sionem
2335 3709 2639 3779 perdueunl
2667 3725 2680 3773 ;
2719 3708 2796 3760 sic
2830 3705 3088 3760 Ecclesiae
3110 3705 3278 3758 duces
3311 3706 3464 3760 initio
3499 3705 3670 3759 docu-

2101 3810 2305 3865 menta,
2346 3816 2466 3870 qua:
2496 3800 2608 3851 sint
2658 3800 2833 3852 instar
2862 3799 3276 3859 elementorum,
3328 3798 3669 3851 auditoribus

2027 3884 2070 3937 Β
2099 3899 2429 3962 proponunt,
2454 3890 2648 3943 deinde
2663 3890 2926 3958 gradatim
2956 3902 3040 3949 ea,
3070 3903 3188 3955 quae
3209 3886 3532 3956 perfectiora
3555 3904 3670 3941 ma-

2097 3985 2287 4056 gisque
2315 3983 2595 4037 recondita
2623 3991 2772 4044 sunt,
2815 3979 3166 4048 patefaciunt.

2168 4075 2436 4140 Quoniam
2470 4073 2638 4140 igitur
2672 4071 2887 4126 duobus
2923 4072 3302 4140 superioribus
3329 4072 3524 4127 diebus
3575 4087 3666 4125 :u-

2096 4167 2374 4235 piditatetn
2408 4166 2575 4225 illam,
2626 4179 2747 4230 qua:
2788 4164 2927 4230 gulae
2975 4163 3290 4226 ventrisque
3337 4165 3665 4231 voluptatem

2096 4265 2360 4316 sectatur,
2399 4254 2808 4323 castigationis,
2858 4254 3117 4306 hodierna
3160 4254 3286 4307 item
3346 4253 3434 4307 die
3473 4255 3665 4310 iisdem

2095 4348 2163 4402 de
2195 4348 2361 4401 rebus
2388 4363 2471 4400 me
2498 4346 2660 4400 verba
2691 4345 2960 4398 facturum
3011 4361 3078 4397 ne
3115 4345 3460 4409 existimetis,
3521 4347 3667 4414 quod

2093 4436 2349 4490 videlicet
2378 4437 2666 4491 conveniat
2700 4444 2752 4488 et
2781 4451 2947 4488 carne
2986 4451 3092 4488 non
3142 4435 3312 4493 vesci,
3348 4445 3400 4487 et
3437 4453 3465 4487 ιι
3515 4438 3664 4500 vino,

2094 4527 2250 4595 Cujus
2279 4526 2389 4580 fere
2418 4527 2583 4590 risus,
2615 4535 2669 4580 et
2692 4526 2901 4579 insania
2934 4527 3159 4577 comites
3190 4532 3338 4585 sunt,
3364 4526 3662 4587 abstinere,

2094 4629 2147 4673 et
2201 4619 2458 4672 cohibere
2499 4633 2800 4688 coquorum
2856 4618 3134 4680 studium;
3171 4627 3222 4669 et
3280 4618 3663 4684 pincernarmn

2093 4725 2288 4763 manus
2328 4711 2625 4765 miscendis
2656 4710 3114 4778 porrigendisque
3144 4710 3354 4778 parulis
3409 4710 3664 4778 fatigatas

2094 4802 2475 4871 comprimere.
2509 4801 2581 4857 De
2612 4803 2694 4855 Itis
2725 4804 2868 4857 enim
2901 4811 2954 4855 et
3003 4817 3102 4854 nos
3138 4801 3272 4855 satis
3305 4802 3468 4853 multa
3523 4802 3665 4853 dixi-

2096 4908 2238 4955 mus,
2277 4902 2329 4946 et
2359 4909 2456 4948 vos
2502 4894 2792 4947 consilium
2828 4893 3364 4955 admonitimiemque
3417 4899 3662 4944 nostram

2095 4985 2273 5052 reipsa
2309 4992 2362 5038 ct
2385 4986 2543 5038 factis
2565 4983 3041 5052 t'mnprobavistis.
3070 4982 3248 5046 Quare
3269 4982 3394 5034 dum
3429 4983 3660 5049 primum

2098 5079 2166 5133 ad
2225 5095 2288 5134 ea
2338 5081 2492 5135 vobis
2553 5081 2814 5134 tradenda
2884 5097 3004 5149 qua:
3048 5080 3253 5149 majora
3306 5079 3664 5148 gravioraque

2161 5258 2256 5314 Est
2290 5260 2456 5329 igitur
2481 5261 2673 5329 jejunii
2705 5269 2757 5313 et
2816 5261 3154 5314 abstinentia!
3206 5277 3396 5331 genus.
3456 5266 3599 5333 quod
3633 5282 3661 5320 a

2098 5366 2326 5419 corpore
2370 5360 2422 5404 et
2487 5355 2710 5403 materia
2756 5353 3059 5418 sejunctum
3102 5363 3217 5418 est;
3255 5369 3488 5422 cumque
3544 5357 3664 5410 ani-

2099 5455 2239 5491 mam
2269 5440 2533 5492 duntaxat
2562 5440 2834 5508 respiciat.
2865 5457 2926 5493 ea
2989 5458 3046 5495 rc
3077 5444 3374 5510 perlicilur,
3422 5455 3480 5496 ut.
3512 5461 3538 5496 a
3586 5449 3664 5499 vi-

2099 5532 2187 5584 tiis
2225 5542 2619 5599 temperemus:
2648 5541 2808 5600 atque
2842 5532 3003 5601 hujus
3033 5533 3251 5600 quidem
3293 5534 3490 5603 jejunii
3540 5552 3662 5605 gra-

482 5705 950 5783 (a)_‘Gr;cre'_odita
978 5723 1057 5783 me
1090 5721 1222 5758 mss.
1275 5703 1536 5760 Cmsareac
1569 5705 1859 5761 Viennens.
1906 5706 2273 5778 bibliotlaccm,
2337 5724 2390 5767 et
2457 5729 2521 5768 ex
2557 5714 2865 5783 apograplto
2932 5727 2996 5767 ex
3049 5688 3311 5763 Vaticana
3363 5712 3656 5777 exsrr'pto,

407 5775 616 5830 Cural‘.
640 5779 754 5828 Jac.
787 5777 1060 5828 Sirulondi
1095 5787 1363 5829 corrcc‘la.
