4124 6352
429 376 541 433 45⁸ἱῦ

1664 366 1728 424 S.
1760 362 2089 423 GREGORII
2123 357 2416 421 NYSSENI

3584 362 3693 420 456

433 495 529 556 tia,
574 491 704 547 illud
751 491 1016 546 indictum
1062 498 1170 556 est,
1236 499 1295 545 ut
1339 503 1372 545 a‘
1412 488 1552 546 cibis
1606 488 2005 544 abstineamus.

2120 487 2492 561 κρατεύσασθε
2522 486 2632 541 ἀπὸ
2652 486 2752 557 τῆς
2773 486 2883 541 τῶν
2906 484 3200 556 ἀλλοτρίων
3231 483 3544 554 ἐπιθυμίας·
3568 483 3696 539 ἀπόο

431 587 588 652 Qttod
611 602 734 641 cum
765 588 839 639 ita
875 586 968 653 sit,
1009 601 1038 639 a
1078 585 1284 640 malitia
1314 584 1582 655 iciunate,
1631 585 1883 640 cohibete
1927 598 2014 638 re-

432 698 555 736 rum
604 680 907 735 alienarum
957 679 1346 748 cupiditatem,
1411 690 1442 730 a
1498 675 1642 746 turpi
1692 682 1753 731 et
1807 673 2015 743 iniusto

434 779 643 841 quaestu
664 770 819 824 vobis
849 778 1166 837 temperate.
1199 765 1497 821 Avaritiam
1525 765 1849 820 Matnmona:
1872 762 2015 818 fante

435 860 749 917 interficite.
800 858 945 912 Nihil
989 857 1135 912 domi
1192 855 1537 911 reconditum
1594 854 1810 918 habete,
1867 846 2012 922 quod

435 954 508 1008 sit
534 967 631 1022 per
659 951 769 1005 vim
801 961 854 1005 et
877 949 1101 1019 rapinas
1122 954 1520 1017 connparatum.
1552 944 1692 1012 Quid
1716 945 1861 999 enim
1888 959 2017 1014 pro-

435 1043 576 1099 derit
601 1058 695 1097 ore
729 1057 952 1096 carnem
1006 1056 1113 1094 non
1175 1040 1466 1109 attingere,
1529 1037 1574 1094 si
1632 1035 2014 1092 maledicentia

436 1136 662 1191 fratrem
702 1132 950 1189 laceras?
983 1132 1243 1199 Quaenam
1277 1132 1380 1186 erit
1411 1130 1643 1193 utilitas,
1674 1129 1742 1195 si,
1772 1129 1909 1184 dum.
1923 1136 2023 1181 tua

436 1242 547 1280 non
590 1223 855 1286 comedis,
918 1237 1040 1291 qua:
1094 1220 1352 1291 pauperis
1413 1229 1564 1283 sunt,
1602 1234 1699 1289 per
1757 1218 2014 1288 iniuriam

436 1313 813 1387 subripueris?
835 1312 969 1380 Quae
989 1327 1156 1383 porro
1179 1312 1351 1382 pietas
1381 1310 1507 1375 ista,
1532 1309 1579 1364 si
1603 1322 1798 1379 aquam
1827 1308 2017 1362 bibens
2058 1309 2065 1312 ”

437 1419 623 1465 struas
656 1407 927 1474 fraudem,
954 1396 1195 1461 consuas
1223 1405 1403 1469 dolos,
1449 1410 1504 1458 et
1549 1417 1615 1458 ex
1671 1400 2019 1471 improbitate

433 1502 759 1572 sanguinem
787 1499 983 1554 sitias?
1007 1497 1192 1563 Quid?
1230 1494 1424 1550 Nonne
1455 1493 1633 1549 Iudas
1676 1494 1845 1548 etiam
1892 1486 2017 1547 cunt

434 1589 1048 1660 nndecimjeiunabat?
1079 1598 1315 1642 attamen
1363 1587 1493 1656 quia
1541 1599 1723 1639 mores
1776 1582 2019 1636 avaritia:

427 1685 651 1740 deditos
686 1699 792 1736 non
835 1680 1151 1741 refrenavit,
1196 1677 1331 1732 nihil
1368 1675 1700 1731 adsalutem
1749 1674 1825 1727 illi
1869 1673 2017 1743 ieiu-

2117 582 2308 653 σχέσθε
2352 580 2579 652 κέρδους
2627 580 2837 634 ἀδίκουσ
2860 579 3284 650 λιμοκτονήσατε
3326 575 3421 631 τοῦ
3446 577 3697 648 Μαμωνᾶ

2113 673 2212 739 τὴν
2241 669 2627 743 φιλαργυρίαν
2669 670 2833 741 μηδὲν
2870 670 2964 723 ἐπὶ
2991 668 3089 739 τῆς
3117 667 3293 731 οἰκίας
3324 666 3465 720 ἔστω
3498 666 3694 735 κειμή-

2112 763 2247 829 λιον,
2268 765 2333 817 ἐκ
2362 764 2480 834 βίας
2505 764 2601 817 καὶ
2629 762 2905 834 ἁρπαγῆς.
2945 761 3011 813 Τί
3046 760 3155 830 γὰρ
3184 759 3394 828 ὄφελος,
3431 758 3496 811 ἂν
3526 757 3695 829 κρέας

2118 856 2195 927 μὴ
2215 854 2590 928 προσενέγκῃς
2608 855 2687 925 τῷ
2713 854 2959 924 στόματι,
2978 852 3075 906 κοιλ⁵
3100 851 3301 924 δάκνῃς
3328 854 3399 921 τῇ
3416 850 3581 922 κακίᾳ
3605 849 3697 902 τὸν

2114 948 2385 1016 6321ch;
2417 948 2488 1001 ’Ἡ
2516 948 2603 1011 τίς
2637 947 2823 1017 ὄνησις
2851 945 2915 999 ἂν
2943 943 3014 997 τά
3038 943 3106 998 σὰ
3146 943 3222 1015 μὴ
3255 943 3453 1016 φάγῃς,
3488 942 3582 995 καὶ
3601 940 3697 994 λά-

2116 1038 2217 1109 ϐῃς
2244 1038 2313 1091 τὰ
2334 1037 2427 1091 τοῦ
2457 1038 2687 1109 πένητος
2710 1036 2907 1100 ἀδίκως
2927 1054 2942 1101 ;
2966 1035 3062 1099 Τίς
3095 1036 3151 1088 δὲ
3181 1034 3316 1106 αὕτη
3342 1032 3609 1093 εὐσέϐεια,
3631 1032 3697 1086 ἂν

2117 1128 2261 1201 ὕδωρ
2332 1130 2521 1192 πίνων.
2559 1129 2736 1200 paen;
2783 1128 2952 1193 δόλον,
2989 1129 3084 1180 καὶ
3121 1128 3351 1198 αἵματος
3379 1126 3608 1200 διψήσεις
3631 1129 3697 1180 ἐκ

2117 1221 2422 1294 πονηρίας;
2458 1223 2777 1293 Ἐνήστευσε
2824 1221 3042 1283 πάντως
3087 1221 3224 1290 μετὰ
3257 1219 3366 1272 τῶν
3390 1218 3581 1273 ἕνδεκα
3603 1220 3697 1273 καὶ

2131 1314 2333 1379 Ἰούδας
2366 1330 2379 1343 ⁸
2409 1314 2547 1368 ἀλλὰ
2598 1314 2692 1368 τὸν
2740 1314 3072 1386 φιλάργυρον
3099 1312 3175 1384 μὴ
3203 1312 3449 1383 δαμάσας
3475 1313 3694 1382 τρόπον,

2117 1406 2270 1461 οὐδὲν
2311 1407 2391 1471 εἰς
2440 1405 2714 1477 σωτηρίαν
2744 1404 3000 1477 ὠφελήθη
3030 1404 3179 1473 παρὰ
3203 1404 3303 1475 τῆς
3326 1403 3559 1468 ἀσιτίας.
3587 1404 3698 1456 Καὶ

2117 1494 2422 1562 ὁνδιάὸολος
2477 1499 2582 1552 οὐκ
2608 1498 2797 1552 ἐσθίει·
2825 1497 3045 1568 πνεῦμα
3066 1498 3174 1568 γάρ
3206 1498 3352 1550 ἐστιν
3381 1496 3694 1567 ἀσώματονο

2117 1591 2255 1645 ἀλλὰ
2300 1591 2390 1645 διὰ
2431 1591 2632 1645 κακίαν
2679 1592 2775 1645 τοῦ
2822 1589 2988 1660 ὕψους
3013 1590 3302 1645 ἀπέπεσεν.
3345 1589 3575 1659 Ὁμοίως
3603 1588 3698 1642 καὶ¹

2117 1684 2227 1737 τῶν
2250 1684 2521 1755 δαιμόνων
2577 1683 2828 1746 ἕκαστος,
2861 1682 2986 1736 οὔτε
3011 1682 3116 1750 ὄψα
3150 1681 3541 1753 προσφέρεται,
3573 1679 3699 1733 οὔτε

437 1778 591 1832 nium
636 1775 859 1846 proluit.
896 1772 1074 1840 Quid?
1123 1768 1271 1841 quod
1301 1769 1561 1824 diabolus
1603 1777 1731 1822 cum
1791 1765 2020 1837 spiritus

2120 1771 2473 1839 πολυποσίας,
2504 1771 2537 1845 ἢ
2571 1773 2738 1845 μέθης
2759 1770 2973 1844 δέχεται
2995 1773 3377 1844 κατηγόρημα.
3406 1771 3572 1837 Φύσις
3591 1772 3700 1843 γὰρ

428 1871 510 1927 sit
540 1868 790 1940 corporis
815 1881 1032 1936 expers,
1065 1858 1198 1919 nihil
1229 1876 1468 1933 unquam
1504 1860 1617 1916 edit
1663 1860 1911 1925 omnino,
1960 1865 2016 1913 et

2119 1866 2318 1929 αὐτοὺς
2383 1850 2485 1934 τῆς
2536 1863 2647 1918 τῶν
2704 1864 3008 1936 βρωμάτων
3074 1864 3360 1936 μετουσίας
3417 1861 3698 1934 ἐχώρισεν.

433 1969 618 2014 tamen
650 1965 870 2028 propter
896 1954 1299 2023 improbitatem
1346 1968 1378 2008 e
1411 1950 1632 2008 sublimi
1688 1948 1783 2005 illo
1819 1949 2015 2004 cecidit

2132 1956 2274 2010 Ἀλλ’
2307 1954 2456 2028 ὅμως
2483 1957 2578 2011 καὶ
2622 1952 2840 2029 νύκτωρ
2877 1957 2969 2012 καὶ
3004 1956 3122 2027 μεθ’
3155 1956 3386 2028 ἡμέραν,
3412 1954 3700 2026 ἐμπλανω-

432 2050 721 2122 dignitatis
751 2045 942 2118 gradu.
972 2046 1284 2116 Eademque
1320 2045 1534 2099 ratione
1576 2042 1763 2097 nullus
1810 2043 2010 2097 literne-

2124 2065 2293 2119 pavor
2320 2048 2398 2119 τῷ
2457 2048 2602 2120 ἀέρι,
2637 2048 2833 2112 κακίας
2865 2050 2972 2102 eici.
3006 2048 3225 2118 ποιηταὶ
3276 2048 3370 2102 καὶ
3411 2048 3700 2119 ὑπηρέται,

436 2158 569 2198 nmn
610 2149 713 2200 est.
741 2141 857 2209 qui,
892 2137 1037 2209 quod
1066 2145 1161 2192 aut
1186 2152 1246 2192 se
1275 2135 1523 2191 obsoniis
1558 2132 1873 2203 ingurgitet,
1921 2138 2015 2186 aut

2119 2141 2214 2194 καὶ
2240 2140 2340 2203 τὰς
2373 2140 2494 2211 μεθ’
2526 2142 2558 2211 ἡ
2568 2140 2684 2211 μῶν
2725 2138 3016 2204 ἐπιϐουλὰς
3065 2138 3344 2211 ἐνεργοῦσι
3375 2138 3700 2204 σπουδαίως.

436 2234 729 2291 immodice
780 2233 951 2297 bibat,
986 2230 1309 2287 ebriosusve
1361 2228 1455 2291 sit,
1506 2226 1757 2282 accusari
1813 2226 2010 2296 possit.

2120 2230 2305 2302 Φθόνῳ
2329 2232 2387 2284 δὲ
2413 2231 2503 2285 καὶ
2524 2231 2793 2303 βασκανίᾳ
2817 2234 3092 2301 τήκονται,
3109 2230 3252 2284 amt
3279 2229 3499 2300 φεύγειν
3517 2229 3699 2295 καλὸν,

434 2323 643 2378 Natura
691 2323 836 2379 enim
881 2336 911 2376 a
969 2320 1189 2376 bibendi
1224 2319 1531 2390 edendique
1591 2326 1920 2376 necessrtate
1950 2319 2016 2373 li-

2122 2324 2172 2376 εί
2209 2323 2496 2394 μέλλοιμεν
2547 2323 2825 2396 ἄνθρωποι
2882 2323 3020 2395 πρὸς
3061 2322 3194 2376 Θεὸν
3234 2322 3510 2390 συγγενῶς
3537 2323 3701 2393 ἔχειν,

436 2416 554 2472 beri
586 2422 735 2470 sunt.
763 2412 952 2482 Neque
984 2422 1165 2467 tamen
1217 2412 1424 2468 idcirco
1451 2412 1535 2467 vel
1584 2413 1694 2477 die,
1724 2412 1811 2468 vel
1855 2421 2017 2468 nocte

2123 2413 2349 2468 ἐκείνων
2409 2416 2752 2470 ἐκπεσόντων
2800 2414 2902 2486 τῆς
2959 2414 3097 2487 πρὸς
3146 2414 3209 2469 τὸ
3256 2414 3459 2484 ἀγαθὸν
3504 2415 3702 2469 οἰκειό-

434 2522 536 2579 per
546 2522 670 2562 aera
688 2507 948 2561 aberrare
963 2519 1204 2574 unquam
1223 2509 1463 2569 cessant,
1484 2501 1811 2574 ﬂagitiorum
1826 2515 2018 2560 aucto-
2124 2522 2308 2576 τητος.

437 2614 529 2656 res
556 2607 610 2654 et
640 2597 896 2653 ministri.
934 2595 1103 2667 Nobis
1129 2597 1492 2662 autem,omni
1521 2597 1706 2652 studio
1760 2597 2060 2657 moliuntur
2087 2598 2342 2655 insidias.
2405 2599 2620 2670 Quippe
2687 2600 2857 2656 livore
2924 2600 3233 2670 liqueﬁunt,
3298 2611 3353 2657 et
3416 2602 3705 2658 tabescunt

436 2692 664 2754 invidia,
699 2691 842 2760 quod
875 2690 945 2744 ad
986 2705 1108 2755 eam
1142 2705 1243 2745 nos
1273 2690 1521 2746 homines
1553 2692 1983 2750 necessitudinis
2012 2693 2460 2764 coniunctionem
2509 2711 2636 2750 enin
2673 2695 2797 2767 ipso
2854 2697 2984 2764 Deo,
3041 2704 3099 2752 et
3155 2696 3433 2754 felicitatis
3482 2710 3708 2770 posses-

437 2787 670 2849 sionem,
697 2801 728 2840 e
753 2799 861 2854 qua
889 2784 992 2853 ipsi
1026 2782 1225 2852 deiecti
1267 2792 1416 2848 sunt,
1450 2784 1627 2840 simus
1677 2786 2011 2855 pervcnturi.

510 2876 768 2934 llouestis
826 2876 990 2946 igitur
1053 2889 1121 2928 ac
1178 2875 1347 2932 bonis
1414 2875 1666 2932 moribus
1716 2877 2020 2932 instruatur

2200 2879 2629 2948 Παιδαγωγείτω
2681 2878 2864 2932 τοίνυν
2914 2879 3007 2932 τδν
3048 2878 3162 2950 βίον
3201 2882 3312 2935 τῶν
3361 2885 3709 2954 Χριστιανῶν

435 2971 879 3027 Christianorum
903 2967 1036 3020 vita.
1061 2967 1264 3021 Eorum
1307 2966 1481 3020 animi
1510 2966 1790 3024 declinent
1836 2979 1895 3025 et
1946 2969 2020 3023 [ιι-

2124 2972 2327 3042 τρόπος
2353 2971 2659 3040 φιλόσοφος.
2692 2972 2806 3026 Καὶ
2842 2973 2876 3043 ή
2906 2971 3054 3044 ψυχὴ
3093 2975 3341 3043 φευγέτω
3375 2977 3475 3046 τῆς
3506 2980 3706 3043 κακίας

437 3065 591 3135 giant
620 3060 841 3117 malitia:
877 3059 1287 3114 detrimentum.
1338 3057 1474 3114 Nam
1508 3059 1559 3114 si
1606 3059 1734 3115 vino
1765 3069 1821 3116 et
1854 3075 2020 3116 carne

2123 3064 2224 3132 τὴν
2283 3061 2505 3134 βλάϐην.
2539 3064 2637 3117 Ἂν
2678 3063 2788 3134 γάρ
2826 3065 2971 3117 οἴνου
3014 3064 3108 3118 καὶ
3150 3065 3329 3136 κρεῶν
3357 3068 3703 3138 ἀπεχόμενοι.

438 3159 830 3225 temperantes,
858 3150 1156 3207 obstrictos
1186 3149 1339 3206 vitiis
1382 3151 1596 3206 animos
1638 3151 2020 3218 habuerimus,

2121 3153 2235 3214 τοῖς
2262 3150 2409 3205 κατὰ
2445 3151 2704 3224 πρόθεσιν
2753 3154 3145 3226 ἁμαρτήμασιν
3185 3148 3336 3225 ὦμεν
3391 3157 3701 3226 ὑπεύθυνοι,

437 3248 577 3305 nihil
623 3245 921 3317 quidquam
977 3243 1160 3310 nobis,
1211 3258 1339 3299 cunt
1389 3243 1551 3298 aliter
1607 3244 1792 3299 animo
1848 3259 2012 3315 quam

2124 3243 2395 3339 προλέγω,
2425 3244 2521 3339 καὶ
2548 3244 3036 3316 προμαρτύρομαι.
3076 3246 3152 3310 ὡς
3174 3246 3326 3302 οὐδὲν
3351 3249 3497 3319 ἡμᾶς
3523 3250 3705 3322 ὀνήσει

433 3340 785 3396 extrinsecus
807 3335 986 3392 allecti
1039 3335 1234 3397 simus,
1268 3343 1364 3389 aut
1419 3349 1644 3403 aquam,
1699 3346 1794 3391 aut
1842 3337 2024 3397 olera,

436 3440 538 3487 aut
566 3445 786 3485 mensas
816 3428 938 3484 sine
962 3425 1233 3497 sanguine
1278 3435 1521 3482 structas
1555 3427 1842 3497 profutura
1890 3444 2024 3498 prai-

436 3522 571 3576 dico
610 3527 777 3589 atque
825 3514 1109 3572 testiﬁcor.
1170 3514 1400 3585 Propter
1451 3515 1777 3570 munditiam
1827 3518 2025 3571 animm

438 3624 570 3670 sunt
610 3614 813 3667 indicta
853 3609 1085 3680 ieiunia.
1133 3607 1266 3675 Qum
1291 3611 1336 3664 si
1372 3617 1488 3663 tum
1541 3610 1846 3675 voluntate,
1903 3616 2021 3662 tum

440 3706 606 3761 factis
632 3704 1081 3772 coinquinantur,
1141 3701 1270 3769 quid
1307 3700 1535 3766 frustra,
1567 3712 1730 3770 quam
1753 3699 2019 3764 bibimus,

438 3811 638 3867 aquam
672 3794 1040 3850 insumitnus?
1076 3792 1185 3847 Cur
1218 3793 1412 3863 ingens
1445 3793 1546 3846 hoc
1580 3807 1824 3854 cmuum,
1872 3793 2021 3861 quod

437 3891 552 3944 elui
569 3887 971 3959 eapurgarique
988 3900 1095 3940 non
1115 3891 1312 3955 potest,
1330 3884 1638 3939 excolitur?
1655 3882 1792 3949 Quid
1807 3884 2022 3938 confert

436 3980 707 4049 ieiunium
748 3975 1015 4044 corporis,
1044 3974 1150 4030 nisi
1186 3989 1341 4029 mens
1372 3988 1507 4044 pura
1548 3973 1862 4043 mundaque
1909 3973 2021 4028 sit?

441 4071 590 4126 Nihil
629 4071 775 4126 enim
837 4069 1033 4139 prosis,
1089 4082 1312 4122 currum
1374 4066 1615 4121 validum
1666 4080 1733 4119 ae
1779 4065 2019 4122 strenuis

441 4163 726 4234 quadrigis
758 4162 1084 4217 instructum
1120 4173 1265 4225 esse,
1292 4157 1337 4213 si
1356 4159 1544 4228 auriga
1569 4156 1805 4213 insaniat
1831 4159 2017 4214 :nulla

440 4256 547 4319 erit
580 4255 719 4309 bene
746 4252 1023 4307 fabricatae
1053 4251 1208 4305 navis
1238 4248 1469 4313 utilitas,
1499 4248 1548 4304 si
1585 4247 1772 4304 ebrius
1797 4248 1873 4304 sit
1900 4250 2023 4320 ipse

442 4348 799 4415 gubernator.
836 4342 1121 4413 Jeiunium
1172 4340 1397 4397 virtutis
1435 4339 1852 4396 fundamentum
1906 4348 2015 4397 est.

442 4428 911 4504 Quemadmodum
946 4444 1124 4489 autem
1153 4433 1369 4487 navium
1429 4431 1653 4495 carime,
1708 4441 1763 4487 et
1819 4432 2023 4488 mnda-

443 4537 627 4584 menta
648 4528 844 4583 domus
872 4527 999 4582 licet
1034 4526 1272 4595 ingentia
1306 4524 1596 4592 subiicias,
1629 4524 1845 4579 inutilia
1862 4540 2018 4579 vanae

2124 3331 2270 3403 ὕδωρ
2299 3333 2393 3386 καὶ
2425 3333 2634 3404 λάχανα
2670 3337 2766 3388 καὶ
2792 3335 3124 3406 ἀναίμακτος
3155 3339 3423 3410 τράπεζα.
3457 3341 3708 3413 ἀνόμοιον

2123 3422 2222 3492 τῆς
2250 3422 2450 3486 ἔξωθεν
2476 3425 2799 3492 ἐπιφανείας
2820 3425 2920 3497 τὴν
2949 3426 3160 3483 ἔνδοθεν
3196 3428 3434 3484 διάθεσιν
3453 3431 3700 3502 ἔχοντας.

2123 3513 2222 3566 Διὰ
2275 3513 2627 3586 καθαρότητα
2674 3515 2852 3588 ψυχῆς
2889 3518 3254 3592 ἐνομοθετήθη
3286 3523 3529 3592 νηστεία.
3563 3525 3709 3580 Είδὲ

2126 3606 2312 3675 ἐκείνη
2340 3609 2407 3677 τῇ
2437 3607 2757 3678 προαιρέσει
2785 3610 2878 3663 καὶ
2913 3613 3036 3674 ταῖς
3061 3610 3250 3675 ἄλλαις
3276 3614 3579 3686 ἐνεργείαις
3611 3630 3708 3687 μο⁸

2122 3697 2365 3761 λύνεται,
2383 3700 2439 3752 τί
2464 3701 2642 3771 μάτην
2669 3702 3140 3774 προσδαωνῶμεν
3153 3704 3213 3757 τὸ
3235 3706 3520 3776 πινόμενον
3539 3705 3705 3780 ὖδωρς

2123 3790 2190 3842 Τί
2221 3791 2553 3845 άνέκπλυτον
2589 3793 2686 3847 καὶ
2738 3794 2906 3849 πολὺν
2935 3795 3240 3868 γεωργοῦσι
3284 3796 3376 3851 τὸν
3404 3798 3705 3873 βόρϐορονς

2084 3922 2091 3929 .
2123 3881 2220 3944 Τίς
2246 3881 2432 3954 ὄνησις
2461 3884 2560 3954 τῆς
2583 3884 2902 3956 σωματικῆς
2924 3888 3196 3957 νηστείας,
3226 3887 3295 3943 ἂν
3324 3889 3399 3962 μὴ
3424 3891 3703 3964 καθαρεύῃ

2121 3973 2150 4025 ὁ
2200 3971 2353 4036 νοῦςς
2404 3973 2571 4027 Οὐδὲν
2610 3974 2720 4047 γὰρ
2746 3974 2956 4046 ὄφελος,
2979 3977 3074 4031 ἐὰν
3097 3977 3159 4031 τὸ
3191 3978 3454 4050 ἀργύριον
3483 3983 3704 4055 ἰσχυρὸν

2122 4065 2347 4138 ὑπάρχῃ
2372 4065 2468 4118 καὶ
2493 4065 2556 4118 τὸ
2592 4067 2894 4138 τέθριππον
2930 4067 3210 4134 εὔτακτον,
3249 4074 3579 4144 μαινομένου
3609 4076 3703 4130 τοῦ

2122 4157 2363 4226 ήνιόχου.
2392 4156 2458 4209 Τί
2503 4156 2561 4210 δὲ
2608 4157 2799 4227 ὄφελος
2824 4160 2924 4230 τῆς
2949 4156 3009 4213 εὖ
3039 4162 3389 4233 ἡρμοσμένης
3429 4165 3584 4229 νεὼς,
3608 4166 3704 4222 ἐὰν

2126 4246 2299 4318 μεθύῃ
2318 4250 2348 4301 ό
2362 4248 2728 4319 κυϐερνήτης
2747 4251 2989 4321 Νηστεία
3002 4251 3249 4323 θεμέλιος
3262 4255 3662 4328 ἀρετῆς.”Ωσπε
3671 4279 3704 4334 ρ

2122 4335 2180 4388 δὲ
2212 4334 2460 4406 θεμέλιος
2508 4337 2686 4402 alutae
2739 4339 2832 4392 καὶ
2872 4339 3064 4411 τρόπις
3109 4341 3295 4397 πλοίου
3330 4346 3578 4416 ἄχρηστα
3610 4351 3705 4404 καὶ

2124 4425 2384 4498 ἀνόνητα,
2419 4428 2525 4482 κᾶν
2551 4429 2755 4500 σφόδρα
2787 4432 3071 4503 καρτερῶς
3098 4434 3494 4507 ὐποσληθῶσιν,
3527 4438 3595 4493 ἂν
3627 4441 3703 4513 μὴ

2123 4517 2193 4570 τὰ
2220 4517 2353 4588 ἑξῆς
2379 4518 2562 4584 αὐτοῖς
2590 4517 2697 4574 τῶν
2743 4522 3123 4594 ἐπιστημόνως
3150 4526 3544 4601 ἐποικοδομηθῇ
3569 4546 3584 4561 ⁸
3612 4531 3704 4586 οὖ-

440 4636 552 4690 que
583 4620 717 4683 sint,
746 4619 855 4674 nisi
885 4617 1123 4688 reliquas
1156 4618 1284 4670 item
1320 4623 1504 4686 partes
1530 4618 1701 4686 perite
1737 4626 1792 4671 et
1832 4616 2018 4672 scien-

2122 4625 2233 4671 τως
2259 4609 2357 4663 καὶ
2380 4607 2480 4678 τῆς
2525 4612 2851 4685 ἐγκρατείας
2877 4610 3078 4685 ταύτης
3106 4617 3260 4671 οὐδὲν
3288 4618 3498 4689 ὄφελος,
3528 4622 3594 4676 ἂν
3625 4626 3701 4696 μὴ

440 4719 529 4766 tor
557 4707 1024 4766 exadilicaveris:
1086 4707 1168 4762 sic
1222 4705 1385 4761 istius
1417 4706 1762 4761 abstinentiae
1809 4708 2021 4761 nullum

440 4803 551 4859 erit
582 4802 1034 4861 emolumentum,
1060 4796 1166 4852 nisi
1201 4796 1323 4850 alia!
1345 4795 1573 4864 iustitia:
1607 4804 1790 4867 partes
1832 4811 2022 4854 neces-

444 4897 636 4951 serint.
666 4891 855 4946 Timor
882 4889 975 4945 Dei
1006 4888 1225 4944 erudiat
1250 4887 1491 4959 linguam
1523 4904 1587 4944 ea
1616 4904 1740 4959 quae
1762 4888 1920 4944 decet
1940 4891 2025 4944 lo-

440 4986 559 5057 qui,
585 4992 767 5039 tacere
782 4980 1084 5046 contraria,
1115 4979 1380 5049 temporis
1400 4979 1746 5035 occasionem
1772 4980 2024 5035 animad-

443 5085 678 5138 vertere,
706 5072 931 5127 modum
966 5072 1299 5125 observare:
1347 5068 1447 5123 fari
1501 5071 1849 5125 necessaria:
1897 5077 2023 5139 apte

444 5166 820 5236 respondere:
864 5163 1112 5218 modeste
1144 5161 1353 5221 dicere.
1408 5177 1477 5216 ne
1516 5161 1806 5216 verborum
1852 5162 2020 5217 veluti

442 5257 708 5326 grandine
735 5256 1115 5324 colloquentes
1143 5252 1359 5307 obruat.
1419 5250 1635 5306 Idcirco
1662 5251 1809 5306 enim
1854 5259 1909 5306 et
1942 5257 2023 5307 te-

447 5347 572 5402 nuis
602 5347 691 5399 illa
728 5343 1124 5409 membranula,
1165 5357 1289 5412 qum
1318 5357 1444 5397 cum
1478 5339 1597 5412 ipsa
1645 5340 1825 5411 lingua
1862 5356 2020 5396 men-

444 5448 560 5493 tum
612 5437 845 5491 inl‘erius
889 5434 1148 5497 devincit,
1190 5434 1402 5486 frenum
1448 5431 1672 5495 dicitur,
1721 5446 1789 5485 ne
1837 5431 2019 5502 inepte

446 5527 721 5592 loquatur,
756 5529 811 5576 et
839 5522 1188 5576 inconcinne.
1222 5519 1501 5576 Laudibus
1528 5520 1713 5590 igitur,
1749 5537 1855 5575 non
1885 5537 2017 5576 cou-

447 5616 603 5670 viciis
630 5621 847 5679 utatur;
894 5613 1169 5674 cantibus,
1205 5626 1311 5665 non
1367 5611 1692 5674 maledictis,
1744 5628 2022 5668 commcn-

446 5703 781 5765 dationibus,
827 5716 933 5756 non
964 5700 1474 5756 obtrectationibus.
1538 5699 1726 5754 Manus
1772 5702 2022 5770 petulans

449 5793 539 5847 Dei
576 5792 839 5847 memoria
894 5800 1154 5861 tanquam
1185 5799 1373 5847 catena
1437 5789 1616 5845 vincta
1674 5791 2014 5869 cohibeatur.

2118 4698 2217 4771 τὴν
2235 4699 2401 4772 ἄλλην
2422 4699 2767 4773 δικαιοσύνην
2805 4706 3059 4777 προσφυῆ
3093 4708 3187 4760 καὶ
3220 4710 3509 4766 ἀκόλουθον
3545 4712 3697 4784 δέξηι

2119 4807 2228 4844 ται.
2258 4791 2426 4855 Φόϐος
2450 4793 2586 4847 Θεοῦ
2620 4793 2917 4851 διδασκέτω
2962 4797 3060 4868 τὴν
3094 4799 3339 4867 γλῶτταν
3368 4803 3699 4874 φθέγγεσθαι

2119 4881 2156 4936 a
2188 4883 2478 4954 προσήκει,
2529 4885 2605 4954 μή
2653 4884 2833 4940 λαλεῖν
2868 4888 2936 4942 τὰ
2970 4889 3195 4957 μάταια,
3246 4892 3445 4946 εἰδέναι
3474 4899 3701 4968 καιροὺς

2120 4973 2216 5026 καὶ
2247 4974 2420 5044 μέτρα
2442 4976 2538 5028 καὶ
2565 4974 2720 5043 λόγον
2745 4978 3059 5045 ἀναγκαῖον,
3083 4980 3176 5033 καὶ
3201 4982 3491 5053 ἀπόκρισιν
3514 4985 3701 5040 εὔστο-

2119 5081 2213 5133 χον
2235 5080 2250 5095 σ
2280 5063 2355 5135 μὴ
2373 5064 2555 5119 λαλεῖν
2585 5067 2883 5140 ἀρρύθμως
2904 5085 2919 5101 ο
2954 5070 3029 5142 μὴ
3056 5072 3324 5140 χαλαζοῦν
3355 5077 3481 5139 τοὺς
3508 5077 3700 5147 ἐντυγ-

2118 5154 2377 5225 χάνοντας
2427 5158 2492 5227 τῇ
2523 5157 2867 5230 σφοδρότητι.
2892 5162 2991 5214 Διὰ
3023 5164 3180 5217 τοῦτο
3196 5165 3303 5235 γὰρ
3327 5168 3421 5219 καὶ
3453 5166 3483 5219 δ
3510 5167 3703 5222 λεπτόο

2118 5263 2279 5312 τατος
2333 5250 2542 5313 ἐκεῖνος
2575 5250 2738 5322 ὑμὴν,
2773 5253 2802 5305 ὁ
2845 5253 3162 5326 ὑποδεσμῶν
3187 5258 3325 5329 αὐτῇ
3354 5257 3573 5332 γλώττῃ
3602 5261 3700 5331 τὴν

2117 5339 2268 5392 κάτω
2293 5338 2472 5407 γένυν,
2496 5339 2713 5410 χαλινὸς
2736 5342 2972 5411 λέγεται,
3002 5346 3087 5399 ῐνα
3112 5346 3186 5417 μή
3206 5346 3415 5402 ἄτακτα
3445 5351 3538 5402 καὶ
3553 5351 3698 5405 ἀνοι-

2121 5429 2396 5499 κονόμητα
2421 5430 2746 5501 φθέγγηται.
2779 5433 3082 5502 Εὐλογείτω
3121 5437 3213 5489 καὶ
3259 5438 3334 5507 μή
3369 5436 3693 5509 λοιδορείτω·

2123 5523 2373 5592 ψαλλέτω
2429 5526 2523 5579 καὶ
2575 5527 2652 5596 μὴ
2707 5525 3114 5599 βλασφημείτω·
3144 5529 3459 5599 εύφημείτω
3487 5534 3581 5585 καὶ
3624 5536 3699 5605 μὴ

2129 5616 2519 5670 καταλαλείτω·
2556 5620 2589 5689 ή
2619 5620 2738 5690 χεὶρ
2760 5622 2794 5691 ή
2838 5621 3110 5691 προπετὴς
3131 5624 3195 5693 τῇ
3221 5624 3410 5694 μνήμῃ
3441 5624 3699 5689 τοῦΘεοῦ,

2130 5708 2205 5771 ὡς
2237 5707 2423 5761 ἁλύσει
2442 5709 2764 5779 δεσμείσθω.
2814 5712 2911 5765 Διὰ
2939 5711 3092 5766 τοῦτο
3120 5714 3470 5783 νηστεύομεν,
3491 5718 3572 5770 ὅτι
3610 5718 3701 5774 τὸν

2129 5798 2298 5869 ἀμνὸν
2340 5799 2431 5853 τὸν
2482 5801 2767 5872 ἡμέτερον,
2807 5801 3061 5869 λοιδορίαι
3090 5805 3181 5856 καὶ
3223 5806 3564 5875 ῥαπίσματα,
3601 5809 3702 5881 πρδ
