4124 6352
410 396 509 450 Δῒὶῗ

1573 387 1659 440 DE
1693 384 2129 440 PAUPERIBUS
2171 382 2489 438 AMANDIS.

3543 385 3644 439 438

418 511 514 564 τῶν
549 508 717 578 ἥλων,
740 507 1094 576 καθύϐρισαν.
1116 505 1206 576 Μὴ
1234 505 1410 557 τοίνυν
1435 506 1522 556 τὸν
1556 503 1845 557 Ἰουδαῖκὶν
1862 503 1982 574 τρό-

2088 498 2196 554 Has
2226 500 2370 554 enim
2420 499 2492 551 ob
2549 511 2746 550 causas
2795 496 3138 565 jejunamus,
3175 495 3430 565 quoniam
3465 495 3644 566 Agnus

409 619 508 654 πον
527 599 878 671 ζηλιῖισωμεν,
904 601 953 650 oi
985 597 1079 650 τοῦ
1105 595 1339 668 Χριστοῦ
1363 596 1624 666 μαθηταί.

490 861 616 916 Ἐὰν
675 860 783 930 γάρ
837 860 1009 923 οὕτως
1053 853 1203 929 ὦμεν
1247 857 1609 928 διακείμενοι,
1651 857 1791 922 λέξει
1847 858 1981 926 ἡμῖν

417 953 644 1016 Ἡσαΐας
675 967 688 981 ⁸
722 955 844 1006 Ἵνα
867 955 920 1004 τι
939 955 1025 1018 εὶς
1052 953 1280 1020 κρίσεις
1300 953 1398 1005 καὶ
1413 950 1612 1019 μάχας
1635 951 1979 1016 νηστεύετε,

409 1043 507 1097 καὶ
555 1045 804 1095 τύπτετε
862 1041 1120 1110 πυγμαῖς
1152 1043 1471 1103 ταπεινῶς
1497 1041 1654 1111 Παρὰ
1693 1040 1787 1092 τοῦ
1817 1040 1980 1093 αὐτοῦ

410 1139 685 1206 προφήτου
731 1133 1010 1203 διδάχθητι
1053 1134 1122 1186 τὰ
1149 1134 1248 1204 τῆς
1273 1132 1458 1186 ἀδόλου
1483 1134 1576 1184 καί
1615 1132 1858 1203 καθαρᾶς
1891 1151 1984 1204 νη-

411 1227 591 1290 στείας
633 1227 1010 1298 ἐνεργήματα·
1059 1229 1178 1280 Λύε
1237 1224 1432 1279 πάντα
1473 1226 1822 1294 σύνδεσμον
1860 1226 1985 1280 ἀδι-

410 1323 564 1387 κίαςο
589 1320 803 1374 Atellus
845 1319 1248 1388 στραγγαλιὰς
1288 1319 1506 1383 βιαίων
1556 1317 1985 1386 συναλλαγμά-

411 1431 545 1467 των.
594 1412 918 1479 Διάθρυπτε
973 1411 1244 1464 πεινῶντι
1301 1410 1408 1463 τόν
1463 1410 1645 1476 ἄρτον
1700 1427 1839 1471 σου,
1885 1408 1984 1463 καὶ

410 1504 684 1572 πτωχοὺς
728 1505 1022 1572 ἁστέγους
1066 1501 1345 1571 εἰσάγαγε
1372 1504 1463 1568 εις
1499 1503 1608 1556 τὸν
1641 1498 1808 1555 οἶκόν
1845 1517 1982 1554 σου.

412 1597 618 1665 Πολλὴν
641 1597 696 1648 δὲ
727 1598 859 1665 ἡμῖν
899 1593 1159 1660 ἀφθονίαν
1188 1595 1294 1646 τῶν
1326 1593 1548 1662 γυμνῶν
1578 1593 1673 1645 καὶ
1694 1593 1800 1644 τῶν
1827 1591 1987 1645 ἀστε-

411 1704 540 1755 γων,
574 1688 602 1739 6
647 1684 741 1736 νῦν
768 1686 964 1755 ἡνεγκε
999 1685 1212 1754 χρόνος.
1248 1684 1455 1754 ΠλῆΟος
1491 1683 1600 1752 γὰρ
1625 1682 1985 1753 αἰχμαλώτων

415 1779 548 1850 πρὸς
577 1781 697 1842 ταῖς
735 1777 924 1848 Θύραις
968 1777 1222 1833 ἑκάστου.

480 1914 593 1968 Καὶ
637 1916 666 1967 6
715 1912 861 1978 ξένος
906 1913 1000 1965 καὶ
1038 1913 1378 1983 μετανάστης
1405 1911 1464 1965 οὐ
1506 1911 1718 1964 λείπει·
1765 1910 1858 1964 καὶ
1887 1911 1984 1980 τὴν

414 2005 682 2076 ζητοῦσαν
730 2007 907 2074 χεῖρα,
957 2002 1230 2074 πανταχοῦ
1279 2003 1579 2074 τεταμένην
1623 2002 1770 2054 ἔστιν
1835 2003 1980 2054 ἰδεῖν.

413 2095 633 2158 ’Τούτοις
672 2090 818 2157 οἶκος
874 2094 974 2164 μὲν
1027 2093 1290 2165 ὕπαιθρος
1325 2096 1354 2146 ὁ
1384 2095 1510 2165 ἀήρ.
1567 2093 1894 2160 Καταγώγια
1929 2091 1984 2144 δὲ

414 2187 586 2248 στοαὶ,
620 2186 714 2237 καὶ
738 2184 976 2253 ἄμφοδα,
1020 2186 1112 2238 καὶ
1170 2185 1238 2235 τά
1275 2185 1374 2254 τῆς
1408 2185 1612 2254 ἀγορᾶς
1652 2182 1981 2253 ἐρημότερα.

413 2277 569 2329 Κατὰ
611 2275 666 2327 δὲ
725 2277 868 2349 τοὺς¹
895 2277 1294 2344 νυκτικόρακας
1341 2275 1434 2326 καὶ
1463 2275 1561 2336 τὰς
1592 2273 1835 2342 γλαῦκας
1866 2277 1986 2335 ταῖς

410 2369 569 2432 ὀπαῖς
592 2368 1018 2438 ὲμφωλεύουσιν.
1054 2367 1244 2437 Ἐσθὴς
1277 2367 1460 2430 αὐτοῖς
1489 2369 1557 2420 τὰ
1598 2383 1986 2437 περικεκεντη-

415 2460 550 2529 μένα
578 2460 762 2530 ῥάκια·
784 2457 1046 2528 γεωργία,
1068 2457 1178 2510 τῶν
1193 2457 1482 2510 ἐλεούντων
1507 2457 1769 2528 ήγνὼμη·
1788 2460 1983 2529 τροφὴ,

412 2553 535 2605 εἴτι
568 2553 631 2605 ἂν
658 2554 722 2604 ἐκ
749 2551 842 2604 τοῦ
875 2551 1269 2621 προστυχόντος
1296 2551 1541 2621 ἐμπέσῃ·
1572 2549 1754 2614 ποτὸν,
1777 2550 1850 2611 ὡς
1874 2553 1987 2612 τοῖς

413 2643 627 2711 ἀλόγοις
647 2644 704 2696 αἱ
733 2645 930 2714 κρῆναι
946 2658 960 2671 ⁸
990 2646 1267 2712 ποτήριον,
1292 2641 1399 2693 τῶν
1426 2641 1622 2712 χειρῶν
1641 2644 1674 2712 ἠ
1703 2643 1949 2712 κοιλότης
1969 2657 1983 2672 ·

412 2739 676 2806 ταμιεῖον,
708 2739 739 2790 6
764 2737 979 2800 κόλπος,
1016 2734 1109 2787 καὶ
1147 2727 1300 2796 οὗτος
1339 2733 1404 2786 ἂν
1439 2734 1511 2804 μὴ
1554 2734 1889 2804 διερῤυηκὼς
1925 2729 1982 2805 ᾖ,

413 2830 548 2884 ἀλλὰ
580 2830 788 2894 στέγων
815 2829 884 2882 τὰ
921 2827 1314 2898 ἐμϐαλλόμενα·
1371 2826 1638 2894 τράπεζα,
1666 2830 1699 2897 ἡ
1753 2827 1860 2880 τῶν
1895 2845 1986 2896 γο-

409 2923 585 2976 νάτων
614 2921 911 2991 συνέρεισις
936 2937 948 2948 ·
987 2919 1162 2988 κλίνη,
1221 2918 1281 2970 τὸ
1318 2917 1509 2986 ἔδαφος
1533 2935 1546 2948 ο
1594 2918 1836 2989 λουτρὸν,
1894 2936 1986 2971 πο-

412 3014 582 3084 ταμὸς
607 3013 640 3084 ἢ
670 3013 852 3083 λίμνη,
879 3012 907 3064 6
924 3013 952 3064 6
977 3011 1106 3074 Θεὸς
1131 3011 1306 3063 κοινὴν
1335 3013 1467 3063 πᾶσι
1495 3012 1588 3063 καὶ
1610 3011 1983 3064 ἀκατάσκευον

413 3106 629 3159 ἔδωκεν.
689 3103 967 3174 Ἀλητικὺς
1027 3105 1207 3164 αὐτοῖς
1262 3103 1292 3154 6
1344 3102 1455 3171 βίος
1498 3104 1592 3155 καὶ
1639 3104 1859 3172 ἄγριος,
1921 3105 1982 3155 οὐ

2089 596 2278 644 noster
2310 588 2629 657 priusquam
2673 585 2843 640 clavis
2893 586 3198 654 adigeretur
3245 587 3418 647 cruci,
3457 597 3645 640 contu-

2085 679 2263 734 meliis
2290 677 2535 740 affectus,
2569 685 2622 731 et
2647 677 2822 746 alapis
2855 693 3029 732 caesus
3059 686 3162 732 est.
3230 677 3407 734 Mores
3458 677 3648 732 iudai-

2082 785 2178 825 cos
2201 786 2309 823 non
2345 770 2644 830 imitemur,
2677 783 2777 822 nos
2800 769 3002 823 Christi
3037 769 3313 838 discipuli.

2153 861 2372 930 Alioqui
2401 861 2446 914 si
2479 876 2542 914 eo
2575 869 2732 929 pacto
2771 861 3034 913 fuerimus
3067 859 3269 922 affecti,
3308 859 3490 914 verbis
3539 859 3650 916 illis

2086 967 2188 1007 nos
2232 951 2401 1007 Isaias
2438 951 2775 1021 increpabit:
2829 952 2939 1006 Cur
2966 951 3034 1004 ad
3075 953 3191 1006 lites
3221 960 3269 1005 et
3300 954 3652 1007 contentiones

2074 1041 2356 1110 jejunatis,
2399 1051 2448 1095 et
2472 1043 2661 1112 pugnis
2711 1057 2986 1110 pauperem
3019 1043 3335 1112 percutitis?
3389 1043 3545 1098 Disce
3583 1046 3652 1098 ab

2084 1132 2271 1188 eodem
2292 1134 2552 1203 propheta
2578 1135 2777 1189 sinceri
2803 1137 3031 1204 purique
3052 1135 3246 1203 jejunii
3269 1149 3432 1204 Opera
3457 1155 3470 1190 :
3497 1135 3652 1191 Solve

2087 1241 2289 1278 omnem
2323 1241 2512 1278 nexum
2551 1226 2868 1294 iniquitatis.
2899 1225 3134 1280 Ηίθεοιιέ
3165 1226 3506 1295 obligationes
3543 1228 3654 1281 vio-

2087 1316 2344 1370 lentorum
2363 1326 2744 1368 Cuntracluum.
2758 1315 2966 1386 Frange
2992 1316 3244 1369 esurienti
3263 1333 3450 1384 panem
3469 1326 3612 1369 tuum
3635 1335 3654 1381 ;

2085 1419 2133 1461 et
2159 1424 2342 1478 egenos
2370 1409 2481 1461 sine
2511 1418 2640 1461 tecto
2675 1409 2832 1461 induc
2861 1409 2914 1460 in
2935 1408 3150 1462 domum
3192 1418 3359 1461 tuam.
3387 1409 3464 1477 (α)
3497 1409 3654 1479 [Cum

2085 1500 2276 1552 videris
2314 1499 2533 1561 nudum,
2568 1500 2712 1566 operi
2756 1515 2893 1562 eum,
2938 1508 2985 1551 et
3020 1514 3232 1551 carnem
3273 1508 3418 1550 tuam
3457 1514 3520 1551 ne
3560 1497 3655 1551 de-

2086 1590 2340 1658 spexeris|
2377 1589 2416 1641 ¹.
2454 1588 2673 1641 Multam
2723 1589 2879 1641 nobis
2913 1590 3014 1642 hoc
3048 1597 3262 1659 tempus
3295 1589 3451 1643 all'ert
3483 1590 3654 1642 nudo-

2091 1695 2207 1732 rum
2259 1695 2631 1749 vagorumque
2682 1681 2917 1748 copiam.
2970 1679 3160 1748 Magna
3207 1681 3351 1733 enim
3386 1679 3655 1749 cujusque

2089 1771 2234 1825 fores
2273 1770 2580 1842 frequentat
2610 1771 2944 1840 captivorum
2993 1771 3300 1825 multitudo.

2158 1904 2413 1976 Hospites
2444 1907 2768 1974 exsulesque
2828 1923 2936 1960 non
2993 1908 3210 1962 desunt.
3271 1906 3482 1976 Ubique
3533 1908 3659 1962 licet

2090 2008 2377 2062 protensas
2400 2013 2557 2066 opem
2595 1999 2998 2066 implorantium
3034 2015 3227 2053 manus
3259 2000 3522 2069 aspicere.
3561 1998 3658 2054 llis

2088 2106 2181 2145 aer
2211 2090 2314 2144 sub
2360 2090 2451 2144 dio
2507 2099 2709 2144 tectum
2743 2091 2962 2158 prarbet.
3001 2090 3252 2146 Porticus
3281 2103 3334 2145 et
3370 2092 3534 2155 bivia.
3603 2100 3659 2147 et

2089 2191 2272 2250 partes
2301 2181 2402 2235 fori
2429 2181 2601 2248 magis
2627 2183 2854 2235 desertas
2892 2190 3021 2236 sunt
3049 2183 3308 2252 hospitia.
3341 2182 3657 2253 Nycticora-

2089 2289 2211 2327 cum
2245 2283 2300 2328 et
2329 2280 2652 2328 noctuarum
2681 2289 2831 2329 more
2862 2274 2915 2327 in
2944 2276 3195 2328 cavernis
3228 2276 3466 2330 latitant.
3513 2276 3658 2330 Pan-

2089 2365 2264 2432 nosis,
2315 2365 2519 2419 attritis
2565 2371 2619 2418 et
2682 2365 2936 2419 laceratis
2989 2375 3246 2436 teguntur
3301 2367 3656 2422 indumentis.

2095 2457 2457 2527 Agriculturae
2508 2455 2719 2512 fructus
2772 2467 2856 2510 est
2918 2457 3024 2510 illis
3082 2457 3456 2512 miserantium
3491 2458 3659 2513 animi

2090 2549 2414 2618 benignitas.
2447 2549 2635 2612 Cibus,
2670 2549 2716 2603 si
2769 2548 2897 2617 quid
2930 2549 2998 2602 ab
3049 2549 3339 2603 accedente
3401 2550 3658 2620 quopiam

2090 2641 2539 2709 impetraverint;
2567 2641 2715 2708 potio
2744 2639 2954 2700 eadem,
2987 2655 3108 2708 qua:
3149 2642 3377 2694 rationis
3423 2644 3660 2710 experti-

2089 2732 2191 2786 bus
2217 2731 2608 2791 animantibus,
2643 2731 2895 2783 nimirum
2931 2729 3128 2784 fontcs.
3169 2730 3367 2784 Pot-nia
3402 2747 3658 2786 manuum

2089 2823 2241 2876 vol:e.
2305 2820 2474 2884 Penu,
2525 2823 2681 2875 sinus
2742 2821 2879 2889 ipse,
2942 2822 3048 2874 nisi
3095 2823 3253 2891 plane
3291 2823 3519 2889 difﬂuat,
3562 2823 3656 2879 sed

2089 2916 2262 2983 possit
2295 2929 2356 2967 ea
2387 2928 2506 2982 qua:
2532 2911 2854 2979 injiciuntur
2881 2911 3113 2980 operire.
3139 2912 3345 2977 Mensa,
3375 2924 3658 2970 contracta

2086 3020 2302 3074 genua;
2361 3003 2610 3066 lectulus,
2659 3003 2872 3067 solum;
2907 3003 3180 3064 balneum,
3228 3005 3278 3057 id
3331 3007 3475 3075 quod
3513 3007 3656 3062 Deus

2087 3090 2341 3145 onmihus
2377 3105 2667 3144 Commune
2716 3103 2768 3144 et
2816 3094 2934 3145 sine
2973 3093 3241 3147 industria
3284 3104 3656 3151 constructum

411 3195 648 3258 τοιοῦτος
673 3193 748 3247 ὢν
777 3193 835 3258 ἐξ
863 3194 1058 3265 ἀρχῆς,
1077 3194 1190 3249 ἀλλ’
1219 3195 1279 3245 ὲκ
1305 3195 1402 3263 τῆς
1434 3196 1714 3264 συμφορᾶς
1761 3195 1855 3247 καί
1885 3194 1982 3263 τῆς

2087 3182 2255 3243 dedit,
2285 3181 2481 3235 ﬂumen
2513 3191 2606 3235 aut
2639 3184 2816 3251 palus.
2844 3182 3042 3252 Vagam
3077 3194 3130 3238 et
3167 3194 3436 3253 agrestem
3467 3188 3657 3242 tradu-

413 3288 656 3358 ἀνάγκης
688 3287 999 3357 γενόμενος.

484 3457 723 3519 Τούτοις,
763 3460 792 3511 6
821 3458 1138 3530 νηστευτὴς,
1183 3459 1510 3531 ὑπαρκεσον.
1534 3461 1665 3531 Περὶ
1689 3462 1814 3523 τοὺς
1857 3462 1984 3514 ἀτυ-

413 3549 637 3618 χοῦντας
664 3547 772 3599 τῶν
811 3547 1075 3615 ἀδελφῶν,
1107 3548 1266 3616 γενοῦ
1314 3548 1610 3618 φιλότιμος.
1651 3552 1716 3602 ’Ὀ
1735 3553 1834 3618 τῆς
1883 3553 1983 3620 σῆς

415 3639 627 3706 ὑφεῖλες
650 3638 897 3708 γαστρὸς,
913 3639 991 3708 τῷ
1022 3638 1272 3692 πεινῶντι
1304 3640 1555 3710 πρόσθες.
1576 3641 1816 3695 Γενέσθω
1833 3644 1862 3695 6
1890 3643 1980 3695 τοῦ

413 3729 546 3781 ε)εοῦ
577 3727 737 3798 φόϐος
766 3729 972 3792 δίκαιος
1000 3729 1294 3794 ἑξισωθείς.
1316 3731 1660 3802 Θεράπευσον
1694 3733 1984 3804 ἐγκρατείᾳ

417 3821 651 3890 σώφρονι
667 3819 759 3872 δύο
776 3820 922 3890 πάθη
943 3820 1162 3874 ἐναντία
1180 3820 1426 3891 ἀλλήλοις
1443 3837 1457 3851 ο
1473 3821 1564 3874 τὸν
1588 3823 1676 3876 σὸν
1692 3824 1870 3894 κόρον,
1888 3825 1982 3877 καὶ

413 3911 507 3964 τοῦ
529 3911 753 3980 ἀδελφοῦ
780 3911 871 3964 τὸν
897 3911 1071 3981 λιμόν.
1095 3912 1249 3965 Οὕτω
1277 3912 1384 3982 γὰρ
1414 3913 1622 3966 ποιοῦσι
1655 3914 1747 3968 καὶ
1788 3916 1977 3985 ἱατροί’

413 4004 539 4067 τοὺς
587 4005 683 4074 μὲν
711 4003 964 4057 κενοῦσι·
995 4005 1121 4066 τοὺς
1179 4003 1236 4057 δὲ
1263 4004 1549 4075 πληροῦσι,
1597 4006 1683 4058 ἵνα
1716 4009 1782 4078 τῇ
1815 4025 1982 4079 προσ-

416 4095 555 4167 θήκῃ
579 4099 671 4150 καὶ
698 4096 978 4166 ὑφαιρέσει
998 4098 1031 4166 ή
1048 4097 1176 4167 περὶ
1198 4095 1429 4149 ἕκαστον
1453 4097 1778 4169 οἰκονομηθῇ
1804 4099 1976 4166 ὑγεία.

414 4187 678 4259 Ιιείσθητε
727 4188 864 4258 καλῇ
919 4189 1257 4259 παραινέσει.
1321 4187 1607 4251 Ἀνοιξάτω
1633 4190 1661 4241 6
1692 4188 1845 4257 λόγπ
1873 4189 1981 4243 τῶν

415 4279 790 4349 εὐπορούντων
839 4278 936 4342 τὰς
968 4279 1156 4350 θύρας.
1207 4278 1486 4347 Εἰσαγέτω
1517 4282 1552 4348 ἡ
1583 4281 1857 4351 συμϐουλὴ
1889 4282 1980 4334 τὸν

417 4366 622 4436 πένητα
661 4366 795 4438 πρὸς
853 4369 944 4421 τὸν
984 4369 1193 4437 ἔχοντα.
1243 4369 1358 4422 Μία
1387 4369 1444 4421 δὲ
1481 4370 1624 4434 λέξις
1669 4371 1742 4440 μὴ
1774 4372 1980 4424 πλουτι-

418 4458 563 4511 σάτω
613 4461 736 4520 τοὺς
803 4460 1100 4524 στένοντας.
1144 4461 1290 4514 Δότω
1331 4465 1512 4526 αὐτοῖς
1542 4464 1633 4516 καὶ
1664 4463 1860 4527 οἰκίαν,
1886 4465 1979 4518 καὶ

2091 3273 2423 3332 cuntvitam,
2444 3287 2550 3326 non
2572 3274 2714 3341 quod
2738 3273 2892 3327 initio
2913 3275 2992 3328 sic
3020 3275 3376 3340 instituerint,
3401 3278 3494 3333 sed
3512 3281 3658 3350 quod

2092 3365 2159 3418 ad
2191 3380 2308 3418 eam
2341 3365 2741 3420 calamitatibus
2775 3375 2828 3420 et
2867 3368 3192 3424 necessitate
3222 3371 3484 3440 compulsi
3527 3373 3657 3427 sint.

2160 3457 2258 3510 His
2292 3457 2598 3510 necessaria
2641 3457 2807 3510 victui
2838 3459 3122 3528 suppedita
3161 3468 3238 3524 tu,
3285 3463 3376 3529 qui
3419 3463 3657 3532 jejunae.

2089 3545 2228 3615 Erga
2253 3545 2448 3601 fratres
2467 3547 2815 3604 calamitosos
2844 3550 3108 3620 benignus
3134 3563 3274 3606 esto.
3302 3552 3456 3618 Quod
3482 3557 3656 3610 ventri

2090 3638 2389 3701 subtrahis,
2422 3639 2600 3692 tribue
2637 3639 2921 3694 esurienti.
2965 3643 3218 3711 Exaequet
3253 3646 3433 3699 omnia
3472 3644 3658 3715 justus

2095 3728 2185 3782 Dei
2205 3730 2387 3781 timor.
2409 3728 2551 3782 Duas
2579 3729 2719 3784 inter
2746 3746 2805 3786 se
2821 3733 3126 3787 contrarias
3149 3733 3486 3800 affectiones,
3510 3745 3656 3792 tuam

2088 3820 2338 3875 videlicet
2370 3821 2694 3884 satietatem,
2721 3831 2774 3875 et
2801 3821 2984 3878 fratris
3019 3824 3237 3889 famem,
3267 3829 3507 3883 modesta
3532 3845 3660 3886 con-

2090 3913 2315 3966 tinentia
2345 3923 2587 3981 tempera
2611 3921 2774 3982 atque
2804 3915 3107 3971 moderare.
3144 3917 3236 3971 Sic
3262 3921 3406 3974 enim
3451 3922 3658 3977 faciunt

2089 4012 2142 4057 et
2166 4003 2396 4058 medici:
2423 4004 2560 4060 alios
2583 4006 2927 4066 exinaniunt.
2961 4009 3100 4063 alios
3131 4010 3360 4080 replent,
3388 4021 3446 4066 ut
3472 4029 3659 4069 acces-

2090 4095 2242 4149 sione
2272 4094 2700 4164 decessioneque
2729 4097 3162 4168 uniuscujusque
3194 4102 3401 4157 sanitas
3433 4119 3657 4160 conser-

2088 4194 2266 4239 vetur.
2299 4184 2551 4240 Honesta;
2594 4187 2950 4242 admonitioni
3001 4191 3388 4261 obtemperate.
3437 4195 3658 4266 Aperiat

2093 4278 2230 4330 ratio
2260 4278 2596 4347 pauperibus
2630 4278 2856 4332 divitum
2891 4279 3059 4336 fores.
3085 4283 3384 4339 Consilium
3411 4287 3556 4357 inopi
3587 4290 3655 4341 ad

2091 4369 2410 4438 locupletem
2436 4369 2640 4423 aditum
2671 4367 2854 4424 faciat.
2887 4370 3118 4441 Egentes
3145 4390 3211 4430 ne
3241 4376 3530 4445 locupletet
3555 4380 3657 4433 hu-

2091 4473 2248 4512 mana
2283 4460 2654 4522 ratiocinatio,
2695 4462 2789 4516 sed
2849 4462 2956 4517 illis
2985 4472 3040 4518 et
3064 4467 3285 4520 donium
3319 4477 3373 4522 et
3429 4469 3650 4533 lectum,

416 4549 620 4620 κλίνην,
645 4550 736 4602 καὶ
760 4549 1034 4620 τράπεζαν
1062 4554 1090 4604 6
1113 4552 1206 4604 τοῦ
1231 4553 1365 4605 Θεοῦ
1397 4553 1553 4622 λόγος
1582 4555 1610 4605 ὁ
1637 4555 1980 4625 προαιώνιος.

2088 4561 2142 4605 et
2175 4568 2418 4606 mensam
2441 4552 2644 4606 tribuat
2685 4553 2776 4608 Dei
2807 4557 3031 4610 verbum
3067 4559 3485 4629 sempiternum.
3524 4563 3654 4616 Dul-

416 4642 514 4692 Διά
562 4641 719 4707 λόγου
770 4641 1040 4694 οἰκετικοῦ
1069 4642 1382 4715 γεωργησον
1407 4645 1475 4697 τὰ
1506 4645 1641 4716 πρὸς
1667 4646 1764 4717 τὴν
1799 4648 1984 4717 χρείαν

414 4734 526 4794 τοῖς
559 4734 670 4794 σοῖς
696 4733 959 4800 κτήμασι.
996 4734 1136 4804 Πρὸς
1168 4735 1386 4799 τούτους
1413 4736 1560 4788 ἄλλοι
1596 4741 1800 4807 πτωχοὶ
1829 4737 1986 4791 ἀσθε-

415 4823 631 4885 νοῦντες
682 4825 774 4876 καὶ
825 4825 1225 4894 κατακείμενοι.
1253 4828 1518 4891 Ἕκαστος
1545 4829 1987 4900 περιεργαζέσθω

412 4917 536 4976 τοὺς
573 4914 838 4980 γείτονας.
878 4915 968 4985 Μὴ
1026 4917 1169 4985 ἀφῇς
1216 4919 1344 4987 παρ’
1371 4917 1529 4970 ἄλλου
1585 4919 1985 4991 θεραπευθῆναι

411 5006 501 5058 τὸν
529 5005 692 5073 ἐγγύς
733 5023 846 5058 σου.
883 5007 972 5075 Μὴ
1003 5007 1142 5078 λάϐῃ
1170 5007 1324 5070 ἄλλος
1358 5009 1446 5060 τὸν
1477 5009 1746 5081 θησαυρὸν
1777 5013 1866 5063 τὸν
1895 5013 1974 5064 σοὶ

411 5099 648 5168 παρακεί
655 5115 834 5166 μενον,

484 5272 812 5340 Περίπτυξαι
855 5275 945 5324 τὸν
975 5274 1309 5342 κακούμενον
1351 5275 1426 5336 ὡς
1459 5278 1672 5346 χρυσόν.
1718 5277 1977 5345 Ἐναγκά-

411 5362 551 5414 λιται
605 5363 694 5414 τὸν
740 5366 1119 5434 κεκακωμένον
1146 5365 1219 5426 ὡς
1246 5363 1342 5434 σὴν
1372 5366 1578 5431 ὑγείαν,
1608 5367 1681 5429 ὡς
1707 5370 1978 5439 σωτηρίαν

409 5453 682 5523 γυναικὸς,
733 5455 955 5519 τέκνων,
1008 5454 1263 5520 οἰκετῶν,
1299 5457 1394 5508 καὶ
1433 5457 1611 5526 πάσης
1643 5459 1740 5528 τῆς
1782 5459 1974 5523 οἰκίας.

481 5633 496 5662 ¹
533 5631 634 5686 lsa.
659 5649 806 5697 Lrttt,
835 5635 888 5694 4,
921 5634 1040 5688 6-7.

479 5773 552 5843 (α)
580 5771 744 5826 Εηίεὶδ
783 5771 988 5823 inclusa
1012 5771 1206 5824 desunt
1232 5771 1284 5824 in
1308 5771 1494 5824 (it-:eco
1526 5781 1693 5823 textu.

729 5863 996 5923 ΡΑτιιυι..
1036 5864 1151 5923 Cn.
1193 5865 1410 5924 XLVI.

2085 4642 2134 4695 ei
2171 4649 2227 4695 et
2263 4645 2496 4697 humana
2520 4645 2768 4700 oratione
2800 4648 2917 4700 usui
2946 4651 3250 4704 necessaria
3290 4667 3354 4705 ex
3414 4654 3523 4708 tuis
3573 4654 3654 4708 fa-

2084 4734 2379 4789 cultatibus
2406 4737 2782 4792 subministra.
2830 4739 2985 4808 Apud
3017 4751 3069 4795 te
3117 4743 3407 4798 multitudo
3447 4761 3652 4815 paupe-

2083 4843 2204 4880 rum
2242 4837 2405 4898 atque
2455 4829 2826 4900 languentium
2871 4833 2973 4886 sibi
3022 4833 3330 4904 profugiunt
3389 4837 3648 4891 inveniat.

2084 4917 2326 4988 Quisque
2347 4919 2634 4990 diligenter
2659 4924 2960 4976 vicinorum
2985 4939 3173 4977 curam
3200 4933 3370 4993 gerat.
3398 4925 3650 4981 Studium

2085 5011 2428 5077 promerendi
2463 5013 2531 5065 de
2578 5015 2897 5082 propinquis
2932 5014 3026 5065 tibi
3066 5016 3135 5067 ab
3178 5016 3284 5067 alio
3330 5018 3543 5085 praeripi
3584 5033 3652 5070 ne

2084 5102 2382 5167 permittas.
2414 5100 2578 5164 Cave,
2618 5118 2686 5156 ne
2715 5104 2894 5171 capiat
2923 5103 3062 5157 alius
3092 5104 3405 5158 thesaurum
3445 5108 3654 5174 reposi-

2083 5196 2197 5242 tum
2229 5191 2348 5246 tibi.

2153 5281 2473 5337 Calamitate
2501 5281 2749 5337 affectum
2788 5293 2845 5337 ut
2871 5299 3064 5338 aurum
3119 5287 3504 5356 complectere.
3559 5285 3648 5340 ln-

2086 5371 2293 5425 firmam
2325 5374 2584 5444 pauperis
2613 5375 2978 5430 valetudinem
3013 5379 3083 5429 ita
3133 5377 3272 5442 fove,
3307 5379 3442 5431 utin
3479 5394 3541 5432 ea
3597 5387 3651 5432 et

2087 5462 2374 5517 sanitatem
2425 5472 2594 5528 tuam,
2649 5474 2703 5518 et
2765 5466 2992 5519 salutem
3025 5468 3232 5532 uxoris,
3276 5476 3330 5522 ct
3391 5468 3647 5534 filiorum,

3245 5865 3314 5925 15
