4124 6352
539 315 650 374 459

1756 313 1813 371 S.
1856 313 2182 371 GREGORII
2235 312 2526 368 NYSSENI

3688 321 3790 377 ὅθί)

539 444 848 494 servorum,
881 435 935 484 st
971 428 1142 484 totius
1181 427 1421 498 denique
1449 426 1666 483 familiae
1713 430 1947 499 positam
2005 444 2101 498 pu-

2218 429 2277 482 '0
2320 430 2487 501 πένης
2548 429 2644 483 καὶ
2704 430 2982 502 ἄρρωστος
3026 430 3246 497 διπλοῦς
3289 433 3405 487 ἐστι
3460 435 3690 506 πτωχός.
3732 441 3790 491 Oi

542 534 647 579 tes.
681 520 813 574 Nam
853 535 977 575 cum
1010 535 1201 575 omnes
1233 534 1500 590 pauperes
1530 518 1747 573 fovendi
1793 519 2113 589 adjuvandi-

494 657 499 663 .
539 628 646 682 que
682 620 833 674 sunt,
868 619 980 664 tum
1031 609 1113 662 illi
1168 609 1262 678 qui
1323 614 1592 677 aegrotant
1642 608 1918 678 praecipue
1982 616 2112 663 sunt

538 701 954 772 complectendi.
989 701 1093 766 Qui
1124 700 1270 756 enim
1296 716 1459 768 egens
1488 708 1542 755 et
1591 715 1732 770 aeger
1761 710 1864 763 cst,
1908 701 2111 771 duplici

539 794 752 848 laborat
789 799 1128 862 paupertate.
1165 790 1357 859 Inopes
1401 791 1568 853 enim,
1615 793 1708 858 qui
1740 791 1933 844 valenti
1983 798 2111 845 sunt

536 900 789 956 corpore,
816 899 884 938 ex
918 883 1021 935 hoc
1052 881 1118 934 ad
1164 879 1295 933 illud
1351 882 1552 933 ostium
1605 879 1955 943 accedentes,
2015 878 2109 947 qui

538 977 745 1049 aliquid
767 978 919 1040 dent,
943 973 1241 1043 aliquando
1264 971 1483 1026 tandem
1510 971 1816 1025 inveniunt.
1839 970 2108 1025 Praeterea

538 1073 729 1126 sedent
762 1071 817 1124 in
851 1067 1051 1132 triviis,
1086 1073 1142 1119 et
1169 1071 1559 1134 praetereuntes
1606 1076 1798 1116 onmes
1852 1062 2109 1131 interpel-

2221 523 2317 592 μὲν
2374 523 2479 594 γὰρ
2533 523 2863 592 ὑγιαίνοντες
2912 524 3103 596 ἄποροι
3131 566 3146 586 ,
3190 526 3282 578 καὶ
3321 526 3491 598 θύραν
3525 529 3589 581 ἐκ
3622 529 3790 601 θύρας

2217 613 2527 683 ἀμείϐουσι,
2561 615 2653 668 καὶ
2675 614 2947 684 βαδίζουσι
2970 618 3105 687 πρὸς
3122 618 3245 681 τοὺς
3271 618 3512 690 ἔχοντας.
3540 621 3649 674 Καὶ
3678 625 3791 686 ταῖς

2216 705 2450 776 τριόδοις
2492 707 2905 778 ὲπικαθήμενοι,
2952 710 3158 772 πάντας
3190 709 3519 765 ἀνακαλοῦσι
3560 694 3688 776 τόὺς
3716 712 3790 768 δι-

2216 796 2516 861 οδεύοντας.
2546 799 2609 851 Οἱ
2628 799 2685 851 δὲ
2704 800 2850 870 παρά
2878 800 2975 870 τῆς
3003 799 3156 854 νόσου
3181 801 3565 872 πεπεδημένοι,
3594 805 3790 873 ἐγκαθ-

2167 944 2170 947 ν
2215 886 2491 956 ειργμένοι
2530 890 2642 952 τοῖς
2696 892 2897 952 στενοῖς
2932 890 3271 961 καταλύμασι
3305 893 3399 945 καὶ
3426 895 3545 956 ταῖς
3581 899 3789 959 στεναῖς

2214 975 2457 1041 γωνίαις,
2492 977 2565 1041 ὡς
2607 980 2636 1031 6
2684 980 2880 1049 Δανιὴλ
2924 980 3003 1051 τῷ
3031 980 3236 1050 λάκκῳ,
3269 982 3328 1035 σὲ
3358 982 3449 1036 τὸν
3469 985 3669 1058 εὐλαϐῆ
3700 988 3789 1042 καὶ

2214 1064 2554 1138 φιλόπτωχον
2583 1068 2657 1132 ὡς
2681 1069 2769 1121 τὸν
2810 1071 2863 1123 Ἀ
2875 1070 3129 1140 μϐακοὺμ
3152 1074 3504 1143 ἀναμένουσι.

537 1142 669 1225 lant,
710 1176 869 1230 opem
911 1159 1284 1228 implorantes.
1316 1155 1385 1207 At
1422 1154 1499 1207 illi
1537 1168 1826 1223 pauperes,
1876 1155 1967 1223 qui
2001 1155 2229 1213 adversa
2270 1161 2480 1228 praediti
2544 1163 2874 1225 valetudine,
2923 1142 3274 1235 angustoque,
3307 1166 3619 1237 hospitiolo,
3685 1170 3789 1224 imo

535 1271 666 1311 vero
691 1255 942 1327 angustis
997 1250 1278 1322 hospitioli
1318 1248 1534 1319 angulis
1570 1248 1817 1302 conclusi
1850 1256 1999 1312 sunt,
2055 1250 2130 1303 uti
2166 1250 2358 1309 Daniel
2391 1255 2444 1309 in
2486 1256 2631 1321 lacu,
2674 1265 2728 1311 te
2777 1257 3071 1329 benignum
3119 1268 3173 1313 et
3237 1274 3533 1329 pauperum
3590 1264 3788 1316 studio-

536 1359 659 1401 sum
692 1351 857 1414 atque
913 1349 1210 1401 amantem,
1278 1346 1541 1407 tanquam
1602 1335 1859 1392 Habacuc
1914 1347 2254 1407 exspectant.

606 1430 969 1498 Quamobrem
1003 1443 1102 1498 per
1150 1427 1553 1496 elecmosynam
1600 1426 1878 1494 pr0pheta3
1928 1428 2114 1483 socius

2281 1432 2443 1487 Γενοῦ
2464 1434 2556 1488 τοῦ
2575 1435 2858 1507 Προφήτου
2873 1437 2941 1490 δι’
2967 1436 3328 1509 ἐλεημοσύνης
3349 1440 3561 1512 ἑταῖρος
3582 1459 3598 1474 ⁸
3622 1405 3787 1512 ταχὺς

537 1521 790 1584 efficere;
820 1519 1073 1576 celeriter
1103 1528 1159 1573 et
1191 1517 1418 1587 impigre
1453 1516 1518 1570 ad
1568 1516 1822 1569 alendum
1866 1527 2101 1586 egentem

2209 1523 2443 1592 τροφεὺς
2492 1525 2586 1579 καὶ
2634 1526 2844 1590 ἀόκνως
2885 1527 2964 1598 τῷ
3011 1528 3250 1599 δεομένῳ
3305 1530 3635 1602 παράστηθι.
3676 1533 3788 1585 Οὐκ

535 1614 754 1669 accede.
790 1612 1007 1665 Nullam
1066 1609 1237 1664 facies
1296 1609 1350 1661 in
1411 1607 1773 1678 promerendo
1817 1608 2110 1674 jacturam.

2209 1613 2325 1665 ἐστι
2342 1612 2513 1685 ζημία
2532 1618 2566 1687 ἡ
2600 1616 2872 1689 δόσις.Μὴ
2912 1619 3154 1690 φοϐηθῇς
3178 1636 3191 1649 ·
3217 1619 3481 1691 πολύχους
3510 1621 3787 1693 βλαστάνει

538 1705 619 1760 Nc
648 1704 907 1759 verearis.
942 1700 1220 1770 Multiplex
1250 1699 1394 1754 enim
1446 1706 1501 1751 et
1553 1698 1810 1769 copiosus
1869 1700 2101 1769 gignitur

2209 1704 2238 1756 6
2266 1705 2363 1774 τῆς
2387 1704 2756 1778 ἐλεημοσύνης
2784 1709 3014 1780 καρπός.
3048 1710 3275 1781 Σπεῖρον
3307 1712 3503 1777 διδοὺς,
3534 1713 3628 1767 καὶ
3653 1713 3789 1786 πλη-

535 1794 749 1850 fructus
780 1808 844 1849 ex
886 1791 1251 1861 eleemosyna.
1285 1787 1416 1844 Sere
1446 1788 1789 1852 benellcium,
1820 1797 1879 1843 ut
1906 1797 2101 1845 metere

2214 1797 2410 1868 ρώοεις
2437 1798 2547 1851 τῶν
2569 1799 2790 1868 ἀγαθῶν
2811 1801 3140 1872 δραγμάτων
3164 1803 3262 1874 τὴν
3289 1804 3488 1859 οἰκίαν.

535 1887 718 1960 possis
750 1886 1078 1949 fructum,et
1104 1884 1263 1938 bonis
1290 1881 1584 1951 manipulis
1616 1881 1836 1935 domum
1867 1882 2101 1950 replere.

604 2020 675 2073 At
706 2017 916 2073 enimte
940 2028 1163 2086 quoque
1188 2027 1478 2084 pauperem
1518 2010 1690 2067 dices.
1721 2010 1831 2066 Fac
1861 2012 1976 2077 sis;
2030 2022 2108 2067 at-

533 2118 718 2167 tamen
749 2108 901 2163 dato.
970 2106 1046 2159 Da
1084 2104 1231 2174 quod
1263 2104 1451 2158 habes.
1506 2101 1694 2173 Neque
1743 2103 1888 2157 enim
1941 2118 2105 2174 supra

533 2204 679 2256 vires
719 2212 841 2254 tuas
868 2198 1166 2268 quidquam
1207 2198 1304 2250 abs
1342 2203 1394 2249 te
1445 2196 1674 2265 requirit
1706 2194 1868 2249 Deus.
1918 2194 1996 2249 Da
2046 2204 2104 2249 tu

533 2310 749 2368 panem,
779 2292 872 2347 ille
903 2291 1156 2361 poculum
1187 2289 1319 2351 vini,
1350 2288 1493 2341 alius
1521 2291 1906 2342 vestimentum
1928 2288 2100 2354 dabit;

533 2398 701 2458 atque
733 2386 805 2439 ita
835 2400 900 2439 ex
937 2383 1230 2436 multorum
1271 2379 1602 2450 benignitate
1628 2378 1791 2433 unius
1815 2379 2102 2433 calamitas

532 2476 927 2533 sublevabitur.
959 2471 1036 2527 Ne
1067 2472 1243 2527 Moses
1274 2470 1494 2540 quidem
1527 2469 1603 2533 id,
1635 2469 1785 2538 quod
1835 2468 2103 2538 impendit

530 2571 586 2625 in
619 2568 1055 2629 tabernaculum,
1084 2566 1154 2618 ab
1179 2578 1289 2616 uno
1343 2572 1555 2616 tantum
1609 2561 1832 2615 homine
1865 2560 2097 2629 accepit,

531 2660 628 2717 sed
652 2660 719 2715 ab
746 2661 1001 2715 universo
1032 2655 1230 2726 populo
1260 2656 1302 2707 ’.
1336 2654 1441 2706 Alii
1471 2652 1618 2707 enim
1649 2666 1869 2717 aurum,
1901 2666 2099 2719 argen-

528 2762 642 2807 tum
665 2751 779 2815 alii,
805 2761 863 2803 ut
897 2746 1067 2815 magis
1090 2747 1339 2800 minusve
1380 2742 1586 2796 divitiis
1612 2741 1925 2805 afﬂuebant,
1951 2742 2103 2795 obtu-

527 2844 726 2899 lerunt.
761 2841 1037 2911 Pauperes
1068 2854 1194 2892 vero
1226 2839 1309 2891 vel
1342 2837 1531 2908 pelles,
1568 2835 1651 2889 vel
1686 2834 1851 2888 etiam
1907 2848 2102 2903 capra.

510 2949 652 2990 'rum
715 2932 878 3003 pilos,
933 2931 981 2986 si
1036 2930 1160 3000 quis
1214 2928 1437 3000 gravius
1498 2925 1681 2996 inopia
1728 2925 2096 2995 premebatur.

530 3024 722 3080 Nonne
747 3023 899 3078 vides
921 3020 1182 3093 pauperis
1206 3019 1370 3073 etiam
1399 3018 1546 3072 illius
1601 3016 1780 3071 viduae
1830 3016 2103 3085 quadran-

528 3125 636 3171 tem
664 3116 891 3171 divitum
923 3127 1149 3167 munera
1171 3106 1493 3180 superasse?
1525 3108 1615 3161 illa
1654 3109 1799 3161 enim
1833 3107 2100 3177 quidquid

528 3208 785 3270 habebat,
809 3204 1101 3272 exhausit;
1148 3219 1271 3257 cum
1301 3217 1367 3256 ex
1406 3202 1599 3254 horum
1642 3200 1819 3269 copiis
1869 3200 1955 3252 vix
2003 3216 2103 3270 pu-

2288 2015 2427 2070 Ἀλλ’
2458 2016 2602 2088 ἐρεῖς
2625 2034 2639 2048 ⁸
2686 2019 2861 2091 Πένης
2904 2022 3077 2091 κάγώ.
3109 2025 3307 2080 Ἔστω.
3335 2026 3595 2080 Δεδόσθω.
3634 2027 3731 2090 Δὸς
3761 2027 3787 2077 δ

2203 2105 2366 2177 ἔχεις.
2391 2108 2465 2161 Οὐ
2492 2108 2601 2179 γάρ
2626 2109 2693 2163 τὰ
2714 2111 2854 2180 ὑπὲρ
2886 2111 3114 2184 δύναμιν
3156 2115 3353 2187 ζητεῖό
3393 2118 3544 2181 Θεός.
3580 2120 3653 2172 Σὺ
3687 2121 3786 2190 ἄρα

2202 2216 2293 2253 τον
2310 2240 2324 2263 ,
2350 2198 2536 2272 ἕτερος
2568 2204 2826 2274 ποτήριον
2852 2203 3018 2269 οἴνου,
3041 2207 3196 2272 ἄλλος
3224 2209 3459 2280 ἱμάτιον,
3495 2212 3591 2264 καὶ
3616 2212 3787 2275 οὕτως

2202 2290 2268 2342 ὲκ
2297 2294 2654 2363 συνεισφορᾶς
2702 2294 2734 2363 ή
2795 2293 2890 2348 τοῦ
2923 2295 3041 2360 ἐνὸς
3090 2296 3278 2351 λύεται
3327 2302 3603 2372 συμφορά.
3653 2302 3786 2355 Οὐδὲ

2202 2380 2406 2451 Μωσῆς
2459 2380 2558 2451 τὴν
2611 2381 2855 2453 δαπάνην
2899 2383 2999 2454 τῆς
3050 2388 3254 2458 σκηνῆς
3282 2389 3433 2459 παρὰ
3461 2390 3577 2454 ἑνὸς
3628 2390 3787 2446 ἔλαϐε

2201 2469 2540 2543 λειτουργοῦ,
2572 2471 2708 2526 ἀλλά
2726 2473 2820 2527 τοῦ
2842 2474 2906 2546 δή
2918 2493 3021 2546 μου
3049 2479 3269 2544 παντός.
3305 2482 3362 2536 ’1)
3387 2483 3489 2553 μὲν
3511 2485 3620 2556 γὰρ
3654 2503 3786 2558 χρυ-

2203 2561 2294 2616 σὸν
2322 2563 2551 2634 ἤνεγκεν
2582 2566 2611 2618 6
2645 2564 2890 2620 πλουτῶν
2918 2568 3130 2641 ἐκείνῳ,
3154 2572 3312 2637 ἄλλος
3340 2574 3599 2647 ἄργυρον,
3630 2580 3658 2630 6
3689 2579 3785 2631 πέ-

2201 2670 2300 2723 νης
2324 2652 2584 2725 δέρματα,
2605 2656 2633 2708 6
2648 2654 2742 2708 τοῦ
2765 2655 2997 2726 πένητος
3018 2660 3341 2731 πενέστερος
3364 2664 3576 2735 τρίχας.
3596 2666 3780 2737 Ὁρᾷς,

2200 2743 2276 2805 ὡς
2302 2742 2394 2794 καὶ
2416 2744 2445 2795 6
2473 2742 2574 2813 τῆς
2596 2745 2772 2814 χήρας
2800 2746 3119 2818 κοδράντης,
3151 2750 3454 2823 ὑπερέϐαλε
3478 2756 3586 2808 τῶν
3615 2757 3782 2809 πλου-

2202 2835 2332 2887 σίων
2375 2833 2443 2887 τά
2490 2835 2847 2907 ἀναθήματα;
2886 2840 2950 2891 Ἡ
2986 2841 3085 2910 μὲν
3140 2842 3250 2914 γάρ
3287 2844 3315 2897 ὂ
3341 2840 3484 2915 εἶχεν
3516 2847 3634 2900 ὅλον
3660 2849 3782 2900 ἐκέ-

2201 2938 2369 2976 varas“
2400 2924 2510 2977 τῶν
2533 2926 2613 2987 δὲ,
2645 2927 2822 2995 ὀλίγον
2853 2927 3097 2993 ἐξέπεσε.
3126 2934 3218 3004 Μὴ
3240 2937 3654 3009 καταφρονήσῃς
3675 2939 3784 2991 τῶν

2200 3017 2467 3086 κειμένων
2494 3017 2570 3081 ὼς
2598 3019 2807 3084 οὐδενὸς
2838 3021 3027 3087 ἀξίων.
3084 3024 3335 3093 Λόγισαι,
3363 3028 3506 3091 τίνες
3533 3030 3658 3095 εἰσὶ,
3688 3031 3783 3084 καὶ

2207 3108 2460 3179 εὑρήσεις
2489 3109 2668 3163 αὐτῶν
2712 3112 2773 3164 τὸ
2815 3111 3029 3185 ἀξίωμα
3045 3130 3067 3195 ὀ
3107 3116 3200 3169 τοῦ
3255 3119 3503 3191 Σωτῆρος
3531 3121 3688 3192 ήμῶν
3720 3122 3782 3176 τὸ

2213 3201 2501 3271 πρόσωπον
2531 3201 2680 3255 ὲνεδύ
2689 3220 2869 3257 σαντο.

526 3302 707 3357 silium
740 3301 998 3370 quiddam
1027 3297 1293 3354 exciderit
1324 3297 1365 3350 ³.
1391 3294 1647 3350 Jacentes
1674 3310 1940 3365 pauperes
1983 3304 2240 3364 tanquam
2281 3296 2487 3351 nullius
2541 3299 2698 3367 pretii
2767 3301 2897 3360 sint.
2962 3316 3031 3356 ne
3087 3301 3421 3374 deSpexeris.
3484 3308 3780 3369 Considera

527 3393 750 3465 quinam
782 3392 916 3453 sint,
949 3400 1005 3445 et
1033 3400 1220 3445 coram
1251 3403 1551 3459 cognosces
1576 3387 1894 3458 dignitatem
1924 3404 1937 3440 :
1968 3385 2279 3443 Servatoris
2310 3391 2484 3443 nostri
2519 3405 2808 3458 personam
2838 3391 3155 3449 induerunt.
3253 3410 3261 3423 ν

597 3507 875 3576 Propriam
902 3506 1048 3560 enim
1079 3504 1348 3574 benignus
1391 3502 1481 3554 ille
1545 3514 1839 3570 personam
1868 3501 1952 3553 eis
1985 3503 2093 3553 lar-
2124 3479 2170 3537 (ἶ

526 3598 672 3671 gitus
700 3606 808 3662 est,
842 3605 921 3660 ut,
957 3593 1415 3666 quemadmodum
1453 3592 1551 3657 illi,
1574 3591 1667 3661 qui
1703 3591 1966 3645 adversus
1991 3591 2098 3642 vim

528 3691 829 3746 inferentes
886 3699 1148 3756 tanquam
1195 3683 1665 3755 propugnaculum
1714 3683 1892 3749 regias
1961 3696 2100 3748 prae-

527 3783 757 3838 tendunt
789 3780 1073 3849 imagines,
1098 3793 1207 3847 quo
1236 3775 1504 3846 principis
1529 3773 1731 3843 effigie,
1764 3773 2092 3828 irruentium

529 3875 766 3945 impetus
800 3872 1085 3939 frangatur
1116 3876 1170 3924 et
1218 3867 1566 3930 retardetur;
1609 3868 1688 3919 sic
1717 3866 1818 3934 ipsi
1850 3879 1965 3930 eos,
2001 3864 2096 3934 qui

528 3966 679 4021 nulla
714 3971 1004 4018 moventur
1035 3959 1538 4018 cormniseratione,
1589 3957 1793 4025 quique
1832 3971 2097 4024 pauperes

522 4058 657 4114 odio
689 4063 1122 4128 prosequuntur,
1155 4066 1250 4121 per
1284 4051 1430 4103 illam
1462 4048 1704 4110 ﬂectant,
1748 4048 1998 4117 mitigent
2042 4056 2096 4100 et

518 4156 775 4206 exorent.
829 4146 895 4201 lii
948 4147 1220 4200 bonorum
1266 4157 1391 4213 quas
1428 4148 1484 4195 et
1536 4145 1923 4210 exspectamus
1968 4146 2096 4193 sunt

526 4239 893 4316 promicondi.
924 4238 990 4293 Hi
1016 4238 1279 4308 ianitores
1301 4233 1453 4304 regni
1483 4233 1769 4295 C(Blortlttt,
1795 4231 1889 4301 qui
1916 4229 2093 4284 forum

516 4336 776 4407 aperiant
805 4331 1056 4402 benignis
1079 4339 1133 4383 et
1161 4328 1342 4391 bonis,
1375 4325 1669 4379 occludant
1716 4325 1877 4379 malis
1916 4332 1970 4377 et
2010 4323 2098 4376 in-

526 4427 802 4483 humanis.
836 4422 900 4476 Hi
954 4432 1007 4476 et
1037 4420 1386 4474 vehementes
1442 4424 1573 4471 sunt
1624 4423 1998 4478 accusatores,
2045 4422 2100 4467 et

523 4519 715 4590 optimi
742 4514 978 4587 patroni.
1010 4513 1285 4566 Accusant
1316 4517 1496 4563 autem
1522 4516 1576 4563 et
1622 4505 1944 4568 defendunt,
1985 4520 2094 4558 non

522 4611 802 4669 oratione,
830 4607 927 4662 sed
979 4611 1203 4673 aspectu
1243 4603 1384 4672 ipso,
1434 4600 1564 4653 dum
1616 4597 2035 4667 conspiciuntur
2067 4611 2094 4648 a

520 4702 725 4773 judice.
755 4698 887 4765 Quae
913 4698 1057 4752 enim
1101 4697 1153 4749 in
1179 4709 1274 4750 eos
1307 4693 1462 4757 fiunt,
1490 4690 1632 4762 apud
1661 4706 1784 4745 eum
1808 4690 1900 4758 qui
1932 4688 2097 4742 corda

522 4799 824 4854 scrutatur,
857 4789 950 4860 qui
979 4785 1340 4858 cogitationes
1390 4783 1672 4842 hominum
1714 4795 1905 4835 omnes
1934 4788 2099 4848 atque

2285 3501 2342 3553 '0
2375 3502 2483 3574 γάρ
2512 3502 2886 3572 φιλάνθρωπος
2915 3503 3145 3576 ἔχρησεν
3161 3508 3344 3573 αὐτοῖς
3370 3511 3431 3564 τὸ
3462 3511 3590 3565 ἴδιον
3617 3515 3781 3584 πρόσ-

2201 3609 2368 3654 ωπ)ν,
2392 3593 2477 3645 ῖνα
2497 3592 2564 3646 δι’
2591 3593 2801 3645 ἐκείνου
2861 3594 3148 3647 δυσωπῶσι
3177 3598 3303 3661 τοὺς
3323 3599 3663 3669 ἀσυμπαθεῖς
3686 3604 3783 3656 κα).

2204 3682 2601 3752 μισοπτώχους,
2652 3683 2840 3755 ὥσπερ
2871 3687 2919 3736 οἱ
2963 3686 3058 3749 τὰς
3090 3685 3376 3756 βασιλικὰς
3401 3690 3612 3754 εἰκόνας
3643 3692 3783 3746 κατά

2198 3775 2308 3827 τῶν
2341 3775 2672 3845 βιαζομένων
2722 3777 2916 3837 αὐτοὺς
2964 3770 3388 3850 προϐαλλόμενοι
3411 3822 3425 3844 ,
3483 3782 3548 3835 ἵν’
3581 3785 3647 3836 ὲκ
3678 3785 3781 3854 τῆς

2204 3870 2416 3938 μορφῆς
2439 3866 2535 3920 τοῦ
2569 3869 2914 3939 κρατοῦντος.
2955 3871 3048 3922 τὸν
3082 3875 3498 3945 καταφρονητὴν
3525 3871 3779 3946 δυσωπήο

2201 3975 2385 4012 σωσιν.
2432 3954 2591 4012 Οὗτοί
2638 3962 2775 4012 εἰσιν
2824 3963 2874 4013 οἱ
2932 3963 3123 4032 ταμίαι
3170 3963 3276 4016 τῶν
3321 3965 3779 4036 προσδοκωμένων

2198 4049 2435 4117 ἀγαθῶν·
2477 4052 2525 4103 οἱ
2555 4049 2789 4122 θυρωρώ⁵
2818 4053 2914 4121 τῆς
2945 4052 3237 4121 βασιλείας,
3268 4056 3316 4107 οἱ
3349 4056 3648 4125 ἀνοίγοντες
3679 4059 3778 4121 τὰς

2200 4141 2370 4210 θύρας
2397 4143 2508 4205 τοῖς
2532 4145 2810 4213 χρηστοῖς,
2836 4144 2931 4196 καὶ
2961 4143 3229 4209 κλείοντες
3251 4149 3361 4209 τοῖς
3377 4147 3655 4212 δυσκόλοις
3682 4151 3776 4202 καὶ

2203 4230 2622 4303 μισανθρώποις.
2677 4226 2856 4296 Οὗτοι,
2902 4235 2996 4288 καὶ
3041 4235 3334 4306 κατήγοροι
3386 4237 3633 4309 σφοδροὶ,
3682 4240 3777 4291 καὶ

2203 4322 2489 4391 συνήγοροι
2536 4322 2750 4389 ἀγαθοί.
2798 4324 3162 4395 Συνηγοροῦσι
3202 4325 3259 4378 δὲ
3306 4326 3401 4379 καὶ
3445 4328 3778 4397 κατηγοροῦ-

2203 4430 2305 4473 σιν,
2339 4413 2399 4465 οὐ
2432 4413 2701 4480 λέγοντες,
2731 4414 2845 4466 ἀλλ’
2875 4414 3141 4485 ὁρώμενοι
3166 4416 3317 4488 παρά
3337 4416 3431 4470 τοῦ
3456 4419 3678 4490 Κριτοῦ.
3704 4420 3775 4473 Τὸ

2199 4504 2307 4573 γὰρ
2341 4505 2467 4574 περὶ
2502 4506 2696 4567 αὐτοὺς
2727 4506 3007 4576 γινόμενον
3058 4506 3214 4579 ἔργον
3247 4507 3397 4574 παρά
3438 4508 3519 4577 τῷ
3562 4511 3777 4582 καρδιο-

2199 4594 2414 4664 γνώστῃ
2460 4595 2579 4664 βοᾷ,
2610 4596 2807 4657 παντὸς
2842 4602 3077 4666 κήρυκος
3107 4598 3489 4670 εὐσημότερον.
3526 4601 3623 4654 Διά
3650 4601 3774 4654 τού·

2198 4702 2322 4749 τους
2348 4687 2476 4754 ἡμῖν
2505 4687 2598 4740 καὶ
2625 4688 2686 4738 τὸ
2714 4687 2940 4758 φοϐερὸν
2971 4688 3250 4759 ἀνεγράφη
3280 4688 3369 4742 διὰ
3394 4689 3503 4742 τῶν
3529 4692 3775 4760 ἀγγέλων

2199 4777 2292 4830 τοῦ
2327 4776 2461 4830 Θεοῦ
2490 4778 2851 4850 δικαστήριον,
2880 4775 2941 4834 οὗ
2969 4779 3226 4844 πολλάκις
3252 4780 3542 4851 ἠκούσατε.

524 4885 753 4941 intimos
773 4880 941 4936 animi
962 4893 1160 4934 sensus
1195 4875 1365 4939 novit,
1401 4874 1597 4944 quovis
1628 4887 1877 4943 praecone
1927 4872 2152 4939 clarius,
2227 4872 2488 4941 apertius,
2543 4871 2941 4940 significantius
2992 4874 3360 4930 vociferantur
3415 4883 3468 4931 et
3517 4877 3774 4934 clamant.

517 4978 751 5049 Propter
786 4974 887 5029 bos
919 4973 1074 5027 nobis
1102 4978 1156 5026 et
1187 4968 1592 5024 formidandum
1621 4965 1757 5020 illud
1793 4964 2084 5035 judicium,
2125 4965 2271 5035 quod
2303 4979 2446 5034 saepe
2478 4964 2787 5031 audivistis,
2823 4967 3186 5036 perscriptum
3219 4978 3325 5023 est.
3687 4952 3693 4958 ’

591 5088 707 5143 lllic
750 5085 896 5141 enim
945 5083 1101 5137 video
1156 5079 1355 5135 Filium
1406 5077 1649 5133 hominis
1710 5076 2017 5131 venientem
2061 5091 2092 5130 e

2266 5072 2421 5129 Εἶδον
2449 5075 2556 5144 γάρ
2582 5077 2702 5129 ἐκεῖ
2724 5076 2813 5130 τὸν
2843 5077 2970 5130 Υἱὸν
2998 5077 3092 5131 τοῦ
3122 5078 3372 5134 ἀνθώπου
3402 5081 3693 5154 ἐρχόμενον
3716 5084 3776 5149 ἐξ

518 5180 695 5243 caelis,
727 5191 822 5246 per
855 5189 980 5229 aera
1011 5188 1118 5226 non
1148 5186 1310 5226 secus
1351 5180 1516 5238 atque
1547 5184 1643 5238 per
1689 5174 1891 5220 terram
1942 5166 2092 5220 ince-

521 5274 737 5323 dentem
770 5262 1268 5321 innumerabilibus
1301 5261 1562 5331 stipatum
1593 5258 1835 5312 millibus
1867 5256 2090 5327 angelo-

522 5373 662 5412 rum.
698 5355 900 5411 Deinde
917 5356 1103 5422 gloria:
1151 5353 1408 5408 thronum
1454 5360 1699 5412 erectum
1747 5351 1800 5404 in
1832 5350 2088 5414 sublime,

519 5456 684 5516 atque
717 5448 770 5500 in
800 5461 866 5500 eo
898 5445 1273 5500 considentem
1316 5444 1536 5514 Regem.
1570 5440 1725 5496 Tunc
1779 5443 1957 5496 omnis
1989 5441 2088 5494 ho-

520 5539 728 5594 minum
757 5538 957 5601 tribus,
988 5552 1179 5592 omnes
1204 5546 1413 5607 gentes,
1445 5535 1698 5590 nationes
1724 5548 1936 5600 omnes,
1969 5548 2089 5601 quae

594 5717 617 5750 ³
641 5715 813 5773 Exod.
850 5731 1035 5781 xxxvr,
1075 5715 1195 5770 5-7.
1268 5713 1288 5747 ³
1321 5714 1487 5771 Marc.
1526 5732 1620 5784 xit,
1654 5716 1849 5772 43-“.
1924 5773 1945 5783 ,

2193 5168 2457 5238 οὐρανῶν,
2491 5168 2587 5220 καὶ
2611 5167 2703 5221 τὸν
2728 5169 2871 5240 ἀέρα
2897 5169 2971 5232 ὡς
2999 5173 3103 5240 γῆν
3138 5169 3465 5238 πεζεύοντα,
3518 5174 3611 5227 καὶ
3652 5178 3773 5238 ταῖς

2197 5260 2414 5323 πολλαῖς
2501 5261 2725 5330 μυριάσι
2807 5259 2916 5312 τῶν
2982 5263 3228 5328 ἀγγέλων
3284 5264 3767 5338 δορυφορούμενον.

2200 5352 2431 5404 Ἔπειτα
2477 5351 2663 5423 θρόνον
2693 5352 2849 5423 δόξης
2877 5354 3265 5424 ἀνυζιούμενον,
3318 5357 3413 5409 καὶ
3449 5360 3556 5411 πᾶν
3605 5360 3771 5427 φῦλον

2195 5441 2495 5514 ἀνθρώπων
2526 5444 2648 5496 ὅσον
2677 5443 2950 5515 παρῆλθεν
2992 5445 3070 5507 εἰς
3098 5445 3310 5512 γένεσιν
3339 5449 3432 5500 καὶ
3473 5450 3607 5519 ήλίῳ
3639 5466 3770 5504 κατ-

2196 5532 2473 5604 ελάμφθη,
2501 5530 2594 5588 καὶ
2642 5533 2829 5588 τούτου
2859 5533 2952 5587 τοῦ
2994 5535 3150 5606 ἀέρος
3185 5535 3487 5609 ἀνέσπασεν
3510 5578 3525 5603 ,
3578 5542 3635 5593 ἐν
3676 5538 3770 5595 δύο
