4124 6352
299 413 396 468 461

1470 416 1554 469 DE
1584 415 2024 471 PAUPEIIIBUS
2053 411 2377 468 AMANDIS.

3448 408 3552 462 4θὲ

303 531 524 602 μέρεσιν
556 526 1005 596 ἀποκεκριμένον,
1032 529 1125 580 καὶ
1149 528 1423 598 προεστὼς
1451 530 1540 582 τοῦ
1569 529 1871 601 κριτηρίου.

1986 529 2032 581 in
2069 527 2209 582 banc
2246 528 2409 581 vitam
2444 526 2700 596 ingressa-
2723 525 2856 587 sint,
2891 540 3012 594 qum
3036 524 3180 577 hunc
3206 523 3403 592 spiritu
3430 539 3552 576 aera

314 619 632 674 Ἐκαλοῦντο
663 618 720 670 δὲ
751 620 799 670 oi
837 619 936 687 μὲν
966 621 1191 690 ὰρνειοὶ.
1223 622 1334 674 ὅσοι
1380 623 1442 674 ἐκ
1485 621 1670 685 δεξιῶν
1695 640 1709 652 ο
1760 624 1876 691 ἐρίο

302 729 433 780 φους
458 710 514 763 δὲ
545 710 671 772 τοὺς
699 709 790 762 ἐπὶ
835 709 1058 778 θάτερον
1091 712 1318 780 ἤκουσα,
1353 713 1414 764 ἐκ
1439 715 1535 782 τῆς
1561 712 1877 782 ὁμοιότητος

299 801 409 853 τῶν
437 801 674 870 τρόπων,
719 799 802 866 ἐφ’
838 801 1064 863 ἑαυτοὺς
1095 802 1195 864 τὰς
1226 804 1591 873 προσηγορίας
1619 803 1878 856 ἑλκύσαν-

301 910 421 955 τας.
449 894 560 946 Καὶ
591 891 850 955 διαλέξεις
880 893 996 945 ἐκεῖ
1019 892 1110 944 τοῦ
1143 893 1396 946 δικαστοῦ
1425 895 1559 964 πρὸς
1601 896 1726 957 τοὺς
1759 911 1878 964 κρι-

301 984 574 1053 νομένους,
623 985 717 1035 καὶ
743 984 1064 1053 ἀποκρίσεις
1087 985 1194 1036 τῶν
1227 986 1594 1054 εὐθυνομένων
1627 988 1761 1058 πρὸς
1789 987 1877 1040 τὸν

301 1073 546 1128 Βασιλέα.
611 1073 1010 1144 Ἀπεκληροῦτο
1057 1075 1115 1126 δὲ
1172 1077 1420 1140 ἑκάστοις
1462 1079 1527 1130 τά
1574 1079 1874 1149 πρόσφορα.

301 1166 428 1230 Τοῖς
459 1165 554 1236 μὲν
580 1165 668 1217 τὸν
700 1166 920 1235 ἄριστον
951 1165 1236 1235 βεϐιωκόσι
1265 1167 1402 1236 βίον,
1450 1169 1720 1238 βασιλείας
1749 1169 1882 1222 άπά-

301 1255 492 1318 λαυσις
515 1273 532 1288 ·
577 1259 689 1319 τοῖς
717 1256 772 1308 δὲ
803 1257 1208 1328 μισανθρώποις
1236 1259 1327 1311 καὶ
1362 1264 1616 1329 πονηροῖς
1645 1261 1882 1330 τιμωρία

304 1348 492 1416 πυρλς,
522 1349 620 1400 καὶ
646 1347 784 1416 αὕτη
815 1348 1213 1411 διαιωνίζουσα.
1247 1350 1448 1420 Γράφει
1478 1351 1533 1403 δὲ
1557 1351 1732 1403 πάντα
1765 1353 1884 1402 ἐπι-

306 1437 504 1506 μελῶς,
551 1440 644 1492 καὶ
677 1439 905 1510 ἄκριας
947 1443 1080 1511 ἡμῖν
1110 1441 1171 1493 τὸ
1197 1441 1540 1512 δικαστήριον
1569 1441 1882 1513 ἀνεζωγραο

304 1528 447 1600 φήθη
481 1529 632 1599 παρὰ
671 1529 764 1582 τοῦ
796 1529 994 1597 λόγου,
1043 1531 1142 1585 οὐκ
1175 1531 1331 1584 ἄλλου
1365 1550 1458 1584 του
1507 1531 1684 1603 χάριν,
1717 1530 1751 1602 ἢ
1787 1532 1880 1585 τοῦ

306 1621 500 1690 μαθεῖν
525 1623 672 1692 ἡμᾶς
699 1622 945 1685 εὐποιίας
974 1623 1335 1694 χρηστότητα.
1381 1621 1529 1692 Αὕτη
1561 1623 1670 1693 γάρ
1713 1624 1878 1687 ἐστιν,

302 1715 336 1782 ὴ
370 1713 461 1766 τὸν
496 1713 607 1783 βίον
642 1714 962 1784 συνέχουσα,
1014 1715 1202 1785 μήτηρ
1225 1715 1334 1771 τῶν
1362 1715 1692 1784 πενομένων,
1735 1713 1882 1768 διδά-

305 1803 499 1867 σκαλος
524 1805 632 1858 τῶν
661 1805 946 1864 πλουσίων,
992 1805 1169 1875 ἀγαθὴ
1216 1806 1598 1878 κουροτρόφος,
1647 1805 1885 1876 πρεσϐυ-

1979 619 2257 684 duxerint,
2293 633 2412 686 qua:
2450 619 2590 670 hanc
2636 619 2767 672 solis
2811 617 2986 670 lucem
3040 617 3377 684 aspexerint,
3415 615 3555 686 duas

1979 711 2033 764 in
2067 720 2251 780 partes
2285 719 2597 780 segregatas
2635 708 2702 763 ad
2750 708 2992 762 tribunal
3036 707 3239 776 judicis
3285 685 3548 760 astitisse.

1978 801 2156 854 Audio
2185 817 2299 862 eos,
2325 801 2414 870 qui
2443 817 2471 852 a
2504 802 2698 854 dextra
2729 809 2879 863 sunt,
2913 815 3082 869 agnos
3106 799 3290 852 vocari
3319 817 3332 850 :
3361 796 3556 852 haedos

1978 893 2071 962 qui
2101 907 2129 944 a
2165 893 2409 946 sinistra.
2439 890 2571 944 Nam
2596 907 2660 945 ex
2695 907 2908 944 morum
2941 889 3308 946 similitudine
3332 897 3557 942 sumunt

1978 985 2416 1052 appellationem.
2451 985 2624 1038 Audio
2661 984 2771 1038 illic
2797 999 2892 1038 eos
2931 984 3360 1053 interrogantem
3408 980 3556 1048 judi-

1979 1091 2117 1134 cent,
2149 1083 2204 1128 et
2240 1076 2474 1130 rationes
2499 1076 2898 1129 conﬁcientem.
2956 1074 3138 1126 Audio
3171 1073 3302 1142 quid
3334 1072 3433 1140 ipsi
3468 1086 3556 1123 re-

1988 1167 2295 1236 spondeant
2322 1167 2473 1236 Ili-gi.
2508 1166 2748 1235 Denique
2787 1182 2884 1234 pro
2913 1167 3026 1219 suis
3049 1179 3316 1234 quemque
3351 1162 3556 1215 meritis

1980 1257 2234 1311 ornatum
2271 1273 2461 1310 cerno.
2499 1257 2610 1312 Illis
2637 1258 2728 1328 qui
2763 1259 2888 1311 boni
2953 1255 3276 1325 benignique
3331 1253 3554 1312 fuerint,

1982 1359 2145 1419 atque
2194 1350 2399 1418 optime
2449 1349 2614 1401 vitam
2663 1349 2892 1418 egerint,
2945 1360 3156 1401 summa
3209 1354 3261 1398 et
3297 1354 3554 1413 perpetua

1981 1443 2138 1510 quies
2176 1441 2439 1493 tribuitur
2470 1441 2523 1494 in
2562 1455 2727 1508 regno
2755 1439 2964 1494 cmlesti
2995 1457 3006 1491 :
3041 1436 3354 1490 inhumanis
3373 1444 3553 1487 autem

1981 1543 2032 1586 et
2069 1532 2336 1600 improbis
2367 1532 2510 1600 ignis
2541 1530 2892 1599 supplicium,
2939 1529 3100 1597 idque
3142 1528 3553 1596 sempiternum.

1985 1623 2112 1678 llaec
2145 1624 2331 1678 omnia
2360 1623 2433 1678 ibi
2463 1623 2771 1691 diligenter,
2807 1629 2866 1673 ut
2893 1621 3066 1679 scitis.
3110 1627 3238 1672 sunt
3269 1619 3555 1688 explicata.

1982 1712 2102 1768 Non
2135 1714 2238 1766 alia
2271 1721 2452 1767 autem
2492 1713 2559 1766 de
2586 1726 2750 1766 causa
2779 1708 3046 1778 judicium
3080 1707 3213 1761 illud
3261 1718 3367 1760 tam
3399 1720 3559 1759 accu-

1983 1815 2102 1859 rata
2138 1804 2388 1876 oratione
2445 1812 2706 1872 tanquam
2766 1800 3020 1870 penicillo
3076 1798 3344 1867 depictum
3399 1795 3558 1848 nobis

304 1895 476 1966 τέρων
505 1897 830 1966 γηροκόμος,
863 1899 1086 1967 ταμεῖον
1115 1897 1221 1950 τῶν
1247 1897 1538 1967 δεομὲιων,
1573 1897 1748 1959 κοινὸς
1773 1898 1880 1950 τῶν

1989 1903 2116 1950 ante
2148 1873 2341 1948 oculos
2387 1893 2623 1963 positmn
2656 1907 2778 1945 esse
2819 1889 3165 1945 crediderim.
3203 1887 3304 1940 nisi
3343 1895 3399 1938 ut
3438 1900 3560 1953 per-

307 1985 644 2055 ἀτυχούντων
672 1986 856 2058 λιμὴν,
911 1989 1114 2051 πάσαις
1157 1987 1393 2058 ἡλικίαις
1425 1990 1523 2042 καὶ
1577 1991 1880 2063 συμφοραῖς

305 2080 404 2149 τὴν
431 2081 522 2148 ἀφ’
549 2082 744 2151 ἑαυτῆς
775 2083 1069 2152 μερίζουσα
1105 2083 1381 2147 πρόνοιαν.

1984 1989 2266 2043 discamus
2307 1984 2756 2046 beneﬁcentiam,
2796 1989 2850 2036 et
2883 1980 3268 2048 benignitatem
3323 1977 3560 2046 comple-

1983 2088 2218 2132 ctamur.
2267 2075 2394 2130 Ilaec
2425 2076 2572 2130 enim
2620 2081 2702 2127 est
2749 2089 2870 2141 qme
2908 2071 3150 2123 centinet
3199 2070 3384 2120 vitam.
3433 2067 3558 2118 lla-c

303 2183 389 2229 est
409 2190 704 2244 pauperum
741 2192 930 2239 mater,
964 2177 1222 2245 magistra
1254 2176 1507 2240 divitum,
1531 2175 1670 2230 bona
1695 2175 2026 2246 pupillorum
2055 2174 2262 2238 nutrix,
2295 2171 2672 2225 conservatrix
2697 2183 2909 2225 senum,
2934 2166 3206 2233 egentium
3230 2176 3560 2232 penu,com-

305 2267 488 2321 munis
520 2268 842 2321 miserorum
879 2277 1092 2336 portus.
1141 2267 1382 2319 omnium
1412 2277 1631 2320 aetatum
1656 2281 1843 2320 curam
1877 2280 2093 2338 gerens.
2130 2263 2386 2317 omnibus
2419 2262 2680 2315 aerumnis
2708 2269 2761 2311 et
2791 2256 3197 2311 calamitatibus
3242 2253 3556 2305 consulens.

405 2360 477 2422 Ως
509 2359 617 2429 γὰρ
643 2359 690 2410 οἱ
721 2357 1048 2425 ἀγωνοθέται
1084 2358 1190 2425 τῆς
1211 2358 1584 2428 ματαιότητος,
1617 2359 1722 2411 ὑπὸ
1753 2357 1884 2412 σάλ·

305 2467 501 2518 πιγγος
529 2451 625 2519 τὴν
652 2450 856 2503 ἑαυτῶν
887 2449 1190 2518 φιλοτιμίαν
1219 2449 1590 2518 σημαίνοντες,
1613 2451 1746 2503 πᾶσι
1772 2452 1884 2513 τοῖς

305 2544 403 2612 τῆς
429 2541 764 2612 παλαίστρας
815 2541 914 2609 τὴν
944 2538 1038 2591 τοῦ
1071 2539 1298 2591 πλούτου
1331 2539 1590 2609 διανομὴν
1619 2541 1886 2608 ἐπαγγέλ-

304 2629 482 2683 λονται
511 2645 525 2658 ⁸
557 2628 728 2692 οὕτως
757 2631 790 2698 ἡ
819 2629 1053 2691 εὐποιία,
1082 2629 1322 2691 ἅπαντας
1345 2629 1482 2700 πρὸς
1511 2630 1708 2702 ἑαυτὴν
1729 2630 1886 2683 καλεῖ

303 2722 429 2783 τοὺς
460 2721 516 2771 ἐν
541 2719 844 2782 δυσκολίαις
877 2720 970 2771 καὶ
999 2720 1382 2789 περιστάσεσιν
1403 2761 1418 2784 ,
1463 2720 1522 2771 οὑ
1552 2719 1772 2789 πληγῶν
1804 2737 1885 2772 τι-

308 2812 412 2880 μὰς
445 2813 553 2872 τοῖς
589 2810 921 2879 προσιοῦσιν.
953 2810 1086 2862 ἀλλὰ
1115 2810 1406 2880 συμφορῶν
1449 2813 1742 2880 θεραπείας
1790 2830 1885 2882 με-

308 2901 550 2970 ρίζουσα.
582 2898 734 2951 Ἐστι
761 2898 817 2951 δὲ
841 2898 1000 2969 αὕτη,
1023 2900 1202 2968 πάσης
1224 2900 1614 2968 ἐπαινουμένης
1639 2899 1884 2970 πράξεως

307 2990 632 3060 ὑψηλοτέρα.
682 2989 816 3042 Θεοῦ
871 2990 1166 3060 πάρεδρος,
1217 2990 1311 3042 τοῦ
1355 2989 1557 3058 ἁγαθοῦ
1589 2991 1749 3059 φίλη,
1793 2993 1887 3045 καὶ

308 3081 507 3152 πολλὴν
538 3082 672 3152 πρὸς
699 3082 859 3133 αὑτὸν
900 3082 998 3152 τὴν
1029 3083 1299 3134 οἱκείωσιν
1331 3082 1546 3151 ἔχουσα.
1599 3081 1752 3134 Οὕτω
1802 3098 1884 3134 τοι

2062 2354 2528 2423 Quemadmodum
2553 2353 2696 2406 enim
2727 2351 2823 2411 illi,
2853 2350 2946 2417 qui
2984 2349 3035 2401 in
3093 2346 3348 2399 vanitatis
3388 2356 3561 2397 certa-

1990 2448 2232 2503 minibus
2293 2446 2512 2515 praemia
2570 2450 2922 2512 proponunt,
2995 2438 3121 2491 tuba
3184 2437 3559 2491 liberalitatem

1991 2556 2148 2594 suam
2175 2538 2567 2610 signiﬁcantes.
2601 2535 2858 2588 omnibus
2889 2533 2941 2584 in
2979 2531 3228 2600 palarstra
3272 2529 3562 2582 decertan-

1990 2632 2138 2685 tibus
2173 2630 2418 2700 pecunia:
2447 2627 2786 2696 largitionem
2813 2624 3136 2693 pollicentur
3164 2629 3327 2688 atque
3353 2619 3562 2671 denun-

1988 2725 2166 2776 tiant:
2216 2723 2298 2775 sic
2338 2722 2454 2789 ipsa
2503 2715 2859 2771 benelicentia
2903 2728 3092 2766 (lllllleS
3141 2713 3194 2764 in
3249 2711 3484 2765 miseriis
3509 2719 3562 2764 et

1991 2813 2397 2868 calamitatibus
2428 2811 2634 2880 positos
2675 2808 2739 2860 ad
2776 2822 2836 2860 se
2884 2813 3062 2863 vocat.
3113 2819 3218 2856 non
3275 2803 3559 2856 vulnerum

1989 2916 2042 2960 et
2080 2907 2357 2975 plagarum
2387 2904 2628 2972 pra-mia,
2661 2899 2755 2953 sed
2777 2911 3144 2952 aarumnarum
3175 2903 3229 2948 et
3264 2896 3570 2947 inminuto--

1988 2999 2181 3050 dor-nn
2213 2994 2453 3048 remedia
2485 3001 2540 3047 et
2569 2992 2905 3047 curationem
2939 2988 3325 3042 accedentibus
3362 2989 3562 3052 imper-

1989 3088 2151 3140 tiens.
2189 3085 2312 3139 lIa’c
2344 3093 2427 3137 est
2457 3083 2700 3136 omnium
2733 3081 3071 3135 laudatarum
3107 3079 3382 3131 actionum
3425 3093 3562 3145 pt:e~

308 3172 421 3243 προ
450 3173 665 3226 πάντων
693 3173 788 3235 τὰς
813 3173 1022 3240 ἀγαθὰς
1061 3174 1156 3224 καὶ
1191 3172 1601 3244 φιλανθρώπους
1635 3172 1879 3244 πράξεις,

1986 3178 2342 3231 stantissima.
2381 3175 2502 3229 Ilaec
2537 3175 2743 3229 assidet
2777 3173 2906 3234 Deo,
2961 3179 3014 3225 et
3057 3185 3248 3237 magna
3304 3177 3388 3223 est
3434 3183 3559 3220 cum

307 3265 472 3327 αὐτὸς
498 3267 526 3317 ὁ
553 3265 684 3326 Θεὸς
721 3267 852 3334 ἡμῖν
878 3263 1192 3335 αὐτουργῶν
1222 3265 1575 3332 ἀναφαίνεται
1602 3281 1617 3295 ο
1655 3264 1752 3334 τὴν
1775 3263 1883 3334 γὰρ

308 3356 484 3408 κτίσιν
530 3356 628 3425 τῆς
677 3357 798 3426 γῆς,
846 3357 940 3409 καὶ
965 3357 1065 3426 τὴν
1094 3355 1187 3408 τοῦ
1237 3356 1465 3426 οὐρανοῦ
1503 3356 1880 3425 διακόσμησιν,

309 3450 404 3501 καὶ
451 3447 548 3518 τὴν
599 3447 861 3503 εὔτακτον
907 3449 1204 3518 ἐναλλαγὴν
1237 3447 1344 3500 τῶν
1380 3449 1555 3518 ὡρῶν.
1595 3448 1687 3500 καὶ
1732 3449 1882 3518 ἡλίου

311 3537 617 3609 θερμότητα
643 3579 656 3603 ,
715 3542 808 3592 καὶ
841 3539 1172 3610 κρυστάλλου
1206 3539 1418 3605 γένεσιν
1451 3539 1744 3608 ψύχουσαν,
1789 3538 1884 3590 καὶ

313 3632 487 3685 πάντα
531 3631 595 3684 τὰ
650 3632 770 3684 καθ’
804 3633 1051 3695 ἕκαστον,
1101 3633 1202 3684 οὐκ
1248 3633 1409 3690 aiat-‘2:
1453 3631 1629 3700 ἐαυτῷ
1682 3633 1710 3683 ό
1754 3629 1884 3694 Θεὸς

315 3720 637 3792 (ἀπροσδεὴς
657 3720 763 3791 γάρ
785 3719 892 3774 τῶν
907 3720 1159 3776 τοιούτων
1178 3723 1426 3785 ἐκεῖνος),
1445 3721 1555 3772 ἀλλ’
1579 3721 1885 3791 ὑπὲρὴμῶν

311 3811 574 3882 διηνεκῶς
607 3813 818 3881 ἐνεργεῖ
837 3827 850 3839 °
888 3812 1132 3882 γεωργὸς
1161 3813 1386 3882 ἀόρατος
1414 3813 1512 3882 τῆς
1543 3813 1650 3865 τῶν
1676 3813 1884 3884 ἀνθρὼ-

314 3921 431 3956 πων
452 3903 678 3978 τροφῆς,
713 3887 946 3974 σπορεὺς
970 3903 1220 3974 εὔκαιρος
1258 3906 1351 3956 καὶ
1379 3905 1636 3974 ὀχετηγὸς
1663 3907 1887 3974 ἐπιστή-

317 4012 452 4064 μων.
471 3988 638 4058 Οὗτος
665 3997 792 4065 γάρ,
813 3995 952 4048 κατά
981 3997 1069 4048 τὸν
1098 3997 1345 4059 Ἡσαΐαν,
1373 3997 1552 4049 δίδωσι
1572 3998 1788 4067 σπέρμα
1811 3998 1887 4066 τῷ

317 4088 625 4156 σπείροντι,
681 4090 774 4140 καὶ
818 4089 879 4140 τὸ
911 4087 1051 4158 ὕδωρ
1082 4090 1144 4141 ὲκ
1190 4088 1446 4156 νεφελῶν,
1492 4088 1586 4140 νῦν
1621 4091 1718 4159 μὲν
1755 4093 1885 4160 ἡρε-

318 4178 472 4245 μαῖον
522 4176 827 4248 ἐπιρραίνει
865 4179 930 4246 τῇ
967 4180 1035 4246 γῇ
1059 4216 1073 4238 ,
1128 4177 1290 4229 πάλιν
1321 4177 1377 4229 δὲ
1426 4177 1624 4247 λάϐρον
1666 4181 1888 4247 καταχεῖ

313 4267 421 4318 τῶν
449 4265 722 4320 αὐλάκων.
754 4267 920 4319 Ὂταν
946 4267 1001 4320 δὲ
1034 4265 1238 4337 αὐξηθῇ
1270 4267 1340 4319 τὰ
1368 4267 1491 4336 λήῖα
1523 4268 1616 4320 καὶ
1645 4269 1888 4339 παρέλθῃ

314 4358 375 4408 τὸ
405 4358 778 4426 χλοαινόμενον
797 4397 813 4421 ,
864 4358 962 4421 τὰς
1012 4359 1235 4426 νεφέλας
1270 4358 1652 4422 ἁποσκεδάζων
1678 4360 1772 4411 τοῦ
1800 4360 1889 4412 οὑ-

317 4448 482 4517 ρανοῦ
531 4449 761 4512 παντὸς,
813 4449 932 4502 τότε
978 4450 1433 4520 προκαλύμματος
1472 4449 1676 4519 γυμνὸν
1709 4450 1888 4513 αὐτοῖς

1987 3277 2105 3339 ipso
2165 3269 2568 3323 necessitudine
2633 3268 2945 3327 conjuncta.
3004 3264 3095 3316 Sic
3155 3270 3335 3316 autem
3390 3261 3560 3314 Deum

1987 3362 2163 3429 ipsum
2197 3362 2354 3414 nobis
2383 3360 2648 3423 omnium,
2687 3373 2806 3427 quae
2853 3366 2999 3411 recte
3054 3356 3388 3424 benigneque
3423 3354 3560 3408 faci-

1987 3469 2128 3512 mus,
2151 3452 2417 3520 imprimis
2443 3461 2721 3504 auctorem
2745 3451 3164 3516 ell‘eetoremque
3183 3461 3304 3502 esse
3325 3453 3559 3500 constat.

1985 3541 2264 3610 Siquidem
2292 3551 2346 3596 et
2380 3551 2578 3596 terrain
2612 3542 2918 3609 procreavit
2949 3550 3002 3593 et
3039 3547 3292 3592 ornatum
3321 3539 3444 3592 cwli
3477 3537 3564 3591 fa—

1987 3635 2232 3688 bricatus
2255 3643 2360 3697 est,
2393 3645 2446 3689 et
2471 3643 2776 3703 temporum
2804 3634 3213 3688 vicissitudines
3251 3632 3466 3695 statuit,
3508 3639 3563 3684 et

1986 3726 2118 3778 solis
2168 3727 2404 3780 calorem
2455 3733 2509 3780 et
2557 3726 2750 3795 glacici
2805 3726 3220 3794 refrigerantem
3275 3733 3555 3784 naturam,

1987 3816 2167 3869 omnia
2199 3817 2432 3886 denique
2473 3816 2615 3870 Deus
2672 3817 2810 3885 ipse,
2857 3831 2962 3868 non
3001 3815 3127 3874 sibi.
3185 3830 3309 3866 cum
3356 3812 3564 3866 nullius

1989 3908 2185 3961 borum
2219 3907 2477 3978 indigeat,
2511 3908 2606 3962 sed
2665 3908 2823 3960 nobis
2875 3907 3219 3960 continenter
3258 3911 3478 3973 prazstat
3513 3914 3564 3956 et

1987 4005 2309 4052 conservat:
2337 4013 2458 4051 nam
2485 3998 2717 4051 mirabili
2740 3999 2974 4066 quadam
3003 3997 3213 4049 ratione
3245 3995 3560 4047 mortalium

1990 4091 2159 4142 aciem
2188 4088 2481 4158 eﬂ'ugiente
2515 4089 2718 4158 praebet
2766 4089 3080 4142 hominibus
3133 4087 3413 4147 alimenta,
3475 4099 3564 4138 se-

1989 4182 2205 4235 minans
2235 4193 2564 4250 opportune,
2596 4191 2650 4234 et
2684 4182 2920 4236 scienter
2949 4181 3207 4250 irrigans.
3239 4176 3355 4247 Ipse
3386 4176 3561 4239 enim,

1995 4282 2053 4323 ut
2088 4273 2281 4325 scribit
2322 4273 2490 4327 Isaias
2515 4272 2556 4335 ⁸,
2589 4273 2682 4326 dat
2711 4288 2896 4328 semen
2945 4274 3170 4331 serenti,
3202 4278 3255 4324 et
3293 4285 3358 4323 ex
3406 4268 3566 4321 nubi-

1992 4363 2092 4416 bus
2126 4379 2272 4417 nunc
2303 4365 2502 4417 sensim
2543 4365 2767 4418 imbrem
2801 4364 3002 4419 emittit
3043 4364 3099 4416 in
3139 4370 3364 4424 terram,
3403 4374 3554 4413 nunc

1992 4463 2172 4506 autem
2205 4455 2483 4508 sulcorum
2520 4455 2688 4508 latera
2740 4463 2794 4510 et
2819 4463 2970 4509 toros
3013 4453 3230 4508 abunde
3265 4448 3562 4522 perfundit.

317 4540 571 4609 ἐφίστησι
591 4537 684 4592 τὸν
716 4539 884 4608 ἦλιον,
916 4539 1122 4610 θερμὴν
1151 4542 1244 4593 καὶ
1285 4541 1528 4611 ἔμπυρον
1560 4541 1883 4594 διατείνοντα

1991 4547 2057 4597 At
2089 4546 2181 4600 ubi
2225 4554 2436 4616 segetes
2483 4546 2779 4609 creverint,
2834 4555 2888 4602 et
2941 4546 3191 4600 viriditas
3242 4545 3564 4600 accesserit.

315 4629 417 4698 τὴν
445 4628 662 4690 ἀκτῖνα,
698 4627 786 4680 ἵνα
817 4627 1006 4698 ὡραῖοι
1034 4628 1295 4695 γένωνται
1319 4627 1452 4699 πρὸς
1477 4627 1649 4696 τομὴν
1682 4627 1730 4678 οἱ
1762 4627 1888 4680 στά-

318 4736 468 4789 χυες.

1981 4649 2109 4693 tunc
2139 4640 2388 4708 disjectis
2439 4641 2838 4711 dissipatisque
2890 4641 3152 4704 nubibus,
3195 4639 3265 4693 ab
3304 4636 3567 4691 omnibus

1984 4729 2375 4800 integumentis
2411 4732 2616 4785 nudum
2665 4743 2719 4786 et
2751 4743 2996 4801 apertum
3048 4731 3182 4800 ipsis
3227 4734 3466 4783 ostentat
3514 4731 3565 4778 et

321 4815 567 4868 immittit
603 4815 796 4876 solem,
831 4821 888 4866 ut
919 4813 1116 4867 calidis
1165 4821 1327 4882 atque
1397 4815 1718 4871 ardentibus
1781 4815 1952 4886 ipsius
1992 4824 2164 4882 radiis
2227 4827 2508 4896 tepefacta
2551 4828 2868 4896 perveniant
2923 4826 2988 4879 ad
3067 4826 3460 4879 maturitatem.
3515 4829 3568 4873 et

320 4919 654 4980 opportunas
684 4909 749 4962 ad
784 4907 1093 4963 metendum
1123 4910 1302 4975 spicas
1329 4908 1646 4962 exhibeant.

391 5003 590 5072 Τρέφει
622 5003 716 5054 καὶ
732 5001 995 5078 ἄμπελον,
1026 5002 1143 5062 ταῖς
1167 4998 1335 5070 ὥραις
1361 5000 1437 5069 τῷ
1462 5001 1681 5069 διψῶντι
1709 4999 1770 5054 τὸ
1791 5019 1886 5054 πο-

317 5094 409 5146 τὸν
437 5093 802 5160 εὐτρεπίζωνο
844 5092 938 5144 καὶ
983 5089 1182 5158 ἀγέλας
1221 5093 1354 5160 ἡμῖν
1392 5091 1580 5160 τρέφει
1619 5091 1888 5161 διαφόρων

321 5186 513 5254 γενῶν,
537 5187 622 5238 ἵνα
656 5187 876 5257 ὑπάρχῃ
892 5186 1002 5246 τοῖς
1030 5180 1332 5253 ἀνθρώποις
1362 5181 1588 5251 ἄφθονον
1620 5184 1768 5253 ὄψον,
1792 5184 1889 5237 καὶ

321 5278 430 5330 τῶν
450 5278 546 5348 μὲν
574 5279 628 5331 αἱ
655 5278 828 5348 δοραὶ,
848 5276 989 5348 ἔριον
1017 5274 1376 5346 γεωργοῦσαι,
1402 5273 1500 5344 τὴν
1523 5275 1728 5345 σκέπην
1752 5293 1887 5346 παρ·

315 5370 507 5450 έχωσι,
559 5370 666 5421 τῶν
711 5369 788 5433 δὲ,
831 5368 900 5421 τὰ
929 5368 1252 5437 ὑποδήματα
1289 5367 1418 5435 ἡμῖν
1453 5366 1886 5436 ἀπεργάζωνται.

336 5461 497 5532 Ὀρᾷς
525 5463 606 5514 ὅτι
647 5461 859 5532 πρῶτος
902 5458 1135 5530 ἐραστὴς
1184 5458 1430 5519 εὐποιίας
1472 5457 1499 5508 ὁ
1541 5458 1673 5520 Θεὸς
1698 5499 1712 5521 ,
1750 5458 1891 5510 οὕτω

324 5554 542 5623 «τρέφων
583 5553 672 5604 τὸν
712 5553 999 5619 πεινῶντα,
1035 5555 1128 5606 καὶ
1155 5551 1386 5616 ποτίζων
1413 5551 1770 5620 τὸνδιψῶντα,
1801 5551 1894 5604 καὶ

325 5645 624 5714 ἀμφιεννὶις
653 5645 743 5697 τὸν
775 5645 997 5716 γυμνὸν,
1028 5646 1103 5708 ὼς
1133 5644 1470 5718 προείρηται.

398 5840 416 5870 ⁸
449 5841 553 5896 lsa.
591 5856 676 5903 ιν,
716 5841 796 5897 IO.

2064 4999 2248 5066 Quid?
2272 5003 2417 5072 quod
2439 5005 2603 5056 vitem
2635 5004 2797 5056 etiam
2825 5003 3048 5067 enutrit,
3078 5011 3241 5071 atque
3271 5004 3342 5056 ita
3368 5003 3564 5058 idoneo

1996 5099 2238 5161 tempore
2265 5093 2577 5148 sitientibus
2613 5105 2795 5162 potum
2831 5095 3038 5146 tribuit.
3077 5093 3262 5158 Quid?
3298 5095 3441 5162 quod
3472 5111 3562 5145 va-

1996 5182 2076 5235 ria
2113 5182 2239 5236 item
2279 5184 2377 5237 alit
2422 5185 2740 5237 animalium
2779 5200 3000 5251 genera,
3043 5193 3100 5236 ut
3149 5185 3459 5239 hominibus
3509 5193 3562 5239 et

1996 5287 2189 5328 carnes
2224 5274 2289 5328 ad
2332 5276 2679 5336 vescendum,
2709 5283 2762 5328 et
2805 5275 2989 5344 pelles.
3026 5291 3146 5344 quze
3199 5276 3375 5328 lanam
3430 5291 3560 5344 sup-

1997 5363 2240 5432 peditant
2266 5365 2331 5419 ad
2358 5365 2770 5434 protegendum,
2790 5373 2842 5418 et
2874 5367 2937 5418 ad
2969 5375 3150 5419 vestes
3173 5365 3559 5427 conﬁciendas,

1995 5463 2049 5509 et
2095 5457 2161 5510 ad
2199 5457 2544 5512 consuendos
2579 5457 2792 5511 calceos
2842 5458 3133 5526 praebeant.
3187 5458 3380 5512 Cernis
3425 5475 3561 5527 quo.

1993 5546 2152 5600 modo
2178 5547 2388 5616 primus
2426 5548 2791 5602 beneﬁcentia:
2821 5557 3009 5602 auctor
3041 5558 3095 5603 et
3118 5550 3271 5619 origo
3302 5550 3372 5604 sit
3397 5547 3559 5606 Deus.

1993 5639 2322 5693 esurientem
2373 5638 2660 5702 nutriens,
2716 5640 2922 5694 sitienti
2980 5640 3217 5710 largiens
3257 5649 3464 5710 potum,
3505 5649 3561 5692 ct

2005 5731 2210 5786 nudum
2241 5733 2515 5803 operiens,
2551 5744 2607 5786 ut
2636 5742 2758 5788 ante
2787 5734 3042 5788 diximus.
