4124 6352
532 363 639 417 ωδ

1756 358 1812 415 s.
1849 359 2173 419 uescenti
2213 362 2504 429 mssast

3678 360 3778 416 4θὶ

605 482 663 535 Si
700 481 777 537 vis
811 493 987 537 autem
1024 481 1348 552 intelligere,
1404 482 1678 553 quomodo
1707 482 1899 537 morbo
1943 483 2098 539 labo-
2129 524 2136 543 ι

2270 492 2332 547 Εἰ
2354 490 2409 544 δὲ
2431 490 2605 554 θέλεις
2630 489 2878 545 ἀκοῦσαι,
2908 487 3022 550 πῶς
3049 490 3143 540 καὶ
3166 484 3459 558 θεραπεύει
3488 483 3580 537 τὸν
3616 499 3785 535 κεκαη

534 583 743 639 rantes,
768 575 908 629 male
952 575 1195 637 affectos.
1251 585 1414 649 atque
1465 578 1695 632 afflictos
1740 590 1917 642 cures,
1954 576 2104 631 audi.

535 667 672 732 Quis
701 682 857 737 apem
890 667 1077 722 docuit
1112 684 1266 724 ceras
1298 677 1353 723 et
1383 670 1542 729 mella
1572 668 1885 723 coniicere?
1912 668 2048 733 Quis
2077 681 2109 722 ο

536 760 689 831 pinu,
719 764 845 827 quis
889 775 920 815 e
962 762 1290 828 terebintho,
1347 763 1473 832 quis
1507 779 1537 817 e
1577 762 1872 817 mastiches
1914 761 2110 815 arbore

537 850 768 921 pingues
797 850 920 906 illos
966 852 1160 907 resinae
1206 867 1405 908 succos
1437 852 1715 908 destillare
1763 852 1932 907 fecit?
1973 850 2110 916 Quis

537 940 796 995 Indorum
827 942 1104 1012 regionem
1150 944 1435 999 constituit
1484 945 1756 998 siccorum
1810 953 1971 1012 atque
2001 942 2111 996 fra-

538 1033 815 1102 grantium
845 1034 1147 1099 fructuum,
1184 1045 1238 1089 et
1270 1038 1500 1091 odorum
1541 1038 1788 1091 suavium
1834 1038 2112 1092 matrem?

538 1121 673 1189 Quis
698 1124 871 1178 oleam
902 1127 1152 1195 corporis
1179 1126 1460 1182 laboribus
1498 1137 1552 1181 et
1602 1128 1888 1182 doloribus
1922 1129 2109 1196 opitu-

538 1212 741 1269 lantem
775 1216 1287 1283 procreavit?Quis
1330 1218 1489 1272 nobis
1525 1219 1769 1273 radicum
1819 1226 1874 1273 et
1922 1218 2116 1271 berba~

539 1316 662 1356 rum
702 1303 975 1367 notitiam,
1007 1307 1132 1374 quis
1166 1306 1492 1374 qualitatum
1539 1314 1592 1359 et
1632 1305 1853 1371 virium,
1903 1319 2024 1373 qum
2059 1306 2114 1363 in

542 1393 681 1461 ipsis
711 1402 859 1460 sunt,
902 1396 1152 1466 peritiam
1191 1397 1427 1450 tribuit?
1454 1396 1588 1462 Quis
1621 1395 1951 1450 eﬂ‘ectrirem
1979 1411 2116 1449 con-

541 1488 1009 1556 servatricemque
1036 1490 1287 1543 sanitatis
1336 1490 1657 1545 medicinam
1704 1489 1948 1558 reperit?
1981 1489 2119 1554 Quis

543 1581 844 1637 calidarum
874 1597 1138 1651 aquarum
1170 1583 1346 1638 fontes
1374 1583 1565 1639 eduxit
1589 1591 1805 1645 eterra,
1836 1591 1896 1636 ut
1925 1597 2116 1637 earum

543 1671 597 1725 vi
650 1680 763 1726 tum
813 1672 1026 1744 frigidis
1059 1683 1114 1729 et
1168 1674 1442 1739 humidis,
1476 1683 1592 1728 tum
1629 1673 1797 1727 aridis
1828 1680 1883 1728 et
1907 1671 2119 1728 adustis

2206 585 2475 655 κωμὲνον,
2512 582 2748 653 μάνθανε
2771 598 2785 612 ⁸
2836 581 2931 644 Τίς
2973 579 3177 645 ἐδίδαξε
3199 578 3297 648 τὴν
3333 577 3593 649 μέλισσαν
3621 572 3788 645 ἐργά-

2209 676 2396 743 ζεσθαι
2426 678 2520 730 τὸν
2548 675 2736 748 κηρὸν,
2780 675 2874 728 καὶ
2910 674 3005 725 σὺν
3033 671 3223 741 ἐκείνῳ
3253 669 3314 723 τὸ
3339 668 3499 740 μέλις
3546 666 3644 730 Τίς
3683 665 3785 737 τὴν

2209 770 2368 823 πίτυν
2400 770 2493 823 καὶ
2518 768 2848 840 τερέϐινθον,
2901 766 2995 820 καὶ
3026 766 3122 835 τῆς
3165 763 3431 834 μαστίχης
3453 761 3516 814 τὸ
3547 760 3783 829 δένδρον,

2210 866 2301 919 τὸν
2337 864 2566 933 λιπαρὸν
2598 863 2802 916 ἐκεῖνον
2830 859 3002 930 χυμὸν
3039 857 3364 921 ἀποστάζειν
3393 854 3682 926 ἐποίησεν;
3716 850 3786 904 Ἦ

2210 958 2293 1020 τίς
2338 957 2436 1028 τὴν
2481 955 2656 1009 Ἰνδῶν
2685 955 2867 1026 χώραν
2899 950 3297 1022 ἐδημιούργησε
3343 946 3527 1018 ξηρῶν
3559 943 3789 1017 καρπῶν

2213 1048 2306 1101 καὶ
2330 1045 2544 1100 εὐωδῶν
2570 1046 2778 1117 μητέρα
2802 1061 2816 1108 ;
2844 1044 2941 1106 Τίς
2959 1042 3056 1113 τὴν
3086 1041 3271 1094 ἐλαίαν
3298 1037 3668 1108 ἕφυσε,πόνων
3690 1052 3789 1087 σω-

2218 1140 2460 1212 ματικῶν
2510 1140 2602 1193 καὶ
2653 1138 2957 1209 ἀλγηδόνων
3025 1134 3354 1203 ὲπίκουρον;
3431 1129 3527 1192 Τίς
3588 1128 3791 1181 ἔδωκεν

2214 1238 2366 1305 ἡμῖν,
2405 1232 2569 1307 ῥιζῶν
2613 1233 2708 1284 καὶ
2739 1228 2973 1301 βοτανῶν
3007 1227 3316 1294 διάγνωσιν,
3347 1222 3441 1275 καὶ
3470 1218 3579 1274 τῶν
3607 1220 3665 1271 ὲν
3691 1219 3791 1270 αὑ-

2215 1329 2335 1390 ταῖς
2368 1325 2665 1396 ποιοτήτων
2715 1321 2991 1393 μάθησιν;
3051 1319 3147 1381 Τίς
3201 1316 3298 1386 τὴν
3349 1311 3637 1384 ποιητικὴν
3696 1310 3794 1379 τῆς

2218 1418 2406 1487 ὑγείας
2438 1415 2685 1487 ἰατρικὴν
2708 1414 3072 1483 συνεστήσατο
3093 1427 3108 1474 ;
3144 1408 3240 1471 Τίς
3261 1406 3462 1476 ἀνῆκεν
3488 1407 3552 1457 ἐκ
3569 1403 3667 1473 τῆς
3688 1400 3793 1470 γῆς

2219 1510 2437 1581 θερμῶν
2465 1510 2670 1563 ὑδάτων
2701 1509 2902 1578 πηγὰς,
2932 1507 3028 1567 τὰς
3062 1504 3161 1574 μὲν
3182 1502 3243 1554 τὸ
3267 1498 3473 1570 ψυχρὸν
3494 1496 3589 1550 καὶ
3627 1495 3795 1565 ὑγρὸν

2219 1598 2376 1669 ἡμῶν
2424 1596 2693 1667 ίωμέναςο
2740 1597 2838 1657 τὰς
2891 1593 2946 1646 δὲ
2995 1592 3057 1644 τὸ
3104 1591 3267 1661 ξηρὸν
3302 1589 3337 1658 ἣ
3372 1585 3796 1655 πεπυκνωμένον

2221 1689 2492 1755 λυούσαςς
2539 1688 2650 1742 Kal.
2682 1686 2956 1756 προσῆκεν
2988 1684 3257 1753 εὐκαίρως
3283 1681 3457 1734 εἰπεῖν
3493 1676 3672 1731 καὶτὸ
3696 1673 3793 1728 τοῦ

546 1760 931 1819 affectionibus
960 1773 1015 1820 et
1042 1766 1250 1820 morbis
1279 1765 1844 1822 medeamur?Merito
1874 1763 2038 1834 igitur
2065 1771 2120 1821 et

548 1865 849 1881 nn...u.a..-.-
906 1865 1147 1881 _-a--.-_..
1193 1861 1347 1881 ..Α-ι»-
1394 1859 1604 1881 n__._--|_
1658 1873 1923 1881 ---.......ι.....ι
1952 1875 1963 1881 -
2025 1856 2119 1881 [13Δ

2233 1783 2436 1855 Βαροὺχ
2467 1801 2480 1812 ·
2546 1778 2735 1848 Οὗτος
2764 1779 2970 1847 ἐξεῦρε
3001 1776 3208 1831 πᾶσαν
3244 1772 3390 1828 ὁδὸν
3434 1769 3795 1881 ὲπιστήμηςί

545 1865 851 1925 opportune
906 1865 1150 1928 poteram
1193 1861 1353 1915 verba
1394 1859 1608 1914 Baruch
1658 1873 1963 1927 usurpare:
2020 1856 2119 1911 Hic

549 1947 813 2003 adinvenit
843 1965 1048 2004 onmem
1074 1951 1209 2005 viam
1246 1950 1564 2018 disciplinw,
1597 1958 1646 2009 et
1694 1948 1923 2003 tradidit
1967 1949 2122 2003 illam

545 2037 711 2090 Iacob
750 2055 910 2105 puero
940 2058 1057 2103 suo,
1083 2052 1133 2096 et
1160 2041 1332 2096 Israel
1361 2042 1552 2096 dilecto
1574 2058 1668 2095 suo
1690 2041 1732 2095 ⁸.

626 2131 728 2184 Per
778 2131 923 2184 hunc
960 2139 1106 2186 artes
1145 2147 1366 2195 omnes,
1416 2147 1538 2201 quae
1581 2132 1665 2191 vel
1707 2132 1829 2199 igne
1880 2130 1963 2184 vel
2003 2129 2125 2185 sine

550 2223 695 2293 igne,
727 2224 807 2278 vel
859 2225 913 2277 in
954 2225 1112 2294 aquis
1159 2234 1514 2288 exercentur,
1549 2224 1784 2281 inventae
1809 2240 1823 2286 ;
1848 2238 1944 2292 per
1973 2222 2121 2276 hunc

550 2318 796 2369 scientia:
836 2315 1267 2370 innumerabiles
1288 2315 1628 2385 eicogitatm,
1656 2324 1714 2368 ut
1741 2314 1876 2369 nibil
1900 2313 2125 2368 omnino

548 2408 691 2461 desit
717 2405 1053 2461 hominibus.
1088 2406 1231 2476 quod
1266 2406 1333 2459 ad
1366 2406 1735 2477 transigendm
1774 2407 1899 2461 vita:
1937 2420 2128 2460 neces~

552 2498 770 2552 sitatrm
799 2505 852 2552 et
885 2499 1333 2554 commoditatem
1383 2499 1671 2568 pertineat.
1710 2499 1788 2552 Ac
1829 2497 1975 2554 Deus
2005 2499 2130 2564 qui~

550 2589 673 2643 dem
713 2593 816 2643 hoc
841 2591 1009 2645 modo
1059 2590 1433 2645 beneficentiae
1471 2596 1526 2644 et
1560 2590 1904 2647 liberalitatis
1934 2590 2126 2644 iuven-

555 2691 643 2735 tor
685 2689 740 2735 et
770 2680 893 2735 fons
921 2680 1105 2736 omnia
1134 2696 1254 2749 qum
1291 2682 1450 2733 nobis
1486 2679 1798 2733 necessaria
1862 2686 1991 2732 sunt
2047 2678 2131 2732 di-

498 2762 511 2783 “
552 2770 807 2825 tissimus
839 2770 962 2837 ipse
991 2769 1224 2839 benigne
1258 2768 1663 2823 sulnninistrat.

624 2858 734 2914 Nos
762 2867 971 2925 autem,
1001 2859 1093 2928 qui
1125 2860 1358 2929 singulis
1381 2858 1580 2913 divinae
1619 2858 1917 2927 Scriptura:
1947 2857 2131 2910 verbis

554 2953 625 3010 ad
658 2954 944 3007 hominum
974 2960 1029 3006 et
1061 2949 1467 3020 prdereatorem
1504 2961 1757 3005 nostrum
1802 2951 2131 3008 imitandum

558 3049 875 3117 (quatenus
910 3046 1159 3099 mortalis
1185 3045 1402 3099 beatum
1436 3052 1491 3097 et
1518 3044 1884 3098 immortalem
1926 3042 2131 3095 imitari

559 3143 781 3209 potest)
812 3138 1174 3202 inStituimur,
1207 3137 1273 3193 ad
1321 3135 1613 3190 utilitatem
1665 3144 1913 3190 nostram
1950 3134 2132 3187 omnia

561 3232 830 3301 rapimus,
863 3229 1048 3283 omnia
1089 3229 1461 3297 voluptatibus
1495 3228 1702 3281 nostris
1752 3227 2032 3291 metimur,
2081 3235 2137 3279 et

563 3324 669 3377 alia
714 3322 934 3392 quidem
964 3323 1087 3376 vitae
1129 3331 1330 3375 nostra:
1382 3322 1599 3375 deliciis
1652 3322 1976 3390 elargimur,
2030 3320 2138 3375 alia

562 3416 915 3473 recondimus
965 3415 1240 3469 hatredum
1291 3414 1557 3469 aviditati.
1610 3414 1936 3469 Miserarum
2009 3429 2140 3467 vero

567 3509 718 3565 nulla
742 3508 975 3561 habetur
1011 3508 1173 3569 ratio,
1215 3507 1364 3560 nulla
1397 3521 1693 3575 pauperum
1738 3506 1933 3559 idonea
1981 3520 2137 3568 cura,

568 3601 718 3655 milia
745 3599 1077 3656 sollicitudo.
1105 3599 1149 3652 0
1181 3597 1429 3652 crudeles
1463 3600 1677 3652 animos
1706 3599 1718 3651 !
1746 3598 1789 3652 Ο
1824 3606 2036 3653 mentes
2067 3599 2139 3650 ab

567 3690 718 3746 omni
741 3690 1118 3753 misericordia
1149 3689 1392 3745 alienas!

644 3777 817 3833 llomo
852 3778 1130 3833 hominem
1152 3777 1298 3832 videt
1329 3787 1577 3847 egentem
1603 3793 1764 3847 pane,
1793 3793 1899 3831 non
1937 3778 2144 3833 baben-

571 3876 679 3926 tem
727 3871 985 3926 alimenta
1032 3869 1157 3924 vita;
1194 3870 1546 3930 necessaria,
1599 3885 1775 3939 neque
1818 3881 2001 3925 tamen
2059 3871 2142 3924 illi

571 3969 826 4030 prompto
853 3959 1135 4027 alaerique
1158 3960 1340 4013 animo
1363 3960 1636 4023 subvenit,
1660 3970 1715 4015 et
1742 3961 1972 4018 salutem
2007 3978 2146 4031 prse-

574 4049 694 4116 bet;
724 4050 816 4105 sed
838 4050 989 4104 illiilli
1009 4048 1262 4118 despicit,
1280 4057 1333 4103 et
1351 4059 1609 4120 tanquam
1623 4053 1887 4108 virentem
1905 4054 2145 4123 plantam

575 4156 839 4212 aquarum
881 4143 1106 4212 penuria
1138 4142 1268 4197 sinit
1316 4158 1607 4197 arescere:
1664 4146 1967 4213 praesertim
2017 4161 2147 4201 cum

574 4234 829 4289 maximis
857 4234 1087 4288 inundet
1113 4234 1253 4304 ipse,
1280 4244 1444 4305 atque
1475 4234 1825 4290 circumfluat
1858 4236 2055 4306 copiis,
2087 4244 2149 4291 ut

575 4342 642 4382 ex
670 4342 767 4383 sua
793 4324 1125 4379 abundantia
1147 4325 1305 4380 facile
1329 4327 1623 4381 multorum
1655 4327 1894 4398 inopiam
1924 4328 2149 4383 reficere

576 4426 631 4473 et
684 4433 932 4473 recreare
976 4419 1169 4487 possit.
1209 4418 1683 4483 Quemadmodum
1728 4420 1875 4476 enim
1925 4436 1988 4474 ex
2038 4435 2149 4478 uno

577 4507 726 4563 fonte
758 4508 1035 4579 profluens
1069 4525 1207 4580 aqua
1243 4512 1439 4568 multas
1470 4526 1790 4580 camporum
1824 4511 1981 4580 longe
2016 4512 2147 4567 late-
2182 4491 2227 4546 θ

577 4615 685 4668 que
724 4610 1010 4668 protensas
1043 4602 1294 4670 planities
1318 4600 1580 4656 let-undas
1598 4610 1652 4656 et
1686 4603 1882 4657 uberes
1917 4604 2100 4659 reddit
2130 4621 2146 4670 ;

576 4691 659 4746 sic
685 4692 850 4747 unius
885 4691 1082 4747 domus
1096 4693 1374 4761 opulentia
1409 4695 1816 4751 multitudinem
1844 4711 2147 4766 pauperum

577 4798 642 4839 ex
669 4785 930 4853 egestatis
963 4785 1233 4854 angustiis
1265 4785 1480 4855 eripere
1518 4797 1696 4856 potest
1724 4795 1779 4841 et
1810 4800 2141 4854 sustentare,

2221 1879 2320 1933 καὶ
2362 1877 2585 1931 ἔδωκεν
2621 1874 2816 1942 αὐτὴν
2863 1870 3071 1927 Ἰακὼϐ
3111 1867 3192 1934 τῷ
3238 1865 3404 1920 παιδὶ
3442 1862 3649 1935 αὑτοῦ,
3699 1859 3798 1914 καὶ

2234 1969 2481 2039 Ἰσραὴλ
2511 1967 2591 2033 τῷ
2619 1963 2979 2036 ἠγαπημένῳ
3005 1964 3106 2017 ὑπ’
3140 1960 3347 2015 αὐτοῦ.

2294 2150 2393 2204 Διὰ
2422 2146 2578 2202 τοῦτο
2615 2145 2801 2216 τέχναι
2848 2144 3118 2214 ἔμποροι,
3160 2142 3256 2194 καὶ
3290 2137 3460 2209 πυρὸς
3488 2135 3674 2206 χωρὶς,
3707 2133 3801 2185 καὶ

2225 2243 2382 2297 ἄλλαι
2426 2240 2667 2311 ἔνυδροι.
2705 2239 2798 2290 καὶ
2839 2237 3027 2307 μυρίαι
3060 2234 3166 2287 τῶν
3214 2230 3657 2300 ἐπιτηδευμάτων
3713 2226 3803 2277 εὑ-

2229 2336 2428 2408 ρέσεις,
2462 2333 2548 2387 ἵνα
2575 2333 2696 2395 ταῖς
2718 2328 2812 2383 τοῦ
2842 2328 2955 2399 βίον
2984 2326 3195 2399 χρείαις
3215 2322 3469 2388 ἀνενδεὴς
3500 2322 3534 2391 ἡ
3559 2316 3802 2408 διακονία

2226 2407 2468 2494 γένηται.
2517 2422 2627 2475 Καὶ
2655 2423 2691 2490 ὁ,
2721 2419 2820 2490 μὲν
2853 2419 2983 2480 Θεὸς
3016 2416 3209 2479 οὕτως,
3246 2414 3275 2465 ὁ
3313 2412 3529 2482 πρῶτος
3556 2409 3656 2478 τῆς
3710 2407 3800 2457 εὑ-

2228 2519 2411 2580 ποιίας
2449 2515 2675 2586 εὑρετὴς
2719 2513 2814 2566 καὶ
2854 2511 2961 2563 τῶν
3007 2512 3137 2580 ἡμῖν
3195 2506 3508 2575 ἀναγκαίων
3550 2502 3803 2562 πλούσιος

2228 2609 2363 2681 ὁμοῦ
2385 2611 2479 2662 καί⁸
2510 2605 2797 2677 συμπαθὴς
2825 2602 3077 2675 χορηγός.

2313 2874 2504 2942 Ἡμεῖς
2543 2870 2601 2922 δὲ
2649 2871 2699 2922 οἱ
2738 2866 2859 2921 καθ’
2899 2866 3131 2919 ’ἑκαστον
3174 2861 3410 2935 γράμμα
3451 2858 3549 2928 τῆς
3587 2856 3808 2929 Γραφῆς

2234 2966 2640 3033 παιδευόμενοι,
2685 2960 2878 3031 ζηλοῦν
2923 2959 3014 3012 τὸν
3067 2956 3271 3010 ἑαυτῶν
3322 2954 3523 3024 Κύριον
3569 2950 3662 3003 καὶ¹
3708 2951 3809 3019 Ar}-

2239 3056 2516 3127 μιουργὸν,
2568 3053 2688 3107 καθ’
2715 3054 2838 3105 ὅσον
2862 3050 2939 3120 τῷ
2981 3047 3157 3118 θνητῷ
3195 3050 3228 3117 ἡ
3275 3045 3366 3100 τοὺ
3401 3042 3672 3115 μακαρίον
3715 3040 3811 3092 καὶ

2160 3155 2209 3217 c
2239 3148 2506 3203 ἀθανάτου
2537 3145 2764 3217 μίμησις
2795 3141 3010 3212 ἐφικτὴ,
3048 3141 3223 3193 πάντα
3258 3135 3648 3208 παρασύρομεν
3677 3130 3810 3201 πρὸς

2238 3243 2338 3313 τὴν
2370 3238 2575 3294 οἰκείαν
2617 3238 2945 3291 ἀπόλαυσινο
2980 3234 3073 3286 καὶ
3099 3232 3166 3284 τὰ
3201 3226 3300 3302 μὲν
3336 3232 3401 3299 τῇ
3430 3225 3635 3281 ἑαυτῶν
3678 3224 3813 3276 ἀπο-

2241 3333 2442 3404 κληροὺ
2451 3349 2549 3402 μεν
2573 3330 2707 3399 ζωῇ,
2729 3328 2797 3381 τὰ
2818 3327 2874 3380 δὲ
2896 3324 3250 3395 κληρονόμοις
3277 3340 3342 3374 τα
3353 3316 3666 3391 μιευόμεθα.
3690 3312 3815 3366 Τῶν

2238 3428 2294 3482 δὲ
2329 3424 2782 3498 δυσπραγοῦντων
2816 3421 2971 3489 λόγος
2999 3419 3192 3479 οὐδεὶς,
3228 3414 3347 3469 οὐδὲ
3375 3413 3483 3466 τῶν
3506 3408 3815 3479 πενομένων

2240 3517 2418 3587 ἀγαθὴ
2445 3515 2703 3587 μέριμνα.
2737 3514 2800 3564 Ὢ
2826 3512 2923 3581 τῆς
2950 3507 3209 3580 ἀνηλεῶς
3237 3503 3495 3575 γνώμηςε

2317 3778 2634 3847 ’Ἄνθρωπος
2677 3774 2960 3844 ἄνθρωπον
2999 3773 3120 3843 ὁρᾷ,
3164 3772 3329 3842 ἄρτου
3372 3769 3679 3837 πενόμενον,
3723 3764 3820 3820 καὶ

2243 3870 2341 3940 τὴν
2374 3868 2672 3935 ἀναγκαίαν
2717 3865 3032 3934 ζωπύρησιν
3067 3864 3166 3933 τῆς
3209 3864 3415 3932 τροφῆς
3454 3860 3558 3912 οὑκ
3606 3859 3813 3927 ἔχοντα·

2244 3963 2344 4015 οὑκ
2369 3962 2600 4029 ἐπαρκεῖ
2625 3958 2680 4010 δὲ
2714 3956 3026 4027 προθύμως,
3058 3954 3151 4007 καὶ
3180 3954 3357 4023 ὀρέγει
3386 3952 3485 4020 τὴν
3523 3950 3819 4020 σωτηρίαν,

2246 4051 2383 4107 ἀλλά
2415 4051 2665 4120 περιορᾷ,
2695 4043 2805 4100 οἷὸν
2840 4065 2891 4100 τι
2919 4047 3084 4115 φυτὸν
3122 4045 3344 4106 εὐθαλὲς
3385 4043 3589 4096 ὑδάτων
3618 4041 3821 4109 ἀπορίᾳ

2249 4144 2493 4208 ἐλεεινῶς
2534 4140 2921 4214 ξηραινόμενον
2948 4157 2961 4168 ·
3014 4139 3107 4192 καὶ
3157 4137 3331 4190 ταῦτα
3386 4131 3823 4204 πλημμυροῦσαν

2248 4239 2385 4309 ἔχων
2411 4237 2509 4308 τὴν
2553 4235 2832 4303 ἀφθονίαν,
2881 4232 2973 4285 καὶ
3012 4230 3224 4291 πολλοῖς
3268 4226 3610 4297 ἐποχετεύει-θ
3659 4222 3822 4276 δυνά-

2253 4347 2413 4401 μενος
2438 4328 2537 4399 τὴν
2566 4325 2674 4379 ἀπὸ
2694 4325 2799 4377 τῶν
2824 4323 3173 4393 ὑπαρχόντων
3197 4317 3566 4389 παραμυθίαν.
3603 4317 3689 4378 Ὠς
3716 4313 3826 4383 γὰρ

2258 4424 2386 4493 μιᾶς
2419 4419 2604 4490 πηγῆς
2638 4417 2892 4489 ἐπιρροὴ.
2919 4414 3117 4477 πολλὰς
3141 4412 3396 4473 πεδιάδας
3432 4408 3827 4479 ἀνηπλωμένας

2256 4515 2492 4570 πιαίνει·
2549 4511 2718 4572 οὑτως
2767 4510 2860 4561 καὶ
2910 4509 3036 4578 μιᾶς
3090 4506 3265 4568 οἰκίας
3310 4503 3574 4574 εὐπορία,
3624 4502 3828 4569 δήμους

2257 4605 2502 4676 πενήτων
2532 4601 2751 4670 ἐξαρκεῖ
2778 4596 3166 4661 διασώσασθαι,
3205 4596 3360 4665 μόνον
3400 4593 3495 4646 ἐὰν
3534 4593 3606 4661 μὴ
3636 4589 3826 4660 γνώμῃ

2257 4694 2512 4764 φειδωλὸς
2540 4693 2634 4745 καὶ
2674 4689 3056 4758 ἀκοινώνητος,
3101 4689 3176 4750 ὡς
3220 4687 3365 4750 λίθος
3412 4685 3724 4757 ἐμπεσοῦσα
3759 4687 3825 4754 τῇ

2255 4788 2491 4857 διεξόδῳ,
2518 4785 2617 4855 τὴν
2655 4781 2915 4855 ὲπιρροὴν
2947 4779 3368 4851 ἀνακρούσηται.

580 4877 740 4932 modo
772 4893 839 4932 ne
878 4892 1075 4946 parcus
1110 4885 1163 4932 et
1192 4893 1389 4934 avarus
1415 4879 1631 4933 animus
1659 4882 1826 4936 veluti
1883 4884 2173 4953 prolapsus
2209 4884 2349 4954 lapis
2393 4892 2561 4934 venas
2606 4884 2661 4931 et
2737 4876 2941 4929 rivulos
2999 4890 3031 4928 e
3081 4873 3433 4942 benignitate,
3502 4877 3760 4938 tanquam
3799 4883 3832 4923 e

580 4972 731 5027 fonte
786 4971 1002 5041 publice
1065 4971 1384 5034 defluentes,
1444 4980 1656 5029 avertat
1712 4985 1878 5044 atque
1914 4978 2247 5046 intercipiat.

652 5060 729 5117 Ne
760 5061 1009 5115 vivamus
1043 5062 1194 5115 carni
1226 5064 1280 5115 in
1315 5064 1479 5117 rebus
1505 5066 1761 5119 omnibus
1788 5087 1798 5119 :
1859 5067 1911 5119 in
1968 5069 2151 5136 aliqua

581 5155 828 5207 vivamus
868 5160 922 5206 et
959 5152 1085 5208 Deo.
1127 5152 1341 5207 Delieiar
1380 5155 1526 5208 enim
1565 5156 1870 5224 epularum,
1918 5174 2039 5228 qua:
2098 5159 2153 5212 in

579 5252 827 5297 ventrem
873 5242 1280 5310 ingrediuntur,
1329 5244 1600 5298 tantulum
1657 5247 1954 5316 voluptatis
2000 5249 2152 5303 carui

582 5336 851 5388 duntaxat
882 5336 1078 5389 afferre
1117 5344 1368 5403 possunt,
1404 5337 1727 5405 quantulum
1762 5347 1846 5392 est
1871 5340 2001 5393 illud
2033 5357 2157 5409 spa-

583 5425 743 5486 tium,
780 5441 889 5493 quo
918 5424 1103 5479 fauces
1131 5425 1502 5480 continentur.
1540 5425 1673 5479 Nam
1707 5428 1869 5481 simul
1904 5442 2066 5497 atque
2096 5431 2149 5482 in

587 5524 829 5568 ventrem
861 5516 1094 5583 delapsae
1119 5525 1266 5576 sunt,
1322 5526 1668 5586 putrescunt,
1702 5527 1756 5571 et
1796 5535 1890 5588 per
1926 5520 2156 5573 inferio~

590 5614 873 5677 reSpartcs
901 5607 1183 5662 secedunt.
1204 5607 1578 5665 Misericordia
1604 5624 1731 5663 vero
1762 5620 1818 5664 et
1851 5609 2157 5667 beneficen-

660 5789 683 5821 ⁵
710 5787 942 5844 liarucb.
986 5805 1066 5854 Ill,
1098 5789 1185 5844 37.

2327 5064 2419 5135 Μὴ
2445 5064 2620 5118 πάντα
2640 5063 2705 5132 τῇ
2737 5062 2929 5130 σαρκί·
2956 5058 3208 5130 ζήσωμεν
3231 5075 3281 5110 τι
3309 5056 3401 5110 καὶ
3428 5055 3509 5126 τῷ
3535 5052 3671 5124 Θεῷ.
3701 5055 3834 5124 Τρο-

2260 5159 2366 5227 φῆς
2417 5156 2514 5225 μὲν
2564 5153 2670 5223 γὰρ
2716 5152 2967 5222 αἴσθησις
3014 5151 3108 5204 καὶ
3162 5149 3478 5210 ἀπόλαυσις,
3508 5146 3688 5213 ὀλίγον
3734 5147 3835 5213 τῆς

2259 5247 2459 5316 σαρκὸς
2494 5246 2679 5316 μόριον
2729 5242 3035 5316 θεραπεύει,
3059 5244 3156 5313 τὴν
3208 5242 3482 5311 φάρυγγα’
3530 5242 3593 5309 τῇ
3638 5238 3837 5306 γαστρὶ

2259 5338 2314 5389 δὲ
2354 5337 2452 5400 τὰς
2499 5337 2629 5399 ὑλας
2675 5337 2983 5407 ὲνσήψασα,
3025 5336 3174 5397 τέλος
3217 5334 3328 5403 ἔχει
3382 5333 3472 5385 τὸν
3526 5330 3833 5400 ἀφεδρῶνα.

2266 5430 2452 5492 Ἔλεος
2483 5429 2539 5482 δὲ
2579 5429 2674 5482 καὶ
2702 5428 2934 5486 εὐποιία,
2970 5426 3088 5496 Θεῷ
3121 5427 3177 5478 τέ
3208 5428 3312 5477 εἱσι
3347 5424 3646 5495 πράγματα
3682 5422 3834 5491 φίλα,

2265 5521 2358 5572 καὶ
2388 5514 2540 5591 ᾧπερ
2568 5520 2632 5574 ἂν
2663 5521 3008 5589 ἐνοικήσωσιν
3050 5516 3339 5586 ἀνθρώπῳ,
3390 5518 3601 5569 θεοῦσιν
3650 5514 3834 5574 αὐτὸν,

2268 5613 2361 5664 καὶ
2417 5613 2552 5682 πρὸς
2610 5612 2841 5681 μίμησιν
2899 5609 3240 5664 ἀποτυποῦσι
3298 5607 3392 5661 τοῦ
3449 5607 3694 5678 ἀγαθοῦ,
3747 5606 3836 5659 ἵνα
