4124 6352
413 345 521 401 «163

1582 349 1670 404 DE
1703 347 2145 407 PAUPERIBUS
2178 346 2507 408 AMANMS.

3567 340 3673 397 466

414 466 632 539 ὑπάρχῂ
677 464 839 520 εἰκὼν
877 466 977 536 τῆς
1009 467 1231 539 πρώτης
1259 470 1353 523 καὶ
1385 469 1783 541 ἀκηράτουίκαὶ
1812 471 1991 525 πάντα

2108 472 2166 524 μίιι
2199 472 2431 529 virtutes
2469 482 2601 530 sunt
2630 475 2742 529 Deo
2770 471 3267 545 gratissitnanquaa
3294 469 3338 525 si
3364 466 3524 536 cujus
3555 465 3678 519 aui-

412 559 537 611 νοῦν
569 557 1001 631 ὑπερϐαινούσης
1019 560 1224 623 οὐσίας.
1250 562 1361 631 Τῆς
1384 562 1439 614 δὲ
1471 562 1705 632 σπουδῆς
1732 561 1792 615 τὸ
1818 561 1987 634 πέρας

413 652 596 703 ὁποῖον
630 648 934 719 ἐγγυῶνται
959 669 974 718 ;

2097 581 2245 618 mum
2272 567 2620 631 incoluerint,
2650 583 2773 622 eum
2813 567 3058 622 divinum
3092 563 3353 627 eﬂiciunt‘,
3376 569 3432 615 et
3459 571 3678 613 summo

2110 654 2187 708 illi
2222 655 2365 709 bono
2402 673 2566 726 quam
2614 657 2953 712 simillimum
2990 652 3247 717 reddunt,
3283 651 3420 704 adeo
3462 659 3523 700 ut
3562 644 3678 716 pri—

415 757 516 796 ma:
549 743 698 799 illius
727 755 890 814 atque
914 747 1241 800 humortalis
1274 754 1329 801 et
1364 755 1597 803 mentem
1633 764 1849 803 onmem
1890 749 2206 818 superantis
2263 758 2473 805 natura:
2505 752 2799 807 decoretur
2831 749 3091 819 imagine.
3148 746 3219 799 At
3246 743 3495 815 ‘qualem
3561 747 3681 791 stu-

414 834 490 887 dii
527 822 851 907 laborisque.
878 836 1038 892 finem
1072 839 1435 907 pollicentur?

498 927 761 982 Ἐνταῦθα
796 930 898 1001 μὲν
940 929 1111 1001 καλὴν
1147 932 1356 995 ἐλπίδα,
1408 950 1502 986 και
1533 932 1858 1005 προσδοκίαν
1899 932 1992 985 εῦ-

416 1019 745 1090 φραίνουσαν
769 1036 783 1050 ⁸
836 1022 893 1073 ὲν
939 1021 995 1074 δὲ
1037 1024 1148 1085 τοῖς
1197 1021 1414 1088 ἔπειτα,
1466 1026 1593 1077 ὅταν
1635 1024 1733 1094 τὴν
1768 1023 1996 1095 ῥέουσαν

417 1109 617 1180 ταύτην
642 1111 1147 1180 ἀποσκευασάμενοι
1171 1113 1369 1184 σάρκα,
1396 1116 1492 1187 τὴν
1523 1115 1830 1187 ἀφθαρσίαν
1867 1132 1997 1185 μετ-

418 1199 782 1271 ενδυσώμεθα,
828 1203 1102 1273 μακαρίαν
1164 1182 1341 1274 ζωὴν,
1385 1182 1617 1276 άληκτον
1663 1182 1757 1261 καὶ
1799 1182 1999 1260 άνῶλε-

419 1291 568 1362 θρον,
605 1295 663 1345 ἐν
708 1293 1047 1364 θαυμασταῖς
1076 1312 1187 1348 τισι
1218 1296 1312 1348 καὶ
1354 1296 1449 1350 νῦν
1481 1298 1540 1351 ού
1567 1297 1999 1368 γινωσκομέναις

419 1385 546 1453 ἡμῖν
578 1382 892 1449 εὐπαθείαις
924 1386 1386 1456 ηὑτρεπισμένην.

490 1548 698 1606 Οὐκοῦν
723 1555 771 1606 οἱ
803 1554 1011 1623 λογικοὶ
1040 1555 1369 1621 κτισθέντες,
1396 1557 1492 1610 καὶ
1517 1556 1609 1609 τὸν
1630 1555 1753 1610 νοῦν
1786 1556 1996 1626 ἔχοντες

419 1643 525 1695 τῶν
553 1644 712 1697 θείων
739 1646 982 1716 ἑρμηνέα
1023 1647 1116 1699 καὶ
1141 1646 1454 1718 παιδευτὴν,
1490 1647 1563 1718 μὴ
1589 1650 1701 1711 τοῖς
1733 1648 1996 1719 προσκαί-

2172 926 2325 982 Nunc
2344 928 2565 998 quidem
2597 927 2915 998 praeclaram
2950 940 3125 995 spem.
3147 930 3202 979 et
3233 921 3435 977 lartitiae
3462 920 3676 990 plenam
3746 988 3750 993 ο

2098 1021 2596 1087 exspectationem;
2632 1030 2755 1089 post
2787 1025 2968 1071 autem
3006 1014 3226 1087 quando
3264 1014 3425 1067 istius
3457 1010 3680 1065 assidue

2097 1109 2319 1165 fluentis
2346 1111 2532 1166 carnis
2571 1110 2761 1180 spoliis
2791 1108 2938 1163 exuti
2976 1105 3444 1161 immortalitatem
3486 1100 3681 1155 indue-

2099 1204 2294 1267 rimus,
2349 1203 2514 1256 vitam
2562 1200 2799 1265 beatam,
2860 1200 3068 1253 nullum
3128 1196 3289 1249 linem
3344 1191 3676 1253 habituram,

2100 1294 2267 1348 nullis
2306 1294 2465 1347 malis
2492 1292 2812 1355 obnoxiam,
2840 1292 2896 1344 in
2942 1287 3173 1344 summis
3214 1294 3269 1340 et
3317 1281 3677 1343 admirandis,

2099 1401 2331 1456 quaeque
2364 1386 2451 1440 hic
2506 1403 2535 1439 a
2581 1386 2741 1439 nobis
2780 1383 3093 1454 cognitione
3129 1374 3518 1446 comprehendi
3568 1388 3679 1426 non

2095 1485 2349 1548 possunt,
2386 1488 2695 1532 versantem
2730 1476 2943 1546 gaudiis
2969 1482 3024 1529 et
3067 1469 3462 1541 voluptatibus.

2171 1566 2282 1625 Vos
2317 1570 2505 1640 igitur,
2534 1571 2626 1639 qui
2664 1570 2873 1622 ratione
2896 1564 3132 1637 prsediti,
3169 1571 3225 1617 et
3256 1569 3439 1616 mente
3493 1572 3676 1613 rerum

2096 1659 2407 1713 divinarum
2439 1661 2737 1729 interprete
2764 1675 2825 1711 ac
2851 1657 3114 1727 magistra
3148 1652 3393 1708 decorati
3423 1650 3580 1713 estis,
3614 1663 3682 1711 ne

422 1753 537 1831 ροις
563 1735 902 1806 δελεασθῆτε,
950 1737 1235 1808 Κτήσασθε
1259 1737 1316 1791 δὲ
1340 1738 1408 1791 τὰ
1436 1738 1703 1808 μηδέποτε
1730 1737 1995 1808 καταλιμ-

2108 1752 2349 1821 (quaeso)
2377 1767 2472 1803 vos
2511 1765 2693 1803 rerum
2735 1750 3006 1802 llnxarum
3051 1754 3106 1800 et
3145 1743 3481 1798 caducarutn
3530 1737 3682 1791 blan-

421 1826 659 1878 πάνοντα
694 1827 783 1879 τὸν
830 1828 1169 1898 κτησάμενον
1192 1844 1204 1859 ·
1252 1827 1470 1898 ὁρίσατέ
1508 1828 1680 1900 μέτρα
1705 1832 1770 1900 τῇ
1802 1831 1994 1901 χρήσει

419 1917 512 1970 τοῦ
544 1917 678 1985 βίον.
715 1916 803 1989 Μὴ
849 1921 1029 1972 πάντα
1062 1920 1304 1991 ὑμέτερα
1331 1936 1346 1951 ’
1375 1919 1510 1972 ἀλλὰ
1542 1920 1702 1991 μέρος
1731 1920 1870 1973 ἔστω
1902 1922 1997 1974 καὶ

419 2013 527 2063 τῶν
572 2013 820 2083 πενήτων
872 2011 981 2064 τῶν
1010 2013 1311 2080 ἀγαπητῶν
1343 2011 1438 2065 τοῦ
1473 2013 1627 2066 Θεοῦ.
1680 2013 1864 2067 Πάντα
1888 2011 1996 2085 γάρ

419 2103 513 2157 τοῦ
543 2103 677 2157 Θεοῦ
719 2104 811 2157 τοῦ
845 2103 1022 2158 κοινοῦ
1051 2103 1283 2176 Πατρός.
1336 2104 1526 2174 Ἡμεῖς
1559 2103 1614 2157 δὲ
1663 2105 1881 2173 ἀδελφοὶ
1921 2105 1997 2168 ὡς

419 2194 696 2264 ὁμόφυλοι·
715 2194 974 2262 ἀδελφοὺς
995 2195 1069 2259 δὲ,
1087 2196 1146 2248 τὸ
1170 2197 1267 2265 μὲν
1289 2196 1506 2266 ἄριστον
1523 2195 1616 2248 καὶ
1640 2195 1996 2266 δικαιότερον,

421 2287 543 2339 κατ’
579 2285 879 2355 ἰσομοιρίαν
912 2285 1199 2355 λαγχάνειν
1244 2285 1338 2338 τοῦ
1372 2285 1593 2358 κλήρου.
1655 2283 1744 2339 Ἐν
1768 2286 1825 2338 δὲ
1850 2283 1997 2349 τάξει

420 2375 670 2447 δευτέρα,
717 2375 818 2428 κάν
844 2376 904 2428 τὸ
932 2377 1091 2429 πλέον
1124 2370 1203 2439 εἷς
1229 2377 1261 2449 ἢ
1291 2375 1542 2448 δεύτερος
1589 2376 1994 2446 σφετερίσηται,

421 2466 482 2518 τὸ
509 2465 639 2534 γοῦν
670 2466 834 2537 μέρος
861 2467 1266 2537 κερδανέτωσαν
1289 2469 1336 2521 οἱ
1369 2468 1700 2538 λειπόμενοι.
1734 2467 1796 2521 Εἰ
1825 2468 1881 2521 δέ
1912 2486 1996 2528 τις

422 2557 654 2612 καθόλου
697 2558 884 2629 κύριος
914 2555 1052 2612 εἶναι
1087 2561 1195 2612 τῶν
1229 2559 1445 2613 πάντων
1476 2560 1667 2624 ἐθέλοι,
1712 2562 1803 2614 καὶ
1827 2560 1997 2629 αὐτῆς

420 2650 520 2718 τῆς
562 2650 814 2720 τρίτηςῆ
854 2651 1111 2721 πέμπτης
1157 2652 1350 2721 μοίρας
1381 2652 1640 2721 ἐξείργων
1683 2653 1806 2713 τοὺς
1848 2650 2001 2703 ἀδελ-

423 2743 577 2812 φοὺς,
601 2735 755 2806 οὗτος
784 2744 978 2814 πικρὸς
1008 2743 1288 2812 τύραννος,
1330 2743 1600 2815 βάρϐαρος
1630 2743 2000 2807 ἀδιάλλακτος,

424 2834 610 2905 θηρίον
637 2835 940 2905 ἄπληστον,
980 2837 1137 2905 μόνον
1170 2836 1340 2905 ἡδέως
1387 2837 1701 2905 περιχαῖνον
1729 2837 1795 2905 τῇ
1830 2834 2000 2906 θοίνῃ,

428 2926 627 2996 μᾶλλον
653 2926 709 2980 δὲ
757 2929 849 2981 καὶ
894 2927 1074 2981 αὐτῶν
1104 2928 1437 2999 ἀγριώτερος
1460 2928 1568 2980 τῶν
1598 2926 1802 2999 θηρίων
1826 2945 1841 2959 ο
1888 2926 2003 2995 εἴγε

424 3018 586 3080 λύκος
612 3019 707 3089 μὲν
730 3020 821 3072 τὸν
846 3019 1007 3072 λύκον
1027 3021 1107 3101 εἰς
1131 3018 1295 3091 βοράν
1323 3020 1707 3090 παραδέχεται.
1731 3020 1824 3072 καὶ
1844 3019 2003 3082 κύνες

2094 1842 2244 1898 ditiis
2270 1843 2512 1907 deliniri,
2539 1851 2593 1895 et
2624 1849 2886 1911 tauquam
2920 1852 3046 1894 esca
3078 1836 3210 1890 illici
3242 1845 3297 1889 et
3343 1832 3466 1902 capi
3506 1830 3681 1900 patia-

2095 1930 2250 1986 mini.
2302 1929 2745 2001 Complectintiui
2793 1945 2943 1992 eum,
3008 1927 3104 1996 qui
3184 1922 3556 1992 possidentem
3624 1935 3683 1973 se

2095 2037 2373 2091 nunquam
2404 2030 2488 2078 est
2530 2020 2929 2084 derelicturus;
2979 2018 3105 2071 usui
3146 2017 3270 2068 vitze
3311 2012 3529 2067 modmn
3579 2011 3682 2064 im-

2097 2113 2302 2183 ponite.
2339 2111 2417 2166 Ne
2440 2112 2623 2166 omnia
2667 2119 2849 2165 vestra
2876 2109 3210 2163 existimate.
3251 2105 3334 2158 Sit
3366 2120 3494 2173 pars
3518 2103 3681 2156 etiam

2098 2220 2422 2275 pauperum,
2457 2212 2511 2258 et
2544 2205 2847 2256 amicorum
2889 2200 3005 2254 Dei.
3041 2196 3194 2252 Illius
3224 2199 3370 2251 enim
3399 2209 3525 2249 vere
3556 2202 3685 2247 sunt

2097 2299 2304 2362 omnia,
2340 2311 2501 2366 quem
2532 2292 3070 2349 habemusPatrem.
3105 2288 3217 2344 Nos
3252 2297 3437 2341 autem
3486 2286 3685 2338 fratres

2099 2405 2310 2443 smnus.
2341 2382 2688 2456 Quapropter
2723 2394 2781 2439 ut
2812 2401 3010 2454 genere
3033 2382 3361 2452 conjunctos
3393 2394 3457 2432 ac
3489 2379 3687 2431 fratres

2101 2481 2299 2534 melius
2362 2480 2583 2548 quidem
2643 2492 2707 2533 ac
2761 2477 2968 2547 justins
3029 2484 3147 2529 erat
3205 2473 3379 2541 a-quis
3436 2468 3688 2540 partibus

2100 2584 2324 2623 cernere
2379 2568 2790 2623 lncreditatem:
2857 2583 3042 2622 verum
3109 2564 3333 2634 quando
3376 2563 3427 2615 id
3485 2561 3686 2615 factum

2103 2675 2214 2714 non
2248 2667 2354 2720 est,
2384 2658 2479 2714 sed
2513 2674 2656 2713 unus
2688 2660 2783 2712 aut
2813 2658 2952 2712 alter
2975 2657 3098 2726 plus
3125 2654 3457 2716 intet'vet‘tit,
3492 2650 3688 2719 reliqui

2104 2762 2308 2821 partem
2352 2767 2514 2804 unam
2555 2748 2746 2804 saltem
2779 2748 3090 2818 accipiant:
3129 2744 3275 2816 quod
3320 2745 3363 2798 si
3401 2744 3525 2815 quis
3571 2758 3689 2794 om-

2117 2845 2270 2897 nium
2300 2857 2525 2913 prorsus
2553 2858 2676 2895 esse
2711 2841 2968 2895 dominus
3000 2848 3053 2893 et
3089 2840 3398 2892 universam
3431 2835 3542 2887 vult
3583 2838 3692 2885 lue-

2105 2934 2393 2990 reditatem
2430 2941 2701 2998 avertere,
2733 2940 2786 2986 et
2829 2932 2992 2986 tertia
3030 2937 3125 2982 aut
3163 2928 3351 2997 qttinta
3388 2933 3541 2995 parte
3582 2923 3691 2975 fra-

2073 3022 2217 3081 tres
2265 3023 2581 3086 excludere,
2634 3024 2724 3077 ille
2785 3022 2953 3075 frater
2985 3037 3091 3075 non
3124 3027 3229 3083 est,
3294 3016 3386 3072 sed
3450 3014 3685 3069 acerbus

348 3190 361 3203 .
425 3112 483 3162 ὲν
510 3109 691 3181 ταύτῷ
728 3112 910 3164 πολλοὶ
943 3111 1000 3165 ἓν
1032 3112 1400 3182 σπαράττουσι
1451 3111 1609 3180 σῶμα
1638 3128 1652 3141 ·
1688 3112 1717 3163 6
1743 3111 1800 3163 δὲ
1830 3109 2002 3181 ἄπλη-

2108 3127 2399 3188 tyrannns,
2428 3115 2659 3168 immitis
2685 3114 2976 3175 barbarus,
3014 3113 3125 3166 imo
3162 3125 3292 3164 vero
3339 3106 3683 3176 inexplebilis

428 3218 551 3265 στος
580 3202 768 3256 οὐδένα
801 3204 907 3256 τῶν
930 3203 1213 3274 ὁμοφύλων
1272 3204 1352 3266 εἰς
1379 3204 1478 3272 τὴν
1511 3204 1800 3272 μετουσίαν
1828 3220 2007 3272 παρα-

426 3296 693 3367 λαμϐάνει
728 3297 820 3350 τοῦ
850 3297 1076 3350 πλούτου
1145 3298 1331 3365 Ἀρκεῖ
1360 3311 1442 3347 σοι
1470 3294 1503 3364 ἡ
1536 3292 1846 3364 σύμμετρος
1874 3294 2007 3365 τρά-

430 3391 588 3456 πεζα.
624 3388 716 3462 Μὴ
753 3391 887 3462 πρὸς
915 3390 973 3442 τὸ
1019 3386 1254 3456 πέλαγος
1296 3386 1397 3455 τῆς
1447 3385 1747 3438 ἀκολάστου
1779 3385 2005 3438 πανδαι-

432 3485 552 3548 σίας
582 3486 837 3555 ὲκπέσῃς.
871 3482 1116 3535 Χαλεπὸν
1144 3481 1251 3550 γάρ
1270 3480 1329 3532 τὸ
1354 3478 1697 3549 ἐπικείμενον
1718 3481 1999 3547 ναυάγιον,

430 3577 491 3629 ού
518 3577 744 3646 πέτραις
774 3572 1167 3645 περιρρηγνύον
1198 3571 1439 3638 ὑφάλοις.
1477 3569 1591 3622 ἀλλ’
1621 3571 1701 3632 είς
1733 3570 1792 3622 τὸ
1822 3573 2010 3634 σκότος

432 3666 663 3732 ὲξωθοῦν
707 3667 767 3719 τὸ
813 3665 1130 3735 βαθύτατον,
1167 3664 1287 3716 ὅθεν
1319 3662 1511 3714 οῦποτε
1561 3661 1589 3713 6
1633 3662 1886 3731 ἐμπεσὼν
1919 3665 2011 3717 ὲκο

433 3759 501 3829 δή
511 3776 680 3812 σεται.

2112 3208 2243 3274 fera,
2279 3222 2398 3277 qua!
2426 3206 2596 3260 hianti
2626 3222 2722 3261 ore
2756 3207 2872 3259 sola
2904 3219 3102 3259 suaves
3129 3200 3356 3256 devoret
3380 3200 3569 3268 dapes,
3597 3198 3682 3250 vel

2112 3303 2294 3372 potius
2320 3299 2454 3369 ipsis
2480 3301 2644 3354 etiam
2683 3298 2817 3351 feris
2848 3296 3044 3352 smvior
3073 3303 3127 3350 ct
3172 3292 3483 3363 agrestior;
3516 3288 3693 3358 siqui-

2113 3394 2233 3447 dem
2264 3401 2319 3447 et
2361 3391 2523 3461 lupus
2559 3391 2624 3445 ad
2672 3389 3041 3445 devorandam
3086 3385 3324 3457 praidam
3363 3384 3549 3451 lupum
3587 3378 3693 3433 sibi

2116 3485 2326 3539 socium
2351 3483 2618 3552 adjuugit,
2653 3492 2700 3536 et
2723 3496 2890 3535 canes
2911 3479 3067 3533 multi
3100 3488 3496 3544 nonnunquam
3530 3470 3692 3526 simul

2116 3577 2258 3630 idem
2296 3575 2563 3629 dilaniant
2594 3589 2816 3642 corpus.
2858 3572 2923 3624 At
2974 3572 3078 3625 iste
3111 3566 3429 3623 divitiarum
3470 3578 3693 3618 suarum

2117 3667 2326 3719 nullum
2357 3664 2605 3734 ejusdem
2627 3663 2845 3734 generis
2871 3662 3148 3715 hominem
3185 3642 3507 3729 participem
3545 3654 3693 3707 facit.

2119 3757 2392 3811 Moderata
2436 3773 2624 3811 mensa
2654 3755 2863 3810 sufficit
2903 3753 3024 3809 tibi.
3057 3747 3138 3806 Ne
3178 3763 3231 3806 te
3261 3752 3315 3804 in
3366 3746 3498 3801 illud
3539 3745 3696 3800 luxu-

434 3855 527 3909 riae
557 3855 780 3924 pelagus
833 3853 1125 3915 demittas,
1165 3857 1224 3904 ut
1277 3849 1526 3904 convivia
1580 3850 1729 3904 omni
1795 3865 1993 3919 genere
2029 3852 2279 3909 ciborum
2312 3856 2581 3909 instructa
2640 3851 2799 3905 velis.
2864 3844 2981 3903 Illic
3049 3847 3196 3901 enim
3253 3860 3415 3914 grave
3477 3839 3698 3923 naufra-

432 3945 578 4015 gium
612 3946 688 4007 lit,
721 3959 830 4014 quo
871 3958 976 3997 non
1004 3941 1242 4008 scopulis
1266 3940 1368 3996 sub
1405 3939 1522 3993 salo
1553 3939 1846 3995 latentibus
1875 3940 2176 4009 collideris,
2249 3945 2343 3999 sed
2410 3943 2464 3998 in
2518 3943 2844 3997 altissimam
2893 3948 2947 3995 et
3014 3912 3465 3994 obscurissimam
3536 3912 3697 3984 vora-

432 4039 609 4107 ginem
641 4034 970 4093 detruderis.
1003 4034 1056 4085 in
1091 4046 1254 4101 quam
1280 4032 1371 4100 qui
1408 4031 1577 4085 semel
1612 4032 1824 4098 incidit,
1856 4044 2135 4102 nunquam
2167 4045 2429 4107 emerget.

502 4129 739 4199 Χρῆσαι,
775 4125 849 4198 μὴ
883 4127 1213 4199 παραχρήσῃ
1235 4143 1250 4155 -
1299 4122 1455 4177 τοῦτο
1486 4122 1594 4195 γάρ
1624 4139 1682 4175 σε
1727 4124 1819 4176 καὶ
1855 4123 2006 4177 Παῦ-

432 4221 523 4282 λος
555 4218 811 4283 ὲδίδαξεν.
848 4216 1004 4278 Ἀνες
1049 4216 1239 4267 σαυτὸν
1270 4213 1563 4267 ἀπολαύσει
1600 4215 2007 4287 μεμετρημένῃ.

436 4311 527 4379 Μὴ
559 4307 862 4379 βακχεύσῃς
892 4306 1009 4370 ταῖς
1037 4307 1264 4376 ἡδοναῖς.
1296 4305 1387 4376 Μὴ
1413 4306 1626 4359 πάντων
1653 4304 1837 4368 ἁπλῶς
1858 4303 2010 4370 ζώων

435 4400 655 4470 ὄλεθρος
701 4396 813 4460 ἔσο,
860 4397 1226 4468 τετραπόδων,
1277 4395 1546 4465 μεγάλων,
1599 4393 1829 4475 μικρῶν,
1865 4396 2011 4467 ὀρνί-

438 4491 564 4551 θων,
596 4488 813 4559 ίχθύων,
836 4487 944 4541 τῶν
972 4487 1329 4557 εὐπορίστων,
1359 4485 1466 4540 τῶν
1494 4486 1758 4550 σπανίων,
1787 4485 1897 4539 τῶν
1924 4487 2013 4539 εὐ-

437 4581 613 4645 ώνων,
644 4574 753 4633 τῶν
786 4578 1112 4649 πολυτίμων.
1150 4578 1241 4647 Μὴ
1275 4576 1484 4631 πολλῶν
1516 4576 1793 4648 θηρευτῶν
1838 4578 2018 4648 ἱδρῶτι

441 4673 571 4745 μίαν
603 4671 807 4741 πλήρου
849 4670 1088 4740 γαστέρα
1113 4711 1127 4733 ,
1176 4668 1365 4740 ῶσπερ
1416 4685 1469 4721 τι
1511 4668 1684 4740 φρέαρ
1721 4664 2018 4739 βαθύτατον

438 4762 753 4834 πολυχειρίᾳ
778 4761 886 4814 τῶν
909 4761 1219 4831 χωννύντων
1253 4761 1326 4833 μὴ
1355 4761 1733 4831 γεμιζόμενον.
1763 4762 1861 4815 Διά
1890 4763 2017 4826 τοὺς

435 4855 760 4928 τρυφῶντας
792 4854 913 4907 οὐδὲ
946 4856 974 4906 6
1019 4850 1174 4923 βυθος
1207 4855 1303 4925 τῆς
1334 4852 1607 4925 θαλάσσης
1665 4853 2017 4924 ἁνενόχλητος

441 4950 612 5022 μένει.
631 4948 765 5002 Οὐδὲ
789 4948 866 5017 τῷ
894 4947 1046 5002 ’ὕδατι
1064 4947 1348 5017 νηχόμενοι
1368 4944 1566 5014 ἰχθύες,
1591 4946 1738 5014 μόνοι
1761 4945 2014 5016 ἀγρεύον-

437 5061 547 5105 ται,
596 5042 733 5097 ἀλλὰ
781 5042 872 5095 καὶ
913 5040 1014 5094 ὅσα
1055 5039 1213 5093 ἄθλια
1260 5037 1373 5102 ζῶα
1421 5040 1482 5107 τῇ
1541 5040 1866 5112 ὑποστάθμῃ
1909 5040 2018 5092 τῶν

440 5136 645 5190 ὑδάτων
675 5134 996 5206 ἐμφέρεται,
1044 5133 1140 5186 καὶ
1184 5131 1353 5184 ταῦτα
1386 5131 1521 5200 πρὸς
1542 5131 1639 5201 τὴν
1671 5133 1895 5201 ἤπειρον
1925 5132 2018 5184 καὶ

439 5228 531 5278 τὸν
578 5225 716 5295 ἀέρα
763 5224 949 5277 τοῦτον
1006 5221 1302 5286 ὲξέλκεται.
1365 5221 1548 5283 υῦτως
1610 5221 1678 5273 τά
1730 5222 1861 5291 γένη
1907 5222 2017 5275 τῶν

441 5315 675 5386 ὀστρέων
723 5316 822 5368 οὐκ
869 5312 1047 5377 ἔλαθε,
1082 5314 1174 5366 καὶ
1205 5313 1233 5363 ὁ
1271 5313 1444 5381 ἐχῖνος
1504 5312 1819 5379 ἀγρεύεται,
1856 5312 1949 5363 καὶ
1981 5313 2013 5382 ὴ

446 5403 897 5472 σηπίαὲρπουσα
942 5402 1319 5474 σαγηνεύεται,
1371 5402 1464 5454 καὶ
1496 5402 1524 5452 6
1572 5400 1842 5463 πολύπους
1890 5405 2010 5465 ταῖς

444 5494 668 5564 πέτραις
690 5495 1087 5564 προσπεφυκὼς
1109 5495 1438 5559 ἀποσπᾶται,
1476 5495 1567 5546 καὶ
1596 5495 1644 5545 ol
1673 5493 1880 5563 κοχλίαι
1902 5495 2010 5547 τῶν

446 5588 771 5642 κατωτάτων
822 5586 999 5657 βυθῶν
1043 5587 1403 5659 ἀποσύρονται
1426 5605 1439 5619 ·
1494 5587 1586 5640 καὶ
1653 5587 1827 5640 πάντα
1880 5586 2010 5658 γένη

529 5769 596 5824 ⁸1
631 5771 756 5825 Cor.
800 5785 895 5835 vn,
929 5770 985 5824 5.

2189 4128 2352 4184 Utere
2386 4130 2571 4200 igitur,
2599 4134 2774 4190 utere,
2807 4140 2875 4179 ne
2902 4123 3147 4177 abutaris
3178 4140 3192 4174 :
3220 4122 3301 4173 sic
3327 4119 3469 4174 enim
3497 4115 3697 4170 Paulus

2115 4221 2278 4275 etiam
2329 4221 2550 4275 edocuit
2574 4220 2615 4273 ⁸.
2669 4214 2909 4273 Modesta
2959 4214 3325 4268 oblectatione
3376 4221 3430 4264 te
3484 4224 3692 4262 recrea.

2116 4313 2507 4385 Temperanter
2557 4314 2799 4367 animum
2843 4311 3044 4363 relaxa.
3106 4302 3186 4360 Ne
3242 4314 3296 4361 te
3348 4303 3561 4358 deliciae
3617 4300 3697 4354 sic

2115 4407 2371 4468 obruant,
2420 4412 2479 4458 ut
2517 4403 2683 4457 nimia
2717 4400 2896 4455 laetitia
2931 4397 3156 4466 gestias,
3206 4403 3261 4449 et
3304 4392 3515 4448 insanis
3543 4390 3696 4447 vo|u~

2052 4540 2094 4593 υ
2123 4498 2365 4567 ptatibus
2424 4495 2799 4567 debacclteris.
2870 4490 2946 4545 Ne
2999 4490 3077 4545 sis
3149 4486 3469 4542 animalium
3536 4485 3697 4555 plane

2126 4592 2364 4643 omnium
2393 4589 2683 4658 pernicies,
2723 4586 3048 4655 ingentium,
3079 4580 3467 4643 mediocrium,
3516 4578 3699 4631 minu-

2126 4692 2323 4743 lut'tlm,
2378 4677 2766 4748 gradientium,
2823 4670 3147 4735 volantium,
3200 4669 3533 4729 natantium,
3586 4666 3699 4720 sive

2124 4773 2345 4825 inventu
2386 4768 2588 4831 facilia,
2624 4768 2739 4820 sive
2778 4764 3015 4819 difficilia
3053 4765 3184 4825 sint,
3218 4776 3314 4816 seu
3368 4772 3566 4828 magno
3601 4771 3696 4811 seu

2127 4862 2215 4915 vili
2267 4860 2441 4931 pretio
2488 4866 2741 4912 veneant.
2792 4856 3085 4910 Multorum
3140 4852 3457 4907 venantium
3499 4849 3699 4905 sudore

2122 4960 2363 5004 ventrem
2399 4967 2564 5004 unum
2597 4966 2663 5004 ne
2703 4951 2935 5018 replcas.
2976 4940 3053 5001 Ne
3091 4946 3202 4999 sint
3236 4943 3424 4997 fauces
3453 4950 3559 4995 tu;e
3598 4955 3692 4994 ve-

2119 5045 2217 5097 luti
2264 5057 2465 5111 vorago
2490 5083 2505 5107 ,
2545 5049 2639 5094 aut
2677 5055 2897 5110 gurges,
2950 5040 3043 5090 aut
3084 5034 3435 5090 vastissimus
3480 5046 3544 5084 ac
3572 5044 3699 5099 pro-

2118 5133 2480 5189 fundissimus
2530 5142 2750 5203 puteus,
2798 5130 2865 5182 ad
2914 5142 3074 5196 quem
3110 5123 3449 5180 obruendum
3499 5120 3699 5175 multo-

2112 5242 2232 5279 rum
2272 5226 2517 5278 laborent
2553 5235 2766 5276 manus.
2823 5220 3051 5290 PrOpter
3093 5216 3373 5271 hominum
3419 5210 3693 5266 luxuriam

2113 5328 2276 5388 atque
2313 5317 2559 5375 delicias,
2596 5330 2705 5368 non
2749 5312 2912 5367 modo
2948 5326 3097 5365 mare
3137 5306 3471 5379 profundum
3504 5303 3695 5358 turba-

2118 5419 2241 5475 tur;
2275 5424 2383 5461 non
2409 5407 2569 5477 aquis
2598 5406 2773 5461 solum
2811 5406 3122 5458 innatantes
3149 5402 3444 5471 capiuntur
3469 5397 3648 5468 pisces
3675 5413 3691 5461 ;

2121 5505 2214 5555 sed
2269 5501 2396 5560 alia,
2455 5513 2797 5567 qumcuuque
2847 5495 3101 5548 animalia
3149 5495 3204 5548 in
3256 5492 3415 5560 aquis
3468 5490 3696 5560 degunt,

2124 5590 2248 5645 inde
2292 5590 2345 5643 in
2414 5599 2615 5645 terram
2677 5592 2732 5643 ct
2768 5589 2969 5643 cteluu't
3007 5586 3113 5642 hoc
3167 5583 3551 5641 extrahuntur.
3604 5577 3695 5635 Sic
