4124 6352
495 288 600 342 48Ἰ

1738 297 1797 353 S.
1836 294 2167 351 GREGORII
2221 294 2517 353 NYSSEM

3660 300 3762 357 ws

496 417 809 467 ostreorum
844 426 1041 483 genera
1083 427 1195 467 non
1229 415 1538 485 latuerunt;
1578 419 1659 473 sic
1696 428 1890 488 captus
1921 419 2073 473 echi-

2201 417 2349 476 Ῑὼων.
2374 418 2477 471 ὅσα
2514 419 2627 480 τοῖς
2660 418 2757 488 τῆς
2801 417 3117 487 ἐπιφανείας
3144 416 3384 487 κύμασιν
3435 416 3769 487 ἐπινήχεται,

498 516 636 567 nus;
670 502 751 557 sic
781 498 1065 573 serpentes
1096 504 1321 561 irretitaa
1350 514 1480 560 sunt
1506 508 1703 577 sepiae;
1737 509 1818 562 sic
1843 508 2076 579 polypus

499 592 649 646 saxis
669 592 871 661 quibus
903 594 1201 649 inhaerebat
1230 596 1478 660 avulsus;
1502 597 1584 654 sic
1616 614 1679 651 ex
1704 598 1839 652 locis
1870 599 2076 654 altissio

498 682 606 738 mis
640 692 886 738 extracta
914 686 1227 757 conchylia.
1253 686 1471 742 Nullum
1495 689 1731 759 denique
1760 697 1843 744 est
1869 690 2080 743 anima-

499 773 634 827 lium
680 790 876 845 genus,
903 776 1052 847 quod
1101 777 1186 832 vel
1222 794 1488 842 suuunas.
1518 781 1601 835 vel
1648 780 1866 834 infimas
1898 790 2080 849 partes

2182 510 2276 563 καὶ
2300 511 2399 563 ὅσα
2425 511 2515 562 τὸν
2554 510 2803 580 πυθμένα
2846 510 2945 580 τῆς
2978 509 3256 581 θαλάσσης
3284 509 3444 579 ἔλαχε
3474 513 3769 576 κατοικεῖν,

2184 602 2321 677 πρὸς
2345 603 2436 655 τὸν
2468 603 2605 673 ἀέρα
2633 601 2821 655 τοῦτον
2852 603 3166 671 ἐκφέρεται.
3201 603 3302 672 τῆς
3329 600 3440 654 τῶν
3474 600 3771 671 φιληδόνων

2189 693 2440 765 μηχανῆς
2491 692 2710 746 ποικίλα
2757 694 2876 745 κατ’
2908 691 3131 746 ἐκείνων
3163 690 3528 762 σοφιζομένης
3571 690 3641 744 τὰ
3674 689 3770 761 οή..

2191 800 2384 858 ρατρα.

499 866 672 922 maris
700 868 925 934 incolat,
990 872 1136 941 quod
1186 888 1293 927 non
1363 872 1602 929 humana
1647 875 1800 930 fraus
1835 875 2148 946 deceptum,
2189 879 2256 933 ad
2304 881 2447 935 hanc
2479 881 2601 935 coeli
2653 881 2832 935 lucem
2876 878 3252 950 aspiciendam
3295 877 3575 933 eduxerit.
3623 876 3772 931 Adeo

500 957 786 1014 hominum
830 963 1140 1034 voluptates
1191 966 1433 1036 undique
1479 968 1820 1037 captantium
1869 969 2087 1037 ingenia
2122 970 2190 1025 ad
2217 974 2398 1029 varias
2422 974 2652 1029 insidias
2679 980 2733 1027 et
2762 973 2920 1027 dolos
2979 970 3337 1040 reperiendos
3394 969 3768 1025 elaborarunt.

574 1049 681 1105 Sed
708 1051 1021 1121 qualianam
1063 1056 1290 1112 delicias
1320 1058 1591 1125 ejusmodi
1626 1059 2081 1128 consequuntur?

500 1138 739 1197 Necesse
784 1152 869 1197 est
915 1153 975 1199 ut
1020 1145 1258 1214 luxuria,
1298 1148 1387 1201 ubi
1417 1149 1583 1203 semel
1629 1149 1845 1205 radices
1883 1151 2079 1218 egerit,

2249 1059 2351 1118 Οἷα
2379 1064 2435 1118 δέ
2476 1065 2566 1118 καὶ
2592 1064 2662 1119 τά
2709 1062 2836 1133 ἐξῆς
2867 1062 2976 1115 τῶν
3009 1059 3343 1133 τρυφώντων
3369 1077 3387 1128 ;
3433 1060 3772 1128 Ἑπάναγκες

2177 1156 2285 1227 γάρ
2310 1155 2410 1225 τὴν
2442 1154 2661 1218 κακίαν,
2689 1155 2824 1208 ὅπου
2856 1155 2975 1206 ποτ’
3012 1153 3077 1207 ἂν
3112 1154 3148 1225 ἡ
3188 1152 3341 1215 νόσος
3369 1151 3638 1223 ἐνσκήψῃ.
3673 1152 3772 1215 τάς

501 1240 558 1287 et
604 1235 891 1301 coaluerit,
942 1238 1214 1308 reliquam
1268 1255 1454 1294 secum
1500 1242 1757 1311 nequitia:
1794 1244 2080 1296 materiam

2201 1248 2504 1311 ικολούθους
2551 1247 2684 1311 ὔλας
2732 1245 3082 1317 ἐφέλκεσθαι.
3139 1245 3232 1298 Διὸ
3261 1245 3354 1298 καὶ
3383 1244 3433 1299 οἱ
3466 1243 3564 1315 τὴν
3603 1242 3770 1316 ἀδρο-

504 1324 705 1380 lrahat.
732 1326 1123 1393 Quamobrem,
1158 1331 1250 1399 qui
1282 1332 1524 1384 molliter
1549 1340 1602 1384 et
1641 1331 1876 1387 delicate
1897 1333 2083 1387 vivere

2201 1339 2375 1391 ῐίαιτον
2429 1340 2522 1392 καὶ
2574 1336 2939 1407 Συϐαριτικὴν
2986 1335 3413 1406 παρατιθέμενοι
3462 1333 3769 1406 τράπεζαν,

505 1416 883 1477 instituerunt.
929 1424 1243 1476 necessario
1282 1422 1347 1476 ad
1388 1424 1784 1492 excogitandos
1828 1423 2079 1495 Inagnifi-

504 1523 601 1562 cos
630 1509 988 1564 aedificiorum
1017 1521 1314 1581 apparatus
1351 1513 1689 1566 alliciuntnr.
1724 1510 1780 1566 In
1821 1512 1908 1567 his
1944 1527 2081 1566 con-

2186 1431 2434 1483 ἐλκονται
2466 1430 2601 1500 πρὸς
2644 1429 2892 1495 ἀνάγκην
2922 1427 3002 1488 εἰς
3040 1425 3384 1488 κατασκευὰς
3419 1423 3772 1495 μεγαλοφυῶν

2186 1519 2653 1589 οἰκοδομημάτων,
2682 1517 2777 1569 καὶ
2810 1514 2909 1586 τὴν
2950 1515 3149 1584 πολλὴν
3177 1515 3436 1586 εὐπορίαν
3464 1513 3774 1568 δαπανῶσιν

504 1600 787 1655 struendis
836 1609 890 1655 et
936 1603 1267 1658 exornandis
1300 1604 1547 1657 maxima
1599 1605 1683 1657 vis
1722 1604 2078 1673 pecuniarum

2201 1611 2265 1673 ιίς
2299 1609 2526 1679 μέγεθος
2558 1610 2723 1662 οἴκων
2751 1607 2844 1661 καὶ
2882 1607 3086 1677 κόσμον
3128 1606 3442 1677 περίεργον.
3497 1606 3620 1659 Ἐπὶ
3652 1604 3774 1659 τού-

506 1690 883 1759 profunditur.
914 1692 994 1745 Ad
1022 1693 1136 1747 hch
1167 1702 1343 1748 rmtus
1374 1694 1658 1749 hominum
1690 1694 1926 1750 libenter
1951 1710 2086 1749 con-

505 1790 725 1846 vocant,
761 1790 815 1837 et
861 1785 1115 1844 invitant,
1165 1785 1504 1853 splendidam
1539 1794 1742 1841 vestem
1780 1797 1835 1841 et
1876 1786 2085 1840 variam

505 1873 897 1940 supellectilem
943 1874 1189 1932 studiose
1227 1887 1572 1947 comparant.
1608 1876 1829 1933 Mensas
1874 1878 2084 1947 pretio-

506 1963 758 2019 sissimas
787 1980 854 2020 ex
885 1976 1114 2039 argento
1145 1968 1468 2024 conflandas
1501 1976 1719 2033 curant,
1761 1969 1897 2023 alias
1942 1969 2091 2023 laevi-

508 2063 619 2110 tate
670 2056 996 2126 politissime
1060 2068 1393 2126 exaequatas,
1457 2061 1594 2115 alias
1656 2075 1789 2115 vero
1855 2059 2089 2114 artificio

508 2146 761 2215 sculplas
786 2155 841 2201 et
877 2146 1230 2215 fabrel'actas,
1273 2158 1333 2204 ut
1360 2150 1521 2205 liceat
1550 2150 1800 2204 convivis
1830 2150 1995 2204 simul
2036 2156 2091 2203 et

507 2238 691 2305 gulam
721 2238 897 2308 epulis
926 2239 1180 2307 delinire,
1210 2252 1265 2296 et
1293 2242 1486 2296 oculos
1515 2241 1790 2296 intuendis
1828 2249 1884 2295 et
1911 2241 2092 2311 legen-

506 2328 596 2384 dis
643 2329 889 2388 historiis
947 2332 1246 2388 oblectare.
1307 2330 1409 2387 Hic
1468 2334 1602 2387 mihi
1663 2334 1925 2404 deinceps
1975 2340 2094 2388 tute

507 2419 720 2490 reliqua
763 2423 1074 2488 considera,
1109 2433 1378 2490 crateras,
1413 2423 1683 2493 tripodas,
1726 2423 1917 2484 cados,
1961 2432 2089 2493 gut—

510 2514 717 2579 turnia,
776 2515 984 2583 lances,
1024 2516 1446 2583 innumerabilia
1496 2515 1821 2586 poculorum
1870 2530 2091 2585 genera.

511 2618 757 2670 scurras,
778 2607 995 2674 mimos,
1010 2607 1349 2670 citharistas,
1369 2614 1581 2677 poetas,
1603 2616 1876 2672 oratores,
1904 2615 2095 2660 canto-

509 2713 623 2765 res,
645 2698 996 2764 cantatrices,
1026 2699 1339 2759 saltatores,
1370 2698 1705 2755 saltatrices.
1734 2706 1907 2751 totum
1939 2695 2097 2750 deni-

511 2807 620 2861 que
663 2791 978 2861 petulantia:
1010 2791 1235 2857 ludum;
1268 2805 1468 2859 pueros
1509 2792 1685 2845 comis
1725 2790 2092 2850 effeminatos.

512 2884 726 2956 puellas
742 2884 1163 2949 inverecundas,
1177 2900 1315 2954 quas
1331 2891 1551 2953 propter
1564 2881 1969 2937 immodestiam
1990 2897 2098 2935 me-

2187 1718 2321 1765 τοις,
2352 1700 2447 1763 τὰς
2478 1699 2693 1763 κλισίας
2722 1697 3122 1767 φιλοκαλοῦσιν,
3169 1697 3398 1768 ἐσθῆτος
3427 1696 3647 1767 ἀνθινῆς
3679 1696 3776 1750 καὶ

2189 1791 2369 1860 πάσης
2412 1786 2839 1858 πεποικιλμένης
2881 1784 3232 1856 πληροῦντες.
3270 1785 3560 1857 Τραπέζας
3607 1784 3773 1838 πολυ-

2188 1883 2487 1944 ταλάντους
2528 1879 2769 1952 ἀργύρου
2817 1878 3193 1950 χαλκεύονται,
3241 1876 3344 1941 τάς
3388 1877 3486 1947 μὲν
3514 1879 3594 1940 είς
3635 1876 3775 1930 λειό-

2190 1989 2360 2044 τητας
2410 1969 2787 2042 ἐληλαμένας·
2839 1968 2937 2030 τὰς
2966 1968 3024 2022 δέ
3072 1966 3498 2038 πεποικιλμένας
3545 1968 3611 2037 τῇ
3641 1965 3776 2034 γλυ-

2192 2060 2383 2129 πτικῇ,
2431 2059 2506 2121 ὼς
2549 2056 2750 2121 ἐξεῖναι
2802 2055 2939 2127 ὁμοῦ
2983 2058 3047 2126 τῇ
3083 2056 3321 2127 φάρυγγι
3393 2056 3489 2110 καὶ
3518 2056 3615 2127 τὴν
3655 2055 3776 2125 ἧψιν

2192 2150 2512 2221 εὐωχεῖσθαι
2542 2151 2663 2212 ταῖς
2693 2147 2975 2217 ἱστορίαις.
3016 2147 3357 2217 Ἐπιλόγισαί
3402 2163 3493 2218 μοι
3530 2149 3600 2202 τὰ
3628 2149 3777 2219 ἐξῆς,

2193 2243 2502 2316 κρατῆρας,
2550 2241 2834 2314 τρίποδας,
2866 2241 3082 2307 κάδους,
3128 2241 3202 2294 τά
3234 2241 3441 2313 πρόχοα
3470 2240 3662 2313 σκεύη,
3707 2240 3777 2294 τὰ

2193 2335 2473 2405 ὸψοφόρα,
2528 2335 2874 2405 ἐκπωμάτων
2921 2333 3052 2403 γένη
3112 2333 3316 2404 μυρία,
3363 2333 3777 2401 γελωτοποιοὺς,

2199 2426 2418 2498 μίμους,
2447 2425 2787 2496 κιθαριστάς.
2817 2425 3010 2495 ᾠδοὺς,
3043 2423 3432 2493 κομψολόγους,
3462 2424 3776 2494 μουσικοὺς,

2200 2512 2485 2582 μουσικὰς,
2519 2512 2900 2584 ὀρχηστρίδας.
2928 2513 3109 2566 πάντα
3134 2513 3234 2580 τῆς
3263 2512 3551 2581 ἀσελγείας
3572 2511 3662 2565 τὸν
3686 2514 3777 2584 ὁρ-

2200 2603 2398 2673 μαθὸν,
2450 2604 2645 2668 παῖδας
2699 2603 3093 2674 θηλυνομένους
3154 2606 3272 2665 ταῖς
3329 2602 3557 2673 κόμαις,
3613 2604 3779 2674 κόρας

2198 2694 2464 2758 ἀναιδεῖς,
2523 2694 2759 2762 ἀδελφὰς
2815 2694 2915 2765 τῆς
2976 2692 3300 2763 Ἡρωδιάδος
3354 2693 3433 2756 είς
3487 2693 3779 2762 ἀκοσμίαν,

2199 2785 2531 2856 ἀναιρούσας
2567 2786 2845 2856 Ἰωάννην,
2883 2784 2975 2837 τὸν
3009 2786 3067 2838 ἐν
3097 2785 3310 2856 ἑκάστῳ
3335 2784 3543 2854 θεοειδῆ
3570 2785 3666 2839 καὶ
3694 2801 3781 2856 φιο

2198 2877 2426 2944 λόσοφον
2457 2876 2600 2931 νοῦν.

514 2981 623 3032 rito
660 2993 880 3033 sorores
923 2977 1248 3033 llerodiadis
1286 2978 1555 3048 appelles,
1589 2973 1882 3039 Joannem,
1954 2975 2010 3028 id
2075 2981 2162 3028 est
2200 2973 2450 3026 divinum
2503 2972 2558 3024 in
2604 2986 2970 3041 unoquoque,
3031 2969 3422 3040 sapientiaeque
3471 2967 3781 3024 studiosum

516 3079 760 3131 animum
802 3088 833 3128 e
862 3071 1042 3126 medio
1080 3070 1354 3123 tollentes.

531 3158 535 3167 ’
588 3169 766 3236 Atque
800 3164 929 3219 dum
971 3162 1086 3217 haec
1116 3163 1262 3216 intus
1288 3170 1574 3230 geruntur,
1618 3158 1863 3214 assident
1897 3158 1965 3212 ad
2000 3172 2094 3211 ve.

2268 3149 2487 3203 Τούτων
2508 3150 2728 3203 πάντων
2770 3151 2863 3203 ἐπι
2897 3153 2998 3220 της
3025 3150 3202 3214 οἰκίας
3227 3150 3582 3221 τελουμένων,
3624 3169 3774 3224 προσο

517 3258 712 3313 stibuli
745 3256 888 3311 fores
928 3253 1360 3309 innumerabiles
1407 3251 1625 3313 Lazari,
1658 3251 1857 3320 partim
1896 3248 2098 3302 ulceri-

517 3346 624 3401 bus
670 3343 838 3414 pleni,
886 3343 1083 3413 partim
1136 3340 1316 3395 oculis
1366 3340 1568 3403 orbati,
1617 3340 1812 3407 partim
1870 3336 2099 3407 pedibus

522 3436 722 3491 mutili.
771 3434 1007 3501 Quidam
1062 3432 1331 3503 ipsOrum,
1377 3431 1630 3502 quamvis
1689 3429 1801 3485 sint
1838 3429 2099 3483 omnibus

518 3527 637 3587 fere
690 3526 954 3582 membris
1007 3525 1251 3595 spoliati,
1291 3538 1512 3592 serpere
1552 3531 1736 3576 tamen
1772 3520 1998 3583 audent,
2046 3527 2102 3575 et

523 3632 802 3691 utcunque
846 3617 1290 3690 progrediuntur.
1338 3614 1700 3670 Conclamant
1737 3619 1941 3677 autem,
2004 3627 2104 3667 nec

523 3723 704 3767 tamen
743 3708 1131 3764 exaudiuntur.
1164 3707 1396 3777 Impedit
1427 3707 1574 3760 enim
1603 3704 1866 3757 tibiarum
1903 3703 2103 3773 strepi-

525 3816 614 3860 tus
641 3811 696 3857 et
732 3802 1005 3867 carmina,
1036 3815 1157 3871 qua:
1190 3799 1259 3853 ab
1289 3798 1425 3869 ipsis
1448 3797 1770 3851 cantoribus
1801 3797 2105 3850 concinun-

524 3907 636 3960 tur,
670 3902 725 3950 et
759 3894 937 3949 solute
968 3891 1262 3954 ridentium
1293 3890 1665 3945 cachinnatio.
1710 3887 1865 3954 Quod
1891 3888 1936 3943 si
1970 3903 2106 3958 pau-

525 4005 685 4060 peres
722 3987 884 4057 paulo
924 3982 1305 4039 vehementius
1344 3981 1493 4037 fores
1529 3980 1889 4051 pulsaverint,
1923 3981 2104 4033 inuni-

528 4083 600 4135 tis
649 4096 713 4133 ac
766 4094 944 4133 saevus
992 4075 1249 4130 alicunde
1294 4073 1586 4144 prosiliens
1629 4072 1839 4127 domini
1876 4073 2104 4139 janitor,

446 4244 449 4247 _
527 4189 624 4227 eos
655 4170 852 4226 baculo
880 4169 1157 4240 propellit,
1191 4175 1245 4222 et
1269 4182 1435 4222 canes
1464 4165 1764 4236 appellans,
1784 4164 2107 4219 verberibus

528 4266 719 4333 plagas
765 4261 958 4331 infligit
1009 4269 1064 4314 et
1124 4260 1373 4315 vulnera.
1428 4258 1645 4312 Abeunt
1695 4256 1859 4327 igitur
1903 4255 2108 4312 Christi

529 4356 716 4417 amici,
750 4357 803 4408 in
835 4354 1033 4423 quibus
1060 4354 1164 4408 sita
1196 4361 1281 4408 est
1308 4351 1689 4406 mandatorum
1714 4365 1949 4412 summa,
1983 4364 2108 4403 cum

529 4462 632 4503 nec
663 4446 823 4516 panis
855 4446 1113 4511 frustum,
1160 4459 1262 4498 nec
1297 4443 1518 4497 obsonii
1545 4442 1845 4511 quidquam
1890 4455 2112 4508 accepe-

530 4539 677 4603 rint;
733 4535 829 4590 sed
873 4536 1058 4605 potius
1112 4533 1478 4589 contumelias
1534 4539 1590 4587 et
1641 4531 1869 4586 verbera
1915 4530 2111 4584 lucrati

532 4627 665 4679 sint.
698 4625 846 4680 Intus
875 4635 1059 4678 autem
1105 4625 1159 4678 in
1195 4624 1411 4678 ofﬁcina
1444 4624 1788 4689 Mammome,
1828 4623 1942 4684 alii,
1993 4632 2113 4674 tan-

533 4734 698 4791 quam
725 4719 891 4774 nimis
920 4724 1122 4772 onusta
1174 4718 1410 4786 navigia,
1443 4722 1731 4770 reveniunt
1761 4714 1965 4775 cibum,
1997 4713 2113 4775 alii,

534 4811 902 4884 praesentibus
949 4808 1183 4880 poculis,
1240 4809 1581 4863 indormiunt
1630 4821 1849 4861 mensae.
1906 4805 2111 4876 Duplex

536 4916 717 4959 autem
762 4905 818 4959 in
849 4904 993 4974 turpi
1038 4902 1204 4957 domo
1248 4908 1534 4955 exercetur
1576 4909 1857 4969 peccatum
1891 4917 1905 4953 :
1944 4912 2113 4952 unum

536 5006 759 5068 propter
796 4998 1076 5052 ebriorum
1112 4993 1447 5055 satietatem,
1495 4992 1723 5046 alterum
1755 4999 1978 5060 propter
2017 5005 2114 5044 ex-

536 5091 822 5161 pulsorum
856 5103 1155 5159 pauperum
1187 5086 1408 5140 famem.

613 5178 668 5233 Si
720 5179 862 5234 Deus
908 5179 1023 5232 haec
1079 5177 1299 5247 aspicit,
1354 5176 1433 5229 uti
1469 5175 1631 5244 plane
1682 5173 1902 5244 aspicit,
1949 5187 2112 5242 quam

540 5272 665 5325 vita!
710 5269 1219 5331 commutationem,
1253 5283 1416 5337 quem
1471 5266 1678 5319 exitum
1713 5264 1831 5319 fore
1863 5264 2115 5333 cogitatis

539 5379 641 5417 vos
699 5364 1002 5432 pauperum
1060 5360 1314 5415 inimici?
1356 5357 1550 5421 Dicite,
1604 5373 1812 5427 quaeso,
1860 5371 1981 5417 vos,
2046 5370 2115 5409 an

546 5458 792 5517 nescitis,
824 5456 1020 5509 horum
1062 5468 1231 5508 causa
1275 5452 1329 5506 in
1375 5467 1535 5506 sacro
1568 5450 1861 5520 Evangelio
1889 5449 2018 5518 poni
2064 5460 2119 5503 et

370 5534 380 5545 ⁸
442 5588 446 5592 Α
545 5548 962 5599 commemorari
1024 5546 1272 5614 exempla
1306 5544 1491 5599 omnia
1539 5542 1815 5598 horrenda
1861 5550 1916 5596 et
1950 5541 2113 5595 terri-

546 5637 717 5695 bilia?
770 5636 962 5693 Nonne
1009 5654 1202 5709 graves
1252 5637 1397 5692 illius
1442 5637 1723 5692 cruciatus
1768 5644 1823 5691 et
1877 5635 2113 5705 gemitus

548 5740 930 5798 recensentur,
971 5730 1064 5801 qui
1099 5731 1150 5784 in
1205 5730 1373 5801 bysso
1419 5730 1596 5786 fuerat
1628 5730 1923 5795 enutritus,
1956 5736 2009 5784 et
2059 5729 2113 5783 in

2201 3243 2477 3314 εδρεύουσι
2507 3242 2585 3312 τῷ
2616 3241 2821 3296 πυλῶνι
2857 3243 3040 3314 μυρίοι
3073 3243 3311 3315 Λάζαροι
3341 3260 3356 3274 ’
3379 3245 3429 3298 οί
3465 3245 3564 3315 μὲν
3599 3245 3784 3317 ἡλκω-

2204 3337 2355 3406 μένοι
2404 3334 2671 3407 χαλεπῶς,
2708 3335 2855 3389 ἄλλοι
2898 3336 2991 3389 τὸν
3040 3335 3318 3407 ὀφθαλμὸν
3365 3339 3784 3410 ἐκκεκομμένοι,

2201 3428 2378 3499 ἐτεροι
2421 3425 2601 3497 λώϐην
2636 3427 2909 3491 στένοντες
2952 3428 3061 3481 τῶν
3111 3429 3307 3482 ποδῶνο
3353 3430 3496 3495 τινὲς
3524 3430 3582 3485 δέ
3610 3432 3785 3487 αὐτῶν

2202 3517 2461 3588 ἐρποντες
2489 3517 2785 3580 παντελῶς,
2811 3518 2905 3571 καὶ
2935 3518 3149 3571 πάντων
3182 3518 3291 3573 τῶν
3322 3519 3498 3591 μελῶν
3534 3523 3785 3593 στέρησιν

2203 3608 2613 3676 ὑπομείναντες.
2640 3605 2878 3670 Βοῶντες
2902 3608 2958 3661 δέ
2983 3608 3081 3660 οὐκ
3103 3608 3411 3665 ἀκούονται.
3436 3610 3651 3664 Κωλύει
3682 3613 3787 3681 γὰρ

2204 3697 2383 3751 αὐλῶν
2408 3699 2441 3768 ὴ
2470 3698 2706 3768 ἡχὴ,καὶ
2730 3699 2800 3751 τά
2834 3698 2970 3769 μέλη
2995 3690 3119 3753 τῶν
3134 3699 3459 3771 αὐτομάτων
3488 3702 3660 3774 ᾠδῶν,
3690 3705 3785 3756 καὶ

2204 3791 2233 3842 ὁ
2260 3787 2357 3841 τοῦ
2389 3788 2622 3851 πλατέος
2655 3788 2889 3855 γέλωτος
2937 3789 3274 3863 καγχασμός.
3310 3791 3408 3842 ’Ἂν
3456 3790 3514 3843 δέ
3561 3808 3662 3844 που
3695 3791 3788 3844 καὶ

2207 3882 2463 3936 ἐπιπλέον
2489 3880 2809 3951 διοχλήσωσι
2853 3883 2951 3944 τὰς
2998 3880 3189 3953 θύρας.
3240 3882 3594 3954 ἀναπηδήσας
3626 3882 3788 3936 ποθὲν

2207 3972 2467 4045 ἁνηλεοῦς
2516 3972 2777 4025 δεσπότου
2827 3971 3029 4042 θρασὺς
3080 3973 3329 4044 πυλωρὸς
3369 3976 3661 4028 ἀπελαύνει
3690 3976 3787 4047 ῥά-

2208 4066 2375 4129 ϐδοις,
2427 4064 2660 4128 ἀναιδεῖς
2694 4064 2861 4127 κύνας
2893 4065 3211 4130 ἀποκαλῶν,
3247 4067 3350 4136 καί
3377 4066 3625 4136 μάστιξιν
3667 4069 3789 4122 ἐπι-

2210 4156 2404 4223 ξαίνων
2430 4157 2500 4210 τὰ
2523 4157 2833 4229 τραύματα.
2881 4155 3235 4226 Ἀπέρχονται
3270 4157 3326 4210 δέ
3353 4159 3401 4210 οἱ
3433 4157 3528 4210 τοῦ
3556 4159 3788 4230 Χριστοῦ

2210 4250 2384 4318 φίλοι,
2429 4249 2537 4302 τῶν
2565 4248 2792 4302 ἐντολῶν
2824 4249 2884 4300 τὸ
2914 4248 3207 4318 κεφάλαιον
3230 4287 3245 4313 ,
3298 4250 3398 4303 οὐκ
3446 4252 3612 4322 ἄρτου
3662 4250 3781 4322 βρα-

2211 4343 2353 4413 χέος,
2386 4342 2486 4394 οὐκ
2530 4340 2658 4410 ὕψου
2691 4340 3070 4411 μετασχόντες,
3107 4339 3293 4410 ὕϐρεις
3338 4342 3395 4395 δέ
3439 4344 3534 4396 καὶ
3578 4343 3790 4414 πληγὰς

2213 4434 2730 4505 προσκερδάναντες.
2770 4432 2955 4485 Ἔνδον
2998 4432 3054 4485 δὲ
3099 4434 3157 4485 ἐν
3182 4432 3258 4504 τῷ
3306 4434 3652 4506 ἐργαστηρίῳ
3697 4435 3790 4489 τοῦ

2145 4496 2191 4554 D
2214 4496 2511 4598 Νίαμμωνᾶ
2537 4566 2552 4590 ,
2602 4526 2652 4580 οἱ
2691 4524 2788 4596 μὲν
2812 4524 2889 4588 ὡς
2920 4496 3242 4596 ὑπέραντλαν
3262 4496 3423 4578 πλοῖα
3587 4496 3791 4598 τροφὴν

2214 4617 2627 4683 ἀποϐλύζουσιν·
2667 4616 2815 4672 ἄλλοι
2838 4618 2905 4688 τῇ
2931 4615 3178 4688 τραπέζῃ
3208 4616 3622 4672 ἐπικαθεύδουσι
3646 4635 3791 4691 παρ-

2215 4712 2464 4767 εστώτων
2514 4712 2623 4765 τῶν
2667 4710 3030 4782 ἐκπωμάτων.
3074 4709 3248 4781 Διπλῆ
3275 4709 3334 4763 δὲ
3379 4710 3627 4784 ἁμαρτία
3655 4712 3794 4765 κατά

2215 4807 2314 4876 τὴν
2351 4806 2636 4876 ἀσχήμονα
2673 4804 2848 4857 οἰκίαν
2878 4802 3292 4873 ἐμπολιτεύεται
3317 4818 3330 4832 ·
3379 4803 3412 4873 ἡ
3447 4803 3567 4869 μέν,
3597 4804 3689 4857 ἐπὶ
3716 4803 3795 4874 τῷ

2218 4900 2367 4969 κόρῳ
2395 4899 2502 4950 τῶν
2536 4895 2862 4966 μεθυόντων,
2898 4897 2931 4966 ἡ
2958 4894 3015 4948 δέ
3044 4895 3137 4948 ἐπὶ
3162 4893 3241 4965 τῷ
3269 4893 3411 4964 λιμῷ
3439 4894 3548 4949 τῶν
3576 4895 3795 4951 ἐλαθέν-

2219 5008 2327 5045 των
2360 4988 2607 5060 πτωχῶν.
3398 4972 3403 4977 ”

2292 5169 2479 5227 Ταῦτα
2521 5170 2568 5222 εί
2604 5167 2894 5221 ἐποπτεύει
2926 5167 3077 5232 Θεὸς,
3121 5165 3311 5238 ὥσπερ
3334 5161 3426 5221 οὖν
3454 5166 3647 5238 ἐφορᾷ.
3675 5163 3797 5219 τίνα

2220 5263 2314 5317 τοῦ
2364 5263 2478 5333 βίου
2506 5260 2887 5331 καταστροφὴν
2915 5261 3170 5324 ἐννοεῖτε,
3201 5261 3251 5312 οἱ
3286 5258 3658 5330 μισόπτωχοι;
3706 5257 3795 5310 Ef-

2222 5370 2382 5417 πατε,
2407 5349 2444 5425 ἦ
2468 5354 2569 5407 οὐκ
2596 5352 2729 5413 ἴστε,
2771 5353 2852 5405 ὃτι
2885 5350 3063 5404 πάντα
3088 5350 3158 5403 τά
3187 5348 3434 5420 φρικώδη
3464 5348 3558 5402 καὶ
3591 5346 3796 5418 φοϐερά

2223 5446 2592 5516 ὑποδείγματα
2631 5446 2738 5498 τῶν
2778 5444 3031 5497 τοιούτων
3075 5442 3237 5513 χάριν
3282 5441 3343 5494 τὸ
3380 5440 3518 5512 ἱερὸν
3553 5436 3797 5507 Εὐαγγέ-

2221 5540 2333 5593 λιον
2362 5538 2530 5610 ἐκϐοᾷ
2553 5537 2647 5591 καὶ
2678 5536 3051 5607 μαρτύρεται;
3080 5535 3187 5587 Καὶ
3212 5533 3622 5604 ἀναγέγραπται
3673 5528 3793 5601 μὲν,

2222 5632 2394 5704 βαρέα
2420 5630 2744 5702 βρυχόμενος
2774 5629 2866 5680 καὶ
2888 5627 3084 5681 στένων
3109 5629 3138 5680 ό
3162 5627 3220 5680 ἐν
3246 5628 3312 5696 τῇ
3343 5625 3523 5694 βύσσῳ
3545 5618 3793 5693 τραφεὶς,

2221 5726 2316 5780 καὶ
2350 5726 2406 5778 ἐν
2450 5726 2515 5796 τῇ
2557 5721 2779 5795 ἀὸύσσῳ
2811 5721 2915 5774 τῶν
2966 5718 3151 5774 κακῶν
3202 5715 3588 5789 συνεχόμενος·
3636 5711 3798 5775 ἄλλος
