4124 6352
389 324 490 378 ΔΕΘ

1557 317 1645 372 DE
1674 317 1809 374 PAU
1818 316 2111 374 PERIBUS
2141 315 2470 373 AMANDIS.
3543 326 3650 380 4ῖο

387 443 444 496 δὲ
499 439 660 494 πάλιν
703 441 1004 508 ὁμότροπος
1061 438 1278 504 τούτου,
1331 438 1693 510 κατεδικάσθη
1744 439 1965 492 θάνατον

2075 437 2344 493 malorum
2412 439 2614 510 abysso
2684 438 3017 496 describitur
3083 439 3416 496 coerceri’?
3475 442 3654 510 Quid?

389 534 831 604 ἀπροσδόκητον,
877 535 935 586 ἐν
980 537 1044 604 τῇ
1097 534 1305 605 ἑσπέρᾳ
1351 534 1450 604 τὴν
1500 534 1726 604 ἑωθινὴν
1769 534 1972 604 τροφὴν

393 627 800 697 βουλευόμενος,
847 628 938 679 καὶ
981 627 1074 678 τοῦ
1125 627 1322 696 ὄρθρου
1379 627 1454 695 μὴ
1509 625 1828 680 καταλαϐὼν
1874 625 1972 696 τὴν

394 719 604 770 ἀκτῖνα.
657 717 749 787 Μὴ
797 715 979 787 θνητοὶ
1030 718 1127 786 τὴν
1169 717 1383 775 πίστιν,
1435 717 1528 768 καὶ
1577 717 1830 770 ἀθάνατοι
1873 718 1972 786 τὴν

392 809 708 862 ἀπόλαυσιν.
745 808 930 872 Οὕτως
962 810 1071 880 γὰρ
1104 809 1297 880 ἔχομεν
1328 809 1569 880 γνώμης,
1603 810 1652 862 οἱ
1696 810 1765 863 τὰ
1795 810 1971 864 πάντα

395 901 637 964 θέλοντες
680 904 742 972 τῇ
792 903 891 971 τῆς
944 903 1141 972 σαρκὸς
1190 904 1444 972 κολακείᾳ.
1496 902 1849 974 χαρίζεσθαι,
1897 902 1972 966 ὡς

393 993 658 1064 ἀδιάδοχοι
704 993 1096 1055 οίκοὸεσπόται,
1143 994 1216 1057 ὡς
1261 996 1526 1065 διηνεκεῖς
1573 994 1680 1047 τῶν
1729 995 1821 1048 ἐπὶ
1867 995 1971 1064 γῆς

393 1089 590 1158 κύριοι,
629 1089 684 1138 ἐν
713 1085 790 1155 τῷ
816 1085 962 1157 θέρει
987 1087 1084 1155 τὴν
1121 1085 1328 1156 σπορὰν
1360 1085 1747 1155 μεριμνῶντες,
1793 1085 1884 1136 καὶ
1915 1087 1971 1137 ἐν

392 1182 458 1248 τῇ
512 1179 690 1248 σπορᾷ
732 1177 830 1249 τὴν
879 1178 972 1231 τοῦ
1024 1177 1286 1248 θερισμοῦ
1319 1176 1582 1246 θυμηδίαν
1616 1175 1927 1239 ἐλπίζοντες
1953 1193 1966 1206 °

393 1267 716 1336 φυτεύοντες
760 1269 858 1336 τὴν
895 1267 1196 1332 πλάτανον,
1242 1266 1337 1319 καὶ
1378 1266 1471 1318 τοῦ
1517 1265 1720 1335 ὑψηλοῦ
1753 1265 1968 1336 δένδρου

391 1359 490 1430 τὴν
541 1359 696 1412 σκιὰν
759 1358 1082 1423 ἐλπίζοντες*
1133 1357 1581 1425 καταπηγνύντες
1620 1356 1711 1408 τὸν
1754 1355 1971 1426 πυρῆνα

390 1452 480 1504 τοῦ
513 1451 780 1519 φοίνικος,
834 1451 926 1504 καὶ
963 1450 1061 1520 τὴν
1091 1449 1403 1518 γλυκύτητα
1429 1447 1536 1501 τῶν
1580 1446 1806 1516 καρπῶν
1842 1447 1970 1498 ἁνα-

394 1540 664 1608 μένοντες.
719 1541 827 1594 Καὶ
869 1539 1042 1592 ταῦτα
1075 1539 1333 1600 πολλάκις
1377 1541 1433 1590 ἐν
1465 1536 1646 1607 πολιᾷ,
1674 1536 1762 1588 ὅτε
1805 1537 1970 1603 ἐγγὺς

389 1630 481 1684 τοῦ
519 1631 749 1684 θανάτου
785 1629 1007 1702 χειμών·
1046 1631 1291 1683 λείπουσι
1330 1631 1386 1682 δὲ
1413 1632 1476 1699 τῇ
1509 1630 1641 1699 ζωῇ,
1677 1629 1738 1680 οὑ
1772 1627 1970 1690 κύκλος

389 1721 673 1786 ἐνιαυτῶν,
705 1721 840 1774 ἀλλὰ
866 1725 1013 1791 τρεῖς
1040 1721 1070 1790 ἢ
1106 1721 1363 1790 τέτταρες
1387 1719 1612 1789 ἡμέραι.

2078 527 2219 583 Huic
2250 530 2388 585 alter
2415 531 2508 587 ille
2549 532 2770 596 similis,
2804 548 2986 587 nonne
3015 548 3140 587 cum
3169 536 3384 603 vesperi
3433 536 3501 590 de
3537 552 3652 590 ma-

2076 619 2270 674 tutinis
2300 619 2512 676 deliciis
2557 622 2848 691 cogitaret,
2885 630 2996 675 tam
3027 623 3425 692 inexspectata,
3465 634 3518 679 et
3562 641 3650 681 re-

2079 711 2306 780 pentina
2348 713 2639 768 damnatus
2672 725 2756 769 est
2805 723 3002 777 morte,
3061 723 3120 768 ut
3158 731 3224 768 ne
3273 717 3502 772 orientis
3529 720 3645 786 qui-

2076 803 2198 857 dem
2239 805 2374 859 solis
2408 805 2621 859 radium
2663 809 2902 876 potuerit
2939 806 3214 862 intueri‘?
3242 805 3480 863 Proinde
3525 826 3649 863 cum

2076 897 2338 950 mortales
2384 898 2580 964 simus,
2616 898 2771 953 lident
2809 915 2879 953 ne
2926 900 3274 968 abjiciamus,
3325 918 3460 956 neve
3497 902 3650 956 frna-

2076 1003 2199 1040 mur
2245 989 2617 1058 voluptatibus
2667 998 2726 1044 ut
2777 990 3136 1047 immortales.
3197 991 3288 1047 Sic
3342 992 3488 1046 enim
3540 993 3652 1048 lere

2079 1077 2258 1132 aﬂ‘ecti
2301 1095 2512 1144 sumus,
2551 1081 2862 1150 quicunque
2890 1083 3053 1152 genio
3080 1083 3386 1153 indulgere,
3417 1095 3469 1136 et
3496 1085 3649 1138 carni

2074 1167 2126 1223 in
2161 1171 2418 1225 omnibus
2461 1173 2691 1243 obsequi
2737 1174 3009 1228 volumus.
3062 1173 3341 1244 Tanquam
3381 1177 3650 1245 patresl'a-

2071 1261 2255 1316 milias
2297 1278 2674 1318 successorem
2707 1281 2987 1336 nunquam
3025 1267 3286 1328 habituri,
3322 1276 3375 1321 et
3403 1269 3648 1338 perpetui

2071 1369 2253 1407 rerum
2317 1355 2679 1410 humanarum
2732 1357 2962 1420 domini,
3013 1360 3210 1414 messis
3256 1369 3500 1429 tempore
3558 1375 3648 1414 se-

2071 1456 2310 1500 mentem
2371 1447 2623 1513 facimus,
2687 1457 2741 1502 et
2815 1449 3035 1518 quando
3098 1451 3481 1505 setninandnm
3539 1459 3646 1514 est,

2073 1552 2362 1605 speramus
2409 1538 2652 1592 lwliliam
2690 1543 2908 1595 messis.
2947 1540 3232 1595 Platantnn
3290 1545 3550 1606 serimus,
3593 1553 3649 1598 et

2072 1643 2317 1696 procera:
2355 1630 2568 1684 arboris
2605 1631 2852 1684 umbram
2881 1648 3188 1700 speramus.
3231 1633 3431 1690 Palma:
3462 1651 3648 1691 semen

2072 1730 2232 1775 terra:
2262 1723 2678 1787 committimus,
2709 1732 2762 1777 ct
2785 1722 3064 1779 fructuum
3086 1726 3432 1780 dulcedinem
3457 1745 3650 1798 exspe-

387 1826 626 1868 ctamus.
659 1813 785 1868 Haec
821 1824 1001 1867 autem
1041 1813 1153 1866 fere
1193 1813 1247 1866 in
1291 1813 1406 1881 ipsa
1460 1817 1766 1873 senectute,
1815 1809 2040 1880 quando
2073 1812 2186 1881 jam
2227 1813 2382 1867 adest
2427 1815 2605 1868 aetatis
2655 1824 2972 1882 autumnus,
3013 1828 3067 1871 et
3109 1821 3304 1874 mortis
3346 1821 3521 1878 hiems
3552 1821 3649 1876 ad-

388 1913 595 1966 ventat,
631 1913 684 1958 et
734 1905 856 1958 vitae
903 1904 1182 1958 residuum
1241 1913 1457 1971 tempus
1505 1910 1586 1958 est
1637 1918 1748 1956 non
1795 1903 1966 1957 series
2003 1917 2298 1967 annorum,
2341 1904 2436 1958 sed
2478 1914 2589 1960 tres
2624 1915 2718 1958 aut
2750 1918 2987 1976 quatuor
3019 1909 3158 1963 dies.

457 1999 815 2070 Λογισώμεθα
863 2000 1039 2052 τοίνυν
1082 2000 1158 2062 ὡς
1189 1999 1429 2066 λογικοὶ,
1472 2000 1553 2052 ὅτι
1603 1999 1896 2070 παροδικὸς
1942 2000 1965 2052 ό

2143 1998 2458 2069 Cogitemus
2481 2002 2646 2072 igitur
2681 2019 2802 2066 nos,
2835 2005 2927 2073 qui
2957 2005 3166 2060 ratione
3193 2007 3404 2076 praediti
3435 2024 3648 2076 sumus,

390 2092 501 2160 βίος
532 2091 708 2162 ἡμῶν,
746 2092 839 2145 καὶ
876 2091 1013 2162 ῥέων
1036 2095 1063 2145 ὁ
1095 2093 1303 2162 χρόνος,
1336 2091 1561 2154 ἄστατός
1592 2109 1651 2144 τε
1677 2091 1771 2144 καὶ
1804 2092 1963 2161 ἄσχε-

387 2201 496 2249 τος,
541 2183 730 2254 ὥσπερ
755 2200 810 2236 τι
841 2184 1017 2254 ῥεῦμα
1051 2184 1318 2253 ποταμοῦ,
1353 2183 1460 2235 πᾶν
1499 2182 1559 2234 τὸ
1586 2185 1642 2234 ὲν
1662 2182 1810 2251 αὑτῷ
1836 2199 1966 2250 τυγο.

383 2277 544 2346 χὰνον
576 2276 812 2328 ἐλαύνων
854 2276 988 2346 πρὸς
1013 2276 1072 2327 τὸ
1116 2276 1214 2346 τῆς
1245 2276 1448 2345 φοορᾶς
1475 2274 1626 2337 τέλος
1649 2290 1662 2304 ⁸
1711 2275 1804 2326 καὶ
1831 2275 1963 2339 εῖθε,

388 2369 592 2440 βραχὺς
621 2369 695 2421 ὢν
723 2371 816 2423 καὶ
845 2369 1126 2440 ὲπίκηρος,
1159 2371 1400 2438 ὑπῆρχεν
1430 2367 1749 2430 ἁνεύθυνοςί
1797 2367 1966 2420 Τοῦτο

385 2463 443 2515 δέ
472 2464 586 2514 ἐστι
625 2462 685 2515 τὸ
728 2462 1082 2525 ἐπικίνδυνον,
1132 2462 1191 2515 τὸ
1235 2461 1472 2530 ἑκάστης
1519 2460 1688 2530 ὥρας,
1742 2461 1801 2512 οὑ
1860 2459 1966 2530 μὴν

383 2553 518 2606 ἀλλὰ
546 2554 639 2606 καὶ
671 2553 779 2606 τῶν
832 2553 1025 2621 λόγων,
1071 2548 1144 2606 ὧν
1177 2551 1548 2622 φθεγγόμεθα,
1583 2550 1661 2621 τῷ
1685 2550 1965 2621 ἀδεκάστῳ

383 2646 716 2716 δικαστηρίῳ
746 2645 842 2715 τὴν
873 2645 1166 2712 ἀπολογίαν
1191 2644 1443 2712 ὀφείλειν.
1478 2643 1568 2695 Διὸ
1606 2643 1699 2696 καὶ
1727 2645 1754 2694 ὀ
1790 2643 1966 2711 μακά-

387 2754 499 2806 ριος
534 2737 862 2806 Ψαλμῳδὸς,
894 2737 1028 2806 πρὸς
1056 2736 1249 2804 ὁμοίαν
1275 2735 1383 2787 τῶν
1415 2733 1506 2786 νῦν
1535 2733 1842 2802 λεγομένων
1877 2731 1964 2784 ἐν·

384 2847 530 2883 νοιαν
563 2830 752 2882 ἑαυτὸν
799 2830 1108 2900 ἀναφέρων,
1152 2827 1414 2898 ἐπιθυμεῖ
1461 2825 1780 2895 γνῶναιτοῦ
1836 2823 1963 2877 ἰδίου

382 2921 568 2982 τέλους
595 2920 691 2989 τὴν
727 2921 1082 2990 προθεσμίαν.
1133 2919 1446 2985 Ἐκλιπαρεῖ
1486 2919 1541 2970 δὲ
1575 2916 1663 2970 τὸν
1694 2916 1825 2969 Θεὸν
1857 2915 1964 2968 τῶν

385 3012 678 3064 ἐπιλοίπων
705 3009 925 3082 ἡμερῶν
949 3011 1261 3081 διδαχθῆναι
1287 3011 1378 3062 τὸν
1410 3009 1664 3079 ἀριθμὸν,
1707 3008 1795 3060 ἵνα
1828 3008 1964 3078 πρὸς

382 3104 448 3156 τὰ
478 3104 613 3174 ἔργα
643 3105 742 3173 τῆς
776 3103 954 3169 ἐξόδου
979 3102 1486 3173 παρασκευάσηται.
1518 3101 1608 3169 Μὴ
1639 3098 1882 3170 ταραχθῇ
1907 3098 1963 3150 δὲ

381 3196 590 3267 ἀθρόως
619 3196 695 3257 ὡς
718 3197 998 3265 ἀνέτοιμος
1041 3195 1318 3266 ὁδοιπόρος
1354 3193 1556 3265 μεταξὺ
1589 3191 1840 3261 βαδίζων,
1870 3191 1964 3243 καὶ

379 3289 449 3341 τὰ
503 3291 776 3356 ἀναγκαῖα
822 3287 929 3338 τῶν
977 3287 1201 3354 ἐφοδίων
1253 3284 1584 3356 περιζητῶν.
1623 3285 1789 3354 Φησὶν
1835 3278 1962 3336 οὖν·

380 3381 692 3449 Γνώρισόν
713 3399 834 3449 μοι,
862 3381 1054 3447 Κύριε,
1087 3379 1153 3430 τὸ
1182 3379 1366 3446 πέρας
1393 3395 1532 3447 μου,
1570 3377 1669 3430 καὶ
1701 3375 1807 3429 τὸν
1840 3376 1964 3444 ἀρι-

380 3473 531 3541 θμὸν
576 3471 693 3524 τῶν
737 3469 972 3538 ἡμερῶν
993 3488 1129 3539 μου,
1172 3469 1263 3533 τίς
1301 3469 1509 3521 ἐστιν’
1559 3469 1658 3521 ἵνα
1706 3467 1862 3536 γνῶ,
1906 3467 1964 3519 τί

380 3563 609 3630 ὑστερῶ
643 3561 776 3632 ἐγώ.
825 3561 980 3614 Ἰδοὺ
1019 3563 1358 3625 παλαιστὰς
1396 3561 1538 3614 ἔθου
1589 3560 1696 3624 τὰς
1736 3558 1962 3628 ἡμέρας

380 3674 515 3724 μου,
564 3654 660 3706 καὶ
695 3657 733 3722 ἠ
770 3654 1107 3718 ὑπόστασίς
1143 3671 1261 3721 μου
1305 3651 1445 3704 ὡσεὶ
1484 3650 1662 3704 οὐδὲν
1705 3650 1963 3703 ἐνώπιόν

379 3763 516 3802 σου.
570 3746 739 3798 Βλέπε
776 3746 954 3816 ψυχῆς
988 3745 1211 3814 συνετῆς
1260 3745 1530 3814 μέριμναν
1576 3741 1816 3810 ἀγαθὴν,
1869 3743 1962 3794 καὶ

379 3839 554 3893 ταῦτα
584 3841 640 3890 ἐν
669 3838 932 3910 βασιλικῷ
961 3837 1249 3906 ἀξιώματι.
1292 3832 1698 3905 Ἐνοπτρίζεται
1739 3832 1847 3903 γὰρ
1871 3833 1963 3886 τὸν

380 3932 612 3985 Βασιλέα
645 3930 752 3982 τῶν
783 3921 1045 4001 βασιλέων
1078 3930 1171 3980 καὶ
1212 3927 1302 3980 τὸν
1347 3925 1552 3998 Κριτὴν
1599 3925 1706 3977 τῶν
1737 3923 1960 3997 κριτῶν·

379 4026 475 4079 καὶ
517 4025 690 4095 ζητεῖ,
735 4025 824 4077 τὸν
856 4024 1057 4076 τέλειον
1087 4023 1288 4091 κόσμον
1329 4020 1435 4073 τῶν
1475 4017 1704 4071 ἐντολῶν
1732 4017 1949 4086 κομισά-

383 4137 561 4190 μενος,
594 4116 847 4171 ἀπελθεῖν
871 4116 1053 4187 ἆρτιος
1087 4116 1184 4184 τῆς
1214 4113 1358 4183 ζωῆς
1378 4113 1476 4182 τῆς
1503 4113 1680 4164 ἐκεῖσε
1716 4110 1959 4179 πολίτηςδ

378 4208 445 4281 ἧς
473 4210 683 4277 γένοιτο
713 4208 919 4270 πάντας
945 4207 1089 4276 ἡμᾶς
1121 4205 1397 4274 ἐπιτυχεῖν
1440 4200 1622 4272 χάριτι
1652 4200 1743 4252 καὶ
1772 4198 1961 4266 φιλαν-

381 4303 598 4374 θρωπίᾳ.
621 4301 713 4354 τοῦ
741 4300 946 4371 Κυρίου
978 4298 1133 4370 ἡμῶν
1173 4296 1346 4367 Ἰησοῦ
1374 4293 1633 4365 Χριστοῦ,
1675 4286 1719 4360 ᾧ
1755 4294 1788 4362 ἡ
1829 4289 1955 4355 δόξα

380 4399 458 4458 είς
480 4396 605 4457 τοὺς
638 4393 840 4456 αἰῶνας
868 4393 976 4446 τῶν
1003 4391 1232 4445 αἰώνων.
1279 4390 1471 4460 ’Δμήν.

2066 2105 2230 2159 quam
2269 2091 2477 2161 fragilis
2519 2092 2775 2164 ﬂuxaque
2817 2097 2889 2151 sit
2919 2097 3026 2149 vita
3065 2104 3276 2159 nostra,
3305 2115 3468 2168 quam
3503 2102 3652 2156 velo-

2067 2180 2206 2234 citer
2229 2181 2446 2234 labatur
2473 2190 2704 2252 tempus,
2745 2191 2803 2236 nt
2832 2184 2952 2238 sisti
2994 2184 3354 2255 cohiberique
3382 2201 3491 2240 non
3524 2201 3652 2257 pos-

2069 2273 2162 2335 sit,
2225 2281 2284 2327 ut
2340 2273 2581 2329 ﬂuminis
2637 2290 2836 2332 cursus
2891 2276 3075 2330 omnia
3115 2291 3237 2345 quae
3280 2277 3526 2340 metitur,
3581 2277 3649 2331 ad

2069 2369 2348 2422 interitum
2413 2367 2581 2422 ducat
2634 2375 2688 2422 et
2743 2368 2948 2421 trahat.
2993 2367 3172 2438 Atque
3218 2369 3426 2422 utinam
3485 2369 3651 2423 breve

2069 2467 2284 2512 tantum
2337 2467 2485 2514 esset
2536 2459 2771 2528 Spatium
2816 2461 2960 2524 vitae,
3007 2459 3170 2513 modo
3217 2459 3507 2514 reddenda:
3557 2474 3651 2513 ra-

2070 2550 2203 2604 tioni
2259 2564 2368 2604 non
2439 2566 2686 2606 essemus
2742 2551 2987 2605 obnoxii.
3051 2551 3211 2605 Nunc
3276 2561 3458 2606 autem
3515 2553 3649 2607 illud

2070 2642 2264 2694 merito
2297 2651 2554 2711 torquere
2597 2658 2696 2696 nos
2726 2643 2905 2706 debet,
2948 2644 3094 2713 quod
3140 2651 3194 2698 et
3234 2645 3464 2715 singulis
3501 2645 3651 2700 boris

2069 2731 2239 2786 instat
2287 2733 2617 2802 periculum,
2679 2741 2733 2787 et
2796 2735 3152 2804 incorruptus
3206 2743 3372 2804 atque
3438 2737 3651 2804 integer

2067 2822 2354 2878 adeundus
2420 2833 2504 2878 est
2574 2823 2784 2892 judex,
2860 2825 3005 2894 apud
3067 2841 3230 2895 quem
3296 2842 3406 2880 non
3471 2829 3648 2882 solum

2076 2931 2288 2978 eorum,
2321 2931 2441 2984 qua:
2474 2916 2724 2978 fecimus,
2763 2918 2856 2970 sed
2897 2918 3164 2980 omnium,
3219 2933 3340 2987 quae
3385 2918 3648 2981 diximus,

2068 3005 2343 3059 reddenda
2376 3007 2537 3063 nobis
2574 3009 2733 3061 ratio.
2769 3008 3136 3075 Quamobrem
3162 3010 3278 3065 haec
3308 3025 3493 3065 secum
3530 3013 3646 3081 ipse

2069 3104 2255 3156 animo
2301 3103 2523 3158 volvens
2571 3104 2766 3158 beatus
2827 3103 2918 3158 ille
2964 3110 3119 3158 vates
3175 3114 3295 3158 avet
3346 3104 3650 3175 intelligere

2069 3194 2397 3263 praefinitum
2429 3195 2724 3248 terminum
2757 3195 2900 3249 vitae.
2945 3193 3133 3263 Itaque
3164 3195 3332 3248 Deum
3370 3205 3646 3266 precatur,

2069 3295 2128 3339 ut
2178 3287 2282 3341 sibi
2334 3302 2624 3341 numerum
2677 3289 2914 3353 dierum,
2968 3289 3058 3356 qui
3111 3290 3304 3358 reliqui
3345 3298 3493 3354 sunt,
3550 3305 3651 3346 an-

2067 3378 2310 3440 nuntiet,
2342 3393 2452 3446 quo
2495 3379 2743 3448 accingat
2777 3395 2900 3433 sese
2945 3379 3010 3432 ad
3053 3394 3138 3443 ea,
3171 3394 3292 3448 qua:
3342 3380 3409 3434 ad
3441 3382 3644 3435 exitum

2067 3471 2370 3540 pertinent,
2428 3485 2498 3524 ne
2556 3481 2813 3539 tanquam
2871 3471 3048 3524 viator
3103 3472 3466 3541 improvidus,
3516 3473 3644 3527 dttm

2073 3565 2180 3617 iter
2226 3564 2377 3624 facit,
2427 3572 2481 3617 et
2537 3563 2795 3617 viaticum
2850 3566 3223 3620 necessarium
3281 3568 3496 3635 quaerit,
3556 3581 3640 3621 ro-

2064 3664 2228 3727 pente
2269 3657 2536 3711 turbetur.
2575 3657 2666 3710 Sic
2696 3655 2864 3726 igitur
2898 3658 3114 3728 inquit:
3145 3657 3347 3712 Notum
3375 3659 3460 3728 fac
3493 3659 3642 3723 milii,

2065 3748 2307 3811 Domine,
2340 3749 2499 3816 ﬁnem
2531 3765 2722 3811 meum,
2751 3759 2800 3801 et
2829 3765 3101 3803 numerum
3145 3749 3353 3804 dierum
3385 3767 3642 3817 meorum,

2069 3839 2187 3908 quis
2211 3848 2311 3900 est,
2352 3847 2410 3891 ut
2450 3839 2617 3892 sciam
2642 3839 2770 3908 quid
2795 3842 2928 3894 ιΙρδὶι
2961 3841 3107 3894 mihi.
3148 3840 3282 3896 Ecce
3317 3843 3646 3896 mensurabi-

2067 3930 2141 3982 les
2178 3929 2404 3996 posuisti
2447 3929 2558 3981 dies
2594 3945 2757 3993 meos,
2806 3940 2856 3985 et
2886 3929 3188 3984 substantia
3238 3948 3353 3984 mea
3392 3941 3645 4002 tanquam

2067 4019 2291 4072 nihilum
2342 4028 2464 4073 ante
2496 4028 2544 4072 te
2566 4019 2609 4074 ’.
2645 4019 2843 4076 Cernis
2892 4022 3090 4076 animae
3123 4025 3278 4076 bonae
3317 4023 3640 4092 prudentem

2067 4111 2517 4172 sollicitudinem.
2554 4111 2718 4180 idque
2759 4116 2811 4165 in
2843 4113 3066 4169 homine
3113 4115 3165 4169 in
3197 4117 3343 4186 regia
3377 4117 3643 4187 dignitate

2066 4205 2390 4256 constituto.
2435 4202 2546 4256 Nec
2580 4203 2777 4256 mirum
2808 4225 2820 4259 :
2849 4205 3094 4260 intuetur
3138 4208 3281 4261 enim
3322 4207 3520 4278 Regem
3556 4224 3643 4262 re-

2063 4308 2216 4362 gum.
2259 4303 2313 4346 et
2352 4294 2600 4363 judicnm
2643 4293 2908 4350 .lndicem.
2961 4297 3099 4351 lllud
3135 4307 3317 4354 autem
3365 4300 3637 4363 obsecrat,

2063 4393 2124 4438 ut
2183 4385 2434 4439 absoluta
2498 4387 2878 4441 mandatorum
2935 4385 3287 4445 observantia
3349 4390 3641 4448 decoratus

381 4487 627 4543 discedat
668 4487 876 4554 integer
911 4495 966 4538 et
997 4485 1270 4553 perfectus
1307 4481 1549 4536 caelestis
1613 4479 1759 4534 illius
1828 4479 2018 4549 patriae
2057 4477 2217 4539 civis,
2268 4491 2432 4546 quam
2492 4492 2594 4531 nos
2646 4477 2774 4531 item
2838 4494 3030 4537 omnes
3072 4489 3129 4534 ut
3177 4497 3540 4551 assequamur
3581 4492 3636 4539 et

379 4593 508 4652 opto
537 4589 590 4635 et
613 4595 794 4650 spero,
832 4593 926 4648 per
953 4577 1180 4648 gratiam
1214 4587 1268 4630 et
1298 4575 1690 4646 benignitatem
1726 4572 1941 4626 Domini
1979 4571 2154 4625 nostri
2183 4569 2312 4624 .lesu
2341 4569 2571 4635 Christi,
2609 4571 2697 4624 cui
2741 4572 2916 4641 gloria
2985 4576 3042 4629 in
3081 4583 3368 4631 aeternum.
3438 4574 3635 4632 Amen.

402 4823 404 4826 .
449 4769 466 4798 ⁷
509 4766 642 4822 Luc.
672 4782 794 4831 xvi,
831 4765 895 4820 l9
943 4779 1062 4833 sqq.
1189 4761 1322 4816 Luc.
1359 4775 1460 4823 Vm,
1489 4756 1580 4812 Ἦ).

1657 4757 1844 4814 'Psal.
1884 4770 2113 4822 xxxviii,
2149 4753 2202 4816 5,
2237 4751 2290 4805 6.
