4124 6352
471 341 565 394 ιτι
1667 314 1724 369 s.
1771 310 2098 369 cnsconu

2060 310 2098 365 ll
2154 306 2446 365 NYSSENI
3587 296 3688 349 67:!

3127 466 3551 481 --ι--ι--ο-ο-
3572 463 3690 475 Μ

1418 654 1645 745 ΤΟΥ
1680 651 2055 741 ΑΥΤΟΥ
2119 645 2739 737 ΓΡΗΓΟΡΙΟΥ

1200 868 1613 984 ΠΕΡΙ
1719 857 2957 981 ΦΙΛΟΠΤΩΧΙΑΣ

1898 1097 2116 1154 ΛΟΓΟΣ
2150 1096 2226 1149 B'.

1379 1448 1917 1540 EJUSDEM
2016 1449 2110 1538 S.
2197 1442 2778 1538 GREGORII

934 1686 1135 1800 DE
1272 1682 2323 1800 PAUPERIBUS
2458 1673 3203 1794 AMANDIS

1909 1916 2164 1976 ORATIO
2196 1914 2259 1971 ll.

1542 2006 1555 2022 ι
1643 1992 1673 2019 ε*

1709 2103 1974 2158 Francisco
2000 2107 2039 2154 Ζ
2044 2106 2122 2156 ina
2159 2101 2435 2167 interprete.

451 2450 516 2511 In
539 2469 603 2510 ea
627 2449 900 2522 Evangelii
925 2451 1079 2505 verba
1100 2465 1118 2503 :
1137 2450 1420 2515 Quatenus
1451 2452 1544 2505 uni
1565 2467 1628 2506 ex
1657 2452 1740 2508 his
1754 2451 2037 2510 l‘ecnstis“:
2065 2451 2079 2492 Α

2078 2439 2110 2492 ⁵ο
2137 2449 2328 2518 Λόγος
2375 2449 2463 2522 είς
2496 2445 2562 2522 τὸ
2591 2445 2782 2522 {inter
2831 2444 2940 2522 τοῦ
2987 2444 3392 2522 Εὐαγγεᾼίοιέξ
3442 2444 3555 2514 Ἐφ’
3582 2448 3706 2501 ὅσσον

973 2530 1023 2576 et
1063 2512 1180 2590 qun‘:
1211 2532 1521 2591 sequuntur.
2231 2512 2243 2518 ’
2306 2512 2311 2513 ⁷
2375 2512 2601 2586 ἐποιήσα

2231 2512 2243 2518 ’
2306 2512 2311 2513 ⁷
2375 2512 2665 2586 ἐποιήσατε
2693 2517 2772 2568 ἐνὶ
2804 2515 3027 2580 τούτων,
3055 2512 3255 2569 καὶτὰ
3282 2512 3447 2582 ἑξῆς.

518 2634 709 2689 Adhuc
736 2633 791 2687 in
821 2632 1160 2688 formidolosi
1190 2635 1369 2703 magni
1405 2633 1554 2689 illius
1587 2636 1731 2704 regis
1762 2634 2030 2692 adventus

2203 2634 2324 2687 Ἔτι
2364 2630 2502 2703 πρὸς
2535 2628 2615 2700 τῷ
2647 2629 2881 2701 θεάματι
2920 2629 3019 2698 τῆς
3048 2626 3285 2698 φοϐερᾶς
3308 2626 3403 2680 τοῦ
3444 2624 3705 2697 βασιλέως

453 2727 615 2783 nobis
658 2726 727 2780 ab
759 2724 1053 2796 Evangelio
1082 2725 1344 2801 descripti
1397 2726 1858 2794 contemplatione
1886 2726 2029 2781 deti-

2129 2724 2448 2793 ἐπιφανείας
2476 2722 2614 2793 εἰμὶ,
2645 2721 2713 2792 ἣν
2757 2721 3061 2792 ὑπογράφει
3089 2718 3152 2772 τὸ
3193 2717 3547 2788 Εὑαγγέλιον.
3583 2716 3704 2770 Ἔτι

452 2833 606 2875 ueor.
645 2816 839 2872 Adhuc
867 2823 1077 2870 attente
1102 2815 1475 2871 consideranti
1506 2825 1912 2886 metum,quem
1946 2818 2031 2871 in-

2133 2817 2477 2887 κατέπτηχεν
2522 2816 2556 2886 ἡ
2600 2814 2768 2885 ψυχὴ,
2808 2812 2945 2883 πρὸς
2967 2813 3057 2866 τὸν
3081 2811 3242 2881 φόϐον
3268 2811 3378 2866 τῶν
3402 2810 3705 2882 εἰρημένων

452 2909 570 2979 iicit
608 2922 673 2965 ea
725 2906 1195 2971 commemoratio,
1223 2906 1419 2975 refugit
1467 2906 1760 2976 horretque
1789 2907 2026 2962 animus.

2130 2905 2542 2970 ἐνατενίζουσα·
2580 2905 2656 2969 ὠς
2700 2903 2990 2975 καθορῶσα
3025 2904 3228 2974 τρόπον
3275 2903 3399 2957 τινὰ
3445 2906 3605 2958 αὐτόν
3646 2920 3706 2957 τε

452 3000 587 3056 Nam
625 3002 903 3057 cmlestem
934 2999 1108 3069 ipsum
1140 3014 1324 3062 regem
1377 3001 1430 3055 in
1470 2999 1673 3053 throno
1701 3000 2026 3069 maiestatis,

2128 2999 2224 3053 τὸν
2256 2997 2501 3069 οὐρανῶν
2544 2996 2791 3068 βασιλέα,
2820 2993 3002 3058 καθώς
3031 3011 3193 3066 φησιν
3223 2996 3252 3048 6
3293 2994 3469 3063 λόγος,
3495 2996 3584 3049 ἐπὶ
3609 2995 3705 3049 τοῦ

454 3100 512 3143 ut
531 3089 603 3146 ibi
634 3088 990 3152 describitur,
1017 3087 1250 3143 terribili
1277 3087 1512 3157 quodam
1541 3087 1702 3142 modo
1735 3084 2032 3159 praesiden-

2132 3090 2323 3163 θρόνου
2362 3089 2464 3159 τῆς
2509 3088 2666 3160 δόξης
2703 3087 2947 3160 φοϐερῶς
2987 3087 3400 3159 προκαθήμενον
3421 3105 3436 3121 ο
3483 3088 3576 3142 καὶ
3615 3096 3706 3141 τον

453 3192 563 3235 tem
586 3180 718 3234 mihi
752 3179 939 3235 videor
962 3178 1183 3234 intueri.
1199 3176 1544 3248 Magniﬁcum
1569 3179 1720 3233 illum
1744 3182 2030 3244 thronum,

2136 3179 2531 3252 μεγαλοπρεπῆ
2560 3178 2748 3249 θρόνον
2780 3179 2984 3230 ἐκεῖνον
3006 3192 3021 3205 °
3061 3176 3209 3238 ὅστις
3236 3176 3365 3230 ποτὲ
3401 3177 3496 3230 καὶ
3523 3179 3552 3229 ὁ
3580 3176 3708 3248 θρό-

455 3273 766 3342 quicunque
791 3270 1023 3325 thronus
1053 3269 1144 3324 ille
1163 3270 1257 3334 sit,
1289 3283 1415 3325 eum
1442 3269 1535 3338 qui
1570 3270 1722 3324 nullo
1747 3280 2032 3326 coercetur

2131 3287 2220 3336 νος
2249 3273 2396 3325 ἐστὶν
2423 3273 2452 3325 6
2497 3268 2690 3341 χωρῶν
2734 3270 2791 3321 ἐν
2833 3265 3011 3338 ἐαυτῷ
3052 3266 3143 3319 τὸν
3167 3267 3478 3339 ἀχώρητον’
3518 3268 3618 3331 τάς
3647 3285 3706 3323 τε

456 3368 599 3433 loco,
628 3364 1001 3419 continentem
1035 3377 1221 3418 cerno.
1255 3361 1681 3418 Innumerabilia
1711 3364 2030 3434 angelorum

2133 3362 2393 3432 ἀπείρους
2418 3361 2529 3415 τῶν
2559 3359 2805 3428 ἀγγέλων
2837 3358 3103 3429 μυριάδας
3140 3358 3372 3423 ἐκείνας,
3419 3361 3476 3412 ἐν
3523 3359 3708 3429 κύκλῳ

458 3473 637 3527 regem
670 3454 1095 3524 constipantium
1148 3454 1315 3507 millia
1368 3455 1541 3509 video.
1598 3454 1852 3525 Magnum
1898 3459 2031 3524 quin

2131 3453 2224 3506 τὸν
2269 3453 2491 3524 βασιλέα
2536 3449 2932 3522 περιεστώσαςο
2973 3451 3135 3505 αὐτόν
3170 3468 3231 3504 τε
3268 3451 3359 3503 τὸν
3407 3450 3580 3522 μέγαν
3615 3452 3709 3505 καὶ

456 3549 621 3604 etiam
679 3547 855 3617 ipsum
902 3560 967 3600 ac
1016 3544 1417 3601 formidandum
1462 3552 1645 3615 regem
1689 3548 1917 3617 aspicio,
1964 3566 2031 3603 cx

2134 3545 2364 3616 φοϐερὸν
2412 3542 2655 3614 βασιλέα,
2710 3543 2776 3595 ἐκ
2825 3543 2925 3614 τῆς
2976 3542 3257 3615 ἁφράστου
3295 3541 3453 3607 δόξης
3486 3544 3580 3596 ἐπὶ
3611 3543 3710 3613 τὴν

459 3639 727 3694 immensa
751 3637 924 3708 gloria
944 3637 1001 3691 in
1020 3644 1273 3691 naturam
1299 3636 1592 3692 humanam
1620 3640 2030 3708 despicientem,

2134 3637 2482 3709 ἀνθρωπίνην
2541 3634 2960 3689 κατακύπτοντα
3009 3634 3204 3704 φύσιν,
3248 3634 3343 3689 καὶ
3399 3637 3509 3689 πᾶν
3555 3635 3707 3704 γένος

460 3736 516 3782 et
542 3727 797 3793 universa
815 3740 1013 3796 genera
1050 3726 1351 3789 hominum,
1370 3729 1686 3799 quicunque
1719 3746 1782 3785 ex
1805 3744 1872 3784 eo
1896 3741 2032 3785 tem-
2066 3777 2088 3833 ε

2079 3777 2108 3832 Β
2135 3729 2436 3800 ἀνθρώπων
2479 3727 2588 3780 τῶν
2626 3726 2719 3796 ἀφ’
2749 3720 2810 3779 οὗ
2842 3726 3125 3795 γεγόνασιν
3163 3725 3456 3797 ἄνθρωποι,
3489 3727 3583 3782 καὶ
3613 3726 3707 3797 μέ-

461 3829 614 3886 pore,
644 3830 753 3887 quo
812 3817 1048 3884 primum
1101 3817 1349 3885 generari
1415 3817 1665 3875 homines
1723 3828 2031 3890 creperum,
2067 3817 2089 3833 ‘

2079 3817 2108 3832 ν
2138 3839 2232 3894 χρι
2259 3822 2358 3891 τῆς
2403 3818 2638 3891 φοϐερᾶς
2687 3818 2988 3888 ἐμφανείας
3029 3817 3242 3888 ἐκείνης
3286 3818 3707 3889 εὑρισκομένων,

462 3923 638 3979 usque
680 3908 748 3963 ad
777 3909 1054 3964 metuendi
1080 3909 1230 3968 illius
1266 3910 1530 3967 adventus
1575 3911 1719 3967 diem
1762 3915 2039 3980 reperian-

2138 3912 2461 3984 ἁθροίζοντά
2485 3928 2544 3964 τε
2579 3909 2714 3982 πρὸς
2749 3910 2960 3974 ἑαυτὸν,
2990 3909 3084 3962 καὶ
3121 3909 3265 3963 κατὰ
3296 3910 3394 3980 τὴν
3414 3910 3579 3975 ,ἀξίαν
3600 3908 3709 3963 τῶν

463 4009 575 4064 tur,
598 3999 667 4053 ad
713 4015 773 4054 se
810 4012 1253 4071 congregantem,
1297 4003 1637 4074 singulisque
1671 4019 1738 4058 ex
1771 4004 2039 4060 institutas

2141 4002 2485 4073 βεϐιωμένων
2534 3999 2748 4069 ἑκάστῳ
2772 3999 2870 4070 τὴν
2903 3998 3083 4069 κρίσιν
3131 3998 3425 4067 ἐπάγοντα,
3460 4001 3572 4062 τοῖς
3611 3999 3709 4069 μὲν

463 4101 516 4148 et
539 4101 800 4148 anteactae
827 4094 950 4147 vita:
974 4093 1185 4149 ratione
1212 4105 1266 4149 et
1299 4095 1528 4160 meritis,
1547 4095 1630 4150 vel
1656 4097 1875 4164 praemia
1904 4096 2039 4150 dan-

2137 4090 2287 4165 δεξιᾷ
2315 4095 2381 4163 τῇ
2417 4090 2732 4163 προαιρέσει
2772 4090 3034 4160 συζήσασι
3065 4092 3135 4144 τὰ
3177 4091 3347 4156 δεξιὰ,
3393 4091 3576 4155 καθὼς
3636 4093 3707 4146 εῖ-

467 4192 597 4244 tem.
633 4184 717 4238 vel
743 4183 1076 4254 irrogantem
1121 4184 1411 4253 supplicia,
1453 4185 1559 4241 illis
1591 4187 1684 4255 qui
1724 4199 1872 4241 reete
1906 4201 2039 4241 san-

2144 4201 2324 4257 ρηται,
2364 4182 2740 4253 χαριζόμενον,
2772 4184 2884 4245 τοῖς
2908 4181 2967 4235 δὲ
3000 4183 3208 4246 σκαιοῖς
3249 4199 3309 4235 τε
3348 4183 3443 4235 καὶ
3471 4182 3711 4255 ἀποϐλη-

467 4283 664 4345 cteque
714 4275 969 4341 vixerint,
1009 4273 1080 4330 ad
1123 4275 1404 4330 dexteram
1451 4283 1684 4346 partem,
1722 4284 1781 4332 ut
1829 4276 2038 4334 dictum

2138 4291 2272 4338 τοις,
2304 4272 2401 4344 τὴν
2427 4271 2760 4342 κατάλληλον
2784 4272 2894 4335 τοῖς
2923 4271 3273 4341 βεϐιωμένοις
3298 4272 3710 4345 ἀποκληροῦντα

467 4375 570 4431 est,
597 4365 918 4421 collocatis:
948 4366 1043 4436 qui
1094 4381 1225 4421 vero
1263 4365 1529 4437 ﬂagitiose
1576 4375 1631 4420 et
1666 4367 1938 4438 improbe,
1970 4366 2041 4422 ad

2139 4363 2320 4434 ψῆφον
2340 4379 2354 4393 ο
2388 4363 2706 4431 ἐπιλέγοντα
2740 4363 3042 4433 ἑκατέροις,
3068 4364 3181 4425 τοῖς
3210 4362 3309 4432 μὲν
3338 4362 3435 4435 τὴν
3456 4364 3711 4431 γλυκεῖαν

468 4458 750 4515 sinistram
783 4458 996 4527 positis,
1027 4465 1081 4512 et
1112 4458 1509 4515 condemnatis.
1548 4456 1822 4526 Utrosque
1857 4470 2038 4512 autem

2141 4457 2238 4511 καὶ
2280 4455 2493 4527 ἀγαθὴν
2518 4455 2732 4524 ἐκείνην
2766 4455 2947 4525 φωνὴν
2967 4493 2984 4520 ,
3021 4454 3103 4507 ὃτι
3134 4454 3332 4519 Δεῦτε,
3367 4458 3421 4509 οἱ
3462 4459 3685 4525 εὐλογη

470 4544 687 4601 diversa
744 4550 928 4599 tamen
982 4545 1195 4600 ratione
1238 4544 1599 4615 appellantem
1654 4546 1838 4601 audio.
1888 4545 2041 4601 Alios

2128 4542 2309 4612 ’μένοι
2351 4543 2459 4598 τοῦ
2510 4544 2740 4612 Πατρός
2762 4557 2913 4613 μου⁶
2956 4545 3068 4606 τοῖς
3111 4542 3167 4595 δὲ
3204 4542 3302 4616 τὴν
3340 4544 3582 4617 φρικώδη
3621 4549 3714 4601 καὶ⁵

469 4638 614 4692 enim
653 4636 990 4691 dulcissimis
1022 4635 1131 4690 illis
1171 4650 1236 4689 ac
1281 4635 1635 4691 faustissimis
1684 4635 1867 4692 verbis
1904 4636 2041 4689 allo-

2142 4634 2383 4706 φοϐερὰν
2432 4634 2679 4705 ἀπειλὴν,
2714 4635 2795 4687 ὅτι
2827 4634 3179 4701 Πορεύεσθε,
3210 4638 3264 4689 οἱ
3296 4637 3709 4707 κατηραμένοι.

471 4728 685 4798 quitur:
710 4724 910 4789 Venite,
944 4726 1201 4780 benedicti
1243 4725 1426 4780 Patris
1457 4726 1556 4779 mei
1584 4741 1603 4789 ;
1630 4727 1768 4781 alios
1795 4726 2041 4782 horribili

2142 4725 2301 4781 Οὕτω
2332 4726 2389 4780 δέ
2419 4742 2510 4797 μοι
2535 4726 2631 4796 τῆς
2657 4724 2835 4796 ψυχῆς
2863 4725 3000 4797 πρὸς
3030 4726 3122 4779 τὸν
3150 4724 3261 4781 τῶν
3290 4728 3715 4795 ἀνεγνωσμένων

470 4833 536 4873 ac
576 4816 865 4872 metuenda
897 4816 989 4871 illa
1015 4817 1439 4871 comminatione
1476 4835 1489 4869 :
1528 4814 1633 4881 Ite,
1666 4815 1954 4882 maledicti,
1985 4816 2043 4870 in

2143 4817 2305 4886 φόϐον
2335 4816 2690 4887 διατεθείσης,
2729 4817 2806 4880 ὡς
2827 4820 2846 4837 ¹
2870 4817 2887 4838 ¹
2916 4820 2935 4840 ⁶
2985 4816 3125 4888 πρὸς
3160 4819 3342 4882 αὐτοῖς
3370 4816 3546 4872 δοκεῖν
3576 4817 3712 4875 εἶναι

468 4910 642 4979 ignem
672 4918 945 4965 aeternum.
972 4906 1064 4962 Sic
1086 4915 1267 4962 autem
1298 4907 1427 4960 mihi
1461 4908 1576 4962 haec
1601 4907 1794 4978 legenti
1833 4915 1881 4962 et
1912 4923 2044 4961 con-

2142 4911 2255 4971 τοῖς
2290 4908 2599 4980 πράγμασι.
2648 4908 2761 4961 Καὶ
2813 4907 2921 4961 τῶν
2959 4908 3243 4979 παρόντων
3290 4911 3713 4966 ἐπαισθάνεσθαι

470 5002 739 5057 sideranti
785 4999 1015 5056 affectus
1036 5006 1090 5055 et
1119 4998 1542 5070 perterrefactus
1589 5010 1673 5054 est
1706 5003 1941 5064 animus,
1984 5006 2044 5052 ut

2148 4999 2394 5071 μηδενὸς,
2429 4998 2684 5070 οὐδεμίαν
2731 5000 2760 5052 6
2803 4999 2927 5064 νοῦς
2986 5000 3110 5067 ἄγει
3153 5000 3366 5071 σχολὴν,
3418 5002 3552 5074 πρὸς
3589 5003 3715 5057 ἄλλο

473 5093 494 5165 [
524 5109 588 5148 ea
635 5108 745 5147 non
775 5092 899 5163 legi,
934 5091 1030 5147 sed
1066 5090 1206 5155 ﬁeri,
1256 5106 1367 5146 non
1420 5091 1781 5160 pronuntiari,
1817 5091 1912 5144 sed
1957 5090 2042 5160 agi
2071 5130 2101 5186 ε

2087 5109 2199 5186 3τι
2252 5091 2467 5162 βλέπειν
2510 5090 2620 5145 τῶν
2667 5091 3040 5162 προκειμένων
3085 5093 3165 5155 είς
3220 5091 3464 5158 ἐξέτασίν
3510 5112 3570 5148 τε
3621 5096 3715 5149 καὶ

472 5185 874 5255 quodammodo
917 5184 1254 5251 existimem,
1281 5184 1502 5254 jamque
1530 5199 1639 5238 non
1668 5182 1874 5247 audire,
1911 5181 2043 5254 sed]
2082 5181 2100 5186 “

2086 5181 2112 5186 ⁷
2148 5183 2381 5252 θεωρίαν
2407 5182 2485 5253 τῷ
2537 5181 2713 5253 λόγῳ’
2742 5182 2919 5235 καίτοι
2950 5199 3013 5252 γε
3047 5183 3108 5236 οὑ
3141 5184 3310 5256 μικρὰ
3341 5185 3516 5239 ταῦτά
3545 5188 3714 5248 ἐστιν,

474 5278 632 5345 plane
656 5276 821 5330 rebus
847 5274 982 5344 ipsis
1003 5275 1267 5330 interesse
1297 5275 1430 5328 mihi
1461 5274 1669 5330 videor.
1693 5278 1880 5343 Itaque
1905 5290 2043 5343 pne-

2146 5274 2267 5328 οὺδὲ
2303 5274 2488 5345 ὀλίγης
2519 5274 2797 5344 ζητήσεως
2826 5273 2971 5341 ἄξια,
3018 5275 3079 5328 τὸ
3114 5275 3315 5343 γνῶναι
3347 5276 3462 5340 πῶς
3499 5277 3715 5347 ἔρχεται

477 5364 709 5419 sentiam
737 5364 1126 5433 nihilamplius
1144 5367 1342 5428 sentio,
1373 5379 1473 5418 nec
1503 5364 1668 5418 menti
1695 5373 1853 5418 vacat
1874 5364 2045 5433 respi-

2146 5367 2175 5419 6
2220 5366 2306 5420 ἀεὶ
2357 5367 2568 5439 παρών.
2650 5366 2795 5422 Ἰδοὺ
2842 5367 2970 5438 γὰρ,
3010 5369 3164 5438 φησὶ,
3208 5369 3338 5436 μεθ’
3381 5368 3548 5438 ὑμῶν
3599 5370 3715 5438 ειμι

477 5471 603 5509 cere
659 5453 727 5507 ad
778 5454 927 5508 aliud
984 5453 1280 5524 quidquam
1344 5471 1570 5522 eorum,
1612 5471 1732 5524 quas
1791 5456 1925 5510 mihi
1974 5456 2041 5511 ad

2148 5457 2348 5523 πάσας
2392 5457 2500 5522 τὰς
2543 5457 2799 5527 ἡμέρας·
2849 5459 2942 5511 καὶ
2975 5461 3025 5511 εί
3071 5458 3190 5527 μεθ’
3236 5459 3393 5529 ἡμῶν
3427 5456 3566 5513 εἶναι
3619 5478 3718 5513 πε-

477 5542 868 5613 eXplorandum
909 5553 965 5599 et
1014 5545 1490 5615 contcmplandum
1543 5546 1820 5617 proposita
1874 5555 2042 5615 sunt,

2154 5549 2454 5619 πίστευται,
2490 5550 2607 5616 πῶς
2629 5551 2777 5622 ἥξειν
2796 5550 2872 5615 ὡς
2891 5551 2953 5602 οὐ
2987 5549 3177 5621 παρὼν
3207 5550 3633 5621 ἐπαγγέλλεται;
3667 5549 3716 5606 εί

553 5718 597 5751 ⁸⁸
637 5718 824 5773 Matth.
888 5733 1012 5787 xxv,
1041 5719 1110 5774 40
1148 5737 1270 5792 sqq.
