4124 6352
434 334 535 387 475

1564 326 1653 381 DE
1694 318 2134 381 PAUPERIBUS
2162 322 2483 379 AMANDIS.

3578 331 3644 383 47
3656 332 3682 383 vi

428 443 540 513 γὰρ
575 440 645 495 ἐν
674 438 835 504 αὐτῷ
865 438 1051 509 ζῶμέν
1076 456 1141 491 τε
1179 439 1277 491 καὶ
1314 439 1632 507 κινούμεθα
1664 438 1764 492 καὶ
1790 438 1995 507 ἐσμὲν.

2103 436 2353 505 quamvis
2377 450 2441 491 ea
2474 436 2720 505 profecto
2756 451 2856 489 nec
2896 449 3060 504 parva
3100 435 3232 498 sint,
3279 451 3381 489 nec
3430 451 3679 506 exugnam

430 530 613 594 καθώς
661 546 822 600 φησιν
869 531 898 582 ὁ
960 528 1313 591 Ἀπόστολος,
1366 528 1591 598 οὐδεμία
1648 528 1864 600 μηχανὴ
1909 527 2002 581 τοῦ

431 620 924 693 περιδεδραγμένου
958 620 1065 673 τῶν
1112 621 1329 674 πάντων
1360 620 1485 683 τοὺς
1518 622 1574 671 ἐν
1601 621 1750 690 αὐτῷ
1776 637 2004 690 κατεχο-

435 714 625 776 μένους
654 711 891 775 τοπικῶς
916 712 1245 782 ἀποστήσει’
1280 711 1419 764 ὥστε
1451 712 1483 782 ἢ
1513 712 1607 763 νῦν
1641 712 1714 782 μὴ
1751 716 2002 781 παρεῖναι

440 807 542 868 ,οἷς
571 803 1054 874 ἐμπεριεχομένοις
1076 843 1090 866 ,
1122 802 1154 871 ἦ
1185 802 1395 874 χρόνοις
1424 800 1647 873 ὕστερον
1670 801 2005 872 παρέσεσθαι

432 913 563 949 ποτε
591 896 979 968 προσδοκῆσαι.
1014 894 1109 956 Τίς
1135 894 1190 946 δὲ
1232 896 1327 947 καὶ
1354 896 1387 964 ἠ
1418 893 1512 947 τοῦ
1542 894 1833 964 ἀσωμάτου
1869 893 2003 945 καθ-

432 988 595 1058 ἑδρα;
641 987 735 1041 καὶ
796 988 829 1057 ἡ
880 986 972 1038 τοῦ
1035 985 1266 1055 ἀοράτου
1330 986 1633 1055 ὲμφάνεια;
1686 985 1779 1037 καὶ
1830 986 1863 1055 ἠ
1910 983 2003 1036 τοῦ

430 1080 834 1149 ἀσχηματίστου
888 1080 1101 1149 pepigi};
1158 1080 1251 1131 καὶ
1298 1080 1329 1149 ἡ
1378 1077 1472 1131 τοῦ
1516 1078 1800 1148 ἀχωρὴτου
1839 1079 1895 1130 ἐν
1928 1076 2005 1148 τῷ

432 1170 606 1240 θρόνῳ
642 1172 992 1240 περιγραφή;
1050 1168 1143 1220 καὶ
1178 1167 1352 1220 πάντα
1392 1168 1457 1220 τὰ
1489 1167 1730 1229 τοιαῦτα,
1779 1167 1853 1229 ὡς
1888 1167 2004 1235 μεί-

431 1262 560 1326 ζονα
609 1261 642 1331 ἢ
692 1261 832 1314 κατά
884 1261 974 1311 τὸν
1039 1259 1277 1331 παρόντα
1332 1258 1542 1326 καιρὸν,
1603 1257 2000 1329 ὑπερθήσομαι.

432 1353 620 1415 Ὅπως
643 1352 686 1404 δ’
716 1350 781 1404 ἂν
814 1350 888 1421 μὴ
919 1352 997 1413 εἰς
1022 1351 1120 1419 τὴν
1143 1349 1251 1402 τῶν
1275 1348 1593 1420 ἀποϐλήτων
1618 1348 2005 1419 ἀπωσθείημεν

427 1438 600 1509 τάξίν,
636 1445 773 1515 πρὸς
816 1442 991 1505 τοῦτο,
1044 1440 1225 1504 καθὼς
1270 1440 1337 1494 ἂν
1383 1436 1494 1503 οἷός
1545 1458 1604 1492 τε
1650 1435 1714 1504 ὦ,
1760 1442 1897 1509 πρὸς
1945 1439 2006 1493 τὸ

429 1537 605 1590 κοινὸν
628 1536 818 1606 κέρδος
842 1535 1025 1605 τρέψω
1054 1534 1144 1587 τὸν
1172 1534 1346 1601 λόγον.
1373 1533 1582 1604 Σφόδρα
1607 1533 1735 1603 γὰρ,
1761 1532 2002 1601 ἀδελφοὶ,

430 1628 638 1699 σφόδρα
690 1626 828 1698 πρός
872 1627 971 1697 τὴν
1019 1624 1245 1695 ἀπειλὴν
1298 1626 1712 1694 κατεπτόημαι’
1762 1625 1857 1677 καὶ
1906 1625 2007 1678 οὐκ

428 1717 697 1789 ἀρνοῦμαι
744 1719 844 1787 τῆς
895 1715 1072 1789 ψυχῆς
1111 1733 1211 1786 μου
1247 1714 1307 1768 τὸ
1352 1715 1542 1778 πάθος.
1590 1714 1919 1785 Ἐϐουλόμην
1959 1716 2003 1769 δ’

2104 527 2506 596 indagationem
2540 527 2825 596 requirant
2855 544 2869 592 ;
2901 526 3177 597 quomodo
3207 526 3460 581 videlicet
3499 531 3681 584 venire

2104 618 2463 687 intelligatur,
2490 619 2583 687 qui
2612 634 2829 686 semper
2859 618 3038 681 adest,
3065 619 3367 688 praesertim
3399 635 3522 672 cum
3566 620 3681 689 ipse

2103 709 2248 763 dicat
2282 729 2294 763 :
2326 713 2460 762 Ecce
2489 709 2751 762 vobiscum
2779 726 2895 761 sum
2921 710 3161 762 omnibus
3184 710 3365 763 diebus
3398 707 3584 781 [usque
3613 713 3682 763 ad

2103 802 2604 854 consummationem
2640 801 2820 853 sa'cult'
2856 800 2928 873 ⁸⁵]
2962 818 2977 867 ;
3013 810 3066 855 et
3114 801 3159 855 si
3216 802 3499 856 nobiscum
3559 817 3683 855 esse

2104 893 2348 946 creditur
2371 930 2386 953 ,
2418 891 2692 961 quomodo
2726 901 2990 945 venturus
3013 931 3029 957 ,
3065 900 3324 961 tanquam
3374 908 3482 947 non
3517 893 3681 954 adsit,

2102 982 2498 1037 existimetur?
2539 981 2594 1034 Si
2635 982 2779 1035 enim
2825 984 2878 1035 in
2915 984 3028 1048 ipso
3052 988 3136 1041 (ut
3165 985 3341 1052 inquit
3368 985 3681 1054 Apostolus)

2104 1071 2355 1134 vivimus,
2386 1086 2691 1133 movemur,
2726 1081 2775 1124 et
2825 1088 3007 1125 sumus
3038 1072 3103 1134 ⁸⁸,
3141 1074 3290 1126 nullo
3346 1075 3508 1129 modo
3567 1074 3680 1129 fieri

2103 1172 2304 1232 potest,
2342 1172 2400 1217 ut
2439 1164 2507 1217 ab
2536 1163 2652 1225 illo,
2686 1166 2778 1234 qui
2811 1165 3193 1234 complectitur
3217 1168 3419 1228 onmia,
3449 1168 3508 1229 ii,
3542 1184 3681 1237 quos

2104 1254 2222 1322 ipse
2254 1255 2691 1325 comprehendit,
2742 1257 2865 1310 loco
2910 1257 3316 1322 discludantnr,
3362 1261 3433 1313 ita
3477 1270 3534 1313 ut
3588 1271 3683 1314 aut

2104 1362 2252 1399 nunc
2297 1346 2523 1400 minimc
2563 1348 2708 1401 adsit
2750 1347 2835 1402 his
2888 1349 2979 1416 qui
3017 1349 3085 1402 ab
3133 1351 3253 1418 ipso
3309 1352 3680 1416 continentur,

2105 1448 2198 1491 aut
2246 1447 2369 1507 post
2423 1438 2641 1505 aliquod
2696 1446 2910 1508 tempus
2963 1440 3260 1495 adfuturus
3314 1451 3674 1511 exspectetur.

2104 1529 2531 1600 Praeterea,qn2e
2559 1532 2731 1600 possit
2760 1548 2881 1587 esse
2912 1534 3058 1588 illius
3087 1544 3179 1587 aut
3207 1534 3384 1596 sedes,
3413 1544 3507 1588 aut
3542 1551 3682 1605 pra:-

2107 1620 2302 1684 sentia,
2338 1632 2431 1674 ant
2480 1622 2652 1675 forma
2678 1661 2693 1684 ,
2725 1632 2818 1676 aut
2862 1627 2915 1677 in
2972 1626 3174 1679 throno
3215 1627 3681 1696 circumscriptio,

2108 1713 2200 1781 qui
2230 1722 2283 1767 et
2309 1729 2541 1783 corpore
2568 1723 2740 1777 caret,
2777 1725 2832 1770 et
2880 1716 3051 1770 videri
3095 1734 3202 1770 non
3246 1726 3444 1786 potest,
3479 1729 3534 1772 et
3576 1717 3686 1770 for-

427 1808 494 1862 ἂν
530 1809 620 1862 καὶ
661 1809 804 1878 ὑμᾶς
838 1808 911 1877 μὴ
939 1805 1422 1877 καταφρονητικῶς
1468 1806 1611 1875 ἔχειν
1647 1806 1754 1859 τῶν
1800 1806 1995 1874 φόϐων.

2108 1820 2247 1858 mam
2276 1806 2476 1859 nullam
2511 1807 2692 1870 habet,
2711 1818 2765 1861 et
2793 1808 2995 1878 ubique
3020 1810 3100 1863 sic
3130 1810 3304 1868 adest.
3330 1818 3390 1864 ut
3414 1824 3684 1879 nusquam

427 1901 712 1971 Μακάριος
744 1898 854 1971 γὰρ
882 1898 939 1963 ὃς
982 1900 1352 1969 καταπτήσσει
1386 1897 1561 1951 πάντα
1593 1896 1660 1950 δι’
1699 1898 2001 1952 εὐλάϐειαν.

438 1992 495 2044 '0
552 1991 608 2043 δὲ
668 1989 1020 2060 καταφρονῶν
1070 1989 1414 2059 πράγματος,
1465 1975 2005 2059 καταφρονηθήσεται

425 2084 515 2135 ὑπ’
555 2084 738 2146 αὑτοῦ,
786 2082 917 2153 φησί
971 2098 1072 2134 που
1118 2081 1217 2150 τῆς
1273 2083 1462 2150 σοφίας
1495 2082 1522 2133 ὁ
1565 2082 1738 2149 λόγος.
1799 2081 2006 2133 Οὐκοῦν

422 2175 528 2246 πρὸ
557 2177 657 2242 τῆς
690 2174 838 2245 ὧρας
868 2173 975 2225 τῶν
1007 2172 1210 2235 κακῶν,
1246 2173 1306 2225 τὸ
1343 2173 1417 2242 μὴ
1446 2174 1501 2224 ὲν
1536 2172 1700 2244 πείρᾳ
1734 2173 1840 2225 τῶν
1872 2190 2004 2225 σκυ-

423 2266 657 2336 θρωπῶν
684 2266 937 2333 γενέσθαι
980 2265 1370 2334 φροντίσωμεν.
1407 2265 1501 2326 Τίς
1528 2264 1583 2317 δὲ
1634 2267 1665 2333 ἡ
1708 2264 1994 2335 ἀπαλλαγὴ

421 2359 527 2410 τῶν
557 2358 835 2429 φοϐερῶν;
873 2357 945 2409 Τὸ
976 2357 1177 2424 ταύτην
1205 2356 1298 2409 τοῦ
1336 2357 1448 2427 βίου
1479 2356 1576 2427 τὴν
1609 2357 1725 2409 ὁδὸν
1758 2356 1992 2418 ἑλέσθαι,

420 2452 486 2519 ἣν
521 2450 613 2502 νῦν
646 2448 920 2513 ὑπέδειξεν
950 2451 1082 2519 ἡμῖν
1109 2451 1137 2501 ὁ
1166 2449 1340 2515 λόγος,
1371 2448 1469 2517 τὴν
1496 2447 1804 2517 πρόσφατον
1828 2446 1993 2509 ὅντως

418 2542 512 2593 καὶ
537 2541 736 2605 ζῶσαν.

2102 1898 2357 1952 concludi
2396 1899 2677 1954 secludive
2707 1901 2899 1968 possit.
2938 1900 3062 1955 llaec
3098 1901 3265 1972 igitur
3303 1914 3357 1957 et
3389 1910 3584 1956 caetera
3632 1901 3684 1955 id

2102 2004 2274 2059 genus
2307 1998 2566 2058 tanqttam
2602 1992 2833 2060 majora,
2884 2008 3045 2061 quam
3080 2002 3136 2047 ut
3171 2008 3199 2047 a
3240 1994 3398 2049 nobis
3442 1995 3497 2047 in
3546 2010 3682 2063 pra:-

2105 2082 2282 2136 sentia
2312 2084 2575 2153 explicari
2616 2086 2851 2148 valeant,
2885 2087 3223 2149 omittemus,
3261 2095 3317 2141 et
3374 2087 3687 2141 communis

2104 2174 2358 2230 utilitatis
2385 2177 2557 2246 gratia
2605 2178 2734 2230 illnc
2765 2178 3069 2231 orationem
3120 2188 3366 2235 nostram
3400 2188 3686 2234 converte-

2103 2280 2247 2325 mus.
2289 2276 2370 2330 ut,
2399 2284 2508 2336 quo
2566 2280 2723 2338 pacto
2772 2270 2888 2323 fieri
2935 2272 3127 2339 possit,
3168 2289 3235 2327 ne
3282 2273 3595 2343 redigamur
3630 2274 3684 2327 in

2101 2357 2461 2424 reproborum
2533 2359 2819 2422 ordinem,
2880 2377 2978 2430 pro
3035 2364 3246 2419 viribus
3306 2366 3683 2419 oswndamus.

2101 2446 2383 2517 Equidem,
2418 2459 2475 2504 ut
2508 2452 2739 2521 ingenue
2794 2452 2964 2507 fatear
3002 2457 3467 2525 perturbationem
3517 2457 3683 2510 animi

2098 2542 2226 2605 mei,
2270 2548 2641 2610 vehementer,
2676 2564 2709 2602 ο
2747 2548 2980 2614 fratres,
3015 2550 3363 2604 vehementer
3414 2549 3506 2602 illa
3536 2565 3685 2604 com-

418 2636 716 2689 minatione
778 2633 1108 2688 conterritus
1157 2647 1299 2685 sum.
1346 2630 1459 2685 Hoc
1516 2639 1694 2685 autem
1750 2632 1944 2684 timore
2004 2648 2099 2687 vos
2154 2635 2279 2688 item
2332 2637 2467 2691 allici
2518 2640 2676 2694 velim
2738 2626 2914 2711 neque
2978 2657 3101 2696 enm
3162 2643 3269 2697 ulla
3319 2644 3531 2696 ratione
3589 2643 3686 2696 de.

416 2728 646 2797 spicere.
696 2727 891 2781 Beatus
942 2727 1089 2779 enim
1142 2725 1227 2779 vir
1275 2724 1366 2794 qui
1419 2734 1637 2778 veretur
1688 2724 1871 2777 omnia
1910 2739 2007 2792 per
2061 2734 2305 2791 metum,
2347 2740 2406 2782 ut
2453 2732 2689 2799 quodam
2741 2734 2861 2787 loco
2918 2733 3091 2803 inquit
3141 2734 3368 2803 Sapiens
3434 2733 3511 2799 ‘7;
3592 2736 3684 2803 qui

417 2830 596 2875 autem
624 2821 927 2874 contemnit
955 2835 1093 2883 rem,
1126 2827 1506 2874 contemnetnr
1550 2820 1617 2873 ab
1667 2834 1751 2875 ea.
1802 2817 2131 2890 Priusquam
2157 2824 2561 2894 igiturirruant
2616 2829 2794 2891 mala,
2846 2828 3038 2885 demus
3095 2844 3314 2899 operam
3374 2828 3684 2899 diligenter,

418 2934 486 2971 ne
531 2918 687 2971 nobis
732 2917 846 2970 hac
901 2916 1076 2969 tristia
1125 2930 1351 2970 necesse
1402 2915 1474 2970 sit
1503 2915 1760 2985 experiri.
1797 2914 1993 2969 Verum
2032 2933 2269 2985 quonam
2313 2922 2475 2977 modo
2507 2939 2570 2976 ea
2623 2914 3068 2979 declinabimus?
3105 2926 3207 2979 hoc
3276 2925 3554 2987 nimirum,
3627 2940 3681 2977 υτ.

415 3022 533 3061 eam
562 3006 781 3061 vwendi
834 3005 1103 3058 rationem
1140 3014 1193 3058 et
1223 3004 1389 3069 viam,
1420 3020 1582 3075 quam
1614 3006 1666 3057 in
1697 3006 1985 3074 praesentia
2030 3008 2320 3079 Scriptura
2367 3014 2530 3067 nobis
2556 3014 2819 3080 ostendit,
2851 3030 2973 3085 qua:
3002 3031 3150 3069 nunc
3182 3017 3359 3087 viget,
3433 3025 3483 3071 et
3563 3031 3685 3070 rere

414 3100 568 3161 visit,
597 3099 991 3169 ingrediamur.
3530 3112 3533 3117 -

485 3194 579 3256 Τίς
599 3192 655 3245 δὲ
683 3195 708 3262 ἡ
735 3192 851 3255 ὁδός
870 3209 885 3257 ;
905 3193 1207 3256 Ἐπείνων,
1230 3190 1475 3258 ἐδίψων,
1502 3189 1867 3257 ξένος-ἥμην.
1890 3189 1984 3243 καὶ

2163 3190 2421 3255 Quaenam
2452 3200 2537 3247 est
2576 3193 2691 3247 haec
2718 3196 2857 3248 ratio
2885 3195 2909 3247 Ὺ
2934 3210 3183 3263 quaenam
3218 3195 3331 3249 haec
3376 3197 3461 3250 via
3489 3198 3511 3250 ξ’
3541 3197 3681 3251 Esn—

412 3303 473 3354 τι
489 3285 639 3354 μνύς
668 3284 766 3337 καὶ
812 3284 1097 3349 ἀσθενὴς,
1140 3282 1236 3335 καὶ
1270 3282 1341 3334 ἐν
1371 3279 1638 3349 φυλακῇ.
1692 3282 1814 3348 Ἐφ’
1846 3279 1996 3332 ὅσον

420 3376 743 3441 ἐποιήσατε
760 3375 849 3428 ἑνὶ
865 3376 1092 3428 τούτων
1116 3373 1235 3425 τῶν
1262 3373 1619 3439 ἐλαχίστων,
1635 3372 1764 3440 ἐμοὶ
1794 3370 1997 3439 ἐποιή-

416 3482 583 3519 οατε.
621 3465 728 3517 Καὶ
765 3462 853 3516 διὰ
890 3463 1066 3525 τοῦτο,
1104 3463 1257 3531 φησι,
1289 3460 1491 3526 Δεῦτε,
1520 3464 1572 3515 οἱ
1602 3462 1997 3531 εὐλογημένοι

415 3557 521 3610 τοῦ
567 3559 794 3623 Πατρός
825 3573 964 3624 μου.
1008 3554 1187 3607 Τίδιά
1224 3554 1426 3607 τούτων
1463 3555 1836 3625 μανθάνομενς
1873 3557 1994 3608 Ὅτι

415 3648 631 3715 εὐλογία
664 3647 761 3718 μέν
795 3648 961 3707 ἐστιν,
992 3648 1024 3716 ἡ
1071 3645 1179 3698 τῶν
1228 3647 1453 3699 ἐντολῶν
1489 3646 1806 3717 ἐπιμέλειαι⁸
1866 3664 1994 3699 κατα

414 3742 524 3811 ἀρα
558 3741 631 3800 δὲ,
666 3741 698 3810 ή
732 3740 861 3809 περὶ
902 3740 1001 3801 τὰς
1031 3738 1251 3802 ἐντολὰς
1288 3739 1550 3810 ῥᾳθυμία.
1596 3739 1995 3809 Ἀγαπήσωμεν

413 3830 513 3899 τὴν
547 3828 813 3896 εὐλογίαν,
849 3829 943 3882 καὶ⁸
975 3829 1235 3899 φύγωμεν
1275 3831 1373 3900 τὴν
1406 3830 1670 3901 κατάραν.
1718 3830 1832 3899 Ἐφ’
1862 3832 1993 3899 ἡμῖν

413 3921 523 3992 γάρ
553 3925 698 3974 ἔστιν
725 3920 939 3973 ἑλέσθαι
969 3921 1000 3992 ἢ
1035 3921 1108 3993 μὴ
1157 3920 1368 3975 ἑλέσθαι
1413 3924 1531 3974 κατ’
1572 3921 1815 3985 ἐξουσίαν
1860 3922 1991 3975 ἐκά-

412 4028 569 4083 τερον
597 4012 761 4083 ⁸πρὸς
808 4013 836 4065 ὃ
871 4029 925 4066 τι
958 4015 1065 4083 γάρ
1108 4013 1175 4066 ἂν
1217 4017 1283 4085 τῇ
1314 4014 1589 4084 προθυμίᾳ
1628 4013 1900 4084 ρἐωμεν,
1934 4017 1992 4067 ἐν

413 4105 607 4176 ἐκείνῳ
632 4105 882 4176 ἐσόμεθα.
916 4106 1124 4158 Οὐκοῦν
1150 4106 1559 4175 οἱκειωσώμεθα
1584 4106 1675 4159 τὸν
1713 4106 1814 4177 τῆς
1841 4106 1992 4159 εὐλο-

410 4198 536 4263 γίας
580 4197 803 4269 Κύριον,
851 4199 944 4251 τὸν
993 4197 1169 4268 ἐαυτῷ
1210 4199 1307 4270 τὴν
1354 4198 1481 4268 περὶ
1531 4199 1656 4261 τοὺς
1703 4196 1992 4267 δεομένους

414 4288 649 4359 σπουδὴν
697 4287 1040 4359 λογιζόμενον
1060 4305 1077 4322 ⁸
1134 4290 1227 4343 καὶ
1265 4290 1498 4360 μάλιστα
1526 4289 1640 4353 νῦν,
1672 4290 1759 4342 ὅτε
1792 4289 1991 4361 πολλὴν

412 4379 525 4449 ἔχει
576 4379 715 4432 κατά
756 4381 848 4433 τὸν
896 4382 1138 4453 παρόντα
1190 4381 1302 4452 βίον
1350 4380 1484 4451 ὓλην
1534 4383 1566 4452 ἡ
1620 4382 1825 4453 ἐντολή.
1879 4383 1989 4435 Καὶ

413 4470 597 4523 πολλοὶ
631 4471 728 4541 μὲν
772 4473 821 4523 οἱ
852 4472 959 4526 τῶν
989 4474 1296 4542 ἀναγκαίων
1326 4474 1524 4536 ἐνδεεῖς
1543 4489 1556 4502 ·
1588 4473 1772 4525 πολλοὶ
1802 4474 1857 4526 δὲ
1897 4474 1989 4526 καὶ

2099 3284 2219 3346 rivi,
2251 3284 2412 3349 sitivi,
2445 3288 2628 3351 hospes
2649 3303 2818 3349 eram,
2845 3297 2893 3341 et
2919 3288 3114 3349 nudus,
3148 3297 3195 3341 et
3247 3290 3515 3357 inﬁrmus,
3540 3300 3588 3345 et
3627 3294 3681 3345 in

2097 3387 2321 3427 carcere.
2343 3375 2612 3442 Quatenus
2636 3377 2728 3429 uni
2741 3391 2921 3430 eorum
2940 3375 3160 3444 fecistis,
3183 3379 3308 3432 mihi
3352 3381 3566 3448 fecistis.
3589 3381 3679 3435 ld-

2097 3466 2260 3528 circo,
2280 3465 2675 3534 Venite,inquit,
2706 3467 2956 3520 benedicti
2989 3467 3168 3521 Patris
3198 3470 3475 3536 mei.Quid
3496 3487 3559 3525 ex
3596 3474 3679 3528 his

2095 3554 2852 3612 discimus?Benedictionem
2881 3575 2945 3612 ac
2976 3576 3249 3615 summum
3283 3564 3484 3617 bonum
3522 3567 3573 3620 in
3597 3567 3681 3620 di-

2096 3646 2315 3715 ligentia
2334 3686 2348 3708 ,
2373 3654 2429 3699 et
2451 3647 2799 3701 observantia
2828 3648 3207 3703 mandatorum
3239 3653 3474 3716 positum
3506 3668 3630 3708 esse
3655 3673 3669 3721 ;

2096 3736 2530 3791 maledictionem
2569 3747 2623 3791 et
2679 3740 2942 3792 malorum
2993 3749 3296 3794 extremum
3354 3757 3418 3797 ex
3470 3744 3677 3799 desidia

2094 3827 2585 3898 mandatorumque
2632 3828 2988 3899 despicientia
3023 3831 3323 3899 proﬁcisci.
3385 3830 3535 3887 illam
3574 3836 3676 3905 igi-

2094 3925 2184 3971 tur
2219 3920 2637 3986 amplectamur,
2661 3921 2800 3973 banc
2832 3921 3118 3991 fugiamus,
3143 3923 3363 3991 quando
3400 3924 3450 3977 in
3488 3934 3675 3980 nostra

2093 4022 2254 4061 manu
2286 4009 2450 4062 situm
2493 4017 2597 4072 est,
2630 4019 2709 4073 ut,
2746 4021 2922 4064 utram
2974 4014 3243 4077 volumus,
3280 4015 3670 4083 adipiscamur.

2090 4098 2171 4152 Ad
2202 4101 2346 4169 quod
2388 4104 2534 4155 enim
2573 4103 2790 4172 egregia
2841 4104 3008 4156 animi
3046 4106 3337 4159 alacritate.
3369 4110 3673 4176 propende-

2091 4190 2284 4255 rimus,
2338 4193 2392 4246 in
2450 4208 2516 4246 eo
2573 4192 2743 4247 futuri
2776 4209 2988 4248 sumus.
3045 4194 3224 4260 Quare
3272 4198 3670 4255 benedictionis

2093 4281 2402 4347 hominum,
2440 4286 2530 4353 qui
2573 4285 2798 4354 perinde
2833 4287 2990 4340 nobis
3026 4300 3308 4356 acceptum
3340 4289 3553 4345 laturus
3586 4299 3669 4345 est

2091 4377 2354 4445 quidquid
2386 4377 2549 4430 studii
2580 4387 2633 4431 et
2664 4376 2824 4431 ofﬁcii
2865 4379 2918 4431 in
2943 4394 3211 4449 pauperes
3242 4383 3665 4447 contulerimus,

2093 4483 2157 4520 ac
2198 4469 2242 4521 si
2276 4469 2328 4521 in
2358 4468 2536 4537 ipsum
2562 4470 3009 4535 contulissemus,
3043 4471 3397 4527 conciliemus
3425 4473 3583 4529 nobis
3615 4482 3669 4527 et

410 4562 574 4614 αὐτοῦ
604 4561 695 4614 τοῦ
737 4562 985 4632 σώματος
1028 4564 1239 4633 ἔχουσιν
1284 4564 1494 4627 ἐνδεῶς,
1527 4564 1591 4616 ἐκ
1616 4564 1715 4633 τῆς
1748 4566 1989 4634 πονηρᾶς

2096 4561 2521 4631 obstringamus,
2565 4563 2867 4631 praesertim
2904 4562 3006 4616 hoc
3046 4571 3308 4633 tempore,
3350 4581 3459 4635 quo
3485 4566 3664 4631 nobis,

410 4653 720 4725 ἀρρωστίας
748 4653 1161 4724 δαπανηθέντες.
1186 4655 1393 4708 Οὐκοῦν
1423 4656 1480 4708 ὲν
1518 4656 1583 4725 τῇ
1618 4656 1742 4725 περὶ
1768 4655 1990 4718 τούτους

414 4746 640 4815 σπουδῇ,
688 4744 785 4813 τὴν
830 4745 1041 4815 ἀγαθὴν
1080 4746 1407 4814 ἐπαγγελίαν
1454 4747 1663 4807 ἑαυτοῖς
1706 4744 1983 4816 κατορθώ-

413 4855 596 4907 σωμεν
616 4855 628 4866 ·
666 4838 808 4905 λέγω
848 4838 901 4889 δὲ
933 4837 1116 4905 σαφῶς
1144 4839 1340 4891 οὑτωσὶ
1364 4840 1492 4908 περὶ
1521 4838 1626 4891 τῶν
1658 4838 1723 4889 ὲκ
1754 4837 1855 4907 τῆς
1887 4854 1986 4906 χα-

409 4932 582 5002 λεπῆς
626 4932 781 4985 νόσου
822 4929 1278 5000 διαλωϐηθὲντων.
1312 4931 1461 4995 Ὂσῳ
1494 4929 1601 5001 γὰρ
1634 4927 1835 5000 μείζων
1869 4931 1985 4982 ἐστὶ

406 5022 613 5075 τούτων
656 5023 689 5091 ἡ
718 5020 995 5091 ἀρρωστία
1019 5061 1033 5083 ,
1064 5013 1306 5091 τοσούτω
1330 5020 1569 5091 δηλονότι
1591 5022 1685 5073 καὶ
1721 5020 1919 5073 πλείων
1953 5021 1985 5090 ἡ

410 5113 626 5181 εὐλογία
659 5116 770 5175 τοῖς
796 5111 857 5164 τὸ
888 5112 1143 5165 ἐπίπονον
1183 5112 1281 5181 τῆς
1327 5113 1544 5183 ἐντολῆς
1586 5111 1982 5184 κατορθώσασι.

407 5206 471 5257 Τί
520 5202 613 5258 οὖν
663 5205 765 5275 χρὴ
813 5206 1106 5276 πράττειν;
1160 5204 1250 5274 Μὴ
1290 5205 1615 5258 ἀντιϐαίνειν
1649 5209 1714 5275 τῇ
1746 5204 1985 5267 διατάξει

405 5293 499 5346 τοῦ
532 5294 867 5365 Πνεύματος.
916 5294 1064 5365 Λῢτη
1094 5295 1150 5348 δέ
1189 5296 1325 5357 ἐστι,
1374 5296 1435 5347 τὸ
1469 5296 1540 5365 μὴ
1574 5295 1985 5366 ἀλλοτριοῦσθαι

404 5386 515 5438 τῶν
548 5388 945 5441 κοινωνούντων
973 5388 1069 5457 τῆς
1105 5387 1348 5456 φύσεωςο
1377 5388 1510 5457 μηδὲ
1547 5388 1827 5457 μιμεῖσθαι
1857 5389 1984 5450 τοὺς

408 5479 466 5529 ἓν
514 5479 592 5549 τῷ
659 5481 975 5551 Εὐαγγελίῳ
1042 5479 1518 5550 κατηγορηθέντας
1570 5479 1841 5541 ἐκείνους,
1893 5479 1984 5530 τὸν

416 5566 567 5640 ἱερέα
634 5570 775 5639 λέγω
807 5573 899 5623 καὶ
932 5572 1024 5623 τὸν
1054 5572 1307 5641 Λευῖτην,
1342 5569 1679 5640 ἀσυμπαθῶς
1706 5570 1987 5641 παραδρα-

478 5750 523 5780 ⁴⁸
564 5748 748 5805 Matth.
794 5767 981 5817 xxvnt,
1022 5750 1109 5807 ιο.
1188 5754 1232 5785 ⁸⁵
1271 5753 1391 5808 Act.
1435 5768 1566 5817 xvn,
1607 5752 1695 5806 28.

2091 4653 2220 4707 dum
2258 4652 2514 4719 vivimus,
2544 4668 2737 4723 magna
2767 4655 3101 4724 exsequendi
3149 4656 3390 4710 mandati
3433 4657 3667 4711 facultas

2092 4745 2380 4815 praebetur,
2426 4746 2692 4815 multique
2742 4754 2891 4809 sunt,
2944 4748 3035 4816 qui
3087 4748 3252 4803 rebus
3298 4750 3667 4812 necessariis,

2090 4837 2266 4900 multi,
2319 4837 2410 4906 qui
2453 4846 2507 4891 et
2560 4839 2681 4908 ipso
2730 4854 2960 4908 corpore
3004 4840 3301 4908 indigeant,
3351 4841 3420 4893 ab
3454 4841 3568 4908 ipsa
3612 4846 3664 4893 vl

2090 4930 2266 4984 morbi
2303 4928 2535 4984 confecti
2575 4938 2739 5000 atque
2776 4932 3107 5000 consumpti.
3142 4930 3233 4984 Sic
3277 4932 3443 4998 igitur
3476 4945 3574 4983 nos
3609 4930 3664 4983 in

2087 5020 2188 5075 hac
2238 5037 2317 5086 re,
2376 5022 2477 5075 hoc
2522 5029 2626 5086 est,
2689 5029 2749 5074 ut
2800 5022 3018 5091 planius
3068 5022 3280 5090 loquar,
3344 5022 3399 5074 in
3456 5021 3521 5073 iis
3567 5022 3660 5090 qui

2086 5114 2279 5166 morbo
2324 5113 2650 5181 gravissimo
2694 5113 2927 5165 mutilati
2976 5121 3126 5177 sunt,
3172 5111 3421 5166 fovendis
3459 5126 3661 5165 curan-

2085 5204 2280 5274 disque
2310 5204 2557 5259 studiose
2586 5204 2986 5273 diligenterque
3020 5218 3293 5274 geramus,
3338 5212 3395 5255 ut
3428 5205 3624 5273 przecla
3645 5232 3657 5240 -

2083 5312 2205 5349 rum
2242 5296 2375 5349 illud
2426 5296 2759 5365 promissum
2792 5296 3074 5363 pratmium
3116 5310 3492 5364 assequamur.
3534 5293 3660 5361 Quo

2081 5388 2227 5441 enim
2278 5388 2496 5457 gravior
2547 5388 2602 5442 in
2653 5387 2740 5441 his
2778 5388 3003 5442 morbus
3050 5390 3342 5456 reperitur,
3382 5402 3447 5441 eo
3480 5387 3658 5456 majus

2084 5481 2364 5548 premium
2394 5480 2735 5534 laboriosum
2777 5480 2910 5534 illud
2937 5479 3176 5534 mandati
3216 5494 3417 5535 munus
3445 5482 3656 5535 obeun-

2082 5579 2164 5626 tes
2198 5579 2400 5627 manet.
2435 5572 2578 5639 Quid
2602 5572 2772 5645 igitur
2804 5572 3114 5627 faciendum
3147 5573 3271 5643 est?
3304 5570 3438 5643 illud
3466 5574 3655 5640 utique

1809 5754 1850 5784 ’⁵⁷
1890 5750 2047 5807 Prov.
2075 5764 2263 5818 xxvnt,
2296 5750 2381 5805 Η.
