  <div class='ocr_page' id='page_1' title='image "/cluster/home/n/w/nwhite01/storage/ocr_20150623/46/nnc1.0046978380/245.png"; bbox 0 0 4124 6352; ppageno 0'>
   <div class='ocr_carea' id='block_1_1' title="bbox 427 323 530 375">
    <p class='ocr_par' dir='ltr' id='par_1_1' title="bbox 427 323 530 375">
     <span class='ocr_line' id='line_1_1' title="bbox 427 323 530 375; baseline 0.01 -3"><span class='ocrx_word' id='word_1_1' title='bbox 427 323 530 375; x_wconf 67' lang='grc' dir='ltr'><strong>ΔῖῘί</strong></span> 
     </span>
    </p>
   </div>
   <div class='ocr_carea' id='block_1_2' title="bbox 1652 316 2428 374">
    <p class='ocr_par' dir='ltr' id='par_1_2' title="bbox 1652 316 2428 374">
     <span class='ocr_line' id='line_1_2' title="bbox 1652 316 2428 374; baseline 0.003 -4"><span class='ocrx_word' id='word_1_2' title='bbox 1652 317 1707 371; x_wconf 91' lang='lat' dir='ltr'><strong>S.</strong></span> <span class='ocrx_word' id='word_1_3' title='bbox 1750 316 2076 371; x_wconf 79' lang='lat' dir='ltr'><strong>GREGOBII</strong></span> <span class='ocrx_word' id='word_1_4' title='bbox 2135 317 2428 374; x_wconf 72' lang='lat' dir='ltr'><strong>NYSSENI</strong></span> 
     </span>
    </p>
   </div>
   <div class='ocr_carea' id='block_1_3' title="bbox 3579 326 3681 378">
    <p class='ocr_par' dir='ltr' id='par_1_3' title="bbox 3579 326 3681 378">
     <span class='ocr_line' id='line_1_3' title="bbox 3579 326 3681 378; baseline -0.029 0"><span class='ocrx_word' id='word_1_5' title='bbox 3579 326 3681 378; x_wconf 69' lang='lat'><strong>673</strong></span> 
     </span>
    </p>
   </div>
   <div class='ocr_carea' id='block_1_4' title="bbox 433 430 2022 506">
    <p class='ocr_par' dir='ltr' id='par_1_4' title="bbox 433 430 1997 501">
     <span class='ocr_line' id='line_1_4' title="bbox 433 430 1997 501; baseline 0.002 -18"><span class='ocrx_word' id='word_1_6' title='bbox 433 442 486 483; x_wconf 90' lang='lat' dir='ltr'><strong>ut</strong></span> <span class='ocrx_word' id='word_1_7' title='bbox 514 433 688 486; x_wconf 80' lang='lat' dir='ltr'><strong>sancti</strong></span> <span class='ocrx_word' id='word_1_8' title='bbox 721 430 960 501; x_wconf 88' lang='lat' dir='ltr'><strong>Spiritus</strong></span> <span class='ocrx_word' id='word_1_9' title='bbox 994 434 1256 487; x_wconf 87' lang='lat' dir='ltr'><strong>voluntati</strong></span> <span class='ocrx_word' id='word_1_10' title='bbox 1299 449 1368 488; x_wconf 90' lang='lat' dir='ltr'><strong>ne</strong></span> <span class='ocrx_word' id='word_1_11' title='bbox 1408 435 1758 499; x_wconf 78' lang='lat' dir='ltr'><strong>resistamus;</strong></span> <span class='ocrx_word' id='word_1_12' title='bbox 1797 447 1860 487; x_wconf 89' lang='lat' dir='ltr'><strong>ea</strong></span> <span class='ocrx_word' id='word_1_13' title='bbox 1899 449 1997 486; x_wconf 90' lang='lat' dir='ltr'><strong>au-</strong></span> 
     </span>
    </p>
   </div>
   <div class='ocr_carea' id='block_1_5' title="bbox 2125 430 3684 506">
    <p class='ocr_par' dir='ltr' id='par_1_5' title="bbox 2125 433 3684 506">
     <span class='ocr_line' id='line_1_5' title="bbox 2125 433 3684 506; baseline 0.004 -20"><span class='ocrx_word' id='word_1_14' title='bbox 2125 433 2302 498; x_wconf 84' lang='grc' dir='ltr'>ιόντας</span> <span class='ocrx_word' id='word_1_15' title='bbox 2332 437 2421 490; x_wconf 72' lang='grc' dir='ltr'><strong>τὸν</strong></span> <span class='ocrx_word' id='word_1_16' title='bbox 2469 437 2616 490; x_wconf 84' lang='grc' dir='ltr'>ὲλέου</span> <span class='ocrx_word' id='word_1_17' title='bbox 2652 437 2909 505; x_wconf 69' lang='grc' dir='ltr'>δεόμενον</span> <span class='ocrx_word' id='word_1_18' title='bbox 2954 437 3180 500; x_wconf 80' lang='grc' dir='ltr'>ἐκεῖνον,</span> <span class='ocrx_word' id='word_1_19' title='bbox 3221 438 3280 491; x_wconf 86' lang='grc' dir='ltr'>ὃν</span> <span class='ocrx_word' id='word_1_20' title='bbox 3323 437 3561 506; x_wconf 80' lang='grc' dir='ltr'>φησι“τδ</span> <span class='ocrx_word' id='word_1_21' title='bbox 3604 438 3684 492; x_wconf 79' lang='grc' dir='ltr'><strong>διο</strong></span> 
     </span>
    </p>
   </div>
   <div class='ocr_carea' id='block_1_6' title="bbox 433 527 2000 597">
    <p class='ocr_par' dir='ltr' id='par_1_6' title="bbox 433 527 2000 597">
     <span class='ocr_line' id='line_1_6' title="bbox 433 527 2000 597; baseline 0.001 -19"><span class='ocrx_word' id='word_1_22' title='bbox 433 534 539 578; x_wconf 83' lang='lat' dir='ltr'><strong>tcm</strong></span> <span class='ocrx_word' id='word_1_23' title='bbox 587 532 692 587; x_wconf 82' lang='lat' dir='ltr'><strong>est,</strong></span> <span class='ocrx_word' id='word_1_24' title='bbox 726 537 788 579; x_wconf 91' lang='lat' dir='ltr'><strong>ut</strong></span> <span class='ocrx_word' id='word_1_25' title='bbox 826 542 940 589; x_wconf 80' lang='lat' dir='ltr'><strong>eos,</strong></span> <span class='ocrx_word' id='word_1_26' title='bbox 981 531 1072 596; x_wconf 90' lang='lat' dir='ltr'><strong>qui</strong></span> <span class='ocrx_word' id='word_1_27' title='bbox 1124 530 1312 582; x_wconf 78' lang='lat' dir='ltr'><strong>eadem</strong></span> <span class='ocrx_word' id='word_1_28' title='bbox 1361 538 1553 583; x_wconf 85' lang='lat' dir='ltr'><strong>natura</strong></span> <span class='ocrx_word' id='word_1_29' title='bbox 1595 527 1805 597; x_wconf 71' lang='lat' dir='ltr'><strong>prmditi</strong></span> <span class='ocrx_word' id='word_1_30' title='bbox 1851 536 2000 591; x_wconf 89' lang='lat' dir='ltr'><strong>sunt,</strong></span> 
     </span>
    </p>
   </div>
   <div class='ocr_carea' id='block_1_7' title="bbox 432 619 2006 689">
    <p class='ocr_par' dir='ltr' id='par_1_7' title="bbox 432 619 2006 689">
     <span class='ocr_line' id='line_1_7' title="bbox 432 619 2006 689; baseline 0.001 -19"><span class='ocrx_word' id='word_1_31' title='bbox 432 627 690 686; x_wconf 83' lang='lat' dir='ltr'><strong>tanquam</strong></span> <span class='ocrx_word' id='word_1_32' title='bbox 745 619 956 673; x_wconf 90' lang='lat' dir='ltr'><strong>alienos</strong></span> <span class='ocrx_word' id='word_1_33' title='bbox 1003 635 1110 673; x_wconf 91' lang='lat' dir='ltr'><strong>non</strong></span> <span class='ocrx_word' id='word_1_34' title='bbox 1171 621 1461 684; x_wconf 83' lang='lat' dir='ltr'><strong>evitemus,</strong></span> <span class='ocrx_word' id='word_1_35' title='bbox 1508 636 1684 689; x_wconf 89' lang='lat' dir='ltr'><strong>neque</strong></span> <span class='ocrx_word' id='word_1_36' title='bbox 1731 621 2006 674; x_wconf 83' lang='lat' dir='ltr'><strong>imitemur</strong></span> 
     </span>
    </p>
   </div>
   <div class='ocr_carea' id='block_1_8' title="bbox 432 709 2006 783">
    <p class='ocr_par' dir='ltr' id='par_1_8' title="bbox 432 709 2006 783">
     <span class='ocr_line' id='line_1_8' title="bbox 432 709 2006 783; baseline 0.001 -22"><span class='ocrx_word' id='word_1_37' title='bbox 432 709 794 777; x_wconf 84' lang='lat' dir='ltr'><strong>reprehensos</strong></span> <span class='ocrx_word' id='word_1_38' title='bbox 829 711 950 764; x_wconf 91' lang='lat' dir='ltr'><strong>illos</strong></span> <span class='ocrx_word' id='word_1_39' title='bbox 993 713 1047 765; x_wconf 91' lang='lat' dir='ltr'><strong>in</strong></span> <span class='ocrx_word' id='word_1_40' title='bbox 1080 711 1392 783; x_wconf 80' lang='lat' dir='ltr'><strong>Evangelio.</strong></span> <span class='ocrx_word' id='word_1_41' title='bbox 1427 713 1766 768; x_wconf 71' lang='lat' dir='ltr'><strong>sacerdotem</strong></span> <span class='ocrx_word' id='word_1_42' title='bbox 1798 721 1852 766; x_wconf 88' lang='lat' dir='ltr'><strong>et</strong></span> <span class='ocrx_word' id='word_1_43' title='bbox 1876 713 2006 766; x_wconf 87' lang='lat' dir='ltr'><strong>levi—</strong></span> 
     </span>
    </p>
   </div>
   <div class='ocr_carea' id='block_1_9' title="bbox 432 799 2005 872">
    <p class='ocr_par' dir='ltr' id='par_1_9' title="bbox 432 799 2005 872">
     <span class='ocr_line' id='line_1_9' title="bbox 432 799 2005 872; baseline 0.004 -22"><span class='ocrx_word' id='word_1_44' title='bbox 432 807 540 851; x_wconf 85' lang='lat' dir='ltr'><strong>tam</strong></span> <span class='ocrx_word' id='word_1_45' title='bbox 575 799 717 865; x_wconf 90' lang='lat' dir='ltr'><strong>dico,</strong></span> <span class='ocrx_word' id='word_1_46' title='bbox 747 801 839 870; x_wconf 89' lang='lat' dir='ltr'><strong>qui</strong></span> <span class='ocrx_word' id='word_1_47' title='bbox 868 802 1234 856; x_wconf 79' lang='lat' dir='ltr'><strong>miserabilem</strong></span> <span class='ocrx_word' id='word_1_48' title='bbox 1291 803 1465 865; x_wconf 90' lang='lat' dir='ltr'><strong>illum,</strong></span> <span class='ocrx_word' id='word_1_49' title='bbox 1508 820 1666 872; x_wconf 84' lang='lat' dir='ltr'><strong>quem</strong></span> <span class='ocrx_word' id='word_1_50' title='bbox 1711 804 1936 858; x_wconf 82' lang='lat' dir='ltr'><strong>historia</strong></span> <span class='ocrx_word' id='word_1_51' title='bbox 1977 820 2005 856; x_wconf 88' lang='lat' dir='ltr'><strong>a</strong></span> 
     </span>
    </p>
   </div>
   <div class='ocr_carea' id='block_1_10' title="bbox 434 891 2007 958">
    <p class='ocr_par' dir='ltr' id='par_1_10' title="bbox 434 891 2007 958">
     <span class='ocr_line' id='line_1_10' title="bbox 434 891 2007 958; baseline 0.003 -16"><span class='ocrx_word' id='word_1_52' title='bbox 434 891 739 944; x_wconf 79' lang='lat' dir='ltr'><strong>latronibus</strong></span> <span class='ocrx_word' id='word_1_53' title='bbox 800 892 1216 946; x_wconf 85' lang='lat' dir='ltr'><strong>semimortuum</strong></span> <span class='ocrx_word' id='word_1_54' title='bbox 1274 895 1527 948; x_wconf 86' lang='lat' dir='ltr'><strong>relictum</strong></span> <span class='ocrx_word' id='word_1_55' title='bbox 1596 894 1796 958; x_wconf 88' lang='lat' dir='ltr'><strong>tradit,</strong></span> <span class='ocrx_word' id='word_1_56' title='bbox 1859 895 2007 947; x_wconf 84' lang='lat' dir='ltr'><strong>nulla</strong></span> 
     </span>
    </p>
   </div>
   <div class='ocr_carea' id='block_1_11' title="bbox 433 983 2004 1056">
    <p class='ocr_par' dir='ltr' id='par_1_11' title="bbox 433 983 2004 1056">
     <span class='ocr_line' id='line_1_11' title="bbox 433 983 2004 1056; baseline 0.004 -22"><span class='ocrx_word' id='word_1_57' title='bbox 433 983 692 1035; x_wconf 89' lang='lat' dir='ltr'><strong>commoti</strong></span> <span class='ocrx_word' id='word_1_58' title='bbox 741 985 1222 1040; x_wconf 87' lang='lat' dir='ltr'><strong>commiseratione</strong></span> <span class='ocrx_word' id='word_1_59' title='bbox 1274 987 1740 1056; x_wconf 73' lang='lat' dir='ltr'><strong>prmterierunt“.</strong></span> <span class='ocrx_word' id='word_1_60' title='bbox 1791 985 1920 1039; x_wconf 81' lang='lat' dir='ltr'><strong>Nam</strong></span> <span class='ocrx_word' id='word_1_61' title='bbox 1962 989 2004 1040; x_wconf 91' lang='lat' dir='ltr'><strong>si</strong></span> 
     </span>
    </p>
   </div>
   <div class='ocr_carea' id='block_1_12' title="bbox 433 1075 2010 1148">
    <p class='ocr_par' dir='ltr' id='par_1_12' title="bbox 433 1075 2010 1148">
     <span class='ocr_line' id='line_1_12' title="bbox 433 1075 2010 1148; baseline 0.004 -23"><span class='ocrx_word' id='word_1_62' title='bbox 433 1082 808 1142; x_wconf 86' lang='lat' dir='ltr'><strong>coarguuntur</strong></span> <span class='ocrx_word' id='word_1_63' title='bbox 845 1075 922 1128; x_wconf 88' lang='lat' dir='ltr'><strong>illi</strong></span> <span class='ocrx_word' id='word_1_64' title='bbox 963 1076 1111 1145; x_wconf 89' lang='lat' dir='ltr'><strong>quod</strong></span> <span class='ocrx_word' id='word_1_65' title='bbox 1161 1076 1226 1130; x_wconf 87' lang='lat' dir='ltr'><strong>ad</strong></span> <span class='ocrx_word' id='word_1_66' title='bbox 1281 1078 1470 1147; x_wconf 79' lang='lat' dir='ltr'><strong>plagas</strong></span> <span class='ocrx_word' id='word_1_67' title='bbox 1513 1079 1565 1131; x_wconf 91' lang='lat' dir='ltr'><strong>in</strong></span> <span class='ocrx_word' id='word_1_68' title='bbox 1603 1079 1750 1132; x_wconf 88' lang='lat' dir='ltr'><strong>nudo</strong></span> <span class='ocrx_word' id='word_1_69' title='bbox 1780 1094 2010 1148; x_wconf 88' lang='lat' dir='ltr'><strong>corpore</strong></span> 
     </span>
    </p>
   </div>
   <div class='ocr_carea' id='block_1_13' title="bbox 434 1165 2007 1242">
    <p class='ocr_par' dir='ltr' id='par_1_13' title="bbox 434 1165 2007 1242">
     <span class='ocr_line' id='line_1_13' title="bbox 434 1165 2007 1242; baseline 0.004 -25"><span class='ocrx_word' id='word_1_70' title='bbox 434 1165 863 1222; x_wconf 88' lang='lat' dir='ltr'><strong>intumescentes</strong></span> <span class='ocrx_word' id='word_1_71' title='bbox 893 1182 1002 1221; x_wconf 91' lang='lat' dir='ltr'><strong>non</strong></span> <span class='ocrx_word' id='word_1_72' title='bbox 1045 1169 1390 1239; x_wconf 80' lang='lat' dir='ltr'><strong>respexerint</strong></span> <span class='ocrx_word' id='word_1_73' title='bbox 1411 1212 1424 1234; x_wconf 94' lang='lat'><strong>,</strong></span> <span class='ocrx_word' id='word_1_74' title='bbox 1455 1172 1730 1239; x_wconf 89' lang='lat' dir='ltr'><strong>quomodo</strong></span> <span class='ocrx_word' id='word_1_75' title='bbox 1765 1187 1885 1237; x_wconf 88' lang='lat' dir='ltr'><strong>nos,</strong></span> <span class='ocrx_word' id='word_1_76' title='bbox 1915 1171 2007 1242; x_wconf 89' lang='lat' dir='ltr'><strong>qui</strong></span> 
     </span>
    </p>
   </div>
   <div class='ocr_carea' id='block_1_14' title="bbox 433 1255 2012 1332">
    <p class='ocr_par' dir='ltr' id='par_1_14' title="bbox 433 1255 2012 1332">
     <span class='ocr_line' id='line_1_14' title="bbox 433 1255 2012 1332; baseline 0.006 -23"><span class='ocrx_word' id='word_1_77' title='bbox 433 1272 558 1310; x_wconf 88' lang='lat' dir='ltr'><strong>reos</strong></span> <span class='ocrx_word' id='word_1_78' title='bbox 601 1255 723 1311; x_wconf 87' lang='lat' dir='ltr'><strong>illos</strong></span> <span class='ocrx_word' id='word_1_79' title='bbox 756 1257 1058 1320; x_wconf 88' lang='lat' dir='ltr'><strong>imitamur,</strong></span> <span class='ocrx_word' id='word_1_80' title='bbox 1095 1276 1204 1313; x_wconf 90' lang='lat' dir='ltr'><strong>non</strong></span> <span class='ocrx_word' id='word_1_81' title='bbox 1240 1260 1294 1314; x_wconf 92' lang='lat' dir='ltr'><strong>in</strong></span> <span class='ocrx_word' id='word_1_82' title='bbox 1346 1263 1591 1315; x_wconf 85' lang='lat' dir='ltr'><strong>eamdem</strong></span> <span class='ocrx_word' id='word_1_83' title='bbox 1627 1264 2012 1332; x_wconf 55' lang='lat' dir='ltr'><strong>reprehensio-</strong></span> 
     </span>
    </p>
   </div>
   <div class='ocr_carea' id='block_1_15' title="bbox 432 1349 2011 1421">
    <p class='ocr_par' dir='ltr' id='par_1_15' title="bbox 432 1349 2011 1421">
     <span class='ocr_line' id='line_1_15' title="bbox 432 1349 2011 1421; baseline 0.004 -20"><span class='ocrx_word' id='word_1_84' title='bbox 432 1364 556 1402; x_wconf 85' lang='lat' dir='ltr'><strong>nem</strong></span> <span class='ocrx_word' id='word_1_85' title='bbox 592 1349 976 1404; x_wconf 86' lang='lat' dir='ltr'><strong>incurremus?</strong></span> <span class='ocrx_word' id='word_1_86' title='bbox 1021 1366 1196 1420; x_wconf 88' lang='lat' dir='ltr'><strong>neque</strong></span> <span class='ocrx_word' id='word_1_87' title='bbox 1229 1353 1374 1404; x_wconf 90' lang='lat' dir='ltr'><strong>enim</strong></span> <span class='ocrx_word' id='word_1_88' title='bbox 1417 1353 1667 1421; x_wconf 88' lang='lat' dir='ltr'><strong>profecto</strong></span> <span class='ocrx_word' id='word_1_89' title='bbox 1696 1362 1805 1407; x_wconf 92' lang='lat' dir='ltr'><strong>tam</strong></span> <span class='ocrx_word' id='word_1_90' title='bbox 1847 1355 2011 1409; x_wconf 92' lang='lat' dir='ltr'><strong>mise-</strong></span> 
     </span>
    </p>
   </div>
   <div class='ocr_carea' id='block_1_16' title="bbox 434 1440 2011 1515">
    <p class='ocr_par' dir='ltr' id='par_1_16' title="bbox 434 1440 2011 1515">
     <span class='ocr_line' id='line_1_16' title="bbox 434 1440 2011 1515; baseline 0.004 -21"><span class='ocrx_word' id='word_1_91' title='bbox 434 1440 666 1495; x_wconf 86' lang='lat' dir='ltr'><strong>randum</strong></span> <span class='ocrx_word' id='word_1_92' title='bbox 704 1443 1076 1512; x_wconf 87' lang='lat' dir='ltr'><strong>spectaculum</strong></span> <span class='ocrx_word' id='word_1_93' title='bbox 1120 1445 1350 1513; x_wconf 81' lang='lat' dir='ltr'><strong>praebuit</strong></span> <span class='ocrx_word' id='word_1_94' title='bbox 1382 1445 1494 1508; x_wconf 90' lang='lat' dir='ltr'><strong>ille,</strong></span> <span class='ocrx_word' id='word_1_95' title='bbox 1527 1447 1620 1515; x_wconf 90' lang='lat' dir='ltr'><strong>qui</strong></span> <span class='ocrx_word' id='word_1_96' title='bbox 1661 1447 1719 1500; x_wconf 88' lang='lat' dir='ltr'><strong>in</strong></span> <span class='ocrx_word' id='word_1_97' title='bbox 1768 1447 2011 1502; x_wconf 87' lang='lat' dir='ltr'><strong>latrones</strong></span> 
     </span>
    </p>
   </div>
   <div class='ocr_carea' id='block_1_17' title="bbox 437 1534 2010 1609">
    <p class='ocr_par' dir='ltr' id='par_1_17' title="bbox 437 1534 2010 1609">
     <span class='ocr_line' id='line_1_17' title="bbox 437 1534 2010 1609; baseline 0.004 -23"><span class='ocrx_word' id='word_1_98' title='bbox 437 1534 722 1600; x_wconf 86' lang='lat' dir='ltr'><strong>inciderat,</strong></span> <span class='ocrx_word' id='word_1_99' title='bbox 777 1545 837 1588; x_wconf 91' lang='lat' dir='ltr'><strong>ut</strong></span> <span class='ocrx_word' id='word_1_100' title='bbox 884 1536 1126 1602; x_wconf 80' lang='lat' dir='ltr'><strong>praebent</strong></span> <span class='ocrx_word' id='word_1_101' title='bbox 1173 1537 1250 1598; x_wconf 90' lang='lat' dir='ltr'><strong>hi,</strong></span> <span class='ocrx_word' id='word_1_102' title='bbox 1305 1537 1398 1605; x_wconf 91' lang='lat' dir='ltr'><strong>qui</strong></span> <span class='ocrx_word' id='word_1_103' title='bbox 1438 1538 1707 1607; x_wconf 83' lang='lat' dir='ltr'><strong>ejusmodi</strong></span> <span class='ocrx_word' id='word_1_104' title='bbox 1761 1541 2010 1609; x_wconf 89' lang='lat' dir='ltr'><strong>oppressi</strong></span> 
     </span>
    </p>
   </div>
   <div class='ocr_carea' id='block_1_18' title="bbox 435 1625 2013 1700">
    <p class='ocr_par' dir='ltr' id='par_1_18' title="bbox 435 1625 2013 1700">
     <span class='ocr_line' id='line_1_18' title="bbox 435 1625 2013 1700; baseline 0.004 -22"><span class='ocrx_word' id='word_1_105' title='bbox 435 1633 565 1678; x_wconf 87' lang='lat' dir='ltr'><strong>sunt</strong></span> <span class='ocrx_word' id='word_1_106' title='bbox 616 1625 946 1680; x_wconf 86' lang='lat' dir='ltr'><strong>calamitate.</strong></span> <span class='ocrx_word' id='word_1_107' title='bbox 978 1625 1142 1680; x_wconf 80' lang='lat' dir='ltr'><strong>Vides</strong></span> <span class='ocrx_word' id='word_1_108' title='bbox 1207 1628 1482 1682; x_wconf 85' lang='lat' dir='ltr'><strong>hominem</strong></span> <span class='ocrx_word' id='word_1_109' title='bbox 1536 1645 1603 1684; x_wconf 81' lang='lat' dir='ltr'><strong>ex</strong></span> <span class='ocrx_word' id='word_1_110' title='bbox 1666 1630 2013 1700; x_wconf 80' lang='lat' dir='ltr'><strong>improbitate</strong></span> 
     </span>
    </p>
   </div>
   <div class='ocr_carea' id='block_1_19' title="bbox 2107 525 3686 599">
    <p class='ocr_par' dir='ltr' id='par_1_19' title="bbox 2107 525 3686 599">
     <span class='ocr_line' id='line_1_19' title="bbox 2107 525 3686 599; baseline 0.001 -21"><span class='ocrx_word' id='word_1_111' title='bbox 2107 525 2298 595; x_wconf 81' lang='grc' dir='ltr'>ήγημα</span> <span class='ocrx_word' id='word_1_112' title='bbox 2343 527 2447 578; x_wconf 84' lang='grc' dir='ltr'><strong>ὑπὸ</strong></span> <span class='ocrx_word' id='word_1_113' title='bbox 2487 526 2594 580; x_wconf 86' lang='grc' dir='ltr'>τῶν</span> <span class='ocrx_word' id='word_1_114' title='bbox 2622 527 2836 597; x_wconf 74' lang='grc' dir='ltr'>λῃστῶν</span> <span class='ocrx_word' id='word_1_115' title='bbox 2878 526 3114 597; x_wconf 77' lang='grc' dir='ltr'><strong>ἡμιθανῆ</strong></span> <span class='ocrx_word' id='word_1_116' title='bbox 3152 526 3420 594; x_wconf 82' lang='grc' dir='ltr'>γενέσθαι.</span> <span class='ocrx_word' id='word_1_117' title='bbox 3475 527 3537 579; x_wconf 86' lang='grc' dir='ltr'><strong>Εἰ</strong></span> <span class='ocrx_word' id='word_1_118' title='bbox 3578 529 3686 599; x_wconf 82' lang='grc' dir='ltr'>γὰρ</span> 
     </span>
    </p>
   </div>
   <div class='ocr_carea' id='block_1_20' title="bbox 2113 616 3686 689">
    <p class='ocr_par' dir='ltr' id='par_1_20' title="bbox 2113 616 3686 689">
     <span class='ocr_line' id='line_1_20' title="bbox 2113 616 3686 689; baseline 0 -19"><span class='ocrx_word' id='word_1_119' title='bbox 2113 620 2307 671; x_wconf 75' lang='grc' dir='ltr'>ἐκεῖνοι</span> <span class='ocrx_word' id='word_1_120' title='bbox 2331 619 2586 679; x_wconf 84' lang='grc' dir='ltr'>ύπαίτιοι,</span> <span class='ocrx_word' id='word_1_121' title='bbox 2621 620 2695 688; x_wconf 76' lang='grc' dir='ltr'>μὴ</span> <span class='ocrx_word' id='word_1_122' title='bbox 2725 617 3149 689; x_wconf 76' lang='grc' dir='ltr'><strong>ἐπιστραφέντες</strong></span> <span class='ocrx_word' id='word_1_123' title='bbox 3178 616 3313 686; x_wconf 82' lang='grc' dir='ltr'>πρὸς</span> <span class='ocrx_word' id='word_1_124' title='bbox 3340 617 3438 679; x_wconf 88' lang='grc' dir='ltr'><strong>τὰς</strong></span> <span class='ocrx_word' id='word_1_125' title='bbox 3471 616 3686 688; x_wconf 84' lang='grc' dir='ltr'>πληγὰς</span> 
     </span>
    </p>
   </div>
   <div class='ocr_carea' id='block_1_21' title="bbox 2107 707 3686 780">
    <p class='ocr_par' dir='ltr' id='par_1_21' title="bbox 2107 707 3686 780">
     <span class='ocr_line' id='line_1_21' title="bbox 2107 707 3686 780; baseline -0.001 -18"><span class='ocrx_word' id='word_1_126' title='bbox 2107 711 2164 762; x_wconf 79' lang='grc' dir='ltr'>ἐν</span> <span class='ocrx_word' id='word_1_127' title='bbox 2197 709 2387 780; x_wconf 82' lang='grc' dir='ltr'>γυμνῷ</span> <span class='ocrx_word' id='word_1_128' title='bbox 2419 709 2497 780; x_wconf 81' lang='grc' dir='ltr'>τῷ</span> <span class='ocrx_word' id='word_1_129' title='bbox 2540 710 2755 779; x_wconf 71' lang='grc' dir='ltr'>σώματι</span> <span class='ocrx_word' id='word_1_130' title='bbox 2805 709 3102 772; x_wconf 87' lang='grc' dir='ltr'>διοιδούσας</span> <span class='ocrx_word' id='word_1_131' title='bbox 3124 727 3138 740; x_wconf 72' lang='grc' dir='ltr'><strong>ο</strong></span> <span class='ocrx_word' id='word_1_132' title='bbox 3173 707 3288 770; x_wconf 83' lang='grc' dir='ltr'><strong>πῶς</strong></span> <span class='ocrx_word' id='word_1_133' title='bbox 3330 709 3488 778; x_wconf 83' lang='grc' dir='ltr'>ἡμεῖς</span> <span class='ocrx_word' id='word_1_134' title='bbox 3527 707 3686 761; x_wconf 70' lang='grc' dir='ltr'>ἀνεύ-</span> 
     </span>
    </p>
   </div>
   <div class='ocr_carea' id='block_1_22' title="bbox 2109 796 3682 870">
    <p class='ocr_par' dir='ltr' id='par_1_22' title="bbox 2109 796 3682 870">
     <span class='ocr_line' id='line_1_22' title="bbox 2109 796 3682 870; baseline -0.001 -18"><span class='ocrx_word' id='word_1_135' title='bbox 2109 800 2275 862; x_wconf 88' lang='grc' dir='ltr'>θυνοι,</span> <span class='ocrx_word' id='word_1_136' title='bbox 2307 802 2430 863; x_wconf 78' lang='grc' dir='ltr'>τοὺς</span> <span class='ocrx_word' id='word_1_137' title='bbox 2468 801 2747 863; x_wconf 71' lang='grc' dir='ltr'><strong>ὑπαιτίους</strong></span> <span class='ocrx_word' id='word_1_138' title='bbox 2786 799 3138 870; x_wconf 87' lang='grc' dir='ltr'>μιμούμενοι;</span> <span class='ocrx_word' id='word_1_139' title='bbox 3175 798 3352 850; x_wconf 88' lang='grc' dir='ltr'>καίτοι</span> <span class='ocrx_word' id='word_1_140' title='bbox 3390 798 3444 849; x_wconf 90' lang='grc' dir='ltr'><strong>τί</strong></span> <span class='ocrx_word' id='word_1_141' title='bbox 3493 796 3682 850; x_wconf 76' lang='grc' dir='ltr'>τοσοῦ-</span> 
     </span>
    </p>
   </div>
   <div class='ocr_carea' id='block_1_23' title="bbox 2109 887 3686 964">
    <p class='ocr_par' dir='ltr' id='par_1_23' title="bbox 2109 887 3686 964">
     <span class='ocr_line' id='line_1_23' title="bbox 2109 887 3686 964; baseline 0.001 -22"><span class='ocrx_word' id='word_1_142' title='bbox 2109 895 2200 943; x_wconf 78' lang='grc' dir='ltr'><strong>τον</strong></span> <span class='ocrx_word' id='word_1_143' title='bbox 2254 887 2322 960; x_wconf 77' lang='grc' dir='ltr'>ἦν</span> <span class='ocrx_word' id='word_1_144' title='bbox 2357 892 2449 943; x_wconf 74' lang='grc' dir='ltr'><strong>ἐπὶ</strong></span> <span class='ocrx_word' id='word_1_145' title='bbox 2491 891 2585 944; x_wconf 85' lang='grc' dir='ltr'>τοῦ</span> <span class='ocrx_word' id='word_1_146' title='bbox 2628 895 2739 952; x_wconf 83' lang='grc' dir='ltr'>τοῖς</span> <span class='ocrx_word' id='word_1_147' title='bbox 2767 891 2989 964; x_wconf 76' lang='grc' dir='ltr'><strong>λῃσταῖς</strong></span> <span class='ocrx_word' id='word_1_148' title='bbox 3032 892 3527 961; x_wconf 82' lang='grc' dir='ltr'>παραπεπτωκότος</span> <span class='ocrx_word' id='word_1_149' title='bbox 3560 891 3686 944; x_wconf 82' lang='grc' dir='ltr'>θεά-</span> 
     </span>
    </p>
   </div>
   <div class='ocr_carea' id='block_1_24' title="bbox 2110 977 3686 1053">
    <p class='ocr_par' dir='ltr' id='par_1_24' title="bbox 2110 977 3686 1053">
     <span class='ocr_line' id='line_1_24' title="bbox 2110 977 3686 1053; baseline 0.003 -19"><span class='ocrx_word' id='word_1_150' title='bbox 2110 981 2329 1045; x_wconf 86' lang='grc' dir='ltr'>σασθαι,</span> <span class='ocrx_word' id='word_1_151' title='bbox 2375 977 2487 1034; x_wconf 75' lang='grc' dir='ltr'>οἷόν</span> <span class='ocrx_word' id='word_1_152' title='bbox 2537 984 2684 1035; x_wconf 78' lang='grc' dir='ltr'>ἐστιν</span> <span class='ocrx_word' id='word_1_153' title='bbox 2716 984 2808 1035; x_wconf 84' lang='grc' dir='ltr'>ἐπί</span> <span class='ocrx_word' id='word_1_154' title='bbox 2846 983 2954 1035; x_wconf 78' lang='grc' dir='ltr'>τῶν</span> <span class='ocrx_word' id='word_1_155' title='bbox 2982 983 3298 1036; x_wconf 79' lang='grc' dir='ltr'><strong>ἑαλωκότων</strong></span> <span class='ocrx_word' id='word_1_156' title='bbox 3323 983 3400 1053; x_wconf 83' lang='grc' dir='ltr'>τῷ</span> <span class='ocrx_word' id='word_1_157' title='bbox 3429 985 3586 1038; x_wconf 82' lang='grc' dir='ltr'><strong>πάθει</strong></span> <span class='ocrx_word' id='word_1_158' title='bbox 3623 984 3686 1038; x_wconf 84' lang='grc' dir='ltr'><strong>τὸ</strong></span> 
     </span>
    </p>
   </div>
   <div class='ocr_carea' id='block_1_25' title="bbox 2111 1073 3684 1147">
    <p class='ocr_par' dir='ltr' id='par_1_25' title="bbox 2111 1073 3684 1147">
     <span class='ocr_line' id='line_1_25' title="bbox 2111 1073 3684 1147; baseline 0.001 -21"><span class='ocrx_word' id='word_1_159' title='bbox 2111 1074 2324 1143; x_wconf 86' lang='grc' dir='ltr'>θέαμα;</span> <span class='ocrx_word' id='word_1_160' title='bbox 2392 1075 2550 1144; x_wconf 83' lang='grc' dir='ltr'><strong>Ὁρᾷς</strong></span> <span class='ocrx_word' id='word_1_161' title='bbox 2598 1073 2900 1144; x_wconf 80' lang='grc' dir='ltr'>ἄνθρωπον,</span> <span class='ocrx_word' id='word_1_162' title='bbox 2939 1073 3027 1126; x_wconf 85' lang='grc' dir='ltr'>διὰ</span> <span class='ocrx_word' id='word_1_163' title='bbox 3070 1075 3167 1142; x_wconf 83' lang='grc' dir='ltr'><strong>τῆς</strong></span> <span class='ocrx_word' id='word_1_164' title='bbox 3222 1075 3463 1144; x_wconf 82' lang='grc' dir='ltr'>πονηρᾶς</span> <span class='ocrx_word' id='word_1_165' title='bbox 3501 1076 3684 1147; x_wconf 77' lang='grc' dir='ltr'>ἀρρω-</span> 
     </span>
    </p>
   </div>
   <div class='ocr_carea' id='block_1_26' title="bbox 2112 1164 3687 1235">
    <p class='ocr_par' dir='ltr' id='par_1_26' title="bbox 2112 1164 3687 1235">
     <span class='ocr_line' id='line_1_26' title="bbox 2112 1164 3687 1235; baseline 0.002 -19"><span class='ocrx_word' id='word_1_166' title='bbox 2112 1164 2263 1226; x_wconf 84' lang='grc' dir='ltr'>στίας</span> <span class='ocrx_word' id='word_1_167' title='bbox 2292 1165 2371 1227; x_wconf 83' lang='grc' dir='ltr'><strong>είς</strong></span> <span class='ocrx_word' id='word_1_168' title='bbox 2414 1165 2742 1234; x_wconf 83' lang='grc' dir='ltr'>τετραπόδου</span> <span class='ocrx_word' id='word_1_169' title='bbox 2776 1168 2959 1234; x_wconf 85' lang='grc' dir='ltr'>σχῆμα</span> <span class='ocrx_word' id='word_1_170' title='bbox 2995 1165 3523 1235; x_wconf 84' lang='grc' dir='ltr'>μεταπλασσόμενον,</span> <span class='ocrx_word' id='word_1_171' title='bbox 3567 1168 3687 1219; x_wconf 75' lang='grc' dir='ltr'>ἀντὶ</span> 
     </span>
    </p>
   </div>
   <div class='ocr_carea' id='block_1_27' title="bbox 2111 1254 3685 1326">
    <p class='ocr_par' dir='ltr' id='par_1_27' title="bbox 2111 1254 3685 1326">
     <span class='ocr_line' id='line_1_27' title="bbox 2111 1254 3685 1326; baseline 0.001 -19"><span class='ocrx_word' id='word_1_172' title='bbox 2111 1254 2282 1325; x_wconf 79' lang='grc' dir='ltr'>ὁπλῆς</span> <span class='ocrx_word' id='word_1_173' title='bbox 2308 1255 2402 1308; x_wconf 78' lang='grc' dir='ltr'><strong>καὶ</strong></span> <span class='ocrx_word' id='word_1_174' title='bbox 2429 1255 2655 1324; x_wconf 79' lang='grc' dir='ltr'><strong>ὀνύχων,</strong></span> <span class='ocrx_word' id='word_1_175' title='bbox 2687 1255 2819 1321; x_wconf 78' lang='grc' dir='ltr'>ξύλα</span> <span class='ocrx_word' id='word_1_176' title='bbox 2850 1258 2970 1317; x_wconf 86' lang='grc' dir='ltr'>ταῖς</span> <span class='ocrx_word' id='word_1_177' title='bbox 3000 1256 3276 1325; x_wconf 83' lang='grc' dir='ltr'>παλάμαις</span> <span class='ocrx_word' id='word_1_178' title='bbox 3311 1256 3685 1326; x_wconf 79' lang='grc' dir='ltr'>ὑπολαμόανό-</span> 
     </span>
    </p>
   </div>
   <div class='ocr_carea' id='block_1_28' title="bbox 2115 1346 3687 1417">
    <p class='ocr_par' dir='ltr' id='par_1_28' title="bbox 2115 1346 3687 1417">
     <span class='ocr_line' id='line_1_28' title="bbox 2115 1346 3687 1417; baseline 0.003 -21"><span class='ocrx_word' id='word_1_179' title='bbox 2115 1363 2292 1416; x_wconf 87' lang='grc' dir='ltr'>μενον,</span> <span class='ocrx_word' id='word_1_180' title='bbox 2341 1347 2526 1400; x_wconf 80' lang='grc' dir='ltr'>καινὸν</span> <span class='ocrx_word' id='word_1_181' title='bbox 2563 1347 2706 1417; x_wconf 76' lang='grc' dir='ltr'>ἴχνος</span> <span class='ocrx_word' id='word_1_182' title='bbox 2739 1349 2858 1409; x_wconf 88' lang='grc' dir='ltr'>ταῖς</span> <span class='ocrx_word' id='word_1_183' title='bbox 2903 1346 3265 1416; x_wconf 72' lang='grc' dir='ltr'><strong>ἀνθρωπίναις</strong></span> <span class='ocrx_word' id='word_1_184' title='bbox 3293 1347 3432 1409; x_wconf 79' lang='grc' dir='ltr'>ὁδοῖς</span> <span class='ocrx_word' id='word_1_185' title='bbox 3465 1347 3687 1400; x_wconf 77' lang='grc' dir='ltr'>ἐπιϐάλ-</span> 
     </span>
    </p>
   </div>
   <div class='ocr_carea' id='block_1_29' title="bbox 2113 1437 3687 1509">
    <p class='ocr_par' dir='ltr' id='par_1_29' title="bbox 2113 1437 3687 1509">
     <span class='ocr_line' id='line_1_29' title="bbox 2113 1437 3687 1509; baseline 0.002 -21"><span class='ocrx_word' id='word_1_186' title='bbox 2113 1437 2270 1492; x_wconf 89' lang='grc' dir='ltr'>λοντα</span> <span class='ocrx_word' id='word_1_187' title='bbox 2291 1455 2303 1467; x_wconf 93' lang='grc'>·</span> <span class='ocrx_word' id='word_1_188' title='bbox 2338 1439 2422 1501; x_wconf 89' lang='grc' dir='ltr'><strong>τίς</strong></span> <span class='ocrx_word' id='word_1_189' title='bbox 2449 1437 2515 1491; x_wconf 84' lang='grc' dir='ltr'>ἂν</span> <span class='ocrx_word' id='word_1_190' title='bbox 2559 1441 2622 1491; x_wconf 81' lang='grc' dir='ltr'>ἐκ</span> <span class='ocrx_word' id='word_1_191' title='bbox 2653 1437 2745 1490; x_wconf 82' lang='grc' dir='ltr'><strong>τοῦ</strong></span> <span class='ocrx_word' id='word_1_192' title='bbox 2779 1437 2955 1508; x_wconf 78' lang='grc' dir='ltr'><strong>ἴχνους</strong></span> <span class='ocrx_word' id='word_1_193' title='bbox 2986 1437 3254 1509; x_wconf 80' lang='grc' dir='ltr'>έπιγνοίη.</span> <span class='ocrx_word' id='word_1_194' title='bbox 3285 1438 3366 1491; x_wconf 86' lang='grc' dir='ltr'><strong>ὅτι</strong></span> <span class='ocrx_word' id='word_1_195' title='bbox 3402 1437 3687 1509; x_wconf 80' lang='grc' dir='ltr'>ἄνθρωπος</span> 
     </span>
    </p>
   </div>
   <div class='ocr_carea' id='block_1_30' title="bbox 2111 1527 3686 1598">
    <p class='ocr_par' dir='ltr' id='par_1_30' title="bbox 2111 1527 3686 1598">
     <span class='ocr_line' id='line_1_30' title="bbox 2111 1527 3686 1598; baseline 0.001 -18"><span class='ocrx_word' id='word_1_196' title='bbox 2111 1529 2237 1591; x_wconf 82' lang='grc' dir='ltr'>τοὺς</span> <span class='ocrx_word' id='word_1_197' title='bbox 2265 1527 2536 1591; x_wconf 85' lang='grc' dir='ltr'>τοιούτους</span> <span class='ocrx_word' id='word_1_198' title='bbox 2569 1528 2770 1590; x_wconf 86' lang='grc' dir='ltr'>τύπους</span> <span class='ocrx_word' id='word_1_199' title='bbox 2797 1529 3166 1598; x_wconf 80' lang='grc' dir='ltr'>ἐνεσημήνατο</span> <span class='ocrx_word' id='word_1_200' title='bbox 3193 1530 3259 1598; x_wconf 79' lang='grc' dir='ltr'>τῇ</span> <span class='ocrx_word' id='word_1_201' title='bbox 3296 1527 3524 1598; x_wconf 73' lang='grc' dir='ltr'>πορείας</span> <span class='ocrx_word' id='word_1_202' title='bbox 3558 1529 3686 1582; x_wconf 82' lang='grc' dir='ltr'><strong>Ἀν-</strong></span> 
     </span>
    </p>
   </div>
   <div class='ocr_carea' id='block_1_31' title="bbox 2115 1618 3683 1691">
    <p class='ocr_par' dir='ltr' id='par_1_31' title="bbox 2115 1618 3683 1691">
     <span class='ocr_line' id='line_1_31' title="bbox 2115 1618 3683 1691; baseline -0.001 -19"><span class='ocrx_word' id='word_1_203' title='bbox 2115 1620 2348 1690; x_wconf 89' lang='grc' dir='ltr'>θρωπος,</span> <span class='ocrx_word' id='word_1_204' title='bbox 2373 1623 2401 1672; x_wconf 93' lang='lat'><strong>6</strong></span> <span class='ocrx_word' id='word_1_205' title='bbox 2428 1620 2506 1690; x_wconf 82' lang='grc' dir='ltr'>τῷ</span> <span class='ocrx_word' id='word_1_206' title='bbox 2531 1621 2764 1689; x_wconf 83' lang='grc' dir='ltr'>σχήματι</span> <span class='ocrx_word' id='word_1_207' title='bbox 2793 1620 2994 1690; x_wconf 76' lang='grc' dir='ltr'>ὄρθιος,</span> <span class='ocrx_word' id='word_1_208' title='bbox 3027 1622 3056 1671; x_wconf 88' lang='grc' dir='ltr'>ὀ</span> <span class='ocrx_word' id='word_1_209' title='bbox 3087 1621 3165 1682; x_wconf 84' lang='grc' dir='ltr'><strong>εἰς</strong></span> <span class='ocrx_word' id='word_1_210' title='bbox 3193 1619 3422 1691; x_wconf 78' lang='grc' dir='ltr'>οὐρανὸν</span> <span class='ocrx_word' id='word_1_211' title='bbox 3449 1618 3683 1688; x_wconf 78' lang='grc' dir='ltr'><strong>βλέπων,</strong></span> 
     </span>
    </p>
   </div>
   <div class='ocr_carea' id='block_1_32' title="bbox 435 1708 2022 1784">
    <p class='ocr_par' dir='ltr' id='par_1_32' title="bbox 435 1713 2014 1784">
     <span class='ocr_line' id='line_1_32' title="bbox 435 1713 2014 1784; baseline 0.003 -18"><span class='ocrx_word' id='word_1_212' title='bbox 435 1713 610 1767; x_wconf 85' lang='lat' dir='ltr'><strong>morbi</strong></span> <span class='ocrx_word' id='word_1_213' title='bbox 676 1713 732 1767; x_wconf 92' lang='lat' dir='ltr'><strong>in</strong></span> <span class='ocrx_word' id='word_1_214' title='bbox 783 1715 1158 1784; x_wconf 86' lang='lat' dir='ltr'><strong>quadrupedis</strong></span> <span class='ocrx_word' id='word_1_215' title='bbox 1213 1716 1444 1770; x_wconf 85' lang='lat' dir='ltr'><strong>formam</strong></span> <span class='ocrx_word' id='word_1_216' title='bbox 1494 1726 1909 1779; x_wconf 88' lang='lat' dir='ltr'><strong>commutatum,</strong></span> <span class='ocrx_word' id='word_1_217' title='bbox 1957 1725 2014 1772; x_wconf 83' lang='lat' dir='ltr'><strong>et</strong></span> 
     </span>
    </p>
   </div>
   <div class='ocr_carea' id='block_1_33' title="bbox 2125 1708 3688 1784">
    <p class='ocr_par' dir='ltr' id='par_1_33' title="bbox 2125 1708 3688 1784">
     <span class='ocr_line' id='line_1_33' title="bbox 2125 1708 3688 1784; baseline -0.003 -20"><span class='ocrx_word' id='word_1_218' title='bbox 2125 1713 2142 1763; x_wconf 81' lang='grc'><strong>5</strong></span> <span class='ocrx_word' id='word_1_219' title='bbox 2181 1711 2279 1774; x_wconf 84' lang='grc' dir='ltr'>τὰς</span> <span class='ocrx_word' id='word_1_220' title='bbox 2315 1715 2498 1782; x_wconf 84' lang='grc' dir='ltr'>χεῖρας</span> <span class='ocrx_word' id='word_1_221' title='bbox 2544 1712 2678 1782; x_wconf 78' lang='grc' dir='ltr'>πρὸς</span> <span class='ocrx_word' id='word_1_222' title='bbox 2708 1711 2952 1784; x_wconf 77' lang='grc' dir='ltr'>τὴντῶν</span> <span class='ocrx_word' id='word_1_223' title='bbox 2982 1710 3154 1781; x_wconf 77' lang='grc' dir='ltr'>ἔργων</span> <span class='ocrx_word' id='word_1_224' title='bbox 3191 1709 3493 1781; x_wconf 73' lang='grc' dir='ltr'><strong>ὑπηρεσίαν</strong></span> <span class='ocrx_word' id='word_1_225' title='bbox 3539 1708 3688 1778; x_wconf 85' lang='grc' dir='ltr'><strong>παρά</strong></span> 
     </span>
    </p>
   </div>
   <div class='ocr_carea' id='block_1_34' title="bbox 437 1779 2022 1878">
    <p class='ocr_par' dir='ltr' id='par_1_34' title="bbox 437 1779 2006 1878">
     <span class='ocr_line' id='line_1_34' title="bbox 437 1779 2006 1878; baseline 0.003 -20"><span class='ocrx_word' id='word_1_226' title='bbox 437 1805 656 1874; x_wconf 61' lang='lat' dir='ltr'><strong>ungula</strong></span> <span class='ocrx_word' id='word_1_227' title='bbox 676 1779 838 1875; x_wconf 74' lang='lat' dir='ltr'><strong>atque</strong></span> <span class='ocrx_word' id='word_1_228' title='bbox 860 1807 1123 1876; x_wconf 88' lang='lat' dir='ltr'><strong>unguium</strong></span> <span class='ocrx_word' id='word_1_229' title='bbox 1149 1807 1268 1862; x_wconf 92' lang='lat' dir='ltr'><strong>loco</strong></span> <span class='ocrx_word' id='word_1_230' title='bbox 1287 1807 1432 1878; x_wconf 88' lang='lat' dir='ltr'><strong>ligna</strong></span> <span class='ocrx_word' id='word_1_231' title='bbox 1461 1808 1716 1862; x_wconf 89' lang='lat' dir='ltr'><strong>manibus</strong></span> <span class='ocrx_word' id='word_1_232' title='bbox 1745 1808 2006 1874; x_wconf 90' lang='lat' dir='ltr'><strong>induisse,</strong></span> 
     </span>
    </p>
   </div>
   <div class='ocr_carea' id='block_1_35' title="bbox 2125 1779 3689 1878">
    <p class='ocr_par' dir='ltr' id='par_1_35' title="bbox 2125 1782 3689 1872">
     <span class='ocr_line' id='line_1_35' title="bbox 2125 1782 3689 1872; baseline -0.003 -16"><span class='ocrx_word' id='word_1_233' title='bbox 2125 1803 2212 1870; x_wconf 81' lang='grc' dir='ltr'><strong>τῆς</strong></span> <span class='ocrx_word' id='word_1_234' title='bbox 2247 1803 2460 1871; x_wconf 82' lang='grc' dir='ltr'>φύσεως</span> <span class='ocrx_word' id='word_1_235' title='bbox 2505 1802 2664 1872; x_wconf 80' lang='grc' dir='ltr'>ἔχων,</span> <span class='ocrx_word' id='word_1_236' title='bbox 2711 1782 2865 1866; x_wconf 73' lang='grc' dir='ltr'>οὗτος</span> <span class='ocrx_word' id='word_1_237' title='bbox 2899 1803 2979 1865; x_wconf 83' lang='grc' dir='ltr'><strong>εἰς</strong></span> <span class='ocrx_word' id='word_1_238' title='bbox 3019 1801 3117 1872; x_wconf 80' lang='grc' dir='ltr'>τὴν</span> <span class='ocrx_word' id='word_1_239' title='bbox 3146 1801 3250 1869; x_wconf 87' lang='grc' dir='ltr'><strong>γῆν</strong></span> <span class='ocrx_word' id='word_1_240' title='bbox 3296 1801 3551 1861; x_wconf 76' lang='grc' dir='ltr'><strong>κλίνεται,</strong></span> <span class='ocrx_word' id='word_1_241' title='bbox 3596 1800 3689 1851; x_wconf 78' lang='grc' dir='ltr'><strong>καὶ</strong></span> 
     </span>
    </p>
   </div>
   <div class='ocr_carea' id='block_1_36' title="bbox 437 1897 2010 1968">
    <p class='ocr_par' dir='ltr' id='par_1_36' title="bbox 437 1897 2010 1968">
     <span class='ocr_line' id='line_1_36' title="bbox 437 1897 2010 1968; baseline 0.004 -20"><span class='ocrx_word' id='word_1_242' title='bbox 437 1904 600 1965; x_wconf 87' lang='lat' dir='ltr'><strong>atque</strong></span> <span class='ocrx_word' id='word_1_243' title='bbox 645 1897 717 1950; x_wconf 92' lang='lat' dir='ltr'><strong>ita</strong></span> <span class='ocrx_word' id='word_1_244' title='bbox 769 1913 969 1950; x_wconf 88' lang='lat' dir='ltr'><strong>novum</strong></span> <span class='ocrx_word' id='word_1_245' title='bbox 1017 1899 1232 1968; x_wconf 81' lang='lat' dir='ltr'><strong>vestigii</strong></span> <span class='ocrx_word' id='word_1_246' title='bbox 1285 1913 1457 1968; x_wconf 88' lang='lat' dir='ltr'><strong>genus</strong></span> <span class='ocrx_word' id='word_1_247' title='bbox 1497 1898 1752 1954; x_wconf 90' lang='lat' dir='ltr'><strong>humanis</strong></span> <span class='ocrx_word' id='word_1_248' title='bbox 1797 1900 2010 1954; x_wconf 85' lang='lat' dir='ltr'><strong>semitis</strong></span> 
     </span>
    </p>
   </div>
   <div class='ocr_carea' id='block_1_37' title="bbox 438 1985 2008 2057">
    <p class='ocr_par' dir='ltr' id='par_1_37' title="bbox 438 1985 2008 2057">
     <span class='ocr_line' id='line_1_37' title="bbox 438 1985 2008 2057; baseline 0.004 -21"><span class='ocrx_word' id='word_1_249' title='bbox 438 1985 858 2054; x_wconf 88' lang='lat' dir='ltr'><strong>imprimentem.</strong></span> <span class='ocrx_word' id='word_1_250' title='bbox 904 1985 1039 2051; x_wconf 88' lang='lat' dir='ltr'><strong>Quis</strong></span> <span class='ocrx_word' id='word_1_251' title='bbox 1069 2001 1134 2041; x_wconf 80' lang='lat' dir='ltr'><strong>ex</strong></span> <span class='ocrx_word' id='word_1_252' title='bbox 1172 2003 1236 2041; x_wconf 89' lang='lat' dir='ltr'><strong>ea</strong></span> <span class='ocrx_word' id='word_1_253' title='bbox 1265 1986 1444 2041; x_wconf 86' lang='lat' dir='ltr'><strong>forma</strong></span> <span class='ocrx_word' id='word_1_254' title='bbox 1492 1997 1658 2057; x_wconf 88' lang='lat' dir='ltr'><strong>queat</strong></span> <span class='ocrx_word' id='word_1_255' title='bbox 1694 2003 2008 2055; x_wconf 76' lang='lat' dir='ltr'><strong>agnoscere,</strong></span> 
     </span>
    </p>
   </div>
   <div class='ocr_carea' id='block_1_38' title="bbox 439 2075 2012 2149">
    <p class='ocr_par' dir='ltr' id='par_1_38' title="bbox 439 2075 2012 2149">
     <span class='ocr_line' id='line_1_38' title="bbox 439 2075 2012 2149; baseline 0.003 -22"><span class='ocrx_word' id='word_1_256' title='bbox 439 2075 680 2130; x_wconf 89' lang='lat' dir='ltr'><strong>hominis</strong></span> <span class='ocrx_word' id='word_1_257' title='bbox 709 2091 899 2145; x_wconf 87' lang='lat' dir='ltr'><strong>gressu</strong></span> <span class='ocrx_word' id='word_1_258' title='bbox 925 2076 1199 2145; x_wconf 87' lang='lat' dir='ltr'><strong>ejusmodi</strong></span> <span class='ocrx_word' id='word_1_259' title='bbox 1231 2075 1518 2132; x_wconf 64' lang='lat' dir='ltr'><strong>essehcta</strong></span> <span class='ocrx_word' id='word_1_260' title='bbox 1549 2078 1810 2149; x_wconf 86' lang='lat' dir='ltr'><strong>vestigia?</strong></span> <span class='ocrx_word' id='word_1_261' title='bbox 1838 2078 2012 2132; x_wconf 85' lang='lat' dir='ltr'><strong>llomo</strong></span> 
     </span>
    </p>
   </div>
   <div class='ocr_carea' id='block_1_39' title="bbox 438 2166 2012 2236">
    <p class='ocr_par' dir='ltr' id='par_1_39' title="bbox 438 2166 2012 2236">
     <span class='ocr_line' id='line_1_39' title="bbox 438 2166 2012 2236; baseline 0.005 -20"><span class='ocrx_word' id='word_1_262' title='bbox 438 2181 504 2216; x_wconf 89' lang='lat' dir='ltr'><strong>eo</strong></span> <span class='ocrx_word' id='word_1_263' title='bbox 525 2166 776 2234; x_wconf 87' lang='lat' dir='ltr'><strong>corporis</strong></span> <span class='ocrx_word' id='word_1_264' title='bbox 800 2166 991 2220; x_wconf 86' lang='lat' dir='ltr'><strong>habitu</strong></span> <span class='ocrx_word' id='word_1_265' title='bbox 1025 2176 1079 2221; x_wconf 90' lang='lat' dir='ltr'><strong>et</strong></span> <span class='ocrx_word' id='word_1_266' title='bbox 1107 2168 1278 2236; x_wconf 83' lang='lat' dir='ltr'><strong>figura</strong></span> <span class='ocrx_word' id='word_1_267' title='bbox 1310 2167 1602 2235; x_wconf 89' lang='lat' dir='ltr'><strong>formatus,</strong></span> <span class='ocrx_word' id='word_1_268' title='bbox 1638 2179 1697 2223; x_wconf 86' lang='lat' dir='ltr'><strong>ut</strong></span> <span class='ocrx_word' id='word_1_269' title='bbox 1737 2179 1922 2225; x_wconf 89' lang='lat' dir='ltr'><strong>rectus</strong></span> <span class='ocrx_word' id='word_1_270' title='bbox 1957 2169 2012 2224; x_wconf 94' lang='lat' dir='ltr'><strong>in</strong></span> 
     </span>
    </p>
   </div>
   <div class='ocr_carea' id='block_1_40' title="bbox 440 2259 2014 2329">
    <p class='ocr_par' dir='ltr' id='par_1_40' title="bbox 440 2259 2014 2329">
     <span class='ocr_line' id='line_1_40' title="bbox 440 2259 2014 2329; baseline 0.004 -19"><span class='ocrx_word' id='word_1_271' title='bbox 440 2259 638 2311; x_wconf 73' lang='lat' dir='ltr'><strong>cmlum</strong></span> <span class='ocrx_word' id='word_1_272' title='bbox 669 2260 922 2329; x_wconf 86' lang='lat' dir='ltr'><strong>aspiciat,</strong></span> <span class='ocrx_word' id='word_1_273' title='bbox 954 2260 1040 2313; x_wconf 93' lang='lat' dir='ltr'><strong>cui</strong></span> <span class='ocrx_word' id='word_1_274' title='bbox 1075 2276 1334 2314; x_wconf 91' lang='lat' dir='ltr'><strong>manuum</strong></span> <span class='ocrx_word' id='word_1_275' title='bbox 1368 2262 1793 2316; x_wconf 81' lang='lat' dir='ltr'><strong>instrumentum</strong></span> <span class='ocrx_word' id='word_1_276' title='bbox 1829 2261 1894 2316; x_wconf 91' lang='lat' dir='ltr'><strong>ad</strong></span> <span class='ocrx_word' id='word_1_277' title='bbox 1925 2277 2014 2316; x_wconf 87' lang='lat' dir='ltr'><strong>res</strong></span> 
     </span>
    </p>
   </div>
   <div class='ocr_carea' id='block_1_41' title="bbox 443 2351 2015 2417">
    <p class='ocr_par' dir='ltr' id='par_1_41' title="bbox 443 2351 2015 2417">
     <span class='ocr_line' id='line_1_41' title="bbox 443 2351 2015 2417; baseline 0.003 -15"><span class='ocrx_word' id='word_1_278' title='bbox 443 2351 680 2415; x_wconf 56' lang='lat' dir='ltr'><strong>agendas</strong></span> <span class='ocrx_word' id='word_1_279' title='bbox 726 2359 920 2405; x_wconf 89' lang='lat' dir='ltr'><strong>natura</strong></span> <span class='ocrx_word' id='word_1_280' title='bbox 968 2353 1139 2417; x_wconf 89' lang='lat' dir='ltr'><strong>dedit,</strong></span> <span class='ocrx_word' id='word_1_281' title='bbox 1201 2355 1521 2407; x_wconf 90' lang='lat' dir='ltr'><strong>incurvatur</strong></span> <span class='ocrx_word' id='word_1_282' title='bbox 1575 2355 1628 2406; x_wconf 95' lang='lat' dir='ltr'><strong>in</strong></span> <span class='ocrx_word' id='word_1_283' title='bbox 1683 2363 1906 2416; x_wconf 90' lang='lat' dir='ltr'><strong>terram,</strong></span> <span class='ocrx_word' id='word_1_284' title='bbox 1961 2361 2015 2406; x_wconf 93' lang='lat' dir='ltr'><strong>et</strong></span> 
     </span>
    </p>
   </div>
   <div class='ocr_carea' id='block_1_42' title="bbox 443 2439 2014 2511">
    <p class='ocr_par' dir='ltr' id='par_1_42' title="bbox 443 2439 2014 2511">
     <span class='ocr_line' id='line_1_42' title="bbox 443 2439 2014 2511; baseline 0.003 -20"><span class='ocrx_word' id='word_1_285' title='bbox 443 2439 756 2509; x_wconf 83' lang='lat' dir='ltr'><strong>quadrupes</strong></span> <span class='ocrx_word' id='word_1_286' title='bbox 819 2441 925 2505; x_wconf 86' lang='lat' dir='ltr'><strong>fit,</strong></span> <span class='ocrx_word' id='word_1_287' title='bbox 989 2452 1043 2494; x_wconf 90' lang='lat' dir='ltr'><strong>et</strong></span> <span class='ocrx_word' id='word_1_288' title='bbox 1107 2458 1297 2511; x_wconf 90' lang='lat' dir='ltr'><strong>parum</strong></span> <span class='ocrx_word' id='word_1_289' title='bbox 1365 2442 1520 2496; x_wconf 89' lang='lat' dir='ltr'><strong>abest</strong></span> <span class='ocrx_word' id='word_1_290' title='bbox 1587 2442 1718 2510; x_wconf 90' lang='lat' dir='ltr'><strong>quin</strong></span> <span class='ocrx_word' id='word_1_291' title='bbox 1785 2441 2014 2495; x_wconf 81' lang='lat' dir='ltr'><strong>rationis</strong></span> 
     </span>
    </p>
   </div>
   <div class='ocr_carea' id='block_1_43' title="bbox 444 2531 2018 2601">
    <p class='ocr_par' dir='ltr' id='par_1_43' title="bbox 444 2531 2018 2601">
     <span class='ocr_line' id='line_1_43' title="bbox 444 2531 2018 2601; baseline -0.001 -16"><span class='ocrx_word' id='word_1_292' title='bbox 444 2547 642 2600; x_wconf 76' lang='lat' dir='ltr'><strong>expers</strong></span> <span class='ocrx_word' id='word_1_293' title='bbox 669 2546 794 2585; x_wconf 87' lang='lat' dir='ltr'><strong>esse</strong></span> <span class='ocrx_word' id='word_1_294' title='bbox 818 2532 1087 2586; x_wconf 87' lang='lat' dir='ltr'><strong>videatur.</strong></span> <span class='ocrx_word' id='word_1_295' title='bbox 1123 2532 1258 2586; x_wconf 87' lang='lat' dir='ltr'><strong>Cum</strong></span> <span class='ocrx_word' id='word_1_296' title='bbox 1289 2531 1603 2586; x_wconf 80' lang='lat' dir='ltr'><strong>diﬂicultate</strong></span> <span class='ocrx_word' id='word_1_297' title='bbox 1629 2533 1879 2601; x_wconf 86' lang='lat' dir='ltr'><strong>spiritum</strong></span> <span class='ocrx_word' id='word_1_298' title='bbox 1905 2540 2018 2586; x_wconf 85' lang='lat' dir='ltr'><strong>tra-</strong></span> 
     </span>
    </p>
   </div>
   <div class='ocr_carea' id='block_1_44' title="bbox 444 2621 2016 2686">
    <p class='ocr_par' dir='ltr' id='par_1_44' title="bbox 444 2621 2016 2686">
     <span class='ocr_line' id='line_1_44' title="bbox 444 2621 2016 2686; baseline 0.001 -11"><span class='ocrx_word' id='word_1_299' title='bbox 444 2621 550 2685; x_wconf 86' lang='lat' dir='ltr'><strong>hit,</strong></span> <span class='ocrx_word' id='word_1_300' title='bbox 593 2622 936 2686; x_wconf 84' lang='lat' dir='ltr'><strong>irraucescit,</strong></span> <span class='ocrx_word' id='word_1_301' title='bbox 977 2631 1031 2675; x_wconf 90' lang='lat' dir='ltr'><strong>et</strong></span> <span class='ocrx_word' id='word_1_302' title='bbox 1063 2637 1128 2676; x_wconf 79' lang='lat' dir='ltr'><strong>ex</strong></span> <span class='ocrx_word' id='word_1_303' title='bbox 1168 2622 1379 2676; x_wconf 88' lang='lat' dir='ltr'><strong>intimis</strong></span> <span class='ocrx_word' id='word_1_304' title='bbox 1410 2623 1718 2677; x_wconf 87' lang='lat' dir='ltr'><strong>visceribus</strong></span> <span class='ocrx_word' id='word_1_305' title='bbox 1768 2622 2016 2676; x_wconf 81' lang='lat' dir='ltr'><strong>fremitus</strong></span> 
     </span>
    </p>
   </div>
   <div class='ocr_carea' id='block_1_45' title="bbox 445 2713 2017 2784">
    <p class='ocr_par' dir='ltr' id='par_1_45' title="bbox 445 2713 2017 2784">
     <span class='ocr_line' id='line_1_45' title="bbox 445 2713 2017 2784; baseline 0.002 -18"><span class='ocrx_word' id='word_1_306' title='bbox 445 2714 615 2777; x_wconf 85' lang='lat' dir='ltr'><strong>elicit,</strong></span> <span class='ocrx_word' id='word_1_307' title='bbox 662 2713 798 2782; x_wconf 88' lang='lat' dir='ltr'><strong>ipsis</strong></span> <span class='ocrx_word' id='word_1_308' title='bbox 847 2715 1009 2768; x_wconf 90' lang='lat' dir='ltr'><strong>etiam</strong></span> <span class='ocrx_word' id='word_1_309' title='bbox 1059 2714 1292 2768; x_wconf 86' lang='lat' dir='ltr'><strong>rationis</strong></span> <span class='ocrx_word' id='word_1_310' title='bbox 1335 2715 1650 2784; x_wconf 64' lang='lat' dir='ltr'><strong>expertibus</strong></span> <span class='ocrx_word' id='word_1_311' title='bbox 1690 2715 2017 2769; x_wconf 90' lang='lat' dir='ltr'><strong>animalibus</strong></span> 
     </span>
    </p>
   </div>
   <div class='ocr_carea' id='block_1_46' title="bbox 447 2802 2014 2873">
    <p class='ocr_par' dir='ltr' id='par_1_46' title="bbox 447 2802 2014 2873">
     <span class='ocr_line' id='line_1_46' title="bbox 447 2802 2014 2873; baseline 0 -16"><span class='ocrx_word' id='word_1_312' title='bbox 447 2802 672 2857; x_wconf 72' lang='lat' dir='ltr'><strong>enectus</strong></span> <span class='ocrx_word' id='word_1_313' title='bbox 712 2802 896 2873; x_wconf 90' lang='lat' dir='ltr'><strong>(liceat</strong></span> <span class='ocrx_word' id='word_1_314' title='bbox 947 2804 1207 2858; x_wconf 78' lang='lat' dir='ltr'><strong>audacter</strong></span> <span class='ocrx_word' id='word_1_315' title='bbox 1241 2804 1294 2858; x_wconf 89' lang='lat' dir='ltr'><strong>id</strong></span> <span class='ocrx_word' id='word_1_316' title='bbox 1341 2803 1547 2873; x_wconf 90' lang='lat' dir='ltr'><strong>dicere)</strong></span> <span class='ocrx_word' id='word_1_317' title='bbox 1595 2804 2014 2859; x_wconf 88' lang='lat' dir='ltr'><strong>calamitosior:</strong></span> 
     </span>
    </p>
   </div>
   <div class='ocr_carea' id='block_1_47' title="bbox 451 2896 2018 2967">
    <p class='ocr_par' dir='ltr' id='par_1_47' title="bbox 451 2896 2018 2967">
     <span class='ocr_line' id='line_1_47' title="bbox 451 2896 2018 2967; baseline 0 -17"><span class='ocrx_word' id='word_1_318' title='bbox 451 2897 718 2965; x_wconf 88' lang='lat' dir='ltr'><strong>siquidem</strong></span> <span class='ocrx_word' id='word_1_319' title='bbox 752 2898 864 2957; x_wconf 88' lang='lat' dir='ltr'><strong>illa.</strong></span> <span class='ocrx_word' id='word_1_320' title='bbox 899 2912 1064 2966; x_wconf 92' lang='lat' dir='ltr'><strong>quam</strong></span> <span class='ocrx_word' id='word_1_321' title='bbox 1106 2899 1176 2952; x_wconf 88' lang='lat' dir='ltr'><strong>ab</strong></span> <span class='ocrx_word' id='word_1_322' title='bbox 1207 2897 1325 2967; x_wconf 91' lang='lat' dir='ltr'><strong>ipso</strong></span> <span class='ocrx_word' id='word_1_323' title='bbox 1359 2905 1486 2950; x_wconf 91' lang='lat' dir='ltr'><strong>ortu</strong></span> <span class='ocrx_word' id='word_1_324' title='bbox 1519 2896 1754 2951; x_wconf 87' lang='lat' dir='ltr'><strong>formam</strong></span> <span class='ocrx_word' id='word_1_325' title='bbox 1793 2911 2018 2964; x_wconf 89' lang='lat' dir='ltr'><strong>accepe-</strong></span> 
     </span>
    </p>
   </div>
   <div class='ocr_carea' id='block_1_48' title="bbox 451 2987 2016 3059">
    <p class='ocr_par' dir='ltr' id='par_1_48' title="bbox 451 2987 2016 3059">
     <span class='ocr_line' id='line_1_48' title="bbox 451 2987 2016 3059; baseline 0.001 -18"><span class='ocrx_word' id='word_1_326' title='bbox 451 2997 601 3052; x_wconf 88' lang='lat' dir='ltr'><strong>runt,</strong></span> <span class='ocrx_word' id='word_1_327' title='bbox 638 3003 756 3041; x_wconf 88' lang='lat' dir='ltr'><strong>eam</strong></span> <span class='ocrx_word' id='word_1_328' title='bbox 789 2988 854 3043; x_wconf 87' lang='lat' dir='ltr'><strong>ad</strong></span> <span class='ocrx_word' id='word_1_329' title='bbox 893 2988 1052 3042; x_wconf 83' lang='lat' dir='ltr'><strong>finem</strong></span> <span class='ocrx_word' id='word_1_330' title='bbox 1097 3004 1270 3059; x_wconf 88' lang='lat' dir='ltr'><strong>nsqtte</strong></span> <span class='ocrx_word' id='word_1_331' title='bbox 1301 2997 1664 3054; x_wconf 84' lang='lat' dir='ltr'><strong>conservant;</strong></span> <span class='ocrx_word' id='word_1_332' title='bbox 1705 3003 1807 3042; x_wconf 88' lang='lat' dir='ltr'><strong>nec</strong></span> <span class='ocrx_word' id='word_1_333' title='bbox 1847 2987 2016 3043; x_wconf 83' lang='lat' dir='ltr'><strong>ullum</strong></span> 
     </span>
    </p>
   </div>
   <div class='ocr_carea' id='block_1_49' title="bbox 452 3080 2018 3149">
    <p class='ocr_par' dir='ltr' id='par_1_49' title="bbox 452 3080 2018 3149">
     <span class='ocr_line' id='line_1_49' title="bbox 452 3080 2018 3149; baseline -0.001 -15"><span class='ocrx_word' id='word_1_334' title='bbox 452 3095 520 3134; x_wconf 83' lang='lat' dir='ltr'><strong>ex</strong></span> <span class='ocrx_word' id='word_1_335' title='bbox 571 3080 638 3135; x_wconf 89' lang='lat' dir='ltr'><strong>iis</strong></span> <span class='ocrx_word' id='word_1_336' title='bbox 679 3088 900 3149; x_wconf 90' lang='lat' dir='ltr'><strong>pr0pter</strong></span> <span class='ocrx_word' id='word_1_337' title='bbox 944 3080 1181 3149; x_wconf 84' lang='lat' dir='ltr'><strong>aliquem</strong></span> <span class='ocrx_word' id='word_1_338' title='bbox 1223 3081 1477 3136; x_wconf 85' lang='lat' dir='ltr'><strong>morbum</strong></span> <span class='ocrx_word' id='word_1_339' title='bbox 1523 3096 1589 3136; x_wconf 85' lang='lat' dir='ltr'><strong>ex</strong></span> <span class='ocrx_word' id='word_1_340' title='bbox 1631 3097 1693 3136; x_wconf 89' lang='lat' dir='ltr'><strong>ea</strong></span> <span class='ocrx_word' id='word_1_341' title='bbox 1746 3081 1920 3134; x_wconf 89' lang='lat' dir='ltr'><strong>forma</strong></span> <span class='ocrx_word' id='word_1_342' title='bbox 1964 3081 2018 3133; x_wconf 93' lang='lat' dir='ltr'><strong>in</strong></span> 
     </span>
    </p>
   </div>
   <div class='ocr_carea' id='block_1_50' title="bbox 455 3169 2028 3240">
    <p class='ocr_par' dir='ltr' id='par_1_50' title="bbox 455 3169 2028 3240">
     <span class='ocr_line' id='line_1_50' title="bbox 455 3169 2028 3240; baseline 0 -17"><span class='ocrx_word' id='word_1_343' title='bbox 455 3171 617 3224; x_wconf 88' lang='lat' dir='ltr'><strong>aliam</strong></span> <span class='ocrx_word' id='word_1_344' title='bbox 666 3171 1024 3225; x_wconf 88' lang='lat' dir='ltr'><strong>convertitur.</strong></span> <span class='ocrx_word' id='word_1_345' title='bbox 1084 3169 1184 3224; x_wconf 87' lang='lat' dir='ltr'><strong>llic</strong></span> <span class='ocrx_word' id='word_1_346' title='bbox 1229 3179 1437 3233; x_wconf 87' lang='lat' dir='ltr'><strong>autem,</strong></span> <span class='ocrx_word' id='word_1_347' title='bbox 1483 3179 1742 3240; x_wconf 87' lang='lat' dir='ltr'><strong>tanquam</strong></span> <span class='ocrx_word' id='word_1_348' title='bbox 1785 3185 2028 3223; x_wconf 90' lang='lat' dir='ltr'><strong>commu-</strong></span> 
     </span>
    </p>
   </div>
   <div class='ocr_carea' id='block_1_51' title="bbox 456 3259 2028 3332">
    <p class='ocr_par' dir='ltr' id='par_1_51' title="bbox 456 3259 2028 3332">
     <span class='ocr_line' id='line_1_51' title="bbox 456 3259 2028 3332; baseline 0.003 -19"><span class='ocrx_word' id='word_1_349' title='bbox 456 3269 568 3313; x_wconf 83' lang='lat' dir='ltr'><strong>tata</strong></span> <span class='ocrx_word' id='word_1_350' title='bbox 613 3270 833 3323; x_wconf 89' lang='lat' dir='ltr'><strong>natura,</strong></span> <span class='ocrx_word' id='word_1_351' title='bbox 869 3275 976 3313; x_wconf 91' lang='lat' dir='ltr'><strong>non</strong></span> <span class='ocrx_word' id='word_1_352' title='bbox 1021 3259 1072 3314; x_wconf 84' lang='lat' dir='ltr'><strong>id</strong></span> <span class='ocrx_word' id='word_1_353' title='bbox 1112 3263 1368 3330; x_wconf 89' lang='lat' dir='ltr'><strong>amplius,</strong></span> <span class='ocrx_word' id='word_1_354' title='bbox 1395 3263 1542 3332; x_wconf 93' lang='lat' dir='ltr'><strong>quod</strong></span> <span class='ocrx_word' id='word_1_355' title='bbox 1571 3273 1712 3326; x_wconf 87' lang='lat' dir='ltr'><strong>erat,</strong></span> <span class='ocrx_word' id='word_1_356' title='bbox 1749 3261 1844 3318; x_wconf 89' lang='lat' dir='ltr'><strong>sed</strong></span> <span class='ocrx_word' id='word_1_357' title='bbox 1878 3262 2028 3317; x_wconf 90' lang='lat' dir='ltr'><strong>aliud</strong></span> 
     </span>
    </p>
   </div>
   <div class='ocr_carea' id='block_1_52' title="bbox 458 3351 2030 3420">
    <p class='ocr_par' dir='ltr' id='par_1_52' title="bbox 458 3351 2030 3420">
     <span class='ocr_line' id='line_1_52' title="bbox 458 3351 2030 3420; baseline 0.003 -16"><span class='ocrx_word' id='word_1_358' title='bbox 458 3351 730 3420; x_wconf 86' lang='lat' dir='ltr'><strong>quoddam</strong></span> <span class='ocrx_word' id='word_1_359' title='bbox 767 3353 966 3406; x_wconf 88' lang='lat' dir='ltr'><strong>animal</strong></span> <span class='ocrx_word' id='word_1_360' title='bbox 1019 3353 1232 3406; x_wconf 82' lang='lat' dir='ltr'><strong>videtur</strong></span> <span class='ocrx_word' id='word_1_361' title='bbox 1267 3370 1410 3408; x_wconf 88' lang='lat' dir='ltr'><strong>esse.</strong></span> <span class='ocrx_word' id='word_1_362' title='bbox 1444 3353 1648 3408; x_wconf 90' lang='lat' dir='ltr'><strong>Pedum</strong></span> <span class='ocrx_word' id='word_1_363' title='bbox 1693 3355 1772 3408; x_wconf 89' lang='lat' dir='ltr'><strong>illi</strong></span> <span class='ocrx_word' id='word_1_364' title='bbox 1804 3369 2030 3410; x_wconf 85' lang='lat' dir='ltr'><strong>munere</strong></span> 
     </span>
    </p>
   </div>
   <div class='ocr_carea' id='block_1_53' title="bbox 459 3445 2026 3515">
    <p class='ocr_par' dir='ltr' id='par_1_53' title="bbox 459 3445 2026 3515">
     <span class='ocr_line' id='line_1_53' title="bbox 459 3445 2026 3515; baseline 0.002 -19"><span class='ocrx_word' id='word_1_365' title='bbox 459 3445 761 3512; x_wconf 85' lang='lat' dir='ltr'><strong>funguntur</strong></span> <span class='ocrx_word' id='word_1_366' title='bbox 783 3459 1014 3509; x_wconf 87' lang='lat' dir='ltr'><strong>manus;</strong></span> <span class='ocrx_word' id='word_1_367' title='bbox 1043 3459 1216 3512; x_wconf 84' lang='lat' dir='ltr'><strong>genua</strong></span> <span class='ocrx_word' id='word_1_368' title='bbox 1246 3445 1487 3512; x_wconf 80' lang='lat' dir='ltr'><strong>praebent</strong></span> <span class='ocrx_word' id='word_1_369' title='bbox 1509 3447 1818 3515; x_wconf 89' lang='lat' dir='ltr'><strong>plantarum</strong></span> <span class='ocrx_word' id='word_1_370' title='bbox 1843 3461 2026 3502; x_wconf 89' lang='lat' dir='ltr'><strong>usum.</strong></span> 
     </span>
    </p>
   </div>
   <div class='ocr_carea' id='block_1_54' title="bbox 458 3535 2032 3608">
    <p class='ocr_par' dir='ltr' id='par_1_54' title="bbox 458 3535 2032 3608">
     <span class='ocr_line' id='line_1_54' title="bbox 458 3535 2032 3608; baseline 0.003 -19"><span class='ocrx_word' id='word_1_371' title='bbox 458 3537 592 3589; x_wconf 79' lang='lat' dir='ltr'><strong>Nam</strong></span> <span class='ocrx_word' id='word_1_372' title='bbox 621 3535 751 3605; x_wconf 66' lang='lat' dir='ltr'><strong>ipsa:</strong></span> <span class='ocrx_word' id='word_1_373' title='bbox 787 3536 986 3605; x_wconf 65' lang='lat' dir='ltr'><strong>plantae</strong></span> <span class='ocrx_word' id='word_1_374' title='bbox 1010 3538 1311 3600; x_wconf 84' lang='lat' dir='ltr'><strong>naturales,</strong></span> <span class='ocrx_word' id='word_1_375' title='bbox 1339 3546 1393 3591; x_wconf 90' lang='lat' dir='ltr'><strong>et</strong></span> <span class='ocrx_word' id='word_1_376' title='bbox 1421 3539 1538 3601; x_wconf 84' lang='lat' dir='ltr'><strong>tali,</strong></span> <span class='ocrx_word' id='word_1_377' title='bbox 1572 3547 1667 3592; x_wconf 91' lang='lat' dir='ltr'><strong>aut</strong></span> <span class='ocrx_word' id='word_1_378' title='bbox 1707 3540 1867 3608; x_wconf 88' lang='lat' dir='ltr'><strong>plane</strong></span> <span class='ocrx_word' id='word_1_379' title='bbox 1897 3539 2032 3594; x_wconf 80' lang='lat' dir='ltr'><strong>defi—</strong></span> 
     </span>
    </p>
   </div>
   <div class='ocr_carea' id='block_1_55' title="bbox 458 3625 2028 3697">
    <p class='ocr_par' dir='ltr' id='par_1_55' title="bbox 458 3625 2028 3697">
     <span class='ocr_line' id='line_1_55' title="bbox 458 3625 2028 3697; baseline 0.003 -17"><span class='ocrx_word' id='word_1_380' title='bbox 458 3627 630 3689; x_wconf 87' lang='lat' dir='ltr'><strong>ciunt,</strong></span> <span class='ocrx_word' id='word_1_381' title='bbox 671 3635 767 3678; x_wconf 91' lang='lat' dir='ltr'><strong>aut</strong></span> <span class='ocrx_word' id='word_1_382' title='bbox 800 3625 969 3678; x_wconf 91' lang='lat' dir='ltr'><strong>veluti</strong></span> <span class='ocrx_word' id='word_1_383' title='bbox 1009 3627 1227 3695; x_wconf 82' lang='lat' dir='ltr'><strong>scapha:</strong></span> <span class='ocrx_word' id='word_1_384' title='bbox 1272 3629 1520 3697; x_wconf 76' lang='lat' dir='ltr'><strong>quaedam</strong></span> <span class='ocrx_word' id='word_1_385' title='bbox 1563 3631 1911 3685; x_wconf 84' lang='lat' dir='ltr'><strong>extrinsecus</strong></span> <span class='ocrx_word' id='word_1_386' title='bbox 1947 3639 2028 3685; x_wconf 88' lang='lat' dir='ltr'><strong>te-</strong></span> 
     </span>
    </p>
   </div>
   <div class='ocr_carea' id='block_1_56' title="bbox 460 3714 2032 3781">
    <p class='ocr_par' dir='ltr' id='par_1_56' title="bbox 460 3714 2032 3781">
     <span class='ocr_line' id='line_1_56' title="bbox 460 3714 2032 3781; baseline 0.006 -13"><span class='ocrx_word' id='word_1_387' title='bbox 460 3730 610 3769; x_wconf 86' lang='lat' dir='ltr'><strong>mere</strong></span> <span class='ocrx_word' id='word_1_388' title='bbox 659 3714 890 3770; x_wconf 88' lang='lat' dir='ltr'><strong>navibus</strong></span> <span class='ocrx_word' id='word_1_389' title='bbox 923 3715 1175 3781; x_wconf 66' lang='lat' dir='ltr'><strong>admotae,</strong></span> <span class='ocrx_word' id='word_1_390' title='bbox 1235 3717 1459 3772; x_wconf 89' lang='lat' dir='ltr'><strong>fortuito</strong></span> <span class='ocrx_word' id='word_1_391' title='bbox 1507 3720 1816 3775; x_wconf 89' lang='lat' dir='ltr'><strong>trahuntur.</strong></span> <span class='ocrx_word' id='word_1_392' title='bbox 1849 3721 1910 3775; x_wconf 89' lang='lat' dir='ltr'><strong>ln</strong></span> <span class='ocrx_word' id='word_1_393' title='bbox 1946 3722 2032 3777; x_wconf 90' lang='lat' dir='ltr'><strong>his</strong></span> 
     </span>
    </p>
   </div>
   <div class='ocr_carea' id='block_1_57' title="bbox 459 3806 2032 3882">
    <p class='ocr_par' dir='ltr' id='par_1_57' title="bbox 459 3806 2032 3882">
     <span class='ocr_line' id='line_1_57' title="bbox 459 3806 2032 3882; baseline 0.006 -22"><span class='ocrx_word' id='word_1_394' title='bbox 459 3815 520 3860; x_wconf 88' lang='lat' dir='ltr'><strong>tu</strong></span> <span class='ocrx_word' id='word_1_395' title='bbox 563 3806 836 3861; x_wconf 90' lang='lat' dir='ltr'><strong>hominem</strong></span> <span class='ocrx_word' id='word_1_396' title='bbox 884 3809 1084 3872; x_wconf 91' lang='lat' dir='ltr'><strong>cernis,</strong></span> <span class='ocrx_word' id='word_1_397' title='bbox 1121 3825 1221 3863; x_wconf 88' lang='lat' dir='ltr'><strong>nec</strong></span> <span class='ocrx_word' id='word_1_398' title='bbox 1264 3811 1548 3880; x_wconf 80' lang='lat' dir='ltr'><strong>sanguinis</strong></span> <span class='ocrx_word' id='word_1_399' title='bbox 1589 3814 2032 3882; x_wconf 85' lang='lat' dir='ltr'><strong>conjunctionem</strong></span> 
     </span>
    </p>
   </div>
   <div class='ocr_carea' id='block_1_58' title="bbox 462 3899 2036 3974">
    <p class='ocr_par' dir='ltr' id='par_1_58' title="bbox 462 3899 2036 3974">
     <span class='ocr_line' id='line_1_58' title="bbox 462 3899 2036 3974; baseline 0.007 -22"><span class='ocrx_word' id='word_1_400' title='bbox 462 3899 772 3974; x_wconf 83' lang='lat' dir='ltr'><strong>revereris?</strong></span> <span class='ocrx_word' id='word_1_401' title='bbox 810 3913 910 3954; x_wconf 90' lang='lat' dir='ltr'><strong>nec</strong></span> <span class='ocrx_word' id='word_1_402' title='bbox 943 3901 1227 3955; x_wconf 90' lang='lat' dir='ltr'><strong>miseraris</strong></span> <span class='ocrx_word' id='word_1_403' title='bbox 1278 3903 1688 3974; x_wconf 89' lang='lat' dir='ltr'><strong>propinquum?</strong></span> <span class='ocrx_word' id='word_1_404' title='bbox 1734 3907 1827 3962; x_wconf 89' lang='lat' dir='ltr'><strong>sed</strong></span> <span class='ocrx_word' id='word_1_405' title='bbox 1880 3923 2036 3962; x_wconf 89' lang='lat' dir='ltr'><strong>aver-</strong></span> 
     </span>
    </p>
   </div>
   <div class='ocr_carea' id='block_1_59' title="bbox 463 3971 2037 4063">
    <p class='ocr_par' dir='ltr' id='par_1_59' title="bbox 463 3971 2037 4063">
     <span class='ocr_line' id='line_1_59' title="bbox 463 3971 2037 4063; baseline 0.004 -19"><span class='ocrx_word' id='word_1_406' title='bbox 463 3971 606 4044; x_wconf 71' lang='lat' dir='ltr'><strong>saris</strong></span> <span class='ocrx_word' id='word_1_407' title='bbox 635 3989 1022 4052; x_wconf 84' lang='lat' dir='ltr'><strong>calamitatem,</strong></span> <span class='ocrx_word' id='word_1_408' title='bbox 1065 3999 1119 4043; x_wconf 90' lang='lat' dir='ltr'><strong>et</strong></span> <span class='ocrx_word' id='word_1_409' title='bbox 1151 3990 1280 4043; x_wconf 90' lang='lat' dir='ltr'><strong>odio</strong></span> <span class='ocrx_word' id='word_1_410' title='bbox 1310 3993 1611 4061; x_wconf 90' lang='lat' dir='ltr'><strong>supplicem</strong></span> <span class='ocrx_word' id='word_1_411' title='bbox 1639 3995 2037 4063; x_wconf 82' lang='lat' dir='ltr'><strong>prosequeris?</strong></span> 
     </span>
    </p>
   </div>
   <div class='ocr_carea' id='block_1_60' title="bbox 463 4079 2035 4156">
    <p class='ocr_par' dir='ltr' id='par_1_60' title="bbox 463 4079 2035 4156">
     <span class='ocr_line' id='line_1_60' title="bbox 463 4079 2035 4156; baseline 0.004 -22"><span class='ocrx_word' id='word_1_412' title='bbox 463 4079 714 4136; x_wconf 81' lang='lat' dir='ltr'><strong>Hominis</strong></span> <span class='ocrx_word' id='word_1_413' title='bbox 740 4096 1019 4136; x_wconf 88' lang='lat' dir='ltr'><strong>accessum</strong></span> <span class='ocrx_word' id='word_1_414' title='bbox 1051 4090 1309 4152; x_wconf 88' lang='lat' dir='ltr'><strong>tanquam</strong></span> <span class='ocrx_word' id='word_1_415' title='bbox 1347 4084 1474 4138; x_wconf 71' lang='lat' dir='ltr'><strong>ferre</strong></span> <span class='ocrx_word' id='word_1_416' title='bbox 1502 4086 1738 4154; x_wconf 88' lang='lat' dir='ltr'><strong>alicujus</strong></span> <span class='ocrx_word' id='word_1_417' title='bbox 1775 4088 2035 4156; x_wconf 90' lang='lat' dir='ltr'><strong>impetum</strong></span> 
     </span>
    </p>
   </div>
   <div class='ocr_carea' id='block_1_61' title="bbox 464 4170 2039 4239">
    <p class='ocr_par' dir='ltr' id='par_1_61' title="bbox 464 4170 2039 4239">
     <span class='ocr_line' id='line_1_61' title="bbox 464 4170 2039 4239; baseline 0.003 -14"><span class='ocrx_word' id='word_1_418' title='bbox 464 4170 755 4225; x_wconf 80' lang='lat' dir='ltr'><strong>declinas?</strong></span> <span class='ocrx_word' id='word_1_419' title='bbox 781 4171 972 4239; x_wconf 88' lang='lat' dir='ltr'><strong>Atqui,</strong></span> <span class='ocrx_word' id='word_1_420' title='bbox 1005 4187 1074 4225; x_wconf 89' lang='lat' dir='ltr'><strong>ne</strong></span> <span class='ocrx_word' id='word_1_421' title='bbox 1106 4171 1160 4225; x_wconf 88' lang='lat' dir='ltr'><strong>id</strong></span> <span class='ocrx_word' id='word_1_422' title='bbox 1201 4170 1433 4236; x_wconf 85' lang='lat' dir='ltr'><strong>faceres,</strong></span> <span class='ocrx_word' id='word_1_423' title='bbox 1457 4173 1694 4228; x_wconf 80' lang='lat' dir='ltr'><strong>debebas</strong></span> <span class='ocrx_word' id='word_1_424' title='bbox 1739 4177 1823 4229; x_wconf 80' lang='lat' dir='ltr'><strong>vel</strong></span> <span class='ocrx_word' id='word_1_425' title='bbox 1854 4191 1917 4230; x_wconf 88' lang='lat' dir='ltr'><strong>ea</strong></span> <span class='ocrx_word' id='word_1_426' title='bbox 1944 4191 2039 4229; x_wconf 65' lang='grc' dir='ltr'><strong>ρο⁴</strong></span> 
     </span>
    </p>
   </div>
   <div class='ocr_carea' id='block_1_62' title="bbox 466 4263 2041 4336">
    <p class='ocr_par' dir='ltr' id='par_1_62' title="bbox 466 4263 2041 4336">
     <span class='ocr_line' id='line_1_62' title="bbox 466 4263 2041 4336; baseline 0.003 -21"><span class='ocrx_word' id='word_1_427' title='bbox 466 4263 730 4332; x_wconf 88' lang='lat' dir='ltr'><strong>gitatione</strong></span> <span class='ocrx_word' id='word_1_428' title='bbox 788 4263 1067 4331; x_wconf 88' lang='lat' dir='ltr'><strong>prohiberi</strong></span> <span class='ocrx_word' id='word_1_429' title='bbox 1108 4282 1121 4317; x_wconf 92' lang='lat'>:</span> <span class='ocrx_word' id='word_1_430' title='bbox 1157 4279 1351 4333; x_wconf 89' lang='lat' dir='ltr'><strong>nempe</strong></span> <span class='ocrx_word' id='word_1_431' title='bbox 1406 4267 1657 4335; x_wconf 79' lang='lat' dir='ltr'><strong>angelum</strong></span> <span class='ocrx_word' id='word_1_432' title='bbox 1718 4281 1748 4318; x_wconf 94' lang='lat' dir='ltr'><strong>a</strong></span> <span class='ocrx_word' id='word_1_433' title='bbox 1810 4280 2041 4336; x_wconf 86' lang='lat' dir='ltr'><strong>corpore</strong></span> 
     </span>
    </p>
   </div>
   <div class='ocr_carea' id='block_1_63' title="bbox 469 4352 2038 4424">
    <p class='ocr_par' dir='ltr' id='par_1_63' title="bbox 469 4352 2038 4424">
     <span class='ocr_line' id='line_1_63' title="bbox 469 4352 2038 4424; baseline 0.003 -19"><span class='ocrx_word' id='word_1_434' title='bbox 469 4353 806 4422; x_wconf 87' lang='lat' dir='ltr'><strong>materiaque</strong></span> <span class='ocrx_word' id='word_1_435' title='bbox 841 4352 1096 4414; x_wconf 89' lang='lat' dir='ltr'><strong>liberum,</strong></span> <span class='ocrx_word' id='word_1_436' title='bbox 1137 4360 1212 4413; x_wconf 87' lang='lat' dir='ltr'><strong>te,</strong></span> <span class='ocrx_word' id='word_1_437' title='bbox 1253 4356 1504 4424; x_wconf 88' lang='lat' dir='ltr'><strong>quamvis</strong></span> <span class='ocrx_word' id='word_1_438' title='bbox 1537 4356 1613 4410; x_wconf 91' lang='lat' dir='ltr'><strong>sis</strong></span> <span class='ocrx_word' id='word_1_439' title='bbox 1645 4357 1828 4420; x_wconf 90' lang='lat' dir='ltr'><strong>homo,</strong></span> <span class='ocrx_word' id='word_1_440' title='bbox 1861 4368 2038 4410; x_wconf 77' lang='lat' dir='ltr'><strong>tamen</strong></span> 
     </span>
    </p>
   </div>
   <div class='ocr_carea' id='block_1_64' title="bbox 470 4447 2039 4517">
    <p class='ocr_par' dir='ltr' id='par_1_64' title="bbox 470 4447 2039 4517">
     <span class='ocr_line' id='line_1_64' title="bbox 470 4447 2039 4517; baseline 0.001 -16"><span class='ocrx_word' id='word_1_441' title='bbox 470 4447 760 4514; x_wconf 68' lang='lat' dir='ltr'><strong>attingere,</strong></span> <span class='ocrx_word' id='word_1_442' title='bbox 811 4460 912 4498; x_wconf 91' lang='lat' dir='ltr'><strong>nec</strong></span> <span class='ocrx_word' id='word_1_443' title='bbox 967 4460 1132 4499; x_wconf 89' lang='lat' dir='ltr'><strong>carne</strong></span> <span class='ocrx_word' id='word_1_444' title='bbox 1177 4455 1230 4500; x_wconf 89' lang='lat' dir='ltr'><strong>et</strong></span> <span class='ocrx_word' id='word_1_445' title='bbox 1277 4447 1541 4516; x_wconf 86' lang='lat' dir='ltr'><strong>sanguine</strong></span> <span class='ocrx_word' id='word_1_446' title='bbox 1600 4448 1820 4502; x_wconf 89' lang='lat' dir='ltr'><strong>mistum</strong></span> <span class='ocrx_word' id='word_1_447' title='bbox 1877 4456 2039 4517; x_wconf 90' lang='lat' dir='ltr'><strong>atque</strong></span> 
     </span>
    </p>
   </div>
   <div class='ocr_carea' id='block_1_65' title="bbox 469 4537 2040 4607">
    <p class='ocr_par' dir='ltr' id='par_1_65' title="bbox 469 4537 2040 4607">
     <span class='ocr_line' id='line_1_65' title="bbox 469 4537 2040 4607; baseline 0.003 -19"><span class='ocrx_word' id='word_1_448' title='bbox 469 4547 784 4589; x_wconf 86' lang='lat' dir='ltr'><strong>concretum</strong></span> <span class='ocrx_word' id='word_1_449' title='bbox 835 4537 1142 4604; x_wconf 90' lang='lat' dir='ltr'><strong>aspernari.</strong></span> <span class='ocrx_word' id='word_1_450' title='bbox 1194 4537 1333 4601; x_wconf 86' lang='lat' dir='ltr'><strong>Quid</strong></span> <span class='ocrx_word' id='word_1_451' title='bbox 1380 4546 1560 4592; x_wconf 89' lang='lat' dir='ltr'><strong>autem</strong></span> <span class='ocrx_word' id='word_1_452' title='bbox 1613 4538 1837 4607; x_wconf 89' lang='lat' dir='ltr'><strong>angelos</strong></span> <span class='ocrx_word' id='word_1_453' title='bbox 1881 4539 2040 4594; x_wconf 86' lang='lat' dir='ltr'><strong>dico?</strong></span> 
     </span>
    </p>
   </div>
   <div class='ocr_carea' id='block_1_66' title="bbox 471 4626 2039 4698">
    <p class='ocr_par' dir='ltr' id='par_1_66' title="bbox 471 4626 2039 4698">
     <span class='ocr_line' id='line_1_66' title="bbox 471 4626 2039 4698; baseline 0.003 -18"><span class='ocrx_word' id='word_1_454' title='bbox 471 4643 596 4680; x_wconf 91' lang='lat' dir='ltr'><strong>cum</strong></span> <span class='ocrx_word' id='word_1_455' title='bbox 628 4627 741 4695; x_wconf 91' lang='lat' dir='ltr'><strong>ipse</strong></span> <span class='ocrx_word' id='word_1_456' title='bbox 777 4626 1041 4682; x_wconf 89' lang='lat' dir='ltr'><strong>Dominus</strong></span> <span class='ocrx_word' id='word_1_457' title='bbox 1070 4629 1410 4697; x_wconf 88' lang='lat' dir='ltr'><strong>angelorum,</strong></span> <span class='ocrx_word' id='word_1_458' title='bbox 1442 4631 1558 4698; x_wconf 89' lang='lat' dir='ltr'><strong>ipse</strong></span> <span class='ocrx_word' id='word_1_459' title='bbox 1596 4631 1834 4684; x_wconf 71' lang='lat' dir='ltr'><strong>cmlestis</strong></span> <span class='ocrx_word' id='word_1_460' title='bbox 1867 4632 2039 4685; x_wconf 89' lang='lat' dir='ltr'><strong>beati-</strong></span> 
     </span>
    </p>
   </div>
   <div class='ocr_carea' id='block_1_67' title="bbox 471 4717 2040 4788">
    <p class='ocr_par' dir='ltr' id='par_1_67' title="bbox 471 4717 2040 4788">
     <span class='ocr_line' id='line_1_67' title="bbox 471 4717 2040 4788; baseline 0.004 -18"><span class='ocrx_word' id='word_1_461' title='bbox 471 4717 682 4770; x_wconf 88' lang='lat' dir='ltr'><strong>tudinis</strong></span> <span class='ocrx_word' id='word_1_462' title='bbox 714 4735 806 4772; x_wconf 79' lang='lat' dir='ltr'><strong>rex</strong></span> <span class='ocrx_word' id='word_1_463' title='bbox 831 4729 1054 4788; x_wconf 87' lang='lat' dir='ltr'><strong>propter</strong></span> <span class='ocrx_word' id='word_1_464' title='bbox 1084 4727 1135 4772; x_wconf 91' lang='lat' dir='ltr'><strong>te</strong></span> <span class='ocrx_word' id='word_1_465' title='bbox 1176 4718 1349 4774; x_wconf 87' lang='lat' dir='ltr'><strong>factus</strong></span> <span class='ocrx_word' id='word_1_466' title='bbox 1377 4721 1448 4773; x_wconf 88' lang='lat' dir='ltr'><strong>sit</strong></span> <span class='ocrx_word' id='word_1_467' title='bbox 1475 4721 1657 4784; x_wconf 91' lang='lat' dir='ltr'><strong>homo,</strong></span> <span class='ocrx_word' id='word_1_468' title='bbox 1698 4733 1750 4775; x_wconf 90' lang='lat' dir='ltr'><strong>et</strong></span> <span class='ocrx_word' id='word_1_469' title='bbox 1787 4721 2040 4776; x_wconf 89' lang='lat' dir='ltr'><strong>sordidas</strong></span> 
     </span>
    </p>
   </div>
   <div class='ocr_carea' id='block_1_68' title="bbox 473 4809 2036 4878">
    <p class='ocr_par' dir='ltr' id='par_1_68' title="bbox 473 4809 2036 4878">
     <span class='ocr_line' id='line_1_68' title="bbox 473 4809 2036 4878; baseline 0.002 -17"><span class='ocrx_word' id='word_1_470' title='bbox 473 4809 610 4863; x_wconf 86' lang='lat' dir='ltr'><strong>istas</strong></span> <span class='ocrx_word' id='word_1_471' title='bbox 647 4809 997 4878; x_wconf 87' lang='lat' dir='ltr'><strong>abjectasque</strong></span> <span class='ocrx_word' id='word_1_472' title='bbox 1022 4811 1206 4863; x_wconf 90' lang='lat' dir='ltr'><strong>carnis</strong></span> <span class='ocrx_word' id='word_1_473' title='bbox 1237 4811 1519 4864; x_wconf 77' lang='lat' dir='ltr'><strong>exuviolas</strong></span> <span class='ocrx_word' id='word_1_474' title='bbox 1546 4825 1650 4864; x_wconf 91' lang='lat' dir='ltr'><strong>una</strong></span> <span class='ocrx_word' id='word_1_475' title='bbox 1682 4827 1805 4864; x_wconf 91' lang='lat' dir='ltr'><strong>cum</strong></span> <span class='ocrx_word' id='word_1_476' title='bbox 1836 4813 2036 4876; x_wconf 87' lang='lat' dir='ltr'><strong>anima,</strong></span> 
     </span>
    </p>
   </div>
   <div class='ocr_carea' id='block_1_69' title="bbox 474 4897 2039 4968">
    <p class='ocr_par' dir='ltr' id='par_1_69' title="bbox 474 4897 2039 4968">
     <span class='ocr_line' id='line_1_69' title="bbox 474 4897 2039 4968; baseline 0.004 -18"><span class='ocrx_word' id='word_1_477' title='bbox 474 4915 595 4968; x_wconf 74' lang='lat' dir='ltr'><strong>qua:</strong></span> <span class='ocrx_word' id='word_1_478' title='bbox 635 4897 772 4968; x_wconf 87' lang='lat' dir='ltr'><strong>ipsis</strong></span> <span class='ocrx_word' id='word_1_479' title='bbox 800 4908 918 4952; x_wconf 89' lang='lat' dir='ltr'><strong>erat</strong></span> <span class='ocrx_word' id='word_1_480' title='bbox 952 4900 1164 4964; x_wconf 83' lang='lat' dir='ltr'><strong>induta,</strong></span> <span class='ocrx_word' id='word_1_481' title='bbox 1193 4901 1296 4953; x_wconf 87' lang='lat' dir='ltr'><strong>sibi</strong></span> <span class='ocrx_word' id='word_1_482' title='bbox 1332 4903 1776 4968; x_wconf 81' lang='lat' dir='ltr'><strong>circumdederit,</strong></span> <span class='ocrx_word' id='word_1_483' title='bbox 1805 4913 1861 4956; x_wconf 88' lang='lat' dir='ltr'><strong>ut</strong></span> <span class='ocrx_word' id='word_1_484' title='bbox 1895 4913 2039 4958; x_wconf 87' lang='lat' dir='ltr'><strong>atta-</strong></span> 
     </span>
    </p>
   </div>
   <div class='ocr_carea' id='block_1_70' title="bbox 475 4991 2042 5060">
    <p class='ocr_par' dir='ltr' id='par_1_70' title="bbox 475 4991 2042 5060">
     <span class='ocr_line' id='line_1_70' title="bbox 475 4991 2042 5060; baseline 0.004 -16"><span class='ocrx_word' id='word_1_485' title='bbox 475 5001 566 5044; x_wconf 90' lang='lat' dir='ltr'><strong>ctu</strong></span> <span class='ocrx_word' id='word_1_486' title='bbox 616 5005 716 5046; x_wconf 91' lang='lat' dir='ltr'><strong>suo</strong></span> <span class='ocrx_word' id='word_1_487' title='bbox 761 4991 871 5046; x_wconf 84' lang='lat' dir='ltr'><strong>tuis</strong></span> <span class='ocrx_word' id='word_1_488' title='bbox 914 4992 1331 5060; x_wconf 70' lang='lat' dir='ltr'><strong>aagritudinibus</strong></span> <span class='ocrx_word' id='word_1_489' title='bbox 1382 4993 1727 5048; x_wconf 86' lang='lat' dir='ltr'><strong>mederetur?</strong></span> <span class='ocrx_word' id='word_1_490' title='bbox 1770 4995 1848 5048; x_wconf 90' lang='lat' dir='ltr'><strong>Tu</strong></span> <span class='ocrx_word' id='word_1_491' title='bbox 1887 5003 2042 5060; x_wconf 59' lang='lat' dir='ltr'><strong>tero,</strong></span> 
     </span>
    </p>
   </div>
   <div class='ocr_carea' id='block_1_71' title="bbox 475 5083 2042 5155">
    <p class='ocr_par' dir='ltr' id='par_1_71' title="bbox 475 5083 2042 5155">
     <span class='ocr_line' id='line_1_71' title="bbox 475 5083 2042 5155; baseline 0.004 -19"><span class='ocrx_word' id='word_1_492' title='bbox 475 5085 568 5151; x_wconf 90' lang='lat' dir='ltr'><strong>qui</strong></span> <span class='ocrx_word' id='word_1_493' title='bbox 605 5091 800 5136; x_wconf 87' lang='lat' dir='ltr'><strong>natura</strong></span> <span class='ocrx_word' id='word_1_494' title='bbox 830 5083 970 5138; x_wconf 87' lang='lat' dir='ltr'><strong>idem</strong></span> <span class='ocrx_word' id='word_1_495' title='bbox 1003 5101 1062 5138; x_wconf 87' lang='lat' dir='ltr'><strong>es</strong></span> <span class='ocrx_word' id='word_1_496' title='bbox 1109 5100 1230 5137; x_wconf 89' lang='lat' dir='ltr'><strong>cum</strong></span> <span class='ocrx_word' id='word_1_497' title='bbox 1262 5094 1578 5153; x_wconf 65' lang='lat' dir='ltr'><strong>aegrotante,</strong></span> <span class='ocrx_word' id='word_1_498' title='bbox 1619 5087 1759 5155; x_wconf 80' lang='lat' dir='ltr'><strong>fugis</strong></span> <span class='ocrx_word' id='word_1_499' title='bbox 1798 5088 2042 5154; x_wconf 85' lang='lat' dir='ltr'><strong>ejusdem</strong></span> 
     </span>
    </p>
   </div>
   <div class='ocr_carea' id='block_1_72' title="bbox 479 5175 2046 5249">
    <p class='ocr_par' dir='ltr' id='par_1_72' title="bbox 479 5175 2046 5249">
     <span class='ocr_line' id='line_1_72' title="bbox 479 5175 2046 5249; baseline 0.005 -22"><span class='ocrx_word' id='word_1_500' title='bbox 479 5176 698 5241; x_wconf 86' lang='lat' dir='ltr'><strong>generis</strong></span> <span class='ocrx_word' id='word_1_501' title='bbox 728 5175 1021 5229; x_wconf 82' lang='lat' dir='ltr'><strong>hominem.</strong></span> <span class='ocrx_word' id='word_1_502' title='bbox 1047 5175 1122 5230; x_wconf 85' lang='lat' dir='ltr'><strong>Ne</strong></span> <span class='ocrx_word' id='word_1_503' title='bbox 1153 5177 1272 5238; x_wconf 88' lang='lat' dir='ltr'><strong>tibi,</strong></span> <span class='ocrx_word' id='word_1_504' title='bbox 1305 5178 1490 5242; x_wconf 80' lang='lat' dir='ltr'><strong>frater,</strong></span> <span class='ocrx_word' id='word_1_505' title='bbox 1528 5195 1616 5243; x_wconf 90' lang='lat' dir='ltr'><strong>ne,</strong></span> <span class='ocrx_word' id='word_1_506' title='bbox 1653 5181 1904 5241; x_wconf 86' lang='lat' dir='ltr'><strong>obsecro,</strong></span> <span class='ocrx_word' id='word_1_507' title='bbox 1933 5182 2046 5249; x_wconf 89' lang='lat' dir='ltr'><strong>pla-</strong></span> 
     </span>
    </p>
   </div>
   <div class='ocr_carea' id='block_1_73' title="bbox 2116 1891 3688 1965">
    <p class='ocr_par' dir='ltr' id='par_1_73' title="bbox 2116 1891 3688 1965">
     <span class='ocr_line' id='line_1_73' title="bbox 2116 1891 3688 1965; baseline -0.001 -19"><span class='ocrx_word' id='word_1_508' title='bbox 2116 1895 2441 1965; x_wconf 84' lang='grc' dir='ltr'>τετράποδον</span> <span class='ocrx_word' id='word_1_509' title='bbox 2487 1896 2714 1962; x_wconf 86' lang='grc' dir='ltr'>γίνεται,</span> <span class='ocrx_word' id='word_1_510' title='bbox 2763 1895 2858 1947; x_wconf 75' lang='grc' dir='ltr'><strong>καὶ</strong></span> <span class='ocrx_word' id='word_1_511' title='bbox 2891 1894 3084 1965; x_wconf 84' lang='grc' dir='ltr'>μικρὸν</span> <span class='ocrx_word' id='word_1_512' title='bbox 3127 1892 3317 1946; x_wconf 83' lang='grc' dir='ltr'><strong>ἀποδεῖ</strong></span> <span class='ocrx_word' id='word_1_513' title='bbox 3356 1891 3449 1944; x_wconf 83' lang='grc' dir='ltr'><strong>τοῦ</strong></span> <span class='ocrx_word' id='word_1_514' title='bbox 3498 1891 3688 1958; x_wconf 74' lang='grc' dir='ltr'>ἄλογος</span> 
     </span>
    </p>
   </div>
   <div class='ocr_carea' id='block_1_74' title="bbox 2119 1981 3687 2057">
    <p class='ocr_par' dir='ltr' id='par_1_74' title="bbox 2119 1981 3687 2057">
     <span class='ocr_line' id='line_1_74' title="bbox 2119 1981 3687 2057; baseline -0.003 -19"><span class='ocrx_word' id='word_1_515' title='bbox 2119 1983 2277 2039; x_wconf 77' lang='grc' dir='ltr'>εἶναι.</span> <span class='ocrx_word' id='word_1_516' title='bbox 2323 1988 2411 2038; x_wconf 87' lang='grc' dir='ltr'>Ἐν</span> <span class='ocrx_word' id='word_1_517' title='bbox 2439 1986 2592 2039; x_wconf 82' lang='grc' dir='ltr'>δασεῖ</span> <span class='ocrx_word' id='word_1_518' title='bbox 2620 1985 2715 2039; x_wconf 74' lang='grc' dir='ltr'><strong>καὶ</strong></span> <span class='ocrx_word' id='word_1_519' title='bbox 2751 1986 3054 2057; x_wconf 85' lang='grc' dir='ltr'>βραγχῶντι</span> <span class='ocrx_word' id='word_1_520' title='bbox 3103 1984 3179 2055; x_wconf 82' lang='grc' dir='ltr'><strong>τῷ</strong></span> <span class='ocrx_word' id='word_1_521' title='bbox 3211 1983 3467 2053; x_wconf 80' lang='grc' dir='ltr'><strong>ἄσθματι,</strong></span> <span class='ocrx_word' id='word_1_522' title='bbox 3505 1981 3687 2051; x_wconf 88' lang='grc' dir='ltr'>βιαίως</span> 
     </span>
    </p>
   </div>
   <div class='ocr_carea' id='block_1_75' title="bbox 2119 2073 3691 2148">
    <p class='ocr_par' dir='ltr' id='par_1_75' title="bbox 2119 2073 3691 2148">
     <span class='ocr_line' id='line_1_75' title="bbox 2119 2073 3691 2148; baseline -0.003 -18"><span class='ocrx_word' id='word_1_523' title='bbox 2119 2077 2329 2131; x_wconf 75' lang='grc' dir='ltr'>ἔνδοθεν</span> <span class='ocrx_word' id='word_1_524' title='bbox 2360 2079 2466 2132; x_wconf 87' lang='grc' dir='ltr'>ἀπὸ</span> <span class='ocrx_word' id='word_1_525' title='bbox 2494 2079 2603 2131; x_wconf 86' lang='grc' dir='ltr'><strong>τῶν</strong></span> <span class='ocrx_word' id='word_1_526' title='bbox 2633 2077 2952 2148; x_wconf 77' lang='grc' dir='ltr'>σπλάγχνων</span> <span class='ocrx_word' id='word_1_527' title='bbox 2983 2077 3422 2146; x_wconf 77' lang='grc' dir='ltr'>ὑποϐρυχόμενος</span> <span class='ocrx_word' id='word_1_528' title='bbox 3442 2091 3456 2105; x_wconf 76' lang='grc' dir='ltr'><strong><em>ο</em></strong></span> <span class='ocrx_word' id='word_1_529' title='bbox 3492 2073 3691 2144; x_wconf 82' lang='grc' dir='ltr'>μᾶλλον</span> 
     </span>
    </p>
   </div>
   <div class='ocr_carea' id='block_1_76' title="bbox 2119 2166 3688 2243">
    <p class='ocr_par' dir='ltr' id='par_1_76' title="bbox 2119 2166 3688 2243">
     <span class='ocr_line' id='line_1_76' title="bbox 2119 2166 3688 2243; baseline -0.003 -19"><span class='ocrx_word' id='word_1_530' title='bbox 2119 2172 2196 2231; x_wconf 77' lang='grc' dir='ltr'>δὲ,</span> <span class='ocrx_word' id='word_1_531' title='bbox 2235 2173 2282 2224; x_wconf 83' lang='grc' dir='ltr'><strong>εί</strong></span> <span class='ocrx_word' id='word_1_532' title='bbox 2311 2171 2414 2242; x_wconf 82' lang='grc' dir='ltr'>χρὴ</span> <span class='ocrx_word' id='word_1_533' title='bbox 2448 2171 2790 2243; x_wconf 82' lang='grc' dir='ltr'>τολμήσαντα</span> <span class='ocrx_word' id='word_1_534' title='bbox 2827 2171 3018 2228; x_wconf 77' lang='grc' dir='ltr'>εἰπεῖν,</span> <span class='ocrx_word' id='word_1_535' title='bbox 3043 2171 3137 2222; x_wconf 78' lang='grc' dir='ltr'>καὶ</span> <span class='ocrx_word' id='word_1_536' title='bbox 3165 2168 3272 2221; x_wconf 86' lang='grc' dir='ltr'>τῶν</span> <span class='ocrx_word' id='word_1_537' title='bbox 3300 2167 3510 2237; x_wconf 83' lang='grc' dir='ltr'>ἀλόγων</span> <span class='ocrx_word' id='word_1_538' title='bbox 3546 2166 3688 2235; x_wconf 80' lang='grc' dir='ltr'>γινό-</span> 
     </span>
    </p>
   </div>
   <div class='ocr_carea' id='block_1_77' title="bbox 2125 2259 3691 2334">
    <p class='ocr_par' dir='ltr' id='par_1_77' title="bbox 2125 2259 3691 2334">
     <span class='ocr_line' id='line_1_77' title="bbox 2125 2259 3691 2334; baseline -0.003 -18"><span class='ocrx_word' id='word_1_539' title='bbox 2125 2282 2282 2334; x_wconf 81' lang='grc' dir='ltr'>μενος</span> <span class='ocrx_word' id='word_1_540' title='bbox 2329 2262 2672 2334; x_wconf 79' lang='grc' dir='ltr'>ἀθλιώτερος.</span> <span class='ocrx_word' id='word_1_541' title='bbox 2722 2262 2803 2315; x_wconf 87' lang='grc' dir='ltr'><strong>Τά</strong></span> <span class='ocrx_word' id='word_1_542' title='bbox 2859 2263 2957 2332; x_wconf 78' lang='grc' dir='ltr'>μὲν</span> <span class='ocrx_word' id='word_1_543' title='bbox 2999 2262 3107 2332; x_wconf 82' lang='grc' dir='ltr'><strong>γὰρ</strong></span> <span class='ocrx_word' id='word_1_544' title='bbox 3149 2261 3240 2314; x_wconf 79' lang='grc' dir='ltr'>τὸν</span> <span class='ocrx_word' id='word_1_545' title='bbox 3288 2261 3394 2313; x_wconf 76' lang='grc' dir='ltr'>ἀπὸ</span> <span class='ocrx_word' id='word_1_546' title='bbox 3425 2259 3691 2328; x_wconf 80' lang='grc' dir='ltr'>γενέσεως</span> 
     </span>
    </p>
   </div>
   <div class='ocr_carea' id='block_1_78' title="bbox 2122 2349 3690 2426">
    <p class='ocr_par' dir='ltr' id='par_1_78' title="bbox 2122 2349 3690 2426">
     <span class='ocr_line' id='line_1_78' title="bbox 2122 2349 3690 2426; baseline -0.004 -18"><span class='ocrx_word' id='word_1_547' title='bbox 2122 2357 2442 2426; x_wconf 76' lang='grc' dir='ltr'>χαρακτῆρα</span> <span class='ocrx_word' id='word_1_548' title='bbox 2484 2355 2642 2426; x_wconf 80' lang='grc' dir='ltr'>μέχρι</span> <span class='ocrx_word' id='word_1_549' title='bbox 2689 2355 2886 2417; x_wconf 83' lang='grc' dir='ltr'>παντὸς</span> <span class='ocrx_word' id='word_1_550' title='bbox 2941 2354 3016 2416; x_wconf 84' lang='grc' dir='ltr'>ὡς</span> <span class='ocrx_word' id='word_1_551' title='bbox 3057 2353 3126 2406; x_wconf 82' lang='grc' dir='ltr'>τὰ</span> <span class='ocrx_word' id='word_1_552' title='bbox 3168 2352 3337 2406; x_wconf 87' lang='grc' dir='ltr'>πολλὰ</span> <span class='ocrx_word' id='word_1_553' title='bbox 3364 2349 3690 2404; x_wconf 86' lang='grc' dir='ltr'>διεσώσατο·</span> 
     </span>
    </p>
   </div>
   <div class='ocr_carea' id='block_1_79' title="bbox 2124 2443 3696 2515">
    <p class='ocr_par' dir='ltr' id='par_1_79' title="bbox 2124 2443 3696 2515">
     <span class='ocr_line' id='line_1_79' title="bbox 2124 2443 3696 2515; baseline -0.003 -17"><span class='ocrx_word' id='word_1_554' title='bbox 2124 2447 2216 2498; x_wconf 73' lang='grc' dir='ltr'>καὶ</span> <span class='ocrx_word' id='word_1_555' title='bbox 2245 2446 2395 2498; x_wconf 73' lang='grc' dir='ltr'>οὐδὲν</span> <span class='ocrx_word' id='word_1_556' title='bbox 2426 2445 2628 2498; x_wconf 91' lang='grc' dir='ltr'>τούτων</span> <span class='ocrx_word' id='word_1_557' title='bbox 2679 2445 2742 2498; x_wconf 79' lang='grc' dir='ltr'>ἐκ</span> <span class='ocrx_word' id='word_1_558' title='bbox 2790 2462 2934 2509; x_wconf 88' lang='grc' dir='ltr'>τινος</span> <span class='ocrx_word' id='word_1_559' title='bbox 2975 2445 3256 2515; x_wconf 77' lang='grc' dir='ltr'>συμφορᾶς</span> <span class='ocrx_word' id='word_1_560' title='bbox 3302 2443 3575 2511; x_wconf 84' lang='grc' dir='ltr'>τοιαύτης,</span> <span class='ocrx_word' id='word_1_561' title='bbox 3615 2443 3696 2505; x_wconf 85' lang='grc' dir='ltr'><strong>είς</strong></span> 
     </span>
    </p>
   </div>
   <div class='ocr_carea' id='block_1_80' title="bbox 2123 2533 3695 2607">
    <p class='ocr_par' dir='ltr' id='par_1_80' title="bbox 2123 2533 3695 2607">
     <span class='ocr_line' id='line_1_80' title="bbox 2123 2533 3695 2607; baseline -0.002 -18"><span class='ocrx_word' id='word_1_562' title='bbox 2123 2537 2307 2607; x_wconf 75' lang='grc' dir='ltr'>ἕτερόν</span> <span class='ocrx_word' id='word_1_563' title='bbox 2327 2553 2446 2587; x_wconf 87' lang='grc' dir='ltr'>τινα</span> <span class='ocrx_word' id='word_1_564' title='bbox 2471 2536 2792 2605; x_wconf 81' lang='grc' dir='ltr'>χαρακτῆρα</span> <span class='ocrx_word' id='word_1_565' title='bbox 2819 2535 3162 2606; x_wconf 80' lang='grc' dir='ltr'>μετεκινήθη.</span> <span class='ocrx_word' id='word_1_566' title='bbox 3192 2535 3386 2588; x_wconf 78' lang='grc' dir='ltr'>Οὑτοσὶ</span> <span class='ocrx_word' id='word_1_567' title='bbox 3409 2534 3484 2595; x_wconf 86' lang='grc' dir='ltr'>δὲ,</span> <span class='ocrx_word' id='word_1_568' title='bbox 3510 2533 3695 2603; x_wconf 81' lang='grc' dir='ltr'>ὥσπερ</span> 
     </span>
    </p>
   </div>
   <div class='ocr_carea' id='block_1_81' title="bbox 2124 2624 3694 2696">
    <p class='ocr_par' dir='ltr' id='par_1_81' title="bbox 2124 2624 3694 2696">
     <span class='ocr_line' id='line_1_81' title="bbox 2124 2624 3694 2696; baseline -0.003 -16"><span class='ocrx_word' id='word_1_569' title='bbox 2124 2626 2478 2696; x_wconf 83' lang='grc' dir='ltr'>ἁλλαχθείσης</span> <span class='ocrx_word' id='word_1_570' title='bbox 2509 2626 2605 2695; x_wconf 89' lang='grc' dir='ltr'><strong>τῆς</strong></span> <span class='ocrx_word' id='word_1_571' title='bbox 2639 2626 2872 2695; x_wconf 79' lang='grc' dir='ltr'>φύσεως,</span> <span class='ocrx_word' id='word_1_572' title='bbox 2909 2626 3036 2678; x_wconf 84' lang='grc' dir='ltr'>ἄλλο</span> <span class='ocrx_word' id='word_1_573' title='bbox 3082 2645 3134 2678; x_wconf 90' lang='grc' dir='ltr'>τι</span> <span class='ocrx_word' id='word_1_574' title='bbox 3185 2625 3454 2694; x_wconf 81' lang='grc' dir='ltr'>φαίνεται,</span> <span class='ocrx_word' id='word_1_575' title='bbox 3500 2624 3594 2678; x_wconf 75' lang='grc' dir='ltr'><strong>καὶ</strong></span> <span class='ocrx_word' id='word_1_576' title='bbox 3633 2624 3694 2676; x_wconf 88' lang='grc' dir='ltr'><strong>ού</strong></span> 
     </span>
    </p>
   </div>
   <div class='ocr_carea' id='block_1_82' title="bbox 2125 2711 3698 2783">
    <p class='ocr_par' dir='ltr' id='par_1_82' title="bbox 2125 2711 3698 2783">
     <span class='ocr_line' id='line_1_82' title="bbox 2125 2711 3698 2783; baseline -0.003 -16"><span class='ocrx_word' id='word_1_577' title='bbox 2125 2715 2184 2768; x_wconf 86' lang='grc' dir='ltr'>τὸ</span> <span class='ocrx_word' id='word_1_578' title='bbox 2221 2713 2449 2783; x_wconf 84' lang='grc' dir='ltr'>σύνηθες</span> <span class='ocrx_word' id='word_1_579' title='bbox 2501 2713 2670 2778; x_wconf 81' lang='grc' dir='ltr'>ζῶον·</span> <span class='ocrx_word' id='word_1_580' title='bbox 2710 2716 2766 2766; x_wconf 84' lang='grc' dir='ltr'><strong>αἱ</strong></span> <span class='ocrx_word' id='word_1_581' title='bbox 2817 2716 2994 2783; x_wconf 84' lang='grc' dir='ltr'>χεῖρες</span> <span class='ocrx_word' id='word_1_582' title='bbox 3038 2713 3186 2781; x_wconf 74' lang='grc' dir='ltr'>αὐτῷ</span> <span class='ocrx_word' id='word_1_583' title='bbox 3230 2714 3329 2781; x_wconf 76' lang='grc' dir='ltr'>τὴν</span> <span class='ocrx_word' id='word_1_584' title='bbox 3373 2713 3481 2766; x_wconf 84' lang='grc' dir='ltr'><strong>τῶν</strong></span> <span class='ocrx_word' id='word_1_585' title='bbox 3523 2711 3698 2764; x_wconf 84' lang='grc' dir='ltr'>ποδῶν</span> 
     </span>
    </p>
   </div>
   <div class='ocr_carea' id='block_1_83' title="bbox 2127 2804 3698 2876">
    <p class='ocr_par' dir='ltr' id='par_1_83' title="bbox 2127 2804 3698 2876">
     <span class='ocr_line' id='line_1_83' title="bbox 2127 2804 3698 2876; baseline -0.003 -19"><span class='ocrx_word' id='word_1_586' title='bbox 2127 2806 2323 2876; x_wconf 86' lang='grc' dir='ltr'>χρῆσιν</span> <span class='ocrx_word' id='word_1_587' title='bbox 2361 2804 2870 2874; x_wconf 74' lang='grc' dir='ltr'>καταλαμὸἀνουσι·</span> <span class='ocrx_word' id='word_1_588' title='bbox 2903 2804 2971 2857; x_wconf 87' lang='grc' dir='ltr'><strong>τά</strong></span> <span class='ocrx_word' id='word_1_589' title='bbox 3004 2805 3203 2872; x_wconf 90' lang='grc' dir='ltr'>γόνατα</span> <span class='ocrx_word' id='word_1_590' title='bbox 3248 2804 3402 2874; x_wconf 78' lang='grc' dir='ltr'>βάσις</span> <span class='ocrx_word' id='word_1_591' title='bbox 3438 2804 3698 2870; x_wconf 83' lang='grc' dir='ltr'>γίνονται,</span> 
     </span>
    </p>
   </div>
   <div class='ocr_carea' id='block_1_84' title="bbox 2125 2894 3702 2966">
    <p class='ocr_par' dir='ltr' id='par_1_84' title="bbox 2125 2894 3702 2966">
     <span class='ocr_line' id='line_1_84' title="bbox 2125 2894 3702 2966; baseline -0.003 -15"><span class='ocrx_word' id='word_1_592' title='bbox 2125 2900 2182 2951; x_wconf 77' lang='lat' dir='ltr'><strong>ai</strong></span> <span class='ocrx_word' id='word_1_593' title='bbox 2217 2898 2273 2950; x_wconf 84' lang='grc' dir='ltr'><strong>δὲ</strong></span> <span class='ocrx_word' id='word_1_594' title='bbox 2306 2896 2448 2950; x_wconf 88' lang='grc' dir='ltr'><strong>κατά</strong></span> <span class='ocrx_word' id='word_1_595' title='bbox 2473 2895 2631 2964; x_wconf 84' lang='grc' dir='ltr'>φύσιν</span> <span class='ocrx_word' id='word_1_596' title='bbox 2654 2896 2856 2964; x_wconf 83' lang='grc' dir='ltr'>βάσεις,</span> <span class='ocrx_word' id='word_1_597' title='bbox 2888 2897 2982 2949; x_wconf 77' lang='grc' dir='ltr'><strong>καὶ</strong></span> <span class='ocrx_word' id='word_1_598' title='bbox 3023 2895 3092 2948; x_wconf 80' lang='grc' dir='ltr'>τὰ</span> <span class='ocrx_word' id='word_1_599' title='bbox 3123 2896 3326 2966; x_wconf 75' lang='grc' dir='ltr'>σφυρὰ,</span> <span class='ocrx_word' id='word_1_600' title='bbox 3363 2896 3396 2966; x_wconf 81' lang='grc' dir='ltr'>ἢ</span> <span class='ocrx_word' id='word_1_601' title='bbox 3425 2894 3702 2957; x_wconf 85' lang='grc' dir='ltr'>παντελῶς</span> 
     </span>
    </p>
   </div>
   <div class='ocr_carea' id='block_1_85' title="bbox 2128 2984 3700 3060">
    <p class='ocr_par' dir='ltr' id='par_1_85' title="bbox 2128 2984 3700 3060">
     <span class='ocr_line' id='line_1_85' title="bbox 2128 2984 3700 3060; baseline -0.003 -18"><span class='ocrx_word' id='word_1_602' title='bbox 2128 2989 2512 3060; x_wconf 76' lang='grc' dir='ltr'>ἀπορρέουσιν,</span> <span class='ocrx_word' id='word_1_603' title='bbox 2559 2988 2592 3058; x_wconf 81' lang='grc' dir='ltr'>ἢ</span> <span class='ocrx_word' id='word_1_604' title='bbox 2649 2986 2724 3051; x_wconf 81' lang='grc' dir='ltr'>ὦς</span> <span class='ocrx_word' id='word_1_605' title='bbox 2774 3006 2826 3040; x_wconf 89' lang='grc' dir='ltr'><strong>τι</strong></span> <span class='ocrx_word' id='word_1_606' title='bbox 2877 2989 2983 3040; x_wconf 76' lang='grc' dir='ltr'>τῶν</span> <span class='ocrx_word' id='word_1_607' title='bbox 3036 2988 3233 3052; x_wconf 78' lang='grc' dir='ltr'>ἔξωθεν</span> <span class='ocrx_word' id='word_1_608' title='bbox 3271 2988 3533 3055; x_wconf 80' lang='grc' dir='ltr'>ὲφολκίων</span> <span class='ocrx_word' id='word_1_609' title='bbox 3576 2984 3700 3056; x_wconf 81' lang='grc' dir='ltr'>είκῆ</span> 
     </span>
    </p>
   </div>
   <div class='ocr_carea' id='block_1_86' title="bbox 2129 3071 3702 3151">
    <p class='ocr_par' dir='ltr' id='par_1_86' title="bbox 2129 3071 3702 3151">
     <span class='ocr_line' id='line_1_86' title="bbox 2129 3071 3702 3151; baseline -0.004 -19"><span class='ocrx_word' id='word_1_610' title='bbox 2129 3077 2706 3151; x_wconf 85' lang='grc' dir='ltr'>παρηρτημένα,κατὰ</span> <span class='ocrx_word' id='word_1_611' title='bbox 2730 3077 2791 3131; x_wconf 74' lang='grc' dir='ltr'><strong>τὸ</strong></span> <span class='ocrx_word' id='word_1_612' title='bbox 2818 3077 3030 3148; x_wconf 76' lang='grc' dir='ltr'>συμϐὰν</span> <span class='ocrx_word' id='word_1_613' title='bbox 3046 3077 3376 3147; x_wconf 77' lang='grc' dir='ltr'>ἑπισύρεται.</span> <span class='ocrx_word' id='word_1_614' title='bbox 3413 3076 3501 3128; x_wconf 86' lang='grc' dir='ltr'>Ἐν</span> <span class='ocrx_word' id='word_1_615' title='bbox 3527 3071 3702 3127; x_wconf 83' lang='grc' dir='ltr'>τοιού-</span> 
     </span>
    </p>
   </div>
   <div class='ocr_carea' id='block_1_87' title="bbox 2135 3165 3706 3242">
    <p class='ocr_par' dir='ltr' id='par_1_87' title="bbox 2135 3165 3706 3242">
     <span class='ocr_line' id='line_1_87' title="bbox 2135 3165 3706 3242; baseline -0.006 -17"><span class='ocrx_word' id='word_1_616' title='bbox 2135 3189 2251 3236; x_wconf 88' lang='grc' dir='ltr'>τοις</span> <span class='ocrx_word' id='word_1_617' title='bbox 2299 3171 2477 3224; x_wconf 83' lang='grc' dir='ltr'>τοίνυν</span> <span class='ocrx_word' id='word_1_618' title='bbox 2525 3170 2736 3242; x_wconf 82' lang='grc' dir='ltr'>βλέπων</span> <span class='ocrx_word' id='word_1_619' title='bbox 2785 3170 2874 3223; x_wconf 81' lang='grc' dir='ltr'><strong>τὸν</strong></span> <span class='ocrx_word' id='word_1_620' title='bbox 2921 3169 3238 3239; x_wconf 78' lang='grc' dir='ltr'>ἄνθρωπον,</span> <span class='ocrx_word' id='word_1_621' title='bbox 3291 3168 3389 3221; x_wconf 84' lang='grc' dir='ltr'>οὐκ</span> <span class='ocrx_word' id='word_1_622' title='bbox 3433 3167 3555 3236; x_wconf 82' lang='grc' dir='ltr'>αἰδῇ</span> <span class='ocrx_word' id='word_1_623' title='bbox 3605 3165 3706 3235; x_wconf 82' lang='grc' dir='ltr'><strong>τὴν</strong></span> 
     </span>
    </p>
   </div>
   <div class='ocr_carea' id='block_1_88' title="bbox 2137 3255 3706 3332">
    <p class='ocr_par' dir='ltr' id='par_1_88' title="bbox 2137 3255 3706 3332">
     <span class='ocr_line' id='line_1_88' title="bbox 2137 3255 3706 3332; baseline -0.005 -16"><span class='ocrx_word' id='word_1_624' title='bbox 2137 3264 2494 3332; x_wconf 87' lang='grc' dir='ltr'>συγγένειαν;</span> <span class='ocrx_word' id='word_1_625' title='bbox 2539 3264 2638 3316; x_wconf 89' lang='grc' dir='ltr'><strong>ούκ</strong></span> <span class='ocrx_word' id='word_1_626' title='bbox 2685 3262 2854 3327; x_wconf 77' lang='grc' dir='ltr'>ἐλεεῖς</span> <span class='ocrx_word' id='word_1_627' title='bbox 2898 3260 2990 3314; x_wconf 83' lang='grc' dir='ltr'>τὸν</span> <span class='ocrx_word' id='word_1_628' title='bbox 3052 3259 3353 3330; x_wconf 68' lang='grc' dir='ltr'>ὁμόφυλον;</span> <span class='ocrx_word' id='word_1_629' title='bbox 3405 3257 3542 3310; x_wconf 82' lang='grc' dir='ltr'><strong>ἀλλά</strong></span> <span class='ocrx_word' id='word_1_630' title='bbox 3589 3255 3706 3326; x_wconf 83' lang='grc' dir='ltr'>βδε-</span> 
     </span>
    </p>
   </div>
   <div class='ocr_carea' id='block_1_89' title="bbox 2133 3345 3706 3428">
    <p class='ocr_par' dir='ltr' id='par_1_89' title="bbox 2133 3345 3706 3428">
     <span class='ocr_line' id='line_1_89' title="bbox 2133 3345 3706 3428; baseline -0.007 -20"><span class='ocrx_word' id='word_1_631' title='bbox 2133 3354 2308 3428; x_wconf 82' lang='grc' dir='ltr'>λύσσῃ</span> <span class='ocrx_word' id='word_1_632' title='bbox 2335 3354 2434 3424; x_wconf 85' lang='grc' dir='ltr'>τὴν</span> <span class='ocrx_word' id='word_1_633' title='bbox 2471 3353 2774 3424; x_wconf 80' lang='grc' dir='ltr'>συμφορὰν,</span> <span class='ocrx_word' id='word_1_634' title='bbox 2806 3353 2900 3404; x_wconf 77' lang='grc' dir='ltr'><strong>καὶ</strong></span> <span class='ocrx_word' id='word_1_635' title='bbox 2941 3351 3119 3421; x_wconf 78' lang='grc' dir='ltr'>μισεῖς</span> <span class='ocrx_word' id='word_1_636' title='bbox 3161 3350 3250 3403; x_wconf 81' lang='grc' dir='ltr'>τὸν</span> <span class='ocrx_word' id='word_1_637' title='bbox 3281 3349 3485 3416; x_wconf 74' lang='grc' dir='ltr'>ἱκέτην,</span> <span class='ocrx_word' id='word_1_638' title='bbox 3518 3345 3706 3417; x_wconf 84' lang='grc' dir='ltr'>ὥσπερ</span> 
     </span>
    </p>
   </div>
   <div class='ocr_carea' id='block_1_90' title="bbox 2131 3443 3697 3520">
    <p class='ocr_par' dir='ltr' id='par_1_90' title="bbox 2131 3443 3697 3520">
     <span class='ocr_line' id='line_1_90' title="bbox 2131 3443 3697 3520; baseline -0.005 -17"><span class='ocrx_word' id='word_1_639' title='bbox 2131 3450 2321 3520; x_wconf 82' lang='grc' dir='ltr'>θηρίου</span> <span class='ocrx_word' id='word_1_640' title='bbox 2370 3449 2512 3513; x_wconf 88' lang='grc' dir='ltr'>τινὸς</span> <span class='ocrx_word' id='word_1_641' title='bbox 2546 3447 2848 3520; x_wconf 75' lang='grc' dir='ltr'>προσϐολὴν</span> <span class='ocrx_word' id='word_1_642' title='bbox 2890 3447 2982 3500; x_wconf 84' lang='grc' dir='ltr'>τὸν</span> <span class='ocrx_word' id='word_1_643' title='bbox 3027 3443 3430 3518; x_wconf 77' lang='grc' dir='ltr'>προσεγγισμδν</span> <span class='ocrx_word' id='word_1_644' title='bbox 3459 3443 3697 3512; x_wconf 80' lang='grc' dir='ltr'>ἀποφεύ-</span> 
     </span>
    </p>
   </div>
   <div class='ocr_carea' id='block_1_91' title="bbox 2131 3533 3707 3610">
    <p class='ocr_par' dir='ltr' id='par_1_91' title="bbox 2131 3533 3707 3610">
     <span class='ocr_line' id='line_1_91' title="bbox 2131 3533 3707 3610; baseline -0.006 -16"><span class='ocrx_word' id='word_1_645' title='bbox 2131 3559 2278 3610; x_wconf 87' lang='grc' dir='ltr'>γων;</span> <span class='ocrx_word' id='word_1_646' title='bbox 2333 3540 2526 3595; x_wconf 79' lang='grc' dir='ltr'>Καίτοι</span> <span class='ocrx_word' id='word_1_647' title='bbox 2579 3539 2686 3592; x_wconf 78' lang='grc' dir='ltr'>ἔδει</span> <span class='ocrx_word' id='word_1_648' title='bbox 2732 3535 3088 3607; x_wconf 81' lang='grc' dir='ltr'>εὐγνωμόνως</span> <span class='ocrx_word' id='word_1_649' title='bbox 3139 3533 3586 3602; x_wconf 80' lang='grc' dir='ltr'>ἀναλογίζεσθαι,</span> <span class='ocrx_word' id='word_1_650' title='bbox 3625 3533 3707 3586; x_wconf 82' lang='grc' dir='ltr'><strong>ὅτι</strong></span> 
     </span>
    </p>
   </div>
   <div class='ocr_carea' id='block_1_92' title="bbox 2135 3621 3712 3700">
    <p class='ocr_par' dir='ltr' id='par_1_92' title="bbox 2135 3621 3712 3700">
     <span class='ocr_line' id='line_1_92' title="bbox 2135 3621 3712 3700; baseline -0.006 -17"><span class='ocrx_word' id='word_1_651' title='bbox 2135 3630 2229 3684; x_wconf 79' lang='grc' dir='ltr'><strong>σού</strong></span> <span class='ocrx_word' id='word_1_652' title='bbox 2259 3630 2351 3682; x_wconf 75' lang='grc' dir='ltr'>τοῦ</span> <span class='ocrx_word' id='word_1_653' title='bbox 2398 3629 2680 3700; x_wconf 88' lang='grc' dir='ltr'>ἀνθρώπου</span> <span class='ocrx_word' id='word_1_654' title='bbox 2711 3627 2938 3695; x_wconf 82' lang='grc' dir='ltr'>ἄγγελος</span> <span class='ocrx_word' id='word_1_655' title='bbox 2983 3626 3234 3687; x_wconf 71' lang='grc' dir='ltr'>ἅπτεται,</span> <span class='ocrx_word' id='word_1_656' title='bbox 3284 3624 3376 3676; x_wconf 71' lang='grc' dir='ltr'>καὶ</span> <span class='ocrx_word' id='word_1_657' title='bbox 3421 3621 3712 3693; x_wconf 84' lang='grc' dir='ltr'>ἀσώματός</span> 
     </span>
    </p>
   </div>
   <div class='ocr_carea' id='block_1_93' title="bbox 2134 3715 3710 3788">
    <p class='ocr_par' dir='ltr' id='par_1_93' title="bbox 2134 3715 3710 3788">
     <span class='ocr_line' id='line_1_93' title="bbox 2134 3715 3710 3788; baseline -0.005 -14"><span class='ocrx_word' id='word_1_658' title='bbox 2134 3739 2194 3774; x_wconf 88' lang='grc' dir='ltr'><strong>τε</strong></span> <span class='ocrx_word' id='word_1_659' title='bbox 2229 3721 2321 3774; x_wconf 80' lang='grc' dir='ltr'>καὶ</span> <span class='ocrx_word' id='word_1_660' title='bbox 2363 3721 2522 3783; x_wconf 82' lang='grc' dir='ltr'>ἀῦλος</span> <span class='ocrx_word' id='word_1_661' title='bbox 2572 3718 2666 3784; x_wconf 83' lang='grc' dir='ltr'><strong>ὢν,</strong></span> <span class='ocrx_word' id='word_1_662' title='bbox 2697 3718 2788 3772; x_wconf 84' lang='grc' dir='ltr'>τὸν</span> <span class='ocrx_word' id='word_1_663' title='bbox 2830 3719 2990 3788; x_wconf 79' lang='grc' dir='ltr'>σαρκὶ</span> <span class='ocrx_word' id='word_1_664' title='bbox 3017 3720 3109 3771; x_wconf 69' lang='grc' dir='ltr'><strong>καὶ</strong></span> <span class='ocrx_word' id='word_1_665' title='bbox 3146 3718 3338 3787; x_wconf 82' lang='grc' dir='ltr'>αἵματι</span> <span class='ocrx_word' id='word_1_666' title='bbox 3371 3715 3710 3786; x_wconf 77' lang='grc' dir='ltr'>ἐγκεκραμέ-</span> 
     </span>
    </p>
   </div>
   <div class='ocr_carea' id='block_1_94' title="bbox 2135 3805 3710 3877">
    <p class='ocr_par' dir='ltr' id='par_1_94' title="bbox 2135 3805 3710 3877">
     <span class='ocr_line' id='line_1_94' title="bbox 2135 3805 3710 3877; baseline -0.005 -11"><span class='ocrx_word' id='word_1_667' title='bbox 2135 3829 2222 3866; x_wconf 92' lang='grc' dir='ltr'><strong>νον</strong></span> <span class='ocrx_word' id='word_1_668' title='bbox 2251 3812 2351 3864; x_wconf 85' lang='grc' dir='ltr'>οὐκ</span> <span class='ocrx_word' id='word_1_669' title='bbox 2394 3811 2732 3874; x_wconf 76' lang='grc' dir='ltr'>ἐϐδελύξατο.</span> <span class='ocrx_word' id='word_1_670' title='bbox 2772 3811 2836 3862; x_wconf 90' lang='grc' dir='ltr'>Τί</span> <span class='ocrx_word' id='word_1_671' title='bbox 2879 3810 2934 3862; x_wconf 85' lang='grc' dir='ltr'><strong>δὲ</strong></span> <span class='ocrx_word' id='word_1_672' title='bbox 2975 3808 3238 3877; x_wconf 85' lang='grc' dir='ltr'>ἀγγέλους</span> <span class='ocrx_word' id='word_1_673' title='bbox 3263 3807 3436 3874; x_wconf 91' lang='grc' dir='ltr'>λέγω;</span> <span class='ocrx_word' id='word_1_674' title='bbox 3483 3805 3644 3868; x_wconf 77' lang='grc' dir='ltr'>αὐτὸς</span> <span class='ocrx_word' id='word_1_675' title='bbox 3681 3807 3710 3858; x_wconf 91' lang='lat'><strong>6</strong></span> 
     </span>
    </p>
   </div>
   <div class='ocr_carea' id='block_1_95' title="bbox 2133 3898 3712 3973">
    <p class='ocr_par' dir='ltr' id='par_1_95' title="bbox 2133 3898 3712 3973">
     <span class='ocr_line' id='line_1_95' title="bbox 2133 3898 3712 3973; baseline -0.004 -17"><span class='ocrx_word' id='word_1_676' title='bbox 2133 3903 2242 3956; x_wconf 87' lang='grc' dir='ltr'><strong>τῶν</strong></span> <span class='ocrx_word' id='word_1_677' title='bbox 2283 3902 2528 3971; x_wconf 84' lang='grc' dir='ltr'>ἀγγέλων</span> <span class='ocrx_word' id='word_1_678' title='bbox 2561 3901 2783 3973; x_wconf 84' lang='grc' dir='ltr'>Κύριος,</span> <span class='ocrx_word' id='word_1_679' title='bbox 2823 3902 2852 3953; x_wconf 97' lang='lat'><strong>6</strong></span> <span class='ocrx_word' id='word_1_680' title='bbox 2889 3901 2988 3972; x_wconf 90' lang='grc' dir='ltr'><strong>τῆς</strong></span> <span class='ocrx_word' id='word_1_681' title='bbox 3019 3900 3275 3972; x_wconf 81' lang='grc' dir='ltr'>οὐρανίας</span> <span class='ocrx_word' id='word_1_682' title='bbox 3316 3898 3712 3970; x_wconf 84' lang='grc' dir='ltr'>μακαριότητος</span> 
     </span>
    </p>
   </div>
   <div class='ocr_carea' id='block_1_96' title="bbox 2138 3990 3712 4065">
    <p class='ocr_par' dir='ltr' id='par_1_96' title="bbox 2138 3990 3712 4065">
     <span class='ocr_line' id='line_1_96' title="bbox 2138 3990 3712 4065; baseline -0.004 -16"><span class='ocrx_word' id='word_1_683' title='bbox 2138 3994 2387 4065; x_wconf 81' lang='grc' dir='ltr'>βασιλεὺς</span> <span class='ocrx_word' id='word_1_684' title='bbox 2419 3994 2506 4047; x_wconf 79' lang='grc' dir='ltr'>διὰ</span> <span class='ocrx_word' id='word_1_685' title='bbox 2552 3994 2611 4047; x_wconf 85' lang='grc' dir='ltr'>σὲ</span> <span class='ocrx_word' id='word_1_686' title='bbox 2641 3993 2925 4064; x_wconf 80' lang='grc' dir='ltr'>ἄνθρωπος</span> <span class='ocrx_word' id='word_1_687' title='bbox 2973 3992 3182 4061; x_wconf 86' lang='grc' dir='ltr'>γέγονε,</span> <span class='ocrx_word' id='word_1_688' title='bbox 3233 3991 3326 4045; x_wconf 73' lang='grc' dir='ltr'><strong>καὶ</strong></span> <span class='ocrx_word' id='word_1_689' title='bbox 3373 3992 3433 4044; x_wconf 83' lang='grc' dir='ltr'><strong>τὸ</strong></span> <span class='ocrx_word' id='word_1_690' title='bbox 3481 3990 3712 4052; x_wconf 86' lang='grc' dir='ltr'>δυσῶδες</span> 
     </span>
    </p>
   </div>
   <div class='ocr_carea' id='block_1_97' title="bbox 2135 4079 3711 4156">
    <p class='ocr_par' dir='ltr' id='par_1_97' title="bbox 2135 4079 3711 4156">
     <span class='ocr_line' id='line_1_97' title="bbox 2135 4079 3711 4156; baseline -0.004 -17"><span class='ocrx_word' id='word_1_691' title='bbox 2135 4086 2293 4140; x_wconf 86' lang='grc' dir='ltr'>τοῦτο</span> <span class='ocrx_word' id='word_1_692' title='bbox 2323 4085 2416 4138; x_wconf 75' lang='grc' dir='ltr'><strong>καὶ</strong></span> <span class='ocrx_word' id='word_1_693' title='bbox 2447 4085 2690 4155; x_wconf 76' lang='grc' dir='ltr'>ῥυπαρὸν</span> <span class='ocrx_word' id='word_1_694' title='bbox 2719 4085 2962 4156; x_wconf 84' lang='grc' dir='ltr'>σαρκίον,</span> <span class='ocrx_word' id='word_1_695' title='bbox 2992 4084 3128 4155; x_wconf 84' lang='grc' dir='ltr'>μετὰ</span> <span class='ocrx_word' id='word_1_696' title='bbox 3157 4083 3256 4154; x_wconf 88' lang='grc' dir='ltr'><strong>τῆς</strong></span> <span class='ocrx_word' id='word_1_697' title='bbox 3284 4081 3630 4153; x_wconf 81' lang='grc' dir='ltr'>ένδεδεμένης</span> <span class='ocrx_word' id='word_1_698' title='bbox 3653 4079 3711 4133; x_wconf 69' lang='grc' dir='ltr'>ιν</span> 
     </span>
    </p>
   </div>
   <div class='ocr_carea' id='block_1_98' title="bbox 2139 4167 3713 4246">
    <p class='ocr_par' dir='ltr' id='par_1_98' title="bbox 2139 4167 3713 4246">
     <span class='ocr_line' id='line_1_98' title="bbox 2139 4167 3713 4246; baseline -0.004 -16"><span class='ocrx_word' id='word_1_699' title='bbox 2139 4175 2285 4246; x_wconf 79' lang='grc' dir='ltr'>αὐτῷ</span> <span class='ocrx_word' id='word_1_700' title='bbox 2310 4175 2511 4246; x_wconf 77' lang='grc' dir='ltr'>ψυχῆς,</span> <span class='ocrx_word' id='word_1_701' title='bbox 2544 4174 2720 4244; x_wconf 78' lang='grc' dir='ltr'>ἑαυτῷ</span> <span class='ocrx_word' id='word_1_702' title='bbox 2751 4173 3099 4245; x_wconf 85' lang='grc' dir='ltr'>περιέθηκεν,</span> <span class='ocrx_word' id='word_1_703' title='bbox 3133 4173 3221 4226; x_wconf 82' lang='grc' dir='ltr'>ἵνα</span> <span class='ocrx_word' id='word_1_704' title='bbox 3248 4173 3314 4225; x_wconf 84' lang='grc' dir='ltr'>τὰ</span> <span class='ocrx_word' id='word_1_705' title='bbox 3344 4171 3412 4224; x_wconf 84' lang='grc' dir='ltr'>σὰ</span> <span class='ocrx_word' id='word_1_706' title='bbox 3438 4171 3583 4240; x_wconf 84' lang='grc' dir='ltr'>πάθη</span> <span class='ocrx_word' id='word_1_707' title='bbox 3623 4167 3713 4223; x_wconf 79' lang='grc' dir='ltr'>διὰ</span> 
     </span>
    </p>
   </div>
   <div class='ocr_carea' id='block_1_99' title="bbox 2138 4259 3717 4338">
    <p class='ocr_par' dir='ltr' id='par_1_99' title="bbox 2138 4259 3717 4338">
     <span class='ocr_line' id='line_1_99' title="bbox 2138 4259 3717 4338; baseline -0.005 -16"><span class='ocrx_word' id='word_1_708' title='bbox 2138 4270 2237 4338; x_wconf 88' lang='grc' dir='ltr'><strong>τῆς</strong></span> <span class='ocrx_word' id='word_1_709' title='bbox 2276 4269 2409 4330; x_wconf 80' lang='grc' dir='ltr'>ἰδίας</span> <span class='ocrx_word' id='word_1_710' title='bbox 2442 4267 2657 4334; x_wconf 76' lang='grc' dir='ltr'>ἐπαφῆς</span> <span class='ocrx_word' id='word_1_711' title='bbox 2692 4264 3006 4334; x_wconf 83' lang='grc' dir='ltr'>ὲξιάσηται;</span> <span class='ocrx_word' id='word_1_712' title='bbox 3038 4263 3109 4317; x_wconf 82' lang='grc' dir='ltr'><strong>Σὺ</strong></span> <span class='ocrx_word' id='word_1_713' title='bbox 3139 4264 3193 4316; x_wconf 87' lang='grc' dir='ltr'><strong>δὲ</strong></span> <span class='ocrx_word' id='word_1_714' title='bbox 3221 4264 3249 4315; x_wconf 91' lang='lat'><strong>6</strong></span> <span class='ocrx_word' id='word_1_715' title='bbox 3283 4262 3444 4325; x_wconf 78' lang='grc' dir='ltr'>αὐτὸς</span> <span class='ocrx_word' id='word_1_716' title='bbox 3471 4261 3545 4315; x_wconf 82' lang='grc' dir='ltr'>ὢν</span> <span class='ocrx_word' id='word_1_717' title='bbox 3574 4259 3717 4315; x_wconf 89' lang='grc' dir='ltr'><strong>κατά</strong></span> 
     </span>
    </p>
   </div>
   <div class='ocr_carea' id='block_1_100' title="bbox 2142 4352 3713 4432">
    <p class='ocr_par' dir='ltr' id='par_1_100' title="bbox 2142 4352 3713 4432">
     <span class='ocr_line' id='line_1_100' title="bbox 2142 4352 3713 4432; baseline -0.007 -16"><span class='ocrx_word' id='word_1_718' title='bbox 2142 4364 2239 4432; x_wconf 82' lang='grc' dir='ltr'><strong>τὴν</strong></span> <span class='ocrx_word' id='word_1_719' title='bbox 2258 4361 2415 4430; x_wconf 84' lang='grc' dir='ltr'>φύσιν</span> <span class='ocrx_word' id='word_1_720' title='bbox 2432 4359 2509 4430; x_wconf 80' lang='grc' dir='ltr'>τῷ</span> <span class='ocrx_word' id='word_1_721' title='bbox 2532 4359 2964 4430; x_wconf 75' lang='grc' dir='ltr'>ἀρρωστήσαντι,</span> <span class='ocrx_word' id='word_1_722' title='bbox 2979 4354 3197 4423; x_wconf 88' lang='grc' dir='ltr'>φεύγεις</span> <span class='ocrx_word' id='word_1_723' title='bbox 3212 4354 3301 4406; x_wconf 85' lang='grc' dir='ltr'>τὸν</span> <span class='ocrx_word' id='word_1_724' title='bbox 3322 4355 3578 4424; x_wconf 83' lang='grc' dir='ltr'>ὁμογενῆ.</span> <span class='ocrx_word' id='word_1_725' title='bbox 3601 4352 3713 4424; x_wconf 80' lang='grc' dir='ltr'><strong>Μὴ,</strong></span> 
     </span>
    </p>
   </div>
   <div class='ocr_carea' id='block_1_101' title="bbox 2070 4442 3712 4530">
    <p class='ocr_par' dir='ltr' id='par_1_101' title="bbox 2070 4442 3712 4530">
     <span class='ocr_line' id='line_1_101' title="bbox 2070 4442 3712 4530; baseline -0.008 -23"><span class='ocrx_word' id='word_1_726' title='bbox 2070 4475 2114 4530; x_wconf 76' lang='lat' dir='ltr'><strong>D</strong></span> <span class='ocrx_word' id='word_1_727' title='bbox 2143 4452 2355 4520; x_wconf 78' lang='grc' dir='ltr'>ἀδελφὲ,</span> <span class='ocrx_word' id='word_1_728' title='bbox 2377 4451 2450 4522; x_wconf 82' lang='grc' dir='ltr'>μὴ</span> <span class='ocrx_word' id='word_1_729' title='bbox 2470 4450 2720 4521; x_wconf 87' lang='grc' dir='ltr'>ἀρεσάτω</span> <span class='ocrx_word' id='word_1_730' title='bbox 2737 4464 2817 4499; x_wconf 92' lang='grc' dir='ltr'><strong>σοι</strong></span> <span class='ocrx_word' id='word_1_731' title='bbox 2842 4449 2874 4517; x_wconf 77' lang='grc' dir='ltr'>ἡ</span> <span class='ocrx_word' id='word_1_732' title='bbox 2907 4445 3066 4515; x_wconf 85' lang='grc' dir='ltr'>βουλὴ</span> <span class='ocrx_word' id='word_1_733' title='bbox 3090 4446 3123 4515; x_wconf 82' lang='grc' dir='ltr'>ἡ</span> <span class='ocrx_word' id='word_1_734' title='bbox 3142 4445 3303 4514; x_wconf 88' lang='grc' dir='ltr'>κακή.</span> <span class='ocrx_word' id='word_1_735' title='bbox 3325 4442 3496 4496; x_wconf 83' lang='grc' dir='ltr'>Γνῶθι</span> <span class='ocrx_word' id='word_1_736' title='bbox 3519 4445 3602 4505; x_wconf 78' lang='grc' dir='ltr'><strong>τίς</strong></span> <span class='ocrx_word' id='word_1_737' title='bbox 3617 4443 3712 4506; x_wconf 84' lang='grc' dir='ltr'>ὣν,</span> 
     </span>
    </p>
   </div>
   <div class='ocr_carea' id='block_1_102' title="bbox 2143 4532 3713 4612">
    <p class='ocr_par' dir='ltr' id='par_1_102' title="bbox 2143 4532 3713 4612">
     <span class='ocr_line' id='line_1_102' title="bbox 2143 4532 3713 4612; baseline -0.006 -18"><span class='ocrx_word' id='word_1_738' title='bbox 2143 4544 2272 4612; x_wconf 73' lang='grc' dir='ltr'><strong>περὶ⁹</strong></span> <span class='ocrx_word' id='word_1_739' title='bbox 2305 4541 2461 4593; x_wconf 88' lang='grc' dir='ltr'>τίνων</span> <span class='ocrx_word' id='word_1_740' title='bbox 2497 4537 2752 4609; x_wconf 73' lang='grc' dir='ltr'>βουλεύῃο</span> <span class='ocrx_word' id='word_1_741' title='bbox 2793 4537 2876 4588; x_wconf 88' lang='grc' dir='ltr'>ὃτι</span> <span class='ocrx_word' id='word_1_742' title='bbox 2913 4535 3040 4605; x_wconf 71' lang='grc' dir='ltr'>περὶ</span> <span class='ocrx_word' id='word_1_743' title='bbox 3065 4532 3385 4602; x_wconf 85' lang='grc' dir='ltr'>ἀνθρώπων,</span> <span class='ocrx_word' id='word_1_744' title='bbox 3411 4533 3713 4604; x_wconf 79' lang='grc' dir='ltr'>ἅνθρωπος,</span> 
     </span>
    </p>
   </div>
   <div class='ocr_carea' id='block_1_103' title="bbox 2141 4623 3712 4696">
    <p class='ocr_par' dir='ltr' id='par_1_103' title="bbox 2141 4623 3712 4696">
     <span class='ocr_line' id='line_1_103' title="bbox 2141 4623 3712 4696; baseline -0.007 -11"><span class='ocrx_word' id='word_1_745' title='bbox 2141 4632 2294 4686; x_wconf 82' lang='grc' dir='ltr'>οὐδὲν</span> <span class='ocrx_word' id='word_1_746' title='bbox 2323 4630 2520 4694; x_wconf 79' lang='grc' dir='ltr'>ἰδιάζον</span> <span class='ocrx_word' id='word_1_747' title='bbox 2549 4630 2606 4682; x_wconf 83' lang='grc' dir='ltr'>ὲν</span> <span class='ocrx_word' id='word_1_748' title='bbox 2625 4626 2831 4696; x_wconf 83' lang='grc' dir='ltr'>σεαυτῷ</span> <span class='ocrx_word' id='word_1_749' title='bbox 2863 4626 3016 4696; x_wconf 84' lang='grc' dir='ltr'><strong>παρά</strong></span> <span class='ocrx_word' id='word_1_750' title='bbox 3040 4626 3139 4694; x_wconf 80' lang='grc' dir='ltr'><strong>τὴν</strong></span> <span class='ocrx_word' id='word_1_751' title='bbox 3166 4625 3348 4694; x_wconf 80' lang='grc' dir='ltr'>κοινὴν</span> <span class='ocrx_word' id='word_1_752' title='bbox 3378 4623 3712 4692; x_wconf 81' lang='grc' dir='ltr'>κεκτημένος</span> 
     </span>
    </p>
   </div>
   <div class='ocr_carea' id='block_1_104' title="bbox 2144 4709 3717 4794">
    <p class='ocr_par' dir='ltr' id='par_1_104' title="bbox 2144 4709 3717 4794">
     <span class='ocr_line' id='line_1_104' title="bbox 2144 4709 3717 4794; baseline -0.007 -17"><span class='ocrx_word' id='word_1_753' title='bbox 2144 4724 2324 4794; x_wconf 77' lang='grc' dir='ltr'>φύσιν.</span> <span class='ocrx_word' id='word_1_754' title='bbox 2353 4723 2445 4792; x_wconf 84' lang='grc' dir='ltr'><strong>Μὴ</strong></span> <span class='ocrx_word' id='word_1_755' title='bbox 2477 4719 2884 4792; x_wconf 85' lang='grc' dir='ltr'>προαποφαίνου</span> <span class='ocrx_word' id='word_1_756' title='bbox 2929 4718 3023 4770; x_wconf 77' lang='grc' dir='ltr'>τοῦ</span> <span class='ocrx_word' id='word_1_757' title='bbox 3074 4716 3378 4788; x_wconf 85' lang='grc' dir='ltr'>μέλλοντος.</span> <span class='ocrx_word' id='word_1_758' title='bbox 3419 4717 3507 4768; x_wconf 84' lang='grc' dir='ltr'>Ἐν</span> <span class='ocrx_word' id='word_1_759' title='bbox 3541 4709 3586 4783; x_wconf 82' lang='grc' dir='ltr'>ᾧ</span> <span class='ocrx_word' id='word_1_760' title='bbox 3609 4714 3717 4784; x_wconf 84' lang='grc' dir='ltr'><strong>γὰρ</strong></span> 
     </span>
    </p>
   </div>
   <div class='ocr_carea' id='block_1_105' title="bbox 2144 4806 3718 4886">
    <p class='ocr_par' dir='ltr' id='par_1_105' title="bbox 2144 4806 3718 4886">
     <span class='ocr_line' id='line_1_105' title="bbox 2144 4806 3718 4886; baseline -0.007 -17"><span class='ocrx_word' id='word_1_761' title='bbox 2144 4815 2496 4886; x_wconf 75' lang='grc' dir='ltr'>καταψηφίζῃ</span> <span class='ocrx_word' id='word_1_762' title='bbox 2541 4812 2636 4866; x_wconf 80' lang='grc' dir='ltr'>τοῦ</span> <span class='ocrx_word' id='word_1_763' title='bbox 2679 4811 2903 4874; x_wconf 81' lang='grc' dir='ltr'>πάθους,</span> <span class='ocrx_word' id='word_1_764' title='bbox 2940 4811 3075 4872; x_wconf 89' lang='grc' dir='ltr'>τέως</span> <span class='ocrx_word' id='word_1_765' title='bbox 3105 4812 3163 4862; x_wconf 82' lang='grc' dir='ltr'>ὲν</span> <span class='ocrx_word' id='word_1_766' title='bbox 3203 4807 3466 4878; x_wconf 82' lang='grc' dir='ltr'>ἀλλοτρίῳ</span> <span class='ocrx_word' id='word_1_767' title='bbox 3507 4806 3718 4875; x_wconf 85' lang='grc' dir='ltr'>σώματι</span> 
     </span>
    </p>
   </div>
   <div class='ocr_carea' id='block_1_106' title="bbox 2148 4897 3722 4977">
    <p class='ocr_par' dir='ltr' id='par_1_106' title="bbox 2148 4897 3722 4977">
     <span class='ocr_line' id='line_1_106' title="bbox 2148 4897 3722 4977; baseline -0.008 -16"><span class='ocrx_word' id='word_1_768' title='bbox 2148 4908 2512 4977; x_wconf 79' lang='grc' dir='ltr'>φαινομένου,</span> <span class='ocrx_word' id='word_1_769' title='bbox 2544 4905 2790 4976; x_wconf 89' lang='grc' dir='ltr'>ἀόριστον</span> <span class='ocrx_word' id='word_1_770' title='bbox 2833 4904 2971 4957; x_wconf 85' lang='grc' dir='ltr'>κατὰ</span> <span class='ocrx_word' id='word_1_771' title='bbox 3017 4904 3196 4970; x_wconf 75' lang='grc' dir='ltr'>πάσης</span> <span class='ocrx_word' id='word_1_772' title='bbox 3235 4901 3332 4970; x_wconf 90' lang='grc' dir='ltr'><strong>τῆς</strong></span> <span class='ocrx_word' id='word_1_773' title='bbox 3379 4897 3591 4968; x_wconf 84' lang='grc' dir='ltr'>φύσεως</span> <span class='ocrx_word' id='word_1_774' title='bbox 3638 4900 3722 4949; x_wconf 85' lang='grc' dir='ltr'><strong>ὲκ-</strong></span> 
     </span>
    </p>
   </div>
   <div class='ocr_carea' id='block_1_107' title="bbox 2151 4991 3722 5071">
    <p class='ocr_par' dir='ltr' id='par_1_107' title="bbox 2151 4991 3722 5071">
     <span class='ocr_line' id='line_1_107' title="bbox 2151 4991 3722 5071; baseline -0.006 -19"><span class='ocrx_word' id='word_1_775' title='bbox 2151 5002 2337 5071; x_wconf 83' lang='grc' dir='ltr'>φὲρεις</span> <span class='ocrx_word' id='word_1_776' title='bbox 2384 4999 2693 5066; x_wconf 80' lang='grc' dir='ltr'>ἀπόφασιν’</span> <span class='ocrx_word' id='word_1_777' title='bbox 2735 4995 2978 5066; x_wconf 59' lang='grc' dir='ltr'>μετέχεις</span> <span class='ocrx_word' id='word_1_778' title='bbox 3024 4995 3080 5047; x_wconf 80' lang='grc' dir='ltr'><strong>δὲ</strong></span> <span class='ocrx_word' id='word_1_779' title='bbox 3129 4994 3222 5046; x_wconf 78' lang='grc' dir='ltr'><strong>καὶ</strong></span> <span class='ocrx_word' id='word_1_780' title='bbox 3271 4993 3334 5044; x_wconf 78' lang='grc' dir='ltr'>σὺ</span> <span class='ocrx_word' id='word_1_781' title='bbox 3375 4992 3473 5060; x_wconf 89' lang='grc' dir='ltr'><strong>τῆς</strong></span> <span class='ocrx_word' id='word_1_782' title='bbox 3510 4991 3722 5060; x_wconf 79' lang='grc' dir='ltr'>φύσεως</span> 
     </span>
    </p>
   </div>
   <div class='ocr_carea' id='block_1_108' title="bbox 2153 5081 3720 5160">
    <p class='ocr_par' dir='ltr' id='par_1_108' title="bbox 2153 5081 3720 5160">
     <span class='ocr_line' id='line_1_108' title="bbox 2153 5081 3720 5160; baseline -0.005 -18"><span class='ocrx_word' id='word_1_783' title='bbox 2153 5089 2547 5160; x_wconf 84' lang='grc' dir='ltr'>παραπλησίως</span> <span class='ocrx_word' id='word_1_784' title='bbox 2572 5091 2684 5150; x_wconf 86' lang='grc' dir='ltr'>τοῖς</span> <span class='ocrx_word' id='word_1_785' title='bbox 2714 5089 2898 5141; x_wconf 81' lang='grc' dir='ltr'>πᾶσιν.</span> <span class='ocrx_word' id='word_1_786' title='bbox 2931 5085 3136 5139; x_wconf 76' lang='grc' dir='ltr'>Οὐκοῦν</span> <span class='ocrx_word' id='word_1_787' title='bbox 3159 5084 3234 5148; x_wconf 85' lang='grc' dir='ltr'>ὡς</span> <span class='ocrx_word' id='word_1_788' title='bbox 3255 5083 3393 5155; x_wconf 79' lang='grc' dir='ltr'>ὑπὲρ</span> <span class='ocrx_word' id='word_1_789' title='bbox 3421 5082 3600 5136; x_wconf 83' lang='grc' dir='ltr'>κοινοῦ</span> <span class='ocrx_word' id='word_1_790' title='bbox 3630 5081 3720 5134; x_wconf 73' lang='grc' dir='ltr'>τοῦ</span> 
     </span>
    </p>
   </div>
   <div class='ocr_carea' id='block_1_109' title="bbox 2153 5179 2895 5253">
    <p class='ocr_par' dir='ltr' id='par_1_109' title="bbox 2153 5179 2895 5253">
     <span class='ocr_line' id='line_1_109' title="bbox 2153 5179 2895 5253; baseline -0.007 -18"><span class='ocrx_word' id='word_1_791' title='bbox 2153 5184 2477 5253; x_wconf 82' lang='grc' dir='ltr'>πράγματος</span> <span class='ocrx_word' id='word_1_792' title='bbox 2508 5185 2536 5234; x_wconf 93' lang='lat'><strong>6</strong></span> <span class='ocrx_word' id='word_1_793' title='bbox 2559 5181 2713 5248; x_wconf 87' lang='grc' dir='ltr'>λόγος</span> <span class='ocrx_word' id='word_1_794' title='bbox 2740 5179 2895 5232; x_wconf 75' lang='grc' dir='ltr'>ἔστω.</span> 
     </span>
    </p>
   </div>
   <div class='ocr_carea' id='block_1_110' title="bbox 481 5262 3722 5340">
    <p class='ocr_par' dir='ltr' id='par_1_110' title="bbox 481 5262 3722 5340">
     <span class='ocr_line' id='line_1_110' title="bbox 481 5262 3722 5340; baseline -0 -25"><span class='ocrx_word' id='word_1_795' title='bbox 481 5271 603 5316; x_wconf 84' lang='lat' dir='ltr'><strong>ccat</strong></span> <span class='ocrx_word' id='word_1_796' title='bbox 632 5265 726 5317; x_wconf 88' lang='lat' dir='ltr'><strong>tibi</strong></span> <span class='ocrx_word' id='word_1_797' title='bbox 761 5266 1049 5319; x_wconf 91' lang='lat' dir='ltr'><strong>consilium</strong></span> <span class='ocrx_word' id='word_1_798' title='bbox 1100 5282 1348 5335; x_wconf 88' lang='lat' dir='ltr'><strong>pravum.</strong></span> <span class='ocrx_word' id='word_1_799' title='bbox 1378 5267 1481 5332; x_wconf 89' lang='lat' dir='ltr'><strong>Qui</strong></span> <span class='ocrx_word' id='word_1_800' title='bbox 1528 5269 1626 5330; x_wconf 91' lang='lat' dir='ltr'><strong>sis,</strong></span> <span class='ocrx_word' id='word_1_801' title='bbox 1661 5278 1716 5322; x_wconf 90' lang='lat' dir='ltr'><strong>et</strong></span> <span class='ocrx_word' id='word_1_802' title='bbox 1751 5270 1817 5323; x_wconf 92' lang='lat' dir='ltr'><strong>de</strong></span> <span class='ocrx_word' id='word_1_803' title='bbox 1843 5272 2044 5340; x_wconf 92' lang='lat' dir='ltr'><strong>quibus</strong></span> <span class='ocrx_word' id='word_1_804' title='bbox 2083 5272 2364 5331; x_wconf 83' lang='lat' dir='ltr'><strong>consulas,</strong></span> <span class='ocrx_word' id='word_1_805' title='bbox 2420 5270 2707 5324; x_wconf 86' lang='lat' dir='ltr'><strong>considera</strong></span> <span class='ocrx_word' id='word_1_806' title='bbox 2741 5287 2755 5322; x_wconf 87' lang='lat'><strong>:</strong></span> <span class='ocrx_word' id='word_1_807' title='bbox 2785 5269 2949 5322; x_wconf 85' lang='lat' dir='ltr'><strong>homo</strong></span> <span class='ocrx_word' id='word_1_808' title='bbox 3017 5266 3296 5327; x_wconf 72' lang='lat' dir='ltr'><strong>nimirum,</strong></span> <span class='ocrx_word' id='word_1_809' title='bbox 3375 5262 3443 5318; x_wconf 90' lang='lat' dir='ltr'><strong>de</strong></span> <span class='ocrx_word' id='word_1_810' title='bbox 3490 5263 3722 5318; x_wconf 87' lang='lat' dir='ltr'><strong>homini-</strong></span> 
     </span>
    </p>
   </div>
   <div class='ocr_carea' id='block_1_111' title="bbox 483 5358 3720 5438">
    <p class='ocr_par' dir='ltr' id='par_1_111' title="bbox 483 5358 3720 5438">
     <span class='ocr_line' id='line_1_111' title="bbox 483 5358 3720 5438; baseline 0 -26"><span class='ocrx_word' id='word_1_811' title='bbox 483 5358 608 5418; x_wconf 88' lang='lat' dir='ltr'><strong>bus.</strong></span> <span class='ocrx_word' id='word_1_812' title='bbox 653 5358 745 5426; x_wconf 90' lang='lat' dir='ltr'><strong>qui</strong></span> <span class='ocrx_word' id='word_1_813' title='bbox 793 5360 926 5413; x_wconf 92' lang='lat' dir='ltr'><strong>nihil</strong></span> <span class='ocrx_word' id='word_1_814' title='bbox 969 5361 1022 5413; x_wconf 92' lang='lat' dir='ltr'><strong>in</strong></span> <span class='ocrx_word' id='word_1_815' title='bbox 1067 5369 1120 5414; x_wconf 88' lang='lat' dir='ltr'><strong>te</strong></span> <span class='ocrx_word' id='word_1_816' title='bbox 1152 5362 1452 5430; x_wconf 89' lang='lat' dir='ltr'><strong>proprium,</strong></span> <span class='ocrx_word' id='word_1_817' title='bbox 1488 5370 1539 5417; x_wconf 91' lang='lat' dir='ltr'><strong>et</strong></span> <span class='ocrx_word' id='word_1_818' title='bbox 1591 5379 1618 5416; x_wconf 84' lang='lat' dir='ltr'><strong>a</strong></span> <span class='ocrx_word' id='word_1_819' title='bbox 1668 5375 1858 5417; x_wconf 85' lang='lat' dir='ltr'><strong>natura</strong></span> <span class='ocrx_word' id='word_1_820' title='bbox 1897 5369 2174 5422; x_wconf 90' lang='lat' dir='ltr'><strong>communi</strong></span> <span class='ocrx_word' id='word_1_821' title='bbox 2203 5369 2512 5438; x_wconf 87' lang='lat' dir='ltr'><strong>sejunclttm</strong></span> <span class='ocrx_word' id='word_1_822' title='bbox 2544 5365 2783 5418; x_wconf 85' lang='lat' dir='ltr'><strong>obtines.</strong></span> <span class='ocrx_word' id='word_1_823' title='bbox 2823 5363 3043 5416; x_wconf 84' lang='lat' dir='ltr'><strong>Futuris</strong></span> <span class='ocrx_word' id='word_1_824' title='bbox 3096 5359 3163 5414; x_wconf 81' lang='lat' dir='ltr'><strong>de</strong></span> <span class='ocrx_word' id='word_1_825' title='bbox 3222 5359 3386 5413; x_wconf 90' lang='lat' dir='ltr'><strong>rebus</strong></span> <span class='ocrx_word' id='word_1_826' title='bbox 3450 5374 3518 5413; x_wconf 88' lang='lat' dir='ltr'><strong>ne</strong></span> <span class='ocrx_word' id='word_1_827' title='bbox 3584 5369 3720 5424; x_wconf 60' lang='lat' dir='ltr'><strong>prte-</strong></span> 
     </span>
    </p>
   </div>
   <div class='ocr_carea' id='block_1_112' title="bbox 482 5447 3724 5530">
    <p class='ocr_par' dir='ltr' id='par_1_112' title="bbox 482 5447 3724 5530">
     <span class='ocr_line' id='line_1_112' title="bbox 482 5447 3724 5530; baseline -0 -30"><span class='ocrx_word' id='word_1_828' title='bbox 482 5447 745 5524; x_wconf 71' lang='lat' dir='ltr'><strong>judicium</strong></span> <span class='ocrx_word' id='word_1_829' title='bbox 793 5449 982 5504; x_wconf 83' lang='lat' dir='ltr'><strong>facias.</strong></span> <span class='ocrx_word' id='word_1_830' title='bbox 1036 5451 1169 5506; x_wconf 91' lang='lat' dir='ltr'><strong>Dum</strong></span> <span class='ocrx_word' id='word_1_831' title='bbox 1201 5455 1344 5508; x_wconf 85' lang='lat' dir='ltr'><strong>enim</strong></span> <span class='ocrx_word' id='word_1_832' title='bbox 1382 5454 1723 5511; x_wconf 82' lang='lat' dir='ltr'><strong>affectionem</strong></span> <span class='ocrx_word' id='word_1_833' title='bbox 1808 5458 1862 5511; x_wconf 91' lang='lat' dir='ltr'><strong>in</strong></span> <span class='ocrx_word' id='word_1_834' title='bbox 1909 5459 2089 5514; x_wconf 91' lang='lat' dir='ltr'><strong>alieno</strong></span> <span class='ocrx_word' id='word_1_835' title='bbox 2161 5475 2392 5530; x_wconf 89' lang='lat' dir='ltr'><strong>corpore</strong></span> <span class='ocrx_word' id='word_1_836' title='bbox 2445 5457 2796 5527; x_wconf 86' lang='lat' dir='ltr'><strong>conspicuam</strong></span> <span class='ocrx_word' id='word_1_837' title='bbox 2863 5454 3112 5514; x_wconf 84' lang='lat' dir='ltr'><strong>damnas,</strong></span> <span class='ocrx_word' id='word_1_838' title='bbox 3168 5451 3432 5505; x_wconf 90' lang='lat' dir='ltr'><strong>incertam</strong></span> <span class='ocrx_word' id='word_1_839' title='bbox 3496 5448 3563 5503; x_wconf 89' lang='lat' dir='ltr'><strong>de</strong></span> <span class='ocrx_word' id='word_1_840' title='bbox 3614 5455 3724 5500; x_wconf 91' lang='lat' dir='ltr'><strong>tota</strong></span> 
     </span>
    </p>
   </div>
   <div class='ocr_carea' id='block_1_113' title="bbox 487 5537 3731 5621">
    <p class='ocr_par' dir='ltr' id='par_1_113' title="bbox 487 5537 3731 5621">
     <span class='ocr_line' id='line_1_113' title="bbox 487 5537 3731 5621; baseline -0.001 -29"><span class='ocrx_word' id='word_1_841' title='bbox 487 5546 682 5592; x_wconf 82' lang='lat' dir='ltr'><strong>natura</strong></span> <span class='ocrx_word' id='word_1_842' title='bbox 709 5539 1041 5592; x_wconf 87' lang='lat' dir='ltr'><strong>sententiam</strong></span> <span class='ocrx_word' id='word_1_843' title='bbox 1070 5543 1415 5610; x_wconf 88' lang='lat' dir='ltr'><strong>pronuntias.</strong></span> <span class='ocrx_word' id='word_1_844' title='bbox 1447 5543 1581 5614; x_wconf 85' lang='lat' dir='ltr'><strong>Ejus</strong></span> <span class='ocrx_word' id='word_1_845' title='bbox 1621 5555 1803 5600; x_wconf 87' lang='lat' dir='ltr'><strong>autem</strong></span> <span class='ocrx_word' id='word_1_846' title='bbox 1840 5553 2050 5604; x_wconf 67' lang='lat' dir='ltr'><strong>natura:</strong></span> <span class='ocrx_word' id='word_1_847' title='bbox 2090 5557 2145 5605; x_wconf 94' lang='lat' dir='ltr'><strong>tu</strong></span> <span class='ocrx_word' id='word_1_848' title='bbox 2178 5564 2398 5621; x_wconf 87' lang='lat' dir='ltr'><strong>quoque</strong></span> <span class='ocrx_word' id='word_1_849' title='bbox 2421 5548 2695 5620; x_wconf 84' lang='lat' dir='ltr'><strong>particeps</strong></span> <span class='ocrx_word' id='word_1_850' title='bbox 2729 5560 2811 5609; x_wconf 90' lang='lat' dir='ltr'><strong>es,</strong></span> <span class='ocrx_word' id='word_1_851' title='bbox 2851 5554 2908 5598; x_wconf 91' lang='lat' dir='ltr'><strong>ut</strong></span> <span class='ocrx_word' id='word_1_852' title='bbox 2935 5541 3131 5610; x_wconf 83' lang='lat' dir='ltr'><strong>reliqui</strong></span> <span class='ocrx_word' id='word_1_853' title='bbox 3202 5555 3414 5597; x_wconf 76' lang='lat' dir='ltr'><strong>omnes.</strong></span> <span class='ocrx_word' id='word_1_854' title='bbox 3479 5537 3731 5606; x_wconf 50' lang='lat' dir='ltr'><strong>Quapros</strong></span> 
     </span>
    </p>
   </div>
   <div class='ocr_carea' id='block_1_114' title="bbox 489 5636 1762 5704">
    <p class='ocr_par' dir='ltr' id='par_1_114' title="bbox 489 5636 1762 5704">
     <span class='ocr_line' id='line_1_114' title="bbox 489 5636 1762 5704; baseline 0.008 -18"><span class='ocrx_word' id='word_1_855' title='bbox 489 5644 610 5704; x_wconf 87' lang='lat' dir='ltr'><strong>pter</strong></span> <span class='ocrx_word' id='word_1_856' title='bbox 641 5641 896 5703; x_wconf 90' lang='lat' dir='ltr'><strong>tanquam</strong></span> <span class='ocrx_word' id='word_1_857' title='bbox 931 5636 1208 5692; x_wconf 88' lang='lat' dir='ltr'><strong>communi</strong></span> <span class='ocrx_word' id='word_1_858' title='bbox 1244 5637 1311 5694; x_wconf 93' lang='lat' dir='ltr'><strong>de</strong></span> <span class='ocrx_word' id='word_1_859' title='bbox 1342 5654 1401 5695; x_wconf 88' lang='lat' dir='ltr'><strong>re</strong></span> <span class='ocrx_word' id='word_1_860' title='bbox 1425 5643 1762 5698; x_wconf 88' lang='lat' dir='ltr'><strong>consulatur.</strong></span> 
     </span>
    </p>
   </div>
   <div class='ocr_carea' id='block_1_115' title="bbox 553 5744 1082 5818">
    <p class='ocr_par' dir='ltr' id='par_1_115' title="bbox 553 5744 1082 5818">
     <span class='ocr_line' id='line_1_115' title="bbox 553 5744 1082 5818; baseline 0.006 -18"><span class='ocrx_word' id='word_1_861' title='bbox 553 5746 602 5778; x_wconf 80' lang='lat'>“</span> <span class='ocrx_word' id='word_1_862' title='bbox 641 5744 770 5801; x_wconf 86' lang='lat' dir='ltr'><strong>Luc.</strong></span> <span class='ocrx_word' id='word_1_863' title='bbox 795 5761 849 5814; x_wconf 72' lang='grc' dir='ltr'>ι,</span> <span class='ocrx_word' id='word_1_864' title='bbox 871 5744 941 5801; x_wconf 75' lang='lat'><strong>30</strong></span> <span class='ocrx_word' id='word_1_865' title='bbox 962 5762 1082 5818; x_wconf 87' lang='lat' dir='ltr'><strong>sqq.</strong></span> 
     </span>
    </p>
   </div>
  </div>
