4124 6352
506 312 608 366 477

1661 313 1748 369 oe
1786 312 2227 370 moveamus
2246 292 2577 370 AMANDIS.

3648 312 3750 364 1τῖ

567 426 666 479 Διά
702 426 756 480 τί
788 427 966 481 τοίνυν
1012 428 1186 492 οὐδείς
1224 445 1305 482 σοι
1347 428 1455 483 τῶν
1503 431 1838 501 φαινομένων
1870 427 2048 494 οἶκτος

2245 432 2355 487 Cur
2381 434 2564 503 igitur,
2602 446 2722 502 quae
2751 431 2805 485 in
2841 430 2962 483 aliis
2998 429 3147 483 vides
3180 428 3376 483 misera
3421 436 3475 481 et
3516 427 3749 481 calami-

499 520 835 589 εἰσέρχεται;
877 519 1037 590 Ὁρᾷς
1087 519 1404 590 ἀνθρώπους
1450 521 1686 591 νομάδας
1722 521 1959 593 ὡσπερεὶ
2003 521 2071 575 τά

500 610 818 680 βοσκήματα
857 612 994 681 πρὸς
1033 612 1132 683 τὴν
1160 612 1259 681 τῆς
1283 612 1486 682 τροφῆς
1526 612 1712 682 χρείαν
1741 612 2070 683 ἐσκεδασμέο

495 719 618 764 νους
643 702 833 773 ’ῥακία
856 712 1148 774 περικεκτη
1159 703 1318 771 μένα,
1336 702 1493 756 τοῦτο
1518 704 1551 773 ὴ
1578 704 1740 773 ἐσθής
1759 721 1773 734 ·
1806 704 2071 774 βακτηρία

497 794 555 846 ἐν
587 796 700 855 ταῖς
728 795 904 863 χερσὶ,
935 794 1089 847 τοῦτο
1120 794 1300 856 ὅπλον,
1331 792 1487 847 τοῦτο
1519 794 1733 865 ὄχημα·
1765 795 1885 847 οὐδὲ
1928 796 2069 865 αὐτὴ

494 884 776 948 δακτύλοις
824 885 1179 955 κατεχομένη,
1227 886 1362 940 ἀλλά
1391 904 1530 939 τισιν
1573 888 1783 956 ὀχάνοις
1812 887 1945 958 πρὸς
1970 889 2068 950 τὰς

495 973 749 1044 παλάμας
799 973 1189 1044 συνδεδεμένηο
1240 977 1389 1045 πήρα
1435 977 1714 1046 ῥωγαλέα,
1763 977 1856 1028 καὶ
1901 975 2067 1047 ἄρτου

492 1065 724 1136 τρύφοςο
762 1067 957 1138 εύρῶτι
986 1069 1079 1121 καὶ
1103 1068 1353 1139 σηπεδόνι
1386 1068 1774 1140 διεφθαρμένον
1794 1087 1807 1101 ·
1833 1071 1865 1140 ή
1893 1070 2065 1133 ἑστία,

492 1162 521 1212 6
557 1155 722 1222 οἶκος,
756 1162 788 1229 ἡ
839 1160 1044 1223 στιϐὰς,
1077 1160 1109 1228 ὴ
1141 1160 1316 1229 κλίνη,
1343 1160 1403 1212 τὸ
1433 1164 1693 1231 ταμιεῖον,
1724 1164 1756 1231 ἡ
1798 1161 2062 1231 τράπεζα,

491 1254 639 1304 πᾶσα
666 1255 698 1323 ὴ
725 1250 819 1304 τοῦ
852 1253 964 1322 βίου
998 1252 1340 1323 παρασκευὴ,
1373 1254 1406 1323 ή
1448 1255 1597 1323 πήρα
1625 1254 1790 1306 ἐστίν.
1824 1251 1977 1317 Εἶτα,
2004 1254 2064 1307 οὐ

491 1342 696 1416 λογίζῃ,
717 1345 798 1408 τίς
823 1346 850 1397 6
876 1347 932 1397 ὲν
958 1345 1166 1407 τούτοις
1200 1343 1309 1409 ὧν;
1337 1346 1456 1398 Ὀτι
1474 1347 1777 1416 ἅνθρωπος,
1803 1347 1830 1398 ὁ
1858 1349 1973 1399 κατ’
1997 1348 2066 1399 εἰ·

490 1435 621 1486 κόνα
645 1435 778 1487 Θεοῦ
806 1435 1064 1504 γεγονὼς,
1098 1437 1125 1486 6
1148 1434 1423 1505 κυριεύειν
1449 1437 1546 1505 τῆς
1571 1437 1672 1506 γῆς
1712 1436 2062 1506 τεταγμένος,

488 1525 841 1596 ὁῦποχείριον
872 1526 969 1597 τὴν
1007 1525 1114 1578 τῶν
1142 1526 1348 1592 ἀλόγων
1362 1526 1665 1595 ὑπηρεσίαν
1703 1526 1840 1595 ἔχων
1860 1543 1872 1554 ·
1912 1520 2067 1591 οὗτος

490 1618 566 1678 εἰς
601 1614 756 1668 τοῦτο
807 1616 1085 1686 συμφορᾶς
1127 1615 1221 1667 καὶ
1262 1616 1560 1687 μεταϐολῆς
1596 1618 1885 1689 προῆλθεν,
1926 1618 2065 1672 ὥστε

492 1709 789 1778 ἀμφίϐολον
827 1707 887 1759 τὸ
926 1707 1248 1776 φαινόμενον
1299 1704 1459 1773 εἶναι,
1498 1710 1621 1762 οὔτε
1651 1710 1938 1783 ἀνθρώπου
1972 1729 2067 1766 κα-

493 1798 693 1870 θαρῶς,
729 1799 852 1853 οὕτε
900 1800 1044 1863 τινὸς
1081 1799 1240 1853 ἄλλου
1284 1800 1392 1854 τῶν
1441 1801 1596 1865 ζώων
1644 1805 1843 1875 ἐναργῆ
1890 1804 2068 1874 φέρων

492 1891 576 1959 ἐφ’
628 1890 828 1943 ἑαυτοῦ
870 1889 939 1943 τά
984 1892 1358 1962 γνωρίσματα.
1433 1894 1557 1946 Ἐάν
1608 1894 1742 1964 πρὸς
1784 1895 2066 1966 ἄνθρωπον

492 1984 736 2053 εἰκάσῃς,
787 1983 1031 2053 ἀρνεῖται
1064 1983 1163 2052 τὴν
1196 1984 1473 2055 ἀμορφίαν
1519 1985 1548 2037 ὁ
1588 1986 1874 2056 χαρακτὴρ
1917 1987 1945 2036 ὁ
1974 1987 2069 2038 ἀν-

491 2071 791 2143 θρώπινοςο
848 2074 941 2126 ἐὰν
993 2073 1129 2143 πρὸς
1182 2074 1251 2126 τὰ
1299 2075 1467 2141 ἄλογα
1517 2076 1723 2146 τρέψῃς
1772 2076 1872 2147 τὴν
1918 2078 2067 2129 είκασ

493 2163 647 2225 dictv,
695 2163 817 2216 οὐδὲ
873 2165 1055 2216 ὲκεῖνα
1106 2165 1205 2234 τὴν
1260 2165 1549 2235 ὁμοιότητα
1600 2166 1695 2220 τοῦ
1743 2166 2064 2237 φαινομένου

491 2254 796 2325 προσίεται.
829 2255 995 2307 Μόνοι
1024 2255 1252 2309 τοιοῦτοι
1287 2258 1423 2329 πρὸς
1466 2259 1660 2327 μόνους
1694 2260 1916 2321 ἑαυτοὺς
1953 2257 2068 2327 βλέ-

492 2362 705 2409 ποντες,
764 2346 858 2398 καὶ
914 2348 1030 2415 μετ’
1082 2347 1325 2417 ἀλλήλων
1375 2347 1781 2417 ἀγελαζὸμενοι,
1829 2348 1919 2401 διὰ
1969 2349 2067 2418 τὴν

491 2438 875 2509 ὁμοιοτροπίαν
918 2437 1010 2490 τοῦ
1057 2438 1291 2502 πάθους·
1334 2441 1385 2492 οί
1436 2443 1547 2503 τοίς
1590 2440 1685 2510 μὲν
1730 2439 1911 2501 ἄλλοις
1957 2438 2070 2507 βδε-

492 2527 674 2580 λυκτοὶ
703 2528 998 2598 γινόμενοι,
1052 2527 1311 2598 ἀλλήλους
1343 2528 1401 2581 δὲ
1435 2529 1523 2580 ὑπ’
1572 2528 1816 2597 ἀνάγκης
1849 2528 1909 2580 ού
1945 2526 2065 2596 βδε-

490 2618 831 2688 λυσσόμενοι.
906 2619 1249 2689 Πανταχόθεν
1317 2619 1423 2689 γὰρ
1479 2619 1880 2689 ἐξειργόμενοι,
1940 2617 2068 2681 ἴδιος

489 2710 697 2777 γίνεται
744 2709 947 2779 δῆμος,
1006 2710 1141 2780 πρὸς
1191 2710 1451 2780 ἀλλήλους
1507 2710 1844 2782 συρρέοντες.
1904 2709 2068 2779 Ὁρᾷς

488 2802 613 2863 τοὺς
659 2803 917 2871 ἀτερπεῖς
963 2800 1245 2871 χορευτὰς,
1290 2802 1379 2853 τὸν
1427 2802 1614 2870 γοερὸν
1663 2802 1755 2854 καὶ
1802 2818 2066 2854 κατεστυ-

487 2892 791 2960 γνσσμένον
840 2892 1025 2945 τοῦτον
1076 2892 1269 2962 χορόν;
1329 2890 1453 2953 Πῶς
1494 2890 1910 2961 ὲμπομπεύουσι
1956 2891 2067 2953 τοῖς

489 2984 695 3035 ἑαυτῶν
738 2982 1145 3053 δυστυχήμασις
1201 2982 1323 3045 Πῶς
1372 2982 1743 3054 θεατρίζουσιν
1782 2984 1840 3035 ὲν
1884 2983 2066 3044 αὐτοῖς

489 3074 899 3147 ἀσχημονοῦσαν
960 3075 1057 3146 τὴν
1093 3075 1290 3143 φύσιν,
1346 3074 1533 3145 ὥσπερ
1584 3075 1729 3138 τινὲς
1789 3074 2065 3144 θαυματο-

2176 534 2318 588 tosa,
2342 542 2449 580 non
2480 542 2543 581 ea
2569 535 2619 580 te
2640 539 2795 594 aeque
2824 525 2888 577 ad
2914 524 3406 577 commiserandum
3438 523 3744 588 adducunt,

2177 632 2239 670 ac
2263 619 2307 672 si
2349 618 2401 671 in
2434 626 2487 671 te
2532 618 2651 687 ipso
2697 616 3084 685 conspiceres?
3130 614 3295 669 Vides
3346 615 3593 670 homines
3644 630 3749 667 no-

2176 710 2365 763 mades
2406 719 2459 763 et
2490 723 2678 777 vagos,
2728 716 2986 774 tanquam
3019 721 3217 776 pecora
3264 706 3329 760 ad
3376 705 3746 774 comparanda

2177 801 2381 856 cibaria
2426 802 2747 871 dissipatos.
2788 800 2886 852 His
2931 800 3256 853 vestimenta
3309 806 3438 852 sunt
3483 798 3745 863 lacerata,

2178 910 2241 947 ex
2274 893 2478 947 attritis
2504 892 2836 946 centonibus
2860 901 3111 949 consuta.
3138 891 3193 945 in
3217 889 3469 943 manibus
3497 889 3745 953 baculus,

2176 998 2283 1035 non
2313 983 2381 1035 ab
2416 981 2549 1050 ipsis
2588 982 2772 1051 digitis
2818 981 3268 1049 comprehensus,
3314 979 3407 1033 sed
3451 980 3584 1034 loris
3613 980 3741 1048 qni-

2176 1072 2404 1125 busdam
2446 1072 2513 1125 ad
2562 1073 2769 1141 palmas
2813 1072 3083 1140 alligatus.
3131 1070 3245 1125 Hoc
3281 1072 3355 1124 illi
3391 1082 3492 1139 pro
3539 1071 3741 1140 gladio,

2177 1162 2278 1214 hoc
2316 1176 2413 1230 pro
2448 1161 2697 1215 vehiculo
2730 1170 2960 1213 utuntur
2993 1178 3005 1213 :
3044 1162 3294 1214 sacculus
3325 1161 3500 1223 adest,
3529 1170 3586 1215 et
3629 1161 3741 1214 fru-

2176 1262 2319 1305 stum
2356 1255 2513 1322 panis
2548 1253 2655 1306 situ
2694 1254 2947 1321 carieque
2979 1251 3310 1306 confectum.
3336 1252 3470 1307 Pera
3497 1255 3740 1319 rimosa;

2177 1343 2229 1395 in
2271 1342 2372 1395 hac
2419 1342 2528 1396 illis
2561 1355 2614 1396 et
2652 1342 2828 1402 focus.
2864 1350 2917 1395 et
2964 1342 3182 1406 domus,
3228 1352 3283 1397 et
3323 1343 3647 1413 stragulum,
3690 1350 3746 1397 et

2176 1434 2427 1497 lectulus,
2480 1444 2533 1488 et
2569 1450 2731 1503 penu,
2783 1443 2838 1489 et
2886 1449 3096 1498 mensa,
3131 1435 3311 1489 omnis
3339 1435 3573 1503 denique
3612 1449 3746 1503 sup-

2176 1527 2353 1595 pellex
2386 1526 2508 1579 vitae
2540 1527 2595 1579 in
2629 1526 2733 1580 hac
2775 1541 2899 1594 pera
2932 1528 3205 1581 consistit.
3245 1528 3313 1580 At
3349 1538 3399 1581 tu
3452 1529 3565 1581 haec
3601 1529 3745 1594 aspi-

2174 1620 2279 1681 cis,
2313 1620 2519 1688 etquis
2558 1620 2611 1673 in
2648 1621 2756 1676 illis
2786 1621 2879 1683 sit,
2916 1621 3137 1674 minime
3168 1622 3394 1688 cogitas.
3437 1618 3534 1673 Hic
3574 1620 3741 1684 enim,

2176 1710 2220 1763 si
2248 1710 2447 1769 nescis,
2482 1718 2566 1764 est
2600 1710 2783 1772 homo,
2810 1711 2987 1763 factus
3019 1707 3085 1763 ad
3120 1710 3407 1778 imaginem
3443 1706 3559 1762 Dei.
3583 1706 3740 1772 Huic,

2100 1789 2143 1847 Β
2175 1808 2232 1854 ut
2257 1809 2420 1855 terrae
2459 1802 2773 1856 dominetur
2817 1816 3138 1855 concessum
3172 1810 3300 1861 est;
3341 1799 3467 1852 huic
3506 1799 3563 1852 in
3606 1798 3741 1853 reli-

2169 1907 2274 1961 qua
2312 1892 2569 1945 animalia
2615 1892 2799 1946 datum
2837 1893 3146 1961 imperium.
3184 1894 3259 1944 Eo
3290 1902 3468 1944 tamen
3516 1889 3744 1944 calami-

2171 1992 2280 2037 tate
2321 1984 2578 2038 redactus
2606 1992 2709 2047 est,
2742 1992 2907 2052 atque
2947 1983 3027 2035 sic
3055 1983 3305 2036 inversus
3336 1991 3439 2043 est,
3466 1990 3545 2042 ut,
3576 1982 3741 2051 quid-

2169 2092 2290 2130 nam
2346 2075 2437 2138 sit,
2492 2076 2822 2144 ambigatur:
2872 2073 3005 2127 Nam
3058 2089 3233 2142 neque
3276 2072 3514 2126 hominis
3559 2072 3740 2140 plane,

2170 2183 2347 2236 neque
2386 2167 2615 2220 aliorum
2654 2166 3013 2220 animantium
3046 2166 3370 2235 cujusquam
3406 2163 3608 2218 indicia
3632 2179 3742 2231 prae

2168 2274 2227 2314 se
2258 2259 2382 2313 fert.
2427 2257 2484 2311 Si
2516 2273 2639 2311 cum
2678 2258 2896 2311 homine
2939 2256 3212 2318 conferas,
3249 2254 3451 2323 elﬁgies
3501 2254 3740 2308 humana

2167 2347 2373 2417 respuit
2404 2361 2521 2399 eam
2552 2344 2985 2410 deformitatem;
3018 2343 3062 2397 si
3113 2357 3238 2396 cum
3287 2340 3519 2395 rationis
3546 2353 3743 2408 exper-

2168 2441 2318 2494 tibus
2350 2437 2702 2497 animalibus.
2758 2452 2821 2491 ea
2867 2450 3087 2505 quoque
3118 2432 3529 2487 similitudinem
3584 2432 3741 2500 ejus-

2167 2531 2315 2583 mudi
2360 2544 2466 2583 non
2502 2528 2818 2581 admittunt.
2853 2527 2966 2581 Soli
3011 2528 3178 2595 igitur
3211 2526 3277 2578 ad
3325 2540 3383 2579 se
3415 2525 3559 2591 ipsos
3593 2524 3741 2577 solos

2167 2622 2490 2691 respiciunt,
2545 2631 2598 2675 et
2646 2620 2879 2674 miseria:
2928 2616 3285 2673 similitudine
3326 2617 3470 2669 inter
3516 2630 3575 2670 se
3607 2630 3742 2667 cou-

2167 2719 2480 2781 gregantur.
2511 2711 2612 2777 Qui
2655 2710 2724 2763 ab
2760 2710 2883 2764 aliis
2933 2708 3333 2777 despiciuntur,
3384 2721 3445 2761 se
3496 2706 3598 2775 ipsi
3630 2721 3741 2775 pra:

2168 2800 2499 2855 necessitate
2536 2814 2647 2853 non
2683 2798 3016 2868 despiciunt.
3060 2796 3314 2866 Undique
3356 2796 3572 2866 expulsi
3603 2811 3737 2851 con-

2167 2894 2343 2946 linunt
2368 2907 2539 2946 unum
2583 2892 2641 2946 in
2667 2892 2870 2953 locum,
2915 2899 2969 2944 et
3011 2889 3288 2961 proprium
3320 2886 3606 2957 quemdam
3638 2902 3740 2957 po-

2166 2986 2353 3054 pulum
2391 2983 2708 3037 conliciunt.
2755 2978 2920 3035 Vides
2970 2980 3219 3034 homines
3264 2978 3595 3048 injucundos
3644 2977 3741 3032 lle-

2169 3077 2330 3129 bilem
2382 3075 2708 3142 tristemque
2748 3072 2974 3126 chorum
3024 3070 3341 3126 etiicientes.
3383 3069 3455 3124 At
3502 3084 3631 3125 vero
3679 3077 3741 3125 ut

490 3170 632 3221 ποιοὶ
685 3168 782 3231 τὰς
839 3168 1204 3239 πολυτρόπους
1258 3168 1565 3237 ἀρρωστίας
1621 3169 1731 3229 τοῖς
1792 3166 2064 3219 συνιοῦσιν

2169 3169 2306 3237 ipsis
2340 3182 2460 3221 sese
2488 3164 2893 3234 quodammodo
2910 3162 3167 3232 jactitant
3199 3161 3638 3216 calamitatibus?
3672 3160 3741 3218 Ut

487 3259 949 3328 ἐπιδεικνυμένοις
974 3259 1197 3325 Ποιηταὶ
1219 3257 1424 3330 γοερῶν
1457 3257 1883 3327 μελῳδημάτων,
1914 3258 2066 3327 μελο-

489 3352 632 3404 ποιοὶ
654 3351 763 3403 τῶν
815 3351 1062 3420 πονηρῶν
1103 3350 1324 3402 ἐκείνων
1359 3350 1615 3420 ᾀσμάτων
1636 3366 1648 3378 ·
1674 3350 1939 3418 τραγῳδοὶ
1968 3350 2064 3419 τῆς

487 3443 645 3512 κενῆς
662 3441 863 3509 ταύτης
880 3443 971 3495 καὶ
986 3440 1279 3510 δυστυχοῦς
1311 3439 1633 3509 τραγῳδίας,
1650 3440 1747 3491 οὐκ
1764 3440 2063 3509 ἀλλοτρίοις

487 3531 881 3602 τραγῳδήμασι
912 3530 1047 3600 πρὸς
1072 3529 1139 3583 τά
1172 3530 1315 3599 πάθη
1343 3528 1611 3600 χρώμενοι
1633 3550 1645 3561 ·
1670 3530 1804 3582 ἀλλὰ
1833 3529 1921 3581 διὰ
1951 3529 2060 3581 τῶν

487 3622 701 3673 οἰκείων
727 3620 911 3672 κακῶν
950 3620 1045 3689 τὴν
1078 3618 1279 3689 σκηνὴν
1320 3618 1670 3689 πληροῦντες.
1705 3612 1805 3671 Οἷα
1837 3619 1905 3671 τὰ
1924 3620 2058 3689 σχή-

494 3713 667 3783 ματαί
699 3707 786 3765 οἷα
810 3711 877 3763 τὰ
910 3711 1253 3781 διηγήμαται
1288 3709 1351 3761 Τί
1377 3708 1432 3762 δὲ
1457 3709 1720 3777 λεγόντων
1755 3710 2057 3780 άκούομεν;

491 3804 615 3868 Πῶς
639 3803 789 3874 παρὰ
830 3803 937 3855 τῶν
958 3801 1373 3871 γεννησαμένων
1403 3800 1733 3870 άπώσθησαν
1764 3801 1851 3853 ἐπ’
1885 3802 2063 3854 οίδδεν)⁸

493 3896 821 3964 ἀδικήματις
848 3892 967 3955 Πῶς
991 3890 1381 3945 ἀπελαύνονται
1416 3891 1687 3960 συλλόγων
1717 3891 2065 3963 κοινῶν,ὲορ-

491 3988 597 4040 τῶν
632 4003 690 4039 τε
730 3986 821 4037 καὶ
847 3983 1224 4054 πανηγύρεων,
1261 3982 1449 4054 ὥσπερ
1483 3983 1794 4055 ἀνδροφόνοι
1827 3985 1990 4048 τινὲς,
2028 3984 2062 4056 ἢ

492 4078 833 4149 πατραλοίαι,
860 4079 924 4146 τῇ
955 4075 1210 4145 ἀειφυγίᾳ
1236 4076 1548 4145 κατάκριτοι
1569 4115 1583 4137 ,
1625 4075 1821 4146 μᾶλλον
1863 4075 1922 4128 δὲ
1971 4076 2066 4128 κά·

490 4171 684 4224 κείνων
716 4166 1000 4237 παραπολὺ
1034 4166 1443 4236 δυστυχέστεροι
1467 4183 1480 4197 ’
1516 4167 1630 4234 εἴγε
1664 4169 1775 4229 τοῖς
1806 4165 2063 4235 ἀνδροφό-

491 4281 601 4326 νοις
632 4262 730 4331 μὲν
762 4260 988 4325 ἔξεστιν,
1038 4258 1270 4327 ἀλλαχοῦ
1305 4259 1634 4328 μεταστᾶσιν
1670 4258 1806 4329 μετά
1855 4256 2058 4326 ἀνθρώ-

494 4372 610 4407 πων
644 4353 768 4423 ζῇν’
806 4346 948 4404 οὗτοι
981 4351 1038 4404 δὲ
1091 4351 1239 4419 μόνοι
1277 4349 1385 4403 τῶν
1430 4351 1645 4403 πάντων
1691 4349 2062 4419 ἁπανταχόθεν

492 4445 874 4515 ἀπείργονται,
916 4443 991 4504 ῶς
1036 4441 1201 4493 κοινοί
1246 4457 1387 4502 τινες
1423 4438 1859 4509 ἀποδεδειγμένοι
1902 4441 2060 4495 πολε-

496 4548 606 4601 μιοι
629 4549 641 4561 ’
678 4532 736 4583 ού
779 4532 973 4599 στέγης
1016 4530 1163 4598 μιᾶς,
1194 4530 1254 4582 ού
1282 4529 1559 4599 τραπέζης
1592 4530 1794 4599 κοινῆς,
1834 4530 1893 4582 ού
1940 4532 2065 4600 χρή-

494 4640 628 4683 σεως
669 4620 873 4674 σκευῶν
922 4620 1245 4691 ἀξιούμενοι.
1298 4622 1407 4673 Καὶ
1458 4620 1608 4674 οὔπω
1656 4620 1812 4673 τοῦτο
1857 4622 2058 4674 δεινόν’

489 4715 605 4768 ἀλλ’
643 4713 761 4766 οὐδὲ
794 4714 966 4783 πηγαὶ
997 4713 1217 4783 βρύουσι
1251 4712 1459 4775 τούτοις
1504 4712 1639 4781 πρὸς
1687 4714 1812 4775 τοὺς
1855 4712 2064 4781 ἀνθρώ-

492 4819 627 4865 πους
666 4801 861 4863 κοιναὶ,
896 4801 1015 4853 οὐδὲ
1067 4802 1302 4871 ποταμοὶ
1347 4801 1688 4854 πιστεύονται
1723 4802 1874 4854 οὐδὲν
1906 4803 2064 4871 ἐφέλ-

492 4894 685 4949 κεσθαι
721 4892 812 4945 τοῦ
847 4893 946 4961 τῆς
986 4892 1293 4964 ἀρρωστίας
1349 4893 1706 4963 μολύσματος.
1759 4892 1877 4946 Κᾶν
1919 4894 2063 4947 κύων

492 4985 634 5059 λάψῃ
670 4984 761 5050 τοῦ
791 4982 980 5046 ὓδατος
1012 4986 1077 5053 τῇ
1105 4984 1383 5054 αἱμοὸόρῳ
1412 4984 1649 5057 γλώσσῃ,
1678 4985 1775 5037 οὐκ
1804 4985 2061 5055 ἐνομίσθη

493 5075 775 5146 βδελυκτὺν
808 5074 895 5127 διά
938 5072 999 5126 τὸ
1029 5073 1215 5143 θηρίον
1265 5073 1326 5126 τὸ
1373 5072 1515 5145 ὕδωρ
1537 5092 1549 5104 ·
1580 5076 1672 5128 ἐὰν
1705 5076 1733 5127 6
1784 5077 2063 5146 ἄρρωστος

492 5165 830 5235 προσεγγίσῃ
880 5161 957 5232 τῷ
1005 5161 1195 5225 ὕδατι,
1248 5162 1410 5222 εὐθὺς
1455 5163 1810 5235 ἀπεκηρύχθη
1866 5166 1959 5218 καὶ
2006 5167 2065 5218 τὸ

494 5258 637 5327 ὕδωρ
664 5256 752 5309 διὰ
778 5256 868 5308 τὸν
912 5253 1220 5326 ἄνθρωπον.
1255 5253 1437 5307 Ταῦτα
1460 5254 1842 5326 διεξέρχονται,
1892 5256 2065 5309 ταῦτα

492 5350 770 5419 ὀδύρονται
792 5363 805 5376 ·
844 5345 934 5399 διὰ
974 5345 1131 5398 τοῦτο
1164 5344 1441 5415 ῥίπτουσιν
1476 5348 1695 5409 ἑαυτοὺς
1749 5349 1871 5400 κατ’
1895 5350 2065 5417 ἀνάγ-

494 5458 596 5511 κην
626 5440 760 5511 πρὸς
801 5437 909 5491 τῶν
964 5436 1265 5507 ἀνθρώπων
1294 5438 1342 5488 οί
1372 5437 1610 5499 δείλαιοι,
1660 5438 1833 5490 ἱκέται
1865 5440 2065 5503 παντὸς

493 5529 587 5582 τοῦ
638 5529 1141 5599 παρατυγχάνοντος
1202 5528 1495 5598 γινόμενοι.
1552 5528 1819 5593 Πολλάκις
1868 5532 2063 5585 ἐπεδά-

495 5638 671 5688 κρυσα
698 5620 774 5690 τῷ
799 5621 1105 5694 σκυθρωπῷ
1142 5620 1314 5691 τούτῳ
1349 5620 1600 5691 θεάματι,
1644 5622 1900 5684 πολλάκις
1930 5623 2066 5693 πρὸς

496 5712 663 5783 αὐτὴν
706 5714 802 5784 τὴν
846 5712 1006 5782 φύσιν
1056 5712 1507 5784 ἀπεδυσπέτησα·
1564 5712 1657 5766 καὶ
1696 5711 1791 5767 νῦν
1830 5714 1965 5785 πρὸς
1997 5716 2063 5784 τῇ

2169 3261 2224 3313 in
2292 3275 2351 3314 se
2403 3258 2539 3327 ipsis
2596 3264 2850 3310 naturam
2906 3262 3185 3309 ostentant
3230 3253 3615 3323 deturpatam?
3672 3251 3741 3309 Ut

2167 3352 2350 3405 varios
2384 3348 2835 3405 convenientibus
2865 3353 3124 3414 tanquam
3150 3344 3575 3414 praastigiatores
3614 3344 3742 3414 qui-

2166 3444 2289 3498 dam
2342 3442 2563 3495 morbos
2597 3438 3031 3507 demonstrant?
3068 3435 3251 3491 Poeta:
3294 3437 3600 3494 carminum
3653 3436 3740 3490 ln-

2165 3545 2506 3595 ctuosorum,
2535 3531 2774 3585 tristium
2821 3529 3201 3581 narrationum
3236 3528 3572 3591 inventores,
3606 3542 3733 3592 gra-

2166 3626 2315 3679 vium
2381 3624 2596 3677 illarum
2656 3620 3021 3673 modulatores
3087 3618 3426 3683 cantionum,
3484 3630 3740 3676 auctores

2165 3732 2320 3772 novae
2357 3716 2516 3769 istius
2563 3711 2885 3779 miseraque
2935 3710 3233 3779 tragmdiae,
3291 3711 3346 3764 in
3381 3725 3489 3781 qua
3526 3724 3636 3765 non
3671 3725 3736 3764 ex

2165 3810 2381 3871 alienis,
2410 3806 2503 3861 sed
2536 3821 2600 3859 ex
2634 3802 2875 3873 propriis
2906 3802 3313 3856 calamitatibus
3359 3801 3607 3871 exempla
3640 3817 3737 3857 su-

2166 3911 2321 3954 munt
2366 3900 2433 3953 ad
2468 3895 2865 3966 permovendos
2894 3892 3133 3957 animos,
3185 3901 3349 3963 atque
3385 3894 3459 3947 ita
3501 3892 3607 3949 sibi
3637 3907 3739 3947 au-

2165 3992 2426 4047 dientiam
2460 3990 2671 4042 faciunt
2706 4006 2719 4041 :
2749 3987 2792 4041 0
2837 4002 2958 4056 quae
2995 3987 3197 4057 ﬁgurae,
3228 3987 3367 4040 bone
3408 3985 3572 4047 Dens,
3617 3999 3739 4054 quae

2164 4082 2535 4139 narrationes!
2588 4080 2715 4149 quid
2770 4080 2919 4147 ipsos
2966 4078 3211 4133 dicentes
3254 4077 3550 4133 audimus?
3592 4077 3737 4143 Quo-

2166 4175 2327 4228 modo
2374 4173 2443 4227 ab
2490 4173 2616 4232 illis,
2662 4170 2754 4239 qui
2812 4172 2959 4237 ipsos
3004 4178 3382 4239 procrearunt,
3441 4166 3593 4222 nulla
3637 4182 3735 4222 sua

2165 4265 2322 4332 cuo'pa
2374 4262 2561 4330 rejecti
2602 4260 2771 4314 sunt?
2828 4259 3112 4325 Quomodo
3160 4258 3508 4327 expelluntur
3539 4272 3570 4311 e
3596 4256 3736 4311 civi-

2163 4354 2405 4407 tatibus?
2457 4349 2741 4416 Quomodo
2799 4364 2866 4403 ex
2908 4347 3192 4417 colloquiis
3239 4346 3643 4412 communibus,
3666 4362 3735 4400 ex

2165 4445 2403 4515 publicis
2449 4442 2709 4511 festisque
2763 4441 3120 4497 conventibus
3167 4438 3555 4502 extruduntur,
3608 4444 3734 4491 tan.-

2166 4555 2328 4610 quam
2357 4536 2666 4596 homicidae,
2700 4543 2957 4603 tanquam
2989 4530 3277 4601 parricida:
3309 4530 3503 4585 exsilio
3541 4546 3735 4601 perpe-

2167 4642 2261 4684 tuo
2314 4627 2591 4691 mulctati,
2655 4627 2765 4679 imo
2818 4639 2980 4694 quam
3033 4623 3112 4676 illi
3167 4624 3321 4693 longe
3374 4622 3729 4681 infeliciorcs!

2168 4719 2450 4789 Siquidem
2493 4717 2783 4771 hmnicidis
2832 4716 3008 4771 solum
3045 4714 3385 4770 vertentibus
3428 4716 3558 4770 licet
3604 4716 3732 4771 alibi

2164 4827 2289 4865 cum
2328 4809 2644 4864 hominibus
2680 4808 2881 4861 vivere.
2938 4807 3008 4858 At
3062 4803 3150 4859 isti
3185 4804 3430 4858 omnium
3476 4806 3577 4860 soli
3622 4815 3735 4859 tan-

2164 4918 2326 4971 quam
2369 4914 2687 4955 communes
2725 4896 2989 4952 declarati
3038 4896 3225 4951 hostes
3271 4896 3511 4964 undique
3547 4904 3734 4951 extur-

2165 4995 2366 5050 bantur
2400 4999 2460 5045 ut
2485 5006 2671 5044 canes.
2701 4988 2882 5054 Quid?
2915 4987 3059 5057 quod
3100 4988 3290 5042 eodem
3340 4996 3506 5049 tecto,
3542 4989 3732 5043 eadem

2167 5099 2377 5146 mensa,
2431 5082 2619 5136 eodem
2672 5096 2926 5135 vasorum
2993 5096 3094 5135 usu
3132 5080 3452 5149 judicantur
3494 5080 3743 5150 indigni?

2167 5175 2342 5241 Quid?
2374 5174 2519 5243 quod
2541 5174 2701 5242 quasi
2734 5173 2846 5227 haec
2872 5175 3004 5227 satis
3033 5172 3220 5242 gravia
3252 5187 3357 5225 non
3389 5173 3519 5231 sint.
3547 5187 3734 5227 arcen-

2166 5276 2255 5319 tur
2290 5281 2318 5318 a
2352 5265 2614 5327 fontibus.
2650 5264 2742 5334 qui
2789 5262 3016 5332 reliquis
3059 5262 3370 5316 hominibus
3420 5272 3547 5317 sunt
3585 5280 3740 5319 com-

2166 5357 2385 5411 munes?
2416 5355 2532 5425 Ipsa
2565 5356 2696 5424 quin
2722 5355 2885 5409 etiam
2917 5353 3138 5407 ﬂumina
3167 5354 3464 5408 creduntur
3491 5356 3731 5425 ipsorum

2165 5448 2488 5516 aegritudine
2533 5444 2898 5514 coinquinari.
2948 5442 3004 5496 Si
3059 5442 3244 5513 lingua
3300 5452 3525 5498 cruenta
3581 5445 3738 5499 canis

2166 5555 2361 5609 aquam
2398 5536 2671 5601 lamberit,
2714 5551 2821 5589 non
2868 5550 2986 5589 eam
3028 5533 3235 5588 idcirco
3263 5545 3529 5604 reSpuunt
3563 5533 3741 5588 horni-

2165 5648 2263 5686 nes
2292 5650 2304 5685 :
2336 5638 2389 5683 at
2420 5630 2463 5683 si
2495 5629 2562 5681 ad
2602 5629 2747 5682 illam
2776 5641 2918 5697 aeger
2964 5626 3283 5690 accesserit,
3311 5626 3576 5679 continuo
3606 5642 3735 5694 pro-

2169 5732 2287 5787 pter
2318 5724 2591 5777 hominem
2628 5722 2745 5793 ipsa
2780 5735 2995 5790 quoque
3039 5734 3179 5789 aqua
3223 5718 3565 5791 detestabilis
3600 5733 3740 5788 pra:-
