4124 6352
442 328 546 382 4⁸79

1686 330 1744 385 S.
1786 326 2117 386 GREGORII
2165 327 2464 386 NYSSENi

3593 324 3695 378 tau

440 442 679 496 dicatur.
714 440 838 498 llaec
863 449 1147 508 enarrant,
1179 442 1297 499 haec
1322 442 1609 514 deplorant
1637 462 1651 500 :
1681 446 1754 500 ob
1783 445 1900 501 haec
1922 462 2017 501 ne-

2135 446 2312 518 ινήμῃ
2345 441 2667 515 ωγχέομαι.
2700 436 2852 495 Εἶδον
2881 437 3051 502 πάθος
3079 438 3330 501 ἐλεεινὸν,
3357 431 3494 489 εἶδον
3517 434 3695 505 θέαμα

440 535 687 590 cessario
717 549 778 590 se
804 535 872 590 ad
914 535 1193 590 hominum
1231 535 1397 606 pedes
1425 535 1694 606 abjiciunt
1724 539 1931 600 miseri,
1963 546 2019 593 et

444 628 703 683 Omnibus
726 628 1147 683 occurrentibus
1173 628 1502 699 supplicant.
1537 628 1691 699 Saepe
1716 629 1859 685 tristi
1896 645 2017 700 spe—

442 719 1068 791 ctaculoillacrymavi;
1124 734 1267 789 saepe
1326 721 1394 775 de
1451 728 1645 774 natura
1685 730 2021 791 conquestus

445 824 592 875 sum,
621 820 675 866 et
703 824 766 866 ea
796 822 882 866 me
915 812 1225 866 recordatio
1269 813 1639 884 memoriaque
1666 821 1815 868 nunc
1852 815 2017 869 etiam

448 912 629 958 movet
680 910 844 973 atque
891 904 1194 974 perturbat.
1248 902 1374 959 Vidi
1421 906 1800 975 aegritudinem
1854 906 2020 961 mise-

447 996 708 1062 randam;
761 997 868 1050 vidi
915 997 1289 1066 spectaculum
1350 996 1568 1066 plenum
1607 998 2018 1069 lacrymarum;

443 1083 601 1152 juxta
634 1084 755 1138 vias
787 1083 1052 1144 celebres.
1102 1090 1156 1138 et
1190 1098 1220 1137 a
1262 1084 1723 1154 praetereuntibus
1767 1083 2022 1154 frequen-

449 1182 594 1230 tatas
615 1174 802 1245 jacent
830 1176 1101 1237 homines,
1135 1176 1247 1230 imo
1279 1191 1349 1232 ne
1381 1177 1628 1232 homines
1652 1177 1896 1247 quidem,
1925 1176 2021 1232 sed

448 1263 700 1321 infelices
745 1267 1028 1320 hominum
1064 1267 1326 1337 reliquiae,
1369 1267 1544 1338 signis
1573 1277 1627 1322 et
1673 1268 1893 1325 indiciis
1922 1269 2020 1322 ali-

448 1354 653 1422 quibus
703 1355 1029 1426 indigentes,
1067 1365 1125 1411 ut
1176 1372 1235 1412 se
1280 1357 1532 1413 homines
1569 1371 1693 1413 esse
1733 1358 1892 1413 ﬁdem
1944 1358 2024 1413 fa-

450 1449 617 1501 ciant.
663 1444 849 1518 Neque
877 1451 1022 1503 enim
1058 1464 1127 1503 ex
1172 1458 1385 1505 natura:
1432 1451 1577 1506 notis
1603 1451 1900 1521 quidquam
1939 1462 2024 1506 est

448 1539 748 1607 reliquum,
783 1549 841 1592 ut
877 1541 1100 1611 agnosci
1133 1542 1368 1610 possint.
1416 1540 1478 1595 lli
1521 1542 1622 1596 soli
1667 1558 1731 1598 ex
1769 1544 2025 1599 omnibus

451 1644 510 1685 se
552 1629 702 1700 ipsos
746 1630 1003 1693 oderunt,
1058 1633 1159 1686 soli
1214 1632 1359 1687 diem
1389 1647 1548 1687 suum
1596 1635 1830 1689 natalem
1871 1647 2022 1690 exse-

450 1730 697 1782 crantur,
752 1734 816 1775 ac
853 1723 978 1791 jure
1015 1722 1236 1791 quidem
1277 1723 1624 1779 detestantur
1669 1725 1821 1779 illum
1855 1726 2021 1788 diem,

452 1811 546 1878 qui
602 1810 727 1866 talis
774 1812 900 1865 vitae
960 1812 1286 1882 principium
1341 1812 1463 1866 l‘uit.
1514 1808 1775 1869 Homines
1826 1813 1923 1883 qui
1965 1824 2025 1868 se

452 1902 731 1955 communi
763 1903 1126 1972 appellatione
1156 1905 1440 1959 nominare
1461 1904 1817 1969 erubescunt,
1853 1919 1922 1959 ne
1959 1919 2026 1959 ex

454 1995 575 2066 ipsa
639 1994 877 2050 nominis
929 1996 1317 2051 communione
1383 2007 1633 2051 naturam
1681 2012 2026 2052 communem

441 2084 803 2141 dedecorem.
835 2085 1061 2156 Semper
1091 2087 1145 2141 in
1180 2087 1420 2143 miseriis
1442 2089 1607 2142 vitam
1634 2088 1874 2159 degunt;
1905 2102 2029 2158 per-

454 2185 673 2249 petuam
716 2179 896 2233 luctus
930 2180 1212 2234 materiam
1245 2180 1466 2235 habent.
1501 2180 1753 2246 Quandiu
1789 2180 1934 2236 enim
1970 2195 2030 2236 se

455 2267 608 2337 ipsos
641 2268 935 2337 aspiciunt,
966 2269 1156 2324 tandiu
1188 2271 1404 2342 lugendi
1435 2272 1635 2327 habent
1660 2272 2025 2328 occasionem.

455 2360 714 2415 Dubitaut
785 2372 965 2416 autem
1017 2375 1155 2432 quas
1212 2365 1389 2433 magis
1443 2364 1729 2434 deplorent
1783 2365 2030 2434 corporis

456 2462 659 2524 partes,
690 2468 878 2514 easne.
912 2470 1036 2525 quae
1091 2470 1202 2510 non
1244 2457 1445 2511 adsunt
1481 2457 1739 2527 amplius,
1775 2471 1844 2512 an
1884 2458 2028 2524 illas,

459 2559 580 2613 qua:
624 2556 939 2616 supersunt.
984 2544 1133 2612 Quas
1167 2548 1392 2602 morbus
1437 2548 1763 2618 absumpsit,
1812 2564 1880 2603 an
1910 2566 2032 2620 quae

457 2638 651 2690 morbo
677 2637 878 2692 relicta:
903 2646 1031 2691 sunt
1061 2639 1432 2693 absumendae.
1463 2637 1834 2694 Dolendumne
1860 2642 2032 2710 magis

457 2727 551 2791 sit,
588 2727 733 2795 quod
764 2727 817 2780 in
857 2740 915 2781 se
940 2728 1077 2796 ipsis
1103 2740 1197 2783 eas
1221 2728 1473 2782 miserias
1512 2735 1759 2789 cernant,
1794 2742 1863 2781 an
1887 2729 2032 2798 quod

458 2831 556 2874 ras
599 2816 848 2886 adempta
900 2819 1065 2871 etiam
1117 2818 1309 2872 morbo
1346 2816 1563 2874 videndi
1615 2818 1895 2880 facultate,
1944 2820 2032 2871 in-

460 2908 599 2964 tueri
630 2924 737 2963 non
766 2911 998 2978 possint.
1029 2909 1184 2975 Quod
1212 2911 1343 2964 talia
1369 2910 1437 2965 de
1467 2926 1526 2966 se
1558 2926 1782 2966 narrare
1807 2920 2030 2980 queant,

460 3015 528 3053 an
548 3000 693 3069 quod
729 3000 832 3055 sibi
865 3002 932 3053 ab
966 3001 1084 3070 ipso
1116 3000 1308 3060 morbo
1338 3011 1522 3071 erepta
1557 3004 1724 3056 etiam
1759 3017 1912 3068 voce,
1962 3020 2032 3059 ne

460 3087 551 3141 illa
581 3089 801 3158 quidem
834 3089 1051 3143 valeant
1081 3091 1381 3161 explicare.
1414 3090 1570 3157 Quod
1600 3090 1694 3147 tali
1736 3103 2032 3149 vescantur

457 3182 605 3245 cibo,
639 3196 706 3234 an
735 3181 877 3251 quod
916 3198 983 3236 ne
1029 3182 1121 3235 illo
1147 3182 1366 3251 quidem
1400 3185 1686 3239 commode
1713 3186 1859 3240 vesci
1903 3200 2034 3255 pos-

462 3271 609 3332 sint,
665 3272 922 3338 impedita
976 3280 1196 3342 promer
1248 3273 1362 3327 oris
1414 3284 1703 3344 corruptas
1761 3292 1791 3329 a
1844 3278 2036 3332 morbo

463 3362 761 3430 particulas
785 3363 978 3418 edendi
1004 3371 1299 3432 potestate.
1326 3362 1483 3433 Quod
1515 3366 1802 3421 sentiendo
1826 3378 1890 3421 ea
1916 3382 2037 3436 qua:

462 3459 806 3505 mortuorum
861 3460 992 3506 sunt
1044 3456 1284 3524 propria,
1332 3456 1724 3526 perpetiantur,
1769 3472 1839 3512 an
1891 3459 2036 3528 quod

464 3543 602 3612 ipsis
650 3545 815 3598 etiam
871 3546 1131 3600 sensibus
1171 3546 1385 3615 spoliati
1431 3549 1559 3602 sint.
1595 3548 1694 3602 Ubi
1734 3549 1878 3603 enim
1931 3550 2038 3604 illis

461 3642 562 3687 aut
612 3635 849 3698 videndi,
889 3644 982 3687 aut
1015 3636 1302 3700 odorandi,
1352 3647 1448 3692 aut
1492 3639 1747 3709 tangendi
1791 3640 1905 3695 vis?
1938 3639 2038 3695 Ubi

478 3727 813 3796 reliquorum
860 3742 1121 3782 sensuum
1167 3729 1347 3794 sedes,
1390 3744 1528 3800 quas
1573 3730 1835 3799 paulatim
1871 3733 2039 3803 depa-

468 3830 659 3874 scente
707 3819 900 3873 inorbo
938 3822 1095 3876 ulcus
1125 3822 1372 3877 arrodit?
1409 3821 1513 3877 Per
1544 3825 1726 3877 omnia
1751 3825 1917 3893 igitur
1949 3840 2042 3878 va-

463 3920 668 3982 gantur
710 3913 851 3977 loca,
907 3913 973 3967 ad
1028 3912 1338 3967 uberiorem
1390 3921 1629 3983 pastum,
1684 3922 1743 3967 ιιι
1783 3914 2040 3969 animalia

464 4005 695 4061 rationis
746 4006 1009 4074 expertia.
1052 4004 1346 4060 identidem
1389 4020 1449 4060 se
1480 4005 1895 4062 transferentes.
1929 4006 2038 4062 Oc-

463 4097 745 4152 casionem
778 4096 844 4149 ad
890 4096 1278 4165 negotiandum
1310 4096 1790 4167 comparandaquc
1833 4099 2041 4155 cibaria

467 4186 868 4243 circumferunt
909 4189 1300 4253 calamitatem,
1357 4198 1411 4245 et
1454 4190 1873 4259 supplicationis
1923 4191 2043 4248 loco

470 4279 721 4333 morbum
751 4278 1006 4335 omnibus
1040 4278 1362 4335 ostendunt.
1403 4279 1633 4351 Propter
1664 4282 2042 4352 aagritudinem

468 4377 652 4424 autem
695 4371 961 4427 ministris
1006 4380 1186 4441 egent.
1237 4382 1268 4425 a
1309 4373 1509 4441 quibus
1552 4387 1714 4427 manu
1746 4372 2039 4440 ducantur,

2118 535 2369 608 δακρύων
2407 534 2652 605 πλῆρες·
2706 530 3021 601 πρόκεινται
3063 526 3205 583 κατᾶ
3249 527 3348 590 τὰς
3385 524 3539 589 ὁδοὺς
3585 524 3695 577 τῶν

2121 626 2424 697 παριόντων
2474 623 2751 694 ἄνθρωποι
2770 636 2784 652 ·
2834 621 3032 694 μᾶλλον
3066 620 3124 674 δὲ
3168 619 3352 673 οὐκέτι
3397 616 3692 687 ἄνθρωποι,

2120 717 2258 770 ἀλλὰ
2281 717 2391 770 τῶν
2416 730 2548 770 ποτε
2575 714 2876 785 ἀνθρώπων
2912 713 3072 769 ἄθλια
3102 711 3361 780 λείψανα,
3409 726 3474 763 συ
3484 709 3695 780 μὸόλων

2120 810 2281 863 τινῶν
2309 811 2405 864 καὶ
2434 807 2826 878 γνωρισμάτων
2859 810 2939 871 εἰς
2962 807 3024 859 τὸ
3055 802 3409 873 πιστευθῆναι
3433 801 3691 872 δεόμενοι.

2122 905 2195 956 Οὐ
2242 901 2353 975 γὰρ
2382 903 2597 972 ἔχουσιν
2643 899 2750 954 ἀπὸ
2793 899 2903 953 τῶν
2940 899 3040 969 τῆς
3076 897 3289 966 φύσεως
3335 895 3695 970 χαρακτήρων

2122 993 2580 1064 ἐπιγινώσκεσθαι
2626 991 2902 1061 ἄνθρωποι
2927 1031 2942 1055 ,
2999 989 3150 1061 μόνοι
3174 989 3285 1043 τῶν
3323 990 3540 1043 πάντων
3568 990 3696 1041 έαυ-

2122 1088 2248 1150 τοὺς
2306 1084 2624 1156 μισοῦντες,
2682 1083 2834 1155 μόνοι
2885 1083 2984 1153 τὴν
3029 1081 3301 1151 γενέθλιον
3355 1081 3568 1152 ἡμέραν
3610 1078 3698 1131 διὰ

2124 1176 2366 1248 κατάρας
2396 1174 2620 1243 ἄγοντες
2642 1214 2656 1238 ,
2695 1171 2911 1244 μισοῦσι
2943 1172 3052 1243 γάρ
3089 1171 3314 1232 εἰκότως
3353 1168 3453 1240 τὴν
3482 1167 3697 1238 ἡμέραν

2123 1270 2360 1342 ἐκείνην,
2407 1268 2507 1341 τὴν
2551 1267 2792 1338 ἄρξασαν
2839 1262 3023 1329 αὐτοῖς
3063 1266 3165 1336 τῆς
3225 1262 3479 1333 τοιαύτης
3528 1258 3694 1330 ζωῆς.

2127 1363 2458 1435 Ἄνθρωποι,
2492 1360 2542 1416 οἳ
2577 1362 2673 1415 καὶ
2710 1357 2999 1430 ὀνομάζειν
3035 1357 3263 1419 ἑαυτοὺς
3295 1356 3404 1408 ἀπὸ
3446 1352 3546 1425 τῆς
3591 1370 3698 1406 κοι-

2124 1457 2220 1529 νῆς
2248 1453 2617 1529 προσηγορίας
2644 1450 3025 1523 αἰσχύνονται·
3053 1452 3128 1512 ὼς
3156 1448 3221 1502 ἂν
3249 1446 3323 1518 μὴ
3349 1448 3413 1517 τῇ
3445 1444 3699 1517 κοινωνίᾳ

2123 1552 2219 1604 τοῦ
2262 1551 2523 1616 ὀνόματος
2559 1548 2660 1618 τὴν
2699 1544 2884 1616 κοινὴν
2922 1542 3085 1613 φύσιν
3116 1541 3180 1595 δι’
3208 1538 3416 1594 ἑαυτῶν
3447 1538 3700 1607 καθυϐρί-

2128 1658 2310 1696 σειανο
2344 1642 2612 1713 οτμωγαῖς
2650 1638 2740 1693 ἀεὶ
2786 1637 3074 1702 συζῶντες,
3114 1635 3390 1689 ἄπαυστον
3422 1632 3531 1686 τῶν
3564 1631 3698 1701 θρή-

2125 1748 2232 1786 νων
2275 1729 2373 1802 τὴν
2422 1726 2680 1783 ὑπόθεσιν
2734 1727 2967 1800 ἔχοντες.
3027 1725 3172 1790 Ἕως
3208 1725 3317 1796 γὰρ
3363 1723 3429 1778 ἂν
3477 1722 3699 1786 ἑαυτοὺς

2129 1822 2418 1895 βλέπωσιν,
2468 1822 2555 1874 ἀεὶ
2596 1819 2696 1884 τὰς
2742 1815 2837 1872 τοῦ
2892 1818 3108 1888 θρηνεῖν
3160 1816 3371 1887 ἔχουσιν
3411 1814 3700 1887 ἀφορμάς⁸

2127 1913 2478 1985 ἀποροῦντες,
2519 1910 2618 1964 ότι
2653 1909 2746 1964 καὶ
2797 1906 2994 1980 μᾶλλον
3042 1908 3342 1978 ὀδύρονται,
3389 1904 3460 1959 τά
3506 1903 3702 1977 μηκέτι

2127 2005 2256 2057 ὄντα
2283 2000 2374 2056 τοῦ
2402 2000 2673 2071 σώματος,
2706 1999 2740 2068 ἢ
2768 1999 2839 2052 τὰ
2870 1997 3198 2069 λειπόμενα·
3252 1997 3354 2050 ὅσα
3395 1994 3706 2066 προανήλω-

2130 2113 2221 2149 σεν
2255 2096 2287 2165 ὴ
2337 2095 2511 2157 νόσος,
2548 2090 2582 2164 ἢ
2619 2088 2719 2145 ὅσα
2767 2092 2835 2161 τῇ
2874 2089 3014 2158 νόσῳ
3049 2087 3325 2141 λείπεταιο
3368 2082 3450 2139 ὅτι
3488 2082 3705 2154 βλέπου-

2130 2205 2213 2240 σιν
2244 2185 2329 2254 ἐφ’
2356 2183 2561 2238 ἑαυτῶν
2590 2181 2659 2236 τὰ
2676 2176 2918 2245 τοιαῦτα,
2946 2178 2980 2249 ἢ
3007 2179 3089 2231 ὅτι
3113 2176 3232 2230 οὐδὲ
3258 2177 3471 2247 βλέπειν
3503 2175 3706 2247 ἰσχύου-

2133 2292 2236 2336 σιν,
2274 2272 2695 2345 ἀμαυρωθείσης
2749 2273 2807 2325 ὲν
2855 2269 2934 2338 τῷ
2979 2268 3139 2323 πάθει
3205 2268 3306 2336 τῆς
3366 2266 3571 2335 ὂψεως·
3618 2266 3701 2319 ὅτι

2131 2367 2356 2422 τοιαῦτα
2390 2365 2571 2436 ἔχουσι
2615 2364 2742 2434 περὶ
2776 2359 2987 2416 ἑαυτῶν
3024 2358 3350 2430 διηγεῖσθαι,
3399 2359 3431 2427 ἢ
3478 2358 3558 2410 ὅτι
3589 2355 3707 2409 οὐδὲ

2131 2458 2527 2532 διηγεῖσθαιιτὰ
2564 2456 2712 2528 πάθη
2754 2453 3028 2516 δύνανται,
3058 2453 3158 2523 τὴν
3188 2451 3370 2522 φωνὴν
3396 2454 3461 2504 ὲκ
3488 2449 3582 2502 τοῦ
3612 2450 3710 2502 πά-

2132 2553 2259 2615 θοις
2291 2547 2661 2623 ἀφῃρημένοι·
2731 2547 2812 2598 ὅτι
2844 2542 3068 2616 τοιαύτῃ
3117 2541 3354 2612 χρῶνται
3413 2541 3620 2610 τροφῇ,
3673 2538 3705 2608 ἢ

2132 2644 2216 2697 ὃτι
2263 2642 2384 2695 οὐδὲ
2430 2640 2645 2710 ἐκείνην
2688 2636 2925 2699 εὐκόλως
2951 2637 2984 2705 ὴ
3013 2638 3168 2697 νόσος
3198 2636 3263 2703 τῇ
3310 2628 3574 2701 διαφθορᾷ
3601 2630 3708 2682 τῶν

2133 2737 2262 2807 περὶ
2296 2734 2361 2786 τὸ
2401 2732 2573 2802 στόμα
2618 2730 2819 2802 μορίων
2854 2725 3248 2796 ἐμποδιζούσης
3272 2724 3371 2793 τῆς
3394 2720 3703 2793 βρώσεως⁶’

2132 2830 2213 2882 δτι
2256 2829 2312 2879 ὲν
2356 2824 2605 2895 αἰσθήσει
2660 2822 2728 2874 τὰ
2772 2819 2881 2874 τῶν
2909 2817 3118 2887 νεκρῶν
3156 2815 3525 2886 δυστυχοῦσιν,
3559 2813 3593 2881 ἢ
3630 2813 3710 2866 ὅτι

2137 2919 2231 2972 καὶ
2270 2915 2381 2970 τῶν
2411 2914 2716 2983 αἰσθήσεων
2740 2910 2920 2964 αὐτῶν
2951 2905 3421 2980 προσαφῄρηνται.
3468 2904 3577 2957 Ποῦ
3604 2903 3711 2974 γὰρ

2140 3009 2267 3079 παρ’
2309 3005 2537 3068 ἐκείνοις
2561 3007 2594 3075 ἡ
2635 3005 2851 3074 ὄρασις;
2895 3000 3006 3054 Ποῦ
3032 3002 3066 3069 ἡ
3094 2997 3395 3069 δσφρησιςς
3448 2994 3558 3049 Ποῦ
3586 2995 3642 3047 δὲ
3673 2997 3706 3064 ἡ

2138 3100 2284 3172 arpi];
2313 3098 2423 3153 Ποῦ
2450 3098 2505 3151 δὲ
2540 3097 2609 3149 τὰ.
2634 3094 2798 3148 λοιπά
2822 3094 2930 3147 τῶν
2960 3091 3352 3162 αἰσθητηρίων,
3384 3089 3420 3144 ἃ
3451 3089 3570 3140 κατ’
3604 3087 3712 3140 ὀλίο

2138 3208 2233 3262 γον
2260 3191 2562 3262 νεμομένου
2606 3187 2701 3241 τοῦ
2741 3186 2946 3250 πάθους
2980 3189 3013 3257 ἠ
3046 3183 3289 3253 σηπεδὼν
3332 3181 3711 3241 ὲπιὸόσκεται;

2137 3283 2237 3337 Διὰ
2263 3280 2437 3336 ταῦτα
2464 3280 2603 3334 κατὰ
2630 3281 2838 3342 πάντας
2868 3278 3101 3331 ἀλῶνται
3139 3278 3264 3338 τοὺς
3290 3274 3509 3338 τόπους,
3547 3271 3716 3326 καθά--

2140 3393 2246 3446 περ
2270 3374 2338 3428 τά
2382 3373 2549 3441 ἄλογα
2593 3369 2727 3442 πρὸς
2786 3370 2883 3440 τὴν
2921 3362 3300 3438 ἀφθονωτέραν
3327 3365 3495 3436 νομὴν
3530 3361 3715 3434 μετεξ-

2139 3465 2485 3538 ανιστάμενοι
2510 3478 2524 3493 ·
2552 3460 2759 3532 ἐφόδιον
2780 3463 2879 3531 τῆς
2910 3459 3050 3512 κατὰ
3072 3458 3171 3526 τὴν
3197 3455 3404 3527 τροφὴν
3426 3451 3712 3524 ἐμπορίας,

2139 3557 2238 3628 τὴν
2269 3555 2554 3626 συμφορὰν
2582 3552 2986 3624 περιφέροντες,
3004 3551 3098 3603 καὶ
3128 3548 3262 3602 πᾶσι
3292 3547 3389 3616 τὴν
3421 3545 3573 3597 νόσον
3599 3542 3716 3595 ἀνθ’

2143 3645 2423 3718 ἱκετηρίας
2474 3643 2864 3715 προτείνοντες.
2924 3640 3034 3693 Καὶ
3079 3636 3189 3690 τῶν
3235 3631 3718 3706 χειραγωγούντων

2139 3736 2207 3791 δι’
2240 3734 2549 3808 ἀρρωστίαν
2598 3734 2861 3803 δεόμενοι,
2909 3733 3003 3784 καὶ
3035 3728 3297 3799 ἀλλήλους
3339 3725 3425 3779 διὰ
3457 3722 3554 3793 τὴν
3586 3722 3721 3773 ἀπο-

2147 3829 2267 3900 ρίαν
2297 3822 2767 3897 ὑποστηρίζοντες,
2800 3822 2937 3876 Καθ’
2963 3820 3155 3875 ἑαυτὸν
3175 3816 3529 3887 γάρέκαστος
3561 3811 3718 3865 ἀσθε-

2143 3920 2389 3982 νοῦντες,
2447 3917 2677 3989 ἔρεισμα
2707 3914 2785 3983 τῷ
2829 3912 2999 3983 ἑτέρῳ
3042 3909 3281 3978 γίνονται
3327 3906 3438 3968 τοῖς
3480 3901 3720 3972 ἀλλήλων

2147 4012 2362 4082 μέλεσιν
2391 4009 2510 4062 ἀντὶ
2536 4007 2644 4059 τῶν
2676 4003 2970 4058 λειπόντων
2999 3999 3291 4072 χρώμενοι.
3354 3997 3430 4050 Οὐ
3455 3994 3562 4065 γὰρ
3601 3990 3720 4044 καθ’

2143 4105 2240 4158 ἕνα
2274 4096 2553 4171 φαίνονται
2578 4114 2592 4128 ο
2631 4097 2766 4151 άλλά
2785 4110 2836 4148 τι
2866 4095 2977 4164 ἔχει
3008 4092 3102 4146 καὶ
3128 4094 3161 4162 ἡ
3187 4087 3527 4157 ταλαιπωρία
3561 4084 3721 4153 σοφὸν

2144 4197 2223 4257 εἰς
2256 4193 2353 4264 τὴν
2390 4188 2484 4244 τοῦ
2530 4188 2643 4258 βίου
2684 4187 2948 4250 ἐπίνοιαν,
3001 4182 3062 4237 τί)
3111 4181 3225 4253 μετ’
3253 4179 3496 4252 ἀλλήλων
3527 4175 3722 4238 αὐτοὺς

2146 4287 2317 4342 θέλειν
2336 4285 2582 4358 ὁρᾶσθαι.
2616 4283 2807 4345 Ὄντες
2832 4281 2943 4351 γὰρ
2972 4278 3066 4332 καὶ
3092 4276 3214 4330 καθ’
3246 4275 3471 4336 ἑαυτοὺς
3496 4273 3723 4334 ἕκαστος

2147 4378 2389 4441 ὲλεεινοὶ,
2419 4377 2494 4440 ὡς
2520 4375 2586 4429 ἂν
2614 4372 2814 4445 μᾶλλον
2845 4368 3326 4442 συμπαθεστέρους
3359 4367 3485 4429 τοὺς
3512 4361 3724 4433 ἀνθρώ-

464 4463 567 4519 sed
605 4462 677 4516 ob
706 4463 944 4532 inopiam
975 4479 1097 4519 sese
1128 4463 1369 4519 vicissnn
1401 4465 1751 4520 conﬁrmant.
1781 4465 1872 4521 Sic
1899 4468 2032 4523 enim

2152 4488 2286 4534 πους
2319 4471 2620 4539 ποιήσειαν,
2665 4464 2949 4536 προσθήκη
2988 4461 3081 4515 τοῦ
3111 4460 3315 4523 πάθους
3345 4457 3597 4528 ἀλλήλοις
3637 4454 3726 4522 γί-

469 4554 611 4609 alter
642 4555 870 4611 alterius
905 4557 1078 4610 utitur
1122 4557 1385 4613 membris
1414 4572 1512 4627 pro
1553 4558 1623 4613 iis
1658 4574 1779 4629 quae
1808 4560 1912 4615 sibi
1947 4562 2044 4617 de-

470 4654 623 4709 sunt,
656 4655 736 4712 ut,
777 4650 868 4716 qui
908 4663 1003 4717 per
1048 4664 1106 4704 se
1132 4648 1333 4720 singuli
1380 4659 1509 4705 sunt
1541 4651 1821 4717 imbecilli,
1856 4663 2045 4709 mutua

471 4737 565 4793 illa
595 4740 913 4795 accessione
943 4740 1257 4796 l'ulciantur.
1289 4743 1476 4813 Itaque
1505 4745 1558 4798 in
1591 4745 1873 4799 hominum
1906 4761 2044 4800 con-

472 4838 722 4900 spectum
757 4833 1035 4903 sigillatim
1069 4848 1178 4889 non
1226 4837 1471 4900 veniunt,
1511 4835 1606 4892 sed
1642 4837 1800 4895 (adeo
1829 4847 2046 4908 egestas

471 4924 636 4977 etiam
667 4925 732 4978 ad
783 4923 1082 4993 parandum
1118 4926 1319 4980 victum
1364 4927 1680 4996 ingeniosos
1714 4935 1769 4981 et
1811 4927 2043 4982 solertes

472 5014 629 5086 facit)
675 5016 917 5071 universi
967 5026 1128 5087 atque
1178 5017 1324 5073 inter
1354 5030 1416 5073 se
1444 5018 1759 5088 congregati
1800 5019 2045 5089 conspici

472 5105 682 5159 volunt.
721 5104 848 5161 Inde
893 5106 966 5173 lit,
1011 5117 1090 5171 ut,
1117 5122 1242 5161 cum
1297 5107 1497 5177 singuli
1534 5108 1876 5163 miserabiles
1908 5111 2041 5171 sint,

2150 4576 2352 4623 νονται,
2382 4560 2474 4612 τὸν
2502 4557 2736 4627 πονηρὸν
2767 4552 2845 4625 τῷ
2868 4552 3030 4623 κοινῷ
3053 4550 3490 4620 συνεισφέροντες
3512 4545 3722 4617 ἔρανον,

2150 4652 2309 4713 ἄλλος
2340 4650 2404 4702 δι’
2436 4648 2599 4717 ἄλλης
2629 4648 2769 4709 τινὸς
2810 4648 3093 4715 συμφορᾶς
3139 4643 3287 4695 ἔλεον
3320 4640 3527 4701 ἑαυτοῖς
3554 4635 3725 4707 ἐρανί-

2151 4741 2357 4806 ζοντες.
2420 4741 2477 4793 Ὀ
2505 4740 2601 4810 μὲν
2634 4740 2821 4810 χεῖρας
2851 4733 3378 4807 ἠκρωτηριασμένας
3403 4729 3721 4801 προτείνων.

2152 4834 2309 4897 ἄλλος
2332 4831 2572 4900 γαστέρα
2589 4827 2952 4899 προδεικνύων
2973 4826 3429 4896 φλεγμαίνουσαν,
3444 4821 3539 4874 καὶ
3559 4816 3725 4888 πρόσ-

2151 4941 2298 4978 ωπον
2321 4921 2686 4993 ὴχρειωμένον
2715 4920 2918 4989 ἕτερος,
2959 4917 3051 4971 καὶ
3090 4916 3249 4979 ἄλλος
3275 4914 3336 4967 τὸ
3368 4911 3554 4974 σκέλος
3585 4909 3721 4962 ἁπο-

2154 5014 2456 5087 σηπὸμενον
2481 5029 2493 5042 ·
2532 5014 2562 5065 ὁ
2604 5010 2659 5063 δὲ
2688 5010 2715 5063 ὅ
2742 5011 2807 5063 ἂν
2831 5010 2983 5080 τύχοι
3008 5008 3100 5063 τοῦ
3131 5007 3378 5077 σώματος
3406 4998 3725 5071 ἀπογυμνώ-

2152 5120 2271 5171 σας,
2307 5108 2364 5159 ἐν
2394 5104 2585 5174 ἐκείνῳ
2624 5102 2685 5156 τὸ
2714 5103 2883 5167 πάθος
2915 5101 3131 5167 ἔδειξεν.

473 5193 787 5251 hominibus
833 5198 906 5251 ita
950 5197 1229 5266 conjuncti
1263 5198 1436 5267 magis
1483 5198 1779 5252 miserandi
1852 5196 2327 5267 coadjuvandique
2394 5196 2703 5249 videantur.
2772 5191 2990 5262 Aliquid
3047 5191 3190 5245 enim
3226 5188 3457 5258 quisque
3486 5186 3539 5238 in
3574 5197 3724 5237 com-

473 5305 637 5345 mune
681 5289 917 5351 confert,
960 5298 1014 5344 et
1048 5292 1190 5345 alius
1258 5306 1324 5344 ex
1373 5291 1475 5344 alia
1541 5291 1851 5345 calamitate
1892 5290 2324 5344 misericordiam
2376 5293 2680 5356 comparat.
2733 5284 2832 5340 llic
2906 5281 3194 5354 praetendit
3241 5280 3523 5335 mutilatas

3603 5292 3652 5330 111
3660 5293 3721 5329 ιι-

475 5397 625 5449 nus;
681 5383 768 5436 ille
799 5383 1066 5437 tuntidum
1126 5390 1369 5437 ventrem
1426 5383 1688 5445 ostendit,
1720 5382 1860 5437 alius
1904 5381 2221 5434 dilaniatam
2252 5378 2481 5434 faciem:
2516 5394 2646 5434 crus
2704 5389 3025 5447 putresccns
3085 5375 3246 5427 alius.
3312 5369 3428 5435 Qua
3487 5368 3723 5438 denique

474 5472 707 5542 quisque
734 5479 962 5538 aegrotat
1005 5473 1251 5539 corporis
1296 5478 1469 5541 parte,
1514 5485 1632 5527 eam
1668 5469 1929 5534 denudat,
1975 5479 2028 5524 et
2066 5484 2222 5526 suam
2260 5469 2543 5522 miseriam
2575 5476 2835 5522 ostentat.

547 5563 688 5630 Quid
721 5578 850 5634 ergo
887 5564 1194 5618 faciendum
1239 5573 1321 5617 est
1352 5562 1531 5626 nobis,
1564 5573 1624 5616 ut
1659 5563 1798 5616 nihil
1841 5561 1895 5616 in
1942 5576 2042 5616 na-

473 5667 613 5713 tura:
652 5656 818 5726 legem
853 5670 1106 5726 peccasse
1145 5654 1463 5709 videamur?
1492 5655 1697 5709 satisne
1729 5656 1820 5717 sit,
1854 5668 2044 5708 eorum

475 5746 795 5803 alicctioncs
819 5746 1101 5817 deplorare
1120 5784 1138 5812 ,
1162 5755 1214 5800 ct
1235 5744 1481 5799 oratione
1508 5744 1756 5799 morbum
1789 5744 2047 5814 clamitare

2218 5559 2283 5612 Τί
2299 5555 2388 5613 οῦν
2411 5575 2427 5624 ;
2464 5554 2573 5629 ἄρα
2598 5557 2816 5628 ἐξαρκεῖ
2838 5554 3087 5608 τοσοῦτον
3110 5554 3242 5625 πρὸς
3263 5552 3322 5605 τὸ
3345 5551 3507 5622 μηδὲν
3535 5552 3613 5614 εἰς
3632 5547 3723 5602 τὸν

2151 5652 2251 5721 τῆς
2272 5650 2481 5720 φύσεως
2495 5651 2654 5720 νόμον
2675 5650 3017 5720 ἐξαμαρτεῖν,
3034 5646 3167 5700 αὐτὸ
3183 5647 3332 5700 τοῦτο
3351 5646 3410 5699 τὸ
3429 5642 3723 5716 τραγῳδεῖν

2154 5744 2221 5812 τά
2245 5743 2388 5815 πάθη
2406 5743 2502 5813 τῆς
2525 5741 2754 5811 φύσεως,
2775 5742 2865 5794 καὶ
2885 5739 3026 5813 λόγῳ
3046 5739 3416 5803 διασκευάζειν
3437 5738 3533 5807 τὴν
3549 5736 3720 5802 νόσον,
