4124 6352
447 288 537 340 491

1659 284 1744 339 DE
1783 282 2221 342 PAUPERIBUS
2259 283 2584 342 AMANDIS.

3613 285 3717 338 49?.

451 397 546 448 κ..ὶ
572 396 702 466 πρὸς
720 396 814 464 τὴν
842 397 1059 466 μνήμην
1092 395 1476 461 παθαίνεσθαι;
1501 397 1574 450 Ἥ
1596 414 1739 460 τινος
1771 400 1901 468 ἡμῖν
1934 395 2030 449 καὶ

2156 405 2292 465 itque
2318 399 2433 463 ipsa
2455 395 2977 452 commemoratione
2998 393 3374 450 commoveri?
3396 408 3462 448 an
3486 407 3714 449 necesse

451 489 612 558 ἔργου
643 487 801 557 χρεία
836 487 928 539 τοῦ
974 487 1416 558 ἐπιδεικνυμένου
1447 490 1580 558 πρὸς
1606 492 1731 554 τοὺς
1754 489 2028 552 τοιούτους

450 583 511 630 το
534 576 812 647 συμπαθὲς
839 578 932 628 καὶ
967 577 1282 649 φιλάλληλον
1304 595 1318 642 ;
1343 581 1406 630 Ὃ
1419 580 1525 648 γάρ
1546 581 1682 632 εἰσιν
1699 580 1756 632 αἱ
1773 594 2029 649 σκιογρα-

452 668 572 738 φίαι
599 669 734 737 πρὸς
762 669 828 721 τά
848 668 1014 732 ὅντως
1043 670 1362 740 πράγματα.
1391 671 1547 723 τοῦτο
1571 674 1619 724 οἱ
1651 671 1797 742 λόγοι
1825 669 2029 735 διεζευ-

451 759 641 830 γμένοι
683 760 793 812 τῶν
855 761 1048 832 ἔργων.
1104 765 1178 815 UO
1221 764 1327 834 γάρ
1361 766 1420 818 ἐν
1468 764 1546 835 τῷ
1596 765 1776 834 λέγειν
1805 765 1970 833 φησιν
2002 767 2032 818 ὁ

454 849 658 915 Κύριος
703 848 843 904 εἶναι
877 851 974 924 τὴν
1007 854 1282 924 σωτηρίαν
1308 871 1321 885 ·
1355 855 1471 906 ἀλλ’
1494 857 1552 908 ἐν
1602 857 1678 926 τῷ
1738 859 1912 909 ποιεῖν
1963 855 2030 908 τὰ

453 937 591 1006 ἔργα
621 943 720 1007 τῆς
758 940 1047 1010 σωτηρίας.
1077 941 1284 994 Οὐκοῦν
1325 944 1676 1016 ἀντιληπτέον
1699 947 1830 1016 ἡμῖν
1850 948 2032 1009 αὐτοῖς

455 1029 552 1099 τῆς
600 1031 739 1101 ὑπὲρ
769 1031 947 1084 αὐτῶν
995 1034 1230 1104 ἐντολῆς.
1281 1035 1372 1104 Μὴ
1401 1039 1507 1106 γὰρ
1533 1037 1597 1107 δὴ
1642 1037 1798 1090 τούτο
1830 1038 2034 1107 λεγέτω

456 1139 559 1184 τις,
591 1122 666 1184 ὡς
711 1123 891 1177 ἱκανόν
924 1125 1039 1177 ἐστι
1075 1127 1264 1197 πόρρω
1296 1144 1397 1179 που
1437 1131 1533 1197 τῆς
1565 1129 1838 1199 ἡμετέρας
1868 1128 2031 1198 ζωῆς,

458 1212 549 1264 ἐπί
575 1230 716 1274 τινος
742 1215 994 1283 ἐσχατιᾶς
1023 1216 1388 1270 ἀποικισθεῖσι
1412 1218 1506 1286 τὴν
1527 1219 1731 1288 τροφὴν
1760 1220 2033 1288 χορηγεῖν,

472 1304 536 1356 ἸΙ
567 1306 675 1378 γάρ
701 1307 922 1376 τοιαύτη
957 1309 1176 1378 γνώμη⁹
1207 1310 1326 1379 οὐχ).
1358 1310 1507 1363 ἐλέου
1531 1311 1675 1374 τινὸς
1709 1311 1800 1364 καὶ
1830 1327 2041 1379 συμπα-

461 1395 609 1458 θείας
630 1397 900 1461 ἀπόδειξιν
925 1397 1056 1467 ἔχει’
1091 1400 1224 1452 ἀλλά
1246 1418 1326 1462 τις
1359 1402 1715 1469 εὐπρόσωπός
1744 1402 1892 1453 ἐστιν
1922 1400 2041 1451 ἐπί-

461 1504 607 1549 νοια,
652 1487 745 1539 τοῦ
791 1490 1068 1553 παντελῶς
1111 1492 1235 1553 τοὺς
1281 1491 1597 1561 ἀνθρώπους
1624 1494 1720 1561 τῆς
1770 1493 2042 1562 ἡμετέρας

463 1578 800 1649 ἐξορισθῆναι
847 1582 1014 1650 ζωῆς.
1055 1579 1186 1634 Εἶτα
1223 1583 1324 1636 οὐκ
1366 1583 1732 1654 αἰσχυνόμεθα
1768 1585 1856 1636 τὸν
1887 1581 2043 1652 ἡμῶν

463 1671 638 1722 αὐτῶν
676 1672 807 1740 βίον,
839 1673 886 1724 εἰ
909 1674 1143 1744 χοίρους,
1175 1676 1270 1728 καὶ
1298 1674 1462 1737 κύνας
1487 1677 1828 1744 ὁμωροφίους
1857 1674 2042 1730 ποιού-

2129 496 2235 550 est,
2276 498 2334 542 ut
2372 487 2512 546 facto
2553 489 2718 542 etiam
2758 487 2943 556 aliquo
2982 485 3416 545 misericordiam
3463 493 3518 540 et
3551 485 3719 540 bene-

2132 581 2421 635 volentiam
2466 594 2594 649 erga
2631 580 2755 634 illos
2801 587 3045 634 nostram
3084 577 3466 632 declaramus?
3500 576 3593 630 Sic
3631 583 3718 631 est

2134 672 2400 741 profecto.
2430 670 2564 724 Nam
2597 687 2718 741 quae
2760 672 3040 742 proportio
3069 679 3152 728 est
3183 671 3326 726 inter
3355 685 3444 725 res
3482 684 3639 723 veras
3665 680 3720 722 et

2133 762 2485 816 adumbratas
2520 763 2796 831 picturas,
2839 763 3084 818 eamdem
3131 762 3383 817 obtinent
3432 761 3630 822 verba,
3667 761 3714 814 si

2133 852 2201 908 ab
2251 851 2508 919 operibus
2557 851 2936 921 scjungantur.
2983 851 3098 906 Non
3138 852 3283 906 enim
3320 851 3373 904 in
3423 849 3605 904 verbis
3637 865 3720 904 sa-

2134 942 2301 996 lutem
2355 942 2658 998 consistere
2713 942 2850 996 dicit
2917 940 3200 1004 Dominus,
3258 941 3351 997 sed
3414 941 3468 993 in
3527 939 3723 994 salutis

2135 1035 2393 1104 operibus
2442 1033 2703 1088 faciendis
2759 1037 2825 1086 σε’.
2892 1034 3299 1099 Quamobrem,
3356 1031 3502 1100 quod
3559 1029 3720 1084 nobis

2139 1129 2380 1198 ipsorum
2413 1141 2580 1182 causa
2611 1126 2925 1182 mandatum
2954 1134 3059 1189 est,
3087 1125 3140 1179 id
3171 1133 3388 1194 oportet
3413 1131 3471 1176 ut
3499 1124 3724 1192 ipsimet

2138 1234 2526 1288 exsequamur.
2565 1217 2750 1287 Neque
2797 1217 2942 1272 enim
2997 1217 3130 1272 illud
3177 1215 3407 1270 omnino
3448 1217 3725 1282 quispiam

2139 1312 2318 1372 dicat,
2359 1326 2482 1364 esse
2525 1312 2698 1370 satis,
2731 1311 2776 1364 si
2819 1307 3006 1376 procul
3043 1322 3072 1360 a
3121 1307 3280 1362 nobis
3326 1306 3380 1358 in
3426 1313 3726 1359 extremam

2141 1402 2378 1470 aliquam
2412 1410 2616 1455 nostrae
2642 1401 2880 1470 regionis
2908 1407 3152 1468 partem,
3190 1406 3450 1467 tanquam
3494 1397 3546 1450 in
3575 1395 3728 1448 colo-

2145 1493 2288 1546 niam
2321 1491 2572 1546 deductis
2606 1491 2862 1544 alimenta
2896 1487 3333 1558 suppeditentur.
3379 1487 3452 1540 Ea
3493 1499 3731 1553 namque

2147 1583 2412 1638 sententia
2448 1583 2649 1636 nullam
2678 1597 2817 1636 verte
2853 1580 3156 1636 clementia:
3190 1591 3243 1633 et
3288 1579 3730 1633 commiseratio—

2151 1676 2236 1729 nis
2269 1673 2721 1745 signiﬁcationem
2756 1673 2948 1734 habet,
2984 1673 3080 1727 sed
3110 1672 3212 1728 sub
3243 1685 3306 1726 ea
3336 1668 3732 1724 misericordia:

469 1763 639 1832 μεθα;
682 1764 814 1816 Οὐδὲ
843 1765 940 1834 τῆς
973 1766 1159 1835 κοίτης
1202 1765 1395 1819 ἑαυτοῦ
1443 1766 1701 1830 πολλάκις
1735 1768 1989 1836 ἀπείργει
2022 1767 2049 1819 ὁ

2156 1767 2332 1834 specie
2365 1765 2496 1820 illud
2532 1763 2827 1818 consilium
2861 1764 3011 1826 latet,
3056 1773 3110 1819 ut
3146 1761 3396 1815 homines
3429 1776 3460 1815 e
3497 1762 3603 1813 vita
3639 1775 3735 1813 no-

466 1855 768 1925 κυνηγέτης
814 1855 902 1908 τὸν
934 1856 1196 1909 σκύλακα.
1233 1852 1355 1910 Οἵδε
1395 1859 1488 1910 καὶ
1523 1858 1785 1928 φιλήματι
1815 1857 1904 1910 τὸν
1947 1857 2040 1926 μό-

469 1962 593 2014 σχον
620 1946 647 1997 ὁ
683 1946 926 2016 γεωργὸς
956 1947 1335 2013 δεξιώσασθαι.
1366 1950 1476 2001 Καὶ
1509 1948 1662 2002 οῠπω
1692 1950 1851 2003 τοῦτο
1887 1949 2042 2002 πολύ·

466 2035 600 2088 ἀλλὰ
633 2040 752 2098 ταῖς
784 2036 939 2100 ἰδίαις
964 2039 1119 2108 χερσὶ
1164 2038 1342 2090 νίπτει
1372 2041 1498 2102 τοὺς
1543 2039 1710 2103 πόδας
1741 2040 1834 2093 τοῦ
1873 2039 1992 2092 ὄνου
2019 2040 2048 2092 ὁ

465 2129 761 2198 ὁδοιπόρος,
789 2129 881 2182 καὶ
908 2129 1087 2197 βάλλει
1117 2129 1213 2200 τὴν
1245 2133 1422 2201 χεῖρα,
1453 2131 1547 2184 καὶ
1569 2130 1924 2201 ὺποκαθαίρει
1949 2133 2048 2202 τὴν

468 2221 688 2290 κόπρον,
725 2221 821 2272 καὶ
865 2221 964 2291 τῆς
1009 2223 1167 2291 εὐνῆς
1203 2223 1560 2292 ἐπιμελεῖται·
1601 2225 1693 2276 τὸν
1725 2224 1782 2277 δὲ
1814 2225 2048 2295 ὁμογενῆ

472 2313 561 2363 καὶ
601 2312 904 2380 ὁμόφυλον,
961 2313 1279 2384 ἀτιμότερον
1321 2315 1416 2368 καὶ
1459 2315 1568 2368 τῶν
1613 2315 1822 2384 ἀλόγων
1871 2317 2050 2369 αὐτῶν

471 2403 840 2472 ποιησόμεθα;
872 2404 960 2474 Μὴ
999 2405 1186 2469 ταῦτα,
1227 2406 1321 2476 μὴ,
1354 2407 1569 2474 ἀδελφοί
1592 2425 1605 2440 ο
1643 2408 1716 2477 μὴ
1749 2408 2050 2479 κυρωθήτιι)

469 2493 608 2562 αὕτη
637 2494 775 2546 κατὰ
798 2494 904 2546 τῶν
931 2495 1231 2566 ἀνθρώπων
1254 2500 1286 2567 ἡ
1306 2498 1503 2566 ψῆφος.
1536 2499 1852 2570 Μνησθῆναι
1884 2517 2051 2569 προσ-

468 2588 613 2654 ήκει.
648 2586 790 2648 τίνες
821 2586 971 2649 ὅντες
1000 2588 1124 2657 περὶ
1161 2589 1321 2640 τίνων
1367 2588 1766 2660 βουλευόμεθα⁹
1804 2591 1885 2643 ὁτι
1919 2590 2049 2661 περὶ

470 2677 791 2748 ἀνθρώπων,
823 2679 1118 2749 ἄνθρωποι,
1151 2680 1298 2732 οὐδὲν
1329 2681 1528 2746 ἰδιάζον
1559 2682 1708 2754 παρὰ
1740 2683 1838 2755 τὴν
1867 2683 2052 2754 κοινὴν

471 2773 631 2837 φύσιν
663 2772 746 2838 ἐφ’
775 2773 978 2824 ἑαυτῶν
1005 2772 1238 2843 ἔχοντες.
1275 2774 1392 2827 Μία
1421 2771 1611 2827 πᾶσιν
1631 2775 1732 2827 ἐπὶ
1769 2775 1873 2828 τὸν
1905 2776 2052 2839 ,βίον

472 2867 510 2932 ἡ
539 2866 796 2930 slva-60¢
823 2860 902 2927 εἷς
928 2868 957 2917 ὁ.
978 2867 1074 2936 τῆς
1105 2865 1248 2934 ζωῆς
1275 2865 1444 2917 ἅπασι
1478 2866 1698 2936 τρόπος,
1730 2866 1930 2936 βρῶσις
1959 2867 2053 2920 καὶ

474 2956 648 3018 πόσις·
677 2959 708 3024 ἡ
741 2955 833 3007 τοῦ
859 2956 958 3024 ζῇν
992 2955 1238 3024 ἐνέργεια
1264 2955 1614 3025 ὁμοιότροπος
1637 2970 1650 2984 ⁸
1678 2957 1710 3024 ἡ
1742 2955 2052 3027 κατασκευὴ

473 3047 580 3098 τῶν
608 3047 873 3114 σωμάτων
910 3046 1028 3116 μία.
1066 3046 1159 3100 καὶ
1187 3049 1218 3116 ἡ
1252 3046 1600 3117 καταστροφὴ
1633 3045 1724 3098 τοῦ
1758 3047 1872 3116 βίου
1909 3047 2052 3100 ἅπαν

472 3141 534 3192 τὸ
563 3139 812 3192 σύνθετον
833 3141 910 3202 είς
933 3139 1176 3192 διάλυσιν
1202 3140 1440 3208 ἔρχεται.
1467 3140 1630 3191 Ούδέν
1652 3139 1759 3192 τῶν
1788 3141 2053 3193 συνεστώ-

473 3247 582 3282 των
634 3230 832 3297 παγίαν
862 3229 973 3298 ἔχει
1021 3229 1119 3299 τὴν
1176 3229 1455 3282 σύστασιν·
1506 3231 1853 3300 πομφόλυγος
1900 3232 2056 3301 δίκην

477 3325 560 3374 ἐπ’
607 3322 786 3389 ὀλίγου
821 3322 975 3392 ἡμῶν
1007 3322 1085 3392 τῷ
1119 3322 1387 3391 πνεύματι
1427 3323 1797 3392 περιτεθέντος
1826 3324 1918 3376 τοῦ
1951 3324 2056 3376 σώ-

481 3433 666 3486 ματος⁹
692 3412 810 3469 εἶτα
845 3417 1183 3486 ἀπέσϐημεν,
1219 3417 1369 3468 οὐδὲν
1421 3417 1564 3485 ἴχνος
1595 3415 1686 3468 τοῦ
1723 3416 2056 3486 προσκαίρου

476 3505 666 3557 τούτου
702 3506 1017 3574 φυσήματκ
1048 3504 1434 3567 καταλιπόντες
1462 3502 1539 3573 τῷ
1567 3502 1685 3573 βίῳ.
1725 3505 1812 3555 Ἐν
1839 3505 2060 3574 στήλαις

480 3596 572 3648 καὶ
604 3595 770 3657 λίθοις
816 3597 908 3648 καὶ
949 3597 1280 3666 ἐπιγραφαῖς
1312 3596 1381 3649 τὰ
1429 3595 1767 3665 μνημόσυνα·
1811 3597 1901 3649 καὶ
1940 3597 2061 3651 ούδέ

460 3687 650 3738 ·ταῦτα
680 3687 854 3739 εἰσαεὶ
893 3686 1238 3758 διαρκοῦντα.
1281 3687 1468 3741 Ταῦτα
1499 3688 1678 3740 τοίνυν
1713 3690 1804 3741 ἐπὶ
1834 3689 2062 3743 σεαυτοῦ

481 3777 843 3847 λογιζόμενος,
875 3777 968 3845 Μὴ
997 3777 1427 3846 ὑψηλοέερόνει,
1455 3779 1634 3842 καθώς
1659 3797 1821 3851 φησιν
1852 3782 1882 3833 ὁ
1912 3781 2063 3834 ’Λπό-

485 3869 688 3931 στόλος,
715 3869 875 3923 ἀλλὰ
897 3869 1083 3936 ροϐοῦ
1103 3885 1116 3898 ⁸
1147 3869 1337 3938 ἄδηλον
1364 3873 1410 3922 εἰ
1445 3871 1516 3940 μὴ
1547 3872 1728 3940 σαυτῷ
1755 3871 2064 3941 νομοθετεῖς

484 3960 580 4030 τὴν
610 3962 892 4030 ἀπήνειαν.
919 3959 1164 4027 Φεύγεις,
1200 3962 1319 4013 εἰπέ
1347 3979 1457 4031 μοι,
1488 3963 1576 4014 τὸν
1601 3963 2058 4034 ἀῤῥωστήσαντας

483 4052 549 4107 Τί
572 4052 819 4120 ἐγκαλεῖν
844 4051 1001 4120 ἐχων;
1031 4055 1150 4104 ’Ότι
1171 4053 1486 4124 διέφθαρται
1511 4054 1569 4105 ra
1591 4055 1754 4125 ὑγρὸν
1771 4057 1827 4108 ἐν
1850 4056 2062 4126 ἐκείνῳ,

485 4145 579 4197 καί
605 4161 687 4206 τις
718 4143 1091 4214 σηπεδονὼδης
1123 4145 1293 4214 χυμὸς
1315 4146 1700 4217 ἐγκατεσπάρη
1731 4146 1809 4216 τῷ
1847 4148 2061 4218 αἵματι,

485 4237 584 4299 τῆς
627 4235 884 4305 μελαίνης
919 4235 1079 4305 χολῆς
1115 4235 1192 4304 τῷ
1215 4235 1368 4306 ὑγρῷ
1399 4237 2064 4308 παρεγχεθείσης;Ταῦτα

487 4332 599 4397 γὰρ
637 4329 776 4382 ἔστιν
807 4328 1003 4398 ἰατρῶν
1033 4328 1278 4392 ἀκούειν,
1309 4329 1767 4397 φυσιολογούντων
1797 4330 1866 4384 τά
1893 4331 2060 4402 πάθη.

2152 1865 2263 1911 stra
2300 1871 2528 1925 prorsus
2555 1856 3004 1910 exterminentur.
3042 1854 3244 1908 Deinde
3294 1863 3496 1909 nostra:
3527 1868 3624 1907 nos
3652 1853 3735 1906 vi-

2151 1946 2310 2000 vendi
2333 1946 2752 1999 consuetudinis
2781 1962 2890 1998 non
2919 1945 3122 2014 pudet?
3154 1945 3248 2015 qui
3282 1960 3445 2007 sues,
3476 1952 3531 1998 et
3569 1957 3736 1996 canes

2150 2039 2571 2093 contubernales
2620 2038 2922 2092 habeamus
2944 2077 2957 2098 ,
3008 2038 3146 2093 adeo
3185 2045 3244 2092 ut
3279 2053 3346 2091 ne
3381 2053 3482 2090 suo
3515 2033 3735 2104 quidem

2153 2129 2350 2183 lectulo
2381 2137 2607 2183 venator
2641 2132 2883 2180 catulum
2923 2135 3127 2193 arceat,
3155 2135 3210 2180 et
3235 2127 3472 2196 agricola
3503 2124 3736 2177 vitulum

2151 2222 2500 2276 exosculetur
2523 2239 2537 2276 :
2563 2231 2616 2276 et
2642 2221 2876 2290 propriis
2909 2221 3164 2275 manibus
3195 2220 3372 2272 viator
3395 2218 3537 2270 asini
3569 2216 3736 2286 pedes

2153 2316 2314 2378 lavet,
2353 2323 2408 2368 et
2442 2314 2702 2369 curandis
2729 2313 3047 2368 vulneribus
3080 2311 3325 2365 inedicas
3355 2325 3550 2363 manus
3581 2308 3738 2361 adhi-

2154 2404 2297 2466 beat,
2333 2412 2654 2472 stercusque
2688 2403 2924 2460 auferat.
2965 2407 3020 2456 et
3061 2402 3238 2456 cubile
3267 2401 3614 2462 substernat,
3643 2414 3741 2452 eos

2153 2507 2367 2554 autem.
2410 2494 2502 2564 qui
2537 2494 2751 2564 generis
2793 2493 3200 2550 necessitudine
3242 2493 3402 2547 nobis
3449 2491 3736 2558 conjuncti

2155 2602 2315 2652 sunt,
2368 2587 2502 2658 ipsis
2551 2589 2716 2641 etiam
2767 2588 2998 2642 rationis
3037 2587 3353 2655 expertibus
3408 2584 3740 2638 animalibus

2155 2679 2588 2748 postponamns?
2646 2678 2722 2733 Nc
2763 2678 2894 2732 ﬁant
2944 2679 3099 2740 haec,
3154 2693 3362 2746 qumso,
3405 2692 3473 2730 ne
3513 2677 3674 2739 liant,
3707 2689 3743 2728 ο

2157 2772 2375 2826 fratres.
2407 2769 2478 2823 Ea
2509 2771 2778 2825 sententia
2805 2771 3071 2824 adversus
3105 2769 3356 2823 homines
3386 2775 3504 2820 rata
3537 2783 3604 2821 ne
3632 2767 3732 2820 ha-

2155 2863 2366 2917 beatur.
2403 2859 2593 2930 Opem
2621 2862 2853 2931 pretium
2885 2867 2970 2915 est
3001 2859 3344 2922 meminisse,
3377 2856 3470 2928 qui
3507 2873 3700 2912 sumus
3723 2895 3742 2922 ,

2154 2956 2223 3010 de
2261 2955 2460 3024 quibus
2499 2954 2790 3008 consilium
2825 2951 3130 3021 capiamus.
3175 2949 3376 3019 Nempe
3408 2949 3476 3003 de
3501 2948 3743 3002 homini-

2157 3047 2260 3100 bus
2287 3045 2553 3104 homines.
2588 3046 2680 3112 qni
2711 3041 2843 3096 nihil
2877 3041 3179 3110 proprium,
3214 3047 3269 3094 et
3300 3053 3329 3092 a
3357 3049 3552 3091 natura
3589 3051 3744 3090 com-

2159 3139 2309 3192 muni
2341 3138 2648 3205 sejunctum
2679 3133 3043 3203 possidemus.
3085 3130 3230 3186 Unus
3257 3130 3576 3183 omnibusin
3606 3128 3744 3182 lianc

2159 3231 2320 3284 vitam
2365 3229 2633 3289 introitus,
2667 3227 2809 3281 idem
2846 3225 3102 3279 omnibus
3148 3224 3269 3278 vitae
3300 3223 3497 3276 modus
3522 3223 3742 3286 edendi,

2160 3323 2414 3387 bibendi,
2461 3321 2676 3376 vivendi
2733 3319 2930 3374 similis
2983 3319 3155 3384 ratio,
3207 3317 3396 3372 eadem
3447 3331 3744 3386 corporum

2161 3415 2522 3476 constructio,
2551 3414 2688 3467 idem
2710 3428 2738 3466 e
2756 3413 2863 3465 vita
2893 3412 3068 3465 exitus
3091 3411 3158 3464 η.
3184 3408 3377 3462 Omnia
3417 3397 3564 3464 enim
3594 3424 3748 3462 com-

2163 3509 2340 3579 posita
2363 3508 2762 3570 dissolvuntur,
2802 3514 2857 3560 et
2889 3504 2957 3558 ad
2990 3504 3270 3560 interitum
3307 3503 3550 3558 veniunt.
3589 3501 3737 3556 Nihil

2162 3617 2350 3656 eorum
2377 3614 2499 3670 quae.
2532 3601 2692 3653 misla
2725 3605 3092 3667 concretaque
3126 3602 3275 3657 sunt,
3312 3611 3526 3664 semper
3555 3593 3744 3649 eodem

2164 3700 2310 3749 statu
2363 3699 2565 3745 manet.
2601 3689 2868 3760 Exiguum
2907 3688 2974 3743 ad
3015 3698 3233 3758 tempus
3262 3687 3533 3741 bullarum
3572 3687 3748 3740 instar

2166 3783 2376 3852 spiritui
2407 3790 2598 3836 nostro
2618 3781 3027 3850 circumjectum
3058 3789 3142 3834 est
3169 3793 3388 3845 corpus.
3419 3776 3536 3831 Mox
3564 3786 3744 3830 autem

2164 3873 2583 3940 exstinguimur,
2621 3871 2773 3924 nullo
2821 3870 2984 3938 hujus
3025 3871 3258 3923 tumoris
3299 3870 3352 3922 in
3396 3869 3504 3921 vita
3552 3870 3749 3922 relicto

2163 3964 2418 4033 vestigio,
2459 3963 2512 4016 in
2540 3963 2830 4025 columnis,
2861 3972 2914 4015 et
2940 3961 3236 4031 lapidibus,
3262 3973 3315 4015 et
3349 3962 3518 4014 titulis
3551 3976 3748 4015 monu-

2166 4065 2381 4119 menta,
2419 4069 2482 4108 ac
2514 4070 2581 4109 ne
2629 4054 2716 4107 illa
2756 4054 2975 4121 quidem
3017 4055 3369 4122 sempiterna.
3422 4053 3545 4107 llaec
3583 4055 3754 4122 igitur

2169 4159 2347 4203 tecum
2399 4149 2513 4216 ipse
2554 4153 2853 4216 reputans,
2896 4144 3025 4200 Noli
3065 4148 3232 4200 altum
3279 4161 3495 4213 sapere,
3529 4147 3748 4211 scripsit

2168 4239 2479 4308 Apostolus,
2511 4237 2600 4291 sed
2638 4238 2760 4292 time
2782 4237 2846 4289 ".
2883 4236 3150 4291 Incertum
3171 4247 3283 4298 est,
3312 4252 3378 4290 an
3411 4238 3465 4291 in
3488 4247 3542 4292 te
3571 4238 3752 4306 ipsum

2170 4341 2380 4387 statuas
2407 4333 2628 4386 saevitize
2669 4331 2860 4399 legem.
2899 4328 3348 4396 lEgrotantemne.
3415 4329 3591 4400 fugis?
3630 4329 3748 4394 Dic,

488 4418 552 4470 Τί
584 4413 676 4470 οὖν
724 4418 897 4470 ἀδικεῖ
935 4421 964 4471 ὁ
994 4418 1298 4488 ἄνθρωπος,
1333 4421 1380 4471 εἰ
1427 4420 1625 4488 ρευστὴ
1666 4419 1822 4473 οὐσία
1853 4417 1988 4474 οὖσα
2031 4423 2051 4473 ’ί

2170 4425 2386 4483 amaho,
2418 4421 2610 4490 ecquid
2644 4429 2968 4489 praetexens,
3003 4419 3056 4472 id
3106 4418 3277 4473 facis?
3302 4420 3383 4471 An
3415 4419 3542 4489 quia
3575 4417 3626 4472 in
3655 4419 3749 4471 illo

489 4510 647 4578 φύσις
673 4509 766 4562 καὶ
799 4507 1042 4573 ἄστατος,
1077 4511 1167 4562 ἐπὶ
1190 4511 1252 4563 τὸ
1279 4505 1416 4573 εἶδος
1442 4510 1598 4564 τοῦτο
1625 4511 1726 4580 τῆς
1753 4513 2065 4583 ἀρρωστίας

490 4598 935 4670 παρωλίσθησεν;
967 4601 1038 4652 Σὺ
1067 4599 1122 4650 δὲ
1145 4600 1244 4669 οὐχ
1271 4601 1401 4670 ὁρᾷς
1429 4601 1521 4652 καὶ
1542 4601 1634 4653 ἐπὶ
1660 4601 1768 4654 τῶν
1798 4602 2065 4669 ὑγιαινόν-

487 4708 595 4744 των
626 4690 911 4758 σωμάτιον,
947 4692 1026 4743 ὁτι
1055 4691 1220 4744 τᾶλλα
1251 4709 1336 4754 τις
1359 4691 1631 4755 εύπαθῶν,
1665 4693 1910 4761 φλυκτίδι
1938 4693 2065 4746 πολ-

487 4783 645 4842 λάκις
673 4782 705 4851 ἢ
740 4781 1041 4854 ἀνθρακίορ,
1087 4781 1120 4850 ἡ
1159 4797 1264 4832 τινι
1290 4781 1514 4852 τοιούτῳ
1545 4782 1843 4851 συνηνέχθη
1880 4782 2058 4848 πάθει,

489 4873 952 4944 ἐκθερμανθείσης
983 4872 1125 4942 πέρα
1151 4872 1242 4924 τοῦ
1275 4874 1478 4935 δέοντος
1511 4875 1640 4945 περὶ
1678 4875 1738 4926 τὸ
1773 4875 1938 4945 μέρος
1965 4877 2065 4945 τῆς

490 4969 777 5038 ὑγρασίας,
822 4967 916 5022 καὶ
956 4969 1044 5021 διὰ
1072 4967 1228 5020 τοῦτο
1275 4967 1582 5040 φλεγμονὴν
1617 4987 1676 5022 τε
1718 4971 1810 5022 καὶ
1847 4970 2064 5042 ἔρευθος

491 5063 582 5116 καί
611 5079 731 5114 τινα
762 5060 1010 5131 πυαλώδη
1045 5060 1340 5129 διαφθοράν
1375 5061 1686 5133 παθούσης;
1717 5061 1782 5115 Τί
1809 5058 1938 5126 οὖνς
1973 5062 2064 5132 Μὴ

493 5152 832 5222 πολεμοῦμεν
859 5151 935 5222 τῷ
965 5153 1378 5222 ἀρρωστήσαντι
1397 5153 1498 5223 τῆς
1531 5155 1730 5224 σαρκὸς
1765 5155 1921 5225 μέρει
1949 5172 1962 5218 ;
1992 5155 2065 5207 Τὸ

492 5243 732 5294 ἐναντίον
763 5242 860 5311 μὲν
889 5238 1001 5304 οὖν,
1027 5242 1169 5296 ἅπαν
1190 5243 1248 5296 τὸ
1271 5245 1511 5311 ὑγιαῖνον
1534 5246 1624 5297 τοῦ
1653 5246 1902 5314 arbusto;
1931 5247 2066 5316 πρὸς

492 5331 590 5398 την
621 5332 712 5384 τοῦ
740 5334 1083 5402 νενοσηκότος
1111 5335 1382 5404 τρέπομεν
1422 5335 1732 5405 θεραπείαν.
1761 5338 1968 5390 Οὐκοῦν
2006 5340 2067 5390 οὐ

495 5421 554 5473 τὸ
583 5421 750 5486 πάθος
783 5423 1083 5493 βδελυκτόν.
1113 5422 1188 5479 Ἶι
1218 5426 1326 5497 γάρ
1355 5425 1419 5479 ἂν
1443 5428 1537 5478 καὶ
1565 5430 1647 5494 ἐφ’
1677 5426 1834 5496 ἡμῶν
1861 5429 2066 5491 αὐτῶν,

496 5513 589 5566 τοῦ
615 5513 812 5585 μέρους
842 5518 1184 5586 πονέσαντος,
1217 5521 1277 5573 τὸ
1311 5521 1548 5588 ὑγιαῖνον
1586 5521 1931 5591 ἠλλοτριοῦτο
1965 5522 2066 5593 τῆς

569 5690 613 5722 ⁸⁵
643 5690 895 5760 .‘dattlml,
931 5694 1032 5762 ‘12;

1078 5693 1207 5751 Luc.
1251 5712 1324 5763 Vl,
1364 5697 1452 5750 46.
1494 5715 1612 5768 sqq.

1692 5703 1736 5734 ⁷ο
1781 5699 1909 5770 Sap.
1952 5717 2046 5758 vn.
2095 5704 2150 5759 6.

2168 4522 2461 4581 corruptus
2488 4520 2573 4567 est
2602 4512 2818 4576 humor,
2862 4519 2915 4566 et
2957 4509 3211 4580 putridus
3251 4509 3474 4578 quidam
3516 4523 3748 4574 succus,

2167 4616 2282 4660 atra
2313 4606 2416 4660 bile
2441 4620 2566 4660 cum
2595 4605 2714 4670 ipso
2747 4603 2979 4657 humore
3006 4600 3268 4666 confusa,
3317 4601 3639 4672 sanguinem
3667 4599 3751 4654 in-

2168 4695 2334 4749 fecit?
2362 4693 2471 4749 Has
2502 4695 2648 4748 enim
2675 4707 2872 4747 causas
2899 4691 3118 4754 medici,
3153 4706 3276 4745 cum
3309 4691 3375 4744 de
3400 4691 3605 4744 morbis
3635 4689 3750 4743 dis-

2169 4795 2379 4849 serunt,
2425 4783 2625 4839 afferre
2656 4785 2856 4838 solent.
2886 4783 3172 4848 Quodnam
3204 4782 3370 4852 igitur
3399 4789 3484 4836 est
3513 4779 3750 4834 hominis

2169 4880 2377 4934 crimen
2401 4916 2418 4940 ,
2469 4877 2515 4931 si
2555 4885 2764 4929 natura:
2807 4875 3034 4930 materia
3067 4873 3282 4927 mobilis
3319 4883 3371 4926 et
3417 4872 3738 4926 inconstans

2172 4971 2239 5025 ad
2277 4969 2408 5024 illud
2449 4966 2790 5037 a‘gritudinis
2836 4981 3008 5036 genus
3057 4963 3322 5018 deﬂuxit?
3359 4962 3438 5016 Τιι
3471 4979 3600 5017 vero
3639 4979 3746 5017 non

2173 5064 2354 5118 cernis
2401 5062 2456 5114 in
2505 5060 2638 5129 ipsis
2681 5059 2846 5113 etiam
2889 5057 3186 5111 valentium
3237 5056 3564 5124 corporibus
3607 5072 3752 5124 serpe

2173 5153 2508 5222 contingere,
2536 5162 2591 5202 ut
2621 5149 2711 5219 qui
2737 5158 2933 5202 caetera
2965 5163 3132 5201 sanus
3157 5145 3263 5208 est,
3296 5146 3746 5209 inflammatione,

2173 5253 2265 5296 aut
2287 5242 2640 5301 carbunculo,
2663 5249 2755 5291 aut
2773 5238 3040 5306 ejusmodi
3065 5239 3246 5305 aliquo
3276 5238 3463 5289 morbo
3482 5237 3750 5306 corripia-

2177 5345 2285 5399 tur,
2310 5335 2531 5387 incensa
2568 5345 2732 5395 supra
2769 5343 2934 5397 quam
2968 5342 3107 5396 opus
3139 5329 3228 5388 sit,
3257 5327 3407 5382 circa.
3443 5327 3748 5382 meurbrum

2177 5434 2272 5480 aut
2306 5433 2512 5494 partem
2556 5423 2791 5491 aliquam
2828 5420 3052 5474 materia
3097 5419 3314 5472 humida
3362 5427 3416 5473 et
3459 5420 3664 5473 idcirco
3693 5419 3750 5472 in

2177 5526 2485 5582 tumorem,
2526 5523 2579 5570 et
2619 5513 2875 5568 ruborem
2900 5549 2914 5574 ,
2959 5519 3012 5565 et
3053 5510 3322 5579 putridam
3374 5511 3580 5566 saniem
3613 5525 3752 5564 con-

2250 5701 2291 5732 "
2337 5696 2494 5753 Rom.
2527 5711 2599 5762 xl,
2641 5695 2711 5751 ‘20
