4124 6352
395 310 494 365 ωδ

1598 322 1658 378 S.
1694 323 2022 380 GREGORII
2085 326 2377 385 NYSSENI

3544 335 3646 388 48$

391 424 574 478 versa?
592 420 823 489 Quando
848 426 1014 495 igitur
1035 430 1116 487 sic
1132 430 1306 487 alTecti
1329 448 1542 497 sumus.
1567 452 1761 494 eamne
1781 438 1965 494 carnis

2068 442 2367 514 θεραπείας
2393 443 2488 497 τοῦ
2533 443 2849 514 κάμνοντος.
2915 442 3077 496 Ἀλλὰ
3109 442 3199 507 τίς
3222 443 3373 498 ἐστιν
3400 441 3548 498 αἰτία
3569 483 3583 502 .
3611 443 3645 515 ἡ

388 520 595 580 partem
633 525 984 587 aegrotantem
1037 537 1374 591 aversamur,
1428 543 1498 583 an
1536 536 1731 583 contra
1783 531 1966 600 potius

388 602 626 674 reliquas
658 611 907 680 corporis
942 623 1125 681 partes
1158 631 1322 673 sanas
1354 633 1546 674 omnes
1581 620 1651 675 ad
1703 621 1851 677 illius
1882 623 1967 675 la-

386 693 637 754 borantis
670 703 1009 759 curationem
1053 710 1467 766 convertimus?
1511 711 1628 766 Non
1676 714 1842 785 igitur
1870 715 1968 771 de-

389 790 657 846 testabilis
683 801 767 847 est
795 797 1019 851 morbus
1046 816 1060 853 :
1092 800 1335 870 alioquin
1361 803 1414 855 in
1447 804 1606 859 nobis
1633 807 1796 860 etiam
1829 807 1966 877 ipsis

387 878 456 933 ab
489 895 552 934 ea
590 892 743 951 parte
775 888 1017 942 curanda
1042 928 1056 953 ,
1090 906 1212 959 quae
1243 894 1435 947 morbo
1461 895 1655 949 all‘ecta
1682 904 1785 961 est,
1818 913 1966 953 same

387 978 571 1038 partes
610 973 986 1032 abhorrerent.
1029 979 1168 1045 Quid
1204 998 1334 1053 ergo
1380 1000 1480 1039 nos
1512 986 1582 1041 ab
1610 988 1716 1043 illis
1751 988 1965 1058 disjun-

386 1060 499 1129 git?
526 1064 654 1131 quid
690 1067 903 1121 tandem
936 1072 1063 1125 est?
1090 1073 1223 1127 Illud
1258 1076 1524 1144 profecto,
1561 1080 1709 1148 quod
1741 1080 1962 1136 non‘ti-

387 1163 597 1207 memus
634 1154 811 1212 minas
856 1159 1022 1221 illius,
1055 1164 1149 1232 qui
1198 1165 1329 1220 dicit
1365 1184 1379 1219 :
1429 1167 1689 1225 Discedite
1721 1189 1753 1225 a
1792 1190 1872 1228 me
1910 1178 1966 1228 in

384 1237 556 1307 ignem
581 1251 834 1299 internum
857 1263 875 1300 :
909 1258 1168 1318 quatenus
1193 1257 1330 1308 enim
1376 1260 1468 1310 uni
1497 1274 1563 1312 ea:
1591 1260 1672 1315 Itis
1706 1279 1807 1316 non
1844 1264 1966 1331 feci-

383 1330 501 1393 stis,
539 1347 631 1386 nec
659 1335 786 1389 mihi
815 1338 1033 1406 fecistis.
1072 1341 1127 1398 Si
1156 1346 1301 1400 enim
1333 1347 1448 1402 haec
1477 1350 1548 1404 ita
1584 1351 1786 1409 habere
1822 1330 1965 1410 arbi-

384 1426 680 1488 trarentur,
708 1442 983 1499 nunquam
1018 1434 1211 1491 adduci
1236 1437 1291 1491 in
1321 1454 1438 1493 eam
1471 1445 1797 1498 sententiam
1837 1462 1965 1516 pos-

383 1518 526 1575 sent,
551 1525 609 1569 ut
641 1526 967 1587 aegrotantes
1003 1539 1032 1578 a
1066 1541 1125 1580 se
1164 1531 1488 1597 repellerent
1510 1573 1524 1595 ,
1557 1550 1659 1589 nec
1683 1539 1960 1603 studium,

383 1605 527 1674 quod
589 1608 643 1664 in
693 1612 1044 1672 calamitosos
1099 1621 1529 1692 impenderetur,
1579 1630 1704 1684 vitae
1761 1642 1965 1690 nostrae

382 1700 696 1769 contagium
765 1705 1163 1766 existimarent.
1220 1714 1585 1780 Quamobrem
1645 1722 1691 1778 si
1749 1725 1960 1781 tidelem

2070 534 2181 587 τῶν
2210 533 2467 588 τοιούτων
2499 535 2644 605 ἡμᾶς
2666 532 2975 601 ἀφιστῶσα;
3003 532 3100 596 Τίς
3136 531 3307 603 α’ύτη;
3342 532 3419 584 τὸ
3447 530 3525 603 μὴ
3554 548 3631 601 φο

2072 624 2283 680 δεῖσθαι
2324 625 2424 695 τὴν
2453 625 2681 694 ἀπειλὴν
2721 623 2816 676 τοῦ
2866 624 3145 687 εἰπόντος,
3197 623 3280 676 ὅτι
3313 626 3653 691 Πορεύεσθε

2071 717 2171 771 ἀπ’
2199 717 2345 786 ἐμοῦ
2369 719 2456 781 είς
2478 715 2544 769 τὸ
2577 716 2697 784 πῦρ
2724 715 2791 769 τὸ
2819 714 3074 770 αίώνιον·
3108 715 3200 783 ἐφ’
3220 713 3372 768 ὅσον
3399 715 3509 785 γὰρ
3536 716 3648 768 οὐκ

2070 807 2395 875 ἐποιήσατε
2410 808 2501 863 ἐνὶ
2520 809 2767 871 τούτων,
2794 806 2976 877 φησὶν,
2998 806 3140 860 οὐδὲ
3157 806 3284 876 ἐμοὶ
3301 806 3645 872 ἐποιήσατε.

2071 900 2134 952 Εί
2178 900 2286 972 γάρ
2316 900 2489 953 ταῦτα
2524 899 2696 962 οὕτως
2733 897 2874 969 ἔχειν
2904 896 3102 969 ᾤοντο,
3136 900 3237 952 οὐκ
3281 898 3347 952 ἂν
3391 897 3647 968 τοιαύτην

2070 990 2229 1061 ἔσχον
2263 993 2392 1064 περὶ
2437 991 2545 1045 τῶν
2596 990 3020 1063 ἀρρωστούντων
3058 988 3304 1060 γνώμην,
3359 988 3497 1043 ὥστε
3539 991 3645 1043 ἀπ-

2069 1082 2324 1136 ωθεῖσθαι
2357 1082 2449 1151 ἀφ’
2474 1082 2700 1145 ἑαυτῶν,
2737 1081 2829 1134 καὶ
2855 1081 3126 1151 μολυσμὸν
3157 1080 3363 1134 οἴεσθαι
3380 1079 3472 1133 τοῦ
3504 1083 3643 1151 ἡμε-

2068 1175 2227 1246 τέρου
2264 1175 2398 1246 βίον,
2430 1173 2527 1246 τὴν
2567 1174 2695 1246 περὶ
2735 1175 2864 1237 τοὺς
2893 1173 3437 1244 ταλαιπωρουμένους
3474 1188 3643 1225 σπου-

2068 1267 2186 1337 δήν.
2210 1265 2417 1319 Οὐκοῦν
2436 1269 2484 1319 εί
2515 1265 2701 1319 πιστὸν
2732 1264 3013 1337 ἡγούμεθα
3044 1265 3134 1317 τὸν
3155 1262 3641 1333 ἐπαγγειλάμενον,

2069 1354 2420 1426 ἀντιληπτέον
2461 1355 2528 1409 ἂν
2563 1355 2647 1425 εῐη
2679 1353 2789 1407 τῶν
2817 1353 3064 1414 ἐντολῶν.
3112 1347 3187 1405 ὧν
3223 1355 3349 1409 ἄνευ
3394 1354 3494 1406 οὐκ
3528 1353 3641 1405 ἐστι

2068 1451 2176 1505 τῶν
2206 1450 2577 1522 ἐλπιζομένων
2604 1450 2917 1523 ἀξιωθῆναι.
2949 1450 3128 1514 Ξένος,
3158 1452 3249 1504 καὶ
3281 1450 3485 1520 γυμνὸς
3503 1491 3518 1514 ,
3549 1451 3641 1503 καὶ

2068 1545 2274 1616 τροφῆς
2300 1543 2503 1615 ἐνδεὴς,
2529 1543 2767 1598 ἀσθενῶν
2793 1543 2887 1598 καὶ
2905 1544 3310 1608 κατάκλειστος,
3341 1544 3437 1597 καὶ
3466 1546 3642 1597 πάντα

2071 1647 2152 1683 σοι
2182 1623 2337 1695 οὗτός
2364 1632 2529 1696 ἐστιν,
2577 1631 2675 1685 ὅσα
2715 1632 2774 1684 ἐν
2818 1630 2898 1703 τῷ
2938 1631 3255 1703 Εὐαγγελίῳ
3296 1632 3637 1703 προείρηται·

2068 1721 2271 1793 ἀλήτης
2303 1721 2397 1775 καὶ
2435 1722 2640 1792 γυμνὸς
2689 1723 3053 1795 περιέρχεται,
3088 1725 3291 1795 γυμνὸς
3318 1725 3374 1778 δέ
3405 1726 3500 1779 καὶ
3535 1725 3640 1779 τῶν

382 1800 507 1841 eum
542 1788 635 1858 qui
662 1794 942 1862 promisit,
970 1798 1320 1870 arbitramur,
1350 1809 1623 1866 mandatis
1652 1812 1820 1881 illius,
1845 1816 1962 1871 sine

2066 1788 2375 1881 ἀναγκαίων
2419 1788 2635 1885 ἐπιδεὴς
2653 1853 2667 1878 ,
2698 1788 2787 1867 διά
2939 1788 3406 1870 ἐπακολουθοῦσαν
3433 1815 3511 1887 τῷ
3537 1817 3641 1870 πάρ

385 1878 584 1946 quibus
625 1881 774 1950 digni
815 1891 1101 1956 promissis
1145 1894 1267 1964 ejus
1316 1912 1438 1953 esse
1490 1916 1599 1956 non
1642 1919 1959 1974 possumus,

383 1969 842 2041 obtemperemus.
872 1977 1102 2051 Hospes,
1129 1985 1333 2050 nudus,
1368 1988 1618 2061 indigens
1641 1969 1786 2059 cibo.
1812 1969 1962 2052 inlir;

385 2063 603 2129 mus,in
646 2081 869 2125 carcere
897 2072 1142 2138 clausus,
1173 2088 1227 2131 et
1260 2082 1443 2134 onmia
1482 2099 1602 2153 quae
1629 2100 1961 2143 commemo-

384 2160 579 2208 rantur
625 2156 677 2208 in
714 2155 1037 2230 Evangelia,
1075 2165 1131 2218 in
1169 2166 1272 2223 hoc
1306 2171 1509 2227 misero
1540 2174 1640 2229 tibi
1679 2181 1958 2247 proposita

385 2252 535 2299 sunt.
565 2246 744 2319 Vagus
782 2252 1001 2308 oberrat
1033 2265 1088 2310 et
1121 2258 1323 2328 nudus,
1355 2262 1626 2331 inﬁrmus,
1660 2276 1711 2321 et
1741 2246 1960 2339 propter

386 2336 644 2407 inopiam,
684 2357 804 2411 qua:
843 2347 1094 2401 morbum
1134 2348 1313 2420 ipsum
1363 2358 1740 2427 consequitur,
1775 2376 1955 2415 rerum

383 2443 550 2498 egens
611 2435 1067 2493 necessariarum.
1115 2441 1216 2508 Qui
1263 2445 1408 2500 enim
1456 2463 1557 2503 nec
1608 2449 1754 2504 domi
1798 2454 1958 2508 habet

391 2516 535 2570 unde
565 2517 761 2585 alatur,
798 2536 898 2577 nec
931 2525 1154 2582 aliunde
1183 2530 1368 2586 labore
1395 2543 1854 2606 potestquaestum
1877 2539 1956 2593 Ia—

385 2619 528 2671 cere,
565 2605 693 2662 huic
724 2611 911 2681 utique
939 2614 1133 2670 desunt
1161 2633 1224 2671 ea
1250 2659 1265 2679 ,
1299 2636 1422 2691 quae
1448 2623 1573 2678 vita:
1608 2605 1743 2682 usus
1776 2630 1958 2698 requi-

385 2692 476 2746 rit.
532 2692 759 2751 Vinctus
797 2710 977 2755 autem
1019 2714 1304 2775 propterea
1345 2719 1464 2775 est,
1495 2716 1752 2783 quoniam
1782 2692 1957 2775 morbi

384 2783 620 2841 vinculis
644 2791 1058 2862 constringitur.
1083 2795 1270 2867 Itaque
1296 2802 1684 2860 mandatorum
1714 2810 1954 2864 omnium

387 2889 655 2932 summam
678 2881 735 2935 in
757 2881 861 2937 hoc
896 2887 1165 2956 expletam
1194 2891 1384 2955 habes,
1411 2901 1466 2947 et
1493 2895 1670 2963 ipsum
1710 2881 1956 2954 omnium

387 2964 675 3024 Dominum
698 2973 768 3027 ob
785 2989 848 3028 ea
868 2991 990 3046 qua
1019 2979 1248 3050 benigne
1266 2982 1368 3052 ipsi
1390 2988 1730 3054 praestiteris,
1757 2990 1958 3046 obstri-

2064 1905 2145 1959 θει
2179 1906 2386 1960 πενίαν.
2437 1905 2496 1959 Ὀ
2526 1907 2632 1976 γὰρ
2677 1909 2812 1979 μήτε
2846 1925 2898 1960 τι
2935 1907 3043 1961 τῶν
3072 1906 3282 1961 οίκοθεν
3308 1907 3469 1979 ἔχων,
3504 1909 3639 1980 μήτε

2066 1998 2330 2067 μισθωτὸς
2363 1998 2615 2066 γενέσθαι
2659 1998 2974 2068 δυνάμενος,
3028 1998 3087 2064 ἐξ
3137 1999 3382 2070 ἀνάγκης
3423 2000 3641 2065 πάντως

2060 2086 2261 2160 ἄπορος
2298 2087 2406 2140 τῶν
2441 2087 2575 2159 πρὸς
2597 2087 2695 2159 τὴν
2725 2088 2869 2160 ζωὴν
2899 2089 3219 2159 ἐπιτηδείων
3244 2090 3411 2145 ἐστίν’
3437 2089 3640 2162 δεσμώ-

2059 2193 2158 2246 της
2213 2193 2275 2228 τε
2328 2176 2434 2229 ὐπὸ
2481 2178 2583 2248 τῆς
2631 2178 2945 2250 ἀρρωστίας
2982 2179 3376 2250 πεπεδημένος.
3426 2181 3635 2234 Οὐκοῦν

2057 2269 2178 2321 ὅλον
2213 2269 2274 2321 τὸ
2301 2268 2573 2340 πλήρωμα
2601 2271 2708 2325 τῶν
2742 2270 2973 2325 ἐντολῶν
3005 2274 3064 2325 ἐν
3087 2273 3294 2339 τούτοις
3323 2272 3467 2344 ἔχεις
3497 2273 3604 2345 πλη
3622 2304 3638 2315 ο

2062 2359 2154 2429 ρού
2164 2376 2346 2430 μενον,
2367 2361 2459 2413 καὶ
2478 2361 2639 2414 αὐτὸν
2657 2362 2748 2414 τὸν
2764 2361 2876 2415 τῶν
2892 2362 3026 2415 ὅλων
3044 2362 3247 2434 Κύριον
3260 2362 3540 2435 ὐπόχρεών
3558 2380 3641 2416 σοι

2055 2452 2145 2505 διὰ
2186 2453 2286 2523 τῆς
2317 2453 2396 2516 εἰς
2423 2452 2609 2506 τοῦτον
2658 2452 3067 2523 φιλανθρωπίας
3109 2455 3413 2536 γινομενον.
3446 2455 3511 2508 Τί
3547 2453 3642 2508 οὖν

2057 2542 2375 2610 φιλονεικεῖς
2390 2544 2533 2598 κατὰ
2544 2543 2643 2614 τῆς
2659 2544 2794 2607 ἰδίας
2815 2544 2978 2614 ζωῆς
2998 2545 3070 2598 Τὸ
3081 2545 3187 2617 γὰρ
3203 2545 3446 2598 σύνοικον
3460 2545 3635 2616 ἐαυτῷ

2055 2634 2146 2687 τὸν
2170 2633 2301 2687 Θεὸν
2322 2635 2429 2688 τῶν
2446 2634 2581 2689 ὅλων
2607 2634 2680 2706 μὴ
2697 2633 2948 2704 ἐθελῆσαι
2963 2634 3126 2706 ἔχειν,
3148 2637 3298 2691 οὐδὲν
3316 2637 3443 2691 ἄλλο
3466 2638 3637 2699 ἐστὶν,

2056 2725 2089 2795 ἢ
2121 2724 2241 2778 καθ’
2270 2724 2461 2778 ἑαυτοῦ
2485 2742 2606 2779 τινα
2632 2726 2849 2796 ἰσχυρὸν
2868 2726 3140 2796 γενέσθαι.
3182 2727 3272 2791 Ὠς
3295 2728 3402 2798 γὰρ
3424 2728 3510 2782 διά
3539 2729 3641 2798 τῆς

2057 2817 2277 2888 ἐντολῆς
2314 2817 2693 2881 είσοικίζεται,
2746 2816 2888 2871 οὐτω
2937 2818 3023 2871 διὰ
3068 2818 3168 2888 τῆς
3217 2819 3480 2889 ἁπηνείας
3508 2820 3642 2873 ἀπο-

2057 2907 2364 2977 χωρίζεται.
2397 2909 2630 2976 Ἄρατε,
2663 2909 2816 2978 φησι,
2852 2908 2960 2962 τὸν
2999 2908 3174 2980 ζυγόν
3194 2928 3315 2980 μου
3340 2911 3432 2980 ἐφ’
3458 2908 3630 2979 ὑμᾶς’

2059 2999 2220 3066 ζυγὸν
2247 2999 2304 3053 δὲ
2343 2998 2511 3066 λέγει,
2539 2999 2639 3071 τὴν
2662 3000 2770 3053 τῶν
2797 3001 3022 3054 ἐντολῶν
3044 3002 3323 3072 ἐργασίαν.
3360 3002 3630 3056 Ὕτιτακού⁸

386 3070 533 3117 etum
550 3063 914 3134 etobligatnm
932 3068 999 3123 ".
1014 3067 1302 3142 Curigitur
1324 3074 1377 3127 in
1392 3084 1499 3131 tua:
1520 3078 1643 3133 vitm
1663 3081 1955 3143 perniciem

390 3149 575 3187 nitnnia
600 3150 739 3187 an":
770 3155 914 3187 ant.“
940 3162 1117 3187 una...“
1143 3161 1382 3187 ...η-ειη...
1408 3161 1689 3187 n--.:_--_..
1720 3168 1944 3187 -‘_!-,____

2066 3102 2247 3156 σωμεν
2275 3087 2350 3156 τῷ
2381 3087 2684 3152 κελεύοντι,
2720 3087 3006 3159 γενώμεθα
3035 3091 3128 3143 τοῦ
3168 3091 3402 3162 Χριστοῦ
3434 3090 3636 3155 ὑποζύ·
3674 3102 3685 3111 λ

388 3149 578 3209 niteris
600 3150 742 3219 ?Qui
770 3155 915 3209 enim
939 3162 1118 3212 rerum
1142 3161 1383 3215 omnium
1408 3161 1695 3219 Dominum
1717 3168 1952 3223 amicum

2066 3149 2197 3247 γιον.
2224 3149 2343 3243 ταῖς
2372 3180 2624 3248 ζεύγλαις
2784 3149 3003 3255 ἀγάπης
3038 3149 3633 3254 ἐαυτούςῖνδήσαντες.

386 3238 589 3297 habere
621 3256 731 3297 non
766 3245 903 3310 vult,
944 3247 992 3302 is
1037 3249 1142 3304 sibi
1191 3251 1308 3321 ipse
1349 3254 1532 3323 gravis
1557 3264 1643 3310 est
1677 3257 1953 3314 inimicus.

2066 3238 2153 3339 hii}
2178 3238 2969 3340 dnocststbtisiia'cbvgmdﬁtov;
2984 3238 3177 3341 ξυγόν·
3202 3238 3437 3346 χρηστάς
3467 3276 3638 3336 ἐστιν,

389 3330 854 3397 Quemadmodum
899 3348 1078 3395 autem
1119 3342 1356 3398 mandati
1394 3345 1739 3402 observantia
1783 3352 1963 3405 conci-

2066 3330 2296 3430 ἐλαφρός
2330 3330 2496 3413 ἐστιν·
2521 3363 2582 3414 οὐ
2612 3362 2785 3434 τρίϐει
2817 3364 2907 3416 τὸν
2940 3364 3139 3434 αὐχένα
3166 3330 3259 3417 τού
3295 3330 3639 3427 ὐπελθόντος,

389 3424 574 3489 tiatur,
616 3427 698 3481 sic
748 3429 1093 3486 abalienatur
1122 3434 1467 3492 crudelitate.
1508 3441 1696 3494 Tollite
1726 3440 1959 3515 (inquit)

2067 3424 2436 3505 ἀλλά-λεαίνει.
2460 3424 2796 3520 Excipiam-2r
2808 3455 2901 3507 ἐπ’
2926 3424 3246 3525 εὐλογίαις.
3271 3457 3434 3527 φησιν
3456 3458 3483 3508 ὁ
3499 3424 3642 3509 ﬂaui;

386 3516 572 3587 iugum
597 3535 766 3574 meum
783 3537 938 3590 super
960 3540 1048 3580 vos
1071 3525 1137 3578 ⁷⁸.
1161 3525 1534 3584 Mandatorum
1562 3532 1962 3588 observantiam

2068 3539 2157 3603 λος
2176 3581 2192 3604 ,
2232 3542 2334 3594 ἵνα
2365 3542 2465 3606 καὶ
2505 3516 2613 3596 ἐπ’*
2634 3516 2938 3614 εὐλογίαις
2978 3516 3346 3616 θερίσωριενί.’
3370 3547 3642 3616 Πολύχους

389 3608 580 3679 jugum
611 3613 883 3682 appellat;
922 3614 1138 3684 jubeuti
1171 3633 1481 3687 pareamus.
1536 3619 1844 3676 Elliciamnr
1869 3625 1962 3693 ju-

2066 3633 2260 3701 στάχυς
2292 3634 2356 3685 ἐκ
2387 3635 2486 3704 τῆς
2521 3608 3203 3710 τοιαύτης-ἀναθλασγτήσει
3233 3641 3461 3709 σπορᾶς.

394 3709 640 3755 mentum
671 3703 901 3769 Christi,
935 3707 1225 3764 induentes
1254 3712 1473 3766 vincula
1499 3713 1802 3770 charitatis.
1832 3716 1961 3772 Tale

2066 3721 2170 3774 τῶν
2202 3703 2556 3779 ἐντολῶνίτοῠ
2589 3703 2795 3799 Κυρίου
2838 3729 2900 3781 τὸ
2929 3703 3309 3801 λήϊονίύψηλά
3332 3703 3400 3783 τὰ
3426 3730 3524 3801 τῆς
3554 3728 3663 3783 εὐ·’

387 3793 580 3864 jugum
619 3811 688 3850 ne
714 3795 1117 3862 detrectemus.
1154 3817 1222 3856 ne
1253 3804 1625 3874 excutiamus,
1655 3822 1822 3863 suave
1846 3818 1961 3874 est,

2069 3813 2256 3881 λογίας
2287 3817 2628 3886 γεννήματα.

395 3888 509 3941 leve
528 3896 629 3941 est.
655 3887 946 3947 Subeuntis
969 3895 1233 3949 cervicem
1262 3912 1371 3951 non
1395 3901 1598 3963 atterit,
1630 3902 1724 3956 sed
1748 3901 2037 3959 demulcet.
2083 3904 2409 3963 Seminemus
2464 3912 2520 3963 in
2564 3911 3026 3977 benedictionibus.
3087 3915 3262 3984 inquit
3326 3917 3638 3984 Apostolus.

394 3989 452 4031 ut
491 3982 652 4035 etiam
692 3983 747 4037 in
786 3983 1227 4044 benedictionibus
1275 4000 1533 4047 metamus
1556 3996 1624 4050 ⁷⁵.
1677 3995 1957 4068 Multiplex
1997 4002 2145 4070 spica
2171 4018 2237 4057 ex
2275 4004 2365 4056 tali
2395 4014 2638 4059 semente
2671 4006 2975 4076 pullulahit.
3007 4011 3197 4081 Ampla
3275 4023 3360 4067 est
3408 4006 3639 4068 "Domini

376 4072 780 4129 ‘tnandatornm
813 4092 990 4147 seges,
1024 4080 1287 4137 sublimes
1318 4084 1716 4142 benedictionis
1739 4092 1962 4161 stirpes.

467 4167 565 4224 Vis
584 4168 902 4241 intelligere,
937 4174 993 4229 in
1018 4185 1280 4245 quantam
1316 4179 1656 4235 altitudinem
1678 4185 1968 4238 extollatur

2144 4181 2329 4235 Βούλει
2360 4184 2551 4253 μαθεῖν
2580 4187 2657 4252 είς
2683 4186 2804 4239 ὅσον
2842 4189 3181 4246 ἀνατείνεται
3216 4194 3349 4266 ὕψος
3386 4200 3492 4252 τῶν
3516 4218 3641 4269 γεν-

394 4260 589 4315 harum
623 4263 876 4332 stirpium
920 4265 1347 4323 incrementum?
1393 4272 1544 4341 Ipsos
1573 4276 1697 4328 cmli
1727 4277 1962 4331 vertices

2072 4272 2327 4343 νημάτων
2354 4275 2387 4343 ὴ
2404 4271 2664 4346 αὐξησις;
2689 4277 2875 4329 Αὐτῶν
2900 4278 3008 4333 τῶν
3032 4280 3296 4353 οὐρανίων
3334 4286 3644 4360 ύψωμάτων

395 4353 692 4423 attingunt.
723 4356 998 4427 Quidquid
1028 4360 1170 4414 enim
1201 4362 1254 4414 iu
1284 4362 1382 4417 hos
1413 4367 1728 4429 contuleris,
1758 4369 1810 4421 in
1842 4370 1966 4423 coeli

2072 4364 2391 4431 ἐφάπτεται.
2428 4364 2568 4418 Ὅσα
2593 4366 2699 4437 γὰρ
2724 4366 2789 4421 ἂν
2804 4367 3023 4447 τούτοις
3054 4375 3286 4449 ποιήσῃς
3302 4419 3317 4442 ,
3343 4353 3641 4452 τὸτξούρα-

395 4443 670 4501 thesauris
703 4449 981 4503 comlitum
1031 4451 1297 4509 invenies.
1348 4453 1429 4510 Ne
1481 4456 1693 4513 diIIidas
1729 4459 1796 4514 iis
1845 4475 1966 4529 qua:

2069 4454 2202 4516 νὶοις
2224 4453 2515 4526 θησαυροῖς
2536 4443 2918 4529 καρποφορείς.
2938 4462 3029 4533 Μὴ
3048 4443 3351 4540 ἁπελπίσῃς
3365 4470 3474 4525 τῶν
3494 4443 3645 4541 λεγο-

395 4535 545 4589 dicta
587 4544 736 4600 sunt,
779 4554 913 4595 neve
945 4541 1139 4597 horum
1178 4546 1471 4601 amicitiam
1515 4551 1964 4605 contemnendam

2075 4545 2268 4614 μένωνο
2322 4546 2395 4617 μὴ
2439 4547 2908 4619 εὐκαταφρόνητον
2928 4550 3117 4626 λογίσῃ
3137 4556 3245 4610 τῶν
3270 4535 3522 4614 τοιούτων
3543 4535 3643 4633 τὴν

397 4634 576 4696 putes.
630 4626 822 4684 Manus
851 4632 1069 4700 quidem
1104 4634 1345 4703 ipsorum
1377 4648 1504 4693 sunt
1532 4641 1820 4706 mutilatae,
1868 4643 1963 4697 sed

2071 4636 2270 4706 φιλίαν.
2312 4637 2377 4689 Ἢ
2420 4639 2539 4708 χεὶρ
2577 4617 3022 4712 ἠκροτηρίασται,
3063 4617 3180 4700 ἀλλ’
3215 4650 3277 4701 οὐ
3316 4651 3453 4722 πρὸς
3505 4617 3643 4725 συμ-

397 4717 463 4769 ad
495 4716 773 4776 ferendum
801 4723 1062 4778 auxilium
1091 4741 1198 4781 non
1221 4728 1522 4784 imbecillas.
1548 4729 1719 4787 Pedes
1745 4734 1965 4790 inutiles

2073 4729 2292 4799 μαχίαν.
2332 4728 2391 4782 Ὀ
2433 4730 2568 4793 ποῦς
2593 4731 2904 4801 ἠχρείωται,
2948 4735 3086 4791 ἀλλά
3128 4739 3263 4809 πρὸς
3293 4716 3383 4794 τις.
3411 4743 3545 4797 Θεὸν
3577 4716 3640 4799 ω

394 4809 572 4865 eliecti
603 4820 753 4879 sunt,
781 4816 874 4870 sed
910 4831 1133 4874 currere
1159 4818 1227 4873 ad
1252 4817 1420 4875 Deum
1451 4837 1560 4876 non
1584 4824 1963 4892 prohibentur.

2070 4820 2334 4874 κωλύεται
2361 4822 2594 4892 τρέχειν.
2638 4824 2698 4877 '0
2720 4825 2995 4898 ὀφθαλμὸς
3019 4829 3273 4902 ἐξερρύη,
3300 4833 3434 4888 ἀλλά
3454 4836 3642 4906 βλέπει

399 4898 577 4957 Enit
607 4903 697 4957 lux
727 4906 1007 4961 oculorum
1029 4947 1044 4972 ,
1084 4908 1178 4965 sed
1207 4912 1390 4966 animo
1431 4923 1663 4968 cernunt
1699 4916 1788 4970 illa
1822 4917 1964 4974 bona

2068 4911 2156 4966 διὰ
2184 4913 2282 4982 τῆς
2304 4913 2484 4984 ψυχῆς
2507 4914 2576 4967 τὰ
2616 4915 2798 4984 ἀγαθὰ
2827 4918 2896 4971 τά
2917 4898 3160 4976 ἀθέατοξξ
3183 4898 3276 4996 Μὴ
3319 4898 3498 4981 τοίνυν
3544 4931 3642 5002 τὴν

394 5009 519 5064 quae
542 4996 826 5052 oculorum
853 4999 999 5055 acies
1020 5001 1219 5057 intueri
1240 5018 1347 5058 non
1374 5014 1574 5074 potest.
1602 5006 1966 5072 Quamobrem

394 5087 645 5155 corporis
672 5087 1071 5146 deformitatem
1101 5108 1171 5148 ne
1202 5093 1495 5165 despicias.
1539 5095 1841 5169 Parumper
1873 5116 1968 5156 ex-

397 5185 602 5243 specta,
634 5184 690 5231 et
725 5180 870 5249 quod
909 5190 1130 5251 superet
1171 5184 1351 5239 omnis
1380 5175 1632 5261 miraculi
1666 5186 1846 5250 ﬁdem,
1884 5189 1971 5243 in-

397 5265 661 5322 tueberis.
693 5267 813 5323 Non
841 5273 985 5325 enim
1013 5288 1353 5345 quaecunque
1383 5264 1623 5332 materia:
1648 5276 1806 5333 ﬂuxae
1834 5294 1968 5335 con-

396 5355 637 5425 tingunt,
663 5358 850 5415 eadem
879 5362 933 5416 in
964 5372 1281 5433 perpetuum
1319 5378 1571 5432 manent;
1610 5369 1702 5423 sed
1749 5371 1968 5440 quando

398 5448 580 5502 anima
606 5449 769 5518 hujus
796 5452 987 5509 caduci
1019 5458 1328 5528 terrenique
1346 5461 1589 5515 carceris
1618 5477 1759 5517 nexu
1791 5464 1968 5517 soluta

400 5547 506 5604 est,
542 5548 673 5595 tunc
705 5546 921 5614 propria
966 5548 1212 5618 splendet
1253 5552 1678 5620 pulchritudine.
1730 5552 1844 5608 lloc
1871 5570 1970 5608 au-

2069 5006 2344 5076 ἀμορφίαν
2370 5006 2619 5060 κατανόει
2655 5007 2747 5060 τοῦ
2779 5008 3046 5080 σώματος.
3080 5013 3291 5087 Μικρὸν
3316 5017 3640 5090 ἀνάμεινον,

2072 5099 2166 5152 καὶ
2185 5098 2304 5169 ὄψει
2325 5099 2387 5152 τὸ
2406 5100 2603 5163 παντὸς
2629 5100 2903 5172 θαύματος
2920 5106 3294 5180 ἀπιστότερον.
3317 5111 3391 5164 οὐ
3415 5114 3523 5185 γὰρ
3544 5115 3644 5169 ὅσα

2074 5190 2200 5261 περὶ
2218 5189 2318 5258 τὴν
2339 5190 2567 5263 ῥευστὴν
2594 5192 2754 5260 φύσιν
2783 5196 3117 5269 συμὸἐόηκε,
3146 5201 3317 5255 ταῦτα
3347 5207 3438 5259 καὶ
3468 5209 3643 5261 εἰσαεὶ

2073 5281 2391 5352 παραμένει.
2439 5282 2578 5334 Ἀλλ’
2600 5284 2728 5338 ὅταν
2752 5286 3085 5361 ἐλευθερωθῇ
3110 5292 3211 5362 τῆς
3231 5295 3367 5363 πρὸς
3391 5297 3450 5351 τὸ
3475 5298 3642 5372 φθαρ-

2072 5372 2164 5424 τόν
2188 5389 2249 5425 τε
2291 5373 2386 5425 καὶ
2422 5375 2605 5444 γήϊνον
2636 5376 2952 5449 συμπλοκῆς
2992 5381 3024 5450 ἠ
3063 5381 3230 5455 ψυχὴ,
3254 5386 3375 5440 τότε
3409 5389 3485 5460 τῷ
3529 5390 3643 5463 ίδίῳ

2075 5463 2259 5517 κάλλει
2301 5465 2674 5537 ἐνωραῖζεται.
2721 5469 3030 5542 Τεκμήριον
3065 5472 3152 5541 δὲ,
3187 5477 3288 5532 οὐκ
3327 5479 3643 5547 ἐδδελύξατο

2073 5556 2167 5611 τοῦ
2193 5557 2408 5630 πτωχοῦ
2435 5559 2534 5630 τὴν
2560 5563 2716 5634 χεῖρα
2745 5562 2881 5633 μετά
2908 5563 2999 5618 τὸν
3024 5563 3137 5635 βίον
3159 5568 3346 5625 τοῦτον
3372 5573 3402 5627 6
3436 5589 3643 5647 τρυφη-

470 5727 518 5760 τ⁸
572 5728 732 5786 Prov.
778 5748 891 5799 xu,
920 5731 1005 5789 17.
1082 5736 1129 5769 ⁷³
1162 5734 1349 5792 Matth.
1383 5753 1465 5807 χι,
1498 5739 1591 5794 9.9.
1667 5740 1712 5773 "
1761 5741 1805 5796 ll
1838 5741 1966 5800 Cor.
2008 5759 2084 5811 lx,
2114 5742 2168 5799 6.
