4124 6352
459 297 560 349 483

1589 298 1676 352 DE
1717 299 2153 357 PAUPERIBUS
2181 304 2500 362 AMANDIS.

3606 316 3708 368 491i

460 411 552 476 τὴς
591 411 798 474 ἐκεῖνος
841 412 1110 476 πλούσιος·
1141 415 1254 468 ἀλλ’
1280 416 1430 483 ἠξίου
1471 420 1721 486 γενέσθαι
1762 423 1912 492 αὐτῷ
1949 424 2023 477 τότ

2144 435 2248 480 tem
2282 429 2362 482 vel
2407 429 2532 483 inde
2573 431 2852 499 conjicito,
2885 432 3029 500 quod
3080 446 3201 500 ροει
3233 432 3372 486 hanc
3407 433 3568 486 vitam
3602 448 3707 488 non

459 517 582 552 ποτε
608 497 923 573 διεφθορότα
947 504 1040 556 τοῦ
1067 505 1278 576 πτωχοῦ
1301 509 1580 572 δάκτυλον,
1603 513 1699 582 τῆς
1723 513 1812 566 τοῦ
1841 513 2030 578 ὕδατος

457 593 711 658 σταγόνος
751 593 1024 647 διάκονον·
1069 597 1349 668 ἐπιθυμῶν
1383 601 1518 671 αὐτῇ
1567 605 1631 672 τῇ
1676 603 1895 678 γλώσσῃ
1933 605 2032 675 τὴν

456 683 580 752 περὶ
623 683 714 735 τὸν
758 684 1016 738 δάκτυλον
1058 689 1258 766 ἰκμάδα
1305 691 1396 742 τοῦ
1432 694 1647 762 πτωχοῦ
1705 695 2022 766 περιλάψαι·

455 775 552 826 οὐκ
585 775 651 827 ἂν
693 776 850 830 τοῦτο
902 778 1277 849 ἐπιθυμήσας,
1322 785 1368 834 εί
1417 783 1514 854 τὴν
1540 787 1605 837 ἐκ
1649 785 1743 838 τοῦ
1782 787 2032 858 σώματος

455 865 643 936 ἀηδίαν
673 868 750 938 τῷ
781 873 1084 942 χαρακτῆρι
1120 873 1221 942 τῆς
1246 873 1424 944 ψυχῆς
1456 876 1683 948 ἐνεώρα.
1721 880 1856 933 Ὅσα
1886 881 2033 945 εἰκὸς

455 953 519 1028 ῆν
554 961 728 1028 μάτην
764 960 1079 1030 παλινῳδεῖν
1123 965 1181 1016 ἐν
1216 969 1280 1036 τῇ
1335 968 1601 1040 μεταϐολῇ
1650 971 1742 1023 τοῦ
1793 971 1907 1040 βίου
1941 973 2032 1024 τὸν

454 1048 724 1101 πλούσιον·
762 1050 900 1102 πόσα
934 1053 1256 1123 μακαρίζειν
1275 1057 1369 1124 τῆς
1387 1059 1444 1108 ἐν
1468 1061 1533 1129 τῇ
1569 1059 1683 1130 ζωῇ
1714 1061 1884 1134 ταύτῃ
1907 1064 2030 1116 δυσ-

452 1139 679 1210 κληρίας
703 1141 793 1194 τὸν
821 1141 1025 1212 πένητα
1051 1161 1064 1175 ·
1096 1145 1238 1198 πόσα
1287 1150 1736 1219 καταμέμφεσθαι
1769 1153 1866 1225 τὴν
1909 1157 2033 1208 ἐαυ-

449 1229 544 1282 τοῦ
572 1229 746 1300 λῆξιν,
782 1232 857 1296 ὡς
886 1233 978 1285 ἐπὶ
1016 1234 1170 1304 κακῷ
1198 1237 1294 1307 τῆς
1339 1238 1518 1309 ψυχῆς
1550 1243 2030 1315 ἀποκληρωθεῖσαν

447 1321 528 1393 τῷ
561 1323 773 1393 πλούτῳ
797 1340 812 1355 ·
841 1327 890 1378 εί
928 1326 984 1380 δὲ
1027 1327 1089 1388 δὴ
1120 1329 1212 1381 καὶ
1257 1330 1551 1385 ἀναϐιῶναι
1591 1335 1752 1388 πάλιν
1782 1337 1928 1409 ἐξῆν,
1973 1340 2030 1393 ἐν

447 1416 588 1468 τίσιν
621 1416 686 1469 ἂν
717 1416 932 1482 ἐδέξατο
961 1419 1120 1474 πάλιν
1148 1422 1434 1490 γενέσθαι;
1476 1421 1601 1496 Ἆρ’
1643 1432 1702 1481 ἐν
1742 1432 1854 1493 τοῖς
1888 1432 2030 1485 κατά

447 1507 538 1558 τὸν
564 1506 676 1576 βίον
697 1505 883 1560 τοῦτον
908 1508 1334 1580 εὐδαιμονοῦσιν,
1361 1511 1393 1581 ἤ
1420 1513 1846 1585 δυσκληροῦσιν;
1888 1519 2028 1572 Ἀλλ’

448 1598 548 1650 οὐκ
581 1599 774 1670 ἄδηλον
801 1600 883 1651 ὅτι
922 1601 1257 1671 προετίμησε
1308 1602 1416 1656 τῶν
1456 1605 1905 1678 δυσημερούντων
1938 1610 2028 1664 τὸν

447 1689 666 1760 κλῆρον.
726 1691 892 1756 Ἀξιοῖ
934 1694 1038 1764 γάρ
1072 1694 1320 1762 γενέσθαι
1357 1699 1597 1768 μηνυτὴν
1638 1703 1748 1763 τοῖς
1780 1702 2027 1771 ἀδελφοῖς

2135 519 2382 587 deSpexit
2431 525 2683 592 pauperis
2743 539 2962 577 manum
3011 525 3345 593 voluptarius
3398 525 3488 579 ille
3534 525 3706 592 dives,

2132 612 2265 680 quin
2313 614 2474 666 etiam
2523 616 2762 683 optavit,
2811 624 2889 678 ut,
2927 616 3019 685 qui
3053 617 3180 670 olim
3227 626 3518 687 corruptus
3569 627 3706 678 erat,

2135 705 2389 772 pauperis
2447 706 2682 775 digitus,
2736 708 2838 761 sibi
2887 724 3042 777 aqum
3088 717 3295 778 guttam
3349 711 3704 772 ministraret,

2136 795 2365 863 cupiens
2409 797 2522 864 ipsa
2563 796 2743 867 lingua
2791 798 3082 851 stillantem
3119 800 3292 868 ipsius
3328 800 3554 870 digitum
3599 802 3707 854 cir-

2137 884 2591 947 cumlatnberc”,
2636 885 2688 938 id
2725 887 3038 955 neutiquam
3073 887 3504 952 desideraturus,
3548 889 3593 942 si
3638 906 3702 944 ex

2134 987 2365 1041 corpore
2406 976 2810 1043 provenientem
2854 978 3061 1030 tristem
3117 979 3262 1030 illam
3309 980 3704 1049 turpitudinem

2137 1067 2192 1119 in
2219 1067 2413 1122 anima
2445 1083 2661 1136 quoque
2688 1069 2860 1122 forma
2894 1071 3288 1138 conspexisset.
3315 1071 3486 1136 Quam
3538 1075 3706 1128 multa

2133 1158 2187 1212 in
2219 1174 2280 1212 ea
2310 1159 2433 1213 vitae
2465 1162 2894 1216 commutatione
2933 1163 3225 1217 verisimile
3249 1171 3332 1217 est
3371 1165 3586 1218 divitem
3627 1182 3704 1220 reo

2133 1251 2424 1306 cantasse?
2467 1250 2639 1316 Quam
2689 1253 2878 1307 multis
2921 1254 3230 1308 noiniuibus
3258 1255 3475 1310 beatum
3514 1257 3706 1312 existi-

2133 1357 2314 1397 masse
2347 1357 2637 1412 pauperem
2685 1344 2836 1397 illum
2875 1355 3093 1415 propter
3152 1350 3452 1418 angustias,
3503 1351 3702 1418 quibus

2129 1448 2428 1502 oppressus
2457 1432 2631 1487 fuerat
2657 1434 2708 1488 in
2741 1435 2842 1488 hac
2878 1436 3026 1489 vita?
3047 1437 3191 1502 Quot
3221 1439 3397 1493 modis
3426 1439 3699 1494 fortunam

2130 1541 2305 1590 suam,
2344 1525 2432 1579 cui
2478 1526 2533 1579 in
2565 1527 2860 1596 perniciem
2894 1529 3089 1583 auium
3135 1531 3340 1585 divitiae
3400 1533 3538 1586 datae
3584 1534 3697 1586 fue-

2129 1626 2274 1680 rant,
2323 1618 2668 1674 incnsasse?
2741 1619 2896 1684 Quod
2953 1622 2997 1674 si
3054 1623 3380 1679 reviviscere
3429 1626 3696 1687 licuisset,

2131 1711 2390 1780 quidnam
2421 1712 2544 1766 data
2575 1713 2795 1782 optione
2819 1711 2991 1768 fuisse
3013 1715 3238 1770 creditis
3262 1716 3603 1772 electurum?
3641 1719 3696 1772 In

447 1780 511 1832 ἐκ
545 1779 652 1833 τῶν
685 1782 892 1853 νεκρῶν
930 1784 1068 1837 τινά·
1103 1785 1178 1848 ὡς
1207 1785 1272 1839 ἂν
1320 1788 1394 1858 μὴ
1435 1791 1672 1844 κάκεῖνοι
1713 1795 1777 1862 τῇ
1824 1795 2023 1866 ὑπερη-

2132 1815 2395 1856 corumne
2436 1817 2556 1857 esse
2595 1818 2846 1866 numero,
2887 1803 2978 1871 qui
3023 1804 3076 1856 in
3114 1804 3215 1858 bac
3259 1807 3363 1858 vita
3399 1807 3539 1861 beati
3571 1825 3699 1862 cen-

449 1873 614 1943 φανίᾳ
650 1874 744 1927 τοῦ
782 1875 1010 1928 πλούτου
1040 1877 1344 1946 βλαϐέντες,
1388 1883 1445 1932 ἐν
1469 1885 1534 1952 τῇ
1563 1888 1738 1956 τρυφῇ
1770 1888 1866 1958 τῆς
1889 1906 2026 1960 σαρ-

446 1962 538 2026 κὸς
565 1964 654 2015 ἐπὶ
677 1965 735 2017 τὸ
759 1966 890 2018 αὐτὸ
910 1967 1094 2036 χάσμα
1119 1968 1211 2022 τοῦ
1242 1970 1368 2040 ᾆδου
1397 1974 1779 2044 κατενεχθῶσι,
1809 1977 1896 2030 διὰ
1928 1978 2024 2033 τοῦ

443 2053 586 2108 λείου
628 2056 726 2126 τῆς
758 2058 950 2128 ἡδονῆς
985 2059 1388 2132 ὀλισθήσαντες.
1431 2065 1497 2116 Τί
1543 2063 1635 2118 οὖν
1666 2069 1726 2120 οὐ
1761 2086 2029 2142 σωφρονι-

444 2146 651 2213 ζόμεθα
678 2151 789 2212 τοῖς
805 2151 1066 2215 τοιούτοις
1092 2152 1199 2206 τῶν
1219 2153 1570 2225 διηγημάτων
1596 2177 1609 2222 ;
1635 2161 1699 2212 Τί
1725 2161 1825 2215 οὐκ
1854 2163 2026 2234 ἐμπο-

445 2238 714 2308 ρευόμεθα
733 2240 830 2311 τὴν
846 2241 1014 2312 καλὴν
1038 2244 1324 2315 ἐμπορίαν,
1353 2248 1417 2318 ἣν
1448 2249 1802 2320 συμϐουλεύει
1829 2257 1858 2307 ὁ
1884 2255 2024 2321 θεῖος

457 2328 804 2394 Ἀπόστολος;
840 2332 907 2386 Τὸ
948 2332 1115 2402 ὑμῶν
1151 2338 1561 2408 περίσσευμα,
1607 2344 1793 2412 φησὶν,
1820 2348 1909 2412 εἰς
1956 2349 2022 2402 τὸ

442 2419 692 2475 ἐκείνων
716 2423 1022 2492 ὑστέρημα
1045 2443 1057 2454 ·
1091 2426 1171 2491 ὡς
1203 2427 1279 2481 ἂν
1312 2428 1378 2482 τὸ
1415 2434 1713 2498 περισσὸν
1739 2437 1848 2504 τῆς
1873 2439 2026 2494 ἐκεί-

442 2528 567 2564 νων
615 2513 918 2578 ἀνέσεως,
949 2517 1021 2568 ἐν
1065 2517 1145 2582 τῷ
1185 2521 1334 2587 μετὰ
1360 2523 1546 2575 ταῦτα
1586 2527 1706 2590 βίῳ
1744 2531 1840 2582 καὶ
1882 2533 2025 2601 ὑμῖν

441 2601 592 2668 πρὸς
614 2605 914 2671 σωτηρίαν
945 2606 1277 2673 ἀρκέσειεν.
1309 2611 1372 2662 Εἰ
1404 2613 1579 2666 τοίνυν
1602 2616 1902 2690 βουλόμεθα
1923 2621 2020 2675 λα-

443 2692 557 2745 ϐεῖν
613 2711 664 2746 τι
707 2697 958 2766 χρηστὸν,
1009 2698 1366 2767 προλαϐόντες
1408 2705 1798 2778 παράσχωμεν·
1835 2714 1882 2764 εί
1927 2715 2022 2766 ἀν-

441 2783 629 2855 εθῆναι
664 2786 803 2856 μετά
843 2789 1047 2853 ταῦτα,
1082 2792 1176 2845 νῦν
1205 2795 1637 2868 ἀναπαύσωμεν·
1678 2803 1726 2854 εἰ
1763 2802 2021 2877 δεχθῆναι

442 2877 573 2948 παρ’
607 2879 785 2932 αὐτῶν
817 2883 896 2944 είς
934 2881 1032 2945 τὰς
1057 2885 1308 2948 αἰωνίους
1363 2891 1586 2959 σκηνάς,
1618 2893 1713 2947 νῦν
1738 2896 1934 2961 αὐτοὶ).9
1962 2901 2021 2953 ἐν

440 2971 558 3032 ταῖς
592 2971 883 3042 ἡμετέραις
914 2975 1362 3045 καταδεξὼμεθα·
1397 2981 1445 3032 εί
1477 2983 1878 3055 θεραπευθῆναι
1915 2991 2020 3042 τῶν

443 3059 724 3131 ἁμαρτιῶν
758 3062 825 3116 τὰ
850 3064 1154 3136 τραύματα,
1183 3068 1340 3122 τοῦτο
1367 3073 1458 3124 καὶ
1484 3076 1636 3128 αὐτοὶ
1666 3081 1777 3140 τοῖς
1807 3080 2020 3150 σώμασι

439 3149 549 3201 τῶν
571 3153 969 3222 κεκακωμένων
993 3157 1324 3226 ποιήσωμεν.
1347 3162 1634 3232 Μακάριοι
1655 3169 1762 3239 γάρ
1782 3172 1834 3223 οἱ
1860 3149 2024 3240 ἐλεή-

435 3257 620 3310 μονες
639 3283 654 3306 ,
695 3242 783 3295 ὅτι
808 3245 977 3297 αὐτοὶ
1005 3247 1457 3316 ἐλεηθήσονται.

2128 1903 2336 1957 sentur,
2370 1909 2437 1947 an
2474 1893 2527 1947 in
2558 1909 2744 1948 eorum
2779 1897 2978 1964 potius,
3012 1898 3104 1967 qui
3140 1898 3322 1952 miseri
3355 1899 3704 1967 iudicantur?

2127 1985 2242 2039 Non
2280 1995 2362 2041 est
2395 1985 2644 2051 dubium,
2679 1990 2810 2056 quin
2839 1989 3138 2043 infelicium
3173 1991 3546 2047 conditionem
3590 1993 3704 2048 fue-

2125 2083 2198 2130 rit
2226 2087 2587 2148 accepturus;
2619 2090 2739 2134 orat
2766 2081 2932 2141 enim,
2962 2088 3020 2134 ut
3047 2081 3112 2134 ad
3154 2082 3350 2139 fratres
3378 2084 3604 2138 nuntius
3635 2102 3702 2139 et

2127 2171 2359 2226 mortuis
2391 2169 2638 2225 mittatur
2657 2172 2878 2241 aliquis,
2916 2189 2982 2226 ne
3017 2173 3117 2242 ipsi
3154 2190 3370 2244 quoque
3389 2176 3701 2230 divitiarum

2127 2263 2415 2333 splendore
2449 2265 2576 2319 elati
2613 2281 2676 2319 ac
2709 2266 2923 2328 tumidi,
2961 2275 3014 2320 et
3045 2275 3270 2337 propter
3303 2269 3570 2322 lubricum
3614 2287 3705 2322 vo-

2127 2354 2349 2424 luptatis
2377 2357 2639 2424 prolapsi,
2681 2356 2734 2410 in
2778 2358 3028 2411 eumdem
3065 2358 3261 2412 inferni
3297 2359 3504 2412 hiatum
3539 2369 3704 2429 atque

2125 2445 2438 2515 voraginem
2465 2446 2846 2500 detrudantnr.
2888 2448 2999 2502 Cur
3025 2449 3190 2518 igitur
3218 2450 3490 2518 ejusmodi
3524 2467 3706 2504 exem-

2126 2533 2231 2602 plis
2254 2533 2516 2588 admoniti
2549 2536 2786 2590 nondum
2816 2538 3227 2606 resipiscimus?
3251 2539 3360 2594 Cur
3382 2543 3703 2609 prata-larum

2126 2624 2258 2678 illud
2281 2626 2664 2695 negotiationis
2685 2643 2877 2696 genus,
2905 2637 2963 2681 ut
2987 2629 3227 2684 consulit
3253 2632 3568 2701 Apostolus,
3595 2649 3701 2685 non

2123 2719 2482 2772 exercemus?
2535 2717 2744 2781 Vestra,
2771 2720 3031 2788 inquit",
3064 2721 3216 2788 copia
3249 2737 3430 2774 eorum
3468 2723 3701 2789 inopiam

2123 2817 2393 2872 sustentet,
2416 2819 2474 2862 ut
2505 2827 2685 2863 eorum
2719 2827 2838 2877 opes
2872 2813 2925 2864 in
2951 2828 3013 2865 ea
3048 2829 3165 2882 qua:
3205 2824 3319 2880 ροδι
3349 2825 3595 2867 secutura
3624 2823 3703 2868 est

2123 2905 2252 2967 vita,
2283 2903 2424 2956 vobis
2477 2902 2544 2955 ad
2596 2905 2823 2957 salutem
2876 2904 3215 2971 opitulentur.
3260 2904 3315 2958 Si
3365 2905 3494 2974 quid
3539 2906 3704 2975 igitur

2123 2995 2472 3066 benignitatis
2521 2995 2802 3064 percipere
2841 2995 3112 3055 volumus,
3146 2994 3284 3049 bene
3317 2994 3576 3049 merendo
3607 3012 3704 3049 an-

2051 3113 2092 3170 c
2127 3097 2496 3151 tevertamus;
2529 3087 2574 3140 si
2602 3086 2842 3156 posthaec
2879 3086 3048 3148 relici,
3079 3101 3173 3140 eos
3211 3087 3265 3139 in
3293 3087 3582 3156 praesentia
3615 3103 3702 3140 re-

2131 3195 2410 3246 creemus;
2446 3179 2492 3234 si
2520 3179 2714 3233 abillis
2747 3179 2799 3230 in
2840 3185 3039 3230 a‘terna
3073 3178 3239 3247 recipi
3273 3179 3701 3236 tabernacula".

2129 3288 2274 3328 nunc
2294 3288 2390 3327 eos
2429 3272 2482 3325 in
2521 3278 2706 3325 nostra
2749 3269 3119 3336 recipiamus;
3161 3270 3206 3324 si
3240 3277 3586 3339 peccatorum
3614 3287 3706 3324 no-

441 3349 679 3393 strorum
711 3340 932 3393 vulnera
966 3345 1188 3409 curari,
1241 3347 1455 3402 illm-um
1506 3367 1798 3424 corporum
1840 3363 2012 3434 plagis
2051 3370 2194 3426 idem
2225 3378 2566 3438 praestemus.
2598 3363 2751 3419 Beati
2819 3365 2962 3417 enim
3007 3362 3394 3427 misericordes,
3459 3364 3704 3434 quoniam

441 3428 542 3497 ipsi
572 3430 988 3485 misericordiam
1010 3441 1462 3505 consequentur".

524 3525 659 3577 Ἀλλ’
695 3526 823 3589 ἴσως
852 3529 968 3597 ἐρεῖ
997 3547 1101 3593 τις,
1141 3532 1348 3604 ἀγαθὴν
1384 3537 1483 3606 μὲν
1515 3541 1595 3604 είς
1627 3541 1850 3615 ὕστερον
1883 3544 2021 3602 εἶναι

440 3617 540 3686 τὴν
567 3619 821 3689 ἐντολήν·
864 3622 981 3673 νυνὶ
1012 3622 1069 3674 δὲ
1109 3626 1391 3694 μετάδοσίν
1436 3648 1558 3685 τινα
1600 3636 1694 3689 καὶ
1741 3643 2022 3696 κοινωνίαν

441 3705 536 3758 τοῦ
563 3707 765 3771 πάθους
787 3707 1144 3765 διευλαϐεἰται
1167 3730 1180 3743 ·
1213 3716 1306 3769 καί
1332 3719 1420 3772 διά
1445 3721 1508 3773 τὸ
1531 3723 1604 3794 μὴ
1634 3726 1826 3781 παθεῖν
1843 3749 1893 3783 τι
1915 3733 2022 3786 τῶν

442 3795 771 3866 ἀϐουλήτων,
812 3800 1032 3868 φεύγειν
1060 3803 1226 3859 οἴεται
1261 3809 1457 3878 χρῆναι
1499 3813 1589 3867 τὸν
1620 3825 2022 3893 προσεγγισμὸν

440 3887 548 3939 τῶν
576 3888 848 3943 τοιούτων.
873 3893 1037 3962 Λόγοι
1068 3896 1260 3963 ταῦτα,
1289 3901 1383 3952 καὶ
1413 3907 1731 3974 προφάσεις,
1888 3887 2026 3969 πλά-

444 3994 624 4048 σματα
642 4019 657 4042 ,
692 3981 783 4032 καὶ
810 3984 908 4052 τῆς
946 3985 1075 4055 περὶ
1107 3987 1204 4049 τὰς
1229 3989 1447 4054 ἐντολὰς
1471 3993 1564 4045 τοῦ
1592 3995 1725 4050 Θεοῦ
1756 4002 2023 4074 ῥᾳθυμίας

441 4071 772 4140 εὐπρόσωπά
811 4089 931 4126 τινα
970 4077 1429 4148 προκαλύμματα.
1468 4084 1542 4136 Τὸ
1589 4085 1632 4138 δ’
1665 4087 1862 4159 ἀληθὲς
1881 4071 1907 4157 ,ν
1925 4095 2022 4164 οὐχ

439 4161 610 4226 οὕτως
639 4162 769 4233 ἔχει.
803 4165 988 4230 Οὐδεὶς
1019 4167 1126 4239 γὰρ
1159 4169 1351 4224 ῦπεστι
1380 4174 1542 4242 φόϐος
1581 4181 1646 4248 τῇ
1676 4181 1775 4249 τῆς
1803 4161 2023 4254 ἐντολῆς

442 4254 691 4325 ἐργασίᾳ.
723 4256 924 4324 Μηδεὶς
959 4259 1112 4329 κακῷ
1134 4261 1194 4314 τὸ
1221 4263 1386 4316 κακὸν
1410 4265 1775 4336 θεραπευέτω.
1813 4273 2022 4337 Πόσους

441 4342 550 4413 γὰρ
576 4343 724 4397 ἔστιν
749 4347 875 4400 ἰδεῖν
903 4349 965 4400 ἐκ
990 4349 1238 4421 νεότητος
1261 4355 1355 4406 καὶ
1381 4355 1539 4427 μέχρι
1567 4361 1753 4430 γήρως
1780 4367 1898 4426 ταῖς
1930 4365 2018 4416 θε-

444 4436 698 4504 ραπείαις
745 4436 945 4491 τούτων
974 4440 1445 4511 ἀποσχολάζοντας
1469 4489 1483 4510 ,
1516 4450 1610 4502 καὶ
1649 4452 1801 4507 οὐδέν
1839 4473 1890 4507 τι
1918 4456 2016 4527 τῆς

2197 3547 2268 3598 At
2307 3543 2505 3612 aliquis
2542 3540 2778 3596 fortasse
2827 3541 2992 3602 dicet,
3031 3539 3162 3593 utile
3187 3539 3406 3608 quidem
3438 3543 3491 3596 in
3523 3553 3678 3613 poste.

2129 3652 2248 3692 nun
2277 3649 2402 3690 esse
2431 3632 2744 3687 mandatum
2783 3650 2800 3686 :
2833 3631 2929 3685 sed
2966 3630 3070 3684 hoc
3122 3638 3366 3699 tempore
3405 3632 3509 3687 sibi
3553 3636 3706 3688 adlu-

2131 3727 2360 3782 bendam
2394 3740 2516 3779 esse
2545 3724 2878 3788 cautionem,
2921 3738 2989 3776 ne
3031 3721 3276 3791 ejusdem
3310 3723 3485 3779 morbi
3517 3735 3706 3779 conta-

2131 3820 2290 3888 gione
2322 3820 2747 3872 contaminetur.
2770 3815 2947 3884 Atque
2969 3815 3041 3867 ita
3069 3829 3136 3867 ne
3165 3815 3488 3870 temeritatis
3517 3831 3706 3886 ptenas

2131 3913 2242 3973 det,
2275 3917 2329 3965 et
2351 3908 2560 3979 aliquid
2595 3923 2804 3971 eorum,
2841 3922 2960 3976 qua:
2984 3907 3173 3971 nollet,
3211 3909 3560 3977 perpetiatur,
3599 3911 3702 3965 sibi

2124 4017 2313 4055 eorum
2346 4013 2702 4068 congressum
2727 4012 2788 4050 ac
2817 3997 3268 4051 consuetudinem
3304 3998 3579 4053 vitandam
3603 4017 3703 4070 pu-

2125 4101 2223 4146 tat.
2255 4091 2420 4161 Nugte
2446 4096 2574 4145 sunt
2608 4090 2709 4152 hae,
2757 4097 2811 4142 et
2835 4091 3220 4143 excusationes
3264 4089 3399 4144 ﬁcta:
3444 4107 3508 4144 ac
3551 4107 3704 4145 com-

2124 4183 2426 4245 mentitiaa,
2479 4181 2680 4252 quibus
2725 4181 2892 4234 veluti
2942 4180 3265 4250 quibusdam
3318 4182 3702 4251 integumentis

2122 4277 2317 4331 inertia
2348 4275 2414 4329 ad
2445 4272 2785 4328 conficienda
2817 4276 3072 4325 mandata
3108 4273 3199 4326 Dei
3238 4276 3556 4344 protegitur.
3584 4275 3701 4329 Non

2123 4376 2302 4421 autem
2336 4367 2409 4419 ita
2437 4381 2496 4420 se
2535 4379 2624 4418 res
2654 4363 2836 4418 habet.
2867 4361 3059 4416 Nullus
3084 4365 3228 4418 enim
3267 4365 3321 4417 in
3352 4367 3703 4434 exsequendo

2123 4456 2379 4510 mandato
2401 4454 2561 4508 timor
2586 4454 2748 4506 inest.
2776 4450 2944 4506 Nemo
2969 4453 3111 4507 malo
3136 4454 3336 4505 malum
3363 4463 3538 4508 curet.
3559 4453 3701 4519 Quot

445 4527 581 4580 κατά
627 4527 787 4596 φύσιν
830 4531 1042 4596 εὐεξίας
1085 4535 1179 4588 τοῦ
1216 4535 1469 4605 σώματος
1495 4540 1582 4594 διὰ
1621 4545 1720 4614 τῆς
1765 4547 2019 4618 τοιαύτης

2125 4547 2264 4602 enim
2294 4545 2541 4598 homines
2578 4544 2702 4596 licet
2725 4543 2930 4607 videre,
2963 4543 3057 4612 qui
3102 4544 3212 4612 jam
3244 4545 3370 4600 inde
3403 4560 3431 4598 a
3468 4547 3698 4607 pueritia

443 4618 681 4688 σπουδῆς
714 4619 1180 4690 ἀμαυρώσανταςς
1229 4626 1365 4678 Οὐδὲ
1399 4628 1506 4697 γὰρ
1533 4631 1677 4694 εἰκός
1713 4635 1829 4686 ἐστι
1863 4637 2015 4703 γενέ-

444 4707 572 4760 σθαι
604 4709 795 4764 ταῦτα.
838 4711 972 4764 Ἀλλ’
1011 4715 1195 4785 ἐπειδή
1232 4733 1354 4771 τινα
1393 4720 1500 4772 τῶν
1537 4725 1878 4793 νοσημάτων,
1908 4724 2019 4781 οἷον

442 4801 496 4854 αἱ
527 4799 807 4870 λοιμώδεις
857 4803 1133 4876 ἐπιφοραὶ,
1167 4808 1260 4860 καὶ
1288 4809 1389 4863 ὅσα
1420 4812 1644 4866 τοιαῦτα
1677 4817 1776 4886 τῆς
1822 4816 2019 4880 ἔξωθεν

442 4893 620 4956 αἰτίας
645 4894 949 4964 ἠρτημένα,
987 4897 1113 4950 ὅταν
1151 4899 1216 4951 ἐκ
1251 4900 1543 4974 διαφθορᾶς
1572 4907 1731 4977 ἀέρος
1761 4908 1793 4978 ἢ
1827 4909 2020 4975 ὓδατος

442 4984 679 5055 γίνηται,
708 4983 922 5039 ὕποπτα
950 4990 1062 5050 τοῖς
1101 4989 1312 5056 πολλοῖς
1349 4996 1514 5058 ἐστιν,
1550 4996 1625 5060 ὡς
1657 5001 1720 5050 ἐκ
1741 4999 1853 5052 τῶν
1886 5019 2020 5072 προ-

440 5076 757 5130 εαλωκότων
778 5078 870 5130 καὶ
890 5079 1161 5148 πρὸςτοὺς
1181 5086 1637 5153 προσεγγίζοντας
1654 5089 2018 5160 διαϐαίνοντα,

443 5168 562 5221 οὐδὲ
599 5170 716 5221 ἐκεῖ
744 5169 839 5221 τοῦ
874 5169 1097 5234 πάθους,
1130 5172 1206 5236 ὡς
1253 5170 1436 5245 οἶμαι,
1469 5177 1547 5248 τῷ
1586 5181 1882 5248 ὑγιαίνοντι
1919 5184 2018 5254 τὴν

443 5260 752 5329 ἀρρωστίαν
789 5263 853 5314 ἐκ
888 5263 1174 5327 διαδόσεως
1205 5267 1581 5335 ἐμποιοῦντος·
1612 5273 1744 5325 ἀλλά
1778 5274 1876 5344 τῆς
1905 5292 2018 5328 κοι-

441 5352 536 5420 νῆς
575 5353 840 5422 ἐπιφορᾶς
866 5354 962 5424 τὴν
991 5357 1281 5426 ὁμοιότητα
1319 5358 1412 5412 τοῦ
1451 5361 1882 5434 ἀρῤωστήματος
1919 5367 2016 5418 ἐπ-

442 5440 701 5512 αγούσης,
734 5442 889 5513 ἔσχεν
913 5446 1090 5498 αἰτίαν
1133 5448 1166 5516 ἡ
1200 5449 1352 5512 νόσος
1381 5451 1445 5502 ἐκ
1468 5451 1576 5503 τῶν
1599 5455 2017 5524 προεαλωκότων

443 5531 535 5583 καὶ
575 5534 654 5596 εἰς
679 5535 804 5598 τοὺς
836 5536 1051 5601 λοιποὺς
1075 5538 1443 5597 διαϐαίνουσα.
1490 5544 1752 5600 Ἐνταῦθα
1784 5547 1841 5601 δὲ
1874 5547 2018 5601 ἐνδο-

2117 4639 2184 4694 ad
2209 4641 2383 4709 ipsam
2416 4653 2594 4707 usque
2641 4643 2980 4691 senectutem
3013 4651 3167 4690 suam
3210 4637 3264 4688 in
3305 4637 3573 4704 ejusmodi
3606 4653 3702 4691 cu-

2116 4731 2326 4784 ratione
2351 4744 2572 4798 cperam
2603 4729 2964 4791 collocarunt,
2994 4744 3171 4797 neque
3203 4735 3382 4782 tamen
3416 4729 3484 4783 ob
3517 4729 3570 4783 id
3593 4739 3704 4784 ειιιυ

2119 4820 2266 4874 dium
2309 4820 2450 4875 bona
2491 4821 2734 4888 ipsorum
2785 4819 3048 4874 habitudo
3090 4834 3380 4888 corporum
3427 4822 3694 4876 naturalis

2118 4922 2204 4968 est
2236 4913 2347 4964 ullo
2374 4911 2534 4965 modo
2562 4912 2705 4965 facta
2739 4911 3019 4965 deterior?
3059 4909 3248 4978 Neque
3277 4926 3406 4964 vero
3433 4912 3542 4964 ulla
3576 4928 3702 4981 pro-

2121 5005 2288 5059 babili
2336 5005 2548 5058 ratione
2593 5004 2645 5057 id
2703 5005 2817 5056 fieri
2859 5013 3057 5072 potest.
3114 5002 3379 5058 Caaternm
3438 5004 3694 5072 quoniam

2122 5092 2416 5161 aliquando
2446 5094 2673 5147 saeviunt
2712 5094 2961 5161 quaedam
3015 5086 3330 5146 morborum
3374 5107 3595 5162 genera,
3641 5101 3696 5146 nt

2123 5179 2465 5247 pestilentiae,
2497 5189 2551 5234 et
2581 5180 2682 5232 alia
2723 5180 3016 5248 ejusmodi,
3051 5196 3172 5249 qua:
3203 5197 3269 5235 ex
3300 5181 3482 5235 causis
3511 5191 3684 5235 exter-

2122 5275 2208 5328 nis
2250 5275 2503 5344 pendent,
2539 5291 2658 5343 qua:
2703 5275 2958 5328 videlicet
3001 5290 3127 5329 aere
3177 5289 3384 5344 aquave
3437 5288 3692 5345 corrupta

2121 5375 2484 5433 generantur;
2530 5367 2642 5420 hate
2666 5375 2845 5421 autem
2879 5375 3138 5435 tanquam
3162 5369 3231 5424 ab
3265 5367 3391 5432 illis,
3424 5369 3516 5438 qui
3547 5371 3696 5438 prius

2125 5457 2358 5525 correpti
2394 5467 2541 5518 sunt,
2568 5473 2660 5512 eos
2695 5459 2784 5527 qui
2825 5460 3284 5528 appropinquent,
3314 5458 3577 5514 invadant
3608 5473 3696 5513 ειν

2125 5563 2230 5619 que
2259 5549 2636 5618 coinquineut,
2671 5550 2856 5603 multis
2895 5561 3151 5620 suspecta
3191 5561 3318 5608 sunt
3344 5569 3358 5606 :
3382 5567 3694 5623 quanquam

513 5709 560 5741 "
619 5708 751 5767 Luc.
813 5729 923 5778 xu,
983 5716 1046 5770 l9
1084 5733 1204 5788 sqq.
1281 5719 1327 5752 ⁷⁸
1368 5719 1406 5774 ll
1455 5721 1582 5777 Cor.
1633 5738 1751 5788 vm,
1810 5724 1895 5780 Η.
1951 5727 1996 5760 ⁷⁷
2069 5727 2202 5783 Luc.
2259 5744 2369 5794 rm,
2409 5731 2460 5784 9.
2540 5730 2585 5761 ’⁸
2643 5730 2832 5785 Matth.
2898 5746 2952 5796 v,
3010 5729 3053 5784 7.
