4124 6352
421 321 522 375 497

1612 333 1670 389 S.
1722 335 2049 393 GREGORII
2104 336 2397 394 NYSSENI

3569 352 3673 405 άκςι

418 451 540 492 meo
568 438 786 509 quidem
817 440 1030 511 judicio
1079 461 1251 516 neque
1281 446 1496 505 aii‘ectio
1535 450 1629 505 illa
1665 466 1736 505 ex
1777 466 2000 507 succes-

2103 449 2196 505 θεν
2243 453 2641 525 συνισταμένης
2685 453 2784 525 τῆς
2824 453 2917 508 τοῦ
2961 454 3203 510 τοιούτου
3246 457 3451 522 πάθους
3504 477 3673 515 κατα-

418 530 574 584 sione
629 532 780 587 sanis
832 537 1085 590 morbum
1140 540 1491 610 dispertitur,
1550 541 1645 596 sed
1692 543 2002 596 communis

422 620 742 688 pestilentia:
789 625 994 680 saevitia
1056 629 1231 683 morbi
1281 629 1694 685 similitudinem
1744 629 2005 685 aﬂ‘ereute

417 714 643 769 morbus
675 715 800 770 inde
840 729 1136 787 generatus
1179 730 1285 784 est,
1319 731 1374 776 et
1424 723 1492 777 ab
1537 723 1646 777 illis
1693 722 1786 792 qui
1839 723 2001 791 primi

416 806 652 872 correpti
693 814 824 859 sunt
855 807 922 860 ad
958 810 1202 872 reliquos
1240 812 1460 881 serpsit.
1508 812 1578 865 At
1617 811 1702 865 hic
1741 813 2000 881 quoniam

422 893 727 953 ali'eclionis
759 899 843 953 vis
883 900 1032 954 intus
1069 905 1411 958 contrahitur
1443 912 1497 958 et
1533 905 1812 967 consistit,
1850 914 1905 958 et
1935 921 1999 960 ex

419 986 761 1042 tabiﬁcorum
816 991 1104 1046 humerum
1184 997 1539 1064 permistione
1597 997 2003 1067 quodammodo

424 1080 652 1145 sanguis
690 1084 1079 1153 corrumpitur,
1110 1084 1165 1138 in
1206 1094 1506 1156 aegrotante
1548 1089 1721 1142 solum
1750 1088 1916 1142 haaret
1948 1095 2005 1143 et

424 1168 896 1228 circumscribitur
924 1175 1156 1230 affectio.
1220 1177 1335 1231 Hoc
1362 1188 1542 1233 autem
1572 1181 1651 1235 sic
1683 1180 1905 1240 habere,
1935 1180 2000 1234 il~

424 1258 517 1313 Iud
556 1259 818 1316 indicium
869 1266 960 1319 sit.
1023 1266 1126 1332 Qui
1179 1269 1371 1324 morbo
1418 1270 1689 1334 laborant,
1725 1270 2004 1339 aliquidue

424 1353 667 1411 melioris
705 1356 1041 1414 habitudinis
1074 1361 1366 1431 acquirunt
1413 1378 1477 1416 ex
1520 1363 2004 1440 consuetudineet

426 1444 795 1503 familiaritate
832 1466 1047 1513 eorum,
1083 1455 1175 1523 qui
1210 1454 1493 1509 commoda
1521 1455 1773 1509 feruntur
1802 1455 2006 1508 valetu-

421 1537 569 1601 dine,
605 1543 855 1610 quamvis
887 1554 1150 1600 curentur
1181 1548 1250 1601 ab
1271 1547 1352 1601 eis
1375 1546 1830 1615 diligentissime?
1858 1545 2003 1600 Nihil

419 1631 668 1685 omnino.
727 1631 820 1687 Sic
867 1635 1033 1704 igitur
1065 1652 1095 1692 e
1144 1637 1425 1692 contrario
1474 1636 1590 1691 ﬁeri
1634 1652 1732 1707 par
1784 1648 1902 1699 est,
1944 1644 2003 1689 ut

425 1722 558 1775 nihil
590 1738 653 1777 ex
684 1728 1079 1796 a'grotantibus
1113 1728 1179 1782 ad
1212 1735 1362 1783 recte
1397 1728 1641 1782 valentes
1670 1727 2003 1782 incommodi

2105 543 2328 613 σκευῆς,
2362 544 2456 598 καί
2481 563 2601 600 τινα
2641 546 2735 600 τοῦ
2763 547 2996 618 αἵματος
3036 549 3099 601 ἐκ
3145 548 3244 618 τῆς
3286 551 3678 623 παρεγχύσεως

2101 636 2208 689 τῶν
2241 637 2578 709 φθοροποιῶν
2619 638 2808 709 χυμῶν
2852 639 3146 709 διαφθορὰν
3188 640 3580 711 ὑπομένοντος,
3617 648 3677 699 ἐν

2102 727 2181 797 τῷ
2207 728 2466 799 κάμνοντι
2508 728 2571 782 τὸ
2600 729 2769 793 πάθος
2818 728 3219 802 περιορίζεταιο
3260 732 3355 785 καὶ
3396 735 3476 789 ὅτι
3507 735 3679 791 ταῦτα

2103 818 2277 882 οὕτως
2309 818 2446 889 ἔχει,
2477 821 2709 891 πάρεστι
2752 822 2845 874 καί¹
2880 823 2987 876 ἀπὸ
3016 824 3204 879 τούτου
3239 827 3448 898 μαθεῖν.
3474 830 3564 900 Μή
3594 845 3679 892 τις

2102 912 2214 966 ἀπὸ
2242 912 2351 966 τῶν
2388 912 2749 967 εὐεκτούντων
2785 915 2897 977 τοῖς
2927 916 3266 986 ἀρρωστοῦσι
3304 919 3557 972 κοινωνία
3580 920 3679 990 τῆς

2104 1001 2412 1072 κρείττονος
2449 1002 2614 1066 ἕξεως
2659 1002 2898 1072 γίνεται,
2942 1005 3044 1061 κᾶν
3092 1009 3297 1079 σφόδρα
3336 1009 3582 1081 λιπαρῶς
3608 1016 3676 1084 τῇ

2104 1092 2369 1164 θεραπεία
2397 1093 2809 1164 προσμένωσιν;
2844 1096 2959 1149 Οὐκ
2989 1096 3103 1150 ἔστι
3144 1101 3336 1154 ταῦτα.
3372 1102 3557 1166 Οὕτως
3585 1100 3679 1157 οὖν

2104 1182 2250 1245 εἰκὸς
2278 1183 2374 1236 καὶ
2419 1183 2480 1234 τὸ
2527 1183 2779 1252 ἔμπαλιν,
2831 1186 2965 1256 μηδέ
2994 1187 3116 1241 ἀπὸ
3161 1190 3270 1244 τῶν
3312 1191 3680 1247 ἀσθενούντων

2103 1272 2241 1344 πρὸς
2292 1275 2418 1338 τοὺς
2466 1275 2819 1339 εὐεκτοῠντας
2867 1279 3209 1347 μεταϐαίνειν
3259 1281 3321 1337 τὸ
3370 1283 3560 1349 πάθος.
3616 1286 3680 1339 Εἰ

2103 1363 2282 1417 τοίνυν
2327 1364 2389 1417 τὸ
2440 1365 2540 1436 μὲν
2580 1367 2767 1438 κέρδος
2809 1368 2908 1438 τῆς
2953 1369 3174 1442 ἐντολῆς
3214 1375 3486 1439 τοσοῦτον,
3537 1374 3679 1429 ὥστε

2107 1454 2385 1524 βασιλείαν
2414 1457 2657 1529 οὐρανῶν
2684 1459 2750 1512 δι’
2778 1462 2948 1533 αὐτῆς
2978 1464 3359 1534 ἑτοιμάζεσθαι
3383 1507 3399 1532 ,
3430 1465 3603 1539 ζημία
3623 1468 3681 1523 δὲ

2107 1545 2395 1612 πρόσεστιν
2424 1549 2605 1612 αὐτοῖς
2625 1550 2851 1621 οὐδεμία
2883 1553 2959 1624 τῷ
2987 1554 3198 1626 σώματι
3220 1557 3312 1610 τοῦ
3345 1557 3678 1629 θεραπεύον-

2103 1651 2194 1699 τος
2214 1651 2225 1662 ’
2258 1636 2312 1689 τί
2335 1635 2396 1690 τὸ
2425 1638 2633 1693 κωλύον
2660 1641 2777 1694 ἐστὶ
2806 1643 3011 1710 λοιπὸν,
3041 1646 3262 1718 ἐνεργὸν
3288 1644 3428 1703 εἶναι
3459 1648 3559 1722 τὴν
3596 1651 3681 1704 ἐνο

2103 1728 2263 1798 τολὴν
2289 1728 2390 1799 τῆς
2415 1730 2665 1802 eritne;

425 1816 723 1882 perveniat.
773 1816 973 1883 Quare,
1011 1835 1135 1873 cum
1177 1828 1326 1873 tanta
1356 1819 1598 1874 mandati
1651 1820 1863 1874 utilitas
1904 1818 1995 1881 sit,
2038 1826 2098 1871 ut
2131 1820 2256 1875 inde
2277 1836 2504 1890 regnum
2540 1824 2807 1879 caelorum
2835 1836 3220 1897 comparetur;
3256 1829 3309 1883 iu
3369 1845 3437 1886 eo
3500 1841 3680 1887 autem

422 1909 731 1963 exercendo
754 1912 960 1964 nullout
998 1913 1326 1982 periculum,
1359 1924 1417 1967 ut
1444 1928 1647 1983 corpus
1672 1911 1993 1968 detrimenti
2032 1912 2328 1983 quidquam
2363 1913 2616 1984 accipiat,
2658 1917 2793 1986 quid
2853 1920 3246 1988 impedimento
3289 1929 3396 1986 est,
3466 1924 3676 1994 quomi-

423 2013 528 2052 nus
572 2000 746 2068 ipsum
778 2002 1061 2059 charitatis
1100 2005 1416 2059 mandatum
1439 2004 1758 2060 excolatur?

495 2091 740 2156 Diﬂicile,
774 2103 828 2149 et
862 2099 1040 2166 magni
1079 2098 1282 2154 laboris
1309 2108 1414 2161 est,
1458 2100 1695 2168 inquies,
1727 2107 1786 2153 ut
1820 2097 1996 2152 homi-
2030 2099 2074 2159 Β

423 2196 521 2234 nes
560 2182 628 2236 ad
676 2183 808 2245 haec,
860 2200 890 2239 a
929 2187 1128 2255 quibus
1184 2190 1509 2244 naturaliter
1553 2199 1609 2245 et
1649 2189 2000 2244 instinctioue

422 2274 655 2340 quadam
702 2278 869 2330 animi
910 2279 1223 2343 abhorrent,
1253 2279 1628 2349 amplectenda
1674 2279 2000 2350 pertrahan-

423 2372 531 2417 tur.
568 2364 732 2428 Belle,
785 2369 1048 2422 rationem
1098 2371 1352 2434 admitto,
1387 2380 1441 2427 et
1494 2373 1829 2428 laboriosum
1874 2386 1999 2428 esse

423 2458 707 2513 conﬁteor.
743 2458 944 2515 Verum
998 2462 1256 2530 quidnam
1286 2478 1476 2517 eorum
1510 2479 1632 2533 qure
1687 2480 1753 2518 ex
1791 2465 1996 2517 virtute

426 2550 804 2618 perﬁciuntur,
859 2567 889 2606 a
924 2553 1108 2608 labore
1146 2569 1378 2608 vacuum
1414 2554 1712 2609 ostendes?
1756 2553 1997 2611 Sudores

419 2647 477 2693 et
504 2640 719 2696 labores
752 2644 952 2697 multos
984 2660 1164 2699 rerum
1199 2645 1502 2699 cmiestium
1541 2646 1655 2715 spei
1698 2646 1784 2701 lex
1815 2644 1997 2699 divina

429 2734 752 2801 proposuit,
804 2735 1141 2806 arduamque
1186 2735 1253 2790 ad
1311 2737 1475 2790 vitam
1515 2737 1806 2791 ducentem
1855 2736 1997 2790 viam

430 2823 739 2879 hominibus
768 2824 1186 2893 demonstravit,
1212 2843 1441 2897 eamque
1466 2828 1914 2882 laboriosissimis
1932 2826 1996 2881 ae

427 2910 758 2968 diiﬁcillimis
799 2915 1109 2985 quibusque
1151 2916 1497 2972 documentis
1528 2924 1859 2987 peranguste
1910 2931 1997 2971 re-

428 2999 661 3054 ferciens
687 3003 927 3072 undique
954 3006 1272 3058 coarctavit.
1296 3010 1535 3074 Angusta
1559 3006 1697 3059 enim
1716 3015 1794 3061 ut
1819 3017 1994 3073 porta,

426 3099 478 3144 et
503 3100 675 3157 arcta,
709 3093 924 3163 inquit,
952 3106 1030 3149 est
1064 3096 1149 3151 via
1180 3113 1296 3167 qua:
1322 3098 1465 3151 ducit
1489 3097 1557 3151 ad
1581 3097 1818 3153 vitam".
1856 3096 1999 3164 Quid

423 3184 591 3254 ergo?
621 3183 845 3240 Illamne
873 3190 1069 3242 summi
1104 3172 1228 3243 boni
1258 3205 1409 3259 spem
1452 3191 1658 3244 idcirco
1682 3198 1998 3244 contemne-

430 3292 572 3340 mus,
604 3276 747 3346 quod
778 3280 843 3331 ad
868 3279 999 3332 illud
1033 3280 1242 3350 ignavis
1263 3294 1316 3336 et
1337 3282 1604 3336 inertibus
1626 3282 1870 3351 aspirare
1890 3297 1998 3335 non

429 3368 589 3422 licet?
620 3371 1021 3439 lnterrogemus
1044 3373 1440 3436 adolescentes,
1467 3383 1647 3427 utrum
1671 3374 1998 3428 laboriosius

426 3461 522 3521 sit,
564 3460 768 3525 sobrie,
808 3470 960 3515 caste
1001 3474 1057 3520 et
1126 3466 1468 3520 continenter
1525 3467 1727 3532 vivere,
1781 3482 1849 3521 an
1907 3484 1997 3523 re-

429 3548 611 3605 laxare
642 3551 883 3607 habenas
927 3553 1235 3623 cupiditati,
1263 3565 1317 3609 et
1350 3557 1530 3611 solute
1569 3571 1634 3611 ac
1667 3557 1835 3612 libere
1864 3572 1999 3612 con-

426 3644 649 3713 quisitis
675 3644 915 3714 undique
953 3646 1330 3715 voluptatibus
1362 3646 1506 3715 frui;
1551 3655 1608 3702 et
1652 3649 1767 3704 haec
1797 3664 1867 3703 an
1907 3650 1998 3704 illa

427 3734 643 3789 vivendi
681 3735 822 3789 ratio
866 3736 1107 3800 suavior,
1144 3747 1198 3791 et
1238 3738 1412 3809 magis
1451 3739 1690 3808 optanda
1731 3733 2008 3795 videatur.

424 3822 569 3892 Quid
598 3824 701 3895 ipsi
741 3827 852 3880 sint
879 3828 1200 3896 responsuri
1247 3829 1452 3882 nemini
1495 3828 1721 3884 dubium
1751 3838 1853 3884 est.
1888 3829 1999 3885 Nos

428 3930 556 3986 ergo
599 3927 883 3986 propterea
926 3918 1017 3981 id,
1065 3919 1211 3989 quod
1259 3918 1563 3988 jucundum
1614 3928 1669 3974 et
1717 3919 1877 3975 facile
1915 3931 1999 3976 est

428 4008 891 4076 complectemur;
942 4010 1142 4064 virtute
1166 4019 1370 4073 autem,
1404 4011 1551 4080 quod
1576 4010 1810 4067 diiiieilis
1850 4012 2001 4066 labo-

431 4098 687 4168 riosaque
720 4101 822 4162 sit,
871 4117 966 4171 per
1007 4102 1277 4172 ignaviam
1312 4102 1678 4159 deliciemus?
1723 4103 1890 4174 Atqui
1925 4105 2002 4159 illi

428 4191 520 4260 qui
562 4191 687 4246 vitae
717 4192 861 4262 leges
913 4193 1054 4257 tulit,
1100 4193 1202 4248 ista
1252 4207 1363 4247 non
1405 4194 1725 4263 probantur.
1769 4194 2003 4252 Proinde

430 4285 679 4353 spaciosa
715 4286 806 4339 illa
837 4285 1092 4341 deorsum
1130 4288 1199 4341 ad
1228 4289 1521 4357 perniciem
1556 4290 1814 4344 tendente
1844 4291 2001 4346 nobis

432 4374 719 4430 interdicta
754 4378 860 4429 via.
914 4376 1138 4440 Intrate,
1176 4379 1372 4450 inquit,
1402 4396 1495 4449 per
1522 4392 1801 4451 angustam
1836 4392 1887 4436 et
1911 4400 2002 4436 (rr-

426 4475 569 4519 c:am
597 4478 824 4536 portam.
871 4470 1050 4525 Unum
1094 4471 1261 4541 igitur
1301 4487 1365 4525 ex
1417 4473 1522 4525 illis
1561 4473 1848 4540 inStitutis,
1883 4490 2003 4543 qua:

430 4568 580 4611 recte
611 4573 708 4627 per
750 4559 991 4613 laborem
1014 4571 1359 4627 exercentur,
1386 4570 1440 4616 et;
1477 4562 1581 4618 hoc
1603 4564 1998 4631 existimemus,

428 4657 489 4701 ut
523 4647 786 4717 reiectum
835 4652 1003 4705 evita
1046 4661 1208 4721 atque
1257 4655 1530 4709 exoletum
1578 4656 1893 4710 mandatum
1946 4659 1999 4712 in

426 4738 879 4794 consuetudinem
923 4743 1262 4806 inducamus,
1307 4752 1362 4798 et
1404 4746 1709 4800 naturalem
1744 4748 2000 4803 oil‘eusio—

430 4846 575 4891 nem,
614 4838 777 4900 atque
809 4831 1087 4887 fastidium
1127 4835 1315 4898 animi,
1360 4850 1468 4904 quo
1502 4835 1571 4890 ab
1612 4836 1704 4893 illo
1731 4838 1999 4895 abhorre-

429 4938 572 4988 mus,
606 4910 1013 4980 exercitationis
1045 4926 1365 4983 assiduitate
1405 4929 1697 4992 leniamus,
1727 4939 1781 4986 et
1809 4947 1997 4988 emen-

429 5016 643 5070 demus.
680 5013 871 5084 Magna
896 5016 1041 5070 enim
1073 5025 1157 5072 est
1178 5020 1591 5075 consuetudinis
1622 5022 1724 5085 vis,
1751 5031 1804 5078 et
1838 5026 1999 5079 rebus

425 5107 589 5159 etiam
642 5105 1040 5163 ditiicilioribus
1109 5110 1247 5165 solet
1307 5111 1642 5180 voluptatem
1705 5116 1997 5182 quamdam

427 5214 737 5269 aspergere.
766 5198 1131 5265 Quamobrem
1163 5217 1232 5256 ne
1261 5203 1385 5272 quis
1415 5204 1649 5274 amplius
1680 5205 1995 5260 mandatum

427 5306 550 5346 esse
579 5289 797 5345 diliicile
842 5306 905 5346 ac
960 5292 1292 5348 laboriosmn
1344 5295 1613 5365 objiciat;
1673 5297 1766 5352 sed
1817 5299 1996 5367 potius

427 5395 619 5435 omnes
655 5382 787 5436 utile
821 5397 886 5438 ac
924 5381 1266 5441 fructuosum
1308 5387 1439 5442 illud
1488 5396 1636 5444 recte
1665 5389 1996 5447 obeuntibus

430 5474 722 5525 lateantnr.
770 5471 835 5525 Et
884 5475 1140 5542 quoniam
1195 5487 1418 5546 apparet
1464 5477 1602 5533 lucri
1652 5479 1991 5548 magnitudo,

432 5564 587 5620 labor
609 5564 789 5619 onmis
814 5565 1066 5622 alacriter
1098 5570 1447 5641 suscipiatur.
1490 5569 1621 5625 Nam
1651 5571 1794 5639 quod
1842 5572 1993 5644 priu-

500 5744 546 5777 "
593 5744 783 5801 Matth.
819 5763 913 5812 vn,
962 5744 1023 5801 Η
1069 5764 1187 5814 sqq.

2186 2094 2325 2147 Ἀλλ’
2355 2095 2609 2149 ἐπίπονον
2639 2096 2817 2166 λέγεις
2853 2093 2991 2151 εἶναι
3021 2099 3082 2153 τὸ
3110 2098 3399 2170 βιάσασθαι
3438 2110 3682 2174 φυσικῶς

2098 2186 2169 2241 τὰ
2198 2186 2425 2241 τοιαῦτα
2454 2189 2865 2260 μυσαττομένην
2887 2191 2999 2243 τῶν
3028 2191 3237 2246 πολλῶν
3267 2194 3365 2265 τὴν
3395 2195 3537 2262 ἓξιν;
3575 2202 3682 2254 Κα-

2098 2279 2239 2342 λῶςο
2273 2278 2590 2349 συντίθεμαι
2631 2281 2712 2352 τῷ
2740 2281 2902 2354 λόγῳ,
2935 2283 3017 2336 ὅτι
3053 2284 3328 2340 ἐπίπονον.
3374 2289 3439 2341 Τί
3467 2289 3525 2342 δὲ
3553 2292 3683 2346 ἄλλο

2096 2369 2207 2422 τῶν
2236 2371 2354 2423 κατ’
2386 2370 2587 2441 ἀρετὴν
2612 2371 2947 2443 τελουμένων
2969 2373 3171 2427 ἄπονον
3192 2372 3423 2442 δείξειςς
3456 2379 3681 2444 πολλοὺς

2102 2462 2328 2533 ἱδρῶτας
2347 2462 2438 2515 καὶ
2455 2461 2649 2526 πόνους
2680 2462 2791 2516 τῶν
2818 2465 3084 2535 οὐρανίων
3117 2467 3347 2521 ἐλπίδων
3382 2471 3682 2540 προσέταξε

2100 2553 2280 2624 νόμος,
2312 2553 2406 2605 καὶ
2437 2552 2805 2624 δυσπὸρευτον
2843 2554 3071 2626 τὴν,ὲπὶ
3108 2557 3207 2627 τὴν
3243 2557 3387 2630 ζωὴν
3421 2559 3537 2613 ὁδὸν
3568 2564 3681 2625 τοῖς

2098 2643 2406 2716 ἀνθρώποις
2447 2643 2715 2711 ὑπέδειξε,
2757 2646 2868 2707 τοῖς
2901 2647 3179 2710 ἐπιπόνοις
3207 2650 3301 2701 καί⁵
3325 2651 3680 2723 τραχυτέροις

2097 2735 2203 2790 τῶν
2217 2734 2661 2806 ἐπιτηδευμάτων
2676 2736 3049 2806 ἁπανταχόθεν
3065 2739 3468 2805 ἀποπενὼσας.
3488 2743 3679 2811 Στενὴ

2097 2826 2207 2894 γὰρ
2226 2825 2325 2879 καὶ
2348 2824 2725 2894 τεθλιμμένη,
2767 2826 2949 2896 φησιν,
2971 2826 3010 2895 ἡ
3035 2828 3173 2893 ὁδὸς
3195 2831 3237 2898 ἠ
3255 2831 3577 2902 ἀπάγουσα
3594 2836 3681 2900 εὶς

2096 2917 2214 2985 τὴν
2259 2916 2429 2983 ζωήν.
2477 2914 2543 2969 Τί
2583 2912 2705 2981 οὖνς
2737 2918 2838 2972 Διά
2878 2919 3034 2973 τοῦτο
3078 2922 3176 2993 τῆς
3213 2923 3425 2987 ἐλπίδος
3464 2926 3681 2995 ἐκείνης

2096 3008 2207 3061 τῶν
2247 3007 2470 3077 ἀγαθῶν
2514 3008 2897 3080 ἀμελήσωμεν,
2940 3011 3024 3066 ὃτι
3074 3015 3149 3085 μὴ
3206 3016 3343 3086 μετά
3399 3019 3682 3090 ῥᾳστώνης

2100 3100 2275 3164 ἔξεστι
2298 3100 2599 3171 κτήσασθαι
2625 3117 2640 3165 ;
2687 3100 3082 3173 Ἑρωτήσωμεν
3112 3104 3210 3176 τὴν
3253 3107 3498 3177 νεότητα,
3527 3111 3576 3162 εί
3605 3109 3680 3179 μὴ

2098 3195 2352 3261 ἐπίπονος
2379 3198 2412 3267 ἡ
2454 3195 2773 3270 σωφροσύνη
2802 3196 2968 3260 δοκεῖ,
3002 3197 3035 3267 ἢ
3063 3196 3124 3249 τὸ
3150 3197 3374 3267 ἀναίδην
3409 3201 3529 3263 ταῖς
3556 3200 3680 3252 ἐπι-

2099 3285 2320 3356 θυμίαις
2348 3287 2668 3358 κεχρῆσθαι,
2690 3286 2791 3356 τῆς
2812 3286 3113 3358 ἐγκρατοῦς
3136 3286 3414 3356 διαγωγῆς
3439 3288 3515 3357 μὴ
3542 3286 3678 3340 πολύ

2100 3376 2491 3446 ποθεινότερον.
2536 3372 2663 3447 ’Ἆρ’
2695 3373 2789 3430 οὖν
2823 3376 2914 3430 διὰ
2945 3375 3102 3429 τοῦτο
3133 3376 3196 3429 τὸ
3242 3376 3340 3447 μὲν
3369 3377 3467 3447 ἡδύ
3496 3393 3555 3429 τε
3585 3376 3681 3430 καὶ

2100 3468 2324 3531 εὐπετὲς
2356 3467 2722 3539 ἀνθεξόμεθα,
2751 3468 2889 3539 πρὸς
2921 3467 2979 3522 δὲ
3023 3468 3085 3521 τὸ
3129 3470 3304 3539 τραχύ
3348 3469 3446 3539 τῆς
3479 3469 3680 3539 ἀρετῆς

2100 3560 2518 3630 ἀποκνήσομεν;
2551 3561 2626 3615 Οὐ
2650 3560 2822 3615 ταῦτα
2833 3561 2982 3614 δοκεῖ
2999 3559 3079 3630 τῷ
3099 3560 3197 3629 τῆς
3225 3560 3370 3631 ζωῆς
3390 3558 3675 3631 νομοθέτῃ,

2098 3651 2177 3721 τῷ
2206 3653 2307 3722 τὴν
2338 3652 2594 3706 πλατεῖαν
2625 3655 2718 3707 καὶ
2749 3654 3040 3723 κατωφερῆ
3087 3653 3179 3706 καὶ
3213 3651 3525 3723 εὐρύχωρον
3562 3652 3679 3704 ὁδὸν

2101 3745 2239 3797 κατά
2275 3744 2366 3797 τὸν
2399 3743 2511 3814 βίον
2538 3744 2861 3800 κωλύσαντι.
2893 3745 3209 3799 Εῑσέλθετε
3233 3745 3362 3813 γὰρ,
3394 3745 3545 3813 φησὶ,
3582 3742 3680 3795 διὰ

2100 3838 2212 3907 τῆς
2235 3836 2458 3907 στενῆς
2490 3838 2587 3892 καὶ
2626 3836 3039 3906 τεθλιμμένης.
3076 3834 3286 3888 Οὐκοῦν
3318 3834 3413 3887 καὶ
3443 3830 3680 3886 ἐνταῦθα

2100 3930 2158 3984 ἓν
2184 3931 2297 3984 τῶν
2326 3931 2414 3984 διὰ
2452 3930 2613 3984 πόνου
2652 3927 3103 4000 κατορθουμένων
3127 3925 3222 3980 καὶ
3252 3924 3413 3978 τοῦτο
3445 3923 3680 3993 νομίσω-

2105 4041 2224 4094 μεν,
2275 4023 2338 4076 τὸ
2375 4023 2604 4091 ἀγαγεῖν
2656 4022 2735 4084 εἰς
2779 4019 3069 4089 συνήθειαν
3108 4015 3546 4085 ἀποξενουμένην
3580 4011 3676 4068 τυῦ

2105 4114 2223 4185 βίου
2249 4113 2346 4185 τὴν
2376 4111 2614 4183 ἐντολὴν,
2657 4111 2753 4164 καὶ
2779 4110 2878 4181 τὴν
2912 4110 3147 4180 φυσικὴν
3184 4108 3293 4161 τῶν
3324 4106 3675 4177 ὑγιαινόντων

2101 4202 2446 4275 ἀποστροφὴν
2472 4205 2540 4274 τῇ
2571 4203 2804 4273 ἐπιμονῇ
2850 4199 2946 4253 τοῦ
2973 4201 3297 4272 πράγματος
3322 4195 3677 4268 θεραπεύσω-

2107 4312 2226 4366 μεν.
2259 4293 2417 4364 Δεινὴ
2448 4294 2558 4364 γάρ
2586 4294 2739 4346 ἐστιν
2782 4293 2814 4361 ὴ
2850 4291 3106 4360 συνήθεια
3137 4289 3230 4342 καὶ
3260 4290 3372 4351 τοῖς
3405 4286 3676 4339 δυσκολω-

2101 4387 2279 4457 τέροις
2307 4379 2446 4437 εἶναι
2486 4381 2732 4437 δοκοῦσιν
2756 4380 2949 4453 ἡδονήν
2993 4396 3115 4433 τινα
3159 4377 3249 4431 διὰ
3271 4380 3371 4448 τῆς
3412 4377 3676 4446 ἐπιμονῆς

2105 4473 2519 4547 ἐνεργάσασθαι.
2554 4473 2646 4543 Μὴ
2684 4472 2862 4524 τοίνυν
2906 4470 3115 4537 λεγέτω
3146 4485 3249 4531 τις,
3287 4467 3363 4530 ὡς
3394 4465 3671 4526 ἐπίπονον,

2103 4567 2218 4621 ἀλλ’
2250 4567 2332 4619 ὅτι
2373 4564 2648 4633 ἐπωφελὲς
2678 4564 2788 4626 τοίς
2829 4560 3074 4632 μετιοῦσι
3118 4561 3180 4614 τὸ
3220 4556 3671 4630 κατορθούμενον.

2104 4656 2214 4708 Καὶ
2251 4655 2437 4724 ἐπειδὴ
2471 4653 2611 4723 μέγα
2652 4652 2712 4705 τὸ
2741 4651 2960 4722 κέρδος,
3001 4650 3333 4722 ὐπεροπτέον
3359 4648 3453 4701 τοῦ
3481 4647 3673 4707 πόνου,

2103 4738 2190 4799 διὰ
2249 4745 2312 4798 τὸ
2360 4744 2569 4813 κέρδος.
2618 4742 2745 4796 Ἡδὺ
2795 4740 2855 4795 δὲ
2913 4740 2993 4811 τῷ
3052 4740 3231 4812 χρόνῳ
3265 4739 3325 4792 τὸ
3376 4738 3510 4800 τέως
3552 4735 3673 4788 ἐπί-

2034 4802 2076 4857 D
2102 4855 2264 4891 πονον
2298 4835 2388 4889 διὰ
2564 4830 2850 4904 συνηθείας
2886 4802 3211 4902 γενήσεται..
3246 4832 3310 4884 Εἰ
3357 4830 3415 4882 δὲ
3460 4829 3542 4882 δεῖ
3584 4829 3675 4881 καὶ

2102 4930 2260 4983 τοῦτο
2290 4926 2606 4999 προσθεῖναι
2628 4927 2742 4989 τοῖς
2765 4923 3094 4995 εἰρημένοις,
3119 4924 3204 4976 ὅτι
3232 4924 3327 4976 καὶ
3354 4923 3483 4990 παρ’
3514 4919 3674 4973 αὐτὸν

2100 5022 2291 5075 τοῦτον
2334 5020 2423 5072 τὸν
2474 5019 2585 5089 βίον
2618 5018 2903 5087 ἐπωφελής
2952 5018 3068 5069 ἐστι
3112 5017 3225 5077 τοῖς
3274 5013 3602 5081 ὑγιαίνουσιν
3636 5011 3671 5080 ἠ

2103 5118 2241 5184 πρὸς
2286 5109 2618 5180 ἀτυχοῦντας
2663 5109 2976 5178 συμπάθεια
3000 5126 3012 5139 ·
3048 5106 3213 5169 καλὸς
3244 5107 3355 5176 γάρ
3396 5105 3513 5156 ἐστι
3560 5103 3672 5163 τοῖς

2101 5207 2229 5261 νοῦν
2265 5205 2477 5275 ἔχουσιν
2516 5202 2707 5274 ἔρανος
2734 5201 2880 5254 ἐλέου
2900 5242 2913 5263 ,
2944 5202 3001 5252 ἐν
3044 5204 3163 5259 ταῖς
3195 5199 3397 5269 ἐτέρων
3427 5196 3668 5263 δυσπραο

2101 5300 2249 5366 γίαις
2288 5293 2771 5365 προαποκείμενο-ς.
2817 5290 3032 5360 Ἐπειδὴ
3075 5291 3182 5358 γὰρ
3214 5289 3310 5359 μιᾷ
3344 5287 3500 5356 φύσει
3535 5284 3669 5336 διοι-

2102 5393 2277 5444 κεῖται
2310 5389 2419 5440 πᾶν
2441 5387 2505 5439 τὸ
2538 5384 2897 5454 ἀνθρώπινον,
2927 5384 3022 5436 καὶ
3051 5381 3201 5435 οὐδὲν
3231 5380 3344 5451 ἔχει
3369 5377 3543 5440 οὐδεὶς
3570 5374 3669 5443 τῆς

2101 5476 2382 5550 διηνεκοῦς
2416 5475 2720 5547 εὐπραγίας
2754 5471 2969 5543 βέϐαιόν
3004 5489 3059 5524 τι
3087 5470 3216 5542 παρ’
3246 5470 3424 5541 ἐαυτῷ
3464 5468 3524 5521 τὸ
3554 5464 3670 5518 ἐνέ·

2102 5585 2291 5642 χυρονυ
2320 5567 2406 5622 διὰ
2451 5567 2649 5630 παντὸς
2678 5564 2940 5634 προσήκει
2968 5562 3275 5636 μεμνῆσθαι
3314 5559 3410 5615 τοῦ
3437 5560 3667 5627 εὐαγγε-
