4124 6352
399 258 501 313 489
1616 251 1892 309 CONTRA
1934 252 2018 309 F0

2035 251 2418 308 RNl-CARZOS.
3562 255 3663 308 £90

399 365 552 423 λικοῦ
585 365 1064 438 παραγγέλματος,
1101 366 1192 418 τοῦ
1236 365 1709 438 συμϐουλεύοντος,
1745 367 1887 436 ἆπερ
1915 367 1978 420 3w
2011 375 2027 427 Α

2038 387 2052 426 t
2083 369 2225 438 eipio
2266 370 2552 422 molestum
2581 375 2634 422 et
2662 367 2893 422 arduum
2931 366 3164 432 videtur,
3200 368 3251 422 id
3301 368 3416 437 ipsa
3458 367 3576 424 dies
3612 378 3666 422 et

403 458 645 528 Θέλωμεν
666 457 752 511 ἵνα
793 455 1018 509 ποιῶσιν
1041 459 1170 527 ἡμῖν
1191 459 1240 510 οἱ
1263 457 1559 528 ἅνθρωποι,
1586 457 1757 511 ταῦτα
1783 461 1975 512 ποιεῖν.

2083 460 2422 514 consuetudo
2449 459 2605 515 facile
2628 473 2691 513 ac
2719 456 3020 529 jucundum
3051 459 3265 513 ellieiet.
3315 459 3434 512 Jam
3460 474 3590 514 vero
3615 457 3664 512 si

324 571 333 577 ·
404 549 550 614 Ἕως
576 549 754 601 τοίνυν
786 547 1054 620 εύπλοεῖς,
1087 545 1270 616 ὄρεξον
1303 551 1458 618 χεῖρα
1489 547 1566 618 τῷ
1591 548 1952 618 ναυαγήσαντι

2086 551 2174 614 iis,
2207 566 2328 620 qua:
2356 549 2502 604 dicta
2535 560 2680 616 sunt,
2707 550 2959 604 volumus
2990 549 3192 618 aliquid
3215 548 3531 620 adjuugere,
3564 549 3666 602 tui-

402 640 572 710 Κοινὴ
623 641 656 710 ἡ
701 637 977 703 Θάλασσα,
1022 638 1198 690 κοινὸν
1240 639 1299 692 τὸ
1345 638 1658 702 κλυδώνιον,
1692 637 1844 708 κοινὴ
1874 637 1981 690 τῶν

2085 640 2438 695 serieordiam
2483 656 2610 712 erga
2637 641 2987 696 calamitosos
3019 641 3073 693 in
3111 640 3212 695 hac
3239 640 3366 694 item
3397 639 3506 693 vita
3550 638 3665 694 fru-

404 731 662 800 κυμάτων
693 731 726 799 ἡ
755 729 992 799 ταραχή’
1029 729 1222 798 ὕφαλοι
1247 729 1342 784 καὶ
1376 729 1630 794 σπιλάδες
1668 730 1762 782 xa‘t
1789 730 1982 782 σκόπε-

2085 731 2313 801 giferam
2337 747 2458 787 esse
2480 733 2836 802 reperiemus.
2867 730 3036 785 Nemo
3066 739 3148 785 est
3173 731 3318 784 enim
3345 729 3438 800 qui
3467 730 3662 800 sapiat,

403 818 518 883 λοι,
557 819 649 871 καὶ
679 818 745 870 τά
787 818 947 871 λοιπὰ
976 819 1073 888 τῆς
1097 819 1190 872 τοῦ
1233 819 1349 890 βίου
1390 821 1653 888 ναυαγίας
1686 820 1826 874 κατὰ
1867 817 1982 872 ἴσον

2086 820 2216 889 quin
2245 828 2502 891 tanquam
2533 821 2808 890 egregium
2848 821 3126 890 prtemium
3157 828 3282 874 ante
3319 819 3662 874 reconditum

405 911 634 982 παρέχει
661 913 774 973 τοῖς
800 912 1236 981 ναυτιλλομένοις
1264 913 1354 964 τὸν
1383 913 1563 981 φόϐον.
1598 913 1742 976 Ἕως
1767 913 1983 983 ἀπαθὴς

2088 920 2234 983 putet
2267 911 2342 974 id,
2369 912 2514 981 quod
2555 912 2609 965 in
2655 911 2879 966 alterius
2913 911 3316 965 calamitatibus
3352 909 3665 965 humaniter

405 996 476 1065 εἷ,
507 1002 610 1064 ἔως
643 1001 939 1064 ἀκινδύνως
971 1002 1242 1066 διαπλέεις
1273 1003 1367 1056 τοῦ
1399 1002 1514 1073 βίου
1553 1004 1652 1074 τὴν
1681 1003 1981 1067 Θάλασσαν,

2086 1009 2138 1054 et
2163 1001 2393 1071 benigne
2425 998 2724 1055 confertur.
2763 1000 3027 1066 Quoniam
3049 1000 3194 1052 enim
3225 1000 3460 1054 humana
3481 999 3664 1054 omnia

409 1095 484 1164 μὴ
505 1094 780 1166 παρέλθῃς
800 1094 1042 1164 ἀνηλεῶς
1070 1095 1161 1147 τὸν
1186 1096 1652 1166 προσπταίσαντα.
1681 1095 1776 1160 Τίς
1791 1097 1986 1168 ἐγγυη-

2086 1091 2402 1146 moderatur
2429 1106 2535 1145 una
2571 1090 2872 1161 eademque
2906 1098 3139 1156 natura;
3179 1098 3236 1146 et
3271 1092 3372 1146 sibi
3401 1097 3662 1161 perpetuo

404 1187 502 1256 τής
532 1203 612 1239 σοι
641 1187 742 1256 τῆς
775 1186 1055 1256 διηνεκοῦς
1087 1187 1377 1252 εύπλοῖας;
1426 1186 1590 1241 Οὔπω
1629 1189 1871 1260 κατῆρας
1904 1191 1985 1252 εἰς

2083 1198 2379 1255 prosperas
2404 1191 2458 1237 et
2487 1183 2754 1239 secundas
2789 1198 2877 1237 res
2909 1181 3046 1245 fore,
3069 1192 3279 1237 certum
3305 1191 3390 1239 est
3416 1184 3620 1238 nemini
3646 1200 3659 1237 :

404 1274 495 1328 τὸν
519 1275 712 1347 λιμένα
733 1278 834 1348 τῆς
857 1279 1070 1334 ἀναπαύ
1080 1298 1233 1344 σεωςο
1252 1281 1404 1336 οὔπω
1426 1283 1534 1336 τῶν
1554 1284 1810 1354 κυμάτων
1832 1285 1986 1346 ἐκτὸς

2087 1276 2142 1330 in
2175 1275 2324 1329 omni
2354 1276 2464 1328 vita
2495 1275 2864 1344 evangelicum
2903 1275 3036 1328 illud
3081 1283 3408 1346 praeceptum
3444 1273 3664 1344 expedit

403 1364 671 1436 ’έστηκας’
701 1367 854 1424 οὔπω
879 1387 958 1422 σοι
983 1370 1212 1440 βέϐηκεν
1235 1372 1326 1423 ἐπὶ
1352 1373 1613 1443 σταθεροῦ
1639 1375 1670 1444 ἡ
1693 1373 1828 1445 ζωή.
1864 1375 1984 1426 Ἔτι

2089 1367 2425 1429 meminisse,
2464 1374 2543 1431 ut,
2578 1382 2698 1436 quae
2731 1365 2982 1420 volumus
3027 1364 3231 1419 faciant
3287 1364 3447 1420 nobis
3489 1364 3665 1418 homi-

407 1455 545 1528 φέρῃ
573 1457 659 1511 διὰ
699 1458 794 1512 τοῦ
828 1459 942 1529 βίου
974 1462 1250 1530 πελάγιος.
1282 1457 1406 1515 Οἷον
1440 1464 1664 1517 σεαυτὸν
1691 1464 1883 1529 δείξεις
1910 1464 1986 1536 τῷ

2088 1473 2224 1522 nes,
2294 1456 2484 1512 eadem
2548 1455 2835 1512 faciamus.
2922 1455 3176 1522 Quamliu
3241 1470 3372 1525 ergo
3433 1454 3664 1509 feliciter

407 1549 794 1619 δυστυχήσαντι
816 1593 830 1617 ,
861 1551 1131 1616 τοιούτους
1153 1555 1596 1626 παρασκευάσεις
1620 1557 1830 1626 σεαυτῷ
1858 1557 1986 1621 τοὺς

2088 1548 2352 1619 navigas,
2409 1547 2486 1601 illi
2547 1563 2770 1601 manum
2822 1547 3127 1617 porrigito,
3173 1545 3268 1616 qui
3317 1543 3659 1614 naufragium

411 1636 803 1706 συμπλέοντας.
851 1637 1011 1702 Ἀλλᾲ
1045 1641 1244 1704 πάντες
1277 1643 1716 1714 καταντήσαιμεν
1760 1647 1840 1708 είς
1892 1645 1984 1698 τὸν

2091 1639 2250 1708 fecit;
2304 1653 2591 1694 commune
2637 1647 2723 1694 est
2767 1652 2935 1700 mare,
2987 1645 3284 1708 tempestas
3327 1636 3660 1702 communis,

409 1726 603 1798 λιμένα
648 1729 747 1800 τῆς
780 1731 1168 1798 ἀναπαύσεως,
1221 1732 1300 1804 τῷ
1339 1733 1480 1804 ἁγίῳ
1523 1734 1798 1806 Πνεύματι
1847 1725 2037 1808 πρὸςε

2036 1727 2390 1788 ὶεοηιηιιιιιὶε
2437 1730 2701 1786 ﬂuctuum
2741 1729 3117 1802 perturbatio.
3168 1744 3300 1785 saxa
3351 1727 3454 1784 sub
3500 1727 3664 1783 undis

408 1815 506 1886 τὴν
546 1819 914 1894 προκειμένην
956 1822 1050 1876 τοῦ
1098 1823 1214 1893 βίου
1255 1824 1530 1879 ναυτιλίαν
1573 1825 1978 1891 διευδιάζοντες.

2082 1823 2330 1887 latentia,
2373 1831 2584 1894 syrtes,
2629 1822 2837 1893 scepuli
2861 1862 2876 1886 ,
2908 1829 2962 1876 et
2993 1821 3176 1878 omnia
3212 1820 3447 1889 denique
3500 1819 3664 1888 hujus

408 1907 616 1980 Παρείη
658 1909 715 1962 δὲ
756 1912 885 1982 ἡμῖν
917 1914 950 1984 ἡ
997 1913 1084 1968 διὰ
1125 1914 1233 1968 τῶν
1258 1915 1494 1970 ἐντολῶν
1523 1917 1774 1988 ἐργασία,
1804 1919 1896 1972 καὶ
1923 1921 1984 1973 τὸ

2085 1917 2207 1970 vita:
2234 1915 2598 1984 navigationis
2648 1913 2992 1968 incommoda
3027 1927 3211 1982 parem
3241 1911 3457 1967 cunctis
3505 1909 3663 1963 navi-

405 1999 506 2069 τῆς
549 1998 769 2072 ἀγάπης
809 2003 1088 2074 πηδάλιονο
1123 2005 1191 2058 δι’
1223 1999 1299 2060 ὧν
1345 2005 1708 2077 εύθυνόμενοι,
1743 2009 1982 2063 καταλά-

2082 2005 2336 2076 gantibus
2390 2011 2590 2058 metum
2631 2002 2900 2073 injiciunt.
2971 2000 3106 2055 Dum
3159 2003 3367 2072 integer
3407 2014 3500 2063 es,
3532 1997 3664 2052 dum

409 2085 594 2158 ὕωμεν
622 2089 720 2160 τὴν
752 2091 857 2160 γῆν
895 2096 992 2164 τῆς
1029 2095 1382 2162 ἐπαγγελίας,
1413 2095 1472 2148 ὲν
1565 2098 1598 2167 ἡ
1633 2097 1784 2161 πόλις
1835 2099 1981 2152 ἐστὶν

2084 2098 2206 2152 vim
2246 2097 2468 2167 pelagus
2518 2103 2636 2150 tuto
2687 2096 3025 2166 pertransis,
3065 2110 3131 2149 ne
3183 2095 3478 2148 inhumane
3528 2105 3664 2161 prae-

409 2180 443 2246 ὴ
478 2180 710 2250 μεγάλη,
739 2177 808 2254 ἧς
834 2185 1080 2254 τεχνίτης
1110 2186 1202 2238 καὶ
1235 2185 1563 2257 δημιουργός
1600 2189 1746 2242 ἐστιν
1782 2192 1810 2242 ὁ
1849 2189 1980 2254 Θεὸς

2086 2198 2267 2244 tereas
2323 2204 2446 2243 eum
2516 2189 2607 2258 qui
2668 2189 2820 2257 prius
2881 2203 3070 2242 navem
3136 2188 3305 2242 illisit.
3385 2185 3519 2252 Quis
3589 2182 3667 2237 ibi

411 2269 587 2338 ἡμῶν,
621 2264 664 2339 ᾧ
697 2274 730 2342 ἡ
763 2273 886 2338 δόξα
915 2275 1008 2328 καὶ
1045 2275 1105 2328 τὸ
1136 2277 1332 2345 κράτος
1359 2279 1438 2341 εἰς
1466 2279 1592 2342 τοὺς
1636 2279 1837 2344 αἰῶνας
1873 2281 1980 2334 τῶν

2089 2298 2359 2354 sponsor,
2417 2289 2475 2332 ut
2532 2280 2740 2334 felicem
2811 2279 3211 2351 navigationem
3271 2288 3532 2348 perpetuo
3585 2277 3663 2330 sis

411 2359 639 2416 αἰώνων.
685 2366 741 2417 ’Δ
749 2369 875 2437 μήν.

2091 2372 2439 2428 habiturus?
2505 2369 2750 2424 Nondum
2812 2370 2868 2424 in
2924 2378 3140 2442 portum
3218 2371 3417 2439 quietis
3486 2382 3661 2437 appu-

411 2451 522 2505 listi
576 2453 636 2504 ⁸ο.
697 2453 949 2509 Nondum
1027 2465 1182 2512 extra
1249 2460 1514 2514 ﬂuctuum
1574 2462 1875 2531 perieulum
1929 2479 1988 2518 es
2045 2465 2398 2519 constitutus.
2479 2460 2602 2516 Tibi
2675 2459 2917 2516 nondum
2975 2463 3030 2516 in
3083 2462 3202 2516 loco
3254 2471 3372 2517 tuto
3417 2463 3667 2517 constitit

409 2544 539 2596 vita.
589 2543 782 2599 Adhuc
815 2546 868 2599 in
905 2549 1030 2602 vita:
1074 2549 1266 2620 pelago
1290 2552 1521 2620 jactaris
1577 2554 1850 2611 obnoxius
1915 2556 2241 2626 tempestati.
2332 2555 2558 2619 Qualem
2619 2568 2748 2624 erga
2796 2553 3122 2624 naufragum
3208 2562 3262 2608 te
3313 2555 3664 2624 plvestiteris.

410 2635 546 2689 tales
575 2651 700 2702 erga
747 2647 800 2690 te
846 2653 964 2703 eos,
1012 2641 1106 2710 qui
1155 2643 1318 2697 simul
1359 2644 1632 2716 navigant,
1662 2647 1981 2716 experieris.
2023 2647 2225 2702 Omnes
2251 2646 2417 2716 igitur
2441 2645 2496 2700 in
2520 2645 2717 2714 quietis
2745 2655 2958 2712 portum
2993 2644 3236 2701 secundo
3305 2647 3480 2700 sancti
3541 2645 3666 2716 Spi-

408 2728 550 2782 ritus
585 2727 763 2782 aﬂlatu
801 2731 1025 2798 provehi
1071 2734 1490 2790 contendamus.
1577 2737 1736 2790 Adsit
1784 2738 2018 2808 diligens
2057 2737 2439 2792 mandatorum
2486 2735 2827 2801 exercitatio,
2886 2746 2940 2792 et
2989 2739 3415 2809 gubernaculum
3487 2741 3670 2795 chari-

416 2823 576 2876 tatisi
632 2822 841 2887 Quibus
889 2825 1061 2895 adjuti
1111 2829 1324 2884 tandem
1357 2831 1742 2900 promissionis
1773 2840 1976 2886 terram
2016 2846 2400 2902 assequamur,
2431 2829 2481 2882 in
2514 2845 2619 2898 qua
2651 2830 2756 2883 sita
2791 2839 2875 2886 est
2901 2846 3094 2901 magna
3125 2832 3216 2886 illa
3282 2833 3508 2898 civitas,
3568 2849 3667 2888 eu-

408 2913 501 2984 jus
545 2913 878 2970 architectus
931 2925 985 2972 et
1042 2918 1337 2976 azdificator
1393 2929 1476 2976 est
1527 2922 1780 2978 Christus
1837 2918 1976 2978 Deus
2017 2933 2225 2990 noster,
2265 2923 2355 2977 cui
2391 2921 2568 2998 gloria
2599 2921 2656 2976 in
2689 2928 2974 2976 aeternum.
3008 2924 3205 2978 Amen.

488 3027 535 3059 ⁸⁸
571 3025 714 3083 Psal.
747 3043 857 3097 cvt,
887 3030 974 3086 l9.

421 3209 3658 3264 Μ

1368 3413 1594 3500 ΤΟΥ
1643 3409 2020 3503 ΑΥΤΟΥ
2077 3420 2701 3513 ΓΡΗΓΟΡΙΟΥ

1932 3642 2040 3694 ΕΙΣ
2069 3644 2191 3711 T0,

1037 3840 1080 3890 0
1117 3841 1209 3894 ΔΕ
1241 3841 1666 3910 ΠΟΡΝΕὟὨΝ,
1710 3848 1840 3902 ΕΙΣ
1889 3851 1977 3906 T0
2005 3852 2216 3910 ΙΛΙΟΝ
2246 3857 2438 3914 ΣΩΜΛ
2472 3860 2902 3918 ΑΜΑΡΤΑΝΕΙ
2935 3864 3034 3937 (Ι).

1298 4265 1845 4358 EJUSDEM
1979 4272 2074 4361 S.
2215 4271 2792 4368 GREGOBII

1874 4496 1942 4552 IN
1993 4495 2200 4554 ILLUD

1078 4668 1212 4736 QUI
1238 4669 1744 4742 FORNICATUR,
1800 4675 1884 4732 IN
1920 4677 2312 4735 PROPRIUM
2362 4680 2648 4743 CORPUS
2684 4684 2988 4744 PECCAT.

1661 4853 1888 4906 Gentium
1904 4856 2110 4910 Herveto
2129 4857 2400 4924 interprete.

472 5205 680 5316 ioﬁepi
715 5206 816 5276 τῆς
859 5207 1222 5280 ἀποστολικῆς
1251 5216 1626 5280 παραγγελιας
1655 5217 1689 5286 ἡ
1725 5218 1978 5289 σάλπιγξ,
2009 5230 2057 5285 Α

2025 5230 2057 5285 Α
2104 5315 2113 5316 7
2155 5223 2441 5284 Terribilis
2495 5229 2624 5284 tuba
2653 5231 2940 5300 apostolici
2989 5237 3272 5308 praecepti,
3320 5241 3490 5296 multa
3529 5247 3653 5316 qui-

407 5295 573 5351 πολλὰ
624 5299 723 5368 μὲν
772 5300 865 5353 καὶ⁵
909 5301 1040 5355 ἄλλα
1067 5301 1166 5371 τῆς
1218 5303 1498 5368 εὐσεϐείας
1559 5312 1977 5383 μαρτυρουμένη

2084 5315 2206 5372 dem
2245 5320 2406 5374 etiam
2444 5321 2550 5376 alia
2610 5295 2910 5381 testificans
2967 5295 3234 5384 exercitui
3257 5295 3270 5306 1
3296 5295 3562 5402 pietatis,1
3575 5295 3652 5393 "et

405 5388 651 5458 στρατὸν,
683 5390 916 5460 μάλιστα
959 5392 1016 5444 δὲ
1041 5391 1150 5446 τῶν
1176 5394 1274 5463 τῆς
1303 5396 1660 5468 αἱσχρότητος
1688 5399 1978 5473 βαράθρων

2084 5409 2322 5466 maxime
2349 5425 2446 5468 eos
2471 5413 2747 5483 expellens
2779 5431 2808 5470 a
2836 5417 3096 5477 barathro
3155 5388 3555 5495 turpitudinis:
3601 5439 3652 5486 et

437 5569 514 5670 ﬂ.)
548 5569 1746 5670 95353135.Effluiffhi‘lif’?‘559.9959“?
1779 5582 1962 5670 (ἷΞθὲθΫ
2075 5600 2221 5670 ειυιιο
2266 5594 2322 5641 θί
2367 5591 2673 5670 θιηίῗηάὲιῑον
2717 5597 2875 5668 cuius
2909 5604 3074 5659 variae
3111 5605 3376 5665 lectiones
3417 5611 3470 5664 in
3504 5620 3649 5670 textu

403 5656 510 5697 reae
548 5641 888 5698 bibliothecae
941 5661 1062 5698 cum
1104 5649 1276 5704 altero
1323 5641 1567 5706 Patri-cii"
1594 5641 1746 5709 Junii
1793 5654 1977 5709 oblato
2085 5658 2228 5711 inter
2260 5641 2715 5720 uncbéiiiéiiiétb.

727 5739 996 5803 PATROL.
1031 5743 1147 5802 GR.
1187 5743 1405 5807 XLVI.
1613 5777 1625 5784 -
3283 5777 3358 5833 16
