4124 6352
462 325 561 381 491

1666 310 1722 365 S.
1759 306 2083 364 GliliGURll
2125 307 2164 355 Ν
2181 306 2207 355 ἱ
2224 305 2416 355 ssem

3615 299 3724 356 492

466 442 521 496 in
583 445 686 498 tunc
714 439 876 493 etiam
914 435 1117 491 addens
1146 434 1379 489 militare
1408 437 1735 502 praeceptum
1771 443 1783 477 :
1820 424 2033 494 Fugite.

2142 420 2459 483 ἐλαύνουσα,
2486 416 2578 471 καὶ
2598 416 2661 488 δὴ
2690 416 2783 469 καὶ
2814 413 3200 485 στρατιωτικὸν
3229 415 3286 467 ὲν
3314 410 3390 484 τῷ
3416 411 3560 466 τέλει
3584 430 3718 485 παρα

465 532 664 602 inquit,
714 529 1136 599 fornicationem.
1181 524 1347 581 Omne
1377 531 1678 593 peccatum,
1719 515 1856 587 quod
1913 515 2039 584 fece-

463 627 534 679 rit
585 623 775 684 homo,
844 631 921 674 est
971 630 1123 674 extra
1179 633 1367 686 corpus
1397 616 1436 672 ί.
1487 611 1841 669 Sensibilium
1894 607 2038 662 enim

465 716 729 772 bellorum
772 713 995 778 milites,
1041 726 1186 766 ttuuc
1221 709 1439 779 quidem
1469 705 1717 762 adversis
1765 699 2039 756 frontibus

462 822 700 878 pugnam
756 813 1102 873 CapCSSCDICS
1132 844 1146 865 ,
1181 815 1327 855 nunc
1374 806 1556 852 autem
1595 795 1721 866 fuga
1781 801 1995 848 utentes
2019 833 2036 858 ,

464 900 611 955 acies
633 899 939 964 instruunt.
979 893 1074 950 Est
1102 895 1264 949 etiam
1298 890 1602 944 animarum
1643 887 1864 950 bellum,
1894 884 2039 955 quod

462 1000 516 1047 et
557 990 863 1047 resistendo
921 997 975 1042 et
1020 984 1277 1056 fugiendo
1335 982 1631 1051 prudenter
1666 981 1894 1050 geritur.
1925 976 2039 1031 Iloc

462 1084 640 1138 sciens
672 1082 897 1145 Paulus,
926 1079 1016 1149 qui
1057 1094 1153 1147 per
1183 1083 1471 1143 utramque
1519 1070 1854 1127 instruenda:
1900 1069 2039 1125 aciei

462 1177 811 1230 artificiosam
850 1173 1117 1226 rationem
1166 1168 1318 1221 ducit
1364 1166 1704 1229 exercitum,
1738 1180 1884 1218 nunc
1915 1163 2039 1232 qui-

461 1266 582 1320 dem
627 1263 871 1333 pransipit
913 1270 970 1314 ut
1017 1260 1081 1314 ad
1122 1274 1357 1329 pugnam
1398 1257 1843 1312 committendam
1896 1260 2040 1309 stent

462 1356 698 1410 fortiter.
736 1350 884 1407 State
913 1350 1149 1404 accincti
1179 1348 1381 1401 lumbos
1432 1356 1628 1401 vestros
1658 1348 1710 1399 in
1745 1346 2037 1410 veritate”;

463 1460 610 1501 nunc
660 1454 837 1498 autem
879 1440 1004 1511 fuga
1044 1440 1285 1494 consulit
1316 1438 1566 1508 decipere
1611 1437 1893 1498 inimicos,
1928 1433 2041 1488 Fu-

463 1537 610 1606 gite,
666 1530 942 1600 inquiens,
998 1527 1424 1598 fornicationem.
1482 1523 1539 1577 Si
1602 1524 1774 1577 irruat
1827 1521 2039 1576 bellum

462 1624 897 1687 incredulitatis,
953 1621 1088 1676 utile
1138 1630 1220 1674 est
1270 1619 1345 1672 illi
1389 1616 1661 1672 resistere.
1695 1613 1800 1668 Sed
1839 1615 1882 1667 si
1913 1613 2040 1667 dolo

463 1716 622 1771 nobis
678 1715 918 1769 minetur
955 1713 1140 1773 acies,
1176 1718 1369 1764 contra
1398 1709 1501 1765 hos
1538 1706 1883 1762 adversarius
1923 1704 2039 1774 pul-

463 1808 654 1863 chrum
681 1819 761 1862 cst
789 1807 969 1860 locare
994 1802 1242 1859 insidias.

532 2065 800 2121 Tenditur
821 2080 983 2120 arcus
1004 2065 1322 2120 calumniae:
1351 2064 1480 2117 utile
1504 2071 1587 2117 est
1609 2059 1837 2114 adversa
1865 2058 2041 2113 fronte

460 2159 717 2230 congredi
748 2174 870 2213 cum
907 2158 1208 2213 mendacio.
1242 2156 1472 2223 Quando
1501 2162 1680 2209 autem
1710 2153 1841 2223 jacit
1876 2153 2040 2207 telum

463 2250 637 2306 forma
672 2250 1001 2314 meretricia,
1047 2250 1331 2305 honestum
1373 2257 1457 2302 est
1485 2256 1694 2317 tergum
1727 2256 1955 2307 vertere,
1986 2253 2041 2299 ct

460 2347 748 2402 adversum
774 2343 978 2403 vultum
1009 2340 1215 2412 fugere.
1245 2339 1302 2395 In
1326 2341 1517 2396 oculos
1537 2340 1680 2395 enim
1714 2339 1878 2395 telum
1909 2340 2041 2392 diri-

460 2439 537 2510 git
564 2435 852 2491 fornicatio
878 2452 889 2487 :
918 2441 970 2488 et
993 2440 1209 2503 oportet
1241 2432 1555 2488 meminisse
1588 2434 1839 2503 praecepti
1868 2432 2039 2498 impc-

460 2526 700 2582 ratoris:
743 2526 930 2595 Fugite
963 2524 1388 2592 fornicationem.
1438 2523 1607 2577 llabct
1646 2524 1789 2576 cnim
1836 2524 2038 2593 aliquid

460 2618 634 2688 magis
657 2617 975 2679 timcndmn,
996 2631 1156 2686 quam
1177 2615 1280 2668 alia
1298 2615 1523 2671 scelera.
1544 2613 1675 2668 Nam
1694 2614 1798 2668 alia
1819 2615 2040 2685 quidem

460 2716 682 2780 peccata
720 2706 974 2762 videntur
1002 2707 1276 2762 abstinere
1307 2723 1334 2758 a
1372 2721 1537 2761 carne
1570 2720 1759 2759 eorum
1795 2707 1886 2776 qui
1925 2708 2039 2774 ipsa

461 2801 753 2857 admittunt
781 2818 795 2864 ;
840 2808 895 2854 et
922 2800 1068 2865 quod
1103 2806 1282 2853 actum
1314 2804 1418 2858 cst.
1456 2798 1509 2851 in
1541 2812 1605 2851 eo
1640 2798 1757 2852 solo
1791 2813 1848 2852 se
1871 2797 2039 2860 sistit,

461 2892 610 2963 quod
659 2891 890 2960 suscipit
917 2890 1187 2944 actionem
1232 2908 1243 2942 :
1282 2898 1339 2941 ut
1376 2890 1429 2942 in
1471 2888 1697 2957 rapinis,
1735 2902 1921 2942 eorum
1957 2896 2042 2941 cst

463 2988 640 3042 solum
697 2985 955 3039 damnum
982 3022 997 3046 ,
1053 2983 1253 3053 quibus
1288 2989 1374 3035 est
1410 2991 1642 3050 raptum.
1678 2980 1733 3034 In
1781 2979 1915 3035 vitio
1951 2979 2039 3033 in-

461 3081 639 3143 vidim,
683 3078 735 3133 id
775 3078 1011 3146 erumpit
1042 3073 1097 3128 in
1150 3088 1245 3129 eos
1294 3074 1469 3126 soluat
1510 3071 1709 3141 quibus
1744 3070 2037 3125 invidetur.

461 3168 521 3223 lu
561 3166 933 3239 syc0pliantiis
969 3173 1025 3220 et
1076 3163 1391 3221 calumniis.
1442 3163 1489 3217 si
1537 3164 1619 3218 eis
1656 3161 1789 3216 fides
1832 3160 2038 3215 habea-

460 3271 571 3328 tur,
623 3259 671 3315 is
710 3261 860 3315 solus
895 3265 1124 3339 vocatur
1171 3256 1225 3310 in
1267 3255 1565 3325 periculum
1589 3295 1604 3319 ,
1637 3254 1729 3323 qui
1764 3253 1843 3308 eis
1878 3268 2038 3323 appe-
2060 3300 2075 3309 .

462 3354 615 3407 titur.
678 3352 735 3405 lu
790 3352 858 3405 iis
891 3363 1109 3419 quoque
1166 3347 1461 3408 similiter,
1514 3345 1609 3414 qui
1659 3344 1860 3399 caedem
1900 3346 2042 3399 fece-

461 3450 611 3509 runt,
660 3442 779 3511 ejus
819 3449 921 3505 est,
954 3438 1009 3493 in
1038 3452 1197 3508 quem
1225 3436 1365 3491 facta
1406 3442 1511 3499 est,
1548 3434 1928 3490 infortunium.
1983 3433 2040 3488 Si

461 3537 587 3606 quis
650 3533 985 3588 nefariorum
1026 3529 1300 3585 factorum
1342 3536 1703 3597 persequatur
1751 3527 1995 3582 actiones
2020 3567 2035 3592 ,

462 3626 701 3683 inveniet
742 3638 929 3679 eorum
962 3621 1204 3692 quidem,
1233 3620 1327 3690 qui
1356 3619 1563 3674 faciunt
1608 3618 1887 3688 injuriam,
1915 3618 2041 3688 par-

463 3728 570 3775 tom
605 3714 845 3780 lucrari;
876 3728 1065 3769 eorum
1108 3718 1311 3774 autent,
1346 3710 1547 3780 quibus
1589 3710 1646 3763 fit
1678 3710 1901 3779 injuria,
1938 3713 2038 3764 da-

459 3820 648 3861 mnum
699 3804 968 3875 accipere.
1008 3801 1325 3857 Fornicatio
1380 3809 1560 3855 autem
1622 3815 1731 3855 non
1808 3801 2039 3870 suscipit

460 3894 730 3969 ejusmodi
779 3895 1105 3951 divisionem
1133 3912 1152 3949 :
1180 3908 1281 3948 nec
1320 3894 1476 3961 ejus,
1512 3892 1606 3962 qui
1660 3907 1861 3963 passus
1906 3901 1991 3948 est
2021 3930 2037 3958 ,

462 3990 732 4046 actionem
768 3995 985 4057 separat
1034 3986 1103 4040 ab
1152 3999 1218 4038 eo
1269 3985 1361 4054 qui
1402 3985 1546 4053 egit,
1605 3985 1701 4040 sed
1747 3995 2040 4054 utrumque

460 4084 627 4140 simul
655 4081 869 4145 evertit,
923 4086 978 4135 et
1019 4078 1240 4150 colligat
1278 4079 1557 4132 communi
1608 4078 1829 4132 vinculo
1863 4080 2038 4148 pollu-

352 4170 359 4177 ’
460 4176 644 4233 tionis.
700 4173 937 4229 Possunt
998 4172 1185 4237 avari,
1245 4185 1369 4225 cum
1426 4171 1593 4224 alimn
1655 4171 1856 4226 damno
1912 4172 2041 4225 alie-

459 4270 654 4329 cerint,
727 4266 830 4337 ipsi
927 4264 1077 4319 nullo
1145 4263 1350 4318 damno
1435 4262 1592 4318 allici.
1657 4262 2038 4318 Foruicatores

459 4368 639 4415 autem
674 4373 782 4412 non
812 4363 1045 4426 possunt
1088 4368 1289 4424 corpus
1322 4354 1521 4423 probro
1559 4364 1611 4408 ct
1638 4354 1904 4410 dedecore
1926 4355 2040 4408 alli-

2141 513 2390 582 άγγελμα
2428 507 2849 582 [στρατιωτικὴν
2885 506 3020 579 πρὸς
3053 505 3128 575 τῷ
3151 505 3293 558 τέλει
3328 503 3723 576 παραγγελίαν]
3754 499 3760 510 ’

2142 604 2511 673 προστιθεῖσα.
2548 603 2802 670 Φεύτετηε
2855 599 2985 670 γὰρ,
3039 599 3210 669 φησι,
3257 598 3374 665 τὴν
3417 598 3723 666 πορνείαν.

2139 695 2269 751 Πᾶν
2288 695 2618 765 ἁμάρτημα,
2644 693 2674 746 ὃ
2695 693 2803 745 ἐὰν
2820 691 3045 760 ποιήσῃ
3063 691 3395 759 ἅνθρωπος,
3424 689 3596 755 ἐκτὸς
3619 688 3731 743 τοῦ

2140 787 2411 855 σώματός
2434 786 2622 840 ἐστιν.
2652 784 2715 836 Οἱ
2738 784 2830 836 καὶ
2852 780 3007 853 [γὰρ]
3022 780 3128 835 τῶν
3150 779 3423 851 αἰσθητῶν
3459 778 3726 851 στρατιῶ-

2140 896 2229 931 ται
2268 878 2554 948 πολέμων,
2586 875 2681 929 νῦν
2732 876 2828 946 μὲν
2879 871 3278 944 ἀντιπροσὼπῳ
3314 871 3579 943 συμϐολῇ,
3631 871 3728 925 νῦν

2140 969 2196 1022 δὲ
2260 972 2407 1041 φυγῇ
2460 966 2810 1039 κεχρημένοι,
2866 966 2966 1030 τὰς
3014 964 3351 1036 παρατάξεις
3392 964 3724 1033 σοφίζονται.

2146 1063 2298 1115 Ἔστι
2322 1062 2414 1114 καὶ
2442 1060 2675 1129 πόλεμος
2708 1058 2907 1129 ψυχῆς,
2942 1057 3254 1112 ἀντιστάσει
3279 1054 3375 1110 καὶ
3403 1046 3548 1127 φυγῇ
3579 1069 3730 1124 σοφι-

2142 1157 2385 1228 ζόμενος,
2423 1157 2593 1210 Τοῦτο
2619 1158 2646 1209 6
2673 1154 2884 1216 Παῦλος
2913 1153 3090 1217 εἰδὼς,
3119 1154 3147 1206 6
3172 1152 3274 1222 τῆς
3315 1150 3597 1215 εὐσεϐείας
3640 1167 3731 1203 τας

2141 1249 2342 1304 κτικῶν
2371 1250 2452 1302 δι’
2497 1247 2810 1318 ἀμφοτέρας
2848 1247 2995 1315 ἄγων
3028 1245 3118 1298 τὸν
3162 1243 3390 1316 στρατὸν
3454 1242 3729 1313 ὲντεχνίας

2143 1338 2491 1414 [εὐτεχνίας],
2522 1339 2616 1394 νῦν
2645 1339 2742 1409 μὲν
2771 1339 2868 1408 τὴν
2889 1336 3050 1408 [πρὸς
3087 1335 3208 1407 τὴν]
3244 1335 3427 1407 μάχην
3463 1333 3729 1404 ἐπιμονὴν

2141 1431 2544 1504 παραγγέλλει*
2576 1429 2789 1499 Στῆτε,
2823 1425 3286 1498 περιζωσάμενοι
3343 1426 3459 1494 τὴν
3528 1424 3730 1494 ὀσφὺν

2140 1524 2307 1594 ὑμῶν
2330 1524 2399 1577 ἐν
2420 1522 2669 1589 ἀληθείᾳ
2694 1538 2706 1551 ο
2749 1520 2843 1575 νῦν
2868 1518 2925 1573 δὲ
2960 1521 3107 1590 φυγῇ
3138 1517 3453 1588 σοφίζεσθαι
3478 1517 3540 1570 τὸ
3569 1515 3730 1570 πολε-

2145 1617 2278 1688 μοῦν
2313 1614 2692 1686 συμϐουλεύει·
2716 1614 2970 1683 Φεύγετε
2993 1612 3109 1681 τὴν
3129 1612 3436 1682 πορνείαν.
3470 1610 3532 1665 Et
3568 1610 3727 1665 πόλε-

2147 1726 2246 1780 μσς
2274 1707 2534 1771 ἀπιστίας
2579 1706 2860 1778 προσϐάλῃ
2879 1746 2893 1768 ,
2932 1706 3201 1777 χρήσιμος
3234 1704 3371 1776 πρὸς
3399 1704 3605 1758 ἐκεῖνον
3629 1703 3697 1759 ἀν
3720 1733 3729 1741 ·

2072 1780 2115 1836 Β
2142 1800 2406 1862 τίστασις.
2433 1801 2496 1853 Εἰ
2539 1800 2595 1852 δὲ
2623 1797 2815 1869 δολερά
2847 1795 2938 1870 [ἂν
2978 1795 3166 1869 δόλων]
3200 1796 3505 1850 ἀπειλεῖται
3544 1795 3728 1866 παρά-

2141 1891 2316 1956 ταξις,
2354 1890 2493 1961 καλὴ
2530 1892 2563 1961 ἡ
2595 1889 2729 1960 πρὸς
2767 1889 2991 1951 τούτους
3019 1886 3429 1956 ἀνταγωνιστὰς
3454 1886 3730 1959 προσέδρα

2145 1979 2515 2054 [προσεδρεία]

2220 2076 2315 2128 ’Ἂν
2358 2070 2450 2127 οὖν
2499 2073 2867 2142 συκοφαντιῶν
2919 2072 3241 2144 ἐπιφέρεται
3290 2069 3472 2135 τόξον,
3513 2070 3728 2124 λυσιτεα

2143 2166 2225 2219 λεῖ
2286 2169 2320 2237 ἡ
2389 2165 2801 2237 ἀντιπρόσωπος
2872 2163 3112 2234 συμϐολὴ
3180 2162 3316 2232 πρὸς
3384 2161 3446 2214 τὸ
3510 2160 3726 2230 ψεῦδος.

2146 2259 2312 2311 Ὅταν
2345 2257 2400 2310 δὲ
2444 2256 2625 2329 μορφὴ
2653 2255 2884 2328 πορνικὴ
2918 2254 3151 2325 τοξεύῃ,
3203 2253 3350 2308 νῶτα
3395 2253 3596 2307 διδόναι
3633 2251 3728 2307 καὶ

2141 2349 2240 2420 τὴν
2288 2349 2700 2419 ἀντιπρόσωπον
2741 2347 2982 2418 φεύγειν.
3042 2344 3407 2411 Κατατοξεύει
3455 2344 3564 2416 γὰρ
3604 2344 3727 2399 κατ’

2142 2440 2435 2511 ὀφθαλμῶν
2466 2443 2497 2510 ἡ
2521 2438 2746 2510 πορνεία
2771 2455 2782 2468 ·
2808 2438 2888 2492 διὸ
2921 2435 3228 2509 μεμνῆσθαι
3256 2436 3340 2490 δεῖ
3364 2434 3456 2489 τοῦ
3494 2452 3730 2507 στρατη-

2141 2531 2240 2600 γοῦ
2282 2531 2743 2602 παραγγέλλοντος
2767 2547 2780 2563 ·
2811 2531 3063 2600 Φεύγετε
3095 2530 3399 2597 πορνείαν.
3433 2528 3588 2581 Ἔστι
3619 2529 3728 2599 γάρ

2142 2641 2194 2677 τι
2232 2623 2341 2676 τῶν
2382 2623 2555 2676 ἄλλων
2604 2622 3036 2694 πονηρευμάτων
3070 2618 3443 2690 φοϐερώτερον
3475 2617 3731 2691 [φευκτό-

2141 2714 2344 2786 τερον].
2375 2715 2454 2768 Τά
2487 2714 2586 2786 μὲν
2618 2714 2726 2785 γὰρ
2759 2713 2894 2768 ἄλλα
2927 2713 3027 2785 τῆς
3057 2712 3330 2784 ἁμαρτίας
3374 2712 3521 2767 κακὰ
3552 2712 3729 2781 φείδε-

2144 2808 2269 2862 σθαι
2331 2806 2476 2859 δοκεῖ
2518 2808 2615 2877 τῆς
2670 2805 2779 2858 τῶν
2852 2804 3200 2877 πραττόντων
3244 2803 3447 2876 σαρκὸς
3472 2842 3488 2868 ,
3524 2804 3619 2857 καὶ
3667 2803 3728 2856 τὸ

2144 2897 2384 2970 πραχθὲν
2418 2899 2496 2960 είς
2530 2896 2688 2966 μόνον
2710 2895 2803 2949 τὸν
2832 2895 2931 2966 τὴν
2971 2895 3169 2967 πρᾶξιν
3203 2893 3549 2964 ἐνδεχόμενον
3579 2893 3731 2963 ἵστη-

2144 3006 2247 3043 σινσ
2277 2984 2386 3043 οἷον
2408 2990 2465 3043 ἐν
2492 2989 2784 3060 ἁρπαγαῖς,
2812 2987 2921 3040 τῶν
2951 2984 3339 3059 ἁρπασθέντων
3373 2985 3436 3038 τὸ
3466 2983 3730 3056 ζημίωμα

2149 3082 2341 3152 μόνον·
2386 3084 2444 3135 ὲν
2496 3083 2562 3152 τῇ
2614 3079 2723 3133 τῶν
2770 3078 3152 3149 φθονουμένων
3209 3076 3374 3148 ἰσχύϊ,
3416 3077 3544 3147 περὶ
3601 3077 3729 3139 τοὺς

2145 3170 2539 3241 φθονουμένους
2580 3169 2643 3222 τὸ
2688 3167 2858 3233 πάθος
2889 3168 3260 3240 ἐκρήγνυταιο
3304 3169 3362 3220 ὲν
3403 3167 3524 3229 ταῖς
3572 3182 3729 3219 συκο-

2145 3258 2413 3327 φαντίαις,
2451 3258 2579 3311 ὅταν
2603 3256 2806 3327 τύχωσι
2832 3256 3088 3319 πίστεως,
3124 3256 3282 3326 μόνος
3317 3254 3544 3329 [μόνων]
3567 3251 3727 3320 αὖθις

2142 3350 2237 3403 τοῦ
2270 3349 2772 3420 συκοφαντουμένου
2808 3348 2938 3419 [τῶν
2969 3346 3521 3419 συκοφαντουμένων]
3556 3348 3585 3400 6
3614 3347 3730 3401 κίν-

2141 3442 2329 3506 δυνος·
2378 3443 2436 3495 ἐν
2480 3441 2536 3495 δὲ
2585 3439 2840 3511 φονεῦσι,
2883 3438 2977 3492 τοῦ
3026 3438 3372 3508 φονευθέντος
3400 3438 3462 3492 τὸ
3495 3438 3730 3511 δυσπρά-

2142 3550 2330 3604 γημα·
2377 3534 2471 3586 καὶ
2515 3534 2697 3587 πᾶσαν
2745 3532 2853 3585 τῶν
2897 3529 3074 3601 ἔργων
3116 3530 3316 3584 ἀδίκων
3363 3530 3730 3604 ἐπερχόμενος

2144 3626 2373 3699 πρᾶξιν,
2416 3627 2636 3697 εὑρήσει
2663 3642 2745 3688 τις
2778 3623 2865 3696 [ἄν
2896 3622 3001 3695 τις]
3048 3624 3174 3687 τοὺς
3233 3622 3332 3692 μὲν
3383 3621 3725 3689 ἀδικοῦντας,

2143 3719 2537 3792 κερδαίνοντας,
2588 3716 2985 3786 ζημιουμένους
3038 3713 3095 3767 δὲ
3147 3714 3272 3776 τοὺς
3319 3712 3725 3784 ἀδικουμένους.

2142 3809 2374 3881 Πορνεία
2422 3808 2478 3861 δὲ
2535 3807 2635 3877 τὴν
2672 3805 2926 3876 τοιαύτην
2971 3805 3070 3857 οὐκ
3119 3799 3226 3857 οἶδε
3276 3803 3574 3875 διαίρεσιν*
3602 3803 3727 3857 οὐδὲ

2141 3899 2365 3971 χωρίζει
2399 3899 2499 3969 τὴν
2544 3898 2640 3950 τοῦ
2671 3897 2932 3959 παθόντος
2958 3897 3022 3948 ἐκ
3053 3894 3145 3949 τοῦ
3167 3896 3465 3966 δράσαντος
3500 3894 3725 3966 πρᾶξιν,

2140 3992 2274 4045 ἀλλὰ
2328 3990 2799 4059 συγκαταστρέφει
2857 3988 2953 4059 μὲν
3010 3987 3147 4058 πρὸς
3192 3985 3393 4059 ζημίαν
3463 3987 3727 4059 ὲπικοίνῳ

2144 4083 2485 4137 συνάπτουσα
2508 4081 2818 4153 [ὲπίκοινοψ
2852 4080 3107 4133 συνάπτει
3128 4078 3208 4150 δὲ]
3238 4078 3421 4150 δεσμῷ
3448 4078 3723 4150 μολυσμοῦ

2139 4176 2230 4229 τὸν
2247 4175 2443 4246 πόρνον
2465 4176 2557 4227 καὶ
2581 4173 2678 4245 τὴν
2706 4174 2931 4245 πόρνην,
2946 4171 3039 4225 καὶ
3058 4169 3426 4241 καταισχύνας
3454 4171 3515 4224 τὸ
3539 4170 3722 4241 σῶμα,

2140 4265 2218 4336 τῷ
2244 4264 2691 4334 καταισχυνθέντι
2719 4264 3245 4336 συγκαταισχύνεται
3264 4280 3278 4294 ·
3313 4267 3439 4329 τοὺς
3470 4265 3725 4336 φονεύον-

2140 4374 2237 4421 τας
2259 4397 2273 4421 ,
2306 4358 2363 4409 ὲν
2417 4355 2494 4426 τῷ
2524 4356 2793 4420 κτείνειν,
2827 4356 3099 4427 ἐνδέχεται
3146 4355 3220 4428 μὴ
3262 4356 3726 4429 συναποθνήσκειν

459 4463 582 4502 cere
612 4486 626 4509 ,
671 4445 801 4515 quin
837 4445 1000 4500 etiam
1056 4444 1218 4497 simul
1277 4459 1399 4497 cum
1446 4459 1512 4498 eo
1577 4445 1671 4514 qui
1718 4446 1917 4513 probro
1952 4456 2038 4502 est

2143 4451 2256 4512 τοῖς
2311 4447 2677 4517 φονευθεῖσιν·
2720 4449 2747 4499 6
2777 4448 2833 4500 δὲ
2866 4447 3098 4517 μολύνας
3126 4447 3226 4519 τὴν
3259 4448 3458 4520 σάρκα,
3502 4465 3725 4503 συναπο-

458 4537 704 4598 aﬂcctus,
750 4532 852 4603 ipsi
886 4547 1104 4602 quoque
1132 4532 1333 4601 probro
1359 4532 1680 4588 afficiantur.
1716 4534 1777 4606 [li
1808 4538 1900 4606 qui
1936 4553 2035 4592 oc-

2144 4540 2295 4593 λαύει
2316 4538 2411 4592 τοῦ
2442 4537 2740 4609 μολυσμοῦ.

458 4632 669 4694 cidunt,
702 4629 905 4683 aedem
939 4628 1221 4692 facientes,
1251 4626 1364 4681 fieri
1394 4635 1590 4696 potest,
1617 4636 1676 4682 ut
1710 4645 1816 4685 non
1857 4633 2024 4690 simul
2063 4635 2383 4691 occidantur
2413 4647 2537 4687 cum
2570 4633 2635 4687 iis
2658 4633 2749 4701 qui
2780 4639 2909 4689 sunt
2932 4632 3248 4700 interfecti]
3275 4632 3725 4693 Fornicatoribus

458 4738 661 4790 autem,
697 4727 742 4782 si
775 4739 994 4780 carnem
1024 4723 1448 4795 inquinaverint,
1481 4726 1718 4780 nonlicet
1749 4742 1870 4784 esse
1899 4731 2120 4787 mundis
2145 4731 2212 4785 ab
2240 4727 2669 4799 inquinamento.

529 4915 827 4973 Considera
862 4928 1040 4971 autem
1077 4914 1208 4968 mihi
1257 4913 1359 4968 hac.
1406 4914 1460 4968 in
1513 4930 1571 4970 re
1608 4915 1761 4972 Pauli
1814 4921 2033 4976 subtili-

455 5014 645 5063 tatem.
706 5005 918 5077 Fugite,
963 5004 1158 5075 inquit,
1215 5004 1639 5073 fornicationem.
1689 4994 1802 5063 Cur
1843 5010 2031 5081 ?quoo

456 5101 605 5154 niam
644 5114 797 5153 omne
828 5107 1119 5166 peccatum,
1163 5096 1301 5167 quod
1336 5096 1516 5164 fecerit
1565 5096 1739 5166 homo,
1770 5110 1846 5154 est
1876 5112 2029 5158 eastra

456 5207 646 5262 corpus
671 5189 690 5261 (
715 5204 908 5260 nempe
939 5188 1183 5257 corporis
1210 5202 1318 5242 non
1354 5203 1711 5257 corrumpens
1752 5200 2029 5259 naturam,

456 5290 512 5338 et
548 5296 656 5336 non
711 5281 1019 5337 consistens
1050 5279 1117 5334 ad
1151 5279 1520 5335 membrorqu
1569 5280 1945 5349 ignominiam,
1978 5294 2037 5341 et

457 5387 566 5427 non
606 5372 933 5441 completum
982 5370 1392 5441 inquinamento
1437 5372 1703 5442 corporis,
1766 5373 1863 5429 sed
1911 5376 2038 5432 effe-

455 5470 605 5517 ctum
634 5460 789 5517 extra
830 5462 1089 5517 damnum
1132 5464 1403 5532 corporis,
1440 5464 1584 5534 quod
1635 5464 1685 5517 id
1717 5467 1827 5537 egit
1858 5468 1906 5536 );
1937 5469 2037 5540 qui

457 5561 641 5608 autem
671 5554 995 5621 fornicatur,
1041 5555 1093 5609 in
1129 5556 1408 5626 proprium
1447 5572 1647 5627 corpus
1681 5573 1890 5630 peccat,
1919 5574 2035 5635 πρυ

522 5734 546 5770 ⁸
573 5733 597 5791 1
620 5735 747 5792 Cor.
779 5751 851 5803 vr,
898 5736 977 5790 18.
1056 5741 1074 5769 ²
1106 5736 1301 5808 Ευὶιιις.
1346 5756 1420 5804 vt,
1451 5739 1531 5793 M.

2212 4923 2326 4979 Καὶ
2356 4921 2547 4976 σκόπει
2597 4936 2686 4988 μοι
2725 4917 2822 4990 τὴν
2852 4918 2931 4982 είς
2973 4916 3130 4971 τοῦτο
3166 4916 3258 4970 τοῦ
3290 4916 3499 4971 Παύλου
3530 4895 3739 4975 λεπτοοξ

2144 5013 2347 5086 λοχίαν.
2382 5014 2632 5084 Φεύγετε
2652 5051 2667 5075 ,
2697 5010 2853 5081 φησι,
2891 5008 3009 5078 τὴν
3037 5009 3342 5078 πορνείαν.
3374 5006 3471 5061 Διά
3520 5008 3610 5073 τί;
3643 5008 3725 5061 δτι

2142 5101 2620 5177 1.“ᾶνὰμάρ;·ηιια,
2644 5105 2676 5159 ὃ
2691 5105 2801 5160 ἐὰν
2827 5104 3052 5172 ποιήσῃ
3079 5098 3597 5170 ἀνθρωπος,ὲκτὸς
3618 5100 3724 5154 τοῦ

2137 5196 2417 5267 σώματός
2456 5195 2584 5251 ἐστι
2629 5195 2716 5267 (τῇ
2766 5195 2862 5249 τοῦ
2910 5196 3160 5266 σώματος
3209 5190 3284 5262 μὴ
3332 5190 3724 5261 λυμαινόμενον

2147 5289 2337 5360 φ33εν
2370 5288 2485 5344 ἀλλ’
2508 5286 2614 5357 ἔξω
2649 5288 2743 5343 τοῦ
2770 5289 2869 5361 τὴν
2906 5285 3108 5359 βλάϐην
3130 5282 3430 5355 πράξαντος
3473 5281 3722 5352 σώματος

2144 5381 2470 5453 ἐνεργεῖται)
2488 5395 2501 5413 '
2526 5382 2555 5434 6
2579 5380 2635 5433 δὲ
2666 5380 2966 5455 πορνεύων,
2990 5380 3068 5441 εἰς
3097 5376 3159 5429 τὸ
3194 5374 3322 5427 ἴδιον
3353 5372 3511 5445 σῶμα
3540 5375 3723 5445 ἀμαρ-

2143 5472 2293 5525 τάνει
2330 5487 2343 5501 ’
2377 5470 2476 5543 οὐχ
2523 5468 2709 5543 ὥσπερ
2738 5473 2766 5524 6
2799 5469 2990 5541 φονεὺς
3021 5468 3101 5530 είς
3144 5464 3448 5535 ἀλλότριον,
3479 5462 3722 5533 ἄτρωτον

2146 5563 2338 5620 ἑαυτοῦ
2375 5563 2533 5636 σῶμα
2556 5563 2865 5634 συντηρῶν·
2899 5563 2997 5633 οὐχ
3023 5560 3211 5629 ὥσπερ
3240 5557 3268 5610 6
3297 5554 3620 5625 πλεονέκτης
3642 5554 3721 5620 είς
