4124 6352
312 330 410 384 495

1549 329 1828 385 CONTRA
1856 330 2335 388 FORNICABIOS.

3477 336 3584 393 494

310 452 512 519 ἕτερον,
545 447 641 518 τὴν
680 446 775 516 τῆς
813 445 948 508 ἰδίας
978 445 1178 514 σαρκὸς
1216 445 1617 515 φυλαττόμενος
1656 445 1889 516 βλάϐην·

1998 447 2140 501 sicut
2166 446 2438 500 homicida
2475 447 2530 502 in
2563 449 2821 514 alienum,
2849 450 3253 506 invulneratum
3281 464 3442 505 suum
3464 467 3583 508 cor-

309 543 421 596 ἀλλ’
448 542 608 604 αὐτὸς
643 539 835 592 ἑαυτοῦ
879 538 1200 609 διαφθορεὺς
1228 541 1255 591 6
1284 539 1509 610 πόρνος,
1534 539 1695 602 αὐτὸς
1719 539 1896 610 ἐαυτῷ

309 634 367 686 τὸ
415 633 512 702 τῆς
555 631 775 700 ἀτιμίας
828 629 1140 700 περιπείρει
1195 629 1366 699 βέλος.
1417 631 1474 684 ’0
1533 631 1770 701 κλέπτης
1811 632 1896 684 ἵνα

309 725 484 798 θρέψῃ
515 725 574 777 τὸ
612 723 792 794 σῶμα,
827 722 1001 791 τολμᾷ
1039 721 1136 792 τὴν
1178 721 1413 793 κλοπήν·
1447 725 1476 775 6
1510 725 1706 795 πόρνος
1737 724 1792 776 δι
1827 727 1893 794 τῇ

310 819 408 890 τῆς
448 819 581 881 ἰδίας
630 815 832 888 σαρκὸς
878 814 1232 886 προσεδρεύει
1281 814 1521 888 λῃστείᾳ.
1565 817 1668 869 Τὸν
1708 817 1895 869 πλεον-

309 911 492 982 ἐκτην,
514 910 647 980 πρὸς
665 907 915 979 ἁρπαγὴν
932 905 1164 976 ἐρεθίζει
1188 907 1602 980 φιλοκερδ[ε]ίας
1619 909 1828 980 [φιλοκε
1838 927 1896 980 ρ-

309 1003 422 1074 δὴς]
454 1003 709 1072 λογισμός
730 1022 743 1035 ο
788 999 1014 1072 πορνεία
1037 997 1115 1062 δὲ,
1159 1000 1330 1070 ζημία
1357 1003 1483 1072 περὶ
1507 1000 1602 1054 τοῦ
1623 999 1746 1072 [καὶ
1775 1001 1894 1072 τοῦ]

312 1101 560 1169 σώματος
594 1101 942 1170 σεμνότητος.
988 1097 1078 1169 Τῷ
1113 1098 1368 1168 βασκάνῳ
1397 1095 1796 1159 κατασκευάζει
1833 1095 1894 1146 τὸ

310 1193 476 1255 πάθος
498 1192 849 1262 δοξαζόμενος
877 1192 1080 1260 ἕτερος·
1101 1192 1131 1243 6
1161 1190 1354 1260 πόρνος
1388 1187 1444 1240 δὲ
1465 1189 1563 1256 τὴν
1595 1186 1729 1240 ἰδίαν
1759 1187 1891 1240 αύτ-

308 1287 496 1354 ουργεῖ
531 1283 742 1347 ἀδοξίαν
777 1281 898 1354 [τῆς
954 1283 1085 1345 ἰδίας
1121 1283 1267 1334 ἐστὶν
1298 1280 1596 1350 αὐτουργὸς
1628 1278 1888 1347 ἀδοξίας].

309 1377 373 1430 Τί
400 1375 507 1446 γὰρ
535 1375 854 1446 ἀτιμότερον
906 1374 1238 1443 σκευοφόρον
1285 1373 1570 1442 πορνείας;
1604 1373 1759 1424 Πᾶσα
1790 1371 1890 1439 μὲν

309 1469 492 1534 ἄδοξος
525 1469 624 1538 τῆς
666 1468 939 1539 ἁμαρτίας
971 1465 1185 1520 δουλεία
1216 1484 1228 1494 ·
1256 1467 1445 1535 ἀτιμοῖ
1473 1464 1581 1534 γὰρ
1613 1462 1756 1534 [τῆς]
1784 1463 1888 1531 ψυ-

308 1566 410 1632 χῆς
446 1561 544 1630 τὴν
579 1560 872 1628 εὐγένειαν.
919 1560 977 1611 '0
1028 1558 1085 1611 δὲ
1125 1558 1320 1628 πόρνος
1345 1557 1620 1627 ἁμαρτίας
1649 1555 1892 1620 ἀδοξότε-

311 1672 402 1725 ρος
448 1654 651 1717 δοῦλος.
681 1652 948 1725 Βόρϐορον
994 1651 1101 1722 γὰρ
1132 1650 1342 1704 ἀντλεῖν
1368 1651 1497 1719 παρ’
1529 1649 1696 1718 αὐτῆς
1737 1663 1892 1699 τετα-

307 1746 540 1816 γμένος,
575 1744 849 1815 μολυσμοῦ
905 1743 1124 1810 συνάγει
1177 1742 1388 1814 σωρὸν,
1437 1741 1530 1794 καὶ
1580 1739 1890 1810 ἀκάθαρτον

305 1838 607 1908 λειτουργεῐ
636 1838 916 1908 ἐργασίαν.
947 1839 1016 1890 Ἢ
1045 1838 1102 1890 ού
1127 1836 1298 1889 δεινὸν
1333 1832 1680 1902 ἐγκυλίεσθαι
1714 1833 1888 1903 πηλῷ,

305 1930 622 2001 αίσχρότητι
651 1929 954 2001 τρίϐεσθαι,
997 1930 1196 2000 ῥάκους
1230 1927 1372 1998 ἔχειν
1391 1926 1452 1979 τὸ
1482 1925 1640 1995 σῶμα
1659 1926 1724 1978 οὺ
1751 1925 1893 1978 διαλ-

304 2019 528 2084 λάττον;
559 2020 695 2072 Ποία
735 2019 842 2090 γὰρ
875 2019 1072 2089 ρἀους
1121 2018 1216 2071 καὶ
1250 2016 1450 2087 πόρνου
1481 2014 1714 2086 διαφορά
1745 2033 1758 2080 ;
1785 2014 1891 2067 Τοῦ

302 2103 402 2179 τῆς
462 2109 788 2180 Ἐκκλησίας
837 2108 1190 2179 ἀποσχίζεται
1251 2106 1534 2176 σώματος’
1609 2105 1890 2176 φθείρεται

303 2200 648 2273 καθημερινῇ
686 2200 941 2270 σηπεδόνι
961 2201 1081 2263 ταῖς
1110 2199 1211 2269 τῆς
1247 2197 1521 2269 ἁμαρτίας
1553 2197 1787 2266 ἡδοναῖς,
1813 2196 1889 2260 ὡς

303 2295 576 2364 ἄχρηστον
617 2293 1070 2365 ὲναπορῤίπτεται
1114 2292 1298 2361 ῥάκος,
1327 2293 1505 2342 κεῖται
1547 2291 1682 2342 πᾶσι
1718 2305 1886 2342 κατα-

304 2387 535 2458 πάτημα
553 2389 665 2450 τοῖς
698 2387 966 2456 δαίμοσιν.
992 2387 1087 2449 Εἰς
1116 2385 1278 2438 αὑτὸν
1305 2387 1334 2438 6
1352 2383 1597 2446 διάϐολος
1627 2383 1726 2452 τὴν
1751 2381 1887 2435 ἰδίαν

303 2479 682 2550 ἀπομάσσεται
711 2480 892 2549 σῆψιν.

1999 555 2102 609 pus
2130 555 2504 595 conservans:
2539 557 2647 596 non
2681 543 2826 598 sicut
2853 558 3051 600 avarus
3081 543 3136 598 in
3179 544 3434 608 alterum,
3467 559 3581 600 sua:

1999 632 2182 688 carnis
2220 648 2420 688 cavens
2467 632 2821 689 offensionem
2860 655 2873 691 :
2919 637 3014 692 sed
3061 636 3178 706 ipse
3226 636 3312 691 sui
3383 653 3579 693 corru-

1996 735 2138 793 ptor,
2177 726 2474 782 fornicator
2509 729 2801 799 conﬁgitur
2840 729 2957 799 ipse
2997 729 3105 784 telo
3159 744 3273 784 sua:
3315 730 3577 788 infamiae.

1996 815 2106 870 Fur
2136 826 2192 870 ut
2243 818 2351 870 alat
2393 833 2612 888 corpus,
2666 819 2830 874 audet
2878 819 3099 890 aggredi
3156 819 3392 878 facinus.
3436 821 3576 876 For-

1996 907 2210 962 nicator
2261 917 2442 962 autem
2481 925 2595 964 sua:
2641 909 2792 964 carni
2847 917 3006 980 parat
3054 910 3287 968 insidias
3313 954 3328 977 ,
3360 920 3419 967 ut
3457 928 3579 968 eam

1996 999 2358 1068 depraedctur.
2404 1002 2641 1057 Avarum
2697 1003 2764 1056 ad
2795 1003 3040 1072 rapinam
3073 1005 3270 1059 incitat
3315 1006 3452 1060 lucri
3481 1021 3580 1076 ap-

1996 1101 2188 1160 petens
2239 1094 2540 1163 cogitatio:
2585 1094 2876 1150 fornicatio
2926 1105 3105 1152 autem
3157 1097 3418 1153 damnum
3477 1099 3577 1152 ho-

1998 1188 2226 1240 nestatis
2270 1188 2542 1256 corporis.
2612 1186 2820 1242 Invidia
2883 1189 3046 1244 struit
3077 1189 3292 1246 facinus
3318 1230 3333 1254 ,
3370 1197 3424 1245 et
3456 1190 3576 1261 glo-

1995 1279 2131 1332 riam
2168 1279 2322 1332 alteri
2358 1280 2513 1333 affert
2545 1279 2881 1334 :fornicator
2910 1288 3090 1334 autem
3131 1281 3239 1336 sibi
3271 1296 3428 1336 suam
3448 1297 3577 1352 ope-

1995 1374 2149 1420 ratur
2200 1367 2575 1436 ignominiam.
2631 1368 2772 1434 Quid
2827 1377 2912 1424 est
2965 1371 3108 1424 enim
3170 1371 3574 1432 fornicatione.

1994 1474 2114 1525 qua:
2142 1470 2399 1527 tanquam
2436 1459 2542 1512 lixa
2595 1459 2697 1514 fert
2755 1460 3142 1529 impedimenta
3177 1501 3192 1525 ,
3257 1462 3475 1531 turpius
3522 1471 3578 1518 cl

1994 1550 2459 1620 ignominiosius?
2507 1549 2698 1607 Omnis
2753 1555 2899 1606 enim
2937 1555 3173 1608 servitus
3225 1555 3432 1625 peccati
3459 1565 3575 1609 tur-

1993 1644 2076 1712 pis
2105 1654 2188 1698 cst
2219 1651 2271 1697 et
2308 1643 2672 1713 ignominiosa
2701 1662 2713 1696 :
2753 1643 2915 1698 allicit
2947 1646 3092 1700 enim
3130 1646 3429 1740 ignominia
3462 1649 3577 1703 ani-

1993 1749 2094 1788 mae
2138 1733 2504 1788 nobilitatem.
2550 1733 2872 1790 Fornicator
2908 1744 3090 1792 autem
3139 1733 3348 1808 peccati
3381 1754 3576 1794 servus

1993 1825 2202 1895 turpior
2241 1837 2294 1881 et
2323 1826 2739 1894 ignominiosior
2777 1829 2865 1883 cui
2900 1829 3090 1884 datum
3124 1837 3212 1886 est
3255 1830 3325 1884 ab
3370 1839 3436 1884 eo
3480 1846 3577 1885 ne-

1991 1920 2196 1986 gotium
2227 1960 2240 1983 ,
2269 1927 2329 1972 ut
2365 1935 2582 1974 cautum
2627 1920 2838 1975 hauriat
2867 1962 2882 1985 ,
2913 1931 2968 1976 et
3026 1922 3272 1977 sordium
3326 1923 3577 1993 congerit

1989 2012 2290 2074 cumulum,
2317 2020 2481 2080 atque
2509 2013 2790 2066 immundo
2820 2029 3042 2069 munere
3063 2014 3327 2087 fungitur.
3361 2013 3442 2068 An
3464 2029 3576 2068 non

1989 2112 2074 2156 cst
2105 2118 2192 2157 res
2221 2103 2424 2172 gravis,
2475 2112 2530 2159 et
2575 2115 2732 2168 tetra,
2776 2106 3006 2160 volutari
3036 2107 3090 2160 in
3123 2121 3303 2171 emno,
3343 2108 3580 2175 turpitu-

1989 2194 2114 2249 dine
2149 2196 2330 2256 atteri.
2363 2195 2562 2251 habere
2604 2211 2807 2267 corpus
2841 2211 2949 2251 non
2998 2197 3256 2253 dill‘erens
3290 2213 3318 2251 a
3351 2197 3578 2268 panno?

1995 2285 2252 2352 Qmenam
2287 2287 2431 2343 enim
2461 2298 2544 2344 est
2569 2289 2731 2356 panni
2759 2297 2811 2344 et
2842 2289 3192 2345 fornicatoris
3229 2289 3580 2348 differentia!

1996 2379 2073 2433 Eo
2112 2379 2258 2450 quod
2293 2381 2360 2433 ab
2387 2380 2648 2434 Ecclesia:
2689 2381 2763 2436 sit
2796 2381 3077 2438 abscissus
3118 2397 3369 2452 corpore,
3399 2381 3580 2453 quoti-

1991 2473 2156 2528 diana
2192 2473 2566 2541 corrumpitur
2598 2471 2927 2541 putredine;
2965 2476 3241 2544 projectus
3267 2475 3415 2544 jacet
3450 2480 3580 2528 tan-

303 2587 466 2644 quam
499 2586 714 2642 pannus
744 2572 974 2636 inutilis,
1007 2579 1061 2626 et
1092 2571 1160 2626 ab
1187 2571 1444 2628 omnibus
1482 2570 1840 2626 conculcatur
1877 2568 2240 2624 daemonibus.
2281 2569 2341 2622 In
2380 2582 2445 2622 eo
2487 2566 2739 2623 diabolus
2783 2582 2939 2623 suam
2983 2569 3187 2639 subigit
3223 2578 3279 2626 et
3313 2568 3581 2639 imprimit

301 2665 756 2737 putrefactioncm
768 2705 781 2718 .

371 2808 481 2879 Τῆς
496 2807 552 2860 δὲ
579 2806 775 2876 νοητῆς
795 2802 885 2857 τοῦ
918 2804 1116 2874 πόριου
1144 2801 1527 2874 κακοπραγίας
1558 2803 1590 2871 ἡ
1624 2801 1886 2873 πρόδηλος

300 2901 400 2953 οὐκ
430 2899 686 2953 ἐλάττων.
724 2895 881 2948 Ἔστι
914 2896 1022 2966 γὰρ
1049 2892 1308 2963 φευκτέος
1329 2893 1503 2954 οἰκίας
1537 2891 1790 2962 [φευκτὸς
1819 2891 1889 2944 ol-

303 2987 492 3061 κίαις],
509 2987 781 3048 ἀπευκτὺς
807 2983 1134 3052 συντυχίαις,
1152 2985 1263 3044 τοῖς
1295 2981 1684 3049 πλησιάζουσιν
1711 2977 1886 3048 ὕϐρις,
1916 3007 1959 3063 C

302 3085 413 3146 τοῖς
443 3079 818 3152 ὲχθραίνουσιν
850 3075 1070 3138 ὄνειδος,
1092 3077 1409 3142 συγγενέσιν
1444 3070 1694 3142 αίσχύνη,
1719 3070 1892 3122 συνοί-

301 3192 414 3238 κοις
435 3174 723 3244 ἐπάρατος,
739 3168 943 3240 ἀθυμία
987 3165 1256 3235 γονεῦσιν,
1273 3165 1513 3226 οἰκέταις
1539 3162 1888 3234 θεατρισμὺς,

299 3268 472 3336 γέλως
525 3266 620 3319 καὶ
659 3265 902 3334 διήγημα
937 3259 1279 3332 [γελώμενον
1318 3258 1562 3326 διήγημα
1588 3254 1600 3327 Ι
1630 3254 1888 3324 γείτοσιν,

297 3360 476 3429 γῆμαι
513 3356 829 3418 σπουδάζων
869 3353 1190 3423 ἀπόϐλητος,
1240 3350 1482 3412 ὕποπτος
1515 3348 1655 3419 μετά
1709 3347 1889 3416 γάμον

299 3448 550 3519 νυμφίος.
583 3446 852 3502 Τοσούτου
888 3444 1123 3514 πλήθους
1151 3444 1250 3513 τὴν
1301 3441 1556 3511 πορνείαν
1603 3439 1815 3510 μητέρα
1850 3441 1880 3491 6

299 3539 512 3602 Παῦλος
547 3537 838 3608 θεώμενος,
860 3537 960 3606 τὴν
983 3537 1294 3606 νικητήριον
1318 3533 1495 3603 φυγὴν
1514 3530 1878 3600 ὲγκελεύεται·

300 3634 553 3702 Φεύγετε
578 3631 693 3699 τὴν
730 3630 1034 3698 πορνείαν.

2064 2794 2141 2848 Ea
2181 2801 2384 2858 autem,
2436 2809 2558 2862 qum
2589 2794 2738 2849 cadit
2786 2795 2890 2850 sub
2947 2797 3361 2867 intelligentiam
3405 2800 3578 2859 fomi-

1995 2883 2199 2938 catoris
2231 2882 2450 2938 miseria
2501 2892 2555 2937 et
2607 2883 2962 2948 infelicitate,
3011 2903 3120 2942 non
3161 2899 3247 2943 est
3303 2891 3479 2960 major
3507 2909 3573 2953 ea

1992 2989 2116 3044 qua:
2157 2982 2242 3027 est
2279 2981 2465 3042 aperta
2496 2983 2549 3027 et
2599 2973 2912 3032 manifesta.
2951 2978 3048 3032 Est
3095 2981 3239 3036 enim
3278 2979 3332 3035 in
3361 2981 3574 3041 aedibus

1992 3065 2306 3133 fugiendus,
2355 3065 2412 3118 in
2454 3067 2842 3135 congressibus
2887 3070 3288 3128 abominandus
3321 3113 3336 3138 ,
3373 3083 3571 3130 contu.

1991 3159 2150 3213 nielia
2205 3158 2771 3230 appropinquantibus
2797 3203 2812 3227 ,
2854 3161 3096 3220 inimicis
3161 3168 3518 3236 opprobrium
3549 3209 3569 3238 ,

1990 3249 2240 3319 cognatis
2285 3250 2567 3318 probrum,
2608 3266 2674 3305 ac
2705 3251 2946 3310 dedecus
2985 3255 3054 3310 iis
3103 3257 3195 3326 qui
3223 3259 3388 3314 simul
3419 3260 3575 3317 liahio

1989 3347 2137 3404 tant,
2172 3342 2599 3404 exsecrandum,
2643 3343 2801 3397 dolor
2839 3346 3176 3414 parentibus,
3214 3348 3434 3408 famulis
3471 3367 3575 3424 pu.

1989 3431 2189 3484 blicum
2226 3433 2540 3500 ludibrium,
2564 3434 2760 3488 vicinis
2790 3436 3020 3491 ridicula
3052 3441 3318 3496 narratio.
3359 3441 3415 3497 Si
3444 3445 3575 3506 velit

1993 3545 2216 3586 uxorem
2245 3531 2446 3586 ducere
2477 3572 2490 3593 ,
2533 3533 2888 3603 rcjiciendus.
2935 3532 2994 3587 In
3031 3536 3386 3592 matrimonio
3449 3555 3578 3596 sus-

1993 3632 2185 3692 pectus
2220 3638 2479 3693 sponsus.
2513 3623 2675 3680 Pater
2724 3625 2850 3682 filiis
2901 3628 3128 3682 odiosus
3159 3668 3174 3694 ,
3222 3629 3576 3702 despicabilis

298 3728 669 3793 consiliarius,
723 3725 960 3796 largiens
1014 3725 1298 3793 ingratus,
1348 3728 1540 3791 petens
1593 3718 1879 3788 ingratior,
1919 3725 2174 3775 mortuus
2205 3723 2382 3791 magis
2415 3720 2670 3777 laborans
2736 3721 2984 3778 infamia.
3057 3723 3246 3781 Tanta:
3306 3728 3579 3784 malorum

303 3821 667 3874 nmltilmliuis
701 3828 931 3872 matrem
973 3816 1166 3871 videns
1205 3814 1408 3869 Paulus
1440 3812 1885 3875 fornicationem,
1924 3811 2209 3867 victricem
2252 3815 2412 3869 nobis
2467 3816 2628 3887 modo
2704 3816 3030 3886 praecipiens
3089 3817 3296 3890 fugam,
3369 3802 3580 3878 clamav

302 3915 428 3970 bat:
463 3911 652 3982 Fugite
680 3911 1102 3980 fornicationem.

374 4050 520 4120 Αὐτὴ
545 4051 578 4119 ἡ
604 4047 755 4117 φωνὴ
771 4045 1054 4100 νεανίσκου
1083 4060 1147 4108 με
1174 4041 1270 4095 νῦν
1290 4043 1563 4112 ἀνέμνησε
1590 4041 1882 4113 σώφρονος,

305 4145 424 4200 κατ’
452 4137 832 4209 Αἰγυπτιακῆς
875 4136 1137 4208 πορνείας
1178 4135 1264 4189 διὰ
1318 4137 1495 4206 φυγῆς
1537 4135 1887 4205 ἀριστεύσαν-

299 4254 412 4300 τος.
472 4233 663 4287 Καίτοι
716 4228 886 4282 πολλά
934 4227 1013 4298 τῷ
1067 4228 1332 4297 νεανίσκῳ
1375 4228 1475 4298 τὴν
1531 4226 1701 4280 πειθὼ
1750 4245 1880 4282 κατ-

2065 4041 2184 4097 Vox
2235 4042 2386 4098 Pauli
2437 4061 2584 4100 nunc
2613 4047 2775 4102 nobis
2824 4050 3103 4104 revocavit
3155 4053 3209 4106 in
3251 4059 3575 4114 memoriam

1992 4137 2247 4206 pudicum
2275 4137 2674 4193 adolescentem
2716 4142 2808 4209 qui
2851 4157 2910 4195 se
2941 4141 3159 4197 fortiter
3180 4147 3349 4214 gessit
3380 4150 3576 4206 adver-

1992 4244 2087 4284 sus
2116 4228 2497 4299 Egyptiacam
2524 4231 2967 4287 fornicationem.
3009 4234 3175 4304 Atqui
3207 4238 3380 4293 multa
3423 4251 3579 4298 erant

302 4327 615 4390 εσκεύαζεν,
648 4323 832 4394 ἡλικία
861 4321 1160 4391 φιλήδονος,
1195 4319 1435 4381 δουλείας
1467 4319 1648 4386 ζυγὸς,
1670 4320 1879 4372 δεσποίο

1990 4334 2111 4391 quae
2141 4319 2542 4374 adolescentem
2577 4320 2739 4376 facile
2769 4339 2990 4379 movere
3027 4336 3302 4394 poterant,
3347 4339 3409 4386 ut
3455 4349 3579 4403 per-

301 4440 398 4494 νης
445 4417 682 4492 ἐρωτικὴ
727 4413 1003 4469 κολακεία.
1043 4412 1318 4482 Ἐγένετο
1354 4412 1461 4481 γὰρ
1499 4413 1743 4477 τοιαύτη
1794 4429 1883 4478 τις

300 4512 512 4582 ἡμέρα,
549 4511 701 4580 φησὶ,
729 4507 826 4560 καί
854 4504 1139 4574 εισῆλθεν
1176 4505 1398 4573 Ἰωσὴφ
1433 4509 1520 4571 εἰς
1550 4505 1664 4574 τὴν
1689 4506 1884 4558 οἰκίαν

301 4605 494 4658 ποιεῖν
530 4606 601 4658 τὰ
635 4604 779 4670 ἔργα
816 4599 1035 4662 αὑτοῦ,
1074 4598 1169 4652 καὶ
1209 4597 1404 4664 οὐδεὶς
1437 4595 1515 4667 ἦν
1563 4598 1681 4651 τῶν
1705 4599 1774 4650 ἐν
1810 4597 1884 4666 τῇ

299 4698 459 4763 οῖκίᾳ
488 4694 627 4756 ἔσω,
661 4693 757 4746 καί
790 4690 1179 4744 ἐπεσπάσατο
1213 4691 1250 4756 1'}
1292 4691 1467 4755 κυρία
1498 4688 1615 4742 τῶν
1640 4690 1884 4758 ἱματίων

299 4785 506 4847 αὑτοῦ,
542 4785 812 4853 λέγουσα
842 4799 855 4812 ⁸
900 4783 1218 4850 Κοιμήθητι
1259 4784 1384 4851 μετ’
1419 4782 1584 4851 ἐμοῦ.
1617 4781 1776 4849 Μέγα
1823 4783 1884 4834 τὸ

299 4881 400 4949 τῆς
441 4876 794 4946 σωφροσύνης
830 4873 1046 4942 ἀξίωμα
1079 4891 1090 4904 ·
1115 4874 1208 4926 τοῦ
1236 4875 1420 4928 δούλου
1473 4875 1572 4944 τὴν
1600 4873 1883 4926 δέσποιναν

300 4968 667 5022 κατεσκεύασε
703 4964 914 5034 δούλην.
967 4964 1369 5034 Πεπυρωμένον
1413 4965 1513 5034 τῆς
1546 4965 1800 5036 πορνείας
1826 4967 1884 5017 τὸ

303 5044 487 5128 βέλος,
537 5061 648 5113 ἀλλ’
699 5059 831 5127 ’ύλην
882 5056 1062 5126 ψυχῆς
1109 5057 1406 5126 καιομένης
1454 5058 1551 5127 οὐχ
1603 5051 1762 5128 εὗρε,
1805 5059 1885 5120 εἰς

300 5150 500 5219 ἐσθῆτα
546 5151 601 5202 δὲ
648 5149 746 5219 τὴν
784 5147 1026 5200 διάλυσιν
1074 5146 1232 5216 ἔσχεν
1268 5144 1631 5219 [καιομένην].
1674 5149 1740 5200 Ἥ
1787 5148 1884 5217 μὲν

301 5241 451 5308 ἔλεγε
484 5259 496 5270 ³
544 5240 867 5310 Κοιμήθητι
924 5241 1052 5306 μετ’
1103 5237 1288 5307 ἐμοῦο
1335 5240 1697 5311 ἀντεκήρυττε
1746 5240 1802 5292 δὲ
1849 5242 1881 5310 ή

302 5330 622 5402 σωφροσύνη
647 5329 726 5400 τῷ
753 5330 859 5399 νέῳ
879 5347 890 5358 ·
915 5329 1267 5400 Γρηγόρησον
1301 5327 1418 5398 μετ’
1445 5327 1579 5397 ἐμοῦ
1601 5344 1615 5357 ο
1650 5329 1746 5380 καὶ
1773 5330 1884 5390 τοῖς

298 5421 480 5493 ἔργοις
506 5422 709 5483 ἐκεῖνος
745 5419 933 5490 ἐδήλου
962 5421 1024 5472 τὸ
1052 5419 1346 5490 ἄγρυπνον.
1381 5418 1455 5470 υὺ
1491 5418 1597 5489 γὰρ
1622 5418 1883 5485 ὲνύσταξε

297 5515 416 5576 ταῖς
443 5513 751 5575 κολακείαις
777 5515 805 5565 6
833 5514 1004 5576 τόνος.
1054 5513 1164 5580 Οὐχ
1192 5511 1442 5565 ὕπνωσεν
1479 5512 1511 5577 ἡ
1543 5511 1733 5584 γνώμη
1764 5516 1882 5573 ταῖς

298 5601 566 5670 ἐπῳδαῖς·
615 5600 749 5655 ἀλλά
803 5597 872 5671 ἦν
919 5601 1068 5670 αύτῷ
1123 5603 1425 5674 πικροτέρα
1471 5601 1734 5672 λοιδορίας
1780 5604 1877 5674 τῆς

363 5780 413 5814 ³·
441 5774 574 5832 Gen.
600 5794 786 5848 χχχιιι,
821 5781 908 5845 ll,
944 5781 1009 5836 l2
1043 5795 1163 5850 sqq.

1993 4411 2355 4467 suaderetur:
2382 4421 2515 4466 aetas
2535 4413 2744 4468 libidini
2763 4417 3023 4483 obnoxia,
3042 4420 3234 4490 jugum
3271 4425 3576 4492 servitutis,

1985 4503 2220 4557 domina:
2249 4506 2529 4560 amatoriae
2580 4506 2880 4572 blanditite,
2935 4508 3004 4564 de
3053 4509 3334 4581 impudico
3393 4531 3580 4574 amore

1984 4604 2278 4664 perpetuus
2313 4611 2514 4660 sermo,
2547 4596 2617 4650 ad
2666 4599 3022 4655 concubitum
3085 4603 3228 4658 clam
3289 4605 3434 4660 facta
3482 4609 3580 4664 ad-

1984 4687 2244 4742 hortatio.
2285 4687 2414 4741 Fuit
2441 4691 2586 4744 enim
2630 4691 2825 4760 inquit,
2867 4693 3081 4762 quidam
3111 4695 3244 4762 dies,
3278 4707 3329 4752 et
3359 4699 3574 4770 ingres-

1984 4795 2074 4832 sus
2109 4788 2184 4832 est
2218 4778 2417 4848 Ioseph
2443 4784 2497 4834 in
2553 4783 2791 4846 domum,
2839 4797 2897 4837 ut
2953 4787 3150 4852 faceret
3185 4803 3348 4856 opera
3373 4808 3492 4852 sua.
3525 4802 3576 4847 et

1985 4887 2134 4923 nemo
2167 4882 2280 4925 erat
2313 4889 2378 4926 ex
2418 4874 2484 4926 iis
2530 4877 2620 4943 qui
2660 4876 2803 4928 domi
2851 4888 3038 4941 erant,
3089 4881 3269 4946 intus;
3308 4893 3360 4936 et
3410 4893 3576 4938 vestes

1983 4962 2097 5030 ejus
2131 4965 2357 5016 attraxit
2417 4965 2654 5028 domina,
2720 4967 2936 5021 dicens:
3001 4969 3186 5024 Dormi
3242 4987 3444 5026 mecum
3502 4976 3569 5028 ⁸⁸.

1987 5052 2179 5123 Magna
2212 5063 2298 5110 est
2336 5055 2578 5125 dignitas
2617 5058 2997 5128 temperantiae
3029 5078 3042 5114 :
3070 5059 3350 5116 dominam
3393 5063 3577 5120 reddi-

1984 5146 2062 5200 dit
2096 5162 2308 5201 servam
2345 5151 2508 5204 servi.
2547 5148 2724 5222 [Nam
2769 5151 2846 5204 illi
2886 5151 3105 5220 quidem
3136 5154 3574 5224 supplicabatur,

1986 5238 2099 5293 lucc
2132 5255 2264 5295 vero
2289 5242 2636 5312 supplicabat
2665 5260 2676 5294 :
2713 5242 2901 5296 Dormi
2935 5243 3184 5316 mecum]
3221 5243 3453 5316 Ignitum
3489 5255 3577 5304 est

1982 5333 2149 5386 telum
2186 5331 2614 5402 fornicationis;
2658 5335 2753 5390 sed
2793 5351 2916 5406 qua:
2952 5347 3312 5405 cremaretur,
3342 5354 3453 5394 non
3488 5340 3575 5396 in.

1981 5424 2131 5476 venit
2169 5425 2477 5488 materiam,
2514 5426 2626 5480 imo
2660 5441 2793 5481 vero
2825 5427 2882 5481 in
2911 5434 3065 5484 veste
3099 5427 3338 5484 fractum
3384 5427 3484 5484 fuit
3521 5439 3574 5486 et

1983 5513 2336 5574 dissolutum.
2377 5517 2530 5589 [Quae
2583 5518 2962 5576 fornicationis
3017 5521 3358 5576 circumdata
3394 5521 3573 5590 impii.

1985 5605 2192 5675 (lentia,
2226 5608 2498 5666 clamabat
2529 5629 2540 5664 :
2579 5609 2763 5666 Dormi
2786 5627 3008 5669 mecum.
3035 5611 3402 5672 Fornicatorii
3430 5611 3570 5674 del}
