4124 6352
1766 313 1822 367 S.
1856 307 2186 367 GREGORII
2220 304 2503 362 NYSSENI
3684 308 3790 365 196

519 436 658 492 derii
696 435 890 506 mugiit
923 435 1156 502 famem;
1202 435 1295 492 scd
1338 435 1519 507 pudici
1559 432 1734 504 magis
1779 431 2094 487 obstruebal

2202 428 2491 501 δεσποίνης
2541 429 2573 498 ἡ
2634 427 2784 500 φωνὴ
2848 428 3175 500 κελευούσης
3219 446 3233 462 ’
3280 428 3605 499 Κοιμήθητι
3658 432 3788 496 μετ’

519 542 680 582 aures
698 524 823 597 (ΞΜ
853 524 986 580 Nam
1016 524 1106 579 illa
1135 526 1354 597 quidem
1386 525 1623 588 dicebat,
1661 522 1844 576 Dormi
1865 535 2094 583 merum;

2210 520 2377 589 ἐμοῦ.

520 621 848 677 adolescenti
887 631 1067 676 autem
1099 632 1289 677 contra
1331 620 1706 691 proclamabat
1742 615 2339 686 tetnperantianigila
2379 631 2629 671 mecum:
2667 626 2721 672 et
2774 616 2954 687 rcipsa
2996 616 3237 672 ostendit
3264 617 3625 688 vigilantiam.
3667 617 3789 674 Non

519 714 662 767 enim
710 711 994 766 blanditiis
1045 711 1271 780 cedens,
1306 710 1622 764 dormitavit
1656 707 1826 763 robur
1860 705 2209 761 constantia).
2256 705 2376 761 Non
2407 706 2509 761 fuit
2546 722 2701 763 mens
2746 710 2919 779 sepita
2960 707 3460 774 incantationibus;
3520 726 3628 764 non
3684 710 3788 764 fuit

521 821 713 862 somno
748 820 1011 876 oppressa
1041 806 1416 874 temperantia:
1448 802 1750 867 sobrietas;
1785 816 1893 855 non
1924 799 1992 853 iis
2023 813 2145 868 qua:
2170 800 2508 868 implicatum
2544 800 2803 855 tenebant
2828 801 3194 857 incommodis
3226 801 3329 856 fuit
3358 801 3646 868 dissoluta,
3677 820 3784 857 non

517 895 783 967 elegantis
828 894 1017 948 format
1062 900 1220 961 capta
1253 900 1338 948 est
1380 890 1683 957 illecebris;
1721 904 1829 943 non
1862 889 2255 943 atnatoriorum
2285 890 2572 944 verborum
2616 888 2789 945 fracta
2823 890 2925 944 fuit
2965 891 3285 950 blanditiis:
3322 896 3416 950 scd
3444 897 3592 950 omni
3634 902 3786 953 calu-

522 318 629 375 49⁵3

519 992 662 1047 mnia
693 989 798 1061 ipsi
823 994 943 1043 erat
976 985 1233 1042 acerbior
1260 1001 1363 1041 vox
1402 985 1639 1042 dominae
1664 984 1998 1040 blandientis
2032 992 2086 1039 et
2114 984 2383 1039 dicentis:
2406 984 2595 1038 Donni
2624 1000 2845 1039 mecum.

586 1129 823 1183 Paratus
853 1129 1036 1183 stabat
1087 1126 1339 1182 diabolus
1369 1125 1624 1181 adulterii
1679 1124 1983 1196 pronubus,
2047 1132 2100 1178 et

515 1223 678 1277 simul
715 1236 840 1275 cum
884 1218 1557 1282 fornicatricestringebat
1577 1228 1803 1283 vestem,
1838 1224 1893 1273 et
1911 1216 2099 1273 socius

513 1321 633 1367 erat
673 1326 935 1366 ansarum
984 1325 1125 1380 quas
1158 1310 1276 1380 ipsa
1326 1310 1807 1380 apprehendebat;
1851 1307 1946 1364 sed
1998 1323 2098 1363 nc-

515 1403 745 1468 sciebat,
769 1418 827 1459 se
859 1402 1053 1457 luctari
1094 1417 1222 1457 cum
1254 1410 1513 1458 veterano
1544 1402 1750 1455 athleta
1804 1401 2098 1470 pudicitiae,

514 1499 572 1562 et
603 1492 697 1564 qui
750 1493 821 1549 ab
862 1492 1010 1547 illius
1050 1493 1202 1549 ansis
1255 1508 1317 1548 se
1364 1492 1523 1547 facile
1565 1492 1819 1547 exuebat.
1873 1489 2091 1544 Relictis

515 1584 908 1654 enimﬁnquit,
944 1586 1054 1640 suis
1095 1584 1316 1639 vestibus
1338 1587 1393 1638 iu
1418 1584 1656 1639 manibus
1679 1583 1817 1653 ejus,
1846 1582 2003 1652 fugit,
2040 1590 2091 1636 et

2271 1124 2527 1195 Ἕτοιμος
2561 1127 2807 1197 εἱστήκει
2838 1127 2936 1198 τῆς
2966 1127 3211 1198 μοιχείας
3235 1127 3601 1197 νυμφαγωγὸς
3622 1128 3651 1180 ὁ
3677 1128 3786 1183 διάι

2198 1215 2388 1281 ὕθλος,
2428 1216 2524 1270 καὶ
2574 1218 2903 1288 συνὲσφιγγε
2936 1220 3036 1289 τὴν
3087 1220 3290 1290 ἐσθῆτα
3338 1223 3407 1290 τῇ
3462 1219 3657 1290 πόρνῃ,
3690 1222 3784 1273 καὶ

2196 1307 2307 1361 τῶν
2359 1309 2489 1379 παρ’
2524 1309 2738 1381 ἐκείνης
2790 1310 3163 1365 συνεκοινώνει
3192 1310 3403 1364 λαϐῶν·
3453 1310 3554 1363 οὐκ
3583 1311 3699 1381 ᾔδει
3726 1311 3783 1363 δὲ

2197 1401 2416 1474 τεχνίτῃ
2446 1402 2692 1457 παλαίων
2720 1403 2927 1476 ἀθλητῇ
2958 1404 3447 1476 σωφροσύνης,καὶ
3480 1403 3660 1467 καλῶς
3685 1404 3782 1466 τὰς

2198 1494 2415 1564 ἐκείνης
2444 1493 2835 1564 άπεκδυομένῳ
2870 1495 3060 1559 λαϐάς.
3082 1495 3438 1549 Καταλιπὼν
3465 1494 3594 1566 γὰρ,
3626 1495 3780 1565 φησὶ,

2197 1584 2271 1637 τὰ
2296 1584 2492 1653 ἱμάτια
2520 1588 2706 1641 αὑτοῦ
2732 1590 2822 1652 είς
2852 1588 2959 1653 τὰς
2986 1586 3190 1658 χεῖρας
3209 1586 3419 1656 αὐτῆς,
3450 1588 3654 1657 ἔφυγε,
3680 1588 3780 1640 καὶ

515 1679 665 1747 foras
696 1679 877 1733 exivit.
924 1676 969 1732 0
1000 1677 1219 1733 nudatis
1254 1677 1499 1733 sanctior
1532 1674 1901 1729 indumentis!
1949 1672 2091 1740 Quid

2193 1673 2454 1741 ἐξῆλθεν
2485 1675 2622 1741 ἔξω.
2667 1678 2735 1730 Ὢ
2773 1680 3047 1748 γυμνότης
3100 1676 3436 1749 [ἁγιωτέρα]
3470 1677 3783 1749 δικαιοτέρα

516 1768 685 1839 igitur
710 1766 1055 1840 Egyptiacae
1099 1766 1455 1836 impudicitia:
1509 1764 1733 1821 rabies?
1785 1778 1883 1818 sua
1915 1764 2090 1834 ipsius

516 1859 656 1912 mala
693 1858 747 1913 in
776 1856 1070 1928 Josephum
1112 1856 1346 1910 confert.
1384 1857 1450 1910 Et
1478 1855 1547 1909 ad
1588 1854 1844 1908 maritum
1902 1868 2097 1909 accur-o

516 1964 667 2013 rens,
697 1947 908 2018 inquit:
944 1947 1233 2002 Adduxisti
1277 1947 1424 2001 nobis
1453 1961 1673 2016 puerum
1707 1944 2011 2011 Hebrazum,
2037 1954 2095 1998 ut

515 2039 950 2103 uobisitluderet,
1002 2050 1053 2094 et
1103 2039 1242 2093 dixit
1283 2040 1441 2094 uxori
1489 2050 1615 2102 tum,
1663 2055 1780 2110 qua:
1830 2038 2094 2110 hucusque

516 2134 703 2203 pudice
757 2133 1086 2188 conservavit
1129 2141 1278 2186 tuum
1312 2132 1487 2187 cubile
1522 2148 1541 2186 :
1579 2131 1853 2187 Dormiam
1902 2142 2092 2187 terum.

522 2225 813 2294 Postquam
835 2235 1010 2280 autem
1036 2224 1232 2280 sustuli
1255 2240 1449 2291 uocem,
1476 2234 1526 2279 et
1547 2225 1867 2284 exclamaui.
1893 2226 2094 2281 dimisit

517 2318 658 2383 apud
690 2334 770 2372 me
798 2326 962 2372 vestes
994 2333 1145 2382 suas,
1178 2317 1412 2386 fugitque
1438 2323 1488 2370 et
1513 2332 1751 2388 egressus
1784 2326 1862 2373 est
1891 2318 2061 2387 foras.

587 2407 800 2464 Rursus
826 2408 1022 2479 Josepb
1077 2424 1174 2478 per
1232 2418 1438 2465 vestem
1481 2409 1757 2480 appetitur
1793 2411 2089 2466 calumnia.

519 2498 740 2555 Fratres
770 2500 925 2570 prius
958 2507 1180 2567 accepta
1210 2498 1335 2567 ejus
1356 2508 1527 2562 veste,
1551 2514 1647 2568 per
1676 2499 1824 2553 illam
1850 2500 2095 2569 improbe

517 2591 1013 2654 calumniabantur,
1036 2589 1208 2646 fuisse
1224 2605 1347 2645 eum
1372 2605 1403 2643 a
1435 2587 1550 2644 fera
1573 2589 1889 2644 devoratum
1914 2609 1926 2644 :
1949 2606 2094 2644 nunc

517 2693 700 2738 autem
729 2683 847 2752 ipsa
887 2684 1071 2737 tunica
1108 2681 1231 2751 ejus
1282 2689 1506 2749 accepta
1555 2689 1781 2736 accusat
1833 2689 2093 2752 tanquam

517 2774 926 2830 fornicatorem.
955 2772 1196 2843 Josepho
1228 2772 1488 2827 convenit
1514 2786 1618 2827 vox
1660 2770 1898 2838 Domini,
1940 2771 2092 2826 Divi-

517 2876 697 2918 serunt
730 2864 832 2919 sibi
865 2865 1173 2919 vestimenta
1214 2879 1350 2926 mea,
1389 2872 1440 2916 et
1484 2878 1649 2933 supra
1677 2872 1867 2918 uestem
1920 2880 2092 2918 meam

516 2958 771 3011 miserunt
811 2954 1155 3009 mendacium
1185 2953 1229 3007 ³.
1267 2953 1596 3009 Pudicorum
1633 2954 1899 3008 exercitui
1934 2955 2095 3011 dulce

514 3057 601 3104 est
629 3050 679 3102 id
719 3048 865 3118 quod
898 3047 1100 3102 dicitur
1129 3062 1159 3099 a
1196 3047 1495 3116 pudicitia;
1533 3045 1629 3102 sed
1656 3046 1709 3101 id
1733 3046 2093 3101 imbecillitati

517 3142 702 3196 carnis
730 3142 927 3200 durum
961 3148 1046 3193 est
1075 3147 1129 3193 et
1176 3137 1535 3192 laboriosum.
1567 3135 1612 3191 Ο
1665 3136 1895 3207 justam,
1929 3152 2093 3207 quam

517 3229 663 3283 Deus
695 3227 920 3299 Josephi
951 3244 1141 3282 curam
1175 3228 1347 3298 gessit
1373 3228 1386 3279 ι
1416 3228 1559 3280 Ante
1584 3228 1913 3282 tentationes
1939 3225 2096 3282 Jose-

517 3321 683 3390 phum
714 3335 824 3372 non
867 3316 1179 3381 honoravit,
1223 3316 1318 3371 sed
1345 3330 1441 3384 per
1464 3314 1678 3369 somnia
1723 3313 1963 3370 ostendit
2009 3314 2095 3369 fu-

517 3422 725 3477 turtuu,
759 3411 964 3465 docens
1019 3408 1165 3480 quod
1213 3410 1377 3478 longo
1437 3413 1564 3462 ante
1629 3414 1874 3478 tempore
1926 3406 2094 3477 justis

517 3504 731 3576 paravit
755 3501 981 3572 gloriam
1007 3519 1018 3557 :
1049 3499 1297 3570 permisit
1335 3506 1518 3554 autem
1554 3497 1953 3553 tentationibus
1975 3513 2097 3566 pro-

518 3596 652 3650 bare
680 3592 1103 3655 adolescentem,
1134 3604 1295 3643 aures
1328 3587 1623 3642 occludens
1672 3587 1741 3644 iis
1785 3586 1879 3657 qui
1943 3587 2095 3642 delc—

518 3694 740 3739 ctantur
770 3682 987 3754 probris
1015 3697 1077 3735 ac
1103 3678 1427 3734 maledictis.
1454 3679 1510 3733 Si
1538 3680 1682 3734 enim
1718 3695 1825 3734 non
1856 3679 2097 3735 dedisset

516 3773 756 3843 Josepho
800 3771 1204 3842 probationem,
1255 3768 1527 3823 dixissent
1560 3770 1834 3835 maledici,
1870 3785 1902 3823 a
1950 3784 2094 3825 caeca

519 3867 635 3920 haac
669 3864 783 3918 fieri
812 3864 1051 3917 fortuna.
1100 3859 1243 3915 Inter
1288 3858 1575 3930 Egyptios
1622 3868 1814 3931 regnat
1867 3859 2092 3933 Joseph,

518 3954 772 4012 barbaris
853 3953 1168 4007 dominatur
1229 3950 1705 4006 adolescentulus.
1789 3950 2093 4017 Quamnam

517 4046 760 4107 ostendit
832 4042 1146 4098 virtutem?
1232 4039 1340 4095 Pro
1416 4055 1653 4111 quanam
1723 4050 1809 4098 cst
1894 4045 2098 4102 virtute

517 4141 622 4193 hoc
675 4135 1000 4193 assecutus?
1054 4132 1135 4189 Ne
1194 4149 1325 4204 ergo
1388 4133 1503 4188 haec
1541 4133 1610 4188 de
1662 4130 1903 4206 Josepho
1943 4137 2094 4191 diee-

518 4239 730 4294 rentur,
778 4227 835 4280 in
884 4239 1009 4279 eum
1054 4223 1319 4294 permittit
1373 4222 1722 4288 tentationes,
1752 4231 1911 4279 utea:
1944 4223 2096 4294 justo

515 4323 635 4376 viro
665 4318 871 4375 ferrent
901 4315 1299 4380 testimonium,
1327 4323 1383 4370 et
1403 4316 1753 4371 obstruerent
1785 4330 1882 4369 ora
1925 4317 2096 4371 male-

518 4412 793 4467 dicorum.
832 4408 1165 4463 Aversemur
1195 4420 1344 4472 ergo,
1388 4420 1511 4474 quae
1544 4420 1572 4459 a
1623 4404 1801 4459 forma
1842 4406 2093 4460 meretri-

518 4504 605 4558 cia
639 4503 694 4555 in
726 4516 829 4556 nos
857 4496 1367 4570 jaciunturjacula.
1416 4496 1751 4550 Claudamus
1780 4497 1973 4552 oculos
2028 4498 2101 4551 la.

519 4591 726 4655 sciviae,
756 4604 787 4644 a
820 4589 980 4644 nobis
1041 4588 1325 4642 rideantur
1377 4585 1690 4656 voluptates
1744 4585 2095 4654 inordinatus,

521 4698 747 4738 carnem
774 4680 1049 4738 custodiat
1074 4678 1455 4750 temperantia,
1482 4679 1536 4731 in
1573 4677 1832 4733 membris
1880 4678 2098 4732 inhabi-

520 4784 599 4831 tet
630 4776 862 4847 puritas.
919 4771 1215 4828 Vcrsemur
1253 4771 1307 4825 in
1339 4769 1764 4840 cogitationibus
1824 4769 2090 4837 honestis,

519 4867 786 4921 bonorum
809 4879 1035 4935 operum
1065 4862 1452 4933 splendeamus
1483 4859 1823 4929 fulgoribus:
1877 4876 2095 4930 expur-

2198 1766 2503 1830 ἐνδύσεωςι
2537 1769 2602 1821 Τί
2648 1768 2780 1836 γοῦν
2829 1770 2929 1839 τῆς
2984 1770 3360 1840 Αἰγυπτιακῆς
3409 1768 3701 1831 ἀκολασίας
3744 1769 3778 1838 ὴ

2195 1855 2506 1925 λύσσαςΤὰ
2542 1859 2736 1927 ἑαυτῆς
2768 1860 2913 1913 κακὰ
2949 1858 3026 1930 τῷ
3067 1861 3263 1930 Ἰωσὴφ
3297 1858 3779 1930 παρατίθησι’κα¹ι

2194 1947 2476 2018 δραμοῦσα
2514 1949 2649 2019 πρὸς
2686 1950 2776 2001 τὸν
2816 1949 3005 2021 ἄνδρα,
3052 1950 3219 2020 φησί’
3253 1949 3588 2019 Είσήγαγες
3635 1949 3781 2019 ἡμῖν

2196 2039 2379 2095 παῖδα
2428 2040 2697 2108 Ἑϐραῖον
2743 2040 3045 2107 ἐμπαίζειν
3080 2040 3225 2110 ἡμῖν
3250 2058 3265 2072 ·
3292 2040 3424 2095 ετπέ
3477 2058 3577 2109 μοι
3622 2040 3733 2110 γάρ
3761 2058 3773 2069 ·

2196 2130 2643 2201 Κοιμηθήσομαι
2684 2132 2833 2200 μετὰ
2865 2132 3001 2185 σοῦ.
3056 2132 3151 2197 Ὠς
3179 2131 3245 2185 δὲ
3274 2132 3493 2200 ὕψωσα
3525 2130 3640 2199 τὴν
3663 2148 3782 2198 φω-

2194 2222 2315 2291 νὴν
2347 2222 2448 2277 καί
2479 2223 2816 2292 ἀνεϐόησα,
2855 2222 3047 2292 ἀφῆκε
3097 2225 3170 2277 τὰ
3213 2223 3409 2292 ἱμάτια
3461 2224 3599 2292 παρ’
3622 2222 3773 2292 ἐμοὶ,

2194 2312 2293 2366 καί
2311 2312 2517 2384 ἔφυγε.

2266 2403 2438 2457 Πάλιν
2476 2405 2672 2474 Ἰωσὴφ
2705 2405 2772 2458 δι’
2802 2406 3026 2477 ἐσθῆτος
3059 2409 3493 2476 συκοφαντεῖται.
3534 2406 3780 2475 Ἀδελφοί

2195 2496 2460 2567 πρότερον
2498 2497 2665 2550 αὐτοῦ
2694 2498 2785 2550 τὸν
2837 2498 3039 2568 χιτῶνα
3084 2498 3337 2563 λαϐόντες
3365 2499 3441 2560 ὡς
3472 2497 3775 2569 θηριόϐρω-

2193 2602 2287 2639 τον
2317 2587 2479 2640 αὐτὸν
2520 2587 2587 2640 δι’
2618 2588 2827 2641 ἐκείνου
2858 2588 3257 2656 ἐσυκοφάντουν
3284 2588 3608 2660 κακούργως
3630 2604 3641 2614 ·
3679 2587 3775 2640 νῦν

2195 2677 2358 2729 αὐτὸν
2387 2678 2479 2731 τὸν
2513 2678 2713 2748 χιτῶνα
2749 2677 2986 2732 λαϐοῦσα
3018 2679 3290 2731 διαϐάλλει
3324 2678 3596 2749 πορνείας.
3632 2678 3776 2747 Πρέ-

2197 2785 2373 2822 πουσα
2392 2768 2470 2840 τῷ
2495 2769 2689 2840 Ἰωσὴφ
2713 2772 2746 2840 ἡ
2765 2769 2860 2823 τοῦ
2883 2770 3151 2824 Δεσπότου
3175 2769 3345 2841 φωνὴ,
3360 2771 3777 2839 Διεμερίσαντο

2197 2860 2268 2914 τὰ
2314 2860 2510 2928 ἱμάτιά
2531 2877 2651 2928 μου
2697 2859 2918 2928 ἑαυτῆς
2948 2858 3256 2933 [ἐαυτοῖς].
3317 2860 3455 2913 Ἀλλ’
3484 2858 3530 2913 ὣ
3561 2859 3662 2930 τῆς
3696 2859 3776 2912 δι-

2196 2951 2357 3014 καίας
2385 2951 2477 3004 ἐπὶ
2509 2950 2586 3022 τῷ
2641 2951 2837 3022 Ἰωσὴφ
2879 2953 3032 3024 παρὰ
3081 2951 3214 3007 Θεοῦ
3265 2951 3628 3024 προστασίαςῑ
3667 2951 3779 3023 Πρὸ

2120 3016 2168 3079 c
2197 3040 2306 3111 γὰρ
2358 3039 2467 3093 τῶν
2510 3016 2829 3110 πειρασμῶν
2864 3016 3195 3113 τὺνΨἸωσὴφ
3222 3016 3326 3096 οὐκ
3354 3041 3630 3115 ἐτίμησεν,
3660 3016 3777 3095 ἀλλ’

2200 3131 2367 3198 ἔδειξε
2396 3130 2461 3184 δι’
2485 3133 2777 3203 ὀνειράτων
2808 3133 2870 3187 τὸ
2905 3134 3116 3206 μέλλον,
3138 3135 3405 3190 διδάσκων
3436 3136 3517 3189 ὅτι
3555 3135 3775 3209 πόρρω-

2201 3220 2292 3275 θεν
2335 3222 2561 3287 δικαίοις
2595 3223 2695 3294 τὴν
2738 3224 2894 3290 δόξαν
2929 3226 3228 3298 ηὐτρέπισε
3271 3244 3287 3258 ο
3338 3225 3677 3298 συνεχώρησε
3716 3223 3776 3277 δὲ

2198 3313 2293 3366 τοῦ
2335 3315 2642 3386 πειρασμοῦ
2681 3316 2972 3388 δοκιμάσαι
2999 3318 3089 3372 τὸν
3129 3320 3268 3383 νέον,
3298 3319 3399 3384 τὰς
3423 3319 3531 3372 τῶν
3555 3316 3775 3389 φιλοψό-

2199 3422 2312 3473 γων
2362 3406 2666 3461 ἀποκλείων
2709 3409 2913 3477 φωνάς.
2952 3410 3190 3482 Δοκιμὴν
3231 3410 3339 3482 γὰρ
3385 3413 3460 3483 μὴ
3488 3412 3778 3479 δεδωκότος

2197 3494 2292 3548 τοῦ
2332 3497 2551 3568 Ἰωσὴφ,
2589 3500 2637 3552 oi
2670 3498 2950 3570 φιλόψογοι
2977 3501 3043 3555 ἂν
3073 3500 3279 3570 ἔλεγον,
3314 3504 3603 3575 συντυχίας
3639 3500 3776 3559 εἷναι

2198 3587 2401 3657 τυφλῆς
2422 3588 2492 3642 τὰ
2520 3591 2822 3661 πράγματα
2857 3592 3190 3660 Αἰγυπτίων.
3239 3594 3434 3665 Ἰωσὴφ
3481 3594 3774 3666 βασιλεύει,

2199 3681 2292 3731 καὶ
2325 3679 2616 3753 βαρϐάρων
2661 3683 2910 3748 δεσπόζει
2940 3683 3244 3751 παιδάριον.
3277 3685 3443 3740 Ποίαν
3465 3685 3663 3758 ἀρετὴν
3692 3688 3776 3740 ὲν-

2197 3771 2548 3843 δειξάμενοη
2612 3774 2752 3845 ὑπὲρ
2812 3775 2971 3838 ποίας
3039 3774 3227 3829 τούτου
3291 3776 3482 3847 ἔτυχεν
3538 3777 3774 3848 ἁρετῆςς

2201 3862 2316 3913 Ἵνα
2353 3857 2445 3915 οὖν
2475 3862 2645 3916 ταῦτα
2691 3864 2819 3934 περὶ
2865 3863 2960 3917 τοῦ
3007 3864 3216 3918 δικαίου
3252 3867 3326 3936 μὴ
3359 3865 3616 3935 λέγηται,
3643 3884 3777 3938 προ-

2198 3949 2494 4020 λαμϐάνων
2521 3953 2551 4004 ὁ
2581 3952 2716 4015 Θεὸς
2744 3954 2874 4017 τοὺς
2921 3954 3009 4006 ἐπ’
3050 3953 3214 4008 αὐτὸν
3267 3956 3607 4027 πειρασμοὺς
3643 3973 3777 4023 συγ-

2198 4044 2386 4113 χωρεῖ,
2412 4042 2553 4096 ὥστε
2594 4041 2692 4113 τὴν
2724 4042 2812 4095 ἐπ’
2860 4044 3054 4112 ἐκείνῳ
3100 4042 3179 4114 τῷ
3230 4043 3423 4115 δικαίῳ
3472 4046 3776 4117 μαρτυρίαν

2198 4132 2451 4201 γενέσθαι
2483 4175 2497 4197 ,
2529 4134 2622 4186 καὶ
2670 4133 2837 4204 ῥάψαι
2889 4132 2996 4187 τῶν
3032 4134 3337 4204 φιλοψόγων
3389 4136 3458 4191 τά
3505 4138 3771 4208 στόματα.

2209 4225 2704 4297 ’Λποστρεψώμεοα
2759 4228 2937 4280 τοίνυν
2983 4230 3079 4292 τὰς
3137 4229 3201 4280 ὲκ
3245 4229 3460 4299 μορφῆς
3512 4230 3775 4300 πορνικῆς

2128 4354 2172 4409 D
2199 4315 2296 4367 ἐπε
2306 4316 2570 4386 ρχορενας
2592 4316 2772 4398 βολάς.
2791 4317 3073 4389 Κλείωμεν
3093 4318 3435 4389 ἀσελγήμασι
3454 4317 3515 4371 τὸ
3535 4318 3773 4390 βλέμμα,

2200 4408 2614 4479 φρουραρχείτω
2664 4407 2764 4475 τὴν
2813 4409 2991 4480 σάρκα
3048 4409 3410 4483 σωφροσύνη,
3470 4409 3778 4480 καθαρότης

2196 4497 2473 4550 ἐνοικείτω
2512 4500 2624 4562 τοῖς
2660 4498 2900 4569 μέλεσιν,
2934 4500 3020 4552 ἵνα
3062 4498 3236 4563 οὕτως
3281 4501 3366 4571 εἴη
3392 4500 3451 4553 τὸ
3497 4499 3654 4571 σῶμα
3682 4500 3775 4553 τοῦ

2196 4587 2508 4659 Πνεύματος
2540 4591 2850 4661 οἰκητήριον
2869 4606 2881 4619 ·
2918 4589 3312 4662 ἐπιγράψωμεν
3350 4590 3481 4644 αὐτὸ
3505 4591 3778 4661 ἐπίγραμ-

2197 4697 2274 4750 μα
2295 4679 2745 4752 [ὲπιγράμματι],
2772 4679 2869 4752 τὴν
2897 4680 3134 4752 φοϐερὰν
3156 4685 3267 4746 τοῖς
3297 4681 3615 4743 ἀκολάστοις
3633 4697 3772 4751 παρ-

2198 4771 2456 4841 αγγελίαν
2484 4772 2620 4844 βοῶν
2653 4772 2927 4845 [βοῶντι]·
2957 4773 3032 4826 Ei
3055 4791 3146 4841 τις
3172 4776 3280 4829 τὸν
3308 4774 3459 4828 ναόν
3484 4773 3592 4828 τοῦ
3626 4774 3773 4828 Θεοῦ

2199 4864 2445 4932 φθείρει,
2473 4864 2680 4934 φθερεῖ
2714 4864 2933 4919 τοῦτον
2981 4868 3014 4919 ό
3056 4866 3219 4932 Θεός.

518 4971 643 5033 gata
673 4959 783 5015 vita
815 4959 1158 5016 cniteamus;
1194 4968 1581 5009 conservemus
1616 4954 1875 5007 mundum
1912 4968 2114 5024 corpus
2151 4956 2474 5012 habitationi
2512 4959 2688 5013 sancti
2722 4958 2983 5029 Spiritus,
3013 4959 3064 5015 ei
3100 4960 3448 5016 ascribamus
3493 4961 3596 5016 hoc
3647 4975 3772 5031 pra:-

518 5064 735 5125 ceptum
777 5048 1125 5105 formidabile
1163 5048 1232 5103 iis
1264 5047 1360 5117 qui
1407 5051 1535 5102 sunt
1577 5044 1879 5113 impudici:
1913 5044 1973 5099 Si
2009 5049 2127 5116 quis
2169 5048 2417 5117 templum
2463 5049 2558 5103 Dei
2599 5050 2792 5120 perdit,
2832 5050 3011 5120 perdet
3067 5068 3187 5107 eum
3222 5052 3361 5107 Deus
3385 5052 3427 5107 ⁸.
3470 5052 3698 5125 [Verum
3748 5070 3776 5107 a

519 5148 679 5205 nobis
717 5160 784 5201 ne
816 5144 1086 5198 tantillum
1117 5142 1335 5213 quidem
1363 5140 1577 5211 seiungi
1605 5141 1743 5195 vult.
1788 5139 1932 5207 Quid
1987 5143 2136 5198 enim
2214 5150 2351 5216 patri
2411 5153 2497 5203 est
2545 5147 2866 5217 jucundius,
2924 5163 3088 5219 quam
3145 5152 3353 5205 versari
3406 5166 3530 5205 cum
3595 5150 3777 5206 charis

520 5236 681 5293 ﬁliis!
712 5234 819 5290 Sed
852 5235 1113 5305 quoniam
1178 5248 1280 5288 nos
1348 5241 1506 5287 vocat
1561 5230 1800 5287 Verbum
1857 5234 1925 5288 ad
1982 5237 2283 5292 certamina
2345 5240 2585 5309 pietatis,
2649 5250 2862 5312 oportet
2901 5257 3004 5298 nos
3034 5255 3258 5296 currere
3290 5240 3358 5296 ad
3397 5248 3550 5312 septa
3603 5241 3782 5297 Eccle-

521 5335 639 5396 sia),
664 5331 857 5385 ascitis
885 5326 1110 5400 precum
1143 5326 1381 5382 auxiliis.
1410 5326 1678 5381 Caeterum
1711 5326 1843 5382 illud
1876 5336 2114 5385 vestram
2151 5331 2413 5389 adhortor
2453 5334 2799 5400 eharitatem,
2873 5332 3307 5390 ecclesiasticum
3367 5331 3615 5388 ordinem
3657 5348 3781 5388 con-

521 5434 754 5490 serx'ale,
791 5432 841 5479 et
876 5423 921 5477 si
948 5422 1116 5493 aliqui
1147 5421 1360 5475 irruant
1403 5421 1689 5487 tumultus,
1717 5437 1812 5478 eos
1873 5425 2132 5495 patientia
2174 5425 2393 5497 vincite,
2426 5436 2482 5485 et
2515 5430 2757 5488 lenitate.
2827 5427 3094 5485 Futurum
3161 5426 3309 5485 enim
3374 5436 3484 5497 est,
3548 5434 3608 5485 ut
3652 5443 3782 5501 pro-

591 5576 613 5608 ³
642 5573 798 5632 Joan.
835 5592 950 5640 XIX,
974 5576 1065 5632 '24.
1139 5577 1159 5607 ⁸
1196 5574 1216 5628 l
1250 5574 1378 5631 Cor.
1410 5593 1486 5639 ut,
1524 5577 1608 5632 17.

592 5709 673 5778 (2)
707 5709 881 5768 Uneis
910 5709 1122 5766 inclusa
1156 5724 1264 5765 non
1297 5719 1427 5767 sunt
1454 5711 1507 5767 in
1532 5712 1720 5769 Graeco
1747 5712 1871 5768 cod.
1903 5709 2098 5770 Vienn.
