4124 6352
347 281 453 338 497
1759 300 1845 354 DE
1892 302 2216 361 MOIKTUIS.
3514 325 3622 383 493

350 401 558 504 pediem
591 396 945 475 corrigattttir
1010 408 1130 464 ista;
1201 412 1394 468 turbae.
1448 413 1628 471 Nolite
1693 422 2000 488 perturbari
2041 425 2377 494 rumoribus,
2439 429 2597 500 nugis
2647 447 2713 487 ne
2765 435 3113 500 moveamini,
3167 437 3262 490 sed
3308 436 3620 504 uobiscum,

347 497 442 564 αυί
477 500 754 597 ειιξξιιξε-ἰη
787 502 869 597 via
896 504 1150 570 comites,
1193 523 1386 577 preces
1411 511 1475 565 ad
1506 511 1672 566 Deum
1706 516 1957 579 emittite,
2002 527 2059 572 ut
2096 523 2292 577 vestris
2341 524 2644 580 continuati
2688 529 2975 597 precibus,
3017 529 3265 584 dicamus
3304 532 3450 584 omni
3490 497 3620 586 tem;

349 604 500 734 pore,
526 591 728 739 div‘iuis
759 594 932 665 adjuti
964 599 1173 656 viribus
1213 620 1226 657 :
1265 603 1457 659 Omnia
1485 622 1702 674 possunt
1743 610 1794 663 in
1831 611 2062 679 Christo,
2106 617 2196 684 qui
2242 633 2321 671 me
2354 623 2662 675 corroborat
2689 591 2728 676 ξ.
2765 621 2864 676 Cui
2892 591 3063 692 gloria
3103 622 3155 675 iu
3200 624 3399 678 saecula
3449 640 3622 680 szccu-

371 700 552 738 orum.
645 688 820 739 tueu.l

371 700 552 738 orum.
593 688 820 761 Atticm]

419 866 440 895 ⁵
472 865 670 936 Philip.
709 882 784 934 tv,
825 871 913 927 15,

375 1057 2194 1101 ὒ-Μιεπ

1442 1228 1670 1313 ΤΟΥ
1759 1231 2134 1319 ΑΥΤΟΥ
2189 1234 2553 1321 ΛΟΓΟΣ

463 1405 659 1495 11ί¹οΣ
710 1407 894 1457 ΤΟΥΣ
935 1407 1419 1464 ΙΙΕΝΘΟΥΝΤΑΣ
1471 1408 1598 1463 ΕΠΙ
1642 1413 1806 1466 ΤΟΙΣ
1842 1417 1990 1466 ΑΠΟ
2045 1413 2187 1468 ΤΟΥ
2225 1411 2601 1471 ΠΑΡΟΝΤΟΣ
2643 1421 2804 1474 13101~
2841 1425 3035 1476 ΠΡΟΣ
3095 1426 3236 1478 ΊὈΝ
3276 1425 3522 1478 ΛΙΔΙΟΝ

1673 1532 2292 1585 ΜΕΘΙΣΤΑΜΕΝΟΙΣ.

1651 1074 2028 1085 ——-—————

2171 1079 2194 1102 τ
2191 1079 3350 1107 ,ἪΨ-
3158 1085 3166 1095 ¹
3356 1101 3448 1107 -

1453 1868 1985 1956 EJUSDEM
2037 1868 2496 1960 ORATIO

425 2052 570 2121 ραι
627 2051 884 2118 DOCET,
961 2053 1121 2109 NON
1179 2053 1362 2110 ESSE
1413 2053 1834 2112 DOLENDUM
1885 2058 1980 2113 OB
2030 2058 2288 2115 EORUM
2346 2059 2633 2115 OBITUM
2695 2059 2827 2127 QUI
2884 2058 2970 2113 IN
3040 2059 3227 2113 FIDE
3271 2060 3543 2119 OBDOR-

1792 2173 2167 2231 MIERUNT.

1550 2330 1704 2378 Petro
1726 2329 1990 2380 Francisco
2011 2332 2048 2377 Ζ
2055 2327 2132 2380 ina
2156 2329 2426 2393 interprete.

424 2628 486 2680 Οἱ
512 2626 606 2694 τὴν
627 2622 928 2694 ἀναγκαίαν
965 2626 1062 2695 τῆς
1096 2624 1308 2694 φύσεως
1337 2628 1369 2694 ἡ
1380 2625 1495 2694 μῶν
1523 2623 1844 2678 ἀκολουθίαν
1879 2623 1935 2676 ὲν

2112 2621 2214 2688 Qui
2248 2621 2620 2676 necessarium
2668 2627 2878 2675 natura:
2908 2628 3110 2675 nostra:
3167 2619 3419 2674 ordinem
3459 2620 3512 2673 in
3547 2618 3619 2674 iis

352 2721 466 2782 τοῖς
495 2717 726 2783 ἐξιοῦσιν
758 2716 865 2770 ἀπὸ
885 2715 978 2769 τοῦ
1013 2717 1124 2785 βίου
1159 2716 1446 2786 συμφορὰν
1470 2713 1802 2784 ποιούμενοι,
1837 2714 1930 2766 καὶ

2040 2715 2130 2784 qui
2162 2731 2192 2768 e
2258 2715 2367 2766 vita
2397 2713 2706 2775 discedunt,
2759 2712 3120 2768 calamitatem
3174 2712 3516 2775 existimant,
3565 2718 3620 2766 et

357 2806 816 2878 βαρυπενθυῦντες
842 2807 934 2858 ἐπὶ
957 2809 1069 2868 τοῖς
1099 2803 1512 2875 μεθισταμένοις
1548 2803 1657 2858 ἀπὸ
1683 2803 1775 2856 τοῦ
1804 2805 1930 2874 τῇδε

357 2901 472 2970 βίου
502 2898 637 2970 πρὸς
665 2898 755 2950 τὸν
787 2895 971 2967 νοερὸν
997 2898 1092 2950 καὶ
1124 2896 1435 2965 ἀσώματον,
1463 2894 1522 2947 οὔ
1565 2912 1657 2965 μοι
1684 2896 1930 2948 δοκοῦσιν

356 2989 690 3059 ἐπεσκέφθαι
721 2987 819 3060 τὴν
849 2987 992 3058 ζωὴν
1023 2986 1178 3058 ἡμῶν
1203 2987 1324 3056 ἥτις
1353 2986 1519 3050 ἐστὶν,
1553 2985 1688 3039 ἀλλά
1723 2987 1784 3039 τὸ
1822 2985 1931 3038 τῶν

357 3063 564 3134 πολλῶν
611 3081 862 3150 πάσχειν,
889 3080 937 3132 οἳ
988 3079 1077 3133 διά
1112 3096 1256 3142 τινος
1301 3079 1494 3147 ἀλόγου
1547 3078 1829 3149 συνηθείας
1871 3078 1932 3132 τὸ

357 3174 529 3244 παρὸν
555 3173 734 3236 αὐτοῖς
763 3171 836 3234 ὡς
855 3171 1017 3224 καλὸν
1033 3170 1340 3239 ἀγαπῶσιν,
1375 3165 1486 3222 οἷον
1511 3169 1554 3222 δ’
1579 3169 1644 3222 ἂν
1664 3169 1769 3239 εἴη.
1799 3168 1932 3222 Καί-

353 3284 436 3320 τοι
465 3284 528 3334 γε
552 3266 640 3319 τὸν
667 3265 808 3334 λόγῳ
837 3265 931 3318 καὶ
963 3263 1170 3334 διανοίᾳ
1201 3264 1301 3333 τῆς
1328 3263 1522 3330 ἀλόγου
1564 3263 1776 3330 φύσεως
1801 3279 1931 3334 προ-

356 3356 706 3425 τεταγμένον,
740 3355 875 3426 πρὸς
897 3355 1050 3408 τοῦτο
1076 3355 1233 3420 μόνον
1258 3347 1559 3425 τῆν’ροπὴν
1589 3353 1731 3423 ἔχειν
1761 3370 1929 3424 προσο

357 3450 520 3519 ἧκεν,
545 3447 613 3500 ἶν’
639 3447 667 3500 ὃ
693 3449 758 3518 τῇ
789 3445 880 3500 τοῦ
920 3447 1078 3515 λόγου
1106 3446 1282 3517 κρίσει
1323 3445 1487 3498 καλόν
1508 3461 1568 3497 τε
1597 3447 1688 3497 καὶ
1717 3445 1931 3516 αἱρετὸν

357 3540 731 3611 ἀναφαίνεται,
769 3540 863 3594 καὶ
911 3539 985 3609 μὴ
1015 3539 1170 3592 τοῦτο
1213 3539 1430 3601 πάντως
1476 3537 1763 3608 αἱρεῖσθαι,
1797 3538 1932 3608 ὅπερ

356 3636 421 3690 ἂν
461 3636 644 3698 αὐτοῖς
678 3633 743 3686 ἐκ
783 3631 1067 3702 συνηθείας
1109 3631 1250 3694 τινὸς
1297 3631 1391 3684 καὶ
1428 3629 1649 3702 ἀκρίτου
1681 3646 1931 3700 προσπα-

359 3725 508 3790 θείας
537 3725 632 3797 ἡδύ
667 3742 726 3778 τε
761 3724 853 3777 καὶ
891 3723 1227 3792 καταθύμιον
1255 3722 1522 3790 φαίνεται.
1557 3721 1644 3774 Διό
1678 3739 1765 3792 μοι
1788 3721 1934 3773 δοκεῖ

359 3817 535 3882 καλῶς
561 3817 706 3888 ἔχειν
739 3815 948 3886 ἐπινοίᾳ
984 3815 1088 3868 τινὶ
1109 3814 1209 3884 τῆς
1237 3814 1370 3883 πρὸς
1395 3813 1454 3865 τὸ
1483 3812 1709 3884 σύνηθες
1735 3813 1932 3876 αὐτοὺς

356 3909 644 3973 διαθέσεως
675 3908 1107 3977 ἀποστήσαντας,
1143 3907 1493 3976 μεταγαγεῖν,
1521 3903 1596 3968 ὡς
1630 3903 1743 3957 ἐστι
1773 3903 1934 3958 δυνα-

2037 2821 2132 2860 cos
2154 2805 2244 2874 qui
2271 2821 2333 2858 ex
2359 2803 2462 2858 hoc
2494 2803 2699 2858 mundo
2719 2803 2952 2871 migrant
2975 2802 3040 2857 ad
3065 2803 3340 2856 caelestem
3363 2803 3616 2871 patriam,

2038 2896 2227 2949 dolore
2285 2902 2339 2948 et
2391 2894 2650 2964 lacrytuis
2709 2903 3156 2963 prosequuntur,
3200 2909 3307 2946 non
3364 2892 3620 2946 videntur

2040 2987 2172 3041 mihi
2203 2986 2433 3056 hujusce
2477 2987 2600 3040 vitae
2627 2985 2994 3041 conditionem
3047 2985 3434 3040 considerasse
3461 3024 3475 3048 ,
3521 2985 3618 3040 sed

2039 3078 2113 3132 ita
2145 3077 2322 3133 affecti
2359 3091 2505 3143 esse,
2539 3085 2599 3130 ut
2619 3078 2865 3146 plerique
2890 3091 2920 3129 e
2967 3075 3150 3146 vulgo,
3185 3075 3278 3146 qui
3323 3086 3620 3130 consuetu-

2039 3173 2167 3226 diue
2209 3171 2444 3241 quadam
2507 3169 2728 3224 homine
2790 3169 3047 3239 indigna,
3095 3185 3436 3240 quaecunque
3511 3168 3618 3224 illis

2040 3265 2260 3330 adsunt,
2298 3270 2357 3315 ut
2390 3263 2530 3315 bona
2557 3261 2810 3331 diligunt,
2854 3261 3257 3331 qualiacunque
3302 3261 3432 3317 sint.
3468 3261 3620 3328 Quos

2041 3362 2224 3409 tamen
2253 3362 2310 3408 ut
2341 3354 2554 3409 ratione
2584 3354 3027 3423 cogitationeque
3071 3353 3287 3408 caeteris
3322 3353 3618 3409 animanti-

2038 3445 2142 3501 bus
2172 3455 2513 3518 prrcstautes,
2545 3444 2610 3498 ad
2649 3461 2713 3500 ea
2745 3453 2955 3498 tantum
2986 3460 3290 3515 prepensos
3309 3462 3430 3502 esse
3453 3462 3618 3517 opor-

2041 3546 2199 3600 teret,
2221 3551 2344 3605 qum
2381 3535 2610 3589 rationis
2641 3534 2910 3605 judicium
2943 3533 3173 3590 honesta
3201 3535 3617 3606 expetendaque

2042 3637 2394 3698 proponeret,
2437 3644 2536 3683 nec
2573 3629 2665 3682 illa
2725 3643 2953 3696 prorsus
2994 3637 3275 3699 appetere,
3329 3644 3452 3699 qua:
3480 3643 3616 3683 con-

2041 3719 2354 3784 suetudine,
2387 3729 2441 3774 et
2469 3720 2876 3774 inconsiderata
2929 3719 3165 3789 quadam
3200 3717 3488 3775 aﬂectione
3527 3719 3620 3789 ju-

2040 3812 2219 3866 cunda
2247 3826 2310 3866 ac
2343 3811 2533 3867 suavia
2576 3811 2852 3866 videntur.
2893 3810 3258 3878 Quamobrem
3288 3827 3468 3882 opera:
3495 3826 3622 3882 pre-

2041 3906 2175 3961 tium
2210 3905 2342 3959 tuihi
2399 3904 2589 3960 videor
2617 3920 2740 3961 esse
2785 3904 3053 3973 facturus,
3113 3905 3158 3961 si
3189 3919 3410 3974 operam
3451 3904 3617 3967 dabo.

361 4006 475 4068 τὸν,
517 4004 608 4057 ἐπὶ
635 4003 734 4074 τὴν
761 4001 968 4073 ἀμείνω
995 4018 1054 4053 τε
1098 4000 1190 4053 καὶ
1235 3999 1548 4069 πρέπουσαν
1580 4000 1690 4062 τοῖς
1729 3997 1935 4067 λελογι-

2040 4005 2098 4050 ut
2136 4012 2231 4051 eos
2263 3996 2486 4051 liberem
2523 3996 2592 4051 ab
2651 3999 2754 4051 hoc
2787 3997 3067 4066 opinionis
3111 4010 3323 4062 errore,
3364 4010 3475 4066 quo
3523 4012 3618 4051 so-

365 4095 579 4167 σμένοις
598 4094 853 4147 διάνοιαν.
879 4091 1032 4146 Οὕτω
1056 4090 1162 4162 γὰρ
1187 4091 1252 4144 ἀν
1275 4089 1576 4160 ἐξορισθείη
1599 4089 1702 4158 τῆς
1730 4089 1938 4160 ἀνθρω-

363 4187 520 4256 πίνης
543 4183 688 4252 ζωῆς
708 4185 741 4255 ή
766 4181 1170 4252 σπουδαζομένη
1189 4179 1315 4251 περί¹
1331 4178 1397 4230 τὰ
1420 4177 1565 4247 πάθη
1588 4179 1699 4239 τοῖς
1725 4177 1937 4240 πολλοῖς

360 4277 572 4346 ἀλογία.
620 4276 832 4328 Γένοιτο
860 4273 903 4327 δ’
943 4275 1009 4328 ἂν
1055 4275 1184 4344 ἡμῖν
1229 4271 1520 4334 ἀκόλουθος
1562 4273 1595 4343 ὴ
1643 4270 1737 4323 τοῦ
1777 4269 1935 4339 λόγου

365 4368 566 4440 σπουδὴ
614 4367 750 4438 πρὸς
779 4365 876 4437 τὴν
917 4364 1286 4435 προκειμένην
1332 4363 1610 4427 ὑπόθεσιν,
1647 4365 1696 4416 εί
1723 4363 1937 4433 πρῶτον

365 4459 466 4529 μὲν
484 4457 544 4511 τὸ
567 4455 780 4528 ἀληθῶς
799 4454 1020 4523 ἀγαθὸν,
1046 4447 1158 4506 οἷόν
1175 4454 1342 4516 ἐστιν,
1368 4452 1680 4522 ἐξετασθείη
1705 4468 1722 4484 ο
1747 4452 1937 4506 ἔπειτα

361 4552 418 4606 δὲ
442 4549 504 4604 τὸ
532 4549 661 4602 ῐδιον
693 4548 791 4618 τῆς
837 4547 894 4601 ὲν
932 4545 1145 4614 σώματι
1177 4544 1319 4616 ζωῆς
1353 4545 1730 4617 θεωρήσαιμεν
1751 4561 1766 4578 ο
1801 4545 1938 4615 πρὸς

364 4643 573 4706 τούτοις
621 4641 678 4695 δὲ
727 4641 775 4692 εί
809 4638 898 4692 διά
948 4638 1284 4710 συγκρίσεως
1321 4637 1774 4708 ἀντιπαρατεθείη
1826 4639 1940 4700 τοῖς

365 4732 598 4804 παροῦσι
613 4730 684 4785 τά
714 4730 780 4783 δι’
812 4729 1022 4794 ἐλπίδος
1047 4731 1176 4800 ἡμῖν
1199 4729 1552 4798 ἀποκείμενα.
1571 4728 1724 4782 Οὕτω
1745 4728 1853 4799 γὰρ
1873 4727 1943 4783 ἂν.

366 4818 618 4888 προέλθοι
642 4815 777 4886 πρὸς
807 4814 898 4868 τὸν
927 4817 1125 4869 σκοπὸν
1154 4816 1248 4869 τοῦ
1283 4816 1440 4885 λόγου
1477 4819 1509 4889 ἡ
1547 4817 1769 4888 θεωρία,
1796 4818 1939 4871 ὥστε

368 4905 726 4979 μετατεθῆναι
769 4905 878 4958 τῶν
909 4906 1120 4959 πολλῶν
1163 4907 1270 4959 ἀπὸ
1323 4908 1415 4960 τοῦ
1449 4908 1710 4979 συνήθους
1745 4909 1836 4962 ἐπὶ
1879 4909 1940 4962 τὸ

367 4999 528 5054 καλὸν
560 4998 658 5070 τὴν
703 4997 958 5051 διάνοιαν.
1000 4997 1216 5068 Ἐπειδὴ
1268 4999 1376 5070 γὰρ
1417 5000 1582 5052 πᾶσιν
1635 4999 1940 5070 ἀνθρώποις

367 5091 568 5161 φυσική
601 5107 683 5153 τις
717 5089 852 5160 πρὸς
884 5089 943 5142 τὸ
973 5089 1136 5142 καλὸν
1173 5089 1414 5158 ἔγκειται
1449 5091 1650 5160 σχέσις,
1685 5093 1776 5144 καὶ
1804 5092 1940 5162 πρὸς

367 5183 526 5237 τοῦτο
549 5185 778 5236 κινεῖται
817 5184 966 5235 πᾶσα
1009 5183 1343 5254 προαίρεσις,
1370 5184 1459 5236 τὸν
1481 5183 1575 5237 τοῦ
1615 5185 1781 5238 καλοῦ
1814 5202 1942 5238 σχον

369 5276 469 5326 πον
497 5275 676 5346 πάσης
698 5275 796 5344 τῆς
819 5274 960 5327 κατά
986 5275 1075 5328 τὸν
1105 5274 1216 5344 βίον
1243 5275 1476 5345 σπουδῆς
1503 5275 1939 5348 προὸαλλομένη·

369 5364 554 5418 τούτου
611 5365 770 5436 χάριν
801 5367 834 5435 ὴ
882 5364 1010 5436 περὶ
1040 5365 1102 5418 τὸ
1149 5366 1318 5429 ὄντως
1373 5366 1535 5419 καλὸν
1575 5368 1816 5440 ἀκρισία,
1872 5369 1941 5422 τὰ

373 5455 544 5508 πολλά
570 5456 676 5509 τῶν
702 5456 1163 5528 ἁμαρτανομένων
1193 5457 1378 5510 εἴωθεν
1405 5456 1809 5528 ἐξεργάζεσθαι.
1856 5461 1941 5524 Ὠς

371 5549 424 5601 εἴ
452 5564 514 5615 γε
551 5547 810 5620 πρόδηλον
839 5549 1002 5602 πᾶσιν
1029 5545 1096 5620 ἦν
1130 5547 1190 5601 τὸ
1221 5549 1434 5619 ἀληθῶς
1477 5549 1701 5618 ἀγαθὸν,
1741 5551 1841 5604 οὐκ
1875 5552 1940 5605 ἂν

371 5637 580 5689 ἐκείνου
607 5637 733 5688 ποτε
755 5637 1144 5710 διημάρτομεν,
1167 5631 1210 5706 ᾧ
1237 5637 1446 5710 φΰσιςὴ
1471 5639 1741 5710 ἀγαθότης
1771 5643 1936 5694 ἐστίν·

371 5728 478 5782 οὐδ’
509 5727 575 5784 ἂν
605 5729 864 5795 ἑκουσίως
891 5732 958 5802 τῇ
987 5731 1095 5786 τῶν
1116 5730 1300 5785 κακῶν
1328 5731 1732 5804 συνηνέχθημεν
1755 5735 1938 5807 πείρᾳ,

2038 4090 2118 4143 liti
2153 4096 2282 4143 sunt
2310 4088 2640 4158 perturbari,
2669 4095 2724 4144 et
2751 4089 2819 4143 ad
2847 4089 3124 4143 meliorem
3159 4087 3487 4158 homineque
3536 4087 3620 4141 di-

2037 4181 2280 4251 gniorem
2315 4177 2700 4249 COgitationem
2726 4193 2828 4248 pro
2874 4179 3086 4232 viribus
3117 4175 3426 4232 traducam.
3461 4177 3620 4244 Quod

2037 4272 2257 4343 quidem
2289 4271 2336 4328 si
2367 4271 2575 4326 erimus
2620 4269 2886 4333 assecuti,
2949 4269 3301 4324 temerarium
3363 4269 3496 4324 illud
3522 4269 3616 4325 do-

2039 4365 2184 4421 lendi
2219 4363 2598 4432 mmrcudique
2625 4361 2868 4416 studium
2890 4401 2905 4424 .
2969 4375 3080 4432 quo
3147 4361 3302 4416 multi
3339 4370 3616 4429 tenentur,

2039 4471 2106 4510 ex
2142 4454 2428 4509 hominum
2482 4454 2591 4506 vita
2624 4453 2954 4523 depelletur.
3007 4453 3178 4509 Recte
3227 4461 3412 4508 autem
3457 4464 3620 4525 atque

2038 4544 2231 4601 ordine
2251 4543 2394 4615 quod
2413 4543 2818 4614 preposuimus,
2841 4559 3253 4615 persequemur,
3280 4545 3328 4600 si
3359 4545 3618 4616 primum,

2039 4637 2171 4709 quid
2203 4652 2330 4693 vere
2353 4635 2424 4691 sit
2444 4635 2670 4702 bonum,
2701 4635 3092 4707 exquiretuus;
3123 4637 3319 4693 deinde
3343 4638 3618 4709 propriam

2039 4731 2184 4798 vita-3,
2216 4744 2380 4800 quam
2410 4729 2464 4783 in
2494 4742 2722 4798 corpore
2759 4729 2993 4797 agimus,
3028 4729 3399 4785 conditionem
3435 4730 3621 4786 consi-

2040 4823 2389 4887 derabimus;
2449 4829 2725 4891 postremo
2786 4835 2874 4876 res
2911 4828 3212 4890 pra-:seutes
3271 4818 3621 4876 conferemus

2041 4931 2164 4970 cum
2214 4914 2282 4971 iis
2334 4931 2473 4983 quas
2521 4929 2616 4983 per
2669 4929 2820 4983 spem
2874 4914 3032 4968 nobis
3065 4912 3376 4968 reconditas
3429 4927 3621 4982 exspe-

2041 5013 2276 5060 ctamus.
2303 5003 2395 5060 Sic
2424 5003 2568 5058 enim
2602 5003 2898 5072 disputatio
2951 5004 3114 5057 tinem
3161 5004 3502 5073 propositum
3531 5018 3621 5057 as-

2043 5105 2322 5164 sequetur,
2353 5102 2411 5147 ut
2441 5094 2734 5146 multorum
2778 5092 2944 5145 animi
2997 5093 3066 5146 ab
3109 5091 3364 5161 opinione
3405 5092 3619 5162 vulgari

2043 5187 2109 5240 ad
2170 5194 2377 5241 rectam
2430 5184 2498 5238 de
2542 5197 2670 5237 vero
2721 5182 2865 5236 bono
2921 5182 3246 5238 sententiam
3316 5183 3620 5237 traducan-

2045 5287 2152 5332 tur.
2223 5275 2359 5330 Nam
2430 5289 2556 5328 cum
2623 5273 2879 5328 omnibus
2942 5273 3256 5328 hominibus
3313 5275 3476 5329 insita
3550 5276 3621 5330 sit

2043 5367 2309 5423 naturalis
2360 5366 2606 5437 quaedam
2665 5363 2732 5418 ad
2800 5364 3002 5418 bonum
3061 5367 3378 5434 propensio,
3443 5367 3508 5421 ad
3555 5369 3621 5422 il-

2042 5459 2244 5530 ludque
2289 5455 2732 5528 consequendum
2793 5471 3008 5526 semper
3060 5458 3208 5512 omni
3257 5458 3440 5514 studio
3489 5475 3620 5514 con-

2045 5555 2288 5617 tendant,
2326 5551 2384 5604 lit
2427 5557 2487 5604 ut
2523 5563 2588 5603 ex
2639 5550 2752 5603 veri
2784 5549 2911 5603 boni
2955 5549 3262 5621 ignorantia
3291 5550 3473 5604 omnia
3508 5551 3621 5605 fere

2044 5653 2266 5715 peccata
2295 5645 2662 5699 committant.
2692 5641 2845 5709 Quod
2891 5642 2935 5697 si
2965 5643 3149 5696 cuncti
3186 5658 3371 5697 verum
3416 5644 3619 5698 bonum

2045 5745 2390 5809 perspectqu
2413 5744 2468 5792 ct
2509 5737 2784 5807 cognitum
2825 5735 3106 5804 haberent,
3137 5750 3415 5806 nunquam
3441 5735 3512 5790 ab
3532 5747 3618 5796 eo.
