4124 6352
525 304 630 360 839

1745 301 1804 358 S.
1846 299 2176 357 (illEGORll
2213 298 2511 356 NYSSENI

3690 302 3797 358 500

524 425 582 478 iu
620 436 731 492 quo
757 429 956 477 natura
1004 422 1307 480 bonitatem
1350 422 1513 479 sitam
1539 436 1663 478 esse
1694 421 1925 486 scirent,
1953 421 2101 480 abcr:

2217 422 2373 491 εἴπερ
2427 420 2501 490 μὴ
2545 418 2929 490 ἐπεκέχρωστο
2970 418 3051 473 τὰν
3097 420 3395 492 πράγματα
3439 420 3805 498 διεψευσμένῃ

523 522 734 581 rantes,
759 515 940 581 malis,
979 531 1101 586 quae.
1131 515 1328 572 falsam
1355 515 1489 570 boni
1521 515 1760 585 speciem
1794 528 1907 584 prae
1934 529 1994 570 se
2034 514 2112 568 l'c-

524 616 680 672 runt,
724 609 1055 679 experiendo
1089 609 1235 663 ultro
1265 624 1389 664 sese
1417 608 1787 677 implicarent.
1833 604 1892 660 ln
1920 605 2112 676 primis

524 703 692 775 igitur
721 700 824 756 hac
854 701 1125 766 oratione,
1156 699 1287 769 quid
1314 715 1441 754 vere
1479 699 1682 753 bonum
1722 698 1816 764 sit,
1873 697 2111 768 explice-

522 807 681 858 mus;
714 807 781 846 ne
840 790 993 846 illius
1019 789 1242 845 inscitia
1273 789 1476 843 malum
1510 804 1756 859 unquam
1809 803 1909 858 pro
1964 787 2110 843 bono

520 883 972 953 complectamur.
1011 880 1235 952 Oportet
1266 879 1412 935 enim
1472 879 1655 946 illius,
1717 879 1861 947 quod
1905 878 2109 949 quani-

521 986 666 1036 tnus,
702 970 1074 1026 definitionem
1108 985 1172 1025 ac
1193 968 1621 1039 descriptionem
1658 969 1949 1039 quamdam
1980 985 2107 1039 pro-

522 1062 675 1132 poni,
702 1062 864 1130 cujus
899 1070 1158 1132 tanquam
1202 1060 1409 1115 indicio
1455 1068 1569 1115 tuta
1604 1060 1717 1115 veri
1752 1060 1883 1114 boni
1910 1060 2105 1116 sitno-

521 1154 609 1210 bis
637 1152 1012 1223 investigatio.
1039 1151 1265 1222 Ecquod
1300 1162 1483 1206 autem
1539 1152 1642 1207 erit
1693 1151 1958 1206 indicium
1992 1152 2105 1207 veri

518 1244 684 1301 boni?
708 1246 843 1299 Illud
870 1245 1148 1309 nimirum,
1170 1258 1289 1297 mea
1311 1242 1531 1313 quidem
1557 1244 1856 1308 sententia,
1880 1245 2103 1314 utquod

520 1352 631 1390 non
655 1335 724 1389 ad
752 1349 914 1389 unam
940 1341 1151 1388 tantum
1212 1333 1453 1406 aliquam
1508 1348 1624 1387 rem
1678 1334 1891 1400 utilem,
1929 1352 2106 1405 neque

520 1427 667 1497 quod
696 1428 809 1482 alio
841 1436 1083 1497 tempore
1111 1425 1482 1488 commodum,
1516 1424 1624 1481 alio
1670 1426 2101 1491 incommodum,

518 1535 700 1590 neque
737 1519 886 1589 quod
938 1519 1013 1572 ita
1061 1517 1298 1588 cuipiam
1328 1516 1524 1588 prosit,
1579 1525 1641 1570 ut
1673 1516 1763 1571 alii
1812 1518 1975 1583 obsit,
2005 1518 2102 1573 sed

519 1613 665 1684 quod
696 1620 751 1667 et
778 1626 875 1682 per
909 1627 968 1667 se
994 1625 1058 1666 ac
1089 1610 1309 1681 propria
1355 1617 1550 1664 natura
1590 1625 1710 1675 sua,
1752 1617 1806 1664 et
1846 1611 2100 1665 omnibus

517 1713 575 1761 et
630 1719 849 1775 semper
909 1704 1112 1759 bonum
1155 1702 1247 1769 sit,
1283 1701 1334 1755 id
1405 1701 1524 1756 sine
1585 1702 1694 1754 ulla
1758 1701 2100 1757 dubitatione

2212 512 2320 563 τινὶ
2342 509 2434 563 τοῦ
2461 509 2629 562 καλοῦ
2659 511 2952 582 φαντασίᾳ.
2976 511 3185 565 Οὐκοῦν
3213 512 3319 581 πρὸ
3346 513 3566 567 πάντων
3594 515 3801 570 τούτων

2212 601 2291 671 τῷ
2312 601 2456 673 λόγῳ
2483 604 2927 673 κατανοήσωμεν,
2960 604 3012 657 τί
3038 605 3098 656 τὸ
3123 605 3341 674 ἀληθῶς
3370 606 3602 674 ἀγαθὸν,
3631 608 3715 671 ὡς.
3734 607 3799 662 ἀν

2216 691 2290 764 μὴ
2313 696 2378 764 τῇ
2428 693 2557 764 περὶ
2585 694 2773 747 τούτου
2816 694 2991 765 πλάνῃ
3035 695 3394 768 σπουδασθείη
3424 699 3555 752 ποτέ
3582 700 3655 752 τὸ·
3684 704 3797 771 χείο

2213 804 2307 857 ρον
2329 787 2451 840 ἀντὶ
2474 786 2567 841 τοῦ
2597 788 2924 859 κρείττονος.
2953 790 3100 859 Φημὶ
3121 790 3299 844 τοίνυν
3321 792 3519 861 χρῆναι
3547 792 3800 867 καθάπερ

2209 878 2438 948 ὁρισμόν
2466 896 2586 931 τινα
2613 880 2706 932 καὶ
2730 879 3053 950 χαρακτῆρα
3076 878 3170 932 τοῦ
3199 880 3530 951 ζητουμένου
3558 888 3797 955 προϋπο-

2210 968 2400 1022 θέσθαι
2431 968 2508 1040 τῷ
2528 969 2690 1041 λόγῳ,
2710 969 2777 1023 δι’
2808 961 2869 1023 οὗ
2891 970 3087 1037 γένοιτ’
3121 970 3187 1024 ἂν
3216 972 3347 1041 ἡμῖν
3364 973 3611 1044 ἀσφαλὴς
3643 975 3676 1045 ἡ
3702 976 3797 1028 τοῦ

2208 1059 2375 1114 καλοῦ
2406 1063 2755 1133 κατανόησις.
2786 1063 2882 1126 Τίς
2908 1059 2999 1116 οὖν
3027 1065 3056 1116 6
3084 1064 3369 1135 χαρακτὴρ
3399 1066 3498 1137 τῆς
3537 1067 3795 1139 ἀληθινῆς

2208 1152 2544 1223 ἁγαθότητος
2568 1171 2582 1219 ;
2621 1155 2694 1208 Τὸ
2719 1155 2793 1226 μὴ
2821 1155 2980 1225 μόνον
3007 1155 3144 1226 πρός
3168 1173 3221 1209 τι
3246 1157 3307 1210 τὸ
3326 1157 3605 1229 ὠφέλιμον
3631 1159 3795 1229 ἔχειν,

2210 1245 2342 1316 μηδέ
2369 1245 2510 1299 κατὰ
2530 1245 2753 1316 καιρούς
2772 1264 2945 1311 τινας,
2971 1246 3003 1317 ἢ
3028 1247 3306 1315 ἐπωφελὲς
3330 1248 3360 1318 ἢ
3383 1249 3654 1320 ἄχρηστον
3675 1252 3794 1320 φαί-

2211 1329 2419 1388 νεσθαι·
2457 1336 2592 1406 μηδὲ
2617 1336 2723 1389 τινὶ
2756 1337 2853 1408 μέν
2877 1332 3015 1390 εἶναι
3055 1337 3238 1404 καλὸν,
3264 1339 3436 1410 ἑτέρῳ
3467 1340 3525 1393 δὲ
3548 1342 3608 1394 οὐ
3629 1342 3793 1396 τοιοῦ-

2203 1442 2313 1478 τον·
2342 1426 2459 1479 ἀλλ’
2498 1426 2651 1495 ὅπερ
2674 1428 2768 1480 καὶ
2808 1428 2896 1496 ἐφ’
2927 1427 3122 1481 ἑαυτοῦ
3163 1429 3304 1482 κατὰ
3337 1429 3435 1501 τὴν
3475 1430 3795 1499 ἱδίανφύσιν

2202 1516 2320 1569 ἐστὶ
2360 1516 2554 1585 καλὸν,
2600 1518 2694 1571 καὶ
2725 1519 2921 1584 παντὶ,
2950 1520 3043 1573 καὶ
3085 1519 3315 1574 πάντοτε
3355 1521 3615 1586 ὡσαύτως
3654 1523 3791 1592 ἔχει,

2201 1598 2353 1669 οὗτός
2379 1607 2527 1674 ἐστι,
2557 1607 2701 1660 κατά
2733 1625 2797 1676 γε
2831 1607 2931 1678 τὴν
2959 1608 3099 1679 ἐμὴν
3125 1610 3326 1680 κρίσιν,
3367 1612 3464 1679 τῆς
3493 1610 3587 1664 τοῦ
3622 1613 3797 1666 καλοῦ

2200 1695 2435 1766 κρίσεως
2456 1698 2484 1748 6
2510 1696 2797 1768 χαρακτὴρ
2816 1697 3059 1769 ἀπλανὴς
3084 1716 3144 1751 τε
3166 1699 3260 1752 καὶ
3285 1699 3571 1768 άψευστος.
3594 1703 3659 1755 Ὃ
3679 1702 3792 1774 γὰρ

516 1810 708 1853 verum
755 1796 959 1851 bonum
1015 1808 1140 1849 esse
1185 1792 1516 1862 judicetnus.
1575 1791 1731 1857 Quod
1792 1793 1937 1847 enim
2002 1808 2101 1849 nec

2207 1786 2340 1855 μήτε
2366 1786 2521 1849 πᾶσι,
2555 1787 2693 1857 μήτε
2738 1788 2990 1855 πάντοτε,
3025 1789 3160 1858 μήτε
3199 1789 3283 1857 ἐφ’
3319 1790 3514 1844 ἑαυτοῦ
3540 1790 3660 1861 δίχα
3690 1793 3789 1864 τῆς

516 1887 794 1952 omnibus,
825 1902 928 1941 nec
967 1901 1201 1956 semper,
1237 1900 1337 1938 nec
1363 1900 1458 1954 per
1487 1898 1547 1939 se
1586 1885 1703 1940 sine
1739 1885 1847 1938 ulla
1879 1892 2104 1940 externa

518 1976 744 2034 alterius
766 1976 1119 2046 adjunctione
1145 1976 1348 2031 bonum
1384 1983 1490 2042 est,
1525 1976 1745 2045 proprie
1786 1975 1915 2031 boni
1942 1983 2101 2031 natu-

518 2085 636 2125 ram
665 2085 774 2124 non
805 2068 990 2123 habet.
1023 2068 1389 2134 Quamobrem
1418 2068 1577 2122 multi
1628 2068 1810 2123 minus
1847 2068 2103 2123 conside-

522 2169 641 2217 rate
688 2175 777 2216 res
821 2160 1196 2230 explorantes,
1235 2159 1293 2211 in
1334 2158 1622 2213 elementis
1656 2159 1839 2213 mutuli
1898 2159 2099 2214 bonum

519 2251 661 2307 falso
682 2264 805 2308 esse
838 2258 967 2307 sunt
1027 2248 1321 2320 suspicati;
1358 2249 1406 2304 si
1452 2247 1578 2319 quis
1620 2250 1764 2305 enim
1809 2249 2103 2319 diligenter

519 2340 852 2402 consideret.
880 2340 1091 2396 nullum
1123 2355 1315 2395 eorum
1352 2354 1451 2395 nec
1480 2355 1577 2410 per
1615 2355 1695 2406 se,
1728 2356 1831 2395 nec
1860 2356 2097 2410 semper,
2122 2332 2149 2403 ,’

518 2450 624 2491 nec
651 2434 908 2491 omnibus
959 2435 1165 2487 bonum
1214 2432 1473 2486 inveniet.
1504 2431 1639 2486 Nam
1672 2434 1821 2499 quod
1877 2434 1931 2488 in
1960 2450 2100 2488 uno-

518 2540 738 2598 quoque
765 2539 956 2580 eorum
985 2524 1119 2578 utile
1162 2531 1269 2587 est,
1321 2523 1656 2577 contrarium
1685 2525 1891 2594 aliquid
1926 2526 2100 2579 admi-

517 2627 663 2676 stum
698 2617 884 2673 habet.
911 2615 979 2673 Ut
1006 2629 1148 2685 aqua
1171 2614 1431 2670 salutaris
1460 2615 1679 2685 qui-lem
1713 2624 1799 2671 est
1853 2620 2099 2674 animan-

519 2707 667 2763 tibus
696 2707 749 2762 in
782 2706 903 2777 ipsa
929 2704 1279 2776 degentibus,
1326 2703 1637 2774 perniciosa
1691 2714 1875 2762 autem
1925 2710 2099 2764 medi-

517 2796 807 2861 terraneis,
832 2795 880 2852 si
905 2794 1313 2866 demergantur.
1336 2793 1447 2848 Aer
1471 2804 1661 2850 eontra
1681 2796 1736 2850 in
1757 2797 1878 2867 ipso
1904 2809 2101 2855 natura

517 2888 832 2945 viventibus
887 2884 1153 2958 prodest,
1200 2884 1538 2956 aquatilibus
1592 2895 1773 2942 autem
1822 2888 1877 2943 in
1905 2905 1972 2944 eo
1999 2907 2097 2946 ex-

518 2981 716 3053 positis
750 2978 982 3035 exitium
1012 2978 1190 3033 atlert.
1223 2973 1315 3032 Sic
1359 2976 1524 3032 etiam
1560 2978 1705 3048 ignis
1732 2980 1969 3050 aliquem
2000 2999 2101 3038 no.

517 3072 605 3128 bis
641 3085 801 3126 usum
850 3068 1082 3140 pra'bet,
1105 3066 1201 3123 sed
1259 3066 1421 3137 longe
1455 3067 1613 3138 plura
1662 3069 1872 3125 invehit
1921 3072 2097 3127 detri~

517 3172 723 3219 menta.
751 3159 1096 3230 Quid2quod
1128 3173 1195 3213 ne
1221 3157 1338 3229 ipse
1385 3158 1607 3229 quidem
1656 3162 1738 3216 sol
1782 3164 2089 3230 utentibus,

519 3255 720 3325 ubique
779 3260 874 3308 aut
918 3267 1180 3322 semper,
1235 3261 1328 3307 aut
1397 3252 1455 3307 in
1513 3254 1769 3310 omnibus
1822 3256 2091 3326 prodeSt:

516 3345 720 3417 quippe
747 3343 915 3415 quiet
946 3344 1116 3398 nimio
1152 3359 1546 3415 nonnunquam
1577 3346 1776 3402 ardore
1809 3348 2098 3404 vehemen-

518 3442 602 3488 ter
630 3440 851 3499 noceat,
883 3442 959 3496 et,
995 3448 1117 3503 quae
1171 3432 1278 3488 sibi
1314 3434 1533 3504 objecta
1584 3443 1734 3500 sunt,
1776 3436 2100 3494 immodera-

520 3524 628 3579 tius
654 3524 918 3591 exsiccet,
942 3530 996 3578 et
1027 3523 1343 3578 morborum
1397 3540 1640 3595 persaepe
1701 3541 1868 3582 causa
1922 3528 2012 3590 sit,
2047 3539 2099 3582 et

519 3617 896 3688 lippientibus,
938 3625 1103 3688 atque
1140 3616 1319 3672 oculis
1346 3617 1805 3675 imbecillioribus
1869 3620 2097 3688 ofﬁciat,

517 3716 571 3762 et
603 3722 669 3763 ex
693 3707 1041 3763 humidorum
1073 3710 1428 3780 corruptione
1451 3710 1651 3765 damna
1678 3712 2099 3786 molestiamque

519 3800 828 3857 viventibus
864 3801 1147 3873 impun-tet.

590 4064 850 4133 Proinde,
902 4067 1361 4139 quemadmodum
1397 4062 1660 4135 diximus,
1716 4071 1768 4124 id
1824 4073 2002 4127 solum
2031 4089 2104 4128 ex

520 4161 776 4218 omnibus
800 4161 1006 4216 bonum
1040 4170 1256 4231 oportet
1311 4160 1652 4227 existimare,
1681 4162 1828 4233 quod
1886 4179 2102 4235 semper

519 4261 576 4311 et
625 4253 884 4310 omnibus
934 4267 1089 4322 aeque
1111 4253 1332 4309 exhibet
1384 4262 1635 4308 naturam
1664 4254 1814 4319 boni,
1864 4271 1967 4311 nec
2002 4271 2100 4326 pro

521 4345 734 4401 ratione
765 4360 954 4427 eorum
985 4360 1105 4416 quae
1136 4346 1491 4401 extrinsecus
1513 4344 2101 4415 objiciuntur,.immu-

2125 3122 2172 3182 ϐ
2202 3155 2295 3206 ἐστ

2204 1872 2401 1937 ἔξωθεν
2430 1877 2804 1946 περιστάσεώς
2830 1880 2944 1931 ἐστι
2977 1878 3161 1943 καλὸν,
3184 1880 3284 1933 οὐκ
3310 1880 3375 1935 ἂν
3406 1884 3609 1953 κυρίως
3632 1886 3690 1937 ἐν
3720 1889 3788 1958 τῇ

2203 1964 2296 2017 τοῦ
2327 1964 2493 2019 καλοῦ
2535 1968 2773 2039 κρίνοιτο
2809 1969 2989 2038 φύσει.
3022 1972 3223 2043 Διόπερ
3263 1973 3450 2027 ’πολλοὶ⁵
3481 1974 3591 2029 τῶν
3634 1975 3789 2043 ἀνεξ-

2203 2056 2443 2121 ετάστως
2466 2061 2840 2131 προσεχόντων
2867 2064 2981 2127 τοῖς
3008 2059 3179 2129 οὖσιν,
3214 2067 3273 2119 ἐν
3303 2068 3417 2131 τοῖς
3460 2068 3552 2122 τοῦ
3580 2070 3787 2141 κόσμου

2206 2150 2490 2220 στοιχείοις
2542 2148 2772 2207 εἶναιτὸ
2821 2156 2985 2209 καλὸν
3031 2157 3481 2231 ἐφαντάσθησαν·
3527 2154 3602 2216 ὧν
3634 2163 3803 2216 οὐδὲν

2202 2239 2352 2311 εὖροι
2383 2261 2465 2307 τις
2484 2243 2549 2297 ἂν
2572 2245 2893 2311 διεξετάζων
2918 2251 3012 2302 καί¹
3039 2251 3123 2319 ἐφ’
3156 2252 3372 2318 ἑαυτοῦ,
3400 2254 3495 2308 καὶ
3532 2255 3783 2319 πάντοτε,

2203 2332 2297 2384 καὶ
2326 2333 2487 2386 παντὶ
2509 2334 2674 2388 καλὸν
2708 2338 3115 2409 εὑρισκόμενον.
3151 2341 3427 2413 Μέμικται
3458 2344 3571 2417 γὰρ
3600 2344 3678 2417 τῷ
3698 2346 3783 2415 ἐφ’

2202 2421 2436 2476 ἑκάστου
2485 2423 2688 2479 τούτων
2723 2429 3000 2500 χρησίμῳ,
3036 2433 3128 2485 καὶ
3172 2435 3204 2504 ἡ
3253 2433 3391 2504 πρὸς
3434 2435 3497 2488 τὸ
3542 2436 3789 2490 ἐναντίον

2201 2514 2467 2582 ἐνέργεια.
2513 2512 2660 2580 Οἷον,
2697 2519 2757 2572 τὸ
2779 2519 2923 2591 ὓδωρ
2966 2524 3229 2594 σωτήριον
3263 2525 3362 2596 μὲν
3389 2530 3504 2590 τοῖς
3538 2529 3595 2581 ἐν
3635 2528 3787 2598 αὐτῷ

2198 2607 2553 2678 τρεφομένοις
2582 2611 2749 2671 ἐστὶν,
2775 2612 3017 2683 ὀλέθριον
3036 2614 3093 2667 δὲ
3123 2618 3235 2679 τοῖς
3267 2618 3565 2688 χερσαίοις,
3593 2622 3642 2672 εί
3664 2620 3784 2674 ἐπι-

2200 2698 2466 2753 κλύσειεν.
2511 2700 2783 2765 Ὡσαύτως
2821 2703 2878 2757 δὲ
2911 2706 3005 2758 καὶ
3042 2707 3071 2758 6
3097 2706 3225 2777 ἀὴρ,
3268 2710 3380 2772 τοῖς
3414 2708 3515 2779 μὲν
3541 2711 3598 2762 ἐν
3633 2711 3785 2784 αὐτῷ

2201 2784 2303 2857 ζῇν
2349 2788 2671 2858 πεφυκόσιν,
2704 2791 2820 2843 ἐστὶ
2874 2794 3159 2863 σωτήριος,
3200 2796 3314 2859 τοῖς
3357 2795 3414 2848 δὲ
3444 2795 3534 2850 τὸν
3564 2794 3785 2870 ἔνυδρον

2200 2879 2441 2949 εἰληχὸσι
2480 2879 2616 2951 βίον,
2670 2881 2968 2953 φθαρτικὺς
3018 2884 3332 2955 εὑρίσκεται
3381 2887 3475 2941 καὶ
3521 2887 3780 2959 ὀλέθριος,

2200 2971 2326 3024 ὅταν
2355 2973 2412 3024 ἐν
2432 2968 2578 3043 αύτῷ
2606 2991 2690 3038 τις
2717 2973 2943 3047 γένηται
2972 2976 3082 3030 τῶν
3103 2978 3469 3051 ὑποϐρυχίων.
3505 2978 3663 3034 Οὕτω
3690 2981 3784 3035 καὶ

2199 3061 2259 3114 τὸ
2288 3061 2400 3134 πῦρ
2436 3062 2572 3133 πρός
2605 3082 2658 3117 τι
2693 3067 2961 3137 χρήσιμον
2991 3069 3122 3139 ἡμῖν
3151 3070 3454 3140 γινόμενον,
3485 3072 3786 3142 φθαρτικόν

2303 3173 2319 3207 ι
2347 3158 2459 3219 τοῖς
2506 3154 2736 3211 πλείοσι.
2777 3157 2889 3213 Καὶ
2918 3161 3079 3215 αὐτὸν
3111 3162 3170 3215 δὲ
3206 3162 3299 3216 τὸν
3329 3162 3480 3232 ἥλιον
3507 3162 3657 3235 εὖροι
3698 3181 3782 3227 τις

2200 3246 2286 3310 ἂν,
2321 3245 2444 3300 οὔτε
2471 3250 2652 3316 παντὶ,
2679 3246 2802 3304 οὔτε
2832 3252 3083 3318 πάντοτε,
3107 3252 3229 3306 οὔτε
3253 3253 3397 3308 κατὰ
3422 3255 3597 3309 πάντα
3622 3255 3785 3309 καλὸν

2200 3341 2311 3402 τοῖς
2342 3339 2679 3412 μετέχουσιν.
2706 3342 2863 3396 Ἐστι
2889 3341 3000 3414 γὰρ
3019 3345 3076 3396 ἐν
3103 3336 3184 3407 οἷς
3214 3344 3310 3398 καὶ
3341 3343 3548 3417 σφόδρα
3575 3345 3782 3416 γίνεται

2202 3429 2519 3500 βλαπτικός,
2551 3433 2832 3503 ὑπερζέων
2856 3451 2914 3487 τε
2942 3433 3038 3487 τοῦ
3072 3435 3403 3506 καθήκοντος
3441 3437 3661 3511 μέτρου,
3688 3437 3782 3491 καὶ

2202 3521 2471 3593 ξηραίνων
2504 3525 2563 3577 ἐν
2594 3526 2832 3596 ἀμετρίᾳ
2877 3525 2938 3578 τὸ
2982 3526 3360 3598 ὑποκείμενον,
3390 3529 3483 3583 καὶ
3528 3526 3783 3592 νοσώδεις

2200 3615 2378 3678 αἰτίας
2413 3614 2675 3679 πολλάκις
2707 3615 3155 3687 ἐξεργαζόμενος,
3190 3619 3414 3683 καὶτοῖς
3447 3618 3780 3689 ἐμπαθεστέ-

2204 3723 2318 3777 ροις
2349 3707 2456 3760 τῶν
2507 3708 2804 3779 ὀφθαλμῶν
2859 3711 3295 3783 προσεπιτρίϐων
3336 3711 3434 3783 τὴν
3478 3712 3651 3776 νόσον,
3687 3714 3780 3766 καὶ

2199 3799 2286 3853 διὰ
2309 3801 2406 3869 τῆς
2436 3800 2650 3869 σήψεως
2681 3802 2786 3855 τῶν
2813 3801 3016 3873 ὑγρῶν,
3044 3803 3284 3874 βλαϐερά
3302 3821 3360 3857 τε
3383 3804 3476 3857 καὶ
3499 3804 3637 3875 ἀηδῆ
3661 3823 3779 3859 τινα

2200 3890 2483 3961 ζωογονῶν
2532 3894 2590 3945 ἐν
2628 3896 2694 3964 τῇ
2746 3894 3170 3969 κατεφθαρμένῃ
3220 3894 3328 3948 τῶν
3370 3895 3552 3967 ὑγρῶν
3606 3914 3777 3968 σηπε-

2200 3982 2341 4037 δόνι.

2271 4077 2499 4140 Οὐκοῦν,
2527 4076 2708 4142 καθὼς
2729 4078 2961 4148 εἴρηται,
3001 4080 3158 4150 μόνον
3180 4082 3246 4135 ἐκ
3275 4082 3490 4135 πάντων
3516 4082 3592 4146 ὡς
3616 4082 3779 4136 καλὸν

2202 4168 2580 4235 προαιρεῖσθαι
2617 4166 2742 4238 χρὴ,
2782 4167 2810 4221 ὃ
2838 4169 3066 4222 πάντοτε
3099 4172 3192 4223 καὶ
3219 4172 3385 4225 πᾶσιν
3410 4173 3609 4243 ὁμοίως
3628 4173 3686 4226 ἐν
3710 4175 3776 4244 τῇ

2200 4255 2294 4309 τοῦ
2331 4256 2496 4311 καλοῦ
2528 4257 2826 4329 καθορᾶται
2857 4259 3046 4329 φύσει,
3082 4263 3167 4314 ἀεὶ
3204 4260 3444 4318 τοιοῦτον
3482 4263 3563 4331 ὃν,
3595 4268 3686 4319 καὶ
3716 4266 3776 4318 οὐ

2203 4350 2339 4420 πρὸς
2364 4349 2462 4413 τὰς
2500 4347 2696 4414 ἔξωθεν
2733 4352 3081 4423 περιστάσεις
3118 4354 3603 4427 μεταϐαλλόμενον.
3644 4358 3779 4429 Περὶ

522 4446 692 4493 tatur.
723 4436 860 4491 Nam
911 4452 1035 4508 qua:
1076 4450 1142 4492 ex
1169 4453 1332 4507 prava
1363 4436 1598 4507 quadam
1626 4439 1883 4507 opinione
1907 4436 2097 4496 viden-

2204 4442 2313 4512 γὰρ
2344 4440 2454 4495 τῶν
2479 4437 2652 4496 ἄλλων
2684 4442 2783 4495 ὅσα
2810 4445 2949 4498 κατά
2985 4462 3106 4498 τινα
3136 4446 3403 4517 πρόληψιν
3436 4447 3778 4520 ἀλογωτέραν

521 4538 612 4582 tur
631 4528 947 4584 hominibus
973 4529 1136 4591 bona,
1179 4537 1239 4582 ut
1264 4544 1384 4599 qua:
1422 4529 1488 4584 ad
1518 4546 1741 4600 corpus,
1775 4532 1845 4585 ad
1881 4548 1968 4589 res
2000 4549 2097 4588 ex.

521 4625 731 4681 ternas,
763 4617 830 4673 ad
860 4619 1049 4685 robur,
1083 4619 1150 4673 ad
1215 4620 1702 4689 pulchritudinem,
1731 4623 1797 4678 ad
1838 4608 2101 4693 splendo-
2127 4692 2132 4698 _

523 4725 660 4777 rem,
691 4709 758 4764 ad
798 4724 953 4779 opes,
994 4710 1061 4764 ad
1105 4711 1403 4780 potentiam
1441 4719 1495 4765 et
1538 4713 1766 4782 gloriam
1801 4717 2095 4784 pertinent,

521 4809 575 4856 et
595 4801 701 4855 alia
721 4800 964 4871 ejusdem
989 4799 1225 4872 generis,
1253 4818 1378 4857 cum
1419 4818 1516 4872 per
1541 4819 1601 4859 se
1628 4805 1920 4876 perspicua
1959 4808 2094 4873 sint,

520 4893 741 4949 silentio
785 4894 1161 4964 praetereunda
1216 4910 1441 4961 censeo,
1485 4913 1553 4953 ne
1599 4905 1679 4953 tot
1726 4900 1892 4955 rebus
1928 4916 1994 4956 ex
2039 4917 2099 4957 se

520 4986 686 5042 claris
714 4987 1105 5044 enumerandis
1131 4988 1335 5043 frustra
1361 4990 1601 5044 laborem
1638 4992 1930 5047 insumam.
1962 4993 2097 5059 Quis

518 5077 666 5131 enim
702 5078 940 5148 ignorat,
973 5092 1135 5148 quam
1178 5077 1431 5134 celeriter
1464 5077 1653 5141 formae
1707 5079 1947 5148 dignitas
2003 5078 2098 5136 de-

519 5168 798 5237 florescat,
829 5183 995 5240 quam
1027 5169 1178 5224 brevi
1207 5170 1458 5240 corporis
1482 5172 1653 5225 robur
1694 5171 2093 5242 exSIingualur,

519 5277 687 5331 quam
710 5260 873 5319 facile
916 5262 1262 5333 principatus
1327 5261 1612 5318 dominum
1654 5268 1895 5329 mutent,
1932 5279 2095 5333 quam

521 5352 763 5409 caducus
783 5362 839 5409 et
860 5353 1074 5425 fragilis
1113 5354 1187 5411 sit
1214 5353 1405 5425 gloriae
1445 5351 1727 5424 splendor,
1757 5368 1924 5423 quam
1960 5355 2096 5409 stul-

522 5454 638 5501 tum
686 5461 752 5502 ac
793 5461 994 5502 vanum
1052 5447 1336 5503 hominum
1382 5446 1439 5502 in
1489 5445 1817 5502 cumulanda
1867 5447 2096 5515 pecunia

521 5534 789 5601 studium,
822 5536 918 5607 qui
962 5537 1033 5593 ob
1062 5537 1278 5593 inanem
1314 5536 1605 5609 quamdam
1641 5551 1933 5607 raramque
1973 5553 2097 5606 spe-

523 5627 686 5699 cicnj,
712 5626 769 5682 in
798 5635 907 5682 tam
940 5629 1172 5696 abiectis
1219 5630 1384 5685 rebus
1430 5629 1634 5683 bonum
1681 5642 1806 5683 esse
1854 5628 2092 5698 positum

524 5719 900 5777 arbitrentur?
956 5720 1055 5779 llis
1109 5721 1184 5777 ita
1235 5721 1573 5790 constitut's,
1633 5720 2093 5778 considerandum

2203 4534 2342 4588 καλὰ
2370 4536 2481 4596 τοῖς
2510 4533 2815 4605 ἀνθρώποις
2856 4536 3018 4601 δοκεῖ,
3058 4537 3185 4608 περὶ
3221 4537 3382 4609 σῶμά
3413 4539 3474 4593 τέ
3514 4558 3655 4612 φημι
3683 4541 3778 4595 καὶ

2200 4624 2270 4679 τὰ
2298 4623 2515 4689 ἔξωθεν,
2544 4620 2655 4677 οἷον
2690 4625 2840 4696 ἰσχύς
2870 4644 2928 4679 τε
2960 4627 3052 4680 καὶ
3076 4629 3270 4693 κάλλος
3303 4632 3395 4685 καὶ
3419 4632 3609 4701 γένους
3636 4632 3775 4705 λαμ-

2201 4715 2426 4786 πρότης,
2454 4716 2713 4786 χρήματά
2749 4734 2807 4769 τε
2835 4718 2929 4772 καὶ
2951 4720 3257 4774 δυναστεῖαι
3283 4723 3374 4776 καὶ
3404 4724 3770 4795 περιφάνειαι,

2201 4806 2294 4859 καὶ
2318 4806 2492 4859 πάντα
2513 4805 2581 4858 τὰ
2600 4805 2843 4871 τοιαῦτα,
2862 4808 2937 4871 ὡς
2958 4809 3184 4865 αὐτόθεν
3206 4814 3369 4868 πᾶσιν
3396 4812 3525 4869 ὄντα
3546 4815 3771 4887 φανερὰ,

2202 4898 2410 4968 σιωπᾷν
2439 4891 2592 4968 οἶμαι
2626 4897 2841 4969 χρῆναι,
2884 4900 2975 4953 καὶ
3015 4901 3088 4974 μὴ
3123 4900 3299 4972 μάτην
3326 4903 3413 4958 διὰ
3445 4903 3552 4957 τῶν
3582 4903 3773 4975 ὁμολο-
3807 4952 3814 4984 1

2199 4986 2481 5059 γουμένων
2524 4988 2679 5059 ὄχλον
2720 4990 3035 5061 ἐπεισάγειν
3074 4992 3148 5064 τῷ
3195 4994 3358 5064 λόγῳ.
3399 4995 3495 5058 Τίς
3536 4994 3645 5066 γὰρ
3673 4995 3772 5048 οὐκ
3810 4992 3813 4995 λ

2198 5076 2305 5133 οἶδε
2336 5078 2432 5132 τοῦ
2466 5079 2693 5145 κάλλους
2722 5098 2782 5134 τε
2808 5084 2902 5136 καὶ
2936 5086 3036 5155 τῆς
3059 5084 3337 5156 δυνάμεως
3374 5086 3433 5139 τὸ
3460 5085 3769 5156 ὠκύμορον,
3812 5074 3818 5084 ’

2199 5171 2231 5242 ἢ
2263 5170 2358 5242 τῆς
2393 5170 2710 5235 δυναστείας
2753 5173 2813 5226 τὺ
2844 5175 3280 5244 εὖμετάπτωτον,
3312 5176 3345 5246 ἢ
3377 5177 3474 5247 τῆς
3518 5177 3670 5248 δόξης
3713 5177 3774 5231 τὸ

2199 5260 2588 5326 ἀνυπόστατον,
2620 5260 2653 5332 ἢ
2687 5261 2786 5333 τὴν
2839 5265 3073 5333 ματαίαν
3104 5266 3241 5336 πρὸς
3280 5265 3352 5318 τὰ
3379 5267 3634 5335 χρήματα
3665 5266 3772 5320 τῶν

2199 5355 2498 5425 ἀνθρώπων
2544 5356 2939 5426 προσπάθειαν,
2969 5359 3096 5428 παρ’
3126 5352 3201 5411 ὧν
3235 5357 3321 5411 διὰ
3350 5358 3409 5410 τὸ
3453 5357 3680 5429 εῠχρουν
3710 5376 3770 5412 τε

2198 5448 2292 5499 καὶ
2319 5446 2380 5499 τὸ
2415 5446 2659 5513 σπάνιον,
2701 5448 2758 5501 ἐν
2794 5451 2973 5513 ποιαῖς
3001 5448 3153 5512 ὕλαις
3177 5448 3239 5502 τὸ
3266 5449 3428 5503 καλὸν
3474 5449 3767 5521 ἐνομίσθης

2197 5540 2414 5595 Τούτων
2435 5540 2490 5594 δὲ
2509 5540 2679 5604 οὕτως
2702 5542 2831 5613 ἡμῖν
2856 5540 3295 5612 διηρθρωμένων,
3319 5541 3577 5607 σκεπτέον
3602 5542 3664 5595 ἂν
3684 5541 3766 5613 εἴη

2199 5630 2326 5702 περὶ
2350 5630 2447 5701 τῆς
2477 5629 2754 5701 παρούσης
2780 5628 2944 5701 ζωῆς,
2971 5629 3169 5701 ταύτης
3200 5631 3341 5702 φημὶ
3363 5630 3427 5701 δὴ
3454 5630 3540 5685 διὰ
3569 5630 3769 5700 σαρκὸς

2199 5721 2611 5791 ἐνεργονμὲνης,
2657 5722 2762 5776 εἴτε
2800 5720 3031 5777 τοιοῦτόν
3078 5724 3222 5777 ἐστιν
3270 5724 3344 5787 ὡς
3395 5726 3449 5778 ἐν
3495 5721 3569 5790 τῷ
3600 5740 3761 5791 χαρα-
