4124 6352
479 221 579 277 591

1867 229 1954 282 DE
1999 227 2332 283 MURTUIS.

3623 230 3730 285 502

480 341 640 410 κτῆρι
679 339 772 392 τοῦ
818 341 982 394 καλοῦ
1017 342 1357 415 θεωρεῖσθαι,
1397 347 1505 401 εἴτε
1554 349 1646 402 καὶ
1681 349 1878 420 ἑτέρως
1910 349 2054 419 ἔχει’

2164 347 2402 409 videtur,
2436 359 2502 398 an
2539 356 2775 413 praesens
2805 341 2916 395 hme
2946 341 3074 403 vita,
3105 354 3265 410 quam
3305 339 3358 394 in
3393 354 3555 395 carne
3579 342 3732 413 degi-

484 431 546 484 τὸν
580 431 688 503 γὰρ
738 433 1124 504 εὑρισκόμενον
1179 438 1308 509 περὶ
1358 440 1526 509 αὐτῆς
1576 441 1678 494 ὑπὸ
1720 440 1814 494 τοῦ
1859 441 2048 509 λόγου,

480 523 732 595 ὁδηγήσει
775 525 990 590 πάντως
1017 528 1113 599 τὴν
1160 529 1272 582 τῶν
1323 532 1746 603 ἐπεσκεμμένων
1795 533 2049 598 διάνοιαν,

480 617 624 679 ὅπως
652 617 758 688 χρὴ
778 619 905 689 περὶ
929 618 1025 690 τὴν
1048 621 1256 674 ἐνθένδε
1287 623 1680 692 μετανάστασιν
1701 624 1864 694 ἔχειν.
1899 627 2052 678 Ἔστι

479 708 655 762 τοίνυν
693 711 726 780 ή
759 710 854 764 τοῦ
898 711 1149 782 σώματος
1185 716 1342 784 ήμῶν
1393 716 1526 788 ζωὴ,
1563 718 1841 789 πλήρωσίς
1872 737 1931 772 τε
1960 721 2054 773 καὶ

480 799 706 864 κένωσις
727 801 934 872 διχόθεν
967 806 1332 875 ἐνεργουμένη
1355 824 1368 837 ·
1399 810 1431 876 ἡ
1466 809 1562 878 μὲν
1587 809 1675 862 διὰ
1702 809 1955 880 βρώσεως
1992 828 2052 864 τε

479 891 574 944 καὶ
617 891 848 956 πόσεως,
879 896 912 963 ή
949 893 1005 947 δέ
1038 894 1128 947 διὰ
1172 898 1269 966 τῆς
1320 899 1412 950 τοῦ
1459 900 1619 969 ἀέρος
1653 901 1818 970 ὁλκῆς
1848 919 1906 955 τε
1960 903 2054 956 καὶ

478 984 878 1053 ἀποποιήσεως,
918 979 992 1039 ὧν
1025 987 1154 1040 ἄνευ
1187 990 1219 1058 ή
1255 990 1394 1043 κατὰ
1435 992 1611 1062 σάρκα
1639 993 1750 1064 ζωὴ
1794 995 2054 1064 συστῆναι

480 1075 641 1144 φύσιν
665 1077 765 1130 οὐκ
791 1076 921 1148 ἔχει.
955 1078 1088 1132 Τότε
1116 1079 1222 1152 γὰρ
1261 1082 1353 1135 τοῦ
1385 1082 1482 1154 ζῇν
1509 1087 1536 1137 ό
1567 1085 1850 1156 ἄνθρωπος
1888 1089 2055 1142 παύε-

478 1184 588 1231 ται,
622 1167 751 1221 ὅταν
792 1170 826 1240 ἡ
859 1169 968 1223 τῶν
1018 1171 1275 1226 ἐναντίων
1328 1174 1534 1227 τούτων
1584 1176 1801 1247 διαδοχὴ
1859 1181 2055 1248 μηκέτι

477 1257 656 1330 διοχλῇ
684 1259 783 1331 τὴν
822 1262 1002 1329 φύσιν.
1041 1263 1284 1317 Ἴσταται
1316 1264 1424 1335 γὰρ
1454 1266 1592 1335 μετά
1620 1268 1777 1320 τοῦτο
1823 1271 2052 1325 καθόλου

477 1349 515 1419 ή
533 1349 754 1421 τοιαύτη
775 1351 1040 1423 ἐνέργεια,
1065 1354 1274 1418 ούδενδς
1290 1356 1398 1409 τῶν
1417 1356 1615 1423 ἔξωθεν
1639 1361 1696 1410 ἐν
1717 1363 1827 1422 τοῖς
1848 1378 2051 1431 νεκρω-

477 1439 647 1494 θεῖσιν
675 1441 797 1494 οὔτε
828 1444 1149 1514 εἰσρέοντος,
1173 1444 1296 1499 οὕτε
1319 1448 1734 1518 ἀπογενομένου,
1761 1452 1892 1505 ἀλλά
1918 1454 2050 1524 πρὸς

477 1527 546 1581 τὲ
578 1532 813 1602 συγγενῆ
849 1536 1084 1603 στοιχεῖα
1115 1535 1206 1588 τοῦ
1229 1537 1291 1588 ἐκ
1315 1537 1518 1591 τούτων
1547 1543 1930 1612 συνεστηκότος
1955 1544 2056 1597 σώ-

481 1638 649 1690 ματος
685 1623 1053 1696 διακριθέντος
1089 1628 1184 1682 καὶ
1213 1630 1598 1696 ἀναλύσαντος,
1628 1636 1827 1706 ἠρεμεῖ
1854 1637 1914 1689 τὸ
1947 1637 2056 1690 λοι-

477 1714 578 1767 πὺν
610 1715 678 1768 δι’
709 1695 936 1787 ἡσυχίας
964 1720 996 1789 ή
1034 1719 1211 1788 φύσις,
1259 1723 1337 1792 τῷ
1368 1724 1552 1794 οἰκείῳ
1594 1695 1841 1798 στ’όιέείῳ
1891 1746 2056 1799 προσα
2088 1695 2128 1753 Β

477 1806 836 1860 αναπαύσασα
871 1808 933 1861 τὸ
988 1811 1247 1878 συγγενὲς
1291 1812 1386 1864 καὶ
1428 1815 1716 1884 ὁμόφυλον,
1768 1820 1833 1888 τῇ
1881 1821 1950 1889 γῇ
1997 1821 2056 1871 τὸ

477 1896 698 1964 γεῶδες,
723 1899 818 1952 καὶ
844 1899 922 1969 τῷ
945 1901 1068 1972 ἀέρι
1094 1903 1155 1955 τὸ
1177 1903 1325 1968 ἴδιον,
1351 1907 1444 1959 καὶ
1473 1906 1550 1976 τῷ
1581 1908 1730 1978 ύγρῷ
1755 1910 1812 1962 τὸ
1837 1913 2052 1976 οἰκεῖον,

477 1988 572 2042 καὶ
600 1988 680 2060 τῷ
705 1989 894 2062 θερμῷ
913 1992 976 2045 τὸ
1001 1993 1358 2065 κατάλληλον.
1391 1998 1604 2067 Μηκέτι
1634 2000 1742 2070 γὰρ
1767 2000 1861 2053 τοῦ
1891 2001 2054 2069 όγκου

477 2076 572 2132 τοῦ
594 2079 804 2133 ἐκτῶν
843 2081 1174 2153 ἑτερογενῶν
1204 2089 1611 2157 συνεστηκότος,
1645 2091 1836 2160 βιαίως
1861 2109 1921 2145 τε
1964 2096 2055 2146 καὶ

479 2173 1018 2243 κατηναγκασμένως
1049 2177 1564 2248 συμπεπλεγμένου,
1599 2181 1734 2234 ἀλλά
1761 2184 1881 2236 κατ’
1912 2185 2057 2250 ἐξου-

481 2261 603 2316 σίαν
637 2263 867 2318 ἑκάστου
909 2266 1016 2321 τῶν
1051 2268 1108 2319 ἐν
1154 2271 1283 2340 ἡμῖν
1323 2271 1458 2343 πρὸς
1489 2271 1589 2344 τὴν
1636 2275 1842 2329 οἰκείαν
1872 2277 2056 2331 ἐστίαν

479 2355 884 2422 ἐπανελθόντος,
932 2359 1164 2412 παύεται
1211 2361 1316 2414 ἀπὸ
1375 2363 1567 2417 τούτου
1609 2366 1641 2435 ἡ
1695 2365 1872 2434 φύσις,
1934 2386 2056 2420 συν·

481 2445 682 2514 ἐχουσα
703 2445 894 2517 βιαίως
921 2449 980 2501 ἐν
1005 2451 1141 2520 αὐτῇ
1163 2449 1271 2504 τῶν
1287 2452 1596 2520 ἀλλοφύλων
1624 2454 1722 2524 τὴν
1756 2473 1818 2509 συ
1828 2460 2051 2525 μφυῒαν.

477 2532 540 2586 Εἰ
577 2533 634 2586 δέ
658 2551 740 2598 τις
770 2535 864 2588 καὶ
897 2536 988 2589 τὸν
1017 2537 1202 2602 ὕπνον,
1235 2539 1329 2592 καὶ⁵
1358 2540 1456 2610 τὴν
1486 2542 1813 2613 ἐγρήγορσιν
1843 2545 1978 2615 πρὸς
1999 2548 2058 2600 τὸ

474 2624 574 2693 τῆς
606 2623 752 2696 ζωῆς
786 2625 991 2696 ταύτης
1039 2623 1178 2692 εἶδος
1215 2629 1352 2700 μετὰ
1381 2630 1492 2684 τῶν
1531 2632 1838 2703 εἰρημένων
1879 2653 2057 2707 παρα-

475 2714 764 2786 λαμσᾲνει,
794 2715 895 2770 οὐκ
943 2716 1047 2782 ἔξω
1077 2719 1180 2788 τῆς
1215 2719 1474 2790 ἀληθείας
1505 2722 1596 2775 τὸν
1633 2723 1788 2791 λόγον
1831 2729 2057 2798 ποιήσε-

475 2824 585 2862 ται.
617 2808 834 2880 Κάμνει
868 2811 976 2882 γὰρ
1017 2813 1112 2868 καὶ
1139 2813 1228 2868 διὰ
1270 2815 1474 2869 τούτων
1504 2818 1536 2887 ἡ
1579 2817 1758 2884 φύσις,
1805 2821 1894 2874 ἀεὶ
1923 2823 2060 2893 πρὸς

475 2898 542 2952 τὰ
575 2899 792 2953 ἐναντία
841 2901 1232 2974 μεθελκομένη,
1281 2906 1375 2958 καὶ¹
1403 2905 1496 2958 νῦν
1550 2907 1649 2976 μὲν
1696 2909 1930 2981 λυομένη
1982 2913 2058 2982 τῷ

476 2987 651 3085 ῦπνιρ,
684 2990 846 3085 πάλιν
883 2991 938 3044 δὲ
973 2993 1270 3085 τονουμὲνη
1307 2996 1395 3085 διὰ
1427 2997 1524 3066 τῆς
1557 2999 1955 3068 ἐγρηγόρσεως,
1990 3003 2056 3055 δι’
2085 3029 2126 3085 C

475 3074 552 3134 ὧν
573 3082 899 3154 ἀμφοτέρων
927 3084 1064 3154 πρὸς
1085 3085 1140 3138 τὲ
1169 3084 1454 3140 κενοῦσθαι
1480 3089 1571 3141 καὶ
1599 3089 1934 3159 πληροῦσθαι
1964 3111 2060 3145 πα-

480 3174 894 3244 ρασκευάζεται.
926 3177 990 3229 Εἰ
1009 3175 1187 3230 τοίνυν
1213 3177 1489 3247 πλήρωσίς
1511 3196 1569 3231 τε
1600 3181 1689 3232 καὶ
1718 3181 1943 3245 κένωσις
1963 3187 2058 3253 τῆς

478 3263 624 3336 ζωῆς
652 3266 809 3336 ήμῶν
839 3269 955 3320 ἐστι
985 3267 1046 3320 τὸ
1074 3268 1287 3340 ἰδίωμα,
1313 3269 1495 3332 καλῶς
1529 3271 1595 3325 ἂν
1629 3271 1740 3342 ἔχοι
1768 3273 1860 3327 τὸν
1889 3277 2060 3345 προρ-

480 3352 712 3423 ρηθέντα
747 3355 876 3425 περὶ
900 3357 1000 3426 τῆς
1027 3357 1120 3410 τοῦ
1151 3357 1317 3412 καλοῦ
1346 3357 1579 3429 κρίσεως
1614 3366 1935 3432 χαρακτῆρα
1964 3364 2058 3416 νῦν

476 3444 828 3512 ἀντεξετάσαι
854 3449 967 3511 τοῖς
991 3449 1089 3519 τῆς
1128 3449 1273 3520 ζωῆς
1317 3451 1618 3523 ἰδιώμασιν,
1651 3453 1792 3508 ὥστε
1821 3457 2059 3511 κατιδεῖν

475 3533 587 3587 εἴτε
619 3535 682 3588 τὸ
707 3535 960 3607 ἀληθινόν
990 3540 1138 3592 ἐστιν
1169 3540 1374 3609 ἀγαθὸν
1409 3544 1440 3612 ἡ
1469 3540 1580 3613 ζωὴ
1627 3542 1788 3615 αῦτη,
1813 3547 1921 3598 εἴτε
1966 3548 2059 3600 καὶ

475 3623 604 3678 ἄλλο
627 3643 677 3678 τι
706 3628 856 3698 παρά
874 3627 1049 3682 τοῦτο.
1083 3630 1205 3684 ’Ότι
1236 3633 1334 3700 μὲν
1356 3628 1448 3685 οὖν
1483 3634 1604 3687 καθ’
1634 3634 1831 3705 ἐαυτὴν
1863 3641 1895 3707 ή
1924 3638 2058 3708 πλή-

478 3733 644 3788 ρωσις
664 3719 764 3773 οὐκ
795 3719 862 3774 ἂν
884 3722 1108 3786 εἰκότως
1127 3725 1187 3778 ἐν
1210 3727 1274 3795 τῇ
1309 3725 1403 3778 τοῦ
1438 3726 1605 3780 καλοῦ
1631 3728 1789 3797 φύσει
1818 3730 2057 3802 κριθείη,

478 3809 613 3862 πᾶσι
640 3808 798 3879 δῆλον
831 3811 893 3863 τὸ
918 3812 1156 3866 τοιοῦτόν
1194 3817 1363 3878 ἐστιν,
1395 3819 1459 3870 ἐκ
1481 3817 1574 3870 τοῦ
1601 3820 1692 3872 καὶ
1725 3821 1786 3873 τὸ
1819 3823 2058 3878 ἐναντίον

477 3897 636 3967 αὐτῇ,
671 3898 814 3968 λέγω
844 3900 988 3957 δὲτὸ
1018 3901 1322 3968 κενοῦσθαι,
1352 3905 1516 3958 καλὸν
1543 3904 1680 3962 εἶναι
1717 3911 2054 3981 νομίζεσθαι.

489 3991 613 4043 Ἐπὶ
637 3990 746 4064 γὰρ
769 3993 877 4046 τῶν
902 3994 1146 4064 ἀλλήλων
1174 3999 1238 4050 ἐκ
1268 3997 1361 4050 τοῦ
1396 3999 1638 4052 ἐναντίου
1674 4003 2060 4077 ἀντικαοεστη-

478 4083 672 4148 κότων,
709 4087 809 4139 οὐκ
840 4085 955 4140 ἔστι
983 4088 1205 4142 δυνατὸν
1229 4090 1320 4143 τὸν
1349 4092 1442 4146 τοῦ
1479 4093 1642 4146 καλοῦ
1673 4095 1826 4163 λόγον
1862 4097 2058 4168 ἐπίσης

475 4177 586 4238 τοίς
616 4176 1075 4232 ἀντικαθεστῶσιν
1107 4181 1443 4251 ἁρμόζεσθαι
1472 4201 1485 4212 ·
1526 4185 1643 4238 ἀλλ’
1679 4189 1727 4240 εἰ
1767 4187 1926 4241 τοῦτο
1954 4208 2057 4244 κα-

476 4263 568 4318 λὸν
596 4265 680 4336 είη
707 4267 846 4320 κατά
872 4269 970 4339 τὴν
995 4271 1187 4325 ἐαυτοῦ
1215 4273 1398 4341 φύσιν,
1423 4276 1482 4328 τὸ
1516 4277 1889 4348 ἀντικείμενον
1910 4282 2057 4352 αὑτῷ

2157 451 2297 501 mus,
2334 433 2460 488 talis
2492 433 2583 498 s‘it,
2610 439 2669 486 ut
2695 431 2744 486 ei
2792 438 2918 484 nota
2973 430 3100 483 boui
3149 429 3455 496 conveniat,
3499 445 3565 482 au
3597 447 3735 485 con-

2157 537 2284 583 tra:
2325 527 2470 598 quod
2527 527 2670 581 enim
2733 523 2801 578 de
2854 525 2970 594 ipsa
3016 523 3344 594 disputando
3405 525 3728 593 reperietur,

2155 619 2619 677 considerantium
2673 619 2886 672 animos
2929 616 3144 672 erudiet
3197 615 3476 688 quomodo
3527 617 3580 671 in
3637 632 3733 672 eo-

2154 731 2275 768 rum
2324 713 2568 767 discessu
2600 711 2690 780 qui
2723 725 2788 763 ex
2835 709 2924 761 illa
2961 709 3219 778 migrant,
3267 708 3409 762 affici
3462 715 3733 778 oporteat.

2161 806 2260 861 Est
2310 805 2473 875 igitur
2495 803 2668 857 nostri
2714 803 2965 872 corporis
3000 803 3130 863 vita,
3171 800 3403 870 repletio
3455 808 3618 871 atque
3650 816 3734 854 ex-

2161 898 2415 960 inanitio,
2443 912 2564 966 quae
2620 895 2839 965 quidem
2908 894 3197 962 dupliciter
3255 893 3410 957 fiunt,
3461 901 3574 946 tum
3631 909 3728 962 per

2157 988 2338 1041 cibum
2361 995 2413 1041 et
2443 996 2650 1055 potum,
2679 997 2790 1038 tum
2819 1001 2911 1054 per
2939 983 3080 1038 aeris
3097 984 3474 1038 attractionem
3498 991 3551 1036 et
3571 983 3734 1036 emis-

2156 1079 2388 1133 sionem.
2424 1076 2514 1131 Sic
2547 1077 2691 1131 enim
2727 1085 2923 1130 natura
2955 1084 3328 1145 comparatum
3365 1083 3471 1136 cst,
3509 1084 3566 1128 ut
3616 1072 3734 1127 sine

2157 1171 2240 1224 his
2277 1171 2330 1223 in
2359 1184 2523 1223 carne
2555 1170 2734 1222 vivere
2767 1165 3272 1236 nequeamus.Nam
3299 1174 3428 1218 tunc
3461 1165 3732 1219 hominem

2155 1265 2264 1314 vita
2291 1261 2512 1325 deserit,
2573 1259 2795 1330 quando
2843 1260 3035 1314 horum
3073 1259 3477 1312 contrariorum
3509 1272 3734 1312 succes-

2157 1355 2240 1408 sio
2270 1361 2518 1405 ualuram
2579 1368 2685 1404 nou
2723 1359 2922 1404 movet.
2979 1349 3129 1405 Talis
3179 1351 3322 1404 enim
3371 1349 3515 1404 actio
3551 1356 3734 1404 cessat

2157 1443 2437 1505 universa,
2474 1457 2598 1494 cum
2626 1441 2757 1493 nihil
2813 1440 3158 1494 extrinsecus
3211 1440 3265 1492 in
3327 1439 3603 1493 defunctis
3635 1454 3734 1492 nec

2157 1534 2370 1600 influat,
2394 1549 2496 1588 nec
2521 1535 2730 1600 effluat;
2768 1548 3004 1603 cumque
3031 1531 3257 1602 singulae
3295 1530 3578 1584 cadaveris
3611 1545 3736 1599 par-

2158 1637 2241 1683 tes
2271 1629 2324 1681 in
2351 1635 2581 1696 cognata
2607 1626 2711 1680 sibi
2743 1627 3008 1680 elementa
3039 1625 3299 1678 recedant
3333 1640 3395 1677 ae
3423 1623 3729 1678 dissdlvan-

2159 1713 2268 1782 tur,
2305 1726 2501 1772 natura
2535 1717 2796 1786 deinceps
2827 1716 3188 1785 conquiescit,
3222 1731 3349 1770 snas
3385 1717 3582 1784 cuique
3631 1713 3736 1768 ele-

2157 1817 2341 1865 mento
2361 1816 2620 1878 cognatas
2654 1824 2716 1862 ac
2753 1808 2960 1862 similes
2993 1817 3173 1877 partes
3198 1805 3515 1868 restituens,
3551 1814 3732 1869 terrae,

2157 1902 2302 1972 quod
2355 1911 2632 1956 terrenum
2674 1908 2787 1963 est;
2846 1899 2988 1968 quod
3056 1913 3298 1961 aereum,
3357 1896 3507 1963 aeri;
3558 1911 3731 1966 aquae,

2157 1995 2304 2066 quod
2329 2011 2395 2050 ex
2429 2010 2570 2064 aqua
2605 1999 2855 2056 constat;
2884 2000 2938 2045 et
2973 1990 3102 2059 igni,
3135 1989 3281 2058 quod
3329 1988 3473 2043 illius
3503 1999 3584 2042 est
3608 2005 3734 2058 pro-

2158 2087 2356 2154 prium.
2403 2083 2615 2138 Etenim
2647 2096 2770 2137 cum
2831 2081 2919 2133 illa
2958 2081 3206 2149 corporis
3248 2078 3440 2142 moles,
3478 2093 3595 2146 quae
3640 2094 3736 2148 per

2159 2177 2265 2229 vim
2295 2192 2357 2230 ex
2381 2173 2617 2229 diversis
2655 2171 2946 2240 generibus
2982 2177 3170 2224 coacta
3202 2175 3567 2236 concretaque
3593 2176 3730 2232 erat,

2158 2283 2267 2321 non
2292 2265 2528 2335 amplius
2550 2264 2839 2325 consistat,
2871 2261 2966 2315 sed
3021 2275 3215 2315 omnes
3243 2259 3385 2314 illius
3444 2267 3628 2328 partes
3666 2258 3735 2311 ad

2159 2374 2289 2412 suas
2311 2371 2540 2425 qumque
2567 2355 2726 2409 sedes
2761 2367 2993 2408 reversa)
3051 2352 3181 2416 sint,
3233 2359 3453 2417 natura,
3500 2365 3620 2420 qua:
3669 2365 3734 2405 ex

2160 2449 2249 2501 illa
2287 2447 2608 2510 constabat,
2652 2445 3055 2514 violentamque
3089 2442 3431 2497 diversorum
3475 2456 3734 2512 generum

2160 2539 2603 2607 coniunctionem
2621 2535 2958 2599 continebat,
2990 2535 3147 2589 filium
3193 2535 3372 2587 habet.
3400 2534 3454 2586 Si
3484 2533 3606 2603 quis
3641 2547 3737 2586 au-

2161 2641 2265 2686 tem
2306 2642 2427 2699 post
2464 2632 2555 2684 illa
2588 2645 2710 2700 qua:
2750 2630 2897 2684 dicta
2921 2636 3070 2693 sunt,
3109 2629 3235 2682 huic
3269 2627 3453 2698 generi
3489 2626 3612 2679 vita:
3649 2640 3737 2680 so-

2161 2739 2346 2777 mnum
2379 2731 2431 2776 et
2456 2722 2696 2791 vigiliam
2722 2721 3059 2791 adjuuxerit,
3083 2736 3108 2773 a
3141 2719 3366 2773 veritate
3385 2733 3491 2772 non
3518 2718 3736 2772 aberra-

2162 2817 2259 2870 bit.
2304 2813 2433 2867 Nam
2476 2815 2558 2869 his
2601 2827 2822 2882 quoque
2868 2822 3064 2865 natura
3123 2812 3355 2874 laborat,
3409 2807 3738 2878 assidueque

2163 2905 2216 2959 in
2248 2905 2521 2958 contraria
2549 2903 2895 2967 distrahitur,
2928 2901 3058 2955 dum
3090 2902 3175 2956 vel
3229 2915 3424 2956 somno
3477 2901 3734 2963 solvitur,

2162 2996 2242 3050 vel
2273 2994 2454 3064 vigilia
2489 3009 2708 3049 rursum
2751 2992 3110 3047 confirmatur
3147 3010 3159 3044 :
3209 2993 3313 3046 hac
3368 2992 3514 3046 enim
3570 2991 3737 3046 vicis-

2160 3084 2399 3140 situdine
2472 3083 2538 3136 ad
2605 3082 3059 3148 cxinauiendum,
3134 3082 3562 3152 replendumque
3625 3081 3737 3137 dis-

2159 3177 2402 3245 ponitur.
2475 3175 2844 3239 Quamobrem
2916 3174 2962 3230 si
3015 3176 3139 3228 vita:
3201 3183 3402 3228 nostra:
3455 3174 3736 3244 proprium

2160 3267 2294 3321 illud
2317 3275 2422 3331 est,
2453 3275 2511 3322 ut
2548 3283 2576 3320 a
2609 3267 2928 3336 repletione,
2965 3266 3450 3335 exiuanitioneqne
3484 3267 3736 3335 pendeat,

2161 3374 2268 3414 non
2317 3360 2551 3412 alienum
2584 3363 2687 3413 erit
2742 3367 2800 3412 ut
2842 3358 2968 3412 boni
2999 3366 3181 3412 notam
3245 3366 3298 3413 et
3328 3359 3740 3412 iudiciumeum

2160 3452 2245 3505 his
2276 3468 2397 3522 quae
2430 3453 2588 3507 istius
2622 3452 2746 3505 vita:
2777 3451 2995 3521 propria
3028 3460 3178 3514 sunt,
3229 3450 3598 3514 conferamus,
3630 3450 3740 3504 dis-

2157 3545 2536 3614 piciamusque
2601 3552 2787 3598 utrum
2850 3544 2967 3614 ipsa
3022 3544 3132 3598 sint
3177 3558 3362 3598 verum
3414 3543 3739 3604 bonum,an

2161 3636 2309 3690 aliud
2338 3635 2618 3706 quidpiam
2645 3635 2713 3690 ab
2744 3634 2852 3688 illis
2875 3636 3172 3690 diversum.
3223 3634 3376 3700 Quod
3408 3641 3588 3687 autem
3627 3634 3741 3702 ipsa

2160 3743 2256 3797 per
2289 3743 2350 3783 se
2393 3728 2622 3797 repletio
2665 3726 2792 3781 boni
2823 3736 3036 3781 natura:
3066 3742 3171 3781 non
3197 3725 3450 3796 quadret,
3487 3725 3742 3780 omnibus

2158 3819 2242 3872 vel
2283 3833 2348 3872 ex
2381 3819 2598 3874 actione
2640 3818 2718 3872 illi
2751 3819 3030 3872 contraria
3067 3819 3414 3888 perspicumn
3449 3818 3524 3882 fit,
3550 3819 3742 3874 exina—

2160 3913 2424 3967 nitionem
2487 3913 2629 3973 dico,
2697 3927 2861 3981 quam
2923 3926 3077 3980 :eque
3139 3911 3331 3965 bonam
3382 3911 3740 3964 arbitrantur.

2160 4003 2293 4056 Nam
2326 4003 2452 4056 boui
2493 4003 2634 4055 ratio
2664 4017 2727 4056 ac
2759 4002 3004 4055 definitio
3031 4003 3154 4055 talis
3185 4012 3289 4064 est,
3324 4010 3384 4054 ut
3413 4001 3625 4055 duobus
3660 4000 3742 4053 in-

2160 4106 2241 4150 ter
2282 4110 2342 4149 se
2399 4093 2692 4148 contrariis
2746 4102 2981 4162 nequeat
3029 4093 3346 4156 convenire,
3408 4092 3502 4146 sed
3541 4092 3586 4146 si
3649 4092 3741 4144 nni

2158 4187 2392 4259 quadret
2422 4194 2482 4239 ut
2511 4185 2674 4250 bono,
2702 4185 2772 4239 ab
2801 4186 2972 4251 altero
3023 4193 3282 4254 tanquam
3322 4185 3464 4238 malo
3517 4199 3743 4252 prorsus

2160 4280 2471 4335 abharreat.
2499 4277 2596 4332 Hic
2627 4286 2828 4340 autem;
2857 4279 2910 4330 in
2945 4285 3176 4347 utroque
3205 4285 3399 4330 natura
3447 4291 3605 4330 suam
3644 4277 3742 4330 uti-

478 4357 697 4420 πάντως
723 4359 872 4414 ἔσται
902 4365 1094 4418 κακόν.
1132 4366 1290 4419 Ἀ).λά
1317 4368 1422 4438 μὴν
1453 4369 1687 4423 ἐνταῦθα
1706 4371 1900 4440 ἐπίσης
1926 4376 2056 4445 παρ’

2163 4373 2372 4426 litatem
2407 4371 2591 4424 habet.
2629 4369 2809 4435 Quare
2863 4369 2993 4423 boni
3029 4368 3399 4423 definitionem
3437 4384 3538 4422 nec
3570 4368 3742 4437 reple-

480 4449 742 4520 ἐκατέρου
775 4451 979 4506 τούτων
1003 4455 1064 4508 τὸ
1097 4458 1366 4528 χρήσιμον
1392 4461 1424 4528 ή
1457 4460 1618 4528 φύσις
1647 4461 1777 4532 ἔχει.
1807 4465 1920 4518 Οὐκ
1950 4468 2056 4536 ἄρα

478 4540 570 4594 τὸν
596 4540 690 4595 τοῦ
735 4543 898 4597 καλοῦ
932 4548 1156 4616 ὁρισμὸν
1189 4549 1445 4615 δέξασθαι
1477 4553 1720 4617 δυνατῶς
1765 4555 1898 4625 ἕχει,
1934 4558 2055 4611 οὔτε

479 4633 512 4700 ἡ
549 4631 850 4703 πλήρωσις,
882 4634 1003 4689 οῦτε
1034 4639 1066 4707 ἡ
1106 4640 1354 4704 κένωσις.
1403 4642 1611 4696 Οὐκοῦν
1648 4644 1776 4698 ἄλλο
1822 4664 1873 4699 τι
1907 4648 2057 4718 παρά

477 4721 540 4774 τὸ
572 4721 776 4790 ἀγαθὸν
796 4724 1167 4780 ἀποδέδεικται
1198 4725 1334 4782 εἶναι
1367 4733 1399 4800 ή
1440 4731 1739 4802 πλήρωσις.
1771 4733 1908 4786 Οῦτε
1952 4736 2058 4806 γὰρ

481 4814 665 4876 παντὶ,
699 4812 822 4866 οὔτε
871 4815 1120 4880 πάντοτε,
1152 4818 1274 4872 οὔτε
1309 4821 1450 4876 κατὰ
1496 4823 1604 4876 πᾶν
1657 4819 1795 4887 εἶδος
1844 4826 2059 4896 αἱρετὸν

479 4900 618 4957 εἶναι
641 4903 705 4956 τὸ
729 4903 969 4958 τοιοῦτον
992 4925 1066 4958 πα
1076 4908 1142 4978 ρά
1166 4910 1378 4964 πάντων
1402 4911 1769 4984 ὡμολόγηται.
1795 4916 1871 4968 Οὐ
1900 4916 2059 4985 μόνον

478 4995 588 5065 γὰρ
615 4996 674 5048 ἐν
701 4997 813 5060 τοῖς
837 4995 1151 5065 βλαπτικοῖς
1183 5001 1434 5068 γενέσθαι
1461 5003 1551 5056 τὸν
1582 5005 1744 5076 κόρον
1774 5007 1920 5060 ἐστὶν
1945 5008 2060 5060 όλέ-

479 5085 650 5157 θριον,
679 5086 814 5141 ἀλλὰ
843 5089 938 5143 καὶ
962 5091 1023 5144 τὸ
1055 5092 1114 5144 ἐν
1140 5094 1253 5155 τοῖς
1287 5094 1638 5166 καταλλήλοις
1677 5099 1965 5168 παρελθεῖν
1994 5103 2056 5170 τῇ

481 5177 718 5249 ἀμετρίᾳ
751 5179 812 5232 τὺ
837 5181 1128 5251 χρήσιμον,
1155 5183 1414 5237 κινδύνων
1441 5185 1698 5252 πολλάκις
1727 5191 1820 5242 καὶ
1849 5190 2063 5259 διαφθο-

483 5271 583 5338 ρᾶς
612 5269 784 5324 αἴτιον
825 5272 1053 5340 γίνεται.
1085 5275 1197 5327 Καὶ
1241 5276 1295 5327 εἰ
1325 5293 1454 5327 ποτε
1506 5276 1854 5350 πληοωρικῆς
1889 5298 2059 5336 κατα-

483 5359 724 5426 στάσεως
749 5364 1112 5437 ἐπιζητούσης
1133 5367 1230 5437 τὴν
1254 5367 1504 5433 κένωσιν,
1530 5368 1662 5440 ἄλλη
1691 5389 1775 5433 τις
1796 5372 2060 5444 πληθώρα

481 5452 580 5524 τὴν
623 5451 790 5510 οὖσαν
820 5460 1243 5530 ἐπιφορτίσειεν,
1282 5462 1485 5532 σωρεία
1536 5462 1743 5530 γίνεται
1789 5466 1973 5518 κακῶν
2003 5468 2061 5520 τὸ

481 5545 743 5614 τοιοῦτον,
773 5550 854 5613 εἰς
885 5551 1160 5621 ἀνήκεστα
1193 5552 1457 5624 προϊοῦσα
1499 5552 1666 5624 πάθη.
1706 5555 1913 5610 Οὐκοῦν
1940 5558 2061 5611 οὗτε

484 5641 666 5705 παντὶ,
705 5641 827 5695 οὔτε
873 5644 1089 5707 πάντως
1138 5644 1340 5712 ἀγαθόν
1386 5644 1438 5697 τί
1487 5646 1633 5698 ἐστιν
1678 5646 1710 5714 ἡ
1763 5647 2058 5718 πλήρωσις,

2161 4463 2234 4516 tio
2267 4462 2516 4531 suscipit,
2541 4476 2642 4514 nec
2666 4459 2984 4513 exinanilio.
3010 4458 3279 4524 Quocirca
3308 4458 3452 4511 aliud
3485 4457 3744 4528 quiddam

2159 4565 2323 4618 quam
2376 4550 2552 4618 ipsum
2609 4551 2834 4610 bonum,
2898 4555 2983 4602 est
3018 4547 3132 4616 ipsa
3182 4547 3444 4616 repletio;
3495 4562 3745 4601 cumnec

2161 4642 2383 4710 mirique,
2417 4655 2516 4694 nec
2575 4654 2809 4708 semper,
2859 4653 2960 4692 nec
3008 4639 3062 4692 in
3103 4638 3360 4693 omnibus
3391 4652 3552 4692 omne
3573 4651 3744 4707 genus

2161 4734 2335 4801 ipsius
2365 4748 2393 4785 a
2423 4732 2640 4786 ctmctis
2684 4730 3048 4800 expetendum
3092 4731 3390 4798 judicetur.
3422 4727 3539 4784 Non
3568 4730 3744 4782 solum

2161 4826 2303 4877 enim
2337 4825 2517 4879 noxiis
2553 4822 2692 4878 cibis
2718 4823 2922 4891 expleri
2946 4822 3312 4890 perniciosum
3334 4831 3438 4884 est,
3465 4821 3559 4876 sed
3580 4820 3744 4874 etiam

2161 4917 2216 4970 in
2280 4916 2440 4970 bonis
2500 4923 2555 4969 et
2622 4913 3073 4969 convenientibus
3129 4912 3525 4967 mediocritatis
3585 4927 3744 4965 usum

2162 5009 2456 5069 transilire,
2481 5007 2799 5076 plerumque
2833 5006 3129 5076 periculum
3171 5013 3224 5059 et
3257 5004 3515 5057 damnum
3568 5001 3742 5056 affert.

2162 5099 2316 5164 Quod
2344 5099 2389 5153 si
2426 5113 2550 5152 cum
2581 5113 2782 5165 corpus
2819 5099 3082 5166 repletum
3123 5105 3228 5157 est,
3265 5094 3543 5162 levarique
3598 5091 3744 5146 desi-

2161 5190 2337 5253 derat,
2371 5190 2479 5244 alio
2513 5189 2690 5242 adhuc
2715 5187 3132 5249 onereturciho,
3164 5195 3277 5238 tum
3305 5201 3433 5240 vero
3461 5193 3744 5237 contraet"

2164 5283 2428 5335 malorum
2480 5281 2700 5333 cumulo
2740 5280 2794 5333 in
2833 5280 3052 5332 morbos
3091 5277 3283 5330 incidit
3338 5276 3659 5345 desperatos
3693 5285 3744 5328 ct

2164 5372 2516 5424 insanabiles.
2558 5370 2745 5436 Itaque
2786 5385 2884 5422 nec
2940 5383 3174 5437 semper,
3213 5382 3311 5421 nec
3336 5367 3497 5436 plane
3543 5367 3743 5421 bonum

2161 5471 2249 5518 est
2280 5463 2522 5532 I'eplclio,
2565 5461 2660 5515 sed
2709 5459 2778 5513 ad
2811 5459 3038 5528 aliquid,
3069 5470 3122 5514 et
3162 5459 3453 5527 aliquando
3485 5459 3605 5513 usui
3641 5469 3744 5522 est,

2164 5565 2209 5610 el
2270 5557 2322 5608 in
2383 5554 2688 5624 quantitate
2747 5551 3120 5622 quilita-teque
3173 5552 3422 5606 consistit
3473 5551 3590 5620 ejus
3645 5551 3744 5602 uti-

2165 5650 2307 5703 litas.

485 5734 620 5789 ἀλλὰ
649 5735 740 5789 καὶ
770 5735 902 5804 πρός
941 5753 1013 5802 τε»
1047 5737 1138 5791 καί
1167 5754 1315 5802 ποτε,
1350 5739 1439 5790 καὶ
1474 5739 1614 5794 κατὰ
1644 5741 1700 5793 τὸ
1736 5743 1897 5796 ποσόν
1932 5761 1986 5795 τε
2033 5743 2123 5796 καί
2156 5743 2214 5795 τὸ
2259 5743 2425 5808 ποιὸν,
2465 5742 2523 5794 τὸ
2565 5740 2620 5806 ἐξ
2655 5741 2817 5794 αὐτοῦ
2845 5741 3047 5806 γίνεται
3076 5738 3362 5808 χρήσιμον.
