4124 6352
409 269 514 324 5(ὶῦ
1664 272 1721 327 S.
1761 271 2089 333 GREGOBII
2126 274 2415 332 NYSSENI
3579 284 3679 339 501
3746 346 3753 353 κ

475 382 677 439 Eodem
730 395 888 455 pacto
928 393 981 441 et
1009 386 1340 441 contrariam
1401 387 1528 443 huic
1566 388 1991 444 exinanitionetn

2168 392 2326 447 Οὕτω
2347 393 2392 447 δ’
2425 393 2490 448 ἄν
2521 411 2613 458 τις
2632 394 2778 467 εὖροι
2809 396 2901 449 καὶ
2926 396 2987 450 τὸ
3017 394 3076 462 ἐξ
3104 396 3347 451 ἐναντίου
3370 395 3658 468 νοούμενον

406 477 647 547 reperies
706 479 1071 547 periculosam
1122 479 1191 536 iis
1220 481 1314 553 qtti
1347 495 1378 534 a
1413 481 1697 537 moderato
1743 482 1865 552 ejus
1890 498 1995 537 ttsu

2097 484 2154 538 τὺ
2187 486 2331 540 κατά
2360 484 2458 557 τὴν
2492 486 2722 541 κένωσιν
2744 487 2910 556 λέγω,
2938 489 3034 541 καὶ
3062 488 3385 553 κινδυνῶδες
3414 491 3528 553 τοῖς
3559 490 3675 543 ὑπο»

408 569 756 632 recesserint,
787 584 897 624 non
934 570 1181 625 inutilem
1207 578 1411 637 tamen,
1443 572 1488 628 si
1517 572 1817 644 prudenter
1848 573 1996 629 adhi-

2097 576 2368 647 μένουσιν,
2399 578 2448 629 εί
2496 576 2757 648 παρέλθοι
2782 580 2848 649 τῇ
2879 578 3117 650 ἀμετρία
3153 579 3216 632 τὸ
3260 581 3553 651 χρήσιμον,
3588 580 3683 633 καὶ

408 661 621 722 bratur.
660 668 716 716 et
743 669 970 717 eatenus
1021 661 1132 723 fiat.
1167 670 1440 733 quatenus
1475 665 1619 718 ratio
1647 666 1994 735 quantitatis,

2097 666 2257 721 πάλιν
2287 667 2389 721 οὐκ
2419 668 2693 739 ἀνονήτως
2730 670 3036 738 γινόμενον,
3068 671 3117 721 εί
3155 670 3289 741 πρός
3315 688 3366 724 τι
3398 670 3506 725 τῶν
3532 670 3684 740 ὠφει-

406 759 461 804 et
490 752 794 821 qualitatis,
830 761 885 808 et
930 754 1194 823 temporis
1231 755 1546 825 postulabit.
1574 756 1805 815 Constat
1833 758 1996 828 igitur

2097 754 2331 809 λούντων
2361 756 2668 827 συμϐαίνει,
2693 756 2786 810 τοῦ
2813 775 2872 810 τε
2896 757 3088 829 καιροῦ
3121 761 3217 811 καὶ
3248 759 3341 812 τοῦ
3389 759 3554 814 ποσοῦ
3588 758 3684 813 καὶ

404 858 473 896 ex
504 842 571 898 iis
601 859 721 914 (jure
759 844 906 899 dicta
934 855 1083 911 sunt,
1104 861 1228 901 cum
1257 845 1385 917 boni
1409 853 1538 902 nota
1560 863 1670 902 non
1696 835 1996 919 congruere

2097 846 2193 900 τοῦ
2222 848 2377 909 ποιοῦ
2409 848 3087 920 συμπαραλαμϐανομὲνου
3121 850 3256 922 πρὸς
3287 850 3347 903 τὸ
3382 851 3482 921 τῆς
3508 850 3681 904 κενώ-

408 934 573 987 vitatn
598 934 779 1002 istam,
802 950 965 1006 quam
987 936 1223 993 vivimus
1247 954 1263 994 :
1285 952 1349 993 ex
1370 953 1479 1009 quo
1497 940 1770 1009 sequitur,
1788 940 1996 998 disces-

2101 956 2239 1002 σεως
2266 940 2554 1019 χρήσιμον.
2585 940 2801 1011 Ἐπειδὴ
2826 940 3005 1003 τοίνυν
3029 942 3089 996 οὑ
3120 941 3406 1013 συμϐαίνει
3434 942 3571 1014 πρὸς
3591 941 3685 995 τὸν

408 1040 529 1079 sum
555 1026 625 1080 ab
648 1041 710 1080 ea
739 1042 847 1081 non
865 1042 988 1084 esse
1010 1027 1406 1098 sejunctionem
1440 1031 1509 1086 ab
1538 1031 1648 1085 ullo
1673 1032 1835 1087 bono.
1859 1031 1994 1087 Nam

2097 1030 2190 1084 τοῦ
2219 1030 2385 1091 καλοῦ
2431 1032 2752 1104 χαρακτῆρα
2784 1032 2845 1086 τὸ
2881 1034 2980 1103 τῆς
3009 1034 3154 1105 ζωῆς
3195 1036 3397 1106 ταύτης
3433 1032 3602 1102 εἶδος,
3635 1028 3687 1101 ᾧ

407 1115 481 1179 id,
509 1117 654 1186 quod
685 1133 831 1182 vere,
865 1127 920 1174 et
958 1121 1192 1191 preprie,
1229 1134 1283 1178 et
1310 1123 1487 1191 primo
1512 1123 1714 1178 bonum
1737 1124 1992 1189 dicimus,

2100 1120 2414 1190 βιοτεύομεν
2435 1137 2449 1151 ο
2481 1120 2912 1195 ὁμολογούμενον
2946 1122 3012 1177 ἂν
3041 1123 3126 1193 είη
3152 1123 3241 1177 διὰ
3264 1124 3363 1194 τῆς
3389 1123 3500 1177 τῶν
3528 1126 3680 1195 εἰρη-

406 1220 507 1260 nec
537 1207 762 1276 repletio
788 1217 893 1272 est,
929 1226 1026 1264 nec
1046 1211 1296 1275 inauitio,
1320 1227 1458 1282 quas
1483 1212 1800 1282 aliquando,
1831 1223 1885 1268 et
1925 1214 1993 1268 ad

2100 1211 2279 1280 μένων
2305 1208 2645 1274 ἀκολουθίας,
2665 1210 2747 1263 ὅτι
2772 1210 2984 1274 οὐδενὸς
3003 1212 3212 1280 ἀγαθοῦ
3241 1213 3518 1284 χωρισμός
3536 1215 3684 1272 ἐστιν

407 1298 634 1368 aliquid,
676 1301 806 1354 etin
844 1300 1173 1371 quibusdam
1208 1311 1418 1361 tantum
1447 1304 1609 1361 utiles
1647 1304 1993 1361 demonstra-

2100 1305 2132 1374 ή
2169 1304 2232 1356 ἐκ
2272 1308 2367 1355 τοῦ
2401 1302 2642 1355 τοιούτου
2677 1301 2789 1371 βίου
2819 1303 3168 1374 μετάστασις.
3200 1305 3436 1375 Φανερὸν
3461 1304 3569 1375 γὰρ
3597 1305 3684 1358 ὅτι

407 1389 605 1451 vimus,
639 1390 841 1461 quibus
864 1407 989 1448 vere
1013 1393 1139 1449 boni
1168 1402 1296 1450 nota
1326 1410 1435 1450 non
1461 1396 1740 1452 convenit.

2097 1397 2153 1449 τὸ
2180 1394 2452 1467 ἀληθινῶς
2498 1395 2592 1449 καὶ
2640 1394 2845 1461 κυρίως
2885 1396 2980 1450 καὶ
3021 1396 3252 1468 πρώτως
3293 1396 3519 1464 ἀγαθὸν,
3555 1394 3680 1449 οὔτε

407 1483 637 1550 κένωσίς
680 1488 849 1552 ἐστιν,
889 1485 1013 1540 οὔτε
1065 1486 1377 1558 πλήρωσις·
1411 1488 1555 1560 ἅπερ
1584 1488 1678 1542 καί
1710 1505 1861 1555 ποτε,
1899 1488 1993 1542 καὶ
2031 1489 2165 1559 πρὸς
2192 1505 2265 1553 τι,
2291 1487 2386 1541 καὶ
2415 1486 2506 1541 ὲπί
2529 1503 2692 1541 τινων
2718 1486 3097 1542 ἀποδέδεικται
3119 1490 3383 1559 χρήσιμα,
3439 1483 3521 1553 οἷς
3578 1491 3681 1548 οὐκ

406 1573 625 1629 ἔπεστιν
656 1578 684 1630 ὁ
713 1576 809 1631 τοῦ
836 1576 1105 1649 ἀληθινῶς
1134 1578 1284 1643 ὄντος
1308 1578 1512 1648 ἀγαθοῦ
1537 1582 1842 1653 χαρακτήρ.

476 1669 841 1738 Quamobrem
869 1687 993 1728 cum
1040 1689 1169 1729 vere
1202 1675 1402 1729 bonum
1444 1675 1494 1731 ei
1538 1675 1683 1746 quod
1734 1693 1845 1731 non
1903 1685 1987 1730 est

2176 1671 2324 1725 Ἐπεὶ
2371 1666 2464 1725 ὧν
2492 1671 2567 1743 τῷ
2610 1671 2829 1742 ἀληθῶς
2859 1674 3054 1743 ἀγαθῳ
3084 1674 3219 1743 πρδς
3260 1672 3321 1725 τὸ
3348 1671 3424 1743 μὴ
3462 1672 3679 1742 ἀληθῶς

407 1778 535 1818 vere
568 1762 771 1817 bottmn
793 1803 809 1828 ,
852 1764 925 1817 ita
951 1767 1291 1821 contrarium
1324 1767 1433 1832 sit,
1490 1774 1551 1821 ut
1581 1767 1790 1821 nullum
1852 1767 1995 1821 inter

2097 1764 2299 1833 ἀγαθόν
2330 1766 2479 1817 ἐστιν
2506 1766 2540 1835 ἡ
2573 1762 2843 1828 ἀντίθεσις
2865 1804 2879 1829 ,
2908 1764 3112 1835 ἄμεσος
3132 1764 3188 1816 δὲ.
3215 1764 3325 1817 τῶν
3354 1764 3448 1818 δύο
3472 1766 3683 1819 τοῦτο»)

409 1872 471 1910 ea
523 1856 764 1911 medium
815 1855 1013 1922 detur,
1048 1865 1479 1919 consentaneum
1530 1868 1613 1913 est
1662 1874 1759 1913 eos
1811 1858 1906 1928 qui
1962 1874 1993 1912 a

409 1963 519 2003 non
552 1962 681 2002 vero
737 1947 1031 2003 discedunt
1060 1949 1238 2016 bono,
1296 1950 1362 2005 ad
1392 1965 1584 2005 verum
1620 1949 1754 2004 illud
1789 1949 1992 2004 bonum

410 2040 671 2095 accedere
695 2079 711 2105 ,
747 2040 894 2110 quod
925 2056 1143 2111 semper
1165 2082 1180 2102 ,
1220 2049 1275 2095 et
1321 2043 1583 2098 omnibus
1609 2083 1625 2107 ,
1653 2052 1709 2097 et
1764 2045 1993 2099 omnino

410 2131 480 2184 sit
511 2130 746 2194 bonum,
783 2144 884 2187 nec
913 2148 1013 2203 pro
1044 2140 1323 2203 tempore,
1352 2143 1447 2188 aut
1480 2134 1666 2205 aliqua
1697 2153 1763 2190 ex
1798 2145 1987 2206 parte,

410 2231 504 2277 aut
534 2224 586 2277 in
632 2226 958 2295 quibusdam
980 2266 996 2291 ,
1033 2237 1129 2280 aut
1157 2236 1380 2299 propter
1410 2228 1617 2298 aliquid
1641 2269 1655 2293 ,
1689 2229 1784 2285 sed
1848 2246 1994 2286 sem—

407 2328 541 2383 per,
578 2314 632 2368 in
675 2315 883 2372 eisdem
906 2356 922 2383 ,
958 2324 1013 2371 et
1041 2317 1231 2372 eodem
1272 2319 1436 2374 modo
1464 2335 1587 2376 sese
1640 2320 1857 2375 habeat.
1909 2320 1995 2377 Ad

408 2406 516 2460 hoc
556 2407 723 2479 igitur
761 2409 944 2464 anima
970 2410 1211 2465 humana
1252 2427 1283 2465 a
1322 2412 1432 2466 vita
1478 2427 1745 2483 corporea
1770 2413 1993 2483 proﬁci-

410 2499 619 2566 scitur,
648 2507 702 2556 et
733 2516 764 2554 a
803 2502 1057 2571 praesenti
1094 2501 1371 2558 diversum
1424 2504 1547 2559 vitre
1599 2512 1804 2559 statum
1835 2521 1990 2561 asse-

408 2592 601 2663 quitur
630 2610 644 2647 :
670 2607 832 2661 quem
864 2608 986 2659 nos,
1014 2596 1107 2664 qui
1131 2608 1253 2663 cum
1279 2608 1445 2649 carne
1467 2594 1744 2665 conjuncti
1778 2610 1990 2658 sumus,

410 2687 575 2756 plane
604 2684 808 2740 intueri
848 2700 955 2741 non
986 2701 1313 2756 possumus,
1343 2701 1410 2741 ex
1459 2688 1871 2757 comparatione
1908 2695 1993 2740 ta-.

410 2791 534 2831 nten
570 2773 733 2831 istius
760 2773 912 2840 vita},
942 2776 1259 2844 conjectura
1289 2776 1541 2845 quaedam
1571 2776 1720 2831 illius
1753 2777 1865 2831 lieri
1900 2793 1992 2846 po-

410 2873 537 2921 test.
587 2863 777 2935 Neque
836 2864 984 2920 enitn
1036 2866 1144 2921 erit
1193 2875 1451 2921 concreta
1506 2867 1687 2937 aliqua
1741 2867 1999 2937 corporis

409 2954 759 3021 crassitudo,
827 2970 930 3012 nec
1002 2956 1116 3010 ulla
1173 2958 1580 3014 contrariorum
1650 2972 1995 3015 concurrens

2098 1858 2131 1927 ἡ
2158 1857 2495 1920 ἐναντίωσιςα
2517 1856 2808 1910 ἀκόλουθον
2834 1855 2901 1909 ἂν
2929 1856 3014 1927 εἰή
3036 1858 3147 1920 τοῖς
3168 1857 3560 1929 χωριζομένοις
3582 1859 3680 1912 τοῦ

2100 1947 2173 2019 μὴ
2208 1947 2423 2019 ἀληθῶς
2456 1946 2608 2011 ὄντος
2637 1947 2825 2013 καλοῦ,
2857 1948 2994 2019 πρὸς
3018 1948 3080 2001 τὸ
3106 1950 3173 2019 τῇ
3207 1948 3366 2017 φύσει
3404 1948 3569 2002 καλὸν
3593 1951 3682 2003 ὲν-

2096 2040 2244 2094 θένδε
2277 2038 2551 2092 πιστεύειν
2583 2038 2681 2109 τὴν
2723 2039 3053 2110 μετάστασιν
3090 2038 3360 2106 γίνεσθαι,
3387 2039 3414 2091 ὃ
3449 2040 3679 2094 πάντοτε

2095 2130 2191 2184 καὶ⁹
2229 2131 2394 2184 παντὶ
2435 2129 2530 2184 καὶ
2554 2128 2644 2183 διὰ
2670 2130 2885 2184 πάντων
2926 2129 3072 2182 ἐστὶν
3100 2128 3323 2198 ἀγαθὸν,
3369 2129 3491 2183 οὔτε
3538 2132 3683 2184 κατά

2093 2224 2339 2295 καιροὺς,
2374 2220 2498 2275 οὔτε
2529 2222 2622 2275 ὲπί
2654 2239 2845 2285 τινων,
2875 2220 3000 2275 οὔτε
3030 2220 3121 2275 διά
3143 2238 3218 2288 τι,
3263 2221 3379 2275 ἀλλ’
3402 2224 3492 2276 ἀεὶ
3536 2225 3678 2277 κατά

2092 2315 2161 2369 τὰ
2198 2315 2336 2368 αὑτᾶ
2361 2314 2455 2367 καὶ
2478 2313 2741 2378 ὡσαύτως
2768 2313 2910 2384 ἔχον.
2941 2313 3086 2385 Πρὸς
3113 2312 3272 2367 τοῦτο
3295 2314 3475 2368 τοίνυν
3506 2315 3683 2385 μέτει-

2095 2422 2178 2458 σιν
2201 2405 2308 2459 ἀπὸ
2333 2408 2433 2475 τῆς
2456 2404 2770 2476 σαρκώδους
2803 2404 2948 2474 ζωῆς
2979 2405 3013 2475 ἡ
3039 2403 3355 2474 ἀνθρωπίνη
3383 2404 3552 2475 ψυχὴ,
3580 2404 3678 2459 ἀλ·-

2089 2500 2188 2567 λην
2224 2496 2347 2548 τινὰ
2374 2495 2489 2564 βίου
2530 2496 2867 2549 κατάστασιν
2907 2495 3029 2549 ἀντὶ
3057 2496 3155 2566 τῆς
3194 2494 3475 2568 παρούσης
3509 2514 3679 2567 μετα-

2090 2586 2470 2657 λαμϐάνουσα,
2504 2586 2570 2657 ἣν
2608 2585 2677 2639 δι’
2716 2586 3003 2656 ἀκριϐείας
3043 2586 3141 2657 μὲν
3195 2586 3343 2650 ἰδεῖν,
3372 2587 3495 2658 ἣτις
3540 2588 3679 2652 ἐστὶ,

2090 2681 2154 2749 τῇ
2190 2677 2356 2749 σαρκὶ
2390 2676 2856 2748 συγκεκραμένοις
2884 2678 3163 2749 ἀμήχανον
3183 2696 3198 2711 ο
3225 2681 3290 2732 ὲκ
3327 2678 3385 2732 δὲ
3409 2679 3510 2750 τῆς
3538 2679 3681 2733 κατά

2089 2772 2181 2825 τὸν
2216 2771 2331 2842 βίον
2361 2770 2552 2825 τοῦτον
2577 2771 2997 2844 γνωριζομένων
3030 2771 3429 2844 ὑπεξαιρέσεως
3454 2774 3681 2827 δυνατόν

2091 2864 2208 2924 ἐστι
2231 2862 2533 2933 στοχασμόν
2565 2879 2687 2916 τινα
2715 2862 2783 2916 δι’
2812 2863 3106 2932 ἀναλογίας
3134 2865 3441 2918 ἀναλαϐεῖν.
3480 2866 3678 2918 Οὐκέτι

2095 2954 2203 3026 γὰρ
2225 2954 2377 3008 ἔσται
2411 2957 2696 3026 σωματικῇ
2734 2954 3006 3026 παχύτητι
3034 2956 3521 3026 συμπεπλεγμένη,
3547 2955 3676 3010 ούτε

409 3049 695 3117 aequalitas
744 3047 1142 3103 elementorum
1173 3088 1189 3115 ,
1224 3066 1458 3121 quorum
1493 3050 1719 3121 arqualis
1749 3066 1813 3105 ac
1869 3068 1993 3106 mu-

2097 3049 2163 3117 τῇ
2220 3045 2533 3117 ίσοκρατείᾳ
2572 3044 2681 3099 τῶν
2730 3046 3209 3117 ἀντιστοιχούντων
3263 3047 3676 3117 ὲμὸιοτεύουσα,

410 3150 504 3191 tua
547 3154 726 3210 pugna
758 3141 1216 3197 constitutionem
1251 3149 1495 3197 nostram
1524 3182 1541 3208 ,
1589 3142 1994 3198 valetudinem-

411 3246 516 3300 que
548 3240 864 3287 conservat.
898 3230 1034 3287 Nam
1065 3233 1112 3289 si
1145 3249 1336 3289 eorum
1386 3234 1607 3303 aliquod
1665 3236 1751 3290 vel
1793 3236 1996 3291 redun-

408 3320 538 3384 det,
586 3320 670 3375 vel
713 3319 961 3385 deﬁciat,
1014 3330 1214 3375 natura
1256 3321 1641 3391 perturbatur,
1675 3336 1740 3376 ac
1787 3320 1997 3377 morbis

410 3412 670 3467 alllcitur.
705 3412 798 3467 illa
845 3420 1025 3467 autem
1050 3413 1157 3467 vita
1211 3429 1310 3468 nec
1367 3413 1545 3469 inedia
1593 3412 1841 3477 laborat,
1895 3427 1997 3467 nec

409 3504 726 3571 cruditate,
782 3519 885 3559 nec
917 3504 1157 3573 frigore,
1190 3503 1475 3559 caloresve
1523 3514 1619 3559 aut
1667 3505 1805 3560 alias
1852 3505 1995 3561 aeris

410 3596 645 3665 injurias
698 3597 902 3661 sentit,
953 3605 1008 3650 et
1057 3596 1169 3649 illic
1216 3596 1432 3666 agitur,
1495 3596 1587 3650 ubi
1629 3596 1701 3651 ab
1734 3598 1995 3654 omnibus

411 3688 535 3743 istis
591 3686 877 3741 laboribus
930 3686 1261 3747 necessariis
1318 3686 1477 3742 liberi
1529 3686 1759 3743 erimus.
1807 3686 1997 3759 Neque

410 3779 556 3833 enim
586 3786 679 3831 aut
702 3792 837 3849 agro
863 3777 1135 3844 colendo,
1168 3787 1264 3832 aut
1311 3778 1622 3850 navigando
1666 3778 1996 3851 defatigabi-

413 3886 576 3937 mur;
633 3886 742 3926 non
797 3877 1143 3934 mercatura,
1175 3886 1283 3925 non
1318 3871 1431 3926 ullo
1481 3877 1695 3941 quaestu
1743 3872 1997 3943 coinqui-

414 3964 714 4017 nabimur:
772 3962 869 4018 sed
926 3963 995 4016 ab
1048 3960 1395 4027 tedilieandi,
1441 3963 1697 4027 texendi,
1736 3964 1997 4035 omnique

414 4053 764 4109 sordidarum
816 4055 1016 4108 artium
1057 4054 1283 4109 miseria
1309 4055 1468 4108 vacui
1513 4055 1901 4125 tranquillam,
1938 4064 1999 4110 ut

414 4142 619 4201 Paulus
651 4145 761 4208 ait,
803 4159 868 4198 ac
897 4144 1136 4214 quietam
1172 4158 1397 4213 agemus
1431 4144 1597 4199 vitam
1627 4162 1643 4213 ;
1672 4161 1781 4200 non
1813 4153 1957 4200 terra
1978 4186 1993 4211 ,

416 4252 525 4290 non
559 4237 697 4290 mari
727 4236 1133 4305 pugnahimtts;
1178 4251 1286 4293 non
1316 4236 1561 4306 equitatu
1593 4276 1607 4299 ,
1673 4253 1784 4291 non
1844 4238 1998 4307 pedi«

417 4333 534 4379 tatu
587 4341 785 4381 manus
820 4340 1215 4391 conseremus;
1268 4325 1324 4380 in
1388 4327 1732 4396 apparitihus
1785 4328 1996 4384 bellicis

418 4432 525 4470 non
584 4416 985 4486 occupabintur
1019 4454 1034 4478 ,
1102 4431 1210 4469 non
1254 4417 1537 4485 exigemus
1593 4419 1829 4484 tributa;
1885 4433 1997 4473 non

418 4505 600 4568 fossa,
635 4521 744 4559 non
778 4522 936 4560 muro
965 4523 1066 4560 nos
1102 4509 1450 4573 muniemus;
1485 4507 1580 4563 sed
1631 4510 1701 4564 ab
1740 4510 1998 4567 omnibus

416 4598 691 4670 ejusmodi
745 4599 1027 4653 laboribus
1066 4609 1120 4656 et
1151 4600 1420 4657 molestiis
1459 4602 1814 4657 remotissimi
1838 4644 1853 4670 ,
1894 4618 1999 4660 nec

420 4690 744 4745 habebimus
786 4690 953 4744 ullum
994 4691 1098 4760 ipsi
1129 4692 1441 4761 negotium,
1480 4707 1582 4749 nec
1618 4694 1999 4751 exhibebimus

420 4781 597 4836 alteri.
642 4780 759 4835 Illic
810 4781 956 4837 enim
1010 4796 1112 4837 nec
1166 4782 1438 4847 servitus,
1495 4799 1598 4840 nec
1643 4785 1997 4851 dominatus,

421 4888 523 4926 nec
553 4882 846 4943 paupertas
866 4911 882 4936 ,
916 4887 1017 4929 nec
1040 4873 1245 4935 divitia:
1266 4911 1280 4936 ,
1327 4890 1427 4933 nec
1455 4877 1671 4946 generis
1697 4876 1957 4948 splendor
1980 4917 1997 4943 ,

420 4971 514 5017 aut
546 4963 860 5019 obscuritas
884 5004 898 5029 ,
936 4979 1041 5019 nec
1077 4966 1416 5035 privatorum
1449 4966 1765 5033 humilitas,
1790 4984 1891 5023 nec
1914 4969 1999 5024 di-

420 5056 602 5123 gnitas
642 5057 1063 5127 magistratuum
1087 5095 1102 5118 ,
1138 5071 1239 5111 nec
1269 5056 1375 5110 ulla
1408 5059 1532 5113 talis
1565 5057 1827 5126 fortunae,
1864 5075 1999 5116 con-

422 5148 687 5212 ditionis,
739 5158 795 5203 et
838 5149 1048 5203 ordinis
1093 5148 1396 5203 dill'ereutia
1448 5151 1628 5207 locum
1671 5152 1852 5208 habet.
1908 5152 2001 5208 Et—

421 5242 565 5294 enim
592 5241 838 5294 omnium
864 5240 1138 5309 ejusmodi
1170 5257 1353 5295 rerum
1386 5245 1767 5298 necessitatem
1810 5246 2000 5299 exclu-

420 5329 501 5382 dit
534 5329 622 5382 illa
659 5331 803 5394 vita,
841 5347 961 5400 quae
993 5334 1238 5388 materiae
1290 5350 1488 5405 expers
1548 5337 1698 5389 nulla
1748 5353 1806 5391 re
1843 5345 1997 5408 eget,

424 5420 480 5473 iu
530 5434 638 5487 qua
691 5427 941 5474 naturam
990 5422 1156 5476 animi
1200 5440 1308 5477 non
1351 5440 1417 5479 ex
1460 5425 1609 5480 sicco
1664 5427 2001 5497 humidoque

422 5518 720 5573 constare,
773 5511 867 5565 sed
925 5528 991 5567 ex
1043 5513 1243 5568 divina:
1295 5524 1502 5571 natura:
1554 5519 1898 5588 cognitione,
1944 5528 2000 5575 et

423 5602 654 5670 hujusce
709 5602 938 5688 spiritus
991 5605 1123 5659 aerii
1171 5607 1329 5669 loco,
1388 5624 1518 5663 vero
1552 5609 1644 5664 illo
1699 5619 1999 5682 sanctoque

425 5686 501 5773 ὃν
528 5692 632 5749 ritu
660 5690 765 5748 frui
791 5686 1277 5769 nonanb‘gimus.
1302 5697 1434 5766 Quae
1459 5700 1677 5771 quidem
1712 5701 1854 5757 bona
1887 5718 1999 5760 non

2096 3132 2171 3191 ὧν
2205 3140 2241 3210 ἡ
2266 3139 2552 3210 ἰσόρροπος
2590 3138 2728 3210 πρὸς
2761 3137 2966 3209 ἄλληλα
3002 3139 3171 3209 μάχη,
3203 3138 3301 3211 τὴν
3330 3138 3588 3192 σύστασίν
3615 3155 3677 3205 τε

2095 3230 2251 3301 ἡμῶν
2275 3232 2368 3285 καὶ
2388 3232 2486 3301 τὴν
2525 3232 2737 3300 ὑγίειαν
2766 3233 2929 3284 ποιεῖ.
2964 3231 3022 3283 ’0
3056 3231 3166 3300 γὰρ
3207 3230 3545 3301 πλεονασμὸς
3567 3231 3685 3284 τῶν

2094 3322 2353 3377 ἐναντίων
2378 3322 2524 3387 τινὸς
2550 3324 2644 3376 καὶ
2673 3324 2705 3392 ἡ
2732 3322 2989 3392 ἔλλειψις,
3011 3322 3183 3386 πάθος
3214 3322 3309 3376 καὶ
3338 3320 3681 3393 ἀρρώστημα

2096 3414 2192 3485 τῆς
2222 3413 2437 3484 φύσεως
2467 3415 2675 3483 γίνεται
2701 3432 2715 3445 ο
2747 3410 2856 3488 ὲνῇ
2885 3413 3036 3468 οὐδὲν
3058 3412 3181 3467 οὔτε
3210 3413 3555 3467 συστέλλεται
3584 3429 3678 3466 κε-

2095 3506 2373 3577 νούμενον,
2397 3504 2522 3559 οὔτε
2544 3506 2802 3575 δυσφορεῖ
2827 3504 3215 3577 φορτιζόμενον
3235 3516 3250 3532 ⁸
3281 3503 3417 3557 ἀλλὰ
3450 3502 3546 3569 καὶ
3570 3500 3707 3569 {die

2094 3597 2160 3649 ἐκ
2186 3594 2280 3649 τοῦ
2308 3594 2469 3667 ἀέρος
2510 3594 2690 3665 ἀηδῶν
2722 3593 2828 3659 ἔξω
2861 3592 3179 3647 παντάπασι
3206 3592 3433 3660 γίνεται,
3483 3579 3706 3662 κρύους’

2095 3705 2153 3740 τε
2189 3686 2333 3755 λέγω
2364 3687 2457 3740 καὶ
2482 3685 2739 3749 θάλπους,
2764 3684 2858 3737 καὶ
2885 3684 3103 3737 πάντων
3132 3682 3242 3736 τῶν
3262 3682 3402 3735 κατὰ
3434 3681 3497 3734 τὸ
3517 3683 3680 3735 ἐναν-

2093 3779 2208 3831 τίον
2241 3777 2544 3847 νοουμένων
2592 3775 3020 3846 ἀπηλλαγμένηο
3072 3775 3133 3827 ἐν
3159 3774 3388 3837 ἐκείνοις
3428 3772 3486 3826 δὲ
3529 3778 3700 3842 γινοέ

2099 3870 2257 3940 μένη,
2299 3870 2434 3923 ὅπου
2485 3868 2712 3924 πάντων,
2744 3866 2859 3931 τῶν,
2888 3866 3205 3934 ἀναγκαίων
3240 3867 3504 3936 καμάτων
3528 3865 3704 3922 ὲλευ-,ῒ

2097 3960 2230 4031 θέρα
2269 3976 2330 4013 τε
2370 3959 2466 4012 καὶ
2495 3958 2681 4022 ἄνετός
2726 3959 2879 4024 ἐστιν,
2902 3958 2945 4034 ἡ,
2992 3956 3139 4028 ζωή·
3185 3957 3245 4009 οὑ
3278 3956 3366 4009 διὰ
3406 3957 3681 4027 γεωργίας

2097 4050 2508 4114 κακοπαθοῦσα,
2540 4050 2601 4103 οὑ
2634 4051 2761 4113 τοὺς
2811 4048 3152 4116 διαποντίους
3200 4048 3548 4120 ὑπομένουσα
3581 4049 3681 4103 πό-

2097 4161 2242 4207 νους,
2262 4143 2323 4195 οὑ
2354 4142 2444 4195 διὰ
2469 4142 2568 4213 τῆς
2600 4143 2905 4214 ὲμπορικῆς
2931 4141 3229 4212 καπηλείας
3259 4141 3643 4212 ἀσχημονοῦσα
3661 4161 3675 4174 ο

2097 4236 2439 4307 οἰκοδομικῆς
2459 4253 2517 4288 τε
2543 4236 2638 4288 καὶ
2675 4236 2996 4305 ὑφαντικῆς,
3028 4233 3242 4303 καὶτῆς
3264 4232 3373 4287 τῶν
3396 4233 3685 4304 βαναύσων,

2099 4328 2302 4398 τεχνῶν
2330 4328 2706 4399 ταλαιπωρίας
2752 4326 3155 4397 κεχωρισμένη,
3184 4326 3390 4396 ἧρεμόν
3428 4342 3548 4379 τινα
3582 4326 3687 4385 καὶ,

2102 4420 2328 4492 ἡσύχιον
2374 4420 2549 4488 διάγει
2590 4419 2725 4489 βίον,
2782 4417 2965 4481 καθὼς
3010 4420 3039 4471 ὁ
3083 4417 3292 4481 Παῦλος
3346 4433 3529 4488 φησιν,
3580 4419 3680 4487 οὑχ

2103 4511 2510 4583 ίππομαχοῦσα,
2548 4512 2609 4564 οὑ
2644 4509 3018 4580 ναυμαχοῦσα,
3065 4508 3127 4560 οὑ
3163 4507 3432 4579 συστάδην
3457 4506 3545 4561 διὰ
3577 4507 3679 4577 τῆς

2101 4603 2332 4673 πεζικῆς
2362 4600 2720 4673 παρατάξεως
2762 4597 3205 4670 συμπλεκομένη,
3236 4598 3298 4651 οὑ
3335 4598 3471 4669 πρὸς
3512 4614 3680 4652 κατα-

2104 4694 2302 4765 σκευὴν
2330 4693 2509 4747 ὃπλων
2551 4691 2945 4763 ἀσχολουμένη,
3001 4692 3061 4745 οὑ
3101 4691 3299 4762 φόρους
3359 4689 3677 4757 ὲκλέγουσα,

2100 4788 2161 4840 οὑ
2188 4787 2429 4856 τάφρους
2453 4786 2548 4839 καὶ
2569 4785 2723 4855 τείχη
2763 4785 3267 4849 κατασκευάζουσα,
3298 4781 3434 4836 ἀλλὰ
3464 4782 3679 4835 πάντων

2101 4880 2211 4933 τῶν
2245 4879 2500 4933 τοιούτων
2541 4879 2739 4948 ἀτελής
2776 4878 2859 4942 τίς
2897 4879 3012 4930 ἐστι
3063 4876 3157 4929 καὶ
3204 4874 3479 4947 ἐλευθέρα.
3522 4875 3677 4944 Mil-:5

2102 4972 2300 5044 ἔχουσα
2339 4972 2591 5044 πρᾶγμα,
2643 4970 2780 5040 μήτε
2814 4967 3152 5039 παρέχουσα,
3198 4968 3256 5020 ὲν
3368 4964 3578 5019 δουλεία
3617 4980 3677 5017 τε

2103 5064 2197 5118 καὶ
2240 5063 2499 5136 κυριότης
2524 5063 2619 5117 καὶ
2661 5061 2839 5126 πενία,
2889 5060 3137 5128 εὐγένειά
3160 5075 3219 5111 τε
3250 5058 3343 5111 καὶ
3375 5056 3674 5124 δυσγένεια,

2102 5156 2197 5211 καὶ¹
2232 5152 2470 5223 ίδιωτικὴ
2495 5152 2839 5222 ταπεινότης,
2864 5150 2957 5205 καὶ
2991 5147 3330 5219 ἀξιωματικὴ
3365 5146 3673 5211 δυναστεία,

2101 5245 2197 5298 καὶ
2229 5246 2378 5298 πᾶσα
2422 5242 2644 5313 τοιαύτη
2683 5241 2967 5313 ἀνωμαλία
3003 5239 3185 5310 χώραν
3215 5238 3317 5290 οὐκ
3352 5234 3485 5305 ἔχει.
3529 5236 3677 5307 Hap-

2102 5339 2339 5407 αιρεῖται
2370 5335 2476 5406 γὰρ
2514 5335 2730 5389 πάντων
2770 5333 2977 5386 τούτων
3016 5331 3108 5387 καὶ
3140 5328 3246 5382 τῶν
3279 5326 3534 5380 τοιούτων
3577 5327 3677 5397 τὴν
3760 5398 3761 5401 η

2100 5426 2365 5495 ἀνάγκην,
2391 5426 2453 5479 τὸ
2482 5425 2726 5488 άνενδεὲς
2751 5425 2848 5493 τῆς
2881 5422 3025 5491 ζωῆς
3048 5419 3259 5489 ἐκείνης
3292 5417 3386 5471 καὶ
3414 5416 3595 5479 άῦλον,
3619 5421 3679 5472 ὲν

2102 5513 2219 5592 ᾖτὸ
2252 5516 2578 5588 διακρατοῦν
2605 5518 2702 5588 τῆς
2726 5516 2903 5586 ψυχῆς
2934 5514 3030 5585 τὴν
3064 5512 3379 5574 ὑπόστασιν,
3414 5512 3475 5564 οὑ
3509 5508 3679 5581 ξηροῦ

2101 5628 2159 5664 τε
2187 5610 2281 5663 καὶ
2318 5610 2486 5681 ὑγροῦ
2523 5610 2668 5672 τινός
2697 5611 2811 5661 ἐστι
2850 5605 3132 5677 μετουσία,
3173 5604 3289 5658 ἀλλ’
3328 5606 3361 5676 ἡ
3401 5604 3500 5675 τῆς
3528 5603 3679 5667 θείας

2103 5701 2317 5773 φύσεως
2346 5702 2691 5772 κατανόησις,
2716 5699 2835 5755 ἀντὶ
2862 5698 2918 5752 δὲ
2941 5697 3035 5752 τοῦ
3073 5695 3318 5759 ὲναερίου
3344 5697 3674 5759 πνεύματος,
