4124 6352
397 314 502 372 Ξῦὄ

1807 329 1895 382 DE
1932 330 2260 386 MORTUIS.

3569 332 3672 384 5υο

399 434 491 494 τοῦ
527 433 782 507 ἀληθινοῦ
813 451 869 487 τε
901 436 994 488 καὶ
1027 437 1182 505 ἁγίου
1225 440 1542 510 Πνεύματος
1581 439 1718 496 εἶναι
1749 446 1848 515 τὴν
1873 464 1984 499 κοι-

2095 445 2456 496 immutantur
2491 441 2555 494 ad
2588 439 3002 495 similitudinem
3044 455 3233 492 eorum
3282 454 3402 508 quae
3453 449 3579 492 sunt
3618 440 3672 492 in

399 525 597 579 νωνίαν
651 525 752 578 οὐκ
808 527 1243 598 ἀμφιϐάλλομεν.
1290 526 1390 583 Ὧν
1445 534 1477 602 ἠ
1538 533 1832 598 ἀπόλαυσις
1883 537 1984 590 οὐκ

401 617 775 689 ἐνηλλαγμένη
812 617 933 671 καθ’
979 621 1272 691 ὁμοιότητα
1314 623 1408 675 τοῦ
1440 625 1564 695 τῇδε
1615 625 1730 696 βίου
1766 627 1853 681 διὰ
1883 628 1983 697 τῆς

401 710 568 775 ἕξεως
600 711 720 764 καῖ’
751 712 1058 782 στερήσεως
1101 713 1329 782 γίνεται,
1373 717 1752 790 εἰσκρινομὲνη
1797 738 1856 772 τε
1891 721 1985 774 καὶ

405 802 839 871 ἀποποιουμένη,
889 803 1003 856 ἀλλ’
1042 804 1129 857 ἀεὶ
1183 805 1532 878 πληρουμένη
1585 810 1682 861 καὶ
1731 810 1984 864 οὐδέποτε

406 892 822 963 περιγράφουσα
868 895 1013 965 κόρῳ
1051 895 1148 966 τὴν
1197 896 1494 968 πλήρωσιν.
1540 900 1777 972 Ἀϐαρὴς
1813 901 1984 972 γὰρὴ

405 983 566 1054 νοερά
606 984 809 1056 τρυφὴ,
857 986 953 1039 καὶ
988 987 1311 1058 ἀπλήρωτος
1362 990 1592 1044 πάντοτε
1629 995 1748 1056 ταῖς
1796 993 1986 1046 ἐπιθυ-

411 1075 558 1144 μίαις
574 1075 683 1128 τῶν
714 1077 1049 1147 μετεχόντων
1081 1080 1393 1150 ἀκορέστως
1413 1082 1983 1154 ἐπιπλημμυρίζουσα.

407 1166 504 1218 Διά
536 1166 693 1219 τοῦτο
725 1170 971 1241 μακαρία
998 1171 1081 1233 τίς
1113 1171 1262 1224 ἐστιν
1293 1172 1473 1243 ἐκείνη
1499 1176 1532 1244 ὴ
1573 1173 1685 1245 ζωὴ
1729 1177 1822 1228 καὶ
1852 1177 1990 1247 ἀκή-

411 1275 591 1326 ρατος,
632 1260 829 1330 μηκέτι
858 1265 974 1324 ταῖς
1025 1261 1134 1316 τῶν
1173 1263 1540 1336 αἰσθητηρίων
1589 1267 1804 1337 ἡδοναῖς
1851 1269 1989 1339 πρὸς

406 1348 505 1417 τὴν
539 1349 633 1402 τοῦ
679 1351 844 1404 καλοῦ
875 1353 1054 1424 κρίσιν
1098 1355 1518 1427 ἐμπλανωμένη.
1559 1358 1623 1410 Τί
1660 1359 1839 1411 τοίνυν
1868 1361 1986 1413 ἐστὶ

410 1439 731 1511 σκυθρωπὸν
759 1444 816 1496 ἐν
846 1443 925 1514 τῷ
953 1445 1258 1515 πράγματι,
1282 1447 1348 1499 δι’
1378 1447 1406 1499 ὃ
1431 1450 1495 1519 τῇ
1529 1449 1857 1518 μεταστάσει
1883 1450 1990 1503 τῶν

409 1530 730 1602 ἐπιτηδείων
760 1535 1261 1606 ἐπιστυγνάζομενς
1296 1537 1345 1588 εἰ
1381 1537 1454 1606 μὴ
1485 1538 1642 1592 τοῦτὸ
1663 1557 1747 1604 τις
1769 1541 1875 1610 ἄρα
1900 1539 1992 1593 λυ-

413 1620 584 1691 πηρὸν
615 1624 854 1692 ἡγεῖται,
893 1625 977 1676 ὅτι
1006 1625 1144 1695 πρὸς
1165 1625 1256 1678 τὸν
1286 1625 1472 1696 ἀπαθῆ
1497 1644 1557 1678 τε
1583 1629 1677 1680 καὶ
1701 1629 1991 1698 ἀνενόχλη-

414 1731 504 1766 τον
529 1713 640 1783 βίον
663 1715 844 1776 αὐτοῖς
865 1717 896 1784 ή
931 1715 1259 1784 μετάστασις
1283 1716 1510 1784 γίνεται,
1541 1718 1599 1781 ὂς
1617 1718 1737 1772 οὔτε
1769 1719 1990 1789 πληγῶν

2085 537 2187 589 hac
2227 527 2374 596 vita,
2408 533 2537 588 dum
2566 549 2628 587 ea
2665 535 2747 586 vel
2793 533 3174 601 assequimur,
3211 532 3295 586 vel
3329 532 3631 587 amittimus
3655 575 3669 598 ,

2085 626 2212 679 dum
2247 623 2545 692 injicimus,
2569 623 2653 677 vel
2675 622 2968 691 ejicimus;
3003 623 3094 677 sed
3125 637 3402 691 nunquam
3427 621 3669 690 explent,

2088 729 2366 784 nunquam
2408 714 2630 768 satiant.
2677 713 2857 766 Animi
2887 728 3122 781 namque
3153 711 3362 766 delicia:
3395 727 3502 765 non
3546 721 3675 765 sunt.

2087 820 2299 876 graves,
2327 820 2425 858 nec
2462 804 2755 859 fruentium
2790 803 3062 857 desiderio
3086 803 3248 856 ullam
3279 818 3518 870 unquam
3544 802 3675 858 alie-

2089 905 2216 951 runt.
2246 895 2577 951 satietatem.
2618 894 2853 963 Ideoque
2890 893 3044 946 beata
3072 901 3155 947 est
3194 892 3285 944 illa
3315 894 3427 946 vita
3454 931 3470 956 ,
3503 900 3670 962 atque

2088 988 2452 1049 immortalis,
2510 979 2713 1056 quippe
2773 1000 2896 1055 quae
2950 999 3213 1038 sensuum
3267 984 3494 1038 libidine
3557 999 3670 1038 non

2090 1081 2295 1134 fallitur
2327 1081 2382 1134 in
2411 1079 2570 1134 bonis
2630 1076 3022 1148 dijudicandis.
3087 1074 3230 1142 Quid
3278 1075 3444 1146 igitur
3491 1083 3577 1130 est
3615 1076 3670 1129 in

2089 1171 2206 1240 ipsa
2240 1185 2297 1224 rc
2336 1170 2483 1228 mali.
2522 1169 2874 1236 quamobrem
2907 1169 3204 1222 amicorum
3239 1175 3292 1222 et
3324 1167 3674 1228 familiarium

2090 1261 2242 1315 obitu
2308 1259 2628 1314 doleamus?
2661 1259 2766 1313 nisi
2818 1260 2942 1330 quis
2999 1259 3296 1313 dolendum
3347 1260 3669 1326 existimat,

2091 1353 2235 1422 quod
2255 1355 2319 1407 ad
2352 1355 2516 1406 vitam
2549 1352 3021 1422 perturbationum
3042 1366 3104 1405 ac
3128 1351 3469 1405 miseriarum
3488 1367 3676 1421 exper-

2093 1453 2198 1498 tem
2245 1445 2672 1513 proficiscuntur
2695 1486 2709 1510 ,
2747 1443 2799 1497 in
2841 1458 2948 1514 qua
2978 1443 3261 1513 plagarum
3319 1443 3535 1497 dolores
3567 1458 3677 1497 non

2093 1545 2346 1590 metuunt
2375 1578 2388 1600 ,
2421 1551 2530 1590 non
2563 1535 2705 1606 ignis
2735 1535 2912 1590 minas
2936 1575 2949 1594 .
2983 1549 3092 1588 non
3123 1533 3254 1588 ferri
3281 1533 3505 1588 vulnera
3529 1577 3541 1598 ,
3565 1550 3676 1589 non

2091 1633 2252 1680 terrm
2280 1634 2494 1690 motus,
2533 1634 2628 1680 aut
2652 1624 2924 1691 naufragii
2949 1666 2963 1690 ,
3004 1633 3098 1677 aut
3130 1623 3416 1679 servitutis
3453 1625 3678 1677 calami—

2094 1729 2233 1774 tates
2254 1760 2267 1782 ,
2306 1735 2412 1773 non
2456 1719 2772 1772 immanium
2800 1717 3036 1771 ferarum
3069 1718 3339 1786 impetus,
3373 1732 3480 1770 non
3517 1733 3677 1770 vene-

409 1804 601 1867 ὸδύναις
636 1805 944 1875 προσίεται,
976 1804 1038 1858 ού
1072 1806 1241 1876 πυρὸς
1276 1807 1514 1860 δέδοικεν
1547 1809 1798 1880 ἀπειλὴν,
1830 1811 1890 1863 ού
1924 1812 1989 1864 τὰ

2096 1825 2254 1867 natos
2290 1828 2351 1866 ac
2375 1811 2666 1882 pestiferos
2715 1812 3053 1880 serpentium
3090 1811 3314 1863 aculeos
3350 1823 3678 1877 morsusque

408 1894 494 1946 διὰ
526 1894 742 1964 σιδήρου
773 1895 1084 1965 τραύματα,
1139 1897 1238 1948 οὐκ
1274 1898 1380 1950 ἀπὸ
1414 1899 1653 1969 σεισμῶν
1697 1901 1791 1955 καὶ
1830 1919 1994 1953 ναυα-

410 1983 542 2050 γίων
585 1985 678 2038 καὶ
708 1985 1093 2055 αἰχμαλωσιῶν
1131 1989 1439 2058 συμφορὰς,
1475 1990 1534 2041 οὐ
1566 1990 1666 2054 τὰς
1704 1990 1811 2044 τῶν
1844 1991 1992 2060 ὠμοσ-

410 2074 585 2146 ϐόρων
613 2075 816 2146 Θηρίων
854 2076 1182 2146 προσϐολὰς,
1215 2079 1276 2130 οὐ
1307 2079 1376 2132 τὰ
1408 2080 1516 2134 τῶν
1554 2080 1904 2152 ἐρπυστικῶν
1931 2099 1991 2134 τε

410 2165 506 2218 καὶ
539 2166 756 2219 ἰοϐόλων
806 2168 1007 2239 κέντρα
1032 2169 1125 2222 καὶ
1150 2169 1426 2240 δήγματα.
1466 2174 1553 2225 Ἐν
1585 2168 1628 2241 ᾧ
1668 2173 1842 2236 οὐδεὶς
1867 2172 1990 2226 οὔτε

413 2257 731 2325 ἐξογκοῦται
767 2259 844 2330 τῷ
874 2261 1048 2333 τύφῳ,
1089 2261 1212 2315 οὔτε
1253 2268 1504 2318 πατεῖται
1531 2269 1588 2318 ὲν
1621 2267 1987 2338 ταπεινότητι,

413 2347 537 2401 οὒτε
567 2351 670 2402 ὑπὸ
693 2349 927 2422 θράσους
955 2354 1325 2424 ὲκθηριοῦται,
1359 2354 1482 2408 οὔτε
1533 2358 1639 2410 ὑπὸ
1668 2357 1871 2421 δειλίας
1893 2375 1992 2410 κα-

411 2444 748 2505 ταπτοεῖται,
773 2441 896 2496 οὔτε
916 2447 980 2514 τῇ
1001 2446 1136 2516 ὀργῇ
1169 2447 1541 2516 περιοιδαίνει,
1570 2450 1706 2512 ζέων
1727 2449 1804 2520 τῷ
1835 2449 1990 2520 θυμῷ

414 2532 508 2585 καὶ
541 2533 880 2604 μαινόμενος,
910 2536 1036 2589 οὔτε
1083 2537 1354 2591 κλονεῖται
1390 2539 1493 2590 ὑπὸ
1527 2539 1621 2594 τοῦ
1661 2541 1847 2608 φόϐου,
1901 2544 1994 2595 ἁν-

411 2631 616 2697 τιτχεῖν
643 2631 780 2699 πρὸς
801 2630 901 2700 τὴν
922 2629 1013 2682 τοῦ
1035 2630 1362 2699 κρατοῦντος
1388 2631 1562 2704 ὁρμὴν
1586 2633 1647 2685 οὐ
1674 2634 1987 2704 δυνάμενος.

427 2722 515 2774 Ἐν
541 2717 585 2791 ᾧ
614 2723 835 2792 φροντὶς
873 2723 973 2775 οὐκ
1005 2722 1151 2777 ἔστιν
1184 2722 1272 2778 οἷα
1301 2723 1408 2776 τῶν
1441 2724 1705 2794 βασιλέων
1744 2727 1812 2780 τὰ
1842 2726 1946 2796 ἤθη
1972 2743 1988 2760 ο

412 2815 556 2878 τίνες
593 2816 649 2867 αἱ
697 2814 1030 2884 νομοθεσίαι,
1083 2811 1182 2868 οἷοι
1235 2815 1342 2868 τῶν
1386 2817 1602 2886 τρόπων
1655 2819 1704 2869 οἱ
1753 2817 1846 2869 ἐπὶ
1884 2818 1991 2871 τῶν

413 2906 595 2976 ἀρχῶν
646 2905 989 2975 τεταγμένοι,
1033 2902 1122 2958 οἷα
1168 2904 1238 2957 τὰ
1290 2905 1708 2975 διαγράμματα,
1769 2905 1932 2967 πόσος
1961 2906 1990 2956 6

415 2999 627 3068 ἐτήσιος
661 2999 823 3068 φόρος
843 3011 857 3026 ’
888 2996 1011 3049 οὔτε
1046 2998 1092 3048 εί
1125 2995 1291 3066 πολλὴ
1319 2993 1540 3065 γέγονεν
1569 2995 1865 3065 ἐπομϐρία,
1893 3011 1992 3048 κα-

413 3083 754 3152 τακλύζουσα
801 3092 865 3159 τῇ
906 3089 1142 3159 ἀμετρίᾳ
1183 3087 1244 3140 τὸ
1291 3086 1726 3159 γεωργούμενον,
1779 3085 1903 3139 οὕτε
1942 3088 1990 3138 εί

2094 1902 2473 1956 reformidant.
2509 1899 2565 1954 In
2593 1914 2700 1970 qua
2725 1914 2887 1953 nemo
2930 1897 3152 1952 inﬂatur
3184 1898 3441 1966 superbia
3471 1936 3484 1960 ,
3517 1912 3678 1951 nemo

2095 1996 2404 2049 humilitate
2462 1992 2832 2063 deprimitur,
2896 2005 3058 2043 nemo
3105 1988 3334 2043 effertur
3402 1988 3678 2052 audacia,

2093 2103 2253 2141 nemo
2319 2087 2522 2140 timore
2589 2086 2942 2145 concutitur,
3009 2097 3173 2136 nemo
3240 2097 3340 2135 nec
3392 2080 3680 2135 iracundia

2092 2187 2332 2234 mstuans
2372 2187 2425 2233 et
2473 2178 2758 2232 insaniens
2794 2174 3182 2237 excandescit,
3237 2189 3338 2228 nec
3366 2173 3680 2243 superantis

2092 2271 2356 2338 impetum
2402 2269 2680 2324 sustinere
2716 2282 2825 2321 non
2865 2267 3055 2321 valens
3091 2274 3234 2320 metu
3277 2264 3677 2320 eontremiscit.

2091 2358 2148 2412 ln
2180 2374 2288 2430 qua
2333 2358 2483 2412 nulla
2519 2356 2841 2413 sollicitudo
2897 2364 3019 2420 est,
3065 2355 3258 2424 quales
3321 2354 3435 2408 sint
3486 2368 3680 2423 regum

2093 2466 2274 2504 mores
2299 2489 2314 2513 ,
2345 2464 2376 2502 a
2408 2463 2647 2519 quonam
2698 2445 2946 2501 ferantur
2985 2447 3130 2516 leges
3154 2485 3168 2509 ,
3204 2445 3474 2515 quibusve
3506 2443 3681 2512 magi-

2092 2545 2298 2591 stratus
2346 2536 2809 2599 committantur,
2874 2550 2994 2604 quae
3047 2535 3265 2589 decreta
3315 2533 3444 2587 fiant
3474 2571 3489 2594 ,
3550 2548 3675 2602 quae

2092 2625 2394 2695 quotannis
2423 2626 2776 2694 imponantur
2805 2623 3009 2678 tributa
3032 2666 3047 2689 ,
3094 2632 3188 2677 aut
3219 2638 3284 2677 ne
3313 2621 3678 2676 immoderata

2093 2717 2354 2772 imbrium
2388 2716 2686 2771 multitudo
2728 2725 2847 2771 sata
2877 2715 3182 2785 deprimat,
3216 2714 3494 2785 grandove
3528 2713 3682 2768 labo-

2091 2826 2212 2864 rum
2248 2820 2630 2882 susceptorum
2674 2827 2827 2880 spem
2875 2809 3111 2874 auferat,
3143 2817 3236 2863 aut
3265 2809 3531 2872 siccitate,
3563 2822 3685 2877 qua:

2090 2909 2221 2954 nata
2266 2907 2435 2967 sunt,
2495 2909 2838 2956 exarescant.
2895 2900 3142 2954 Aliorum
3186 2902 3315 2954 item
3369 2899 3682 2962 malorum,

2093 3006 2210 3061 qua:
2239 2990 2328 3045 hic
2366 3001 2494 3046 sunt
2519 3032 2531 3054 ,
2567 2992 2708 3059 apud
2744 3005 2839 3046 eos
2868 2991 3056 3044 nullus
3110 2999 3194 3044 est
3245 2989 3432 3042 timor.
3483 2985 3677 3056 Neque

2091 3091 2186 3136 aut.
2236 3083 2492 3138 orbitatis
2525 3083 2752 3137 tristitia
2779 3121 2794 3146 ,
2835 3089 2929 3136 aut
2960 3081 3246 3136 viduitatis
3277 3081 3530 3136 molestia
3562 3093 3680 3148 per-

414 3182 624 3251 χάλαζα
659 3182 758 3246 τὰς
799 3181 1018 3244 ἐλπίδας
1044 3181 1152 3234 τῶν
1185 3180 1475 3249 γεωπόνων
1505 3178 1827 3250 ἠχρείωσεν,
1867 3177 1989 3230 οὔτε

2097 3177 2409 3231 turbantur.
2442 3176 2561 3229 Illic
2582 3191 2646 3230 ex
2678 3184 2786 3228 tam
2811 3173 2998 3229 multis
3029 3175 3345 3229 morborum
3385 3177 3682 3245 generibus

413 3275 462 3324 εἰ
493 3272 702 3341 αὐχμὸς
750 3273 1125 3343 ἐπικρατήσας
1158 3269 1511 3341 ἀποξηραίνει
1551 3271 1660 3323 πᾶν
1701 3269 1761 3322 τὸ
1788 3268 1995 3339 φυόμε-

413 3365 523 3417 νον.
565 3362 725 3415 Ἀλλά
779 3363 873 3414 καὶ
911 3361 1018 3414 τῶν
1060 3360 1262 3414 λοιπῶν
1309 3361 1403 3414 τοῦ
1436 3360 1551 3430 βίου
1596 3359 1783 3414 κακῶν
1817 3362 1997 3415 πᾶσαν

414 3455 597 3506 ἄδειαν
628 3453 760 3524 ἔχει.
799 3441 1088 3524 ’Θρφανίας
1113 3471 1174 3505 τε
1210 3453 1318 3524 γὰρ
1353 3452 1415 3505 τὸ
1459 3449 1782 3522 σκυθρωπὸν
1809 3451 1872 3503 οὐ
1903 3449 1998 3503 λυ-

413 3550 507 3599 πεῖ
536 3547 634 3616 τὴν
680 3546 822 3618 ζωὴν
868 3546 1105 3617 ἐκείνην,
1136 3545 1208 3599 τὰ
1253 3549 1316 3598 ὲκ
1359 3543 1587 3615 χηρείας
1629 3545 1775 3598 κακά
1811 3541 1995 3614 χώραν

413 3640 512 3690 οὐκ
539 3638 680 3707 ἔχει·
719 3637 947 3707 ἀργοῦσι
967 3638 1023 3691 δὲ
1053 3638 1147 3691 καὶ
1171 3638 1227 3690 αί
1261 3635 1589 3708 πολύτροποι
1618 3635 1710 3689 τοῦ
1745 3634 1997 3706 σώματος

413 3731 734 3802 ἀρρωστίαι,
772 3732 913 3790 οἵτε
971 3729 1115 3784 κατά
1155 3729 1262 3783 τῶν
1317 3728 1732 3799 εὐημερούντων
1782 3727 1988 3796 φθόνοι,

416 3825 508 3889 καὶ
570 3826 624 3877 αἱ
674 3824 816 3877 κατὰ
867 3822 976 3876 τῶν
1013 3821 1494 3893 [δυσπραγούντων
1530 3820 1843 3891 ὑπεροψίαι,
1897 3820 1992 3873 καὶ

415 3915 591 3968 πάντα
617 3915 686 3968 τὰ
728 3915 950 3970 τοιαῦτα
993 3913 1094 3984 τῆς
1123 3912 1270 3983 ζωῆς
1311 3912 1526 3980 ἐκείνης
1573 3911 1881 3983 ὲξὼρισται·
1912 3913 1991 3964 la-

2088 3269 2291 3338 quibns
2351 3282 2583 3337 corpora
2645 3275 2834 3321 nostra
2895 3261 3199 3328 vexantur,
3266 3266 3451 3320 nullus
3504 3267 3678 3322 adest.

2089 3356 2206 3412 Illic
2239 3371 2341 3412 nec
2375 3355 2630 3412 felicibus
2659 3354 2939 3410 invidetur
2960 3393 2975 3416 ,
3031 3370 3133 3410 nec
3169 3353 3552 3424 despiciuntur
3586 3369 3684 3410 ea-

2091 3448 2354 3505 lamitosi.
2410 3447 2613 3502 Omnes
2659 3446 2742 3501 ba!
2801 3445 3078 3516 denique,
3135 3454 3190 3500 et
3238 3445 3289 3499 id
3331 3461 3504 3516 genus
3563 3445 3684 3500 alite

2092 3539 2332 3595 miseria:
2391 3538 2595 3594 absunt
2662 3538 2730 3592 ab
2794 3538 2885 3591 illa
2943 3538 3053 3590 vita
3108 3552 3272 3607 quam
3333 3537 3675 3607 longissime.

2090 3633 2298 3690 Contra
2335 3647 2462 3687 vero
2481 3631 2624 3701 juris
2646 3640 2700 3686 et
2727 3633 2904 3701 legum
2932 3630 3278 3700 :equabilitas
3301 3644 3426 3682 cum
3465 3644 3681 3682 summa

2094 3727 2348 3780 libertate
2381 3733 2434 3779 et
2465 3739 2600 3794 pace
2630 3724 2686 3778 in
2717 3739 2783 3778 eo
2820 3724 3130 3778 animorum
3169 3722 3368 3792 populo
3395 3729 3680 3783 versatur,

2097 3833 2220 3872 cum
2253 3815 2387 3870 illud
2419 3817 2654 3887 quisque
2684 3815 2918 3880 habeat,
2946 3813 3093 3885 quod
3119 3813 3390 3884 cujusque
3421 3812 3684 3867 voluntas

2098 3917 2343 3978 exopuu.

413 4009 609 4079 ἠγορία
631 4009 687 4062 δέ
725 4027 808 4072 τις
848 4009 942 4062 καὶ
988 4007 1232 4078 ἰσονομία
1272 4006 1360 4060 διὰ
1398 3992 1588 4074 πάσης
1615 4004 1928 4077 ἐλευθερίας
1971 4001 2274 4074 εἰρηνικῆς,
2310 4001 2387 4063 τῷ
2434 4000 2541 4052 τῶν
2583 3997 2772 4068 ψυχῶν
2809 3998 2967 4068 δήμῳ
3004 3993 3477 4066 συμπολιτεύεταισ
3508 3995 3682 4046 ἐκεῖνο

415 4103 642 4157 ἑκάστου
669 4101 900 4171 ἔχοντος,
927 4103 1064 4172 ὅπερ
1102 4100 1361 4171 ἂνὲαυτῷ
1400 4100 1663 4171 ἐτοιμάσῃ
1698 4101 1762 4152 ἐκ
1798 4097 2191 4169 προαιρέσεως.

485 4201 548 4252 Εἰ
577 4199 632 4252 δέ
662 4217 711 4251 τι
739 4201 916 4269 χεῖρον
951 4199 1014 4252 ἔκ
1042 4215 1184 4260 τινος
1214 4197 1470 4260 ἀϐουλίας
1501 4197 1608 4249 τινὶ
1635 4210 1988 4267 παρασκευα-

418 4290 516 4360 σθῇ
542 4291 659 4342 ἀντὶ
678 4289 770 4342 τοῦ
792 4290 1116 4358 κρείττονος,
1144 4290 1382 4351 ἀναίτιος
1412 4287 1520 4340 τῶν
1550 4285 1805 4339 τοιούτων
1836 4287 1863 4338 ὁ
1896 4283 1991 4337 θά-

418 4398 596 4444 νατος,
630 4381 750 4434 κατ’
785 4379 1031 4444 ἐξουσίαν
1060 4380 1119 4432 τὸ
1157 4379 1347 4433 δοκοῦν
1376 4379 1627 4450 ἑλόμενος
1658 4378 1757 4447 τῆς
1797 4393 1989 4447 προαι-

419 4474 642 4544 ρέσεως.
686 4463 857 4542 ’Υπὲρ
889 4472 1030 4536 τίνος
1065 4469 1158 4524 οὖν
1184 4471 1626 4540 δυσχεραίνουσιν
1654 4469 1703 4521 οἱ
1737 4466 1992 4539 θρηνοῦν-

2160 4188 2315 4255 Quod
2353 4188 2397 4242 si
2429 4187 2554 4257 quis
2591 4186 2662 4241 ob
2715 4186 2956 4255 inopiam
3006 4182 3243 4246 consilii,
3286 4195 3350 4234 ac
3390 4179 3679 4235 stultitiam

2087 4297 2242 4336 suam
2278 4296 2378 4350 pro
2425 4281 2571 4334 bono
2613 4279 2815 4331 malum
2860 4277 3146 4347 amplexus
3187 4275 3282 4340 sit,
3318 4273 3524 4327 nullam
3557 4272 3681 4340 ejus

2088 4376 2169 4429 rei
2214 4389 2361 4428 mors
2407 4373 2624 4442 culpam
2669 4371 2965 4434 sustineat,
3016 4384 3138 4423 cum
3187 4367 3419 4421 liberum
3479 4364 3680 4433 cuique

2089 4465 2279 4530 fuerit,
2314 4465 2462 4534 quod
2504 4462 2669 4517 vellet
2696 4461 2918 4530 eligere.
2951 4459 3062 4512 Cur
3096 4458 3261 4528 igitur
3299 4462 3550 4518 maerent,
3586 4455 3678 4522 qui

415 4581 506 4626 τες
536 4562 628 4615 τὸν
655 4563 1041 4631 ἀποιχόμενονς
1068 4562 1174 4613 Καὶ
1207 4562 1312 4632 μὴν
1345 4564 1392 4615 εἰ
1425 4560 1768 4614 παντάπασιν
1795 4556 1989 4611 ἐκαθὰ-

2096 4558 2368 4610 obeuntes
2397 4551 2886 4608 lamentationibus
2918 4546 3368 4620 prosequuntur?
3389 4546 3549 4601 Certe
3573 4544 3680 4599 nisi

419 4672 573 4728 ρευεν
606 4654 785 4723 πάσης
818 4653 1094 4724 ἐμπαθοῦς
1123 4654 1410 4717 διαθέσεως
1432 4655 1459 4705 ὁ
1488 4649 1992 4720 συναπώυσάμενος

416 4748 513 4816 τὴν
558 4746 749 4816 ἡδονήν
785 4762 844 4797 τε
889 4745 982 4798 καί
1025 4746 1120 4814 τὴν
1166 4745 1342 4816 λύπην
1395 4743 1532 4813 μετά
1574 4742 1668 4816 τοῦ
1719 4740 1986 4811 σώματος’

415 4839 621 4898 ἐκεῖνος
655 4834 720 4887 ἂν
748 4835 1083 4904 δικαιότερον
1121 4836 1246 4898 τοὺς
1279 4834 1565 4904 περιόντας
1599 4831 1916 4902 ὲθρήνησεν,
1943 4829 1990 4881 οἳ

414 4925 608 4978 ταύτὸν
643 4924 911 4993 πάσχουσι
941 4926 1051 4985 τοῖς
1086 4924 1142 4974 ὲν
1173 4922 1530 4994 δεσμωτηρίῳ
1559 4922 1861 4989 διάγουσινο
1897 4918 1992 4981 οὓς

415 5022 445 5089 ἡ
482 5019 614 5088 πρὸς
639 5016 710 5069 τὰ
739 5015 1038 5086 σκυθρωπᾶ
1067 5016 1320 5086 συνήθεια
1341 5057 1353 5080 ,
1379 5018 1473 5068 καὶ
1500 5017 1534 5086 ἡ
1569 5014 1864 5086 συντροφία
1897 5011 1988 5065 τοῦ

415 5107 599 5173 ζόφου.
645 5105 915 5177 προσηνές
965 5121 1022 5157 τε
1059 5106 1152 5157 καὶ
1197 5105 1398 5158 ἄλυπον
1434 5106 1494 5158 τὸ
1527 5107 1700 5176 παρὸν
1751 5103 1992 5173 νομίζειν

415 5198 688 5266 ἐποίησεν.
709 5198 818 5249 Καὶ
838 5195 998 5266 τυχὸν
1019 5197 1260 5248 κάκεῖνοι
1281 5199 1391 5258 τοῖς
1415 5196 1511 5266 τῆς
1535 5177 1776 5264 φυλακῆς
1802 5193 1967 5247 ἐκϐαλ
1981 5224 1994 5232 -

415 5286 661 5356 λομένοις
707 5286 1227 5354 ὲπιστυγνάζουσιν,
1263 5287 1456 5356 ἀγνοίᾳ
1497 5286 1596 5356 τῆς
1641 5285 1994 5355 φαιδρότητος

415 5377 514 5445 τῆς
557 5377 916 5447 ἐκδεχομένης
956 5379 1080 5440 τοὺς
1125 5375 1537 5443 ἀπαλλαγέντας
1577 5374 1668 5427 τοῦ
1701 5374 1883 5443 ζόφου.
1929 5373 1992 5424 Εἰ

414 5469 519 5538 γὰρ
540 5469 734 5538 ᾔδεσαν
759 5467 827 5521 τὰ
850 5470 908 5520 ἐν
936 5469 1012 5538 τῷ
1034 5469 1284 5538 ὑπαίθρῳ
1314 5467 1582 5537 θεάματα,
1614 5467 1675 5520 τό
1699 5485 1756 5519 τε
1779 5466 1986 5533 αἴθριον

415 5560 627 5622 κάλλος,
656 5560 750 5612 καὶ
776 5559 836 5611 τὸ
855 5561 1104 5630 οὐράνιον
1135 5561 1291 5630 ὕψος,
1319 5560 1412 5613 καὶ
1436 5559 1533 5623 τὰς
1553 5559 1660 5612 τῶν
1689 5560 1988 5629 φωστήρων

414 5651 606 5718 αὐγὰς,
645 5652 741 5720 τήν
769 5668 827 5702 τε
861 5651 967 5704 τῶν
1017 5654 1259 5722 ἀστέρων
1297 5651 1550 5723 χορείαν,
1589 5652 1681 5703 καὶ
1709 5651 1986 5720 περιόδους

415 5738 664 5803 ἡλιακὰς,
695 5740 785 5793 καὶ
814 5740 902 5794 τὸν
935 5728 1212 5810 σεληναῖον
1245 5744 1462 5813 δρόμον,
1491 5743 1583 5796 καὶ
1614 5740 1710 5810 τὴν
1738 5741 1986 5809 πολυειδῆ

2100 4649 2168 4701 ab
2198 4645 2346 4700 onmi
2377 4644 2784 4715 perturbatione
2827 4641 2982 4696 liberi
3018 4647 3226 4700 essent,
3268 4637 3358 4707 qui
3390 4651 3496 4691 una
3551 4651 3678 4689 cum

2100 4755 2332 4809 corpore
2368 4739 2699 4808 voluptatem
2741 4743 2794 4789 et
2829 4733 3074 4788 dolorem
3142 4737 3432 4795 exuerunt,
3468 4726 3679 4796 aequius

2101 4830 2178 4884 illi
2209 4829 2536 4899 superstites
2568 4827 2982 4888 miserarentur,
3014 4837 3139 4877 cum
3172 4837 3281 4875 non
3314 4821 3472 4873 aliter
3498 4816 3675 4871 affecti

2100 4923 2227 4987 sint,
2262 4937 2426 4991 quam
2463 4921 2498 4974 ii
2543 4919 2636 4989 qui
2670 4920 2723 4972 in
2759 4933 2979 4972 carcere
3022 4914 3268 4969 conclusi
3301 4915 3512 4966 vivunt.
3559 4907 3677 4961 Mn-

2098 5021 2191 5066 tua
2220 5013 2366 5066 enim
2397 5027 2486 5065 res
2518 5024 2741 5077 asperas
2798 5003 3174 5078 perpetiendi,
3221 5003 3275 5056 in
3328 4999 3675 5067 tenebrisque

2089 5101 2308 5156 vivendi
2343 5099 2744 5154 consuetudine
2770 5095 3030 5158 devincti,
3067 5092 3409 5160 deceptique,
3443 5089 3672 5142 molesta

2089 5201 2144 5247 et
2179 5193 2480 5261 injucunda
2517 5205 2626 5246 non
2664 5199 2882 5260 putant,
2913 5202 3034 5257 quae
3063 5186 3370 5256 perferunt.
3407 5183 3594 5251 Itaque
3623 5182 3671 5236 si

2091 5286 2182 5356 qui
2251 5285 2547 5353 ejiciantur
2594 5300 2625 5339 e
2684 5297 2923 5344 carcere,
2973 5293 3160 5334 eorum
3219 5276 3394 5330 vicem
3438 5274 3673 5328 fortasse

2092 5377 2285 5444 reliqui
2315 5376 2523 5441 dolent,
2545 5372 2855 5446 ignorantia
2884 5369 3190 5440 splendoris
3223 5367 3370 5421 illius
3413 5365 3478 5418 ad
3509 5379 3672 5434 quem

2096 5469 2345 5532 veniunt,
2380 5467 2473 5536 qui
2515 5467 2584 5520 ab
2613 5480 2803 5520 eorum
2833 5462 3073 5517 tenebris
3105 5458 3416 5514 discedunt.
3457 5454 3672 5511 Etenim

2099 5555 2143 5610 si
2173 5571 2293 5625 qua:
2328 5555 2431 5609 sub
2457 5555 2547 5609 die
2578 5553 2892 5624 spectacula
2913 5558 3235 5613 cernuntur,
3261 5547 3669 5619 cognovissent.

2097 5647 2140 5702 si
2175 5647 2631 5715 pulcln'itudinem
2667 5645 2910 5707 mtberis,
2945 5645 2990 5698 si
3034 5643 3156 5696 coeli
3181 5640 3595 5698 sublimitatem,
3623 5635 3672 5690 si

2099 5738 2328 5794 nitorem
2373 5738 2636 5808 siderum,
2685 5738 2970 5796 stellarum
3021 5735 3274 5799 eboreus,
3320 5729 3452 5787 solis
3500 5725 3674 5782 ambi-
