4124 6352
379 199 497 258 507:

1635 216 1687 271 S.
1733 219 2061 275 GllECORll
2091 222 2133 276 Ν
2147 220 2405 282 YSSENI‘

3537 224 3638 285 508

381 328 528 410 tum,
556 319 807 390 lunaeque
833 339 1090 393 cursum;
1117 328 1161 384 si
1194 345 1405 393 eorum.
1441 348 1560 402 qua:
1587 344 1727 389 terra
1758 339 1951 409 gignit,

2083 342 2155 412 ’ἧς
2195 346 2298 414 γῆς
2334 345 2392 397 ὲν
2422 345 2533 408 τοῖς
2567 343 2938 416 βλαστήμασιν
2975 342 3144 415 ὥραν,
3184 341 3278 394 καὶ
3308 341 3406 410 τὴν
3456 340 3640 411 ἡδεῖαν

383 417 496 465 tam
522 401 680 468 'varia
710 416 1046 488 pulchraque
1083 436 1278 490 genera
1300 463 1315 488 ,
1362 426 1408 479 si
1447 426 1752 494 jucundum
1787 434 1956 490 maris

387 514 690 574 aspectum,
722 523 845 563 cum
895 512 1060 568 nullis
1096 523 1382 571 ventorum
1417 519 1635 577 ﬂatibus
1680 525 1953 591 turbatur,

386 596 486 651 sed
512 598 709 655 leniter
740 601 1035 671 crispatur,
1064 614 1118 659 et
1147 614 1403 677 tanquam
1431 612 1656 680 pulchre
1680 614 1981 686 depictum.

386 689 671 759 Splendet:
697 693 742 746 si
777 694 1000 762 pulchra
1029 704 1139 749 tum
1169 699 1379 767 privata
1409 709 1524 756 tum
1553 704 1769 773 publica
1793 706 1959 761 aedili-

391 781 503 844 cia,
536 783 737 851 quibus
786 786 1088 856 magniﬁca:
1137 805 1201 845 ac
1245 794 1544 862 splendidae
1578 797 1830 855 civitates
1864 815 1961 854 ex-

392 881 699 929 ornantur:
737 874 873 943 hage,
910 879 1154 948 inquam,
1197 891 1251 937 et
1294 885 1378 940 bis
1422 886 1622 942 similia
1665 890 1709 944 si
1758 904 1985 961 cogno-

388 965 621 1030 visseut,
664 967 759 1036 qui
795 967 851 1023 in
890 985 1108 1027 carcere
1137 974 1509 1043 continentur,
1559 994 1667 1034 non
1715 981 1964 1039 dolerent

389 1054 567 1111 vicem
597 1072 811 1124 eorum,
845 1062 939 1132 qui
967 1063 1180 1132 priores
1203 1084 1234 1122 e
1257 1068 1509 1123 custodia
1546 1070 1760 1127 dimissi
1812 1082 1961 1141 sunt,

390 1153 654 1218 tanquam
677 1163 706 1203 a
724 1150 871 1206 bono
890 1153 1074 1224 aliquo
1091 1155 1483 1215 discessissent
1504 1179 1518 1215 :
1546 1170 1737 1217 contra
1757 1165 1961 1234 potius,

392 1238 485 1306 qui
519 1240 725 1309 egressi
759 1251 965 1307 essent,
999 1243 1256 1301 miseram
1287 1248 1589 1305 infelicium
1623 1252 1963 1310 inclusorum

392 1327 558 1382 vitam
607 1331 1156 1390 commiserarentur.
1201 1335 1402 1393 Eodem
1466 1342 1628 1397 modo
1673 1344 1766 1413 qui
1804 1345 1966 1403 istius

394 1421 519 1474 vitae
546 1435 767 1479 carcere
792 1423 1007 1480 liberati
1040 1436 1191 1494 sunt,
1222 1430 1266 1485 si
1294 1432 1406 1486 lieri
1434 1441 1706 1503 putest,ut
1731 1437 1967 1494 dolendo

395 1510 864 1585 lacrymandoque
894 1532 1050 1573 suam
1078 1534 1205 1591 erga
1250 1522 1605 1580 calamitosos
1652 1527 1970 1583 misericor-

395 1599 541 1654 diam
568 1603 879 1671 ostendaut,
916 1608 1174 1664 videnlur
1212 1611 1344 1666 mibi
1384 1615 1878 1675 lamentationibus
1913 1627 1969 1676 et

396 1690 654 1761 lacrymis
697 1695 1076 1752 commiserari
1109 1700 1479 1757 conditionem
1513 1703 1753 1773 illorum,
1787 1708 1881 1777 qui
1913 1708 1971 1762 in

397 1781 560 1838 istius
597 1783 724 1840 vitae
750 1786 1019 1843 molestiis
1051 1803 1115 1845 ac
1147 1791 1435 1848 doloribus
1466 1794 1800 1862 detinentur,
1828 1798 1973 1868 quod

397 1888 489 1929 res
528 1874 651 1931 illas
675 1876 1095 1946 pulcherrimas,
1125 1891 1181 1936 et
1214 1897 1244 1937 a
1275 1885 1505 1939 materia
1538 1889 1937 1947 remotissimas
1956 1930 1971 1956 ,

396 1980 520 2035 quae
550 1981 718 2036 supra
750 1969 1012 2025 mundum
1051 1972 1199 2029 hunc
1237 1985 1390 2040 sunt,
1450 1992 1579 2031 non.
1606 1981 1971 2050 conspiciant,

398 2071 596 2127 nempe
635 2058 884 2123 thronos,
931 2063 1297 2133 principatus,
1342 2068 1764 2136 dominationes,
1810 2088 1977 2143 ange-

400 2152 577 2207 lorum
604 2155 903 2218 exercitus,
932 2156 1261 2228 piorumque
1300 2168 1500 2225 cmtus,
1554 2177 1619 2217 ac
1661 2179 1975 2234 supremam

405 2242 553 2297 illam
600 2244 919 2311 civitatem,
983 2248 1511 2322 celeberrimumque
1558 2269 1724 2324 supra
1779 2257 1977 2310 coelum

403 2345 734 2392 conventum
769 2338 1012 2402 illorum,
1043 2340 1137 2410 qui
1171 2340 1225 2395 in
1256 2356 1320 2397 ea
1356 2342 1618 2414 descripti
1656 2354 1807 2400 sunt.
1841 2344 1977 2399 Nam

400 2427 528 2494 illa,
549 2443 671 2498 qua:
702 2427 790 2485 bis
818 2430 1076 2486 omnibus
1112 2440 1352 2501 praastat,
1392 2433 1768 2502 pulchritudo,
1813 2452 1976 2505 quam

401 2518 596 2586 abiis,
636 2521 731 2591 qui
770 2522 976 2576 mundo
1014 2531 1144 2577 sunt
1189 2523 1357 2578 corde
1393 2524 1432 2589 ',
1474 2525 1710 2594 perspici
1745 2529 1982 2582 asseruit

401 2610 499 2680 qui
521 2625 633 2666 non
666 2612 951 2679 mentitur,
1000 2612 1176 2683 major
1213 2624 1320 2682 est,
1368 2631 1533 2685 quam
1569 2618 1676 2671 ulla
1720 2633 1817 2688 spe
1848 2634 1981 2674 con-

400 2700 684 2770 jecturave
713 2702 930 2773 concipi
975 2704 1170 2759 valeat.
1214 2704 1400 2775 Neque
1445 2723 1574 2763 vero
1608 2707 1663 2762 id
1709 2709 1887 2764 solum
1926 2710 1981 2763 in

404 2788 568 2844 nobis
595 2789 824 2860 gemitu,
862 2789 1164 2862 doloreque
1196 2792 1419 2865 dignum
1464 2802 1677 2864 putant,
1726 2796 1823 2866 qui
1857 2798 1985 2852 hinc

404 2878 781 2950 decesserunt,
803 2882 899 2938 sed
917 2884 1091 2938 multo
1117 2885 1312 2956 magis,
1337 2887 1483 2955 quod
1508 2902 1629 2940 eum
1658 2894 1769 2941 tam
1796 2889 1987 2944 multis

2056 436 2156 505 τῆς
2187 433 2462 503 Θαλάσσης
2487 433 2629 504 ὄψιν,
2650 435 2708 487 ὲν
2734 434 2982 488 λειοειδεῖ
3007 435 3075 503 τῇ
3100 430 3243 502 αὐγῇ
3271 429 3347 483 δι’Δ
3363 429 3661 500 ἠρεμαίόυλ

2057 523 2150 576 τοῦ
2208 523 2515 593 πνεύματος
2560 522 2856 595 γλαφυρῶς
2906 520 3373 593 ὲπιφρίσσουσαν,
3425 517 3535 570 τῶν
3580 533 3666 569 τε·

2059 614 2199 669 κατά
2224 614 2322 677 τὰς
2348 614 2528 678 πόλεις
2558 612 3004 685 οἰκοδομημάτων
3033 610 3103 665 τά
3130 609 3322 680 κάλλη,
3349 609 3417 662 τά
3448 625 3503 661 τε
3533 608 3642 661 ῐδια

2060 707 2156 761 καὶ
2186 705 2255 759 τὰ
2275 705 2528 777 δημόσια,
2556 706 2623 759 δι’
2652 699 2728 760 ὧν
2752 707 2808 759 αἱ
2835 703 3086 776 λαμπραί
3115 719 3175 756 τε
3198 702 3308 756 καὶ·
3325 700 3642 763 πολυτελεῖς

2061 799 2168 852 τῶν
2199 798 2407 853 πόλεων
2444 798 2910 862 καλλωπίζονται·
2945 797 2994 849 εἰ
3022 793 3198 850 ταῦτα
3226 793 3405 847 τοίνυν
3443 793 3638 864 ᾕδεσα.

2063 893 2158 945 καὶ
2194 891 2263 944 τὰ
2292 891 2513 945 τοιαῦτα
2551 890 2601 944 οἱ
2635 887 2978 960 ὲνταχθέντες
3011 885 3089 958 τῷ
3116 884 3511 956 δεσμωτηρίῳ,
3543 884 3662 938 οὐκ-

2065 983 2131 1037 ἂν
2170 983 2295 1046 τοὺς
2334 984 2394 1035 ἐκ
2434 982 2534 1053 τῆς
2570 980 2821 1051 φυλακῆς
2864 977 3276 1051 προαγομένους
3318 975 3394 1040 ὡς
3437 975 3644 1044 ἀγαθοῦ

2064 1092 2207 1139 τινος
2248 1073 2649 1146 χωριζομένους
2687 1070 3138 1142 ἀπωλοφύροντο·
3188 1067 3323 1139 ὅπερ
3370 1063 3469 1121 οὖν
3500 1064 3646 1128 είκδς

2064 1165 2190 1227 τοὺς
2215 1162 2320 1228 ἔξω
2349 1163 2444 1216 τοῦ
2485 1161 2858 1233 δεσμωτηρίου
2889 1159 3018 1230 περὶ
3056 1157 3164 1213 τῶν
3194 1158 3274 1210 ἔτι
3316 1155 3649 1226 καθειργμέ-

2067 1272 2172 1309 νων
2195 1254 2538 1316 διανοεῖσθαι,
2573 1253 2648 1316 ὡς
2677 1252 2883 1323 ὲλεεινῇ
2918 1247 3548 1322 προσταλαιπωρούντων
3577 1247 3645 1316 τῇ

2069 1342 2202 1414 ζωῇ.
2252 1342 2409 1397 Οὕτω
2444 1360 2533 1414 μοι
2567 1342 2784 1396 δοκοῦσι
2823 1342 2919 1394 καὶ
2967 1342 3017 1394 οί
3046 1340 3148 1411 τῆς
3178 1339 3269 1393 τοῦ
3304 1338 3418 1409 βίου
3455 1337 3647 1390 τούτου

2069 1433 2317 1504 φυλακῆς
2343 1432 2448 1497 ἔξω
2478 1431 2754 1502 γινόμενοι
2775 1471 2790 1496 ,
2819 1430 2979 1503 εἴπερ
3007 1429 3144 1494 ὅλως
3184 1428 3409 1483 δυνατὸν
3440 1423 3511 1499 ἦν
3552 1427 3652 1480 αύ-

2068 1527 2182 1588 τοῖς
2218 1524 2305 1578 διὰ
2340 1523 2587 1593 δακρύων
2620 1521 2957 1587 ἐνδείξασθαι
2995 1522 3091 1592 τὴν
3140 1519 3277 1592 πρὸς
3313 1519 3441 1582 τοὺς
3482 1536 3650 1573 κακο-

2073 1613 2378 1679 παθοῦντας
2412 1612 2757 1685 συμπάθειαν
2776 1652 2790 1677 ,
2823 1611 3041 1683 θρηνεῖν
3068 1610 3164 1664 καὶ
3189 1608 3564 1681 δακρύειν-τὸν
3592 1609 3650 1661 ὲν

2073 1711 2192 1772 ταῖς
2217 1707 2554 1771 ὀδύναις-τοῦ
2585 1707 2701 1778 βίου
2729 1707 2920 1761 τούτου
2951 1705 3442 1778 παρατεινόμενον,
3461 1705 3543 1756 ὅτι
3576 1703 3676 1773 μὴ»

2074 1799 2242 1872 ὁρῶσι
2273 1799 2342 1853 τά
2364 1799 2712 1870 ὑπερκόσμιά
2732 1817 2791 1853 τε
2819 1799 2913 1853 καὶ
2939 1799 3078 1853 άῢλα
3109 1796 3303 1865 κάλλη,
3332 1796 3555 1866 θρόνους
3592 1811 3677 1846 τε-

2076 1892 2172 1945 καὶ
2207 1891 2401 1962 ἀρχὰς,
2446 1890 2715 1956 ἐξουσίας,
2758 1890 2853 1944 καὶ
2887 1889 3233 1960 κυριότητας.
3270 1887 3362 1940 καὶ
3398 1884 3655 1955 στρατιὰς

2076 1979 2371 2046 ἀγγελικάς
2392 1979 2488 2032 καὶ
2510 1978 2826 2050 ἐκκλησίας,
2856 1979 2953 2033 καὶ
2976 1978 3075 2048 τὴν
3105 1978 3216 2032 άνω
3243 1976 3418 2040 πόλιν,
3443 1975 3538 2028 καὶ
3556 1973 3656 2044 τὴν

2079 2068 2471 2140 ὑπερουράνιον
2498 2069 2608 2123 τῶν
2641 2068 3155 2141 ἀπογεγραμμένων
3198 2068 3529 2138 πανήγυριν.
3584 2064 3669 2118 Τὸν

2076 2160 2186 2231 γὰρ
2219 2161 2610 2232 ὑπερκείμενον
2655 2161 2859 2215 τούτων
2912 2160 3126 2225 κάλλος,
3162 2160 3191 2213 ὃ
3223 2160 3349 2222 τοὺς
3388 2158 3659 2229 καθαροὺς

2077 2255 2143 2322 τῇ
2170 2254 2365 2323 καρδίᾳ
2392 2252 2609 2323 βλέπειν
2633 2256 2662 2307 6
2681 2252 2917 2324 ἀψευδὴς
2939 2253 3256 2322 ἀπεφήνατο
3280 2252 3455 2320 λόγος,
3479 2251 3654 2319 κρεῖτ-

2078 2345 2168 2399 τὸν
2206 2362 2264 2398 τε
2313 2346 2491 2416 πάσης
2534 2345 2746 2409 ἐλπίδος
2781 2345 2919 2410 ἐστὶ,
2960 2345 3055 2397 καὶ
3088 2344 3188 2413 τῆς
3233 2345 3298 2396 ὲκ
3340 2340 3662 2412 στοχασμῶν

2080 2436 2329 2498 εἰκασίας
2355 2436 2644 2505 ἀνώτερον.
2683 2436 2756 2489 Οὐ
2783 2435 2941 2488 τοῦτο
2972 2434 3032 2488 δὲ
3068 2434 3228 2505 μόνον
3261 2431 3581 2503 στεναγμῶν
3602 2447 3662 2484 τε

2081 2528 2176 2581 καὶ
2217 2527 2396 2596 λύπης
2433 2525 2582 2591 ἄξιον
2626 2527 2712 2595 ἐφ’
2750 2527 2884 2596 ἡμῖν
2921 2527 3034 2587 τοῖς
3067 2525 3398 2595 μεταστᾶσιν
3441 2522 3509 2575 ἂν
3543 2524 3664 2575 ένο-

2086 2619 2275 2689 μίσθη,
2304 2618 2418 2672 ἀλλ’
2442 2618 2525 2672 ὃτι
2562 2616 2832 2671 τοσούτων
2867 2613 3132 2683 ἀλγεινῶν
3156 2613 3557 2685 περικειμένων
3586 2611 3665 2681 τῷ

2085 2709 2205 2779 βίῳ,
2236 2706 2472 2777 τοσαύτη
2493 2724 2577 2769 τις
2598 2704 2887 2775 ἐντέτηκεν
2912 2702 3095 2765 αὐτοῖς
3114 2704 3147 2772 ἠ
3173 2703 3302 2773 περὶ
3324 2701 3394 2756 τά
3416 2700 3690 2773 μοχθηρά-

2087 2798 2444 2861 συνδιάθεσις,
2473 2798 2555 2851 ὅτι
2593 2797 2691 2867 οὐχ
2726 2796 2803 2859 ὡς
2837 2793 3143 2862 ἀναγκαίαν
3172 2792 3293 2847 τινὰ
3323 2790 3685 2863 λειτουργίαν.

2084 2889 2180 2960 τὴν
2221 2886 2526 2960 προσϐολὴν
2555 2886 2733 2940 αὐτῶν
2760 2883 3036 2955 φέρουσιν,
3077 2881 3189 2935 ἀλλ’
3215 2881 3362 2943 ὅπως
3399 2878 3463 2932 ἂν
3491 2879 3570 2940 είς
3605 2877 3684 2929 τὸ.

412 2973 676 3030 arumnis
730 2974 1077 3046 miseriisque
1116 2975 1318 3031 referta
1359 2977 1433 3032 sit
1481 2979 1795 3033 mortalium
1847 2981 1980 3047 vita,

2086 2980 2333 3051 διηνεκὲς
2360 2977 2667 3051 παραμένοι
2691 2974 2883 3039 ταῦτα,
2912 2974 3012 3046 τὴν
3052 2972 3285 3043 σπουδὴν
3319 2967 3670 3042 περιποιοῦν-

409 3076 593 3123 tamen
624 3082 719 3124 eas
749 3068 1059 3139 perferendi
1081 3071 1481 3128 consuetudine
1511 3072 1593 3128 sic
1615 3072 1795 3128 allecti
1830 3081 1981 3138 sunt,

407 3164 468 3211 ut
499 3156 714 3212 vivendi
768 3173 977 3213 moram
1037 3158 1288 3230 non-jam
1357 3159 1460 3214 sibi
1507 3166 1569 3213 ut
1616 3158 1983 3214 necessariam

408 3248 749 3305 tolerandam
783 3234 1138 3317 existiment,
1189 3251 1285 3306 sed
1337 3251 1484 3304 omni
1532 3250 1718 3306 studio
1761 3258 1987 3305 conten-

409 3338 568 3404 dunt,
603 3348 657 3396 et
688 3350 970 3412 exoptant,
1006 3353 1065 3398 ut
1090 3352 1350 3412 perpetua
1395 3343 1489 3399 sit.
1530 3342 1667 3397 Nam
1713 3345 1986 3414 cupiditas

409 3430 774 3504 principatus,
806 3441 861 3487 et
891 3448 1079 3503 opum,
1136 3442 1191 3488 et
1248 3434 1617 3504 voluptatum,
1651 3444 1706 3490 et
1749 3436 1794 3490 si
1855 3435 1986 3505 quid

410 3521 560 3577 aliud
591 3532 855 3593 pra-terea
903 3532 1024 3589 est,
1070 3525 1430 3595 quamobrem
1478 3541 1628 3579 arma
1673 3526 1985 3597 capiantur,

412 3618 677 3681 gerantur
709 3612 870 3679 bella,
902 3612 1080 3670 caedes
1118 3615 1266 3679 tiaut,
1297 3630 1598 3685 omnesque
1629 3616 1864 3672 miseriae
1894 3633 1990 3671 vo-

413 3708 665 3764 luntariae
700 3709 1044 3780 contingant,
1085 3718 1140 3766 et
1177 3709 1395 3766 frandes
1435 3710 1817 3778 admittantur,
1858 3712 1989 3783 quid

414 3799 562 3854 aliud
610 3809 762 3865 sunt,
824 3801 930 3857 nisi
984 3803 1241 3857 cumulus
1294 3800 1517 3872 quidam
1589 3803 1987 3869 calamitatum,

415 3905 578 3963 quem
620 3891 746 3947 vita
775 3906 874 3962 per
923 3908 982 3948 se
1034 3894 1250 3948 miserae
1299 3894 1599 3957 voluntate,
1657 3894 1868 3959 studio,
1928 3908 1992 3948 ac

416 3985 647 4041 libidine
675 3999 776 4040 sua
807 3984 1061 4041 infelices
1093 3985 1432 4056 adjungunt?
1460 3985 1724 4040 Caeterum
1760 4001 1861 4039 nec
1909 3985 2015 4039 ιιι--Δ

417 4075 701 4146 crymandi
731 4075 835 4140 vis,
873 4091 973 4130 nec
1002 4076 1108 4129 ulla
1134 4075 1405 4146 ejusmodi
1437 4074 1653 4129 atl‘ectio
1704 4076 1861 4130 adest
1922 4075 1991 4130 iis

417 4168 513 4239 qui
542 4184 612 4225 ex
642 4168 748 4224 bac
780 4169 893 4224 vita
920 4170 1229 4239 migrarunt
1256 4187 1269 4223 :
1300 4178 1353 4224 et
1382 4169 1473 4239 qui
1502 4184 1531 4221 a
1568 4184 1733 4224 carne
1772 4179 1827 4224 et
1866 4185 1994 4224 san~

418 4259 584 4328 guine
618 4260 854 4331 sejuncti
895 4268 1047 4326 sunt,
1081 4277 1190 4315 non
1229 4262 1390 4325 mole,
1437 4262 1533 4316 sed
1585 4270 1766 4317 mente
1805 4263 1993 4317 consi-

420 4360 595 4407 stunt.
627 4351 816 4423 Itaque
843 4368 951 4407 non
992 4368 1055 4407 ea
1082 4353 1195 4421 jam
1226 4360 1310 4407 est
1375 4353 1622 4422 ipsorum
1677 4363 1896 4416 natura,
1938 4361 1998 4407 ut

422 4454 524 4495 nos
555 4441 734 4497 oculis
773 4456 1036 4503 eernere,
1083 4448 1179 4495 aut
1228 4457 1326 4511 per
1368 4458 1427 4497 se
1472 4457 1693 4497 monere
1741 4444 1998 4499 mortales

348 4574 353 4583 .
421 4538 651 4601 queant,
682 4545 792 4600 quo
823 4544 852 4584 a
881 4529 1039 4593 falsa,
1074 4546 1241 4600 quam
1289 4531 1356 4585 de
1392 4531 1555 4588 rebus
1596 4532 1818 4599 habent,
1881 4534 2002 4605 opi-

424 4622 591 4676 nione
611 4621 904 4676 desistant.
934 4620 1304 4688 Quamobrem
1338 4637 1527 4677 eorum
1574 4640 1802 4679 munere
1844 4641 2000 4680 mens

425 4723 616 4791 nostra
647 4712 928 4784 fungatur,
954 4729 1165 4784 nosque
1194 4725 1560 4771 commoneat.
1592 4716 1673 4771 Ab
1705 4716 1840 4784 ipsis
1874 4731 1999 4770 cor-

426 4807 676 4879 poribus,
703 4806 887 4877 quoad
919 4805 1032 4861 lieri
1064 4814 1262 4877 potest,
1302 4808 1637 4877 cogitatione
1678 4819 1842 4879 atque
1878 4809 1999 4862 ani-

427 4914 517 4954 mo
554 4897 900 4963 recedamus,
930 4906 1303 4968 exueutesque
1324 4913 1426 4953 nos
1457 4914 1522 4953 ea
1555 4898 1861 4965 aﬂ‘ectione,
1894 4916 2002 4970 qua

427 5005 649 5047 carnem
674 4989 1112 5061 complectimur,
1164 4990 1241 5045 ita
1276 5005 1379 5044 nos
1420 4990 1524 5060 ipsi
1570 4991 2000 5060 compellemus:

428 5082 475 5137 0
504 5084 690 5149 homo,
725 5084 821 5154 qui
858 5095 1069 5138 naturae
1105 5082 1380 5153 particeps
1419 5099 1501 5151 es,
1534 5083 2000 5153 quemadmodum

430 5176 612 5235 Moses
636 5178 919 5249 praecepit,
952 5178 1173 5233 attende
1198 5178 1318 5244 tibi,
1350 5192 1517 5233 nosce
1541 5184 1596 5232 te
1638 5176 1841 5247 ipsum,
1878 5177 2002 5230 ani-

432 5284 633 5339 moque
654 5269 945 5341 diligenter
990 5270 1302 5336 considera,
1334 5271 1558 5340 quinam
1593 5285 1721 5325 vere
1785 5270 1863 5326 sis
1922 5279 2002 5334 tu,

433 5365 488 5414 et
531 5373 652 5427 qua:
688 5359 834 5414 circa
860 5366 915 5415 te
948 5359 1268 5426 videantur,
1299 5375 1369 5415 ne
1402 5358 1623 5430 quando
1645 5398 1660 5422 ,
1701 5374 1823 5429 quae
1850 5368 2006 5412 extra

436 5454 494 5505 tr.
510 5452 661 5508 sunt,
703 5445 994 5515 aspiciens,
1023 5457 1183 5519 putes
1222 5455 1274 5505 te
1313 5447 1490 5520 ipsum
1529 5450 1746 5504 intueri.
1787 5447 1945 5503 Disce
1978 5462 2006 5501 a

516 5623 532 5654 ¹
560 5622 751 5677 Matth.
790 5639 844 5687 v,
877 5624 931 5679 8.

2086 3091 2196 3127 ται.
2232 3074 2297 3126 Ἡ
2324 3071 2434 3143 γὰρ
2466 3070 2593 3143 περὶ
2623 3068 2724 3132 τὰς
2761 3066 3078 3128 δυναστείας
3108 3081 3169 3118 τε
3206 3062 3302 3117 καὶ
3335 3059 3665 3125 πλεονεξίας,

2086 3167 2181 3221 καὶ
2218 3167 2316 3229 τὰς
2347 3159 2755 3223 ἀπολαυστικάς
2781 3158 2986 3222 ταύτας
3010 3153 3344 3227 λαιμαργίας
3369 3150 3629 3221 ἐπιθυμία
3651 3189 3667 3212 ,

2088 3258 2183 3312 καὶ
2221 3257 2274 3309 εί
2297 3274 2351 3310 τι
2388 3255 2515 3310 ἄλλο
2560 3249 2801 3306 τοιοῦτον
2836 3248 3232 3313 σπουδάζεται,
3263 3239 3339 3300 ὧν
3372 3243 3531 3315 χάριν
3575 3240 3672 3295 καὶ

2087 3349 2257 3413 ὅπλα,
2298 3347 2394 3400 καὶ
2439 3345 2697 3410 πόλεμοι,
2734 3343 2832 3397 καὶ⁹
2874 3339 3274 3410 ἀλληλοφονίαι,
3314 3334 3411 3389 καὶ
3448 3334 3598 3386 πᾶσα
3634 3334 3671 3402 ἡ

2090 3439 2352 3502 ἑκουσίως
2380 3434 2750 3507 ἐνεργουμένη
2778 3431 3120 3503 ταλαιπωρία
3153 3431 3247 3483 καὶ
3277 3425 3548 3494 δολιότης,
3584 3424 3695 3477 ού-.

2089 3532 2175 3585 δὲν
2208 3528 2357 3591 ἄλλο,
2390 3528 2423 3597 ἢ
2466 3525 2669 3596 σωρεία
2700 3523 2785 3586 τίς
2814 3523 2929 3575 ἐστι
2961 3518 3279 3592 συμφορῶν,
3321 3518 3387 3570 ἐκ
3419 3515 3676 3587 προαιρέο

2092 3639 2228 3685 σεως
2252 3620 2389 3690 μετά
2409 3618 2644 3688 σπουδῆς
2666 3634 2727 3669 τε
2741 3615 2833 3670 καὶ
2851 3613 3156 3686 προθυμίας
3176 3607 3578 3678 ὲπεισαγομένη
3596 3604 3677 3675 τῷ

2093 3714 2215 3786 βίῳ.
2254 3712 2414 3765 Ἀλλὰ
2439 3709 2689 3782 δακρύων
2722 3708 2820 3777 μὲν
2850 3709 2907 3760 ὲν
2931 3707 3043 3768 τοῖς
3068 3700 3475 3772 κατοιχομένοις
3505 3696 3677 3763 πάθος

2091 3808 2191 3860 οὐκ
2214 3805 2378 3871 ἔστιν,
2409 3804 2492 3857 ὅτι
2516 3802 2636 3874 μηδ’
2667 3800 2794 3855 ἄλλο
2813 3816 2867 3853 τι
2895 3797 3084 3860 πάθος,
3107 3794 3232 3857 νοῦς
3251 3794 3309 3847 δὲ
3329 3792 3423 3845 καὶ
3458 3789 3676 3860 πνεῦμα

2091 3897 2469 3968 τυγχάνοντες,
2496 3889 2583 3947 οἷα
2620 3892 2821 3963 σαρκὸς
2855 3885 3266 3960 ἀπηλλαγμένοι
3294 3884 3386 3937 καὶ
3418 3882 3695 3952 αϊματος,.

2091 3990 2204 4051 τοῖς
2242 3990 2309 4057 τῇ
2341 3984 2611 4055 παχύτητι
2638 3981 2732 4036 τοῦ
2762 3979 3011 4051 σώματος
3049 3973 3483 4045 ἐγκεχωσμένοις
3510 3969 3678 4040 68°97]-

2094 4100 2181 4135 ναι
2222 4080 2381 4148 φύσιν
2410 4078 2510 4130 οὐκ
2542 4076 2788 4146 ἔχουσιν,
2835 4072 2957 4125 οὐδὲ
2990 4069 3313 4138 νουθετῆσαι
3357 4065 3424 4119 δι’
3465 4062 3678 4118 ἑαυτῶν

2095 4172 2219 4234 τοὺς
2253 4166 2572 4241 ἀνθρώπους
2619 4161 3065 4235 ἀποστῆναι-τῆς
3096 4155 3518 4227 πεπλανημένης
3548 4151 3679 4223 περὶ

2097 4262 2206 4316 τῶν
2235 4261 2403 4313 ὄντων
2432 4257 2685 4328 κρίσεως.
2718 4253 2928 4309 Οὐκοῦν
2966 4254 2995 4305 6
3035 4249 3160 4313 νοῦς
3190 4250 3320 4320 ἡμῖν
3358 4248 3386 4299 6
3417 4244 3681 4317 ἡμέτερος

2028 4334 2072 4387 Ῑ)
2104 4355 2215 4408 ἀντ’
2249 4351 2469 4406 ἐκείνων
2492 4347 2843 4418 διαλεχθήτω,
2878 4346 2971 4398 καὶ
3001 4343 3244 4412 εἴπωμεν
3268 4340 3344 4403 ὼς
3376 4339 3490 4391 ἐστι
3520 4337 3680 4390 δυνα-

2100 4444 2190 4495 τὸν
2225 4441 2329 4507 ἔξω
2359 4440 2467 4493 τῶν
2498 4436 2766 4507 σωμάτων
2794 4435 2859 4504 τῇ
2893 4432 3101 4502 διανοίᾳ
3123 4430 3423 4499 γενόμενοι,
3461 4425 3555 4478 καὶ
3582 4426 3681 4494 τῆς

2103 4532 2240 4603 πρὸς
2272 4531 2368 4601 τὴν
2413 4528 2545 4599 ὓλην
2576 4523 2949 4597 προσπαθείας
2991 4520 3087 4592 τὴν
3116 4519 3294 4591 ψυχὴν
3323 4517 3682 4586 ἀποστήσαν-

2101 4642 2226 4688 τες,
2260 4624 2342 4677 ὅτι
2374 4618 2444 4674 Ὦ
2470 4618 2752 4690 ἄνθρωπε,
2798 4615 2909 4677 πᾶς
2950 4613 2980 4665 ὁ
3022 4612 3265 4683 μετέχων
3299 4608 3399 4678 τῆς
3446 4606 3680 4676 φύσεως,

2105 4714 2337 4785 πρόσεχε
2368 4709 2600 4780 σεαυτῷ,
2632 4707 2773 4761 κατὰ
2796 4705 2857 4757 τὸ
2884 4702 3155 4765 Μωῦσέως
3181 4696 3564 4771 παράγγελμα,
3590 4693 3684 4748 acati.

2105 4807 2273 4877 γνῶθι
2309 4803 2535 4858 σεαυτὸν
2576 4798 2842 4871 ἀκριϐῶς,
2873 4796 2956 4859 τίς
2985 4790 3057 4857 εἶ,
3087 4789 3393 4854 διαστείλας
3423 4788 3502 4859 τῷ
3536 4787 3683 4855 λογι-
3708 4787 3715 4841 Ξ

2109 4898 2250 4971 σμῷ,
2276 4898 2330 4951 τί
2362 4896 2458 4966 μὲν
2486 4890 2700 4964 ἀληθῶς
2723 4884 2774 4942 εἴ
2812 4888 2877 4942 σὺ
2897 4927 2913 4953 ,
2943 4887 2996 4940 τί
3024 4886 3080 4939 δὲ
3110 4885 3239 4955 περὶ
3274 4882 3333 4935 σε
3363 4881 3681 4971 καθορᾶται·

2110 4970 2320 5064 μήποτε
2362 4988 2429 5041 τά
2463 4985 2567 5050 ἔξω
2613 4982 2706 5036 σοῦ
2749 4981 2980 5053 βλέπων,
3014 4976 3235 5031 σεαυτὸν
3264 4974 3502 5044 καθορᾷν
3539 4970 3685 5042 νομί-

2109 5100 2239 5157 σῃς·
2292 5079 2427 5152 μάθε
2467 5076 2617 5146 παρά
2648 5072 2743 5127 τοῦ
2782 5070 3016 5143 μεγάλου
3052 5068 3265 5122 Παύλου
3304 5064 3398 5119 τοῦ
3427 5064 3495 5157 δι’,
3522 5064 3685 5157 ἀκρι-

2108 5154 2260 5240 ϐείας
2307 5169 2716 5241 ἐπεσκεμμένου
2760 5165 2858 5238 τὴν
2903 5163 3083 5233 φύσιν,
3119 5164 3178 5224 ὃς
3234 5176 3404 5229 φησι,
3453 5156 3545 5210 τὸν
3585 5154 3684 5225 μὲν

2108 5265 2305 5333 ἔξωθεν
2325 5261 2481 5335 ἡμῶν
2501 5256 2639 5313 εἶναι
2662 5255 2967 5326 ἄνθρωπον,
2986 5252 3075 5305 τὸν
3103 5251 3161 5304 δὲ
3184 5249 3407 5311 ἔσωθεν,
3427 5244 3682 5335 κάκείνου

2111 5333 2463 5426 φθειρομένου
2511 5350 2698 5403 τοῦτον
2744 5340 3204 5407 ἀνακαινίςεσθαι.
3255 5338 3347 5409 Μὴ
3382 5336 3560 5391 τοίνυν
3593 5333 3685 5387 τὸν

2113 5444 2468 5516 φθειρόμενον
2500 5440 2730 5512 βλέπων,
2758 5434 2979 5490 σεαυτὸν
3004 5430 3194 5503 οἰηθῇς
3219 5428 3456 5500 βλέπειν.
3493 5426 3687 5480 Ἔσται
