4124 6352
474 299 582 357 509

1873 296 1961 352 BE
2024 293 2355 352 MORTUIS.

3654 289 3760 348 510

477 419 576 488 μὲν
602 414 710 485 γάρ
743 429 870 466 ποτε
903 411 1122 466 κάκεῖνο
1153 411 1358 484 φθορᾶς
1391 412 1712 484 ἐλεύθερον,
1737 411 1863 467 ὅταν
1909 415 1967 466 ἐν
1996 415 2064 484 τῇ

2170 426 2368 482 magno
2425 408 2614 474 Paulo,
2635 408 2728 478 qui
2769 414 3021 462 naturam
3059 406 3297 462 hominis
3331 405 3491 476 plane
3537 420 3761 477 perspe-

476 502 864 574 παὶῖιγγενεσίᾳ
891 503 952 555 τὸ
977 503 1166 572 θνητόν
1184 521 1242 556 τε
1266 505 1360 558 καὶ
1381 504 1689 557 εὐδιάλυτον
1723 521 2066 574 μετασκευα-

477 595 579 666 σθῇ
609 589 745 664 πρδς
773 593 834 646 τὸ
864 593 1134 646 ἀθάνατόν
1162 610 1222 646 τε
1254 597 1348 647 καὶ
1374 595 1676 649 ἀδιάλυτον.
1717 595 1881 647 Ἀλλά
1905 595 1964 647 τό
2001 611 2065 663 γε

477 683 570 738 νῦν
599 683 713 754 ῥέει
738 683 834 735 καὶ
862 680 1144 736 διαπίπτει
1172 683 1266 734 καὶ
1293 682 1578 754 φθείρεται
1603 684 1662 735 τὸ
1686 683 1884 750 ἔξωθεν
1912 684 2069 754 ἡμῶν

477 775 924 846 προφαινόμενον.
967 773 1175 826 Οὐκοῦν
1207 775 1268 826 οὐ
1304 775 1440 844 πρὸς
1472 773 1630 827 τοῦτο
1663 774 1768 844 χρὴ
1812 773 2026 844 βλέπειν
2048 813 2064 840 ,

476 867 555 920 ὅτι
581 865 716 935 μηδὲ
738 865 874 936 πρὸς
900 864 1028 917 ἄλλο
1050 883 1102 916 τι
1127 864 1394 935 προσήκει
1416 865 1524 919 τῶν
1547 864 1889 936 βλεπομένων
1913 864 2066 936 ὁρᾷν.

477 956 664 1020 Οὕτως
714 957 960 1019 εἰπόντος
1010 955 1103 1009 τοῦ
1151 956 1363 1009 Παύλου
1391 997 1405 1021 ,
1458 958 1540 1011 ὅτι
1600 957 1673 1028 μὴ
1726 955 2069 1010 σκοπούντων

476 1047 634 1118 ήμῶν
672 1047 740 1100 τά
776 1046 1084 1117 βλεπόμενα
1107 1062 1119 1076 ⁸
1153 1047 1221 1100 τὰ
1256 1046 1366 1117 γὰρ
1401 1046 1709 1118 βλεπόμενα
1737 1049 2064 1118 πρόσκαιρα,

475 1138 544 1191 τὰ
572 1137 628 1191 δὲ
673 1137 748 1208 μὴ
791 1137 1094 1208 βλεπόμενα
1137 1138 1358 1193 αἰώνια’
1403 1140 1517 1193 ἀλλ’
1549 1141 1644 1193 ἐπὶ
1679 1140 1790 1192 τῶν
1822 1141 2068 1214 ἀοράτων

475 1229 534 1282 ὲν
580 1230 712 1298 ἡμῖν
760 1227 1068 1298 τρέψαντας
1110 1229 1208 1298 τὴν
1258 1229 1511 1300 θεωρίαν,
1567 1233 1743 1283 ἐκεῖνο
1792 1230 2067 1284 πιστεύειν

476 1317 694 1388 ἀληθῶς
723 1312 864 1372 εἶναι
889 1321 1059 1390 ἡμᾶς,
1083 1319 1111 1372 ὃ
1127 1319 1407 1388 διαφεύγει
1423 1321 1520 1393 τὴν
1548 1320 1868 1393 αἰσθητικὴν
1893 1338 2061 1375 καταο

476 1409 568 1479 νόη
579 1427 682 1466 σιν.

2163 511 2305 556 ctam
2337 508 2390 555 et
2416 500 2691 570 cognitam
2723 499 2977 554 habebat.
3046 498 3136 550 Ait
3177 495 3345 561 cnim,
3376 511 3544 550 unum
3577 497 3760 550 homi-

2163 609 2286 647 nem
2310 594 2662 656 exteriorem,
2708 592 2942 646 alterum
2983 589 3324 652 interiorem,
3367 602 3603 656 eumque
3637 601 3761 640 cor-

2165 686 2364 753 rumpi,
2388 685 2536 740 hunc
2559 683 2813 740 renovari
2835 684 2877 734 ¹.
2915 680 3096 747 Quare
3125 697 3250 735 cum
3287 681 3462 747 illum,
3506 682 3601 752 qui
3631 697 3757 735 cor-

2163 776 2460 846 rumpitur,
2491 775 2708 838 cernis,
2744 775 2982 846 teipsum
3035 775 3282 845 aspicere
3333 788 3401 830 ne
3443 773 3754 829 arbitreris.

2171 866 2237 921 Et
2272 867 2361 922 ille
2389 867 2610 937 quidem
2653 867 2950 937 aliquando
2977 868 3085 921 erit
3126 881 3155 920 a
3197 867 3549 937 corruptione
3598 865 3757 929 liber,

2170 971 2293 1010 cum
2341 957 2395 1010 in
2451 956 2867 1027 regeneratione
2905 956 3152 1010 mortalis
3185 966 3238 1010 et
3287 957 3380 1027 qui
3436 955 3758 1010 dissolvitur

2169 1049 2357 1114 homo,
2413 1065 2540 1104 eum
2615 1051 2931 1113 immortali,
2992 1057 3046 1104 et
3085 1049 3178 1120 qui
3241 1063 3353 1103 non
3412 1048 3758 1113 dissolvitur,

2168 1139 2554 1210 conjungetur.
2597 1139 2754 1194 Nunc
2801 1151 2982 1195 autem
3024 1143 3118 1209 qui
3169 1148 3325 1194 extra
3367 1154 3470 1194 nos
3509 1139 3752 1204 videtur,

2167 1230 2308 1294 fluit,
2341 1230 2606 1294 concidit,
2661 1237 2824 1300 atque
2865 1229 3260 1300 corrumpitur.
3314 1227 3414 1282 Hic
3457 1242 3587 1297 ergo
3634 1242 3761 1296 spea

2170 1321 2407 1377 ctandus
2449 1338 2557 1376 non
2597 1329 2703 1384 est,
2735 1321 2957 1392 quando
3001 1337 3070 1375 ne
3121 1321 3330 1391 reliqua
3359 1320 3602 1391 quidem,
3635 1335 3760 1390 quae

2165 1422 2488 1476 cernuntur,
2522 1415 2818 1483 spectanda
2854 1423 3001 1468 sunt.
3027 1413 3320 1479 Quoniam,
3351 1422 3410 1467 ut
3443 1413 3645 1468 Paulus
3675 1413 3759 1464 in-

475 1499 612 1565 quit,
661 1516 836 1570 neque
885 1510 1099 1571 oportet
1132 1503 1486 1558 considerare
1537 1518 1658 1572 quae
1693 1503 1985 1570 videntur;
2024 1521 2148 1577 qua:
2200 1505 2347 1561 enim
2393 1503 2647 1560 videntur
2691 1505 3024 1575 temporaria
3058 1514 3208 1567 sunt,
3255 1517 3379 1572 qua:
3420 1510 3600 1555 autem
3645 1513 3758 1554 non

473 1591 747 1655 Videntur,
786 1598 988 1646 aeterna
1005 1591 1045 1646 '.
1087 1594 1310 1663 Oportet
1350 1603 1552 1659 autem,
1579 1601 1638 1647 ιιι
1675 1595 2060 1664 cogitationem
2089 1597 2154 1650 ad
2176 1611 2263 1658 ca,
2296 1610 2417 1665 qua:
2449 1598 2505 1650 in
2532 1595 2693 1650 nobis
2723 1612 2832 1650 non
2864 1595 3136 1661 videntur,
3165 1601 3570 1657 convertemus,
3596 1591 3759 1663 idque

475 1695 572 1739 nos
612 1698 748 1738 vero
771 1701 892 1740 esse
923 1685 1233 1750 credamus,
1267 1685 1412 1756 quod
1441 1701 1638 1741 sensus
1668 1686 2037 1757 cognitionem
2063 1689 2272 1762 eﬁ‘ugit.

543 1776 835 1848 Γενώμεθα
858 1779 1057 1843 τοίνυν,
1085 1779 1225 1833 κατὰ
1251 1779 1342 1832 τὸν
1369 1779 1710 1851 παροιμιώδη
1734 1780 1912 1849 λόγον,
1935 1783 2062 1834 ἐαυ-

2241 1781 2353 1838 Nos
2402 1782 2570 1853 igitur
2631 1782 2802 1851 ipsos,
2869 1788 2929 1833 ut
2956 1779 3305 1849 proverbium
3341 1778 3518 1848 jubet,
3552 1793 3758 1848 cogno-

474 1864 582 1922 τῶν
614 1869 912 1940 γνώμονες.
939 1871 1012 1922 Τὸ
1037 1871 1145 1941 γὰρ
1170 1871 1361 1924 ἑαυτὸν
1384 1871 1608 1938 γνῶναι,
1638 1872 1935 1943 καθάρσιον
1957 1874 2064 1926 τῶν

475 1960 539 2012 ὲκ
567 1961 668 2030 τῆς
716 1959 937 2029 ἀγνοίας
975 1960 1462 2033 πλημμελημάτων
1496 1962 1726 2031 γίνεται.
1779 1964 1917 2016 Ἀλλ’
1965 1965 2065 2017 οὐκ

475 2049 588 2104 ἔστι
609 2051 788 2121 ῥᾴδιον
821 2053 1012 2106 ἑαυτὸν
1037 2053 1270 2105 κατιδεῖν
1300 2053 1641 2123 βουλόμενον,
1672 2056 1744 2126 μή
1771 2072 1914 2119 τινος
1943 2059 2064 2108 ἐπι-

475 2141 620 2205 νοίας
650 2142 872 2197 δυνατὸν
900 2144 1161 2215 ποιούσης
1186 2146 1318 2215 ἡμῖν
1349 2144 1409 2197 τὸ
1437 2145 1719 2198 ἀδύνατον.
1747 2145 1926 2216 Ὅπερ
1955 2147 2064 2218 γάρ

475 2234 568 2286 ἐπὶ
598 2234 707 2288 τῶν
743 2236 1070 2305 σωματικῶν
1099 2235 1392 2307 ὀφθαλμῶν
1435 2239 1468 2307 ὴ
1511 2237 1673 2307 φύσις
1707 2239 1984 2308 ἐποίησεν,
2014 2241 2064 2294 οἳ

477 2326 653 2379 πάντα
682 2327 749 2380 τὰ
778 2327 912 2382 ἀλλα
947 2327 1262 2398 βλέποντες,
1296 2329 1506 2384 ἑαυτῶν
1536 2329 1755 2384 ἀθέατοι
1789 2331 2061 2401 μένουσινο

477 2416 568 2470 τδν
593 2417 752 2470 αύτδν
779 2418 978 2488 τρόπον
1007 2421 1101 2473 καὶ
1130 2421 1162 2489 ἠ
1191 2419 1359 2491 ψυχὴ,
1393 2420 1570 2474 πάντα
1598 2420 1665 2474 τά
1692 2420 1826 2474 ἄλλα
1855 2422 2065 2492 διερευ-

479 2509 732 2580 νωμένη,
764 2510 857 2563 καί
889 2509 960 2564 τά
1008 2511 1114 2576 ἔξω
1152 2511 1352 2580 ὲκυτῆς
1391 2509 1922 2582 πολυπραγμονοῦσα
1971 2511 2066 2564 καὶ

476 2600 866 2670 ἀνιχνεύουσα,
917 2601 1117 2669 ἑαυτὴν
1173 2602 1299 2653 ἰδεῖν
1344 2600 1622 2664 ἀδυνάτως
1672 2600 1808 2671 ἔχει.
1857 2600 2067 2654 υύκοῦν

475 2693 612 2761 ὅπερ
639 2692 732 2744 ἐπὶ
770 2691 880 2744 τῶν
920 2690 1213 2761 ὀφθαλμῶν
1241 2689 1449 2758 γίνεται
1473 2732 1486 2756 ,
1517 2690 1676 2744 τοῦτο
1707 2693 1802 2744 καὶ⁸
1847 2693 1880 2762 ή
1919 2691 2064 2762 ψυχὴ

481 2782 834 2852 μιμησάσθω·.
866 2783 977 2834 Καὶ
1010 2782 1118 2852 γάρ
1145 2783 1411 2848 κάκεῖνοι,
1442 2783 1629 2853 ἐπειδὴ
1659 2783 1759 2845 οὐκ
1787 2783 1934 2836 ἔστιν
1977 2784 2066 2836 αύ-

478 2871 591 2936 τοῖς
641 2876 705 2926 ὲκ
742 2873 957 2942 φύσεως
988 2872 1218 2944 δύναμις
1266 2873 1401 2944 πρὸς
1447 2874 1547 2944 τὴν
1581 2875 1790 2927 ἑαυτῶν
1828 2874 2064 2946 θεωρίαν

477 2963 576 3036 τὴν
597 2963 824 3033 όπτικὴν
852 2965 1132 3036 ἐνέργειαν
1161 2965 1494 3035 ἀναστρέψαι
1518 3007 1531 3031 ,
1556 2966 1651 3018 καὶ
1682 2967 1906 3030 ἑαυτοὺς
1936 2984 2067 3020 κατ⁶

481 3055 638 3120 ιδεῖν,
660 3056 948 3126 κατόπτρῳ
995 3057 1056 3110 τὸ
1096 3051 1236 3118 εἶδός
1265 3073 1323 3108 τε
1358 3055 1454 3109 καί.
1485 3055 1546 3108 τὸ
1584 3056 1771 3126 σχῆμα
1806 3057 1909 3110 τοῦ.
1937 3057 2064 3110 ἰδίου

2167 1886 2408 1926 scamus.
2473 1870 2587 1925 llac
2616 1870 2760 1924 enim
2797 1870 3110 1941 cognitione
3173 1870 3465 1939 expiantur
3507 1879 3755 1938 peccata,

2165 1979 2287 2034 quae
2325 1964 2393 2017 ab
2418 1963 2727 2033 ignorantia
2759 1960 3205 2032 proﬁciscuntur.
3228 1962 3296 2012 At
3320 1975 3432 2014 non
3459 1967 3544 2015 est
3569 1958 3752 2025 facile,

2167 2065 2226 2110 ιιι
2252 2056 2418 2111 etiam
2448 2056 2514 2119 is,
2546 2054 2640 2124 qui
2671 2069 2797 2108 vere
2829 2062 2994 2123 atque
3023 2067 3089 2106 ex
3125 2051 3311 2105 animo
3333 2053 3485 2121 cupit
3510 2052 3752 2121 seipsqu

2167 2163 2523 2219 cognoscere,
2553 2147 2605 2200 id
2635 2157 2986 2214 assequatur.
3016 2143 3172 2197 Nulla
3197 2144 3341 2198 enim
3365 2145 3508 2198 ratio
3539 2143 3756 2210 tribuit,

2167 2247 2247 2305 ut,
2281 2239 2426 2310 quod
2463 2238 2577 2293 ﬁeri
2617 2237 2828 2308 nequit,
2872 2236 3012 2291 eﬂici
3049 2235 3244 2306 possit.
3291 2234 3428 2288 Nam
3458 2235 3606 2305 quod
3655 2250 3757 2288 na-

2138 2338 2290 2386 tura
2323 2331 2606 2400 corporeis
2641 2329 2819 2384 oculis
2871 2327 3060 2381 datum
3105 2335 3211 2390 est,
3273 2335 3330 2380 ut
3364 2341 3491 2380 cum
3547 2327 3757 2397 reliqua

2166 2423 2409 2486 videant,
2439 2423 2603 2492 seipsi
2638 2430 2912 2491 nequeant
2943 2419 3168 2481 intueri,
3212 2419 3356 2473 idem
3397 2418 3584 2471 animo
3624 2433 3758 2472 con-

2167 2514 2350 2584 tingit,
2381 2521 2461 2577 ut,
2492 2528 2617 2568 cum
2652 2520 2850 2567 caetera
2880 2511 3066 2566 omnia
3106 2510 3374 2579 exploret,
3407 2517 3462 2564 et
3507 2525 3632 2578 quae
3659 2523 3756 2562 ex-

2169 2609 2253 2658 tra
2283 2619 2342 2660 se
2368 2611 2518 2666 sunt,
2550 2603 2840 2672 diligenter
2881 2600 3144 2671 inquirat,
3198 2608 3252 2655 et
3298 2600 3648 2670 pervestiget,
3699 2615 3758 2655 se

2169 2697 2287 2766 ipse
2335 2694 2526 2750 videre
2558 2710 2669 2748 non
2729 2693 2922 2764 possit.
2967 2693 3153 2762 Itaque
3204 2691 3398 2747 hacin
3455 2706 3513 2746 re
3541 2691 3758 2746 animus

2168 2785 2357 2842 oculos
2391 2784 2655 2849 imitetur,
2692 2799 2757 2838 ac
2799 2783 3259 2854 quemadmodum
3293 2784 3394 2848 illi,
3418 2797 3542 2836 cum
3575 2797 3605 2836 a
3654 2798 3755 2836 na-

2167 2885 2292 2932 tura
2326 2891 2436 2931 non
2467 2876 2707 2931 habeant
2747 2890 2867 2930 eam
2929 2875 3271 2939 facultatem,
3309 2883 3368 2928 ut
3429 2874 3755 2944 semetipsos

2168 2969 2224 3022 in
2273 2982 2332 3022 se
2363 2975 2750 3021 convertentes
2798 2965 3091 3034 aspiciant,
3129 2965 3365 3034 speciem
3399 2979 3464 3019 ac
3519 2964 3754 3019 formam

2169 3059 2379 3129 proprii
2405 3059 2554 3113 orbis
2608 3058 2663 3112 in
2699 3057 2925 3127 speculo
2961 3056 3294 3125 conspicati,
3328 3071 3426 3126 per
3460 3055 3753 3127 imaginem

479 3143 803 3217 θεασάμενοι
845 3145 1083 3210 κύκλου,
1128 3147 1217 3199 διὰ
1250 3146 1350 3216 τῆς
1395 3147 1602 3209 εἰκόνος
1653 3147 1881 3209 ἑαυτοὺς
1932 3145 2064 3199 καθ-

2170 3147 2316 3202 illam
2347 3163 2469 3204 sese
2498 3148 2886 3217 conspiciunt:
2923 3147 3003 3202 sic
3037 3148 3202 3201 etiam
3230 3147 3345 3216 ipse
3375 3145 3441 3200 ad
3476 3147 3754 3217 propriam

479 3237 700 3309 ορῶσιν.
748 3237 906 3290 Οὕτω
946 3238 1052 3308 χρὴ
1095 3238 1190 3290 καὶ
1231 3237 1328 3306 τὴν
1378 3235 1555 3307 ψυχὴν
1601 3236 1738 3306 πρὸς
1787 3235 1884 3306 τὴν
1928 3236 2063 3290 ἰδίαν

478 3329 688 3383 ἀπιδεῖν
719 3329 921 3393 εἰκόνα,
952 3329 1046 3382 καὶ
1078 3329 1214 3398 ὅπερ
1246 3327 1310 3380 ἀν
1342 3327 1428 3400 ἴδῃ
1461 3329 1518 3380 ἐν
1545 3327 1623 3398 τῷ
1661 3327 1991 3399 χαρακτῆρι,
2020 3321 2064 3396 ᾧ

480 3420 859 3489 ἀφωμοίωται,
883 3419 958 3482 ὡς
983 3419 1113 3472 [διον
1135 3419 1334 3488 ἑαυτῆς
1355 3417 1510 3470 τοῦτο
1533 3417 1854 3472 θεάσασθαι.
1900 3418 2063 3472 Ἀλλὰ

482 3508 678 3581 μικρὸν
708 3509 1010 3575 ὑπαλλάξαι
1040 3527 1091 3562 τι
1126 3511 1389 3580 προσήκει
1417 3508 1510 3561 τοῦ
1536 3508 1954 3579 ύποδείγματος,
1979 3511 2064 3562 ἵνα

478 3598 730 3670 οἰκειωθῇ
764 3598 842 3670 τῷ
866 3599 1008 3670 λόγῳ
1033 3598 1094 3651 τὸ
1122 3599 1319 3668 νόημα.
1365 3597 1486 3650 Ἐπὶ
1520 3597 1618 3668 μὲν
1643 3597 1752 3668 γὰρ
1782 3598 1881 3668 τῆς
1909 3599 1965 3651 ἐν
1990 3598 2064 3669 τῷ

479 3691 771 3761 κατόπτρῳ
802 3691 1011 3762 μορφῆς
1031 3731 1044 3754 ,
1073 3691 1106 3761 ἡ
1145 3689 1305 3742 εἰκὼν
1335 3691 1470 3760 πρὸς
1503 3690 1564 3742 τὸ
1594 3691 1902 3760 ἀρχέτυπον
1935 3709 2064 3762 σχη-

483 3783 799 3854 ματίζεται·
857 3785 947 3836 ἐπὶ
995 3783 1050 3838 δὲ
1097 3784 1191 3836 τοῦ
1227 3786 1326 3854 τῆς
1376 3783 1553 3854 ψυχῆς
1595 3784 1961 3855 χαρακτῆρος,
2004 3775 2065 3836 τὸ

480 3873 716 3944 ἔμπαλιν
751 3876 1118 3946 νενοήκαμεν·
1158 3874 1299 3927 κατά
1344 3873 1452 3946 γὰρ
1481 3874 1540 3927 τὸ
1579 3873 1721 3927 θεῖον
1761 3875 1974 3938 κάλλος,
2004 3875 2064 3927 τὸ

479 3965 578 4036 τῆς
608 3965 785 4036 ψυχῆς
812 3960 950 4029 εἶδος
979 3966 1398 4028 ἀπεικονίζεται.
1436 3965 1646 4018 Οὐκοῦν
1675 3965 1804 4018 ὅταν
1835 3965 1973 4035 πρὸς
2005 3964 2064 4016 τὸ

481 4055 785 4126 ἀρχέτυπον
828 4056 1027 4124 ἑαυτῆς
1058 4053 1230 4125 βλέπῃ
1261 4054 1294 4123 ὴ
1331 4053 1497 4124 ψυχὴ,
1530 4054 1651 4106 τότε
1681 4052 1748 4107 δι’
1780 4053 2064 4123 ἀκριὸεἰας

482 4147 681 4220 ἑαυτὴν
718 4147 945 4220 καθορᾷ.
981 4148 1045 4199 Τί
1091 4148 1270 4200 τοίνυν
1307 4147 1424 4200 ἐστι
1455 4147 1516 4199 τὸ
1559 4146 1742 4208 Θεῖον,
1773 4139 1816 4212 ᾧ
1853 4148 1886 4216 ἡ
1918 4145 2062 4215 ψυχὴ

481 4241 934 4311 προσωμοίωται;
976 4241 1050 4294 Ού
1091 4240 1270 4310 σῶμα,
1303 4240 1363 4292 ού
1402 4239 1611 4309 σχῆμα,
1653 4240 1752 4291 οὑκ
1804 4235 1961 4301 εἶδος,
2003 4239 2062 4290 ού

483 4332 802 4403 πηλικότης,
850 4333 950 4386 οὐκ
991 4333 1304 4396 ἀντιτυπία,
1354 4333 1415 4384 ού
1460 4332 1653 4403 βάρος,
1685 4332 1744 4383 ού
1788 4330 1970 4394 τόπος,
2003 4330 2061 4382 ού

483 4423 696 4494 χρόνος,
735 4424 836 4477 ούκ
882 4424 1008 4478 ἄλλο
1035 4442 1088 4476 τι
1137 4422 1378 4476 τοιοῦτον
1415 4423 1588 4484 οὐδὲν,
1618 4422 1683 4474 δι’
1723 4415 1854 4491 ῶνή
1906 4421 2064 4492 ὑλικὴ

2166 3241 2458 3308 imaginem
2491 3256 2552 3296 se
2585 3247 2892 3303 convertat,
2923 3249 2978 3295 et
3008 3239 3151 3310 quod
3210 3240 3267 3293 in
3315 3240 3636 3310 exemplari,
3685 3241 3756 3294 ad

2167 3333 2327 3403 cujus
2355 3332 2779 3388 similitudinem
2815 3335 2995 3388 factus
3029 3341 3134 3398 cst,
3160 3331 3382 3396 viderit,
3420 3333 3658 3403 idipsum
3686 3341 3748 3387 ut

2167 3422 2447 3493 preprium
2475 3423 2896 3493 contempletur,
2930 3429 2984 3476 et
3019 3437 3204 3476 suum.
3259 3421 3340 3476 Ab
3369 3422 3622 3492 exemplo
3669 3429 3754 3475 ta-

2168 3528 2290 3568 men
2335 3513 2437 3568 hoc
2484 3515 2768 3584 paululum
2809 3521 2894 3569 est
2946 3512 3366 3577 discedendum,
3405 3522 3463 3568 ut
3509 3529 3598 3570 res
3633 3515 3750 3582 ipsa

2167 3604 2450 3674 proposito
2491 3615 2778 3675 congruat.
2824 3603 2957 3656 Nam
3011 3605 3213 3674 imago,
3263 3619 3384 3674 quae
3431 3606 3484 3659 in
3536 3605 3748 3676 speculi

2167 3695 2341 3749 forma
2372 3696 2733 3766 conspicitur,
2771 3695 2838 3750 ad
2903 3696 3046 3750 oculi
3093 3698 3374 3767 exemplar
3426 3698 3750 3768 efﬁngitur;

2168 3786 2220 3840 in
2245 3788 2411 3842 animi
2436 3804 2566 3844 vero
2589 3789 2826 3860 imagine
2851 3798 3042 3843 contra
3069 3788 3145 3841 ﬁt.
3172 3787 3351 3858 Ipsius
3375 3790 3520 3846 enim
3543 3789 3753 3860 species

2168 3878 2231 3931 ad
2264 3880 2462 3934 divinae
2490 3881 2920 3947 pulchritudinis
2951 3882 3186 3937 formam
3223 3882 3428 3947 efﬁcta,
3459 3896 3750 3952 expressa-

2165 3983 2272 4037 que
2306 3977 2409 4023 cst.
2441 3970 2632 4038 Itaque
2681 3978 2794 4024 tum
2828 3987 2954 4027 vere
3007 3973 3188 4040 seipse
3220 3973 3477 4042 perspicit
3509 3973 3750 4037 animus,

2165 4075 2287 4113 cum
2320 4061 2600 4128 exemplar
2627 4063 2872 4116 intuetur
2911 4063 3017 4117 sui.
3055 4063 3196 4128 Quid
3245 4064 3412 4133 igitur
3444 4064 3588 4118 Deus
3641 4072 3750 4132 est,

2165 4150 2321 4217 cugus
2355 4150 2765 4205 similitudinem
2821 4153 3037 4208 animus
3089 4152 3300 4207 refert?
3345 4169 3452 4207 nou
3507 4169 3737 4222 corpus,

2169 4258 2276 4295 non
2318 4240 2512 4309 ﬁgura,
2545 4256 2654 4295 non
2693 4243 2927 4312 species,
2967 4258 3075 4296 non
3107 4244 3366 4312 qualitas.
3418 4259 3526 4296 non
3577 4245 3751 4300 moles

2166 4349 2380 4403 aspera,
2425 4349 2531 4387 non
2567 4333 2806 4404 pondus,
2841 4350 2947 4387 non
2983 4335 3160 4397 locus,
3196 4349 3304 4388 non
3357 4342 3594 4404 tempus,
3635 4351 3744 4391 non

2169 4425 2312 4480 aliud
2350 4423 2630 4495 quidpiam
2649 4440 2863 4488 eorum,
2897 4441 2960 4480 ex
2995 4425 3198 4495 quibus
3224 4440 3287 4481 ea
3325 4441 3447 4495 quae
3470 4442 3536 4480 ex
3567 4435 3745 4480 mate-

485 4515 661 4579 κτίσις
708 4515 1063 4587 γνωρίζεται·
1121 4517 1257 4570 ἀλλά
1311 4515 1528 4568 πάντων
1575 4513 1778 4566 τούτων
1828 4513 1920 4566 καὶ
1957 4513 2064 4565 τῶν

2170 4518 2246 4570 ria
2278 4524 2408 4571 sunt
2442 4526 2748 4585 procreata”,
2786 4523 3216 4585 cognoscuntur.
3244 4515 3350 4570 Sed
3380 4515 3468 4571 bis
3490 4516 3747 4570 omnibus

488 4607 742 4659 τοιούτων
787 4607 1218 4677 ὑφαιρεθέντων,
1270 4607 1455 4678 νοερόν
1500 4623 1552 4658 τι
1605 4605 1700 4658 καὶ
1751 4605 1929 4664 ἀῦλον,
1973 4605 2065 4657 καὶ

495 4699 718 4768 ἀναφὲς,
749 4700 842 4752 καὶ
879 4699 1199 4770 ἀσώματον,
1236 4699 1328 4752 καὶ
1361 4697 1682 4752 ἀδιάστατον
1713 4695 1816 4766 χρὴ
1850 4695 2065 4756 πάντως

491 4793 632 4843 νοεῖν
660 4790 720 4843 τὸ
753 4789 1088 4860 λειπόμενον.
1119 4792 1184 4844 Εἰ
1213 4791 1390 4843 τοίνυν
1429 4787 1670 4850 τοιοῦτος
1711 4789 1738 4840 ό
1781 4785 2062 4856 χαρακτὴρ

485 4881 581 4935 τοῦ
621 4881 927 4952 ἀρχετύπου
967 4882 1480 4952 καταλαμϐάνεται,
1516 4878 1807 4933 ἀκόλουθον
1847 4877 2064 4939 πάντως

486 4973 628 5027 κατά
665 4972 726 5025 τὸ
759 4968 894 5035 εἶδος
926 4972 1101 5025 ἐκεῖνο
1137 4971 1574 5042 μεμορφωμένην
1617 4969 1715 5040 τὴν
1757 4969 1933 5040 ψυχὴν
1976 4968 2063 5021 διὰ

484 5064 594 5118 τῶν
650 5063 830 5118 αὐτῶν
881 5065 1245 5134 χαρακτήρων
1293 5063 1728 5133 ἐπιγνωσθῆναι·
1779 5060 1919 5114 ὥστε
1973 5060 2064 5112 καὶ

483 5156 689 5225 ταύτην
717 5154 878 5208 άῦλόν
909 5171 968 5206 τε
999 5149 1137 5206 εἶναι
1165 5153 1258 5206 καὶ
1286 5153 1440 5222 ἀειδῆ
1465 5153 1558 5205 καὶ
1583 5150 1775 5223 νοεράν
1803 5152 1896 5204 καὶ
1924 5150 2068 5203 ἀσώο

488 5267 675 5320 ματον.
698 5247 1058 5318 Λογισώμεθα
1080 5246 1258 5301 τοίνυν
1286 5245 1413 5298 πότε
1446 5244 1646 5314 μᾶλλον
1673 5244 1752 5315 τῷ
1776 5244 2067 5316 ἀρχετύπῳ

484 5341 670 5395 κάλλει
707 5339 1059 5409 προσεγγίξει
1101 5340 1134 5408 ἡ
1176 5336 1490 5408 ἀνθρωπίνη
1542 5336 1734 5404 φύσις,
1778 5337 1835 5387 ὲν
1873 5335 2066 5404 τῷδιά

486 5432 688 5498 σαρκὸς
737 5431 926 5501 ζῇν,ἢ
984 5431 1112 5484 ὅταν
1164 5427 1268 5494 ἔξω
1302 5426 1502 5497 ταύτης
1549 5425 1853 5496 γενώμεθα.
1907 5426 2066 5480 ’Λλλά

483 5523 647 5577 παντὶ
685 5521 843 5592 δῆλον
884 5523 946 5575 τὸ
989 5521 1228 5575 τοιοῦτόν
1272 5521 1417 5572 ἐστιν
1443 5559 1456 5583 ,
1501 5519 1580 5572 ὅτι
1624 5517 1810 5590 ὥσπερ
1859 5519 1891 5589 ἡ
1928 5516 2064 5590 σὰρξ

554 5701 575 5733 ³
613 5697 656 5754 ll
682 5699 806 5755 Cor.
838 5717 910 5763 tv,
955 5701 1035 5757 lG.
1116 5704 1134 5733 ³
1163 5702 1292 5756 ibid.
1337 5702 1417 5755 l8.

2162 4623 2462 4678 carumque
2499 4606 2772 4662 similibus
2815 4607 2978 4663 rebus
3012 4607 3301 4670 submotis,
3339 4615 3422 4662 est
3464 4607 3745 4676 quiddam,

2162 4699 2306 4771 quod
2333 4707 2514 4753 mente
2547 4705 2788 4762 constat,
2852 4699 3202 4768 materiaaque
3259 4706 3345 4752 est
3388 4712 3605 4768 expers,
3646 4712 3747 4752 nec

2161 4791 2308 4861 tangi
2344 4797 2548 4860 potest,
2587 4797 2642 4843 et
2674 4803 2910 4857 corpore
2943 4797 3122 4856 vacat,
3153 4799 3205 4844 et
3239 4787 3385 4842 omni
3409 4787 3747 4844 dimensione

2161 4894 2326 4938 caret.
2355 4882 2626 4948 Quocirca
2655 4895 2780 4935 cum
2821 4881 3100 4952 exemplar
3152 4881 3223 4934 sit
3265 4880 3559 4949 ejusmodi,
3607 4895 3744 4935 con-

2164 4991 2401 5046 sequens
2432 4983 2538 5037 est,
2581 4979 2664 5036 ut,
2705 4972 2797 5040 qui
2838 4972 2902 5026 ad
2937 4972 3057 5040 ejus
3092 4969 3504 5026 similitudinem
3539 4971 3744 5025 forma-

2166 5072 2254 5118 tus
2278 5070 2362 5117 cst
2392 5060 2630 5124 animus,
2676 5058 2885 5114 eisdem
2930 5066 3296 5128 cognoscatur
3331 5060 3497 5114 notis.
3535 5059 3744 5130 Expers

2166 5154 2328 5226 igitur
2366 5150 2606 5205 materia:
2629 5157 2734 5215 est,
2763 5149 2914 5205 cerni
2947 5164 3056 5203 non
3110 5157 3328 5219 potest,
3381 5159 3562 5206 mente
3619 5151 3736 5206 sola

2167 5244 2488 5318 percipitur,
2515 5250 2775 5312 caretque
2815 5256 3070 5312 corpore.
3124 5241 3257 5308 Quae
3287 5258 3413 5297 cum
3467 5243 3542 5297 ita
3601 5243 3735 5310 sint,

2170 5352 2288 5406 age,
2333 5334 2754 5388 consideremus
2789 5332 3012 5402 quando
3045 5333 3273 5404 propius
3317 5333 3384 5387 ad
3413 5333 3743 5402 exemplaris

2167 5424 2628 5499 pulchritudinem
2681 5423 2908 5477 accedat
2950 5423 3189 5477 humana
3234 5431 3452 5485 natura,
3479 5439 3626 5476 'cum
3686 5424 3744 5478 in

2171 5533 2333 5574 carne
2365 5515 2621 5580 vivimus,
2657 5528 2724 5568 an
2750 5528 2872 5570 cum
2900 5514 2967 5570 ab
3003 5515 3094 5570 illa
3120 5514 3358 5586 separati
3387 5529 3600 5573 sumus.
3636 5511 3747 5572 Ne-
