4124 6352
356 252 416 309 Μ
433 253 454 307 1

1592 260 1649 316 S.
1692 259 2021 329 GliEGORll
2057 259 2351 314 NYSSENI

3529 256 3635 316 512

356 367 490 421 mini
521 358 746 423 dubium
785 377 887 435 est,
920 371 1054 442 quin
1091 383 1147 428 ut
1182 390 1307 429 caro
1354 390 1421 430 ex
1457 377 1684 430 materia
1736 383 1927 430 coacta

2041 375 2244 447 ὑλώδης
2292 371 2430 429 οὗτοι
2478 377 2541 446 τῇ
2603 374 2762 447 ὑλικῇ
2801 374 2976 448 ταύτῃ
3021 373 3136 446 ζωῇ
3190 372 3633 446 προσῳκείωται,

356 467 725 532 concretaque
766 463 893 518 vita:
946 465 1036 520 isti
1066 481 1268 523 crassae
1302 467 1648 537 coniunctior
1696 476 1802 536 est,
1855 471 1936 524 sic

291 619 296 623 _
358 552 576 608 animus
603 560 734 610 tunc
766 571 894 612 vere
926 557 1076 611 vivat
1103 559 1272 635 vitam
1305 559 1454 614 illam
1484 575 1515 614 a
1572 562 1802 615 materia
1844 577 1933 616 re-

360 650 586 711 motam,
625 661 750 715 qua:
782 655 964 703 mente
1004 649 1120 703 sola
1151 650 1658 721 comprehenditur,
1715 654 1937 724 quando

357 738 642 793 materiam
667 740 770 794 sibi
788 741 1199 812 circumiectam
1224 746 1557 808 excusserit,
1577 756 1632 802 et
1649 744 1933 817 abiecerit.

357 831 576 898 Quodsi
612 833 673 887 in
699 847 932 904 corpore
960 850 1147 891 verum
1184 836 1364 907 ipsum
1407 834 1611 892 bonum
1663 840 1937 895 consiste-

317 950 320 954 λ
356 933 460 987 ret,
492 924 656 980 nobis
690 925 938 995 profecto
966 926 1260 983 dolendmn
1309 938 1478 995 esset,
1526 946 1650 986 cum
1684 947 1715 986 a
1771 947 1936 988 carne

355 1018 740 1081 distrahimur,
782 1019 1043 1089 quoniam
1097 1021 1447 1079 discedentes
1485 1040 1514 1077 a
1559 1040 1809 1095 corpore.
1868 1025 1936 1080 ab

355 1109 471 1178 ipsa
495 1109 622 1163 boni
657 1109 1049 1180 conjunctione
1088 1113 1523 1170 discederemus.
1545 1114 1705 1170 Nunc
1750 1124 1933 1172 autem

354 1201 612 1268 quoniam
646 1201 851 1256 bonum
885 1203 1042 1270 illud,
1087 1220 1249 1275 quam
1282 1208 1511 1277 cogitari
1546 1209 1740 1278 possit,
1777 1210 1936 1281 longe

355 1293 723 1362 praestantius,
760 1293 827 1349 ad
857 1295 1018 1363 cujus
1054 1297 1469 1354 similitudinem
1522 1299 1651 1355 facti
1699 1317 1890 1357 sumus
1916 1343 1931 1366 ,

308 1386 601 1465 ‘corporis
638 1401 834 1457 expers
873 1396 979 1451 est,
1043 1396 1332 1460 menteque
1384 1391 1501 1445 sola
1555 1394 1930 1463 perspicitur:

352 1479 512 1534 nobis
543 1487 723 1534 autem
777 1494 1101 1549 persuasum
1149 1496 1273 1536 esse
1317 1481 1504 1545 debet,
1559 1484 1782 1552 quando
1838 1501 1935 1554 per

353 1579 581 1628 mortem
630 1587 836 1643 corpus
885 1572 1280 1644 relinquimus,
1341 1573 1408 1628 ad
1462 1581 1717 1629 naturam
1761 1576 1931 1644 illam,

350 1679 471 1733 quae
503 1664 572 1719 ab
636 1664 787 1718 Omni
830 1678 1100 1733 corporea
1154 1663 1524 1720 crassitudine
1564 1674 1776 1720 remota
1824 1674 1929 1731 est,

2042 467 2184 522 οὕτω
2217 469 2309 523 καὶ
2334 470 2367 540 ή
2395 468 2539 540 ψυχὴ
2571 469 2694 523 τότε
2728 468 2947 540 μετέχει
2978 468 3078 539 τῆς
3112 469 3308 539 νοερᾶς
3337 466 3433 521 καί⁵
3464 466 3632 521 ἀθλου

2044 557 2209 630 ζωῆς,
2243 560 2372 613 ὅταν
2410 559 2507 630 τὴν
2546 559 2916 632 περιέχουσαν.
2937 558 3105 629 αὐτὴν
3140 558 3274 630 ὓλην
3304 557 3635 631 ἀποτινάξηο

2043 667 2150 702 ται.
2177 649 2241 701 Τί
2269 646 2362 703 οὖν
2399 651 2456 701 ἐν
2480 650 2692 713 τούτυις
2723 652 3010 721 συμφορᾶς
3044 650 3193 703 ἐστιν
3221 649 3404 717 ἄξιονς
3450 650 3499 703 εἰ
3532 650 3634 720 μὲν

2042 741 2152 812 γάρ
2197 742 2355 814 σῶμα
2384 738 2452 814 ἦν
2484 743 2545 795 τὸ
2583 742 2797 813 ἀληθῶς
2826 742 3049 811 ἀγαθὸν,
3077 742 3451 815 δυσχεραίνειν
3481 744 3632 815 ἡμᾶς

2042 832 2148 885 ἔδει
2176 832 2310 903 πρὸς
2342 833 2439 903 τὴν
2465 835 2565 904 τῆς
2593 832 2795 904 σαρκὸς
2818 831 3194 903 ἀλλοτρίωσιν,
3236 831 3312 895 ὡς
3336 831 3633 885 ἐκπιπτόν-

2042 940 2150 977 των
2184 924 2340 995 ἡμῶν
2372 925 2615 987 ἐκείνου,
2650 923 3199 994 συναποόαλλομένης
3239 924 3457 988 πάντως
3492 925 3636 994 μετὰ

2044 1012 2135 1067 τοῦ
2178 1016 2427 1084 σώματος
2471 1016 2564 1069 καὶ
2604 1016 2701 1084 τῆς
2749 1015 2885 1087 πρὸς
2934 1015 2995 1068 τὸ
3027 1015 3231 1082 ἀγαθὸν
3277 1016 3627 1085 οἰκειότητος.

2054 1106 2272 1177 Ἐπειδὴ
2299 1108 2354 1160 δὲ
2393 1108 2577 1177 νοερόν
2606 1124 2663 1160 τε
2708 1107 2803 1159 καὶ
2847 1105 3137 1177 ἀσώματον
3169 1107 3230 1160 τὸ
3267 1107 3407 1177 ὑπὲρ
3449 1108 3631 1159 πᾶσαν

2042 1197 2249 1252 ἔννοιαν
2276 1199 2500 1268 ἀγαθὸν,
2532 1195 2592 1255 οὗ
2617 1200 2739 1253 κατ’
2764 1201 2949 1253 εἰκόνα
2971 1200 3276 1269 γεγόναμεν
3296 1217 3310 1231 ·
3335 1198 3631 1254 ἀκόλουθον

2044 1288 2108 1342 ἂν
2134 1289 2217 1360 εἴη
2250 1288 2562 1351 πεπεῖσθαι,
2597 1290 2730 1344 ὅταν
2749 1290 2836 1344 διὰ
2860 1289 2951 1343 τοῦ
2980 1289 3209 1342 θανάτου
3234 1289 3370 1360 πρὸς
3399 1288 3461 1341 τὸ
3486 1286 3630 1341 ἀσώ-

2045 1399 2215 1450 ματον
2248 1380 2684 1453 μεταϐαίνωμεν,
2718 1381 3101 1453 προσεγγίζειν
3132 1381 3316 1452 ἐκείνῃ
3345 1383 3410 1452 τῇ
3443 1380 3626 1451 φύσει,

2040 1474 2073 1543 ἢ
2119 1474 2299 1543 πάσης
2349 1471 2670 1543 σωματικῆς
2705 1473 3077 1544 παχυμερείας
3125 1472 3484 1543 κεχώρισται,
3534 1471 3630 1524 καὶ

2040 1562 2149 1620 οἷόν
2177 1584 2230 1620 τι
2274 1569 2614 1637 προσωπεῖον
2650 1566 2887 1636 εἰδεχθὲς
2925 1566 3024 1637 τὴν
3051 1565 3303 1637 σαρκώδη
3338 1565 3630 1636 περιϐολὴν

2041 1660 2396 1730 ὲκδυομένους
2418 1701 2432 1722 ,
2462 1660 2540 1724 είς
2588 1659 2648 1712 τὸ
2682 1660 2881 1712 οἰκεῖον
2912 1658 3192 1712 ἐπανιέναι
3221 1657 3415 1721 κάλλος
3435 1698 3450 1723 ,
3492 1659 3550 1710 ἐν
3583 1648 3628 1725 ᾧ

352 1753 793 1825 appropinquare
816 1794 831 1817 ,
868 1762 923 1809 et
955 1754 1141 1809 carnis
1164 1754 1391 1809 exuvias
1433 1760 1693 1825 tanquam
1743 1770 1933 1826 perso-

2041 1751 2155 1804 κατ’
2193 1751 2368 1823 ἀρχὰς
2401 1749 2825 1823 ἐμορφώθημεν,
2868 1750 2988 1803 κατ’
3030 1750 3214 1802 εἰκόνα
3262 1748 3355 1803 τοῦ
3397 1748 3630 1820 ἀρχετύ-

350 1862 476 1901 nam
510 1847 803 1916 quamdam
838 1847 995 1902 nobis
1019 1847 1328 1916 impositam
1346 1847 1699 1917 deponentes,
1724 1849 1789 1904 ad
1812 1865 1932 1905 eam

354 1938 533 1992 redire
572 1937 1057 2007 pulchritudinem,
1096 1954 1256 2008 quam
1291 1940 1470 2006 initio,
1505 1956 1627 1996 ctun
1656 1942 1721 1997 ad
1749 1957 1936 1998 exem-

352 2029 520 2099 plaris
558 2030 849 2099 imaginem
892 2031 1064 2085 creati
1102 2047 1319 2095 sumus,
1358 2031 1679 2089 habuimus.
1726 2032 1800 2087 Ea
1840 2048 1935 2088 co-

352 2121 542 2191 gitatio
563 2121 806 2176 laetitiam
832 2123 1015 2186 nobis,
1054 2139 1160 2178 non
1193 2124 1476 2179 tristitiam
1505 2124 1730 2182 deberet
1768 2126 1935 2181 aﬂ‘er-

353 2231 430 2279 re,
454 2228 579 2269 cum
615 2214 980 2286 intelligimus
1016 2213 1295 2271 hominem
1339 2218 1657 2273 necessario
1690 2216 1935 2290 peregri-

354 2303 594 2358 nationis
629 2304 979 2374 perfunctum
1012 2320 1260 2371 munere,
1294 2321 1406 2361 non
1436 2308 1673 2376 amplius
1702 2309 1755 2363 in
1802 2309 1935 2365 alic-

353 2399 438 2452 nis
472 2396 791 2470 regionibus
820 2399 1028 2459 vivere,
1054 2398 1150 2453 sed
1180 2399 1414 2470 singulis
1451 2401 1755 2464 elementis,
1788 2401 1932 2472 quod

352 2490 419 2540 ah
450 2495 687 2558 utroque
719 2486 964 2557 ipsorum
1000 2493 1370 2551 mutuavcrat,
1427 2488 1669 2553 reddito,
1703 2489 1769 2542 ad
1804 2505 1932 2560 pro-

354 2582 524 2650 priam
561 2580 665 2635 sibi
697 2578 1117 2647 naturalemque
1156 2570 1400 2645 domum,
1430 2593 1647 2649 puram,
1684 2593 1748 2634 ac
1770 2580 1935 2636 etele-

352 2681 488 2727 stem
518 2672 666 2726 illam
699 2670 880 2726 sedem
906 2670 1215 2725 revertisse.
1250 2667 1557 2740 Ilospitium
1588 2672 1732 2725 enim
1757 2669 1936 2740 profe-

353 2774 463 2830 cto,
488 2764 835 2833 alienumque
866 2761 1200 2826 domicilium
1234 2768 1318 2816 est
1348 2769 1560 2817 naturae
1594 2761 1670 2817 illi
1708 2761 1934 2818 materia

353 2856 558 2912 carenti
586 2870 787 2925 corpus
820 2853 945 2916 hoc,
978 2852 1069 2906 cui
1104 2867 1259 2906 mens
1292 2852 1344 2906 in
1385 2853 1490 2909 ista
1521 2853 1631 2908 vita
1678 2868 1709 2908 a
1744 2853 1938 2910 condi-

354 2949 500 3003 tione
530 2946 703 3016 ipsius
736 2959 968 3018 prorsus
1000 2943 1320 2998 abhorrenti
1356 2945 1673 3000 necessario
1705 2944 1936 3015 conjun-

353 3046 460 3097 cta,
503 3033 870 3089 conﬂictatur.
920 3032 1056 3085 Nam
1111 3040 1302 3086 mutua
1369 3033 1484 3088 haec
1538 3034 1933 3089 elementorum

2037 1861 2139 1897 που
2171 1844 2472 1915 γενόμενοι.
2512 1845 2576 1898 Ἡ
2595 1845 2651 1898 δὲ
2674 1843 3146 1914 τοιαύτηιδιάνοια,
3177 1841 3537 1913 εὐφροσύνης,
3567 1841 3630 1896 ού

2039 1935 2339 2007 κατηφείας
2367 1936 2566 2006 γένοιτ’
2608 1936 2675 1989 ἂν
2712 1939 2823 2001 τοῖς
2860 1936 3174 2007 λεγομένοις
3214 1933 3503 1999 ὑπόθεσις,
3547 1935 3633 1989 ὄτι-

2036 2027 2135 2099 τὴν
2177 2027 2484 2097 ἀναγκαίαν
2523 2026 2727 2099 ταύτην
2770 2026 3115 2099 λειτουργίαν
3162 2024 3567 2097 ἀποπληρώσας
3600 2026 3630 2079 ὁ

2037 2119 2358 2191 ἄνθρωπος,
2395 2120 2575 2174 οὐκέτι
2622 2120 2681 2173 ὲν
2729 2120 3031 2192 ἀλλοτρίοις
3086 2118 3187 2190 ζῇ,
3243 2118 3477 2183 ἀποδοὺς
3528 2116 3628 2188 μὲν

2037 2212 2253 2283 ἑκάστῳ
2288 2211 2396 2265 τῶν
2440 2211 2719 2283 στοιχείων
2752 2212 2817 2264 τὸ
2853 2211 3004 2278 ἴδιον,
3043 2209 3073 2263 ὃ
3118 2210 3248 2281 παρ’
3280 2207 3460 2264 αύτῶν
3490 2209 3630 2280 ἡρα-

2037 2304 2241 2368 νίσατο,
2272 2307 2352 2369 εἰς
2383 2304 2439 2358 δὲ
2467 2305 2564 2377 τὴν
2606 2305 2810 2359 οἰκείαν
2840 2304 2988 2376 αύτῷ
3021 2305 3114 2360 καὶ
3161 2303 3303 2359 κατὰ
3340 2302 3502 2373 φύσιν
3529 2303 3629 2354 ἐπ-

2039 2394 2278 2450 ανελθὼν
2323 2394 2539 2460 ἑστίαν,
2577 2396 2677 2467 τὴν
2720 2395 2968 2467 καθαρὰν
2997 2396 3094 2449 καὶ
3125 2394 3440 2466 ἀσώματον.
3488 2392 3625 2465 Ξένη

2035 2486 2144 2556 γάρ
2178 2488 2260 2549 τίς
2286 2490 2432 2540 ἐστιν
2459 2488 2628 2549 ὅντως
2660 2489 2751 2540 καὶ
2786 2489 3094 2558 ἀλλοδαπὴς
3121 2492 3188 2560 τῇ
3214 2486 3492 2558 ἀσωμάτῳ
3518 2485 3623 2556 φύ-

2040 2596 2121 2632 σει
2151 2579 2184 2648 ἡ
2222 2577 2315 2631 τοῦ
2347 2576 2599 2649 σώματος
2627 2577 2750 2651 ὕλη,
2787 2573 2821 2653 ᾖ
2844 2579 2964 2632 κατ’
2994 2579 3241 2650 ἀνάγκην
3267 2579 3296 2632 ό
3323 2577 3447 2640 νοῦς
3477 2581 3535 2631 ὲν
3559 2579 3629 2649 τῇ

2039 2669 2151 2739 ζωῇ
2182 2667 2354 2738 ταύτῃ
2383 2666 2902 2738 συμπεπλεγμένος,
2940 2666 3337 2737 ἐνταλαιπωρεῖ
3360 2662 3439 2735 τῷ
3466 2663 3625 2718 ἀλλο-

2039 2756 2193 2828 φύλῳ
2236 2756 2337 2829 βίῳ
2392 2755 2862 2827 συνδιαιτώμενος.
2900 2756 3011 2828 Τῆς
3046 2756 3156 2828 γὰρ
3200 2756 3309 2809 τῶν
3349 2753 3628 2825 στοιχείων

2039 2848 2176 2919 πρὸς
2206 2846 2411 2919 ἄλληλα
2444 2846 2764 2918 συμπλοκῆς
2786 2889 2800 2911 ,
2834 2846 3025 2917 ὥσπερ
3055 2847 3220 2900 τινῶν
3252 2843 3631 2916 ἀλληλογλώστ

2041 2956 2149 2993 σων
2172 2957 2232 2992 τε
2262 2940 2354 2992 καὶ
2384 2938 2813 3009 ἀπεξενωμένων
2836 2940 2950 3002 τοῖς
2990 2937 3178 3004 ἤθεσιν
3205 2935 3529 3008 ἀνθρώπων,
3564 2936 3632 3009 ἐκ*

2038 3031 2312 3103 διαφόρων
2350 3030 2522 3083 ἐθνῶν
2561 3030 2658 3082 ἕνα
2693 3030 2866 3101 δῆμον
2901 3028 3393 3100 ἀναπληρούντων,
3441 3027 3627 3098 βεϐια-

353 3123 669 3193 cunjunrtio
708 3130 792 3177 est
822 3121 991 3175 veluti
1037 3121 1322 3177 hominum
1355 3123 1522 3178 variis
1550 3132 1605 3178 et
1638 3124 1842 3195 linguis
1879 3131 1935 3180 et

2041 3124 2213 3196 σμένη
2246 3141 2302 3176 τε
2330 3125 2423 3177 καί¹
2445 3123 2771 3194 ἀσύμφωνος
2799 3123 3008 3192 γίνεται
3034 3123 3067 3193 ή
3094 3120 3368 3185 κοινωνία,
3393 3120 3624 3174 ἑκάστου

355 3215 600 3270 moribus
644 3215 938 3277 utentium,
997 3214 1089 3284 qui
1150 3230 1217 3269 ex
1270 3214 1505 3271 diversis
1569 3217 1826 3286 gentibus
1878 3217 1935 3272 in

2035 3216 2171 3287 πρὸς
2208 3217 2269 3270 τὸ
2299 3215 2560 3285 συγγενὲς
2588 3216 2684 3270 καὶ
2723 3216 2924 3269 οἰκεῖον
2957 3214 3064 3269 ὑπὸ
3108 3214 3207 3284 τῆς
3245 3212 3381 3276 ἰδίας
3412 3212 3628 3282 φύσεως

356 3322 524 3361 urmm
556 3305 948 3371 conﬂuxeriut,
996 3307 1237 3362 violenta
1273 3307 1522 3378 qumdam
1565 3312 1803 3365 societas
1852 3316 1935 3364 at-

2041 3309 2428 3382 ἀφελκομένου.
2486 3309 2548 3366 Ὀ
2591 3310 2649 3363 δὲ
2701 3311 2826 3375 νοῦς
2871 3311 2900 3364 ὁ
2941 3310 3154 3373 τούτοις
3199 3307 3627 3380 ἐγκεκραμένος,

353 3413 480 3472 que.
496 3396 852 3462 dissentiens,
885 3413 1009 3451 cum
1043 3412 1072 3450 a
1103 3413 1200 3453 sua
1250 3400 1689 3471 unumquodque
1736 3409 1935 3457 natura

354 3490 420 3543 ad
454 3490 735 3561 proprium
765 3497 1370 3560 cognatumque‘genus
1405 3492 1772 3548 distrahatur.
1800 3494 1935 3547 Aui-

356 3597 478 3636 mus
506 3591 711 3648 autem,
742 3583 835 3653 qui
874 3598 981 3637 non
1013 3592 1097 3639 est
1142 3584 1506 3654 compositus,
1549 3586 1643 3640 sed
1700 3585 1936 3655 simplici

355 3683 521 3745 atque
573 3676 738 3731 unius
787 3677 1007 3747 generis
1058 3685 1257 3732 natura
1325 3684 1564 3741 constat,
1626 3677 1769 3732 inter
1823 3678 1938 3732 haec

356 3776 618 3837 tanquam
654 3767 857 3837 hospes
883 3783 947 3822 ac
976 3770 1296 3840 peregrinus
1327 3769 1478 3835 vivit,
1521 3783 1622 3823 nec
1664 3783 1788 3823 cum
1821 3768 1935 3824 ele-

2033 3402 2326 3467 ἀσύνθετος
2352 3403 2427 3457 ὢν
2458 3405 2516 3458 έν
2560 3402 2705 3474 ἁπλῇ
2738 3420 2798 3456 τε
2827 3402 2920 3458 καὶ
2955 3403 3217 3474 μονοειδεῖ
3254 3405 3320 3474 τῇ
3357 3402 3535 3473 φύσει,
3570 3402 3628 3454 έν

2038 3493 2209 3558 ξένοις
2231 3495 2327 3548 καὶ
2348 3494 2651 3566 ἀλλοτρίοις
2671 3493 2760 3565 ζῇ,
2785 3493 3104 3564 ἀσύμφυλος
3126 3493 3200 3546 ὢν
3222 3495 3299 3565 τῷ
3321 3494 3629 3565 περιέχοντι

2042 3585 2205 3638 αὑτὸν
2238 3587 2300 3639 ἐκ
2333 3586 2441 3640 τῶν
2490 3583 2766 3655 στοιχείων
2801 3585 2977 3655 δήμῳ,
3007 3583 3068 3647 ὃς
3099 3588 3162 3655 τῇ
3197 3584 3530 3656 πολυμερείᾳ
3558 3586 3625 3655 τῇ

2046 3679 2331 3748 σωματικῇ
2359 3677 2425 3730 δι’
2469 3677 2716 3746 ἀνάγκης
2742 3675 2886 3739 τινὸς
2918 3676 3347 3748 ἐνσπειράμενος
3385 3676 3484 3746 τὴν
3507 3677 3629 3728 ἑαυ-

2042 3768 2138 3821 τοῦ
2164 3767 2325 3836 φύσιν
2345 3766 2615 3839 βιάζεται,
2655 3768 2770 3830 τοῖς
2800 3764 3119 3835 ἀλλοφύλοις
3151 3764 3459 3837 ὲνούμενος.

356 3867 688 3927 mentorum,
731 3867 789 3915 ut
845 3860 919 3913 ita
965 3860 1178 3925 dicam,
1237 3860 1439 3930 populo
1484 3867 1666 3930 potest
1723 3874 2044 3927 congruere.
2108 3858 2159 3915 ls
2218 3861 2363 3917 enim
2430 3860 2762 3915 necessitate
2822 3858 3058 3929 quadam
3108 3875 3173 3915 ex
3229 3858 3627 3930 multiplicibus

427 4131 632 4188 Verum
699 4148 823 4188 cum
883 4133 1157 4188 elementa
1189 4133 1515 4188 naturaliter
1567 4134 1710 4189 inter
1738 4150 1797 4191 se
1824 4135 1940 4192 dis-

359 4225 637 4291 sentiant,
667 4239 731 4280 ac
774 4204 1181 4287 dissolvantur,
1211 4233 1264 4280 et
1298 4224 1363 4278 ad
1399 4240 1562 4280 suum
1619 4227 1939 4297 proprium-

361 4330 469 4384 que
509 4331 682 4385 genus
730 4315 948 4386 singula
983 4314 1351 4381 contendant,
1404 4314 1457 4369 in
1512 4332 1576 4370 ea
1633 4325 1936 4372 concentus

258 3956 263 3961 '
355 3952 748 4022 corporeisque
788 3951 1075 4022 particulis
1114 3962 1339 4007 coactus
1390 3960 1644 4007 naturam
1710 3966 1866 4008 suam
1928 3950 2094 4022 cogit,
2156 3960 2211 4008 et
2250 3969 2317 4009 ex
2382 3954 2681 4010 contrariis
2740 3955 3037 4026 generibus
3091 3952 3416 4023 copulatur,
3460 3960 3627 4024 atque

263 4065 266 4069 ν
357 4057 524 4101 ιιιιιιιιι
552 4040 804 4096 efﬁcitur.

2116 4134 2236 4189 Τῶν
2261 4134 2317 4189 δὲ
2341 4135 2617 4205 στοιχείων
2641 4134 2774 4206 πρὸς
2796 4134 2895 4205 τὴν
2923 4133 3031 4186 τῶν
3061 4134 3139 4188 ἀπ
3167 4132 3412 4203 ἀλλήλων
3440 4133 3624 4188 διάλυ-

2047 4246 2132 4282 σιν
2168 4227 2411 4297 φυσικῶς
2445 4226 2537 4279 ἐπὶ
2567 4225 2628 4278 τὸ
2668 4226 2927 4295 συγγενές
2954 4243 3011 4279 τε
3051 4226 3145 4279 καὶ
3172 4220 3370 4279 οἰκεῖον
3397 4226 3628 4294 ἀφελκο-

2049 4321 2245 4390 μένων,
2274 4320 2508 4383 ἀνιᾶται,
2559 4317 2679 4371 κατ’
2709 4318 2954 4388 ἀνάγκην
2987 4317 3255 4389 λυομένης
3280 4335 3340 4371 τε
3385 4320 3478 4372 καὶ
3513 4336 3628 4389 σχι-
3715 4380 3727 4392 ⁸

357 4404 722 4463 dissolutione
772 4421 969 4461 sensus
1023 4406 1244 4477 angitur
1303 4407 1648 4472 necessario,
1702 4415 1756 4463 et
1829 4425 1935 4464 una

2045 4409 2278 4480 ζομένης
2325 4408 2426 4478 τῆς
2470 4408 2763 4478 συμφυΐας,
2806 4410 2840 4479 ἡ
2876 4408 3160 4478 αἴσθησιςο
3215 4408 3528 4464 συνίσταται
3570 4408 3626 4462 δὲ

357 4512 482 4551 cum
533 4497 655 4565 ipso
708 4510 872 4551 sensu
928 4498 1210 4550 cruciatur
1254 4497 1518 4552 animus:
1573 4498 1667 4568 qui
1716 4499 1842 4555 licet
1870 4501 1940 4556 al)

359 4589 478 4657 ipso
530 4602 763 4656 corpore
830 4600 1047 4657 semper
1095 4586 1361 4643 afﬁciatur
1427 4589 1713 4652 molestia,
1780 4592 1837 4647 in
1875 4592 1941 4646 il-

358 4680 452 4733 lud
508 4688 685 4733 tamen
740 4677 810 4732 ob
859 4680 1279 4735 consuetudinis
1319 4682 1781 4738 necessitudinem
1814 4699 1941 4754 pro-

358 4786 564 4842 pensus
586 4777 688 4825 est.
722 4768 1090 4836 Quamobrem
1139 4781 1269 4826 tunc
1298 4772 1519 4828 animus
1566 4775 1691 4845 angi
1723 4774 1942 4830 crucia-

357 4866 513 4936 riquc
547 4864 750 4920 desinit
776 4906 790 4931 ,
818 4879 942 4919 cum
978 4881 1008 4920 a
1034 4880 1214 4936 pugna
1241 4905 1256 4931 ,
1287 4881 1408 4936 quae
1438 4882 1503 4921 ex
1534 4867 1939 4923 contrariorum

359 4959 755 5013 elementorum
824 4957 1216 5028 conjunctione
1293 4960 1619 5027 consurgit,
1679 4961 1935 5015 evaserit.

362 5046 573 5103 Etenim
601 5064 729 5121 cum
774 5048 859 5103 vel
920 5047 1178 5119 frigidum
1238 5049 1307 5105 ab
1356 5060 1722 5120 exsuperante
1762 5052 1941 5107 calido

359 5140 564 5195 victum
600 5138 800 5205 fuerit,
849 5139 934 5194 vel
978 5140 1215 5194 calidum
1260 5140 1312 5194 vi
1351 5139 1529 5210 frigidi
1582 5149 1937 5211 superatmn,

361 5232 445 5285 vel
475 5232 609 5287 sicci
635 5233 893 5302 potentia:
933 5231 1218 5286 humidum
1251 5233 1607 5288 succubuerit
1633 5275 1647 5297 ,
1681 5241 1942 5288 contrave

360 5322 569 5377 siccum
636 5322 853 5399 ipsum,
922 5324 1266 5381 bumiditatis
1335 5328 1491 5397 copia
1558 5325 1937 5391 dissolutum,

363 5413 611 5474 cesserit,
647 5420 780 5467 tunc
809 5415 952 5469 bello
980 5430 1077 5486 per
1108 5424 1339 5472 mortem
1380 5417 1632 5472 confecto
1652 5459 1666 5484 ,
1698 5417 1938 5482 animus,

364 5505 556 5560 relicto
583 5502 957 5562 dimicationis
991 5522 1185 5579 campo
1205 5546 1221 5573 ,
1277 5508 1330 5564 id
1372 5519 1492 5569 est.
1522 5513 1645 5579 ipso
1670 5523 1900 5579 corpore
1922 5549 1939 5573 ,

367 5610 501 5666 pace
526 5594 721 5659 utitur,
746 5603 802 5650 et
832 5603 988 5651 extra
1022 5597 1169 5653 acies
1202 5598 1505 5654 instructas
1533 5614 1817 5670 egressus,
1853 5598 1940 5653 vi-

365 5690 628 5761 ribusque
653 5685 769 5743 suis
789 5726 803 5753 ,
831 5702 952 5758 qua:
980 5691 1265 5761 complexu
1310 5691 1558 5769 corporis
1609 5690 1820 5747 alliietze
1857 5692 1939 5747 la-

2041 4503 2108 4572 τῇ
2155 4498 2408 4570 αἰσθήσει
2443 4497 2503 4551 τὸ
2534 4496 2870 4567 διανοητικόν
2902 4495 3003 4565 τῆς
3051 4495 3230 4566 ψυχῆς
3269 4494 3405 4565 πρὸς
3437 4496 3499 4549 τὸ
3540 4497 3628 4550 ἀεὶ

2040 4590 2245 4644 λυποῦν
2276 4591 2340 4643 ὲκ
2375 4588 2659 4659 συνηθείας
2687 4587 3116 4658 ὲπικλινόμενον.
3155 4587 3289 4641 Τότε
3319 4583 3412 4641 οῦν
3444 4590 3473 4641 ό
3503 4587 3628 4652 νοῦς

2041 4681 2325 4753 δυσφορῶν
2360 4698 2419 4736 τε
2470 4681 2564 4734 καὶ
2607 4679 2905 4750 ἀνιώμενος
2937 4680 3191 4744 παύεται,
3227 4681 3358 4734 ὅταν
3404 4680 3507 4745 ἔξω
3536 4680 3629 4750 γέ-

2042 4790 2199 4844 νηται
2227 4773 2325 4843 τῆς
2361 4772 2540 4842 μάχης
2577 4771 2672 4843 τῆς
2705 4772 2763 4824 ὲν
2798 4773 2863 4841 τῇ
2895 4771 3179 4841 συμπλοκῇ
3210 4769 3317 4824 τῶν
3361 4773 3628 4825 ἀντιστοι-

2043 4862 2279 4935 χούντων
2315 4864 2727 4934 συνισταμένης.
2789 4860 3036 4919 Ἐπειδὰν
3079 4866 3189 4937 γὰρ
3238 4866 3271 4938 ἦ
3317 4865 3377 4919 τὸ
3419 4866 3627 4937 ψυχρὸν

2040 4955 2247 5025 ἡττηθῇ
2307 4952 2401 5007 τοῦ
2452 4954 2655 5026 θερμοῦ
2706 4956 3151 5026 κατισχύσαντος,
3198 4957 3232 5027 ἢ
3283 4956 3346 5010 τὸ
3391 4956 3626 5027 ἔμπαλιν

2043 5047 2220 5117 φεύγῃ
2260 5047 2350 5099 τὸν
2381 5046 2718 5119 πλεονασμὸν
2760 5049 2857 5120 τῆς
2886 5049 3097 5119 ψύξεως
3130 5053 3165 5121 η
3211 5049 3502 5121 θερμότης.
3548 5048 3627 5120 τῷ

2040 5157 2100 5192 τε
2129 5140 2277 5211 ξηρῷ
2302 5139 2389 5193 διὰ
2417 5140 2515 5211 τῆς
2546 5142 2960 5212 ἐπικρατησεως
2987 5143 3048 5195 τὸ
3082 5142 3245 5214 ὑγρὸν
3268 5142 3624 5215 ύποχωρήσῃ,

2041 5233 2076 5304 ἢ
2112 5232 2333 5304 διαλυθῇ
2378 5232 2469 5286 τοῦ
2526 5232 2692 5303 ξηροῦ
2742 5234 2803 5288 τὸ
2854 5236 3049 5303 πάγιον
3080 5237 3139 5289 ὲν
3187 5234 3265 5305 τῷ
3300 5233 3626 5306 πλεονασμῷ

2041 5326 2141 5396 τῆς
2173 5326 2491 5396 ὑγρότητος,
2541 5325 2661 5378 τότε
2696 5325 2788 5380 τοῦ
2837 5327 2895 5380 ὲν
2942 5328 3079 5397 ἡμῖν
3118 5324 3355 5396 πολέμου
3400 5325 3489 5381 διὰ
3530 5324 3625 5381 τοῦ

2044 5418 2271 5472 θανάτου
2305 5417 2576 5483 λυθέντος,
2612 5420 2835 5491 εἰρήνην
2884 5418 2913 5470 ό
2960 5419 3085 5484 νοῦς
3131 5419 3276 5488 ἄγει,
3311 5417 3626 5475 καταλιπὼν

2042 5511 2102 5565 τὸ
2130 5511 2228 5582 τῆς
2263 5511 2444 5582 μάχης
2492 5512 2834 5583 μεταίχμιον,
2889 5511 2948 5566 τὸ
2981 5511 3140 5584 σῶμα
3187 5511 3351 5581 λέγω,
3384 5514 3480 5568 καὶ
3525 5512 3626 5583 τῆς

2043 5600 2151 5655 τῶν
2193 5600 2470 5671 στοιχείων
2505 5600 2640 5671 πρὸς
2671 5600 2873 5669 ἄλληλα
2911 5601 3272 5672 παρατάξεως
3321 5601 3426 5669 ἔξω
3472 5603 3625 5671 γενό-

2047 5710 2224 5764 μενος,
2278 5692 2401 5747 καθ’
2440 5689 2751 5763 έαυτὸν.ζῇ,
2787 5696 3158 5764 πεπονηκυῖαν
3198 5695 3252 5748 ἐν
3294 5695 3357 5760 τῆ
3393 5692 3485 5748 τοῦ
3519 5693 3622 5748 σώ-
