4124 6352
500 315 608 372 513

1887 322 1976 376 DE
2030 320 2363 377 MORTUIS.

3666 322 3768 378 5H

502 448 670 503 ματος
699 434 982 505 συμπλοκῇ
1023 436 1122 508 τὴν
1157 437 1309 508 ἰσχὺν
1345 437 1538 492 ἑαυτοῦ
1581 441 1647 493 δι’
1690 440 1918 510 ἡσυχίας
1953 442 2074 494 ἁνα-

2193 440 2492 501 borabant,
2530 451 2623 505 per
2656 437 2828 489 otium
2880 435 3254 505 recuperatis,
3290 451 3476 491 secum
3534 435 3651 506 ipse
3685 440 3768 490 vis

500 523 812 593 λαμϐάνων.
853 524 1037 579 Ταῦτα
1071 527 1250 580 τοίνυν
1298 529 1392 581 καὶ
1423 528 1490 582 τά
1520 528 1742 582 τοιαῦτα
1775 531 1888 592 τοῖς
1919 531 1976 584 ὲν
2010 529 2087 600 τῷ

501 612 713 682 σώματι
749 612 914 676 ζῶσιν
963 615 992 666 ὁ
1049 615 1170 678 νοῦς
1217 615 1554 685 διαλέγεται,
1593 618 1875 688 μονονουχὶ
1902 618 2084 687 φωνὴν

501 704 699 771 ἀφιεὶς,
733 705 813 757 ὅτι
851 701 921 756 Ὦ
955 705 1248 777 ἄνθρωποι,
1293 707 1414 762 οὔτε
1446 709 1503 760 ἐν
1535 704 1614 771 οἷς
1642 710 1792 772 ἐστε,
1844 706 2086 778 ἀκριϐῶς

500 796 696 860 οἴδατε,
729 797 826 850 καὶ
858 799 936 860 είς
960 799 987 850 ὅ
1015 816 1066 850 τι
1109 801 1524 871 μεταχωρήσετε
1545 841 1557 864 ,
1593 799 1744 853 οῦπω
1769 799 2080 854 ἐπίστασθε.

500 888 573 939 Τὸ
601 889 696 957 μὲν
727 889 836 959 γὰρ
863 889 1034 959 παρὸν
1057 885 1167 944 οἷον
1194 894 1260 962 τῇ
1288 893 1443 959 φύσει
1465 894 1630 954 ἐστὶν,
1665 891 1815 945 οὔπω
1846 892 2084 963 ἐξευρεῖν

497 981 524 1031 ὁ
564 980 719 1048 λόγος
770 982 1070 1052 δεδύνηται,
1120 983 1255 1037 ἀλλά
1305 984 1440 1055 πρὸς
1491 985 1656 1055 μόνην
1703 984 1801 1055 τὴν
1845 985 1936 1037 τοῦ
1985 984 2084 1054 ζῇν

498 1071 783 1143 συνήθειαν
819 1071 1026 1142 βλέπει,
1081 1073 1156 1145 μὴ
1202 1073 1498 1143 δυνάμενος
1540 1075 1761 1142 γνῶναι,
1810 1075 1893 1136 τίς
1926 1075 1958 1141 ἡ
1991 1071 2082 1124 τοῦ

500 1162 749 1233 σώματος
783 1163 944 1233 φύσις
967 1182 978 1194 ·
1011 1165 1095 1229 τίς
1142 1168 1176 1236 ἡ
1226 1167 1334 1219 τῶν
1367 1166 1673 1235 αἰσθήσεων
1709 1165 1969 1236 δύναμις·
2001 1165 2082 1230 τίς

496 1255 530 1324 ἡ
557 1254 667 1307 τῶν
692 1255 997 1325 ὀργανικῶν
1039 1257 1216 1322 μελῶν
1244 1259 1526 1328 διασκευή·
1559 1257 1643 1320 τίς
1671 1260 1704 1328 ἡ
1737 1256 1844 1309 τῶν
1875 1256 2082 1324 σπλάγ-

495 1362 637 1416 χνων
701 1348 1014 1417 οἰκονομία·
1075 1348 1162 1412 τίς
1209 1350 1242 1419 ἡ
1299 1349 1648 1419 αύτοκίνητος
1710 1349 1818 1401 τῶν
1875 1347 2080 1420 νεύρων

495 1439 777 1509 ἐνέργεια·
806 1439 921 1502 πῶς
945 1441 1051 1492 τῶν
1102 1442 1158 1493 ὲν
1201 1443 1351 1512 ἡμῖν,
1386 1441 1455 1494 τὸ
1488 1441 1585 1511 μὲν
1618 1442 1698 1503 είς
1735 1440 1922 1494 ὀστέου
1971 1441 2078 1507 πή-

494 1548 688 1599 γνυται
724 1533 906 1600 φύσιν,
930 1532 992 1584 τὸ
1025 1532 1081 1585 δὲ
1128 1535 1207 1597 εἰς
1235 1532 1332 1603 τὴν
1366 1532 1626 1602 φωτοειδῆ
1668 1532 1760 1584 τοῦ
1801 1530 2078 1600 όιρθαλμοῦ

493 1625 665 1694 αὐγὴν
699 1625 992 1690 ούσιοῦται,
1025 1625 1140 1689 πῶς
1179 1628 1244 1678 ἐκ
1276 1627 1373 1696 τῆς
1410 1625 1578 1695 αὐτῆς
1617 1624 1823 1694 τροφῆς
1860 1625 1953 1676 καὶ
1984 1623 2077 1675 τοῦ

492 1714 658 1768 αὐτοῦ
691 1716 950 1786 πόματος,
988 1716 1050 1768 τὸ
1089 1715 1188 1786 μὲν
1219 1717 1298 1779 είς
1330 1715 1523 1788 τρίχας
1552 1715 1896 1778 λεπτύνεται,
1925 1713 1985 1765 τὸ
2022 1713 2078 1766 δὲ

2191 531 2286 584 vit.
2315 528 2412 584 His
2445 529 2611 598 igitur
2645 543 2801 582 mens
2827 542 2888 580 ac
2918 527 3194 582 similibus
3230 526 3411 580 verbis
3448 528 3499 579 in
3533 541 3768 597 corpore

2189 623 2435 674 viventes
2466 619 2760 688 alloquitur
2783 661 2798 682 ,
2843 619 3116 688 talemque
3143 616 3540 686 propemodum
3576 632 3767 672 vocem

2186 712 2442 768 emittens
2470 729 2482 766 :
2522 710 2634 765 Vos
2660 750 2674 772 ,
2705 711 2910 780 inquit,
2951 710 3202 765 homines
3223 751 3237 775 ,
3273 724 3372 764 nec
3399 709 3559 778 plane
3589 712 3766 763 nostis

2187 805 2410 859 ubinam
2446 804 2612 868 sitis;
2650 812 2737 866 et,
2795 817 2904 872 quo
2949 801 3407 871 proﬁciscendum
3460 800 3533 856 sit
3569 801 3727 860 vobis
3750 840 3765 865 ,

2188 893 2433 948 nondum
2467 893 2809 963 intelligitis:
2856 909 2978 946 nam
3009 899 3300 954 eteorum,
3335 906 3457 959 quae
3495 890 3585 944 hic
3611 898 3762 953 sunt,

2184 995 2439 1041 naturam
2481 985 2632 1039 nulla
2682 985 2861 1037 adhuc
2922 983 3060 1036 ratio
3096 983 3271 1050 potuit
3325 981 3627 1052 indagare:
3664 983 3768 1036 ita-

2183 1094 2288 1148 que
2340 1079 2510 1132 solum
2567 1077 2778 1130 vivendi
2840 1073 3294 1129 consuetudinem
3331 1072 3626 1143 spectatis,
3666 1085 3767 1125 nec

2185 1170 2491 1238 intelligere
2522 1169 2788 1237 potestis,
2826 1181 2945 1236 qua:
2982 1166 3054 1220 sit
3096 1165 3345 1234 corporis
3379 1173 3578 1218 natura
3606 1180 3619 1218 :
3645 1179 3767 1234 quae

2184 1275 2444 1315 sensuum
2477 1259 2594 1313 vis:
2630 1275 2752 1327 qua:
2791 1256 3195 1321 membrorum,
3231 1256 3434 1326 quibus
3471 1262 3530 1309 ut
3558 1255 3766 1310 instru-

2183 1353 2380 1406 mentis
2410 1351 2660 1414 utimini,
2721 1359 2999 1405 structura
3030 1367 3042 1403 :
3079 1363 3202 1419 quae
3235 1362 3528 1404 nervorum
3569 1361 3667 1417 per
3705 1361 3765 1400 se

2183 1446 2515 1498 moventium
2555 1444 2730 1506 actio,
2777 1457 2886 1512 quo
2916 1441 3078 1495 modo
3121 1455 3333 1505 eorum,
3372 1455 3492 1508 qua:
3517 1438 3570 1492 in
3601 1437 3762 1492 nobis

2181 1544 2330 1599 sunt,
2361 1534 2504 1587 aliud
2534 1535 2586 1586 in
2615 1533 2758 1588 ossis
2784 1539 3058 1597 naturam,
3083 1530 3229 1584 aliud
3257 1531 3314 1584 in
3346 1529 3587 1584 lucidum
3614 1529 3760 1582 oculi

2179 1625 2524 1692 Splendorem
2590 1622 2898 1686 coalescat;
2955 1636 3064 1690 quo
3112 1621 3275 1674 modo
3320 1619 3567 1688 ejusdem
3615 1620 3762 1683 cibi,

2179 1725 2459 1786 potusque
2494 1730 2621 1784 pars
2648 1723 2979 1769 extenuetur
3001 1714 3055 1767 in
3087 1715 3312 1781 capillos
3337 1753 3351 1778 ,
3395 1728 3520 1783 pars
3566 1713 3621 1766 in
3661 1727 3764 1765 un-

492 1808 571 1871 είς
600 1807 796 1877 ὄνυχας
827 1810 937 1871 τοῖς
963 1809 1154 1878 ἄκροις
1185 1807 1294 1861 τῶν
1319 1807 1595 1861 δακτύλων
1621 1805 2039 1858 ὲπιπλατύνεται
2058 1845 2073 1869 ,

2179 1825 2314 1880 gues
2354 1811 2419 1860 ad
2478 1821 2726 1862 summos
2782 1805 2983 1876 digitos
3030 1806 3330 1868 dilatetur;
3388 1819 3497 1874 quo
3552 1805 3754 1865 modo,

491 1896 523 1967 ἢ
569 1897 685 1960 πῶς
728 1898 814 1950 ἀεὶ
848 1897 908 1950 τὸ
956 1898 1242 1970 ἐγκάρδιον
1284 1897 1647 1966 ἀναφλέγεται
1677 1896 1808 1968 πῦρ,
1846 1897 1932 1951 διά
1966 1894 2074 1949 τῶν

491 1988 766 2059 ἀρτηριῶν
827 1991 913 2057 ἐφ’
975 1989 1119 2042 ἀπαν
1191 1989 1252 2041 τὸ
1324 1988 1484 2058 σῶμα
1545 1988 1975 2058 διαφερόμενον·
2036 1987 2070 2058 ἢ

465 2080 608 2144 ’πῶς
647 2081 708 2132 τὸ
745 2081 1050 2150 πινόμενον,
1097 2080 1314 2134 ἐπειδὰν
1362 2083 1420 2132 ἐν
1475 2079 1552 2149 τῷ
1597 2080 1770 2149 ἥπατι
1822 2078 2072 2148 γένηται·

494 2169 816 2239 μεταϐάλλει
852 2171 942 2222 κα)⁸
969 2172 1026 2222 τὸ
1060 2166 1199 2234 εἶδος
1229 2171 1324 2224 καὶ
1368 2171 1469 2240 τὴν
1513 2170 1771 2240 ποιότητα
1806 2168 1892 2221 διά
1931 2187 2074 2232 τινος

485 2260 828 2323 ,ἀλλοιώσεως
878 2261 1201 2332 αὐτομάτως
1245 2261 1726 2332 ὲξαιματούμενον.
1760 2255 1858 2315 Ὧν
1903 2262 2073 2314 ἀπάν-

486 2342 597 2417 των
625 2355 657 2422 ή
686 2352 904 2419 γνῶσις,
944 2354 1104 2425 μέχρι
1137 2354 1229 2407 τοῦ
1260 2355 1523 2425 παρόντος
1552 2355 1698 2407 ἐστὶν
1738 2354 2068 2426 ἀπόρρητος·

490 2443 565 2506 ὡς
589 2445 804 2512 ἀγνοεῖν
841 2448 987 2517 ἡμᾶς
1006 2448 1103 2516 τὴν
1148 2447 1291 2518 ζωὴν
1334 2450 1391 2501 ὲν
1511 2447 1842 2518 βιοτεύομεν.
1877 2448 1979 2502 Τὸν
2017 2448 2072 2502 δὲ

489 2534 588 2603 τῆς
634 2535 937 2604 αἰσθήσεως
991 2537 1394 2607 κεχωρισμένον
1443 2536 1575 2604 βίον,
1603 2538 1652 2587 οἱ
1704 2540 1771 2605 τῇ
1822 2536 2072 2606 αἰσθήσει

492 2625 779 2689 συξῶντες,
815 2625 1134 2678 ἀδυνατοῦσι
1169 2625 1395 2678 καθόλου
1448 2625 1764 2678 θεάσασθαι·
1810 2627 1926 2689 πῶς
1964 2627 2071 2698 γάρ

488 2717 553 2771 ἄν
581 2734 662 2780 τις
683 2717 750 2770 δι’
769 2718 1074 2787 αἰσθήσεως
1103 2719 1200 2771 ῖδοι
1224 2719 1282 2771 τὸ
1305 2718 1409 2783 ἕξω
1439 2719 1536 2788 τῆς
1567 2721 1899 2790 αἰσθήσεως;
1935 2722 2068 2788 ’Λμ-

491 2806 734 2878 φοτέρων
754 2806 932 2862 τοίνυν
953 2807 1059 2860 τῶν
1084 2807 1214 2878 βίων
1233 2807 1432 2878 ὁμοίως
1453 2809 1852 2880 ἀγνοουμένων,
1879 2809 2067 2862 τούτου

493 2898 591 2968 μὲν
621 2898 708 2952 διὰ
734 2899 795 2952 τὸ
824 2898 959 2971 πρὸς
987 2900 1143 2970 μόνον
1186 2901 1246 2954 τὸ
1277 2901 1598 2970 φαινόμενον
1642 2900 1858 2970 βλέπειν
1889 2901 2032 2970 ὑμᾶς
2052 2917 2066 2933 ·

490 2989 700 3042 ἐκείνου
727 2989 804 3053 δὲ,
845 2990 933 3044 διά
966 2991 1028 3044 τὺ
1063 2991 1137 3062 μὴ
1166 2991 1537 3046 καθικνεῖσθαι
1572 2991 1670 3064 τὴν
1695 2993 1965 3064 αἴσθησιν.
2006 2992 2070 3045 Τί

489 3079 815 3146 πεπόνθατε,
837 3081 1131 3155 ἄνθρωποι,
1153 3083 1343 3137 τούτου
1377 3084 1474 3156 μὲν
1497 3084 1572 3147 ὡς
1596 3084 1802 3154 ἀγαθοῦ
1824 3086 2072 3156 περιεχό-

2183 1903 2276 1972 qui
2320 1915 2533 1969 seraper
2569 1900 2620 1952 in
2660 1899 2976 1968 praecordiis
3012 1898 3167 1950 ardet
3199 1897 3340 1966 ignis
3376 1912 3471 1966 per
3531 1898 3764 1950 arterias

2187 1993 2240 2046 in
2275 2000 2450 2046 totum
2482 2006 2684 2059 corpus
2712 1997 2963 2055 emanet;
2998 1988 3275 2058 quomodo
3308 1987 3392 2052 id,
3447 1987 3591 2058 quod
3622 1987 3763 2041 bibi.

2184 2087 2294 2153 tis,
2330 2100 2454 2138 cum
2501 2083 2568 2136 ad
2627 2083 2794 2151 hcpar
2838 2081 3174 2143 accesserit,
3233 2080 3469 2150 speciem
3527 2079 3764 2148 qualita-

2184 2189 2403 2249 temquc
2465 2187 2801 2241 commutet,
2829 2184 2883 2230 et
2918 2175 2970 2228 in
3016 2173 3347 2244 'sanguinem
3380 2180 3757 2227 convertatur.

2183 2272 2388 2326 llormn
2422 2286 2520 2325 vos
2542 2269 2787 2324 omnium
2831 2267 2896 2322 ad
2937 2267 3038 2320 hoc
3075 2281 3249 2336 usque
3275 2275 3491 2335 tempus
3520 2265 3761 2334 cognitio

2184 2365 2382 2426 latuit,
2433 2371 2492 2417 ut
2517 2377 2636 2417 eam
2671 2362 2886 2430 ipsam,
2945 2359 3133 2427 inqua
3195 2355 3534 2418 versamini,
3595 2355 3758 2408 vitam

2181 2457 2483 2528 ignoretis,
2520 2455 2722 2510 nedum
2771 2453 2918 2506 illam
2953 2490 2967 2514 ,
3004 2465 3125 2520 qua:
3180 2463 3209 2502 a
3245 2447 3501 2504 sensibus
3553 2455 3637 2503 est
3675 2462 3762 2500 re-

2182 2549 2489 2602 motissima
2509 2588 2523 2609 .
2560 2561 2684 2602 cum
2715 2543 2970 2599 sensibus
2996 2539 3282 2610 conjuncti
3309 2553 3538 2595 eernere
3571 2539 3757 2593 valca-

2181 2639 2274 2692 tis.
2343 2637 2635 2703 Quomodo
2687 2637 2832 2690 enim
2892 2635 3165 2706 quispiam
3230 2650 3326 2704 per
3387 2649 3646 2698 sensum,
3707 2634 3762 2686 id

2179 2730 2328 2800 quod
2361 2746 2530 2786 sensu
2565 2731 2820 2799 superius
2850 2737 2933 2784 est
2955 2768 2968 2790 ,
3003 2728 3348 2784 intuebitur?
3382 2727 3628 2798 Utraque
3667 2727 3763 2796 igi-

2181 2831 2270 2876 tur
2303 2824 2412 2876 vita
2442 2837 2470 2875 a
2511 2822 2667 2877 vobis
2699 2822 2906 2891 pariter
2931 2822 3243 2898 ignoratur,
3275 2829 3328 2875 et
3360 2835 3599 2890 praesens
3624 2821 3758 2880 lucc.

2179 2913 2436 2980 quoniam
2473 2912 2526 2965 id
2552 2912 2728 2967 solum
2756 2953 2771 2978 ,
2827 2911 2974 2981 quod
3009 2920 3234 2982 apparet
3264 2951 3278 2976 ,
3342 2912 3650 2982 inspicitis;
3709 2924 3761 2965 ct

2179 3005 2352 3058 altera
2378 3005 2468 3060 illa
2497 3043 2512 3068 ,
2544 3005 2672 3074 quia
2713 3019 2910 3059 sensus
2949 3004 3018 3058 ad
3058 3019 3174 3058 eam
3212 3004 3536 3074 vestigando
3569 3019 3760 3072 perve-

2178 3097 2300 3152 nire
2324 3110 2434 3150 non
2466 3103 2665 3166 potest.
2697 3095 2828 3162 Qua:
2859 3111 2982 3150 cum
3035 3096 3111 3150 ita
3170 3110 3228 3151 se
3287 3096 3563 3161 habeant,
3621 3110 3758 3161 cur,

493 3190 666 3242 μενοι,
712 3174 889 3228 καίτοι
954 3175 1348 3247 ἀγνοουμένου·
1415 3179 1618 3231 ἐκεῖνον
1671 3177 1724 3232 δὲ
1779 3177 2074 3240 δεδοικότες

2179 3205 2210 3245 0
2237 3188 2535 3254 mortales,
2568 3188 2652 3244 sic
2702 3187 2884 3243 allecti
2917 3187 3085 3244 estis?
3141 3203 3240 3242 cur
3289 3187 3432 3241 hanc
3457 3226 3472 3250 ,
3516 3187 3642 3242 licet
3678 3187 3762 3241 in-

491 3265 585 3319 καὶ
629 3265 958 3334 φρίττοντες,
1006 3266 1082 3329 ὡς
1127 3267 1359 3337 χαλεπὸν
1415 3269 1506 3322 καὶ
1561 3268 1724 3338 φόϐου
1771 3268 1952 3332 ἄξιον·
2004 3268 2070 3322 δι’

490 3353 640 3406 οὐδὲν
668 3353 812 3417 ἀλλο,
837 3354 869 3424 ἢ
899 3353 986 3408 διά
1013 3355 1168 3409 τοῦτο
1199 3355 1378 3426 μόνον,
1412 3358 1493 3412 ὅτι
1517 3358 1760 3425 ἀγνοεῖτε
1790 3353 1901 3410 οἷόν
1929 3359 2069 3424 eam;

491 3445 681 3498 Καίτοι
724 3446 894 3498 πολλά
935 3449 1028 3500 καὶ
1069 3447 1205 3502 ἄλλα
1246 3450 1340 3502 καὶ
1368 3450 1475 3503 τῶν
1506 3451 1626 3504 κατ’
1656 3450 1905 3522 αἴσθησιν
1938 3453 2072 3522 ἡμῖν

491 3537 938 3606 προφαινομένων
971 3537 1063 3591 καὶ
1096 3539 1474 3610 ἀγνοουμένων
1513 3542 1573 3594 οὐ
1600 3541 1932 3612 δεδοίκαμεν.
1976 3543 2073 3605 Τίς

491 3627 654 3699 γὰρὴ
693 3629 856 3698 φύσις
883 3629 990 3683 τῶν
1023 3633 1143 3685 κατ’
1181 3632 1408 3702 οὐρανὸν
1442 3633 1800 3703 φαινομένων,
1843 3633 1874 3704 ἦ
1910 3633 1962 3687 τί
2012 3634 2073 3686 τὸ

491 3720 753 3790 περιάγον
780 3721 869 3775 τὸν
895 3723 1054 3775 πόλον
1081 3721 1139 3790 ἐξ
1168 3725 1407 3778 ἐναντίου
1432 3725 1531 3796 τὴν
1566 3726 1799 3797 κίνησιν,
1832 3726 1863 3797 ἢ
1919 3726 1971 3780 τί
2012 3727 2073 3778 τὸ

489 3814 690 3886 ὲρεῖδον
738 3815 836 3885 τὴν
871 3817 969 3886 τῆς
1011 3819 1114 3886 γῆς
1159 3818 1498 3889 παγιότητα·
1552 3817 1668 3882 πῶς
1715 3818 1770 3870 δὲ
1804 3819 1837 3888 ἡ
1874 3817 2071 3888 ρευστὴ

488 3907 594 3959 τῶν
643 3907 850 3961 ὑδάτων
885 3909 1044 3978 φύσις
1094 3911 1182 3963 ἀεὶ
1223 3911 1431 3978 γίνεται
1480 3913 1543 3964 ἐκ
1587 3912 1684 3981 τῆς
1714 3914 1838 3982 γῆς,
1883 3909 1978 3964 καί¹
2010 3911 2070 3962 οὐ

488 3995 792 4050 δαπανᾶται
825 3999 858 4068 ὴ
883 3997 956 4068 γῆ
979 4017 990 4027 ·
1017 4000 1108 4051 καὶ
1137 3999 1272 4054 ἀλλα
1298 4001 1520 4054 τοιαῦτα
1555 4001 1722 4055 πολλά
1753 4000 1874 4054 οὕτε
1904 4000 2072 4069 ἐγνώ-

489 4104 696 4156 καμεν,
746 4088 870 4142 οὔτε
927 4091 1106 4157 φόόων
1162 4091 1319 4157 ἀξίαν
1371 4093 1468 4163 τὴν
1519 4093 1739 4161 ἄγνοιαν
1790 4094 2066 4164 κρίνομεν.

502 4176 662 4230 Ἀλλὰ
714 4178 807 4231 καὶ
860 4180 1028 4248 αὐτὴν
1084 4180 1181 4251 τὴν
1235 4183 1412 4235 πάντα
1468 4183 1590 4236 νοῦν
1644 4184 2071 4255 ὑπερϐαίνουσαν

491 4267 675 4336 φύσιν,
709 4270 805 4340 τὴν
840 4271 990 4324 θείαν
1021 4289 1080 4324 τε
1112 4273 1206 4325 καὶ
1246 4276 1523 4346 μακαρίαν
1548 4278 1642 4328 καὶ
1668 4277 2070 4348 ἀκατάληπτον,

491 4362 574 4413 ὅτι
626 4362 722 4431 μὲν
773 4363 910 4427 ἔστι,
959 4365 1424 4437 πεπιστεύκαμεν,
1473 4369 1530 4421 ὲν
1574 4367 1679 4420 τίνι
1711 4369 1771 4422 δὲ
1815 4369 1984 4439 αὐτῆς
2013 4369 2072 4422 τὸ

492 4449 630 4506 εἶναι
662 4455 1159 4526 καταλαμϐάνεται,
1207 4457 1360 4512 οῦπω
1387 4476 1472 4522 τις
1506 4460 1699 4532 εὑρέθη
1749 4461 1836 4514 διὰ
1881 4479 2072 4531 στοχα-

2175 3282 2450 3353 cognitam
2474 3320 2488 3347 ,
2525 3289 2586 3336 ut
2628 3281 2826 3336 bonam
2855 3280 3318 3352 complectimini,
3369 3280 3514 3334 illam
3578 3287 3759 3334 autem

2174 3385 2234 3429 ut
2254 3373 2575 3429 horribilem
2602 3387 2668 3427 ac
2693 3373 3039 3427 metuendam
3061 3371 3414 3426 formidatis?
3440 3386 3550 3424 non
3597 3371 3760 3424 aliam

2175 3465 2368 3536 utique
2397 3466 2466 3521 ob
2497 3480 2720 3521 causam
2753 3465 2808 3520 id
2853 3465 3048 3534 agitis,
3101 3463 3207 3518 nisi
3239 3463 3368 3533 quia
3388 3503 3402 3526 ,
3430 3464 3611 3534 qualis
3642 3463 3760 3532 ipsa

2175 3559 2277 3626 sit,
2311 3572 2424 3613 non
2458 3557 2814 3627 cognoscitis.
2872 3557 3005 3623 Quae
3063 3565 3244 3612 tamen
3307 3573 3415 3611 non
3469 3565 3554 3612 est
3609 3555 3760 3625 justa

2175 3664 2342 3705 causa
2404 3650 2721 3715 metuendi,
2773 3664 2897 3704 cum
2956 3649 3128 3702 multa
3199 3650 3311 3704 sint
3360 3651 3444 3704 vel
3502 3648 3761 3704 sensibus

2173 3741 2422 3813 exposita
2445 3783 2460 3810 ,
2495 3742 2578 3797 vel
2601 3742 2671 3796 ab
2699 3741 2780 3796 eis
2813 3750 3025 3797 remota
3048 3780 3064 3807 ,
3097 3757 3221 3812 qua:
3269 3742 3398 3796 licet
3452 3740 3754 3812 ignoretis,

2173 3849 2286 3889 non
2315 3833 2731 3904 pertimescitis.
2759 3831 2894 3886 Nam
2945 3841 3000 3888 et
3033 3848 3156 3903 qua:
3186 3834 3256 3890 sit
3287 3835 3480 3887 eorum
3520 3841 3717 3886 natura
3738 3873 3755 3897 ,

2175 3938 2298 3992 quae
2353 3922 2408 3976 in
2464 3922 2606 3976 cmlo
2666 3923 3030 3992 conspicitis,
3090 3934 3142 3978 et
3189 3922 3318 3992 quid
3380 3923 3528 3976 circa
3574 3922 3759 3991 polum

2174 4031 2342 4072 cursu
2375 4015 2654 4070 contrario
2692 4022 2903 4070 motum
2938 4016 3116 4076 cieat,
3178 4013 3381 4083 quidve
3434 4023 3594 4069 terra:
3629 4014 3761 4069 soli-

2174 4109 2401 4163 ditatem
2441 4115 2746 4172 sustentet,
2808 4114 2903 4160 aut
2948 4122 3056 4177 quo
3090 4106 3254 4160 modo
3287 4105 3432 4160 ﬂuxa
3490 4120 3758 4175 aquarum

2173 4207 2372 4254 natura
2405 4198 2625 4253 assidue
2668 4199 2925 4269 gignatur
2973 4215 3003 4254 e
3043 4208 3227 4262 terra,
3283 4213 3387 4254 nec
3443 4201 3562 4267 ipsa
3613 4207 3759 4251 terra

2175 4289 2429 4354 deﬁciat,
2477 4289 2778 4360 ignoratis,
2813 4305 2914 4344 nec
2948 4297 3129 4342 tamen
3162 4290 3234 4342 ob
3285 4288 3560 4343 inscitiam
3619 4287 3761 4341 hanc

2173 4378 2590 4435 exhorrescitis.
2627 4377 2812 4444 Quid?
2850 4379 2996 4449 quod
3057 4379 3299 4433 divinam
3348 4394 3411 4433 ac
3443 4380 3658 4433 beatam
3695 4379 3761 4432 il-

2173 4473 2282 4526 lam
2338 4480 2594 4525 naturam
2651 4485 2834 4525 rerum
2913 4471 3159 4524 omnium
3208 4471 3758 4542 prmstantissimam,

494 4545 633 4614 σμοῦ
672 4549 1016 4619 κατανόησις,
1053 4552 1145 4604 καὶ
1167 4553 1316 4622 ὅμως
1349 4551 1650 4624 ἀγαπῶμεν
1682 4554 1741 4606 τὸ
1774 4555 2069 4626 ἀγνοούμε-

2179 4578 2296 4634 quae
2323 4576 2421 4616 nec
2452 4561 2784 4632 cogitatione
2805 4599 2822 4626 ,
2851 4576 2953 4617 nec
2984 4561 3168 4616 animo
3193 4600 3209 4625 ,
3244 4570 3338 4616 aut
3393 4570 3572 4617 meme
3604 4562 3760 4633 plene

491 4653 580 4689 νον
632 4634 692 4702 ἐξ
735 4638 863 4708 ὅλης
910 4640 1134 4711 καρδίας
1172 4659 1232 4696 τε
1266 4644 1359 4696 καὶ
1388 4643 1566 4714 ψυχῆς
1591 4645 1684 4699 καὶ
1709 4646 1990 4716 δυνάμεως
2016 4647 2076 4700 τὺ

491 4727 902 4801 καταληφθῆναι
946 4734 1058 4796 τοῖς
1091 4732 1368 4804 λογισμοῖς
1409 4736 1468 4788 ού
1514 4737 1834 4807 δυνάμενον.
1880 4737 1977 4791 Διά
2023 4737 2075 4790 τί

491 4820 670 4874 τοίνυν
704 4823 960 4876 ἐπιπόνου
1005 4824 1098 4877 τοῦ
1147 4827 1283 4896 μετά
1331 4827 1428 4899 τὴν
1459 4828 1602 4900 ζωὴν
1631 4831 1835 4902 ταύτην
1865 4831 2075 4901 ἐκδεχο-

496 4913 655 4984 μένου
683 4917 828 4985 ὴμᾶς
857 4916 995 4985 βίου,
1033 4919 1062 4970 ὁ
1104 4919 1296 4988 ἄλογος
1338 4916 1491 4985 οὗτος
1543 4923 1852 4978 συνίσταται
1889 4925 2070 4993 φόϐος,

492 5003 579 5058 διὰ
609 5005 776 5078 μόνην
817 5007 916 5078 τὴν
942 5009 1163 5077 ἄγνοιαν
1205 5011 1515 5067 δεδοικότων
1546 5014 1703 5085 ἡμῶν
1732 5014 1760 5067 ὃ
1800 5016 1898 5069 οὐκ
1924 5017 2070 5069 οῖδα-

496 5113 615 5165 μεν,
647 5098 897 5170 καθάπερ
925 5101 1018 5153 ἐπὶ
1044 5101 1150 5154 τῶν
1178 5104 1387 5174 νηπίων
1425 5107 1632 5176 γίνεται
1659 5107 1766 5161 τῶν
1795 5109 1930 5178 πρὸς
1973 5107 2074 5172 τὰς

492 5188 891 5256 ἀνυποστάτους
918 5193 1174 5258 ὑπονοίας
1198 5195 1668 5268 δειματουμένων;
1709 5199 1767 5252 '0
1797 5201 1906 5269 γὰρ
1938 5200 2074 5271 πρὸς

492 5280 590 5350 τὴν
629 5280 884 5352 ἀλήθειαν
924 5284 1032 5338 τῶν
1062 5285 1230 5342 ὄντων
1258 5289 1452 5345 ἐθέλων
1489 5291 1726 5361 βλέπειν,
1775 5292 1988 5363 πρῶτον
2017 5294 2074 5345 ἐν

493 5373 742 5444 περινοίᾳ
769 5377 866 5428 τοῦ
892 5378 1216 5448 πράγματος
1236 5381 1444 5449 γίνεται
1471 5399 1484 5412 ·
1515 5379 1631 5437 εἶτα
1658 5380 1768 5437 οἷόν
1795 5387 1910 5437 ἐστι
1937 5385 2076 5438 κατά

491 5465 587 5536 τὴν
627 5466 788 5535 φύσιν
833 5469 1222 5539 ἐπιλογίζεται,
1281 5475 1395 5528 εἴτε
1443 5493 1494 5529 τι
1538 5478 1805 5548 χρήσιμον
1854 5478 1946 5531 καὶ
1987 5479 2077 5532 εύ-

491 5558 771 5628 πρόσιτον,
806 5562 918 5616 εἴτε
961 5566 1195 5635 χαλεπόν
1240 5583 1293 5619 τι
1345 5566 1439 5620 καὶ
1486 5567 1874 5640 ἀποτρόπαιον.
1920 5569 1992 5622 Τὸ
2019 5569 2075 5622 δὲ

491 5647 684 5719 ἄδηλον
729 5650 959 5706 καθόλου
1010 5655 1104 5708 καὶ
1152 5657 1544 5727 ἀγνοούμενον,
1595 5657 1712 5721 πῶς
1753 5658 1816 5711 ἄν
1855 5676 1936 5722 τις
1968 5659 2075 5712 τῶν

492 5742 614 5796 νοῦν
639 5743 869 5812 ἐχόντων
904 5746 1136 5816 χαλεπὸν
1158 5749 1293 5802 εἶναι
1321 5750 1514 5820 κρίνοι,
1549 5751 1646 5820 τὴν
1667 5751 1762 5819 τῆς
1790 5751 2073 5820 συνηθείας

2173 4654 2562 4726 comprehendi
2591 4661 2772 4724 potest
2795 4697 2809 4718 ,
2841 4669 2969 4711 esse
3000 4653 3230 4724 quidem
3255 4653 3478 4708 creditis
3499 4693 3513 4718 ,
3547 4655 3601 4708 in
3649 4669 3761 4724 quo

2174 4756 2355 4804 autem
2382 4747 2687 4813 consistat,
2732 4747 2934 4816 quidve
2962 4747 3084 4818 ipsa
3115 4748 3220 4811 sit,
3261 4747 3409 4801 nulla
3440 4745 3620 4800 adhuc
3665 4761 3758 4798 ra-

2171 4838 2324 4894 tione
2351 4838 2628 4909 conjicere
2652 4837 2911 4908 potuistis
2932 4878 2946 4903 ,
2981 4846 3146 4908 atque
3177 4852 3298 4893 eam
3335 4847 3518 4892 tamen
3545 4876 3560 4902 ,
3593 4852 3758 4908 quam

2173 4931 2342 4986 nullis
2375 4930 2686 4985 rationibus
2722 4930 2912 4984 valetis
2958 4930 3266 5000 intelligere
3289 4971 3304 4995 ,
3370 4936 3485 4982 toto
3543 4927 3715 4984 corde
3741 4967 3756 4992 ,

2178 5022 2361 5075 animo
2385 5061 2400 5086 ,
2425 5022 2738 5090 virtuteque
2761 5019 3036 5090 diligitis?
3071 5019 3184 5074 Cur
3214 5020 3382 5090 igitur
3440 5019 3555 5072 haec
3593 5020 3758 5073 stulta

2179 5113 2395 5168 timoris
2440 5112 2582 5166 ratio
2635 5111 2778 5166 valet.
2812 5111 2868 5165 in
2929 5111 3022 5164 illa
3081 5111 3238 5176 sola,
3289 5126 3411 5180 quae
3471 5125 3572 5165 nos
3634 5119 3758 5180 post

2180 5204 2320 5256 hanc
2374 5211 2670 5271 exceptura
2712 5209 2832 5264 est,
2863 5201 3011 5265 vita,
3045 5208 3142 5266 ut,
3179 5216 3300 5270 qum
3346 5215 3458 5255 non
3506 5201 3760 5257 novimus

2179 5310 2475 5366 puerorum
2503 5294 2680 5350 instar
2704 5335 2718 5358 ,
2760 5295 2856 5364 qui
2887 5294 3149 5348 inanibus
3176 5293 3500 5364 opinionum
3531 5294 3760 5364 ﬁgmen-

2181 5386 2251 5440 tis
2279 5385 2660 5450 deterreutur,
2696 5383 3058 5439 formidemus
3084 5384 3107 5436 ?
3137 5383 3242 5450 Qui
3286 5383 3432 5440 enim
3484 5398 3602 5439 rem
3661 5384 3761 5437 ali-

2176 5491 2339 5546 quam
2369 5476 2571 5531 habere
2603 5477 2755 5545 cupit
2797 5483 3136 5546 perspectam
3170 5486 3224 5531 et
3279 5477 3554 5547 cognitam
3576 5515 3591 5541 ,
3649 5478 3760 5546 pri-

2176 5585 2324 5623 mum
2360 5584 2582 5640 operam
2615 5570 2750 5634 dat,
2795 5577 2854 5624 ut
2877 5611 2892 5637 ,
2924 5586 3046 5640 qua:
3080 5571 3153 5625 sit
3180 5570 3304 5640 ejus
3340 5581 3538 5625 natura
3561 5609 3576 5634 ,
3633 5570 3760 5623 dili-

2176 5671 2364 5730 genter
2403 5659 2755 5722 Considerct,
2818 5669 2982 5730 atque
3032 5660 3137 5724 ita,
3191 5669 3378 5716 utrutn
3429 5658 3754 5722 commoda,

2177 5760 2229 5807 ct
2259 5750 2632 5819 admittenda,
2657 5769 2722 5806 an
2759 5754 2941 5821 gravis
2977 5753 3381 5825 avertendaque
3417 5752 3526 5818 sit,
3557 5750 3759 5805 intelli-
