4124 6352
383 330 485 387 515

1611 331 1670 384 S.
1707 329 2040 385 GREGORII
2072 331 2361 388 NYSSENI

3538 339 3640 398 516

378 452 491 516 gat.
537 441 694 509 Quod
731 448 913 496 autem
977 440 1251 496 incertum
1305 440 1565 504 omnino,
1617 449 1672 496 et
1706 441 1940 511 incOgni-

2059 442 2406 516 ἀναχώρησιν
2448 444 2635 517 μόνην,
2672 443 2747 508 ὡς
2788 446 2959 516 πυρός
2992 464 3153 513 τινος,
3187 449 3220 520 ἢ
3250 447 3437 521 θηρίου
3469 466 3641 520 προσ-

380 547 493 591 tum
524 544 630 601 est,
664 535 789 605 quis
815 548 1001 588 eorum
1027 572 1042 598 ,
1080 534 1173 603 qui
1224 533 1479 603 sapiunt,
1543 533 1615 588 ob
1676 534 1727 588 id
1774 536 1951 589 solum

377 628 523 699 quod
551 628 621 683 ab
651 641 755 681 usu
783 632 838 680 et
869 623 1267 679 consuetudine
1301 635 1564 679 remotum
1597 624 1670 680 sit
1699 666 1713 690 ,
1744 624 1956 695 fugien-

377 716 508 774 dum
533 723 721 789 putet,
752 725 807 771 et
838 723 896 769 ut
926 713 1068 785 ignis
1091 754 1107 781 ,
1144 722 1239 768 aut
1270 712 1399 769 ferae
1444 714 1752 785 cuiuspiam
1784 717 1955 786 impec

376 822 494 867 tum
537 806 897 879 suspicetur?
935 820 1062 860 cum
1128 806 1247 876 ipsa
1299 820 1405 861 nos
1446 807 1557 860 vita
1611 806 1837 872 doceat,
1888 822 1955 862 ne

377 915 595 972 semper
631 913 792 955 usum
836 905 893 952 et
938 896 1391 953 consuetudinem
1439 897 1808 962 attendamus,
1859 898 1953 952 sed

379 993 447 1047 ad
476 1007 581 1056 ea,
625 1005 748 1061 quae
778 996 936 1045 recta
985 989 1328 1059 lionestaque
1382 997 1549 1055 sunt,
1612 989 1831 1045 animos
1890 1006 1956 1046 ac

379 1082 561 1140 studia
609 1089 801 1137 nostra
856 1089 1265 1136 convertamus.
1309 1079 1495 1151 Neque
1546 1081 1693 1136 enim
1760 1082 1950 1135 eadem

378 1188 595 1243 semper
629 1171 949 1226 hominibus
976 1180 1062 1226 est
1099 1172 1212 1224 vita
1239 1211 1254 1236 ,
1308 1171 1402 1227 sed
1423 1211 1439 1236 ,
1482 1173 1610 1227 dum
1642 1173 1695 1226 in
1727 1173 1955 1227 visceri-

378 1262 479 1318 bus
504 1262 647 1318 fetus
676 1260 987 1316 formantur
1012 1303 1028 1329 ,
1060 1263 1339 1333 propriam
1385 1262 1492 1319 illis
1535 1271 1590 1317 et
1617 1265 1953 1319 convenien-

377 1361 487 1410 tem
540 1354 595 1408 in
628 1360 787 1408 utero
817 1354 987 1408 vitam
1018 1360 1219 1409 natura
1260 1354 1477 1409 tribuit.
1538 1354 1650 1410 Nec
1704 1371 1829 1410 cum
1887 1372 1952 1410 ex

373 1452 533 1500 utero
562 1445 772 1517 egressi
799 1444 1042 1510 fuerint,
1097 1460 1313 1515 semper
1369 1444 1636 1501 inhaerent
1668 1461 1949 1509 mammae,

371 1537 469 1595 sed
518 1536 763 1608 quandiu
797 1534 1129 1607 imperfectae
1172 1536 1391 1591 illorum
1440 1537 1674 1591 :etatula:
1730 1536 1783 1590 id
1821 1552 1952 1590 cou-

368 1630 521 1700 gruit
548 1638 601 1685 et
627 1628 882 1700 prodest;
914 1634 1041 1698 post
1066 1636 1248 1682 autem
1284 1627 1351 1681 ad
1385 1627 1489 1681 alia
1518 1635 1947 1693 convertuntur,

371 1739 473 1779 nec
507 1723 675 1778 ubera
698 1736 914 1791 semper
936 1720 1007 1775 ob
1034 1718 1486 1776 consuetudinem
1512 1726 1795 1789 appetunt.
1820 1717 1950 1773 Post

2060 536 2218 606 ϐολὴν
2251 536 2606 603 ὑποπτεύων;
2641 537 2833 590 Καίτοι
2864 537 3227 610 παιδευόμεθα
3265 540 3353 593 διὰ
3385 539 3477 594 τοῦ
3523 541 3639 611 βίου

2060 627 2267 696 σαφῶς,
2320 627 2393 700 μὴ
2448 628 2680 681 πάντοτε
2731 628 2867 699 πρὸς
2906 629 3004 700 τὴν
3050 630 3337 702 συνήθειαν
3398 631 3637 703 βλέπειν,

2056 715 2192 769 ἀλλά
2220 716 2355 786 πρὸς
2398 716 2459 768 τὸ
2506 717 2667 771 καλὸν
2710 720 2827 780 ταῖς
2860 718 3176 787 ἐπιθυμίαις
3220 721 3306 773 ἀεὶ
3351 722 3638 790 μετατζθε-

2059 805 2201 860 σθαι.
2247 804 2384 859 Uti—cs
2418 805 2526 876 γὰρ
2557 805 2645 859 διὰ
2673 807 2872 869 παντὸς
2912 808 2969 858 ὲν
2999 807 3224 879 έμϐρύῳ
3251 811 3364 871 τοῖς
3403 809 3638 863 πλασσο-

2059 897 2242 966 μένοις
2274 897 2419 950 ὲστὶν
2456 899 2488 968 ἡ
2521 897 2655 967 ζωὴ,
2690 897 2805 950 ἀλλ’
2832 897 2936 961 ἓως
2966 897 3031 951 ἂν
3064 900 3121 950 ὲν
3149 902 3261 965 τοῖς
3309 899 3637 971 σπλάγχνοις

2056 982 2212 1054 ὦσιν,
2255 989 2437 1058 ήδεῖαν
2483 990 2665 1051 αὐτοῖς
2708 988 2801 1042 καὶ
2851 989 3244 1060 κατάλληλονή
3290 989 3451 1059 φύσις
3496 992 3636 1044 ποιεῖ

2055 1080 2154 1151 τὴν
2189 1081 2247 1132 ὲν
2277 1082 2343 1151 τῇ
2388 1079 2539 1149 νηδύϊ
2586 1080 2731 1149 ζωήν
2753 1096 2766 1110 ·
2816 1079 2939 1132 οὔτε
2969 1080 3184 1134 ἐπειδὰν
3215 1079 3318 1146 ἔξω
3350 1081 3632 1149 γένωνται,

2053 1173 2118 1242 τῇ
2151 1170 2284 1241 θηλῇ
2314 1171 2401 1224 διά
2441 1171 2641 1234 παντὸς
2686 1171 3113 1241 παραμένουσιν,
3142 1171 3255 1225 ἀλλ’
3286 1172 3370 1241 ἐφ’
3396 1173 3519 1226 ὅσον
3556 1170 3635 1242 τῷ

2064 1262 2249 1316 ἀτελεῖ
2281 1263 2376 1333 τῆς
2420 1262 2631 1333 ἡλικίας
2657 1263 2819 1316 καλὸν
2837 1264 2897 1316 τὸ
2921 1263 3157 1317 τοιοῦτόν
3184 1266 3298 1317 ὲστι
3322 1265 3415 1317 καὶ
3437 1264 3635 1317 κατάλ-

2052 1353 2231 1424 ληλον.
2278 1354 2424 1406 Μετά
2469 1353 2624 1407 τοῦτο
2664 1354 2739 1418 δὲ,
2773 1355 2907 1425 πρὸς
2953 1355 3116 1425 ἀλλην
3160 1356 3479 1409 ἀκολουθίαν
3518 1356 3631 1426 βίου

2056 1446 2425 1517 μετέρχονται,
2459 1446 2609 1498 οὐδὲν
2639 1446 2743 1498 ὑπὸ
2769 1446 2867 1515 τῆς
2898 1447 3184 1517 συνηθείας
3220 1448 3357 1519 πρδς
3380 1448 3439 1500 τὸ
3476 1446 3631 1521 μαζῷ

2054 1537 2502 1607 ωμπαραμένειν
2551 1537 2986 1607 ἀναπειθόμενοι.
3040 1533 3172 1591 Εἶτα
3222 1538 3357 1609 μετά
3394 1539 3489 1610 τὴν
3538 1556 3631 1610 νη·

2050 1628 2224 1698 πιώδη
2258 1629 2609 1687 κατάστασιν,
2659 1628 2791 1682 ἄλλα
2830 1627 2939 1681 τῶν
2977 1632 3296 1701 μειρακίων,
3345 1633 3439 1684 καὶ
3495 1633 3629 1686 ἄλλα

2050 1720 2158 1774 τῶν
2188 1719 2670 1790 παρηλικεστέρων
2711 1720 3117 1791 ἐπιτηδεύματα
3149 1723 3378 1791 γίνεται,
3413 1723 3548 1794 πρὸς
3592 1723 3629 1778 ἃ

369 1823 577 1880 autem,
612 1828 738 1869 cum
777 1811 1063 1868 infantiam
1092 1810 1364 1875 exuerint,
1393 1810 1500 1864 alia
1532 1809 1940 1875 adolescentulil

2058 1810 2369 1882 μεταϐαίνει
2408 1809 2474 1862 δι’
2509 1809 2799 1862 ἀκολούθου
2830 1813 2857 1863 ὁ
2889 1811 3189 1882 ἄνθρωπος,
3223 1813 3442 1878 ἀλύπως
3488 1831 3628 1885 συμ-

369 1907 478 1961 alia
507 1907 621 1976 jam
650 1912 808 1960 aetate
828 1903 1175 1974 provectiore
1203 1911 1509 1973 sequuntur
1531 1903 1732 1969 studia,
1757 1911 1810 1957 et
1833 1903 1953 1958 sine

368 2000 619 2057 molestia
653 2000 821 2055 simul
860 2013 984 2054 cum
1018 2005 1180 2053 aetate
1210 1996 1663 2053 consuetudinem
1697 2005 1927 2051 mutant.

441 2088 910 2158 Quemadmodum
938 2087 1106 2157 igitur
1135 2087 1228 2158 qui
1258 2088 1316 2141 in
1347 2095 1594 2144 materno
1626 2096 1817 2142 ventre
1843 2103 1947 2140 uu-

368 2183 534 2238 tritur
587 2180 751 2247 fetus,
790 2181 834 2237 si
874 2181 1024 2236 vocis
1053 2195 1214 2237 usum
1250 2180 1478 2236 haberet
1526 2182 1789 2252 aliquem,
1814 2183 1943 2235 dum

367 2273 425 2329 in
462 2274 581 2344 ipso
628 2281 754 2327 ortu
796 2287 827 2328 e
881 2270 1188 2326 visceribus
1267 2272 1559 2342 expellitur
1585 2311 1601 2337 ,
1643 2287 1948 2342 conquere-

368 2375 521 2421 retur
546 2406 560 2432 ,
587 2379 756 2435 seque
783 2365 969 2435 gravia
996 2365 1109 2436 pati
1147 2363 1433 2427 clamaret,
1470 2363 1612 2433 quod
1647 2378 1676 2417 a
1704 2364 1944 2433 jucunda

366 2460 767 2516 distraheretur
848 2456 1066 2513 vivendi
1159 2455 1557 2511 consuetudine
1590 2492 1607 2519 ,
1668 2455 1721 2508 id
1795 2455 1940 2523 quod

367 2552 533 2607 etiam
564 2550 695 2606 facit
728 2590 743 2615 ,
792 2548 924 2604 dum
979 2546 1145 2605 simul
1196 2560 1261 2600 ac
1318 2546 1556 2615 primum
1607 2545 1842 2615 reSpirat
1887 2546 1941 2599 in

368 2642 511 2697 hanc
540 2642 708 2697 vitam
742 2641 1027 2710 ingressus
1056 2678 1073 2705 ,
1140 2637 1412 2706 lacrymas
1456 2634 1655 2699 fundit,
1694 2642 1747 2689 et
1803 2648 1941 2703 quo-

364 2733 495 2787 dam
526 2730 689 2786 modo
719 2729 1056 2801 indignatur,
1090 2735 1146 2783 et
1184 2727 1327 2782 dolet
1350 2766 1364 2787 ,
1405 2724 1553 2795 quod
1584 2740 1614 2778 a
1645 2725 1805 2780 solita
1833 2723 1941 2777 vita

365 2821 711 2879 discesserit:
750 2819 831 2875 sic
875 2818 1008 2873 mihi
1030 2816 1284 2870 videntur
1327 2813 1530 2878 facere,
1566 2815 1661 2885 qui
1710 2820 1942 2868 mmrent

365 2914 424 2969 in
476 2913 635 2969 istius
674 2912 797 2967 vita:
832 2908 1262 2965 commutatione
1291 2944 1305 2970 ,
1350 2906 1479 2960 dum
1527 2906 1699 2961 instar
1726 2919 1939 2970 eorum,

365 3004 461 3075 qui
496 3005 552 3058 in
602 3013 759 3058 utero
807 3009 959 3065 sunt,
1002 2999 1194 3055 volunt
1239 3012 1454 3067 semper
1492 2997 1547 3051 in
1600 2996 1845 3065 angustis
1877 3010 1943 3049 ac

2058 1899 2409 1966 μεταϐάλλων
2433 1902 2552 1963 ταῖς
2585 1900 2819 1969 ἡλικίαις
2850 1901 2942 1953 καί¹
2981 1900 3078 1972 τὴν
3108 1902 3393 1974 συνήθειαν

2123 2085 2337 2154 Ὥσπερ
2370 2084 2545 2136 τοίνυν
2574 2084 2622 2136 εί
2651 2085 2801 2154 φωνή
2836 2102 2918 2148 τις
2938 2079 3007 2155 ἦν
3032 2084 3111 2155 τῷ
3137 2084 3455 2156 τρεφομένῳ
3477 2084 3535 2139 ἐν
3558 2089 3625 2159 τῇ

2050 2176 2280 2248 μητρῷα
2323 2174 2497 2246 νηδύϊ,
2544 2175 2924 2245 ἠγανάκτησεν
2962 2175 3028 2229 ἂν
3072 2176 3159 2229 διὰ
3190 2178 3493 2248 γεννήσεως
3517 2178 3627 2232 τῶν

2048 2268 2371 2336 σπλάγχνων
2418 2264 2835 2336 ὲξοικιζόμενος,
2886 2266 2980 2319 καὶ
3024 2267 3172 2321 δεινὰ
3218 2267 3447 2338 πάσχειν
3498 2268 3627 2321 ἐϐόα

2045 2362 2145 2430 τῆς
2195 2357 2532 2428 καταθυμίου
2589 2357 2865 2427 διαγωγῆς
2910 2355 3326 2428 ἀποσπώμενος,
3379 2358 3515 2430 ὅπερ
3561 2357 3624 2430 δὴ

2048 2450 2142 2502 καὶ
2173 2452 2331 2513 ποιεῖ,
2365 2451 2429 2519 τῇ
2474 2446 2663 2519 πρώτῃ
2711 2449 2952 2517 ἀναπνοῇ
3003 2449 3374 2503 συνεκϐάλλων
3400 2448 3516 2520 ἅμα
3555 2452 3621 2521 τῇ

2046 2540 2295 2607 γεννήσει
2321 2539 2379 2590 τὸ
2400 2539 2650 2608 δάκρυον,
2677 2538 2831 2590 ὥσπε
2841 2556 2872 2605 ρ
2902 2540 3223 2605 ἀγανακτῶν
3262 2558 3321 2594 τε
3367 2541 3461 2595 καὶ
3501 2540 3623 2593 ὀδυ-

2047 2629 2275 2699 ρόμενος
2305 2628 2397 2680 ἐπὶ
2422 2627 2500 2697 τῷ
2528 2626 2794 2699 χωρισμῷ
2840 2630 2938 2698 τῆς
2980 2629 3240 2698 συνήθους
3274 2627 3418 2699 ζωῆς
3438 2646 3451 2659 ·
3480 2628 3622 2684 οὕτω

2047 2736 2136 2789 μοι
2181 2717 2425 2771 δοκοῦσιν
2470 2720 2519 2771 ot
2569 2718 2706 2789 πρὸς
2742 2719 2842 2789 τὴν
2891 2718 3192 2790 μεταϐολὴν
3227 2718 3322 2772 τοῦ
3359 2722 3622 2792 παρόντος

2041 2809 2484 2881 δυσχεραίνοντες
2534 2808 2672 2878 βίου,
2703 2810 2765 2863 τὸ
2806 2809 2914 2863 τῶν
2965 2810 3218 2881 ἐμϐρύων
3263 2811 3515 2882 πάσχειν,
3565 2812 3622 2865 ὲν

2040 2900 2119 2971 τῷ
2141 2900 2228 2955 διὰ
2254 2902 2454 2965 παντὸς
2481 2900 2684 2954 ἐθέλειν
2701 2900 2776 2972 τῷ
2796 2900 3061 2973 χωρισμῷ
3084 2904 3179 2973 τῆς
3205 2901 3393 2974 ὑλικῆς
3420 2902 3623 2973 ταύτης

2042 2990 2232 3062 ἀηδίας
2254 2990 2608 3062 ὲμϐιοτεύειν.
2650 2990 2897 3045 Ἐπειδὰν
2926 2992 3083 3064 γὰρὴ
3116 2992 3243 3056 ὠδὶς
3262 2992 3359 3047 τοῦ
3388 2994 3618 3048 θανάτου

365 3093 526 3148 tetris
554 3091 726 3164 ipsius
765 3090 821 3145 in
859 3090 1087 3145 materia
1111 3089 1375 3143 demersae
1407 3087 1531 3142 vitae
1582 3086 1721 3142 locis
1752 3101 1939 3143 versa-

2042 3082 2178 3153 πρὸς
2206 3082 2390 3153 ἕτερον
2438 3082 2550 3153 βίον
2577 3085 2703 3147 τοὺς
2733 3083 3051 3155 ἀνθρώπους
3106 3083 3415 3155 μαιεύηται,
3465 3085 3619 3140 αὐτοὶ

367 3183 439 3236 ri.
487 3179 854 3251 Posteaquam
900 3178 1047 3234 enim
1091 3177 1285 3233 mortis
1322 3184 1581 3247 tanquam
1616 3183 1807 3247 partus
1837 3175 1937 3229 (lo-

367 3272 514 3327 iores
559 3270 718 3341 quasi
761 3267 1112 3324 obstetricem
1146 3266 1466 3330 acciverint,
1502 3272 1561 3318 ut
1609 3265 1666 3318 in
1708 3264 1936 3317 alterum

365 3361 533 3414 vitam
579 3360 828 3414 homines
876 3356 1182 3413 educantur
1211 3398 1226 3422 ,
1262 3355 1365 3424 ipsi
1402 3352 1664 3423 quidem,
1696 3367 1819 3407 cum
1871 3351 1935 3405 ad

364 3449 512 3503 illam
566 3449 743 3504 lucem
787 3446 1181 3519 processerint,
1236 3453 1290 3498 et
1347 3459 1544 3515 purum
1582 3445 1735 3498 illum
1767 3442 1936 3513 spiri-

363 3548 483 3595 tum
512 3539 820 3604 hauserint,
860 3540 1235 3609 experimento
1272 3544 1632 3607 ceguoscunt,
1667 3545 1934 3605 quantum

364 3633 456 3687 illa
490 3634 601 3687 vita
648 3633 717 3686 ab
768 3614 876 3686 ista
921 3629 1159 3686 differat.
1212 3631 1280 3683 At
1322 3629 1421 3693 illi,
1472 3628 1564 3699 qui
1624 3630 1677 3683 in
1713 3627 1936 3682 humida

364 3725 693 3795 putridaque
738 3724 900 3779 istius
927 3722 1055 3777 vita:
1105 3721 1351 3777 foeditate
1418 3720 1821 3790 relinquuntur,
1877 3728 1935 3772 ut

364 3818 526 3886 plane
563 3815 705 3870 fetus
735 3813 960 3883 quidam
1000 3814 1055 3868 in
1091 3821 1269 3876 utero,
1296 3826 1405 3867 non
1436 3819 1623 3866 autem
1657 3810 1930 3875 homines,

364 3908 552 3961 dolent
585 3908 758 3960 vicem
817 3904 964 3960 illius
996 3942 1011 3968 ,
1042 3904 1137 3974 qui
1172 3903 1323 3974 prior
1351 3918 1417 3958 ex
1472 3903 1617 3968 istis,
1649 3918 1771 3972 quae
1832 3918 1933 3957 nos

363 3994 645 4057 ambiunt,
698 3994 968 4063 angustiis
996 3994 1295 4065 egreditur,
1343 4001 1601 4062 tanquam
1649 3993 1717 4046 ab
1749 3993 1933 4063 aliquo

360 4082 506 4136 bono
554 4081 820 4147 discedat,
893 4084 1206 4140 nescientes
1258 4084 1308 4139 ei
1344 4123 1359 4148 ,
1409 4084 1476 4139 ad
1518 4083 1929 4139 similitudinem

360 4172 608 4240 infantis,
654 4175 748 4244 qui
797 4188 893 4245 per
932 4181 1148 4246 partum
1188 4176 1244 4229 in
1299 4175 1473 4229 lucem
1522 4175 1662 4230 hanc
1707 4174 1927 4239 editur,

357 4263 551 4319 oculos
576 4263 798 4333 aperiri,
830 4264 1044 4328 oculos,
1078 4263 1324 4333 inquam,
1360 4263 1551 4325 animi,
1592 4262 1792 4332 quibus
1841 4277 1931 4316 vc-

361 4355 575 4409 ritatem
618 4369 799 4409 rerum
831 4355 1110 4420 intuetur;
1143 4354 1359 4409 aurium
1397 4370 1620 4409 sensum
1656 4370 1688 4423 p
1710 4354 1926 4418 .tclicri,

2046 3171 2143 3241 μὲν
2170 3169 2297 3223 ὅταν
2324 3172 2403 3233 είς
2426 3170 2485 3229 τὸ
2508 3170 2621 3238 φῶς
2644 3173 2818 3226 ἐκεῖνο
2839 3172 3186 3244 μετέλθωσιν,
3211 3173 3417 3228 καὶτοῦ
3439 3174 3614 3229 καθα-

2043 3259 2137 3331 ροῦ
2169 3261 2415 3315 σπάσωσι
2452 3260 2779 3330 πνεύματος,
2806 3265 2873 3334 τῇ
2904 3264 3070 3335 πείρᾳ
3105 3262 3465 3333 γινώσκουσιν
3487 3266 3614 3319 ὅσον

2040 3354 2157 3406 ἐστὶ
2180 3354 2279 3424 τῆς
2316 3353 2461 3424 ζωῆς
2493 3354 2705 3425 ἐκείνης
2738 3355 2871 3426 πρὸς
2894 3356 2994 3427 τὴν
3019 3356 3113 3409 νῦν
3141 3356 3200 3410 τὸ
3228 3356 3502 3429 διάφορον.
3548 3357 3614 3415 Ol

2039 3444 2096 3498 δὲ
2124 3444 2538 3514 ὑπολειφθέντες
2577 3444 2654 3515 τῷ
2686 3446 2837 3518 ὑγρῷ
2866 3447 3040 3518 τούτῳ
3072 3447 3166 3502 καὶ
3200 3447 3467 3504 πλαδῶντι
3495 3450 3615 3522 βίῳ,

2038 3536 2251 3608 ἔμϐρυα
2270 3536 2420 3601 ὄντες
2443 3536 2703 3608 ἀτεχνῶς,
2729 3539 2821 3591 καὶ
2843 3540 2942 3593 οὐκ
2958 3538 3258 3612 ἄνθρωποι,
3274 3541 3616 3606 ταλανίξουσι

2041 3629 2127 3681 τὸν
2159 3627 2547 3699 προεξελθόντα
2574 3629 2671 3699 τῆς
2698 3629 3057 3701 περιεχούσης
3082 3631 3229 3702 ἡμᾶς
3265 3634 3513 3704 συνοχῆς,
3539 3634 3617 3698 ὡς

2037 3719 2239 3788 ἀγαθοῦ
2288 3737 2431 3785 τινος
2477 3719 2583 3784 ἔξω
2623 3722 2934 3793 γενόμενον*
2984 3722 3084 3775 οὐκ
3124 3721 3326 3786 εἰδότες
3364 3724 3444 3776 ὃτι
3491 3723 3614 3777 καθ’

2038 3810 2330 3881 ὁμοιότητα
2360 3811 2454 3864 τοῦ
2492 3811 2774 3881 τεχθέντος
2811 3812 3064 3884 βρέφους,
3117 3812 3388 3881 ἀνοίγεται
3443 3813 3542 3884 μὲν
3582 3814 3613 3868 ὁ

2033 3900 2339 3971 ὀφθαλμὸς,
2392 3903 2519 3956 ὅταν
2570 3900 2674 3967 ἔξω
2734 3900 2828 3956 τοῦ
2879 3905 2974 3958 νῦν
3034 3902 3345 3974 συνέχοντος
3385 3903 3611 3975 γένηται

2034 3991 2195 4061 (νοεῖν
2239 3991 2297 4045 δὲ
2341 3992 2447 4064 χρὴ
2481 3992 2697 4057 πάντως
2737 3994 2826 4049 τὸν
2870 3994 3143 4066 ὀφθαλμὸν
3194 3996 3294 4066 τῆς
3337 3994 3536 4066 ψυχῆς,
3564 3990 3612 4066 ᾧ

2032 4082 2183 4154 διορᾷ
2222 4084 2319 4155 τὴν
2359 4083 2467 4137 τῶν
2516 4085 2683 4139 ὄντων
2737 4086 3013 4158 ἀλήθειαν)
3041 4103 3053 4116 ·
3106 4085 3381 4155 ἀνοίγεται
3439 4086 3497 4140 δὲ
3546 4087 3611 4141 τὸ

2029 4175 2347 4228 ἀκουστικὸν
2395 4176 2782 4247 αἰσθητήριον,
2840 4176 2908 4230 δι’
2948 4171 3009 4231 οὗ
3060 4176 3165 4230 τῶν
3208 4176 3465 4249 ἀρρήτων
3511 4179 3611 4232 ἐπ-

2030 4264 2217 4319 ακούει
2248 4267 2312 4336 ρη
2323 4264 2526 4335 μάτων,
2550 4266 2585 4319 ἃ
2610 4267 2709 4319 οὐκ
2735 4265 2853 4333 ἐξὸν
2869 4265 3137 4338 ἀνθρώπῳ
3151 4266 3405 4337 λαλῆσαι,
3424 4266 3609 4332 καθώς

2031 4372 2193 4426 φησιν
2220 4357 2251 4409 ὁ
2284 4356 2623 4419 Ἀπόστολος⁸
2656 4356 2925 4424 ἀνοίγεται
2947 4356 3003 4409 δὲ
3033 4356 3093 4410 τὸ
3127 4357 3318 4427 στόμα,
3345 4357 3436 4411 καὶ
3464 4356 3611 4411 ἕλκει

359 4460 469 4515 quo
496 4446 720 4499 exaudit
768 4459 971 4499 arcana
1003 4446 1167 4501 verba
1192 4485 1206 4510 ,
1246 4460 1369 4516 qua:
1409 4460 1517 4498 non
1551 4446 1715 4506 licet,
1753 4453 1810 4497 ut
1850 4446 1927 4498 ait

2042 4450 2089 4498 τὸ
2144 4446 2380 4517 καθαρόν
2429 4463 2487 4498 τε
2536 4448 2631 4500 καὶ
2672 4447 2832 4501 ἄῦλον
2888 4447 3125 4517 πνεῦμα,
3176 4448 3242 4501 δι’
3277 4448 3305 4501 ὃ
3357 4447 3607 4503 τονοῦται

358 4536 694 4605 Apostolus,
744 4535 952 4590 homini
1006 4536 1228 4606 loqui";
1265 4551 1327 4591 os
1377 4536 1789 4605 patelicri,quo
1840 4552 1930 4606 pu-

358 4643 504 4691 rum,
536 4640 569 4679 a
600 4627 937 4696 materiaque
973 4627 1210 4681 alienum
1244 4626 1431 4681 haurit
1489 4627 1764 4696 spiritum,
1835 4643 1931 4697 per

361 4733 519 4787 quem
569 4715 638 4771 ad
692 4717 858 4770 verba
911 4717 1156 4771 cmlestia
1187 4758 1201 4782 ,
1264 4733 1564 4787 verumque
1620 4733 1927 4772 sermonem

356 4808 626 4862 edendum
652 4804 1031 4867 confirmatur,
1064 4820 1188 4859 cum
1219 4815 1537 4861 sanctorum
1586 4808 1928 4868 canentium,

356 4908 413 4952 et
448 4897 648 4953 choros
697 4896 1093 4952 celebrantium
1144 4911 1372 4950 numero
1404 4895 1673 4950 admistus
1726 4895 1927 4949 fuerit:

356 4987 603 5042 divinum
632 4990 762 5041 item
794 4984 1051 5055 gustandi
1086 4999 1308 5040 sensum
1342 4982 1536 5047 tribui,
1587 4997 1717 5052 quo,
1780 4990 1840 5035 ut
1876 4982 1930 5034 in

352 5078 589 5135 Psalmis
608 5076 887 5149 proditum
917 5085 1000 5133 est
1017 5078 1059 5143 ⁸,
1092 5076 1337 5147 percipit,
1368 5076 1569 5130 bonum
1604 5089 1725 5131 esse
1746 5072 1933 5127 Domi-

352 5184 485 5225 num
517 5187 533 5223 :
568 5170 856 5226 odoratum
892 5178 1154 5239 praeterea
1187 5166 1349 5222 talem
1382 5165 1525 5230 dari,
1579 5180 1691 5233 quo
1719 5163 1930 5219 Christi

355 5260 576 5315 fruatur
608 5259 921 5315 suavitate:
965 5272 1192 5328 eamque
1234 5255 1493 5328 tangendi
1532 5255 1663 5319 vim,
1704 5269 1811 5323 qua
1838 5268 1929 5307 ve-

352 5353 575 5407 ritatem
624 5351 843 5406 animus
909 5348 1304 5418 apprehendit,
1346 5356 1400 5402 et
1448 5346 1684 5401 Verbum
1745 5346 1923 5414 ipsum

352 5449 696 5503 contrectat,
753 5445 815 5494 ut
860 5436 1098 5494 Joannes
1144 5438 1438 5494 tcstatur‘.
1496 5436 1651 5503 Quod
1699 5436 1745 5489 si
1788 5435 1922 5499 haec,

349 5539 408 5589 et
437 5531 546 5587 alia
590 5530 863 5602 ejusmodi
914 5540 1039 5602 post
1096 5532 1288 5589 mortis
1334 5540 1547 5600 partum
1606 5527 1923 5583 hominibus

2026 4534 2164 4605 πρὸς
2203 4536 2301 4605 τὴν
2353 4536 2546 4607 νοητὴν
2592 4537 2773 4607 φωνὴν
2827 4537 2920 4591 καὶ
2968 4539 3059 4591 τὸν
3122 4539 3373 4609 ἀληθινὸν
3430 4539 3608 4609 λόγοι,

2025 4628 2154 4680 ὅταν
2203 4626 2513 4698 καταμιχθῇ
2565 4627 2642 4698 τῷ
2691 4628 2808 4698 ἤχῳ
2860 4628 2965 4680 τῶν
3013 4629 3377 4700 ἑορταζόντων
3424 4631 3481 4683 ὲν
3532 4630 3611 4700 τῷ

2029 4717 2142 4770 τῶν
2190 4716 2359 4785 ἁγίων
2411 4718 2592 4788 χορῴ’
2644 4715 2791 4771 οὕτω
2836 4718 2893 4771 δὲ
2944 4718 3038 4771 καὶ
3082 4719 3320 4787 γεύσεως
3367 4719 3609 4784 ἀξιοῦται

2029 4806 2200 4870 θείας,
2251 4807 2318 4859 δι’
2364 4801 2431 4876 ἦς
2483 4806 2742 4874 γινώσκει
2805 4808 2946 4861 κατὰ
2999 4808 3097 4878 τὴν
3142 4808 3478 4880 ψαλμῳδίαν,
3528 4811 3608 4863 ὅτι

2028 4897 2262 4968 χρηστὸς
2290 4899 2318 4949 ὁ
2344 4897 2567 4967 Κύριος
2599 4899 2693 4952 καὶ
2713 4898 2800 4952 διὰ
2820 4899 2916 4967 τῆς
2936 4898 3304 4970 ὀσφραντικῆς
3333 4899 3610 4969 ἐνεργείας

2028 4988 2125 5058 τῆς
2157 4987 2249 5040 τοῦ
2294 4987 2529 5057 Χριστοῦ
2573 4987 2799 5051 εὐωδίας
2840 4987 3335 5056 ἀντιλαμϐάνεται·
3388 4987 3479 5040 καὶ
3512 4985 3608 5056 τὴν

2027 5077 2263 5147 ἀπτικὴν
2287 5078 2694 5148 προσλαμϐάνει
2723 5075 2970 5148 δύναμιν,
2992 5077 3342 5148 ἐφαπτομένη
3361 5077 3458 5146 τῆς
3486 5075 3607 5145 ἀληο

2030 5167 2182 5231 θείας
2215 5170 2248 5237 ὴ
2280 5166 2446 5237 ψυχὴ,
2485 5169 2579 5221 καὶ
2621 5168 2927 5237 ψηλαφῶσα
2976 5168 3070 5223 τὸν
3110 5167 3302 5236 Λόγον,
3326 5165 3466 5218 κατά
3510 5165 3608 5235 τὴν

2040 5257 2286 5312 Ἰωάννου
2316 5258 2641 5330 μαρτυρίαν.
2674 5260 2738 5313 Εἰ
2762 5257 2939 5313 ταῦτα
2966 5258 3146 5312 τοίνυν
3174 5256 3268 5310 καὶ
3288 5256 3361 5308 τὰ
3384 5256 3608 5309 τοιαῦτα

2032 5345 2169 5416 μετά
2205 5346 2297 5400 τὸν
2328 5347 2417 5401 διὰ
2444 5347 2536 5401 τοῦ
2566 5348 2793 5403 θανάτου
2825 5347 2983 5400 τόκον
3008 5349 3122 5409 τοῖς
3145 5343 3448 5414 ἀνθρώποις
3473 5344 3607 5399 ἀπό-

2028 5454 2227 5503 κειται,
2263 5438 2317 5491 τί
2365 5437 2611 5507 βούλεται
2637 5440 2698 5493 τὸ
2725 5438 2941 5500 πένθος,
2979 5436 3075 5490 καὶ
3115 5436 3150 5507 ὴ
3192 5434 3607 5506 σκυθρωπότης,

2030 5529 2123 5584 καὶ
2155 5531 2189 5601 ἡ
2231 5531 2536 5601 κατήφεια;
2570 5530 2684 5585 Νῦν
2703 5533 2835 5601 ἡμῖν
2861 5531 2888 5583 ὁ
2923 5527 3057 5599 πρὸς
3082 5526 3183 5597 τὴν
3209 5525 3318 5581 τῶν
3350 5525 3606 5597 πραγμά-

420 5710 511 5766 ιιι
540 5708 669 5770 Cor.
699 5724 803 5780 xu,
840 5709 896 5766 4.
938 5711 959 5742 ⁸
993 5708 1140 5768 Psal.
1176 5722 1342 5776 cxvn,
1378 5707 1430 5774 *2,
1466 5708 1519 5761 5.
1598 5708 1617 5739 δ
1654 5707 1672 5760 l
1711 5704 1869 5763 Joan.
1906 5722 1947 5771 ι,
1978 5705 2031 5762 1.
