4124 6352
400 343 500 398 517

1790 343 1879 399 DE
1919 340 2245 399 MORTUIS.

3557 339 3662 398 5l8

398 476 508 513 των
563 458 723 528 φύσιν
770 458 984 529 βλέπων
1029 459 1437 531 ἀποκρινέσθω,
1489 463 1537 514 εἰ
1587 461 1974 532 προτιμότερον

2081 457 2316 526 reposita
2370 462 2518 518 sunt,
2568 453 2699 524 quid
2736 453 2838 508 sibi
2869 454 2985 507 vult
3019 454 3198 509 luctus
3223 495 3236 516 ,
3265 460 3320 508 et
3344 468 3581 520 maeror,
3609 465 3665 512 et

400 550 570 604 οἴεται
595 550 656 602 τὸ
687 552 800 614 τοῖς
835 555 1163 620 σωματικοῖς
1187 552 1558 624 αἰσθητηρίοις
1598 555 1725 624 περὶ
1762 552 1861 622 τὴν
1885 550 1977 605 τοῦ

400 641 567 697 καλοῦ
596 642 777 712 κρίσιν
799 642 1216 706 διαπλανᾶσθαι,
1243 642 1336 696 τοῦ
1361 642 1551 713 γυμνῷ
1575 642 1653 713 τῷ
1681 643 1777 712 τῆς
1807 642 1980 712 ψυχῆς

399 733 663 804 ὀφθαλμῷ
702 733 838 804 πρὸς
881 734 1049 805 αὐτὴν
1091 737 1189 806 τὴν
1222 736 1330 788 τῶν
1381 735 1720 805 πραγμάτων
1767 734 1981 804 βλέπειν

398 824 679 895 ἀλήθειαν.
727 823 989 876 Ἐνταῦθα
1021 825 1128 894 γάρ
1168 826 1378 895 ἀνάγκη
1409 842 1492 888 τις
1532 825 1718 878 ἔπεστι
1746 828 1807 896 τῇ
1835 824 1978 895 ψυχῇ

401 913 658 984 ἀλλοτρίᾳ
686 912 863 983 κρίσει
895 913 1162 965 δουλεύειν
1194 915 1249 966 ὲν
1276 919 1338 985 τῇ
1371 916 1498 984 περὶ
1528 914 1620 967 τοῦ
1656 915 1817 967 καλοῦ
1847 915 1979 966 ὑπο-

398 1003 538 1073 νοίᾳ.
583 1002 799 1074 Ἐπειδὴ
828 1003 934 1073 γὰρ
960 1003 993 1072 ὴ
1028 1003 1209 1056 τελεία
1243 1003 1343 1073 τῆς
1366 1004 1541 1073 ψυχῆς
1571 1003 1794 1074 δύναμις
1834 1002 1979 1072 ἀχώ-

403 1091 564 1161 ρητός
607 1094 752 1145 ἐστιν
800 1092 894 1145 ἐπὶ
927 1091 1005 1162 τῷ
1051 1094 1369 1162 νηπιάζοντι
1414 1094 1646 1164 σώματι,
1679 1097 1712 1164 ἡ
1773 1094 1829 1146 δὲ
1871 1094 1979 1147 τῶν

393 1182 768 1252 αἰσθητηρίων
811 1181 1061 1252 ἐνέργεια
1102 1183 1263 1246 εὐθὺς
1298 1185 1478 1238 τελεία
1513 1185 1589 1254 τῷ
1620 1185 1808 1255 βρέφει
1855 1202 1978 1238 συν-

399 1271 780 1326 αποτίκτεται·
834 1272 1020 1325 τούτου
1061 1273 1219 1344 χάριν
1269 1275 1708 1344 προλαμϐάνεται
1741 1276 1843 1330 ὑπὸ
1881 1276 1979 1347 τῆς

399 1363 704 1433 αἰσθήσεως
727 1365 760 1433 ἠ
784 1363 989 1418 διάνοια
1022 1366 1081 1417 ὲν
1119 1369 1185 1436 τῇ
1215 1365 1308 1418 τοῦ
1355 1365 1520 1418 καλοῦ
1553 1368 1747 1438 κρίσει,
1784 1369 1875 1421 καὶ
1916 1369 1978 1422 τὸ

397 1457 510 1519 τοῖς
531 1455 905 1526 αἰσθητηρίοις
926 1455 1091 1525 φανὲν
1117 1457 1214 1526 ἤδη
1236 1457 1331 1510 καὶ
1352 1457 1604 1528 νομισθὲν
1626 1454 1762 1512 εἶναι
1790 1459 1974 1524 καλὸν,

398 1546 492 1599 καὶ
535 1545 620 1599 διὰ
656 1545 942 1616 συνηθείας
975 1547 1430 1618 προειλημμένον,
1479 1548 1854 1612 ἀϐασανίστως
1893 1550 1977 1603 δέ-

397 1653 554 1707 χεται
581 1639 614 1707 ἡ
641 1636 786 1707 ψυχὴ
815 1638 1010 1702 ἐκεῖνο,
1047 1638 1207 1692 καλὸν
1239 1635 1376 1693 εἶναι
1406 1641 1707 1707 πεισθεῖσα,
1743 1642 1877 1711 ὅπερ
1910 1641 1974 1695 ἂν

400 1729 742 1799 προλαϐοῦσα
773 1732 1292 1804 προσμαρτυρήσῃή
1329 1731 1598 1802 αἴσθησις,
1634 1734 1691 1786 έν
1721 1733 1973 1804 χρώμασί

398 1838 507 1873 τισι
549 1821 643 1874 καὶ
681 1825 874 1892 χυμοῖς
919 1824 1151 1886 καὶτοῖς
1198 1823 1460 1887 τοιούτοις
1500 1825 1683 1896 λήροις
1723 1826 1782 1878 τὸ
1811 1827 1972 1879 καλὸν

399 1912 677 1984 θεωροῦσα
700 1928 714 1942 °
764 1907 839 1968 ὧν
884 1916 1080 1986 μηκέτι
1110 1916 1556 1986 προφαινομένων
1593 1918 1730 1987 μετά
1768 1919 1866 1988 τὴν
1911 1921 1976 1973 ὲκ

397 2003 491 2056 τοῦ
520 2003 770 2073 σώματος
797 2005 992 2073 ἔξοδον,
1021 2008 1233 2080 ἀνάγκη
1270 2012 1419 2064 πᾶσα
1446 2009 1505 2062 τὸ
1530 2009 1745 2081 άληθῶς
1773 2012 1974 2081 ἀγαθὸν

398 2099 463 2166 τῇ
523 2097 666 2168 ψυχῇ
716 2101 968 2170 φανῆναι,
1016 2101 1148 2171 πρὸς
1197 2102 1224 2153 ὃ
1286 2102 1428 2156 κατά
1469 2103 1626 2173 φύσιν
1681 2104 1971 2174 ᾠκείωται.

397 2183 534 2238 Οὔτε
564 2185 670 2257 γὰρ
701 2186 836 2256 πρὸς
864 2187 923 2239 τὸ
958 2187 1182 2259 εῦχρουν
1222 2189 1302 2243 ἔτι
1329 2193 1360 2260 ἡ
1392 2191 1513 2261 ὄψις
1535 2193 1972 2265 δελεασθήσεται,

398 2273 492 2328 τοῦ
519 2275 796 2346 ὀφθαλμοῦ
835 2278 1022 2331 τούτου
1055 2280 1251 2351 μηκέτι
1290 2281 1439 2345 ὄντος
1460 2299 1474 2312 ⁸
1518 2281 1642 2336 οὔτε
1685 2284 1818 2355 πρὸς
1850 2285 1976 2340 ἄλλο

401 2381 452 2417 τι
479 2365 590 2418 τῶν
620 2366 1158 2435 καταγλυκαινόντων
1185 2370 1251 2424 τά
1293 2371 1619 2444 αἰσθητήρια
1652 2377 1686 2446 ἡ
1713 2377 1974 2449 ἰσορροπὴ

400 2457 498 2528 τῆς
517 2458 887 2530 προαιρέσεως
916 2460 1090 2527 ἔσται,
1125 2463 1303 2535 πάσης
1328 2467 1648 2536 σωματικῆς
1674 2468 1976 2540 αἰσθήσεως

400 2548 830 2621 ἀποσϐεσθείσης
847 2568 858 2582 ·
891 2554 1058 2624 μόνης
1081 2554 1136 2606 δὲ
1159 2555 1257 2622 τῆς
1279 2558 1468 2623 νοερᾶς
1502 2558 1778 2623 ἐνεργείας
1800 2557 1976 2620 άΰλως

401 2656 457 2691 τε
484 2641 578 2693 καὶ
615 2641 922 2710 ἀσωμάτως
950 2643 1041 2694 τοῦ
1073 2642 1264 2713 νοητοῦ
1312 2644 1540 2708 κάλλους
1572 2647 1975 2717 ἐφαπτομένης,

399 2729 691 2793 ἀκωλύτως
734 2732 766 2800 ή
807 2731 967 2800 φύσις
1006 2733 1067 2785 τὸ
1115 2733 1243 2786 ῐδιον
1283 2734 1619 2805 ἀπολήψεται
1673 2736 1896 2804 ἀγαθὸν,
1948 2738 1977 2790 ὃ

403 2821 540 2891 μήτε
586 2821 803 2893 χρῶμα,
869 2824 1004 2894 μήτε
1054 2823 1259 2894 σχῆμα,
1300 2825 1437 2894 μήτε
1485 2826 1787 2891 διάστασις,
1843 2829 1978 2900 μήτε

400 2913 702 2985 πηλικότης
730 2916 896 2979 ἐστὶν,
926 2915 1040 2968 ἀλλ’
1067 2915 1095 2968 ὃ
1129 2917 1308 2970 πᾶσαν
1336 2919 1691 2989 στοχαστικὴν
1734 2921 1978 2973 εἰκασίαν

401 3005 755 3076 παρέρχεται.
789 3006 854 3060 Τί
879 3003 991 3071 οῦν,
1025 3007 1154 3072 ἴσως
1179 3009 1294 3079 ἐρεῖ
1322 3026 1406 3072 τις
1443 3009 1804 3080 δυσχεραίνων
1845 3011 1980 3082 πρὸς

2082 547 2356 617 squalor?
2393 545 2780 615 Respondeant
2824 545 2914 599 bic
2945 545 3104 601 nobis
3141 544 3235 616 qui
3279 560 3458 600 rerum
3505 557 3667 600 natu-

2081 654 2200 693 ram
2259 639 2587 707 explorant,
2639 646 2823 691 utrum
2899 638 3096 692 melius
3151 646 3381 707 putent,
3419 637 3666 692 in‘bouo

2081 729 2434 799 dijudicando
2468 729 2751 799 corporeis
2801 728 3055 784 sensibus
3110 729 3322 798 decipi,
3367 743 3436 783 an
3489 729 3666 783 oculis

2081 821 2250 875 animi
2281 822 2566 875 veritatem
2593 821 2770 890 ipsam
2803 821 3069 888 aspicere.
3118 816 3216 872 Hic
3255 819 3425 886 enim,
3459 819 3516 873 ni
3564 819 3664 874 bo-

2082 927 2212 966 num
2243 912 2423 981 ipsum
2469 911 2686 965 animus
2730 911 3054 977 discernat,
3109 912 3286 965 alieno
3328 911 3538 980 judicio
3568 927 3665 966 co-

2083 1005 2231 1074 gitur
2291 1003 2580 1058 inservire.
2648 1001 2860 1056 Etenim
2921 1018 3044 1056 cum
3119 1001 3418 1072 perfectam
3489 1003 3664 1072 ipsius

2079 1096 2190 1150 vim
2253 1110 2457 1164 corpus
2541 1110 2734 1150 recens
2805 1103 3149 1164 compactum
3184 1132 3200 1158 ,
3263 1108 3327 1148 ac
3383 1094 3667 1164 pueriliter

2083 1200 2249 1256 agens
2303 1200 2499 1254 capere
2554 1193 2810 1254 nequeat,
2861 1184 3101 1254 perfecta
3164 1192 3343 1239 autem
3404 1199 3664 1239 sensuum

2081 1278 2224 1331 actio
2269 1278 2433 1331 sin'tul
2467 1292 2588 1332 cum
2625 1276 2835 1331 infante
2896 1287 3187 1343 nascatur,
3233 1276 3293 1329 ﬁt
3339 1284 3397 1331 ut
3433 1276 3486 1330 in
3517 1275 3668 1345 judi-

2080 1370 2256 1424 cando
2295 1370 2440 1422 bono
2478 1384 2676 1424 sensus
2716 1368 2956 1421 animum
2996 1375 3346 1437 praevertam,
3389 1375 3464 1434 et,
3515 1369 3660 1438 quod

2078 1461 2334 1516 sensibus
2368 1460 2570 1514 bonum
2615 1459 2952 1528 apparuerit,
2988 1457 3171 1512 animo
3220 1472 3437 1527 quoque
3479 1457 3665 1511 videa-

2077 1558 2186 1605 tur.
2270 1544 2457 1620 Itaque
2537 1559 2759 1619 propter
2820 1549 3128 1603 institutam
3208 1546 3715 1604 consuetudinem'

2077 1644 2295 1697 animus
2337 1641 2741 1696 inconsiderate
2789 1648 2848 1694 ut
2907 1642 3110 1696 bonum
3163 1640 3512 1710 amplectitur
3557 1639 3612 1695 id
3644 1679 3662 1703 ,

2079 1733 2225 1803 quod
2278 1747 2474 1789 sensus
2519 1733 2742 1794 colore,
2779 1743 2832 1786 et
2872 1747 3060 1798 succo,
3111 1743 3164 1786 et
3219 1733 3344 1787 aliis
3391 1729 3662 1801 ejusmodi

2082 1823 2356 1880 illecebris
2396 1824 2598 1876 bonum
2653 1822 2945 1878 dimetiens
2995 1823 3311 1878 testimonio
3363 1837 3465 1878 suo
3511 1837 3665 1877 com-

2079 1916 2344 1986 probarit.
2377 1914 2589 1980 Quibus
2628 1922 2751 1985 post
2797 1913 3104 1970 discessum
3145 1930 3176 1968 a
3220 1929 3450 1982 corpore
3479 1913 3665 1970 subla-

2078 2008 2177 2070 tis,
2225 2021 2451 2061 necesse
2493 2012 2606 2067 est,
2650 2013 2708 2058 ut
2757 2005 2974 2058 animus
3017 2004 3072 2058 id
3117 2018 3242 2059 vere
3295 2005 3494 2059 bonum
3543 2001 3663 2058 exi-

2079 2098 2303 2161 stimet,
2353 2096 2500 2167 quod
2559 2096 2840 2166 proprium
2897 2095 3004 2165 ipsi
3071 2102 3124 2151 et
3182 2103 3377 2149 natura
3429 2093 3662 2162 conjun-

2076 2193 2228 2240 ctum
2260 2191 2366 2240 est.
2423 2183 2612 2254 Neque
2662 2185 2805 2239 enim
2862 2185 3097 2255 amplius
3150 2185 3380 2254 pulchra
3458 2183 3662 2240 coloris

2078 2277 2260 2346 specie
2291 2275 2552 2330 illicietur
2581 2275 2829 2340 obtutus,
2859 2275 3127 2345 ademptis
3155 2275 3269 2345 jam
3316 2275 3492 2330 oculis
3516 2292 3530 2329 :
3558 2288 3661 2330 nec

2079 2366 2230 2421 aliud
2277 2367 2578 2437 quidquam
2611 2384 2824 2432 eorum,
2857 2383 2980 2438 quae
3029 2383 3252 2424 sensum
3295 2369 3611 2424 demulccnt
3639 2407 3656 2433 ,

2078 2459 2338 2530 eligetur,
2374 2459 2631 2513 omnibus
2663 2463 2942 2526 corporeis
2984 2461 3240 2516 sensibus
3289 2458 3489 2514 ablatis
3516 2499 3532 2526 ,
3568 2474 3659 2513 re-

2078 2551 2321 2619 lictaque
2369 2552 2485 2605 sola
2531 2553 2731 2606 mentis
2764 2553 2980 2607 actione
3029 2553 3271 2608 materiae
3307 2561 3361 2608 et
3407 2551 3660 2623 corporis

2081 2649 2329 2711 experte,
2376 2642 2617 2697 divinam
2659 2642 3656 2713 pulchritudinemcomprehendente,

2080 2735 2199 2790 sine
2251 2734 2364 2787 ullo
2409 2734 2800 2803 impedimento
2853 2743 3049 2788 natura
3100 2735 3379 2805 proprium
3448 2735 3656 2789 bonum

2081 2825 2362 2896 percipiet,
2399 2825 2544 2894 quod
2578 2841 2677 2878 nec
2704 2825 2854 2879 color
2881 2835 2964 2879 est
2997 2865 3012 2889 ,
3059 2839 3160 2879 nec
3189 2826 3360 2896 ﬁgura
3391 2864 3407 2889 ,
3445 2840 3546 2880 nec
3576 2825 3662 2879 in-

2079 2916 2390 2981 tervallum,
2452 2930 2553 2970 nec
2583 2917 2864 2985 quantitas
2888 2955 2901 2978 ,
2933 2915 3027 2971 sed
3063 2930 3279 2971 onmem
3327 2915 3661 2986 conjectura

2082 3006 2493 3061 similitudinem
2528 3016 2772 3076 superat.
2825 3006 2937 3060 Cur
2982 3005 3169 3076 igitur,
3211 3007 3421 3076 inquiet
3450 3007 3658 3078 aliquis

401 3096 499 3164 τὴν
526 3095 802 3166 παροῦσαν
832 3097 1010 3168 ζωήν;
1045 3098 1128 3150 ἵνα
1171 3103 1224 3150 τι
1264 3098 1325 3152 τὸ
1351 3100 1529 3171 σῶμα,
1560 3100 1654 3152 καὶ
1682 3101 1800 3154 ἀντὶ
1835 3101 1975 3165 τίνος

2085 3096 2374 3165 praesentis
2410 3096 2532 3150 vitae
2559 3096 2781 3150 miseria
2811 3095 3024 3161 dolens,
3060 3095 3264 3150 factum
3313 3105 3399 3152 est
3427 3111 3654 3168 corpus,

405 3189 552 3256 ἡμῖν,
583 3187 740 3258 εἴπερ
789 3187 1009 3257 ἄμεινον
1048 3191 1076 3242 6
1103 3191 1272 3261 χωρὶς
1310 3190 1498 3244 τούτου
1531 3191 1644 3261 βίος
1681 3191 1976 3263 ἀπεδείχθη

401 3277 478 3349 τῷ
510 3279 684 3349 λόγῳ;
715 3283 858 3351 Πρὸς
880 3280 938 3334 ὃν
966 3280 1228 3352 ἐροῦμεν,
1258 3283 1338 3336 ὅτι
1367 3285 1428 3336 οὐ
1460 3285 1654 3356 μικρόν
1677 3286 1792 3339 ἐστι
1829 3287 1889 3340 τὸ
1915 3288 1978 3339 ὲκ

401 3369 604 3423 τούτων
637 3371 824 3441 κέρδος
846 3374 956 3435 τοῖς
973 3372 1298 3443 δυναμένοις
1326 3375 1404 3438 εἰς
1429 3377 1610 3428 πᾶσαν
1639 3375 1852 3446 βλέπειν
1880 3377 1978 3447 τὴν

401 3461 710 3531 οἰκονομίαν
757 3463 859 3529 τῆς
906 3462 1139 3532 φύσεως.
1180 3465 1468 3536 Μακάριος
1514 3467 1612 3536 μὲν
1664 3467 1772 3538 γὰρ
1812 3467 1979 3531 ὅντως

402 3554 607 3615 ἐκεῖνος
645 3551 754 3606 τῶν
783 3553 1028 3622 ἀγγέλων
1055 3557 1083 3609 6
1107 3555 1237 3625 βίος,
1269 3558 1296 3610 6
1341 3558 1506 3628 μηδὲν
1544 3557 1637 3610 τοῦ
1666 3559 1976 3628 σωματικοῦ

401 3644 794 3716 προσδεόμενος
820 3645 1034 3716 βάρους.
1080 3648 1154 3700 Οὐ
1205 3649 1312 3719 μὴν
1342 3648 1462 3702 οὐδὲ
1498 3641 1650 3712 οὗτος
1684 3650 1980 3720 ἀσυντελὴς

402 3734 477 3797 ὡς
515 3734 650 3806 πρὸς
680 3736 885 3790 ἐκεῖνόν
914 3739 1081 3792 ἐστιν.
1127 3738 1274 3804 Όδὺς
1302 3739 1410 3810 γὰρ
1434 3741 1570 3811 πρὸς
1602 3741 1661 3794 τὸ
1687 3741 1978 3812 ἐλπιζόμε-

402 3841 491 3880 νον
532 3829 560 3880 ό
601 3826 794 3898 παρὼν
829 3828 1032 3896 γίνεται
1083 3830 1215 3900 βίος.
1254 3830 1521 3902 Καθάπερ
1565 3833 1658 3886 ἐπὶ
1701 3833 1806 3886 τῶν
1851 3833 1978 3902 βλα-

403 3917 695 3988 στημάτων
740 3918 886 3973 ἔστιν
937 3920 1093 3974 ἰδεῖνο
1141 3923 1226 3991 ἐφ’
1274 3917 1350 3976 ὧν
1389 3925 1417 3977 6
1461 3924 1671 3994 καρπὸς
1724 3925 1831 3978 ἀπὸ
1883 3925 1977 3978 τοῦ

404 4007 592 4071 ἄνθους
623 4009 946 4079 ἀρξάμενος,
979 4011 1046 4064 δι’
1075 4013 1237 4066 αὑτοῦ
1269 4014 1516 4084 πρόεισιν
1548 4017 1627 4077 είς
1647 4016 1707 4069 τὸ
1727 4015 1978 4083 γενέσθαι

405 4101 632 4171 καρπὸς,
675 4102 779 4155 κᾶν
825 4103 899 4173 μὴ
947 4105 1158 4175 καρπὸς
1267 4106 1327 4158 τὸ
1367 4105 1546 4168 ἄνθος.
1596 4106 1756 4159 Ἀλλά
1792 4107 1882 4160 καὶ
1911 4107 1980 4160 τά

404 4191 531 4261 λήῖα
577 4191 687 4245 τῶν
733 4195 1064 4265 σπερμάτων
1095 4196 1431 4265 ὲκφυόμενα,
1472 4199 1572 4250 οὐκ
1612 4197 1772 4260 εὐθὺς
1804 4198 1861 4249 ὲν
1903 4197 1978 4266 τῷ

408 4287 598 4352 στάχυϊ
651 4285 934 4352 φαίνεται,
986 4286 1121 4339 ἀλλά
1154 4287 1346 4356 χόρτος
1395 4287 1455 4339 τὸ
1510 4287 1728 4358 πρῶτον
1768 4288 1979 4355 γίνεται

407 4372 728 4444 βλάστημα,
777 4373 897 4428 εἶτα
949 4377 1059 4429 ἀπὸ
1121 4376 1310 4430 τούτου
1369 4378 1588 4447 καλάμη
1644 4379 1977 4443 συνίσταται,

2079 3197 2172 3241 aut
2211 3202 2313 3242 cur
2356 3188 2515 3244 nobis
2549 3187 2757 3252 datum,
2793 3188 3061 3260 siquidem
3088 3226 3104 3253 ,
3149 3195 3208 3244 ut
3253 3189 3494 3244 ostendit
3534 3203 3660 3244 ora-

2082 3280 2160 3333 tio
2191 3287 2304 3346 tua,
2339 3279 2448 3334 vita
2474 3279 2543 3334 ab
2575 3281 2666 3333 illo
2695 3279 2940 3349 sejuncta
2987 3282 3330 3350 praestantior
3358 3287 3442 3337 est
3469 3281 3493 3334 ἳ
3518 3279 3661 3338 lluic

2079 3372 2554 3440 respondebimus,
2605 3386 2714 3425 non
2758 3385 2984 3440 parvum
3025 3387 3088 3426 ex
3131 3371 3224 3426 illo
3255 3370 3464 3425 lucrum
3501 3386 3661 3428 acce-

2079 3465 2229 3528 dere,
2280 3465 2324 3519 si
2366 3466 2489 3534 quis
2522 3480 2740 3520 omnem
2785 3475 2994 3519 naturae
3041 3464 3288 3519 ordinem
3316 3464 3650 3519 consideret.

2081 3558 2246 3612 Beata
2283 3559 2500 3628 quidem
2531 3567 2616 3614 est
2663 3560 2753 3613 illa
2809 3559 3126 3628 angelorum
3163 3558 3309 3622 vita,
3353 3572 3474 3627 qua:
3503 3557 3658 3612 nullo

2079 3659 2200 3719 eget
2254 3652 2499 3719 corporis
2536 3651 2792 3720 pondere.
2836 3652 3088 3705 Attamen
3119 3664 3295 3720 neque
3345 3649 3491 3716 haec,
3523 3663 3660 3720 qua-

2079 3749 2239 3794 tenus
2269 3740 2336 3793 ad
2369 3740 2516 3794 illam
2543 3740 2816 3811 dirigitur,
2859 3748 2944 3795 est
2991 3740 3329 3811 imperfecta.
3361 3738 3456 3796 Est
3507 3739 3657 3794 enim

2083 3847 2324 3902 praesens
2382 3832 2492 3884 vita
2540 3838 2801 3901 tanquam
2856 3831 2942 3885 via
2992 3830 3240 3901 quaadam
3289 3845 3390 3886 nos
3443 3830 3656 3886 ducens

2081 3924 2147 3975 ad
2182 3923 2231 3975 id
2281 3922 2426 3990 quod
2470 3937 2770 3990 speramus.
2819 3921 2889 3976 Ut
2935 3921 2990 3976 in
3038 3921 3325 3976 arboribus
3368 3920 3654 3979 videmus:

2081 4013 2136 4065 in
2168 4012 2368 4080 quibus
2429 4026 2554 4064 cum
2600 4011 2812 4066 fructus
2845 4027 2875 4064 ιι
2910 4011 3042 4066 ﬂore
3077 4011 3406 4081 principium
3455 4010 3655 4077 ducat,

2082 4119 2178 4172 per
2208 4104 2384 4172 ipsum
2426 4100 2613 4156 ﬂorem
2643 4117 2709 4156 eo
2758 4101 3122 4172 progreditur,
3163 4110 3222 4156 ut
3271 4102 3482 4156 fructus
3519 4101 3653 4169 ﬁat,

2083 4197 2206 4250 licet
2232 4195 2330 4250 ﬂos
2371 4210 2479 4248 non
2509 4193 2580 4247 sit
2612 4193 2842 4248 fructus.
2883 4194 2949 4246 Et
2996 4193 3125 4262 ipsa:
3155 4201 3364 4262 segetes
3386 4232 3402 4256 ,
3435 4207 3556 4261 qua:
3583 4207 3652 4247 ex

2081 4287 2383 4342 seminibus
2428 4285 2788 4354 proveniunt,
2824 4300 2934 4338 non
2975 4284 3156 4338 statim
3215 4285 3420 4354 spicam
3469 4291 3657 4339 osten-

2085 4387 2241 4443 tant,
2282 4379 2375 4434 sed
2422 4377 2589 4431 bet-ba
2624 4379 2856 4446 primum
2908 4377 3225 4441 enascitur,
3276 4377 3472 4431 deinde
3534 4377 3655 4431 cul-

405 4464 833 4537 περιφθαρέντος
858 4466 950 4520 τοῦ
978 4468 1170 4538 χόρτου
1193 4483 1206 4499 ο
1243 4469 1336 4520 καλ⁴
1379 4467 1520 4520 οὕτω
1545 4471 1608 4539 τῇ
1635 4468 1841 4538 κεφαλῇ
1885 4469 1978 4521 τοῦ

2085 4486 2207 4525 mus
2259 4470 2427 4526 berba
2486 4478 2740 4538 corrupta
2792 4469 3072 4540 consurgit
3102 4507 3119 4534 ,
3155 4476 3270 4522 tum
3329 4469 3383 4522 in
3441 4481 3658 4524 sunnna

403 4556 672 4627 άστάχυος
701 4561 728 4612 6
756 4558 964 4628 καρπὸς
989 4558 1406 4629 ὲμπεπαίνεται.

475 4648 621 4720 Πλὴν
651 4649 751 4702 οὐκ
775 4651 1012 4704 αἰτιᾶται
1038 4650 1134 4721 τὴν
1163 4651 1466 4719 ἀναγκαίαν
1493 4651 1696 4723 ταύτην
1732 4651 1978 4723 περίοδόν

403 4758 462 4793 τε
489 4741 584 4793 καὶ
611 4740 928 4794 ἀκολουθίαν
957 4743 985 4794 6
1015 4742 1298 4811 γεηπόνος,
1319 4741 1416 4796 Διά
1437 4743 1510 4806 τί,
1533 4744 1726 4810 λέγων,
1752 4746 1856 4814 πρὸ
1885 4742 1978 4797 τοῦ

406 4831 619 4905 καρποῦ
651 4833 745 4886 καὶ
781 4832 977 4896 ἄνθος;
1017 4832 1049 4902 ἢ
1087 4833 1226 4903 ὑπὲρ
1249 4833 1389 4897 τίνος
1411 4836 1439 4887 6
1461 4836 1523 4886 ἐκ
1542 4833 1635 4887 τοῦ
1669 4836 1983 4906 σπέρματος

406 4925 815 4996 προανατέλλων
843 4926 1030 4996 χόρτος
1050 4964 1063 4987 ,
1099 4924 1152 4977 εἴ
1176 4942 1238 4992 γε
1275 4926 1368 4978 καὶ
1424 4926 1485 4978 τὸ
1511 4925 1670 4989 ἄνθος
1702 4925 1982 4996 ἀπορρέει,

406 5018 499 5070 καὶ
529 5020 558 5071 6
588 5019 778 5088 χόρτος
809 5017 982 5087 μάτην
1012 5017 1349 5089 ξηραίνεται,
1381 5018 1516 5088 πρὸς
1537 5019 1688 5070 οὐδὲν
1718 5017 1984 5070 συντελῶν

406 5109 471 5175 τῇ
501 5107 814 5179 ἀνθρωπίνῃ
843 5110 1054 5178 τροφῇ;
1096 5103 1250 5161 Οἶδεν
1281 5109 1388 5178 γὰρ
1428 5111 1456 5161 6
1486 5108 1619 5178 πρὸς
1648 5106 1746 5177 τὴν
1773 5106 1984 5176 θαυμα-

405 5199 647 5251 τοποιίαν
688 5198 900 5268 βλέπων
934 5200 1034 5269 τῆς
1067 5200 1309 5266 φύσεως,
1338 5201 1417 5252 ὅτι
1455 5200 1554 5251 οὐκ
1594 5199 1658 5250 ἂν
1704 5197 1876 5260 ἄλλως
1919 5199 1983 5250 ἐκ

407 5288 515 5344 τῶν
548 5290 876 5362 σπερμάτων
923 5308 1003 5344 τεν
1035 5291 1129 5345 καὶ
1171 5290 1562 5360 βλαστημάτων
1597 5289 1624 5339 6
1660 5288 1869 5358 καρπὸς
1896 5304 1984 5339 τε-

406 5379 676 5450 λειωθείη,
713 5382 786 5452 μὴ
841 5383 939 5452 τῆς
982 5383 1234 5452 τεχνικῆς
1280 5379 1481 5448 ταύτης
1529 5379 1846 5440 ἀκολουθίας
1876 5378 1988 5430 ὁδο-

407 5472 666 5543 ποιούσης
701 5473 866 5526 αὑτοῦ
905 5473 1002 5544 τὴν
1035 5473 1330 5525 τελείωσιν.
1363 5471 1437 5523 Οὐ
1467 5471 1574 5540 γὰρ
1619 5470 1805 5539 ἐπειδὴ
1855 5469 1988 5538 πρὸς

407 5565 706 5619 ἀπόλαυσιν
734 5566 1010 5636 ἡμετέραν
1033 5568 1060 5618 6
1093 5563 1588 5635 προεκϐαλλόμενος
1617 5563 1678 5614 ἐκ
1704 5562 1810 5613 τῶν
1834 5578 1991 5633 σπερ-

413 5658 596 5728 μάτων
629 5657 821 5727 χόρτος
859 5659 1146 5728 ἀχρήστως
1178 5657 1312 5726 ἕχει,
1346 5655 1435 5708 διὰ
1460 5654 1614 5708 τοῦτο
1646 5655 1895 5724 περιττόν
1925 5673 1982 5708 τε

415 5747 502 5800 καὶ
530 5747 802 5818 παρέλκον
830 5747 944 5799 ἐστὶ
966 5747 1024 5799 τὸ
1052 5747 1352 5816 γινόμενον.
1387 5745 1448 5802 '0
1477 5746 1574 5818 μὲν
1601 5743 1708 5814 γάρ
1732 5743 1829 5814 τῆς
1860 5762 1986 5816 τρο-

2086 4564 2239 4634 spica
2269 4578 2497 4634 granum
2540 4563 2841 4632 perﬁcitur.

2157 4655 2289 4721 Quae
2323 4669 2446 4709 cum
2485 4656 2660 4718 ﬁunt,
2697 4653 3070 4710 necessarium
3108 4654 3251 4707 hunc
3289 4645 3570 4716 ordinem,
3605 4661 3661 4706 et

2088 4748 2284 4801 seriem
2335 4762 2446 4801 non
2484 4755 2709 4801 accusat
2757 4746 3031 4814 agricola,
3089 4759 3189 4799 nec
3238 4743 3335 4806 ait,
3385 4746 3660 4808 Quorsum

2085 4835 2184 4890 ﬂos
2222 4845 2347 4890 ante
2388 4834 2671 4890 fructum?
2711 4843 2804 4887 aut
2837 4848 2939 4888 cur
2979 4832 3145 4886 berba
3181 4831 3429 4885 nascitur
3465 4826 3620 4898 prius
3644 4872 3659 4893 ,

2081 4942 2242 4997 quam
2275 4927 2451 4995 ipsum
2480 4942 2709 4996 granum
2737 4965 2751 4990 ,
2783 4939 2909 4980 cum
2941 4933 2995 4977 et
3024 4923 3124 4977 ﬂos
3154 4920 3390 4983 deﬂuat,
3417 4928 3471 4975 et
3493 4919 3661 4974 herba

2080 5019 2318 5072 inaniter
2343 5025 2626 5072 exarescat
2646 5057 2660 5080 ,
2705 5017 3056 5082 humanoque
3090 5011 3256 5068 victui
3285 5010 3421 5065 nihil
3446 5009 3662 5080 prosit?

2080 5109 2242 5162 Novit
2274 5109 2458 5173 enim,
2492 5109 2585 5177 qui
2617 5107 2865 5161 mirabile
2903 5113 3113 5158 naturae
3151 5101 3442 5156 artiﬁcium
3483 5100 3663 5155 intue-

2081 5210 2192 5263 tur,
2232 5201 2387 5254 aliter
2427 5199 2543 5253 ﬁeri
2576 5214 2686 5253 non
2726 5213 2920 5267 posse,
2960 5205 3016 5250 ut
3053 5210 3120 5251 ex
3159 5192 3468 5249 seminibus
3499 5192 3661 5262 plan-

2087 5292 2268 5360 tisque
2309 5290 2522 5344 fructus
2560 5291 2831 5358 gignatur,
2867 5287 2976 5340 nisi
3013 5285 3077 5338 ad
3113 5283 3235 5354 ejus
3268 5282 3660 5354 perfectionem

2087 5383 2388 5438 artiﬁcioso
2423 5383 2527 5436 boc
2560 5381 2754 5434 ordine
2787 5390 2978 5433 natura
3021 5377 3162 5430 viam
3202 5376 3433 5430 muniat.
3470 5373 3663 5444 Neque

2087 5473 2269 5541 enim,
2310 5474 2571 5543 quoniam
2629 5473 2834 5530 herba,
2872 5484 2992 5538 quae
3045 5468 3199 5538 prius
3243 5467 3532 5531 emittitur,
3577 5467 3663 5520 in-

2090 5569 2240 5624 utilis
2272 5576 2376 5630 est,
2420 5579 2592 5635 caque
2629 5579 2736 5617 non
2769 5563 3060 5625 vescimur,
3101 5561 3304 5616 idcirco
3337 5559 3389 5613 id
3426 5558 3568 5628 quod
3605 5560 3661 5610 tit

2089 5670 2176 5714 est
2221 5661 2380 5714 inane
2413 5673 2476 5713 ac
2511 5671 2932 5729 supervacuum.
2976 5653 3109 5708 Nam
3141 5653 3236 5724 qui
3278 5652 3483 5722 indiget
3513 5651 3656 5710 cibo,

2090 5750 2226 5805 nihil
2259 5750 2406 5805 aliud
2437 5749 2544 5806 nisi
2577 5749 2866 5805 utili-tatem
2896 5746 3208 5803 considerat
3235 5758 3390 5803 suam
3415 5760 3430 5806 ;
3454 5750 3663 5795 natura:
