4124 6352
471 302 574 357 διε)

1733 293 1790 347 S.
1832 288 2161 345 GREGORlI
2200 281 2491 342 NYSSENI

3626 289 3731 347 520

473 429 603 467 vero
651 426 819 467 unum
862 410 991 465 illud
1040 410 1376 482 propositum
1419 418 1538 476 est,
1575 417 1635 463 ut
1673 409 1925 462 instituto
1962 422 2053 459 or-

2173 406 2261 473 ἱῆς
2292 405 2535 475 χρῄζων,
2575 400 2708 476 πρὸς
2738 404 2832 475 τὴν
2860 403 3054 457 ἑαυτοῦ
3085 404 3272 475 χρείαν
3312 405 3414 475 ὁρᾷ
3439 419 3451 433 ⁸
3489 404 3517 456 6
3548 404 3604 457 δὲ
3634 409 3731 475 τῆς

475 507 600 558 dine
628 503 866 559 fructum
914 504 980 558 ad
1023 504 1423 559 absolutionem
1455 502 1739 572 perducat.
1766 500 1844 553 lta
1870 498 2054 553 multi-

475 599 597 668 plex
630 597 865 668 primum
900 613 931 652 e
963 596 1116 666 jacto
1156 596 1365 650 semine
1405 595 1557 649 radix
1610 594 1901 657 emittitur,
1944 605 2053 662 qua

475 707 543 746 ex
595 691 828 745 humore
870 689 1273 742 nutrimentum
1320 687 1649 741 attrahatur.
1698 685 1836 738 Tum
1887 684 2052 738 herba

475 782 743 853 pullulat,
776 794 899 851 quae
932 778 1172 832 radicem
1227 779 1437 848 operit,
1494 793 1563 832 ne
1609 778 1677 829 ab
1714 792 1840 831 aere
1886 775 2054 829 detri-

478 880 723 928 mentum
775 870 1052 940 accipiat;
1102 884 1166 924 ac
1218 869 1343 924 licet
1399 870 1515 938 ipsa
1562 869 1776 922 fructus
1812 883 1919 920 non
1951 868 2053 930 sit,

480 962 627 1015 viam
679 968 862 1012 tamen
902 958 1110 1028 przebet
1143 956 1582 1027 quodammodo,
1623 965 1669 1010 et
1713 954 1870 1010 affert
1902 956 2058 1007 auxi-

480 1052 611 1105 lium
649 1064 758 1120 quo
794 1049 1009 1103 fructus
1045 1048 1388 1118 perﬁciatur.
1428 1048 1642 1102 Etenim
1673 1062 1798 1101 cum
1836 1047 2054 1101 insitam

481 1140 676 1197 semini
716 1139 819 1191 vim
854 1138 936 1194 sic
967 1147 1237 1208 expurgat
1267 1148 1500 1200 natura,
1534 1138 1759 1193 herbam
1796 1144 2056 1206 tanquam

481 1232 694 1288 fructus
738 1237 1149 1286 excrementum
1194 1229 1528 1300 projiciens,
1568 1236 1682 1283 tum
1716 1245 1779 1284 ea
1816 1229 2055 1282 radicem

480 1324 717 1395 protegit
754 1320 1110 1392 defcnditque
1140 1321 1210 1377 ab
1248 1322 1393 1377 acris
1427 1321 1679 1391 injuriis,
1721 1336 1843 1391 quae
1872 1320 1954 1373 vel
1994 1336 2058 1372 ex

479 1416 717 1487 frigore.
754 1414 838 1469 vel
881 1429 947 1470 ex
999 1413 1187 1470 calore
1222 1415 1574 1485 proveniunt.
1626 1414 1695 1467 At
1738 1430 1862 1469 cum
1916 1412 2061 1466 radi—

479 1510 635 1564 cibus
665 1507 723 1562 in
753 1507 865 1561 imo
892 1505 1109 1563 ﬁrmius
1139 1506 1411 1561 munitum
1445 1514 1529 1561 cst
1558 1521 1743 1561 semen
1765 1546 1780 1570 ,
1817 1506 2059 1576 neglecta

480 1602 742 1672 deinceps
794 1600 997 1664 herba,
1057 1598 1203 1669 quod
1256 1598 1414 1653 radix
1470 1613 1577 1652 non
1626 1607 1782 1668 egeat
1825 1598 2062 1667 amplius

480 1693 834 1756 defensione,
885 1700 999 1747 tota
1051 1692 1137 1748 vis
1178 1691 1245 1746 ad
1284 1694 1526 1745 culmum
1573 1690 1946 1746 extollendum
1997 1705 2061 1744 ac

2156 497 2369 566 φύσεως
2407 497 2561 565 λόγος
2595 498 2655 548 οὐ
2688 498 2823 566 πρὸς
2855 496 2982 550 ἄλλο
3018 513 3069 548 τι
3113 495 3332 564 βλέπει,
3357 494 3469 548 ἀλλ’
3493 495 3640 558 ὅπως
3666 497 3731 548 ἂν

2156 589 2497 658 προσαγάγοι
2546 588 2642 659 τὴν
2697 589 3063 659 καρπογονίαν
3117 587 3205 641 διὰ
3259 586 3359 657 τῆς
3396 587 3734 658 τεταγμένης

2156 679 2475 743 ἀκολουθίας
2526 680 2622 731 ἐπὶ
2652 679 2711 733 τὸ
2756 679 3101 738 τέλειον.,Διὸ
3147 678 3360 749 πρῶτον
3413 678 3737 748 πολυμερῶς

2156 772 2245 825 διὰ
2292 771 2456 843 ῥιζῶν
2503 771 2594 824 τοῦ
2630 772 2987 842 ὑποκειμένου
3021 770 3285 842 ἐμφύεται
3313 811 3328 835 ,
3368 768 3435 823 δι’
3468 764 3542 823 ὧν
3589 771 3737 824 ἓλκει

2157 865 2255 935 τὴν
2283 865 2613 936 κατάλληλον
2640 864 2818 934 ἑαυτῷ
2843 864 2930 917 διὰ
2957 864 3054 935 τῆς
3079 863 3302 934 ἰκμάδος
3327 864 3564 934 τροφήνο
3593 860 3734 927 εἶτα,

2157 960 2350 1030 χόρτον
2382 958 2709 1029 βλαστάνει,
2759 957 2845 1010 διὰ
2878 957 2975 1027 τὴν
3024 958 3089 1009 ἐκ
3142 956 3234 1008 τοῦ
3293 955 3453 1027 ἀέρος
3512 954 3735 1025 βλάϐην,

2161 1051 2530 1124 προκάλυμμα
2562 1050 2662 1118 τῆς
2698 1048 2853 1120 ῥίζης
2890 1050 2989 1118 τὴν
3023 1048 3160 1100 πόαν
3216 1046 3536 1117 ποιούμενος
3558 1062 3569 1076 σ
3604 1046 3738 1119 ὅπερ

2160 1141 2374 1212 καρπὸς
2402 1142 2499 1212 μὲν
2526 1141 2622 1195 οὐκ
2653 1141 2765 1195 ἔστι
2785 1179 2800 1202 ,
2834 1139 3090 1210 συνεργία
3132 1139 3187 1194 δέ
3217 1156 3301 1203 τις
3332 1140 3428 1194 καὶ
3451 1139 3569 1204 ὁδὸς
3596 1140 3742 1209 γίνε-
3776 1180 3786 1184 -

2159 1253 2249 1289 ται
2295 1236 2392 1301 τῆς
2426 1233 2519 1287 τοῦ
2557 1232 2769 1304 καρποῦ
2798 1231 3147 1295 τελειώσεως.
3184 1231 3408 1304 Πρῶτον
3444 1232 3543 1302 μὲν
3578 1233 3740 1286 ἐκκα-

2163 1327 2365 1398 θαίρων
2398 1327 2463 1380 δι’
2493 1326 2685 1379 ἑαυτοῦ
2735 1325 2834 1394 τὴν
2864 1323 3191 1393 ἐγκειμένην
3235 1322 3313 1393 τῷ
3351 1323 3623 1393 σπέρματι
3651 1323 3741 1375 δύ-

2164 1434 2329 1489 ναμιν
2355 1457 2368 1481 ,
2399 1411 2509 1470 οἷόν
2563 1434 2614 1469 τι
2651 1416 2968 1485 περίττωμα
3019 1413 3113 1467 τοῦ
3148 1413 3361 1482 καρποῦ
3410 1414 3500 1467 τὸν
3551 1413 3742 1485 χόρτον

2165 1506 2790 1579 προαποσκευαζομένης
2817 1504 2915 1575 τῆς
2938 1503 3153 1573 φύσεως
3177 1543 3192 1568 ,
3220 1504 3514 1574 σκέπασμα
3535 1504 3743 1572 γίνεται

2163 1602 2229 1670 τῇ
2281 1598 2404 1671 ῥίζῃ
2459 1586 2594 1670 πρὸς
2640 1597 2739 1660 τὰς
2770 1599 2837 1651 ἐκ
2875 1597 2970 1650 τοῦ
3022 1598 3180 1669 ἀέρος
3224 1596 3462 1668 βλάϐας,
3510 1596 3607 1660 τὰς
3655 1596 3745 1651 διὰ

2166 1690 2366 1764 κρύους
2389 1708 2448 1744 τε
2478 1690 2573 1743 καὶ
2614 1688 2848 1751 θάλπους
2879 1688 3256 1759 ἐγγινομένας.
3285 1688 3657 1759 Εύτονώτερον
3686 1688 3743 1741 δὲ

483 1783 872 1854 perﬁciendum
932 1782 1222 1838 incumbit.
1277 1780 1488 1835 Natura
1551 1782 1698 1836 enim
1757 1782 2060 1836 artiﬁciosa

2173 1761 2270 1854 ἤδη
2307 1780 2396 1836 διὰ
2425 1781 2621 1853 βάθους
2653 1783 2709 1835 ὲν
2756 1784 2874 1845 ταῖς
2905 1781 3084 1852 ῥίζαις
3131 1780 3625 1844 ὑποσκευασθέντος
3650 1779 3744 1834 τοῦ

483 1873 720 1945 quadam
757 1873 1028 1944 sapientia
1065 1874 1359 1928 sublimem
1391 1872 1654 1927 fabricam
1691 1874 2060 1938 machinatur,

481 1980 587 2036 qua
622 1979 845 2036 germen
874 1963 1143 2019 directum
1166 1963 1373 2019 mutuis
1403 1964 1457 2018 in
1494 1963 1730 2018 circuitu
1768 1964 2063 2035 distingui-

482 2066 574 2112 tur
602 2055 809 2111 tunicis
841 2074 855 2110 :
886 2055 941 2109 iu
974 2054 1178 2125 quibus
1210 2056 1484 2126 principio
1520 2056 1738 2110 culmus
1770 2056 2061 2120 humidus,

484 2163 549 2204 ac
577 2156 736 2202 tener
767 2146 1074 2202 indolescat
1104 2162 1333 2203 necesse
1356 2155 1476 2215 est,
1505 2155 1590 2211 et,
1619 2162 1729 2217 quo
1756 2148 1927 2202 tutior
1956 2149 2062 2213 sit,

485 2239 752 2310 geniculis
778 2253 876 2308 per
907 2238 1148 2293 medium
1180 2247 1442 2309 tanquam
1470 2239 1710 2294 vinculis
1743 2240 2059 2294 muniatur:

484 2332 576 2387 ubi
623 2340 801 2385 autem
841 2329 906 2386 ad
947 2338 1339 2400 congruentem
1382 2330 1727 2387 altitudinem
1771 2334 2066 2401 ascendit,

485 2427 563 2477 ita
593 2422 802 2492 frugem
829 2423 1066 2488 emittit,
1098 2430 1156 2476 ut
1184 2432 1428 2477 extrema
1458 2425 1644 2479 tunica
1673 2440 1739 2480 ex
1768 2440 1829 2481 se
1854 2426 2065 2496 spicam

486 2513 651 2579 edat,
689 2528 810 2583 qua:
845 2512 1140 2568 aristarum
1170 2512 1525 2569 multitudine
1554 2521 1811 2583 tanquam
1843 2518 2070 2585 capillo-

486 2620 611 2659 rum
642 2605 783 2659 vallo
816 2603 1072 2660 distincta
1100 2601 1310 2675 frugem
1339 2605 1506 2673 tegit,
1541 2613 1597 2660 et
1620 2605 1746 2662 imis
1774 2607 2066 2660 aristarum

490 2694 855 2771 receptaculis
889 2695 1209 2749 innutritur.
1246 2695 1380 2750 Cum
1415 2695 1582 2766 igitur
1611 2711 1719 2750 non
1756 2696 2071 2769 indignetur

495 2785 739 2856 agricola
773 2800 875 2841 nec
907 2786 978 2839 ob
1012 2784 1268 2854 stirpium
1304 2785 1506 2847 ﬁbras,
1542 2800 1645 2841 nec
1685 2796 1911 2855 propter
1943 2787 2071 2841 her-

489 2877 614 2931 bam
642 2916 658 2939 ,
694 2890 799 2931 nec
837 2884 1059 2946 prepter
1094 2874 1371 2945 spicarum
1412 2876 1614 2931 aristas
1636 2915 1652 2941 ,
1688 2892 1811 2946 quae
1848 2877 2070 2947 quidem

490 2965 673 3023 omnia
709 2967 1042 3037 proveniunt
1080 2982 1146 3022 cx
1187 2968 1433 3033 semine,
1475 2968 1570 3024 sed
1612 2969 1666 3023 in
1708 2968 1797 3023 his
1837 2970 2072 3040 singulis

490 3074 654 3113 usum
686 3056 979 3129 quemdam
1009 3058 1272 3129 perspicit
1297 3059 1671 3115 necessarium
1694 3100 1708 3126 ,
1738 3073 1848 3129 quo
1874 3067 2069 3114 natura

493 3155 795 3211 artiﬁciose
827 3154 1186 3226 progrediens
1206 3193 1221 3219 ,
1253 3161 1307 3210 et
1349 3154 1619 3224 abjiciens
1649 3170 1772 3225 quae
1814 3162 1944 3209 sunt
1984 3154 2069 3209 in-

494 3245 683 3311 utilia,
721 3244 933 3316 frugem
965 3245 1178 3315 perficit
1211 3253 1264 3299 ct
1304 3244 1582 3311 absolvit;
1614 3259 1683 3299 ne
1714 3244 1811 3299 tibi
1848 3245 2070 3315 quidem

494 3337 686 3408 iniquo
731 3336 1012 3392 ferendum
1064 3346 1149 3392 est
1198 3337 1415 3402 animo,
1451 3337 1598 3407 quod
1650 3347 1845 3391 natura
1885 3347 2071 3393 nostra

494 3428 840 3485 necessarias
892 3444 1233 3499 persequens
1285 3428 1404 3483 vias
1456 3427 1525 3482 ad
1582 3429 1861 3499 proprium
1912 3430 2072 3483 ﬁnem

495 3520 803 3592 perveniat.
839 3520 944 3576 Sed
979 3530 1039 3574 ut
1070 3522 1122 3574 in
1154 3521 1404 3591 exemplo
1436 3521 1704 3576 seminum
1736 3522 1951 3582 cernis.
1985 3521 2078 3575 de-

495 3614 594 3668 bes
627 3612 983 3680 existimare,
1017 3612 1164 3684 quod
1201 3627 1448 3683 praesens
1480 3620 1600 3673 est.
1635 3613 1702 3666 ad
1739 3614 1870 3668 utiic
1899 3622 1952 3667 et
1983 3630 2077 3668 ne-

501 3704 807 3759 cessarium
838 3704 1044 3773 aliquid
1076 3704 1304 3759 omnino
1339 3705 1533 3759 referri
1566 3720 1630 3759 ac
1659 3704 1858 3775 dirigi,
1900 3718 2077 3774 neque

498 3793 634 3847 illud
667 3808 790 3850 esse
822 3794 983 3863 cujus
1012 3796 1188 3866 gratia
1229 3796 1400 3866 geniti
1435 3804 1651 3850 sumus.
1695 3795 1884 3865 Neque
1929 3798 2075 3850 enim

506 3888 675 3938 fetum
710 3894 926 3942 creator
954 3897 1145 3942 noster
1174 3887 1466 3951 formavit,
1501 3895 1561 3940 ut
1592 3888 1645 3941 in
1689 3888 1886 3942 matris
1920 3898 2077 3942 utero

499 3992 958 4047 permaneremus
989 3996 1004 4045 ;
1034 3993 1214 4048 neque
1248 3978 1373 4033 inde
1404 3993 1506 4033 nos
1539 3979 1763 4042 educit,
1796 3986 1853 4032 ut
1896 3979 1949 4032 in
1987 3981 2074 4033 in-

500 4066 711 4135 fantia,
747 4075 842 4122 aut
886 4067 994 4131 iis,
1034 4082 1157 4136 qua:
1198 4066 1456 4136 deinceps
1497 4066 1912 4135 subsequuntur
1944 4074 2075 4118 ata-

502 4158 653 4212 tibus
676 4197 691 4222 ,
739 4167 938 4212 natura
988 4171 1204 4227 semper
1236 4157 1399 4210 aliam
1434 4165 1557 4226 post
1589 4157 1751 4210 aliam
1785 4156 2073 4220 induenle,

499 4257 549 4302 cl
594 4248 823 4302 formam
852 4249 1103 4318 corporis
1136 4257 1508 4303 commutante
1529 4290 1543 4314 ,
1586 4248 1950 4319 degeremus;
1984 4264 2077 4304 nc-

502 4356 608 4409 que
657 4346 716 4393 ιιι
766 4354 973 4409 corpus
1022 4340 1202 4409 ipsum
1251 4338 1546 4394 accedente
1589 4351 1767 4394 morte
1810 4339 2076 4395 dissolve-

502 4438 675 4493 retur,
714 4429 807 4484 sed
843 4437 903 4482 ut
932 4444 1028 4498 per
1065 4429 1180 4484 haec
1219 4437 1274 4482 et
1311 4429 1417 4483 alia
1448 4428 1758 4498 ejusmodi,
1800 4445 1921 4499 quae
1949 4440 2076 4487 sunt

502 4530 764 4589 tanquam
800 4528 988 4589 partes
1026 4520 1174 4574 illius
1204 4521 1339 4584 vite,
1387 4535 1486 4589 per
1517 4535 1684 4590 quam
1733 4520 2075 4584 incedimus,

505 4610 574 4661 ad
603 4617 803 4662 statum
837 4619 1083 4664 nostrum
1117 4609 1410 4679 pristinum
1435 4649 1449 4675 ,
1483 4609 1587 4664 hoc
1631 4618 1746 4675 est,
1778 4612 1844 4666 ad
1877 4612 2076 4667 simili-

451 4735 459 4747 .
504 4697 753 4753 tudinem
807 4698 903 4754 Dei
955 4701 1356 4768 perveniamus.
1399 4700 1475 4753 Ac
1516 4702 1974 4770 quemadmodum
2011 4703 2079 4756 ad

502 4790 895 4859 perﬁciendum
933 4791 1140 4861 spicam
1179 4806 1246 4845 ex
1289 4799 1498 4846 natura:
1543 4793 1797 4848 instituto
1854 4795 2078 4849 herbam

505 4883 855 4939 ostendimus
888 4898 1011 4940 esse
1045 4884 1464 4951 necessariam;
1508 4900 1610 4939 nec
1644 4893 1826 4941 tamen
1857 4897 2081 4957 propter

504 4976 679 5045 ipsam
712 4973 938 5030 herbam
962 5014 977 5039 ,
1015 4990 1118 5030 nec
1143 4983 1372 5046 propter
1405 4974 1658 5042 tunicas,
1706 4988 1801 5031 aut
1848 4979 2078 5043 aristas,

501 5074 601 5120 aut
646 5067 891 5121 culmum
940 5068 1249 5124 instituitur
1302 5069 1677 5139 agricultura,
1709 5068 1804 5124 sed
1856 5079 2081 5140 propter

504 5156 715 5228 frugem
744 5158 918 5214 victui
953 5159 1421 5215 accommodatam
1444 5199 1460 5223 ,
1496 5159 1563 5215 ad
1598 5159 1756 5230 cujus
1788 5160 2081 5231 perfectio-

503 5261 630 5301 nem
660 5257 861 5303 natura
908 5265 1007 5320 per
1057 5250 1148 5304 illa
1184 5252 1577 5322 progreditur:
1611 5253 1692 5308 sic
1723 5261 2079 5323 exspectatus

505 5336 672 5405 hujus
705 5337 830 5393 vita!
860 5337 985 5395 ﬁnis
1010 5348 1093 5395 est
1126 5341 1426 5397 beatitudo.
1457 5342 1587 5409 Quae
1618 5358 1750 5397 vero
1782 5359 1927 5397 nunc
1957 5358 2082 5398 cor-

505 5427 625 5495 pori
652 5428 944 5493 eveniunt,
972 5440 1032 5484 ut
1061 5446 1209 5488 mors
1228 5472 1242 5497 ,
1270 5441 1526 5490 senectus
1545 5472 1560 5496 ,
1581 5434 1871 5503 juventus,
1899 5433 2081 5489 infan-

508 5516 581 5569 tia
604 5556 618 5580 ,
655 5516 912 5574 formatio
943 5519 1088 5576 fetus
1122 5525 1178 5576 in
1210 5530 1401 5589 utero,
1440 5531 1500 5577 ut
1530 5524 1746 5590 herbae,
1779 5533 1833 5580 et
1860 5525 2080 5593 aristae,

505 5613 560 5660 et
596 5607 802 5674 culmi,
839 5619 968 5667 sunt
1005 5612 1173 5667 veluti
1205 5614 1341 5679 vice,
1380 5630 1478 5685 per
1509 5631 1647 5686 quas
1679 5615 1746 5670 ad
1780 5615 2078 5686 perfectio-

504 5713 627 5753 nem
664 5708 941 5769 speratam
978 5705 1384 5761 contendimus.
1435 5707 1605 5773 Quam
1653 5707 1752 5764 tibi
1793 5707 1912 5780 ipse
1952 5725 2079 5780 pro-

2171 1876 2512 1947 σπέρματος,
2538 1875 2657 1927 τότε
2682 1872 2775 1926 τοῦ
2806 1873 2998 1944 χόρτου
3032 1872 3216 1927 λοιπὸν
3239 1871 3603 1943 ἀμεληθέντος
3620 1915 3635 1939 ,
3657 1870 3745 1925 διὰ

2169 1966 2231 2021 τὸ
2286 1966 2479 2038 μηκέτι
2517 1965 2722 2020 δεῖσθαι
2772 1965 2870 2036 τὴν
2924 1964 3079 2037 ῥίζαν
3127 1962 3221 2018 τοῦ
3263 1963 3745 2035 προκαλύμματος,

2172 2060 2308 2131 πρὸς
2347 2059 2445 2131 τὴν
2478 2060 2575 2130 τῆς
2610 2058 2861 2131 καλάμης
2916 2056 3224 2129 ἀναδρομὴν
3257 2060 3406 2110 πᾶσα
3452 2056 3747 2110 συνδίδοται

2171 2152 2437 2223 δύναμις,
2482 2153 2756 2224 μηχανικῇ
2798 2167 2907 2204 τινι
2943 2151 3104 2221 σοφία
3148 2150 3246 2220 τὴν
3297 2149 3544 2218 αὐλοειδῆ
3581 2165 3751 2202 κατα-

2175 2245 2374 2316 σκευὴν
2400 2243 2816 2315 φιλοτεχνούσης
2835 2242 2937 2312 τῆς
2965 2241 3208 2311 φύσεως,
3233 2238 3301 2314 ἧς
3324 2241 3614 2314 εὐθυτενὴς
3652 2241 3749 2309 μὲν

2174 2338 2208 2408 ἡ
2235 2336 2457 2409 βλάστη,
2482 2336 2704 2407 χιτῶσιν
2735 2335 3059 2406 ἐπαλλήλοις
3090 2337 3149 2387 ὲν
3170 2334 3354 2405 κύκλῳ
3372 2333 3747 2403 διειλημμένη.

2174 2430 2295 2501 Χρὴ
2329 2429 2438 2499 γὰρ
2466 2428 2677 2492 τούτοις
2709 2427 2881 2499 ὑγρὰν
2911 2423 3075 2482 οὖσαν
3102 2426 3197 2481 καὶ
3229 2425 3415 2481 άτονον
3455 2425 3553 2497 τὴν
3585 2426 3753 2480 καλά-

2177 2537 2286 2589 μην
2324 2518 2478 2588 παρὰ
2508 2519 2605 2588 τὴν
2637 2519 2861 2590 πρώτην
2894 2520 3278 2591 ἐντρέφεσθαι,
3320 2522 3433 2582 τοῖς
3461 2518 3551 2572 διά
3585 2517 3751 2588 μέσου

2177 2607 2490 2676 συνδέσμοις
2506 2606 2802 2674 ἀσφαλείας
2828 2606 2985 2677 χάριν
3010 2607 3418 2676 ὑπεζωσμένην.
3446 2609 3510 2659 Ei
3533 2608 3589 2661 δὲ
3615 2606 3752 2677 πρὸς

2175 2700 2236 2754 τὸ
2269 2699 2579 2771 σύμμετρον
2600 2698 2904 2770 ἀναδράμοι
2937 2701 3114 2771 μῆκος
3138 2740 3154 2766 ,
3182 2698 3301 2752 τότε
3334 2699 3481 2769 κομᾷ
3519 2699 3552 2769 ἡ
3589 2698 3756 2752 καλά-

2180 2809 2256 2863 μη
2277 2831 2293 2857 ,
2321 2790 2414 2844 τοῦ
2444 2790 2755 2844 τελευταίου
2802 2789 3029 2860 χιτῶνος
3077 2790 3171 2860 ἀφ’
3199 2787 3393 2844 ἑαυτοῦ
3425 2790 3515 2843 τὸν
3554 2789 3754 2860 στάχυν

2179 2883 2562 2956 προδείξαντος
2599 2923 2614 2950 ,
2663 2883 2723 2948 ὃς
2774 2886 2856 2948 είς
2908 2882 3137 2946 πολλοὺς
3192 2882 3396 2951 ἀθέρας
3446 2883 3755 2953 τριχοειδῶς

2178 2973 2569 3047 διαιρούμενος,
2623 2975 2856 3045 κρύπτει
2899 2974 2997 3046 τὴν
3050 2974 3226 3045 κόμην
3260 2973 3401 3028 κατά
3443 2974 3543 3043 τὴν
3599 2973 3757 3044 βάσιν

2180 3068 2288 3120 τῶν
2320 3066 2531 3136 ἀθέρων
2561 3068 2673 3130 τοῖς
2707 3064 2952 3138 ἐλύτροις
2991 3064 3444 3135 ὑποτρεφόμενος.
3476 3064 3540 3118 Ei
3571 3064 3756 3119 ’τοίνυν

2178 3158 2302 3214 οὔτε
2336 3158 2472 3230 πρὸς
2496 3158 2596 3223 τὰς
2633 3158 2788 3230 ῥίζας
2816 3157 2927 3213 τῶν
2952 3156 3278 3228 σπερμάτων
3307 3158 3337 3209 ὁ
3365 3156 3609 3225 γεωργὸς
3631 3155 3757 3210 δυσρ

2179 3254 2418 3326 χεραίνει
2443 3294 2456 3319 ,
2504 3251 2628 3306 οὔτε
2663 3252 2800 3322 πρὸς
2845 3251 2936 3305 τὸν
2997 3248 3498 3321 προεκὸαλλόμενον
3552 3249 3618 3304 ὲκ
3662 3248 3756 3304 τοῦ

2183 3345 2495 3415 σπέρματος
2514 3344 2724 3414 χόρτον,
2749 3340 2875 3395 οὔτε
2901 3343 2981 3407 είς
3005 3341 3131 3405 τοὺς
3157 3339 3356 3412 ἀθέρας
3385 3339 3479 3394 τοῦ
3505 3340 3755 3412 στάχυος,

2182 3436 2295 3488 ἀλλ’
2330 3436 2387 3488 ἐν
2420 3433 2634 3503 ἑκάστῳ
2678 3431 2882 3486 τούτων
2932 3431 3189 3498 ἐνθεωρεῖ
3214 3448 3335 3484 τινα
3370 3430 3558 3502 χρείαν
3591 3431 3758 3495 ἀναγ-

2182 3526 2362 3588 καίαν,
2383 3525 2449 3578 δι’
2480 3520 2546 3597 ἦς
2570 3523 2831 3595 τεχνικῶς
2860 3525 2894 3594 ἡ
2920 3523 3079 3593 φύσις
3097 3522 3378 3587 ὁδεύουσα,
3413 3524 3642 3594 προάγει
3666 3522 3757 3577 τὸν

2182 3616 2393 3687 καρπὸν
2415 3617 2494 3679 εἰς
2519 3615 2814 3677 τελείωσιν,
2852 3614 2940 3668 διὰ
2960 3616 3059 3687 τῆς
3087 3613 3194 3669 τῶν
3234 3614 3467 3684 ἀχρείων
3494 3615 3759 3685 ἀποποιή-

2182 3725 2320 3772 σεως
2350 3708 2448 3777 τὴν
2490 3706 2709 3777 γόνιμον
2760 3706 3166 3777 ὲκκαθαίρουσα
3210 3707 3469 3777 δύναμιν·
3511 3706 3631 3778 ὥρα
3663 3717 3758 3761 καὶ

2183 3798 2267 3851 σοι
2296 3799 2371 3869 μὴ
2397 3798 2767 3869 δυσχεραίνειν
2798 3798 2885 3851 διὰ
2906 3798 3012 3853 τῶν
3042 3797 3354 3867 ἀναγκαίων
3374 3797 3508 3851 όδῶν
3537 3798 3759 3869 προϊού-

2183 3904 2282 3956 σης
2304 3885 2460 3958 ἡμῶν
2486 3887 2584 3959 τῆς
2612 3888 2824 3958 φύσεως
2860 3885 2952 3942 ἐπὶ
2981 3887 3039 3942 τὸ
3086 3888 3215 3942 ἴδιον
3254 3889 3429 3956 τέλος,
3456 3888 3571 3943 ἀλλ’
3608 3891 3759 3960 ἡγεῖ-

2184 3978 2309 4032 σθαι
2348 3979 2488 4033 κατά
2520 3979 2619 4050 τὴν
2644 3981 2701 4034 ὲν
2728 3983 2840 4045 τοῖς
2881 3981 3187 4050 σπέρμασιν
3229 3980 3519 4050 ἀναλογίαν
3537 4022 3552 4048 ,
3579 3982 3642 4035 τὸ
3669 3982 3759 4035 ἀεὶ

2183 4066 2359 4137 παρὸν
2383 4068 2518 4139 πρός
2555 4084 2610 4121 τι
2642 4068 2859 4132 πάντως
2885 4069 3171 4140 χρησίμως
3201 4086 3261 4122 τε
3307 4069 3402 4122 καὶ
3446 4070 3758 4139 ἀναγκαίως

2183 4156 2346 4227 ἔχειν,
2376 4157 2436 4210 οὐ
2465 4158 2572 4228 μὴν
2608 4157 2766 4212 τοῦτο
2797 4154 2934 4212 εἶναι
2962 4154 3022 4213 οὗ
3054 4159 3212 4230 χάριν
3244 4160 3324 4222 εἰς
3350 4158 3566 4228 γένεσιν
3603 4157 3759 4231 ἦλθο-

2186 4264 2307 4319 μεν.
2339 4247 2415 4300 Οὐ
2442 4248 2553 4319 γάρ
2596 4248 2688 4302 ἐπὶ
2719 4249 2779 4302 τὸ
2806 4248 3041 4320 ἔμϐρυον
3071 4249 3322 4318 γενέσθαι
3354 4250 3507 4321 παρά
3535 4249 3631 4304 τοῦ
3661 4251 3754 4319 δη-

2187 4340 2616 4411 μιουργήσαντος
2638 4342 2783 4411 ἡμᾶς
2812 4341 3126 4411 ὑπέστημεν
3147 4381 3162 4407 ,
3192 4341 3311 4395 οὐδὲ
3345 4341 3479 4415 πρὸς
3502 4341 3595 4396 τὸν
3637 4341 3760 4412 βρε-

2112 4468 2158 4523 D
2185 4430 2335 4503 φώδη
2367 4432 2479 4502 βίον
2510 4434 2538 4486 6
2582 4432 2781 4496 σκοπὸς
2816 4432 2919 4502 τῆς
2965 4433 3179 4501 φύσεως
3222 4433 3440 4504 βλέπει,
3473 4433 3593 4488 οὐδὲ
3624 4434 3760 4506 πρὸς

2182 4524 2280 4588 τάς
2321 4524 2519 4595 ἐφεξῆς
2548 4525 2764 4594 ἡλικίας
2803 4526 2924 4596 ὁρᾷ.
2961 4525 3026 4589 ἂς
3057 4526 3144 4580 ἀεὶ
3167 4526 3254 4581 διὰ
3283 4530 3381 4599 τῆς
3423 4527 3760 4591 ἀλλοιώσεως

2185 4616 2528 4687 μετενδύεται
2546 4616 2622 4686 τῷ
2647 4616 2822 4687 χρόνῳ
2843 4616 2904 4669 τὸ
2923 4611 3063 4680 εἶδος
3089 4616 3610 4682 συνεξαλλάσσουσα,
3639 4617 3761 4672 οὐδὲ

2184 4708 2324 4778 πρὸς
2373 4708 2470 4777 τὴν
2504 4707 2887 4777 ὲπιγινομένην
2938 4708 3027 4762 διὰ
3073 4708 3166 4761 τοῦ
3222 4707 3451 4765 θανάτου
3485 4707 3639 4763 λύσιν
3681 4708 3761 4779 τῷ

2184 4798 2395 4867 σώματι
2418 4814 2431 4827 ο
2474 4797 2607 4851 άλλά
2636 4798 2811 4853 πάντα
2841 4798 3014 4852 ταῦτα
3046 4801 3141 4854 καὶ
3170 4801 3237 4855 τά
3263 4802 3484 4857 τοιαῦτα
3512 4803 3613 4873 τῆς
3640 4802 3759 4856 ὁδοῦ

2180 4889 2248 4943 δι’
2279 4885 2347 4963 ἧς
2383 4888 2727 4960 πορευόμεθα
2783 4890 2922 4962 μέρη
2958 4891 3105 4946 ἐστίν
3128 4909 3142 4923 ’
3196 4895 3225 4946 6
3254 4894 3310 4947 δὲ
3352 4895 3552 4960 σκοπὸς
3581 4898 3674 4951 καί
3700 4896 3761 4950 τὸ

2182 4983 2355 5050 πέρας
2390 4981 2488 5051 τῆς
2530 4980 2616 5034 διὰ
2661 4981 2863 5034 τούτων
2911 4984 3138 5055 πορείας
3159 5024 3173 5049 ,
3202 4986 3235 5055 ἡ
3269 4986 3405 5056 πρὸς
3430 4986 3491 5039 τὸ
3535 4988 3760 5060 ἀρχαῖον

2181 5074 2641 5138 ἀποκατάστασις,
2665 5075 2801 5146 ὅπερ
2826 5075 2976 5129 οὐδὲν
3010 5076 3215 5148 ἕτερον,
3241 5078 3273 5148 ἢ
3301 5080 3333 5148 ἡ
3363 5081 3501 5150 πρὸς
3523 5080 3586 5133 τὸ
3606 5080 3760 5135 Θεῖόν

2180 5164 2329 5216 ἐστιν
2359 5162 2633 5234 ὁμοίωσις.
2663 5166 2774 5218 Καὶ
2801 5165 2989 5237 ὥσπερ
3017 5168 3110 5220 ἐπὶ
3136 5168 3234 5238 τῆς
3266 5168 3407 5223 κατά
3439 5170 3528 5222 τὺν
3556 5172 3761 5242 στάχυν

2180 5255 2385 5317 εἰκόνος
2404 5294 2418 5320 ,
2460 5255 2755 5324 ἀναγκαῖος
2791 5258 2889 5328 μὲν
2920 5259 3091 5329 ἐφάνη
3122 5259 3201 5330 τῷ
3246 5259 3389 5330 λόγῳ
3419 5260 3518 5332 τῆς
3543 5262 3761 5330 φύσεως

2181 5347 2274 5399 καὶ
2301 5347 2329 5398 6
2361 5347 2863 5419 προεκὸαλλόμενος
2889 5349 3081 5421 χόρτος
3105 5369 3118 5382 ·
3150 5351 3211 5404 οὐ
3240 5350 3347 5422 μὴν
3378 5351 3434 5405 δὲ
3461 5353 3528 5406 δι’
3552 5353 3760 5410 ἐκεῖνόν

2181 5436 2331 5487 ἐστιν
2365 5435 2398 5504 ἡ
2420 5436 2686 5506 γεωργία,
2715 5437 2834 5491 οὐδὲ
2858 5438 3083 5508 χιτῶνες
3105 5481 3121 5505 ,
3157 5439 3251 5495 καὶ
3280 5440 3475 5512 ἀθέρες
3495 5484 3511 5510 ,
3544 5444 3636 5497 καὶ
3661 5464 3760 5500 κα-

2181 5527 2326 5598 λάμη
2352 5568 2367 5590 ,
2398 5529 2493 5581 καὶ
2527 5528 2861 5599 ὑποζώματα
2912 5532 3227 5601 πρόκεινται
3258 5536 3325 5605 τῇ
3360 5534 3461 5604 τῆς
3487 5537 3761 5609 γεωργίας

2184 5620 2407 5690 σπουδῇ,
2438 5620 2549 5672 ἀλλ’
2572 5623 2600 5674 ὁ
2623 5621 2887 5691 τρόφιμος
2914 5622 3125 5691 καρπὸς
3152 5627 3181 5678 ό
3210 5626 3299 5680 διά
3326 5626 3532 5682 τούτων
3555 5628 3758 5700 προῖὼν

2182 5712 2263 5775 είς
2294 5710 2571 5766 τελείωσιν
2597 5732 2608 5743 ·
2650 5713 2790 5768 οὕτω
2819 5716 2912 5769 καὶ
2936 5715 3034 5788 τῆς
3054 5717 3198 5790 ζωῆς
3225 5720 3287 5775 τὸ
3317 5722 3415 5793 μὲν
3445 5722 3755 5794 προσδοκιῖμ
