4124 6352
363 333 462 386 ενι

1764 335 1849 391 DE
1879 335 2211 392 MURTUIS.

3515 355 3619 411 59?.

364 463 525 515 μενον
576 446 741 516 πέρας
777 451 1114 522 μακαριότης
1149 452 1314 506 ἐστίν.
1341 454 1418 506 Τά
1460 453 1514 506 δὲ
1574 454 1670 507 ὅσα
1726 454 1851 524 περὶ
1879 453 1921 505 τὶ

2045 464 2288 519 ponens,
2322 450 2370 506 si
2401 451 2586 520 sapis,
2633 466 2735 506 nec
2786 461 3010 524 propter
3051 457 3164 510 haec
3209 458 3616 530 indignaberis,

363 537 522 606 σῶμα
547 537 640 591 νῦν
670 539 986 610 καθορᾶται,
1023 541 1250 607 θάνατος
1271 584 1286 605 ,
1319 545 1412 597 καὶ
1439 545 1617 614 γῆρας
1641 585 1654 606 ,
1699 545 1795 598 καὶ
1822 545 1938 597 νεό-

359 645 459 698 της
480 669 494 691 ,
532 629 626 681 καὶ
681 629 945 700 νηπιότης
968 673 981 696 ,
1013 632 1108 684 καὶ⁹
1161 634 1194 703 ή
1245 634 1303 686 ἐν
1356 634 1581 705 ἐμϐρύῳ
1611 624 1899 699 διάπλασις
1920 677 1935 700 ,

358 720 537 774 πάντα
568 720 737 774 ταῦτα
767 717 876 774 οἷόν
907 739 1051 786 τινες
1083 724 1263 794 χόρτοι
1293 726 1385 779 καὶ
1413 726 1606 797 ἀθέρες
1639 728 1733 781 καὶ
1772 727 1938 781 κάλα-

362 829 472 882 μοι,
508 811 622 874 όδὸς
649 813 742 865 καὶ
767 812 1054 868 ἀκολουθία
1087 816 1179 868 καὶ
1198 815 1427 888 δύναμις
1450 817 1552 889 τῆς
1579 817 1938 890 ἐλπιζομένης

358 904 476 957 ἐστὶ
509 903 863 966 τελειώσεως·
903 904 1041 976 πρὸς
1075 907 1139 976 ἢν
1189 906 1402 977 βλέπων
1427 949 1440 970 ,
1489 907 1582 962 ἐὰν
1627 909 1896 981 εὐφρονῇς
1919 947 1934 973 ,

356 993 481 1048 οὕτε
510 993 763 1064 ἀπεχθῶς
806 994 948 1061 ἕξεις
980 996 1117 1066 πρὸς
1154 997 1324 1052 ταῦτα
1367 998 1490 1051 οὔτε
1533 999 1638 1071 μὴν
1675 999 1936 1070 ἐμπαθῶς

356 1102 416 1136 τε
461 1086 556 1138 καὶ
594 1083 1001 1155 ἐπιθυμητικῶς
1033 1087 1354 1162 διατεθήσῃ,
1392 1089 1464 1153 ὡς
1499 1089 1531 1161 ἤ
1568 1091 1936 1162 χωριζόμενος

357 1173 538 1226 αὐτῶν
567 1173 854 1241 ἀνιᾶσθαι,
886 1175 919 1246 ἢ
970 1176 1288 1247 αὐτομολεῖν
1317 1179 1451 1248 πρὸς
1482 1180 1572 1233 τὸν
1598 1175 1845 1236 θάνατον.
1871 1184 1935 1236 El

354 1263 411 1316 δὲ
434 1264 539 1335 χρὴ
572 1264 884 1334 προσθεῖναι
915 1267 1010 1320 καὶ
1035 1268 1192 1323 τοῦτο
1218 1270 1295 1340 τῷ
1323 1270 1496 1342 λόγῳ,
1523 1273 1625 1326 οὐκ
1664 1275 1936 1346 ἄχρηστον

358 1351 485 1416 ἴσως
527 1353 645 1406 ἐστὶ
668 1394 682 1418 ,
719 1354 824 1408 κᾶν
850 1355 956 1424 ἐξω
988 1357 1088 1428 τῆς
1119 1359 1439 1424 ἀκολουθίας
1471 1360 1606 1416 εἶναι
1655 1365 1821 1437 δοκῇ,
1854 1367 1935 1420 ὅτι

357 1444 632 1516 ἐμμελετᾷ
659 1445 735 1518 τῷ
761 1445 977 1520 θανάτῳ
1001 1451 1093 1505 διὰ
1136 1453 1336 1517 παντὸς
1367 1455 1401 1523 ἡ
1429 1452 1622 1525 φύσις,
1668 1455 1763 1509 καὶ
1793 1473 1935 1527 συμ-
1971 1476 1975 1479 ’

356 1536 566 1604 πέφυκε
594 1537 682 1592 διὰ
714 1538 808 1593 τοῦ
859 1541 1052 1612 χρόνου
1101 1544 1371 1618 προϊούση
1395 1549 1461 1617 τῇ
1507 1547 1619 1618 ζωῇ
1656 1546 1875 1613 πάντως
1905 1550 1934 1602 6

352 1625 602 1692 θάνατος.
657 1630 802 1702 Πρὸς
839 1632 947 1704 γὰρ
972 1632 1034 1687 τὺ
1069 1634 1260 1705 μέλλον
1285 1636 1377 1690 τοῦ
1407 1637 1798 1709 παρῳχηκότος
1834 1641 1932 1711 τῆς

2042 555 2142 594 nec
2175 540 2286 595 ullo
2317 541 2478 596 modo
2509 546 2591 598 sic
2639 543 2822 598 animo
2868 545 3151 612 allicieris,
3185 557 3244 603 ut
3272 551 3355 606 vel
3399 554 3468 608 ab
3513 556 3616 612 hac

2040 631 2150 685 vita
2183 631 2454 688 decedens
2484 635 2742 704 ang‘aris,
2777 637 2863 691 vel
2897 643 3093 708 sponte
3142 646 3372 698 mortem
3423 649 3619 716 [πίει-ἱ.

2040 724 2181 794 pias.
2220 722 2340 778 Jam
2379 723 2515 780 illud
2540 763 2556 790 ,
2593 726 2721 782 licet
2758 737 2787 782 a’
2822 732 3105 802 proposito
3149 739 3337 790 nostro
3374 738 3611 795 ati‘en’om

2038 831 2161 872 esse
2188 815 2457 883 videatur,
2489 815 2731 874 fortasse
2757 836 2868 876 non
2895 826 3002 878 erit
3027 825 3224 882 inutile
3252 830 3312 882 ut
3341 830 3614 902 adju’uga-

2038 921 2193 970 mus,
2235 922 2433 976 nempe
2475 918 2731 967 naturam
2769 915 2995 970 assidue
3034 917 3089 971 in
3136 923 3375 974 mdrtem'
3404 924 3614 978 in'cum~

2039 996 2202 1060 bere,
2240 997 2476 1070 vitzeque
2506 1004 2752 1072 tempore
2791 1007 3139 1062 antecedenti
3183 1016 3413 1065 mortem
3458 1017 3614 1083 pror-

2041 1103 2136 1142 sus
2175 1089 2384 1146 instare
2414 1101 2578 1162 atque
2609 1095 2893 1152 inhazrere.
2928 1095 3138 1153 Etenim
3171 1114 3296 1155 cum
3332 1104 3442 1158 vita
3475 1111 3613 1174 prae;

2039 1180 2242 1235 toriens
2272 1197 2486 1252 semper
2512 1183 2580 1238 ad
2613 1183 2864 1241 futurum
2883 1189 3179 1244 contendat
3198 1231 3210 1255 ,
3240 1207 3341 1253 nec
3375 1194 3440 1248 ad
3472 1209 3612 1266 prae-

2039 1269 2258 1324 teritum
2293 1288 2532 1342 unquam
2568 1285 2897 1339 revertatur,
2934 1281 3065 1349 quid
3109 1281 3411 1348 aliud'c's’t',
3443 1303 3608 1356 quam

2037 1375 2190 1414 mors
2211 1399 2226 1422 ,
2259 1361 2311 1415 id
2335 1401 2348 1424 ,
2383 1365 2529 1432 quod
2560 1365 2786 1421 vitalem
2807 1369 3077 1423 actionem
3109 1385 3282 1442 usque
3314 1377 3608 1447 subsequi-

2037 1451 2171 1503 tur?
2198 1451 2380 1518 Quare
2411 1469 2533 1507 cum
2556 1456 2610 1509 in
2649 1464 2910 1527 tempore,
2938 1462 3081 1530 quod
3103 1471 3227 1517 ante
3261 1463 3432 1528 ﬂttxit,
3458 1468 3608 1524 desi-

2037 1551 2132 1596 nat
2161 1551 2342 1600 motus
2371 1547 2552 1602 omnis
2598 1557 2652 1602 et
2691 1552 2838 1605 actio
2881 1554 3062 1608 vitalis
3086 1593 3101 1617 ,
3137 1559 3440 1628 mortisque
3477 1575 3605 1630 pro-

2035 1636 2218 1705 prium
2246 1637 2360 1704 sit,
2378 1652 2467 1693 res
2498 1640 2570 1694 ad
2595 1640 2878 1695 interitum
2903 1681 2917 1706 ,
2950 1646 3292 1716 nihilumque
3321 1650 3604 1720 redigere;

301 1767 304 1770 .
355 1715 499 1786 ζωῆς
545 1719 777 1775 πάντοτε
837 1724 1193 1796 κινουμένης,
1247 1728 1342 1781 κα)⁸
1390 1728 1642 1784 οὐδέποτε
1687 1731 1823 1802 πρὸς
1870 1732 1921 1786 τί

2035 1726 2178 1795 quod
2231 1727 2452 1796 quidem
2510 1735 2726 1798 semper
2779 1732 2982 1787 actioni
3036 1739 3328 1804 praeteritae
3381 1743 3607 1794 omnino

355 1811 584 1864 κατόπιν
621 1813 959 1887 ἀναλυούσης
980 1857 996 1882 ,
1031 1817 1256 1883 θάνατός
1310 1821 1426 1874 ἐστι
1474 1820 1534 1875 τὺ
1587 1822 1815 1877 πάντοτε
1862 1827 1927 1896 τῇ

353 1897 554 1973 ζωτικῇ
603 1904 852 1976 ἐνεργείᾳ
888 1909 1244 1980 συνημμένως
1272 1913 1557 1984 ἑπόμενον.
1597 1915 1687 1969 Ἐν
1713 1918 1821 1987 γάρ
1852 1916 1930 1988 τῷ

353 1995 706 2064 παρῳχηκότι
741 1996 831 2050 τοῦ
853 1999 1067 2067 χρόνου,
1096 2002 1327 2057 παύεται
1352 2004 1568 2070 πάντως
1593 2009 1741 2061 πᾶσα
1773 2008 1931 2080 κίνη-

351 2098 437 2146 σις
481 2084 682 2158 ζωτικὴ
717 2090 807 2141 καὶ
835 2091 1100 2160 ἐνέργεια.
1150 2095 1301 2148 Ἐπεὶ
1348 2093 1442 2150 οὖν
1498 2097 1630 2152 ίδιόν
1683 2099 1800 2151 ἐστι
1836 2098 1930 2152 τοῦ

351 2171 580 2227 θανάτου
611 2175 672 2228 τὸ
719 2178 998 2248 ἄπρακτόν
1037 2200 1094 2234 τε
1128 2185 1222 2237 καὶ
1257 2187 1646 2258 ἀνενέργητονο
1680 2188 1838 2241 τοῦτο
1868 2189 1927 2242 δὲ

352 2264 581 2317 κατόπιν
625 2267 710 2318 ἀεὶ
753 2270 818 2338 τῇ
855 2269 1055 2341 ζωτικῇ
1089 2274 1334 2347 ἐνεργείᾳ
1369 2277 1584 2340 πάντως
1624 2278 1884 2347 ἐφέπεται
1909 2296 1922 2310 °

348 2353 449 2404 οὐκ
479 2353 583 2419 ἔξω
609 2357 708 2426 τῆς
739 2357 991 2426 ἀληθείας
1024 2364 1140 2415 ἐστὶ
1186 2365 1246 2418 τὸ
1279 2369 1689 2438 συμπεπλέχθαι
1710 2373 1776 2441 τῇ
1813 2369 1924 2442 ζωῇ

348 2442 520 2514 ταύτῃ
549 2445 640 2498 τὸν
669 2446 897 2502 θάνατον
924 2450 1118 2518 λέγειν.
1148 2455 1259 2508 Καὶ
1295 2456 1468 2521 ἄλλως
1495 2458 1538 2510 δ’
1581 2458 1646 2512 ἄν
1669 2477 1752 2523 τις
1780 2459 1929 2530 εὖροι

349 2533 410 2583 τὸ
442 2533 676 2588 τοιοῦτον
705 2535 878 2608 νόημα
907 2539 993 2594 διά
1031 2540 1133 2611 τῆς
1157 2541 1414 2614 ἀληθείας
1442 2547 1571 2616 ἡμῖν
1594 2547 1930 2618 κρατυνόμε·

2032 1819 2329 1890 contingit,
2377 1837 2485 1874 non
2543 1827 2826 1890 mentitur,
2877 1827 2968 1896 qui
3025 1829 3154 1881 huic
3202 1832 3329 1885 vita:
3374 1843 3604 1888 Ittnrtem

2026 1907 2160 1963 dicit
2189 1925 2312 1965 esse
2336 1910 2711 1980 coniunctam.
2746 1915 2859 1970 lloc
2890 1927 3072 1972 autem
3117 1935 3204 1975 res
3253 1923 3378 1991 ipsa'
3411 1937 3600 1978 verum

2027 2001 2156 2052 esse
2200 1999 2521 2064 Conﬁrmat,
2558 2003 3042 2075 quandoquidem,
3089 2011 3235 2078 qtlud
3289 2013 3356 2065 ad
3412 2014 3602 2084 subje-

2027 2099 2172 2146 cta‘m
2221 2094 2511 2148 materiam
2547 2097 2822 2164 pertinet,
2859 2096 3025 2152 homo
3063 2115 3169 2153 non
3205 2110 3290 2156 est
3323 2101 3467 2157 idem
3502 2104 3602 2158 bo-

2030 2183 2151 2246 die,
2181 2184 2274 2252 qui
2314 2183 2432 2238 lteri
2467 2183 2588 2238 luit.
2624 2186 2845 2255 Aliquid
2887 2186 3032 2242 enim
3079 2204 3143 2242 ex
3192 2206 3258 2245 eo
3305 2195 3602 2248 momentis

2035 2273 2266 2342 singulis
2297 2274 2548 2337 moritur,
2578 2281 2632 2329 e‘t
2659 2276 2820 2342 fetet,
2853 2285 2909 2331 et
2937 2281 3336 2350 corrumpitur,
3371 2292 3425 2337 et
3456 2283 3599 2352 abji-

2033 2365 2178 2419 citur
2220 2383 2234 2418 :
2287 2379 2412 2419 cum
2462 2376 2662 2420 tetrum
2699 2377 2896 2423 natura
2947 2368 3172 2424 ἴοιμι-(ιιι
3219 2387 3284 2425 ex
3333 2389 3597 2444 corpore,

2038 2462 2293 2524 tanquam
2331 2454 2494 2511 funus
2521 2472 2585 2511 ex
2625 2458 2808 2526 aliqua
2844 2458 3039 2520 domo,
3088 2463 3313 2524 citet-at,
3365 2473 3419 2516 et
3449 2467 3598 2534 quod

2036 2547 2254 2600 vitalem
2289 2546 2614 2602 facultatem
2635 2549 2746 2618 ja‘m
2782 2550 2967 2616 exuit,
2997 2558 3158 2606 terrae
3187 2554 3385 2607 tradat.

348 2639 458 2685 νον,
486 2624 654 2696 αὐτῆς
673 2629 772 2699 τῆς
795 2629 990 2701 πείρας
1024 2634 1405 2705 μαρτυρούσης
1431 2637 1508 2708 τῷ
1535 2637 1763 2708 δόγματι
1789 2677 1804 2701 ,
1838 2639 1920 2692 ὅτι
1958 2639 2054 2708 οὐχ
2085 2639 2114 2690 6
2141 2637 2302 2701 αὐτός
2335 2639 2451 2691 ἐστι
2475 2639 2554 2709 τῷ
2574 2638 2744 2710 χθιζῷ
2767 2642 2794 2693 ό
2818 2641 3056 2713 σήμερον
3119 2642 3400 2714 ἄνθρωπος
3460 2649 3598 2702 κατά

345 2715 407 2769 τὸ
449 2716 646 2783 ὑλικῶς
679 2719 1035 2792 ὑποκείμενον
1061 2766 1075 2790 ,
1112 2726 1244 2781 ἀλλά
1286 2746 1337 2780 τι
1389 2729 1604 2792 πάντως

1683 2730 1847 2783 αὐτοῦ
1907 2730 1992 2783 διὰ
2027 2729 2225 2791 παντὸς
2262 2729 2547 2800 νεκροῦται
2573 2771 2588 2794 ,
2635 2731 2726 2783 καὶ
2767 2731 2877 2794 όζει
2904 2770 2920 2794 ,
2952 2734 3044 2785 καὶ
3080 2733 3468 2805 διαφθείρεται,
3504 2741 3597 2792 καὶ

347 2807 662 2864 ἐκϐάλλεται
687 2849 702 2873 ,
738 2812 988 2884 καθάπερ
1017 2814 1192 2880 οἰκίας
1230 2817 1373 2879 τινὸς
1408 2819 1506 2888 τῆς
1548 2818 1641 2872 τοῦ
1670 2819 1918 2889 σώματος
1953 2818 2095 2885 λέγω
2141 2819 2484 2888 κατασκευῆς
2525 2819 2622 2888 τὴν
2644 2819 2885 2891 νεκρώδη
2929 2822 3190 2877 δυσωδίαν
3261 2829 3598 2904 ἐκφερούσης

345 2899 444 2969 ’τῆς
487 2901 735 2970 φύσεως.
773 2907 863 2963 καὶ
917 2910 982 2979 τῇ
1035 2912 1103 2980 γῇ
1142 2909 1535 2981 παραδιδούσης
1571 2913 1632 2964 τὸ
1671 2912 1773 2983 ἤδη
1821 2913 1919 2983 τῆς
1955 2908 2192 2978 ζωτικῆς
2216 2909 2496 2980 δυνάμεως
2525 2907 2628 2974 ἔξω
2655 2912 2960 2982 γενόμενον.

416 2996 507 3048 Διὸ
555 2999 696 3052 κατά
743 3000 841 3072 τὴν
873 3003 968 3056 τοῦ
1020 3005 1254 3073 μεγάλου
1314 3007 1498 3078 φωνὴν
1540 3008 1750 3062 Παύλου
1803 3009 1924 3062 καθ’

2091 3004 2490 3070 Quamobrem,
2525 3014 2582 3058 ut
2608 3006 2813 3062 Paulus
2840 3010 2951 3074 ait,
2982 3011 3226 3079 quotidie
3255 3018 3516 3070 morimur
3539 3022 3590 3076 ':

344 3087 556 3159 ἡμέραν
586 3091 998 3165 ἀποθνήσκομεν
1024 3138 1038 3162 ,
1070 3097 1168 3168 οὑχ
1217 3100 1265 3150 οἱ
1315 3100 1469 3152 αὐτοὶ
1497 3099 1587 3153 διὰ
1618 3099 1812 3164 παντὸς
1860 3100 1918 3152 ἐν

2021 3096 2221 3165 quippe
2245 3095 2337 3171 qui
2371 3111 2479 3150 non
2514 3097 2673 3151 iidem
2704 3114 2921 3168 semper
2940 3115 3226 3158 manemus
3255 3104 3308 3159 in
3335 3107 3454 3175 ipso
3482 3124 3576 3163 cor

345 3179 423 3250 τῷ
451 3179 598 3252 αύτῷ
629 3181 973 3253 διαμένοντες
1020 3186 1155 3258 οἴκῳ
1208 3187 1302 3242 τοῦ
1337 3187 1616 3261 σώματος,
1653 3191 1770 3245 ἀλλ’
1797 3193 1923 3245 ἐκά-

345 3287 497 3324 στοτε
531 3273 678 3326 ἄλλοι
709 3273 768 3337 ἐξ
798 3273 957 3328 ἄλλου
987 3278 1261 3348 γινόμενοι
1285 3278 1373 3332 διὰ
1397 3280 1714 3352 προσθήκης
1745 3298 1804 3333 τε
1829 3283 1921 3334 καὶ

342 3362 724 3434 ἁποποιὴσεως
747 3402 762 3425 ,
798 3363 877 3427 ὡς
925 3366 1058 3436 πρὸς
1085 3368 1273 3422 καινὸν
1300 3368 1459 3440 σῶμα
1484 3369 1572 3424 διὰ
1600 3371 1800 3434 παντὸς
1828 3371 1921 3424 ἀλ-

341 3451 660 3521 λοιούμενοι.
688 3453 752 3504 Τί
785 3451 876 3508 οὖν
909 3456 1225 3528 ξενιζόμεθα
1275 3459 1412 3530 πρὸς
1443 3460 1534 3514 τὸν
1569 3460 1795 3517 θάνατον
1814 3501 1828 3524 ,
1856 3455 1916 3514 οὗ

341 3543 631 3615 ἀπεδείχθη
662 3546 856 3616 μελέτη
876 3548 1157 3620 διηνεκὴς,
1179 3553 1272 3610 καὶ
1300 3553 1597 3623 γυμνάσιον
1621 3554 1654 3624 ἡ
1679 3553 1765 3606 διὰ
1787 3571 1926 3623 σαροι

341 3635 434 3698 κὸς
466 3631 600 3690 οὖσα
634 3636 744 3708 ζωή
770 3656 783 3702 ;
817 3639 936 3695 Κᾶν
964 3640 1054 3694 τὸν
1102 3641 1268 3696 ὕπνον
1298 3637 1458 3714 εἴπῃς
1491 3643 1586 3698 καὶ
1627 3644 1724 3715 τὴν
1753 3645 1918 3715 ἐγρή-

340 3743 528 3796 γορσιν
555 3770 568 3792 ,
600 3728 766 3800 ἀλλην
796 3729 1024 3785 θανάτου
1071 3733 1250 3802 λέγεις
1294 3734 1431 3805 πρὸς
1470 3734 1570 3804 τὴν
1603 3735 1748 3807 ζωὴν
1782 3753 1917 3806 συμ-

341 3817 544 3889 πλοκὴν
568 3860 583 3883 ,
631 3821 1140 3895 κατασϐεννυμένης
1189 3826 1248 3878 ἐν
1291 3827 1407 3890 τοῖς
1443 3825 1762 3881 καθεύδουσι
1814 3827 1914 3897 τῆς

337 3910 672 3978 αἰσθήσεως,
706 3911 800 3965 καὶ
847 3913 1007 3967 πάλιν
1036 3915 1134 3984 τῆς
1168 3916 1546 3989 ἐγρηγόρσεως
1582 3917 1911 3988 ἐνεργούσης

338 4003 466 4070 ἡμῖν
489 4003 545 4054 ἐν
571 4003 710 4074 αὐτῇ
737 4003 833 4076 τὴν
859 4005 1218 4077 ἐλπιζομένην
1239 4009 1562 4073 ἀνάστασινς
1597 4008 1734 4060 Ἀλλ’
1757 4008 1908 4062 ούπω

335 4093 396 4145 τὸ
435 4093 790 4164 προκείμενον
838 4099 968 4166 ἡμῖν
1013 4099 1380 4171 εύσαφηνίσθη
1415 4099 1504 4153 διὰ
1531 4099 1639 4153 τῶν
1685 4101 1909 4172 είρημέυ

334 4197 460 4244 νων,
485 4182 578 4234 τοῦ
611 4183 908 4237 ἐπεισοδίου
957 4187 1224 4257 νοήματος
1255 4187 1390 4258 πρὸς
1433 4188 1626 4260 ἑτέραν
1673 4189 1906 4260 θεωρίαν

336 4272 747 4342 παραγαγόντος
766 4274 856 4326 τὸν
886 4275 1058 4342 λόγον.

2020 3187 2171 3256 poris
2198 3187 2480 3240 domicilio
2502 3228 2516 3253 ,
2545 3188 2636 3242 sed
2665 3190 2984 3245 accessione
3009 3192 3438 3266 decessioncque
3462 3213 3592 3254 mn-

2017 3277 2169 3330 tinua
2210 3278 2304 3331 alii
2348 3295 2412 3332 ex
2463 3279 2569 3333 alio
2602 3281 2905 3347 reddimur,
2944 3285 3084 3338 etin
3135 3303 3332 3340 novum
3368 3291 3592 3346 assidue

2014 3383 2214 3437 corpus
2248 3368 2623 3424 immutantur.
2653 3371 2793 3436 Quid
2830 3373 2994 3443 igitur
3023 3389 3146 3428 cum
3181 3384 3357 3433 morte
3389 3393 3498 3436 nos
3531 3391 3591 3436 ut

2013 3457 2226 3527 hospite
2259 3460 2681 3529 peregrinosque
2709 3462 2970 3530 gerimus,
2998 3481 3123 3519 cum
3147 3467 3587 3528 demonstratum

2015 3551 2121 3614 sit,
2151 3551 2315 3604 vitam
2350 3551 2490 3605 hanc
2518 3567 2678 3621 quam
2715 3554 2766 3606 in
2796 3569 2960 3610 carne
2988 3556 3254 3627 (legimus,
3283 3561 3417 3616 nihil
3443 3563 3587 3620 aliud

2014 3657 2171 3705 esse,
2220 3641 2326 3696 nisi
2370 3649 2687 3712 perpetuam
2738 3646 2932 3702 mortis
2973 3652 3488 3707 commentationem
3525 3670 3588 3708 ac

2014 3733 2303 3788 studium?
2349 3733 2534 3799 Quid?
2567 3733 2684 3804 ipse
2715 3751 2942 3794 somnus
2976 3749 3140 3809 atque
3194 3741 3380 3809 vigilia
3402 3784 3417 3807 ,
3453 3747 3600 3816 quid

2011 3823 2160 3878 aliud
2196 3833 2358 3889 sunt,
2407 3826 2513 3880 nisi
2563 3829 2756 3883 mortis
2791 3831 3023 3900 vitaeque
3065 3833 3384 3903 complexus
3424 3845 3586 3907 atque

2011 3914 2362 3983 conjunctio?
2386 3921 2512 3968 cum
2551 3924 2604 3969 et
2639 3917 2974 3973 dormientes
3006 3929 3262 3991 tanquam
3289 3927 3584 3984 exstinctos

2012 4018 2207 4060 sensus
2255 4020 2354 4060 nos
2399 4005 2648 4072 deserat,
2693 4016 2749 4062 et
2797 4009 3068 4064 excitatos
3125 4012 3306 4081 vigilia
3357 4026 3582 4084 speratae

2014 4096 2442 4152 resurrectionis
2480 4097 2810 4152 admoneat?
2852 4098 3052 4153 Verum
3093 4101 3438 4171 digressioue
3477 4109 3582 4163 hac

2011 4185 2080 4240 ad
2118 4186 2220 4239 alia
2255 4186 2655 4242 consideranda
2686 4204 2788 4243 nos
2825 4189 3163 4255 addueente,
3195 4194 3342 4261 quod
3373 4211 3578 4266 propo-

2013 4276 2227 4332 suimus
2259 4277 2500 4330 nondum
2535 4278 2980 4346 explicavimus.-

406 4359 573 4412 Πάλιν
603 4361 782 4415 τοίνυν
822 4363 883 4415 τὸ
930 4366 1190 4435 προτεθὲν
1242 4366 1635 4436 ἀναλάϐωμεν,
1685 4370 1765 4421 ὅτι
1805 4370 1904 4422 οὐκ

2081 4367 2264 4434 Quare
2302 4367 2368 4422 ad
2409 4368 2750 4438 propositum
2788 4379 3150 4437 revertamur,
3187 4375 3580 4433 ostendamus-

330 4451 619 4521 ἀχρήστως
659 4453 796 4524 πρὸς
817 4455 914 4526 τὴν
951 4457 1404 4528 προσδοκωμένην
1435 4458 1544 4512 τῶν
1577 4458 1799 4528 ἀγαθῶν
1823 4461 1907 4513 ἐλ-

333 4543 460 4596 πίδα
485 4581 500 4606 ,
532 4545 652 4599 οὐδὲ
683 4548 716 4616 ἡ
757 4546 849 4601 τοῦ
901 4547 1147 4618 σώματος
1175 4551 1336 4618 φύσις
1379 4551 1510 4621 ἔχει.
1559 4552 1621 4604 Εἰ
1654 4553 1751 4622 μὲν
1799 4552 1907 4624 γὰρ

328 4625 469 4700 ἦμεν
509 4632 645 4702 ὅπερ
677 4633 738 4700 ἐξ
769 4636 943 4707 ἀρχῆς
973 4637 1296 4706 ἐγενόμεθα,
1336 4638 1435 4690 οὐκ
1465 4636 1532 4690 ἀν
1570 4637 1785 4700 πάντως
1812 4638 1905 4691 τοῦ

328 4722 649 4793 δερματίνου
696 4726 922 4795 χιτῶνος
965 4728 1442 4799 προσεδεήθημεν,
1493 4728 1905 4800 ἐπιλαμπούσης

329 4814 458 4882 ἡμῖν
497 4813 599 4885 τῆς
633 4817 770 4886 πρὸς
801 4817 861 4869 τὸ
888 4818 1040 4871 Θεῖον
1078 4819 1412 4887 ὁμοιώσεως.
1457 4820 1516 4873 Ὀ
1554 4820 1612 4874 δὲ
1645 4819 1786 4881 θεῖος
1813 4837 1909 4890 χα-

331 4904 539 4976 ρακτὴρ
559 4908 587 4960 6
607 4908 1024 4978 ἐπιφαινόμενος
1052 4913 1182 4980 ἡμῖν
1207 4912 1268 4964 τὸ
1298 4912 1416 4964 κατ’
1445 4911 1638 4983 ἀρχάς,
1671 4912 1732 4964 οὐ
1753 4910 1903 4964 ποιοῦ

328 4995 607 5064 σχήματός
647 5013 791 5060 τινος
835 4997 866 5067 ἢ
901 4998 1188 5069 χρώματος
1218 5001 1283 5070 ἦν
1326 5001 1522 5071 ἰδιότης
1547 5040 1560 5063 ,
1592 5000 1707 5053 ἀλλ’
1736 4997 1816 5063 οἷς
1843 4999 1905 5052 τὸ

326 5085 466 5139 θεῖον
504 5087 785 5159 θεωρεῖται
828 5089 1020 5153 κάλλος
1045 5130 1059 5154 ,
1098 5093 1359 5155 τοιούτοις
1392 5091 1789 5155 ἐκαλλωπίζετο
1810 5091 1904 5144 καὶ

323 5177 352 5227 6
376 5175 681 5247 ἄνθρωπος,
721 5180 791 5233 δι’
836 5181 1103 5245 ἀπαθείας
1130 5200 1190 5234 τε
1242 5183 1336 5236 καὶ
1378 5184 1772 5254 μακαριότητος
1809 5183 1902 5236 καὶ

323 5262 660 5333 ἀφθαρσίας,
713 5268 811 5339 τὴν
855 5271 1162 5340 ἀρχέτυπον
1217 5271 1375 5342 χάριν
1432 5271 1897 5342 ἀπομιμούμενος.

335 5356 550 5428 Ἐπειδὴ
587 5359 643 5412 δὲ
692 5360 759 5413 δι’
790 5362 1006 5432 ἀπάτης
1038 5363 1132 5416 τοῦ
1163 5363 1356 5434 ἐχθροῦ
1404 5364 1502 5434 τῆς
1537 5363 1684 5432 ζωῆς
1722 5364 1900 5434 ἡμῶν,

321 5445 456 5517 πρὸς
501 5448 561 5501 τὸ
610 5451 882 5521 κτηνῶδες
915 5455 1008 5506 καὶ
1067 5455 1260 5523 ἄλογον
1294 5455 1554 5518 ἑκουσίως
1593 5454 1693 5525 τὴν
1730 5455 1902 5526 ῥοπὴν

321 5536 474 5608 ἔσχεν
524 5541 552 5592 ό
582 5540 865 5613 ἄνθρωπος
890 5585 904 5610 ,
953 5546 1016 5599 τὸ
1054 5548 1150 5607 μὲν
1198 5548 1426 5611 ἄκοντας
1470 5549 1772 5621 ἀποστῆναι
1806 5547 1900 5602 τοῦ

440 5711 456 5764 l
494 5713 619 5768 Cor.
653 5729 740 5773 xv,
776 5717 862 5770 5|.

642 5804 908 5864 Parum.
942 5807 1059 5865 (in.
1112 5808 1325 5870 XLVI.

2013 4474 2119 4528 que
2152 4475 2221 4513 ne
2256 4459 2506 4528 corporis
2535 4459 2755 4529 quidem
2790 4469 3044 4517 naturam
3082 4465 3331 4521 inutilem
3361 4483 3484 4524 esse
3511 4472 3578 4528 ad

2011 4565 2163 4618 spem
2194 4549 2492 4613 bonorum,
2525 4565 2646 4621 quae
2671 4567 2701 4605 a
2726 4552 2887 4606 nobis
2917 4564 3329 4623 exspectantur.
3369 4559 3576 4616 Etenim

2009 4642 2056 4696 si
2089 4641 2224 4696 tales
2254 4642 2672 4706 mansissemus,
2712 4646 2903 4711 quales
2927 4646 3082 4701 initio
3115 4647 3316 4705 fuimus
3350 4667 3575 4721 procreo

2009 4737 2120 4800 ati,
2173 4735 2266 4790 Dei
2314 4738 2674 4793 similitudine
2717 4741 2769 4793 in
2820 4743 2976 4797 nobis
3017 4746 3301 4811 elucente,
3349 4750 3575 4818 pellicea

2009 4827 2190 4881 tunica
2228 4829 2540 4898 neutiquam
2575 4830 3026 4898 indiguissemus.
3065 4835 3250 4890 Divina
3285 4841 3429 4892 enim
3456 4857 3576 4909 quas

2007 4918 2277 4988 principio
2322 4919 2375 4974 in
2424 4921 2582 4975 nobis
2621 4926 2950 4977 cernebatur
3000 4937 3156 4988 nota,
3201 4945 3305 4981 uun
3351 4931 3402 4982 in
3437 4947 3574 4998 qua-

2004 5009 2263 5080 licunque
2297 5012 2482 5081 ﬁgurae
2513 5014 2782 5070 colorisve
2827 5017 3156 5086 proprietate
3200 5023 3571 5086 consistebat,

2002 5101 2096 5153 sed
2125 5100 2325 5169 quibus
2355 5101 2666 5172 insignibus
2691 5103 2782 5158 Dei
2815 5107 3166 5175 pulchritudo
3211 5112 3570 5179 conspicitur,

2001 5192 2195 5246 iisdem
2255 5192 2417 5245 homo
2478 5193 2775 5249 decoratus
2825 5211 2922 5264 per
2971 5198 3362 5254 beatitudinem
3422 5207 3572 5272 κιαι-ῆι

2003 5282 2210 5338 tmlinis
2257 5290 2312 5336 et
2354 5285 2723 5353 corruptionis
2754 5296 3030 5355 expertem
3076 5293 3406 5358 exemplaris
3444 5309 3570 5364 gra-

2001 5375 2131 5428 tiam
2177 5373 2536 5442 exprimebat.
2583 5374 2686 5428 Sed
2732 5386 3087 5447 posteaquam
3133 5396 3162 5432 a
3206 5383 3334 5437 vitm’
3368 5393 3571 5439 nostr-zu

2001 5464 2229 5518 inimico
2268 5464 2408 5518 dolis
2457 5466 2714 5536 demptus
2776 5469 2841 5522 ad
2908 5470 3208 5528 bestiarum
3258 5477 3594 5548 rationique“

1999 5556 2334 5610 contrariam
2396 5555 2561 5610 vitam
2635 5559 3066 5630 amplectendam
3128 5566 3409 5624 voluntate
3468 5583 3568 5627 sua

3249 5831 3322 5896 ιτ
