4124 6352
484 289 588 346 5‘25

1719 285 1775 339 S.
1802 283 2131 340 GREGORII
2162 283 2458 341 NYSSENI

3639 285 3744 342 5%

487 399 812 472 propensior
871 395 1081 463 evasit,
1136 393 1888 451 inconsideratiusfortasse
1941 409 2055 450 rem

2159 395 2402 467 χείρονος
2420 435 2435 460 ,
2469 396 2580 464 καὶ⁹
2600 394 2736 466 πρὸς
2763 394 2824 447 τὸ
2864 396 3108 467 κρεῖττον
3134 395 3546 464 ἀναγκαστικῶς
3581 416 3742 470 μετα-

487 489 922 561 rxpendentibus
951 487 1230 543 videretur
1266 487 1432 552 utile,
1465 494 1525 541 ut
1563 501 1594 540 a
1639 486 1782 540 malo
1817 485 2058 542 discede-

489 597 674 638 remus
709 581 863 636 inviti
887 615 907 644 ,ι
937 577 1226 649 coactique
1261 578 1327 632 ad
1365 579 1569 633 bonum
1603 585 1961 632 revertemur.
1989 575 2056 632 At

486 675 740 730 humanae
788 680 997 726 natura:
1043 670 1283 725 ell'ectori
1317 669 1510 724 inutile
1554 669 1731 736 visum
1772 675 1855 722 est
1896 675 2061 737 atque

486 769 735 838 iniquum
759 808 775 833 ,
809 776 869 819 ut
901 765 972 818 ob
1005 778 1124 818 eam
1157 762 1576 833 dispositionem
1605 771 1802 816 natura
1835 761 2059 814 maximi

486 859 615 913 boni
645 859 922 929 jacturam
958 854 1178 908 faceret.
1215 851 1352 906 Nam
1385 867 1509 906 cum
1547 851 1655 906 Deo
1685 853 1904 916 similis,
1927 852 2059 905 bea-

485 960 682 1020 tusque
727 962 792 1002 ea
838 960 898 1000 re
932 952 1079 1000 esset
1129 944 1328 1009 homo,
1378 943 1523 1013 quod
1576 943 1747 998 libera
1799 942 2060 1012 przeditus

481 1050 602 1096 erat
629 1039 907 1094 voluntate
934 1036 1114 1107 (juris
1141 1035 1286 1091 enim
1312 1051 1437 1091 esse
1467 1035 1584 1100 sui,
1609 1043 1663 1089 et
1689 1035 1896 1089 nullius
1931 1035 2056 1090 sub-

476 1135 682 1202 jectum
713 1129 967 1200 imperio,
995 1128 1194 1183 divinae
1217 1136 1303 1184 est
1335 1126 1700 1182 beatitudinis
1725 1126 2055 1198 proprium),

483 1225 528 1279 si
567 1222 897 1278 necessitate
937 1221 1128 1283 illum,
1164 1227 1219 1275 et
1258 1221 1309 1272 vi
1350 1218 1418 1272 ad
1457 1217 1663 1287 aliquid
1716 1218 2058 1288 impulisset,

481 1332 544 1369 ea
597 1314 892 1385 spoliasset
944 1312 1123 1382 ipsum
1175 1310 1459 1380 dignitate.
1514 1309 1616 1374 Qui
1668 1309 1813 1362 enim
1867 1315 2062 1378 sponte

482 1419 743 1478 motuque
802 1406 1116 1463 voluntario
1171 1412 1423 1457 naturam
1498 1418 1654 1457 suam
1716 1401 1783 1456 ad
1852 1401 2059 1472 aliquid

481 1519 706 1565 eorum,
757 1515 879 1569 quae
935 1513 1046 1552 non
1101 1496 1472 1556 conveniunt,
1527 1501 1960 1556 converterunt,
2013 1496 2058 1548 si

480 1608 578 1663 per
602 1592 710 1645 vim
739 1591 806 1643 ab
837 1589 905 1642 iis
925 1626 940 1650 ,
971 1601 1094 1656 quae
1125 1585 1226 1638 sibi
1264 1584 1367 1654 ipsi
1405 1583 1765 1653 delegerunt,
1795 1583 2060 1637 desistere

475 1689 770 1753 cogantur,
819 1679 1026 1733 bonum
1077 1675 1187 1731 illis
1239 1674 1520 1738 adimitur,
1581 1673 1726 1743 quod
1779 1671 2054 1726 habebant

2159 487 2330 541 θεῖναι
2354 527 2368 554 ,
2403 489 2514 552 τοῖς
2554 490 2651 559 μὲν
2693 487 3070 555 ἀνεξετάστως
3105 489 3374 560 χρήσιμον
3405 485 3546 542 εἶναι
3574 490 3739 544 δοκεῖ’

2159 579 2235 650 τῷ
2290 580 2345 635 δὲ
2394 579 2606 653 πλάστῃ
2660 581 2759 652 τῆς
2808 580 3024 650 φύσεως
3071 579 3382 644 ἀλυσιτελὲς
3425 581 3597 652 ἐφάνη
3649 583 3743 634 καὶ

2160 672 2379 737 ἄδικον,
2414 672 2514 744 τὴν
2561 671 2654 725 τοῦ
2706 671 2963 742 μεγίστου
3012 670 3120 725 τῶν
3167 670 3389 741 ἀγαθῶν
3421 671 3624 743 ζημίαν
3654 673 3742 725 διὰ

2159 764 2256 834 τῆς
2289 763 2542 834 τοιαύτης
2570 762 2880 833 οἰκονομίας
2907 763 3292 833 ἐμποιῆσαιτῇ
3328 761 3505 831 φύσει.
3525 761 3744 832 Ἐπειδὴ

2159 856 2267 926 γὰρ
2297 855 2537 926 θεοειδὴς
2567 855 2596 908 6
2631 854 2919 925 ἄνθρωπος
2946 855 3161 923 ἐγένετο
3187 894 3201 920 ,
3232 857 3326 908 καὶ
3372 855 3640 926 μακάριος
3662 855 3742 924 τῷ

2160 947 2492 1019 αὐτεξουσίῳ
2513 947 2872 1018 τετιμημένος
2904 946 2922 1013 (
2941 946 3001 1000 τὸ
3043 947 3152 1018 γὰρ
3186 947 3523 1017 αὐτοκρατές
3561 963 3617 1000 τε
3649 947 3743 1002 καὶ

2159 1040 2450 1094 ἀδέσποτον
2486 1040 2616 1093 ἴδιόν
2674 1041 2790 1092 ἐστι
2843 1039 2942 1110 τῆς
2991 1038 3141 1102 θείας
3172 1036 3650 1110 μακαριότητος),
3682 1037 3744 1090 τὸ

2159 1129 2226 1182 δι’
2259 1129 2503 1200 ἀνάγκης
2537 1129 2700 1182 αὐτὸν
2727 1129 2817 1182 ἐπί
2863 1146 2917 1182 τι
2959 1128 3290 1200 μεταχθῆναι
3319 1127 3542 1198 βιαίως,
3581 1127 3742 1196 ἀφαί-

2165 1238 2310 1292 ρεσις
2357 1219 2450 1273 τοῦ
2490 1219 2799 1291 ἀξιώματος
2836 1215 2924 1292 ἦν.
2963 1221 3026 1273 Εἰ
3071 1221 3181 1290 γὰρ
3219 1218 3476 1283 ἑκουσίως
3507 1218 3605 1290 τὴν
3648 1221 3741 1273 ἀν-

2161 1312 2439 1383 θρωπίνην
2492 1312 2652 1382 φύσιν
2688 1311 2827 1366 κατὰ
2857 1312 2956 1383 τὴν
2996 1311 3341 1376 αὐτεξούσιον
3384 1311 3598 1382 κίνησιν
3647 1311 3739 1363 ἐπί

2161 1419 2213 1454 τι
2244 1401 2352 1454 τῶν
2382 1403 2444 1455 οὐ
2493 1403 2720 1457 δεόντων
2763 1403 3085 1474 ὁρμήσασαν
3105 1443 3118 1468 ,
3164 1402 3350 1473 βιαίως
3384 1419 3444 1454 τε
3480 1403 3574 1455 καὶ
3606 1419 3739 1455 κατ-

2161 1496 2588 1567 ηναγκασμένως
2603 1495 2712 1550 τῶν
2745 1497 3077 1568 αἱρεσάντων
3105 1497 3431 1568 ἀπέστησεν,
3453 1496 3740 1567 ἀφαίρεσις

2161 1587 2226 1642 ἂν
2254 1583 2322 1660 ῆν
2354 1588 2448 1642 τοῦ
2499 1591 2822 1660 προέχοντος
2855 1588 3060 1658 ἀγαθοῦ
3089 1589 3149 1642 τὸ
3172 1588 3451 1660 γινόμενον
3470 1628 3485 1654 ,
3515 1588 3610 1641 καὶ
3640 1588 3740 1658 τῆς

2165 1680 2368 1734 ἰσοθέου
2391 1682 2556 1751 τιμῆς
2585 1681 2972 1752 ἀποστέρησις.
3012 1681 3239 1734 ’ἰσόθεον
3259 1681 3368 1751 γάρ
3396 1682 3514 1737 ἐστι
3527 1679 3588 1734 τὸ
3618 1679 3741 1734 αὐτο

478 1751 674 1848 prius:
709 1787 883 1842 eaque
915 1786 1004 1825 ros
1036 1782 1114 1825 est
1159 1768 1394 1838 privatio
1445 1765 1622 1821 divini
1668 1764 1916 1819 honoris.
1967 1763 2055 1817 Li-

2157 1769 2415 1834 εξούσιον.
2458 1771 2544 1834 Ὠς
2580 1770 2645 1824 ἂν
2682 1766 2774 1824 οὖν
2811 1751 2905 1824 καὶ
2929 1774 2962 1842 ἠ
2994 1771 3211 1838 ἐξουσία
3253 1771 3404 1841 μένοι
3432 1773 3500 1843 τῇ
3552 1770 3735 1840 φύσει,

481 1873 670 1926 herum
715 1868 859 1923 enim
903 1863 1202 1921 voluntatis
1243 1859 1536 1914 arbitrium
1596 1865 1683 1913 est
1738 1857 1917 1910 honor
1972 1856 2056 1909 di-

475 1961 608 2016 vino
649 1958 898 2029 aequalis.
943 1954 1315 2021 Quamobrem
1370 1959 1431 2006 ut
1478 1950 1644 2006 simul
1701 1957 1756 2004 et
1807 1949 2057 2002 humanre

480 2064 688 2107 naturae
735 2049 1145 2118 relinqueretur
1195 2042 1438 2113 dignitas
1484 2041 1672 2096 liberae
1722 2040 2054 2105 voluntatis,

475 2152 534 2199 et
571 2144 749 2213 ipsum
795 2138 1108 2193 auferretur
1149 2135 1386 2194 malum,
1432 2134 1574 2186 hanc
1614 2131 1799 2185 divina
1841 2132 2059 2200 sapien-

481 2236 559 2290 tia
602 2233 869 2289 rationem
903 2219 1265 2297 excogitavit,
1299 2235 1359 2278 ut
1397 2226 1452 2278 in
1498 2225 1567 2278 iis
1616 2222 1888 2277 hominem
1937 2235 2059 2275 esse

480 2328 717 2390 sineret,
753 2338 874 2393 qua:
907 2319 1011 2376 sibi
1045 2318 1163 2388 ipse
1205 2316 1494 2386 elegisset,
1529 2328 1640 2384 quo
1674 2312 1907 2384 gustatis
1944 2326 2058 2365 ma-

480 2423 584 2487 lis,
633 2433 754 2490 quae
806 2415 1234 2484 concupiverat,
1290 2409 1736 2478 experiendoque
1789 2406 2054 2466 discens,

481 2525 604 2581 qua;
645 2507 844 2578 quibus
884 2508 1319 2566 commutasset,
1367 2515 1432 2554 ea
1484 2497 1786 2569 cupiditate
1837 2510 2058 2551 rursum

482 2602 886 2663 incenderetur,
914 2604 974 2650 ut
1000 2595 1254 2648 vitiorum
1289 2590 1907 2663 perturbationumque,
1938 2604 2060 2659 qua:

482 2689 680 2744 rationi
737 2686 975 2742 inimica:
1025 2691 1190 2749 sunt,
1247 2697 1414 2736 onere
1444 2680 1731 2750 deposito,
1791 2687 1845 2733 et
1877 2680 1960 2733 vel
2004 2680 2057 2733 in

483 2778 739 2852 praesenti
770 2777 881 2834 vita
908 2776 1167 2847 precibus
1201 2775 1598 2844 sapientiaeque
1643 2772 1828 2828 studio
1859 2787 2060 2843 purga-

479 2882 606 2939 tus,
634 2871 716 2927 vel
747 2878 870 2940 post
898 2869 1110 2922 obitum
1151 2882 1246 2936 per
1279 2865 1642 2934 expurgantis
1687 2863 1828 2934 ignis
1873 2861 2062 2916 forna-

476 2979 596 3019 cem
626 2961 912 3032 expiatus,
961 2959 1028 3012 ad
1077 2958 1369 3029 pristinam
1402 2957 1563 3011 vellet
1608 2955 1789 3010 redire
1837 2953 2063 3010 felicita-

2160 1863 2253 1916 καὶ
2284 1863 2345 1916 τὸ
2370 1863 2537 1917 κακὸν
2566 1864 2886 1934 ἀπογένοιτο
2910 1903 2925 1926 ,
2963 1862 3166 1935 ταύτην
3193 1857 3351 1934 εὗρεν
3384 1866 3417 1935 ἡ
3460 1863 3622 1933 σοφία
3643 1860 3737 1916 τοῦ

2159 1954 2295 2008 Θεοῦ
2334 1954 2432 2026 τὴν
2457 1956 2701 2009 ἐπίνοιαν
2724 1995 2739 2020 ,
2769 1955 2831 2009 τὸ
2881 1956 3040 2010 ἐᾶσαι
3078 1956 3168 2010 τὸν
3221 1955 3504 2027 ἄνθρωπον
3553 1958 3612 2010 ἐν
3657 1951 3738 2020 οἷς

2160 2045 2423 2116 ἐϐουλήθη
2453 2046 2703 2115 γενέσθαι
2728 2087 2742 2113 ,
2776 2048 2862 2100 ἵνα
2891 2047 3228 2118 γευσάμενος
3265 2047 3374 2101 τῶν
3411 2047 3597 2103 κακῶν
3621 2089 3635 2114 ,
3662 2042 3737 2102 ὦν

2159 2135 2525 2206 ἐπεθύμησεν,
2555 2137 2648 2190 καὶ
2667 2141 2732 2208 τῇ
2767 2138 2932 2209 πείρᾳ
2972 2137 3159 2207 μαθὼν
3179 2177 3194 2202 ,
3229 2131 3316 2191 οἷα
3342 2137 3458 2192 ἀνθ’
3486 2138 3612 2192 οἴων
3645 2138 3739 2208 ὴλ-

2158 2225 2354 2291 λάξατο
2379 2265 2394 2289 ,
2442 2225 2852 2299 παλινδρομήσῃ
2889 2227 2978 2281 διὰ
3021 2227 3122 2298 τῆς
3160 2227 3452 2298 ἐπιθυμίας
3477 2228 3737 2292 ἑκουσίως

2161 2319 2296 2388 πρὸς
2319 2318 2416 2389 τὴν
2446 2319 2668 2390 πρώτην
2697 2320 3074 2390 μακαριότητα
3092 2361 3108 2385 ,
3143 2321 3288 2374 ἅπαν
3312 2321 3372 2374 τὸ
3401 2318 3644 2390 ἐμπαθές
3675 2336 3736 2372 τε

2161 2408 2253 2462 καὶ
2283 2408 2474 2477 ἄλογον
2497 2449 2510 2472 ,
2561 2408 2748 2479 ῶσπερ
2780 2427 2829 2462 τι
2873 2409 3036 2480 ἄχθος
3080 2409 3460 2474 ἀποσκευάσας
3501 2409 3599 2479 τῆς
3635 2405 3738 2476 φύ-

2161 2515 2297 2562 σεως
2320 2539 2334 2565 ,
2369 2500 2488 2568 ῆτοι
2519 2498 2659 2552 κατὰ
2688 2500 2785 2571 τὴν
2813 2497 3094 2570 παροῦσαν
3120 2498 3280 2569 ζωὴν,
3313 2498 3400 2552 διά
3429 2496 3739 2569 προσευχῆς

2159 2607 2218 2642 τε
2247 2591 2340 2642 καὶ
2373 2589 2687 2658 φιλοσοφίας
2718 2589 3081 2658 ἐκκαθαρθεὶς
3101 2628 3116 2653 ,
3151 2587 3184 2658 ἢ
3217 2587 3354 2658 μετά
3386 2586 3483 2658 τὴν
3529 2585 3737 2640 ἐνθένδε

2164 2680 2578 2750 μετανάστασιν,
2603 2679 2691 2734 διὰ
2717 2679 2820 2748 τῆς
2843 2679 2936 2732 τοῦ
2965 2679 3262 2751 καθαρσίου
3298 2679 3465 2750 πυρὸς
3489 2677 3734 2748 χωνείας.

2163 2773 2374 2843 Ὥσπερ
2403 2772 2510 2842 γὰρ
2541 2772 2592 2825 εί
2609 2789 2692 2835 τις
2731 2771 2970 2842 ἰατρικὸς
3001 2770 3077 2824 ὢν
3101 2811 3115 2838 ,
3156 2772 3254 2825 καὶ
3303 2773 3483 2826 πᾶσαν
3515 2769 3740 2840 ἐπιστήυ

2165 2879 2272 2932 μην
2296 2862 2402 2915 τῶν
2431 2879 2492 2914 τε
2523 2862 2824 2932 σωτηρίων,
2852 2863 3074 2918 καὶτῶν
3097 2862 3436 2935 δηλητηρίων
3459 2863 3524 2916 ἐκ
3544 2862 3739 2932 τέχνης

2163 2957 2336 3027 έχων,
2375 2957 2756 3028 συμϐουλεύων
2783 2957 2862 3028 τῷ
2900 2955 3168 3028 μειρακίῳ
3194 2955 3261 3008 τά
3292 2954 3476 3008 δέοντα
3496 2995 3510 3019 ,
3541 2951 3617 3024 μὴ
3651 2951 3740 3005 δυ-

477 3065 610 3110 tem.
643 3051 714 3129 Iit
748 3052 894 3107 enim
938 3051 984 3106 si
1016 3050 1142 3121 quis
1174 3049 1402 3104 medica:
1432 3047 1714 3102 facultatis
1736 3088 1752 3115 ,
1785 3055 1838 3101 et
1866 3061 2055 3101 eorum

2163 3049 2350 3120 νηθείη
2386 3049 2474 3102 διὰ
2523 3049 2830 3120 συμϐουλῆς
2863 3047 3104 3102 κωλύσαι
3141 3048 3233 3101 τὸν
3263 3046 3428 3116 ἀτελῆ
3471 3045 3613 3100 κατά
3641 3043 3741 3116 τὴν

477 3164 600 3218 qua:
624 3144 923 3202 valetudini
949 3143 1030 3197 vel
1063 3141 1277 3212 prosint
1304 3141 1386 3194 vel
1418 3139 1636 3201 obsint,
1665 3138 2056 3209 peritissimus,

487 3237 902 3294 adolescentulo
931 3232 1151 3303 quidem
1197 3231 1515 3286 consuleret
1553 3229 1838 3293 salutaria,
1885 3229 1979 3284 sed
2010 3229 2058 3282 ei

479 3340 662 3382 tamen
696 3332 918 3395 prepter
953 3322 1134 3377 attatis
1169 3321 1583 3391 prudentiaeque
1627 3319 2058 3375 imbecillitatem

477 3419 714 3475 eottsilio
758 3431 859 3471 suo
907 3414 1240 3485 persuadere
1287 3427 1395 3467 non
1437 3419 1654 3480 posset,
1696 3410 1994 3479 quominus
2028 3424 2058 3461 a

475 3511 694 3571 fructu,
730 3515 825 3560 aut
856 3506 1024 3560 herba
1053 3505 1236 3573 aliqua
1262 3503 1572 3572 perniciosa
1611 3509 1977 3572 temperaret,
2010 3502 2057 3555 is

477 3616 602 3655 eum
637 3614 798 3653 omne
828 3597 1192 3652 remediorum
1225 3610 1397 3662 genus
1430 3595 1483 3648 in
1517 3603 1769 3664 promptu
1805 3595 2054 3656 haberet,

481 3691 822 3762 permitteret
855 3689 986 3751 lilio,
1011 3695 1067 3740 ut
1098 3702 1156 3740 re
1183 3687 1342 3741 noxia
1374 3694 1712 3751 vesceretur,
1737 3701 1847 3755 quo
1881 3685 2057 3740 morbi

476 3781 734 3838 molestia
785 3789 880 3834 aut
928 3779 1118 3834 dolore
1153 3779 1334 3846 aliquo
1383 3776 1671 3842 alieetum,
1724 3793 1890 3846 reque
1938 3777 2056 3846 ipsa

477 3872 691 3943 paterni
731 3871 946 3926 consilii
993 3871 1283 3924 utilitatem
1333 3877 1754 3939 agnoscentem,
1793 3869 2057 3924 valetudi-

478 3965 677 4034 nisque
705 3962 1047 4034 cupidiorem
1080 3962 1499 4015 medicamentis
1526 3961 1642 4016 suis
1673 3961 1726 4014 in
1761 3961 2053 4030 pristinum

477 4057 764 4110 reduceret
807 4060 1041 4122 statum,
1073 4052 1217 4105 unde
1246 4059 1467 4120 propter
1493 4051 1715 4107 stultam
1746 4050 1856 4104 cibi
1897 4049 2058 4119 pesti-

475 4149 576 4202 feri
625 4147 980 4217 cupiditatem
1017 4143 1316 4199 excidisset
1354 4163 1366 4196 :
1419 4144 1499 4198 sic
1545 4143 1797 4197 humanae
1848 4149 2055 4197 nativa:

475 4239 830 4294 dulcissimus
873 4244 1037 4306 atque
1076 4235 1319 4306 optimus
1365 4244 1536 4304 pater,
1578 4250 1700 4302 quae
1749 4233 2011 4286 salutaria
2037 4273 2050 4297 ,

473 4345 662 4400 quaeve
697 4328 1005 4400 perniciosa
1054 4335 1240 4383 essent
1291 4325 1533 4388 homini,
1572 4325 1732 4393 plane
1780 4331 2049 4378 noverat:

473 4423 660 4490 itaque
693 4420 844 4474 illum
879 4417 1200 4481 admonuit,
1231 4431 1298 4470 ne
1335 4413 1652 4484 perniciosa
1683 4415 2048 4485 contingeret.

473 4509 678 4564 Verum
721 4525 844 4562 cum
883 4509 957 4562 rei
991 4506 1282 4561 deterioris
1311 4504 1612 4575 cupiditate
1655 4503 1835 4559 victus
1864 4512 2050 4570 esset,

478 4595 892 4653 medicamentis
923 4612 1032 4650 non
1063 4595 1300 4666 indiguit
1322 4635 1336 4660 ,
1372 4595 1581 4664 quibus
1608 4608 1731 4648 eum
1766 4594 1832 4648 ad
1869 4595 2054 4663 pristi-

478 4705 602 4743 nam
639 4691 925 4743 sanitatem
968 4694 1278 4742 revocaret.
1329 4684 1539 4738 Etenim
1577 4699 1701 4738 eum
1729 4699 2050 4754 corpoream

478 4785 637 4836 istam
667 4781 1004 4850 voluptatem
1057 4777 1224 4831 animi
1263 4777 1464 4832 laetitiae
1495 4777 1858 4847 praetulisset,
1903 4777 2052 4831 visus

475 4883 558 4926 est
581 4867 986 4942 quodammodo
1015 4869 1158 4923 Deus
1183 4867 1518 4937 permittere,
1557 4867 1830 4922 hominem
1859 4881 1927 4920 eo
1953 4867 2053 4920 im-

474 4972 602 5033 petu
637 4961 796 5023 ferri,
830 4967 1052 5030 propter
1077 4959 1318 5015 tunicam
1352 4961 1499 5012 illam
1537 4960 1816 5028 pelliceam
1840 4999 1855 5020 ,
1885 4975 2048 5029 quam

476 5057 547 5107 ob
575 5053 696 5124 ejus
725 5053 1153 5123 propensionem
1183 5052 1248 5105 ad
1285 5053 1484 5105 Inalum
1519 5051 1692 5106 induit
1725 5053 1910 5115 illum,
1943 5066 2049 5121 qua

477 5145 696 5216 quidem
727 5144 914 5198 tunica
946 5152 1156 5198 naturae
1181 5144 1395 5198 ratione
1415 5144 1660 5197 vacantis
1689 5144 2052 5214 proprietates

477 5236 682 5288 homini
721 5233 970 5290 admista:
1002 5242 1153 5288 sunt.
1192 5233 1471 5304 Sapientia
1503 5233 1649 5287 enim
1679 5232 1769 5286 illa
1801 5247 1924 5301 qua:
1957 5249 2052 5301 per

475 5325 756 5380 contraria
781 5365 793 5388 ,
822 5324 968 5395 quod
1001 5325 1196 5379 melius
1225 5332 1344 5383 est,
1381 5322 1623 5392 disponit
1651 5362 1667 5387 ,
1711 5330 1920 5376 natura:
1966 5337 2043 5376 ra-

474 5418 623 5471 tione
679 5415 921 5485 praadita:
973 5415 1277 5470 bestiarum
1341 5414 1726 5468 indumentum
1784 5413 2045 5469 confecit.

472 5503 609 5558 Nam
641 5505 824 5559 tunica
857 5504 947 5559 illa
979 5505 1202 5574 pellicea
1239 5518 1426 5558 secum
1460 5501 1642 5558 ferens
1683 5516 1876 5558 omnes
1925 5517 2052 5572 pro-

470 5595 772 5664 prietates,
838 5609 978 5664 quas
1036 5610 1103 5651 ex
1158 5595 1457 5650 bestiarum
1514 5603 1713 5648 natura
1769 5596 2048 5663 continet,

469 5699 673 5758 nempe
733 5685 1101 5755 voluptatem,
1164 5685 1539 5754 iracundiam,
1605 5686 1850 5757 gutturis
1913 5703 2047 5742 ven-

2162 3141 2376 3211 ήλικίαν
2425 3157 2485 3193 τε
2533 3141 2627 3193 καὶ
2680 3138 2779 3210 τὴν
2815 3139 3098 3209 φρόνησιν,
3154 3136 3563 3208 ἐπιθυμητικῶς
3605 3135 3740 3206 πρός

2159 3249 2279 3284 τινα
2312 3231 2630 3302 φθοροποιὸν
2668 3230 2936 3302 καρπὸνῆ
2977 3229 3112 3283 πόαν
3150 3228 3482 3292 διατεθέντα,
3516 3227 3654 3298 ἔχων
3683 3226 3741 3279 δὲ

2159 3323 2418 3377 παντοίαν
2446 3322 2556 3376 τῶν
2597 3323 3058 3394 ἀλεξιφαρμάκων
3104 3321 3452 3394 παρασκευὴν
3478 3360 3493 3385 ,
3526 3319 3742 3390 ἐπιτρέ-

2157 3412 2278 3480 ψειε
2315 3411 2392 3482 τῷ
2422 3411 2573 3464 παιδὶ
2609 3414 2901 3482 μετασχεῖν
2942 3412 3049 3465 τῶν
3080 3411 3458 3482 βλαπτόντων,
3490 3411 3574 3482 ἐφ’
3611 3403 3654 3480 ᾧ
3681 3427 3740 3464 τε

2157 3501 2245 3554 διὰ
2287 3502 2384 3572 τῆς
2417 3500 2524 3554 τῶν
2562 3501 2825 3570 ἀλγεινῶν
2871 3503 3067 3573 πείρας
3107 3504 3168 3558 τὸ
3192 3505 3460 3575 χρήσιμον
3494 3504 3593 3574 τῆς
3635 3521 3740 3556 πα·-

2157 3592 2338 3663 τρῴας
2373 3593 2684 3663 συμϐουλῆς
2733 3593 2971 3663 μαθόντα
3001 3635 3015 3659 ,
3071 3597 3164 3649 καὶ⁴
3215 3598 3273 3650 ἐν
3325 3595 3592 3666 ἐπιθυμίᾳ
3641 3595 3740 3666 τῆς

2161 3683 2370 3751 ὑγιείας
2404 3684 2714 3754 γενόμενον,
2754 3687 2914 3740 πάλιν
2967 3687 3055 3740 διὰ
3081 3687 3189 3741 τῶν
3219 3687 3591 3760 ἀλεξητηρίων
3642 3687 3740 3740 ἐπ-

2158 3775 2407 3844 αναγάγῃ
2438 3773 2573 3844 πρὸς
2603 3773 2816 3840 εὐεξίαν
2846 3777 2936 3830 τὸν
2978 3777 3162 3842 παῖδα,
3189 3773 3256 3850 ἧς
3288 3778 3373 3832 διὰ
3399 3777 3501 3848 τῆς
3535 3777 3737 3831 ἀτόπου

2157 3867 2264 3919 τῶν
2286 3865 2622 3935 δηλητηρίων
2651 3867 2944 3938 ἐπιθυμίας
2968 3869 3222 3934 ἐξέπεσεν
3241 3888 3254 3902 ·
3277 3870 3447 3933 οὕτως
3480 3872 3508 3923 6
3537 3868 3740 3939 γλυκύς

2156 3977 2213 4013 τε
2245 3960 2337 4013 καὶ
2367 3958 2567 4026 ἀγαθὸς
2593 3959 2692 4030 τῆς
2721 3959 2935 4028 φύσεως
2965 3962 3120 4033 ἡμῶν
3151 3963 3366 4034 πατὴρ,
3399 3965 3428 4018 6
3457 3962 3611 4026 εἰδὼς
3644 3961 3740 4018 καὶ

2156 4053 2224 4106 δι’
2256 4047 2330 4105 ὧν
2359 4050 2662 4120 σωζόμεθα,
2695 4052 2956 4124 ἐγνώρισε
3013 4054 3110 4124 μὲν
3149 4055 3226 4124 τῷ
3256 4053 3527 4125 ἀνθρώπῳ
3551 4054 3613 4108 τὸ
3641 4053 3738 4126 δη⁹

2156 4142 2432 4213 λητήριον,
2465 4141 2558 4194 καὶ⁵
2590 4145 2651 4195 τὸ
2687 4142 2762 4214 μὴ
2796 4148 3084 4215 μετασχεῖν
3119 4144 3534 4200 συνεϐούλευσεν
3555 4163 3568 4178 ο
3599 4163 3738 4216 κρα-

2157 4236 2399 4305 τησάσης
2420 4231 2476 4285 δὲ
2505 4233 2604 4302 τῆς
2629 4235 2924 4305 ἐπιθυμίας
2949 4234 3042 4288 τοῦ
3067 4236 3336 4307 χείρονος,
3368 4236 3468 4290 οὐκ
3491 4237 3735 4308 ἠπόρησε

2158 4328 2266 4379 τῶν
2301 4329 2522 4396 ἀγαθῶν
2549 4329 2997 4402 ἀντιφαρμάκων,
3030 4328 3096 4381 δι’
3129 4323 3204 4380 ὧν
3232 4329 3556 4402 ἐπαναγάγῃ
3576 4328 3737 4383 πάλιν

2089 4453 2130 4506 D
2163 4417 2298 4487 πρὸς
2335 4418 2431 4489 τὴν
2472 4419 2572 4489 τῆς
2606 4418 2780 4489 ἀρχῆς
2806 4418 3018 4484 εὐεξίαν
3040 4418 3134 4472 τὸν
3161 4418 3464 4489 ἄνθρωπον.
3490 4418 3602 4490 Τὴν
3629 4418 3738 4488 γὰρ

2161 4507 2350 4580 ὑλικὴν
2378 4509 2580 4579 ταύτην
2631 4507 2823 4580 ἡδονὴν
2869 4508 2973 4580 πρὸ
3016 4509 3114 4579 τῆς
3139 4508 3376 4580 ψυχικῆς
3401 4508 3739 4581 εὐφροσύνης

2154 4597 2249 4650 τοῦ
2280 4599 2569 4669 ἀνθρώπου
2596 4599 2983 4671 προελομένου,
3014 4601 3325 4671 συντρέχειν
3347 4602 3447 4672 μέν
3476 4619 3592 4666 πως
3621 4601 3736 4655 ἐδο-

2158 4686 2246 4750 ξεν
2295 4687 2444 4759 αὐτῷ
2483 4691 2546 4759 τῇ
2591 4691 2734 4760 ὁρμῇ
2783 4689 2870 4743 διὰ
2904 4690 2998 4744 τοῦ
3035 4690 3357 4762 δερματίνου
3391 4692 3648 4762 χιτῶνος,
3679 4693 3738 4746 ὃν

2154 4779 2242 4832 διά
2272 4778 2369 4849 τὴν
2398 4779 2532 4850 πρὸς
2571 4779 2631 4831 τὸ
2665 4781 2846 4849 χεῖρον
2875 4779 3023 4850 αὐτῷ
3066 4780 3237 4852 ῥοπὴν
3285 4781 3608 4853 περιέθηκεν
3627 4821 3642 4848 ,
3670 4782 3737 4836 δι’

2154 4866 2215 4925 οὗ
2262 4873 2358 4941 τῆς
2394 4872 2588 4940 ἀλόγου
2647 4873 2860 4942 φύσεως
2911 4873 3178 4945 ἐπεμίχθη
3234 4874 3312 4945 τῷ
3363 4874 3634 4947 ἀνθρώπῳ
3670 4878 3739 4930 τά

2160 4963 2444 5033 ἰδιώματα,
2475 4959 2550 5018 ὧν
2573 4966 2682 5018 τῶν
2704 4966 2911 5035 ἀλόγων
2942 4966 3094 5030 ζώων
3137 4967 3236 5037 τῆς
3269 4968 3493 5039 λογικῆς
3525 4968 3738 5038 φύσεως

2158 5055 2361 5126 ἔνδυμα
2391 5057 2802 5127 κατεσκευάσθη
2827 5062 2893 5130 τῇ
2927 5060 3087 5130 σοφίᾳ
3115 5059 3209 5114 τοῦ
3242 5060 3330 5114 διὰ
3345 5060 3452 5114 τῶν
3480 5062 3737 5116 ἐναντίων

2155 5149 2564 5219 οἰκονομοῦντος
2607 5150 2674 5203 τὰ
2725 5151 3027 5223 κρείττονα.
3078 5151 3264 5205 Πάντα
3315 5151 3423 5224 γὰρ
3466 5153 3648 5223 φέρων
3679 5155 3738 5206 ἐν

2154 5239 2330 5309 ἐαυτῷ
2375 5240 2442 5293 τά
2495 5239 2759 5312 ἰδιώματα
2810 5245 2838 5295 ό
2869 5242 3190 5313 δερμάτινος
3231 5242 3395 5313 χιτὼν
3422 5284 3436 5308 ,
3471 5245 3570 5298 ὃσα
3625 5239 3739 5313 εἶχε

2155 5332 2424 5403 περιέχων
2456 5333 2554 5403 τὴν
2585 5333 2774 5402 ἄλογον
2805 5333 2987 5403 φύσιν,
3017 5335 3208 5406 ἡδονήν
3237 5353 3293 5389 τε
3331 5335 3422 5390 καὶ
3450 5337 3619 5408 θυμὸν
3645 5340 3741 5391 καὶ

2154 5423 2630 5495 γαστριμαργίαν,
2664 5425 2756 5477 καὶ
2797 5425 3102 5495 ἀπληστίαν
3123 5467 3138 5492 ,
3169 5429 3262 5482 καὶ
3292 5428 3361 5482 τά
3388 5430 3550 5500 ὃμοια
3571 5468 3586 5492 ,
3620 5431 3740 5484 ὁδὸν

2154 5509 2335 5564 δίδωσι
2367 5514 2432 5582 τῇ
2465 5511 2780 5584 ἀνθρωπίνῃ
2817 5514 3133 5585 προαιρέσει
3179 5517 3281 5587 τῆς
3322 5519 3445 5572 καθ’
3479 5520 3739 5590 ἑκάτερον

2157 5601 2329 5672 ῥοπῆς
2353 5645 2366 5668 ,
2395 5605 2474 5665 είς
2500 5604 2700 5674 ἀρετήν
2727 5620 2784 5656 τε
2807 5604 2900 5656 καὶ
2928 5605 3127 5660 κακίαν
3150 5607 3250 5679 ὖλη
3279 5610 3583 5681 γινόμενος.
3604 5611 3740 5664 T05-

2154 5708 2267 5754 τοις
2300 5691 2408 5763 γὰρ
2437 5693 2768 5763 ἐμϐιοτεύων
2800 5693 2941 5748 κατά
2981 5695 3073 5750 τὸν
3103 5699 3226 5769 τῇδε
3260 5698 3373 5770 βίον
3400 5703 3428 5754 6
3455 5700 3738 5769 ἄνθρωπος
