4124 6352
296 364 403 420 525

1688 365 1778 420 DE
1844 366 2176 434 MORTUTS,

3448 380 3552 434 526

295 485 362 556 τῇ
396 479 726 551 αὐτεξουσίῳ
764 481 993 553 κινήσει,
1029 482 1075 535 εί
1115 482 1213 553 μὲν
1258 481 1587 552 διακρίνοιτο
1625 480 1717 536 τοῦ
1756 482 1877 535 ἀλόκ

2005 486 2191 556 risque
2241 486 2411 552 vitia,
2463 496 2517 543 et
2565 488 2671 543 alia
2716 487 2961 557 ejusdem
3016 490 3265 558 generis.
3319 492 3556 559 hominis

296 592 396 643 γου
422 572 483 628 τὸ
507 573 659 634 ίδιον,
695 571 789 625 καὶ
815 571 950 643 πρὸς
980 573 1175 625 ἑαυτὸν
1210 572 1398 642 βλέποι
1428 573 1515 626 διά
1539 573 1637 643 τῆς
1676 573 1884 626 ἀστειο-

295 667 464 738 τέρας
494 664 641 735 ζωῆς
660 705 676 729 ,
707 664 1003 735 καθάρσιον
1034 664 1134 735 τῆς
1168 664 1534 737 ὲμμιχθείσης
1562 664 1756 728 κακίας
1792 664 1884 718 τὸν

297 758 543 830 παρόντα
574 756 686 827 βίον
733 757 1017 827 ποιήσεται
1041 798 1055 817 ,
1097 755 1316 827 κρατῶν
1342 756 1433 811 διὰ
1462 755 1557 809 τοῦ
1598 756 1758 825 λόγου
1782 756 1885 827 τῆς

297 849 539 918 ἀλογίαςο
579 849 629 901 εί
658 847 717 902 δὲ
751 848 886 918 πρὸς
915 847 1013 918 τὴν
1033 847 1226 916 ἀλογον
1261 846 1370 901 τῶν
1418 847 1755 919 παθημάτων
1790 848 1882 918 ρο.

297 941 405 1011 πὴν
453 938 758 1011 ἑπικλιθείη
786 978 802 999 ,
836 938 913 1009 τῷ
964 938 1071 991 τῶν
1119 938 1330 1006 ἀλόγων
1362 938 1592 1011 δέρματι
1637 936 1882 1007 συνεργῷ

298 1031 641 1103 χρησάμενος
684 1031 822 1101 πρὸς
851 1030 920 1083 τὰ
952 1030 1118 1101 πάθη,
1155 1029 1331 1093 ἄλλως
1381 1031 1519 1101 μετά
1563 1028 1738 1082 ταῦτα
1763 1029 1883 1099 βου-

296 1122 546 1175 λεύσεται
591 1122 727 1191 πρὸς
753 1120 815 1173 τὸ
844 1123 1092 1191 κρεῖττον
1115 1159 1129 1183 ,
1168 1120 1308 1191 μετά
1338 1120 1435 1192 τὴν
1465 1121 1531 1174 ὲκ
1561 1120 1656 1174 τοῦ
1696 1120 1883 1191 σώμα-

296 1231 387 1277 τος
418 1214 596 1280 ἔξοδον
618 1212 777 1281 γνοὺς
806 1211 906 1281 τῆς
939 1213 1139 1283 ἀρετῆς
1164 1212 1225 1266 τὸ
1255 1213 1389 1284 πρὸς
1423 1213 1520 1284 τὴν
1544 1212 1737 1267 κακίαν
1763 1212 1882 1267 διά-

298 1322 461 1375 φορον
487 1345 502 1365 ,
542 1306 599 1355 ὲν
624 1302 701 1373 τῷ
734 1302 807 1373 μὴ
837 1301 1097 1357 δύνασθαι
1130 1304 1416 1373 μετασχεῖν
1443 1303 1542 1373 τῆς
1576 1302 1872 1375 θειότητος,

300 1395 376 1467 μὴ
401 1394 496 1448 τοῦ
546 1395 841 1463 καθαρσίου
890 1396 1061 1466 πυρὸς
1113 1395 1202 1448 τὸν
1258 1394 1592 1466 ὲμμιχθέντα
1637 1398 1701 1467 τῇ
1730 1395 1875 1467 ψυχῇ

299 1486 470 1556 ρύπον
505 1486 969 1557 ἀποκαθήραντος.

1982 578 2266 646 proposito
2292 580 2500 649 praebet
2530 579 2877 636 occasionem
2903 621 2917 645 ,
2946 590 3000 635 ut
3028 624 3043 647 ,
3075 582 3142 636 ad
3175 592 3357 637 utrum
3388 587 3554 651 velit,

1982 682 2104 723 sese
2130 679 2446 735 convertat,
2491 686 2617 727 cum
2668 672 2888 727 virtutis
2933 680 2987 725 ct
3031 674 3148 727 vitii
3193 676 3417 729 materia
3450 677 3556 738 sit,

1981 758 2037 811 in
2066 760 2302 829 quibus,
2335 761 2465 815 dum
2497 762 2587 816 hic
2612 762 2781 825 vivit,
2828 779 2926 832 pro
2974 764 3241 817 arbitratu
3293 781 3393 820 suo
3438 783 3559 820 ver-

1982 858 2157 904 satur.
2190 850 2250 905 Si
2282 853 2562 923 neglecto,
2592 853 2738 924 quod
2786 855 3086 908 bestiarum
3130 866 3249 915 est,
3293 857 3561 911 urbanius

1981 943 2196 999 vivendi
2232 959 2404 1012 genus
2436 947 2857 1017 complectetur,
2887 948 3097 1002 ratione
3120 951 3377 1012 vincens,
3411 950 3557 1019 quod

1980 1035 2183 1088 rationi
2216 1038 2555 1092 contrarium
2605 1048 2723 1101 est,
2765 1041 3021 1109 praesenti
3066 1042 3167 1094 bac
3212 1041 3320 1094 vita
3367 1043 3557 1095 vitium

1981 1124 2086 1179 sibi
2127 1126 2420 1182 admistum
2473 1129 2738 1197 expiabit.
2797 1131 2891 1183 Sin
2939 1147 3048 1199 quo
3086 1132 3558 1199 perturbationum

1981 1215 2217 1284 impetus
2248 1216 2439 1283 ducet,
2475 1219 2795 1285 inclinabit,
2827 1221 3237 1290 bestiarumque
3269 1222 3459 1290 pellem
3492 1220 3561 1274 ad

1981 1308 2115 1362 vitia
2152 1310 2463 1366 ministram
2496 1320 2551 1367 et
2600 1313 2927 1381 adiutricem
2956 1314 3274 1378 adhibebit,
3318 1315 3466 1369 aliud
3507 1316 3558 1368 ei

1985 1399 2185 1455 deinde
2212 1402 2510 1457 ineundum
2537 1404 2645 1457 erit
2672 1404 2963 1459 consilium
2988 1445 3002 1466 ,
3037 1413 3095 1458 ut
3124 1405 3189 1457 ad
3222 1406 3423 1459 bonum
3449 1418 3563 1474 per-

1985 1492 2169 1545 veniat
2213 1508 2338 1547 c.qu
2374 1509 2403 1547 e
2432 1510 2663 1563 corpore
2694 1512 2951 1565 egressus
2976 1538 2988 1557 ,
3035 1498 3252 1561 cognita
3275 1540 3289 1561 ,
3323 1513 3445 1566 qum
3478 1499 3565 1550 in-

300 1587 383 1630 ter
412 1577 673 1631 virtutem
714 1584 769 1632 et
802 1576 997 1631 vitium
1039 1576 1349 1633 diﬂ'ereutia
1393 1586 1500 1641 est.
1553 1592 1663 1634 non
1694 1581 1899 1649 poterit
1934 1579 2241 1639 divinitatis
2298 1586 2571 1654 particeps
2618 1586 2767 1648 ﬁeri,
2801 1588 2906 1643 nisi
2936 1590 3183 1643 maculas
3248 1590 3429 1643 animo
3464 1591 3565 1644 im—

299 1673 495 1728 mistas
528 1675 879 1743 purgatorius
910 1673 1054 1743 ignis
1085 1674 1396 1728 abstulerit.

368 1764 556 1818 Ταῦτά
591 1766 739 1817 ἐστιν
776 1764 813 1818 ἃ
834 1766 932 1833 τὴν
955 1764 1046 1818 τοῦ
1080 1764 1333 1834 σώματος
1367 1765 1553 1836 χρείαν
1578 1765 1882 1835 ἀναγκαίαν

2059 1767 2155 1822 His
2206 1768 2273 1820 dc.
2328 1765 2514 1820 causis
2566 1766 2816 1833 corporis
2860 1783 2991 1821 usus
3047 1768 3205 1821 nobis
3247 1778 3329 1822 cst
3378 1785 3566 1825 neces-

299 1856 432 1925 ήμίν
461 1855 733 1926 ἐποίησεν,
766 1857 833 1910 δι’
860 1848 922 1909 οὗ
960 1855 1020 1908 τό
1044 1873 1103 1908 τε
1131 1856 1475 1922 αὐτεξούσιον
1500 1856 1730 1921 σώζεται
1749 1900 1763 1922 ,
1789 1858 1885 1910 καὶ

301 1947 336 2015 ὴ
364 1946 497 2016 πρὸς
530 1947 590 2000 τὸ
614 1947 815 2015 ἀγαθὸν
845 1947 1006 2001 πάλιν
1041 1947 1297 2012 ἐπάνοδος
1322 1949 1385 2002 οὐ
1413 1948 1680 2004 κωλύεται
1705 1965 1719 1979 ·
1749 1948 1886 2004 ἀλλά

301 2039 367 2108 τῇ
407 2039 683 2110 περιοδικῇ
709 2038 880 2111 ταύτῃ
904 2038 1193 2111 ἀκολουθίᾳ
1215 2080 1229 2103 ,
1252 2038 1340 2094 διὰ
1380 2040 1475 2094 τοῦ
1514 2042 1763 2096 ἑκουσίου
1800 2042 1886 2112 γί-

301 2147 450 2185 νεται
472 2133 602 2202 ἡμῖν
638 2133 672 2203 ἡ
704 2131 837 2203 πρὸς
861 2131 922 2185 τὸ
950 2134 1195 2203 κρεῖττον
1226 2130 1366 2203 ῥοπὴ
1390 2170 1405 2197 ,
1435 2133 1545 2188 τῶν
1574 2134 1673 2205 μὲν
1705 2134 1887 2189 ἐντεῦ-

299 2221 394 2275 θεν
417 2223 518 2294 ἠδη
555 2222 643 2276 διὰ
689 2223 789 2292 τῆς
817 2226 877 2276 ἒν
913 2225 1075 2296 σαρκὶ
1118 2224 1263 2295 ζωῆς
1292 2227 1381 2277 τὸν
1429 2226 1798 2297 πνευματικὸν
1828 2230 1887 2281 ὲν

304 2313 543 2384 ἀπαθείᾳ
574 2314 983 2383 κατορθούντων
1020 2314 1132 2383 βίον
1161 2357 1177 2381 ,
1229 2316 1376 2380 οἴους
1405 2319 1731 2388 γεγενῆσθαι
1762 2320 1887 2381 τοὺς

302 2404 649 2474 πατριάρχας
698 2420 757 2455 τε
791 2405 885 2456 καὶ
936 2404 1061 2469 τοὺς
1109 2407 1394 2478 προφήτας
1442 2406 1715 2478 ἀκούομεν
1741 2448 1755 2471 ,
1794 2408 1887 2460 καὶ

306 2496 433 2559 τοὺς
474 2497 571 2549 σὺν
609 2496 791 2560 αὐτοῖς
830 2513 889 2549 τε
925 2498 1018 2550 καὶ
1061 2498 1177 2566 μετ’
1207 2498 1445 2562 ἐκείνους
1481 2499 1548 2552 δι’
1582 2499 1783 2569 ἀρετῆς
1828 2516 1885 2552 τε

306 2589 400 2641 καὶ
425 2587 741 2658 φιλοσοφίας
771 2588 1179 2660 ἀναδραμόντας
1214 2589 1307 2642 ἐπὶ
1334 2589 1395 2642 τὸ
1438 2589 1644 2642 τέλειον
1663 2629 1677 2653 ,
1710 2588 1888 2660 μαθη-

305 2675 405 2738 τάς
435 2674 582 2742 λέγω
606 2677 697 2729 καὶ
725 2676 1055 2740 ἀποστόλους
1089 2678 1182 2729 καὶ
1207 2677 1511 2748 μάρτυρας,
1550 2678 1645 2731 καὶ
1680 2677 1889 2742 πάντας

304 2766 431 2828 τοὺς
460 2765 558 2837 τὴν
583 2766 835 2837 ἐνάρετον
875 2768 1019 2837 ζωὴν
1047 2767 1153 2838 πρὸ
1175 2767 1270 2821 τοῦ
1305 2767 1490 2821 ὑλικοῦ
1528 2769 1888 2838 τετιμηκότας

307 2856 424 2927 βίου
448 2901 464 2924 ,
492 2858 541 2911 οἳ
575 2857 676 2912 κᾶν
720 2858 972 2923 ἐλάττους
1013 2858 1113 2915 ὧσι
1151 2859 1228 2931 τῷ
1267 2859 1485 2931 ἀριθμῷ
1515 2860 1608 2913 τοῦ
1655 2860 1889 2932 πλήθους

304 2949 416 3004 τῶν
457 2950 592 3023 πρὸς
647 2951 707 3005 τὸ
752 2954 933 3024 χεῖρον
977 2954 1355 3026 ἀπορρεόντων
1380 2995 1395 3020 ,
1445 2954 1595 3008 οὐδὲν
1626 2949 1787 3025 ἦττον
1828 2955 1889 3008 τὸ

305 3040 526 3096 δυνατὸν
582 3038 721 3098 εἶναι
767 3043 857 3097 διὰ
910 3045 1113 3115 σαρκὸς
1141 3044 1240 3116 τὴν
1289 3045 1489 3117 ἀρετὴν
1545 3043 1888 3114 κατορθῶσαι

1992 1859 2198 1915 sarius.
2245 1858 2321 1911 Eo
2364 1873 2600 1925 namque
2651 1867 2705 1912 et
2753 1858 2986 1912 liberum
3026 1860 3185 1913 nobis
3220 1860 3374 1913 adest
3419 1861 3567 1915 arbi-
3632 1842 3641 1845 ’

1992 1953 2183 2014 trium,
2225 1958 2279 2003 et
2313 1949 2522 2005 reditus
2567 1966 2676 2003 non
2712 1951 3119 2015 intercluditur,
3152 1950 3248 2007 sed
3293 1951 3571 2007 ordineet

1992 2055 2153 2094 versu
2202 2041 2444 2094 volentes
2504 2039 2570 2094 ad
2610 2039 2813 2093 bonum
2850 2040 3224 2109 provehimur,
3287 2041 3411 2095 aliis
3448 2041 3571 2111 qui-

1993 2133 2113 2186 dem
2140 2133 2253 2201 jam
2300 2133 2427 2188 inde
2465 2132 2535 2186 ab
2557 2147 2622 2186 eo
2654 2139 2921 2202 tempore,
2972 2148 3083 2201 quo
3116 2133 3305 2187 vivunt
3333 2134 3421 2188 hic
3454 2135 3570 2204 spio

1994 2222 2225 2285 vitalem,
2286 2231 2341 2275 ct
2407 2238 2436 2275 a
2474 2222 2619 2277 vitiis
2671 2237 2735 2275 ac
2787 2225 3290 2293 perturbationilms
3336 2226 3570 2282 alienam

1995 2314 2161 2367 vitam
2211 2314 2661 2376 instituentibus,
2699 2316 2888 2383 quales
2930 2316 3291 2386 intelligimus
3333 2317 3571 2387 patriar-

1993 2406 2126 2459 clias
2150 2417 2201 2461 et
2229 2406 2526 2477 prophetas
2576 2407 2880 2470 exstitisse,
2913 2419 2968 2462 et
2989 2408 3081 2478 qui
3114 2425 3219 2460 una
3254 2424 3377 2462 cum
3412 2409 3569 2479 ipsis.

1993 2508 2048 2555 et
2082 2508 2203 2568 post
2234 2498 2384 2567 ipsos
2416 2514 2511 2568 per
2546 2499 2802 2553 virtutem
2844 2509 2898 2553 et
2928 2500 3210 2569 sapientiae
3234 2500 3477 2554 studium
3504 2501 3571 2555 ad

1996 2590 2391 2661 perfectionem
2428 2598 2795 2655 reverterunt,
2830 2590 3156 2661 discipulos,
3185 2600 3239 2645 et
3270 2595 3571 2661 apostolos,

1995 2690 2048 2735 et
2064 2690 2329 2751 martyres
2362 2681 2509 2743 dico,
2560 2690 2615 2734 et
2646 2682 2960 2750 quicunque
2992 2697 3258 2751 corporeo
3305 2683 3358 2735 in
3401 2692 3575 2738 mate-

1998 2773 2187 2843 riaque
2215 2772 2467 2827 demerso
2500 2772 2820 2831 honestum,
2854 2782 2907 2825 et
2944 2787 3070 2826 cum
3100 2773 3306 2827 virtute
3341 2775 3575 2843 conjun-

1996 2872 2145 2918 ctum
2180 2863 2397 2918 vivendi
2428 2879 2603 2933 genus
2654 2872 3093 2934 anteposuerunt
3127 2885 3140 2919 :
3174 2866 3269 2935 qui
3312 2866 3445 2921 licet
3474 2883 3576 2920 nu-

1994 2973 2149 3011 mero
2174 2957 2463 3027 pauciores
2497 2954 2721 3018 fuerint,
2757 2970 2921 3024 quam
2952 2955 3052 3019 illi,
3083 2957 3179 3025 qui
3211 2957 3279 3011 ad
3302 2956 3574 3013 deteriora

1996 3046 2355 3109 deﬂexerunt,
2388 3046 2639 3115 exemplo
2675 3057 2854 3099 tamen
2895 3060 2957 3098 ac
2988 3046 3304 3101 testimonio
3340 3062 3443 3103 suo
3467 3048 3577 3101 vir-

311 3133 750 3205 μαρτυροῦνται·
800 3136 909 3188 τῶν
958 3136 1017 3188 δὲ
1049 3135 1250 3190 λοιπῶν
1281 3137 1369 3190 διὰ
1398 3138 1497 3207 τῆς
1542 3139 1621 3201 είς
1668 3137 1893 3208 ὕστερον

1999 3146 2170 3191 tutem
2223 3136 2278 3190 in
2334 3150 2500 3191 carne
2535 3134 2643 3188 coli
2690 3134 3115 3205 compararique
3156 3151 3320 3205 posse
3362 3128 3581 3191 testanJ

309 3224 535 3295 ἀγωγῆς
559 3226 616 3278 ὲν
637 3225 717 3295 τῷ
747 3227 1031 3297 καθαρσίῳ
1064 3229 1199 3299 πυρὶ
1223 3228 1603 3282 ἀποϐαλόντων
1630 3229 1726 3300 τὴν
1759 3231 1895 3301 πρὸς

308 3314 410 3383 τὴν
438 3312 570 3384 ὓλην
598 3316 969 3385 προσπάθειαν
996 3356 1010 3380 ,
1041 3318 1135 3370 καὶ⁵
1162 3318 1299 3388 πρὸς
1344 3318 1441 3389 τὴν
1472 3320 1530 3386 ἐξ
1558 3320 1733 3391 ἀρχῆς
1761 3322 1895 3374 ἀποο

310 3406 685 3478 κληρωθεῖσαν
716 3411 785 3479 τῇ
835 3408 993 3477 φύσει
1026 3410 1185 3479 χάριν
1210 3452 1225 3474 ,
1257 3410 1346 3463 διὰ
1387 3411 1488 3481 τῆς
1520 3411 1628 3464 τῶν
1675 3412 1895 3480 ἀγαθῶν

311 3498 608 3568 ἐπιθυμίας
637 3500 897 3561 ἑκουσίως
929 3500 1276 3553 ἐπανιόντων.
1305 3501 1381 3553 Οὐ
1410 3500 1519 3572 γὰρ
1552 3503 1633 3565 εἰς
1664 3502 1751 3556 ἀεὶ
1783 3520 1890 3556 πα-

315 3592 540 3661 ραμένει
579 3590 689 3645 τῶν
732 3591 1028 3663 ἀλλοτρίων
1072 3594 1104 3662 ἡ
1141 3592 1407 3663 ἐπιθυμία
1434 3595 1500 3664 τῇ
1536 3593 1729 3663 φύσει⁸
1763 3594 1895 3647 διότι

313 3682 587 3753 πλήσμιον
616 3683 827 3753 ἑκάστῳ
860 3684 953 3735 καὶ
984 3683 1285 3754 προσκορές
1319 3685 1433 3737 ἐστι
1460 3685 1522 3739 τὸ
1546 3684 1623 3756 μὴ
1657 3685 1806 3749 ίδιον,
1835 3680 1896 3739 οὗ

318 3772 394 3843 μὴ
434 3774 552 3826 κατ’
575 3773 749 3845 ἀρχάς
783 3772 939 3844 ἔσχεν
983 3776 1042 3827 ὲν
1076 3775 1243 3844 ἑαυτῇ
1284 3775 1381 3845 τὴν
1411 3776 1694 3831 κοινωνίαν
1726 3778 1760 3849 ή
1797 3777 1898 3846 φύ-

317 3882 435 3927 σις’
480 3865 639 3934 μόνον
673 3865 729 3919 δὲ
783 3866 844 3919 τὸ
878 3867 1138 3934 συγγενὲς
1188 3867 1284 3919 καὶ
1326 3867 1597 3937 ὁμόφυλον
1649 3869 1898 3922 ποθεινὸν

316 3957 410 4008 καὶ
437 3956 698 4027 ἐράσμιον
733 3957 813 4021 είς
858 3958 945 4011 ἀεὶ
981 3958 1245 4027 διαμένει,
1276 3958 1382 4020 ἕως
1414 3958 1479 4011 ἂν
1509 3959 1594 4029 ἐφ’
1629 3961 1822 4031 ἑαυτῆς
1865 3963 1897 4030 ἡ

318 4047 480 4114 φύσις
514 4048 936 4117 ἀπαράτρεπτος
972 4048 1127 4121 μένῃο
1171 4050 1219 4101 εί
1261 4048 1318 4102 δέ
1348 4066 1467 4102 τινα
1495 4051 1767 4122 ἐκτροπὴν
1795 4052 1898 4106 πά·

318 4138 400 4190 θοι
429 4137 517 4190 διά
562 4139 839 4209 μοχθηρᾶς
870 4140 1239 4210 προαιρέσεως
1259 4179 1273 4202 ,
1303 4142 1423 4193 τότε
1451 4142 1589 4212 αὐτῇ
1615 4142 1725 4195 τῶν
1752 4143 1901 4196 ἀλλο-

316 4230 484 4300 τρίων
508 4232 542 4299 ή
575 4230 837 4300 ἐπιθυμία
864 4231 1136 4298 ἐγγίνεται
1162 4270 1177 4294 ,
1209 4224 1284 4284 ὧν
1309 4233 1341 4301 ὴ
1377 4231 1672 4295 ἀπόλαυσις
1696 4232 1899 4302 ἡδύνει,

316 4319 439 4389 οὐχὶ
482 4319 580 4388 τὴν
614 4318 771 4386 φύσιν
794 4359 808 4383 ,
844 4319 980 4372 ἀλλά
1008 4319 1068 4370 τὸ
1112 4319 1285 4382 πάθος
1313 4320 1412 4388 τῆς
1446 4320 1688 4386 φύσεως’
1725 4322 1900 4390 ἐκχω-

324 4410 589 4481 ρήσαντος
618 4409 673 4461 δὲ
701 4409 793 4462 τοῦ
821 4409 1025 4472 πάθους
1048 4449 1062 4473 ,
1097 4411 1189 4463 καὶ
1215 4411 1247 4479 ἡ
1273 4409 1380 4462 τῶν
1410 4411 1559 4479 παρὰ
1596 4412 1755 4480 φύσιν
1777 4413 1899 4464 ἑπι-

1998 3234 2116 3293 tur;
2154 3227 2276 3281 aliis
2310 3236 2491 3282 autem
2542 3235 2665 3297 post
2710 3225 2855 3279 banc
2902 3226 3070 3279 vitam
3106 3228 3425 3296 purgatorio
3456 3228 3578 3299 igne

1999 3321 2243 3374 materiae
2280 3318 2431 3374 labes
2458 3327 2512 3374 et
2548 3319 2976 3389 propensionem
3012 3318 3081 3372 ad
3125 3319 3328 3373 malum
3359 3320 3577 3374 abster-

1997 3408 2276 3477 gentibus,
2311 3416 2365 3462 et
2397 3407 2465 3461 ad
2508 3409 2741 3478 gratiam
2791 3407 2948 3461 initio
2994 3415 3207 3462 naturae
3250 3422 3575 3464 concessam

2000 3499 2307 3554 voluntaria
2354 3500 2626 3554 bonorum
2664 3500 2965 3569 cupiditate
3011 3501 3393 3555 redeuntibus.
3428 3500 3578 3555 Alie-

1999 3605 2194 3644 norum
2255 3590 2401 3643 enim
2448 3589 2721 3658 cupiditas
2785 3590 2836 3642 in
2901 3599 3097 3644 natura
3150 3598 3415 3661 perpetuo
3465 3605 3576 3644 non

2000 3681 2245 3735 inhaaret.
2286 3680 2555 3744 Quoniam
2589 3681 2732 3749 quod
2768 3689 2979 3734 natura:
3011 3696 3118 3734 non
3160 3690 3244 3735 est
3272 3681 3575 3750 proprium,

1999 3769 2254 3841 quodque
2307 3770 2508 3823 nullam
2571 3771 2843 3839 principio
2891 3786 3013 3824 cum
3068 3771 3187 3840 ipso
3249 3772 3572 3826 societatem

2000 3861 2256 3924 habebat,
2296 3862 2595 3930 unicuique
2626 3864 2934 3916 satietatem
2980 3869 3034 3915 et
3085 3862 3365 3919 fastidium
3395 3860 3577 3927 affert,

2000 3953 2288 4027 solumque
2341 3951 2417 4014 id,
2454 3952 2598 4022 quod
2646 3952 2723 4005 illi
2760 3960 3056 4020 cognatum
3106 3968 3171 4006 ac
3236 3950 3418 4008 simile
3467 3961 3576 4017 est,

2000 4044 2299 4114 optandum
2358 4043 2463 4114 ipsi
2510 4059 2724 4113 semper
2773 4044 3180 4110 amandumque
3228 4044 3577 4113 relinquitur.

2002 4134 2159 4201 Quod
2209 4135 2257 4190 si
2297 4134 2430 4189 vitio
2475 4133 2785 4205 depravata:
2818 4135 3119 4189 voluntatis
3177 4136 3362 4204 aliquo
3418 4134 3581 4188 modo

2002 4227 2369 4297 degeneravit,
2411 4235 2543 4280 tunc
2573 4227 2715 4281 inest
2764 4226 2842 4281 illi
2884 4225 3153 4296 cupiditas
3183 4241 3365 4280 rerum
3399 4238 3582 4279 exter-

2004 4332 2224 4383 narum,
2281 4316 2483 4386 quibus
2542 4316 2791 4370 fruendis
2867 4332 2979 4371 non
3036 4316 3155 4385 ipsa
3215 4327 3427 4380 natura,
3482 4318 3580 4370 sed

2004 4420 2217 4463 natura:
2260 4406 2475 4462 aﬂ'ectio
2504 4406 2809 4462 delectatur
2842 4426 2855 4462 :
2886 4422 2993 4478 qua
3033 4406 3255 4477 quidem
3295 4406 3583 4463 aﬂ‘ectione

320 4501 492 4571 θυμία
530 4499 969 4571 συνανεχιὶῳησεν
997 4541 1012 4565 ,
1060 4502 1154 4553 καὶ
1204 4501 1411 4568 γίνεται
1448 4502 1608 4555 πάλιν
1654 4503 1789 4573 αὐτῇ
1840 4503 1893 4555 τὸ

2009 4500 2260 4569 depulsa,
2289 4513 2472 4553 rerum
2516 4498 2679 4551 etiam
2706 4507 3056 4552 externarum
3090 4497 3366 4565 cupiditas
3400 4496 3584 4551 disce-

323 4594 519 4647 olxsi’ov
566 4592 814 4645 ποθεινὸν
848 4592 941 4645 καὶ
976 4592 1324 4663 κατάλληλον.
1372 4592 1541 4646 Τοῦτο
1585 4594 1644 4647 δέ
1687 4596 1802 4648 ἐστι
1843 4594 1904 4647 τὸ

341 4682 562 4753 ιαθαρόν
593 4700 651 4734 τε
688 4682 781 4737 καὶ
808 4682 969 4736 ἀῡλον
995 4683 1089 4735 καὶ
1113 4682 1402 4753 ἀσώματον
1421 4724 1437 4749 ,
1481 4684 1619 4754 ὅπερ
1647 4684 1777 4738 ἴδιον
1803 4685 1903 4754 τῆς

326 4776 729 4848 ιἰπερκειμένης
770 4774 880 4828 τῶν
930 4775 1147 4829 πάντων
1180 4775 1432 4845 θεότητος
1479 4775 1648 4830 εἰπών
1685 4794 1768 4840 τις
1807 4777 1905 4848 οὐχ

325 4866 722 4936 ἁμαρτήσεται.
772 4867 859 4931 Ὠς
910 4866 1020 4937 γὰρ
1061 4868 1177 4931 τοῖς
1233 4871 1563 4938 σωματικοῖς
1607 4868 1905 4939 ὀφθαλμοῖς

328 4956 597 5028 ῥεύματός
628 4974 773 5021 τινος
796 4957 1126 5029 δριμυτέρου
1158 4958 1219 5011 τὸ
1246 4959 1466 5013 όπτικὸν
1489 4959 1705 5029 πνεῦμα
1739 4958 1906 5013 θολώ-

327 5063 516 5110 σαντος
534 5088 548 5112 ,
581 5048 746 5117 ἡδίων
776 5051 805 5102 ό
830 5048 992 5118 ζόφος
1019 5049 1249 5117 γίνεται,
1275 5050 1363 5103 διὰ
1393 5051 1491 5121 τὴν
1530 5051 1629 5121 τῆς
1669 5051 1905 5123 παχύτη-

325 5154 418 5202 τος
443 5138 578 5209 πρὸς
601 5139 662 5191 τὸ
684 5139 874 5203 σκότος
908 5139 1249 5208 συγγένειαν.
1274 5140 1335 5194 Εἰ
1364 5139 1421 5193 δὲ
1459 5140 1791 5213 δαπανηθείη
1819 5142 1907 5197 διά

325 5244 468 5291 τινος
503 5228 799 5299 θεραπείας
840 5230 902 5282 τὸ
957 5230 1245 5300 διοχλῆσαν
1273 5230 1351 5300 τῷ
1400 5231 1703 5301 πνεύματι,
1746 5231 1906 5285 πάλιν

328 5319 388 5372 τὸ
406 5320 521 5389 φῶς
544 5321 740 5374 οἰκεῖον
770 5322 862 5375 καὶ
884 5322 1216 5393 κατάλληλον
1244 5322 1470 5390 γίνεται,
1498 5322 1576 5392 τῷ
1598 5323 1824 5394 καθαρῷ
1847 5340 1907 5376 τε

328 5413 422 5465 καὶ
448 5412 719 5480 αὑγοειδεῖ
762 5414 860 5482 τῆς
884 5414 1052 5485 κόρης
1102 5413 1593 5483 καταμιγνύμενον·
1629 5414 1719 5467 τὸν
1748 5414 1908 5467 αὐτὸν

326 5501 525 5570 τρόπον
556 5502 744 5573 ἐπειδὴ
797 5503 1067 5574 ῥεύματός
1106 5521 1248 5567 τινος
1278 5504 1433 5573 δίκην
1462 5503 1529 5555 δι’
1563 5503 1780 5572 ἀπάτης
1816 5503 1907 5556 τοῦ

342 5593 741 5662 Ἀντικειμένου
758 5594 999 5666 ὲπερῤύη
1022 5594 1100 5664 τῷ
1120 5594 1329 5665 όπτικῷ
1349 5594 1445 5665 τῆς
1463 5594 1639 5664 ψυχῆς
1667 5596 1700 5664 ή
1721 5594 1906 5661 κακία,

329 5685 591 5748 ἑκουσίως
640 5686 777 5756 πρὸς
839 5686 930 5742 τὸν
977 5687 1247 5740 σκοτεινὸν
1295 5687 1409 5758 βίον
1447 5688 1475 5739 ό
1514 5685 1772 5756 λογισμὸς
1814 5686 1912 5737 ἐπι

328 5777 538 5849 εκλίθη,
567 5776 653 5831 διὰ
677 5776 773 5833 τοῦ
806 5777 1011 5845 πάθους
1034 5778 1330 5844 οίκειωθεὶς
1355 5779 1432 5851 τῷ
1457 5778 1625 5850 ζόφῳ.
1656 5779 1769 5842 Πᾶς
1801 5777 1911 5849 γὰρ

2005 4590 2127 4655 dit;
2157 4598 2214 4644 et
2251 4590 2395 4659 quod
2447 4589 2525 4643 illi
2560 4604 2719 4643 suum
2767 4604 2832 4642 ac
2876 4590 3154 4658 proprium
3204 4597 3309 4650 est,
3362 4603 3579 4644 rursum

2006 4679 2242 4733 amabile
2293 4687 2480 4733 manet
2556 4687 2609 4732 et
2663 4678 3025 4748 expetendum
3073 4694 3085 4731 :
3147 4678 3199 4731 id
3251 4687 3431 4733 autem
3496 4687 3583 4733 est

2006 4786 2205 4840 purum
2252 4778 2306 4824 et
2348 4784 2378 4823 a
2413 4770 2641 4826 materia
2685 4786 3023 4840 corporeque
3060 4770 3407 4840 sejunetum,
3438 4771 3583 4839 quod

2006 4862 2052 4916 si
2086 4861 2210 4930 quis
2246 4862 2716 4931 praastantissimze
2762 4877 2945 4917 rerum
2994 4862 3239 4916 omnium
3279 4860 3585 4915 divinitatis

2007 4953 2293 5024 proprium
2321 4951 2491 5019 dicat,
2524 4968 2634 5007 non
2666 4953 2894 5008 errabit.
2925 4953 3397 5019 Quemadmodum
3436 4954 3582 5006 enim

2007 5045 2255 5114 corporis
2291 5044 2488 5107 oculis,
2536 5045 2582 5099 si
2636 5045 2852 5098 acutior
2892 5045 3072 5113 aliqua
3120 5043 3409 5097 distillatio
3460 5057 3587 5096 ner-

2006 5151 2129 5198 vos,
2164 5135 2383 5189 videndi
2425 5136 2679 5205 spiritum
2739 5135 3247 5195 subministrantes.
3300 5134 3588 5203 perturba-

2009 5229 2170 5287 verit,
2207 5226 2395 5280 amicae
2426 5233 2555 5280 sunt
2591 5228 2852 5287 tenebrae,
2885 5233 3106 5295 propter
3145 5225 3586 5287 similitudinem,
3635 5210 3640 5232 ’

2009 5332 2171 5387 quam
2208 5318 2391 5371 obtusi
2420 5317 2533 5385 jam
2573 5326 2737 5387 atque
2770 5317 2991 5372 hebetes
3020 5332 3143 5371 cum
3180 5316 3291 5370 illis
3335 5318 3539 5395 habent
3570 5337 3584 5373 :

2010 5417 2065 5462 at
2102 5409 2147 5464 si
2188 5410 2477 5464 curatione
2525 5410 2706 5479 aliqua
2738 5410 3087 5475 conﬁciatur,
3132 5425 3195 5464 ac
3228 5410 3479 5464 deleatur
3510 5410 3584 5471 id,

2010 5501 2158 5570 quod
2200 5503 2387 5557 nervis
2421 5502 2532 5556 illis
2561 5501 2849 5565 alliciebat,
2888 5503 3064 5558 lucem
3094 5501 3240 5556 oculi
3276 5516 3494 5556 rursum
3527 5508 3589 5555 ut

2010 5593 2288 5662 propriam
2317 5593 2537 5661 sibique
2566 5601 2954 5662 congruentem
2984 5600 3187 5657 amant,
3221 5610 3340 5663 qure
3371 5592 3588 5662 pupilla:

2006 5699 2204 5752 pune,
2257 5689 2311 5736 et
2361 5698 2458 5752 per
2525 5700 2583 5737 se
2631 5683 2835 5738 videnti
2901 5684 3295 5739 commiscetnr
3338 5703 3350 5736 :
3395 5682 3584 5735 eodem

2014 5774 2211 5837 modo,
2268 5780 2622 5845 posteaquam
2678 5773 2883 5829 inimici
2940 5771 3127 5829 lraude
3171 5772 3364 5828 vitium
3412 5771 3589 5827 instar
