4124 6352
496 320 599 371 5‘17
1764 320 1821 373 S.
1863 315 2077 372 GREGC

2177 317 2192 369 Ι
2229 319 2524 379 NYSSENI

3654 332 3757 389 538

495 436 778 505 cujusdam
820 436 1195 494 distillationis
1245 441 1473 495 deﬂuxit
1520 442 1574 495 in
1629 443 1826 499 oculos.
1865 440 2070 505 animi,

2177 445 2201 497 ό
2230 444 2299 499 τὰ
2326 447 2503 516 φαῦλα
2529 444 2808 517 πράσσων,
2842 444 2992 519 μισεῖ
3023 448 3084 502 τὸ
3124 447 3239 518 φῶς
3263 486 3278 511 ,
3326 440 3506 508 καθώς
3537 442 3701 519 φησιν
3723 451 3784 519 ἡ’

497 531 662 581 vitam
707 530 1108 589 tenebricosam
1174 542 1232 587 ut
1280 536 1383 590 sibi
1422 545 1641 607 propter
1691 534 2069 606 aegritudinem

497 620 911 677 convenientem
984 624 1329 680 adamarunt.
1396 627 1658 698 Quisquis
1716 628 1861 684 enim
1929 628 2071 682 male

500 714 629 782 agit,
676 713 791 769 odit
839 717 1038 781 lucem,
1090 728 1149 771 ut
1199 734 1301 773 vox
1350 720 1537 775 divina
1583 722 1876 776 testatur“.
1930 719 2072 775 Malo

499 813 680 860 autem
718 817 1070 879 consumpto,
1123 820 1177 865 et
1206 828 1400 876 rursus
1430 815 1496 869 ad
1548 815 1776 870 nihilum
1827 816 2067 880 redacto,

499 908 695 950 natura
731 914 797 953 eo
829 898 1079 969 depulso,
1124 903 1269 971 quod
1312 902 1479 958 animi
1525 904 1716 961 oculos
1755 906 2068 971 hebetabat,

500 1003 623 1041 cum
672 989 947 1059 voluptate
980 992 1155 1047 lucem
1187 994 1384 1049 iterum
1423 996 1687 1052 intuetur.
1726 996 1801 1052 Ex
1843 999 1929 1054 his
1966 999 2070 1069 igi-

502 1087 589 1131 tur
641 1094 761 1147 quze
802 1080 945 1136 dicta
979 1091 1128 1147 sunt,
1160 1093 1328 1155 patet,
1365 1088 1552 1144 carnis
1597 1096 1846 1144 naturam
1878 1090 2071 1161 iniquo

500 1160 684 1223 animo
733 1174 1016 1243 prosequi,
1081 1178 1309 1232 stultum
1365 1194 1506 1235 esse.
1561 1180 1746 1250 Neque
1798 1183 1945 1237 enim
2001 1183 2070 1237 ab

500 1262 589 1317 illa
648 1265 845 1333 pendet
901 1268 1170 1323 malorum
1232 1284 1420 1327 causa.
1473 1271 1607 1327 Nam
1659 1276 1706 1330 si
1766 1276 1848 1331 sic
1885 1284 2067 1339 esset,

499 1356 743 1410 eamdem
797 1357 1021 1414 haberet
1075 1361 1129 1414 in
1184 1376 1373 1418 omnes
1420 1365 1551 1430 vim,
1602 1367 1696 1435 qui
1749 1381 2067 1437 corpoream

499 1448 679 1501 sortiti
719 1457 849 1503 sunt
872 1450 1061 1505 vitam.

574 1537 771 1593 Verum
811 1555 935 1595 eum
984 1541 1043 1604 ii,
1093 1558 1232 1612 quos
1259 1548 1829 1613 commemoravimus,
1879 1548 1959 1604 sic
2004 1563 2066 1603 ex

500 1629 704 1682 virtute
735 1632 993 1692 vixerint,
1044 1643 1103 1686 ut
1149 1649 1272 1688 cum
1320 1636 1376 1690 in
1422 1651 1587 1691 carne
1637 1647 1843 1702 essent,
1902 1641 2069 1695 nullis

2177 537 2295 592 θεία
2338 541 2520 611 φωνή·
2560 539 3020 611 ἐκδαπανηθέντος
3074 537 3132 593 δὲ
3173 537 3268 593 τοῦ
3301 537 3488 593 -κακοῦ
3532 539 3596 593 ὲκ
3651 539 3760 593 τῶν

2173 631 2363 694 ὄντων,
2391 632 2484 685 καὶ
2506 633 2587 696 είς
2617 632 2680 685 τὸ
2715 630 2788 702 μὴ
2821 630 2881 685 ὃν
2909 627 3067 693 αὖθις
3096 631 3583 702 μεταχωρήσαντος
3607 670 3621 693 ,
3652 631 3759 684 πά-

2173 723 2257 775 λιν
2287 721 2405 791 μεθ’
2435 721 2627 792 ἡδονῆς
2650 721 2946 776 ἀναϐλέπει
2969 721 3106 791 πρὸς
3133 718 3194 772 τὺ
3223 719 3339 788 φῶς
3363 720 3397 790 ἡ
3431 720 3593 789 φύσις
3616 761 3630 783 ,
3665 719 3759 773 τοῦ

2173 812 2547 876 ὲπιθολοῦντος
2576 812 2636 866 τὸ
2685 810 2922 884 καθαρὸν
2969 813 3067 882 τῆς
3104 810 3282 881 ψυχῆς
3323 811 3756 882 ἐκχωρήσαντος.

2172 903 2417 957 Μάταιον
2446 903 2626 958 τοίνυν
2653 902 2919 958 δέδεικται
2953 901 3040 955 διὰ
3079 902 3187 955 τῶν
3216 902 3517 971 εἰρημένων
3551 901 3613 953 τὸ
3636 900 3759 953 δυσ-

2175 992 2351 1063 μενῶς
2390 993 2527 1064 πρὸς
2568 994 2668 1064 τὴν
2717 996 2814 1064 τῆς
2864 992 3064 1063 σαρκὸς
3116 991 3261 1062 ἔχειν
3313 991 3493 1059 φύσιν.
3534 992 3610 1044 Ού
3652 991 3761 1061 γὰρ

2171 1084 2376 1155 ταύτης
2402 1086 2635 1157 ἤρτηται
2670 1086 2777 1139 τῶν
2800 1085 2987 1139 κακῶν
3014 1087 3048 1156 ἡ
3080 1085 3250 1139 αἰτία.
3286 1079 3365 1136 Ἦ
3393 1083 3500 1155 γὰρ
3524 1082 3589 1138 ἂν
3619 1085 3761 1138 κατὰ

2174 1178 2390 1231 πάντων
2436 1178 2634 1249 ἐπίσης
2673 1179 2801 1250 ἔσχε
2838 1179 2901 1233 τὸ
2938 1178 3139 1249 κράτος
3179 1176 3288 1231 τῶν
3333 1175 3424 1230 τὸν
3454 1176 3762 1248 σωματικὸν

2172 1269 2464 1341 εἰληχότων
2491 1269 2626 1340 βίον.
2691 1348 2698 1353 Ι

2262 1531 2402 1586 Ἀλλ’
2429 1530 2621 1602 ἐπειδὴ
2645 1532 2756 1584 τῶν
2781 1533 2867 1584 ἐπ’
2890 1533 3091 1603 ἀρετῆς
3126 1531 3610 1601 μνημονευομένων
3628 1528 3760 1582 ’ἐκα-

2172 1640 2296 1686 στος
2333 1623 2428 1677 καὶ
2456 1626 2514 1676 ἐν
2545 1624 2707 1694 σαρκὶ
2742 1619 2833 1693 ῆν,
2862 1622 2956 1676 καὶ
2985 1624 3043 1676 ὲν
3075 1621 3246 1692 κακίᾳ
3277 1621 3378 1675 ούκ
3399 1615 3489 1692 ἦν,
3527 1620 3779 1691 φανερὸν-

501 1728 682 1777 tamen
744 1738 805 1778 se
858 1723 1007 1778 vitiis
1057 1726 1497 1798 obstringerent,
1561 1731 1915 1801 perspicuum
1980 1741 2068 1787 est

2177 1711 2260 1766 διὰ
2280 1712 2486 1765 τούτων
2514 1712 2681 1773 ἐστὶν,
2699 1712 2780 1765 ὃτι
2807 1711 2869 1764 ού
2897 1710 2961 1764 τδ
2990 1710 3149 1783 σῶμα
3172 1709 3280 1764 τῶν
3306 1709 3648 1781 παθημάτων
3674 1710 3757 1762 αι’-

501 1829 700 1882 corpus
732 1829 839 1869 non
877 1831 999 1870 esse
1046 1817 1302 1871 vitiorum
1350 1834 1594 1884 causam,
1649 1822 1743 1878 sed
1790 1824 2069 1894 propriam

2177 1817 2307 1864 τιον,
2331 1800 2446 1853 ἀλλ’
2477 1802 2511 1872 ἡ
2545 1800 2863 1872 προαίρεσις
2889 1801 2923 1870 ἡ
2955 1798 3364 1871 δημιουργοῦσα
3402 1799 3471 1852 τὰ
3494 1798 3760 1894 πάθη.

500 1905 771 1975 cujusque
812 1906 1177 1974 voluntatem,
1231 1925 1354 1978 qua;
1406 1926 1466 1966 se
1510 1913 1660 1969 vitiis
1704 1917 2068 1970 contaminat.

500 1994 715 2064 Corpus
765 1996 912 2051 enim
958 2005 1169 2053 naturae
1215 2015 1330 2055 sua:
1358 2004 1748 2059 convenienter
1797 2014 2071 2071 movetur,

501 2085 565 2138 ad
602 2101 796 2150 eaque,
826 2087 1028 2156 quibus
1073 2098 1279 2144 statum
1321 2106 1481 2146 suum
1521 2101 1702 2147 tuetur
1740 2103 1905 2165 atque
1944 2112 2074 2151 eon-

501 2184 700 2241 servat,
743 2176 976 2246 impulsu
1012 2179 1234 2248 proprio
1271 2178 1446 2236 fertur
1502 2192 1556 2236 et
1594 2184 1850 2240 trahitur.
1884 2184 2074 2240 Exem-

500 2264 573 2332 pli
622 2264 818 2331 gratia,
879 2265 1002 2321 cibo
1069 2267 1400 2337 potioneque
1477 2269 1711 2340 indigrt,
1782 2282 1861 2335 ut,
1926 2274 2072 2343 quod

500 2348 820 2418 depcrditur
858 2351 1073 2413 vitium.
1131 2353 1469 2411 instauretur
1512 2357 1699 2429 itaque
1748 2360 1932 2423 cibum
1986 2379 2076 2432 po-

502 2439 817 2510 tionemque
866 2442 1097 2512 appetit.
1135 2442 1352 2500 Rursus
1397 2455 1592 2502 natura
1646 2452 1915 2520 corporis,
1953 2470 2074 2523 qua:

499 2527 748 2582 mortalis
798 2536 920 2593 est,
976 2533 1371 2600 procreationis
1420 2538 1561 2592 serie
1606 2540 1664 2592 lit
1704 2540 2069 2598 immortalis:

504 2621 709 2674 idcirco
739 2627 1068 2680 conveniens
1104 2627 1177 2680 illi
1214 2631 1542 2697 procreandi
1571 2634 1845 2703 appetitus
1876 2637 2073 2692 insitus

500 2722 604 2766 est.
636 2713 717 2767 Ad
752 2714 865 2769 ha:c
892 2730 1016 2771 cum
1048 2717 1247 2773 idoneo
1280 2720 1515 2789 pilorum
1547 2724 1802 2792 praesidio
1843 2741 2073 2797 corpora

505 2810 691 2859 nostra
732 2805 943 2860 munita
993 2823 1102 2861 non
1161 2811 1294 2871 sint,
1340 2814 1688 2869 vestimentis
1726 2818 2074 2875 extrinsecus

501 2894 734 2950 admotis
765 2896 1104 2967 indigemus;
1135 2914 1371 2972 cumque
1402 2903 1622 2969 caloris,
1649 2915 1704 2960 et
1737 2907 1977 2979 frigoris,
2020 2921 2075 2966 et

503 2988 758 3043 imbrium
826 2991 934 3045 vim
1008 2993 1251 3063 perferre
1322 3011 1692 3065 nequeamus,
1758 3000 1952 3058 domos
2020 3015 2075 3060 et

501 3087 640 3135 tecta
674 3082 832 3136 nobis
867 3085 1263 3147 construimus.
1303 3085 1407 3153 Qui
1442 3090 1735 3158 prudenter
1771 3096 2073 3149 necessita-

502 3179 609 3225 tem
654 3174 986 3240 considerat,
1032 3176 1152 3246 ejus
1196 3178 1381 3234 habita
1430 3182 1663 3244 ratione,
1720 3183 1833 3238 haec
1870 3194 1918 3240 et
1967 3186 2071 3241 alia
2100 3174 2140 3198 υ

503 3265 773 3332 ejusmodi
816 3266 935 3322 sine
975 3268 1350 3326 sollicitudine
1388 3283 1690 3343 comparat,
1725 3278 2076 3346 appetitionio

504 3372 610 3425 que
651 3359 938 3412 terminum
979 3361 1290 3424 constituit,
1328 3380 1484 3419 usum
1534 3369 1907 3423 necessarium
1939 3390 1952 3425 :
1979 3371 2077 3426 do-

502 3464 651 3501 mum
702 3449 898 3519 igitur,
959 3454 1378 3519 vestimentmn,
1431 3457 1744 3527 conjugium
1787 3460 2078 3531 cibumque

504 3549 715 3596 naturae
747 3545 1079 3613 suppeditat,
1118 3557 1178 3600 ut
1222 3547 1389 3604 rebus
1433 3551 1767 3606 necessariis
1810 3561 2079 3610 sustente-

505 3640 614 3687 tur.
670 3632 772 3699 Qui
808 3650 941 3689 vero
980 3637 1317 3706 voluptatum
1364 3649 1449 3694 est
1502 3655 1717 3703 servus,
1757 3658 1854 3711 per
1887 3658 2075 3700 neces-

503 3727 682 3779 sarios
715 3742 847 3782 usus
888 3727 1038 3782 vitiis
1085 3728 1294 3784 aditum
1329 3732 1523 3800 aperit,
1556 3733 1912 3805 alimentique
1954 3735 2077 3791 loco

504 3815 732 3872 delicias
775 3817 1003 3887 quaerit;
1053 3835 1153 3889 pro
1204 3822 1530 3878 vestimento
1580 3832 1823 3880 sectatur
1862 3828 2079 3899 elegan-

504 3906 636 3961 tiam
674 3917 1124 3965 ornamentorum
1153 3928 1167 3977 ;
1202 3928 1299 3983 pro
1323 3915 1520 3970 aedium
1555 3933 1659 3974 usu
1685 3919 1819 3974 colit
1848 3921 2079 3990 amplis-

505 4000 643 4053 sima
687 4000 1343 4076 magniﬁcentissimaque
1397 4007 1636 4076 palatia;
1686 4025 1785 4080 pro
1836 4010 2077 4081 legitima

506 4090 803 4145 liberorum
858 4096 1227 4164 susceptione,
1282 4098 1492 4168 legibus
1536 4103 1846 4158 contrarias
1913 4110 2080 4172 atque

504 4181 747 4238 nefarias
796 4184 1054 4241 libidines
1117 4197 1447 4258 aucupatur.
1506 4190 1720 4257 Quibus
1777 4194 1843 4248 de
1893 4195 2080 4251 causis

504 4273 630 4327 latis
665 4276 836 4342 portis
870 4276 1118 4347 ingressa
1153 4287 1238 4334 est
1273 4281 1326 4333 in
1372 4281 1652 4337 hominum
1685 4285 1849 4337 vitam
1896 4288 2078 4341 avari-

506 4363 601 4427 tia,
639 4365 920 4427 mollities.
955 4375 1011 4422 et
1052 4368 1245 4430 otium,
1276 4379 1331 4423 et
1378 4373 1655 4441 superbia,
1695 4381 1751 4428 et
1784 4378 2079 4431 ostentatio

2177 1893 2275 1961 μὲν
2297 1892 2404 1963 γὰρ
2429 1891 2587 1963 σῶμα
2613 1892 2964 1963 καταλλὴλως
2986 1893 3053 1963 τῇ
3092 1890 3199 1963 ίδίᾳ
3220 1894 3450 1945 κινεῖται
3477 1890 3658 1958 φύσει,
3689 1890 3758 1944 δι’

2171 1977 2245 2037 ὧν
2294 1987 2640 2053 συντηρεῖται
2674 1983 2812 2055 πρὸς
2846 1982 2944 2054 τὴν
2977 1981 3172 2036 ἑαυτοῦ
3207 1981 3465 2035 σύστασιν
3496 1982 3590 2035 καὶ
3640 1980 3758 2035 δια-

2176 2077 2344 2147 μονήν
2365 2095 2378 2108 ·
2419 2076 2557 2149 πρὸς
2585 2077 2756 2131 ταῦτα
2797 2078 2918 2141 ταῖς
2953 2075 3114 2139 ἰδίαις
3145 2077 3343 2146 ὁρμαῖς
3368 2074 3756 2144 διοικούμενον.

2173 2163 2362 2223 Οἷόντι
2382 2169 2546 2238 λέγωο
2577 2168 2842 2241 Βρώσεώς
2864 2172 3010 2224 ἐστιν
3038 2168 3187 2240 αύτῷ
3213 2170 3370 2240 χρεία
3391 2169 3487 2222 καὶ
3525 2168 3773 2235 πόσεως,.

2173 2261 2313 2315 ὥστε
2349 2261 2409 2314 τὸ
2429 2261 2779 2315 διαπνευσοὲν
2799 2264 2897 2330 τῆς
2912 2261 3193 2331 δυνάμεως
3222 2260 3384 2315 πάλιν
3399 2260 3761 2330 ἀντεισαχοῆ-

2174 2370 2261 2405 ναι
2291 2350 2373 2422 τῷ
2393 2350 2634 2405 λείποντι
2652 2368 2665 2381 ο
2699 2351 2833 2422 πρὸς
2863 2350 3021 2404 τοῦτο
3068 2353 3297 2405 κινεῖται
3325 2350 3569 2422 ἡὸρεξις.
3594 2350 3760 2405 Πάλιν

2172 2441 2261 2495 διὰ
2316 2443 2415 2513 τῆς
2467 2441 2574 2496 τῶν
2606 2442 2906 2510 γινομένων
2937 2441 3207 2512 διαδοχῆς,
3234 2441 3401 2512 θνητὴ
3446 2438 3580 2496 οὖσα
3607 2445 3639 2512 ἡ
3664 2441 3758 2495 τοῦ

2175 2532 2425 2604 σώματος
2448 2532 2608 2601 φύσις
2633 2532 3017 2596 ἀθανατίζεται
3042 2550 3055 2562 ·
3080 2532 3171 2586 διὰ
3190 2532 3345 2586 τοῦτο
3366 2530 3609 2604 καὶπρὸς
3631 2533 3761 2587 ταύ-

2172 2643 2272 2696 την
2317 2625 2416 2696 τὴν
2463 2624 2641 2697 ὁρμὴν
2690 2624 3011 2695 ἐπιτηδείως
3062 2624 3194 2694 ἔχει.
3229 2626 3350 2678 Ἔτι
3380 2624 3517 2696 πρὸς
3548 2625 3759 2689 τούτοις

2174 2718 2378 2789 γυμνὸν
2409 2717 2502 2773 τοῦ
2537 2719 2604 2770 ὲκ
2635 2716 2745 2771 τῶν
2773 2717 2974 2790 τριχῶν
3002 2717 3386 2787 σκεπάσματπ
3405 2717 3467 2771 τὸ
3479 2716 3639 2787 σῶμα
3665 2734 3779 2770 πει--

2173 2812 2414 2881 ποίηται,
2441 2804 2502 2865 οὗ
2534 2810 2693 2882 χάριν
2738 2809 2836 2880 τῆς
2868 2808 3066 2874 ἔξωθεν
3111 2808 3402 2881 περιϐολῆς
3438 2808 3757 2881 ἐδεήθημεν.

2186 2903 2345 2958 Ἀλλὰ
2374 2902 2469 2957 καί⁵
2495 2901 2630 2974 πρὸς
2653 2901 2897 2972 φλογμόν
2916 2917 2976 2953 τε
3006 2901 3100 2955 καὶ
3126 2900 3293 2973 κρύος
3332 2901 3427 2955 καὶ
3459 2899 3760 2972 ἐπομϐρίαν

2174 2997 2444 3066 ἀντισχεῖν
2493 2994 2553 3049 οὐ
2601 2992 2910 3063 δυνάμενοι,
2956 2991 3056 3062 τὴν
3089 2991 3284 3046 ἐκτῶν
3325 2991 3510 3045 οἰκιῶν
3552 2991 3760 3061 σκέπην

2173 3085 2610 3160 ὲπεζητήσαμεν.
2638 3085 2823 3139 Ταῦτα
2850 3084 2946 3139 καὶ
2975 3084 3043 3139 τὰ
3077 3083 3300 3138 τοιαῦτα
3343 3084 3372 3137 ὁ
3417 3083 3515 3154 μὲν
3555 3082 3760 3151 λελογι-

2176 3180 2389 3249 σμένως
2417 3178 2551 3251 πρὸς
2586 3178 2684 3250 τὴν
2709 3177 2899 3248 χρείαν
2922 3176 3152 3248 βλέπων,
3173 3176 3384 3246 δέχεται
3404 3175 3607 3228 τούτων
3627 3174 3775 3229 Eata--

2177 3287 2301 3323 στον
2334 3271 2706 3341 ἀπραγμόνως
2736 3267 2902 3340 ὁρῶν,
2928 3268 3029 3339 τῆς
3047 3266 3278 3338 ὀρέξεως
3304 3265 3395 3320 τὸν
3429 3265 3632 3319 σκοπὸν
3661 3264 3760 3337 τῆς

2175 3363 2363 3434 χρείας
2388 3361 2729 3432 ποιούμενος,
2757 3355 2925 3425 οἷκον,
2954 3357 3190 3428 ἱμάτιον.
3228 3357 3505 3425 συζυγίαν,
3530 3355 3773 3427 τροφὴν..

2175 3455 2242 3508 δι’
2272 3455 2502 3511 ἑκάστου
2530 3453 2735 3508 τούτων
2762 3451 3082 3524 θεραπεύων
3101 3451 3163 3505 τὸ
3192 3451 3369 3506 ἐνδέον
3396 3452 3494 3521 τῆς
3522 3448 3756 3518 φύσεως.

2188 3549 2247 3600 'O
2274 3546 2331 3600 δὲ
2380 3544 2488 3598 τῶν
2534 3543 2736 3615 ἡδονῶν
2773 3542 3075 3613 ὑπηρέτης,
3102 3540 3255 3603 ὀδοὺς
3294 3538 3633 3610 παθημάτων
3660 3535 3760 3599 τὰς

2176 3639 2477 3708 ἀναγκαίας
2498 3637 2689 3707 χρείας
2717 3634 2972 3704 ἐποίησεν
2989 3650 3003 3664 ·
3031 3632 3155 3686 ἀντὶ
3181 3633 3278 3703 μὲν
3298 3632 3396 3701 τῆς
3411 3630 3635 3702 τροφῆς,
3661 3627 3760 3698 τὴν

2176 3727 2383 3799 τρυφὴν
2414 3724 2685 3796 ἐπιζητῶν
2705 3738 2720 3754 ο
2772 3722 2892 3776 ἀντὶ
2927 3721 2984 3774 δὲ
3031 3721 3129 3788 τῆς
3159 3719 3470 3790 περιϐολῆς,
3500 3717 3591 3771 τὸν
3628 3715 3759 3769 καλ-

2176 3818 2455 3890 λωπισμὸν
2504 3814 2936 3887 προαιρούμενος
2963 3827 2976 3843 ⁸
3037 3812 3159 3866 ἀντὶ
3210 3810 3269 3864 δὲ
3312 3810 3410 3878 τῆς
3434 3809 3542 3861 τῶν
3570 3806 3758 3860 οἰκιῶν

2177 3912 2368 3984 χρείας
2423 3909 2523 3979 τὴν
2554 3905 2903 3961 πολυτέλειαν
2928 3920 2942 3935 ο
2999 3902 3120 3956 ἀντὶ
3158 3901 3215 3954 δὲ
3245 3901 3345 3971 τῆς
3389 3897 3752 3961 παιδοποιίας,

2180 4003 2315 4075 πρὸς
2346 4002 2445 4064 τὰς
2483 3998 2832 4071 παρανόμους
2860 4012 2924 4050 τε
2961 3994 3058 4048 καὶ
3085 3992 3535 4065 ἀπηγορευμένας
3565 3989 3757 4060 ἡδονὰς

2180 4095 2411 4165 βλέπων.
2447 4090 2545 4145 Διὰ
2572 4087 2731 4143 τοῦτο
2753 4087 2789 4158 ἦ
2812 4104 2872 4141 τε
2890 4083 3173 4148 πλεονεξία
3196 4082 3475 4145 πλατείαις
3501 4083 3622 4144 ταῖς
3656 4079 3761 4133 πύ-

2178 4186 2297 4249 λαις
2329 4187 2394 4255 τῇ
2415 4180 2729 4254 ἀνθρωπίνῃ
2759 4178 2872 4251 ζωῇ
2893 4175 3290 4248 είσεκώμασεν,
3317 4175 3413 4228 καὶ
3443 4175 3476 4245 ἡ
3498 4172 3756 4242 μαλακία,

2181 4277 2274 4332 καὶ
2305 4279 2333 4330 ό
2365 4274 2553 4343 τῦφος,
2605 4272 2700 4326 καὶ
2734 4272 2768 4341 ή
2798 4269 3084 4341 χαυνότης,
3118 4268 3266 4338 καὶὴ
3297 4265 3581 4337 πολυειδὴς
3613 4266 3760 4319 ἀσω-

2181 4369 2286 4423 τία.
2326 4366 2509 4421 Ταῦτα
2539 4364 2633 4418 καὶ
2657 4362 2726 4416 τὰ
2746 4359 2989 4426 τοιαῦτα,
3023 4358 3212 4428 ὥσπερ
3237 4357 3382 4420 τινὲς
3411 4356 3524 4421 ὄζοι
3547 4357 3640 4410 καὶ
3668 4356 3762 4424 ξηο

508 4455 899 4527 multiplexque
938 4458 1181 4513 luxuria.
1220 4458 1344 4514 Hzec
1371 4469 1426 4514 et
1459 4462 1652 4516 horum
1694 4464 1894 4519 similia
1921 4466 2075 4531 vitia,

2187 4459 2341 4532 ράδες
2368 4457 2477 4511 τῶν
2513 4452 2824 4523 ἀναγκαίων
2852 4450 3051 4521 χρειῶν
3083 4448 3561 4520 παρεϐλάστησαν,
3584 4447 3672 4501 διὰ
3698 4447 3760 4500 τὸ

508 4550 578 4595 υι
598 4544 860 4611 stolones,
893 4557 988 4601 aut
1011 4550 1149 4602 rami
1181 4549 1401 4619 quidam
1438 4551 1681 4618 inutiles,
1717 4563 1917 4624 prieter
1955 4558 2081 4613 vitae

509 4646 642 4686 usus
702 4636 1043 4690 necessarios
1094 4648 1500 4707 provenerunt.
1553 4642 1681 4696 dum
1735 4647 2083 4703 necessitatis

507 4722 774 4778 terminos
821 4718 1061 4779 transilit
1112 4729 1411 4796 appetitus,
1450 4730 1806 4801 hominesque
1838 4750 1946 4788 non
1982 4751 2082 4791 eu-

508 4825 630 4867 rant
671 4814 917 4870 honestis
963 4817 1163 4872 studiis
1207 4817 1450 4875 dilatari.
1499 4821 1641 4888 Quid
1691 4826 1836 4880 enim
1885 4827 2083 4883 alendo

508 4903 729 4971 corpori
779 4913 1012 4973 prosunt
1061 4916 1318 4977 argentea
1364 4925 1528 4977 vasa,
1565 4928 1702 4968 auro
1739 4917 2083 4989 gemmisque

507 5003 766 5065 tauquam
818 4996 1043 5053 ﬂoribus
1092 4998 1349 5055 distincta
1379 5010 1544 5073 atque
1571 5008 1876 5062 exornata?
1905 5008 2083 5077 Quem

511 5103 671 5141 usum
736 5087 971 5142 all‘erunt
1037 5099 1217 5145 vestes
1271 5093 1453 5149 aureis
1508 5098 1911 5171 purpureisque
1978 5103 2085 5159 lllis

509 5187 799 5243 contexue,
834 5189 887 5235 et
918 5181 1068 5236 varia
1105 5184 1398 5240 elaboratae
1430 5186 1667 5256 pictura,
1714 5206 1822 5261 qua
1859 5200 1913 5247 et
1942 5210 2086 5264 proe-

510 5270 605 5333 lia,
634 5282 687 5325 et
731 5273 1068 5339 venationes,
1104 5288 1156 5330 et
1205 5277 1324 5333 alia:
1355 5293 1444 5334 res
1475 5280 1742 5349 ejusmodi
1780 5284 1833 5337 iu
1882 5286 2084 5343 tunicis

512 5369 566 5412 et
606 5360 943 5421 indumentis
993 5365 1063 5421 ab
1115 5368 1419 5425 artiﬁcibus
1474 5370 1906 5428 describuntur?
1951 5374 2085 5441 Quae

515 5450 736 5519 quidem
775 5452 992 5515 luxuria
1023 5471 1238 5527 semper
1269 5461 1554 5515 avaritiam
1594 5464 1849 5520 comitem
1897 5467 2080 5524 habet.

513 5540 649 5595 Nam
697 5552 753 5596 ut
787 5544 932 5600 vires
984 5548 1087 5602 sibi
1122 5550 1188 5605 ad
1228 5551 1343 5608 haec
1376 5565 1590 5623 parent,
1636 5572 1818 5613 rerum
1869 5560 2084 5631 cupita-

582 5722 607 5754 ⁸
634 5721 791 5777 Joan.
824 5738 905 5789 ιιι,
941 5723 1027 5779 '50.

2179 4550 2470 4623 παρελθεῖν
2494 4546 2623 4609 τοὺς
2644 4548 2742 4616 τῆς
2766 4543 2954 4615 χρείας
2992 4542 3153 4613 ὄρους
3179 4540 3277 4611 τὴν
3308 4539 3506 4612 ὄρεξιν,
3527 4539 3622 4593 καὶ
3649 4541 3759 4603 τοῖς

2180 4645 2267 4698 ἐπ’
2288 4641 2462 4697 οὐδενὶ
2486 4638 2745 4711 χρησίμῳ
2786 4632 3244 4705 σπουδαζομένοις
3277 4630 3756 4686 ὲπιπλατύνεσοαι.

2180 4734 2244 4787 Τί
2295 4731 2405 4802 γὰρ
2436 4728 2612 4784 κοινὸν
2643 4726 2754 4799 ἔχει
2787 4724 2924 4796 πρὸς
2953 4723 3014 4777 τὸ
3053 4723 3152 4793 τῆς
3195 4721 3403 4794 τροφῆς
3428 4722 3694 4792 χρήσιμον
3733 4722 3762 4773 ό

2179 4823 2471 4892 διάγλυφος
2483 4821 2741 4891 ἄργυρος,
2761 4814 2968 4887 χρυσῷ,
2992 4813 3089 4868 καὶ
3116 4812 3286 4877 λίθοις
3306 4811 3759 4881 ἐπανθιζόμενοςς

2185 4914 2251 4968 “ll
2285 4912 2428 4976 τίνος
2457 4910 2615 4982 χάριν
2653 4906 2919 4978 ὲπεδεήθη
2968 4905 3031 4958 τὸ
3065 4905 3280 4974 ἱμάτιον
3299 4901 3393 4955 τοῦ
3431 4900 3639 4972 χρυσοῦ
3665 4901 3762 4969 νή-

2185 5023 2373 5079 ματος,
2396 5005 2609 5074 καὶτῆς
2627 5000 2956 5070 εύανθούσης
2978 4995 3325 5068 πορφυρίδος.
3349 4994 3444 5048 καὶ
3467 4994 3566 5064 τῆς
3590 4994 3763 5063 ὑφαν-

2180 5098 2338 5168 τικῆς
2382 5093 2719 5167 ζωγραφίας,
2758 5091 2828 5145 δι’
2857 5086 2926 5163 ἧς
2957 5089 3203 5159 πόλεμοι,
3239 5087 3333 5140 καὶ
3360 5084 3543 5155 θῆρες,
3575 5085 3669 5138 καὶ
3694 5086 3763 5141 τὰ

2181 5189 2406 5245 τοιαῦτα
2441 5189 2553 5250 τοῖς
2601 5183 2791 5256 χιτῶσί
2817 5198 2877 5235 τε
2903 5182 2997 5236 καὶ
3042 5180 3155 5241 τοῖς
3188 5177 3448 5247 ἐνδύμασι
3482 5176 3631 5246 παρὰ
3653 5176 3766 5231 τῶν

2189 5281 2521 5353 ὑφαινόντων
2554 5274 3060 5347 ὲνζωγραφοῢνταις
3085 5266 3181 5335 Οἷς
3203 5268 3565 5341 συμμαχοῦσα
3593 5270 3627 5339 ἠ
3664 5269 3764 5339 τῆς

2190 5369 2504 5435 πλεονεξίας
2552 5366 2752 5437 ὲνεφύη
2786 5366 2959 5426 νόσος.
2996 5362 3116 5415 ’Ὶνα
3167 5359 3275 5431 γὰρ
3300 5358 3595 5428 ἐπιτύχωσι
3629 5357 3765 5429 πρὲς

2188 5463 2361 5518 ταῦτα
2381 5459 2735 5533 παρασκευῆς
2756 5456 2848 5510 καὶ
2883 5452 3185 5522 δυνάμεως,
3214 5450 3312 5514 τὰς
3333 5450 3439 5504 τῶν
3471 5448 3764 5518 ὲπιθυμου-

2195 5558 2370 5630 μένων
2402 5555 2533 5619 ὕλας
2566 5549 2715 5623 παρὰ
2766 5547 2864 5619 τῆς
2893 5542 3205 5612 πλεονεξίας
3239 5542 3567 5617 πορίζονται.
3621 5540 3684 5595 Ἠ
3705 5538 3763 5595 δὲ
