4124 6352
351 329 454 384 5‘29

1741 325 1832 380 DE
1869 322 2198 380 MORTUIS.

3502 326 3607 382 550

351 445 629 510 πλεονεξία
655 448 720 517 τῇ
748 447 973 518 ἀπιστίᾳ
1010 449 1108 518 τὴν
1137 447 1339 502 εἴσοδον
1376 448 1606 518 ἧνοιξεν,
1651 449 1769 521 ἦτις
1796 450 1918 502 ἐστὶ
1947 468 1962 510 Α

2063 461 2142 500 um
2204 445 2488 499 materiam
2546 442 2775 495 avaritia
2822 440 3206 494 subministrat
3251 457 3263 493 :
3307 439 3608 508 cadentque

352 543 492 598 κατὰ
529 542 620 596 τὸν
658 542 995 612 Σολομῶντα,
1043 544 1072 596 ὁ
1107 543 1438 614 τετρημένος
1481 543 1654 607 πίθος,
1687 543 1774 596 ἀεὶ
1818 545 1930 605 τοῖς

352 633 682 688 ἀπαντλοῦσι
717 633 940 696 λείπων,
982 635 1076 688 καὶ
1101 635 1254 697 κενὸς
1288 634 1695 705 εὑρισκόμενος.
1725 635 1934 688 Οὐκοῦν

353 727 414 779 ού
444 726 504 778 τὸ
544 725 702 796 σῶμα
729 725 828 789 τὰς
857 724 964 779 τῶν
996 727 1182 781 κακῶν
1221 728 1496 800 ἀφορμὰς,
1529 729 1643 783 ἀλλ’
1669 731 1700 799 ὴ
1738 728 1933 800 προαί⁴

359 833 507 887 ρεσις
540 817 779 887 ἐμποιεῖ,
825 816 916 870 τὸν
969 817 1171 871 σκοπὸν
1226 818 1326 888 τῆς
1366 819 1556 890 χρείας
1585 821 1664 882 είς
1689 818 1788 890 τὴν
1827 817 1935 872 τῶν

358 907 576 960 ἀτόπων
597 908 894 978 ἐπιθυμίαν
911 910 1274 980 ἐκτρέπουσα.
1305 910 1398 982 Μὴ
1425 911 1605 965 τοίνυν
1627 911 1937 976 κακιζέσθω

361 1001 510 1072 παρὰ
538 1001 648 1054 τῶν
679 1001 1099 1073 ἀπερισκέπτων
1123 1001 1186 1055 τὸ
1225 1003 1404 1074 σῶμα,
1427 996 1470 1071 ᾧ
1499 1003 1635 1075 μετὰ
1657 1002 1830 1056 ταῦτα
1852 1003 1939 1057 διὰ

359 1095 458 1166 τῆς
487 1093 906 1163 παλιγγενεσίας
930 1096 1628 1168 μεταστοιχειωθέντιεπρὸς
1651 1097 1711 1150 τὸ
1743 1097 1940 1150 θειότε-

364 1204 456 1259 ρον
481 1189 514 1258 ἡ
564 1187 710 1258 ψυχὴ
739 1187 1160 1253 καλλωπίσεται,
1191 1189 1260 1243 τὰ
1296 1189 1524 1261 περιττά
1552 1206 1610 1242 τε
1642 1189 1735 1244 καὶ
1767 1190 1941 1260 ἄχρη-

366 1296 484 1342 στα,
509 1279 584 1344 ὼς
607 1280 742 1351 πρὸς
771 1280 869 1350 τὴν
897 1280 1193 1335 ἀπόλαυσιν
1215 1281 1315 1352 τῆς
1339 1282 1638 1353 μελλούσης
1655 1282 1819 1354 ζωῆς,
1845 1281 1939 1334 τοῦ

365 1369 590 1423 θανάτου
637 1368 1106 1440 ἀποκαθάραντος.
1136 1370 1211 1424 Ού
1242 1371 1349 1441 γὰρ
1379 1371 1514 1441 πρὸς
1562 1369 1598 1424 ἃ.
1631 1370 1726 1423 νῦν
1755 1371 1942 1438 ἐπιτη-

363 1461 517 1526 δείως
543 1461 675 1531 ἕχει,
707 1462 777 1515 τὰ
805 1461 944 1515 αὐτὰ
982 1463 1076 1515 καὶ
1098 1465 1156 1517 ὲν
1189 1463 1266 1534 τῷ
1293 1464 1429 1534 μετὰ
1453 1463 1625 1518 ταῦτα
1644 1461 1944 1536 χρησιμεύ⁹

367 1572 447 1608 σει
479 1555 597 1626 βίῳ,
634 1554 748 1609 ἀλλ’
775 1557 949 1610 οἰκεία
983 1558 1076 1610 καὶ
1099 1557 1434 1629 κατάλληλος
1452 1558 1602 1612 ἔσται
1622 1560 1688 1629 τῇ
1715 1558 1948 1611 ἀπολαύ-

368 1663 450 1700 σει
475 1647 574 1717 τῆς
606 1645 752 1717 ζωῆς
791 1647 1006 1719 ἐκείνης
1052 1651 1084 1719 ή
1134 1647 1228 1703 τοῦ
1273 1651 1522 1720 σώματος
1569 1650 1726 1721 ἡμῶν
1768 1667 1947 1720 παρα-

369 1737 557 1809 σκευὴ,
581 1738 854 1811 ἁρμοδίως
886 1740 1020 1811 πρὸς
1037 1741 1136 1810 τὴν
1164 1740 1273 1794 τῶν
1286 1741 1503 1810 ἀγαθῶν
1523 1741 1808 1812 μετουσίαν
1835 1742 1950 1794 δια--

2033 536 2260 590 avaritia
2309 533 2612 590 infidelitati
2648 533 2851 587 aditum
2887 531 3147 601 patefacit
3177 549 3188 585 :
3215 538 3299 585 est
3341 531 3510 594 cuitu,
3555 541 3610 582 ιιι

2034 627 2110 681 ait
2137 624 2460 690 Solomon”,
2504 625 2712 679 dolium
2751 632 3058 694 pertusum,
3092 622 3238 693 quod
3274 623 3365 692 qui
3405 637 3613 676 conan-

2033 727 2125 773 tur
2169 718 2414 789 implere,
2452 716 2658 772 frustra
2704 715 2976 780 laborant,
3021 722 3076 770 et
3118 729 3352 768 vacuum
3395 728 3611 781 semper

2036 809 2339 866 inveniunt.
2365 809 2579 879 Corpus
2605 822 2738 880 ergo
2768 823 2876 861 nou
2906 806 3063 861 affert
3090 807 3354 860 malorum
3389 819 3608 862 causas.

2038 901 2134 958 sed
2197 901 2317 971 ipsa
2370 902 2656 965 voluntas,
2715 916 2837 970 quae
2892 899 3268 954 necessarium
3320 912 3479 952 usum
3543 895 3611 948 ad

2038 993 2306 1049 absurdos
2352 1003 2407 1049 et
2450 993 2673 1049 inutiles
2723 991 3050 1062 cupiditates
3087 991 3398 1058 detorquet.
3445 986 3614 1042 Nemo

2039 1085 2208 1158 igitur
2263 1093 2469 1140 temere
2515 1095 2571 1140 et
2619 1083 3028 1139 inconsiderate
3084 1091 3333 1137 nostrum
3395 1085 3616 1132 accuset

2039 1192 2259 1247 corpus,
2303 1191 2412 1247 quo
2445 1185 2633 1247 postea
2666 1191 2763 1246 per
2807 1174 3274 1245 regenerationem
3325 1172 3380 1224 in
3411 1177 3612 1224 statum

2042 1267 2368 1322 diviniorem
2393 1275 2726 1321 commutato
2750 1265 2965 1320 animus
2990 1262 3366 1325 deeorabitur,
3400 1274 3524 1313 cum
3549 1258 3618 1312 ab

2043 1360 2334 1416 inutilibus
2379 1359 2512 1414 illud
2549 1366 2604 1414 et
2653 1357 3080 1428 supervacaneis
3128 1353 3384 1410 sordibus
3431 1359 3486 1406 et
3533 1350 3618 1403 iu-

1990 1451 1993 1454 ’
2046 1449 2356 1505 commodis
2403 1465 2554 1505 mors
2592 1450 2998 1520 expurgaverit,
3032 1454 3091 1500 ut
3125 1445 3238 1499 vita
3283 1443 3467 1498 futura
3498 1454 3620 1510 per-

2049 1543 2291 1597 fruatur.
2324 1541 2458 1596 Nam
2495 1557 2617 1613 quae
2649 1542 2730 1596 illi
2773 1557 2922 1598 nunc
2953 1540 3309 1611 congruentia
3366 1543 3516 1600 sunt,
3552 1535 3621 1589 iis

2050 1649 2158 1689 non
2192 1640 2376 1688 utetur
2420 1634 2474 1687 in
2510 1635 2683 1688 altera
2712 1633 2841 1696 vita,
2897 1631 2965 1686 ad
3011 1631 3172 1700 cujus
3205 1628 3432 1684 fruenda
3479 1626 3623 1680 bona

2054 1726 2142 1781 fiet
2175 1733 2301 1796 apta
2347 1723 2871 1793 accommodataque
2902 1723 3149 1793 corporis
3196 1719 3369 1774 nostri
3411 1717 3622 1772 consti-

368 1805 601 1884 τεθεῖσα.
620 1805 753 1885 Ψόῒόν
771 1805 984 1900 τιλέγω
1023 1805 1297 1904 (κρεῖττον
1326 1805 1434 1904 γὰρ
1463 1805 1815 1903 ὑποδείγματι
1840 1833 1946 1886 τῶν

2063 1819 2210 1873 lotio.
2251 1815 2370 1873 Non
2415 1818 2652 1872 alienum
2704 1824 2886 1870 autem
2932 1814 3059 1879 erit,
3110 1821 3168 1866 ut
3209 1810 3352 1882 quod
3388 1808 3622 1863 dicimus

368 1922 661 1994 γνωρίμων
684 1923 791 1977 τινὶ
811 1924 1195 1996 διασαφηνίσαι
1211 1926 1272 1978 τὸ
1294 1925 1512 1996 νόημα)·
1531 1925 1593 1977 Ἡ
1607 1924 1700 1979 τοῦ
1730 1926 1946 1995 σιδήρου

373 2013 542 2084 βῶλος
582 2014 906 2086 χρησιμεύει
948 2017 1014 2087 τῇ
1047 2015 1377 2086 χαλκευτικῇ
1420 2015 1580 2086 τέχνῃ
1601 2055 1617 2082 ,
1645 2015 1952 2086 ἀκατὲργα-

375 2124 496 2172 στος
524 2107 716 2178 ἄκμων
748 2109 1014 2179 γενομένη
1048 2106 1142 2162 τοῦ
1186 2107 1602 2178 τεχνιτεύοντος.
1647 2108 1784 2161 Ἀλλ’
1825 2109 1952 2161 ὅταν

371 2196 451 2249 δεῖ
482 2196 618 2268 πρός
655 2213 708 2250 τι
751 2196 1074 2266 λεπτότερον
1109 2193 1543 2266 μετεργασθῆναι
1591 2194 1681 2247 τὸν
1715 2193 1950 2263 σίδηρον,

373 2288 493 2342 τότε
515 2287 582 2342 δι’
605 2288 922 2360 ἐπιμελείας
949 2287 1048 2360 τὴν
1081 2285 1250 2358 βῶλον
1282 2283 1376 2340 τοῦ
1409 2288 1579 2358 πυρὸς
1608 2285 1954 2356 ἐκκαθήρανο

374 2398 486 2448 τος,
513 2381 659 2436 ἆπαν
689 2379 1007 2435 ἀποτίθεται
1046 2379 1108 2434 τὺ
1145 2379 1343 2449 γεῶδες
1377 2381 1470 2432 καὶ
1511 2381 1802 2451 ἄχρηστον,
1840 2379 1868 2432 ὃ
1889 2379 1952 2448 δὴ

380 2474 620 2550 σκωρίαν
641 2477 692 2527 οἱ
723 2475 965 2544 τεχνῖται
995 2475 1092 2544 τῆς
1127 2471 1388 2544 ἐργασίας
1418 2470 1622 2542 ταύτης
1653 2469 1954 2540 κατονομά-

379 2566 564 2632 ζουσι·
617 2569 709 2622 καὶ
740 2565 912 2631 οὕτως
957 2569 990 2621 ὁ
1039 2567 1169 2620 ποτέ
1212 2565 1403 2637 ἄκμων
1440 2562 1883 2635 λεπτουργηθεὶς,
1922 2561 1956 2633 ἦ

381 2662 583 2734 θώραξ,
615 2661 647 2732 ἢ
677 2661 805 2716 ἄλλο
837 2678 888 2714 τι
907 2659 1016 2713 τῶν
1044 2657 1255 2713 λεπτῶν
1275 2655 1814 2726 κατασκευασμάτων
1838 2653 1954 2722 ὲγέο

381 2771 521 2821 νετο,
551 2752 646 2806 τοῦ
671 2751 911 2806 τοιούτου
941 2750 1351 2823 περιττώματος
1375 2747 1734 2819 ἐκκαθαρθεὶς
1754 2747 1838 2801 διὰ
1862 2749 1960 2819 τῆς

383 2846 633 2917 χωνείας,
687 2845 823 2916 ὅπερ
879 2842 985 2907 ἓως
1021 2843 1150 2896 ποτέ
1196 2841 1388 2912 ἄκμων
1415 2836 1504 2912 ἦν,
1548 2841 1648 2893 οὐκ
1686 2838 1962 2910 ἐνομίζετο

386 2938 520 3010 πρὸς
537 2936 632 3007 τὴν
653 2936 774 2989 τότε
808 2935 995 3006 χρείαν
1025 2930 1162 2988 εἶναι
1192 2931 1530 3003 περίττωμα.
1556 2930 1831 2984 Συνετὲλει
1856 2931 1962 3002 γάρ

351 3097 355 3101 Δ
383 3045 437 3080 τι
461 3028 552 3080 καὶ
590 3029 623 3097 ἡ
648 3027 854 3096 σκωρία
874 3025 1010 3096 πρὸς
1041 3023 1132 3077 τὸν
1164 3022 1327 3091 ὅγκον
1357 3020 1452 3075 τοῦ
1481 3022 1698 3091 σιδήρου
1731 3023 1965 3088 ἐγκατα-

391 3117 701 3188 μεμιγμένη
734 3118 799 3186 τῇ
862 3113 1038 3185 βώλῳ.
1069 3111 1210 3181 Ἤδη
1260 3110 1508 3180 νενόηται
1561 3111 1694 3179 ἡμῖν
1735 3108 1797 3160 τὸ
1833 3107 1964 3159 ύπὸ-
1991 3149 2032 3204 c

387 3211 614 3280 δειγμαο
675 3205 968 3279 μετακτέον
1008 3203 1108 3275 ήδη
1142 3203 1276 3273 πρὸς
1309 3202 1370 3255 τδ
1399 3201 1757 3271 προκείμενον
1788 3198 1965 3268 νόημα

387 3301 485 3370 τὴν
511 3301 568 3353 ἐν
594 3298 671 3368 τῷ
700 3296 1058 3365 ὑποδείγματι
1101 3291 1467 3362 θεωρηθεῖσαν
1499 3290 1754 3343 διάνοιαν.
1789 3288 1853 3340 Τί
1875 3284 1966 3340 οὖν

389 3393 504 3445 ἐστι
549 3391 737 3451 τοῦτο;
777 3387 984 3450 Πολλὰς
1028 3386 1141 3455 ἔχει
1173 3383 1269 3437 νῦν
1301 3381 1640 3453 σκωρεώδεις
1679 3381 1968 3451 ποιότητας

389 3484 424 3552 ἡ
481 3479 575 3534 τοῦ
616 3479 863 3550 σώματος
911 3476 1093 3547 φύσις,
1135 3477 1190 3530 αἳ
1234 3475 1378 3529 κατὰ
1425 3474 1524 3544 μὲν
1561 3473 1658 3543 τὴν
1690 3471 1968 3542 παροῦσαν

392 3572 557 3645 ζωὴν,
595 3570 729 3641 πρὸς
772 3587 824 3622 τι
879 3570 1147 3640 χρήσιμον
1181 3564 1546 3630 συντελοῦσιν,
1583 3565 1871 3635 ἀχρήστως
1913 3563 1969 3615 δὲ

394 3665 705 3722 παντάπασι
734 3663 827 3716 καὶ
844 3661 1140 3733 ἀλλοτρίως
1156 3660 1338 3731 έχουσι
1368 3659 1503 3730 πρὸς
1530 3657 1626 3728 τὴν
1646 3655 1784 3727 μετὰ
1799 3655 1970 3710 ταῦτα

395 3759 850 3833 προσδοκωμένην
878 3755 1272 3828 μακαριότητα.
1306 3753 1482 3823 Ὅπερ
1513 3745 1604 3803 οὖν
1648 3752 1704 3804 ἐν
1731 3747 1808 3819 τῷ
1841 3749 1973 3819 πυρὶ

397 3855 524 3927 περὶ
551 3853 640 3908 τὸν
673 3851 888 3922 σίδηρον
913 3848 1140 3918 γίνεται,
1170 3846 1229 3899 τὸ
1266 3846 1534 3916 ἄχρηστον
1560 3841 1705 3898 ἅπαν
1736 3845 1834 3912 τῆς
1862 3859 1972 3912 χω-

396 3947 542 4010 νείας
568 3942 956 4014 ἁποποιούσης,
991 3938 1148 3995 τοῦτο
1174 3937 1263 3992 διὰ
1288 3936 1380 3991 τοῦ
1419 3936 1650 3990 θανάτου
1681 3931 1975 4004 κατορθοῦ-

397 4055 484 4091 ται
511 4037 588 4109 τῷ
620 4036 853 4106 σώματι,
879 4033 1076 4096 παντὸς
1096 4029 1508 4102 περιττώματος
1538 4025 1972 4095 ἀποποιουμένου

399 4128 594 4198 διὰτῆς
624 4130 680 4181 ἐν
707 4129 772 4198 τῇ
798 4125 1083 4194 νεκρότητι
1112 4122 1338 4183 λύσεως.
1361 4118 1574 4188 Φανερὲι
1607 4115 1704 4189 μὲν
1736 4115 1829 4170 οὖν
1858 4118 1974 4169 ἐστι

401 4219 616 4281 πάντως
630 4219 740 4280 τοῖς
755 4219 952 4268 ἐπεσκε
961 4232 998 4284 μ
1006 4213 1185 4283 μένοις
1215 4213 1343 4264 ποῖα
1361 4209 1534 4263 ταῦτά
1548 4209 1716 4273 ἐστιν,
1747 4200 1822 4261 ὧν
1842 4207 1978 4260 ἁπο-

404 4308 720 4379 καθαίρεται
743 4307 802 4360 τὸ
824 4305 982 4375 σῶμα
1015 4307 1093 4368 είς
1119 4302 1342 4375 ὕστερον
1361 4318 1374 4332 ·
1411 4302 1555 4371 ἅπερ
1585 4301 1634 4352 εί
1659 4299 1754 4370 ’μὴ
1774 4297 1974 4368 παρείη

404 4399 545 4455 κατὰ
586 4399 683 4469 τὴν
736 4396 1018 4468 παροῦσαν
1067 4397 1233 4467 ζωὴν,
1275 4392 1447 4464 ζημία
1490 4391 1699 4459 γίνεται
1728 4388 1820 4442 τοῦ
1859 4387 1974 4457 βίου

2051 1918 2194 1964 notae
2228 1909 2669 1980 pervulgatmque
2704 1908 2783 1962 rei
2815 1906 3120 1977 cujuspiam
3155 1902 3401 1972 exemplo
3442 1900 3623 1955 decla-

2052 2016 2259 2057 remus.
2299 2000 2418 2054 Arti
2468 2001 2676 2055 aerariae
2711 1998 2861 2055 utilis
2899 2006 2985 2054 est
3026 1996 3158 2052 ferri
3192 1994 3381 2049 infecti
3434 1993 3626 2046 illabo-

2052 2093 2269 2162 ratique
2307 2106 2512 2156 massa,
2556 2091 2685 2146 dum
2741 2106 2806 2146 ea
2847 2103 2948 2160 pro
3005 2086 3204 2143 incude
3235 2083 3388 2139 faber
3428 2083 3623 2137 utitor.

2053 2184 2122 2237 At
2149 2199 2274 2240 cum
2309 2198 2450 2253 opus
2483 2191 2567 2238 est
2599 2183 2746 2238 ferro
2796 2180 2864 2235 ad
2907 2194 3049 2250 opus
3100 2175 3321 2246 aliquod
3371 2171 3628 2228 subtilius

2054 2285 2108 2331 et
2144 2274 2320 2347 magis
2353 2274 2694 2330 elaboratum
2722 2270 3148 2334 conficiendum,
3185 2277 3319 2322 tunc
3348 2266 3472 2336 igne
3507 2262 3631 2318 dili-

2056 2377 2249 2438 genter
2308 2373 2686 2437 expurgantur
2747 2377 2946 2419 massee
3012 2361 3159 2415 illius
3220 2369 3413 2414 terrea:
3468 2362 3632 2424 atque

2058 2459 2281 2514 inutiles
2322 2457 2505 2519 fmccs,
2559 2472 2716 2527 quas.
2761 2455 2856 2526 qui
2913 2453 3048 2508 artis
3102 2452 3222 2522 ejus
3277 2449 3437 2520 periti
3483 2455 3630 2512 sunt,

2060 2553 2298 2609 scoriam
2335 2551 2632 2622 appellant.
2676 2549 2854 2619 Atque
2907 2547 2981 2600 ita
3017 2545 3165 2615 quod
3205 2544 3336 2596 olim
3373 2547 3492 2596 erat
3547 2540 3633 2592 in-

2060 2660 2158 2700 eus
2212 2642 2435 2698 rudisve
2493 2641 2621 2697 ferri
2672 2655 2891 2704 massa,
2954 2638 3231 2695 subtiliter
3296 2635 3635 2690 elaboratum

2060 2735 2231 2788 lorica
2265 2733 2346 2797 fit,
2391 2741 2485 2788 aut
2525 2730 2746 2800 aliquod
2784 2728 2932 2783 aliud
2968 2744 3109 2798 opus
3139 2727 3417 2797 egregium
3461 2734 3515 2779 et
3546 2740 3640 2776 ex-

2064 2825 2315 2895 politum,
2367 2821 2790 2893 supervacaneis
2844 2821 2897 2874 in
2931 2819 3154 2873 fornace
3200 2816 3443 2872 eseoelis
3493 2815 3643 2883 abje-

2064 2916 2277 2985 ctisque
2321 2913 2600 2977 sordibus,
2651 2927 2771 2982 quae
2803 2919 2986 2965 tamen
3042 2910 3096 2963 in
3132 2909 3250 2979 ipsa
3305 2906 3502 2961 incude
3549 2915 3644 2959 aut

2067 3023 2250 3065 massa
2301 3007 2668 3062 considerata:
2718 3015 3073 3072 supervacuae
3124 3013 3233 3052 non
3282 2997 3641 3068 putabantur.

2066 3099 2296 3155 Confert
2337 3097 2482 3153 enim
2516 3094 2722 3164 aliquid
2757 3094 2824 3148 ad
2857 3092 2986 3148 ferri
3025 3091 3223 3145 molem
3259 3090 3424 3144 etiam
3464 3088 3645 3144 scoria

2069 3194 2124 3246 in
2180 3203 2362 3244 massa
2420 3187 2705 3258 permista.
2766 3183 3123 3254 Perspicuum
3194 3181 3296 3234 hoc
3347 3179 3504 3234 nobis
3563 3189 3649 3232 est

2067 3281 2376 3351 exemplum
2413 3297 2427 3334 :
2460 3276 2938 3334 accommodemus
2962 3287 3108 3328 nunc
3149 3281 3470 3342 prmsentem
3515 3284 3648 3324 cou-

2070 3371 2465 3427 sideralionem
2514 3369 2580 3423 ad
2627 3384 2746 3422 eam
2782 3382 2902 3437 qua:
2935 3365 2988 3419 in
3021 3364 3270 3434 exemplo
3313 3362 3650 3431 conspicitur

2075 3459 2532 3532 intelligentiam:
2567 3458 2827 3529 quidnam
2875 3456 3041 3526 igitur
3074 3454 3220 3508 istud
3274 3452 3391 3509 est?
3427 3453 3529 3506 hoc
3564 3453 3650 3505 ni-

2071 3552 2294 3606 mirum.
2327 3551 2524 3605 Multas
2551 3564 2696 3604 nune
2724 3549 2885 3602 liabet
2911 3554 3105 3600 natura
3147 3545 3396 3616 corporis
3435 3546 3647 3609 sordes,

2073 3658 2137 3697 ac
2180 3642 2347 3698 veluti
2393 3642 2662 3705 scoriam,
2712 3640 3007 3710 quamdam
3056 3639 3312 3708 praesenti
3370 3639 3492 3692 vitre
3542 3655 3651 3692 non

2075 3736 2322 3790 inutilem
2369 3735 2518 3788 illam
2579 3732 2801 3802 quidem
2858 3731 3042 3800 aliquo
3089 3731 3272 3794 modo,
3326 3730 3420 3784 sed
3471 3737 3653 3783 tamen

2075 3826 2306 3880 alienam
2351 3838 2579 3894 prorsus
2615 3825 2685 3876 ab
2715 3836 2777 3876 ea
2827 3820 3111 3883 felicitate,
3151 3834 3312 3888 quam
3365 3828 3651 3889 exspecta-

2075 3931 2217 3972 mus.
2243 3914 2711 3981 Quemadmodum
2746 3912 2910 3984 igitur
2953 3913 3008 3966 in
3041 3911 3263 3968 fornace
3305 3911 3446 3982 ignis
3477 3912 3656 3965 aufert

2075 4016 2128 4063 et
2171 4005 2409 4061 absumit
2453 4003 2719 4076 quidquid
2776 4005 2832 4056 in
2887 4003 3037 4058 ferro
3091 4012 3176 4059 est
3205 4003 3423 4065 inutile,
3473 4003 3552 4056 sic
3601 4004 3654 4055 in

2076 4099 2198 4169 ipsa
2227 4106 2402 4151 morte
2431 4110 2630 4165 corpus
2661 4095 2729 4149 ab
2757 4094 2908 4148 omni
2943 4109 3000 4147 re
3039 4106 3448 4162 supervacanea
3491 4101 3655 4159 atque
3695 4135 3703 4141 .

2078 4188 2261 4243 inutili
2305 4201 2405 4258 per
2445 4185 2798 4239 mortalitatis
2829 4184 3160 4239 solutionem
3195 4184 3483 4237 liberatur.
3525 4185 3658 4248 Quae

2079 4287 2261 4334 autem
2297 4279 2408 4332 sint
2451 4292 2538 4342 ea,
2574 4291 2606 4328 a
2649 4274 2851 4344 quibus
2891 4289 3091 4344 corpus
3143 4275 3195 4326 in
3229 4282 3505 4344 posterum
3559 4290 3655 4328 ex-

2081 4371 2425 4442 purgabitur,
2467 4383 2590 4440 quae
2632 4368 2742 4424 nisi
2799 4369 2888 4423 hic
2940 4369 3217 4430 adessent,
3255 4381 3498 4436 pra>sens
3545 4368 3658 4421 lure

402 4493 614 4547 τούτου.
641 4459 793 4562 ’Πλὴν
820 4459 956 4544 αλλὰ
1004 4459 1098 4541 καί
1147 4459 1277 4558 παρ’
1308 4459 1464 4555 ημῶν
1494 4481 1790 4555 σαφηνείας
1819 4479 1962 4551 χάριι

2084 4465 2192 4519 vita
2223 4463 2484 4518 damnum
2516 4461 2740 4526 faceret,
2780 4461 2907 4516 licet
2928 4461 3105 4516 cuivis
3127 4459 3371 4514 studiose
3403 4459 3661 4514 conside-

403 4585 471 4638 δι’
500 4583 695 4654 ὀλίγων
722 4583 1021 4654 εἰρήσεται.

478 4845 680 4911 Ἔστω,
705 4843 826 4898 καθ’
849 4841 1124 4907 ὑπόθεσιν,
1144 4841 1262 4895 ἀντὶ
1287 4839 1383 4910 μὲν
1395 4841 1494 4910 τῆς
1523 4836 1716 4909 βώλου,
1747 4838 1779 4907 ἡ
1805 4835 1982 4907 ὄρεξις

406 4943 440 5012 ἡ
463 4938 706 5009 φυσικῶς
726 4937 819 4990 ἐπὶ
848 4937 1064 4991 πάντων
1079 4932 1441 5005 ἐνεργουμένη
1463 4948 1476 4962 ·
1498 4931 1618 4986 ἀντὶ
1637 4929 1692 4984 δέ
1721 4932 1817 5000 τῆς
1843 4945 1984 4982 σκω-

412 5031 530 5102 pia;
549 5028 740 5090 ταῦτα,
767 5027 906 5098 πρὸς
931 5026 967 5081 ἃ
998 5025 1093 5079 νῦν
1121 5026 1218 5086 τὰς
1241 5023 1417 5094 ὁρμὰς
1441 5022 1552 5092 ἔχει
1582 5021 1615 5091 ἡ
1639 5019 1838 5092 ὄρεξις,
1859 5017 1983 5090 ἡδο-

409 5123 517 5186 ναὶ,
545 5122 639 5174 καὶ
677 5119 920 5184 πλοῦτοι,
952 5117 1046 5170 καὶ
1075 5115 1391 5186 φιλοδοξίαι,
1413 5115 1504 5167 καὶ
1531 5113 1861 5173 δυναστεῖαι,
1891 5112 1986 5163 καὶ

411 5212 592 5284 θυμοὶ,
637 5212 730 5266 καὶ
759 5211 938 5280 τῦφοι,
969 5211 1062 5264 καὶ
1096 5210 1166 5262 τὰ
1204 5207 1449 5262 τοιαῦτα.
1484 5205 1700 5260 Τούτων
1733 5205 1986 5259 ἁπάντων

412 5303 629 5358 καὶτῶν
650 5303 927 5366 τοιούτων,
969 5301 1263 5374 καθάρσιον
1295 5298 1520 5371 ἀκριϐὲς
1538 5299 1565 5350 ὁ
1589 5297 1815 5360 θάνατος
1843 5296 1987 5365 γίνε-

411 5412 538 5450 ταιο
563 5386 639 5447 ὧν
685 5391 1035 5464 γυμνωθεῖσά
1074 5409 1135 5445 τε
1181 5390 1275 5444 καὶ
1321 5387 1654 5460 καθαρθεῖσα
1689 5386 1907 5441 πάντων
1951 5387 1986 5454 ἡ

411 5477 617 5558 ὄρεξις,
647 5486 784 5557 πρὸς
810 5485 870 5539 τδ
901 5485 1058 5556 μόνον
1079 5482 1301 5556 ὀρεκτόν
1338 5499 1397 5535 τε
1421 5480 1513 5535 καὶ
1538 5477 1870 5550 ἐπιθυμητὸν
1896 5477 1989 5530 καὶ

413 5578 674 5651 ἐράσμιον
721 5579 788 5648 τῇ
833 5575 1082 5648 ἐνεργείᾳ
1121 5577 1476 5649 τραπήσεται,
1505 5573 1601 5626 οὐκ
1643 5569 1991 5626 ἀποσϐέσασα

487 5761 509 5793 ⁹
567 5757 740 5814 Ecclt.
767 5773 882 5824 sxt,
916 5759 999 5812 l7.

2091 4554 2232 4609 ranti
2281 4554 2441 4608 facile
2488 4553 2791 4625 intelligere
2819 4572 2831 4607 :
2859 4561 3040 4608 tamen
3078 4568 3188 4622 quo
3237 4552 3452 4622 planius
3497 4553 3660 4605 etiam

2089 4655 2325 4712 constet,
2359 4657 2479 4700 uta
2529 4646 2812 4716 proposito
2863 4645 3112 4714 exemplo
3153 4660 3261 4698 non
3317 4643 3660 4705 recedamus,

2090 4738 2329 4794 breviter
2353 4754 2382 4793 a
2416 4739 2574 4794 nobis
2597 4738 2762 4793 etiam
2796 4737 3254 4792 recensebuntur.

2162 4830 2342 4888 Massa
2374 4832 2539 4902 igitur
2586 4831 2657 4886 sit
2688 4830 2969 4901 appetitio,
3023 4845 3143 4900 qua:
3200 4830 3540 4883 naturaliter
3582 4837 3664 4884 est

2092 4925 2347 4981 omnibus
2399 4925 2585 4990 insita,
2648 4922 2828 4978 scoria
2863 4930 3069 4983 autem,
3122 4930 3175 4975 et
3235 4921 3417 4984 faeces,
3460 4935 3542 4983 ea,
3597 4921 3664 4973 ad

2083 5036 2206 5096 quae
2234 5033 2378 5074 nunc
2403 5019 2606 5088 impetu
2633 5017 2855 5072 ducitur
2871 5024 2925 5069 et
2952 5014 3187 5068 trahitur
3203 5012 3486 5082 appetitio,
3515 5026 3667 5064 nem-

2083 5128 2150 5182 pe
2181 5111 2507 5181 voluptates,
2535 5109 2758 5172 divitim,
2795 5107 2989 5176 gloria,
3035 5104 3397 5174 principatus,
3450 5103 3668 5156 iracun-

2085 5204 2199 5265 dia,
2234 5211 2438 5265 tumor,
2472 5199 2802 5270 arrogantia,
2831 5205 2885 5252 et
2917 5197 2968 5250 id
3001 5211 3175 5267 genus
3214 5195 3342 5256 alia,
3391 5208 3422 5248 a
3467 5193 3667 5264 quibus

2087 5294 2342 5348 omnibus
2378 5308 2480 5349 nos
2510 5291 2759 5361 expiatos
2792 5304 2938 5344 mors
2968 5303 3030 5341 ac
3054 5287 3210 5357 plane
3232 5286 3436 5343 liberos
3469 5286 3667 5342 reddit.

2095 5385 2191 5441 His
2215 5387 2358 5441 enim
2384 5392 2546 5440 exuta
2562 5397 2842 5453 vacuaque
2865 5381 3123 5453 appetitio
3149 5380 3215 5434 ad
3245 5379 3298 5434 id
3325 5378 3469 5450 quod
3494 5380 3668 5434 solum

2096 5478 2479 5548 expetendum,
2537 5475 2858 5548 Optandum,
2931 5476 3333 5544 amandumque
3396 5483 3498 5534 est,
3565 5471 3668 5523 vim

2102 5571 2361 5627 transfert
2403 5583 2581 5635 suam,
2645 5583 2756 5625 non
2789 5565 3144 5636 exstinguens
3202 5565 3417 5634 penitus
3476 5562 3670 5620 insitos
