  <div class='ocr_page' id='page_1' title='image "/cluster/home/n/w/nwhite01/storage/ocr_20150623/46/nnc1.0046978380/273.png"; bbox 0 0 4124 6352; ppageno 0'>
   <div class='ocr_carea' id='block_1_1' title="bbox 494 309 602 366">
    <p class='ocr_par' dir='ltr' id='par_1_1' title="bbox 494 309 602 366">
     <span class='ocr_line' id='line_1_1' title="bbox 494 309 602 366; baseline 0 0"><span class='ocrx_word' id='word_1_1' title='bbox 494 309 602 366; x_wconf 61' lang='grc' dir='ltr'><strong>εει</strong></span> 
     </span>
    </p>
   </div>
   <div class='ocr_carea' id='block_1_2' title="bbox 1721 313 2458 370">
    <p class='ocr_par' dir='ltr' id='par_1_2' title="bbox 1721 313 2458 370">
     <span class='ocr_line' id='line_1_2' title="bbox 1721 313 2458 370; baseline -0.004 0"><span class='ocrx_word' id='word_1_2' title='bbox 1721 317 1776 370; x_wconf 87' lang='lat' dir='ltr'><strong>S.</strong></span> <span class='ocrx_word' id='word_1_3' title='bbox 1817 314 2143 370; x_wconf 77' lang='lat' dir='ltr'><strong>GREGOIHI</strong></span> <span class='ocrx_word' id='word_1_4' title='bbox 2180 313 2458 368; x_wconf 77' lang='lat' dir='ltr'><strong>NYSSENI</strong></span> 
     </span>
    </p>
   </div>
   <div class='ocr_carea' id='block_1_3' title="bbox 3637 307 3740 366">
    <p class='ocr_par' dir='ltr' id='par_1_3' title="bbox 3637 307 3740 366">
     <span class='ocr_line' id='line_1_3' title="bbox 3637 307 3740 366; baseline 0 0"><span class='ocrx_word' id='word_1_5' title='bbox 3637 307 3740 366; x_wconf 62' lang='lat' dir='ltr'><strong>EH</strong></span> 
     </span>
    </p>
   </div>
   <div class='ocr_carea' id='block_1_4' title="bbox 495 423 2097 499">
    <p class='ocr_par' dir='ltr' id='par_1_4' title="bbox 495 424 2097 496">
     <span class='ocr_line' id='line_1_4' title="bbox 495 424 2097 496; baseline 0.006 -20"><span class='ocrx_word' id='word_1_6' title='bbox 495 424 560 476; x_wconf 79' lang='lat' dir='ltr'><strong>ad</strong></span> <span class='ocrx_word' id='word_1_7' title='bbox 595 424 708 480; x_wconf 70' lang='lat' dir='ltr'><strong>haec</strong></span> <span class='ocrx_word' id='word_1_8' title='bbox 749 424 988 496; x_wconf 77' lang='lat' dir='ltr'><strong>impetus</strong></span> <span class='ocrx_word' id='word_1_9' title='bbox 1021 444 1049 482; x_wconf 88' lang='lat' dir='ltr'><strong>a</strong></span> <span class='ocrx_word' id='word_1_10' title='bbox 1092 436 1306 490; x_wconf 84' lang='lat' dir='ltr'><strong>natura,</strong></span> <span class='ocrx_word' id='word_1_11' title='bbox 1351 429 1446 485; x_wconf 85' lang='lat' dir='ltr'><strong>sed</strong></span> <span class='ocrx_word' id='word_1_12' title='bbox 1485 445 1580 487; x_wconf 91' lang='lat' dir='ltr'><strong>eos</strong></span> <span class='ocrx_word' id='word_1_13' title='bbox 1619 441 1945 487; x_wconf 84' lang='lat' dir='ltr'><strong>convertens</strong></span> <span class='ocrx_word' id='word_1_14' title='bbox 1992 432 2097 494; x_wconf 46' lang='lat' dir='ltr'><strong>ad,</strong></span> 
     </span>
    </p>
   </div>
   <div class='ocr_carea' id='block_1_5' title="bbox 2181 423 3741 499">
    <p class='ocr_par' dir='ltr' id='par_1_5' title="bbox 2181 423 3741 499">
     <span class='ocr_line' id='line_1_5' title="bbox 2181 423 3741 499; baseline -0.001 -17"><span class='ocrx_word' id='word_1_15' title='bbox 2181 428 2390 482; x_wconf 79' lang='grc' dir='ltr'>ιαθόλου</span> <span class='ocrx_word' id='word_1_16' title='bbox 2416 428 2516 490; x_wconf 83' lang='grc' dir='ltr'><strong>τὰς</strong></span> <span class='ocrx_word' id='word_1_17' title='bbox 2543 427 2864 498; x_wconf 82' lang='grc' dir='ltr'>ἐγκειμένας</span> <span class='ocrx_word' id='word_1_18' title='bbox 2882 427 3122 498; x_wconf 77' lang='grc' dir='ltr'><strong>φυσικῶς</strong></span> <span class='ocrx_word' id='word_1_19' title='bbox 3148 429 3280 499; x_wconf 78' lang='grc' dir='ltr'>ἡμῖν</span> <span class='ocrx_word' id='word_1_20' title='bbox 3307 426 3400 480; x_wconf 70' lang='grc' dir='ltr'><strong>ἐπὶ</strong></span> <span class='ocrx_word' id='word_1_21' title='bbox 3430 423 3500 479; x_wconf 83' lang='grc' dir='ltr'><strong>τά</strong></span> <span class='ocrx_word' id='word_1_22' title='bbox 3519 427 3741 480; x_wconf 81' lang='grc' dir='ltr'>τοιαῦτα</span> 
     </span>
    </p>
   </div>
   <div class='ocr_carea' id='block_1_6' title="bbox 496 516 2060 596">
    <p class='ocr_par' dir='ltr' id='par_1_6' title="bbox 496 516 2060 596">
     <span class='ocr_line' id='line_1_6' title="bbox 496 516 2060 596; baseline 0.006 -28"><span class='ocrx_word' id='word_1_23' title='bbox 496 517 585 570; x_wconf 78' lang='lat' dir='ltr'><strong>illa</strong></span> <span class='ocrx_word' id='word_1_24' title='bbox 620 516 760 572; x_wconf 82' lang='lat' dir='ltr'><strong>bona</strong></span> <span class='ocrx_word' id='word_1_25' title='bbox 790 518 1134 588; x_wconf 82' lang='lat' dir='ltr'><strong>perfruenda,</strong></span> <span class='ocrx_word' id='word_1_26' title='bbox 1166 537 1287 592; x_wconf 67' lang='lat' dir='ltr'><strong>quae</strong></span> <span class='ocrx_word' id='word_1_27' title='bbox 1322 538 1352 576; x_wconf 89' lang='lat' dir='ltr'><strong>a</strong></span> <span class='ocrx_word' id='word_1_28' title='bbox 1384 525 1614 578; x_wconf 97' lang='lat' dir='ltr'><strong>materia</strong></span> <span class='ocrx_word' id='word_1_29' title='bbox 1638 525 1886 596; x_wconf 86' lang='lat' dir='ltr'><strong>sejuncta</strong></span> <span class='ocrx_word' id='word_1_30' title='bbox 1909 533 2060 582; x_wconf 89' lang='lat' dir='ltr'><strong>sunt.</strong></span> 
     </span>
    </p>
   </div>
   <div class='ocr_carea' id='block_1_7' title="bbox 494 603 2062 686">
    <p class='ocr_par' dir='ltr' id='par_1_7' title="bbox 494 603 2062 686">
     <span class='ocr_line' id='line_1_7' title="bbox 494 603 2062 686; baseline 0.009 -29"><span class='ocrx_word' id='word_1_31' title='bbox 494 603 628 660; x_wconf 83' lang='lat' dir='ltr'><strong>Nam</strong></span> <span class='ocrx_word' id='word_1_32' title='bbox 657 608 769 662; x_wconf 89' lang='lat' dir='ltr'><strong>illic</strong></span> <span class='ocrx_word' id='word_1_33' title='bbox 807 609 946 678; x_wconf 84' lang='lat' dir='ltr'><strong>viget</strong></span> <span class='ocrx_word' id='word_1_34' title='bbox 972 627 1110 667; x_wconf 67' lang='lat' dir='ltr'><strong>vera:</strong></span> <span class='ocrx_word' id='word_1_35' title='bbox 1134 614 1557 683; x_wconf 87' lang='lat' dir='ltr'><strong>pulchritudinis</strong></span> <span class='ocrx_word' id='word_1_36' title='bbox 1580 630 1754 682; x_wconf 89' lang='lat' dir='ltr'><strong>amor,</strong></span> <span class='ocrx_word' id='word_1_37' title='bbox 1788 617 1882 686; x_wconf 90' lang='lat' dir='ltr'><strong>qui</strong></span> <span class='ocrx_word' id='word_1_38' title='bbox 1923 632 2062 670; x_wconf 84' lang='lat' dir='ltr'><strong>nun-</strong></span> 
     </span>
    </p>
   </div>
   <div class='ocr_carea' id='block_1_8' title="bbox 498 703 2067 779">
    <p class='ocr_par' dir='ltr' id='par_1_8' title="bbox 498 703 2067 779">
     <span class='ocr_line' id='line_1_8' title="bbox 498 703 2067 779; baseline 0.01 -30"><span class='ocrx_word' id='word_1_39' title='bbox 498 713 662 766; x_wconf 79' lang='lat' dir='ltr'><strong>quam</strong></span> <span class='ocrx_word' id='word_1_40' title='bbox 708 703 1095 771; x_wconf 78' lang='lat' dir='ltr'><strong>exstinguitur.</strong></span> <span class='ocrx_word' id='word_1_41' title='bbox 1151 703 1264 760; x_wconf 91' lang='lat' dir='ltr'><strong>lllic</strong></span> <span class='ocrx_word' id='word_1_42' title='bbox 1323 706 1616 764; x_wconf 85' lang='lat' dir='ltr'><strong>laudabilis</strong></span> <span class='ocrx_word' id='word_1_43' title='bbox 1663 708 1818 764; x_wconf 84' lang='lat' dir='ltr'><strong>adest</strong></span> <span class='ocrx_word' id='word_1_44' title='bbox 1848 710 2067 779; x_wconf 85' lang='lat' dir='ltr'><strong>sapien-</strong></span> 
     </span>
    </p>
   </div>
   <div class='ocr_carea' id='block_1_9' title="bbox 497 790 2063 868">
    <p class='ocr_par' dir='ltr' id='par_1_9' title="bbox 497 790 2063 868">
     <span class='ocr_line' id='line_1_9' title="bbox 497 790 2063 868; baseline 0.009 -27"><span class='ocrx_word' id='word_1_45' title='bbox 497 790 587 844; x_wconf 69' lang='lat' dir='ltr'><strong>tiae</strong></span> <span class='ocrx_word' id='word_1_46' title='bbox 617 790 928 846; x_wconf 84' lang='lat' dir='ltr'><strong>divitiarum</strong></span> <span class='ocrx_word' id='word_1_47' title='bbox 976 796 1268 866; x_wconf 74' lang='lat' dir='ltr'><strong>cupiditas,</strong></span> <span class='ocrx_word' id='word_1_48' title='bbox 1302 807 1352 851; x_wconf 86' lang='lat' dir='ltr'><strong>et</strong></span> <span class='ocrx_word' id='word_1_49' title='bbox 1387 799 1708 868; x_wconf 60' lang='lat' dir='ltr'><strong>praclarum</strong></span> <span class='ocrx_word' id='word_1_50' title='bbox 1755 813 1820 854; x_wconf 90' lang='lat' dir='ltr'><strong>ac</strong></span> <span class='ocrx_word' id='word_1_51' title='bbox 1861 800 2063 855; x_wconf 88' lang='lat' dir='ltr'><strong>bonum</strong></span> 
     </span>
    </p>
   </div>
   <div class='ocr_carea' id='block_1_10' title="bbox 497 879 2068 955">
    <p class='ocr_par' dir='ltr' id='par_1_10' title="bbox 497 879 2068 955">
     <span class='ocr_line' id='line_1_10' title="bbox 497 879 2068 955; baseline 0.006 -24"><span class='ocrx_word' id='word_1_52' title='bbox 497 879 684 947; x_wconf 72' lang='lat' dir='ltr'><strong>gloriae</strong></span> <span class='ocrx_word' id='word_1_53' title='bbox 722 882 986 944; x_wconf 84' lang='lat' dir='ltr'><strong>studium,</strong></span> <span class='ocrx_word' id='word_1_54' title='bbox 1031 883 1177 952; x_wconf 89' lang='lat' dir='ltr'><strong>quod</strong></span> <span class='ocrx_word' id='word_1_55' title='bbox 1210 884 1262 938; x_wconf 90' lang='lat' dir='ltr'><strong>in</strong></span> <span class='ocrx_word' id='word_1_56' title='bbox 1315 885 1408 940; x_wconf 80' lang='lat' dir='ltr'><strong>Dei</strong></span> <span class='ocrx_word' id='word_1_57' title='bbox 1445 887 1612 955; x_wconf 60' lang='lat' dir='ltr'><strong>regni:</strong></span> <span class='ocrx_word' id='word_1_58' title='bbox 1635 887 1895 942; x_wconf 80' lang='lat' dir='ltr'><strong>societate</strong></span> <span class='ocrx_word' id='word_1_59' title='bbox 1933 901 2068 940; x_wconf 83' lang='lat' dir='ltr'><strong>con-</strong></span> 
     </span>
    </p>
   </div>
   <div class='ocr_carea' id='block_1_11' title="bbox 498 973 2066 1048">
    <p class='ocr_par' dir='ltr' id='par_1_11' title="bbox 498 973 2066 1048">
     <span class='ocr_line' id='line_1_11' title="bbox 498 973 2066 1048; baseline 0.003 -21"><span class='ocrx_word' id='word_1_60' title='bbox 498 973 753 1035; x_wconf 84' lang='lat' dir='ltr'><strong>sumitur,</strong></span> <span class='ocrx_word' id='word_1_61' title='bbox 809 974 1204 1043; x_wconf 79' lang='lat' dir='ltr'><strong>honestumque</strong></span> <span class='ocrx_word' id='word_1_62' title='bbox 1232 976 1541 1032; x_wconf 83' lang='lat' dir='ltr'><strong>divinarum</strong></span> <span class='ocrx_word' id='word_1_63' title='bbox 1573 978 1858 1048; x_wconf 83' lang='lat' dir='ltr'><strong>epularum</strong></span> <span class='ocrx_word' id='word_1_64' title='bbox 1917 976 2066 1032; x_wconf 85' lang='lat' dir='ltr'><strong>desi-</strong></span> 
     </span>
    </p>
   </div>
   <div class='ocr_carea' id='block_1_12' title="bbox 499 1065 2068 1140">
    <p class='ocr_par' dir='ltr' id='par_1_12' title="bbox 499 1065 2068 1140">
     <span class='ocr_line' id='line_1_12' title="bbox 499 1065 2068 1140; baseline 0.007 -28"><span class='ocrx_word' id='word_1_65' title='bbox 499 1065 733 1128; x_wconf 87' lang='lat' dir='ltr'><strong>derium,</strong></span> <span class='ocrx_word' id='word_1_66' title='bbox 775 1081 896 1135; x_wconf 77' lang='lat' dir='ltr'><strong>qua:</strong></span> <span class='ocrx_word' id='word_1_67' title='bbox 941 1065 1240 1137; x_wconf 68' lang='lat' dir='ltr'><strong>degustatae</strong></span> <span class='ocrx_word' id='word_1_68' title='bbox 1282 1069 1486 1123; x_wconf 88' lang='lat' dir='ltr'><strong>nullam</strong></span> <span class='ocrx_word' id='word_1_69' title='bbox 1548 1084 1786 1140; x_wconf 83' lang='lat' dir='ltr'><strong>unquam</strong></span> <span class='ocrx_word' id='word_1_70' title='bbox 1835 1069 2068 1125; x_wconf 81' lang='lat' dir='ltr'><strong>aﬂ‘erunt</strong></span> 
     </span>
    </p>
   </div>
   <div class='ocr_carea' id='block_1_13' title="bbox 499 1157 2065 1231">
    <p class='ocr_par' dir='ltr' id='par_1_13' title="bbox 499 1157 2065 1231">
     <span class='ocr_line' id='line_1_13' title="bbox 499 1157 2065 1231; baseline 0.005 -23"><span class='ocrx_word' id='word_1_71' title='bbox 499 1157 825 1213; x_wconf 77' lang='lat' dir='ltr'><strong>satietatem.</strong></span> <span class='ocrx_word' id='word_1_72' title='bbox 864 1159 1230 1225; x_wconf 84' lang='lat' dir='ltr'><strong>Quamobrem</strong></span> <span class='ocrx_word' id='word_1_73' title='bbox 1262 1163 1354 1231; x_wconf 90' lang='lat' dir='ltr'><strong>qui</strong></span> <span class='ocrx_word' id='word_1_74' title='bbox 1388 1163 1535 1217; x_wconf 89' lang='lat' dir='ltr'><strong>novit</strong></span> <span class='ocrx_word' id='word_1_75' title='bbox 1574 1164 1742 1219; x_wconf 84' lang='lat' dir='ltr'><strong>totius</strong></span> <span class='ocrx_word' id='word_1_76' title='bbox 1776 1162 1928 1218; x_wconf 84' lang='lat' dir='ltr'><strong>orbis</strong></span> <span class='ocrx_word' id='word_1_77' title='bbox 1964 1178 2065 1216; x_wconf 88' lang='lat' dir='ltr'><strong>au-</strong></span> 
     </span>
    </p>
   </div>
   <div class='ocr_carea' id='block_1_14' title="bbox 499 1248 2066 1324">
    <p class='ocr_par' dir='ltr' id='par_1_14' title="bbox 499 1248 2066 1324">
     <span class='ocr_line' id='line_1_14' title="bbox 499 1248 2066 1324; baseline 0.006 -24"><span class='ocrx_word' id='word_1_78' title='bbox 499 1258 703 1300; x_wconf 82' lang='lat' dir='ltr'><strong>ctorem</strong></span> <span class='ocrx_word' id='word_1_79' title='bbox 734 1255 788 1302; x_wconf 90' lang='lat' dir='ltr'><strong>et</strong></span> <span class='ocrx_word' id='word_1_80' title='bbox 818 1248 1065 1318; x_wconf 76' lang='lat' dir='ltr'><strong>opificem</strong></span> <span class='ocrx_word' id='word_1_81' title='bbox 1097 1248 1263 1304; x_wconf 88' lang='lat' dir='ltr'><strong>Deum</strong></span> <span class='ocrx_word' id='word_1_82' title='bbox 1287 1260 1595 1321; x_wconf 79' lang='lat' dir='ltr'><strong>Opportuno</strong></span> <span class='ocrx_word' id='word_1_83' title='bbox 1608 1261 1848 1322; x_wconf 90' lang='lat' dir='ltr'><strong>tempore</strong></span> <span class='ocrx_word' id='word_1_84' title='bbox 1869 1267 2066 1324; x_wconf 84' lang='lat' dir='ltr'><strong>corpo-</strong></span> 
     </span>
    </p>
   </div>
   <div class='ocr_carea' id='block_1_15' title="bbox 500 1338 2070 1400">
    <p class='ocr_par' dir='ltr' id='par_1_15' title="bbox 500 1338 2070 1400">
     <span class='ocr_line' id='line_1_15' title="bbox 500 1338 2070 1400; baseline 0.006 -10"><span class='ocrx_word' id='word_1_85' title='bbox 500 1338 580 1392; x_wconf 91' lang='lat' dir='ltr'><strong>ris</strong></span> <span class='ocrx_word' id='word_1_86' title='bbox 613 1339 812 1393; x_wconf 88' lang='lat' dir='ltr'><strong>molem</strong></span> <span class='ocrx_word' id='word_1_87' title='bbox 843 1354 906 1395; x_wconf 85' lang='lat' dir='ltr'><strong>ac</strong></span> <span class='ocrx_word' id='word_1_88' title='bbox 927 1355 1164 1397; x_wconf 87' lang='lat' dir='ltr'><strong>massam</strong></span> <span class='ocrx_word' id='word_1_89' title='bbox 1202 1343 1254 1396; x_wconf 93' lang='lat' dir='ltr'><strong>in</strong></span> <span class='ocrx_word' id='word_1_90' title='bbox 1287 1357 1437 1396; x_wconf 89' lang='lat' dir='ltr'><strong>arma</strong></span> <span class='ocrx_word' id='word_1_91' title='bbox 1467 1343 1622 1398; x_wconf 77' lang='lat' dir='ltr'><strong>bona:</strong></span> <span class='ocrx_word' id='word_1_92' title='bbox 1660 1345 1924 1399; x_wconf 83' lang='lat' dir='ltr'><strong>voluntati</strong></span> <span class='ocrx_word' id='word_1_93' title='bbox 1957 1360 2070 1400; x_wconf 69' lang='lat' dir='ltr'><strong>suae</strong></span> 
     </span>
    </p>
   </div>
   <div class='ocr_carea' id='block_1_16' title="bbox 500 1430 2068 1504">
    <p class='ocr_par' dir='ltr' id='par_1_16' title="bbox 500 1430 2068 1504">
     <span class='ocr_line' id='line_1_16' title="bbox 500 1430 2068 1504; baseline 0.006 -24"><span class='ocrx_word' id='word_1_94' title='bbox 500 1435 652 1496; x_wconf 87' lang='lat' dir='ltr'><strong>grata</strong></span> <span class='ocrx_word' id='word_1_95' title='bbox 684 1438 1014 1499; x_wconf 88' lang='lat' dir='ltr'><strong>acceptaque</strong></span> <span class='ocrx_word' id='word_1_96' title='bbox 1040 1430 1427 1496; x_wconf 84' lang='lat' dir='ltr'><strong>conﬂaturum,</strong></span> <span class='ocrx_word' id='word_1_97' title='bbox 1469 1443 1522 1488; x_wconf 90' lang='lat' dir='ltr'><strong>et</strong></span> <span class='ocrx_word' id='word_1_98' title='bbox 1569 1434 1792 1489; x_wconf 90' lang='lat' dir='ltr'><strong>loricam</strong></span> <span class='ocrx_word' id='word_1_99' title='bbox 1818 1435 2068 1504; x_wconf 70' lang='lat' dir='ltr'><strong>justitize,</strong></span> 
     </span>
    </p>
   </div>
   <div class='ocr_carea' id='block_1_17' title="bbox 504 1517 2073 1597">
    <p class='ocr_par' dir='ltr' id='par_1_17' title="bbox 504 1517 2073 1597">
     <span class='ocr_line' id='line_1_17' title="bbox 504 1517 2073 1597; baseline 0.009 -30"><span class='ocrx_word' id='word_1_100' title='bbox 504 1524 563 1570; x_wconf 90' lang='lat' dir='ltr'><strong>ut</strong></span> <span class='ocrx_word' id='word_1_101' title='bbox 592 1517 770 1588; x_wconf 89' lang='lat' dir='ltr'><strong>inquit</strong></span> <span class='ocrx_word' id='word_1_102' title='bbox 795 1517 1094 1589; x_wconf 81' lang='lat' dir='ltr'><strong>Apostolus</strong></span> <span class='ocrx_word' id='word_1_103' title='bbox 1123 1522 1190 1585; x_wconf 84' lang='grc'><strong>¹⁰,</strong></span> <span class='ocrx_word' id='word_1_104' title='bbox 1219 1521 1569 1593; x_wconf 80' lang='lat' dir='ltr'><strong>gladiumque</strong></span> <span class='ocrx_word' id='word_1_105' title='bbox 1597 1524 1848 1594; x_wconf 88' lang='lat' dir='ltr'><strong>spiritus,</strong></span> <span class='ocrx_word' id='word_1_106' title='bbox 1884 1535 1938 1581; x_wconf 91' lang='lat' dir='ltr'><strong>et</strong></span> <span class='ocrx_word' id='word_1_107' title='bbox 1977 1542 2073 1597; x_wconf 86' lang='lat' dir='ltr'><strong>ga-</strong></span> 
     </span>
    </p>
   </div>
   <div class='ocr_carea' id='block_1_18' title="bbox 503 1609 2074 1686">
    <p class='ocr_par' dir='ltr' id='par_1_18' title="bbox 503 1609 2074 1686">
     <span class='ocr_line' id='line_1_18' title="bbox 503 1609 2074 1686; baseline 0.007 -25"><span class='ocrx_word' id='word_1_108' title='bbox 503 1609 643 1663; x_wconf 83' lang='lat' dir='ltr'><strong>leam</strong></span> <span class='ocrx_word' id='word_1_109' title='bbox 674 1611 814 1678; x_wconf 86' lang='lat' dir='ltr'><strong>spei,</strong></span> <span class='ocrx_word' id='word_1_110' title='bbox 848 1619 1010 1682; x_wconf 87' lang='lat' dir='ltr'><strong>atque</strong></span> <span class='ocrx_word' id='word_1_111' title='bbox 1053 1627 1268 1668; x_wconf 88' lang='lat' dir='ltr'><strong>omnem</strong></span> <span class='ocrx_word' id='word_1_112' title='bbox 1301 1615 1541 1668; x_wconf 83' lang='lat' dir='ltr'><strong>divinam</strong></span> <span class='ocrx_word' id='word_1_113' title='bbox 1577 1623 1912 1670; x_wconf 82' lang='lat' dir='ltr'><strong>armaturam</strong></span> <span class='ocrx_word' id='word_1_114' title='bbox 1954 1633 2074 1686; x_wconf 87' lang='lat' dir='ltr'><strong>per-</strong></span> 
     </span>
    </p>
   </div>
   <div class='ocr_carea' id='block_1_19' title="bbox 471 1696 2068 1778">
    <p class='ocr_par' dir='ltr' id='par_1_19' title="bbox 471 1696 2068 1778">
     <span class='ocr_line' id='line_1_19' title="bbox 471 1696 2068 1778; baseline 0.01 -30"><span class='ocrx_word' id='word_1_115' title='bbox 471 1723 474 1726; x_wconf 84' lang='lat'><strong><em>~</em></strong></span> <span class='ocrx_word' id='word_1_116' title='bbox 505 1696 797 1762; x_wconf 70' lang='lat' dir='ltr'><strong>lecturum,</strong></span> <span class='ocrx_word' id='word_1_117' title='bbox 831 1701 1008 1771; x_wconf 80' lang='lat' dir='ltr'><strong>diligit</strong></span> <span class='ocrx_word' id='word_1_118' title='bbox 1046 1717 1248 1772; x_wconf 86' lang='lat' dir='ltr'><strong>corpus</strong></span> <span class='ocrx_word' id='word_1_119' title='bbox 1283 1718 1443 1758; x_wconf 90' lang='lat' dir='ltr'><strong>suum</strong></span> <span class='ocrx_word' id='word_1_120' title='bbox 1472 1720 1537 1760; x_wconf 82' lang='lat' dir='ltr'><strong>ex</strong></span> <span class='ocrx_word' id='word_1_121' title='bbox 1572 1708 1892 1777; x_wconf 59' lang='lat' dir='ltr'><strong>praescripto</strong></span> <span class='ocrx_word' id='word_1_122' title='bbox 1913 1709 2068 1778; x_wconf 83' lang='lat' dir='ltr'><strong>legis,</strong></span> 
     </span>
    </p>
   </div>
   <div class='ocr_carea' id='block_1_20' title="bbox 2163 517 3743 591">
    <p class='ocr_par' dir='ltr' id='par_1_20' title="bbox 2163 517 3743 591">
     <span class='ocr_line' id='line_1_20' title="bbox 2163 517 3743 591; baseline -0.001 -19"><span class='ocrx_word' id='word_1_123' title='bbox 2163 519 2360 590; x_wconf 86' lang='grc' dir='ltr'>ὁρμάς,</span> <span class='ocrx_word' id='word_1_124' title='bbox 2393 517 2528 572; x_wconf 86' lang='grc' dir='ltr'><strong>ἀλλά</strong></span> <span class='ocrx_word' id='word_1_125' title='bbox 2561 520 2696 591; x_wconf 87' lang='grc' dir='ltr'>πρὸς</span> <span class='ocrx_word' id='word_1_126' title='bbox 2735 519 2832 588; x_wconf 79' lang='grc' dir='ltr'>τὴν</span> <span class='ocrx_word' id='word_1_127' title='bbox 2865 520 3027 574; x_wconf 81' lang='grc' dir='ltr'>ἀῦλον</span> <span class='ocrx_word' id='word_1_128' title='bbox 3061 519 3170 572; x_wconf 81' lang='grc' dir='ltr'><strong>τῶν</strong></span> <span class='ocrx_word' id='word_1_129' title='bbox 3204 518 3424 588; x_wconf 85' lang='grc' dir='ltr'>ἀγαθῶν</span> <span class='ocrx_word' id='word_1_130' title='bbox 3454 517 3743 590; x_wconf 77' lang='grc' dir='ltr'><strong>μετουσίαν</strong></span> 
     </span>
    </p>
   </div>
   <div class='ocr_carea' id='block_1_21' title="bbox 2168 607 3736 682">
    <p class='ocr_par' dir='ltr' id='par_1_21' title="bbox 2168 607 3736 682">
     <span class='ocr_line' id='line_1_21' title="bbox 2168 607 3736 682; baseline -0.001 -18"><span class='ocrx_word' id='word_1_131' title='bbox 2168 611 2603 680; x_wconf 85' lang='grc' dir='ltr'>μεταποιήσασα.</span> <span class='ocrx_word' id='word_1_132' title='bbox 2653 612 2800 664; x_wconf 83' lang='grc' dir='ltr'>Ἐκεῖ</span> <span class='ocrx_word' id='word_1_133' title='bbox 2842 611 2951 680; x_wconf 86' lang='grc' dir='ltr'>γὰρ</span> <span class='ocrx_word' id='word_1_134' title='bbox 2979 613 3008 665; x_wconf 87' lang='grc' dir='ltr'><strong>ό</strong></span> <span class='ocrx_word' id='word_1_135' title='bbox 3035 611 3175 682; x_wconf 78' lang='grc' dir='ltr'>ἔρως</span> <span class='ocrx_word' id='word_1_136' title='bbox 3199 607 3294 662; x_wconf 87' lang='grc' dir='ltr'><strong>τοῦ</strong></span> <span class='ocrx_word' id='word_1_137' title='bbox 3332 607 3584 678; x_wconf 80' lang='grc' dir='ltr'><strong>ἀληθινοῦ</strong></span> <span class='ocrx_word' id='word_1_138' title='bbox 3614 608 3736 662; x_wconf 62' lang='grc' dir='ltr'>κάλ’</span> 
     </span>
    </p>
   </div>
   <div class='ocr_carea' id='block_1_22' title="bbox 2164 697 3743 773">
    <p class='ocr_par' dir='ltr' id='par_1_22' title="bbox 2164 697 3743 773">
     <span class='ocr_line' id='line_1_22' title="bbox 2164 697 3743 773; baseline -0.003 -20"><span class='ocrx_word' id='word_1_139' title='bbox 2164 701 2309 766; x_wconf 83' lang='grc' dir='ltr'>λους,</span> <span class='ocrx_word' id='word_1_140' title='bbox 2342 703 2372 755; x_wconf 81' lang='grc' dir='ltr'><strong>ό</strong></span> <span class='ocrx_word' id='word_1_141' title='bbox 2411 703 2721 766; x_wconf 83' lang='grc' dir='ltr'>ἄπαυστος’</span> <span class='ocrx_word' id='word_1_142' title='bbox 2770 703 2888 755; x_wconf 84' lang='grc' dir='ltr'>ἐκεῖ</span> <span class='ocrx_word' id='word_1_143' title='bbox 2924 704 2958 773; x_wconf 80' lang='grc' dir='ltr'>ἡ</span> <span class='ocrx_word' id='word_1_144' title='bbox 3001 700 3257 770; x_wconf 83' lang='grc' dir='ltr'>ἐπαινετὴ</span> <span class='ocrx_word' id='word_1_145' title='bbox 3276 699 3383 752; x_wconf 84' lang='grc' dir='ltr'><strong>τῶν</strong></span> <span class='ocrx_word' id='word_1_146' title='bbox 3408 699 3509 767; x_wconf 86' lang='grc' dir='ltr'><strong>τῆς</strong></span> <span class='ocrx_word' id='word_1_147' title='bbox 3551 697 3743 766; x_wconf 80' lang='grc' dir='ltr'>σοφίας</span> 
     </span>
    </p>
   </div>
   <div class='ocr_carea' id='block_1_23' title="bbox 2165 787 3742 862">
    <p class='ocr_par' dir='ltr' id='par_1_23' title="bbox 2165 787 3742 862">
     <span class='ocr_line' id='line_1_23' title="bbox 2165 787 3742 862; baseline -0.002 -18"><span class='ocrx_word' id='word_1_148' title='bbox 2165 791 2452 862; x_wconf 79' lang='grc' dir='ltr'><strong>θησαυρῶν</strong></span> <span class='ocrx_word' id='word_1_149' title='bbox 2486 791 2784 857; x_wconf 80' lang='grc' dir='ltr'><strong>πλεονεξία,</strong></span> <span class='ocrx_word' id='word_1_150' title='bbox 2809 793 2904 845; x_wconf 77' lang='grc' dir='ltr'>καὶ</span> <span class='ocrx_word' id='word_1_151' title='bbox 2926 794 2959 862; x_wconf 82' lang='grc' dir='ltr'>ἡ</span> <span class='ocrx_word' id='word_1_152' title='bbox 2992 791 3128 861; x_wconf 82' lang='grc' dir='ltr'>καλή</span> <span class='ocrx_word' id='word_1_153' title='bbox 3157 790 3326 843; x_wconf 71' lang='grc' dir='ltr'>τεκαὶ</span> <span class='ocrx_word' id='word_1_154' title='bbox 3344 787 3522 858; x_wconf 82' lang='grc' dir='ltr'>ἀγαθὴ</span> <span class='ocrx_word' id='word_1_155' title='bbox 3537 787 3742 856; x_wconf 69' lang='grc' dir='ltr'>φιλοδο-</span> 
     </span>
    </p>
   </div>
   <div class='ocr_carea' id='block_1_24' title="bbox 2166 879 3742 954">
    <p class='ocr_par' dir='ltr' id='par_1_24' title="bbox 2166 879 3742 954">
     <span class='ocr_line' id='line_1_24' title="bbox 2166 879 3742 954; baseline -0.003 -20"><span class='ocrx_word' id='word_1_156' title='bbox 2166 882 2254 948; x_wconf 78' lang='grc' dir='ltr'>ξία</span> <span class='ocrx_word' id='word_1_157' title='bbox 2283 883 2317 954; x_wconf 81' lang='grc' dir='ltr'><strong>ἡ</strong></span> <span class='ocrx_word' id='word_1_158' title='bbox 2350 884 2416 952; x_wconf 82' lang='grc' dir='ltr'>τῇ</span> <span class='ocrx_word' id='word_1_159' title='bbox 2450 880 2705 952; x_wconf 76' lang='grc' dir='ltr'>κοινωνίᾳ</span> <span class='ocrx_word' id='word_1_160' title='bbox 2727 885 2826 951; x_wconf 88' lang='grc' dir='ltr'><strong>τῆς</strong></span> <span class='ocrx_word' id='word_1_161' title='bbox 2849 881 2946 934; x_wconf 85' lang='grc' dir='ltr'><strong>τοῦ</strong></span> <span class='ocrx_word' id='word_1_162' title='bbox 2973 881 3107 934; x_wconf 86' lang='grc' dir='ltr'>Θεοῦ</span> <span class='ocrx_word' id='word_1_163' title='bbox 3139 879 3414 950; x_wconf 80' lang='grc' dir='ltr'>βασιλείας</span> <span class='ocrx_word' id='word_1_164' title='bbox 3444 879 3742 949; x_wconf 81' lang='grc' dir='ltr'>κατορθου-</span> 
     </span>
    </p>
   </div>
   <div class='ocr_carea' id='block_1_25' title="bbox 2169 969 3744 1043">
    <p class='ocr_par' dir='ltr' id='par_1_25' title="bbox 2169 969 3744 1043">
     <span class='ocr_line' id='line_1_25' title="bbox 2169 969 3744 1043; baseline -0.001 -19"><span class='ocrx_word' id='word_1_165' title='bbox 2169 972 2326 1043; x_wconf 82' lang='grc' dir='ltr'>μένη,</span> <span class='ocrx_word' id='word_1_166' title='bbox 2365 972 2544 1026; x_wconf 79' lang='grc' dir='ltr'>καὶτὸ</span> <span class='ocrx_word' id='word_1_167' title='bbox 2573 971 2736 1026; x_wconf 75' lang='grc' dir='ltr'>καλὸν</span> <span class='ocrx_word' id='word_1_168' title='bbox 2764 972 2935 1036; x_wconf 81' lang='grc' dir='ltr'><strong>πάθος</strong></span> <span class='ocrx_word' id='word_1_169' title='bbox 2979 972 3078 1042; x_wconf 83' lang='grc' dir='ltr'><strong>τῆς</strong></span> <span class='ocrx_word' id='word_1_170' title='bbox 3117 971 3441 1036; x_wconf 80' lang='grc' dir='ltr'><strong>ἀπληστίας,</strong></span> <span class='ocrx_word' id='word_1_171' title='bbox 3489 969 3744 1023; x_wconf 71' lang='grc' dir='ltr'>οὐδέποτε</span> 
     </span>
    </p>
   </div>
   <div class='ocr_carea' id='block_1_26' title="bbox 2168 1061 3745 1136">
    <p class='ocr_par' dir='ltr' id='par_1_26' title="bbox 2168 1061 3745 1136">
     <span class='ocr_line' id='line_1_26' title="bbox 2168 1061 3745 1136; baseline -0.003 -18"><span class='ocrx_word' id='word_1_172' title='bbox 2168 1066 2314 1135; x_wconf 82' lang='grc' dir='ltr'>κόρῳ</span> <span class='ocrx_word' id='word_1_173' title='bbox 2339 1064 2447 1118; x_wconf 84' lang='grc' dir='ltr'>τῶν</span> <span class='ocrx_word' id='word_1_174' title='bbox 2470 1063 2880 1136; x_wconf 80' lang='grc' dir='ltr'>ὑπερκειμένων</span> <span class='ocrx_word' id='word_1_175' title='bbox 2915 1062 3049 1130; x_wconf 81' lang='grc' dir='ltr'>πρὸς</span> <span class='ocrx_word' id='word_1_176' title='bbox 3079 1063 3169 1115; x_wconf 79' lang='grc' dir='ltr'>τὸν</span> <span class='ocrx_word' id='word_1_177' title='bbox 3210 1061 3414 1130; x_wconf 83' lang='grc' dir='ltr'>ἀγαθὸν</span> <span class='ocrx_word' id='word_1_178' title='bbox 3440 1061 3604 1115; x_wconf 83' lang='grc' dir='ltr'>πόθον</span> <span class='ocrx_word' id='word_1_179' title='bbox 3625 1062 3745 1114; x_wconf 67' lang='grc' dir='ltr'>ἐπι-υ</span> 
     </span>
    </p>
   </div>
   <div class='ocr_carea' id='block_1_27' title="bbox 2168 1153 3746 1226">
    <p class='ocr_par' dir='ltr' id='par_1_27' title="bbox 2168 1153 3746 1226">
     <span class='ocr_line' id='line_1_27' title="bbox 2168 1153 3746 1226; baseline -0.004 -16"><span class='ocrx_word' id='word_1_180' title='bbox 2168 1156 2516 1225; x_wconf 86' lang='grc' dir='ltr'>κοπτόμενον.</span> <span class='ocrx_word' id='word_1_181' title='bbox 2533 1155 2738 1210; x_wconf 80' lang='grc' dir='ltr'>Οὐκοῦν</span> <span class='ocrx_word' id='word_1_182' title='bbox 2756 1153 2964 1226; x_wconf 88' lang='grc' dir='ltr'>μαθὼν,</span> <span class='ocrx_word' id='word_1_183' title='bbox 2988 1154 3068 1207; x_wconf 83' lang='grc' dir='ltr'>ὅτι</span> <span class='ocrx_word' id='word_1_184' title='bbox 3095 1155 3204 1215; x_wconf 79' lang='grc' dir='ltr'>τοῖς</span> <span class='ocrx_word' id='word_1_185' title='bbox 3221 1153 3519 1222; x_wconf 80' lang='grc' dir='ltr'>καθήκουσι</span> <span class='ocrx_word' id='word_1_186' title='bbox 3535 1153 3746 1223; x_wconf 85' lang='grc' dir='ltr'>χρόνοις</span> 
     </span>
    </p>
   </div>
   <div class='ocr_carea' id='block_1_28' title="bbox 2168 1243 3747 1317">
    <p class='ocr_par' dir='ltr' id='par_1_28' title="bbox 2168 1243 3747 1317">
     <span class='ocr_line' id='line_1_28' title="bbox 2168 1243 3747 1317; baseline -0.003 -17"><span class='ocrx_word' id='word_1_187' title='bbox 2168 1250 2198 1300; x_wconf 86' lang='grc' dir='ltr'>ὁ</span> <span class='ocrx_word' id='word_1_188' title='bbox 2236 1247 2331 1300; x_wconf 85' lang='grc' dir='ltr'><strong>τοῦ</strong></span> <span class='ocrx_word' id='word_1_189' title='bbox 2373 1246 2572 1310; x_wconf 83' lang='grc' dir='ltr'>παντὸς</span> <span class='ocrx_word' id='word_1_190' title='bbox 2613 1246 2863 1317; x_wconf 77' lang='grc' dir='ltr'><strong>τεχνίτης</strong></span> <span class='ocrx_word' id='word_1_191' title='bbox 2905 1245 3004 1315; x_wconf 73' lang='grc' dir='ltr'>τὴν</span> <span class='ocrx_word' id='word_1_192' title='bbox 3053 1244 3149 1298; x_wconf 86' lang='grc' dir='ltr'><strong>τοῦ</strong></span> <span class='ocrx_word' id='word_1_193' title='bbox 3189 1243 3439 1314; x_wconf 87' lang='grc' dir='ltr'>σώματος</span> <span class='ocrx_word' id='word_1_194' title='bbox 3471 1243 3640 1313; x_wconf 82' lang='grc' dir='ltr'>βῶλον</span> <span class='ocrx_word' id='word_1_195' title='bbox 3667 1244 3747 1306; x_wconf 76' lang='grc' dir='ltr'><strong>εἰς</strong></span> 
     </span>
    </p>
   </div>
   <div class='ocr_carea' id='block_1_29' title="bbox 2169 1333 3746 1408">
    <p class='ocr_par' dir='ltr' id='par_1_29' title="bbox 2169 1333 3746 1408">
     <span class='ocr_line' id='line_1_29' title="bbox 2169 1333 3746 1408; baseline -0.003 -18"><span class='ocrx_word' id='word_1_196' title='bbox 2169 1338 2330 1392; x_wconf 81' lang='grc' dir='ltr'>ὅπλον</span> <span class='ocrx_word' id='word_1_197' title='bbox 2347 1338 2657 1408; x_wconf 84' lang='grc' dir='ltr'>εὐδοκιμίας</span> <span class='ocrx_word' id='word_1_198' title='bbox 2675 1335 3123 1408; x_wconf 78' lang='grc' dir='ltr'>μεταχαλκεύσει,</span> <span class='ocrx_word' id='word_1_199' title='bbox 3135 1334 3364 1406; x_wconf 82' lang='grc' dir='ltr'>θώρακα</span> <span class='ocrx_word' id='word_1_200' title='bbox 3379 1333 3746 1402; x_wconf 81' lang='grc' dir='ltr'>δικαιοσύνης,</span> 
     </span>
    </p>
   </div>
   <div class='ocr_carea' id='block_1_30' title="bbox 2171 1423 3747 1502">
    <p class='ocr_par' dir='ltr' id='par_1_30' title="bbox 2171 1423 3747 1502">
     <span class='ocr_line' id='line_1_30' title="bbox 2171 1423 3747 1502; baseline -0.003 -19"><span class='ocrx_word' id='word_1_201' title='bbox 2171 1429 2351 1493; x_wconf 82' lang='grc' dir='ltr'>καθώς</span> <span class='ocrx_word' id='word_1_202' title='bbox 2375 1447 2538 1502; x_wconf 86' lang='grc' dir='ltr'>φησιν</span> <span class='ocrx_word' id='word_1_203' title='bbox 2567 1433 2596 1484; x_wconf 86' lang='grc' dir='ltr'>ὁ</span> <span class='ocrx_word' id='word_1_204' title='bbox 2622 1429 2965 1495; x_wconf 86' lang='grc' dir='ltr'>Ἀπόστολος,</span> <span class='ocrx_word' id='word_1_205' title='bbox 2993 1427 3087 1482; x_wconf 78' lang='grc' dir='ltr'>καὶ</span> <span class='ocrx_word' id='word_1_206' title='bbox 3119 1427 3390 1498; x_wconf 85' lang='grc' dir='ltr'>μάχαιραν</span> <span class='ocrx_word' id='word_1_207' title='bbox 3416 1423 3747 1496; x_wconf 84' lang='grc' dir='ltr'>πνεύματος,</span> 
     </span>
    </p>
   </div>
   <div class='ocr_carea' id='block_1_31' title="bbox 2172 1517 3750 1594">
    <p class='ocr_par' dir='ltr' id='par_1_31' title="bbox 2172 1517 3750 1594">
     <span class='ocr_line' id='line_1_31' title="bbox 2172 1517 3750 1594; baseline -0.003 -18"><span class='ocrx_word' id='word_1_208' title='bbox 2172 1523 2264 1576; x_wconf 79' lang='grc' dir='ltr'>καὶ</span> <span class='ocrx_word' id='word_1_209' title='bbox 2299 1523 2726 1594; x_wconf 87' lang='grc' dir='ltr'>περικεφαλαίαν</span> <span class='ocrx_word' id='word_1_210' title='bbox 2759 1521 2992 1588; x_wconf 82' lang='grc' dir='ltr'>ἐλπίδος,</span> <span class='ocrx_word' id='word_1_211' title='bbox 3033 1521 3130 1574; x_wconf 71' lang='grc' dir='ltr'>καὶ</span> <span class='ocrx_word' id='word_1_212' title='bbox 3168 1520 3346 1573; x_wconf 80' lang='grc' dir='ltr'>πᾶσαν</span> <span class='ocrx_word' id='word_1_213' title='bbox 3373 1517 3478 1589; x_wconf 79' lang='grc' dir='ltr'>τὴν</span> <span class='ocrx_word' id='word_1_214' title='bbox 3496 1517 3590 1572; x_wconf 86' lang='grc' dir='ltr'><strong>τοῦ</strong></span> <span class='ocrx_word' id='word_1_215' title='bbox 3613 1517 3750 1572; x_wconf 87' lang='grc' dir='ltr'>Θεοῦ</span> 
     </span>
    </p>
   </div>
   <div class='ocr_carea' id='block_1_32' title="bbox 2174 1609 3748 1686">
    <p class='ocr_par' dir='ltr' id='par_1_32' title="bbox 2174 1609 3748 1686">
     <span class='ocr_line' id='line_1_32' title="bbox 2174 1609 3748 1686; baseline -0.002 -20"><span class='ocrx_word' id='word_1_216' title='bbox 2174 1614 2470 1667; x_wconf 86' lang='grc' dir='ltr'>πανοπλίαν</span> <span class='ocrx_word' id='word_1_217' title='bbox 2531 1613 3031 1686; x_wconf 80' lang='grc' dir='ltr'>κατεργασάμενος,</span> <span class='ocrx_word' id='word_1_218' title='bbox 3088 1611 3278 1681; x_wconf 83' lang='grc' dir='ltr'>ἀγαπᾷ</span> <span class='ocrx_word' id='word_1_219' title='bbox 3327 1610 3388 1663; x_wconf 79' lang='grc' dir='ltr'>τὸ</span> <span class='ocrx_word' id='word_1_220' title='bbox 3420 1609 3550 1664; x_wconf 85' lang='grc' dir='ltr'>ῐδιον</span> <span class='ocrx_word' id='word_1_221' title='bbox 3591 1609 3748 1680; x_wconf 87' lang='grc' dir='ltr'>σῶμα</span> 
     </span>
    </p>
   </div>
   <div class='ocr_carea' id='block_1_33' title="bbox 2174 1701 3747 1774">
    <p class='ocr_par' dir='ltr' id='par_1_33' title="bbox 2174 1701 3747 1774">
     <span class='ocr_line' id='line_1_33' title="bbox 2174 1701 3747 1774; baseline -0.003 -16"><span class='ocrx_word' id='word_1_222' title='bbox 2174 1705 2312 1758; x_wconf 86' lang='grc' dir='ltr'>κατὰ</span> <span class='ocrx_word' id='word_1_223' title='bbox 2327 1703 2416 1758; x_wconf 78' lang='grc' dir='ltr'>τὸν</span> <span class='ocrx_word' id='word_1_224' title='bbox 2440 1704 2532 1758; x_wconf 91' lang='grc' dir='ltr'><strong>τοῦ</strong></span> <span class='ocrx_word' id='word_1_225' title='bbox 2569 1705 2889 1758; x_wconf 79' lang='grc' dir='ltr'>Ἀποστὸλου</span> <span class='ocrx_word' id='word_1_226' title='bbox 2913 1703 3097 1774; x_wconf 82' lang='grc' dir='ltr'>νόμον,</span> <span class='ocrx_word' id='word_1_227' title='bbox 3123 1703 3181 1766; x_wconf 85' lang='grc' dir='ltr'>ὃς</span> <span class='ocrx_word' id='word_1_228' title='bbox 3202 1719 3385 1773; x_wconf 86' lang='grc' dir='ltr'>φησιν,</span> <span class='ocrx_word' id='word_1_229' title='bbox 3425 1702 3506 1756; x_wconf 81' lang='grc' dir='ltr'>ὅτι</span> <span class='ocrx_word' id='word_1_230' title='bbox 3543 1701 3747 1767; x_wconf 73' lang='grc' dir='ltr'>Οὐδείς</span> 
     </span>
    </p>
   </div>
   <div class='ocr_carea' id='block_1_34' title="bbox 505 1771 2097 1866">
    <p class='ocr_par' dir='ltr' id='par_1_34' title="bbox 505 1771 2072 1866">
     <span class='ocr_line' id='line_1_34' title="bbox 505 1771 2072 1866; baseline 0.01 -29"><span class='ocrx_word' id='word_1_231' title='bbox 505 1801 669 1855; x_wconf 81' lang='lat' dir='ltr'><strong>quam</strong></span> <span class='ocrx_word' id='word_1_232' title='bbox 715 1788 842 1842; x_wconf 92' lang='lat' dir='ltr'><strong>tulit</strong></span> <span class='ocrx_word' id='word_1_233' title='bbox 892 1771 1207 1858; x_wconf 73' lang='lat' dir='ltr'><strong>Apostolus,</strong></span> <span class='ocrx_word' id='word_1_234' title='bbox 1251 1808 1428 1857; x_wconf 84' lang='lat' dir='ltr'><strong>nemo,</strong></span> <span class='ocrx_word' id='word_1_235' title='bbox 1479 1771 1759 1864; x_wconf 74' lang='lat' dir='ltr'><strong>inquiens,</strong></span> <span class='ocrx_word' id='word_1_236' title='bbox 1798 1771 2072 1866; x_wconf 57' lang='lat' dir='ltr'><strong>proprium</strong></span> 
     </span>
    </p>
   </div>
   <div class='ocr_carea' id='block_1_35' title="bbox 2181 1771 3734 1866">
    <p class='ocr_par' dir='ltr' id='par_1_35' title="bbox 2181 1771 3734 1866">
     <span class='ocr_line' id='line_1_35' title="bbox 2181 1771 3734 1866; baseline -0.003 -16"><span class='ocrx_word' id='word_1_237' title='bbox 2181 1797 2240 1852; x_wconf 85' lang='grc' dir='ltr'>τὸ</span> <span class='ocrx_word' id='word_1_238' title='bbox 2269 1797 2485 1851; x_wconf 82' lang='grc' dir='ltr'>ἑαυτοῦ</span> <span class='ocrx_word' id='word_1_239' title='bbox 2509 1795 2680 1866; x_wconf 81' lang='grc' dir='ltr'>σῶμα</span> <span class='ocrx_word' id='word_1_240' title='bbox 2701 1771 3014 1866; x_wconf 79' lang='grc' dir='ltr'>ἐμίσησεν.</span> <span class='ocrx_word' id='word_1_241' title='bbox 3032 1795 3107 1850; x_wconf 83' lang='grc' dir='ltr'>Τὸ</span> <span class='ocrx_word' id='word_1_242' title='bbox 3129 1771 3288 1865; x_wconf 84' lang='grc' dir='ltr'>σῶμα</span> <span class='ocrx_word' id='word_1_243' title='bbox 3315 1794 3374 1848; x_wconf 82' lang='grc' dir='ltr'>δὲ</span> <span class='ocrx_word' id='word_1_244' title='bbox 3402 1793 3464 1848; x_wconf 80' lang='grc' dir='ltr'>τὸ</span> <span class='ocrx_word' id='word_1_245' title='bbox 3486 1794 3734 1865; x_wconf 87' lang='grc' dir='ltr'>κεκαθαρ</span> 
     </span>
    </p>
   </div>
   <div class='ocr_carea' id='block_1_36' title="bbox 506 1879 2075 1960">
    <p class='ocr_par' dir='ltr' id='par_1_36' title="bbox 506 1879 2075 1960">
     <span class='ocr_line' id='line_1_36' title="bbox 506 1879 2075 1960; baseline 0.01 -30"><span class='ocrx_word' id='word_1_246' title='bbox 506 1893 695 1946; x_wconf 80' lang='lat' dir='ltr'><strong>corpus</strong></span> <span class='ocrx_word' id='word_1_247' title='bbox 724 1879 834 1934; x_wconf 81' lang='lat' dir='ltr'><strong>odit</strong></span> <span class='ocrx_word' id='word_1_248' title='bbox 871 1881 936 1934; x_wconf 87' lang='grc'><strong>¹¹.</strong></span> <span class='ocrx_word' id='word_1_249' title='bbox 985 1880 1186 1938; x_wconf 85' lang='lat' dir='ltr'><strong>Purum</strong></span> <span class='ocrx_word' id='word_1_250' title='bbox 1224 1882 1390 1953; x_wconf 89' lang='lat' dir='ltr'><strong>igitur</strong></span> <span class='ocrx_word' id='word_1_251' title='bbox 1425 1900 1490 1940; x_wconf 91' lang='lat' dir='ltr'><strong>ac</strong></span> <span class='ocrx_word' id='word_1_252' title='bbox 1549 1886 1812 1942; x_wconf 86' lang='lat' dir='ltr'><strong>mundum</strong></span> <span class='ocrx_word' id='word_1_253' title='bbox 1870 1903 2075 1960; x_wconf 83' lang='lat' dir='ltr'><strong>corpus</strong></span> 
     </span>
    </p>
   </div>
   <div class='ocr_carea' id='block_1_37' title="bbox 505 1970 2073 2048">
    <p class='ocr_par' dir='ltr' id='par_1_37' title="bbox 505 1970 2073 2048">
     <span class='ocr_line' id='line_1_37' title="bbox 505 1970 2073 2048; baseline 0.007 -27"><span class='ocrx_word' id='word_1_254' title='bbox 505 1976 721 2038; x_wconf 88' lang='lat' dir='ltr'><strong>oportet</strong></span> <span class='ocrx_word' id='word_1_255' title='bbox 747 1970 992 2042; x_wconf 81' lang='lat' dir='ltr'><strong>diligere,</strong></span> <span class='ocrx_word' id='word_1_256' title='bbox 1023 1987 1130 2027; x_wconf 91' lang='lat' dir='ltr'><strong>non</strong></span> <span class='ocrx_word' id='word_1_257' title='bbox 1155 1982 1333 2030; x_wconf 88' lang='lat' dir='ltr'><strong>autem</strong></span> <span class='ocrx_word' id='word_1_258' title='bbox 1365 1976 1642 2032; x_wconf 85' lang='lat' dir='ltr'><strong>sordidam</strong></span> <span class='ocrx_word' id='word_1_259' title='bbox 1667 1978 1785 2048; x_wconf 82' lang='lat' dir='ltr'><strong>ejus</strong></span> <span class='ocrx_word' id='word_1_260' title='bbox 1813 1980 2073 2045; x_wconf 81' lang='lat' dir='ltr'><strong>scoriam,</strong></span> 
     </span>
    </p>
   </div>
   <div class='ocr_carea' id='block_1_38' title="bbox 507 2062 2074 2139">
    <p class='ocr_par' dir='ltr' id='par_1_38' title="bbox 507 2062 2074 2139">
     <span class='ocr_line' id='line_1_38' title="bbox 507 2062 2074 2139; baseline 0.008 -26"><span class='ocrx_word' id='word_1_261' title='bbox 507 2075 629 2128; x_wconf 70' lang='lat' dir='ltr'><strong>quae</strong></span> <span class='ocrx_word' id='word_1_262' title='bbox 658 2062 980 2130; x_wconf 87' lang='lat' dir='ltr'><strong>repudiatur</strong></span> <span class='ocrx_word' id='word_1_263' title='bbox 1005 2071 1060 2118; x_wconf 88' lang='lat' dir='ltr'><strong>et</strong></span> <span class='ocrx_word' id='word_1_264' title='bbox 1091 2063 1365 2133; x_wconf 87' lang='lat' dir='ltr'><strong>abjicitur.</strong></span> <span class='ocrx_word' id='word_1_265' title='bbox 1401 2064 1598 2121; x_wconf 87' lang='lat' dir='ltr'><strong>Verum</strong></span> <span class='ocrx_word' id='word_1_266' title='bbox 1635 2076 1720 2124; x_wconf 90' lang='lat' dir='ltr'><strong>est</strong></span> <span class='ocrx_word' id='word_1_267' title='bbox 1742 2069 2074 2139; x_wconf 91' lang='lat' dir='ltr'><strong>enim,quod</strong></span> 
     </span>
    </p>
   </div>
   <div class='ocr_carea' id='block_1_39' title="bbox 509 2150 2077 2225">
    <p class='ocr_par' dir='ltr' id='par_1_39' title="bbox 509 2150 2077 2225">
     <span class='ocr_line' id='line_1_39' title="bbox 509 2150 2077 2225; baseline 0.008 -25"><span class='ocrx_word' id='word_1_268' title='bbox 509 2150 754 2206; x_wconf 84' lang='lat' dir='ltr'><strong>continet</strong></span> <span class='ocrx_word' id='word_1_269' title='bbox 779 2151 962 2206; x_wconf 82' lang='lat' dir='ltr'><strong>divina</strong></span> <span class='ocrx_word' id='word_1_270' title='bbox 997 2153 1280 2225; x_wconf 85' lang='lat' dir='ltr'><strong>Scriptura</strong></span> <span class='ocrx_word' id='word_1_271' title='bbox 1310 2157 1377 2221; x_wconf 69' lang='grc' dir='ltr'><strong>ε’,</strong></span> <span class='ocrx_word' id='word_1_272' title='bbox 1408 2172 1529 2222; x_wconf 91' lang='lat' dir='ltr'><strong>nos,</strong></span> <span class='ocrx_word' id='word_1_273' title='bbox 1565 2159 1610 2213; x_wconf 91' lang='lat' dir='ltr'><strong>si</strong></span> <span class='ocrx_word' id='word_1_274' title='bbox 1647 2160 1928 2215; x_wconf 89' lang='lat' dir='ltr'><strong>terrestris</strong></span> <span class='ocrx_word' id='word_1_275' title='bbox 1973 2159 2077 2214; x_wconf 88' lang='lat' dir='ltr'><strong>do-</strong></span> 
     </span>
    </p>
   </div>
   <div class='ocr_carea' id='block_1_40' title="bbox 509 2243 2076 2314">
    <p class='ocr_par' dir='ltr' id='par_1_40' title="bbox 509 2243 2076 2314">
     <span class='ocr_line' id='line_1_40' title="bbox 509 2243 2076 2314; baseline 0.01 -24"><span class='ocrx_word' id='word_1_276' title='bbox 509 2255 633 2294; x_wconf 90' lang='lat' dir='ltr'><strong>mus</strong></span> <span class='ocrx_word' id='word_1_277' title='bbox 691 2253 877 2296; x_wconf 88' lang='lat' dir='ltr'><strong>nostra</strong></span> <span class='ocrx_word' id='word_1_278' title='bbox 940 2243 1102 2314; x_wconf 87' lang='lat' dir='ltr'><strong>hujus</strong></span> <span class='ocrx_word' id='word_1_279' title='bbox 1150 2245 1490 2300; x_wconf 85' lang='lat' dir='ltr'><strong>tabernaculi</strong></span> <span class='ocrx_word' id='word_1_280' title='bbox 1545 2248 1884 2314; x_wconf 84' lang='lat' dir='ltr'><strong>destruatur,</strong></span> <span class='ocrx_word' id='word_1_281' title='bbox 1943 2259 2076 2305; x_wconf 89' lang='lat' dir='ltr'><strong>tunc</strong></span> 
     </span>
    </p>
   </div>
   <div class='ocr_carea' id='block_1_41' title="bbox 509 2330 2080 2407">
    <p class='ocr_par' dir='ltr' id='par_1_41' title="bbox 509 2330 2080 2407">
     <span class='ocr_line' id='line_1_41' title="bbox 509 2330 2080 2407; baseline 0.007 -25"><span class='ocrx_word' id='word_1_282' title='bbox 509 2330 684 2398; x_wconf 86' lang='lat' dir='ltr'><strong>ipsam</strong></span> <span class='ocrx_word' id='word_1_283' title='bbox 717 2333 1034 2390; x_wconf 86' lang='lat' dir='ltr'><strong>inventuros</strong></span> <span class='ocrx_word' id='word_1_284' title='bbox 1067 2335 1482 2395; x_wconf 77' lang='lat' dir='ltr'><strong>aediﬁcationem</strong></span> <span class='ocrx_word' id='word_1_285' title='bbox 1517 2353 1548 2393; x_wconf 89' lang='lat' dir='ltr'><strong>a</strong></span> <span class='ocrx_word' id='word_1_286' title='bbox 1583 2338 1694 2394; x_wconf 89' lang='lat' dir='ltr'><strong>Deo</strong></span> <span class='ocrx_word' id='word_1_287' title='bbox 1724 2339 1946 2407; x_wconf 82' lang='lat' dir='ltr'><strong>factam,</strong></span> <span class='ocrx_word' id='word_1_288' title='bbox 1981 2341 2080 2396; x_wconf 83' lang='lat' dir='ltr'><strong>do-</strong></span> 
     </span>
    </p>
   </div>
   <div class='ocr_carea' id='block_1_42' title="bbox 510 2432 2078 2496">
    <p class='ocr_par' dir='ltr' id='par_1_42' title="bbox 510 2432 2078 2496">
     <span class='ocr_line' id='line_1_42' title="bbox 510 2432 2078 2496; baseline 0.009 -22"><span class='ocrx_word' id='word_1_289' title='bbox 510 2437 658 2476; x_wconf 83' lang='lat' dir='ltr'><strong>mum</strong></span> <span class='ocrx_word' id='word_1_290' title='bbox 699 2439 807 2478; x_wconf 89' lang='lat' dir='ltr'><strong>non</strong></span> <span class='ocrx_word' id='word_1_291' title='bbox 850 2439 1011 2480; x_wconf 89' lang='lat' dir='ltr'><strong>manu</strong></span> <span class='ocrx_word' id='word_1_292' title='bbox 1051 2437 1451 2496; x_wconf 86' lang='lat' dir='ltr'><strong>constructam,</strong></span> <span class='ocrx_word' id='word_1_293' title='bbox 1501 2438 1764 2486; x_wconf 78' lang='lat' dir='ltr'><strong>:eternam</strong></span> <span class='ocrx_word' id='word_1_294' title='bbox 1813 2433 1868 2486; x_wconf 92' lang='lat' dir='ltr'><strong>in</strong></span> <span class='ocrx_word' id='word_1_295' title='bbox 1917 2432 2078 2488; x_wconf 67' lang='lat' dir='ltr'><strong>caelis</strong></span> 
     </span>
    </p>
   </div>
   <div class='ocr_carea' id='block_1_43' title="bbox 509 2514 2079 2595">
    <p class='ocr_par' dir='ltr' id='par_1_43' title="bbox 509 2514 2079 2595">
     <span class='ocr_line' id='line_1_43' title="bbox 509 2514 2079 2595; baseline 0.008 -27"><span class='ocrx_word' id='word_1_296' title='bbox 509 2514 728 2584; x_wconf 84' lang='lat' dir='ltr'><strong>dignam</strong></span> <span class='ocrx_word' id='word_1_297' title='bbox 759 2531 882 2586; x_wconf 61' lang='lat' dir='ltr'><strong>qua:</strong></span> <span class='ocrx_word' id='word_1_298' title='bbox 942 2515 1032 2572; x_wconf 88' lang='lat' dir='ltr'><strong>Dei</strong></span> <span class='ocrx_word' id='word_1_299' title='bbox 1068 2521 1138 2574; x_wconf 89' lang='lat' dir='ltr'><strong>sit</strong></span> <span class='ocrx_word' id='word_1_300' title='bbox 1181 2521 1514 2577; x_wconf 90' lang='lat' dir='ltr'><strong>domicilium</strong></span> <span class='ocrx_word' id='word_1_301' title='bbox 1544 2524 1597 2578; x_wconf 92' lang='lat' dir='ltr'><strong>in</strong></span> <span class='ocrx_word' id='word_1_302' title='bbox 1623 2525 1838 2595; x_wconf 88' lang='lat' dir='ltr'><strong>spiritu.</strong></span> <span class='ocrx_word' id='word_1_303' title='bbox 1872 2525 1951 2580; x_wconf 75' lang='lat' dir='ltr'><strong>Ac</strong></span> <span class='ocrx_word' id='word_1_304' title='bbox 1989 2525 2079 2580; x_wconf 81' lang='lat' dir='ltr'><strong>do-</strong></span> 
     </span>
    </p>
   </div>
   <div class='ocr_carea' id='block_1_44' title="bbox 509 2606 2078 2686">
    <p class='ocr_par' dir='ltr' id='par_1_44' title="bbox 509 2606 2078 2686">
     <span class='ocr_line' id='line_1_44' title="bbox 509 2606 2078 2686; baseline 0.01 -29"><span class='ocrx_word' id='word_1_305' title='bbox 509 2620 633 2661; x_wconf 79' lang='lat' dir='ltr'><strong>mus</strong></span> <span class='ocrx_word' id='word_1_306' title='bbox 666 2606 884 2677; x_wconf 91' lang='lat' dir='ltr'><strong>quidem</strong></span> <span class='ocrx_word' id='word_1_307' title='bbox 917 2608 1063 2666; x_wconf 92' lang='lat' dir='ltr'><strong>illius</strong></span> <span class='ocrx_word' id='word_1_308' title='bbox 1088 2626 1194 2666; x_wconf 89' lang='lat' dir='ltr'><strong>non</strong></span> <span class='ocrx_word' id='word_1_309' title='bbox 1222 2613 1550 2669; x_wconf 72' lang='lat' dir='ltr'><strong>manufacta:</strong></span> <span class='ocrx_word' id='word_1_310' title='bbox 1578 2614 1830 2686; x_wconf 73' lang='lat' dir='ltr'><strong>figuram,</strong></span> <span class='ocrx_word' id='word_1_311' title='bbox 1859 2625 1914 2674; x_wconf 90' lang='lat' dir='ltr'><strong>et</strong></span> <span class='ocrx_word' id='word_1_312' title='bbox 1975 2617 2078 2674; x_wconf 79' lang='lat' dir='ltr'><strong>for-</strong></span> 
     </span>
    </p>
   </div>
   <div class='ocr_carea' id='block_1_45' title="bbox 510 2699 2080 2769">
    <p class='ocr_par' dir='ltr' id='par_1_45' title="bbox 510 2699 2080 2769">
     <span class='ocr_line' id='line_1_45' title="bbox 510 2699 2080 2769; baseline 0.01 -22"><span class='ocrx_word' id='word_1_313' title='bbox 510 2709 678 2760; x_wconf 89' lang='lat' dir='ltr'><strong>mam,</strong></span> <span class='ocrx_word' id='word_1_314' title='bbox 707 2704 762 2753; x_wconf 86' lang='lat' dir='ltr'><strong>et</strong></span> <span class='ocrx_word' id='word_1_315' title='bbox 791 2699 1096 2769; x_wconf 79' lang='lat' dir='ltr'><strong>exemplum</strong></span> <span class='ocrx_word' id='word_1_316' title='bbox 1130 2702 1258 2755; x_wconf 91' lang='lat' dir='ltr'><strong>mihi</strong></span> <span class='ocrx_word' id='word_1_317' title='bbox 1301 2719 1462 2758; x_wconf 88' lang='lat' dir='ltr'><strong>nemo</strong></span> <span class='ocrx_word' id='word_1_318' title='bbox 1495 2706 1768 2762; x_wconf 86' lang='lat' dir='ltr'><strong>describat</strong></span> <span class='ocrx_word' id='word_1_319' title='bbox 1817 2707 1884 2763; x_wconf 85' lang='lat' dir='ltr'><strong>ad</strong></span> <span class='ocrx_word' id='word_1_320' title='bbox 1928 2709 2080 2764; x_wconf 89' lang='lat' dir='ltr'><strong>simi-</strong></span> 
     </span>
    </p>
   </div>
   <div class='ocr_carea' id='block_1_46' title="bbox 514 2786 2076 2868">
    <p class='ocr_par' dir='ltr' id='par_1_46' title="bbox 514 2786 2076 2868">
     <span class='ocr_line' id='line_1_46' title="bbox 514 2786 2076 2868; baseline 0.012 -33"><span class='ocrx_word' id='word_1_321' title='bbox 514 2786 796 2842; x_wconf 82' lang='lat' dir='ltr'><strong>litudinem</strong></span> <span class='ocrx_word' id='word_1_322' title='bbox 831 2805 1042 2856; x_wconf 89' lang='lat' dir='ltr'><strong>earum,</strong></span> <span class='ocrx_word' id='word_1_323' title='bbox 1073 2792 1274 2861; x_wconf 88' lang='lat' dir='ltr'><strong>quibus</strong></span> <span class='ocrx_word' id='word_1_324' title='bbox 1312 2796 1647 2864; x_wconf 83' lang='lat' dir='ltr'><strong>praprietate</strong></span> <span class='ocrx_word' id='word_1_325' title='bbox 1664 2797 2076 2868; x_wconf 88' lang='lat' dir='ltr'><strong>distinguimur.</strong></span> 
     </span>
    </p>
   </div>
   <div class='ocr_carea' id='block_1_47' title="bbox 509 2868 2077 2956">
    <p class='ocr_par' dir='ltr' id='par_1_47' title="bbox 509 2868 2077 2956">
     <span class='ocr_line' id='line_1_47' title="bbox 509 2868 2077 2956; baseline 0.011 -32"><span class='ocrx_word' id='word_1_326' title='bbox 509 2868 724 2926; x_wconf 79' lang='lat' dir='ltr'><strong>Etenim</strong></span> <span class='ocrx_word' id='word_1_327' title='bbox 757 2891 878 2929; x_wconf 80' lang='lat' dir='ltr'><strong>cum</strong></span> <span class='ocrx_word' id='word_1_328' title='bbox 913 2876 1115 2935; x_wconf 88' lang='lat' dir='ltr'><strong>divinis</strong></span> <span class='ocrx_word' id='word_1_329' title='bbox 1140 2883 1380 2938; x_wconf 85' lang='lat' dir='ltr'><strong>oraculis</strong></span> <span class='ocrx_word' id='word_1_330' title='bbox 1412 2899 1518 2938; x_wconf 93' lang='lat' dir='ltr'><strong>non</strong></span> <span class='ocrx_word' id='word_1_331' title='bbox 1549 2885 1726 2939; x_wconf 82' lang='lat' dir='ltr'><strong>solum</strong></span> <span class='ocrx_word' id='word_1_332' title='bbox 1760 2887 2077 2956; x_wconf 68' lang='lat' dir='ltr'><strong>pmdictum</strong></span> 
     </span>
    </p>
   </div>
   <div class='ocr_carea' id='block_1_48' title="bbox 511 2960 2084 3041">
    <p class='ocr_par' dir='ltr' id='par_1_48' title="bbox 511 2960 2084 3041">
     <span class='ocr_line' id='line_1_48' title="bbox 511 2960 2084 3041; baseline 0.013 -25"><span class='ocrx_word' id='word_1_333' title='bbox 511 2960 584 3017; x_wconf 85' lang='lat' dir='ltr'><strong>sit</strong></span> <span class='ocrx_word' id='word_1_334' title='bbox 610 2965 790 3032; x_wconf 86' lang='lat' dir='ltr'><strong>nobis,</strong></span> <span class='ocrx_word' id='word_1_335' title='bbox 823 2982 924 3024; x_wconf 91' lang='lat' dir='ltr'><strong>nos</strong></span> <span class='ocrx_word' id='word_1_336' title='bbox 956 2968 1206 3034; x_wconf 79' lang='lat' dir='ltr'><strong>invitam</strong></span> <span class='ocrx_word' id='word_1_337' title='bbox 1253 2989 1377 3030; x_wconf 90' lang='lat' dir='ltr'><strong>esse</strong></span> <span class='ocrx_word' id='word_1_338' title='bbox 1414 2977 1773 3041; x_wconf 88' lang='lat' dir='ltr'><strong>revocandos,</strong></span> <span class='ocrx_word' id='word_1_339' title='bbox 1804 2988 1860 3034; x_wconf 88' lang='lat' dir='ltr'><strong>et</strong></span> <span class='ocrx_word' id='word_1_340' title='bbox 1907 2995 2084 3036; x_wconf 88' lang='lat' dir='ltr'><strong>resur-</strong></span> 
     </span>
    </p>
   </div>
   <div class='ocr_carea' id='block_1_49' title="bbox 510 3063 2152 3162">
    <p class='ocr_par' dir='ltr' id='par_1_49' title="bbox 510 3063 2152 3162">
     <span class='ocr_line' id='line_1_49' title="bbox 510 3063 2152 3162; baseline 0.013 -54"><span class='ocrx_word' id='word_1_341' title='bbox 510 3063 788 3162; x_wconf 52' lang='lat' dir='ltr'><strong>iecturos,</strong></span> <span class='ocrx_word' id='word_1_342' title='bbox 810 3075 998 3116; x_wconf 83' lang='lat' dir='ltr'><strong>verum</strong></span> <span class='ocrx_word' id='word_1_343' title='bbox 1043 3063 1205 3118; x_wconf 93' lang='lat' dir='ltr'><strong>etiam</strong></span> <span class='ocrx_word' id='word_1_344' title='bbox 1233 3066 1582 3136; x_wconf 88' lang='lat' dir='ltr'><strong>promittatur</strong></span> <span class='ocrx_word' id='word_1_345' title='bbox 1632 3069 1688 3124; x_wconf 89' lang='lat' dir='ltr'><strong>in</strong></span> <span class='ocrx_word' id='word_1_346' title='bbox 1749 3070 1866 3141; x_wconf 88' lang='lat' dir='ltr'><strong>ipsa</strong></span> <span class='ocrx_word' id='word_1_347' title='bbox 1897 3072 2078 3128; x_wconf 84' lang='lat' dir='ltr'><strong>divina</strong></span> <span class='ocrx_word' id='word_1_348' title='bbox 2107 3104 2152 3162; x_wconf 67' lang='grc' dir='ltr'><em>ε</em></span> 
     </span>
    </p>
   </div>
   <div class='ocr_carea' id='block_1_50' title="bbox 513 3143 2080 3225">
    <p class='ocr_par' dir='ltr' id='par_1_50' title="bbox 513 3143 2080 3225">
     <span class='ocr_line' id='line_1_50' title="bbox 513 3143 2080 3225; baseline 0.011 -24"><span class='ocrx_word' id='word_1_349' title='bbox 513 3143 797 3220; x_wconf 89' lang='lat' dir='ltr'><strong>Scriptura</strong></span> <span class='ocrx_word' id='word_1_350' title='bbox 829 3168 926 3223; x_wconf 89' lang='lat' dir='ltr'><strong>per</strong></span> <span class='ocrx_word' id='word_1_351' title='bbox 953 3155 1128 3225; x_wconf 88' lang='lat' dir='ltr'><strong>ipsam</strong></span> <span class='ocrx_word' id='word_1_352' title='bbox 1157 3159 1638 3225; x_wconf 90' lang='lat' dir='ltr'><strong>resurrectionem,</strong></span> <span class='ocrx_word' id='word_1_353' title='bbox 1674 3162 1948 3218; x_wconf 89' lang='lat' dir='ltr'><strong>immutari</strong></span> <span class='ocrx_word' id='word_1_354' title='bbox 1993 3174 2080 3218; x_wconf 87' lang='lat' dir='ltr'><strong>at-</strong></span> 
     </span>
    </p>
   </div>
   <div class='ocr_carea' id='block_1_51' title="bbox 513 3247 2080 3326">
    <p class='ocr_par' dir='ltr' id='par_1_51' title="bbox 513 3247 2080 3326">
     <span class='ocr_line' id='line_1_51' title="bbox 513 3247 2080 3326; baseline 0.01 -32"><span class='ocrx_word' id='word_1_355' title='bbox 513 3258 620 3310; x_wconf 84' lang='lat' dir='ltr'><strong>que</strong></span> <span class='ocrx_word' id='word_1_356' title='bbox 659 3247 909 3300; x_wconf 89' lang='lat' dir='ltr'><strong>renovari</strong></span> <span class='ocrx_word' id='word_1_357' title='bbox 939 3261 1041 3302; x_wconf 89' lang='lat' dir='ltr'><strong>nos</strong></span> <span class='ocrx_word' id='word_1_358' title='bbox 1063 3255 1336 3320; x_wconf 85' lang='lat' dir='ltr'><strong>oportere.</strong></span> <span class='ocrx_word' id='word_1_359' title='bbox 1367 3253 1593 3309; x_wconf 90' lang='lat' dir='ltr'><strong>omnino</strong></span> <span class='ocrx_word' id='word_1_360' title='bbox 1616 3268 1842 3326; x_wconf 88' lang='lat' dir='ltr'><strong>necesse</strong></span> <span class='ocrx_word' id='word_1_361' title='bbox 1872 3264 1978 3320; x_wconf 90' lang='lat' dir='ltr'><strong>est,</strong></span> <span class='ocrx_word' id='word_1_362' title='bbox 2000 3265 2080 3321; x_wconf 90' lang='lat' dir='ltr'><strong>ut,</strong></span> 
     </span>
    </p>
   </div>
   <div class='ocr_carea' id='block_1_52' title="bbox 512 3331 2082 3419">
    <p class='ocr_par' dir='ltr' id='par_1_52' title="bbox 512 3331 2082 3419">
     <span class='ocr_line' id='line_1_52' title="bbox 512 3331 2082 3419; baseline 0.013 -33"><span class='ocrx_word' id='word_1_363' title='bbox 512 3331 569 3386; x_wconf 89' lang='lat' dir='ltr'><strong>in</strong></span> <span class='ocrx_word' id='word_1_364' title='bbox 590 3335 720 3402; x_wconf 91' lang='lat' dir='ltr'><strong>quid</strong></span> <span class='ocrx_word' id='word_1_365' title='bbox 751 3336 1074 3394; x_wconf 89' lang='lat' dir='ltr'><strong>immutandi</strong></span> <span class='ocrx_word' id='word_1_366' title='bbox 1103 3356 1316 3408; x_wconf 86' lang='lat' dir='ltr'><strong>sumus,</strong></span> <span class='ocrx_word' id='word_1_367' title='bbox 1349 3342 1471 3398; x_wconf 88' lang='lat' dir='ltr'><strong>ideo</strong></span> <span class='ocrx_word' id='word_1_368' title='bbox 1499 3360 1724 3414; x_wconf 83' lang='lat' dir='ltr'><strong>prorsus</strong></span> <span class='ocrx_word' id='word_1_369' title='bbox 1746 3348 2082 3419; x_wconf 85' lang='lat' dir='ltr'><strong>ignoremus,</strong></span> 
     </span>
    </p>
   </div>
   <div class='ocr_carea' id='block_1_53' title="bbox 515 3423 2081 3509">
    <p class='ocr_par' dir='ltr' id='par_1_53' title="bbox 515 3423 2081 3509">
     <span class='ocr_line' id='line_1_53' title="bbox 515 3423 2081 3509; baseline 0.013 -35"><span class='ocrx_word' id='word_1_370' title='bbox 515 3423 659 3492; x_wconf 86' lang='lat' dir='ltr'><strong>quod</strong></span> <span class='ocrx_word' id='word_1_371' title='bbox 692 3427 900 3481; x_wconf 83' lang='lat' dir='ltr'><strong>nullum</strong></span> <span class='ocrx_word' id='word_1_372' title='bbox 939 3444 1129 3485; x_wconf 83' lang='lat' dir='ltr'><strong>eorum</strong></span> <span class='ocrx_word' id='word_1_373' title='bbox 1159 3447 1280 3502; x_wconf 75' lang='lat' dir='ltr'><strong>quae</strong></span> <span class='ocrx_word' id='word_1_374' title='bbox 1326 3449 1634 3505; x_wconf 81' lang='lat' dir='ltr'><strong>Speramus,</strong></span> <span class='ocrx_word' id='word_1_375' title='bbox 1667 3440 1976 3509; x_wconf 82' lang='lat' dir='ltr'><strong>exemplum</strong></span> <span class='ocrx_word' id='word_1_376' title='bbox 2026 3442 2081 3495; x_wconf 92' lang='lat' dir='ltr'><strong>in</strong></span> 
     </span>
    </p>
   </div>
   <div class='ocr_carea' id='block_1_54' title="bbox 518 3514 2082 3601">
    <p class='ocr_par' dir='ltr' id='par_1_54' title="bbox 518 3514 2082 3601">
     <span class='ocr_line' id='line_1_54' title="bbox 518 3514 2082 3601; baseline 0.013 -34"><span class='ocrx_word' id='word_1_377' title='bbox 518 3514 617 3569; x_wconf 92' lang='lat' dir='ltr'><strong>hac</strong></span> <span class='ocrx_word' id='word_1_378' title='bbox 638 3517 746 3570; x_wconf 87' lang='lat' dir='ltr'><strong>vita</strong></span> <span class='ocrx_word' id='word_1_379' title='bbox 779 3519 960 3575; x_wconf 81' lang='lat' dir='ltr'><strong>simile</strong></span> <span class='ocrx_word' id='word_1_380' title='bbox 986 3535 1336 3582; x_wconf 89' lang='lat' dir='ltr'><strong>coutuemur.</strong></span> <span class='ocrx_word' id='word_1_381' title='bbox 1365 3527 1517 3582; x_wconf 85' lang='lat' dir='ltr'><strong>Nunc</strong></span> <span class='ocrx_word' id='word_1_382' title='bbox 1539 3531 1709 3592; x_wconf 90' lang='lat' dir='ltr'><strong>enim,</strong></span> <span class='ocrx_word' id='word_1_383' title='bbox 1755 3546 1876 3601; x_wconf 79' lang='lat' dir='ltr'><strong>quae</strong></span> <span class='ocrx_word' id='word_1_384' title='bbox 1893 3546 2082 3588; x_wconf 86' lang='lat' dir='ltr'><strong>crassa</strong></span> 
     </span>
    </p>
   </div>
   <div class='ocr_carea' id='block_1_55' title="bbox 514 3607 2086 3677">
    <p class='ocr_par' dir='ltr' id='par_1_55' title="bbox 514 3607 2086 3677">
     <span class='ocr_line' id='line_1_55' title="bbox 514 3607 2086 3677; baseline 0.01 -16"><span class='ocrx_word' id='word_1_385' title='bbox 514 3613 570 3661; x_wconf 84' lang='lat' dir='ltr'><strong>et</strong></span> <span class='ocrx_word' id='word_1_386' title='bbox 598 3607 769 3662; x_wconf 83' lang='lat' dir='ltr'><strong>solida</strong></span> <span class='ocrx_word' id='word_1_387' title='bbox 790 3619 939 3677; x_wconf 88' lang='lat' dir='ltr'><strong>sunt,</strong></span> <span class='ocrx_word' id='word_1_388' title='bbox 970 3622 1165 3668; x_wconf 88' lang='lat' dir='ltr'><strong>natura</strong></span> <span class='ocrx_word' id='word_1_389' title='bbox 1194 3615 1451 3672; x_wconf 91' lang='lat' dir='ltr'><strong>deorsum</strong></span> <span class='ocrx_word' id='word_1_390' title='bbox 1480 3617 1747 3674; x_wconf 78' lang='lat' dir='ltr'><strong>feruntur.</strong></span> <span class='ocrx_word' id='word_1_391' title='bbox 1790 3618 1946 3676; x_wconf 85' lang='lat' dir='ltr'><strong>Tunc</strong></span> <span class='ocrx_word' id='word_1_392' title='bbox 1985 3636 2086 3677; x_wconf 88' lang='lat' dir='ltr'><strong>au-</strong></span> 
     </span>
    </p>
   </div>
   <div class='ocr_carea' id='block_1_56' title="bbox 519 3699 2085 3770">
    <p class='ocr_par' dir='ltr' id='par_1_56' title="bbox 519 3699 2085 3770">
     <span class='ocr_line' id='line_1_56' title="bbox 519 3699 2085 3770; baseline 0.012 -20"><span class='ocrx_word' id='word_1_393' title='bbox 519 3706 625 3751; x_wconf 92' lang='lat' dir='ltr'><strong>tem</strong></span> <span class='ocrx_word' id='word_1_394' title='bbox 673 3699 754 3754; x_wconf 90' lang='lat' dir='ltr'><strong>sic</strong></span> <span class='ocrx_word' id='word_1_395' title='bbox 800 3700 1253 3770; x_wconf 86' lang='lat' dir='ltr'><strong>immutabuntur,</strong></span> <span class='ocrx_word' id='word_1_396' title='bbox 1288 3716 1346 3762; x_wconf 92' lang='lat' dir='ltr'><strong>ut</strong></span> <span class='ocrx_word' id='word_1_397' title='bbox 1393 3725 1614 3766; x_wconf 84' lang='lat' dir='ltr'><strong>sursum</strong></span> <span class='ocrx_word' id='word_1_398' title='bbox 1667 3711 1913 3768; x_wconf 86' lang='lat' dir='ltr'><strong>tendant.</strong></span> <span class='ocrx_word' id='word_1_399' title='bbox 1973 3712 2085 3769; x_wconf 90' lang='lat' dir='ltr'><strong>Nos</strong></span> 
     </span>
    </p>
   </div>
   <div class='ocr_carea' id='block_1_57' title="bbox 517 3790 2087 3874">
    <p class='ocr_par' dir='ltr' id='par_1_57' title="bbox 517 3790 2087 3874">
     <span class='ocr_line' id='line_1_57' title="bbox 517 3790 2087 3874; baseline 0.011 -32"><span class='ocrx_word' id='word_1_400' title='bbox 517 3790 684 3855; x_wconf 86' lang='lat' dir='ltr'><strong>enim,</strong></span> <span class='ocrx_word' id='word_1_401' title='bbox 713 3799 774 3846; x_wconf 88' lang='lat' dir='ltr'><strong>ut</strong></span> <span class='ocrx_word' id='word_1_402' title='bbox 795 3794 1060 3865; x_wconf 87' lang='lat' dir='ltr'><strong>scriptum</strong></span> <span class='ocrx_word' id='word_1_403' title='bbox 1105 3806 1209 3860; x_wconf 87' lang='lat' dir='ltr'><strong>est,</strong></span> <span class='ocrx_word' id='word_1_404' title='bbox 1241 3807 1595 3870; x_wconf 87' lang='lat' dir='ltr'><strong>posteaquam</strong></span> <span class='ocrx_word' id='word_1_405' title='bbox 1652 3811 1851 3856; x_wconf 89' lang='lat' dir='ltr'><strong>natura</strong></span> <span class='ocrx_word' id='word_1_406' title='bbox 1879 3818 1977 3874; x_wconf 91' lang='lat' dir='ltr'><strong>per</strong></span> <span class='ocrx_word' id='word_1_407' title='bbox 2009 3820 2087 3861; x_wconf 83' lang='lat' dir='ltr'><strong>re-</strong></span> 
     </span>
    </p>
   </div>
   <div class='ocr_carea' id='block_1_58' title="bbox 519 3884 2088 3952">
    <p class='ocr_par' dir='ltr' id='par_1_58' title="bbox 519 3884 2088 3952">
     <span class='ocr_line' id='line_1_58' title="bbox 519 3884 2088 3952; baseline 0.01 -17"><span class='ocrx_word' id='word_1_408' title='bbox 519 3884 914 3941; x_wconf 87' lang='lat' dir='ltr'><strong>surrectionem</strong></span> <span class='ocrx_word' id='word_1_409' title='bbox 941 3886 994 3940; x_wconf 87' lang='lat' dir='ltr'><strong>in</strong></span> <span class='ocrx_word' id='word_1_410' title='bbox 1023 3889 1278 3944; x_wconf 90' lang='lat' dir='ltr'><strong>omnibus</strong></span> <span class='ocrx_word' id='word_1_411' title='bbox 1304 3891 1356 3944; x_wconf 93' lang='lat' dir='ltr'><strong>iu</strong></span> <span class='ocrx_word' id='word_1_412' title='bbox 1395 3891 1560 3944; x_wconf 86' lang='lat' dir='ltr'><strong>vitam</strong></span> <span class='ocrx_word' id='word_1_413' title='bbox 1594 3894 1862 3951; x_wconf 91' lang='lat' dir='ltr'><strong>revocatis</strong></span> <span class='ocrx_word' id='word_1_414' title='bbox 1923 3894 2088 3952; x_wconf 80' lang='lat' dir='ltr'><strong>fuerit</strong></span> 
     </span>
    </p>
   </div>
   <div class='ocr_carea' id='block_1_59' title="bbox 2178 1883 3750 1956">
    <p class='ocr_par' dir='ltr' id='par_1_59' title="bbox 2178 1883 3750 1956">
     <span class='ocr_line' id='line_1_59' title="bbox 2178 1883 3750 1956; baseline -0.002 -17"><span class='ocrx_word' id='word_1_415' title='bbox 2178 1887 2339 1956; x_wconf 82' lang='grc' dir='ltr'>μένον</span> <span class='ocrx_word' id='word_1_416' title='bbox 2363 1884 2680 1954; x_wconf 81' lang='grc' dir='ltr'>ἀγαπᾶσθαι</span> <span class='ocrx_word' id='word_1_417' title='bbox 2726 1885 2851 1956; x_wconf 80' lang='grc' dir='ltr'>χρὴ.</span> <span class='ocrx_word' id='word_1_418' title='bbox 2893 1886 2954 1938; x_wconf 86' lang='grc' dir='ltr'>οὐ</span> <span class='ocrx_word' id='word_1_419' title='bbox 2997 1885 3096 1956; x_wconf 77' lang='grc' dir='ltr'>τὴν</span> <span class='ocrx_word' id='word_1_420' title='bbox 3137 1883 3576 1954; x_wconf 83' lang='grc' dir='ltr'>ἀποποιουμένην</span> <span class='ocrx_word' id='word_1_421' title='bbox 3612 1900 3750 1936; x_wconf 80' lang='grc' dir='ltr'>σκω-</span> 
     </span>
    </p>
   </div>
   <div class='ocr_carea' id='block_1_60' title="bbox 2179 1972 3750 2046">
    <p class='ocr_par' dir='ltr' id='par_1_60' title="bbox 2179 1972 3750 2046">
     <span class='ocr_line' id='line_1_60' title="bbox 2179 1972 3750 2046; baseline -0.001 -21"><span class='ocrx_word' id='word_1_422' title='bbox 2179 1973 2318 2044; x_wconf 89' lang='grc' dir='ltr'>ρίαν.</span> <span class='ocrx_word' id='word_1_423' title='bbox 2367 1972 2589 2043; x_wconf 83' lang='grc' dir='ltr'>’Δληθὲς</span> <span class='ocrx_word' id='word_1_424' title='bbox 2617 1973 2726 2045; x_wconf 84' lang='grc' dir='ltr'><strong>γάρ</strong></span> <span class='ocrx_word' id='word_1_425' title='bbox 2759 1991 2944 2044; x_wconf 90' lang='grc' dir='ltr'>φησιν,</span> <span class='ocrx_word' id='word_1_426' title='bbox 2970 1973 3046 2038; x_wconf 82' lang='grc' dir='ltr'>ὥς</span> <span class='ocrx_word' id='word_1_427' title='bbox 3075 1990 3239 2046; x_wconf 88' lang='grc' dir='ltr'>φησιν</span> <span class='ocrx_word' id='word_1_428' title='bbox 3258 1975 3293 2044; x_wconf 86' lang='grc' dir='ltr'><strong>ή</strong></span> <span class='ocrx_word' id='word_1_429' title='bbox 3326 1972 3445 2026; x_wconf 87' lang='grc' dir='ltr'>θεία</span> <span class='ocrx_word' id='word_1_430' title='bbox 3475 1972 3646 2040; x_wconf 70' lang='grc' dir='ltr'>φωνὴ,</span> <span class='ocrx_word' id='word_1_431' title='bbox 3669 1972 3750 2025; x_wconf 71' lang='grc' dir='ltr'>ὃτι</span> 
     </span>
    </p>
   </div>
   <div class='ocr_carea' id='block_1_61' title="bbox 2177 2061 3753 2133">
    <p class='ocr_par' dir='ltr' id='par_1_61' title="bbox 2177 2061 3753 2133">
     <span class='ocr_line' id='line_1_61' title="bbox 2177 2061 3753 2133; baseline -0.001 -17"><span class='ocrx_word' id='word_1_432' title='bbox 2177 2063 2332 2133; x_wconf 85' lang='grc' dir='ltr'><strong>ἐάνή</strong></span> <span class='ocrx_word' id='word_1_433' title='bbox 2382 2062 2621 2132; x_wconf 79' lang='grc' dir='ltr'>ἐπίγειος</span> <span class='ocrx_word' id='word_1_434' title='bbox 2657 2062 2815 2133; x_wconf 83' lang='grc' dir='ltr'>ἡμῶν</span> <span class='ocrx_word' id='word_1_435' title='bbox 2855 2063 3004 2117; x_wconf 88' lang='grc' dir='ltr'>οίκία</span> <span class='ocrx_word' id='word_1_436' title='bbox 3058 2062 3151 2116; x_wconf 86' lang='grc' dir='ltr'><strong>τοῦ</strong></span> <span class='ocrx_word' id='word_1_437' title='bbox 3197 2064 3434 2132; x_wconf 75' lang='grc' dir='ltr'>σκήνους</span> <span class='ocrx_word' id='word_1_438' title='bbox 3454 2061 3753 2132; x_wconf 80' lang='grc' dir='ltr'>καταλυθῇ,</span> 
     </span>
    </p>
   </div>
   <div class='ocr_carea' id='block_1_62' title="bbox 2176 2149 3746 2222">
    <p class='ocr_par' dir='ltr' id='par_1_62' title="bbox 2176 2149 3746 2222">
     <span class='ocr_line' id='line_1_62' title="bbox 2176 2149 3746 2222; baseline 0.001 -19"><span class='ocrx_word' id='word_1_439' title='bbox 2176 2151 2297 2205; x_wconf 88' lang='grc' dir='ltr'>τότε</span> <span class='ocrx_word' id='word_1_440' title='bbox 2330 2151 2500 2222; x_wconf 77' lang='grc' dir='ltr'>αὐτὴν</span> <span class='ocrx_word' id='word_1_441' title='bbox 2529 2150 2837 2222; x_wconf 79' lang='grc' dir='ltr'>εὑρήσομεν</span> <span class='ocrx_word' id='word_1_442' title='bbox 2857 2151 3147 2222; x_wconf 73' lang='grc' dir='ltr'>οἰκοδομὴν</span> <span class='ocrx_word' id='word_1_443' title='bbox 3173 2151 3239 2204; x_wconf 90' lang='grc' dir='ltr'><strong>ἐκ</strong></span> <span class='ocrx_word' id='word_1_444' title='bbox 3265 2149 3400 2204; x_wconf 83' lang='grc' dir='ltr'>Θεοῦ</span> <span class='ocrx_word' id='word_1_445' title='bbox 3444 2149 3746 2221; x_wconf 79' lang='grc' dir='ltr'>γενομένην</span> 
     </span>
    </p>
   </div>
   <div class='ocr_carea' id='block_1_63' title="bbox 2176 2241 3754 2315">
    <p class='ocr_par' dir='ltr' id='par_1_63' title="bbox 2176 2241 3754 2315">
     <span class='ocr_line' id='line_1_63' title="bbox 2176 2241 3754 2315; baseline -0.002 -17"><span class='ocrx_word' id='word_1_446' title='bbox 2176 2245 2351 2298; x_wconf 83' lang='grc' dir='ltr'>οἰκίαν</span> <span class='ocrx_word' id='word_1_447' title='bbox 2372 2243 2803 2315; x_wconf 82' lang='grc' dir='ltr'>ἀχειροποίητον,</span> <span class='ocrx_word' id='word_1_448' title='bbox 2831 2243 3050 2299; x_wconf 76' lang='grc' dir='ltr'>αἰώνιον</span> <span class='ocrx_word' id='word_1_449' title='bbox 3073 2243 3131 2297; x_wconf 87' lang='grc' dir='ltr'><strong>ἐν</strong></span> <span class='ocrx_word' id='word_1_450' title='bbox 3161 2245 3272 2307; x_wconf 83' lang='grc' dir='ltr'>τοῖς</span> <span class='ocrx_word' id='word_1_451' title='bbox 3299 2243 3568 2314; x_wconf 79' lang='grc' dir='ltr'>οὐρανοῖς,</span> <span class='ocrx_word' id='word_1_452' title='bbox 3596 2241 3754 2308; x_wconf 80' lang='grc' dir='ltr'>ἀξίαν</span> 
     </span>
    </p>
   </div>
   <div class='ocr_carea' id='block_1_64' title="bbox 2176 2330 3754 2406">
    <p class='ocr_par' dir='ltr' id='par_1_64' title="bbox 2176 2330 3754 2406">
     <span class='ocr_line' id='line_1_64' title="bbox 2176 2330 3754 2406; baseline -0.002 -18"><span class='ocrx_word' id='word_1_453' title='bbox 2176 2334 2271 2388; x_wconf 87' lang='grc' dir='ltr'><strong>τοῦ</strong></span> <span class='ocrx_word' id='word_1_454' title='bbox 2304 2330 2442 2388; x_wconf 72' lang='grc' dir='ltr'>εἶναι</span> <span class='ocrx_word' id='word_1_455' title='bbox 2461 2334 2628 2405; x_wconf 80' lang='grc' dir='ltr'>αὐτὴν</span> <span class='ocrx_word' id='word_1_456' title='bbox 2647 2333 2782 2388; x_wconf 83' lang='grc' dir='ltr'>Θεοῦ</span> <span class='ocrx_word' id='word_1_457' title='bbox 2804 2335 3220 2406; x_wconf 87' lang='grc' dir='ltr'>κατοικητήριον</span> <span class='ocrx_word' id='word_1_458' title='bbox 3249 2335 3306 2388; x_wconf 91' lang='grc' dir='ltr'><strong>ἐν</strong></span> <span class='ocrx_word' id='word_1_459' title='bbox 3328 2333 3618 2405; x_wconf 88' lang='grc' dir='ltr'>πνεύματι.</span> <span class='ocrx_word' id='word_1_460' title='bbox 3643 2334 3754 2388; x_wconf 83' lang='grc' dir='ltr'>Καί</span> 
     </span>
    </p>
   </div>
   <div class='ocr_carea' id='block_1_65' title="bbox 2181 2419 3755 2497">
    <p class='ocr_par' dir='ltr' id='par_1_65' title="bbox 2181 2419 3755 2497">
     <span class='ocr_line' id='line_1_65' title="bbox 2181 2419 3755 2497; baseline -0.001 -19"><span class='ocrx_word' id='word_1_461' title='bbox 2181 2442 2272 2496; x_wconf 85' lang='grc' dir='ltr'><strong>μοι</strong></span> <span class='ocrx_word' id='word_1_462' title='bbox 2299 2425 2486 2496; x_wconf 68' lang='grc' dir='ltr'>μηδεὶς</span> <span class='ocrx_word' id='word_1_463' title='bbox 2519 2424 2970 2497; x_wconf 77' lang='grc' dir='ltr'>χαρακτῆρα,καὶ</span> <span class='ocrx_word' id='word_1_464' title='bbox 2987 2423 3196 2496; x_wconf 80' lang='grc' dir='ltr'>σχῆμα,</span> <span class='ocrx_word' id='word_1_465' title='bbox 3225 2424 3319 2478; x_wconf 74' lang='grc' dir='ltr'>καὶ</span> <span class='ocrx_word' id='word_1_466' title='bbox 3341 2419 3480 2488; x_wconf 73' lang='grc' dir='ltr'>εἶδος</span> <span class='ocrx_word' id='word_1_467' title='bbox 3512 2425 3755 2494; x_wconf 80' lang='grc' dir='ltr'>ὑπογρα-</span> 
     </span>
    </p>
   </div>
   <div class='ocr_carea' id='block_1_66' title="bbox 2179 2515 3756 2590">
    <p class='ocr_par' dir='ltr' id='par_1_66' title="bbox 2179 2515 3756 2590">
     <span class='ocr_line' id='line_1_66' title="bbox 2179 2515 3756 2590; baseline -0.001 -20"><span class='ocrx_word' id='word_1_468' title='bbox 2179 2516 2328 2587; x_wconf 86' lang='grc' dir='ltr'><strong>φέτω</strong></span> <span class='ocrx_word' id='word_1_469' title='bbox 2353 2517 2450 2589; x_wconf 83' lang='grc' dir='ltr'><strong>τῆς</strong></span> <span class='ocrx_word' id='word_1_470' title='bbox 2481 2518 2894 2590; x_wconf 70' lang='grc' dir='ltr'>ἀχειροποιήτω</span> <span class='ocrx_word' id='word_1_471' title='bbox 2936 2516 3149 2590; x_wconf 76' lang='grc' dir='ltr'>ἐκείνης</span> <span class='ocrx_word' id='word_1_472' title='bbox 3179 2516 3376 2582; x_wconf 88' lang='grc' dir='ltr'>οἰκίας,</span> <span class='ocrx_word' id='word_1_473' title='bbox 3424 2515 3548 2570; x_wconf 86' lang='grc' dir='ltr'>καθ’</span> <span class='ocrx_word' id='word_1_474' title='bbox 3577 2515 3756 2586; x_wconf 81' lang='grc' dir='ltr'>ὁμοιό·</span> 
     </span>
    </p>
   </div>
   <div class='ocr_carea' id='block_1_67' title="bbox 2178 2607 3756 2681">
    <p class='ocr_par' dir='ltr' id='par_1_67' title="bbox 2178 2607 3756 2681">
     <span class='ocr_line' id='line_1_67' title="bbox 2178 2607 3756 2681; baseline -0.001 -19"><span class='ocrx_word' id='word_1_475' title='bbox 2178 2625 2317 2681; x_wconf 87' lang='grc' dir='ltr'>τητα</span> <span class='ocrx_word' id='word_1_476' title='bbox 2355 2609 2464 2662; x_wconf 81' lang='grc' dir='ltr'><strong>τῶν</strong></span> <span class='ocrx_word' id='word_1_477' title='bbox 2515 2609 2611 2664; x_wconf 89' lang='grc' dir='ltr'><strong>νῦν</strong></span> <span class='ocrx_word' id='word_1_478' title='bbox 2667 2610 3102 2681; x_wconf 78' lang='grc' dir='ltr'>ἐπιφαινομένων</span> <span class='ocrx_word' id='word_1_479' title='bbox 3163 2610 3295 2681; x_wconf 79' lang='grc' dir='ltr'>ἡμῖν</span> <span class='ocrx_word' id='word_1_480' title='bbox 3345 2607 3710 2680; x_wconf 86' lang='grc' dir='ltr'>χαρακτήρων</span> <span class='ocrx_word' id='word_1_481' title='bbox 3739 2645 3756 2670; x_wconf 83' lang='grc'><strong>,</strong></span> 
     </span>
    </p>
   </div>
   <div class='ocr_carea' id='block_1_68' title="bbox 2180 2697 3757 2774">
    <p class='ocr_par' dir='ltr' id='par_1_68' title="bbox 2180 2697 3757 2774">
     <span class='ocr_line' id='line_1_68' title="bbox 2180 2697 3757 2774; baseline -0.004 -17"><span class='ocrx_word' id='word_1_482' title='bbox 2180 2702 2276 2757; x_wconf 72' lang='grc' dir='ltr'>καὶ</span> <span class='ocrx_word' id='word_1_483' title='bbox 2303 2701 2686 2774; x_wconf 88' lang='grc' dir='ltr'>διακρινόντων</span> <span class='ocrx_word' id='word_1_484' title='bbox 2727 2702 2878 2774; x_wconf 79' lang='grc' dir='ltr'>ήμᾶς</span> <span class='ocrx_word' id='word_1_485' title='bbox 2902 2701 2998 2754; x_wconf 87' lang='grc' dir='ltr'><strong>ἀπ’</strong></span> <span class='ocrx_word' id='word_1_486' title='bbox 3025 2701 3270 2773; x_wconf 86' lang='grc' dir='ltr'>ἀλλήλων</span> <span class='ocrx_word' id='word_1_487' title='bbox 3293 2701 3409 2765; x_wconf 81' lang='grc' dir='ltr'>τοῖς</span> <span class='ocrx_word' id='word_1_488' title='bbox 3451 2697 3757 2772; x_wconf 77' lang='grc' dir='ltr'>ίδιὼμασιν.</span> 
     </span>
    </p>
   </div>
   <div class='ocr_carea' id='block_1_69' title="bbox 2181 2791 3759 2866">
    <p class='ocr_par' dir='ltr' id='par_1_69' title="bbox 2181 2791 3759 2866">
     <span class='ocr_line' id='line_1_69' title="bbox 2181 2791 3759 2866; baseline -0.003 -20"><span class='ocrx_word' id='word_1_489' title='bbox 2181 2793 2258 2847; x_wconf 86' lang='grc' dir='ltr'><strong>Οὐ</strong></span> <span class='ocrx_word' id='word_1_490' title='bbox 2279 2791 2390 2865; x_wconf 83' lang='grc' dir='ltr'>γὰρ</span> <span class='ocrx_word' id='word_1_491' title='bbox 2421 2793 2588 2865; x_wconf 90' lang='grc' dir='ltr'>μόνης</span> <span class='ocrx_word' id='word_1_492' title='bbox 2617 2793 2716 2866; x_wconf 83' lang='grc' dir='ltr'><strong>τῆς</strong></span> <span class='ocrx_word' id='word_1_493' title='bbox 2745 2792 3093 2856; x_wconf 86' lang='grc' dir='ltr'>ἀναστάσεως</span> <span class='ocrx_word' id='word_1_494' title='bbox 3132 2793 3264 2864; x_wconf 82' lang='grc' dir='ltr'>ἡμῖν</span> <span class='ocrx_word' id='word_1_495' title='bbox 3293 2791 3443 2864; x_wconf 87' lang='grc' dir='ltr'><strong>παρά</strong></span> <span class='ocrx_word' id='word_1_496' title='bbox 3473 2792 3582 2846; x_wconf 86' lang='grc' dir='ltr'><strong>τῶν</strong></span> <span class='ocrx_word' id='word_1_497' title='bbox 3601 2791 3759 2846; x_wconf 87' lang='grc' dir='ltr'>θείων</span> 
     </span>
    </p>
   </div>
   <div class='ocr_carea' id='block_1_70' title="bbox 2180 2883 3760 2959">
    <p class='ocr_par' dir='ltr' id='par_1_70' title="bbox 2180 2883 3760 2959">
     <span class='ocr_line' id='line_1_70' title="bbox 2180 2883 3760 2959; baseline -0.002 -20"><span class='ocrx_word' id='word_1_498' title='bbox 2180 2885 2378 2956; x_wconf 85' lang='grc' dir='ltr'>λογίων</span> <span class='ocrx_word' id='word_1_499' title='bbox 2422 2885 2862 2959; x_wconf 82' lang='grc' dir='ltr'>κεκηρυγμένης,</span> <span class='ocrx_word' id='word_1_500' title='bbox 2905 2885 3041 2940; x_wconf 90' lang='grc' dir='ltr'><strong>ἀλλά</strong></span> <span class='ocrx_word' id='word_1_501' title='bbox 3087 2885 3184 2939; x_wconf 79' lang='grc' dir='ltr'>καὶ</span> <span class='ocrx_word' id='word_1_502' title='bbox 3223 2884 3287 2938; x_wconf 82' lang='grc' dir='ltr'>τὸ</span> <span class='ocrx_word' id='word_1_503' title='bbox 3326 2884 3436 2939; x_wconf 85' lang='grc' dir='ltr'>δεῖν</span> <span class='ocrx_word' id='word_1_504' title='bbox 3463 2883 3760 2954; x_wconf 80' lang='grc' dir='ltr'>ἀλλαγῆναι</span> 
     </span>
    </p>
   </div>
   <div class='ocr_carea' id='block_1_71' title="bbox 2181 2971 3759 3045">
    <p class='ocr_par' dir='ltr' id='par_1_71' title="bbox 2181 2971 3759 3045">
     <span class='ocr_line' id='line_1_71' title="bbox 2181 2971 3759 3045; baseline -0.003 -15"><span class='ocrx_word' id='word_1_505' title='bbox 2181 2979 2308 3041; x_wconf 85' lang='grc' dir='ltr'>τοὺς</span> <span class='ocrx_word' id='word_1_506' title='bbox 2340 2976 2818 3040; x_wconf 80' lang='grc' dir='ltr'>ἀνακαινισθέντας</span> <span class='ocrx_word' id='word_1_507' title='bbox 2853 2973 2943 3029; x_wconf 77' lang='grc' dir='ltr'>διὰ</span> <span class='ocrx_word' id='word_1_508' title='bbox 2967 2975 3068 3045; x_wconf 82' lang='grc' dir='ltr'><strong>τῆς</strong></span> <span class='ocrx_word' id='word_1_509' title='bbox 3095 2973 3463 3044; x_wconf 78' lang='grc' dir='ltr'>ἀναστάσεως,</span> <span class='ocrx_word' id='word_1_510' title='bbox 3489 2973 3586 3044; x_wconf 84' lang='grc' dir='ltr'><strong>τῆς</strong></span> <span class='ocrx_word' id='word_1_511' title='bbox 3616 2971 3759 3035; x_wconf 90' lang='grc' dir='ltr'>θείας</span> 
     </span>
    </p>
   </div>
   <div class='ocr_carea' id='block_1_72' title="bbox 2181 3063 3759 3141">
    <p class='ocr_par' dir='ltr' id='par_1_72' title="bbox 2181 3063 3759 3141">
     <span class='ocr_line' id='line_1_72' title="bbox 2181 3063 3759 3141; baseline -0.005 -17"><span class='ocrx_word' id='word_1_512' title='bbox 2181 3069 2587 3141; x_wconf 82' lang='grc' dir='ltr'>διεγγυωμένης</span> <span class='ocrx_word' id='word_1_513' title='bbox 2605 3067 2848 3138; x_wconf 84' lang='grc' dir='ltr'>Γραφῆς,</span> <span class='ocrx_word' id='word_1_514' title='bbox 2887 3066 3101 3136; x_wconf 82' lang='grc' dir='ltr'>ἀνάγκη</span> <span class='ocrx_word' id='word_1_515' title='bbox 3121 3067 3272 3120; x_wconf 79' lang='grc' dir='ltr'>πᾶσα</span> <span class='ocrx_word' id='word_1_516' title='bbox 3290 3063 3594 3138; x_wconf 83' lang='grc' dir='ltr'>κεκρύφθαι</span> <span class='ocrx_word' id='word_1_517' title='bbox 3621 3081 3759 3117; x_wconf 84' lang='grc' dir='ltr'>παν-</span> 
     </span>
    </p>
   </div>
   <div class='ocr_carea' id='block_1_73' title="bbox 2182 3153 3761 3229">
    <p class='ocr_par' dir='ltr' id='par_1_73' title="bbox 2182 3153 3761 3229">
     <span class='ocr_line' id='line_1_73' title="bbox 2182 3153 3761 3229; baseline -0.003 -15"><span class='ocrx_word' id='word_1_518' title='bbox 2182 3161 2388 3215; x_wconf 88' lang='grc' dir='ltr'>τάπασι</span> <span class='ocrx_word' id='word_1_519' title='bbox 2433 3161 2529 3214; x_wconf 72' lang='grc' dir='ltr'>καὶ</span> <span class='ocrx_word' id='word_1_520' title='bbox 2570 3157 2880 3229; x_wconf 79' lang='grc' dir='ltr'>ἀγνοεῖσθαι</span> <span class='ocrx_word' id='word_1_521' title='bbox 2913 3157 3049 3229; x_wconf 84' lang='grc' dir='ltr'>πρὸς</span> <span class='ocrx_word' id='word_1_522' title='bbox 3075 3157 3104 3210; x_wconf 79' lang='grc' dir='ltr'>ὅ</span> <span class='ocrx_word' id='word_1_523' title='bbox 3135 3173 3188 3210; x_wconf 88' lang='grc' dir='ltr'><strong>τι</strong></span> <span class='ocrx_word' id='word_1_524' title='bbox 3216 3155 3654 3227; x_wconf 83' lang='grc' dir='ltr'>ἀλλαγησόμεθα,</span> <span class='ocrx_word' id='word_1_525' title='bbox 3683 3153 3761 3225; x_wconf 82' lang='grc' dir='ltr'><strong>τῷ</strong></span> 
     </span>
    </p>
   </div>
   <div class='ocr_carea' id='block_1_74' title="bbox 2188 3247 3754 3324">
    <p class='ocr_par' dir='ltr' id='par_1_74' title="bbox 2188 3247 3754 3324">
     <span class='ocr_line' id='line_1_74' title="bbox 2188 3247 3754 3324; baseline -0.004 -17"><span class='ocrx_word' id='word_1_526' title='bbox 2188 3252 2354 3324; x_wconf 88' lang='grc' dir='ltr'>μηδὲν</span> <span class='ocrx_word' id='word_1_527' title='bbox 2375 3252 2677 3322; x_wconf 82' lang='grc' dir='ltr'>ὑπόδειγμα</span> <span class='ocrx_word' id='word_1_528' title='bbox 2690 3250 2799 3306; x_wconf 85' lang='grc' dir='ltr'><strong>τῶν</strong></span> <span class='ocrx_word' id='word_1_529' title='bbox 2829 3249 3196 3321; x_wconf 79' lang='grc' dir='ltr'>ἐλπιζομένων</span> <span class='ocrx_word' id='word_1_530' title='bbox 3224 3249 3281 3303; x_wconf 85' lang='grc' dir='ltr'><strong>ἐν</strong></span> <span class='ocrx_word' id='word_1_531' title='bbox 3300 3248 3376 3321; x_wconf 80' lang='grc' dir='ltr'>τῷ</span> <span class='ocrx_word' id='word_1_532' title='bbox 3404 3247 3501 3303; x_wconf 89' lang='grc' dir='ltr'><strong>νῦν</strong></span> <span class='ocrx_word' id='word_1_533' title='bbox 3526 3248 3754 3320; x_wconf 86' lang='grc' dir='ltr'>καθορᾶ-</span> 
     </span>
    </p>
   </div>
   <div class='ocr_carea' id='block_1_75' title="bbox 2186 3341 3762 3416">
    <p class='ocr_par' dir='ltr' id='par_1_75' title="bbox 2186 3341 3762 3416">
     <span class='ocr_line' id='line_1_75' title="bbox 2186 3341 3762 3416; baseline -0.004 -16"><span class='ocrx_word' id='word_1_534' title='bbox 2186 3347 2310 3403; x_wconf 87' lang='grc' dir='ltr'>σθαι</span> <span class='ocrx_word' id='word_1_535' title='bbox 2335 3346 2453 3416; x_wconf 83' lang='grc' dir='ltr'>βίῳ.</span> <span class='ocrx_word' id='word_1_536' title='bbox 2489 3344 2604 3398; x_wconf 88' lang='grc' dir='ltr'>Νῦν</span> <span class='ocrx_word' id='word_1_537' title='bbox 2637 3345 2734 3416; x_wconf 82' lang='grc' dir='ltr'>μὲν</span> <span class='ocrx_word' id='word_1_538' title='bbox 2764 3342 2873 3416; x_wconf 87' lang='grc' dir='ltr'><strong>γάρ</strong></span> <span class='ocrx_word' id='word_1_539' title='bbox 2901 3344 3009 3398; x_wconf 80' lang='grc' dir='ltr'>πᾶν</span> <span class='ocrx_word' id='word_1_540' title='bbox 3035 3343 3099 3397; x_wconf 86' lang='grc' dir='ltr'><strong>τὺ</strong></span> <span class='ocrx_word' id='word_1_541' title='bbox 3124 3342 3272 3414; x_wconf 75' lang='grc' dir='ltr'>παχὺ</span> <span class='ocrx_word' id='word_1_542' title='bbox 3296 3342 3391 3395; x_wconf 74' lang='grc' dir='ltr'>καὶ</span> <span class='ocrx_word' id='word_1_543' title='bbox 3421 3341 3762 3413; x_wconf 78' lang='grc' dir='ltr'>στερέμνιον,</span> 
     </span>
    </p>
   </div>
   <div class='ocr_carea' id='block_1_76' title="bbox 2185 3432 3763 3507">
    <p class='ocr_par' dir='ltr' id='par_1_76' title="bbox 2185 3432 3763 3507">
     <span class='ocr_line' id='line_1_76' title="bbox 2185 3432 3763 3507; baseline -0.003 -17"><span class='ocrx_word' id='word_1_544' title='bbox 2185 3441 2249 3492; x_wconf 89' lang='grc' dir='ltr'><strong>ἐκ</strong></span> <span class='ocrx_word' id='word_1_545' title='bbox 2281 3439 2494 3507; x_wconf 85' lang='grc' dir='ltr'>φύσεως</span> <span class='ocrx_word' id='word_1_546' title='bbox 2521 3437 2634 3507; x_wconf 82' lang='grc' dir='ltr'>ἔχει</span> <span class='ocrx_word' id='word_1_547' title='bbox 2666 3435 2765 3507; x_wconf 83' lang='grc' dir='ltr'>τὴν</span> <span class='ocrx_word' id='word_1_548' title='bbox 2788 3436 2880 3489; x_wconf 72' lang='grc' dir='ltr'>ἐπὶ</span> <span class='ocrx_word' id='word_1_549' title='bbox 2905 3436 2966 3489; x_wconf 83' lang='grc' dir='ltr'>τὸ</span> <span class='ocrx_word' id='word_1_550' title='bbox 2985 3435 3134 3490; x_wconf 88' lang='grc' dir='ltr'>κάτω</span> <span class='ocrx_word' id='word_1_551' title='bbox 3163 3434 3355 3506; x_wconf 86' lang='grc' dir='ltr'>φοράν.</span> <span class='ocrx_word' id='word_1_552' title='bbox 3387 3433 3519 3487; x_wconf 87' lang='grc' dir='ltr'>Τότε</span> <span class='ocrx_word' id='word_1_553' title='bbox 3547 3432 3604 3486; x_wconf 81' lang='grc' dir='ltr'><strong>δέ</strong></span> <span class='ocrx_word' id='word_1_554' title='bbox 3630 3432 3763 3500; x_wconf 75' lang='grc' dir='ltr'>πρὸς</span> 
     </span>
    </p>
   </div>
   <div class='ocr_carea' id='block_1_77' title="bbox 2183 3525 3764 3600">
    <p class='ocr_par' dir='ltr' id='par_1_77' title="bbox 2183 3525 3764 3600">
     <span class='ocr_line' id='line_1_77' title="bbox 2183 3525 3764 3600; baseline -0.003 -17"><span class='ocrx_word' id='word_1_555' title='bbox 2183 3530 2244 3583; x_wconf 82' lang='grc' dir='ltr'>τὸ</span> <span class='ocrx_word' id='word_1_556' title='bbox 2279 3527 2556 3600; x_wconf 81' lang='grc' dir='ltr'>ἀνωφερὲς</span> <span class='ocrx_word' id='word_1_557' title='bbox 2606 3528 2641 3598; x_wconf 84' lang='grc' dir='ltr'>ὴ</span> <span class='ocrx_word' id='word_1_558' title='bbox 2690 3526 3046 3599; x_wconf 83' lang='grc' dir='ltr'>μεταποίησις</span> <span class='ocrx_word' id='word_1_559' title='bbox 3093 3525 3189 3580; x_wconf 86' lang='grc' dir='ltr'><strong>τοῦ</strong></span> <span class='ocrx_word' id='word_1_560' title='bbox 3241 3525 3490 3596; x_wconf 86' lang='grc' dir='ltr'>σώματος</span> <span class='ocrx_word' id='word_1_561' title='bbox 3535 3525 3764 3594; x_wconf 89' lang='grc' dir='ltr'>γίνεται,</span> 
     </span>
    </p>
   </div>
   <div class='ocr_carea' id='block_1_78' title="bbox 2184 3615 3767 3688">
    <p class='ocr_par' dir='ltr' id='par_1_78' title="bbox 2184 3615 3767 3688">
     <span class='ocr_line' id='line_1_78' title="bbox 2184 3615 3767 3688; baseline -0.003 -14"><span class='ocrx_word' id='word_1_562' title='bbox 2184 3620 2356 3684; x_wconf 75' lang='grc' dir='ltr'>οὕτως</span> <span class='ocrx_word' id='word_1_563' title='bbox 2376 3619 2618 3683; x_wconf 77' lang='grc' dir='ltr'>εἰπόντος</span> <span class='ocrx_word' id='word_1_564' title='bbox 2647 3619 2743 3672; x_wconf 91' lang='grc' dir='ltr'><strong>τοῦ</strong></span> <span class='ocrx_word' id='word_1_565' title='bbox 2776 3617 2957 3687; x_wconf 87' lang='grc' dir='ltr'>λόγου,</span> <span class='ocrx_word' id='word_1_566' title='bbox 2987 3618 3071 3672; x_wconf 84' lang='grc' dir='ltr'>ὅτι</span> <span class='ocrx_word' id='word_1_567' title='bbox 3109 3615 3249 3688; x_wconf 87' lang='grc' dir='ltr'><strong>μετά</strong></span> <span class='ocrx_word' id='word_1_568' title='bbox 3274 3618 3336 3670; x_wconf 82' lang='grc' dir='ltr'><strong>τὸ</strong></span> <span class='ocrx_word' id='word_1_569' title='bbox 3353 3617 3651 3688; x_wconf 80' lang='grc' dir='ltr'>ἀλλαγῆναι</span> <span class='ocrx_word' id='word_1_570' title='bbox 3669 3616 3767 3688; x_wconf 77' lang='grc' dir='ltr'><strong>τήν</strong></span> 
     </span>
    </p>
   </div>
   <div class='ocr_carea' id='block_1_79' title="bbox 2187 3708 3766 3782">
    <p class='ocr_par' dir='ltr' id='par_1_79' title="bbox 2187 3708 3766 3782">
     <span class='ocr_line' id='line_1_79' title="bbox 2187 3708 3766 3782; baseline -0.003 -16"><span class='ocrx_word' id='word_1_571' title='bbox 2187 3711 2368 3782; x_wconf 88' lang='grc' dir='ltr'>φύσιν,</span> <span class='ocrx_word' id='word_1_572' title='bbox 2410 3713 2470 3765; x_wconf 82' lang='grc' dir='ltr'><strong>ἐν</strong></span> <span class='ocrx_word' id='word_1_573' title='bbox 2504 3713 2638 3766; x_wconf 84' lang='grc' dir='ltr'>πᾶσι</span> <span class='ocrx_word' id='word_1_574' title='bbox 2685 3712 2798 3774; x_wconf 85' lang='grc' dir='ltr'>τοῖς</span> <span class='ocrx_word' id='word_1_575' title='bbox 2865 3709 3260 3764; x_wconf 78' lang='grc' dir='ltr'>ἀναϐεϐιωκόσι</span> <span class='ocrx_word' id='word_1_576' title='bbox 3283 3708 3372 3763; x_wconf 85' lang='grc' dir='ltr'><strong>διὰ</strong></span> <span class='ocrx_word' id='word_1_577' title='bbox 3395 3708 3496 3778; x_wconf 83' lang='grc' dir='ltr'><strong>τῆς</strong></span> <span class='ocrx_word' id='word_1_578' title='bbox 3529 3708 3766 3762; x_wconf 82' lang='grc' dir='ltr'>ἀναστά-</span> 
     </span>
    </p>
   </div>
   <div class='ocr_carea' id='block_1_80' title="bbox 2188 3799 3765 3874">
    <p class='ocr_par' dir='ltr' id='par_1_80' title="bbox 2188 3799 3765 3874">
     <span class='ocr_line' id='line_1_80' title="bbox 2188 3799 3765 3874; baseline -0.004 -16"><span class='ocrx_word' id='word_1_579' title='bbox 2188 3821 2343 3867; x_wconf 82' lang='grc' dir='ltr'>σεως,</span> <span class='ocrx_word' id='word_1_580' title='bbox 2419 3803 2900 3874; x_wconf 69' lang='grc' dir='ltr'>Ἀρπαγησόμεθα</span> <span class='ocrx_word' id='word_1_581' title='bbox 2927 3803 2996 3856; x_wconf 75' lang='grc' dir='ltr'><strong>ἐν</strong></span> <span class='ocrx_word' id='word_1_582' title='bbox 3016 3803 3294 3871; x_wconf 70' lang='grc' dir='ltr'>νεφέλαις</span> <span class='ocrx_word' id='word_1_583' title='bbox 3316 3801 3404 3866; x_wconf 84' lang='grc' dir='ltr'><strong>είς</strong></span> <span class='ocrx_word' id='word_1_584' title='bbox 3425 3799 3765 3867; x_wconf 72' lang='grc' dir='ltr'>ἀπάντησιν</span> 
     </span>
    </p>
   </div>
   <div class='ocr_carea' id='block_1_81' title="bbox 2185 3891 3765 3964">
    <p class='ocr_par' dir='ltr' id='par_1_81' title="bbox 2185 3891 3765 3964">
     <span class='ocr_line' id='line_1_81' title="bbox 2185 3891 3765 3964; baseline -0.003 -15"><span class='ocrx_word' id='word_1_585' title='bbox 2185 3896 2291 3951; x_wconf 79' lang='grc' dir='ltr'><strong>τοῦ</strong></span> <span class='ocrx_word' id='word_1_586' title='bbox 2323 3896 2544 3964; x_wconf 78' lang='grc' dir='ltr'>Κυρίου</span> <span class='ocrx_word' id='word_1_587' title='bbox 2573 3897 2658 3961; x_wconf 82' lang='grc' dir='ltr'><strong>είς</strong></span> <span class='ocrx_word' id='word_1_588' title='bbox 2684 3893 2850 3964; x_wconf 82' lang='grc' dir='ltr'>ἀέρα·</span> <span class='ocrx_word' id='word_1_589' title='bbox 2883 3895 2982 3948; x_wconf 81' lang='grc' dir='ltr'><strong>καί</strong></span> <span class='ocrx_word' id='word_1_590' title='bbox 3015 3892 3167 3946; x_wconf 83' lang='grc' dir='ltr'>οὕτω</span> <span class='ocrx_word' id='word_1_591' title='bbox 3197 3891 3452 3945; x_wconf 79' lang='grc' dir='ltr'>πάντοτε</span> <span class='ocrx_word' id='word_1_592' title='bbox 3481 3891 3605 3945; x_wconf 86' lang='grc' dir='ltr'>σὺν</span> <span class='ocrx_word' id='word_1_593' title='bbox 3652 3893 3765 3944; x_wconf 78' lang='lat' dir='ltr'><strong>Ku-</strong></span> 
     </span>
    </p>
   </div>
   <div class='ocr_carea' id='block_1_82' title="bbox 518 3979 2097 4056">
    <p class='ocr_par' dir='ltr' id='par_1_82' title="bbox 518 3979 2079 4048">
     <span class='ocr_line' id='line_1_82' title="bbox 518 3979 2079 4048; baseline 0.01 -20"><span class='ocrx_word' id='word_1_594' title='bbox 518 3983 884 4032; x_wconf 89' lang='lat' dir='ltr'><strong>commutata:</strong></span> <span class='ocrx_word' id='word_1_595' title='bbox 924 3979 1214 4048; x_wconf 83' lang='lat' dir='ltr'><strong>Rapiemur</strong></span> <span class='ocrx_word' id='word_1_596' title='bbox 1253 3982 1306 4035; x_wconf 76' lang='lat' dir='ltr'><strong>in</strong></span> <span class='ocrx_word' id='word_1_597' title='bbox 1347 3983 1571 4038; x_wconf 78' lang='lat' dir='ltr'><strong>nubibus</strong></span> <span class='ocrx_word' id='word_1_598' title='bbox 1601 3985 1807 4040; x_wconf 81' lang='lat' dir='ltr'><strong>obviam</strong></span> <span class='ocrx_word' id='word_1_599' title='bbox 1851 3986 2079 4043; x_wconf 79' lang='lat' dir='ltr'><strong>Domino</strong></span> 
     </span>
    </p>
   </div>
   <div class='ocr_carea' id='block_1_83' title="bbox 2181 3979 3766 4056">
    <p class='ocr_par' dir='ltr' id='par_1_83' title="bbox 2181 3981 3766 4056">
     <span class='ocr_line' id='line_1_83' title="bbox 2181 3981 3766 4056; baseline -0.003 -16"><span class='ocrx_word' id='word_1_600' title='bbox 2181 3988 2290 4056; x_wconf 81' lang='grc' dir='ltr'>ρίῳ</span> <span class='ocrx_word' id='word_1_601' title='bbox 2311 3988 2590 4055; x_wconf 81' lang='grc' dir='ltr'>ἐσόμεθα.</span> <span class='ocrx_word' id='word_1_602' title='bbox 2623 3985 2688 4040; x_wconf 76' lang='lat' dir='ltr'><strong>Et</strong></span> <span class='ocrx_word' id='word_1_603' title='bbox 2719 3985 2901 4040; x_wconf 90' lang='grc' dir='ltr'>τοίνυν</span> <span class='ocrx_word' id='word_1_604' title='bbox 2953 3984 3047 4036; x_wconf 79' lang='grc' dir='ltr'>ἐπὶ</span> <span class='ocrx_word' id='word_1_605' title='bbox 3074 3981 3182 4036; x_wconf 88' lang='grc' dir='ltr'><strong>τῶν</strong></span> <span class='ocrx_word' id='word_1_606' title='bbox 3213 3981 3555 4050; x_wconf 76' lang='grc' dir='ltr'>ἀλλαγέντων</span> <span class='ocrx_word' id='word_1_607' title='bbox 3583 3981 3644 4036; x_wconf 81' lang='grc' dir='ltr'>τὸ</span> <span class='ocrx_word' id='word_1_608' title='bbox 3670 3981 3766 4052; x_wconf 84' lang='grc' dir='ltr'><strong>βά·-</strong></span> 
     </span>
    </p>
   </div>
   <div class='ocr_carea' id='block_1_84' title="bbox 517 4062 2082 4141">
    <p class='ocr_par' dir='ltr' id='par_1_84' title="bbox 517 4062 2082 4141">
     <span class='ocr_line' id='line_1_84' title="bbox 517 4062 2082 4141; baseline 0.009 -23"><span class='ocrx_word' id='word_1_609' title='bbox 517 4062 574 4118; x_wconf 71' lang='lat' dir='ltr'><strong>r&#39;n</strong></span> <span class='ocrx_word' id='word_1_610' title='bbox 611 4083 737 4121; x_wconf 82' lang='lat' dir='ltr'><strong>aera</strong></span> <span class='ocrx_word' id='word_1_611' title='bbox 771 4077 928 4138; x_wconf 79' lang='lat' dir='ltr'><strong>atque</strong></span> <span class='ocrx_word' id='word_1_612' title='bbox 984 4072 1059 4126; x_wconf 83' lang='lat' dir='ltr'><strong>ita</strong></span> <span class='ocrx_word' id='word_1_613' title='bbox 1110 4089 1311 4141; x_wconf 79' lang='lat' dir='ltr'><strong>semper</strong></span> <span class='ocrx_word' id='word_1_614' title='bbox 1362 4090 1476 4128; x_wconf 87' lang='lat' dir='ltr'><strong>cum</strong></span> <span class='ocrx_word' id='word_1_615' title='bbox 1525 4075 1752 4130; x_wconf 82' lang='lat' dir='ltr'><strong>Domino</strong></span> <span class='ocrx_word' id='word_1_616' title='bbox 1800 4075 2082 4132; x_wconf 75' lang='lat' dir='ltr'><strong>erimus&quot;.</strong></span> 
     </span>
    </p>
   </div>
   <div class='ocr_carea' id='block_1_85' title="bbox 521 4153 2086 4236">
    <p class='ocr_par' dir='ltr' id='par_1_85' title="bbox 521 4153 2086 4236">
     <span class='ocr_line' id='line_1_85' title="bbox 521 4153 2086 4236; baseline 0.01 -28"><span class='ocrx_word' id='word_1_617' title='bbox 521 4153 580 4210; x_wconf 84' lang='lat' dir='ltr'><strong>Si</strong></span> <span class='ocrx_word' id='word_1_618' title='bbox 619 4158 784 4229; x_wconf 87' lang='lat' dir='ltr'><strong>igitur</strong></span> <span class='ocrx_word' id='word_1_619' title='bbox 811 4161 908 4230; x_wconf 87' lang='lat' dir='ltr'><strong>qui</strong></span> <span class='ocrx_word' id='word_1_620' title='bbox 945 4163 1322 4230; x_wconf 79' lang='lat' dir='ltr'><strong>immutantur,</strong></span> <span class='ocrx_word' id='word_1_621' title='bbox 1346 4167 1597 4236; x_wconf 86' lang='lat' dir='ltr'><strong>corporis</strong></span> <span class='ocrx_word' id='word_1_622' title='bbox 1627 4167 1839 4236; x_wconf 88' lang='lat' dir='ltr'><strong>pondus</strong></span> <span class='ocrx_word' id='word_1_623' title='bbox 1863 4185 1970 4222; x_wconf 90' lang='lat' dir='ltr'><strong>non</strong></span> <span class='ocrx_word' id='word_1_624' title='bbox 1995 4184 2086 4224; x_wconf 66' lang='lat' dir='ltr'><strong>re»</strong></span> 
     </span>
    </p>
   </div>
   <div class='ocr_carea' id='block_1_86' title="bbox 521 4250 2086 4316">
    <p class='ocr_par' dir='ltr' id='par_1_86' title="bbox 521 4250 2086 4316">
     <span class='ocr_line' id='line_1_86' title="bbox 521 4250 2086 4316; baseline 0.007 -14"><span class='ocrx_word' id='word_1_625' title='bbox 521 4250 724 4316; x_wconf 87' lang='lat' dir='ltr'><strong>tinent,</strong></span> <span class='ocrx_word' id='word_1_626' title='bbox 739 4251 832 4306; x_wconf 87' lang='lat' dir='ltr'><strong>sed</strong></span> <span class='ocrx_word' id='word_1_627' title='bbox 847 4253 1170 4309; x_wconf 84' lang='lat' dir='ltr'><strong>diviniorem</strong></span> <span class='ocrx_word' id='word_1_628' title='bbox 1194 4256 1246 4308; x_wconf 92' lang='lat' dir='ltr'><strong>iu</strong></span> <span class='ocrx_word' id='word_1_629' title='bbox 1277 4264 1478 4310; x_wconf 85' lang='lat' dir='ltr'><strong>statum</strong></span> <span class='ocrx_word' id='word_1_630' title='bbox 1510 4259 1764 4313; x_wconf 89' lang='lat' dir='ltr'><strong>translati</strong></span> <span class='ocrx_word' id='word_1_631' title='bbox 1787 4258 2086 4313; x_wconf 89' lang='lat' dir='ltr'><strong>simulcum</strong></span> 
     </span>
    </p>
   </div>
   <div class='ocr_carea' id='block_1_87' title="bbox 520 4346 2089 4420">
    <p class='ocr_par' dir='ltr' id='par_1_87' title="bbox 520 4346 2089 4420">
     <span class='ocr_line' id='line_1_87' title="bbox 520 4346 2089 4420; baseline 0.006 -25"><span class='ocrx_word' id='word_1_632' title='bbox 520 4352 716 4396; x_wconf 86' lang='lat' dir='ltr'><strong>natura</strong></span> <span class='ocrx_word' id='word_1_633' title='bbox 748 4346 1066 4414; x_wconf 85' lang='lat' dir='ltr'><strong>incorporea</strong></span> <span class='ocrx_word' id='word_1_634' title='bbox 1099 4348 1152 4401; x_wconf 91' lang='lat' dir='ltr'><strong>in</strong></span> <span class='ocrx_word' id='word_1_635' title='bbox 1181 4348 1402 4402; x_wconf 84' lang='lat' dir='ltr'><strong>sublimi</strong></span> <span class='ocrx_word' id='word_1_636' title='bbox 1435 4358 1758 4416; x_wconf 90' lang='lat' dir='ltr'><strong>versantur;</strong></span> <span class='ocrx_word' id='word_1_637' title='bbox 1788 4349 1947 4420; x_wconf 88' lang='lat' dir='ltr'><strong>plane</strong></span> <span class='ocrx_word' id='word_1_638' title='bbox 1963 4365 2089 4406; x_wconf 87' lang='lat' dir='ltr'><strong>con-</strong></span> 
     </span>
    </p>
   </div>
   <div class='ocr_carea' id='block_1_88' title="bbox 2189 4071 3766 4149">
    <p class='ocr_par' dir='ltr' id='par_1_88' title="bbox 2189 4071 3766 4149">
     <span class='ocr_line' id='line_1_88' title="bbox 2189 4071 3766 4149; baseline -0.003 -18"><span class='ocrx_word' id='word_1_639' title='bbox 2189 4095 2281 4149; x_wconf 82' lang='grc' dir='ltr'><strong>ρος</strong></span> <span class='ocrx_word' id='word_1_640' title='bbox 2314 4076 2378 4131; x_wconf 87' lang='grc' dir='ltr'><strong>ού</strong></span> <span class='ocrx_word' id='word_1_641' title='bbox 2405 4076 2706 4148; x_wconf 82' lang='grc' dir='ltr'>παραμένει</span> <span class='ocrx_word' id='word_1_642' title='bbox 2739 4076 2815 4146; x_wconf 84' lang='grc' dir='ltr'>τῷ</span> <span class='ocrx_word' id='word_1_643' title='bbox 2871 4075 3102 4146; x_wconf 86' lang='grc' dir='ltr'>σώματι,</span> <span class='ocrx_word' id='word_1_644' title='bbox 3129 4071 3264 4127; x_wconf 82' lang='grc' dir='ltr'>ἀλλὰ</span> <span class='ocrx_word' id='word_1_645' title='bbox 3304 4087 3766 4144; x_wconf 87' lang='grc' dir='ltr'>συμμετεωροπο-</span> 
     </span>
    </p>
   </div>
   <div class='ocr_carea' id='block_1_89' title="bbox 2191 4161 3766 4241">
    <p class='ocr_par' dir='ltr' id='par_1_89' title="bbox 2191 4161 3766 4241">
     <span class='ocr_line' id='line_1_89' title="bbox 2191 4161 3766 4241; baseline -0.004 -19"><span class='ocrx_word' id='word_1_646' title='bbox 2191 4169 2342 4241; x_wconf 86' lang='grc' dir='ltr'>ροῦσι</span> <span class='ocrx_word' id='word_1_647' title='bbox 2392 4171 2460 4240; x_wconf 78' lang='grc' dir='ltr'>τῇ</span> <span class='ocrx_word' id='word_1_648' title='bbox 2509 4167 2786 4240; x_wconf 83' lang='grc' dir='ltr'>ἀσωμάτῳ</span> <span class='ocrx_word' id='word_1_649' title='bbox 2839 4166 2998 4238; x_wconf 89' lang='grc' dir='ltr'>φύσει</span> <span class='ocrx_word' id='word_1_650' title='bbox 3035 4166 3085 4219; x_wconf 81' lang='lat' dir='ltr'><strong>oi</strong></span> <span class='ocrx_word' id='word_1_651' title='bbox 3146 4163 3282 4236; x_wconf 81' lang='grc' dir='ltr'>πρὸς</span> <span class='ocrx_word' id='word_1_652' title='bbox 3345 4162 3442 4234; x_wconf 82' lang='grc' dir='ltr'>τὴν</span> <span class='ocrx_word' id='word_1_653' title='bbox 3485 4161 3766 4233; x_wconf 83' lang='grc' dir='ltr'>θειοτέραν</span> 
     </span>
    </p>
   </div>
   <div class='ocr_carea' id='block_1_90' title="bbox 2189 4254 3766 4332">
    <p class='ocr_par' dir='ltr' id='par_1_90' title="bbox 2189 4254 3766 4332">
     <span class='ocr_line' id='line_1_90' title="bbox 2189 4254 3766 4332; baseline -0.003 -19"><span class='ocrx_word' id='word_1_654' title='bbox 2189 4259 2762 4332; x_wconf 86' lang='grc' dir='ltr'>μεταστοιχειωθέντες</span> <span class='ocrx_word' id='word_1_655' title='bbox 2820 4258 3171 4313; x_wconf 83' lang='grc' dir='ltr'>κατάστασιν·</span> <span class='ocrx_word' id='word_1_656' title='bbox 3203 4255 3421 4319; x_wconf 73' lang='grc' dir='ltr'>πάντως</span> <span class='ocrx_word' id='word_1_657' title='bbox 3456 4255 3542 4309; x_wconf 82' lang='grc' dir='ltr'>ὅτι</span> <span class='ocrx_word' id='word_1_658' title='bbox 3575 4255 3668 4309; x_wconf 78' lang='grc' dir='ltr'>καὶ</span> <span class='ocrx_word' id='word_1_659' title='bbox 3694 4254 3766 4308; x_wconf 88' lang='grc' dir='ltr'><strong>τά</strong></span> 
     </span>
    </p>
   </div>
   <div class='ocr_carea' id='block_1_91' title="bbox 2187 4346 3767 4422">
    <p class='ocr_par' dir='ltr' id='par_1_91' title="bbox 2187 4346 3767 4422">
     <span class='ocr_line' id='line_1_91' title="bbox 2187 4346 3767 4422; baseline -0.003 -19"><span class='ocrx_word' id='word_1_660' title='bbox 2187 4350 2346 4404; x_wconf 81' lang='grc' dir='ltr'>λοιπά</span> <span class='ocrx_word' id='word_1_661' title='bbox 2369 4350 2476 4404; x_wconf 87' lang='grc' dir='ltr'><strong>τῶν</strong></span> <span class='ocrx_word' id='word_1_662' title='bbox 2501 4350 2802 4422; x_wconf 75' lang='grc' dir='ltr'>ἰδιωμάτων</span> <span class='ocrx_word' id='word_1_663' title='bbox 2830 4348 2923 4404; x_wconf 89' lang='grc' dir='ltr'><strong>τοῦ</strong></span> <span class='ocrx_word' id='word_1_664' title='bbox 2953 4349 3221 4420; x_wconf 79' lang='grc' dir='ltr'>σώματος,</span> <span class='ocrx_word' id='word_1_665' title='bbox 3250 4347 3390 4419; x_wconf 72' lang='grc' dir='ltr'>πρός.</span> <span class='ocrx_word' id='word_1_666' title='bbox 3415 4365 3467 4401; x_wconf 90' lang='grc' dir='ltr'><strong>τι</strong></span> <span class='ocrx_word' id='word_1_667' title='bbox 3493 4346 3604 4400; x_wconf 85' lang='grc' dir='ltr'><strong>τῶν</strong></span> <span class='ocrx_word' id='word_1_668' title='bbox 3627 4346 3767 4400; x_wconf 88' lang='grc' dir='ltr'>θειο-</span> 
     </span>
    </p>
   </div>
   <div class='ocr_carea' id='block_1_92' title="bbox 523 4437 2097 4512">
    <p class='ocr_par' dir='ltr' id='par_1_92' title="bbox 523 4438 2090 4511">
     <span class='ocr_line' id='line_1_92' title="bbox 523 4438 2090 4511; baseline 0.004 -23"><span class='ocrx_word' id='word_1_669' title='bbox 523 4443 845 4490; x_wconf 87' lang='lat' dir='ltr'><strong>sentaneum</strong></span> <span class='ocrx_word' id='word_1_670' title='bbox 875 4446 981 4499; x_wconf 90' lang='lat' dir='ltr'><strong>est,</strong></span> <span class='ocrx_word' id='word_1_671' title='bbox 1016 4447 1076 4491; x_wconf 89' lang='lat' dir='ltr'><strong>ut</strong></span> <span class='ocrx_word' id='word_1_672' title='bbox 1105 4438 1273 4499; x_wconf 92' lang='lat' dir='ltr'><strong>color,</strong></span> <span class='ocrx_word' id='word_1_673' title='bbox 1306 4440 1498 4508; x_wconf 74' lang='lat' dir='ltr'><strong>figura,</strong></span> <span class='ocrx_word' id='word_1_674' title='bbox 1535 4440 1998 4511; x_wconf 89' lang='lat' dir='ltr'><strong>circumscriptio,</strong></span> <span class='ocrx_word' id='word_1_675' title='bbox 2035 4449 2090 4496; x_wconf 89' lang='lat' dir='ltr'><strong>et</strong></span> 
     </span>
    </p>
   </div>
   <div class='ocr_carea' id='block_1_93' title="bbox 2181 4437 3768 4512">
    <p class='ocr_par' dir='ltr' id='par_1_93' title="bbox 2192 4437 3768 4512">
     <span class='ocr_line' id='line_1_93' title="bbox 2192 4437 3768 4512; baseline -0.003 -18"><span class='ocrx_word' id='word_1_676' title='bbox 2192 4439 2366 4511; x_wconf 80' lang='grc' dir='ltr'>τέρων</span> <span class='ocrx_word' id='word_1_677' title='bbox 2396 4440 2871 4512; x_wconf 80' lang='grc' dir='ltr'>συμμετατίθεται,</span> <span class='ocrx_word' id='word_1_678' title='bbox 2901 4439 2962 4492; x_wconf 80' lang='grc' dir='ltr'>τὸ</span> <span class='ocrx_word' id='word_1_679' title='bbox 2988 4437 3206 4509; x_wconf 83' lang='grc' dir='ltr'>χρῶμα,</span> <span class='ocrx_word' id='word_1_680' title='bbox 3238 4437 3299 4490; x_wconf 84' lang='grc' dir='ltr'>τὸ</span> <span class='ocrx_word' id='word_1_681' title='bbox 3329 4437 3533 4508; x_wconf 85' lang='grc' dir='ltr'>σχῆμα,</span> <span class='ocrx_word' id='word_1_682' title='bbox 3555 4438 3590 4506; x_wconf 81' lang='grc' dir='ltr'><strong>ἡ</strong></span> <span class='ocrx_word' id='word_1_683' title='bbox 3614 4453 3768 4508; x_wconf 89' lang='grc' dir='ltr'>περι-</span> 
     </span>
    </p>
   </div>
   <div class='ocr_carea' id='block_1_94' title="bbox 517 4527 2094 4598">
    <p class='ocr_par' dir='ltr' id='par_1_94' title="bbox 517 4527 2094 4598">
     <span class='ocr_line' id='line_1_94' title="bbox 517 4527 2094 4598; baseline 0.002 -17"><span class='ocrx_word' id='word_1_684' title='bbox 517 4527 747 4596; x_wconf 76' lang='lat' dir='ltr'><strong>reliqua:</strong></span> <span class='ocrx_word' id='word_1_685' title='bbox 789 4529 1040 4598; x_wconf 86' lang='lat' dir='ltr'><strong>corporis</strong></span> <span class='ocrx_word' id='word_1_686' title='bbox 1069 4529 1428 4598; x_wconf 87' lang='lat' dir='ltr'><strong>proprietates</strong></span> <span class='ocrx_word' id='word_1_687' title='bbox 1467 4529 1650 4594; x_wconf 89' lang='lat' dir='ltr'><strong>aliqua</strong></span> <span class='ocrx_word' id='word_1_688' title='bbox 1698 4530 1912 4586; x_wconf 88' lang='lat' dir='ltr'><strong>ratione</strong></span> <span class='ocrx_word' id='word_1_689' title='bbox 1955 4530 2094 4586; x_wconf 91' lang='lat' dir='ltr'><strong>divi-</strong></span> 
     </span>
    </p>
   </div>
   <div class='ocr_carea' id='block_1_95' title="bbox 523 4619 2092 4678">
    <p class='ocr_par' dir='ltr' id='par_1_95' title="bbox 523 4619 2092 4678">
     <span class='ocr_line' id='line_1_95' title="bbox 523 4619 2092 4678; baseline 0.005 -8"><span class='ocrx_word' id='word_1_690' title='bbox 523 4619 673 4672; x_wconf 86' lang='lat' dir='ltr'><strong>nitus</strong></span> <span class='ocrx_word' id='word_1_691' title='bbox 721 4628 1145 4674; x_wconf 77' lang='lat' dir='ltr'><strong>committentur.</strong></span> <span class='ocrx_word' id='word_1_692' title='bbox 1199 4619 1405 4674; x_wconf 83' lang='lat' dir='ltr'><strong>Idcirco</strong></span> <span class='ocrx_word' id='word_1_693' title='bbox 1437 4621 1650 4676; x_wconf 89' lang='lat' dir='ltr'><strong>tametsi</strong></span> <span class='ocrx_word' id='word_1_694' title='bbox 1702 4621 1952 4678; x_wconf 81' lang='lat' dir='ltr'><strong>videmus</strong></span> <span class='ocrx_word' id='word_1_695' title='bbox 1983 4637 2092 4678; x_wconf 89' lang='lat' dir='ltr'><strong>non</strong></span> 
     </span>
    </p>
   </div>
   <div class='ocr_carea' id='block_1_96' title="bbox 522 4711 2089 4781">
    <p class='ocr_par' dir='ltr' id='par_1_96' title="bbox 522 4711 2089 4781">
     <span class='ocr_line' id='line_1_96' title="bbox 522 4711 2089 4781; baseline 0.001 -17"><span class='ocrx_word' id='word_1_696' title='bbox 522 4724 645 4765; x_wconf 89' lang='lat' dir='ltr'><strong>esse</strong></span> <span class='ocrx_word' id='word_1_697' title='bbox 672 4711 1065 4772; x_wconf 82' lang='lat' dir='ltr'><strong>necessarium,</strong></span> <span class='ocrx_word' id='word_1_698' title='bbox 1106 4719 1161 4764; x_wconf 91' lang='lat' dir='ltr'><strong>ut</strong></span> <span class='ocrx_word' id='word_1_699' title='bbox 1192 4711 1245 4764; x_wconf 90' lang='lat' dir='ltr'><strong>in</strong></span> <span class='ocrx_word' id='word_1_700' title='bbox 1300 4711 1387 4775; x_wconf 91' lang='lat' dir='ltr'><strong>iis,</strong></span> <span class='ocrx_word' id='word_1_701' title='bbox 1417 4711 1511 4781; x_wconf 89' lang='lat' dir='ltr'><strong>qui</strong></span> <span class='ocrx_word' id='word_1_702' title='bbox 1544 4713 1951 4768; x_wconf 89' lang='lat' dir='ltr'><strong>resurrectione</strong></span> <span class='ocrx_word' id='word_1_703' title='bbox 1983 4713 2089 4767; x_wconf 86' lang='lat' dir='ltr'><strong>im-</strong></span> 
     </span>
    </p>
   </div>
   <div class='ocr_carea' id='block_1_97' title="bbox 523 4801 2092 4872">
    <p class='ocr_par' dir='ltr' id='par_1_97' title="bbox 523 4801 2092 4872">
     <span class='ocr_line' id='line_1_97' title="bbox 523 4801 2092 4872; baseline 0.003 -19"><span class='ocrx_word' id='word_1_704' title='bbox 523 4801 904 4867; x_wconf 85' lang='lat' dir='ltr'><strong>mutabuntur,</strong></span> <span class='ocrx_word' id='word_1_705' title='bbox 959 4802 1066 4857; x_wconf 88' lang='lat' dir='ltr'><strong>ulla</strong></span> <span class='ocrx_word' id='word_1_706' title='bbox 1123 4802 1394 4872; x_wconf 86' lang='lat' dir='ltr'><strong>ejusmodi</strong></span> <span class='ocrx_word' id='word_1_707' title='bbox 1452 4810 1710 4872; x_wconf 88' lang='lat' dir='ltr'><strong>appareat</strong></span> <span class='ocrx_word' id='word_1_708' title='bbox 1765 4803 2092 4870; x_wconf 75' lang='lat' dir='ltr'><strong>diﬂ‘erentia,</strong></span> 
     </span>
    </p>
   </div>
   <div class='ocr_carea' id='block_1_98' title="bbox 524 4893 2086 4965">
    <p class='ocr_par' dir='ltr' id='par_1_98' title="bbox 524 4893 2086 4965">
     <span class='ocr_line' id='line_1_98' title="bbox 524 4893 2086 4965; baseline 0.003 -18"><span class='ocrx_word' id='word_1_709' title='bbox 524 4893 738 4963; x_wconf 84' lang='lat' dir='ltr'><strong>qualem</strong></span> <span class='ocrx_word' id='word_1_710' title='bbox 785 4902 1006 4965; x_wconf 88' lang='lat' dir='ltr'><strong>propter</strong></span> <span class='ocrx_word' id='word_1_711' title='bbox 1043 4909 1254 4959; x_wconf 88' lang='lat' dir='ltr'><strong>eorum,</strong></span> <span class='ocrx_word' id='word_1_712' title='bbox 1298 4894 1392 4963; x_wconf 88' lang='lat' dir='ltr'><strong>qui</strong></span> <span class='ocrx_word' id='word_1_713' title='bbox 1439 4895 1765 4963; x_wconf 89' lang='lat' dir='ltr'><strong>succedunt,</strong></span> <span class='ocrx_word' id='word_1_714' title='bbox 1819 4894 2086 4962; x_wconf 91' lang='lat' dir='ltr'><strong>ordinem,</strong></span> 
     </span>
    </p>
   </div>
   <div class='ocr_carea' id='block_1_99' title="bbox 525 4987 2092 5057">
    <p class='ocr_par' dir='ltr' id='par_1_99' title="bbox 525 4987 2092 5057">
     <span class='ocr_line' id='line_1_99' title="bbox 525 4987 2092 5057; baseline 0.001 -18"><span class='ocrx_word' id='word_1_715' title='bbox 525 4987 839 5042; x_wconf 86' lang='lat' dir='ltr'><strong>necessario</strong></span> <span class='ocrx_word' id='word_1_716' title='bbox 874 4996 1068 5042; x_wconf 87' lang='lat' dir='ltr'><strong>natura</strong></span> <span class='ocrx_word' id='word_1_717' title='bbox 1109 5001 1256 5042; x_wconf 89' lang='lat' dir='ltr'><strong>nunc</strong></span> <span class='ocrx_word' id='word_1_718' title='bbox 1288 4987 1471 5055; x_wconf 89' lang='lat' dir='ltr'><strong>habet,</strong></span> <span class='ocrx_word' id='word_1_719' title='bbox 1503 5003 1610 5042; x_wconf 91' lang='lat' dir='ltr'><strong>non</strong></span> <span class='ocrx_word' id='word_1_720' title='bbox 1669 4995 1849 5042; x_wconf 87' lang='lat' dir='ltr'><strong>tamen</strong></span> <span class='ocrx_word' id='word_1_721' title='bbox 1894 5001 2092 5057; x_wconf 87' lang='lat' dir='ltr'><strong>possu-</strong></span> 
     </span>
    </p>
   </div>
   <div class='ocr_carea' id='block_1_100' title="bbox 526 5078 2090 5149">
    <p class='ocr_par' dir='ltr' id='par_1_100' title="bbox 526 5078 2090 5149">
     <span class='ocr_line' id='line_1_100' title="bbox 526 5078 2090 5149; baseline -0.001 -17"><span class='ocrx_word' id='word_1_722' title='bbox 526 5093 654 5135; x_wconf 81' lang='lat' dir='ltr'><strong>mus</strong></span> <span class='ocrx_word' id='word_1_723' title='bbox 675 5079 949 5148; x_wconf 83' lang='lat' dir='ltr'><strong>explicare</strong></span> <span class='ocrx_word' id='word_1_724' title='bbox 977 5078 1165 5149; x_wconf 89' lang='lat' dir='ltr'><strong>quales</strong></span> <span class='ocrx_word' id='word_1_725' title='bbox 1196 5078 1364 5133; x_wconf 80' lang='lat' dir='ltr'><strong>futuri</strong></span> <span class='ocrx_word' id='word_1_726' title='bbox 1392 5079 1503 5133; x_wconf 91' lang='lat' dir='ltr'><strong>sint</strong></span> <span class='ocrx_word' id='word_1_727' title='bbox 1529 5079 1580 5132; x_wconf 94' lang='lat' dir='ltr'><strong>in</strong></span> <span class='ocrx_word' id='word_1_728' title='bbox 1641 5079 1731 5132; x_wconf 90' lang='lat' dir='ltr'><strong>illa</strong></span> <span class='ocrx_word' id='word_1_729' title='bbox 1787 5086 2090 5133; x_wconf 84' lang='lat' dir='ltr'><strong>commuta-</strong></span> 
     </span>
    </p>
   </div>
   <div class='ocr_carea' id='block_1_101' title="bbox 524 5162 2090 5239">
    <p class='ocr_par' dir='ltr' id='par_1_101' title="bbox 524 5162 2090 5239">
     <span class='ocr_line' id='line_1_101' title="bbox 524 5162 2090 5239; baseline 0 -18"><span class='ocrx_word' id='word_1_730' title='bbox 524 5169 691 5224; x_wconf 89' lang='lat' dir='ltr'><strong>tione.</strong></span> <span class='ocrx_word' id='word_1_731' title='bbox 727 5162 905 5225; x_wconf 88' lang='lat' dir='ltr'><strong>Unum</strong></span> <span class='ocrx_word' id='word_1_732' title='bbox 936 5168 1154 5239; x_wconf 92' lang='lat' dir='ltr'><strong>quidem</strong></span> <span class='ocrx_word' id='word_1_733' title='bbox 1183 5168 1298 5224; x_wconf 78' lang='lat' dir='ltr'><strong>fore</strong></span> <span class='ocrx_word' id='word_1_734' title='bbox 1325 5167 1568 5223; x_wconf 89' lang='lat' dir='ltr'><strong>omnium</strong></span> <span class='ocrx_word' id='word_1_735' title='bbox 1595 5182 1788 5238; x_wconf 88' lang='lat' dir='ltr'><strong>genus,</strong></span> <span class='ocrx_word' id='word_1_736' title='bbox 1813 5182 2090 5236; x_wconf 90' lang='lat' dir='ltr'><strong>unumque</strong></span> 
     </span>
    </p>
   </div>
   <div class='ocr_carea' id='block_1_102' title="bbox 525 5256 2095 5328">
    <p class='ocr_par' dir='ltr' id='par_1_102' title="bbox 525 5256 2095 5328">
     <span class='ocr_line' id='line_1_102' title="bbox 525 5256 2095 5328; baseline 0.001 -19"><span class='ocrx_word' id='word_1_737' title='bbox 525 5256 731 5313; x_wconf 79' lang='lat' dir='ltr'><strong>Christi</strong></span> <span class='ocrx_word' id='word_1_738' title='bbox 782 5273 983 5328; x_wconf 91' lang='lat' dir='ltr'><strong>corpus</strong></span> <span class='ocrx_word' id='word_1_739' title='bbox 1014 5257 1228 5314; x_wconf 83' lang='lat' dir='ltr'><strong>futuros</strong></span> <span class='ocrx_word' id='word_1_740' title='bbox 1259 5272 1470 5324; x_wconf 87' lang='lat' dir='ltr'><strong>omnes,</strong></span> <span class='ocrx_word' id='word_1_741' title='bbox 1525 5265 1688 5326; x_wconf 88' lang='lat' dir='ltr'><strong>atque</strong></span> <span class='ocrx_word' id='word_1_742' title='bbox 1721 5271 1884 5310; x_wconf 89' lang='lat' dir='ltr'><strong>unam</strong></span> <span class='ocrx_word' id='word_1_743' title='bbox 1917 5259 2095 5311; x_wconf 88' lang='lat' dir='ltr'><strong>omni-</strong></span> 
     </span>
    </p>
   </div>
   <div class='ocr_carea' id='block_1_103' title="bbox 527 5346 2095 5418">
    <p class='ocr_par' dir='ltr' id='par_1_103' title="bbox 527 5346 2095 5418">
     <span class='ocr_line' id='line_1_103' title="bbox 527 5346 2095 5418; baseline -0.001 -16"><span class='ocrx_word' id='word_1_744' title='bbox 527 5346 632 5402; x_wconf 85' lang='lat' dir='ltr'><strong>bus</strong></span> <span class='ocrx_word' id='word_1_745' title='bbox 702 5346 931 5402; x_wconf 82' lang='lat' dir='ltr'><strong>formam</strong></span> <span class='ocrx_word' id='word_1_746' title='bbox 999 5347 1435 5418; x_wconf 89' lang='lat' dir='ltr'><strong>imprimendam,</strong></span> <span class='ocrx_word' id='word_1_747' title='bbox 1510 5347 1694 5401; x_wconf 87' lang='lat' dir='ltr'><strong>divina</strong></span> <span class='ocrx_word' id='word_1_748' title='bbox 1760 5347 1817 5401; x_wconf 93' lang='lat' dir='ltr'><strong>in</strong></span> <span class='ocrx_word' id='word_1_749' title='bbox 1875 5346 2095 5400; x_wconf 87' lang='lat' dir='ltr'><strong>cunctis</strong></span> 
     </span>
    </p>
   </div>
   <div class='ocr_carea' id='block_1_104' title="bbox 531 5437 2094 5510">
    <p class='ocr_par' dir='ltr' id='par_1_104' title="bbox 531 5437 2094 5510">
     <span class='ocr_line' id='line_1_104' title="bbox 531 5437 2094 5510; baseline 0.001 -20"><span class='ocrx_word' id='word_1_750' title='bbox 531 5437 765 5508; x_wconf 87' lang='lat' dir='ltr'><strong>imagine</strong></span> <span class='ocrx_word' id='word_1_751' title='bbox 791 5442 1070 5510; x_wconf 66' lang='lat' dir='ltr'><strong>aequaliter</strong></span> <span class='ocrx_word' id='word_1_752' title='bbox 1107 5441 1375 5509; x_wconf 86' lang='lat' dir='ltr'><strong>elucentc,</strong></span> <span class='ocrx_word' id='word_1_753' title='bbox 1403 5456 1509 5496; x_wconf 88' lang='lat' dir='ltr'><strong>non</strong></span> <span class='ocrx_word' id='word_1_754' title='bbox 1543 5439 1886 5510; x_wconf 86' lang='lat' dir='ltr'><strong>ambigimus.</strong></span> <span class='ocrx_word' id='word_1_755' title='bbox 1910 5438 2094 5509; x_wconf 84' lang='lat' dir='ltr'><strong>quue,</strong></span> 
     </span>
    </p>
   </div>
   <div class='ocr_carea' id='block_1_105' title="bbox 529 5529 2101 5604">
    <p class='ocr_par' dir='ltr' id='par_1_105' title="bbox 529 5529 2101 5604">
     <span class='ocr_line' id='line_1_105' title="bbox 529 5529 2101 5604; baseline 0.003 -23"><span class='ocrx_word' id='word_1_756' title='bbox 529 5529 676 5599; x_wconf 81' lang='lat' dir='ltr'><strong>quod</strong></span> <span class='ocrx_word' id='word_1_757' title='bbox 709 5532 895 5584; x_wconf 84' lang='lat' dir='ltr'><strong>talium</strong></span> <span class='ocrx_word' id='word_1_758' title='bbox 929 5534 1317 5604; x_wconf 88' lang='lat' dir='ltr'><strong>proprietatum</strong></span> <span class='ocrx_word' id='word_1_759' title='bbox 1355 5534 1474 5588; x_wconf 89' lang='lat' dir='ltr'><strong>loco</strong></span> <span class='ocrx_word' id='word_1_760' title='bbox 1534 5533 1588 5586; x_wconf 93' lang='lat' dir='ltr'><strong>in</strong></span> <span class='ocrx_word' id='word_1_761' title='bbox 1641 5539 1849 5587; x_wconf 65' lang='lat' dir='ltr'><strong>natura:</strong></span> <span class='ocrx_word' id='word_1_762' title='bbox 1910 5532 2101 5586; x_wconf 84' lang='lat' dir='ltr'><strong>immu-</strong></span> 
     </span>
    </p>
   </div>
   <div class='ocr_carea' id='block_1_106' title="bbox 607 5716 1242 5790">
    <p class='ocr_par' dir='ltr' id='par_1_106' title="bbox 607 5716 1242 5790">
     <span class='ocr_line' id='line_1_106' title="bbox 607 5716 1242 5790; baseline 0.008 -21"><span class='ocrx_word' id='word_1_763' title='bbox 607 5716 654 5747; x_wconf 70' lang='lat'><strong>&#39;*</strong></span> <span class='ocrx_word' id='word_1_764' title='bbox 683 5717 878 5788; x_wconf 79' lang='lat' dir='ltr'><strong>Ephes.</strong></span> <span class='ocrx_word' id='word_1_765' title='bbox 923 5737 996 5786; x_wconf 77' lang='lat' dir='ltr'><strong>vr,</strong></span> <span class='ocrx_word' id='word_1_766' title='bbox 1033 5719 1094 5774; x_wconf 78' lang='grc'><strong>15</strong></span> <span class='ocrx_word' id='word_1_767' title='bbox 1123 5736 1242 5790; x_wconf 84' lang='lat' dir='ltr'><strong>sqq.</strong></span> 
     </span>
    </p>
   </div>
   <div class='ocr_carea' id='block_1_107' title="bbox 2190 4527 3767 4602">
    <p class='ocr_par' dir='ltr' id='par_1_107' title="bbox 2190 4527 3767 4602">
     <span class='ocr_line' id='line_1_107' title="bbox 2190 4527 3767 4602; baseline -0.003 -17"><span class='ocrx_word' id='word_1_768' title='bbox 2190 4532 2398 4602; x_wconf 81' lang='grc' dir='ltr'>γραφὴ,</span> <span class='ocrx_word' id='word_1_769' title='bbox 2464 4531 2559 4585; x_wconf 75' lang='grc' dir='ltr'><strong>καὶ</strong></span> <span class='ocrx_word' id='word_1_770' title='bbox 2609 4531 2676 4585; x_wconf 82' lang='grc' dir='ltr'><strong>τὰ</strong></span> <span class='ocrx_word' id='word_1_771' title='bbox 2723 4530 2843 4584; x_wconf 86' lang='grc' dir='ltr'>καθ’</span> <span class='ocrx_word' id='word_1_772' title='bbox 2876 4531 3106 4584; x_wconf 74' lang='grc' dir='ltr'>ἕκαστον</span> <span class='ocrx_word' id='word_1_773' title='bbox 3143 4529 3344 4584; x_wconf 91' lang='grc' dir='ltr'>πάντα.</span> <span class='ocrx_word' id='word_1_774' title='bbox 3374 4527 3578 4582; x_wconf 83' lang='grc' dir='ltr'>Τούτου</span> <span class='ocrx_word' id='word_1_775' title='bbox 3607 4527 3767 4599; x_wconf 86' lang='grc' dir='ltr'>χάριν</span> 
     </span>
    </p>
   </div>
   <div class='ocr_carea' id='block_1_108' title="bbox 2189 4617 3768 4694">
    <p class='ocr_par' dir='ltr' id='par_1_108' title="bbox 2189 4617 3768 4694">
     <span class='ocr_line' id='line_1_108' title="bbox 2189 4617 3768 4694; baseline -0.003 -20"><span class='ocrx_word' id='word_1_776' title='bbox 2189 4622 2447 4692; x_wconf 83' lang='grc' dir='ltr'>οὐδεμίαν</span> <span class='ocrx_word' id='word_1_777' title='bbox 2475 4623 2720 4693; x_wconf 87' lang='grc' dir='ltr'>ἀνάγκην</span> <span class='ocrx_word' id='word_1_778' title='bbox 2737 4621 2950 4694; x_wconf 83' lang='grc' dir='ltr'>ὁρῶμεν</span> <span class='ocrx_word' id='word_1_779' title='bbox 2982 4622 3093 4686; x_wconf 82' lang='grc' dir='ltr'>τοῖς</span> <span class='ocrx_word' id='word_1_780' title='bbox 3114 4621 3391 4688; x_wconf 83' lang='grc' dir='ltr'>ἀλλαγεῖσι</span> <span class='ocrx_word' id='word_1_781' title='bbox 3412 4619 3499 4673; x_wconf 83' lang='grc' dir='ltr'><strong>διὰ</strong></span> <span class='ocrx_word' id='word_1_782' title='bbox 3517 4619 3614 4689; x_wconf 86' lang='grc' dir='ltr'><strong>τῆς</strong></span> <span class='ocrx_word' id='word_1_783' title='bbox 3636 4617 3768 4672; x_wconf 74' lang='grc' dir='ltr'>ἀναο</span> 
     </span>
    </p>
   </div>
   <div class='ocr_carea' id='block_1_109' title="bbox 2192 4707 3767 4786">
    <p class='ocr_par' dir='ltr' id='par_1_109' title="bbox 2192 4707 3767 4786">
     <span class='ocr_line' id='line_1_109' title="bbox 2192 4707 3767 4786; baseline -0.002 -19"><span class='ocrx_word' id='word_1_784' title='bbox 2192 4715 2430 4777; x_wconf 82' lang='grc' dir='ltr'>στάσεως</span> <span class='ocrx_word' id='word_1_785' title='bbox 2460 4713 2841 4786; x_wconf 83' lang='grc' dir='ltr'>ἐνθεωρεῖσθαι</span> <span class='ocrx_word' id='word_1_786' title='bbox 2863 4713 2960 4784; x_wconf 82' lang='grc' dir='ltr'>τὴν</span> <span class='ocrx_word' id='word_1_787' title='bbox 2991 4712 3244 4783; x_wconf 84' lang='grc' dir='ltr'>τοιαύτην</span> <span class='ocrx_word' id='word_1_788' title='bbox 3264 4710 3549 4782; x_wconf 85' lang='grc' dir='ltr'>διαφοράν,</span> <span class='ocrx_word' id='word_1_789' title='bbox 3569 4711 3636 4780; x_wconf 85' lang='grc' dir='ltr'><strong>ῆν</strong></span> <span class='ocrx_word' id='word_1_790' title='bbox 3671 4707 3767 4764; x_wconf 87' lang='grc' dir='ltr'><strong>νῦν</strong></span> 
     </span>
    </p>
   </div>
   <div class='ocr_carea' id='block_1_110' title="bbox 2189 4798 3768 4876">
    <p class='ocr_par' dir='ltr' id='par_1_110' title="bbox 2189 4798 3768 4876">
     <span class='ocr_line' id='line_1_110' title="bbox 2189 4798 3768 4876; baseline -0.005 -18"><span class='ocrx_word' id='word_1_791' title='bbox 2189 4803 2276 4858; x_wconf 82' lang='grc' dir='ltr'><strong>διά</strong></span> <span class='ocrx_word' id='word_1_792' title='bbox 2337 4805 2435 4876; x_wconf 83' lang='grc' dir='ltr'>τὴν</span> <span class='ocrx_word' id='word_1_793' title='bbox 2477 4803 2586 4857; x_wconf 84' lang='grc' dir='ltr'><strong>τῶν</strong></span> <span class='ocrx_word' id='word_1_794' title='bbox 2648 4804 3043 4874; x_wconf 78' lang='grc' dir='ltr'>ἐπιγινομένων</span> <span class='ocrx_word' id='word_1_795' title='bbox 3091 4801 3410 4857; x_wconf 86' lang='grc' dir='ltr'>ἀκολουθίαν</span> <span class='ocrx_word' id='word_1_796' title='bbox 3455 4798 3768 4867; x_wconf 84' lang='grc' dir='ltr'>ἀναγκαίως</span> 
     </span>
    </p>
   </div>
   <div class='ocr_carea' id='block_1_111' title="bbox 2196 4889 3768 4966">
    <p class='ocr_par' dir='ltr' id='par_1_111' title="bbox 2196 4889 3768 4966">
     <span class='ocr_line' id='line_1_111' title="bbox 2196 4889 3768 4966; baseline -0.005 -18"><span class='ocrx_word' id='word_1_797' title='bbox 2196 4894 2353 4966; x_wconf 77' lang='grc' dir='ltr'>ἔσχεν</span> <span class='ocrx_word' id='word_1_798' title='bbox 2385 4896 2419 4966; x_wconf 79' lang='grc' dir='ltr'>ἡ</span> <span class='ocrx_word' id='word_1_799' title='bbox 2443 4894 2622 4964; x_wconf 85' lang='grc' dir='ltr'>φύσις.</span> <span class='ocrx_word' id='word_1_800' title='bbox 2657 4893 2794 4948; x_wconf 76' lang='grc' dir='ltr'>Οὔτε</span> <span class='ocrx_word' id='word_1_801' title='bbox 2829 4897 2954 4966; x_wconf 81' lang='grc' dir='ltr'>μὴν.</span> <span class='ocrx_word' id='word_1_802' title='bbox 2982 4895 3067 4948; x_wconf 79' lang='grc' dir='ltr'>ὅτι</span> <span class='ocrx_word' id='word_1_803' title='bbox 3088 4894 3189 4949; x_wconf 80' lang='grc' dir='ltr'><strong>οῦκ</strong></span> <span class='ocrx_word' id='word_1_804' title='bbox 3210 4894 3383 4958; x_wconf 69' lang='grc' dir='ltr'>ἔσται,</span> <span class='ocrx_word' id='word_1_805' title='bbox 3412 4890 3596 4959; x_wconf 85' lang='grc' dir='ltr'>σαφῶς</span> <span class='ocrx_word' id='word_1_806' title='bbox 3623 4889 3768 4942; x_wconf 81' lang='grc' dir='ltr'>ἐστιν</span> 
     </span>
    </p>
   </div>
   <div class='ocr_carea' id='block_1_112' title="bbox 2195 4978 3769 5057">
    <p class='ocr_par' dir='ltr' id='par_1_112' title="bbox 2195 4978 3769 5057">
     <span class='ocr_line' id='line_1_112' title="bbox 2195 4978 3769 5057; baseline -0.006 -18"><span class='ocrx_word' id='word_1_807' title='bbox 2195 4984 2594 5057; x_wconf 82' lang='grc' dir='ltr'>ἀποφήνασθαι,</span> <span class='ocrx_word' id='word_1_808' title='bbox 2623 4984 2960 5054; x_wconf 86' lang='grc' dir='ltr'>ἀγνοούντων</span> <span class='ocrx_word' id='word_1_809' title='bbox 3001 4983 3160 5056; x_wconf 76' lang='grc' dir='ltr'>ἡμῶν</span> <span class='ocrx_word' id='word_1_810' title='bbox 3185 4987 3265 5048; x_wconf 86' lang='grc' dir='ltr'><strong>είς</strong></span> <span class='ocrx_word' id='word_1_811' title='bbox 3311 4984 3341 5037; x_wconf 79' lang='grc' dir='ltr'><strong>ὅ</strong></span> <span class='ocrx_word' id='word_1_812' title='bbox 3386 5000 3440 5034; x_wconf 85' lang='grc' dir='ltr'><strong>τι</strong></span> <span class='ocrx_word' id='word_1_813' title='bbox 3475 4979 3643 5034; x_wconf 90' lang='grc' dir='ltr'>ταῦτα</span> <span class='ocrx_word' id='word_1_814' title='bbox 3679 4978 3769 5032; x_wconf 76' lang='grc' dir='ltr'><strong>διὰ</strong></span> 
     </span>
    </p>
   </div>
   <div class='ocr_carea' id='block_1_113' title="bbox 2193 5069 3767 5148">
    <p class='ocr_par' dir='ltr' id='par_1_113' title="bbox 2193 5069 3767 5148">
     <span class='ocr_line' id='line_1_113' title="bbox 2193 5069 3767 5148; baseline -0.007 -16"><span class='ocrx_word' id='word_1_815' title='bbox 2193 5079 2294 5148; x_wconf 85' lang='grc' dir='ltr'><strong>τῆς</strong></span> <span class='ocrx_word' id='word_1_816' title='bbox 2314 5076 2552 5148; x_wconf 81' lang='grc' dir='ltr'>ἀλλαγῆς</span> <span class='ocrx_word' id='word_1_817' title='bbox 2577 5077 2965 5148; x_wconf 77' lang='grc' dir='ltr'>μεταϐήσεται.</span> <span class='ocrx_word' id='word_1_818' title='bbox 3023 5076 3166 5129; x_wconf 76' lang='grc' dir='ltr'>Ἀλλ’</span> <span class='ocrx_word' id='word_1_819' title='bbox 3197 5077 3282 5130; x_wconf 86' lang='grc' dir='ltr'>ὅτι</span> <span class='ocrx_word' id='word_1_820' title='bbox 3307 5075 3403 5145; x_wconf 75' lang='grc' dir='ltr'>μὲν</span> <span class='ocrx_word' id='word_1_821' title='bbox 3429 5072 3584 5140; x_wconf 82' lang='grc' dir='ltr'>γένος</span> <span class='ocrx_word' id='word_1_822' title='bbox 3615 5069 3767 5122; x_wconf 80' lang='grc' dir='ltr'>ἔσται</span> 
     </span>
    </p>
   </div>
   <div class='ocr_carea' id='block_1_114' title="bbox 2193 5163 3770 5239">
    <p class='ocr_par' dir='ltr' id='par_1_114' title="bbox 2193 5163 3770 5239">
     <span class='ocr_line' id='line_1_114' title="bbox 2193 5163 3770 5239; baseline -0.004 -18"><span class='ocrx_word' id='word_1_823' title='bbox 2193 5169 2302 5223; x_wconf 86' lang='grc' dir='ltr'><strong>τῶν</strong></span> <span class='ocrx_word' id='word_1_824' title='bbox 2340 5169 2558 5224; x_wconf 89' lang='grc' dir='ltr'>πάντων</span> <span class='ocrx_word' id='word_1_825' title='bbox 2596 5169 2675 5234; x_wconf 78' lang='grc' dir='ltr'>ἓν,</span> <span class='ocrx_word' id='word_1_826' title='bbox 2729 5171 2857 5224; x_wconf 86' lang='grc' dir='ltr'>ὅταν</span> <span class='ocrx_word' id='word_1_827' title='bbox 2923 5169 2982 5222; x_wconf 81' lang='grc' dir='ltr'>ἓν</span> <span class='ocrx_word' id='word_1_828' title='bbox 3034 5168 3191 5239; x_wconf 83' lang='grc' dir='ltr'>σῶμα</span> <span class='ocrx_word' id='word_1_829' title='bbox 3231 5164 3466 5238; x_wconf 84' lang='grc' dir='ltr'>Χριστοῦ</span> <span class='ocrx_word' id='word_1_830' title='bbox 3492 5165 3540 5218; x_wconf 80' lang='lat' dir='ltr'><strong>ot</strong></span> <span class='ocrx_word' id='word_1_831' title='bbox 3570 5163 3770 5226; x_wconf 87' lang='grc' dir='ltr'>πάντες</span> 
     </span>
    </p>
   </div>
   <div class='ocr_carea' id='block_1_115' title="bbox 2191 5254 3770 5332">
    <p class='ocr_par' dir='ltr' id='par_1_115' title="bbox 2191 5254 3770 5332">
     <span class='ocr_line' id='line_1_115' title="bbox 2191 5254 3770 5332; baseline -0.004 -19"><span class='ocrx_word' id='word_1_832' title='bbox 2191 5260 2500 5331; x_wconf 83' lang='grc' dir='ltr'>γενώμεθα.</span> <span class='ocrx_word' id='word_1_833' title='bbox 2521 5261 2600 5332; x_wconf 84' lang='grc' dir='ltr'><strong>τῷ</strong></span> <span class='ocrx_word' id='word_1_834' title='bbox 2626 5261 2708 5315; x_wconf 71' lang='grc' dir='ltr'>ἐνὶ</span> <span class='ocrx_word' id='word_1_835' title='bbox 2732 5262 3042 5332; x_wconf 81' lang='grc' dir='ltr'>χαρακτῆρι</span> <span class='ocrx_word' id='word_1_836' title='bbox 3069 5256 3510 5331; x_wconf 79' lang='grc' dir='ltr'>μεμορφωμένοι,</span> <span class='ocrx_word' id='word_1_837' title='bbox 3535 5254 3634 5308; x_wconf 84' lang='grc' dir='ltr'>οὐκ</span> <span class='ocrx_word' id='word_1_838' title='bbox 3661 5255 3770 5326; x_wconf 87' lang='grc' dir='ltr'>άμ-</span> 
     </span>
    </p>
   </div>
   <div class='ocr_carea' id='block_1_116' title="bbox 2193 5343 3768 5422">
    <p class='ocr_par' dir='ltr' id='par_1_116' title="bbox 2193 5343 3768 5422">
     <span class='ocr_line' id='line_1_116' title="bbox 2193 5343 3768 5422; baseline -0.006 -18"><span class='ocrx_word' id='word_1_839' title='bbox 2193 5350 2543 5422; x_wconf 80' lang='grc' dir='ltr'>φισάλλομεν,</span> <span class='ocrx_word' id='word_1_840' title='bbox 2571 5353 2705 5406; x_wconf 80' lang='grc' dir='ltr'>πᾶσι</span> <span class='ocrx_word' id='word_1_841' title='bbox 2727 5351 2871 5406; x_wconf 83' lang='grc' dir='ltr'><strong>κατά</strong></span> <span class='ocrx_word' id='word_1_842' title='bbox 2899 5351 2962 5404; x_wconf 82' lang='grc' dir='ltr'>τὸ</span> <span class='ocrx_word' id='word_1_843' title='bbox 2977 5351 3090 5403; x_wconf 81' lang='grc' dir='ltr'>ίσον</span> <span class='ocrx_word' id='word_1_844' title='bbox 3106 5351 3207 5419; x_wconf 89' lang='grc' dir='ltr'><strong>τῆς</strong></span> <span class='ocrx_word' id='word_1_845' title='bbox 3235 5346 3384 5408; x_wconf 87' lang='grc' dir='ltr'>θείας</span> <span class='ocrx_word' id='word_1_846' title='bbox 3412 5343 3620 5408; x_wconf 82' lang='grc' dir='ltr'>εἰκόνος</span> <span class='ocrx_word' id='word_1_847' title='bbox 3648 5343 3768 5395; x_wconf 88' lang='grc' dir='ltr'>ἐπι-</span> 
     </span>
    </p>
   </div>
   <div class='ocr_carea' id='block_1_117' title="bbox 2193 5434 3770 5515">
    <p class='ocr_par' dir='ltr' id='par_1_117' title="bbox 2193 5434 3770 5515">
     <span class='ocr_line' id='line_1_117' title="bbox 2193 5434 3770 5515; baseline -0.011 -11"><span class='ocrx_word' id='word_1_848' title='bbox 2193 5441 2536 5513; x_wconf 80' lang='grc' dir='ltr'>λαμπούσης.</span> <span class='ocrx_word' id='word_1_849' title='bbox 2562 5443 2628 5497; x_wconf 90' lang='grc' dir='ltr'>Τί</span> <span class='ocrx_word' id='word_1_850' title='bbox 2653 5444 2709 5497; x_wconf 89' lang='grc' dir='ltr'>δὲ</span> <span class='ocrx_word' id='word_1_851' title='bbox 2727 5445 2862 5515; x_wconf 60' lang='grc' dir='ltr'>ἡμῖν</span> <span class='ocrx_word' id='word_1_852' title='bbox 2898 5442 3019 5497; x_wconf 73' lang='grc' dir='ltr'>ἀντὶ</span> <span class='ocrx_word' id='word_1_853' title='bbox 3047 5441 3157 5494; x_wconf 85' lang='grc' dir='ltr'><strong>τῶν</strong></span> <span class='ocrx_word' id='word_1_854' title='bbox 3180 5437 3437 5494; x_wconf 89' lang='grc' dir='ltr'>τοιούτων</span> <span class='ocrx_word' id='word_1_855' title='bbox 3462 5434 3770 5506; x_wconf 76' lang='grc' dir='ltr'>ἰδιωμάτων</span> 
     </span>
    </p>
   </div>
   <div class='ocr_carea' id='block_1_118' title="bbox 2195 5529 3774 5606">
    <p class='ocr_par' dir='ltr' id='par_1_118' title="bbox 2195 5529 3774 5606">
     <span class='ocr_line' id='line_1_118' title="bbox 2195 5529 3774 5606; baseline -0.006 -18"><span class='ocrx_word' id='word_1_856' title='bbox 2195 5536 2255 5588; x_wconf 90' lang='grc' dir='ltr'><strong>ἐν</strong></span> <span class='ocrx_word' id='word_1_857' title='bbox 2283 5535 2347 5605; x_wconf 82' lang='grc' dir='ltr'>τῇ</span> <span class='ocrx_word' id='word_1_858' title='bbox 2379 5533 2588 5606; x_wconf 76' lang='grc' dir='ltr'>ἀλλαγῇ</span> <span class='ocrx_word' id='word_1_859' title='bbox 2634 5533 2734 5606; x_wconf 81' lang='grc' dir='ltr'><strong>τῆς</strong></span> <span class='ocrx_word' id='word_1_860' title='bbox 2761 5533 2976 5604; x_wconf 85' lang='grc' dir='ltr'>φύσεως</span> <span class='ocrx_word' id='word_1_861' title='bbox 3016 5531 3466 5605; x_wconf 86' lang='grc' dir='ltr'>προσγενήσεται.</span> <span class='ocrx_word' id='word_1_862' title='bbox 3524 5529 3774 5582; x_wconf 83' lang='grc' dir='ltr'>κοεῖττον</span> 
     </span>
    </p>
   </div>
   <div class='ocr_carea' id='block_1_119' title="bbox 1323 5714 2961 5791">
    <p class='ocr_par' dir='ltr' id='par_1_119' title="bbox 1323 5714 2961 5791">
     <span class='ocr_line' id='line_1_119' title="bbox 1323 5714 2961 5791; baseline -0.004 -18"><span class='ocrx_word' id='word_1_863' title='bbox 1323 5721 1359 5752; x_wconf 78' lang='grc'><strong>³⁸</strong></span> <span class='ocrx_word' id='word_1_864' title='bbox 1393 5720 1590 5790; x_wconf 81' lang='lat' dir='ltr'><strong>Ephcs.</strong></span> <span class='ocrx_word' id='word_1_865' title='bbox 1623 5738 1674 5788; x_wconf 85' lang='lat' dir='ltr'><strong>v,</strong></span> <span class='ocrx_word' id='word_1_866' title='bbox 1701 5721 1790 5778; x_wconf 73' lang='lat'><strong>29.</strong></span> <span class='ocrx_word' id='word_1_867' title='bbox 1871 5725 1914 5754; x_wconf 84' lang='lat'>&quot;</span> <span class='ocrx_word' id='word_1_868' title='bbox 1943 5721 1984 5776; x_wconf 93' lang='lat' dir='ltr'><strong>ll</strong></span> <span class='ocrx_word' id='word_1_869' title='bbox 2011 5722 2137 5780; x_wconf 86' lang='lat' dir='ltr'><strong>Cor.</strong></span> <span class='ocrx_word' id='word_1_870' title='bbox 2161 5738 2216 5791; x_wconf 90' lang='lat' dir='ltr'><strong>v,</strong></span> <span class='ocrx_word' id='word_1_871' title='bbox 2249 5722 2302 5776; x_wconf 78' lang='grc' dir='ltr'><strong>Ι.</strong></span> <span class='ocrx_word' id='word_1_872' title='bbox 2381 5721 2425 5754; x_wconf 72' lang='grc'>³³</span> <span class='ocrx_word' id='word_1_873' title='bbox 2454 5719 2471 5774; x_wconf 92' lang='lat' dir='ltr'><strong>l</strong></span> <span class='ocrx_word' id='word_1_874' title='bbox 2507 5719 2701 5774; x_wconf 87' lang='lat' dir='ltr'><strong>Thess.</strong></span> <span class='ocrx_word' id='word_1_875' title='bbox 2735 5730 2808 5784; x_wconf 80' lang='lat' dir='ltr'><strong>tv,</strong></span> <span class='ocrx_word' id='word_1_876' title='bbox 2871 5714 2961 5767; x_wconf 83' lang='lat' dir='ltr'><strong>ts.</strong></span> 
     </span>
    </p>
   </div>
  </div>
