4124 6352
354 353 457 410 533

1761 342 1849 397 DE
1900 340 2229 398 MORTUIS.

3505 344 3611 401 534

353 464 493 521 εἶναι
528 467 705 538 πάσης
745 464 1101 535 στοχαστικῆς
1125 462 1332 525 ἑννοίας
1373 456 1811 529 ἀποφαινόμεθα.
1855 453 1942 518 Ὦς

2064 456 2251 513 οιὶοηε
2282 471 2474 511 sumus
2505 456 2768 520 habituri,
2794 454 3141 527 praestantius
3184 470 3305 512 esse
3351 457 3607 527 dicimus,

354 559 398 611 δ’
421 558 488 613 ἂν
518 560 593 629 μὴ
627 557 749 612 καθ’
805 556 926 610 ὅλου
983 555 1329 625 ἀγύμναστος
1367 554 1500 624 ἡμῖν
1540 552 1568 604 6
1596 549 1723 621 περὶ
1746 547 1933 602 τούτου

355 651 510 719 λόγος
543 648 953 719 καταλειφθείη,
1003 648 1161 701 τοῦτό
1190 664 1389 717 φαμεν,
1419 646 1498 699 ὅτι
1522 647 1599 707 εἰς
1636 642 1790 696 οὐδὲν
1822 639 1939 693 ἐτε-

361 762 452 815 ρον
470 745 569 815 τῆς
591 743 806 797 κατὰτὸ
828 744 993 813 ἄρρεν
1020 742 1112 795 καὶ
1134 740 1267 810 θῆλυ
1287 740 1550 809 διαφορᾶς
1576 733 1938 807 συνεργούσης

360 837 426 907 τῇ
443 836 624 904 φύσει,
647 835 783 905 πλὴν
803 833 905 904 τῆς
938 832 1295 898 παιδοποιίας,
1327 831 1468 901 τάχα
1485 827 1608 882 τινά
1636 824 1940 897 στοχασμὸν

364 914 512 978 ἐστιν
543 925 829 979 ἀναλαϐεῖν
849 924 945 994 τῆς
965 922 1380 995 ἐπηγγελμένης
1400 920 1492 974 τοῦ
1512 918 1647 973 Θεοῦ
1668 917 1776 970 τῶν
1804 916 1939 983 ἀγα-

364 1012 473 1069 θῶν
522 1015 770 1084 εὐλογίας
822 1014 1042 1082 ἐπάξιον
1074 1015 1133 1069 ἐν
1168 1014 1247 1085 τῷ
1276 1013 1405 1084 περὶ
1430 1010 1621 1066 τούτου
1671 1009 1834 1078 λόγῳ,
1859 1007 1939 1059 ὅτι

364 1107 443 1168 εἰς
465 1106 565 1175 τὴν
585 1106 791 1159 ἐκείνου
851 1105 946 1158 τοῦ
987 1104 1148 1158 τόκου
1176 1103 1480 1174 ὑπηρεσίαν
1519 1099 1885 1173 μεταϐήσεται
1906 1096 1940 1164 ἢ

365 1197 655 1267 γεννητικὴ
677 1200 776 1268 τῆς
797 1197 1010 1265 φύσεως
1057 1197 1304 1267 δύναμις,
1340 1187 1400 1249 οὗ
1434 1193 1692 1267 μετέσχεν
1716 1193 1744 1246 ὁ
1770 1191 1944 1261 μέγας

376 1289 602 1351 Ἡσαΐας
624 1287 811 1351 εἰπὼν,
838 1289 916 1341 ὅτι
950 1289 1082 1343 Ἀπὸ
1120 1288 1225 1342 τοῦ
1254 1288 1443 1356 φόϐου
1481 1298 1619 1349 σου,
1652 1284 1845 1350 Κύριε,
1875 1281 1946 1333 ὲν

367 1379 578 1448 γαστρὶ
612 1378 924 1449 ἐλάϐομεν,
958 1380 1052 1432 καὶ
1104 1378 1484 1446 ὠδινήσιιμεν
1522 1374 1617 1429 καὶ
1642 1372 1941 1442 ἐτέκομενθ

369 1471 603 1541 πνεῦμα
633 1471 927 1539 σωτηρίας
966 1486 1081 1524 σου
1110 1470 1480 1538 ἐποιήσαμεν
1497 1467 1592 1521 ἐπὶ
1610 1464 1719 1535 τῆς
1736 1464 1861 1535 m'q.
1884 1463 1946 1517 Et

369 1562 477 1635 γὰρ
497 1562 698 1631 ἀγαθὸς
711 1563 740 1615 6
763 1561 1002 1626 τοιοῦτος
1021 1561 1199 1628 τόκος,
1218 1561 1315 1614 καὶ
1343 1559 1613 1631 σωτηρίας
1633 1558 1782 1611 αίτία
1804 1557 1948 1625 γίνεο

369 1672 460 1709 ται
482 1655 516 1725 ἡ
532 1654 866 1723 τεκνογονία,
885 1652 1065 1716 καθώς
1085 1669 1247 1723 φησιν
1265 1654 1293 1705 6
1320 1650 1661 1715 Ἀπόστολος,
1693 1648 1947 1701 οὐδέποτε

370 1744 431 1797 τὺ
446 1743 661 1814 πνεῦμα
678 1743 778 1814 τῆς
791 1743 1063 1814 σωτηρίας
1078 1742 1281 1812 γεννῶν
1296 1758 1377 1805 τις
1391 1740 1674 1803 παύεταιρ
1696 1738 1840 1803 άπαξ
1859 1736 1948 1791 διά

2041 559 2204 616 quam
2228 552 2287 598 ut
2319 544 2428 598 ulla
2465 543 2801 614 cogitatione
2852 545 3123 612 conjicere
3173 545 3473 599 valeamus.
3534 543 3611 598 Ac

2041 650 2113 690 ne
2139 636 2235 689 tali
2274 636 2329 689 in
2356 650 2415 690 re
2445 644 2630 690 nostra
2668 636 2826 705 plane
2859 635 3011 690 rudis
3031 635 3209 690 oratio
3236 636 3613 706 deprehenda-

2044 733 2154 790 tur,
2188 726 2446 792 dicimus,
2476 727 2646 781 maris
2668 735 2723 781 et
2771 726 2983 781 feminae
3011 725 3372 782 differentiam
3404 726 3613 781 nullum

2046 826 2258 872 naturae
2319 833 2479 874 usum
2517 818 2906 888 praebituram;
2960 818 3065 875 nisi
3122 818 3414 888 quamdam
3446 818 3613 873 veluti

2048 908 2281 963 ﬁliorum
2312 909 2679 979 susceptionis
2730 909 3143 965 similitudinem
3204 911 3475 979 promissa
3521 911 3614 964 illa

2048 1016 2078 1055 a
2140 999 2251 1053 Deo
2303 1000 2571 1055 bonorum
2627 1002 2783 1070 copia
2838 1001 3057 1072 dignam
3114 1003 3500 1074 intelligamus,
3557 1012 3618 1058 ut

2048 1091 2322 1162 ejusmodi
2357 1093 2536 1160 partui
2569 1093 2825 1163 gignendi
2875 1094 2960 1149 vis
3008 1096 3272 1149 naturalis
3325 1096 3614 1159 inserviat,

2049 1182 2269 1253 qualem
2299 1184 2571 1239 sentiebat
2622 1183 2810 1249 Isaias,
2836 1200 2961 1241 cum
2996 1185 3243 1242 diceret:
3297 1187 3382 1241 Ex
3432 1189 3618 1242 timore

2054 1282 2165 1339 tuo,
2191 1273 2428 1339 Domine,
2463 1277 2812 1344 concepimus,
2838 1286 2889 1331 et
2914 1279 3312 1343 parturivimus,
3334 1289 3385 1334 et
3413 1282 3619 1350 peperi-

2050 1378 2191 1425 mus,
2220 1363 2564 1434 spiritumque
2589 1366 2780 1420 salutis
2799 1373 2904 1421 tua:
2928 1366 3145 1436 fecimus
3167 1370 3221 1422 in
3245 1372 3458 1423 terra”.
3482 1367 3619 1423 Nam

2054 1449 2099 1504 si
2124 1449 2300 1505 bonus
2331 1460 2415 1506 est
2462 1462 2653 1522 partus
2713 1455 3049 1525 ltujusmodi,
3102 1457 3408 1528 salutisque
3455 1474 3623 1514 causa

2052 1550 2137 1596 est
2172 1545 2477 1610 procreatio
2511 1544 2769 1609 filiorum,
2808 1556 2866 1601 ut
2896 1549 2971 1602 ait
2996 1549 3290 1617 Apostolus
3330 1551 3396 1615 ¹⁸,
3437 1552 3623 1608 nullus

2054 1646 2292 1700 unquam
2315 1634 2427 1688 illic
2455 1637 2705 1705 gignendi
2734 1640 2925 1696 salutis
2954 1642 3208 1712 spiritum
3244 1642 3405 1699 finem
3444 1645 3623 1707 faciet,

2054 1721 2146 1791 qui
2178 1722 2270 1776 tali
2299 1733 2455 1793 partu
2481 1726 2581 1780 sibi
2613 1727 2826 1797 copiam
2858 1729 3125 1785 bonorum
3146 1732 3313 1787 semel
3330 1735 3623 1803 pepererit.

370 1835 464 1889 τοῦ
489 1834 732 1888 τοιούτου
762 1834 921 1888 τόκου
939 1834 1029 1887 τὸν
1056 1833 1373 1903 πληθυσμὸν
1399 1832 1505 1885 τῶν
1531 1830 1750 1900 ἀγαθῶν
1776 1827 1952 1898 ἐαυτῷ

2064 1813 2150 1868 Sin
2177 1815 2375 1886 aliquis
2406 1817 2651 1871 eamdem
2686 1819 2915 1875 formam
2959 1823 3115 1879 nobis
3170 1826 3627 1883 reviviscentibus

371 1925 977 1995 τεκνωσάμενος.Ἀλλὰ
1008 1926 1110 1979 κᾶν
1140 1925 1230 1978 τὸν
1262 1923 1585 1995 χαρακτῆρα
1615 1921 1749 1995 λέγῃ
1773 1939 1881 1984 τις,
1906 1912 1950 1988 ᾧ

376 2016 806 2089 μεμορφῶμεθα,
835 2016 997 2071 πάλιν
1028 2017 1158 2087 ἡμῖν
1184 2016 1243 2068 ἐν
1263 2018 1331 2085 τῇ
1356 2013 1649 2068 άναϐιώσει
1674 2014 1763 2065 τὸν
1789 2012 1952 2065 αὐτὸν

377 2109 843 2181 συμπαρέσεσθαι,
860 2110 981 2163 οὺδὲ
994 2109 1131 2181 πρὸς
1153 2108 1311 2162 τοῦτο
1325 2108 1614 2179 πρόχειρος
1630 2106 1787 2177 ἡμῶν
1809 2107 1954 2157 ἐστιν

375 2205 409 2274 ἡ
440 2202 665 2265 διάνοια,
694 2201 864 2266 οὕτως
887 2202 921 2271 ἢ
942 2202 1144 2273 ἑτέρως
1167 2199 1309 2270 ἔχειν
1356 2198 1670 2267 ὑπονοῆσαι.
1698 2196 1819 2249 Εἴτε
1848 2196 1954 2267 γάρ

374 2291 468 2345 ἐπὶ
490 2290 584 2344 τοῦ
614 2290 777 2344 αὑτοῦ
805 2290 953 2360 λέγοι
978 2308 1061 2354 τις
1088 2290 1262 2353 εἴδους
1287 2288 1384 2359 τὴν
1406 2286 1700 2341 ἀναϐίωσιν
1716 2285 1954 2349 ἔσεσθαι,

377 2387 457 2449 είς
486 2382 686 2454 πολλὴν
729 2383 1040 2453 ἀμηχανίαν
1074 2382 1385 2435 ἐκπεσεῖται
1423 2382 1451 2433 6
1476 2380 1652 2446 λόγος,
1681 2376 1769 2431 διὰ
1796 2376 1856 2429 τὸ
1884 2375 1957 2446 μὴ

377 2477 470 2531 τὸν
491 2476 653 2531 αὑτὸν
680 2475 856 2547 ἐαυτῷ
887 2476 1025 2529 κατὰ
1060 2475 1121 2529 τὺ
1165 2470 1302 2537 εἶδος
1329 2470 1422 2525 τοῦ
1447 2471 1796 2542 χαρακτῆρος
1827 2467 1961 2521 πάν-

377 2585 499 2623 τοτε
526 2567 798 2638 διαμένειν
821 2567 914 2620 τὸν
943 2566 1247 2637 ἄνθρωπον,
1270 2563 1374 2616 ὑπό
1395 2580 1456 2616 τε
1475 2561 1584 2615 τῶν
1615 2560 1839 2632 ἡλικιῶν
1868 2560 1961 2612 καὶ

381 2660 490 2714 τῶν
523 2658 860 2729 παθημάτων
894 2658 1080 2712 ἄλλοτε
1110 2657 1246 2727 πρὸς
1270 2655 1396 2710 ἄλλο
1418 2649 1557 2718 εἶδος
1587 2650 1961 2724 μεταπλασσό-

385 2768 564 2824 ιιενον.
596 2750 806 2814 ’Ἀλλως
828 2749 937 2821 γὰρ
970 2746 1269 2820 μορφοῦται
1306 2746 1368 2800 τὸ
1413 2746 1604 2817 νήπιον
1643 2744 1733 2797 καὶ
1758 2743 1818 2796 τὸ
1846 2758 1964 2813 μει-

386 2843 576 2914 ράκιον
599 2855 613 2868 “
639 2840 815 2904 ἄλλως
842 2842 870 2893 6
911 2840 1060 2903 παῖς,
1088 2839 1117 2890 6
1141 2836 1301 2907 ἀνὴρ,
1327 2837 1355 2888 6
1389 2831 1634 2905 μεσῆλιξ,
1660 2834 1688 2885 6
1715 2829 1962 2900 γηραιὸς,

383 2932 413 2985 6
449 2930 709 3002 πρέσϐυς.
752 2928 917 2983 Οὐδὲν
938 2926 1143 2980 τούτων
1164 2924 1426 2988 ὡσαύτως
1447 2923 1560 2994 ἔχει
1590 2922 1725 2993 πρὸς
1759 2921 1819 2974 τὸ
1849 2920 1966 2972 ἐτε-

385 3040 478 3093 ρσν
496 3039 510 3053 ·
536 3021 671 3077 ἀλλὰ
695 3023 787 3075 καὶ
834 3022 863 3073 6
890 3018 967 3089 τῷ
995 3018 1191 3089 ίκτέρῳ
1221 3014 1529 3080 κατιωθεὶς,
1558 3015 1651 3068 καὶ
1679 3009 1967 3082 ἐξῳδηκὼς

385 3118 462 3188 τῷ
483 3116 676 3188 ὑδέρῳ,
725 3116 754 3168 ὅ
800 3132 859 3167 τε
907 3111 1196 3184 ξηρανθεὶς
1219 3110 1278 3163 ἐν
1302 3107 1549 3205 τηκεδόνι
1572 3106 1710 3205 ,-κα“ι
1809 3104 1967 3205 πολυ-
1992 3147 2035 3205 c

388 3209 666 3279 σαρκήσας
696 3205 759 3258 ἔκ
796 3222 941 3267 τινος
961 3200 1316 3273 δυσκρασίας,
1334 3202 1363 3253 ὁ
1390 3198 1710 3269 κατάχολος,
1740 3197 1769 3249 ό
1798 3196 1966 3265 αἱμα-

384 3284 577 3370 τώδης,
612 3300 640 3351 6
665 3294 1007 3367 φλεγματίας
1028 3309 1044 3325 ·
1081 3291 1314 3346 ἑκάστου
1342 3288 1545 3342 τούτων
1574 3286 1708 3357 πρὸς
1738 3285 1835 3357 τὴν
1854 3285 1973 3336 ἑπι-

387 3389 692 3463 κρατοῦσαν
725 3386 1059 3457 δυσκρασίαν
1091 3380 1617 3455 συμμορφουμένου,
1652 3376 1775 3430 οὔτε
1804 3392 1975 3446 παρα-

390 3482 572 3554 μένειν
594 3478 766 3533 ταῦτα
803 3476 941 3549 μετὰ
982 3475 1045 3529 τὺ
1075 3473 1372 3530 ἀναϐιῶναι
1415 3469 1595 3532 καλῶς
1627 3468 1738 3538 ἔχει
1767 3465 1976 3533 λογίσα·

390 3574 535 3637 σθαι,
564 3574 664 3641 τῆς
694 3568 934 3637 ἀλλαγῆς
971 3566 1147 3620 πάντα
1192 3560 1562 3631 σκευαζοὺσης
1592 3559 1726 3629 πρδς
1751 3557 1813 3609 τὸ
1842 3555 1974 3608 θειό-

386 3680 562 3733 τερον,
588 3659 712 3714 οὗτε
741 3653 852 3713 οἷον
880 3659 1013 3728 ἡμῖν
1040 3653 1332 3723 ἑπανθήσει
1349 3652 1409 3704 τὸ
1435 3647 1568 3713 εἶδος
1590 3648 1806 3702 εΰκολόν
1830 3649 1975 3700 ἐστιν

387 3749 832 3821 ἀναλογίσασθαι,
885 3748 995 3802 τῶν
1046 3747 1167 3800 κατ’
1214 3743 1405 3797 ἐλπίδα
1440 3744 1568 3812 ἡμῖν
1603 3738 1974 3810 προκειμένων

391 3843 630 3914 ἀγαθῶν,
655 3842 796 3913 ὑπὲρ
817 3838 1115 3909 ὀφθαλμὸν,
1141 3838 1235 3889 καὶ
1254 3834 1444 3905 ἀκοὴν,
1471 3832 1563 3886 καὶ
1583 3832 1819 3885 διάνοιαν
1839 3824 1975 3882 εἶναι

392 3935 859 4005 πεπιστευμένων.
892 3933 962 3984 Ἦ
1015 3930 1155 4000 τάχα
1187 3925 1544 3999 γνωριστικὸν
1575 3919 1717 3985 εἶδος
1745 3921 1974 3976 ἑκάστου

390 4030 492 4101 τὴν
525 4026 686 4081 ποιάν
725 4026 960 4095 ἰδιότητα
984 4022 1093 4075 τῶν
1131 4019 1276 4089 ἠθῶν
1302 4016 1470 4070 εἰπών
1502 4033 1605 4077 τις,
1635 4015 1694 4067 οὐ
1720 4012 1811 4066 τοῦ
1838 4028 1974 4065 παν-

391 4121 484 4184 τὸς
516 4119 913 4190 ἁμαρτήσεται.
950 4114 1217 4182 Καθάπερ
1254 4109 1362 4180 γὰρ
1396 4108 1489 4161 νῦν
1518 4109 1551 4177 ή
1584 4106 1724 4158 κατά
1752 4123 1803 4158 τι
1836 4121 1976 4173 παρ-

394 4212 598 4281 αλλαγὴ
628 4209 733 4263 τῶν
780 4210 837 4261 ἐν
871 4208 1004 4276 ἡμῖν
1043 4203 1318 4272 στοιχείων
1350 4199 1449 4262 τὰς
1475 4197 1584 4250 τῶν
1615 4195 1974 4266 χαρακτήρων

394 4307 452 4356 ἐν
473 4302 687 4370 ἑκάστῳ
723 4297 984 4368 διαφοράς
1031 4294 1405 4365 ἐξεργάζεται,
1451 4287 1591 4342 κατά
1638 4285 1975 4354 πλεονασμὸν

396 4393 431 4465 ἢ
454 4391 749 4445 ἐλάττωσιν
796 4385 905 4439 τῶν
955 4380 1434 4451 ἀντιστοιχοῦντων
1470 4378 1612 4439 τινὸς
1644 4375 1973 4446 σχηματιζο-

2054 1904 2290 1959 futuram
2326 1907 2491 1971 dicat,
2525 1923 2651 1977 ego,
2696 1926 2800 1965 nec
2832 1919 2889 1966 ut
2920 1912 3353 1982 cjusscntentite
3380 1920 3626 1975 subscri-

2052 1997 2200 2064 bam,
2232 1997 2390 2055 facile
2415 2000 2609 2055 adduci
2643 2018 2859 2072 queam,
2897 2021 2999 2060 nec
3026 2016 3209 2063 utrum
3240 2026 3328 2067 res
3352 2012 3512 2068 aliter
3530 2014 3630 2067 ha-

2054 2091 2198 2156 beat,
2235 2094 2495 2164 cogitare.
2522 2094 2688 2149 Multa
2717 2098 2862 2152 cnim
2907 2099 3145 2156 absurda
3186 2101 3355 2169 illius,
3411 2106 3504 2176 qui
3555 2107 3629 2160 ita

2057 2183 2243 2248 sentit,
2275 2185 2587 2254 Opinionem
2619 2198 3049 2259 consequuntur,
3077 2208 3202 2249 cum
3265 2209 3376 2251 non
3440 2197 3629 2253 eadem

2059 2291 2273 2348 semper
2302 2278 2357 2332 in
2380 2278 2570 2335 eodem
2603 2273 2819 2338 homine
2858 2285 3068 2354 species
3092 2285 3375 2359 formaque
3393 2300 3630 2348 maneat.

2060 2368 2153 2423 sed
2190 2382 2289 2439 pro
2325 2378 2546 2424 aetatum
2604 2372 3063 2447 aﬂ'ectionumque
3118 2380 3384 2436 varietate
3416 2381 3634 2437 assidue

2061 2466 2445 2515 commutetur.
2480 2459 2690 2516 Etenim
2705 2464 2795 2530 qui
2822 2480 2968 2520 nunc
2989 2473 3073 2522 est
3090 2466 3433 2532 adolescens,
3452 2469 3636 2523 infans

2064 2563 2305 2619 puerque
2338 2550 2457 2617 fuit,
2492 2565 2615 2606 mox
2642 2554 2744 2609 erit
2775 2555 2877 2619 vir,
2904 2555 3099 2611 deinde
3121 2557 3189 2611 ad
3222 2558 3345 2623 vita:
3397 2558 3634 2613 medium

2064 2638 2360 2694 terminum
2385 2640 2584 2705 veniet,
2616 2649 2737 2711 post
2770 2642 2922 2697 illum
2952 2647 3227 2711 transibit,
3271 2648 3469 2718 fietque
3523 2648 3636 2716 jam

2064 2737 2221 2785 aetate
2261 2741 2552 2801 provectus
2602 2742 2656 2789 et
2688 2750 2875 2791 senex.
2920 2736 2985 2791 Et
3014 2740 3104 2808 qui
3140 2739 3333 2795 horum
3369 2742 3423 2795 in
3455 2741 3639 2813 aliquo

2067 2832 2197 2879 sunt
2224 2824 2400 2879 aetatis
2430 2826 2620 2893 gradu,
2663 2841 2773 2881 non
2806 2836 2934 2881 sunt
2966 2829 3109 2885 inter
3140 2846 3199 2885 se
3246 2832 3480 2897 similes,
3543 2836 3638 2889 sed

2067 2914 2207 2970 alius
2240 2916 2390 2984 regio
2421 2916 2612 2970 morbo
2648 2919 2934 2986 squalidus
2967 2930 3072 2984 est,
3110 2922 3253 2975 alius
3281 2938 3422 2992 aqua
3471 2924 3642 2980 inter-

2067 3010 2193 3059 cute
2223 3005 2457 3069 inflatus.
2488 3005 2629 3061 alius
2653 3006 2938 3064 confectus
2978 3010 3120 3073 tabe,
3156 3011 3299 3066 alius
3335 3027 3501 3081 prava
3518 3028 3642 3068 caro

2069 3094 2156 3151 nis
2191 3096 2556 3150 redundantia
2585 3099 2961 3167 corpulentus,
2997 3101 3137 3156 alius
3174 3104 3318 3167 bilis,
3351 3104 3494 3160 alius
3511 3121 3643 3161 san»

2074 3187 2279 3254 guinis,
2336 3187 2479 3242 alius
2539 3188 2748 3257 pituitae
2795 3190 2963 3244 nimia
3028 3190 3240 3247 laborat
3294 3195 3489 3263 copia:
3548 3201 3642 3269 qui

2074 3275 2293 3346 quidem
2324 3290 2537 3343 omnes,
2570 3285 2628 3332 ut
2657 3278 2796 3334 tales
2830 3279 3180 3346 reviviscant,
3210 3289 3263 3337 et
3292 3284 3483 3340 iisdem
3514 3302 3643 3348 cum

2074 3367 2282 3423 morbis
2311 3377 2587 3434 maneant,
2620 3369 2843 3427 minime
2870 3373 3172 3442 putandum
3203 3385 3287 3431 est
3315 3394 3331 3444 ;
3366 3394 3490 3434 cum
3528 3395 3651 3435 ont-

2075 3458 2163 3511 nia
2196 3466 2325 3515 tunc
2352 3460 2408 3514 in
2435 3461 2714 3517 meliorem
2740 3461 3179 3538 divinioremquc
3210 3478 3411 3523 statum
3445 3470 3644 3525 immu-

2074 3550 2282 3605 tatione
2330 3550 2440 3606 sint
2488 3554 2879 3622 convertenda,
2920 3572 3022 3613 nec
3079 3558 3238 3614 facile
3288 3577 3506 3618 rursum
3561 3570 3648 3619 est

2073 3644 2367 3711 explicare,
2395 3644 2574 3714 qualis
2606 3643 2789 3701 futura
2824 3647 2896 3703 sit
2924 3650 3182 3718 praeclara
3215 3651 3303 3705 illa
3321 3652 3515 3717 forma,
3537 3670 3647 3724 qua

2075 3735 2482 3801 decoraliimur,
2510 3752 2634 3792 cum
2649 3754 2747 3809 spe
2776 3739 2936 3796 nobis
2948 3743 3229 3813 proposita
3246 3746 3357 3799 sint
3380 3761 3444 3801 ea
3479 3746 3648 3816 bona,

2075 3844 2197 3898 qua:
2218 3844 2321 3884 nec
2344 3830 2543 3895 oculis,
2576 3845 2678 3885 nec
2702 3831 2954 3899 auribus,
2983 3849 3086 3890 nec
3135 3837 3464 3907 cogitatione
3522 3855 3651 3909 pos-

2076 3935 2267 3976 sumus
2298 3922 2783 3992 comprehendere.
2815 3923 2971 3990 Quod
3002 3927 3047 3982 si
3078 3929 3201 3997 quis
3232 3928 3487 3997 formam,
3539 3947 3650 4003 qua

2075 4013 2322 4085 dignosci
2352 4016 2654 4082 valeamus,
2689 4018 2744 4072 in
2780 4025 2929 4072 certa
2979 4035 3191 4076 morum
3247 4025 3510 4093 qualitate
3563 4024 3653 4081 di-

2076 4111 2224 4158 ceret
2249 4104 2410 4159 sitam
2438 4105 2873 4176 collocatamque
2896 4107 3034 4171 fore,
3060 4109 3107 4164 is
3134 4126 3242 4164 non
3286 4128 3515 4181 prorsus
3538 4113 3653 4169 for-

2077 4194 2217 4249 sitan
2251 4195 2548 4251 aberraret.
2580 4196 2652 4251 Ut
2698 4199 3157 4268 quemadmodum
3208 4219 3354 4257 nunc
3412 4206 3648 4274 quadam

2076 4283 2471 4339 elementorum
2497 4286 2553 4340 in
2584 4287 2746 4342 nobis
2768 4291 3068 4345 mutatione
3090 4291 3404 4349 differentes
3431 4296 3482 4348 in
3509 4312 3652 4351 uno-

2077 4389 2294 4444 quoque
2326 4383 2485 4431 notas
2515 4376 2812 4446 impressas
2844 4381 3144 4448 cernimus,
3194 4392 3357 4452 prout
3414 4385 3651 4456 alicujus

398 4484 562 4555 μένου
583 4497 641 4532 τε
664 4480 757 4532 καὶ
777 4494 986 4549 χρωννυ
995 4476 1155 4546 μένου
1182 4471 1274 4525 τοῦ
1292 4470 1431 4524 κατά
1456 4468 1553 4539 τὴν
1587 4468 1798 4538 μορφὴν
1830 4466 1962 4518 ίδιώ-

2076 4482 2265 4522 eorum
2294 4468 2502 4537 majore
2524 4469 2807 4525 minoreve
2863 4473 3039 4541 c0pia,
3094 4476 3314 4545 propria
3381 4478 3649 4548 cujusque

399 4592 567 4646 ματος
586 4589 601 4604 ο
628 4570 771 4625 οὕτω
795 4587 885 4641 μοι
918 4570 1062 4621 δοκεῖ
1088 4567 1153 4619 τά
1192 4562 1555 4617 εἰδοποιοῦντα
1580 4560 1699 4613 τότε
1724 4560 1821 4630 τὴν
1850 4560 1979 4613 ἐκά-

397 4684 522 4720 στου
562 4663 774 4736 μορφὴν
800 4662 860 4713 οὐ
889 4658 1061 4713 ταῦτα
1086 4658 1153 4710 τὰ
1187 4656 1421 4725 στοιχεῖα
1451 4651 1719 4721 γίνεσθαι,
1740 4650 1874 4703 ἀλλὰ
1907 4650 1977 4703 τὰ

395 4758 494 4829 τῆς
532 4754 783 4824 κακίαςῆ
818 4753 918 4822 τῆς
967 4749 1168 4822 ἀρετῆς
1208 4746 1491 4817 ἰδιώματα,
1522 4737 1596 4798 ὧν
1628 4745 1662 4814 ἡ
1686 4741 1814 4795 ποιὰ
1843 4741 1975 4812 πρὸς

396 4850 600 4921 ἄλληλα
629 4848 793 4919 μίξις,
827 4846 859 4915 ἢ
895 4843 1065 4906 οὕτως
1088 4843 1121 4913 ἢ
1142 4840 1341 4911 ἑτέρως
1373 4837 1434 4891 τὸ
1462 4833 1600 4899 εἶδος
1631 4834 1974 4905 παρασκευά-

400 4943 483 5005 ζει
534 4935 1050 5011 χαρακτηρίζεσθαι.
1095 4927 1219 4985 Οἷον
1247 4931 1309 5001 δή
1332 4948 1385 4983 τι
1417 4928 1602 5000 σχεδὸν
1634 4928 1727 4983 καὶ
1763 4927 1855 4978 ἐπὶ
1878 4925 1970 4978 τοῦ

401 5034 664 5105 παρόντος
697 5030 902 5099 γίνεται
940 5027 1053 5097 βίου
1080 5065 1093 5089 ,
1129 5026 1254 5077 ὅταν
1283 5025 1316 5093 ἠ
1337 5020 1531 5086 ἔξωθεν
1558 5019 1650 5071 τοῦ
1680 5016 1970 5088 προσώπου

399 5124 636 5185 διάθεσις
673 5122 771 5191 τὴν
809 5121 866 5171 ἑν
912 5115 990 5186 τῷ
1036 5112 1263 5185 κρυπτῷ
1302 5112 1399 5181 τῆς
1422 5109 1598 5180 ψυχῆς
1648 5105 1973 5178 καταμηνύῃ

400 5212 655 5265 διάθεσιν·
681 5210 802 5263 ὅθεν
844 5207 1042 5278 ῥᾳδίως
1080 5202 1512 5271 ἑπιγινώσκομεν
1533 5201 1623 5253 τόν
1656 5217 1713 5252 τε
1740 5202 1804 5270 τῇ
1828 5197 1974 5271 λύπῃ

401 5300 790 5373 κρατούμενον,
820 5298 915 5350 καὶ
933 5296 1025 5352 τὸν
1039 5293 1118 5364 τῷ
1149 5290 1305 5362 θυμῷ
1333 5290 1735 5361 διανεστηκότα,
1763 5291 1854 5343 καὶ
1884 5290 1976 5342 τὸν

401 5395 460 5445 ἐν
486 5391 751 5463 ἐπιθυμίᾳ
799 5389 1077 5460 λυόμενον·
1106 5385 1200 5439 καὶ
1228 5385 1292 5437 ἐκ
1316 5383 1410 5436 τοῦ
1453 5383 1714 5449 ἐναντίου,
1748 5382 1838 5436 τὸν
1860 5399 1975 5452 φαι-

400 5483 547 5554 δρὸν,
571 5483 663 5536 τὸν
691 5482 981 5553 ἀόργητον,
1007 5478 1100 5532 τὸν
1113 5476 1191 5548 τῷ
1211 5475 1393 5547 σεμνῷ
1418 5473 1726 5545 χαρακτῆρι
1752 5474 1848 5545 τῆς
1881 5492 1974 5529 σω-

404 5575 676 5647 φροσύνης
708 5572 1199 5642 καλλωπιζόμενον.

481 5756 520 5786 ι’*
564 5753 662 5811 ιδυ.
708 5767 854 5817 xm,
895 5750 979 5806 IS.
1060 5750 1100 5779 ”’
1133 5747 1151 5801 ι
1182 5748 1320 5800 Tim.
1360 5762 1419 5809 ll,
1450 5743 1544 5803 15.

2075 4560 2249 4614 forma
2284 4561 2543 4630 colorque
2576 4562 2834 4633 ﬁngitur:
2900 4564 2973 4619 ita
3027 4582 3147 4635 qua:
3182 4576 3312 4622 tunc
3371 4568 3648 4638 propriam

2074 4652 2415 4721 singulorum
2460 4652 2690 4707 formam
2726 4654 3056 4725 exprimant,
3098 4672 3207 4711 non
3247 4658 3516 4713 elementa
3570 4659 3650 4714 fu-

2074 4748 2196 4793 tura
2224 4740 2357 4805 sint,
2385 4742 2481 4795 sed
2515 4741 2770 4796 vitiorum
2801 4752 2895 4797 aut
2927 4744 3189 4799 virtutum
3223 4747 3470 4816 qumdam
3503 4748 3647 4805 inter

2073 4849 2133 4889 se
2157 4834 2259 4887 hoc
2294 4835 2671 4892 autillomodo
2686 4837 3004 4892 commisto:
3039 4852 3145 4907 qua
3170 4855 3428 4909 expressa
3460 4841 3651 4895 unius-

2081 4927 2349 4997 cujusque
2419 4930 2629 4997 spccies
2658 4929 2959 4998 apparebit.
2990 4928 3162 4999 Cujus
3188 4932 3261 4984 rei
3293 4931 3472 4986 simile
3488 4932 3651 5001 quid--

2080 5018 2205 5071 dam
2260 5017 2650 5086 propemodum
2705 5017 2794 5072 hic
2848 5018 3013 5072 etiam
3053 5019 3302 5088 contigit,
3358 5034 3481 5071 cum
3538 5020 3653 5087 ipse

2082 5107 2265 5163 vultus
2296 5109 2540 5162 intitnam
2574 5108 2737 5162 animi
2788 5106 3128 5162 affectionem
3158 5108 3383 5171 indicat,
3407 5118 3465 5162 ut
3505 5108 3651 5162 hunc

2081 5214 2316 5256 moerere
2339 5200 2507 5265 vinci,
2541 5200 2690 5253 illum
2734 5198 2913 5254 efferri
2971 5198 3273 5263 iracundia,
3328 5200 3493 5253 alium
3553 5200 3649 5254 fla-

2082 5308 2241 5364 grare
2265 5293 2583 5363 cupiditate,
2620 5301 2713 5346 aut
2738 5298 2930 5347 contra
2990 5292 3137 5345 hunc
3198 5299 3394 5345 natura
3446 5292 3647 5357 laetum,

2048 5386 2229 5449 ,illum
2286 5386 2504 5439 minimc
2557 5384 2901 5448 iracundum,
2946 5383 3110 5439 alium
3161 5384 3359 5454 insigni
3415 5384 3648 5454 quadam

2078 5479 2342 5535 modestia
2382 5477 2685 5548 praeditum,
2726 5475 2882 5531 facile
2917 5490 3337 5545 cognoscamus.
