4124 6352
425 334 529 391 ξίῗΠ

1827 325 1914 381 DE
1953 324 2283 381 MOBTL‘IS.

3576 327 3681 382 558
3709 368 3712 370 -

427 451 622 506 Πενθεῖ
645 451 753 521 γάρ
785 450 859 513 ὡς
878 448 1090 520 άληθῶς
1123 451 1151 504 6
1183 451 1240 500 ὲν
1267 447 1612 520 συναισθήσει
1646 447 1753 501 τῶν
1789 445 2009 515 ἀγαθῶν

2133 442 2268 496 )olet
2291 443 2436 495 enim
2456 457 2518 497 ex
2548 441 2752 506 animo,
2784 455 3018 511 vereque
3042 439 3188 510 luget
3218 440 3265 495 is
3291 443 3383 510 qui
3420 440 3509 493 illa
3540 441 3682 494 bona

427 545 650 597 ἐκείνων
695 542 1004 612 γενόμενος,
1033 535 1109 594 ὧν
1155 541 1552 594 ἀποπέπτωκεν
1573 581 1588 601 .
1619 538 2008 610 ἀντιπαραθεὶς

427 634 527 705 τὴν
559 633 823 703 ἐπίκηρον
851 632 1054 703 ταύτην
1069 633 1160 684 καὶ
1187 631 1441 704 ῥυπῶσαν
1467 630 1609 704 ζωήν
1653 634 1720 703 τῇ
1749 632 2009 700 ἀκηράτῳ

434 722 612 797 ἐκείνῃ
650 725 1029 796 μακαριότητι,
1060 719 1127 794 ἦς
1152 723 1210 776 ὲν
1239 723 1459 796 ἐξουσίᾳ
1478 719 1575 794 ἦν,
1608 725 1736 794 πρὶν
1760 725 1826 792 τῇ
1857 720 2011 785 ἐξου-

437 816 526 888 σίᾳ
555 817 635 880 εἰς
661 815 829 869 κακὸν
861 814 1278 886 ἀποχρήσασθαι
1319 829 1332 841 ·
1363 814 1456 866 καί¹
1477 813 1586 883 ὅσῳ
1619 812 1780 866 πλέον
1809 812 1901 864 ἐπὶ
1933 809 2011 881 τῷ

436 906 658 978 τοιούτῳ
686 905 786 978 βίῳ
811 905 1032 978 βαρύνει
1063 905 1124 958 τὸ
1147 905 1362 968 πένθος,
1386 903 1625 974 τοσούτῳ
1657 903 1854 974 μᾶλλον
1889 903 2012 955 ἐπι-

437 994 656 1065 ταχύνει
698 995 873 1064 ἐαυτῷ
896 994 994 1064 τὴν
1017 992 1124 1045 τῶν
1157 991 1504 1063 ποθουμένων
1543 989 1765 1058 ἀγαθῶν
1797 990 2009 1060 κτῆσιν.

449 1084 514 1139 Ἦ
543 1087 649 1156 γάρ
679 1086 778 1154 τῆς
798 1084 890 1137 τοῦ
922 1083 1086 1137 καλοῦ
1121 1083 1321 1154 ζημίας
1355 1082 1698 1151 συναίσθησις
1717 1122 1732 1144 ,
1763 1081 1861 1152 τῆς
1887 1081 2012 1152 περί

440 1178 500 1230 τὸ
541 1176 870 1246 ποθούμενον
913 1175 1148 1244 σπουδῆς
1182 1174 1512 1244 ὑπέκκαυμα
1548 1173 1776 1242 γίνεται.
1805 1172 2014 1224 Οὐκοῦν

441 1268 624 1338 ἐπειδή
660 1267 765 1338 πέρ
790 1268 907 1320 ἐστί
946 1267 1040 1320 καὶ
1074 1268 1338 1336 σωτήριον
1373 1265 1589 1328 πένθος,
1611 1263 1794 1326 καθὼς
1813 1265 1842 1316 6
1861 1263 2015 1332 λόγος

443 1358 744 1424 ὑπέδειξεν,
773 1358 1040 1413 ἀκούσατε
1061 1359 1111 1411 οἰ
1143 1357 1277 1428 πρὸς
1307 1358 1366 1410 τὸ
1399 1357 1498 1427 τῆς
1522 1356 1699 1426 λύπης
1729 1354 1898 1418 πάθος
1926 1356 2016 1408 εὑ-

443 1451 612 1512 κόλως
643 1449 1094 1522 καταφερόμενοι,
1129 1451 1210 1503 ὅτι
1242 1449 1302 1502 ού
1350 1447 1629 1518 κωλύομεν
1675 1446 1772 1518 τὴν
1820 1445 2014 1517 λύπην,

444 1543 557 1596 ἀλλ’
593 1543 731 1601 ἀντὶ,
756 1542 856 1611 τῆς
905 1542 1356 1612 κατεγνωσμένης
1398 1541 1496 1611 τὴν
1542 1539 1750 1610 ἀγαθὴν
1779 1538 2016 1609 συμϐου-

446 1635 691 1704 λεύομεν.
727 1635 817 1704 Μὴ
845 1634 1098 1688 λυπεῖσθε
1122 1634 1301 1687 τοίνυν
1333 1633 1430 1704 τὴν
1465 1631 1558 1685 τοῦ
1606 1633 1810 1702 κόσμου
1843 1631 2018 1700 λύπην

445 1725 545 1794 τήν
601 1722 1079 1794 κατεργαζομένην
1128 1723 1218 1776 τὸν
1271 1722 1532 1786 θάνατον,
1570 1721 1752 1785 καθώς
1802 1723 2017 1791 φησινὸ

460 1814 797 1878 Ἀπόστολος,
822 1813 956 1869 ἀλλά
992 1814 1090 1884 τὴν
1133 1815 1272 1868 κατά
1309 1813 1461 1878 Θεὸν,
1485 1809 1552 1884 ἧς
1580 1813 1642 1865 τὸ
1666 1813 1838 1884 πέρας
1865 1814 1896 1883 ή
1922 1813 2021 1882 τῆς

449 1905 625 1975 ψυχῆς
656 1905 773 1957 ἐστι
827 1905 1088 1977 σωτηρία.
1136 1904 1209 1958 Τὸ
1239 1903 1348 1974 γάρ
1383 1903 1506 1973 είκῆ
1555 1903 1647 1956 καὶ
1694 1903 1868 1973 μάτην
1910 1906 2022 1966 τοῖς

452 1995 870 2065 κεκοιμημένοις
904 1993 1252 2064 ἐπιχεόμενον
1286 1994 1539 2064 δάκρυον,
1577 1994 1713 2063 τάχα
1738 1993 1829 2045 καὶ
1854 2008 2022 2045 κατα-

453 2086 686 2157 κρίσεως
718 2086 886 2138 αἵτιον
937 2085 1142 2154 γίνεται
1193 2085 1270 2155 τῷ
1313 2084 1496 2148 κακῶς
1550 2083 1917 2155 οἰκονομοῦντι
1965 2083 2027 2135 τὸ

454 2177 742 2248 χρήσιμον.
780 2174 967 2246 Εἰγάρ
996 2176 1089 2228 ἐπὶ
1124 2173 1296 2244 τούτῳ
1340 2172 1588 2245 λυπηρὰν
1621 2172 1824 2242 ταύτην
1847 2171 2028 2224 διάθε-

458 2284 540 2318 σιν
569 2267 953 2334 ὲνετεκτήνατο
982 2267 1048 2336 τῇ
1080 2265 1280 2333 φύσειὸ
1313 2264 1486 2318 πάντα
1511 2265 1569 2317 ὲν
1596 2263 1757 2335 σοφίᾳ
1778 2263 2024 2333 ποιήσας,

458 2357 543 2425 ἐφ’
639 2373 697 2410 τε
735 2357 1027 2428 καθάρσιον
1052 2358 1149 2429 μὲν
1175 2359 1346 2429 αὐτὴν
1375 2353 1513 2410 εἶναι
1542 2356 2032 2428 προκατασχούσης

461 2443 693 2508 κακίας,
727 2443 936 2512 ἐφόδιον
980 2444 1037 2497 δὲ
1085 2445 1184 2513 τῆς
1233 2447 1342 2498 τῶν
1393 2445 1762 2515 ἐλπιζομένων
1813 2445 2033 2514 ἀγαθῶν

466 2533 751 2603 μετουσίας
790 2552 805 2568 ο
842 2535 980 2607 τάχα
1010 2538 1038 2589 ὁ
1078 2538 1253 2607 μάτην
1285 2539 1380 2591 καὶ
1418 2538 1708 2606 ἀνωφελῶς
1735 2540 1941 2610 ὲκχέων
1974 2539 2034 2592 τὸ

463 2625 726 2695 δάκρυον,
754 2625 1169 2700 διαϐληθήσεται
1216 2628 1294 2699 τῷ
1345 2629 1458 2700 ἰδίῳ
1483 2630 1739 2702 δεσπότῃ,
1773 2629 1916 2684 κατὰ
1945 2629 2038 2682 τὸν

466 2717 817 2786 εύαγγελικὸν
850 2719 1026 2787 λόγον,
1064 2720 1140 2782 ὡς
1185 2722 1351 2784 κακὸς
1385 2721 1663 2792 οἰκονόμος
1707 2723 2036 2795 διασπείρων

467 2809 752 2880 ἀχρήστως
777 2809 866 2863 τὸν
900 2811 1255 2866 πιστευθέντα
1275 2812 1519 2866 πλοῦτον.
1561 2814 1675 2866 Πᾶν
1711 2816 1821 2884 γὰρ
1866 2815 1928 2868 τὸ
1950 2815 2036 2868 ἐπ’

468 2899 657 2971 ἀγαθῷ
702 2901 1072 2972 χρησιμεῦον,
1104 2903 1330 2968 πλοῦτός
1375 2906 1491 2958 ἐστι
1536 2907 1649 2968 τοῖς
1697 2905 1898 2975 τιμίοις
1929 2906 2038 2958 τῶν

471 2991 766 3063 κειμηλίων
783 2993 1259 3064 ὲναριθμούμενος.
1280 2996 1352 3047 Οὐ
1372 2995 1510 3048 θέλω
1531 2991 1623 3049 οὖν
1645 2997 1788 3066 ὑμᾶς
1804 2997 2037 3066 ἀγνοεῖν,

471 3081 706 3150 ἀδελφοὶ,
733 3083 986 3154 περὶτῶν
1015 3084 1450 3154 κεκοιμημένων,
1474 3082 1696 3139 ταῦτ·αά
1721 3088 2039 3158 μεμαθήκα-

478 3187 597 3242 μεν,
632 3173 726 3225 καὶ
751 3172 804 3223 εἴ
825 3190 876 3225 τι
901 3172 1028 3226 ἄλλο
1057 3174 1189 3244 πρὸς
1213 3174 1420 3238 τούτοις
1447 3175 1598 3246 παρὰ
1619 3175 1710 3230 τοῦ
1731 3178 2040 3247 Πνεύματος

474 3263 569 3316 τοῦ
593 3263 746 3331 ἁγίου
778 3266 890 3327 τοῖς
927 3264 1278 3334 τελειοτέροις
1317 3267 1754 3321 ἀποκαλύπτεται
1795 3270 2040 3341 μάθημα,
2078 3278 2082 3282 ’

477 3355 565 3406 ἶνα
593 3355 666 3424 μὴ
698 3354 961 3424 λυπῆσθε,
989 3356 1065 3418 ὡς
1114 3358 1206 3408 καί
1235 3358 1284 3409 οἱ
1317 3357 1491 3411 λοιποὶ
1523 3360 1571 3411 οἱ
1603 3360 1676 3430 μὴ
1709 3359 1921 3430 ἔχοντες
1960 3362 2046 3414 ἐλ-

478 3447 626 3498 πίδα.
663 3447 853 3499 Μόνων
901 3447 1008 3515 γάρ
1037 3449 1151 3500 ἐστι
1196 3448 1304 3500 τῶν
1349 3450 1592 3503 ἀπίστων
1623 3452 1685 3504 τὸ
1710 3451 1787 3522 τῷ
1820 3453 2046 3523 παρόντι

481 3535 580 3605 βίῳ
606 3534 705 3598 τὰς
731 3535 822 3588 τοῦ
857 3534 956 3607 ζῇν
1000 3537 1220 3600 ἐλπίδας
1250 3541 1597 3610 περιορίζειν,
1631 3542 1724 3595 καὶ
1756 3541 1845 3596 διὰ
1888 3541 2048 3596 τοῦτο

478 3630 762 3700 συμφορᾶς
789 3629 935 3696 ἀξιον
963 3629 1236 3683 ποιοῦνται
1265 3631 1355 3684 τὸν
1401 3631 1646 3696 θάνατον,
1675 3633 1756 3686 ὅτι
1778 3634 1961 3698 αὐτοῖς
1987 3635 2049 3688 τὸ

481 3721 870 3790 πιστευόμενον
913 3721 1042 3792 παρ’
1071 3721 1227 3792 ἡμῶν
1279 3723 1379 3776 οὐκ
1416 3722 1715 3787 ὲλπίζεται.
1772 3725 1962 3795 Ἡμεῖς
1991 3726 2049 3778 δὲ

480 3811 555 3884 τῷ
588 3813 808 3884 μεγάλῳ
831 3816 1070 3886 ἐγγυητῇ
1103 3814 1202 3883 τῆς
1234 3814 1298 3868 ἐκ
1325 3815 1535 3886 νεκρῶν
1575 3815 1922 3880 ἀναστάσεως
1955 3833 2052 3868 πε-

481 3905 853 3969 πιστευκότες,
885 3905 1031 3975 αὐτῷ
1080 3905 1158 3976 τῷ
1184 3906 1425 3978 Δεσπότῃ
1461 3907 1641 3976 πάσης
1658 3907 1758 3978 τῆς
1799 3908 2048 3971 κτίσεως,

481 3995 539 4058 ὃς
555 3994 644 4048 διὰ
661 3995 818 4048 τοῦτο
849 3996 942 4049 καὶ
964 3996 1198 4049 ἀπέθανε
1226 3998 1319 4050 καὶ
1345 3999 1564 4068 ἀνέστη,
1587 3999 1674 4050 ἵνα
1695 3997 1774 4068 τῷ
1802 3998 2052 4069 ἐργῳτὺν

485 4085 729 4158 περὶτῆς
775 4087 1118 4149 ἀναστάσεως
1143 4087 1298 4156 λόγον
1352 4087 1712 4158 πιστώσηται,
1747 4089 2054 4159 ἀναμφιϐό-

484 4177 590 4240 λως
611 4177 821 4248 ἔχωμεν
847 4177 954 4229 τῶν
998 4177 1217 4245 ἀγαθῶν
1248 4180 1347 4246 τὴν
1384 4178 1592 4241 ἐλπίδα,
1615 4175 1684 4251 ἦς
1714 4179 1992 4248 παρούσης
2018 4181 2051 4249 ή

487 4267 580 4320 ἐπὶ
615 4271 726 4329 τοῖς
752 4267 1156 4335 κατοιχομένοις
1184 4265 1327 4336 λύπη
1368 4266 1550 4336 χώραν
1577 4267 1676 4337 οὐχ
1725 4267 1855 4331 ἕξει.
1893 4269 1950 4321 Ὀ
2000 4268 2056 4322 δὲ

487 4356 618 4419 Θεὸς
649 4357 803 4427 ήμῶν
844 4357 938 4409 καὶ
965 4356 1166 4427 Κύριος
1202 4356 1404 4427 Ἰησοῦς
1447 4358 1699 4428 Χριστὸς,
1733 4359 1762 4411 6
1807 4377 2058 4430 παρακα·

2111 535 2441 599 considerat,
2507 550 2536 587 a
2582 535 2782 604 quibus
2830 533 3154 599 excidimus,
3213 533 3342 587 dum
3398 536 3675 588 mortalem

2111 625 2268 679 istam
2306 640 2370 680 ac
2393 623 2666 681 sordidam
2705 626 2871 680 vitam
2915 631 3195 694 comparat
3231 639 3355 678 cum
3393 625 3680 678 iminortau

2111 714 2203 768 illa
2235 713 2588 777 beatitudine,
2615 731 2725 785 qua
2755 716 3062 786 potiebatur
3091 726 3383 784 antequam
3421 723 3686 784 potestate

2112 807 2176 861 ad
2209 808 2408 860 bonum
2436 807 2772 870 abuteretur,
2808 815 3123 876 quantoque
3150 809 3322 877 magis
3353 807 3407 860 in
3439 808 3540 861 hac
3573 809 3684 860 vita

2111 899 2379 968 ejusmodi
2413 899 2619 952 luctum
2669 898 2923 959 intendit,
2970 908 3122 952 tanto
3153 899 3388 954 celerius
3434 898 3500 952 ad
3532 907 3688 966 opta-

2114 995 2221 1040 tam
2256 986 2524 1040 bonorum
2561 988 2962 1057 possessionem
3005 988 3232 1056 aspirat.
3258 986 3390 1041 Nam
3425 988 3520 1057 qui
3560 988 3686 1042 boni

2109 1078 2380 1147 jacturam
2411 1078 2814 1144 animadvertit,
2848 1078 2915 1132 ad
2960 1079 3092 1132 illud
3130 1081 3560 1148 recuperandum
3597 1095 3690 1131 ar—

2115 1171 2361 1224 dentiore
2413 1171 2597 1225 studio
2630 1170 2955 1224 concitatur.
2987 1168 3237 1235 Proinde,
3281 1185 3408 1224 cum
3453 1169 3690 1223 salutare

2115 1262 2332 1328 lugendi
2364 1278 2559 1331 genus,
2593 1271 2652 1316 ut
2677 1261 3039 1327 ostendimus,
3088 1261 3412 1326 inveniatur,
3445 1261 3691 1314 animad-

2118 1355 2334 1418 vertite,
2366 1354 2495 1423 quid
2527 1354 2593 1408 ad
2640 1369 2927 1408 mmrorcm
2963 1362 3017 1407 et
3046 1353 3246 1406 luctum
3282 1352 3418 1409 estis
3451 1368 3675 1423 propen-

2119 1447 2316 1511 siores,
2348 1461 2451 1501 nos
2504 1461 2609 1500 non
2651 1445 2998 1506 interdicere,
3032 1460 3139 1514 quo
3183 1445 3365 1506 minus
3416 1446 3686 1499 numreati;

2117 1547 2170 1594 et
2203 1538 2538 1608 lacrymetis,
2594 1538 2687 1594 sed
2731 1539 2884 1596 vobis
2933 1541 3242 1602 consulere,
3283 1547 3354 1592 ut.
3397 1553 3495 1607 pro
3549 1539 3696 1590 male

2120 1627 2483 1698 damnatoque
2511 1628 2658 1683 luctu
2690 1629 2892 1684 bonum
2928 1638 2980 1685 et
3007 1630 3328 1684 laudabilem
3361 1629 3695 1696 complecta-

2123 1717 2278 1771 mini.
2332 1717 2519 1787 itaque
2579 1719 2748 1774 nolite
2805 1721 2995 1774 mundi
3056 1720 3258 1774 luctum
3307 1718 3698 1786 tristitiamque

2123 1807 2418 1876 suscipere,
2447 1823 2592 1877 qnte,
2629 1817 2689 1862 ut
2719 1810 2896 1880 inquit
2927 1810 3222 1879 Apostolus
3246 1810 3312 1871 ",
3344 1810 3536 1862 mortis
3568 1823 3696 1861 cau-

2119 1912 2234 1951 sam
2271 1898 2445 1961 alfert,
2495 1896 2589 1951 scd
2631 1913 2749 1952 eam
2798 1899 3115 1953 niwstitiam
3166 1897 3386 1962 sumite,
3439 1913 3559 1965 qua:
3590 1895 3694 1949 Deo

2125 1989 2321 2058 placet,
2367 1990 2523 2055 cujus
2557 1989 2681 2043 finis
2711 1997 2798 2044 est
2847 1991 3010 2043 animi
3048 1989 3218 2043 salus.
3249 1987 3460 2043 Etenim
3508 1986 3698 2040 inanes

2125 2091 2435 2150 temereun
2476 2080 2661 2134 effusa:
2708 2095 2804 2151 pro
2841 2080 3118 2136 defunctis
3165 2081 3417 2151 laerymae
3470 2078 3702 2132 fortasse

2126 2184 2290 2224 causa
2321 2169 2692 2223 damnationis
2718 2177 2882 2224 erunt
2911 2170 3008 2235 illi,
3049 2170 3141 2240 qui
3178 2186 3237 2225 re
3266 2171 3508 2224 abutitur
3537 2168 3698 2222 bona.

2125 2258 2260 2314 Nam
2323 2260 2370 2315 si
2425 2259 2635 2314 tristem
2687 2261 2830 2314 hanc
2886 2260 3055 2314 animi
3110 2259 3450 2315 affectionem
3498 2259 3704 2313 idcirco

2131 2353 2292 2407 nobis
2327 2352 2552 2408 inservit
2604 2353 2651 2406 is
2705 2351 2799 2422 qui
2839 2359 3037 2406 cuncta
3091 2353 3367 2414 sapienter
3395 2352 3522 2420 egit,
3579 2359 3636 2401 nt
3673 2367 3701 2400 a

2133 2443 2298 2507 malo,
2335 2443 2478 2512 quod
2527 2458 2628 2498 nos
2665 2442 2884 2510 invasit,
2933 2442 3200 2512 expiaret,
3247 2453 3300 2495 ct
3331 2441 3395 2494 ad
3446 2457 3508 2496 ea
3539 2442 3701 2499 bona,

2133 2550 2254 2603 qua:
2285 2548 2592 2603 speramus,
2631 2533 2860 2587 fruenda
2899 2533 3214 2603 perduceret
3246 2551 3267 2588 :.
3292 2532 3429 2587 forte
3454 2532 3544 2603 qui
3588 2532 3706 2585 fru-

2136 2635 2250 2680 stra
2309 2634 2473 2694 atque
2503 2627 2738 2680 inaniter
2778 2626 3046 2695 lacrymas
3085 2625 3337 2688 fundunt,
3373 2625 3709 2685 vocabuntur

2135 2718 2192 2771 in
2219 2717 2426 2770 crimen
2456 2717 2598 2787 apud
2631 2716 2912 2771 dominum
2940 2732 3120 2778 suum,
3152 2725 3209 2768 ut
3241 2717 3414 2770 malus
3448 2715 3538 2770 ille
3572 2717 3711 2769 villi-

2138 2823 2260 2872 cus,
2294 2808 2409 2876 qui,
2455 2815 2512 2860 ut
2551 2808 2601 2860 in
2636 2807 2929 2878 Evangelia
2971 2807 3290 2878 legimus",
3332 2806 3552 2860 divitias
3607 2806 3709 2861 sibi

2138 2899 2378 2954 creditas
2413 2899 2676 2954 inutiliter
2731 2899 3117 2970 dissipaverat.
3165 2897 3516 2968 Quaecunque
3566 2899 3710 2952 enim

2140 2991 2206 3044 ad
2246 2991 2418 3046 bonos
2446 3007 2581 3046 usus
2613 2992 2804 3046 referri
2842 3001 3088 3062 possunt,
3117 2991 3319 3046 divitia:
3353 3002 3479 3045 sunt
3507 2992 3562 3044 in
3594 2989 3715 3043 the-

2068 3121 2112 3180 ϐ
2145 3079 2323 3134 sauris
2352 3079 2668 3134 cwlestihus
2697 3091 3048 3136 enumerataz.
3081 3080 3218 3136 Nolo
3269 3081 3436 3151 igitur
3465 3081 3717 3150 ignorare

2144 3185 2263 3234 vos,
2293 3169 2513 3233 fratres,
2543 3185 2664 3240 qua:
2697 3170 2765 3224 de
2796 3171 2863 3226 iis
2893 3172 2986 3240 qui
3019 3171 3378 3234 dormierunt,
3405 3171 3713 3230 didicimus,

2143 3271 2198 3317 et
2224 3266 2268 3316 si
2301 3263 2430 3331 quid
2466 3271 2728 3333 pr.rterea
2769 3264 3006 3333 Spiritus
3041 3275 3267 3319 sanctus
3301 3262 3720 3334 pet-rectioribus

2145 3351 2424 3421 patefacit,
2483 3368 2548 3406 ne
2596 3353 2820 3407 tristitia
2897 3343 3238 3423 mmroreque
3275 3354 3606 3418 alll:-iainini,
3661 3364 3719 3404 ut

2145 3445 2326 3498 caeleri
2374 3444 2469 3514 qui
2500 3459 2650 3514 Spem
2685 3459 2792 3498 non
2838 3445 3059 3499 habent.
3090 3444 3200 3499 Soli
3227 3446 3394 3507 enim,
3423 3445 3512 3514 qui
3551 3459 3579 3497 a
3612 3443 3714 3496 ille

2147 3536 2307 3590 alieni
2364 3546 2510 3602 sunt,
2567 3537 2851 3606 praesentis
2889 3539 3011 3591 vita:
3067 3536 3265 3590 finibus
3305 3535 3517 3590 vivendi
3568 3549 3718 3603 Spem

2148 3628 2446 3682 terminant
2479 3637 2533 3683 et
2562 3629 3048 3692 circumscribunt,
3097 3629 3330 3698 ideoque
3365 3637 3589 3681 mortem
3629 3626 3724 3680 de-

2151 3721 2468 3790 plorandam
2529 3728 2743 3790 putant,
2796 3722 2940 3790 quod
2989 3735 3073 3784 ea,
3129 3737 3248 3790 qua:
3283 3736 3382 3774 nos
3423 3718 3720 3781 credimus,

2151 3826 2260 3865 non
2305 3819 2545 3880 sperant.
2581 3810 2692 3867 Nos
2729 3819 2932 3877 autem,
2977 3814 3070 3880 qui
3109 3827 3306 3882 magno
3361 3812 3730 3880 locupletique

2152 3902 2576 3957 resurrectionis
2614 3916 2645 3956 a
2692 3903 2922 3957 mortuis
2961 3905 3215 3973 sponsori
3269 3902 3501 3973 vadique
3546 3901 3733 3954 credi.-

2154 4006 2299 4054 mus,
2351 3991 2456 4061 ipsi
2504 4006 2688 4046 rerum
2725 3992 2972 4046 omnium
3027 3976 3438 4061 precreatarum
3477 3989 3735 4050 Domino,

2155 4081 2249 4151 qui
2299 4080 2370 4136 ob
2420 4079 2474 4134 id
2522 4087 2774 4134 mortuus
2824 4088 2909 4134 est
2950 4087 3006 4135 et
3040 4081 3358 4141 resurrexit,
3415 4087 3472 4132 nt
3523 4094 3579 4131 re
3612 4079 3737 4144 ἰιιεεις

2155 4172 2577 4228 resurrectionis
2591 4170 2860 4225 rationem
2881 4171 3230 4226 conﬁrmaret
3245 4178 3298 4222 ct
3321 4170 3726 4240 comprobaret,

2156 4274 2360 4320 certam
2381 4271 2544 4332 atque
2563 4262 2899 4332 exploratam
2929 4262 3196 4316 bonorum
3227 4247 3377 4327 spem
3402 4261 3732 4324 habeamus,

2158 4371 2266 4426 qua
2313 4363 2583 4423 praesente
2621 4354 2800 4409 luctus
2855 4353 2911 4406 in
2940 4367 3132 4407 eorum
3167 4353 3340 4415 obitu,
3398 4352 3488 4420 qui
3523 4364 3590 4404 ex
3629 4352 3732 4404 hac

488 4448 596 4502 λῶν
620 4451 745 4511 τοὺς
769 4447 1079 4511 ταπεινοὺς,
1103 4447 1464 4520 παρακαλέσῃ
1500 4448 1650 4518 ὑμῶν
1683 4449 1781 4513 τὰς
1811 4452 2033 4521 καρδίας

2160 4444 2267 4499 vita
2289 4443 2578 4504 decedunt,
2629 4441 2838 4495 nullum
2871 4441 3091 4496 habebit
3125 4441 3324 4495 locum.
3373 4438 3513 4493 Deus
3545 4447 3730 4492 autem

489 4540 584 4593 καὶ
615 4537 841 4612 στηρίξῃ
867 4540 946 4602 είς
990 4539 1088 4609 τὴν
1113 4537 1306 4591 ἑαυτοῦ
1339 4539 1558 4611 ἀγάπην
1585 4539 1672 4593 διά
1720 4541 1827 4594 τῶν
1855 4545 2058 4614 οἰκτιρ-

492 4630 609 4704 μῶν
646 4630 842 4695 αὑτοῦ,
877 4631 957 4684 ὅτι
1002 4629 1151 4701 αὐτῷ
1181 4632 1213 4702 ή
1246 4630 1370 4695 δόξα
1409 4633 1490 4696 εἰς
1543 4633 1670 4696 τοὺς
1711 4632 1914 4696 αἰῶνας
1952 4635 2058 4688 τῶν

490 4723 723 4779 αἰώνων.
765 4724 822 4775 Ἀ
832 4723 956 4793 αήν.

565 5066 611 5100 ¹⁹
636 5068 677 5122 ΙΙ
705 5067 830 5124 Cor.
869 5084 962 5135 vtl,
1000 5069 1078 5123 ΙΟ.
1157 5069 1201 5100 ²⁰
1227 5069 1357 5123 an.
1392 5087 1497 5132 M‘I,
1541 5071 1585 5136 l,
1629 5087 1750 5141 sqq.

2165 4544 2372 4600 noster,
2403 4534 2668 4589 Dominus
2694 4533 2854 4589 Jesus
2881 4531 3157 4596 Christus,
3189 4532 3278 4601 qui
3298 4530 3544 4596 amictus
3571 4539 3734 4599 atque

2168 4625 2400 4681 humiles
2444 4623 2781 4689 consolatur,
2819 4622 3134 4677 consoletur
3158 4621 3370 4675 animos
3411 4628 3643 4686 vesties,
3682 4629 3736 4671 ιιι

2167 4713 2544 4771 misericordia
2562 4713 3004 4783 benignitateque
3021 4725 3120 4766 sua
3136 4726 3234 4766 vos
3251 4710 3316 4763 ad
3335 4725 3392 4764 se
3409 4709 3741 4779 diligendum

2168 4806 2462 4863 inﬂammet
2494 4815 2656 4876 atque
2677 4804 3016 4867 corroboret,
3045 4803 3298 4874 quoniam
3327 4800 3429 4872 ipsi
3454 4809 3537 4856 est
3565 4801 3742 4871 gloria

2166 4899 2222 4952 in
2254 4898 2450 4952 saecula
2480 4896 2823 4952 saeculorum.
2849 4895 3044 4950 Amen.
3289 4895 3292 4900 ’
