4124 6352
436 340 530 388 δη

1710 327 1992 383 CONTRA
2035 322 2476 384 MANlCHEOS.

3599 319 3705 374 542

451 471 3652 516 W

1740 642 1967 729 ΤΟΥ
2047 639 2424 728 ΑΥΤΟΥ

1070 834 1488 946 ΚΑΤΑ
1573 834 2455 951 ΜΑΝΙΧΑΙΩΝ
2550 823 3077 944 ΛΟΓΟΣ

446 1049 679 1104 Δώδεκα
708 1041 1159 1113 συλλογισμῶν,
1192 1040 1283 1095 ὅτι
1319 1042 1389 1096 τὸ
1418 1042 1628 1107 κακὸν,
1659 1041 1926 1113 φθαρτὸν
1955 1040 2054 1113 καὶ
2083 1040 2377 1113 γεννητὸν
2409 1037 2507 1092 καὶ
2542 1038 2949 1106 ἀνύπαρκτον,
2982 1037 3080 1091 καὶ
3105 1040 3137 1091 ὁ
3166 1038 3378 1093 τούτου
3409 1038 3479 1093 δὲ
3511 1041 3709 1112 πατὴρ

1673 1111 1953 1177 διάϐολος
1996 1112 2107 1164 οὐκ
2131 1110 2476 1180 ἀγέννητος.

2023 1228 2095 1240 -ο

1801 1372 2336 1463 EJUSDEM

945 1594 1526 1714 CONTRA
1683 1562 2557 1702 MANlCHAZOS
2695 1585 3233 1699 ORATIO

451 1828 637 1887 Decem
662 1835 905 1884 constans
943 1824 1285 1898 syllogismis,
1314 1840 1415 1894 qua
1434 1815 1951 1898 probatur,__M_al_um
1987 1808 2476 1898 cprruptibilfeue
2500 1820 2570 1898 Ret
2598 1820 2849 1898 lci-catum
2886 1819 2936 1865 et
2974 1828 3076 1865 non
3120 1805 3433 1878 subsistens,
3492 1811 3711 1883 ejusque

1463 1903 1663 1963 patrem
1697 1887 1967 1941 diabolum
2004 1886 2293 1938 increatum
2322 1900 2425 1937 non
2460 1881 2692 1949 amt).

2023 2068 2098 2085 —

526 2212 592 2265 Εἴ
611 2228 665 2263 τι
692 2208 759 2263 ἀν
785 2206 951 2262 κακὸν
975 2247 990 2269 ,
1025 2202 1311 2257 κολαστέον
1329 2219 1343 2233 ο
1389 2200 1541 2255 οὐδὲν
1574 2199 1631 2253 δέ
1664 2197 2021 2268 κολαζόμενον

2198 2192 2253 2247 Si
2297 2189 2429 2262 quid
2464 2189 2534 2245 sit
2566 2188 2789 2253 malum,
2820 2188 3151 2259 puniendum
3178 2197 3260 2243 est
3302 2205 3315 2241 :
3358 2189 3489 2242 nihil
3528 2196 3709 2243 autem

452 2299 744 2372 ἄφθαρτον.
774 2299 939 2352 Οὑδέν
971 2297 1079 2368 ἄρα
1106 2294 1275 2349 κακὸν
1302 2293 1598 2364 ἄφθαρτον.

523 2477 687 2531 Οὑδέν
719 2474 952 2547 φθαρτὸν
982 2473 1271 2544 ἀγέννητον
1296 2488 1311 2504 ο
1340 2472 1454 2526 ἔστι
1484 2472 1540 2524 δὲ
1566 2469 1627 2523 τὸ
1665 2469 1832 2523 κακὸν
1858 2468 2034 2538 φθαρ-

447 2565 560 2620 τόν.
595 2566 667 2619 Τὸ
700 2568 807 2636 ἄρα
836 2564 1005 2618 κακὸν
1034 2563 1132 2616 οὑκ
1160 2563 1473 2631 ἀγέννητον.

522 2654 688 2707 Οὑδέν
721 2653 840 2707 κατ’
867 2652 1054 2706 οὐσίαν
1087 2651 1253 2705 κακόν
1274 2666 1288 2681 ·
1316 2648 1395 2720 τῷ
1420 2648 1481 2702 τὸ
1506 2648 1675 2702 κακὸν
1696 2646 1847 2701 ποιὸν
1872 2642 2028 2699 εἶναι.

452 2744 616 2797 Οὐδὲν
646 2744 700 2797 δὲ
734 2742 884 2796 ποιὸν
910 2741 1085 2796 οὑσία.
1127 2742 1201 2795 Τὸ
1230 2742 1338 2811 ἀρα
1368 2740 1535 2794 κακὸν
1567 2741 1669 2793 οὑκ
1700 2738 1874 2792 οὐσία.

524 2916 711 2970 Πάντα
732 2915 800 2969 τὰ
822 2913 1038 2968 ἐναντία
1061 2912 1305 2983 ἀλλήλων
1331 2913 1547 2985 φθαρτά
1562 2931 1575 2944 ·
1597 2912 1667 2966 τὰ
1687 2911 1741 2966 δέ
1766 2909 2035 2981 ἀγέννητα

454 3007 582 3061 ὖντα
609 3006 671 3060 οὑ
702 3005 934 3078 φθαρτά.
965 3004 1045 3058 Τά
1081 3004 1188 3075 ἄρα
1222 3004 1442 3058 ἐναντία
1470 3003 1571 3057 οὑκ
1601 3002 1871 3073 ἄφθαρτα.

527 3184 692 3239 Οὑδέν
724 3184 1014 3254 ἀγέννητον
1047 3184 1300 3253 τρεπτόν·
1353 3181 1613 3252 τρέπεται
1645 3181 1704 3234 δὲ
1739 3182 1798 3235 τὸ
1830 3181 2038 3247 ἀγαθὸν

458 3274 728 3346 κρατηθὲν
751 3273 857 3326 ὑπὸ
875 3273 968 3326 τοῦ
1016 3272 1205 3328 κακοῦ.
1247 3272 1321 3325 Τὸ
1360 3272 1470 3343 ἄρα
1503 3271 1703 3341 ἀγαθὸν
1734 3272 1833 3325 οὑκ
1883 3272 2040 3339 ἀγέν-

459 3380 639 3434 γητον.

530 3454 604 3506 Τὸ
632 3452 923 3523 ἀγέννητον
950 3453 1051 3505 οὑκ
1096 3451 1241 3506 ἐστιν
1275 3453 1560 3524 ὀρεκτικὸν
1612 3454 1819 3526 φθορᾶς
1871 3472 2037 3518 τινος,

2132 2284 2277 2355 quod
2310 2280 2537 2352 punitur
2565 2280 2984 2350 incorruptibile
3014 2288 3118 2335 est.
3152 2278 3293 2333 Nihil
3318 2279 3485 2349 igitur
3508 2279 3710 2333 malum

2137 2388 2220 2433 est
2253 2372 2683 2443 incorruptibile.

2205 2464 2347 2518 Nihil
2382 2460 2739 2531 corruptibile
2761 2468 2845 2515 est
2878 2460 3181 2515 increatum
3222 2480 3235 2516 :
3269 2462 3469 2514 malum
3527 2468 3709 2515 autem

2132 2566 2217 2613 est
2242 2554 2617 2623 corruptibile.
2650 2551 2791 2621 Ergo
2825 2551 3025 2605 malum
3058 2568 3167 2606 non
3194 2563 3277 2606 est
3305 2553 3634 2607 incrcatum.

2202 2644 2349 2700 Nihil
2376 2643 2678 2699 secundum
2719 2644 3092 2697 substantiam
3135 2643 3336 2697 malum
3392 2651 3477 2698 est
3518 2661 3531 2698 :
3564 2642 3714 2713 quod

2135 2738 2345 2791 malitia
2374 2738 2446 2791 sit
2478 2737 2737 2807 qualitas.
2774 2734 2933 2789 Nulla
2975 2749 3142 2805 porro
3178 2736 3415 2804 qualitas
3463 2742 3548 2791 est
3578 2735 3716 2791 sub-

2136 2828 2361 2892 stantia,
2400 2827 2603 2881 malum
2639 2826 2805 2896 igitur
2835 2841 2943 2880 non
2975 2832 3060 2880 est
3089 2826 3423 2880 substantia.

2206 2917 2399 2971 Omnia
2430 2916 2706 2970 contraria
2743 2930 2772 2968 a
2837 2932 2895 2970 se
2931 2915 3163 2970 invicem
3224 2925 3657 2987 corrumpuntur
3696 2931 3711 2968 :

2136 3021 2259 3075 quae
2283 3013 2461 3060 autem
2500 3005 2741 3059 iucreata
2771 3014 2921 3069 sunt,
2974 3020 3081 3061 non
3128 3014 3258 3060 sunt
3312 3008 3713 3080 corruptibilis.

2137 3095 2278 3165 Ergo
2304 3095 2580 3149 contraria
2612 3109 2719 3147 non
2750 3102 2876 3151 sunt
2907 3094 3362 3165 incorruptibilia.

2208 3185 2351 3239 Nihil
2391 3186 2700 3239 increatum
2731 3185 3069 3239 immutabile
3109 3196 3194 3242 est
3225 3205 3239 3241 :
3292 3186 3495 3239 bonum
3530 3192 3712 3241 autem

2140 3288 2171 3327 a
2202 3274 2346 3326 malo
2371 3282 2693 3342 superatum
2727 3280 2992 3326 mutatur.
3021 3272 3231 3327 Bonum
3276 3274 3443 3344 igitur
3473 3290 3583 3329 non
3626 3285 3711 3330 est

2142 3364 2473 3418 iucrcatum.

2211 3450 2364 3521 Quod
2402 3455 2702 3509 increatum
2734 3461 2839 3517 cst.
2873 3469 2982 3507 non
3016 3462 3101 3508 est
3137 3454 3429 3520 ejusmodi,
3456 3463 3515 3508 ut
3541 3455 3717 3511 inter—

461 3544 580 3597 ουδέ
602 3559 663 3611 γε
696 3542 991 3613 φθαρτικόν
1009 3561 1023 3574 ·
1054 3543 1114 3596 τὸ
1139 3543 1195 3596 δέ
1220 3560 1284 3611 γε
1316 3544 1483 3597 κακὸν
1508 3544 1787 3617 ὀρεκτικὸν
1813 3546 2037 3615 φθορᾶς.

2144 3546 2277 3599 itum
2326 3552 2564 3614 appetat,
2603 3552 2697 3596 aut
2745 3545 3026 3598 interitum
3077 3544 3274 3600 aﬂ'erre
3316 3548 3525 3616 possit:
3566 3549 3716 3618 atqui

463 3631 538 3684 Τὸ
564 3632 671 3704 ἄρα
702 3631 869 3686 κακὸν
904 3633 1004 3686 οὑκ
1031 3634 1344 3703 ἀγέννητον.

531 3812 598 3866 Αἱ
632 3812 771 3867 θεῖαι
798 3813 1014 3886 Γραφαὶ
1066 3815 1189 3877 ταῖς
1234 3813 1489 3868 κολάσεσι
1536 3814 1923 3885 παραδίδοσθαι
1974 3814 2036 3866 οὑ

463 3906 584 3967 τοὺς
646 3905 836 3970 ἀλλους
889 3905 1081 3975 μόνους
1117 3906 1355 3971 κακοὺς,
1395 3904 1532 3959 ἀλλά
1588 3906 1683 3959 καὶ
1734 3906 1896 3958 αὑτὸν
1948 3905 2037 3958 τὸν

460 3996 705 4050 διάϐολον
730 3996 946 4065 λέγουσι
971 4013 986 4028 ·
1021 3998 1130 4051 πᾶν
1161 3997 1217 4050 δὲ
1259 3997 1320 4050 τὸ
1366 3997 1581 4051 κολάσει
1615 3996 2038 4067 παραδιδόμενον

464 4091 694 4158 στρεπτόν
714 4106 727 4119 ·
759 4088 910 4143 οὐδὲν
938 4089 993 4142 δὲ
1020 4089 1251 4159 τρεπτὸν
1272 4087 1766 4161 ἀγέννητον.οὑδέν
1796 4086 1905 4155 ἄρα
1932 4085 2038 4139 τῶν

466 4177 653 4232 κακῶν
679 4178 993 4249 ἀγέννητον.

538 4269 659 4323 Τῶν
689 4270 756 4324 δι’
785 4270 905 4323 ὅλου
948 4269 1371 4340 ἐναντιουμένων
1394 4309 1410 4332 ,
1454 4269 1605 4323 οὑδέν
1645 4269 1841 4323 κοινόν.
1876 4268 2038 4321 ’Ὥστε

468 4362 618 4414 πᾶσα
644 4361 857 4431 ἀνάγκη
895 4360 957 4414 τὸ
1005 4359 1251 4434 [ἀγαθὸν]
1307 4360 1559 4430 ὑπάρχει,
1617 4360 1691 4431 μὴ
1736 4358 1796 4411 ὃν
1824 4357 1931 4428 ἀρα
1976 4356 2038 4409 τὸ

468 4446 659 4503 κακόν.

543 4540 657 4603 Πᾶς
683 4541 713 4593 ὁ
744 4539 979 4609 εὐλόγως
1014 4538 1338 4611 όρεγόμενός
1397 4553 1540 4600 τινος
1578 4535 2039 4605 ἐπιτετευγμένην

470 4630 584 4701 ἔχει
621 4632 720 4703 τὴν
747 4631 925 4702 ὄρεξιν
948 4671 964 4696 ,
1071 4632 1303 4700 εὐλόγως
1332 4630 1582 4703 ὀρέγεται
1607 4642 1620 4657 ·
1655 4630 1762 4683 τῶν
1788 4628 2040 4698 φθαρτῶν

470 4723 578 4795 ἄρα
604 4722 748 4777 ἐστὶν
774 4726 807 4795 ή
846 4723 1012 4777 κακία
1031 4740 1045 4755 ο
1079 4722 1186 4777 τῶν
1233 4722 1487 4794 φθαρτῶν
1516 4717 1649 4776 οὖσα
1674 4719 2040 4789 ἀφανισθήσε-

470 4831 580 4871 ται.
616 4815 1006 4886 Ἀφανιζομὲνη
1038 4814 1118 4878 δὲ,
1140 4814 1240 4868 οὑκ
1273 4813 1417 4867 ἐστιν
1444 4811 1757 4883 ἀγέννητος.
1956 4808 1957 4811 “

554 4987 872 5059 Ἀγέννητον
918 4987 981 5041 τὸ
1012 4985 1179 5040 κακὸν
1199 5027 1214 5051 ,
1247 4987 1389 5040 κατά
1437 4985 1598 5056 φύσιν
1631 4985 1779 5055 αὑτῷ
1809 4984 2042 5055 ὑπάρχει

472 5080 533 5132 τὸ
561 5079 730 5134 κακὸν
756 5074 914 5134 εἶναι.
945 5080 1131 5143 Οὐδεὶς
1154 5078 1211 5132 δέ
1244 5080 1385 5132 κατά
1412 5078 1572 5147 φύσιν
1602 5076 1839 5147 ἐνεργῶν
1867 5076 2048 5146 ἀμαρ-

472 5169 658 5222 τάνει·
706 5169 768 5223 τὸ
828 5168 935 5241 ἀρα
988 5170 1279 5239 ἀγέννητον
1324 5169 1423 5239 οὐχ
1481 5168 1804 5239 ἁμαρτάνει.
1856 5166 1930 5219 Τὸ
1975 5166 2048 5235 μὴ

475 5260 786 5333 ἁμαρτάνον
806 5262 904 5332 οὑχ
931 5261 1180 5315 ὑπαίτιον
1200 5278 1214 5291 ·
1243 5259 1489 5323 ὑπαίτιος
1517 5259 1574 5313 δὲ
1601 5259 1906 5321 όΣατανᾶς.
1935 5256 2050 5312 Οὑκ

476 5352 585 5407 ἀρα
623 5351 936 5424 ἀγέννητον.

549 5622 627 5693 (l)
655 5621 977 5692 Fragmenta
999 5624 1113 5677 haec
1130 5622 1187 5678 S.
1212 5624 1475 5687 Gregorio
1499 5622 1659 5693 Nyss.
1684 5622 2045 5690 ahjudicanda

481 5692 755 5751 violentur.
811 5694 1245 5762 quandoquidem
1315 5692 1684 5763 iutcgraincc
1728 5695 1837 5748 ullo
1882 5695 2047 5749 verbo

483 5768 695 5816 mutato
745 5762 805 5816 in
857 5764 995 5818 libro
1046 5763 1249 5819 Didvuli
1282 5762 1447 5819 Alex.
1493 5762 1690 5819 Contra
1728 5762 2045 5819 Mauir/zwos

2142 3635 2343 3689 malum
2380 3635 2660 3690 interitum
2697 3634 2924 3704 appetit.
2964 3634 3163 3689 Malum
3200 3651 3332 3706 ergo
3365 3652 3474 3693 non
3508 3646 3595 3694 est
3628 3639 3712 3693 in-

2142 3735 2408 3779 Creatum.

2218 3815 2507 3885 Suppliciis
2538 3814 2696 3883 plecti
2730 3828 2837 3868 non
2898 3815 3036 3871 alios
3087 3824 3298 3870 tantum
3367 3818 3561 3882 malos,
3619 3819 3715 3874 sed

2145 3904 2323 3973 ipsum
2359 3905 2635 3959 diabolum
2666 3904 2968 3976 Scriptura;
3001 3922 3174 3962 sacra:
3208 3916 3518 3973 testantur;
3554 3909 3717 3979 quid-

2144 3996 2273 4065 quid
2320 4004 2498 4049 autem
2538 3996 2810 4066 supplicio
2858 3997 3115 4064 plectitur
3150 4011 3236 4055 cst
3282 4000 3549 4054 mutabile
3583 3999 3716 4054 nihil

2145 4099 2312 4153 porro
2342 4084 2605 4137 mutabile
2632 4085 2934 4138 increatum
2962 4093 3067 4140 est.
3096 4085 3240 4140 Nihil
3268 4087 3435 4156 igitur
3462 4103 3528 4141 cx
3555 4088 3717 4144 malis

2146 4174 2445 4227 increatum
2478 4184 2583 4231 est.

2218 4264 2360 4318 Nihil
2394 4279 2686 4319 commune
2711 4272 2795 4320 est
2829 4265 2919 4329 iis,
2962 4281 3083 4336 qua!
3129 4266 3349 4335 penitus
3399 4278 3528 4322 sunt
3579 4283 3715 4325 con-

2146 4357 2337 4409 traria.
2382 4354 2566 4424 Itaque
2600 4356 2968 4411 necessarium
3030 4355 3253 4409 omnino
3300 4363 3426 4420 est,
3485 4364 3544 4411 ut
3591 4373 3715 4414 cum

2148 4448 2349 4502 bonum
2380 4448 2630 4506 exsistat,
2668 4446 2718 4499 Μ
2748 4446 2896 4515 quod
2926 4446 3127 4499 malum
3168 4456 3253 4500 est
3282 4460 3390 4501 non
3428 4449 3679 4504 exsistat.

2217 4537 2541 4609 Quicunque
2573 4553 2696 4593 ctun
2730 4538 2944 4592 ratione
2977 4538 3184 4607 appetit
3210 4539 3510 4607 appetitum
3553 4555 3713 4596 suum

2148 4629 2351 4699 expleri
2382 4644 2443 4683 ac
2469 4628 2654 4698 perﬁci
2690 4628 2858 4692 videt,
2890 4637 3160 4698 quatenus
3198 4644 3323 4682 cum
3366 4629 3578 4684 ratione
3620 4645 3717 4700 ap-

2149 4721 2279 4789 petit
2305 4737 2318 4773 :
2350 4734 2475 4773 cum
2505 4727 2688 4773 autem
2724 4719 3157 4788 corruptibilium
3186 4722 3424 4789 appetitu
3466 4728 3717 4776 teneatur

2151 4812 2377 4875 malitia,
2419 4811 2705 4867 delehitur.
2744 4810 2801 4866 Si
2837 4819 3020 4867 autem
3052 4812 3319 4878 deleatur,
3348 4829 3458 4867 non
3505 4822 3590 4867 est
3627 4813 3716 4867 in-

2070 4917 2113 4972 c
2147 4912 2352 4957 creata.

2223 4993 2525 5048 lncreatum
2558 4994 2602 5048 si
2640 4994 2708 5046 sit
2753 4993 2955 5047 malum
3005 4993 3306 5047 secundum
3345 5004 3618 5063 naturam,
3650 5012 3717 5051 eo

2147 5084 2268 5153 ipso
2294 5083 2512 5139 exsistit
2546 5085 2691 5153 quod
2725 5083 2927 5137 malum
2976 5091 3082 5138 est.
3116 5083 3279 5154 Atqui
3334 5100 3495 5140 nemo
3520 5100 3716 5141 secun-

2145 5177 2275 5231 dum
2308 5184 2554 5230 naturam
2583 5190 2751 5246 agens
2779 5182 2973 5245 peccat
3004 5194 3017 5229 :
3044 5175 3189 5245 quod
3230 5191 3363 5246 ergo
3409 5176 3713 5231 increatum

2144 5277 2262 5333 est,
2291 5282 2402 5322 non
2443 5275 2668 5335 peccat:
2698 5266 2841 5335 quod
2876 5280 2984 5320 non
3026 5273 3236 5335 peccat,
3278 5280 3383 5319 non
3418 5275 3503 5321 est
3542 5266 3715 5319 obno-

2148 5359 2295 5413 xium
2338 5355 2631 5426 supplicio.
2659 5353 2892 5409 Satanas
2919 5363 3099 5411 autem
3132 5362 3218 5411 est
3249 5354 3517 5425 supplicio
3541 5356 3718 5410 obno-

2149 5449 2300 5503 xius.
2336 5445 2453 5503 Non
2480 5460 2612 5517 ergo
2639 5461 2727 5502 res
2755 5455 2833 5501 est
2870 5446 3130 5501 increata.

2145 5623 2415 5679 contineri
2469 5621 2667 5678 detexi.
2723 5619 2964 5677 Fessmn
3021 5619 3202 5675 Instit.
3260 5621 3412 5675 Patr.
3462 5619 3518 5680 l,
3572 5618 3718 5685 595,

2144 5700 2261 5746 not.
2293 5722 2361 5733 —-
2401 5690 2537 5747 Vide
2596 5690 2923 5762 Patrologia:
2982 5691 3212 5761 hujusce
3264 5702 3400 5747 tom.
3458 5684 3721 5756 XXXIX,

2142 5763 2247 5818 col.
2292 5765 2306 5816 l
2320 5762 2422 5817 087
2452 5762 2517 5817 C.
