4154 6354
436 343 539 399 5ἂ5

638 486 1546 517 mm

1672 328 1730 384 S.
1756 323 2085 382 (ιιιεοοιιιι
2113 321 2407 379 NYSSENI

3571 309 3672 364 ιλιι

1550 468 3110 508 ﬂ“

1334 687 1559 773 ΤΟΥ
1650 685 2027 773 ΑΥΤΟΥ
2133 679 2755 769 ΓΡΗΓΟΡΙΟΥ

1697 889 2096 945 ΕΠΙΣΚΟΠΟΥ
2142 885 2418 942 ΝΥΣΣΗΣ

849 1064 1089 1178 ΕΙΣ
1126 1068 1440 1183 ΤΗΝ
1489 1061 2075 1182 ΕΑΥΤΟΥ
2150 1052 3255 1172 ΧΕΙΡΟΤΟΝΙΑΝ.

1350 1489 1899 1583 .EJUSDEM
1971 1489 2088 1579 'S.
2145 1485 2748 1592 'GREGORII

1732 1698 2038 1758 EPISCOPI
2098 1700 2142 1756 N
2154 1700 2393 1757 YSSENI

1146 1899 1298 2012 IN
1363 1868 1742 2015 SUAM
1820 1893 2963 2013 ORDINATIONEM.

1724 2123 1809 2174 Fr.
1833 2120 2005 2171 Ducam
2032 2114 2308 2179 interprete.

507 2437 587 2493 Ad
615 2452 715 2493 nos
740 2440 903 2493 ctiam
930 2438 1231 2509 spiritualis
1261 2439 1567 2497 instruendi
1599 2441 1835 2496 convivii
1867 2456 1990 2497 sors
2041 2449 2086 2506 Α

437 2538 491 2584 ct
525 2528 763 2584 oﬂlcium
817 2528 1131 2585 devolutum
1175 2542 1281 2596 est,
1334 2533 1549 2589 tametsi
1591 2532 1772 2589 idonei
1831 2536 2012 2606 potius

439 2619 634 2682 simus,
687 2626 750 2673 ut
790 2619 1092 2675 alienorum
1142 2621 1436 2691 participes
1472 2622 1669 2679 fiamus
1718 2623 2008 2689 bonorum,

438 2724 606 2775 quam
638 2719 697 2765 ut
731 2709 835 2779 ipsi
867 2720 1052 2765 nostra
1090 2712 1404 2783 largiamur.
1434 2712 1700 2781 Equidem
1731 2713 1880 2769 omni
1909 2729 2013 2784 ope

439 2810 749 2871 conataque
788 2803 1067 2867 contendi,
1103 2813 1165 2858 ut
1190 2804 1257 2858 ab
1280 2804 1549 2873 ejusmodi
1580 2806 1885 2876 pendendis
1914 2807 2013 2861 tri-

440 2892 587 2947 hutis
620 2900 843 2964 propter
874 2909 1050 2948 meam
1086 2895 1140 2948 in
1168 2893 1405 2950 dicendo
1432 2896 1715 2966 penuriam
1752 2898 2013 2953 immunis

440 2998 639 3047 essem,
681 2994 841 3054 prout
866 2986 1031 3040 etiam
1059 2984 1165 3041 fert
1195 2986 1279 3041 lex
1310 2987 1578 3056 quapiam
1613 2988 2009 3043 conviviorum.

443 3075 534 3130 Sic
579 3078 726 3131 enim
758 3076 941 3145 accepi
994 3077 1263 3143 homines,
1308 3080 1403 3149 qui
1435 3078 1581 3133 lauta
1622 3087 1679 3135 et
1725 3080 2013 3151 magnifica

440 3166 618 3219 victus
650 3168 856 3220 ratione
880 3173 1126 3231 utuntur,
1157 3182 1283 3221 cum
1308 3168 1694 3223 communibus
1721 3184 2015 3239 compran-

442 3256 666 3311 soribus
697 3257 953 3313 omnibus
1004 3258 1062 3312 in
1095 3259 1285 3312 orbem
1326 3259 1578 3313 convivia
1610 3260 2011 3324 instruxerunt,

443 3349 491 3403 si
525 3348 650 3419 quis
676 3363 743 3402 ex
774 3363 1004 3403 numero
1036 3349 1393 3403 convivarum
1434 3349 1507 3405 sit
1536 3350 1869 3420 angustioris
1900 3351 2014 3405 for-

445 3447 611 3501 tuna,
643 3439 833 3494 solitos
857 3455 980 3494 eum
1028 3453 1060 3493 a
1095 3440 1373 3495 communi
1407 3442 1650 3512 symbolo
1676 3443 2011 3500 conferenda

445 3532 739 3584 immunem
783 3543 985 3585 mense
1011 3529 1221 3584 socium
1252 3546 1358 3585 non
1402 3532 1711 3601 repudiare.
1750 3535 1825 3589 Ita
1864 3551 2009 3605 quo-

445 3636 552 3691 que
580 3621 838 3690 optabam
871 3623 989 3692 ipse
1015 3622 1274 3677 ditiorum
1303 3623 1481 3693 epulis
1510 3632 1771 3694 tanquam
1797 3640 2017 3682 mensa-

447 3727 567 3767 rum
623 3713 832 3767 assccla
867 3712 1137 3768 adhiberi.
1182 3712 1410 3779 Quando
1462 3723 1641 3769 autem
1698 3718 1930 3773 eximius
1963 3727 2018 3773 et

2184 2438 2354 2496 Ἷιλθε
2394 2442 2486 2496 καὶ
2514 2439 2598 2511 ἐφ’
2619 2439 2765 2510 ἡμᾶς
2793 2438 2827 2511 ἡ
2860 2436 2960 2508 τῆς
2982 2438 3354 2508 πνευματικῆς
3394 2436 3689 2501 ἑστιάσεως

2116 2534 2442 2606 λειτουργία,
2465 2532 2717 2604 μετέχειν
2744 2531 2942 2603 μᾶλλον
2979 2530 3200 2599 ἐτέρων,
3241 2528 3271 2599 ῆ
3302 2529 3528 2594 ἑαυτοὺς
3548 2548 3689 2602 παρ-η

2117 2626 2262 2698 ἐχειν
2312 2624 2513 2688 ἄλλοις,
2550 2623 2710 2687 ὂντας
2760 2621 3115 2691 ἐπιτηδείους.
3156 2622 3346 2675 Καίτοι
3392 2638 3455 2691 γε
3514 2621 3689 2691 ἔγωγε

2117 2718 2211 2772 καὶ
2244 2716 2520 2780 παντελῶς
2560 2716 2742 2785 ἠξίουν
2774 2713 2970 2783 ἀτελὴς
2996 2707 3134 2766 εἶναι
3172 2713 3281 2767 τῶν
3317 2713 3572 2768 τοιούτων
3603 2714 3672 2784 q.‘

2120 2824 2250 2879 ρων,
2272 2808 2359 2861 διὰ
2382 2806 2479 2878 τὴν
2508 2806 2601 2859 τοῦ
2624 2806 2801 2875 λέγειν
2823 2804 3031 2866 πενίαν,
3050 2803 3191 2857 κατὰ
3223 2820 3345 2857 τινα
3364 2803 3527 2875 νόμον
3554 2821 3660 2868 συιδ
3677 2834 3692 2843 -

2119 2898 2358 2953 ποτικὸν.
2406 2897 2613 2951 Ἀκούω
2655 2896 2763 2969 γὰρ
2804 2896 2931 2959 τοὺς
2962 2895 3291 2967 άκροτέρους
3330 2894 3427 2967 τὴν
3457 2894 3690 2962 δίαιταν,

2120 2990 2249 3044 ὅταν
2277 2992 2341 3043 ὲκ
2385 2988 2633 3060 περιόδου
2684 2986 2762 3058 τῷ
2811 2986 2977 3058 κοινῷ
3019 2987 3275 3056 συσσιτίῳ
3313 2986 3411 3049 τάς
3459 2986 3694 3057 εὐωχίας

2119 3078 2632 3151 παρασκευάσωσιν,
2655 3077 2709 3130 εί
2723 3094 2807 3142 τις
2834 3078 2899 3130 ὲκ
2936 3075 3029 3130 τού
3052 3076 3349 3145 καταλόγου
3377 3076 3484 3131 τῶν
3509 3077 3693 3131 δαιτυ-

2114 3172 2299 3244 μόνων
2326 3168 2649 3241 πενέστερος
2675 3168 2783 3240 εἴη,
2805 3166 2997 3221 τοῦτον
3013 3166 3198 3238 κοινῆς
3226 3165 3494 3238 συνθήκης
3522 3166 3693 3235 ἀτελῆ

2122 3263 2432 3317 σύνδειπνον
2484 3260 2648 3332 ἔχειν.
2696 3258 2853 3314 Οὕτω
2899 3258 2994 3314 καὶ
3032 3258 3192 3323 αὐτὸς
3231 3257 3528 3330 ὲΰουλόμην
3573 3261 3693 3313 ἐπι·

2122 3354 2288 3417 σίτιος
2315 3348 2451 3406 εἶναι
2476 3351 2575 3421 τῆς
2608 3349 2717 3404 τῶν
2744 3348 3014 3403 πλουσίων
3034 3349 3237 3420 τροφῆς
3254 3366 3268 3381 ·
3303 3347 3417 3402 ἀλλ’
3448 3349 3634 3422 ἐπειδὴ
3663 3353 3694 3405 ὁ

2122 3443 2290 3507 καλός
2331 3460 2391 3497 τε
2430 3442 2524 3496 καὶ
2572 3440 2822 3503 πλούσιος
2852 3439 3120 3511 ἑστιάτωρ
3170 3432 3323 3501 οὗτος
3362 3438 3484 3493 οὐδὲ
3540 3439 3696 3510 ἡμῶν

2122 3535 2377 3605 φείδεται,
2408 3534 2682 3587 διακονεῖν
2725 3531 2783 3586 δὲ
2815 3532 3177 3603 προστάττει,
3203 3530 3314 3601 ὲρῶ
3343 3531 3479 3603 πρὸς
3509 3531 3696 3596 αὑτὸν,

2122 3625 2283 3688 Φίλε,
2311 3621 2547 3693 χρῆσόν
2561 3639 2663 3692 μοι
2686 3620 2807 3676 τῶν
2834 3619 2963 3675 σῶν
2988 3620 3181 3689 ἄρτων
3204 3635 3220 3650 ·
3248 3619 3446 3691 ἄρτους
3475 3620 3534 3675 δὲ
3554 3620 3698 3689 λέγω

2122 3716 2219 3788 τὴν
2254 3715 2343 3769 διά
2377 3714 2488 3768 τῶν
2519 3714 2692 3785 εὐχῶν
2733 3712 3071 3784 συμμαχίαν.
3122 3712 3247 3775 Πῶς
3271 3711 3381 3783 γάρ
3423 3711 3539 3765 ἔστι
3584 3713 3698 3776 τοῖς

447 3801 740 3873 opulentus
774 3801 861 3857 hic
888 3802 1127 3857 convivii
1174 3803 1431 3859 dominus
1483 3819 1551 3859 nc
1604 3804 1765 3861 nobis
1794 3805 2015 3876 quidem
2049 3856 2051 3862 λ

2123 3804 2511 3874 πνευματικοῖς
2535 3802 2745 3865 τούτοις
2769 3802 2981 3873 κηρίοις
3010 3801 3106 3871 τὴν
3133 3801 3299 3871 ἀκοὴν
3328 3798 3479 3869 ὑμῶν
3506 3801 3667 3872 ἑντρυ

451 3895 564 3949 Vult
589 3906 834 3965 parcere,
866 3893 963 3949 sed
986 3902 1041 3949 et
1073 3892 1388 3949 ministrare
1414 3910 1516 3950 nos
1540 3895 1729 3963 jubet:
1761 3897 1843 3952 sic
1863 3912 2020 3966 agam

448 3995 573 4035 cum
603 3980 718 4046 illo,
747 3980 953 4044 Amice,
987 3980 1264 4035 commodo
1300 3980 1429 4035 mihi
1464 3983 1668 4054 aliquot
1692 3997 1759 4038 ea:
1787 3983 2013 4051 panibus

451 4074 558 4127 tuis
582 4072 652 4137 ⁸⁸,
693 4085 860 4144 panes
888 4077 1067 4127 autem
1125 4072 1358 4144 appello,
1390 4073 1535 4143 quod
1570 4074 1819 4144 precibus
1852 4075 2023 4131 fertur

452 4165 735 4219 auxilium.
774 4162 916 4230 Quid
962 4163 1106 4219 enim
1156 4165 1349 4219 attinet
1398 4180 1559 4221 aures
1608 4174 1843 4229 vestras,
1897 4181 2019 4237 qua:

450 4253 826 4324 spiritualibus
881 4253 1005 4309 istis
1050 4253 1189 4310 favis
1243 4268 1368 4309 sese
1415 4255 1780 4319 ohlectaruut,
1829 4255 2018 4326 jejuna

449 4359 733 4415 cgenaque
760 4344 1012 4415 excipere
1032 4346 1317 4401 oratione?
1347 4345 1426 4399 Ac
1466 4344 1703 4403 fortasse
1733 4347 1928 4403 melius
1959 4363 2020 4403 se

451 4437 667 4503 habeat,
707 4435 753 4492 si
782 4434 1238 4506 quemadmodum
1270 4436 1324 4491 in
1346 4438 1613 4508 gymnicis
1629 4440 2023 4496 certaminibus

453 4531 671 4586 illorum
719 4537 805 4585 est
851 4529 1113 4593 stadium,
1161 4530 1253 4600 qui
1288 4530 1496 4586 viribus
1524 4532 1776 4601 corporis
1818 4533 1876 4587 in
1917 4534 2022 4588 illis

452 4623 653 4687 valent,
692 4620 874 4677 caeteri
904 4634 1034 4676 vero
1058 4620 1454 4676 decertantium
1492 4621 1627 4676 fiunt
1659 4631 2023 4693 spectatores:

453 4714 527 4768 ita
574 4713 631 4767 in
673 4712 777 4766 hoc
807 4711 1093 4782 spirituale
1131 4710 1371 4766 stadium
1426 4712 1504 4766 illi
1536 4714 1660 4776 soli,
1692 4714 1787 4784 qui
1821 4717 2025 4770 virtute

453 4809 771 4855 sanctorum
826 4815 891 4854 ac
938 4800 1135 4856 robore
1188 4801 1413 4871 pollent,
1475 4802 1738 4859 adversus
1789 4803 2024 4859 athletas

453 4892 718 4961 prodeant
755 4908 769 4943 :
824 4890 871 4946 si
904 4890 1029 4960 quis
1063 4898 1246 4944 autem
1279 4891 1350 4944 sit
1376 4905 1442 4945 ex
1478 4891 1569 4950 iis.
1613 4907 1845 4961 quorum
1880 4908 2025 4948 unus

450 4997 554 5052 ego
590 4995 734 5046 sum,
786 4980 876 5036 cui
926 4980 1048 5035 cani
1082 4980 1194 5035 sint
1240 4981 1443 5047 crines,
1501 4982 1690 5038 fractae
1730 4990 1913 5039 autem
1954 4984 2025 5039 ob

450 5080 666 5129 etatem
693 5072 860 5136 vires,
896 5072 1128 5127 tremula
1155 5071 1322 5126 etiam
1347 5080 1403 5126 et
1427 5072 1675 5134 nonnihil
1704 5073 2024 5130 claudicans

2123 3896 2393 3964 φήσασανν
2412 3893 2652 3965 πενιχρῷ
2680 3893 2773 3948 καὶ
2792 3892 3123 3962 πτωχεύοντι
3143 3890 3494 3957 δεξιώσασθαι
3516 3890 3658 3960 λόγῳ
3672 3905 3705 3955 ς,

2122 3986 2230 4040 Καὶ
2260 3987 2403 4056 τάχα
2441 3984 2621 4047 καλῶς
2656 3977 2821 4053 εἶχεν,
2846 3981 3117 4051 ἵν’ὦσπερ
3150 3980 3241 4034 ἐπὶ
3277 3979 3384 4034 τῶν
3412 3979 3695 4047 γυμνικῶν

2120 4075 2375 4145 ἀγώνων
2401 4075 2577 4147 μόνων
2609 4073 2719 4145 γὰρ
2748 4074 2857 4127 τῶν
2889 4072 3176 4142 ἰσχυόντων
3216 4071 3274 4126 ὲν
3309 4069 3536 4135 Ξκείνοις
3574 4069 3696 4126 ἐστὶ

2122 4166 2185 4221 τὸ
2218 4166 2450 4231 στάδιον,
2482 4167 2533 4220 oi
2559 4164 2617 4218 δὲ
2639 4165 2814 4219 λοιποὶ
2862 4164 3050 4218 θεαταὶ
3076 4162 3315 4232 γίνονται
3344 4161 3456 4218 τῶν
3495 4163 3697 4233 ἀγωνι-

2120 4257 2364 4328 ζομένων
2381 4274 2397 4291 ⁸
2430 4256 2576 4313 οὕτω
2599 4257 2693 4312 καὶ
2718 4258 2801 4320 εἰς
2819 4256 2881 4309 τὸ
2900 4255 3268 4325 πνευματικὸν
3298 4255 3458 4310 τοῦτο
3484 4256 3698 4311 στάδιον

2126 4349 2317 4420 μόνους
2330 4349 2456 4413 τοὺς
2473 4347 2812 4419 σφριγῶντας
2831 4347 2890 4400 ὲν
2903 4348 2970 4417 τῇ
2994 4345 3221 4416 δυνάμει
3239 4346 3348 4401 τῶν
3372 4347 3544 4416 ἁγίων
3560 4349 3697 4420 πρὸς

2120 4440 2247 4503 τοὺς
2290 4438 2594 4508 ἀγωνιστὰς
2635 4435 2960 4491 ἀποδύεσθαι
2987 4451 3004 4467 ο
3036 4438 3085 4488 εί
3118 4436 3177 4489 δέ
3216 4453 3302 4501 τις
3337 4437 3423 4509 εἴη
3454 4436 3565 4491 τῶν
3587 4433 3698 4500 οἷος

2122 4523 2314 4599 ὲγὼ,ᾧ
2344 4529 2507 4583 πολιὰ
2542 4530 2641 4601 μὲν
2668 4529 2703 4599 ἠ
2730 4525 2872 4599 θρὶξ,
2890 4526 3074 4599 νωθρὰ
3094 4527 3152 4581 δὲ
3185 4527 3288 4581 ὑπὸ
3314 4526 3407 4581 τοῦ
3434 4528 3627 4600 χρόνου
3659 4528 3693 4595 ἡ

2121 4622 2349 4693 δύναμις
2368 4662 2384 4687 ,
2408 4621 2713 4691 ὑπότρομος
2742 4619 2799 4673 δὲ
2845 4618 2940 4673 καὶ
2972 4618 3296 4684 ὑποσκάζων
3323 4620 3351 4672 ὀ
3377 4619 3553 4688 λόγος,
3581 4618 3699 4672 τοῦ-

2120 4730 2214 4768 τον
2235 4715 2330 4783 ὲᾷν
2360 4715 2471 4776 τοῖς
2498 4711 2683 4782 ἱδρῶσι
2715 4711 2825 4766 τῶν
2864 4709 3182 4777 ἀγωνιστῶν
3216 4709 3695 4783 ἐπευφραίνεσθαι.

2124 4791 2237 4852 Ούκ
2268 4794 2362 4852 οὖν
2393 4796 2719 4869 μηκύνωμεν
2749 4797 2899 4867 ὑμῖν,
2925 4796 3164 4866 ἀδελφοὶ,
3194 4798 3256 4851 τὸ
3289 4799 3594 4870 προοίμιον,
3612 4801 3699 4851 ὲν-

2123 4891 2507 4963 ασχολούμενοι
2546 4890 2626 4962 τῷ
2667 4888 2905 4959 Θαύματι
2952 4889 3063 4943 τῶν
3111 4890 3509 4962 προλαϐόντων.
3558 4890 3698 4959 Ἤδη

2124 4979 2511 5051 κεκορεσμένοι
2538 4977 2681 5044 ἐστὲ,
2711 4978 2812 5049 ῆδη
2839 4977 3207 5049 ἐπλουτήσατε
3230 4997 3246 5011 -
3274 4980 3303 5032 ὁ
3324 4980 3380 5033 δὲ
3407 4979 3566 5051 κόρος
3591 4979 3700 5033 ἀπὸ

2123 5067 2523 5138 γλυκασμάτων
2550 5065 2696 5121 ἐστίν
2733 5082 2747 5096 ·
2774 5065 2984 5130 τούτοις
3012 5067 3122 5138 γάρ
3156 5068 3299 5138 ὑμᾶς
3338 5069 3368 5122 ό
3413 5066 3699 5138 προλαϐὼν

452 5164 653 5227 oratio,
682 5162 811 5218 huic
826 5163 1195 5235 permittatur,
1215 5171 1274 5217 ut
1291 5178 1351 5219 se
1376 5164 1703 5219 athletarum
1719 5165 2023 5221 contentio-
2050 5180 2051 5185 ‘

2125 5159 2282 5229 λόγος
2310 5159 2610 5230 ὲτιθήνατο.
2635 5159 2787 5230 Τάχα
2810 5155 2909 5212 οὖν
2947 5158 3218 5230 ἄχρηστον
3249 5160 3410 5230 κόρον
3436 5158 3698 5213 ἐπέϐαλλε

392 5261 397 5265 ‘
454 5254 619 5309 nibus
644 5256 956 5325 spectandis
981 5256 1231 5311 oblectet.
1270 5256 1348 5312 Ne
1373 5257 1540 5328 igitur
1583 5256 1799 5328 longius
1843 5256 2021 5321 vobis,

456 5346 674 5407 fratres,
728 5346 1002 5403 sermonis
1052 5347 1340 5401 exordium
1414 5348 1833 5416 protrahainus,
1897 5362 2022 5402 cum

456 5434 702 5489 mirificis
728 5450 918 5489 eorum
948 5438 1041 5506 qui
1074 5449 1201 5495 ante
1248 5454 1349 5495 nos
1375 5439 1635 5494 dixerunt
1680 5438 2025 5494 orationibus

455 5539 677 5600 operam
707 5524 993 5586 dederitis;
1042 5525 1161 5583 Jam
1206 5531 1437 5586 saturati
1475 5529 1645 5597 estis,
1677 5530 1791 5600 jam
1825 5528 2025 5585 divites

429 5618 584 5675 ’ἰδυιὶ
615 5598 778 5686 estis;
810 5634 842 5675 a
866 5620 1034 5678 rebus
1061 5622 1263 5695 quippe
1293 5625 1550 5682 dulcibus
1587 5598 1813 5681 satietas
1841 5621 2021 5698 gigni-

528 5791 579 5825 "
640 5792 774 5849 Luc.
804 5808 882 5862 xu,
912 5793 968 5850 5.

2130 5252 2278 5323 κόρῳ
2297 5251 2483 5305 ἐπάνω
2501 5249 2610 5303 τῶν
2633 5250 2845 5321 χρυσῶν
2872 5251 3064 5317 λόγων,
3095 5244 3208 5302 οἷόν
3231 5266 3341 5303 τισι
3369 5249 3700 5319 μολυϐδίνοις

2132 5341 2426 5413 νομίσμασι
2455 5340 2555 5411 τὴν
2589 5342 2808 5413 μνήμην
2834 5340 3247 5411 ὲπιφορτίζοντα
3265 5355 3279 5368 ’
3301 5340 3442 5411 πλὴν
3464 5341 3545 5395 ὅτι
3573 5358 3701 5395 συν-

2133 5433 2277 5487 τελεῖ
2308 5432 2566 5496 πολλάκις
2601 5434 2679 5496 είς
2718 5432 3033 5503 συνέργειαν
3054 5429 3280 5494 κάλλους
3313 5432 3409 5485 καὶ
3449 5434 3480 5503 ἡ
3510 5432 3702 5503 χείρων

2135 5523 2236 5595 ὕλη
2266 5523 2663 5595 καταμιχθείσα
2697 5523 2762 5592 τῇ
2810 5520 3105 5591 κρείττονι,
3139 5520 3304 5590 ἐγγὺς
3346 5522 3380 5594 ὴ
3412 5521 3701 5588 ἀπόδειξις.

2145 5620 2308 5689 Ὁρᾷς
2347 5616 2441 5671 τὸν
2483 5615 2625 5687 ὑπὲρ
2663 5611 2902 5683 κεφαλῆς
2944 5609 3131 5666 τοῦτον
3167 5610 3394 5683 ὄροφον,
3421 5612 3497 5679 ὡς
3543 5611 3705 5676 καλὸς
