4154 6354
466 307 570 362 ἴγὶῗὶ

1666 301 1730 356 IN
1772 300 1959 358 SUAM
2017 301 2533 360 ORDINATIONEM

3624 301 3731 356 5H5

473 428 620 486 ἰδεῖν,
644 422 718 485 ὡς
741 417 1016 490 γλαφυρὸς
1047 419 1164 480 ταῖς
1187 415 1416 484 γλυφαῖς
1449 414 1672 470 ἐπανθεῖ
1695 414 1755 467 τὸ
1784 413 2003 484 χρυσίον
2029 431 2044 480 ;

2175 432 2271 469 ur:
2307 417 2506 486 quibus
2542 414 2798 470 nimirum
2823 430 2920 470 vos
2944 415 3160 472 abunde
3185 418 3498 488 prrecedens
3519 429 3724 479 tractae
3753 397 3759 401 i

469 512 634 576 Οὗτος
669 514 894 584 χρύσεος
921 508 997 563 ὢν
1021 509 1140 573 ὅλος
1169 509 1265 579 τὴν
1315 507 1655 576 ἐπιφάνειαν,
1683 505 1902 569 κύκλοις
1934 507 2044 558 τισὶ
2093 573 2098 577 .

472 604 820 673 πολυγωνίοις
857 601 1036 671 κυανῷ
1086 598 1534 672 διακεχρισμένος
1581 596 2045 666 ὐποκεχάρακται.

469 700 533 751 Τί
560 694 653 751 οὖν
683 694 926 766 βούλεται
953 693 1031 764 τῷ
1057 693 1270 763 τεχνίτῃ
1302 695 1334 760 ἡ
1368 690 1591 755 κυανὸς;
1633 689 1720 752 Ὠς
1748 688 1834 751 ἂν,
1865 682 2054 758 οἶμαι,

469 789 547 860 τῷ
592 789 969 843 ὲναλλάσσοντι
1015 785 1115 848 τὰς
1140 785 1309 855 χρόας
1341 780 1988 854 ἀντιπαραθεωρούμενος
2019 780 2048 833 ὁ

471 882 667 952 χρυσὸς
697 879 857 933 πλέον
890 878 1179 948 ἐκλάμποι.
1209 872 1271 929 Εἰ
1302 871 1394 929 οὖν
1422 877 1455 946 ή
1487 874 1681 936 κυανὸς
1721 872 2049 942 ὲμμιχθεῖσα

471 974 549 1042 τῷ
578 970 759 1043 χρυσῷ
788 968 1280 1042 περικαλλεστέραν
1311 969 1409 1035 τὴν
1446 965 1620 1036 αὐγὴν
1650 963 2047 1026 ἀποδείκνυσιν,

2152 512 2240 559 tus
2259 506 2540 560 enutrivit.
2569 507 2752 576 Itaque
2773 505 2885 576 jam
2914 507 3046 561 nihil
3073 508 3221 562 aliud
3249 509 3482 565 fortasse
3508 522 3724 582 agetur,

2153 612 2317 665 quam
2349 604 2408 650 ut
2443 597 2671 651 satietas
2691 598 2934 651 satietati
2968 598 3279 668 adjiciatur,
3315 617 3378 654 ac
3405 603 3569 656 veluti
3603 613 3724 672 post

2154 703 2350 742 aureos
2381 703 2661 744 sermones
2689 695 3010 744 memoriam
3055 702 3288 746 vestiam
3319 694 3588 763 plumbeis
3621 711 3726 749 nu.

2150 778 2499 835 mismatibus
2555 795 2883 848 oneremus;
2944 781 3049 836 nisi
3087 781 3246 845 forte,
3280 785 3538 853 quoniam
3579 801 3724 856 saepe

2156 871 2404 925 nonnihil
2437 871 2500 924 ad
2547 872 2948 926 conciliandam
3009 874 3466 944 pulchritudinem
3511 877 3727 931 confert

2155 963 2318 1016 etiam
2351 962 2579 1016 materia
2619 964 2855 1018 deterior
2886 965 3116 1021 admista
3151 967 3358 1021 meliori
3382 1007 3394 1028 .
3449 969 3608 1037 cujus
3645 971 3723 1023 rei

471 1067 568 1117 οὐκ
596 1065 821 1132 ἄκαιρον
865 1062 994 1124 ἴσως
1027 1062 1092 1130 τῇ
1139 1057 1441 1128 λαμπηδόνι
1477 1055 1586 1108 τῶν
1629 1053 2050 1125 προρρηθέντων

472 1155 642 1222 λόγων
686 1153 780 1205 καὶ
837 1151 935 1220 τὴν
988 1148 1262 1218 ἡμετέραν
1311 1143 1742 1217 παραγραφῆναι
1792 1141 2048 1210 μελάνην.

477 1248 596 1297 Ἔτι
648 1245 774 1314 ὑμῖν
825 1243 882 1294 ὲν
930 1238 1233 1311 προοιμίοις
1281 1235 1695 1306 ἀῶλεσχοῦμεν,
1732 1232 1845 1286 ἀλλ’
1887 1231 2051 1286 ἀκού-

2157 1051 2554 1106 demonstratio
2607 1069 2714 1107 non
2769 1055 2924 1124 longe
2961 1057 3066 1126 peti
3129 1066 3326 1128 potest.
3376 1056 3537 1115 Vides
3585 1060 3724 1114 hanc

2155 1142 2708 1206 concamerationem,
2735 1161 2856 1213 qua!
2888 1146 3163 1214 capitibus
3194 1147 3400 1202 nostris
3435 1148 3726 1203 imminet?

2155 1244 2316 1299 quam
2369 1230 2593 1299 pulchra
2652 1233 2725 1285 sit
2753 1232 3036 1303 adspectu,
3091 1248 3252 1304 quam
3310 1235 3514 1289 allabre
3566 1235 3726 1292 factis

477 1354 626 1390 σατε.
2157 1321 2450 1391 sculpturis
2483 1337 2674 1377 aurum
2701 1325 3162 1396 iutcrsplendeat?
3190 1325 3314 1381 [1212c
3341 1342 3465 1382 cum
3499 1336 3616 1381 tota.
3644 1328 3724 1382 vi-

476 1431 669 1482 deatur
697 1441 883 1489 aurea,
934 1424 1162 1479 circulis
1192 1419 1518 1494 quihusdam
1550 1419 1844 1473 multorum
1878 1416 2200 1488 angulorum
2233 1418 2482 1472 caeruleis
2551 1420 2693 1489 picta
2757 1420 3128 1490 distinguitur.
3204 1420 3500 1487 Quodnam
3563 1423 3728 1492 igitur

477 1522 577 1574 luit
629 1519 916 1575 consilium
971 1517 1224 1578 artificis,
1274 1515 1404 1569 dum
1456 1513 1749 1568 caeruleum
1807 1511 2045 1565 colorem
2087 1508 2694 1577 adjecitiutelliceret,
2718 1513 2932 1582 opinor,
2978 1513 3106 1569 dum
3155 1514 3371 1575 colores
3420 1514 3726 1577 variantur,

477 1620 534 1663 ut
580 1625 773 1665 aurum
818 1609 975 1663 alteri
1019 1608 1277 1663 collatum
1329 1604 1602 1660 illustrius
1639 1600 1939 1671 elfttlgeret.
1989 1598 2046 1653 Si
2086 1613 2221 1670 ergo
2246 1599 2400 1654 color
2423 1602 2688 1656 caeruleus
2743 1602 3015 1657 immistus
3044 1617 3179 1657 auro
3241 1603 3413 1658 efﬁcit
3474 1611 3532 1656 ut
3559 1603 3730 1658 multo

478 1703 754 1774 pulchrior
779 1701 899 1770 ejus
925 1698 1186 1769 splendor
1208 1695 1447 1760 emicet,
1489 1708 1597 1748 non
1647 1689 2079 1754 incommodum,
2113 1688 2330 1757 Opinor,
2383 1687 2584 1754 fuerit,
2615 1689 2661 1743 si
2707 1690 2819 1759 jam
2869 1692 3344 1760 pronuntiatorum
3413 1707 3728 1750 sermonum

481 1799 672 1868 lulgori
732 1805 1043 1851 nostrorum
1105 1791 1257 1848 color
1324 1789 1413 1845 hic
1475 1789 1629 1859 niger
1694 1786 2050 1857 appiugatur.
2090 1783 2284 1836 Adhuc
2325 1785 2606 1853 prooemiis
2645 1785 2848 1854 garruli
2901 1800 2998 1841 vos
3071 1785 3414 1852 detinemus,
3470 1788 3567 1843 sed
3635 1802 3736 1844 au-

479 1890 609 1944 dite.
3659 1916 3662 1918 _

561 1976 767 2030 Ἀκούω
809 1974 1048 2030 Μωῦσέα
1079 1973 1170 2026 τὸν
1209 1971 1380 2043 μέγαν
1404 2008 1420 2032 ,
1450 1969 1536 2023 ὅτε
1581 1965 1680 2034 τὴν
1715 1966 1917 2035 σκηνὴν
1948 1965 2058 2026 τοῖς

2233 1959 2483 2030 Magnum
2519 1959 2669 2013 illum
2715 1958 2950 2030 Moysem
2992 1960 3180 2024 audio,
3214 1975 3323 2030 quo
3369 1968 3614 2033 tempore
3646 1969 3733 2016 ta-

492 2068 850 2140 ’Ῑσραηλίταις
880 2067 1172 2136 ἐπήγνυτο,
1203 2063 1299 2115 καὶ
1337 2060 1429 2113 τὸν
1461 2056 1724 2126 Βεζελεὴλ
1752 2051 2057 2117 ὲκεῖνον,ὃς

2171 2052 2514 2108 bernaculum
2541 2051 2800 2107 lsraelitis
2821 2052 3082 2123 erigebat,
3113 2069 3176 2106 ac
3201 2054 3530 2110 Bezeleelem
3553 2055 3731 2120 illum,

482 2149 763 2221 ῙΙνεύματι
789 2155 918 2225 θείῳ
949 2156 1046 2225 τὴν
1075 2152 1267 2222 σοφίαν
1299 2150 1453 2221 ἔσχεν
1483 2151 1580 2219 τῆς
1611 2143 2058 2216 ἀρχιτεκτονικῆς

2171 2141 2252 2212 qui
2271 2142 2457 2196 divino
2476 2140 2681 2211 Spiritu
2704 2151 2913 2212 partam
2938 2144 3262 2212 sapientiam
3284 2144 3729 2200 architectonica

481 2249 878 2309 αὐτοδίδακτον,
909 2248 1059 2316 κοινῇ
1112 2242 1393 2314 προθεῖναι
1421 2241 1519 2312 τὴν
1549 2235 1858 2308 φιλοτιμίαν
1896 2233 2060 2287 πλου-

483 2342 620 2403 σίοις
647 2339 742 2392 καὶ
763 2338 981 2409 πένησι,
1003 2337 1110 2390 τῶν
1134 2335 1230 2406 μὲν
1269 2331 1532 2387 πλουσίων
1557 2331 1775 2402 χρυσὸν,
1805 2327 1899 2382 καὶ
1925 2344 2060 2397 πορ-

484 2433 660 2504 φύραν
699 2430 945 2492 καὶτοὺς
995 2427 1206 2500 τιμίους
1243 2427 1352 2482 τῶν
1389 2425 1552 2480 λίθων
1584 2421 1928 2490 ἐκλέγοντας,
1952 2417 2061 2472 τῶν

482 2523 539 2576 δὲ
598 2521 844 2591 πενήτων
878 2518 1010 2584 ξύλα
1060 2517 1155 2571 καὶ
1191 2517 1436 2588 δέρματα
1469 2515 1563 2567 καὶ
1601 2511 1699 2574 τὰς
1749 2511 1858 2564 τῶν
1888 2510 2060 2579 αἰγῶν

481 2614 674 2685 τρίχας
721 2611 821 2664 οὐκ
873 2608 1292 2671 ἀποϐάλλοντας.
1355 2606 1491 2658 Ἀλλ’
1539 2605 1640 2658 οὐκ
1688 2605 1914 2672 ἄκαιρος
1962 2602 2063 2670 τῆς

486 2705 724 2776 ἱστορίας
756 2704 884 2765 ἴσως
911 2703 944 2772 ή
999 2702 1186 2772 μνήμη
1211 2715 1225 2727 °
1258 2698 1286 2751 ὃ
1307 2699 1414 2768 γάρ
1444 2713 1545 2768 μου
1584 2694 1684 2764 τὴν
1712 2692 1938 2763 καρδίαν
1961 2691 2060 2742 έπ-

486 2798 686 2869 έδραμε
726 2795 938 2865 νόημα,
966 2792 1222 2864 βούλομαι
1245 2790 1338 2843 καὶ
1377 2787 1452 2858 τῷ
1489 2784 1651 2856 κοινῷ
1699 2780 2060 2855 παραθέσθαι.

487 2889 764 2960 Πνεύματι
794 2885 922 2956 θείῳ
943 2887 971 2939 ὁ
991 2880 1254 2953 Βεζελεὴλ
1295 2879 1455 2949 σοφὸς
1480 2878 1538 2944 ἐξ
1573 2873 1781 2930 ίδιὼτου
1812 2872 2027 2942 ἐγένετο
2046 2885 2063 2901 ⁶

486 2986 626 3040 οὕτω
653 2985 758 3056 γὰρ
787 2985 820 3053 ή
860 2980 1069 3050 ἱστορία
1101 2978 1284 3047 φησίν.
1334 2973 1602 3028 Ἀκουέτω
1630 2970 1808 3024 τοίνυν
1845 2968 1875 3020 ὁ
1900 2982 2064 3056 πνευ-

492 3049 820 3150 ματομάχοςί
847 3075 875 3127 ὁ
904 3049 1044 3126 θείον
1083 3069 1253 3122 εἰπὼν
1283 3068 1346 3119 τὸ
1375 3065 1599 3134 Πνεῦμα
1628 3061 1691 3114 τὸ
1726 3061 1903 3129 ἅγιον,
1929 3049 1990 3150 οὗ
2027 3057 2062 3127 ἡ

488 3148 738 3231 έπίϐασις
760 3161 870 3222 οἷόν
897 3181 950 3217 τι
980 3163 1124 3233 ἴχνος
1145 3161 1244 3230 τὴν
1281 3159 1380 3228 τῆς
1409 3155 1602 3224 σοφίας
1635 3153 1792 3224 χάριν
1817 3151 1885 3220 τῇ
1920 3148 2063 3218 ψυχῇ

489 3258 910 3331 ἐνσημαίνεται,
948 3252 1056 3325 ἆρα
1099 3249 1420 3320 καθυϐρίζει
1453 3249 1520 3318 τῇ
1563 3244 1657 3331 τςῦ
1705 3241 1849 3295 θείου
1900 3255 2067 3309 προσ-

489 3325 688 3422 ηγορίᾳ
718 3348 814 3417 τὴν
856 3344 1010 3412 ἀξίαν
1059 3341 1157 3396 τοῦ
1211 3337 1528 3406 Πνεύματος
1559 3325 1747 3404 ;Ἀρα
1779 3331 1972 3422 μικράν
2014 3347 2068 3382 τι

492 3421 587 3495 καὶ
614 3438 865 3494 ταπεινὸν
890 3436 1017 3505 περὶ
1044 3431 1209 3486 αὐτοῦ
1238 3433 1378 3486 νοεῖν
1404 3425 1714 3482 ὑποτίθεται
1737 3441 1752 3490 ;
1783 3423 1849 3476 Τί
1879 3421 1987 3476 τῶν
2013 3422 2072 3473 ὲν

491 3536 563 3603 τῇ·
597 3530 773 3584 κτίσει
812 3526 889 3598 τῷ
921 3525 1144 3596 ὀνόματι
1197 3521 1372 3591 τούτῳ
1417 3517 1766 3590 σημαίνεται;
1806 3512 1898 3584 Μὴ
1949 3512 2072 3565 ὲπί-

493 3640 688 3694 κτητον
743 3621 914 3674 οίεται
949 3617 1028 3687 τῷ
1090 3613 1368 3683 Πνεύματι
1407 3614 1503 3680 τὴν
1541 3609 1772 3680 θεότητα
1808 3623 1822 3673 ;
1858 3605 1948 3676 Μὴ
1996 3605 2072 3658 δι-

493 3715 662 3786 πλόην
684 3711 806 3766 τινὰ
826 3712 920 3765 καὶ
947 3707 1194 3764 σύνθεσιν
1217 3705 1346 3778 περὶ
1368 3703 1428 3756 τὸ
1454 3700 1654 3754 ἁπλοῦν
1671 3697 1763 3752 καὶ
1784 3695 2073 3750 ἀσύνθετον

493 3807 696 3869 ἐννοεῖ;
723 3803 863 3874 τάχα
891 3803 990 3856 οὐκ
1028 3800 1142 3853 ἐστι
1169 3799 1289 3862 ταῖς
1319 3793 1592 3855 τοιαύταις
1627 3788 1904 3850 ὑπονοίαις
1944 3802 2071 3839 συν-

495 3897 794 3969 ενεχθῆναι.
839 3893 979 3948 Ἀλλ’
1013 3892 1264 3959 ὁμολογεῖ
1292 3887 1509 3949 πάντως
1539 3883 1682 3937 θεῖον
1716 3881 1776 3935 ὃν
1805 3879 1866 3933 τὸ
1896 3877 2069 3930 Πνεῦ-

497 4007 573 4060 μα
609 3990 676 4059 τῇ
725 3986 885 4058 φύσει
928 3983 1168 4038 τοιοῦτον
1192 3997 1251 4034 τε
1284 3974 1424 4033 εἶναι
1476 3975 1571 4030 καὶ⁹
1599 3972 1876 4042 λέγεσθαι.
1910 3970 2076 4041 Ὁρᾷς

495 4059 566 4142 ως
597 4076 915 4148 αὐτομάτως
959 4068 1360 4126 ὲκκαλύπτεταί
1401 4083 1484 4120 σοι
1514 4063 1838 4137 ήοάλήθειω
1873 4059 2076 4122 πολλὰς

500 4174 604 4243 γὰρ
636 4171 782 4234 θείας
814 4169 1006 4238 φύσεις
1045 4166 1104 4220 τὸ
1135 4165 1244 4218 τῶν
1290 4160 1630 4233 Χριστιανῶν
1655 4159 1752 4212 οὐκ
1791 4154 2078 4208 ἐπίσταται

501 4264 761 4333 κήρυγμα
805 4273 818 4287 ⁸
856 4257 980 4312 ἐπεὶ
1026 4257 1241 4326 ἀνάγκη
1296 4255 1445 4307 πᾶσα
1501 4250 1594 4305 καὶ¹
1642 4245 1867 4308 πολλοὺς
1923 4243 2078 4305 θεοὺς

498 4351 948 4408 ἀναπλάττεσθαι.
974 4349 1049 4402 Οὐ
1082 4348 1189 4420 γάρ
1230 4349 1346 4400 ἐστι
1375 4343 1597 4399 δυνατὸν
1630 4339 1855 4401 πολλοὺς
1883 4335 2080 4405 νοηθῆ-

499 4462 587 4498 ναι
608 4444 780 4506 θεοὺς,
814 4441 886 4513 μὴ
909 4440 1008 4512 τῆς
1035 4438 1175 4494 κατά
1201 4439 1360 4507 φύσιν
1382 4436 1698 4506 ἑτερότητος
1725 4430 1786 4484 τὸ
1810 4428 1918 4482 τῶν
1942 4426 2079 4480 θεῶν

499 4537 702 4608 πλῆθος
731 4533 1170 4604 διαγγελλούσης.
1198 4534 1262 4587 Εἰ
1288 4527 1380 4585 οὖν
1409 4530 1505 4602 μία
1535 4526 1686 4600 παρά
1721 4523 1939 4578 πάντων
1959 4520 2078 4574 θεία

2162 2248 2270 2287 non
2307 2234 2374 2288 ab
2418 2234 2526 2288 alio
2575 2235 2802 2290 edoctus
2843 2234 2938 2290 sed
2987 2250 3017 2289 a
3062 2250 3122 2291 se
3157 2235 3410 2301 habebat,
3456 2238 3732 2292 couuuuni

2161 2326 2394 2396 quadam
2427 2325 2774 2381 aemulatione
2801 2325 2999 2381 divites
3030 2326 3190 2381 simul
3218 2341 3283 2380 ac
3307 2341 3575 2398 pauperes
3609 2344 3734 2398 pro-

2162 2419 2343 2498 vocari
2384 2419 2642 2482 voluisse,
2699 2418 2830 2474 dum
2884 2419 3114 2475 divitum
3171 2420 3387 2490 quidem
3439 2436 3631 2475 aurum
3680 2431 3763 2494 et.

2164 2526 2484 2580 purpuram,
2524 2511 2840 2581 lapidesque
2879 2511 3148 2580 pretiosos
3178 2513 3490 2584 seligerent,
3535 2529 3734 2585 egeno-

2166 2615 2285 2654 rum
2314 2616 2444 2654 vero
2479 2601 2618 2670 ligna
2675 2602 2952 2671 pellesque
3004 2617 3067 2656 ac
3117 2604 3256 2672 pilos
3289 2619 3578 2674 caprarum
3628 2621 3736 2660 non

2168 2691 2477 2759 rejicerent.
2521 2689 2813 2744 Enimvero
2856 2692 3000 2747 haud
3033 2693 3339 2764 importuna
3387 2696 3548 2750 {tuerit
3577 2705 3672 2751 aut
3705 2712 3735 2750 a

2169 2780 2447 2849 proposito
2491 2780 2668 2834 aliena
2710 2781 2957 2836 fortassis
3004 2781 3246 2838 historiae
3292 2783 3454 2853 hujus
3493 2801 3736 2840 comme-

2169 2870 2434 2924 moratio:
2467 2870 2596 2925 libet
2623 2869 2766 2924 enim
2798 2871 2943 2939 quod
2975 2872 3103 2926 mihi
3140 2875 3192 2926 in
3226 2883 3460 2944 mentem
3483 2877 3651 2942 venit,
3682 2877 3735 2930 in

2169 2963 2405 3016 medium
2450 2963 2712 3032 proferre.
2768 2963 2976 3032 Spiritu
3022 2965 3206 3019 divino
3239 2965 3477 3022 Bezeleel
3524 2983 3588 3023 ex
3634 2968 3739 3022 im-

2169 3055 2342 3123 perito
2360 3054 2575 3121 sapiens
2596 3061 2679 3108 est
2700 3052 2908 3109 factus:
2944 3055 3018 3108 ita
3040 3055 3186 3110 enim
3207 3043 3394 3110 narrat
3419 3058 3735 3115 historia”.

2170 3145 2367 3199 Audiat
2394 3160 2523 3214 ergo
2561 3146 2651 3215 qui
2694 3144 2923 3215 Spiritui
2967 3153 3161 3201 sancto
3194 3147 3392 3202 bellum
3427 3148 3658 3214 indixit;
3693 3152 3739 3207 is

2170 3239 2262 3308 qui
2293 3235 2553 3306 Spiritum
2587 3244 2834 3292 sanctum
2869 3237 3005 3292 dixit
3037 3239 3304 3304 divinum,
3336 3241 3496 3312 cujus
3527 3243 3739 3314 ingres-

2173 3345 2268 3385 sus
2297 3337 2351 3384 et
2381 3328 2538 3399 quasi
2581 3329 2867 3400 vestigium
2900 3333 3178 3400 sapientia:
3207 3334 3438 3403 gratiam
3469 3335 3522 3389 in
3559 3337 3740 3392 anima

2175 3422 2442 3494 designat,
2502 3437 2631 3475 num
2687 3420 2926 3491 Spiritus
2971 3423 3287 3492 dignitatem
3341 3442 3436 3481 seu
3486 3427 3739 3485 deitatem

2173 3513 2342 3568 divini
2359 3513 2719 3584 appellatione
2745 3513 3019 3568 traducit?
3046 3530 3174 3568 num
3205 3517 3418 3582 suadet,
3453 3526 3510 3573 ut
3536 3519 3741 3589 aliquid

2173 3606 2426 3676 exiguum
2473 3612 2568 3657 aut
2609 3604 2814 3660 humile
2852 3605 2920 3660 de
2968 3606 3088 3676 ipso
3126 3607 3537 3678 concipiamus?
3579 3609 3741 3676 Quid,

2174 3711 2380 3766 ιιιιωεο,
2435 3712 2500 3752 ex
2557 3696 2722 3752 rebus
2773 3697 2974 3752 creatis
3033 3697 3136 3752 hoc
3185 3699 3407 3754 nomine
3448 3701 3742 3772 signiﬁcari

2176 3787 2349 3843 solet?
2410 3803 2538 3842 num
2595 3787 2920 3857 acquisitam
2977 3796 3030 3843 et
3085 3790 3378 3845 ascititiam
3433 3806 3554 3847 esse
3593 3801 3746 3862 putat

2179 3880 2402 3951 Spiritui
2431 3880 2805 3935 divinitatem?
2831 3895 2960 3935 nunt
2989 3881 3362 3951 duplicitatem
3389 3882 3624 3953 aliquam
3653 3893 3746 3938 aut

2177 3970 2622 4042 compositionem
2671 3971 2906 4041 simplici
2952 3981 3007 4027 et
3053 3971 3416 4043 incomposito
3463 3974 3746 4029 attribuit?

2179 4063 2430 4118 Fortasse
2463 4078 2569 4116 non
2606 4063 2730 4116 licet
2761 4062 3030 4132 ejusmodi
3074 4064 3423 4133 opinionibus
3453 4064 3608 4120 [idem
3650 4065 3746 4120 ad-

2179 4155 2388 4210 hibere.
2422 4154 2580 4223 AtQui
2625 4154 2781 4222 plane
2833 4153 3125 4208 conﬁtetur
3156 4154 3438 4224 Spiritum,
3480 4156 3572 4224 qui
3608 4155 3747 4211 divi~

2177 4261 2283 4302 nus
2311 4254 2415 4310 est,
2467 4254 2660 4298 natura
2711 4245 2872 4298 talem
2903 4243 3009 4300 dici
3045 4260 3109 4298 ac
3142 4244 3450 4314 praedicari.
3484 4244 3649 4300 Vides
3687 4258 3746 4304 ut

2179 4337 2273 4391 tibi
2320 4334 2526 4389 veritas
2576 4334 2723 4399 ultro
2758 4333 3062 4387 reveletur?
3117 4334 3300 4402 plures
3348 4337 3492 4388 enim
3530 4335 3747 4397 divinas

2181 4437 2404 4482 naturas
2447 4423 2761 4480 Christiana
2809 4423 2987 4478 nescit
3025 4423 3244 4495 religio,
3306 4426 3747 4496 quandoquidem

2183 4519 2254 4572 ita
2284 4518 2509 4572 omnino
2537 4531 2765 4571 necesse
2800 4522 2950 4571 esset
2984 4517 3168 4586 plures
3202 4531 3418 4588 quoque
3463 4518 3596 4573 deos
3625 4533 3751 4574 con-

500 4607 659 4700 φύσις
684 4624 821 4682 εἷναι
852 4627 1184 4690 πιστεύεται,
1210 4625 1350 4679 θεῖον
1386 4623 1443 4675 δὲ
1470 4624 1536 4693 τῇ
1570 4619 1728 4690 φύσει
1761 4616 1821 4670 τὸ
1855 4611 2068 4682 Πνεῦμα

2187 4610 2408 4679 lingere.
2435 4607 2552 4661 Non
2587 4608 2733 4662 enim
2768 4607 2885 4661 ﬁeri
2923 4617 3123 4678 potest,
3159 4617 3219 4664 ut
3253 4611 3456 4666 multos
3482 4612 3752 4683 intelliga-

497 4721 560 4774 τὸ
601 4719 753 4789 ἅγιον
776 4737 790 4751 ·
818 4720 868 4773 τί
909 4719 1215 4790 διατέμνεις
1248 4715 1326 4786 τῷ
1356 4714 1501 4784 λόγῳ
1537 4703 1980 4778 τδσυνημμένον
2011 4707 2078 4775 τῇ

500 4812 697 4882 φύσεις
742 4810 902 4864 Ἀλλά
949 4810 1029 4872 τίς
1073 4826 1164 4880 μοι
1190 4807 1350 4860 δώσει
1390 4803 1490 4876 τὴν
1529 4803 1755 4870 δύναμιν
1797 4797 1892 4851 τοῦ
1919 4796 2078 4864 λόγου

499 4903 732 4966 ἐκείνου,
768 4896 830 4956 οὗ
881 4902 940 4954 τὸ
973 4901 1124 4963 τέλος
1177 4897 1419 4969 σωτηρία
1467 4894 1574 4949 τῶν
1623 4893 1931 4947 ἀκουόντων
1963 4884 2030 4958 ἧν
2062 4903 2077 4950 ;

500 4997 646 5051 Μίαν
679 4995 956 5066 προήκατο
980 4991 1165 5063 φωνὴν
1199 4988 1650 5060 Ἱεροσολυμίταις
1669 4987 1696 5038 ὁ
1722 4985 1950 5054 Πέτρος,
1985 4982 2080 5035 καὶ

499 5087 756 5141 τοσαῦται
798 5084 1032 5156 χιλιάδες
1061 5081 1364 5153 ἀνθρώπων
1409 5083 1475 5151 τῇ
1513 5077 1769 5148 περιὸολῇ
1804 5074 1897 5128 τοῦ
1917 5074 2077 5142 λόγου

503 5181 604 5234 ὑπδ
631 5179 724 5233 τοῦ
753 5177 946 5240 ἁλιέως
979 5173 1444 5246 έσαγηνεύθησαν.
1470 5171 1724 5224 Τοσοῦτοι
1751 5170 1806 5222 δὲ
1847 5167 1941 5222 καὶ
1969 5184 2080 5220 τοι-

501 5273 648 5328 οῦτοι
701 5270 848 5341 παρά
881 5269 987 5322 τῶν
1043 5265 1375 5320 διδασκάλων
1425 5265 1480 5316 ἐν
1515 5265 1646 5334 ἡμῖν
1682 5260 1977 5332 τρίϐονται,
2001 5258 2083 5320 τίς

502 5365 692 5432 γέγονε
717 5362 824 5415 τῶν
856 5358 1176 5430 σωζομένων
1217 5354 1500 5426 προσθήκη
1533 5372 1546 5420 ;
1583 5352 1651 5406 Τὸ
1681 5349 1962 5405 ἐκλεῖπον
1989 5348 2088 5402 ὲκ-

502 5454 716 5518 λείπει,
754 5450 885 5522 φησί
932 5467 1015 5512 τις
1072 5446 1180 5501 τῶν
1225 5442 1520 5517 προφητῶν
1552 5486 1566 5508 ,
1593 5443 1657 5495 τὸ
1696 5438 2089 5508 ἀποθνῆσκον

504 5543 875 5611 ἀποθνήσκει
903 5559 917 5574 ’
944 5541 1007 5594 τὺ
1036 5537 1449 5610 πεπλανημένον
1474 5535 1573 5588 οὐκ
1602 5532 1918 5603 ἐπιστρέφει
1943 5546 1958 5562 ο
1993 5528 2084 5582 λέ-

503 5633 660 5687 λοται
689 5634 784 5702 τῆς
811 5633 1030 5704 ἀγάπης
1050 5634 1078 5686 ὁ
1112 5631 1406 5701 σύνδεσμος
1424 5645 1438 5660 ο
1456 5628 1734 5698 ἥρπασται
1753 5623 1860 5678 τῶν
1883 5622 2083 5693 θησαυ-

584 5768 653 5799 εο·
701 5765 870 5822 Exod.
900 5783 1047 5831 xxxi,
1087 5765 1121 5818 2
1162 5782 1286 5836 sqq-
1338 5746 1411 5824 ἰι
1455 5789 1568 5838 Act.
1611 5797 1669 5842 ιι.
1705 5781 1784 5838 ιι.

2185 4715 2307 4754 mus
2334 4699 2486 4760 deos.
2527 4698 2632 4754 nisi
2663 4698 2777 4752 hac
2803 4697 3028 4753 deorum
3064 4701 3355 4756 multitudo
3390 4719 3484 4771 per
3515 4703 3751 4760 diversi-

2184 4802 2349 4848 tatem
2378 4793 2678 4847 secundum
2719 4801 2971 4846 naturam
3009 4793 3342 4848 enuntietur.
3384 4793 3438 4849 Si
3478 4812 3608 4866 ergo
3643 4811 3749 4850 una

2184 4885 2252 4938 ab
2282 4883 2540 4938 omnibus
2575 4891 2770 4937 natura
2808 4883 2990 4936 divina
3038 4897 3160 4938 esse
3198 4883 3461 4951 creditur,
3509 4884 3747 4956 Spiritus

2185 4989 2348 5046 porro
2374 4984 2602 5030 sanctus
2627 4981 2821 5028 natura
2861 4973 3102 5038 divinus,
3155 4975 3286 5042 quid
3330 4977 3579 5031 oratione
3607 4977 3748 5030 divi-

2184 5067 2272 5121 dis
2299 5064 2446 5136 quod
2470 5075 2660 5118 natura
2691 5063 3044 5133 conjunctum
3071 5063 3188 5118 est?
3216 5061 3414 5118 Verum
3445 5066 3568 5133 quis
3600 5066 3746 5120 illam

2189 5157 2318 5211 mihi
2352 5155 2621 5211 sermonis
2648 5154 2904 5207 virtutem
2938 5153 3222 5220 concedet,
3257 5153 3417 5223 cujus
3450 5154 3572 5210 linis
3601 5158 3751 5211 salus

2191 5249 2398 5304 exstitit
2425 5247 2782 5303 auditorum?
2819 5243 2988 5300 Unam
3023 5247 3208 5303 emisit
3243 5245 3755 5318 llierosolymitanis

2199 5355 2380 5396 vocem
2415 5340 2632 5400 Petrus,
2661 5345 2714 5392 et
2745 5344 2825 5390 tot
2853 5336 3133 5391 hominum
3168 5337 3335 5391 millia
3365 5339 3510 5392 nuda
3543 5355 3752 5395 sermo.

2191 5435 2276 5489 nis
2299 5447 2494 5503 sagena
2518 5431 2586 5484 ah
2608 5430 2700 5484 illo
2730 5429 3000 5500 piscatore
3022 5439 3149 5484 sunt
3170 5438 3330 5502 capta
3346 5430 3414 5484 δι.
3440 5429 3574 5484 Tam
3600 5433 3753 5486 multi

2188 5539 2318 5577 vero
2368 5521 2613 5592 tantique
2662 5537 2692 5575 a
2726 5521 3045 5575 doctoribus
3095 5520 3148 5574 in
3206 5535 3305 5575 nos
3361 5520 3753 5591 impenduntur

2189 5629 2468 5672 sermones
2489 5635 2503 5670 :
2524 5628 2642 5684 qua:
2670 5628 2801 5668 vero
2845 5629 2908 5669 ex
2957 5613 3023 5668 iis
3055 5613 3147 5683 qui
3181 5614 3463 5670 salvantur
3494 5614 3634 5669 facta
3674 5620 3756 5669 est
