4154 6354
417 289 520 343 547

1618 289 1674 344 S.
1717 287 2042 347 GREGORII
2079 289 2374 349 NYSSENI

3567 298 3666 354 MS

417 401 708 457 accessio?
736 401 886 467 Quod
913 403 1087 468 deﬁcit
1133 407 1334 475 aeﬁcu.
1365 407 1439 461 ait
1468 407 1738 477 quispiam
1770 423 1832 462 ex
1857 422 1967 478 pro-

2091 412 2198 480 ρῶν
2219 408 2376 482 ἡμῶν
2403 410 2436 482 ὴ
2469 409 2681 482 εἰρήνη.
2721 411 2785 466 Ὦ
2810 410 2919 464 τῶν
2961 410 3179 464 κακῶνῐ
3211 411 3530 484 Προάγομαι
3554 415 3661 487 γὰρ

417 493 596 562 phctis
617 495 686 557 ",
724 493 863 564 quod
907 497 1138 550 moritur
1177 499 1406 552 moritur
1446 513 1463 551 :
1504 498 1648 567 quod
1690 497 1985 564 aberravit,

420 596 528 637 non
563 585 892 653 revertitur;
945 587 1184 642 solutum
1229 597 1314 644 est
1349 589 1625 643 vinculum
1677 589 1984 649 charitatis.

417 673 642 745 abrepta
669 685 754 732 est
788 691 890 747 pax
934 693 999 733 ex
1048 679 1320 734 thesauris
1362 681 1587 734 nostris.
1624 678 1668 732 ι)
1698 695 1810 734 rem
1839 680 1988 746 cala-

417 765 704 822 mitosam!
738 769 881 837 cogit
906 770 1050 824 enim
1081 785 1166 825 me
1195 772 1322 825 mali
1356 787 1420 827 ac
1440 771 1646 827 doloris
1669 771 1986 843 magnitudo

416 854 801 926 ingemiscere;
860 871 1044 914 nostra
1076 869 1194 914 erat
1224 862 1352 916 olim
1401 862 1679 931 possessio
1708 863 1979 927 charitas;

418 953 640 1014 paterna
669 958 855 1004 nostra
883 953 996 1005 hac
1029 951 1340 1017 hmreditas,
1366 968 1528 1023 quam
1560 969 1655 1022 per
1675 953 1973 1021 discipulos

415 1051 546 1090 suos
581 1037 739 1093 nobis
778 1037 1039 1096 Dominus
1073 1041 1534 1096 thesaurizaverat
1563 1043 1773 1107 dicens,
1823 1042 1981 1096 Man-

412 1127 596 1180 datum
620 1145 808 1183 novum
830 1129 898 1184 do
927 1133 1094 1194 vobis,
1128 1143 1183 1186 ut
1205 1134 1441 1204 diligatis
1463 1135 1683 1188 invicem
1704 1134 1779 1187 "t
1815 1134 1974 1187 istaut

415 1225 596 1273 autem
645 1219 1010 1276 haereditatem
1060 1223 1094 1277 ii
1139 1225 1380 1293 quidem,
1431 1226 1523 1294 qui
1557 1225 1756 1281 deinde
1803 1225 1976 1280 secuti

411 1314 561 1371 sunt,
589 1323 938 1368 successores
963 1311 1054 1367 lilii
1087 1329 1115 1367 a
1147 1316 1392 1384 patribus
1423 1316 1612 1371 ordine
1643 1316 1976 1384 excipientes

410 1412 580 1468 usque
609 1399 676 1454 ad
706 1407 888 1469 patres
920 1411 1136 1458 nostros
1169 1413 1585 1462 conservarunt.
1617 1405 1682 1460 At
1707 1407 1818 1461 lucc.
1850 1422 1976 1476 pro-

406 1486 529 1557 diga
567 1489 850 1557 generatio
875 1489 1024 1545 illam
1063 1493 1289 1548 minime
1339 1493 1656 1549 custodivit.
1690 1493 1974 1560 Quomodo

404 1594 436 1634 e
464 1579 713 1636 manibus
759 1581 967 1638 n0stris
1015 1582 1214 1653 elapsa:
1254 1584 1334 1638 haa
1381 1585 1739 1640 institutionis
1770 1586 1975 1639 divitia:

407 1671 677 1737 pereunt?
722 1686 823 1728 nos
856 1671 1140 1727 charitatis
1167 1673 1332 1745 indigi
1369 1691 1582 1738 sumus,
1616 1682 1670 1729 et
1697 1675 1785 1728 alii
1815 1675 1974 1730 bonis

404 1759 605 1814 nostris
628 1759 900 1816 luxuriant
921 1768 974 1816 et
996 1762 1319 1831 gloriantur.
1350 1763 1533 1819 Zelavi
1556 1781 1710 1832 super
1731 1765 1933 1835 iniquos
1954 1781 1974 1818 :

404 1847 484 1902 sic
525 1849 602 1901 ’ait
644 1847 929 1905 Psalmista
950 1851 1017 1906 “.
1055 1850 1164 1922 Ego
1215 1870 1342 1907 vero
1396 1855 1646 1908 nonnihil
1682 1855 1840 1918 quasi
1879 1870 1974 1924 per

405 1939 684 2009 parodiam
721 1939 999 2000 inﬂectens
1031 1944 1235 1999 dictum
1269 1947 1396 2000 illud
1435 1949 1507 2000 ita
1556 1948 1750 2017 legam,
1788 1947 1969 2003 Zelavi

402 2046 568 2100 super
617 2032 854 2103 iniquos,
905 2035 1074 2090 zelavi
1124 2053 1306 2106 pacem
1355 2048 1702 2108 peccatorum
1754 2039 1965 2093 videns.

404 2122 480 2176 Illi
507 2123 645 2178 inter
666 2139 723 2180 se
743 2125 1064 2195 junguntur,
1093 2140 1146 2182 et
1168 2143 1268 2183 nos
1291 2130 1360 2183 ab
1382 2130 1609 2184 invicem
1631 2145 1967 2200 separamur.

401 2211 482 2268 Illi
519 2215 676 2284 quasi
725 2217 997 2273 testudine
1044 2219 1184 2274 facta
1226 2229 1428 2275 coeunt
1462 2222 1606 2276 inter
1652 2237 1734 2285 se,
1789 2232 1842 2276 at
1871 2237 1972 2278 nos

400 2304 729 2360 testudinem
772 2316 1012 2362 nostram
1043 2324 1389 2380 cunemnque
1416 2313 1769 2380 dissipamus.
1802 2311 1971 2367 Furto

401 2403 705 2463 surreptam
731 2398 1135 2466 possessionem
1177 2411 1419 2456 nostram
1447 2403 1755 2457 animarmn
1787 2403 1971 2474 prmdo

2089 501 2431 568 ἐπιστενάξαι
2469 502 2545 573 τῷ
2603 502 2796 558 πάθει·
2821 504 3088 576 ἡμέτερον
3121 503 3306 575 κτῆμα
3323 499 3392 575 ἦν
3431 505 3622 576 ἀγάπη
3644 522 3660 538 ·

2088 593 2215 645 ποτέ
2267 591 2518 664 πατρῷος
2557 593 2686 662 ἡμῖν
2713 586 2865 655 οὗτος
2891 592 2920 644 ό
2949 574 3169 662 κλῆρος,
3201 574 3262 645 ὃν
3296 574 3387 646 διά·
3416 593 3526 647 τῶν
3554 574 3661 665 μά-

2089 683 2264 754 θητῶν
2290 686 2420 754 ἡμῖν
2442 685 2469 738 6
2496 684 2696 754 Κύριος
2730 682 3086 754 ἐθησαύρισεν
3130 684 3320 748 εἰπὼν,
3375 685 3664 753 Ἐντολὴν

2088 774 2306 842 καινὴν
2354 773 2560 842 δίδωμι
2609 773 2769 843 ὑμῖν,
2820 775 2920 828 ἵνα
2983 773 3249 844 ἀγαπᾶτε
3302 774 3616 842 ἀλλήλους
3642 793 3656 808 ·

2089 865 2222 918 ἀλλὰ
2252 865 2451 930 ταύτην
2493 864 2590 935 τὴν
2623 864 2983 935 κληρονομίαν
3012 865 3060 917 οἰ
3105 865 3202 935 μὲν
3246 865 3443 934 ἐφεξῆς
3482 865 3659 919 διάδο-

2084 973 2169 1025 χοι
2216 957 2364 1026 παρά
2410 956 2616 1027 πατρὸς
2649 956 2990 1026 ἐκδεχόμενοι
3043 957 3204 1027 μέχρι
3251 955 3358 1009 τῶν
3407 958 3660 1027 πατέρων

2082 1047 2114 1115 ἡ
2123 1045 2238 1114 μῶν
2266 1043 2586 1098 διεσώσαντο
2603 1058 2616 1072 ⁸
2654 1047 2687 1114 ή
2713 1044 2770 1097 δὲ
2805 1044 3011 1108 ἄσωτος
3038 1043 3174 1114 αὕτη
3209 1045 3371 1112 γενεά
3397 1046 3498 1099 οὐκ
3522 1045 3656 1115 ἐφύ-

2083 1134 2227 1199 λαξε.
2262 1133 2383 1196 Πῶς
2430 1135 2631 1204 οἴχεται
2673 1133 2780 1186 τῶν
2823 1135 3020 1205 χειρῶν
3056 1135 3211 1204 ήμῶν
3257 1135 3533 1208 διαρρυεὶς
3559 1138 3659 1207 τῆς

2081 1225 2302 1295 ἀγωγῆς
2345 1225 2374 1277 6
2407 1224 2667 1289 πλοῦτος;
2700 1227 2858 1294 ἡμεῖς
2889 1226 2986 1295 τῆς
3022 1226 3240 1296 ἀγάπης
3285 1225 3654 1297 πτωχεύομεν,

2081 1317 2172 1370 καὶ
2195 1310 2344 1370 ἄλλοι
2377 1317 2662 1388 ἡμετέροις
2683 1316 2902 1384 ἀγαθοῖς
2928 1317 3328 1388 ἐνασρύνονται.
3361 1318 3656 1384 Ἐζήλωσα

2078 1406 2175 1459 ἐπὶ
2219 1405 2342 1472 τοῖς
2377 1407 2655 1476 ἀνόμοις,
2678 1405 2850 1469 οὕτως
2900 1407 3065 1477 φησὶν
3091 1406 3460 1477 όΨαλμῳδός.
3511 1407 3656 1476 Ἐγὼ

2009 1531 2049 1585 Β
2078 1495 2134 1550 δὲ
2175 1495 2366 1566 μικρόν
2391 1513 2440 1549 τι
2473 1496 2799 1566 παρῳδήσας
2827 1497 2888 1549 τὸ
2913 1495 3656 1573 ρηθένάναγνώσομαι,”Εζή-

2079 1585 2225 1638 λωσα
2249 1587 2340 1639 ἐπὶ
2367 1589 2478 1648 τοῖς
2507 1586 2758 1657 ἀνόμοις,
2785 1587 3030 1656 ἐζήλωσα
3057 1585 3281 1656 εἰρήνην
3313 1585 3650 1656 ἁμαρτωλῶν

2079 1675 2319 1746 θεωρῶν.
2373 1677 2599 1730 Ἰἰκεῖνοι
2645 1677 2893 1750 ἀλλήλοις
2937 1677 3312 1744 συνίστανται,
3361 1677 3456 1732 καὶ
3493 1679 3654 1748 ἡμεῖς

2077 1771 2171 1823 ἀπ’
2191 1770 2432 1841 ἀλλήλων
2454 1770 2867 1841 διατεμνόμεθα,
2894 1770 3120 1823 Ἐκεῖνοι
3153 1771 3360 1833 ἑαυτοῖς
3389 1770 3652 1824 συνασπί-

2079 1866 2170 1927 ζου
2178 1881 2228 1916 σι
2238 1905 2250 1918 .
2265 1865 2358 1917 καὶ
2376 1866 2408 1932 ἡ
2419 1866 2535 1934 μεῖς
2555 1863 2646 1916 τὸν
2670 1864 2702 1933 ἡ
2711 1862 2835 1932 μέτε
2845 1880 2935 1934 ρον
2955 1863 3324 1931 συνασπισμὸν
3342 1861 3649 1932 διαλύομεν.

2079 1955 2294 2025 κλέψας
2326 1955 2386 2007 τὸ
2412 1955 2673 2026 ἡμέτερον
2702 1955 2885 2023 κτῆμα
2917 1956 2944 2008 6
2988 1953 3096 2008 τῶν
3121 1952 3306 2024 ψυχῶν
3338 1951 3650 2022 λωποδύτης

2076 2046 2191 2106 τοῖς
2237 2044 2450 2114 ἐχθροῖς
2495 2043 2595 2112 τῆς
2641 2041 2895 2112 ἀληθείας
2938 2041 3118 2113 φέρων
3145 2041 3529 2115 προσέρριψεν,
3546 2043 3647 2096 οὐκ

2069 2134 2311 2197 ἐκείνους
2344 2133 2679 2204 εὐεργετῶν,
2713 2133 2870 2186 τοῦτο
2922 2132 3114 2203 μηδεὶς
3167 2131 3360 2185 οἰέσθω
3395 2150 3407 2164 ·
3462 2131 3490 2185 ό
3540 2132 3649 2202 γὰρ

2067 2222 2175 2276 τῶν
2203 2222 2388 2276 κακῶν
2413 2222 2638 2294 εὑρετὴς
2670 2221 2963 2292 εὐεργέτης
3005 2221 3258 2289 γενέσθαι
3285 2221 3346 2273 οὐ
3375 2221 3592 2275 δύναται
3621 2239 3637 2253 ·

2067 2311 2181 2366 ἀλλ’
2211 2312 2296 2365 ἵνα
2324 2312 2540 2384 χείρους
2585 2312 2780 2374 αὐτοὺς
2812 2313 2868 2365 ἐν
2898 2314 2963 2383 τῇ
3019 2312 3144 2380 περί
3170 2311 3233 2364 τὸ
3279 2311 3449 2365 κακὸν
3506 2329 3645 2381 συμ-

2069 2401 2228 2472 πνοίᾳ
2262 2401 2679 2473 παρασκευάσῃ.

401 2483 470 2537 ad
501 2484 685 2541 hostes
726 2489 966 2545 veritatis
1033 2491 1266 2546 delatam
1336 2495 1582 2563 projecit,
1651 2511 1757 2549 non
1792 2505 1850 2548 ιιι
1910 2494 2173 2549 beneficio
2209 2510 2304 2549 eos
2357 2493 2611 2557 alliceret,
2653 2508 2813 2547 nemo
2858 2493 2938 2548 sic
2969 2492 3305 2548 arbitretur:
3353 2508 3459 2546 non
3502 2492 3646 2547 enim

398 2583 574 2643 potest
599 2577 817 2634 afficere
856 2580 1120 2638 beneficio
1149 2584 1400 2639 inventor
1429 2587 1692 2642 malorum
1727 2608 1740 2644 :
1781 2604 1992 2652 verum,

396 2671 659 2726 efﬁceret.

467 2761 572 2817 Sed
599 2764 727 2834 quid
767 2765 898 2821 mihi
930 2767 998 2823 de
1036 2767 1106 2824 iis
1134 2770 1227 2840 qui
1265 2770 1395 2828 foris
1437 2783 1565 2829 sunt
1619 2774 1894 2845 judicare?
1919 2786 1975 2830 ut
2003 2780 2046 2836 Ο

396 2855 571 2926 inquit
603 2857 692 2912 ille
723 2857 795 2906 ⁸⁸.
834 2857 902 2912 At
947 2873 1046 2928 ego
1084 2859 1177 2929 qui
1205 2861 1410 2930 possim
1446 2863 1825 2919 alienationem
1859 2865 1970 2919 fra-

393 2952 539 3002 trum
587 2949 706 3004 sine
755 2950 1010 3019 lacrymis
1056 2950 1234 3005 ferre?
1276 2955 1548 3022 quomodo
1593 2965 1814 3026 paterna
1837 2957 1970 3012 sub-

394 3039 593 3094 stantia
641 3039 896 3095 derelicta
941 3041 1132 3110 junior
1178 3043 1264 3098 hic
1314 3043 1480 3099 frater
1510 3045 1799 3102 discessit?
1837 3049 1972 3103 alter

395 3129 486 3182 iile
523 3129 575 3182 in
615 3128 903 3200 Evangelia
939 3131 1266 3203 descriptus,
1311 3134 1433 3188 licet
1476 3136 1674 3190 canitie
1721 3139 1970 3206 corporis

392 3219 558 3272 animi
601 3220 992 3288 juvenilitatem
1039 3226 1298 3290 occultet,
1340 3227 1613 3296 quomodo
1651 3227 1906 3298 fugitivus
1938 3246 1966 3284 a

393 3307 496 3365 ﬁde
553 3311 606 3364 in
665 3312 1013 3382 longinquam
1064 3315 1339 3385 regionem
1388 3318 1652 3374 secessit?
1695 3321 1968 3389 quomodo

392 3399 505 3453 abit
546 3409 600 3454 et
634 3401 750 3470 ipse
791 3404 1030 3472 paternis
1059 3405 1218 3460 bonis
1249 3405 1303 3459 in
1337 3405 1474 3461 duas
1505 3406 1758 3462 dimidias
1788 3416 1968 3477 partes

389 3489 602 3556 divisis,
646 3493 736 3561 qui
772 3492 898 3547 dttm
945 3494 1198 3550 sublimia
1243 3491 1492 3567 dogmata
1539 3497 1604 3550 ad
1650 3498 1881 3553 humiles
1913 3508 1967 3554 et

389 3572 580 3636 suillas
607 3582 891 3652 Opiniones
925 3585 1143 3654 dejecit,
1181 3601 1304 3641 cum
1335 3589 1710 3644 meretricibus
1745 3590 1962 3645 haereti-

395 3670 478 3726 cis
499 3684 628 3725 suas
649 3670 868 3727 divitias
890 3674 1174 3745 dissipavit
1193 3679 1274 3731 ὀἳ
1301 3677 1547 3734 Meretrix
1579 3679 1720 3734 enim
1747 3690 1828 3735 est
1857 3681 1964 3736 ha:-

390 3757 552 3824 resis,
593 3774 715 3828 quae
765 3761 1132 3831 voluptatibus
1177 3767 1332 3834 quasi
1382 3767 1670 3837 prmstigiis
1720 3769 1958 3822 attrahit.

387 3846 542 3912 Quod
577 3848 622 3904 si
646 3851 864 3918 quando
885 3851 938 3906 in
966 3852 1226 3923 seipsum,
1254 3863 1312 3909 ut
1337 3855 1446 3921 ille,
1474 3871 1727 3912 reversus
1755 3855 1918 3912 fuerit
1945 3878 1960 3914 :

388 3939 433 3993 si
474 3939 693 4008 quando
721 3958 911 3999 rursus
944 3945 1011 3999 ad
1045 3954 1391 4016 paternorum
1425 3948 1670 4002 ciborum
1692 3949 1960 4018 cupidita-

387 4041 492 4086 tem
517 4035 804 4098 exarserit,
840 4021 882 4091 Si
924 4037 990 4090 ad
1025 4038 1243 4094 divitem
1278 4055 1520 4095 mensam
1552 4041 1864 4106 recurrerit,
1905 4041 1958 4094 in

2069 2598 2128 2643 ut
2184 2602 2279 2643 eos
2332 2586 2385 2642 in
2439 2587 2704 2641 malarum
2761 2602 2942 2642 rerum
3007 2585 3299 2642 concordia
3346 2584 3647 2642 deteriores

2160 2768 2322 2824 ’Λλλά
2351 2769 2404 2822 τί
2436 2786 2525 2840 μοι
2567 2770 2693 2832 τοὺς
2740 2769 2844 2834 ἔξω
2889 2767 3129 2840 κρίνειν;
3167 2769 3331 2838 φησὶν
3375 2769 3405 2821 ὁ
3453 2767 3645 2823 εἰπών.

2085 2860 2226 2931 Ἐγὼ
2253 2862 2311 2916 δὲ
2357 2859 2477 2924 πῶς
2504 2859 2764 2931 ἀδακρυτὶ
2805 2858 3057 2929 βαστάσω
3103 2860 3203 2928 τὴν
3244 2858 3356 2912 τῶν
3400 2859 3647 2928 ἀδελφῶν

2073 2952 2461 3024 ἀλλοτρίωσινς
2509 2951 2633 3014 Πῶς
2682 2949 2853 3021 ᾤχετο
2903 2949 3215 3005 καταλιπὼν
3254 2950 3354 3021 τὴν
3387 2951 3646 3024 πατρῴαν

2070 3043 2255 3097 οὐσίαν
2294 3043 2323 3095 6
2369 3041 2594 3111 ἀδελφὸς
2629 3044 2658 3094 6
2688 3040 2807 3103 νέος
2838 3031 3025 3107 οὗτος
3061 3041 3253 3103 Ἀλλος
3285 3042 3490 3106 ἐκεῖνος
3519 3044 3549 3096 6
3587 3043 3647 3094 ἐν

2070 3133 2146 3204 τῷ
2179 3131 2493 3202 Εὐαγγελίῳ
2516 3130 2863 3201 δηλούμενος,
2899 3128 3002 3182 κᾶν
3035 3129 3360 3200 ὑποκρύπτῃ
3385 3131 3452 3201 τῇ
3483 3129 3641 3200 πολιᾷ

2068 3222 2163 3276 τοῦ
2196 3222 2444 3292 σώματος
2476 3223 2579 3292 τῆς
2608 3221 2784 3292 ψυχῆς
2819 3219 2916 3291 τὴν
2939 3220 3188 3292 νεότητα,
3225 3221 3344 3285 πῶς
3368 3221 3646 3294 ἀνεχώρη-

2071 3331 2162 3366 σεν
2189 3316 2267 3375 εἰς
2293 3311 2474 3383 χώραν
2498 3310 2713 3382 μακρὰν
2735 3308 3106 3380 δραπετεύσας
3129 3310 3236 3364 ἀπὸ
3254 3311 3352 3381 τῆς
3373 3311 3641 3377 πίστεως;

2068 3404 2192 3466 Πῶς
2221 3403 2426 3473 οἴχεται
2476 3401 2572 3455 καὶ
2601 3400 2761 3465 αὐτὸς
2799 3399 3102 3470 ἡμισεύσας
3149 3399 3243 3454 τοῦ
3292 3401 3498 3473 πατρὸς
3540 3403 3642 3475 τὴν

2066 3493 2250 3546 οὐσίαν
2297 3495 2355 3545 ἐν
2400 3489 2477 3560 τῷ
2511 3488 2841 3543 καθελκύσαι
2883 3488 2954 3542 τὰ
2980 3486 3156 3559 ὑψηλὰ
3199 3486 3309 3541 τῶν
3350 3489 3642 3558 δογμάτων

2066 3583 2203 3654 πρὸς
2253 3581 2322 3636 τά
2366 3581 2596 3634 ταπεινά
2650 3581 2745 3633 καὶ
2790 3578 3023 3650 χοιρώδη
3067 3579 3316 3650 νοήματα
3343 3620 3360 3645 ,
3399 3582 3520 3643 ταῖς
3561 3581 3642 3633 αἰ-

2068 3674 2306 3742 ρετικαῖς
2371 3671 2596 3742 πόρναις
2674 3669 3132 3742 προσδαπανήσας
3197 3670 3290 3722 τὸν
3364 3670 3640 3738 πλοῦτονς

2065 3763 2243 3832 Πόρνη
2265 3760 2374 3834 γάρ
2398 3763 2599 3832 ἐστινὴ
2628 3760 2857 3830 αἵρεσις,
2884 3762 3002 3824 ταῖς
3023 3759 3406 3829 ἠγαπημέναις
3426 3760 3639 3830 ἡδοναῖς

2063 3854 2416 3923 γοητεύουσά.
2461 3853 2526 3906 Εἰ
2571 3853 2680 3922 γὰρ
2729 3851 2871 3905 ἔλθοι
2909 3851 3159 3912 ποτὲ-εἰς
3187 3849 3398 3912 ἐαυτὸν,
3443 3849 3634 3922 ῶσπερ

2064 3945 2266 4005 ἐκεῖνος
2285 3943 2362 3995 ἐἰ
2382 3941 2490 4012 γὰρ
2517 3943 2869 4011 ἐπιθυμήσειε
2903 3939 3063 3993 πάλιν
3091 3939 3188 4008 τῆς
3217 3936 3473 4009 πατρῴας
3501 3957 3629 4011 τρο-

2064 4032 2204 4104 φῆςο
2256 4034 2304 4086 εἰ
2331 4032 2440 4102 γὰρ
2477 4030 2831 4100 ἐπαναδράμῃ
2881 4029 3016 4098 πρὸς
3061 4027 3160 4098 τὴν
3204 4025 3462 4082 πλουσίαν
3500 4029 3635 4098 τρά-

381 4137 492 4190 qua
524 4124 727 4179 multus
753 4128 1292 4194 supersubstantialis
1314 4136 1397 4183 est
1423 4130 1600 4199 panis,
1623 4130 1714 4198 qui
1747 4129 1961 4185 Domini

2069 4123 2262 4186 πεζαν,
2293 4125 2352 4176 ἐν
2445 4121 2611 4184 πολὺς
2639 4123 2666 4174 ὁ
2697 4117 2969 4181 ἐπιούσιος
3000 4119 3182 4188 ἄρτος,
3220 4118 3249 4169 6
3269 4116 3483 4188 τρέφων
3509 4119 3634 4180 τοὺς

381 4213 750 4269 ntercenarios
778 4217 905 4282 alit;
936 4219 1255 4273 mercenarii
1276 4220 1474 4289 quippe
1502 4227 1628 4274 sunt
1651 4219 1740 4274 Dei
1771 4237 1962 4276 omnes

383 4306 472 4358 isti
509 4308 600 4376 qui
641 4307 712 4361 ob
757 4323 906 4377 spem
951 4310 1390 4379 repromissionis
1424 4310 1476 4364 in
1505 4310 1663 4365 vinea
1706 4309 1797 4364 Dei
1833 4326 1961 4380 ope-

380 4406 613 4451 rantur:
647 4397 825 4466 qualis
851 4398 917 4453 ad
947 4414 1071 4453 eum
1118 4400 1206 4454 fiet
1236 4416 1345 4454 non
1375 4399 1537 4455 unius
1568 4399 1829 4469 parentis,
1864 4400 1957 4454 sed

375 4495 493 4539 tam
543 4487 837 4541 multorum
887 4499 1099 4559 patrum
1143 4504 1465 4554 concursus,
1495 4490 1589 4563 qui
1631 4490 1844 4545 obviam
1883 4487 1960 4544 illi

376 4576 710 4646 prodibunt,
763 4578 856 4646 qui
910 4579 1336 4649 amplectentur,
1395 4581 1489 4651 qui
1543 4580 1747 4636 osculis
1807 4581 1956 4634 illum

377 4664 686 4732 excipient?
714 4663 928 4720 Prolata
964 4676 1048 4722 est
1093 4669 1232 4723 stola
1268 4668 1391 4724 fidei
1421 4669 1616 4740 prima,
1651 4685 1811 4740 quam
1844 4677 1957 4724 tre-

375 4761 550 4808 centae
580 4755 880 4811 octodecim
909 4757 1102 4812 anima,
1140 4758 1397 4828 praeclara
1434 4761 1669 4814 textrina
1701 4760 1957 4814 Ecclesiae

375 4853 790 4900 mntextterunt.
836 4844 989 4902 Unde
1037 4850 1270 4905 annulus
1321 4849 1377 4904 in
1422 4864 1586 4905 manu
1633 4865 1950 4920 expressum

379 4935 501 4990 tidei
531 4935 767 5006 sigillum
803 4937 1026 5000 habens.
1062 4940 1294 5006 choreae,
1340 4941 1563 5005 vitulus,
1606 4941 1945 5011 symphonia,

371 5035 569 5082 caetera
623 5029 804 5082 omnia
845 5043 965 5096 qua:
1009 5030 1063 5082 in
1109 5030 1399 5100 Evangelio
1429 5040 1949 5094 commemorantur,

369 5124 599 5186 excepta
631 5117 814 5173 fratris
861 5119 1082 5173 invidia.
1140 5118 1616 5175 Verumenimvero
1652 5121 1782 5190 quid
1833 5123 1952 5174 l'ru-

375 5212 490 5258 stra
544 5206 700 5262 nobis
731 5206 862 5275 ipsis
918 5209 1130 5263 somnia
1172 5209 1463 5280 fingimus?
1511 5209 1789 5264 Obdurata
1819 5219 1947 5263 sunt

371 5292 542 5347 corda
577 5294 837 5361 fratrum,
878 5306 932 5352 et
967 5301 1241 5353 contraria
1297 5300 1505 5354 ratione
1550 5308 1678 5355 sunt
1727 5299 1946 5367 affecti;

371 5399 690 5439 communes
730 5395 909 5455 patres
953 5390 1250 5458 objiciunt,
1301 5399 1355 5446 et
1402 5398 1677 5461 acceptam
1728 5391 1796 5445 ab
1839 5390 1946 5444 illis

375 5473 744 5529 hereditatem
777 5491 887 5532 non
913 5479 1229 5547 admittunt;
1263 5496 1603 5536 communem
1634 5481 1738 5535 sibi
1771 5479 1948 5537 vindi-

363 5573 501 5621 cant
525 5565 882 5634 nobilitatem,
910 5576 965 5624 et
988 5584 1018 5623 a
1049 5579 1234 5626 nostra
1267 5571 1588 5642 cognatione
1617 5571 1944 5637 alienantur;

2066 4215 2161 4268 τοῦ
2201 4215 2406 4284 Κυρίου
2465 4214 2740 4285 μισθίους”
2793 4209 2995 4282 μίσθιοι
3035 4209 3092 4263 δὲ
3133 4208 3226 4263 τοῦ
3253 4207 3386 4262 Θεοῦ
3434 4209 3635 4274 πάντες

2066 4300 2233 4368 οὗτοι,
2263 4306 2312 4357 οἰ
2344 4304 2430 4357 ἐπ’
2475 4303 2646 4356 ἐλπίδι
2691 4302 2789 4370 τῆς
2830 4299 3156 4368 ἐπαγγελίας
3196 4299 3286 4353 τὸν
3337 4298 3633 4368 ἀμπελῶνα

2066 4394 2160 4448 τοῦ
2185 4395 2320 4448 Θεοῦ
2348 4393 2719 4465 ἐργαζόμενοι·
2749 4385 2857 4454 οἷος
2901 4391 2968 4444 ἂν
2999 4389 3215 4459 ἐγένετο
3243 4390 3378 4460 πρὸς
3413 4389 3576 4444 αὐτὸν
3605 4392 3635 4444 6

2063 4484 2282 4557 δρόμος,
2326 4487 2424 4555 οὐχ
2467 4483 2584 4548 ἐνὸς
2627 4483 2852 4558 πατρὸς,
2898 4480 3033 4536 ἀλλά
3079 4480 3343 4535 τοσούτων
3383 4481 3633 4553 πατέρων

2067 4575 2569 4648 προσαπαντιῖνδτων
2589 4614 2606 4639 ,
2665 4573 3140 4645 περιπλεκομένων
3166 4613 3182 4639 ,
3232 4573 3631 4644 ἀσπαζομένων

2065 4667 2390 4740 φιλήμασινς
2451 4664 2679 4735 Ἦνέχθη
2731 4664 2890 4736 στολὴ
2934 4666 3033 4735 τῆς
3081 4664 3316 4728 πίστεως
3352 4666 3385 4734 ἡ
3419 4663 3630 4735 πρώτη,

2062 4760 2129 4828 ἢν
2169 4759 2226 4814 αἰ
2263 4756 2571 4829 τριακόσιαι
2613 4753 2757 4808 ὀκτὼ
2801 4755 2896 4807 καὶ
2941 4754 3072 4808 δέκα
3103 4753 3273 4825 ψυχαὶ
3310 4753 3489 4818 καλῶς
3518 4755 3632 4824 ἐρι-

2062 4849 2279 4903 θέουσαι
2322 4848 2388 4917 τῇ
2434 4843 2728 4916 Ἐκκλησία
2767 4844 3056 4914 ἐξύφηναν.
3101 4844 3339 4898 Ἐκεῖθεν
3371 4847 3436 4917 τῇ
3484 4845 3630 4916 χειρὶ

2059 4938 2339 5002 δακτύλιος
2384 4934 2832 5005 ἐκτετυταομένην
2866 4934 3004 5005 ἔχων
3034 4934 3091 4986 ἐν
3119 4932 3296 5004 ἐαυτῷ
3333 4934 3430 5004 ’τὴν
3459 4950 3631 5004 σφρα-

2058 5029 2180 5098 γῖδα
2207 5028 2303 5098 τῆς
2335 5026 2587 5087 πίστεως,
2627 5023 2676 5076 οἰ
2707 5023 2876 5095 χοροὶ,
2921 5023 2949 5076 6
2999 5023 3216 5093 μόσχος,
3253 5023 3286 5091 η
3315 5022 3624 5090 συμφωνία,

2057 5121 2127 5172 τὰ
2166 5117 2298 5171 ἄλλα
2346 5115 2521 5169 πάντα
2566 5114 2667 5167 ὅσα
2711 5114 2768 5166 ἐν
2799 5111 2876 5182 τῷ
2911 5111 3224 5181 Εὐαγγελίῳ
3266 5109 3624 5172 κατείλεκται,

2057 5209 2196 5280 πλὴν
2221 5207 2322 5276 τῆς
2348 5204 2441 5258 τοῦ
2487 5202 2715 5272 ἀδελφοῦ
2762 5200 3109 5272 ζηλοτυπίας.
3157 5198 3315 5251 Ἀλλά
3360 5197 3414 5250 τί
3448 5199 3626 5270 μάτην

2056 5297 2295 5368 ὀνείρους
2326 5295 2537 5356 ἑαυτοῖς
2567 5290 3008 5358 ἀναπλάττομεν;
3059 5287 3446 5358 Ἐσκλήρυνται
3484 5286 3624 5358 κάρ-

2054 5389 2162 5442 δίαι
2189 5386 2296 5439 τῶν
2327 5382 2594 5451 ἀδελφῶν,
2632 5384 2727 5436 καὶ
2763 5381 3068 5442 ἀντιτύπως
3105 5377 3308 5448 ἔχουσι,
3345 5379 3469 5443 τοὺς
3507 5396 3622 5433 κοι-

2049 5479 2172 5541 νοὺς
2218 5474 2459 5544 πατέρας
2501 5472 2890 5543 προϐάλλονται
2913 5509 2928 5534 ,
2977 5471 3069 5522 καὶ
3118 5467 3213 5539 τὴν
3260 5468 3625 5542 κληρονομίαν

2047 5568 2146 5639 τὴν
2167 5567 2260 5621 ἀπ’
2288 5564 2469 5620 αὐτῶν
2489 5565 2550 5617 οὐ
2580 5561 2983 5633 προσδέχονται,
3013 5564 3111 5633 τῆς
3142 5563 3325 5632 κοινῆς
3344 5564 3623 5632 εὐγενείας

507 5679 558 5710 ³²
597 5677 826 5732 Zachar.
889 5689 966 5738 ιι,
1005 5673 1056 5727 9.
1135 5675 1180 5705 ⁵³
1215 5673 1370 5728 Joan.
1415 5690 1491 5740 xu,
1549 5673 1638 5728 ⁸54.
1712 5673 1760 5703 ⁸⁵
1793 5670 1932 5728 Psal.

2069 5680 2204 5733 :xm,
2242 5665 2299 5719 2.
2371 5666 2417 5696 ⁸⁸
2457 5665 2475 5718 l
2511 5664 2636 5721 Cor.
2681 5679 2777 5729 ιιι,
2816 5664 2902 5718 ll.
2974 5665 3022 5698 “
3058 5664 3196 5722 Luc.
3239 5673 3326 5725 ιν,
3385 5659 3440 5713 Η
3479 5674 3599 5729 sqq.
