4154 6354
469 293 572 347 549

1706 284 1770 339 IN
1802 283 1989 340 SUAM
2013 284 2550 348 ORDINA'I‘IONEM.

3614 298 3717 351 550

468 400 889 463 ἀντιποιοῦνται,
934 401 1029 455 καὶ
1069 404 1166 473 τῆς
1204 400 1338 472 πρὸς
1371 402 1514 473 ἡμᾶς
1549 403 1862 471 συγγενείας
1886 403 2038 458 ἀλλο-

2145 407 2395 465 hostibus
2443 411 2647 467 nostris
2696 426 2755 467 se
2795 421 3099 485 opponunt,
3136 422 3191 470 et
3222 414 3402 473 hostili
3431 418 3613 474 animo
3656 421 3713 474 in

468 492 743 563 τριοῦνται
764 508 778 521 ·
811 493 921 555 τοῖς
950 491 1161 565 ἐχθροῖς
1198 492 1355 563 ἡμῶν
1382 491 1877 555 ἀντικαθίστανται,
1904 493 2041 565 πρὸς

467 582 527 636 δὲ
552 584 699 654 ἡμᾶς
728 582 1004 653 δυσμενῶς
1035 583 1271 654 ἐχουσιψ
1307 582 1496 653 ὥσπερ
1521 599 1572 634 τι
1610 582 1859 654 μεθόριον
1886 583 2042 654 ἡμῶν

469 693 527 727 τε
562 676 656 728 καὶ
696 674 805 728 τῶν
855 674 1126 744 πολεμίων
1150 675 1448 745 γενόμενοι,
1492 674 1587 728 καὶΙ
1625 674 1909 745 ἀμφότερά
1937 676 2043 729 εἰσι

472 767 565 820 καὶ
591 765 900 837 οὐδέτερονο
940 764 1062 818 οὔτε
1089 766 1181 819 τὸν
1217 766 1375 837 ὀρθὸν
1398 765 1553 834 λόγον
1579 764 1918 834 ὁμολογοῦσι,
1947 765 2044 820 καὶ

472 850 733 930 αίρετικοὶ
777 857 1133 926 ὀνομάζεσθαι
1180 856 1521 922 ἀπαξιοῦσιν.
1578 858 1643 909 Ὦ
1671 855 1859 910 καινοῦ
1899 855 2043 927 πρά-

471 965 708 1019 γματος’
755 949 848 1001 καὶ
877 948 1013 1017 πρὸς
1039 947 1137 1018 τὴν
1172 947 1431 1017 ἀλήθειαν
1464 948 1557 1000 καὶ
1588 947 1725 1017 πρὸς
1754 947 1815 1000 τὸ
1842 946 2037 1017 ψεῦδος

472 1040 666 1109 ἐπίσης
708 1038 1169 1109 ἐκπεπολέμηται,
1198 1034 1308 1091 οἷόν
1347 1055 1401 1091 τι
1424 1038 1641 1109 δένδρον
1665 1037 1910 1109 ἄρριζον,
1938 1030 2041 1091 ὧδε

467 1136 566 1188 καὶ
594 1129 694 1188 ὧδε
725 1134 861 1206 πρὸς
885 1135 985 1197 τὰς
1013 1132 1259 1197 ἐναντίας
1299 1133 1475 1203 ὁρμὰς
1507 1132 1741 1195 εὐκόλως
1786 1132 2044 1202 μετακλι-

471 1227 704 1297 νόμενοι.
775 1226 1022 1279 Ἤκουσα
1088 1223 1183 1277 τοῦ
1252 1222 1638 1291 εὐαγγελιστοῦ
1694 1221 1937 1275 Ἰωάννου
1984 1224 2042 1276 ἐν

472 1317 811 1390 ἀποκρύφοις
855 1316 991 1388 πρὸς
1024 1315 1149 1379 τοὺς
1194 1314 1467 1377 τοιούτους
1497 1313 1565 1366 δι’
1596 1312 1913 1383 αἰνίγματος
1956 1311 2043 1364 λέ-

472 1427 687 1478 γοντος·
715 1409 792 1471 ὠς
818 1407 936 1460 δέον
966 1406 1211 1478 ἀκριϐῶς
1239 1404 1383 1471 ζέειν
1412 1405 1512 1475 μὲν
1546 1403 1761 1466 πάντως
1786 1402 1864 1472 τῷ
1895 1400 2058 1454 πνεύ-

474 1518 623 1572 ματι,
674 1496 1006 1568 κατεψῦχθαι
1052 1496 1109 1549 δὲ
1153 1498 1220 1567 τῇ
1281 1495 1523 1565 ἁμαρτίᾳ
1552 1510 1566 1524 ·
1620 1495 1881 1562 Ὄφελον
1930 1491 2042 1562 γὰρ

471 1588 649 1661 ἦσθα,
692 1588 845 1661 φησὶ,
888 1586 1145 1657 ψυχρὸς,
1189 1585 1227 1654 ἢ
1274 1585 1515 1652 ζεστόςο
1561 1585 1623 1637 τὸ
1652 1584 1709 1638 δέ
1744 1583 2040 1654 μηθέτερον

470 1681 695 1745 τούτων,
726 1678 1048 1751 ἀμφοτέρων
1080 1677 1137 1730 δέ
1178 1677 1553 1746 ἐφαπτόμενον
1586 1674 1874 1738 ναυτιῶδές
1900 1675 2037 1738 ἐστι,

2143 512 2244 552 nos
2290 498 2466 554 affecti
2506 509 2671 556 sunt:
2704 511 2959 572 tanquam
2997 504 3289 558 conﬁnium
3330 506 3469 562 inter
3517 522 3615 563 nos
3659 521 3713 563 et

2143 586 2329 643 hostes
2373 589 2523 658 facti,
2571 599 2625 646 et
2674 602 2900 663 utraque
2946 604 3073 651 sunt
3125 606 3178 650 et
3216 607 3500 663 neutrum;
3537 613 3714 667 neque

2140 688 2348 734 rectum
2385 697 2688 738 sermonem
2716 684 3063 752 conﬁtentur,
3087 695 3141 740 et
3184 686 3421 742 haeretici
3453 688 3711 758 appellari

2141 780 2416 828 recusant.
2470 777 2512 826 Ο
2558 790 2671 829 rem
2715 775 3045 829 inauditam!
3096 785 3150 831 et
3196 777 3408 833 veritati
3454 777 3617 833 simul
3657 788 3711 832 et

2141 860 2424 917 mendacio
2452 864 2653 933 pariter
2683 865 2881 920 bellum
2908 865 3239 931 indixerunt,
3263 876 3515 938 tanquam
3545 868 3711 923 arbor

2141 954 2403 1024 quaepiam
2427 954 2704 1011 radicibus
2723 971 2919 1011 carens
2948 953 3053 1010 huc
3081 965 3134 1011 et
3159 957 3286 1012 illuc
3307 958 3407 1013 levi
3436 968 3713 1015 momento

2140 1047 2429 1102 contrariis
2462 1046 2783 1117 impulsibus
2827 1047 3091 1103 inclinati.
3139 1046 3400 1105 Joannem
3427 1050 3711 1123 Evangeli-

2141 1144 2281 1192 stam
2312 1138 2494 1192 audivi
2544 1138 2857 1208 hujusmodi
2902 1140 3151 1197 homines
3193 1142 3532 1209 anigmatica
3585 1155 3711 1196 ora-

2140 1226 2286 1282 tione
2333 1226 2389 1282 in
2430 1228 2757 1300 apocryphis
2815 1229 3173 1299 alloquentem
3212 1248 3226 1284 :
3264 1243 3387 1284 cum
3434 1235 3713 1297 oporteret

2139 1327 2329 1374 exacte
2373 1316 2578 1374 fervere
2614 1319 2830 1390 quidem
2879 1322 3101 1375 omnino
3139 1320 3354 1390 spiritu,
3386 1318 3581 1389 frigere
3607 1334 3709 1373 au-

2141 1414 2248 1462 tem
2277 1417 2518 1478 peccato.
2553 1408 2767 1463 Utinam
2788 1410 2926 1463 enim
2948 1426 3107 1475 esses,
3139 1410 3332 1479 inquit,
3357 1409 3584 1478 frigidus
3613 1420 3709 1463 aut

2140 1495 2343 1551 calidus
2394 1498 2469 1551 ’τί
2516 1499 2659 1568 quod
2717 1515 2843 1554 vero
2893 1508 3142 1555 neutrum
3199 1498 3283 1555 est
3361 1501 3575 1567 horum,
3612 1502 3708 1557 sed

2142 1595 2429 1658 utrumque
2457 1589 2687 1659 attingit,
2722 1604 2979 1644 nauseam
3020 1589 3239 1655 excitat,
3265 1600 3317 1645 et
3347 1590 3413 1645 ad
3447 1590 3706 1644 vomitum

2141 1684 2226 1732 est
2254 1677 2526 1731 idoneum.
2560 1676 2701 1743 Quid
2745 1678 2907 1748 igitur
2943 1693 3123 1734 causae
3152 1689 3256 1744 est,
3294 1693 3393 1732 cur
3424 1679 3551 1732 olim
3581 1679 3705 1749 qui-

472 1774 567 1827 καὶ
599 1772 735 1844 πρὸς
761 1746 955 1843 έμετον
982 1768 1302 1840 ἐπιτήδειον.
1340 1768 1404 1820 Τί
1433 1763 1524 1820 οῦν
1552 1766 1614 1819 τὸ
1647 1765 1838 1828 αἴτιον,
1873 1764 2038 1819 πάλαι

2140 1768 2261 1823 dem
2286 1769 2622 1839 temporibus
2642 1746 3031 1839 discipulorum
3059 1769 3125 1823 ad
3157 1768 3450 1825 Ecclesiam
3476 1746 3705 1840 plurima

474 1866 573 1936 μὲν
602 1865 693 1917 ἐπί
726 1863 833 1917 τῶν
868 1861 1123 1932 μαθητῶν
1166 1859 1253 1913 διὰ
1292 1858 1388 1912 τοῦ
1434 1857 1639 1929 Κυρίου
1671 1856 1805 1910 πολὺ
1839 1853 2041 1923 πλῆθος

470 1960 537 2027 τῇ
585 1952 879 2025 Ἐκκλησία
915 1948 1318 2023 προσάγεσθαι,
1367 1948 1483 2002 νυνὶ
1526 1947 1583 2000 δὲ
1625 1947 1749 2010 τοὺς
1793 1945 2035 2016 μακροὺς

472 2048 566 2101 καὶ
591 2044 932 2116 περικαλλεῖς
963 2041 1071 2096 τῶν
1096 2038 1430 2095 διδασκάλων
1457 2038 1646 2107 λόγους
1675 2038 2039 2108 παρατρέχειν

472 2137 783 2208 ἀπράκτους
801 2150 815 2199 ;

552 2230 699 2299 Ἐρεῖ
729 2243 810 2290 τις
838 2226 987 2289 ἴσως,
1013 2224 1094 2277 δτι
1122 2224 1241 2277 τότε
1277 2223 1536 2295 συνήργει
1570 2223 1681 2285 τοῖς
1722 2218 2039 2283 ἀποστόλοις

470 2318 538 2371 τὰ
570 2318 634 2371 ἐκ
657 2315 765 2369 τῶν
797 2314 969 2385 ἔργων
998 2312 1270 2383 θαύματα,
1320 2313 1415 2366 καὶ
1460 2312 1521 2365 τὸ
1558 2310 1865 2375 ἀξιόπιστον
1896 2311 1924 2363 ὁ
1954 2308 2040 2361 16’-

471 2427 565 2478 γος
593 2406 682 2461 διὰ
707 2405 814 2459 τῶν
843 2404 1195 2475 χαρισμάτων
1240 2398 1375 2473 εἶχε.
1419 2402 1566 2471 Φημὶ
1614 2398 1766 2467 κάγὼ
1798 2398 2039 2470 μεγάλην

470 2503 610 2554 εἶναι
636 2500 770 2570 πρὸς
794 2497 855 2550 τὸ
882 2494 1083 2549 πείθειν
1106 2494 1278 2565 ροπὴν
1299 2495 1398 2563 τὴν
1426 2494 1491 2546 ὲκ
1510 2494 1616 2545 τῶν
1646 2492 1819 2563 ἔργων
1848 2490 2000 2562 ίσχύν
2020 2507 2035 2522 ο

470 2592 587 2646 νυνι
615 2591 672 2644 δὲ
715 2588 768 2642 τι
794 2587 901 2659 χρὴ
940 2587 1009 2639 τὰ
1041 2584 1297 2654 γινόμενα
1328 2582 1604 2654 trabem;
1648 2583 1756 2635 Καὶ
1788 2582 2039 2654 οὐχὸρᾷς

469 2686 537 2739 τά
563 2684 721 2752 ὃμοια
747 2681 845 2749 τῆς
872 2678 1106 2740 πίστεως
1141 2675 1391 2745 θαύματα
1415 2692 1429 2740 ;
1463 2672 1778 2743 Οίκειοῦμαι
1800 2673 1908 2743 γὰρ
1931 2672 2039 2725 τῶν

468 2772 774 2843 ὁμοδούλων
805 2767 960 2840 ἡμῶν
1000 2766 1070 2821 τὰ
1109 2763 1538 2836 κατορθώματα,
1582 2763 1659 2833 τῷ
1690 2762 1836 2833 αὐτῷ
1874 2762 2038 2814 πνεύ-

472 2881 601 2935 ματι
628 2860 964 2931 στοιχοῦντες
1003 2859 1059 2911 ἐν
1084 2860 1150 2927 τῇ
1177 2856 1403 2926 δυνάμει
1435 2855 1541 2908 τῶν
1576 2853 1786 2908 ἰάσεων.
1819 2854 2040 2923 Μαρτυ-

471 2953 621 3026 ροῦσι
664 2954 731 3023 τῇ
776 2950 1001 3022 ἀληθείᾳ
1040 2947 1134 3001 τοῦ
1186 2947 1342 3015 λόγου
1389 2945 1577 3014 ἄνδρες
1628 2944 1686 3009 ἐξ
1741 2940 2039 3014 ὑπερορίας

2139 1857 2429 1913 multitudo
2475 1872 2507 1912 a
2558 1857 2787 1913 Domino
2810 1865 3215 1930 aggregaretur,
3241 1858 3348 1927 iam
3378 1872 3506 1913 vero
3535 1858 3709 1929 longa:

2138 1957 2193 2013 et
2242 1957 2448 2003 ornata
2499 1949 2777 2003 doctorum
2842 1949 3131 2005 conciones
3180 1948 3297 2004 sine
3348 1949 3456 2004 ullo
3513 1948 3710 2005 eﬁ‘ectu

2140 2039 2555 2109 prmtervolcnt?

2209 2224 2464 2279 Fortasse
2520 2224 2662 2280 dicet
2708 2224 3011 2295 quispiam,
3060 2224 3205 2296 quod
3266 2235 3378 2280 tum
3432 2226 3711 2296 apostolos

2139 2314 2398 2368 miracula
2424 2330 2487 2368 ex
2520 2314 2773 2383 operibus
2796 2314 3133 2383 adiuvarent,
3163 2322 3217 2370 et
3247 2315 3335 2370 illa
3359 2316 3540 2369 divina
3566 2315 3707 2369 dona

2138 2403 2369 2458 orationi
2404 2402 2559 2457 ﬁdem
2594 2404 2968 2457 conciiiareut.
3003 2402 3116 2473 Ego
3153 2419 3284 2459 vero
3326 2419 3580 2474 magnum
3622 2404 3708 2457 af-

2141 2491 2283 2547 ferre
2313 2492 2378 2546 ad
2405 2491 2814 2562 persuasionem
2849 2503 3179 2547 momentum
3208 2494 3315 2547 vim
3341 2509 3564 2564 operum
3599 2510 3709 2548 non

2138 2581 2385 2637 diﬁiteor.
2420 2582 2616 2638 Verum
2650 2581 2799 2653 quid,
2828 2598 3032 2651 qnzcso,
3067 2583 3135 2639 de
3184 2584 3252 2639 iis
3291 2598 3411 2654 qua?
3442 2600 3584 2637 nunc
3619 2599 3711 2654 ge-

2138 2680 2332 2726 runtur
2385 2672 2758 2727 arbitraudum
2812 2673 2933 2727 est?
2977 2688 3154 2727 nonne
3202 2673 3351 2742 paria
3404 2673 3524 2728 ﬁdei
3559 2673 3709 2727 vides

2138 2761 2448 2816 miracula?
2477 2777 2864 2817 conservorum
2915 2762 3056 2816 enim
3094 2773 3404 2816 nostrorum
3450 2762 3709 2832 prmelara

2138 2851 2380 2906 facinora
2415 2860 2600 2906 nostra
2624 2860 2834 2922 reputo,
2869 2853 2961 2923 qui
2996 2852 3184 2907 eodem
3229 2853 3282 2907 in
3320 2854 3519 2908 virtute
3546 2868 3709 2907 cura-

2135 2943 2346 2995 tionum
2382 2942 2574 3010 spiritu
2602 2942 2885 2996 nobiscum
2910 2942 3203 2997 ducuntur.
3240 2942 3411 3011 llujus
3442 2943 3709 2997 orationis

466 3049 709 3119 ἥκοντες,
742 3043 954 3098 πολῖται
979 3040 1072 3094 τοῦ
1101 3039 1303 3110 πατρὸς
1326 3037 1481 3108 ἡμῶν
1514 3034 1848 3130 Ἀϐραάμ,ἐξ
1868 3035 2038 3130 Μεσο-

2138 3031 2352 3085 veritati
2392 3031 2758 3089 testimonium
2788 3031 2979 3086 dicunt
3021 3032 3119 3088 viri
3154 3032 3221 3088 ab
3250 3032 3451 3089 exteris
3496 3042 3549 3089 et
3594 3034 3711 3089 lon-

466 3136 744 3208 ποταμίας
777 3132 1126 3205 ὡρμημένοι,
1173 3128 1477 3196 ἐξελθόντες
1519 3127 1612 3180 καὶ
1657 3120 1801 3179 οὗτοι
1834 3126 1898 3177 ἐκ
1938 3124 2036 3194 τῆς

465 3228 569 3298 γῆς
596 3229 690 3281 καὶ
738 3227 802 3279 ὲκ
829 3224 925 3294 τῆς
970 3219 1285 3289 συγγενείας
1331 3217 1508 3271 αύτῶν
1560 3218 1652 3270 καὶ
1698 3213 1792 3267 τοῦ
1833 3214 2035 3283 κόσμου

468 3320 688 3383 παντὸς,
732 3317 867 3389 πρὸς
904 3316 1129 3386 οὐρανὸν
1161 3312 1467 3382 βλέποντες,
1516 3306 1877 3378 ἐκδημοῦντες
1914 3304 2037 3376 τρό-

467 3428 567 3463 πον
601 3408 719 3462 τινά
750 3408 847 3476 τῆς
878 3404 1240 3475 ἀνθρωπίνης,
1274 3401 1385 3454 ἄνω
1425 3399 1532 3452 τῶν
1564 3398 1661 3467 τῆς
1689 3396 1901 3465 φύσεως
1934 3413 2037 3448 πα-

470 3500 731 3571 θημάτων
760 3496 1058 3566 ἱστάμενοι,
1088 3492 1335 3547 τοσοῦτον
1363 3491 1726 3559 ἐφαπτόμενοι
1755 3488 1854 3558 τῆς
1889 3487 2035 3557 ζωῆς

465 3591 668 3661 ταύτης
715 3590 837 3642 ὅσον
885 3586 1214 3653 ἐπάναγκες,
1261 3582 1338 3653 τῷ
1386 3581 1441 3634 δὲ
1477 3580 1677 3633 πλείονι
1723 3579 1875 3650 μέρει
1916 3580 2037 3641 ταῖς

467 3681 776 3752 ἀσωμάτοις
806 3674 1390 3749 συμμετεωροποροῦσι
1420 3673 1700 3743 δυνάμεσι,
1734 3670 1954 3742 γηραιοὶ
1973 3669 2036 3722 τὸ

466 3770 625 3837 εἶδος,
656 3770 843 3843 σεμνοὶ
886 3768 1021 3840 πρὸς
1072 3768 1238 3831 ίδέαν,
1285 3765 1446 3835 πολιᾷ
1495 3763 1818 3828 στίλϐοντες,
1855 3763 2031 3832 σιωπῇ

468 3860 960 3936 κατησφαλισμένοι
990 3859 1059 3913 τὰ
1107 3857 1369 3928 στόματα,
1409 3855 1731 3926 λογομαχεῖν
1769 3854 1868 3906 οὐκ
1901 3853 2036 3905 εἰδό-

476 3974 577 4021 ιες,
612 3955 860 4024 συζητεῖν
907 3952 967 4005 ού
1020 3949 1278 4021 μαθόντες
1309 3964 1323 3978 °
1376 3946 1641 4017 τοσαύτην
1674 3945 1854 4015 ἔχουσι
1894 3942 2035 3996 κατὰ

465 4050 573 4101 τῶν
601 4045 927 4117 πνευμάτων
968 4042 1065 4113 τὴν
1098 4039 1365 4104 ἐξουσίαν,
1395 4038 1471 4101 ὼς
1498 4035 1750 4106 θαύματα
1788 4035 1932 4104 μόνῳ
1956 4032 2034 4103 τῷ

465 4138 710 4195 δοκοῦντι
737 4131 1187 4206 κατεργάζεσθαι,
1229 4131 1323 4184 καὶ
1345 4128 1647 4199 ὑποχωρεῖν
1667 4125 1733 4179 τά
1762 4124 2031 4194 δαιμόνια,

464 4229 526 4281 ού
567 4223 939 4293 συλλογισμῶν
971 4221 1206 4290 τέχναις,
1250 4217 1366 4273 ἀλλ’
1405 4215 1625 4285 ἐξουσίᾳ
1649 4214 1749 4283 τῆς
1776 4212 2032 4277 πίστεως,

465 4319 564 4372 οὐκ
610 4317 689 4378 είς
726 4312 961 4383 ἀπορίαν
992 4310 1327 4379 ἀντιφάσεως
1361 4305 1731 4378 περιαγόμενα
1754 4343 1768 4364 ,
1805 4302 1919 4356 ἀλλ’
1954 4302 2035 4363 είς

2136 3121 2352 3191 ginquis
2393 3121 2701 3191 regionibus
2743 3121 2974 3187 advecti,
3007 3124 3175 3191 patris
3223 3123 3391 3177 nostri
3433 3122 3705 3177 Abraham

2136 3211 2283 3265 cives
2311 3226 2373 3265 ex
2410 3211 2792 3282 Mesopotamia
2829 3210 3078 3283 proiecti,
3111 3213 3202 3282 qui
3243 3220 3296 3267 et
3345 3214 3445 3282 ipsi
3468 3214 3533 3268 de
3567 3224 3708 3268 terra

2135 3309 2190 3357 et
2241 3303 2565 3371 cognatione
2614 3319 2752 3367 sua,
2812 3312 2974 3375 atque
3022 3303 3156 3359 adeo
3213 3319 3281 3358 ex
3337 3312 3452 3360 toto
3506 3306 3711 3361 mundo

2135 3394 2381 3463 egressi,
2421 3394 2594 3450 oculis
2633 3394 2697 3448 ad
2740 3396 2938 3451 cmlum
2986 3394 3287 3463 conversis,
3321 3402 3375 3450 et
3414 3404 3564 3451 extra
3604 3396 3708 3450 hu-

2136 3498 2351 3537 manam
2384 3485 2785 3554 quodammodo
2820 3486 3227 3558 peregrinantes
3255 3496 3526 3552 naturam,
3553 3497 3707 3543 extra

2135 3588 2349 3629 onmem
2374 3576 2835 3644 perturbationum
2864 3577 3034 3632 aleam
3074 3578 3374 3643 constituti,
3402 3585 3608 3631 tantum
3641 3595 3709 3634 ex

2136 3666 2237 3720 hac
2267 3667 2373 3719 vita
2402 3666 2663 3732 delibant,
2687 3680 2947 3738 quantum
2970 3684 3195 3725 necesse
3218 3676 3303 3725 est
3326 3687 3340 3736 ;
3365 3670 3558 3740 potiori
3583 3686 3709 3724 vero

2135 3758 2218 3813 sui
2265 3769 2417 3828 parte
2466 3774 2589 3813 cum
2639 3760 2975 3829 incorporeis
3028 3761 3321 3817 virtutibus
3370 3762 3423 3815 in
3474 3762 3708 3817 excelsis

2132 3854 2445 3909 versantur,
2470 3846 2625 3901 senili
2673 3848 2873 3917 specie,
2909 3855 3072 3918 atque
3118 3856 3341 3920 aspectu
3365 3849 3704 3918 _vcnerando,

2134 3936 2335 3991 Canitie
2366 3938 2731 4007 splendentes,
2781 3947 2834 3992 et
2876 3938 3161 4008 obsignata
3205 3940 3419 3995 silentio
3457 3947 3701 3993 tenentes

2134 4040 2252 4091 ora,
2277 4026 2368 4094 qui
2404 4027 2682 4080 decertare
2712 4027 2889 4080 verbis
2921 4028 3375 4099 nesciunt.neque
3403 4029 3709 4097 disquirere

2134 4127 2227 4174 aut
2253 4118 2559 4188 disceptare
2596 4117 2923 4181 didicerunt,
2956 4126 3272 4187 tantamque
3303 4119 3564 4174 adversus
3599 4119 3711 4187 spi-

2134 4211 2271 4265 ritus
2313 4210 2559 4264 obtinent
2602 4216 2948 4281 potestatem,
2983 4219 3043 4262 ut
3070 4208 3330 4262 miracula
3358 4211 3475 4264 sola
3514 4211 3709 4264 volun-

2135 4305 2245 4352 tate
2275 4297 2573 4367 perﬁciant,
2604 4305 2658 4351 et
2702 4296 2966 4350 daemonia
3015 4297 3308 4351 abscedant
3338 4314 3443 4351 non
3488 4301 3709 4369 syllogi-

464 4408 525 4461 τὺ
560 4406 746 4467 σκότος
772 4404 831 4456 τὸ
866 4400 1126 4469 ἐξώτερον
1151 4398 1584 4467 ἀπελαυνόμενα.
1630 4392 1816 4455 Οὕτως
1842 4390 1980 4445 οἶδεν
2003 4391 2033 4443 ὁ

2137 4403 2375 4443 smorum
2408 4388 2658 4449 artiﬁcio,
2696 4387 2787 4443 sed
2828 4387 2948 4440 lidei
2972 4388 3229 4455 potentia,
3265 4404 3370 4443 non
3413 4390 3465 4442 in
3498 4405 3592 4445 eas
3626 4406 3710 4444 re-

468 4494 791 4568 Χριστιανὸς
822 4489 1259 4561 συλλογίζεσθαιο
1300 4489 1471 4544 ταῦτα
1500 4486 1601 4557 τῆς
1627 4486 1859 4546 πίστεως
1882 4482 2037 4553 ἡμῶν

466 4588 535 4641 τὰ
555 4584 970 4657 κατορθώματα.
987 4582 1086 4636 Διά
1102 4581 1151 4636 τί
1168 4577 1259 4636 οῦν
1276 4582 1339 4633 ού
1368 4578 1647 4650 πείθομεν,
1679 4577 1726 4627 εί
1756 4574 2037 4637 πλεονάζει

467 4678 576 4731 τῶν
627 4676 869 4745 ἰαμάτων
908 4675 942 4743 ἠ
971 4675 1167 4744 χάρις;
1210 4672 1259 4724 εί
1306 4667 1617 4741 περισσεύει
1658 4669 1692 4738 ἡ
1721 4664 2037 4719 διδασκαλία

468 4770 561 4823 τοῦ
585 4767 779 4836 λόγου;
809 4764 1011 4818 Πάντα
1040 4764 1107 4816 δὲ
1128 4764 1312 4817 ταῦτα
1335 4757 1647 4829 ὲνεργεῖέν
1678 4756 1863 4810 καὶτὸ
1889 4754 2037 4811 αὐτό

469 4857 743 4929 Πνεῦμα,
768 4855 1038 4924 διαιροῦν
1080 4854 1200 4918 ἰδίᾳ
1237 4853 1473 4913 ἑκάστῳ
1504 4849 1697 4913 καθὼς
1723 4847 2034 4912 βούλεται.

465 4949 563 5003 Διά
588 4947 641 5001 τί
669 4948 731 5000 ού
763 4944 973 5013 γίνεται
1004 4946 1038 5013 ἡ
1069 4941 1177 4995 τῶν
1210 4940 1532 5008 σωζομένων
1557 4936 1878 5008 προσθήκης
1926 4935 2037 4988 Καὶ

470 5041 661 5112 μηδεὶς
706 5035 1001 5091 ὁπονοείτω
1049 5032 1249 5104 μικρὰν
1300 5030 1397 5101 τὴν
1465 5028 1741 5099 παροῦσαν
1787 5024 2036 5097 ἡγεῖσθαι

466 5134 643 5201 χάριν,
680 5126 830 5199 Ὀρῶ
877 5123 1137 5194 κομῶσαν
1178 5122 1277 5192 τὴν
1322 5119 1599 5189 ἄμπελον,
1640 5116 2038 5187 εύθηνουμένην

466 5227 585 5286 ταῖς
617 5220 933 5291 κληματίσι,
965 5218 1057 5269 καλ¹
1086 5214 1163 5285 τῷ
1192 5212 1389 5283 καρπῷ
1433 5210 1828 5274 πλεονάζουσαν
1860 5224 1874 5238 ’
1928 5205 2040 5277 ὁρῶ

471 5312 869 5383 κυμαινομένην
890 5307 969 5378 τῷ
997 5306 1187 5377 πλήθει
1208 5304 1314 5357 τῶν
1336 5300 1619 5371 ἀσταχύων
1644 5299 1741 5370 τὴν
1768 5299 2033 5370 ἄρουραν·

473 5406 605 5474 βαθὺ
652 5407 713 5457 τὸ
756 5404 939 5473 λήῖον,
986 5398 1144 5469 ἁδρὸν
1193 5396 1254 5448 τὸ
1287 5394 1527 5463 δράγμα,
1557 5391 1723 5453 πολὺς
1758 5390 1786 5441 ὁ
1816 5389 2033 5460 σπόρος.

480 5495 639 5548 Ἀλλὰ
669 5494 721 5546 τί
761 5494 951 5557 πάθω;
1002 5489 1349 5559 ’Λπλήρωτον
1378 5484 1515 5553 ἔχων
1546 5482 1604 5533 ἐν
1637 5482 1749 5543 τοῖς
1778 5479 2036 5542 τοιούτοις

467 5586 566 5657 τὴν
614 5584 774 5654 φύσιν
816 5582 895 5653 τῷ
941 5582 1101 5636 πάθει
1152 5577 1259 5632 τῶν
1306 5572 1673 5647 φιλοπλούτων
1712 5571 2031 5641 κατέχομαι.

543 5772 588 5803 ⁸⁷
628 5770 796 5839 Apoc.
828 5784 905 5831 tu,
950 5767 1035 5819 15.
1188 5768 1238 5803 (⁸
1275 5768 1298 5823 ι
1343 5770 1470 5825 Cor.
1502 5782 1602 5836 xu,
1638 5766 1727 5821 lt.

2134 4480 2280 4533 dacti
2308 4479 2610 4547 angustias,
2641 4486 2698 4530 ut
2742 4476 2873 4531 nihil
2912 4477 3308 4543 contradicant,
3341 4477 3435 4533 sed
3476 4478 3532 4533 in
3559 4486 3711 4534 tenc~

2132 4572 2262 4626 bras
2285 4570 2588 4625 exteriores
2613 4569 2810 4624 abacti.
2846 4566 2935 4622 Sic
2964 4569 3112 4623 novit
3144 4570 3487 4640 syllogismos
3526 4578 3709 4626 texere

2132 4659 2518 4715 Christianus:
2554 4673 2616 4713 ea
2663 4666 2793 4713 sunt
2848 4656 2969 4712 ﬁdei
3030 4665 3227 4712 nostra:
3276 4660 3537 4728 praeclara
3576 4658 3711 4713 faci-

2133 4765 2286 4806 nora.
2340 4749 2452 4805 Cur
2495 4765 2624 4819 ergo
2665 4764 2771 4803 non
2816 4748 3110 4811 credimus.
3159 4750 3204 4805 si
3250 4749 3489 4803 abundat
3533 4749 3706 4820 gratia

2134 4844 2425 4897 sanitatum
2446 4881 2460 4906 ,
2502 4843 2547 4896 si
2582 4841 2845 4896 exuberat
2873 4841 3119 4895 doctrina
3148 4842 3332 4895 verbi?
3377 4840 3504 4895 llwc
3533 4851 3707 4895 autent

2135 4936 2313 4989 omnia
2365 4943 2612 5003 operatur
2665 4950 2798 4985 unus
2841 4942 2994 5001 atque
3022 4934 3157 4985 idem
3182 4934 3437 4999 Spiritus,
3474 4931 3707 4985 dividens

2134 5025 2355 5095 singulis
2399 5033 2553 5093 prout
2588 5023 2699 5077 vult
2725 5023 2810 5076 "z
2847 5038 2944 5076 cur
2971 5039 3079 5077 non
3130 5023 3186 5075 lit
3231 5037 3419 5076 eorum
3466 5022 3558 5091 qui
3601 5023 3707 5075 sal-

2136 5125 2329 5171 ventur
2358 5116 2637 5171 accessio?
2668 5114 2853 5185 Neque
2887 5128 3014 5169 vero
3040 5114 3093 5167 in
3119 5122 3349 5167 mentem
3375 5113 3557 5167 veniat
3593 5112 3709 5166 cui-

2138 5223 2302 5280 quam
2328 5211 2578 5278 exiguam
2606 5216 2925 5277 praesentem
2949 5206 3175 5277 gratiam
3196 5202 3708 5259 existimare.Video

2144 5310 2445 5355 comantem
2487 5300 2673 5362 vitem,
2704 5298 2971 5368 pampinis
3002 5306 3056 5352 et
3089 5296 3376 5351 sarmentis
3413 5296 3709 5350 silvescen-

2145 5402 2273 5451 tem.
2310 5405 2372 5444 ac
2417 5389 2645 5444 racemis
2684 5388 3100 5451 exuberantcm,
3128 5403 3313 5457 agrum
3353 5388 3519 5457 spicis
3550 5388 3710 5440 luxu-

2143 5484 2409 5549 riantem,
2465 5481 2689 5535 densam
2736 5487 3007 5545 segetem,
3044 5479 3279 5548 amplum
3333 5477 3709 5549 manipulum,

2142 5574 2365 5629 multam
2410 5579 2727 5628 sementem.
2776 5570 2914 5635 Quid
2954 5585 3082 5639 ergo
3130 5579 3212 5623 est
3258 5568 3400 5625 uuod
3448 5584 3535 5622 me
3573 5567 3713 5621 male
