4154 6354
3582 285 3687 341 ὔῑὲὶ

1655 291 1714 345 s.
1755 270 2085 347 cassos"
2127 289 2422 349 NYSSENI

421 287 517 342 551

416 400 616 456 liabet?
638 380 948 471 litexplebili
972 401 1206 472 quadam
1236 404 1287 458 in
1314 404 1579 474 ejusmodi
1611 406 1773 461 rebus
1795 415 1989 460 natura

2100 407 2290 471 Οὐδεὶς
2331 407 2650 491 περιουσίας
2692 408 2818 480 ὅρος
2864 405 2961 480 τὴν
3008 404 3303 476 ἐπιθυμίαν
3353 404 3556 475 ἵστησι.
3605 406 3680 457 Τὸ

416 493 698 563 ptzeditus,
733 494 920 549 eodem
952 509 1076 550 cum
1112 497 1294 552 avaris
1332 498 1524 552 morbo
1553 497 1777 554 laboro:
1810 497 1993 555 nullus

2100 500 2187 553 ἀεὶ
2216 500 2647 571 προσγινόμενον
2663 499 2799 571 πρὸς
2826 497 2888 552 τὸ
2913 496 3076 552 πλέον
3097 496 3332 567 ὲρεθίζει
3354 495 3452 567 τὴν
3477 495 3676 567 ὄρεξιν,

417 598 585 655 capue
606 597 658 640 et
682 585 1053 641 redundantizr
1074 588 1336 643 terminus
1359 588 1710 660 cupiditatem
1737 589 1988 655 cohibet;

418 672 477 729 id
497 676 640 746 quod
677 677 729 731 in
767 677 884 732 dies
921 678 1153 741 accedit,
1183 676 1252 733 ad
1294 680 1446 749 plura
1480 689 1739 750 provocat
1785 682 1996 752 appeti-

417 778 555 835 tum,
583 770 722 824 etin
770 770 1007 824 fomitem
1051 770 1302 827 desiderii
1351 773 1619 842 majorum
1662 786 1828 843 epum
1859 788 1993 829 con-

419 863 664 914 vertitur.
699 860 780 915 Me
807 861 1022 930 quidem
1059 861 1330 917 oblectant
1358 877 1419 917 ea
1471 877 1589 933 quae
1613 872 1898 918 versantur
1922 864 1997 919 ob

418 953 605 1008 oculos
629 969 645 1019 ;
673 953 1031 1022 prtesentibus
1069 962 1366 1024 torqueor;
1398 970 1598 1010 novum
1630 956 1993 1025 perturbatio-

417 1044 503 1097 nis
536 1058 704 1113 genus
732 1059 796 1098 ex
820 1045 1112 1100 contrariis
1148 1048 1494 1101 commistum
1536 1047 1779 1102 animum
1810 1063 1989 1103 meum

416 1133 724 1202 nrettpavit,
756 1140 1011 1202 tanquam
1040 1134 1316 1204 voluptate
1353 1151 1475 1191 cum
1505 1138 1723 1192 tristitia
1747 1146 1992 1192 content-

416 1231 621 1292 perata.
656 1222 833 1294 Atque
878 1224 930 1278 in
963 1240 1059 1279 vos
1096 1226 1315 1295 quidem
1350 1227 1396 1281 si
1435 1236 1749 1284 convertam
1779 1231 1990 1294 oculos,

415 1314 470 1367 in
496 1313 646 1368 vobis
667 1314 996 1373 desiderium
1021 1323 1266 1370 nostrum
1286 1317 1613 1387 acquiescit;
1641 1320 1686 1375 si
1705 1333 1834 1374 vero
1848 1320 2001 1390 quntf

415 1404 566 1457 deest
618 1404 668 1458 in
716 1406 1030 1460 memoriam
1070 1407 1273 1473 redeat,
1316 1424 1422 1463 non
1464 1409 1638 1466 habeo
1681 1427 1791 1482 quo
1831 1420 1995 1481 paclo‘

414 1496 777 1550 calamitatem
809 1498 1103 1568 deplorem.
1133 1498 1393 1555 Homines
1416 1503 1559 1556 enim
1589 1504 1902 1560 omittemus
1934 1506 1987 1559 in

415 1584 643 1640 Domino
671 1588 927 1657 gaudere,
949 1600 1003 1643 et
1033 1604 1098 1644 ex
1132 1591 1388 1646 Ecclesiae
1421 1608 1551 1660 pace
1582 1594 1766 1649 animo
1794 1610 1989 1664 capere

2106 589 2442 662 ὑπέκκαυμα
2489 591 2588 661 τῆς
2633 590 2728 644 τοῦ
2770 588 3015 653 πλείονος
3052 587 3346 659 ἐπιθυμίας
3372 588 3675 656 γινόμενον.

2103 676 2399 754 Εὑφραίνει
2421 700 2488 754 με
2515 681 2587 736 τὰ
2611 680 2882 754 ὁρώμενα.
2904 682 3031 745 Τοῖς
3056 679 3322 751 παροῦσιν
3349 678 3669 750 ἀγάλλομαι,

2103 772 2197 826 καὶ
2221 774 2334 836 τοῖς
2362 770 2596 826 ἀποῦσίν
2626 771 2925 842 ἀλγύνομαι
2941 786 2957 802 ⁸
3000 770 3177 824 κοινόν
3200 787 3253 823 τι
3283 768 3456 833 πάθος
3480 770 3544 823 ὲκ
3566 769 3677 853 τῶν

2100 863 2361 918 ἐναντίων
2382 861 2687 934 σύμμικτον
2709 862 2808 934 τὴν
2829 862 3009 934 ψυχὴν
3034 861 3296 933 περιέχει,
3322 860 3517 933 ἡδονῆς
3537 860 3675 932 πρὸς

2096 954 2275 1026 λύπην
2307 953 2782 1025 συγκεκραμέντξς.
2834 953 2960 1007 Ἐὰν
2999 951 3137 1023 πρὸς
3181 953 3328 1022 ὑμᾶς
3363 951 3669 1021 ἀναόλέψω,

2098 1047 2226 1119 ὑμῖν
2259 1046 2593 1101 ὲπαναπαύω
2622 1045 2712 1099 τὸν
2750 1044 2913 1098 πόθον
2932 1059 2947 1075 ⁸
2993 1045 3088 1099 ἐάν
3124 1043 3187 1097 τὸ
3226 1043 3411 1097 λεῖπον
3440 1041 3672 1111 λογίσω-

2099 1153 2219 1207 μαι,
2241 1136 2342 1189 οὑκ
2362 1135 2471 1206 έχω
2492 1136 2640 1198 ὅπως
2672 1133 2912 1199 στενάξω
2939 1133 3037 1205 τὴν
3078 1133 3388 1204 συμφοράν.
3419 1133 3529 1186 Καὶ
3559 1130 3669 1203 γὰρ

2094 1226 2325 1295 ἀφέντες
2350 1228 2400 1280 οί
2437 1226 2713 1299 ἄνθρωποι
2740 1226 2799 1279 τὸ
2825 1227 3177 1298 κατατρυφᾷν
3202 1227 3296 1280 τοῦ
3325 1227 3552 1299 Κυρίου,
3576 1227 3671 1281 καὶ

2094 1318 2187 1372 ὲπ⁶ι
2329 1318 2518 1390 εἰρήνῃ
2547 1318 2646 1388 τῆς
2688 1316 3014 1388 Ἐκκλησίας
3046 1317 3452 1389 εὐφραίνεσθαι,
3484 1319 3672 1383 οὐσίας

2094 1407 2248 1473 τινάς
2279 1407 2673 1479 τεχνολογοῦσι,
2697 1410 2791 1463 καὶ
2826 1409 3028 1479 μεγέθη
3057 1408 3515 1480 καταμετροῦσιν,
3544 1410 3671 1463 Υίὺν

2095 1499 2272 1572 Πατρὶ
2292 1499 2790 1572 παραμετροῦντες,
2823 1502 2915 1553 καὶ
2939 1499 3323 1572 περισσότερον
3342 1500 3437 1553 τοῦ
3468 1501 3670 1573 μέτρου

2095 1591 2174 1663 τῷ
2209 1592 2384 1664 Πατρὶ
2407 1591 2774 1663 χαριζόμενοι.
2803 1591 2902 1656 Τίς
2942 1591 3085 1645 εῐποι
3118 1591 3330 1656 αὐτοῖς’
3370 1591 3443 1646 Τὸ
3471 1593 3671 1647 ἀποσον

413 1680 767 1750 vnlttplalettt,
800 1681 867 1735 de
901 1682 1224 1738 substantiis
1267 1685 1450 1739 nescio
1484 1685 1680 1754 quibus
1732 1697 1990 1758 argutan-

2099 1684 2152 1737 οῦ
2182 1684 2457 1753 μετρεῖται
2479 1700 2493 1714 ⁸
2537 1682 2598 1735 τὸ
2635 1682 2810 1746 ἀειδὲς
2836 1683 2898 1735 οὑ
2925 1682 3277 1754 δοκιμάζεται
3298 1696 3313 1714 ⁸
3343 1682 3408 1736 τὸ
3448 1682 3673 1754 ἀσώμα-

413 1779 524 1832 tur,
563 1779 616 1825 et
658 1772 1059 1842 magnitudines
1090 1773 1467 1837 dimetiuntur,
1500 1774 1696 1831 Filium
1732 1795 1797 1834 ex
1838 1796 1992 1836 com—

413 1862 695 1932 paratione
737 1877 861 1919 cum
908 1861 1068 1918 Patre
1107 1866 1425 1931 metiuntur,
1476 1878 1529 1921 et
1583 1869 1727 1938 quod
1780 1872 1993 1926 exredit

416 1968 750 2017 mensuram,
785 1954 929 2010 Patri
960 1956 1285 2026 largiuntur.
1316 1957 1451 2024 Quis
1493 1960 1593 2013 hoc
1618 1960 1819 2015 dixerit
1842 1962 1978 2015 illis:

413 2045 566 2110 Quod
593 2054 858 2115 quantum
887 2063 996 2103 non
1024 2060 1131 2112 est,
1172 2064 1289 2128 non.
1316 2058 1699 2118 mensuratur;
1730 2051 1874 2120 quod
1909 2051 1993 2106 in-

413 2151 734 2206 corporeum
783 2146 904 2205 est,
958 2155 1069 2196 non
1118 2140 1488 2212 pouderatur;
1534 2142 1677 2211 quod
1719 2142 1988 2197 infinitum

410 2237 516 2289 est.
554 2244 660 2282 non
686 2240 1074 2301 comparatur;
1107 2232 1251 2301 quod
1280 2247 1389 2288 non
1417 2242 1786 2304 comparatur,
1818 2234 1989 2305 pluris

413 2329 506 2371 aut
557 2320 783 2375 minoris
814 2323 1078 2377 rationem
1123 2338 1229 2377 non
1268 2324 1503 2379 admittit
1541 2342 1555 2378 :
1607 2326 1872 2394 siquidem
1923 2342 1987 2382 ex

412 2424 595 2462 rerum
637 2410 775 2465 inter
822 2410 969 2479 ipsas
1010 2412 1418 2483 comparatione
1466 2428 1754 2470 excessum
1792 2416 1992 2487 relligi-

415 2514 555 2552 tnus.
611 2497 742 2568 Ejus
791 2507 1002 2565 autem,
1049 2503 1208 2571 cujus
1259 2503 1382 2560 ﬂuis
1438 2506 1821 2582 comprehentjj
1884 2526 1989 2564 non

414 2596 612 2657 potest,
663 2604 948 2645 excessum
1000 2600 1179 2646 mente
1217 2597 1534 2664 contingere
1585 2612 1744 2649 netnu
1790 2596 1995 2665 potesz?

415 2678 633 2734 Memini
657 2696 757 2751 ego
780 2681 926 2736 illius
948 2682 1162 2752 psalmi,
1189 2699 1347 2754 quem
1373 2686 1719 2741 succinentes
1742 2703 1803 2741 ae
1828 2688 1989 2741 simul

414 2772 645 2843 hymnos
671 2783 1027 2844 personantes
1057 2776 1517 2847 ingrediebantur,
1550 2783 1777 2852 Magnus
1805 2782 1991 2837 Domi-

2092 1790 2183 1828 τον
2218 1775 2276 1827 οὑ
2317 1773 2669 1844 σταθμίζεται
2690 1791 2703 1806 ⁸
2740 1773 2802 1828 τὸ
2820 1774 3069 1844 ἀόριστον
3101 1775 3161 1828 οὑ
3195 1774 3546 1847 συγκρίνεται
3569 1792 3585 1808 ⁸
3610 1775 3672 1828 τὸ

2098 1865 2173 1937 μὴ
2228 1866 2652 1941 συγκρινόμενον
2688 1864 2784 1919 τοῦ
2831 1865 3074 1930 πλείονος
3124 1866 3217 1919 καὶ
3250 1866 3528 1931 ἐλάττονος
3571 1866 3672 1920 οὐκ

2094 1956 2403 2026 ἐπιδέχεται
2425 1956 2603 2024 λόγον.
2649 1956 2743 2009 Ἐκ
2770 1957 2879 2026 γὰρ
2906 1957 3005 2028 τῆς
3037 1954 3147 2009 τῶν
3170 1956 3507 2027 πραγμάτων
3533 1955 3671 2029 πρὸς

2096 2046 2300 2118 ἄλληλα
2325 2047 2685 2119 παραθέσεως
2711 2048 2774 2100 τὸ
2805 2047 2966 2101 πλέον
3000 2046 3455 2117 ὲπιγινώσκομεν.
3497 2038 3573 2102 οὗ
3611 2045 3669 2100 δὲ

2093 2139 2156 2193 τὸ
2203 2140 2356 2203 τέλος
2408 2139 2667 2210 ἄληπτον,
2724 2138 2916 2193 τούτου
2966 2139 3027 2192 τὸ
3089 2138 3251 2192 πλέον
3298 2137 3650 2209 ἀνεπινόητον
3666 2181 3678 2197 .

2099 2231 2345 2285 Ἤκουσα
2381 2230 2474 2285 τοῦ
2509 2229 2917 2302 ὑποψάλματος,
2961 2229 2990 2283 ὃ
3028 2232 3181 2301 κοινῇ
3220 2228 3421 2293 πάντες
3448 2227 3668 2300 ὑμνολο-

2095 2322 2319 2391 γοῦντες
2360 2324 2622 2394 ἐπῄειμεν
2656 2340 2670 2353 ⁸
2727 2322 2925 2393 Μέγας
2970 2323 3185 2391 Κύριος
3218 2321 3315 2375 καί
3355 2322 3587 2391 μεγάλη
3629 2321 3668 2388 ἡ

2099 2414 2277 2484 ἰσχὺς
2296 2415 2504 2479 αὑτοῦ,
2528 2414 2626 2470 καί
2655 2413 2766 2485 τῆς
2787 2413 3097 2480 συνέσεως
3132 2411 3321 2467 αὐτοῦ
3358 2413 3472 2466 οὐκ
3500 2411 3673 2466 ἐστιν

2091 2505 2359 2574 ἀριθμός.
2405 2505 2470 2558 Τί
2507 2501 2601 2559 οὖν
2634 2503 2793 2559 τοῦτό
2823 2505 3006 2571 ὲστινς
3045 2503 3375 2575 ’Δρίθμησον
3409 2502 3478 2555 τὰ
3518 2502 3672 2573 είρη-

2097 2596 2256 2665 μένα,
2296 2598 2391 2650 καὶ
2433 2600 2575 2662 νοεῖς
2616 2597 2676 2650 τὸ
2728 2596 3044 2667 μυστήριον.
3090 2593 3288 2664 Μέγας
3306 2593 3542 2661 Κύριος,
3571 2593 3670 2645 οὐκ

2095 2687 2217 2743 εἷπε
2240 2689 2403 2743 πόσον
2440 2689 2667 2761 μέγεθος
2699 2703 2712 2718 ⁸
2764 2689 2885 2742 esse
2913 2688 3022 2761 γάρ
3047 2683 3116 2760 ἧν
3148 2686 3372 2741 δυνατὸν
3401 2685 3574 2737 εἰπεῖν
3608 2681 3672 2737 νδ

2096 2780 2282 2847 πόσον,
2312 2779 2451 2835 ἀλλὰ
2482 2779 2561 2851 τῷ
2588 2780 2824 2853 ἀορίστῳ
2848 2779 2946 2849 τῆς
2983 2776 3258 2849 σημασίας
3297 2777 3391 2830 ἐπὶ
3417 2775 3480 2830 τὸ
3517 2774 3671 2829 ἀπει-
3758 2850 3765 2856 ⁸

412 2878 511 2916 nus
542 2871 593 2917 et
625 2880 817 2932 magna
850 2865 1014 2921 virtus
1040 2866 1194 2936 ejus;
1228 2879 1279 2923 et
1329 2870 1603 2937 sapientia:
1633 2873 1748 2942 ejus
1787 2890 1889 2926 non
1914 2884 1991 2928 est

2099 2890 2189 2943 ρον
2230 2872 2415 2944 ὁδηγεῖ
2439 2872 2538 2944 τὴν
2569 2872 2828 2927 διάνοιαν.
2887 2870 3140 2940 Ὀμοίως,
3170 2868 3436 2939 Μεγάλη,
3481 2867 3668 2939 φησιν,

411 2969 659 3009 numerus
686 2954 753 3010 ⁵³.
784 2954 924 3023 Quid
966 2957 1069 3012 hoc
1098 2975 1227 3030 ergo
1256 2961 1373 3015 est?
1412 2960 1678 3017 Enumera
1701 2979 1822 3033 qum
1846 2964 1995 3019 dicta

413 3055 564 3111 sunt,
592 3057 645 3102 et
678 3050 994 3121 mysterium
1023 3051 1551 3125 intelligis.~Maguus
1578 3056 1855 3123 Dominus,
1887 3073 1992 3112 non

412 3141 575 3206 dixit,
600 3152 801 3211 quanta
836 3145 906 3199 sit
931 3145 1283 3216 magnitudo:
1322 3164 1495 3218 neque
1526 3150 1669 3205 enim
1699 3150 1808 3205 ﬁeri
1843 3161 1993 3223 pote-

414 3241 499 3285 rat
538 3241 599 3286 ut
639 3234 843 3290 diceret
870 3244 1106 3305 quantus
1133 3238 1418 3294 esset:scd
1446 3239 1551 3293 hoc
1588 3242 1706 3311 ipso
1737 3241 1882 3311 quod
1918 3242 1990 3296 ita

411 3335 531 3374 eam
565 3321 834 3395 designat,
877 3333 936 3378 ut
970 3340 1077 3382 non
1122 3316 1535 3383 circumséribat
1578 3339 1668 3385 aut
1717 3334 1989 3398 terminet,

414 3411 616 3466 sensim
666 3428 732 3468 eo
782 3424 1012 3470 mentem
1060 3416 1326 3487 provehit,
1381 3427 1438 3471 ut
1503 3418 1821 3474 immensam
1869 3437 1992 3478 esse

412 3511 726 3570 cognoscat.
762 3501 884 3559 Pari
919 3505 1100 3573 modo,
1145 3504 1362 3577 Magna,
1396 3509 1590 3575 inquit,
1625 3514 1794 3565 virtus
1827 3512 1942 3581 ejus
1970 3529 1989 3567 :

413 3591 665 3645 virtutem
687 3607 814 3648 vero
846 3608 968 3648 cum
1006 3595 1185 3659 audis,
1224 3598 1515 3666 potentiam
1546 3598 1800 3670 intellige.
1834 3602 1991 3655 Chri-

414 3690 530 3737 stus
563 3691 744 3737 autem
775 3682 868 3738 Dei
898 3685 1138 3754 potentia
1170 3695 1254 3741 est
1287 3695 1340 3741 et
1368 3685 1460 3742 Dei
1492 3689 1777 3758 sapientia,
1809 3690 1903 3746 sed
1936 3699 1991 3747 et

2097 2967 2135 3035 ἡ
2189 2964 2368 3033 ἰσχὺς
2422 2962 2609 3018 αὐτοῦ
2639 2981 2653 2995 ⁸
2718 2962 2872 3034 ίσχὺν
2914 2961 2971 3016 δὲ
3027 2959 3289 3031 ἀκούσας,
3309 2959 3418 3030 τὴν.
3440 2958 3669 3029 δύναμιν

2100 3057 2310 3127 νόησον.
2360 3056 2594 3129 Χριστὸς
2621 3056 2678 3110 δὲ
2721 3054 2857 3110 Θεοῦ
2903 3053 3132 3125 δύναμις
3179 3051 3273 3105 καὶ
3300 3049 3435 3105 Θεοῦ
3466 3051 3627 3121 σοφία
3650 3067 3666 3083 ⁸

2096 3147 2232 3203 ἀλλὰ
2288 3146 2405 3217 τῆς
2465 3146 2734 3210 συνέσεως
2809 3144 2976 3200 αὑτοῦ
3036 3144 3137 3198 οὑκ
3207 3142 3353 3197 ἐστιν
3417 3142 3667 3214 ἀριθμός.

2109 3237 2432 3311 Ἐρμηνεύει
2488 3237 2588 3310 τὴν
2655 3237 2869 3293 σύνεσιν
2927 3238 3157 3302 Ἡσαΐας
3209 3234 3397 3306 σαφῶς
3454 3234 3626 3303 λέγων
3653 3250 3665 3263 ⁸

2098 3326 2342 3396 Πνεῦμα
2387 3327 2609 3396 σοφίας
2649 3326 2751 3379 καὶ
2794 3325 3121 3393 συνέσεως.
3168 3325 3416 3379 Ἤκουσα
3454 3324 3514 3376 ὲν
3558 3325 3670 3387 τοῖς

2101 3420 2471 3490 μακαρισμοῖς
2532 3415 3005 3489 μακαριζομένους
3065 3416 3195 3480 τοὺς
3253 3414 3521 3485 διψῶντας
3577 3413 3671 3469 τὸν

2098 3511 2325 3583 Κύριον.
2357 3509 2511 3580 Τάχα
2535 3505 2628 3563 οὑν
2668 3508 2769 3562 οὑκ
2807 3507 2910 3572 ἔξω
2944 3506 3040 3561 τοῦ
3070 3506 3264 3579 καιροῦ
3287 3507 3349 3561 τὺ
3377 3505 3631 3577 ἐνθύμιον
3655 3521 3669 3535 ⁸

2097 3602 2191 3656 καί
2248 3620 2338 3673 μοι
2383 3600 2605 3669 δέξασθε
2651 3600 2742 3655 τὸν
2784 3600 2943 3669 λόγον
2965 3638 2983 3666 ,
3033 3598 3137 3654 κᾶν
3180 3595 3673 3672 ἀπηρτῆσθαι-’τῶν

2102 3692 2389 3766 παρόντων
2413 3693 2580 3746 δοκεῖ.

412 3775 692 3848 sapientia:
723 3776 842 3846 ejus
889 3793 997 3833 non
1027 3789 1112 3836 est
1157 3779 1302 3836 ﬁnis.
1340 3779 1672 3852 Sapientiam
1713 3784 1882 3840 Isaias
1913 3787 2304 3860 interpretatur
2332 3794 2516 3859 aperte
2580 3787 2789 3848 dicens.
2864 3785 3099 3856 Spiritus
3128 3787 3401 3854 sapientia:
3462 3794 3515 3839 et
3544 3797 3672 3853 pre.

412 3867 607 3922 dentice
635 3868 702 3924 ⁸⁸.
733 3869 925 3926 Audivi
958 3871 1102 3927 inter
1131 3872 1494 3931 beatitudines
1569 3890 1667 3932 eos
1726 3878 1915 3936 beatos
1973 3883 2277 3953 praedicari,
2310 3882 2403 3953 qui
2439 3883 2631 3938 sitiunt
2678 3882 2961 3938 Dominum
2988 3898 3003 3935 :
3036 3877 3303 3934 attendite
3346 3892 3474 3949 ergo
3507 3883 3669 3945 atque

413 3959 645 4030 accipite
692 3977 800 4017 non
851 3964 1085 4019 alienum
1136 3965 1368 4022 fortasse
1401 3981 1429 4020 a
1463 3977 1723 4038 tempore,
1758 3970 1810 4025 id
1845 3974 1988 4043 quod
2030 3974 2199 4030 menti
2229 3988 2362 4031 mea:
2398 3986 2545 4030 nunc
2584 3964 2930 4038 observatur,
2958 3969 3172 4025 tametsi
3216 3968 3286 4024 ab
3311 3982 3380 4024 eo
3447 3967 3504 4022 in
3538 3979 3671 4037 quo

415 4064 719 4119 versamur,
741 4052 956 4111 videtur
993 4056 1395 4127 quodammodo
1422 4058 1749 4131 dependere.

485 4189 542 4246 Si
573 4193 698 4263 quis
741 4193 844 4249 sub
889 4195 1186 4263 meridiem,
1208 4197 1323 4252 sole
1372 4196 1542 4252 radiis
1586 4197 1991 4257 ardentioribus

2132 4184 2137 4189 ’
2172 4201 2238 4255 Et
2253 4215 2337 4263 τις
2355 4196 2444 4255 διὰ
2463 4194 2809 4270 μεσημϐρίας
2822 4193 3019 4249 ὁδεύων
3034 4190 3128 4246 τοῦ
3147 4191 3301 4264 ἡλίου
3318 4192 3670 4265 θερμοτέραις

414 4281 578 4351 capiti
655 4283 971 4341 imminente
1036 4301 1360 4357 omnemque
1420 4291 1665 4361 corporis
1715 4291 1991 4347 humorem

413 4388 513 4429 sua
553 4371 770 4430 ﬂamma
830 4383 1091 4439 torrente.
1137 4379 1241 4434 iter
1296 4379 1524 4446 habeat,
1581 4382 1821 4454 subjecta
1867 4398 1999 4449 vero

414 4465 487 4521 sit
515 4464 635 4535 ejus
667 4466 864 4523 calceis
892 4468 1051 4523 tellus
1081 4483 1296 4540 aspera,
1321 4470 1409 4524 via
1439 4470 1671 4527 diﬂicilis
1724 4481 1779 4527 et
1804 4471 1996 4527 admo-

409 4558 543 4613 dum
571 4555 721 4611 arida
744 4597 760 4622 ,
803 4558 997 4614 deinde
1040 4568 1295 4615 occurrat
1336 4561 1605 4630 ejusmodi
1641 4562 1845 4618 homini
1875 4564 1997 4622 fons

419 4645 635 4715 :liquis,
660 4645 819 4715 cujus
863 4646 1082 4719 limpida
1113 4659 1241 4704 sunt
1287 4665 1353 4704 ac
1386 4651 1665 4721 perlucida
1694 4653 1918 4720 ﬂuenta,
1943 4663 1998 4711 et

415 4737 616 4793 allatim
650 4736 1049 4807 refrigerantia,
1073 4731 1401 4812 copioseque
1440 4743 1758 4814 proﬂuentia
1795 4764 1809 4801 :
1849 4762 1991 4802 nun-

416 4828 548 4894 quid
582 4837 708 4883 ante
736 4843 932 4899 aquam
960 4831 1283 4897 considebit,
1306 4834 1479 4904 deque
1502 4836 1622 4905 ejus
1652 4847 1844 4893 natura
1876 4836 1997 4908 phi-

412 4921 808 4991 iosophabitur,
833 4921 995 4987 unde,
1031 4929 1087 4977 et
1114 4938 1223 4992 quo
1258 4925 1439 4990 modo;
1470 4941 1686 4997 quaque
1714 4943 1781 4982 ex
1808 4938 1997 4995 causa,

414 5021 720 5081 cmteraqtte
756 5010 1026 5080 ejusmodi
1075 5014 1415 5083 perquirens,
1461 5031 1583 5086 quae
1623 5017 1692 5072 ab
1741 5018 1848 5075 illis
1887 5027 2001 5074 tra-

411 5104 551 5160 ctari
580 5103 775 5171 solent,
804 5102 896 5174 qui
927 5103 982 5158 in
1010 5103 1276 5174 ejusmodi
1309 5105 1468 5176 nugis
1518 5120 1877 5178 occupantur,
1907 5126 2001 5167 va-

420 5192 601 5264 porem
631 5194 839 5251 scilicet
861 5195 1148 5265 quemdam
1175 5197 1228 5250 in
1255 5194 1542 5266 profundis
1572 5207 1732 5255 terrae
1757 5202 2001 5271 partibus

420 5285 727 5356 dispersum
787 5295 838 5343 et
908 5288 1276 5359 prosilientcm
1348 5298 1511 5359 atque
1582 5305 1992 5366 compressum,

419 5387 615 5442 aquam
647 5376 786 5439 ﬁeri,
820 5386 914 5431 aut
942 5391 1129 5442 venas,
1160 5393 1281 5448 qua:
1313 5377 1367 5432 in
1393 5382 1821 5438 concavitatibus
1847 5393 2003 5441 terra:

418 5463 629 5520 diﬂusa:
652 5476 800 5534 sunt,
830 5468 876 5524 si
906 5469 986 5525 eis
1015 5483 1107 5523 ora
1139 5470 1391 5526 laxentur
1414 5488 1610 5544 aquam
1633 5473 1995 5545 profundere:

419 5571 489 5612 an
554 5572 683 5615 vero
734 5559 949 5614 eunetis
1023 5559 1291 5630 ejusmodi
1364 5562 1672 5620 valedicens
1734 5564 1999 5622 incumbit

525 5743 570 5776 ³³
598 5741 743 5798 Psal.
779 5758 959 5807 ειμι-ι,
1004 5741 1056 5795 5.
1192 5747 1238 5781 ⁸⁸
1274 5745 1377 5805 Isa.
1417 5765 1492 5816 xt,
1530 5750 1580 5805 2.

2100 4288 2219 4355 ταῖς
2248 4292 2432 4346 ἀκτῖσι
2456 4286 2557 4360 τῆς
2583 4285 2825 4357 κεφαλῆς
2863 4284 3239 4356 ὑπερζέοντος,
3270 4284 3364 4337 καὶ
3395 4285 3502 4338 πᾶν
3524 4283 3586 4338 τὺ
3612 4285 3673 4338 ἐν

2104 4383 2318 4454 σώματι
2343 4380 2509 4453 ὑγρδν
2533 4383 2600 4453 τῇ
2631 4378 2790 4450 φλογὶ
2820 4374 3326 4447 καταφρύσσοντος⁸
3365 4376 3670 4448 προκείσθω

2101 4475 2159 4530 δὲ
2184 4473 2264 4545 τῷ
2305 4472 2610 4544 ὑποδήματι
2644 4472 2716 4542 γῆ
2759 4468 3124 4542 τραχεῖαλκαὶ
3174 4467 3535 4539 δυσπόρευτος
3578 4469 3672 4525 καὶ

2101 4563 2336 4635 διψώδης
2359 4580 2374 4596 ⁸
2422 4558 2542 4617 εἶτα
2581 4560 2825 4631 ἐπιτύχοι
2852 4560 3034 4630 πηγῆς
3069 4561 3098 4613 ὁ
3123 4561 3381 4624 τοιοῦτος,
3417 4555 3484 4630 ἦς
3513 4560 3671 4614 καλὸν

2104 4657 2199 4710 καὶ
2227 4654 2483 4724 διαφανὲς
2511 4652 2572 4707 τὸ
2596 4653 2767 4721 νᾶμα,
2789 4651 2884 4706 καὶ
2909 4650 3196 4722 προσηνῶς
3226 4650 3557 4721 καταψύχον,
3580 4651 3699 4731 καὶι

2103 4746 2351 4818 ἀφθόνως
2413 4743 2811 4815 ὑπερχεόμενον
2846 4757 2862 4773 ⁸
2931 4737 3040 4813 ἆρα
3100 4742 3549 4813 προσκαθεδεῖται
3596 4742 3675 4812 τῷ

2105 4837 2279 4903 ὕδατι,
2311 4833 2785 4905 καὶλφιλοσοφήσει
2828 4833 2958 4905 περὶ
2999 4832 3097 4903 τῆς
3137 4832 3370 4902 φύσεως,
3408 4833 3552 4900 ὅθεν,
3582 4832 3675 4887 καὶ

2104 4928 2273 4991 ὅπως,
2299 4926 2394 4979 καὶ
2421 4923 2510 4978 διὰ
2549 4922 2717 4987 τίνος,
2747 4923 2842 4977 καὶ
2870 4923 2939 4978 τὰ
2963 4922 3187 4979 τοιαῦτα
3213 4922 3554 4988 διεξετάζων,
3587 4917 3674 4976 οἷα

2103 5017 2169 5089 δὴ
2199 5017 2313 5079 τοῖς
2342 5012 2753 5085 ματαιολογοῦσι
2788 5011 3016 5082 σύνηθες
3048 5011 3257 5081 λέγειν’
3286 5012 3367 5065 ὅτι
3400 5011 3565 5080 ἰκμάς
3591 5026 3672 5074 τις

2106 5105 2589 5177 ὲγκατεσπασμένη
2618 5104 2699 5177 τῷ
2725 5104 2877 5177 βάθει
2909 5104 3008 5175 τῆς
3034 5106 3159 5175 γῆς,
3204 5103 3297 5158 καὶ
3337 5100 3670 5172 διαπηδῶσα,

2106 5200 2198 5252 καὶ
2241 5197 2652 5268 συνθλιϐομένη.
2687 5197 2832 5268 ὓδωρ
2862 5197 3089 5266 γίνεται,
3138 5194 3172 5264 ἢ
3214 5194 3295 5248 ὃτι
3345 5190 3538 5261 φλέϐες
3582 5192 3675 5246 ἐκ·

2107 5290 2402 5362 κεχυμέναι
2430 5293 2550 5353 ταῖς
2597 5290 2749 5344 κάτω
2784 5288 3106 5358 κοιλότησιν,
3158 5285 3316 5355 εἴπερ
3361 5285 3678 5354 ἀναστομω-

2107 5381 2262 5445 θῶσι,
2293 5381 2355 5435 τὺ
2383 5380 2525 5453 ὕδωρ
2555 5381 2901 5453 προχέουσιν·
2941 5379 2974 5449 ἢ
3004 5377 3180 5430 πάντα
3216 5374 3284 5428 τὰ
3306 5374 3530 5428 τοιαῦτα
3558 5374 3677 5446 χαί-

2111 5490 2224 5546 ρειν
2258 5473 2427 5537 ἐάσας
2476 5471 2765 5527 ἐπικύπτει
2807 5469 2886 5541 τῷ
2929 5470 3153 5539 νάματι,
3201 5466 3297 5519 καὶ
3325 5466 3580 5537 προσθεὶς
3609 5466 3675 5518 τὰ

2106 5562 2281 5634 χείλη,
2310 5560 2601 5636 θεραπεύει
2625 5561 2726 5632 τὴν
2752 5558 2910 5631 δίψαν
2941 5558 3035 5614 καὶ
3070 5556 3334 5630 ἀναψύχει
3369 5557 3470 5631 τὴν
3502 5554 3677 5627 γλῶσ-
