  <div class='ocr_page' id='page_1' title='image "/cluster/home/n/w/nwhite01/storage/ocr_20150623/46/nnc1.0046978380/284.png"; bbox 0 0 4154 6354; ppageno 0'>
   <div class='ocr_carea' id='block_1_1' title="bbox 422 369 3675 434">
    <p class='ocr_par' dir='ltr' id='par_1_1' title="bbox 422 369 3675 434">
     <span class='ocr_line' id='line_1_1' title="bbox 422 369 3675 434; baseline -0.003 -3"><span class='ocrx_word' id='word_1_1' title='bbox 422 378 525 432; x_wconf 62' lang='lat'><strong>555</strong></span> <span class='ocrx_word' id='word_1_2' title='bbox 1329 372 1415 426; x_wconf 75' lang='lat' dir='ltr'><strong>DE</strong></span> <span class='ocrx_word' id='word_1_3' title='bbox 1453 373 1748 429; x_wconf 73' lang='lat' dir='ltr'><strong>DHTATE</strong></span> <span class='ocrx_word' id='word_1_4' title='bbox 1790 376 1939 432; x_wconf 77' lang='lat' dir='ltr'><strong>Fll.&quot;</strong></span> <span class='ocrx_word' id='word_1_5' title='bbox 1979 377 2068 434; x_wconf 77' lang='grc' dir='ltr'><strong>ΕΓ</strong></span> <span class='ocrx_word' id='word_1_6' title='bbox 2116 377 2429 433; x_wconf 76' lang='lat' dir='ltr'><strong>SPIRITUS</strong></span> <span class='ocrx_word' id='word_1_7' title='bbox 2471 374 2738 431; x_wconf 72' lang='lat' dir='ltr'><strong>SANL‘TL</strong></span> <span class='ocrx_word' id='word_1_8' title='bbox 3570 369 3675 422; x_wconf 66' lang='lat'><strong>5551</strong></span> 
     </span>
    </p>
   </div>
   <div class='ocr_carea' id='block_1_2' title="bbox 422 483 2012 561">
    <p class='ocr_par' dir='ltr' id='par_1_2' title="bbox 422 483 1995 561">
     <span class='ocr_line' id='line_1_2' title="bbox 422 483 1995 561; baseline -0.002 -19"><span class='ocrx_word' id='word_1_9' title='bbox 422 504 542 550; x_wconf 88' lang='grc' dir='ltr'>σαν,</span> <span class='ocrx_word' id='word_1_10' title='bbox 584 488 678 542; x_wconf 74' lang='grc' dir='ltr'><strong>καὶ</strong></span> <span class='ocrx_word' id='word_1_11' title='bbox 722 488 1027 542; x_wconf 81' lang='grc' dir='ltr'>καταπαύει</span> <span class='ocrx_word' id='word_1_12' title='bbox 1071 483 1163 541; x_wconf 80' lang='grc' dir='ltr'><strong>τὸν</strong></span> <span class='ocrx_word' id='word_1_13' title='bbox 1207 488 1391 551; x_wconf 82' lang='grc' dir='ltr'>πόθον,</span> <span class='ocrx_word' id='word_1_14' title='bbox 1444 490 1537 542; x_wconf 72' lang='grc' dir='ltr'>καὶ</span> <span class='ocrx_word' id='word_1_15' title='bbox 1582 490 1890 561; x_wconf 83' lang='grc' dir='ltr'>εὐχαριστεί</span> <span class='ocrx_word' id='word_1_16' title='bbox 1920 489 1995 558; x_wconf 82' lang='grc' dir='ltr'><strong>τῷ</strong></span> 
     </span>
    </p>
   </div>
   <div class='ocr_carea' id='block_1_3' title="bbox 2108 483 3789 561">
    <p class='ocr_par' dir='ltr' id='par_1_3' title="bbox 2108 483 3789 554">
     <span class='ocr_line' id='line_1_3' title="bbox 2108 483 3789 554; baseline -0.001 -15"><span class='ocrx_word' id='word_1_17' title='bbox 2108 489 2318 553; x_wconf 90' lang='lat' dir='ltr'><strong>luento,</strong></span> <span class='ocrx_word' id='word_1_18' title='bbox 2344 498 2397 542; x_wconf 90' lang='lat' dir='ltr'><strong>et</strong></span> <span class='ocrx_word' id='word_1_19' title='bbox 2428 487 2661 541; x_wconf 90' lang='lat' dir='ltr'><strong>admotis</strong></span> <span class='ocrx_word' id='word_1_20' title='bbox 2703 485 2870 539; x_wconf 82' lang='lat' dir='ltr'><strong>labris</strong></span> <span class='ocrx_word' id='word_1_21' title='bbox 2911 485 3054 539; x_wconf 90' lang='lat' dir='ltr'><strong>sitim</strong></span> <span class='ocrx_word' id='word_1_22' title='bbox 3103 483 3273 548; x_wconf 88' lang='lat' dir='ltr'><strong>sedat,</strong></span> <span class='ocrx_word' id='word_1_23' title='bbox 3322 484 3557 554; x_wconf 78' lang='lat' dir='ltr'><strong>linguam</strong></span> <span class='ocrx_word' id='word_1_24' title='bbox 3589 500 3677 539; x_wconf 83' lang='lat' dir='ltr'><strong>re-</strong></span> <span class='ocrx_word' id='word_1_25' title='bbox 3780 490 3789 503; x_wconf 94' lang='lat'><strong><em>&#39;</em></strong></span> 
     </span>
    </p>
   </div>
   <div class='ocr_carea' id='block_1_4' title="bbox 422 573 2012 651">
    <p class='ocr_par' dir='ltr' id='par_1_4' title="bbox 422 579 1992 651">
     <span class='ocr_line' id='line_1_4' title="bbox 422 579 1992 651; baseline 0.001 -20"><span class='ocrx_word' id='word_1_26' title='bbox 422 580 689 649; x_wconf 76' lang='grc' dir='ltr'><strong>δεδομένῳ</strong></span> <span class='ocrx_word' id='word_1_27' title='bbox 716 579 814 650; x_wconf 81' lang='grc' dir='ltr'>τὴν</span> <span class='ocrx_word' id='word_1_28' title='bbox 846 580 1043 651; x_wconf 87' lang='grc' dir='ltr'>χάριν;</span> <span class='ocrx_word' id='word_1_29' title='bbox 1095 580 1346 651; x_wconf 81' lang='grc' dir='ltr'>Μίμησαι</span> <span class='ocrx_word' id='word_1_30' title='bbox 1375 584 1551 633; x_wconf 86' lang='grc' dir='ltr'>τοίνυν</span> <span class='ocrx_word' id='word_1_31' title='bbox 1578 582 1670 634; x_wconf 74' lang='grc' dir='ltr'>καὶ</span> <span class='ocrx_word' id='word_1_32' title='bbox 1700 582 1763 634; x_wconf 82' lang='grc' dir='ltr'>σὺ</span> <span class='ocrx_word' id='word_1_33' title='bbox 1796 582 1885 634; x_wconf 82' lang='grc' dir='ltr'><strong>τὸν</strong></span> <span class='ocrx_word' id='word_1_34' title='bbox 1908 580 1992 634; x_wconf 54' lang='grc' dir='ltr'><strong>¹δι-</strong></span> 
     </span>
    </p>
   </div>
   <div class='ocr_carea' id='block_1_5' title="bbox 2108 573 3672 651">
    <p class='ocr_par' dir='ltr' id='par_1_5' title="bbox 2108 573 3672 648">
     <span class='ocr_line' id='line_1_5' title="bbox 2108 573 3672 648; baseline -0.004 -17"><span class='ocrx_word' id='word_1_35' title='bbox 2108 577 2346 648; x_wconf 77' lang='lat' dir='ltr'><strong>l‘rigerat.</strong></span> <span class='ocrx_word' id='word_1_36' title='bbox 2392 577 2741 647; x_wconf 73' lang='lat' dir='ltr'><strong>cupiditatem</strong></span> <span class='ocrx_word' id='word_1_37' title='bbox 2789 575 3044 639; x_wconf 80' lang='lat' dir='ltr'><strong>exsatiat,</strong></span> <span class='ocrx_word' id='word_1_38' title='bbox 3099 582 3156 629; x_wconf 90' lang='lat' dir='ltr'><strong>ct</strong></span> <span class='ocrx_word' id='word_1_39' title='bbox 3199 574 3403 643; x_wconf 77' lang='lat' dir='ltr'><strong>gratias</strong></span> <span class='ocrx_word' id='word_1_40' title='bbox 3442 573 3551 644; x_wconf 79' lang='lat' dir='ltr'><strong>agit</strong></span> <span class='ocrx_word' id='word_1_41' title='bbox 3599 574 3672 631; x_wconf 88' lang='lat' dir='ltr'><strong>ei.</strong></span> 
     </span>
    </p>
   </div>
   <div class='ocr_carea' id='block_1_6' title="bbox 416 664 2012 744">
    <p class='ocr_par' dir='ltr' id='par_1_6' title="bbox 416 667 1991 744">
     <span class='ocr_line' id='line_1_6' title="bbox 416 667 1991 744; baseline 0.001 -21"><span class='ocrx_word' id='word_1_42' title='bbox 416 670 626 739; x_wconf 65' lang='grc' dir='ltr'>φῶντα.</span> <span class='ocrx_word' id='word_1_43' title='bbox 649 667 919 731; x_wconf 75' lang='grc' dir='ltr'>Είπὲ,1(αὶ</span> <span class='ocrx_word' id='word_1_44' title='bbox 947 673 1179 743; x_wconf 78' lang='grc' dir='ltr'>εἴρηται,</span> <span class='ocrx_word' id='word_1_45' title='bbox 1216 671 1397 735; x_wconf 85' lang='grc' dir='ltr'>καθὼς</span> <span class='ocrx_word' id='word_1_46' title='bbox 1420 673 1629 744; x_wconf 80' lang='grc' dir='ltr'>εἴρηται</span> <span class='ocrx_word' id='word_1_47' title='bbox 1651 692 1664 706; x_wconf 72' lang='lat'><strong><em>°</em></strong></span> <span class='ocrx_word' id='word_1_48' title='bbox 1704 674 1991 740; x_wconf 78' lang='grc' dir='ltr'><strong>Μακάριοι</strong></span> 
     </span>
    </p>
   </div>
   <div class='ocr_carea' id='block_1_7' title="bbox 2108 664 3676 744">
    <p class='ocr_par' dir='ltr' id='par_1_7' title="bbox 2108 664 3676 738">
     <span class='ocr_line' id='line_1_7' title="bbox 2108 664 3676 738; baseline -0.004 -15"><span class='ocrx_word' id='word_1_49' title='bbox 2108 671 2189 738; x_wconf 86' lang='lat' dir='ltr'><strong>qui</strong></span> <span class='ocrx_word' id='word_1_50' title='bbox 2221 670 2326 724; x_wconf 86' lang='lat' dir='ltr'><strong>tale</strong></span> <span class='ocrx_word' id='word_1_51' title='bbox 2352 670 2553 723; x_wconf 85' lang='lat' dir='ltr'><strong>donum</strong></span> <span class='ocrx_word' id='word_1_52' title='bbox 2584 667 2810 737; x_wconf 78' lang='lat' dir='ltr'><strong>largitus</strong></span> <span class='ocrx_word' id='word_1_53' title='bbox 2839 667 2968 720; x_wconf 86' lang='lat' dir='ltr'><strong>est?</strong></span> <span class='ocrx_word' id='word_1_54' title='bbox 3009 664 3223 718; x_wconf 84' lang='lat' dir='ltr'><strong>imitare</strong></span> <span class='ocrx_word' id='word_1_55' title='bbox 3263 664 3425 734; x_wconf 74' lang='lat' dir='ltr'><strong>igitur</strong></span> <span class='ocrx_word' id='word_1_56' title='bbox 3453 674 3509 718; x_wconf 92' lang='lat' dir='ltr'><strong>tu</strong></span> <span class='ocrx_word' id='word_1_57' title='bbox 3538 679 3676 733; x_wconf 84' lang='lat' dir='ltr'><strong>quo-</strong></span> 
     </span>
    </p>
   </div>
   <div class='ocr_carea' id='block_1_8' title="bbox 423 755 2012 832">
    <p class='ocr_par' dir='ltr' id='par_1_8' title="bbox 423 758 1990 832">
     <span class='ocr_line' id='line_1_8' title="bbox 423 758 1990 832; baseline 0.001 -20"><span class='ocrx_word' id='word_1_58' title='bbox 423 764 477 813; x_wconf 73' lang='lat' dir='ltr'><strong>ot</strong></span> <span class='ocrx_word' id='word_1_59' title='bbox 514 760 827 828; x_wconf 72' lang='grc' dir='ltr'>διψῶντες,</span> <span class='ocrx_word' id='word_1_60' title='bbox 871 761 968 814; x_wconf 73' lang='grc' dir='ltr'>καὶ</span> <span class='ocrx_word' id='word_1_61' title='bbox 1017 762 1346 832; x_wconf 85' lang='grc' dir='ltr'>καταμαθὼν</span> <span class='ocrx_word' id='word_1_62' title='bbox 1396 758 1483 817; x_wconf 74' lang='grc' dir='ltr'>οἷα</span> <span class='ocrx_word' id='word_1_63' title='bbox 1526 766 1619 817; x_wconf 72' lang='grc' dir='ltr'>καὶ</span> <span class='ocrx_word' id='word_1_64' title='bbox 1664 764 1765 817; x_wconf 83' lang='grc' dir='ltr'>ὅσα</span> <span class='ocrx_word' id='word_1_65' title='bbox 1812 762 1990 830; x_wconf 71' lang='grc' dir='ltr'>ἀγαθὰ</span> 
     </span>
    </p>
   </div>
   <div class='ocr_carea' id='block_1_9' title="bbox 2108 755 3673 832">
    <p class='ocr_par' dir='ltr' id='par_1_9' title="bbox 2108 755 3673 831">
     <span class='ocr_line' id='line_1_9' title="bbox 2108 755 3673 831; baseline -0.004 -18"><span class='ocrx_word' id='word_1_66' title='bbox 2108 776 2207 831; x_wconf 80' lang='lat' dir='ltr'><strong>que</strong></span> <span class='ocrx_word' id='word_1_67' title='bbox 2235 761 2503 817; x_wconf 84' lang='lat' dir='ltr'><strong>sitientem</strong></span> <span class='ocrx_word' id='word_1_68' title='bbox 2538 778 2549 812; x_wconf 87' lang='lat'><strong>:</strong></span> <span class='ocrx_word' id='word_1_69' title='bbox 2591 756 2679 811; x_wconf 89' lang='lat' dir='ltr'><strong>dic</strong></span> <span class='ocrx_word' id='word_1_70' title='bbox 2730 772 2851 811; x_wconf 87' lang='lat' dir='ltr'><strong>esse</strong></span> <span class='ocrx_word' id='word_1_71' title='bbox 2902 756 3137 819; x_wconf 89' lang='lat' dir='ltr'><strong>dictum,</strong></span> <span class='ocrx_word' id='word_1_72' title='bbox 3179 755 3323 810; x_wconf 83' lang='lat' dir='ltr'><strong>sicut</strong></span> <span class='ocrx_word' id='word_1_73' title='bbox 3368 762 3424 809; x_wconf 80' lang='lat' dir='ltr'><strong>et</strong></span> <span class='ocrx_word' id='word_1_74' title='bbox 3469 755 3673 808; x_wconf 88' lang='lat' dir='ltr'><strong>dictum</strong></span> 
     </span>
    </p>
   </div>
   <div class='ocr_carea' id='block_1_10' title="bbox 422 846 2012 925">
    <p class='ocr_par' dir='ltr' id='par_1_10' title="bbox 422 851 1987 925">
     <span class='ocr_line' id='line_1_10' title="bbox 422 851 1987 925; baseline 0.001 -20"><span class='ocrx_word' id='word_1_75' title='bbox 422 852 659 922; x_wconf 78' lang='grc' dir='ltr'>πηγάζει</span> <span class='ocrx_word' id='word_1_76' title='bbox 686 851 748 905; x_wconf 81' lang='grc' dir='ltr'><strong>τὸ</strong></span> <span class='ocrx_word' id='word_1_77' title='bbox 774 853 960 919; x_wconf 76' lang='grc' dir='ltr'>ἅγιον·</span> <span class='ocrx_word' id='word_1_78' title='bbox 995 853 1218 924; x_wconf 86' lang='grc' dir='ltr'>ποίησον</span> <span class='ocrx_word' id='word_1_79' title='bbox 1248 854 1403 908; x_wconf 80' lang='grc' dir='ltr'>τοῦτο</span> <span class='ocrx_word' id='word_1_80' title='bbox 1440 855 1532 908; x_wconf 82' lang='grc' dir='ltr'>τοῦ</span> <span class='ocrx_word' id='word_1_81' title='bbox 1567 856 1873 925; x_wconf 77' lang='grc' dir='ltr'>Προφήτου,</span> <span class='ocrx_word' id='word_1_82' title='bbox 1916 854 1987 908; x_wconf 84' lang='grc' dir='ltr'><strong>Τὸ</strong></span> 
     </span>
    </p>
   </div>
   <div class='ocr_carea' id='block_1_11' title="bbox 2108 846 3677 925">
    <p class='ocr_par' dir='ltr' id='par_1_11' title="bbox 2108 846 3677 913">
     <span class='ocr_line' id='line_1_11' title="bbox 2108 846 3677 913; baseline -0.004 -8"><span class='ocrx_word' id='word_1_83' title='bbox 2108 862 2183 907; x_wconf 74' lang='lat' dir='ltr'><strong>est</strong></span> <span class='ocrx_word' id='word_1_84' title='bbox 2216 867 2244 905; x_wconf 92' lang='lat' dir='ltr'><strong>a</strong></span> <span class='ocrx_word' id='word_1_85' title='bbox 2277 851 2522 913; x_wconf 89' lang='lat' dir='ltr'><strong>Domino,</strong></span> <span class='ocrx_word' id='word_1_86' title='bbox 2555 848 2705 903; x_wconf 72' lang='lat' dir='ltr'><strong>Beati</strong></span> <span class='ocrx_word' id='word_1_87' title='bbox 2733 849 2819 912; x_wconf 86' lang='lat' dir='ltr'><strong>qui</strong></span> <span class='ocrx_word' id='word_1_88' title='bbox 2849 848 3033 901; x_wconf 74' lang='lat' dir='ltr'><strong>sitiunt</strong></span> <span class='ocrx_word' id='word_1_89' title='bbox 3064 848 3105 877; x_wconf 80' lang='grc'>⁶¹</span> <span class='ocrx_word' id='word_1_90' title='bbox 3138 865 3150 900; x_wconf 91' lang='lat'>:</span> <span class='ocrx_word' id='word_1_91' title='bbox 3180 854 3233 901; x_wconf 89' lang='lat' dir='ltr'><strong>et</strong></span> <span class='ocrx_word' id='word_1_92' title='bbox 3262 862 3385 901; x_wconf 87' lang='lat' dir='ltr'><strong>cum</strong></span> <span class='ocrx_word' id='word_1_93' title='bbox 3420 846 3677 900; x_wconf 86' lang='lat' dir='ltr'><strong>didiceris</strong></span> 
     </span>
    </p>
   </div>
   <div class='ocr_carea' id='block_1_12' title="bbox 420 939 2012 1015">
    <p class='ocr_par' dir='ltr' id='par_1_12' title="bbox 420 942 1983 1013">
     <span class='ocr_line' id='line_1_12' title="bbox 420 942 1983 1013; baseline 0.001 -18"><span class='ocrx_word' id='word_1_94' title='bbox 420 944 613 1011; x_wconf 81' lang='grc' dir='ltr'><em>στόμα</em></span> <span class='ocrx_word' id='word_1_95' title='bbox 653 959 769 997; x_wconf 91' lang='grc' dir='ltr'>σου</span> <span class='ocrx_word' id='word_1_96' title='bbox 812 942 1059 1007; x_wconf 79' lang='grc' dir='ltr'><strong>ἄνοιξον</strong></span> <span class='ocrx_word' id='word_1_97' title='bbox 1105 945 1205 999; x_wconf 82' lang='grc' dir='ltr'><strong>καὶ</strong></span> <span class='ocrx_word' id='word_1_98' title='bbox 1242 944 1507 999; x_wconf 75' lang='grc' dir='ltr'><em>ἕλκυσον</em></span> <span class='ocrx_word' id='word_1_99' title='bbox 1537 942 1801 1013; x_wconf 80' lang='grc' dir='ltr'>πνεῦμα·</span> <span class='ocrx_word' id='word_1_100' title='bbox 1835 944 1983 997; x_wconf 66' lang='lat' dir='ltr'><strong>mid-</strong></span> 
     </span>
    </p>
   </div>
   <div class='ocr_carea' id='block_1_13' title="bbox 2108 939 3674 1015">
    <p class='ocr_par' dir='ltr' id='par_1_13' title="bbox 2108 939 3674 1015">
     <span class='ocr_line' id='line_1_13' title="bbox 2108 939 3674 1015; baseline -0.003 -18"><span class='ocrx_word' id='word_1_101' title='bbox 2108 944 2277 1015; x_wconf 83' lang='lat' dir='ltr'><strong>qualia</strong></span> <span class='ocrx_word' id='word_1_102' title='bbox 2312 949 2623 1012; x_wconf 84' lang='lat' dir='ltr'><strong>quantaque</strong></span> <span class='ocrx_word' id='word_1_103' title='bbox 2673 939 2814 993; x_wconf 83' lang='lat' dir='ltr'><strong>bona</strong></span> <span class='ocrx_word' id='word_1_104' title='bbox 2852 957 2882 994; x_wconf 88' lang='lat' dir='ltr'><strong>e</strong></span> <span class='ocrx_word' id='word_1_105' title='bbox 2918 939 3125 1007; x_wconf 85' lang='lat' dir='ltr'><strong>Spiritu</strong></span> <span class='ocrx_word' id='word_1_106' title='bbox 3177 946 3367 992; x_wconf 89' lang='lat' dir='ltr'><strong>sancto</strong></span> <span class='ocrx_word' id='word_1_107' title='bbox 3417 939 3562 993; x_wconf 82' lang='lat' dir='ltr'><strong>velut</strong></span> <span class='ocrx_word' id='word_1_108' title='bbox 3607 954 3674 992; x_wconf 79' lang='lat' dir='ltr'><strong>ex</strong></span> 
     </span>
    </p>
   </div>
   <div class='ocr_carea' id='block_1_14' title="bbox 419 1029 2012 1107">
    <p class='ocr_par' dir='ltr' id='par_1_14' title="bbox 419 1033 1990 1107">
     <span class='ocr_line' id='line_1_14' title="bbox 419 1033 1990 1107; baseline 0.001 -21"><span class='ocrx_word' id='word_1_109' title='bbox 419 1048 605 1086; x_wconf 83' lang='grc' dir='ltr'>τυνον</span> <span class='ocrx_word' id='word_1_110' title='bbox 625 1033 687 1086; x_wconf 70' lang='grc' dir='ltr'>τὸ</span> <span class='ocrx_word' id='word_1_111' title='bbox 722 1036 915 1103; x_wconf 80' lang='grc' dir='ltr'><em>στόμα</em></span> <span class='ocrx_word' id='word_1_112' title='bbox 950 1036 1047 1088; x_wconf 76' lang='grc' dir='ltr'>καί</span> <span class='ocrx_word' id='word_1_113' title='bbox 1079 1036 1424 1103; x_wconf 73' lang='grc' dir='ltr'><em>πλήρωσον,</em></span> <span class='ocrx_word' id='word_1_114' title='bbox 1457 1035 1595 1107; x_wconf 79' lang='grc' dir='ltr'>ἔχων</span> <span class='ocrx_word' id='word_1_115' title='bbox 1624 1035 1722 1107; x_wconf 81' lang='grc' dir='ltr'>τὴν</span> <span class='ocrx_word' id='word_1_116' title='bbox 1744 1035 1990 1101; x_wconf 78' lang='grc' dir='ltr'><strong>ἐξουσίαν</strong></span> 
     </span>
    </p>
   </div>
   <div class='ocr_carea' id='block_1_15' title="bbox 2108 1029 3673 1107">
    <p class='ocr_par' dir='ltr' id='par_1_15' title="bbox 2108 1029 3673 1100">
     <span class='ocr_line' id='line_1_15' title="bbox 2108 1029 3673 1100; baseline -0.003 -12"><span class='ocrx_word' id='word_1_117' title='bbox 2108 1035 2250 1089; x_wconf 86' lang='lat' dir='ltr'><strong>l‘onte</strong></span> <span class='ocrx_word' id='word_1_118' title='bbox 2290 1040 2531 1098; x_wconf 80' lang='lat' dir='ltr'><strong>manent,</strong></span> <span class='ocrx_word' id='word_1_119' title='bbox 2566 1031 2649 1086; x_wconf 80' lang='lat' dir='ltr'><strong>fac</strong></span> <span class='ocrx_word' id='word_1_120' title='bbox 2699 1031 2839 1100; x_wconf 90' lang='lat' dir='ltr'><strong>quod</strong></span> <span class='ocrx_word' id='word_1_121' title='bbox 2886 1030 3037 1099; x_wconf 86' lang='lat' dir='ltr'><strong>jubet</strong></span> <span class='ocrx_word' id='word_1_122' title='bbox 3082 1029 3369 1098; x_wconf 85' lang='lat' dir='ltr'><strong>Propheta,</strong></span> <span class='ocrx_word' id='word_1_123' title='bbox 3421 1031 3574 1097; x_wconf 80' lang='lat' dir='ltr'><strong>Aperi</strong></span> <span class='ocrx_word' id='word_1_124' title='bbox 3615 1047 3673 1084; x_wconf 74' lang='grc' dir='ltr'><strong>οε</strong></span> 
     </span>
    </p>
   </div>
   <div class='ocr_carea' id='block_1_16' title="bbox 422 1124 2012 1198">
    <p class='ocr_par' dir='ltr' id='par_1_16' title="bbox 422 1124 1989 1198">
     <span class='ocr_line' id='line_1_16' title="bbox 422 1124 1989 1198; baseline 0.001 -20"><span class='ocrx_word' id='word_1_125' title='bbox 422 1125 526 1178; x_wconf 80' lang='grc' dir='ltr'><strong>τῶν</strong></span> <span class='ocrx_word' id='word_1_126' title='bbox 547 1125 916 1195; x_wconf 85' lang='grc' dir='ltr'>χαρισμάτων.</span> <span class='ocrx_word' id='word_1_127' title='bbox 944 1124 1125 1179; x_wconf 80' lang='grc' dir='ltr'><strong>Βούλει</strong></span> <span class='ocrx_word' id='word_1_128' title='bbox 1148 1126 1334 1196; x_wconf 82' lang='grc' dir='ltr'>μαθεῖν</span> <span class='ocrx_word' id='word_1_129' title='bbox 1352 1127 1451 1179; x_wconf 82' lang='grc' dir='ltr'>ὅσα</span> <span class='ocrx_word' id='word_1_130' title='bbox 1477 1129 1751 1198; x_wconf 84' lang='grc' dir='ltr'>προχεῖται</span> <span class='ocrx_word' id='word_1_131' title='bbox 1770 1127 1869 1192; x_wconf 78' lang='grc' dir='ltr'>τῆς</span> <span class='ocrx_word' id='word_1_132' title='bbox 1900 1125 1989 1179; x_wconf 79' lang='grc' dir='ltr'>τοῦ</span> 
     </span>
    </p>
   </div>
   <div class='ocr_carea' id='block_1_17' title="bbox 2108 1124 3672 1198">
    <p class='ocr_par' dir='ltr' id='par_1_17' title="bbox 2108 1127 3672 1195">
     <span class='ocr_line' id='line_1_17' title="bbox 2108 1127 3672 1195; baseline -0.006 -11"><span class='ocrx_word' id='word_1_133' title='bbox 2108 1141 2269 1192; x_wconf 77' lang='lat' dir='ltr'><strong>tuum,</strong></span> <span class='ocrx_word' id='word_1_134' title='bbox 2315 1139 2366 1184; x_wconf 80' lang='lat' dir='ltr'><strong>et</strong></span> <span class='ocrx_word' id='word_1_135' title='bbox 2412 1130 2619 1182; x_wconf 76' lang='lat' dir='ltr'><strong>attrahe</strong></span> <span class='ocrx_word' id='word_1_136' title='bbox 2667 1128 2911 1195; x_wconf 73' lang='lat' dir='ltr'><strong>spiritum</strong></span> <span class='ocrx_word' id='word_1_137' title='bbox 2959 1129 3044 1183; x_wconf 79' lang='lat'><strong>“:</strong></span> <span class='ocrx_word' id='word_1_138' title='bbox 3083 1127 3253 1179; x_wconf 80' lang='lat' dir='ltr'><strong>dilata</strong></span> <span class='ocrx_word' id='word_1_139' title='bbox 3302 1142 3359 1178; x_wconf 84' lang='lat' dir='ltr'><strong>os</strong></span> <span class='ocrx_word' id='word_1_140' title='bbox 3402 1134 3569 1185; x_wconf 79' lang='lat' dir='ltr'><strong>tuum,</strong></span> <span class='ocrx_word' id='word_1_141' title='bbox 3621 1133 3672 1175; x_wconf 77' lang='lat' dir='ltr'><strong>et</strong></span> 
     </span>
    </p>
   </div>
   <div class='ocr_carea' id='block_1_18' title="bbox 420 1215 2012 1291">
    <p class='ocr_par' dir='ltr' id='par_1_18' title="bbox 420 1215 1995 1290">
     <span class='ocr_line' id='line_1_18' title="bbox 420 1215 1995 1290; baseline 0 -21"><span class='ocrx_word' id='word_1_142' title='bbox 420 1217 736 1290; x_wconf 88' lang='grc' dir='ltr'>Πνεύματος</span> <span class='ocrx_word' id='word_1_143' title='bbox 761 1216 940 1286; x_wconf 80' lang='grc' dir='ltr'>πηγῆς</span> <span class='ocrx_word' id='word_1_144' title='bbox 959 1215 1174 1284; x_wconf 75' lang='grc' dir='ltr'>ἀγαθάς</span> <span class='ocrx_word' id='word_1_145' title='bbox 1210 1216 1509 1287; x_wconf 79' lang='grc' dir='ltr'>Ἀφθαρσία</span> <span class='ocrx_word' id='word_1_146' title='bbox 1535 1216 1734 1287; x_wconf 75' lang='grc' dir='ltr'>ψυχῆς,</span> <span class='ocrx_word' id='word_1_147' title='bbox 1756 1216 1995 1286; x_wconf 77' lang='grc' dir='ltr'><strong>ἀῖδιότης</strong></span> 
     </span>
    </p>
   </div>
   <div class='ocr_carea' id='block_1_19' title="bbox 2108 1215 3673 1291">
    <p class='ocr_par' dir='ltr' id='par_1_19' title="bbox 2108 1219 3673 1291">
     <span class='ocr_line' id='line_1_19' title="bbox 2108 1219 3673 1291; baseline -0.003 -17"><span class='ocrx_word' id='word_1_148' title='bbox 2108 1222 2253 1291; x_wconf 82' lang='lat' dir='ltr'><strong>imple</strong></span> <span class='ocrx_word' id='word_1_149' title='bbox 2285 1221 2352 1287; x_wconf 78' lang='lat'><strong>“,</strong></span> <span class='ocrx_word' id='word_1_150' title='bbox 2387 1236 2511 1275; x_wconf 91' lang='lat' dir='ltr'><strong>cum</strong></span> <span class='ocrx_word' id='word_1_151' title='bbox 2556 1219 2823 1273; x_wconf 89' lang='lat' dir='ltr'><strong>donorum</strong></span> <span class='ocrx_word' id='word_1_152' title='bbox 2880 1219 3081 1273; x_wconf 82' lang='lat' dir='ltr'><strong>habeas</strong></span> <span class='ocrx_word' id='word_1_153' title='bbox 3130 1226 3445 1287; x_wconf 83' lang='lat' dir='ltr'><strong>potestatem</strong></span> <span class='ocrx_word' id='word_1_154' title='bbox 3478 1234 3490 1269; x_wconf 91' lang='lat'>:</span> <span class='ocrx_word' id='word_1_155' title='bbox 3521 1219 3673 1270; x_wconf 78' lang='lat' dir='ltr'><strong>visne</strong></span> 
     </span>
    </p>
   </div>
   <div class='ocr_carea' id='block_1_20' title="bbox 423 1304 2012 1381">
    <p class='ocr_par' dir='ltr' id='par_1_20' title="bbox 423 1304 1995 1379">
     <span class='ocr_line' id='line_1_20' title="bbox 423 1304 1995 1379; baseline 0.003 -23"><span class='ocrx_word' id='word_1_156' title='bbox 423 1304 588 1375; x_wconf 81' lang='grc' dir='ltr'>ζωῆς,</span> <span class='ocrx_word' id='word_1_157' title='bbox 622 1305 863 1375; x_wconf 76' lang='grc' dir='ltr'>οὐρανῶν</span> <span class='ocrx_word' id='word_1_158' title='bbox 895 1306 1157 1375; x_wconf 86' lang='grc' dir='ltr'>βασιλεία,</span> <span class='ocrx_word' id='word_1_159' title='bbox 1188 1307 1493 1379; x_wconf 81' lang='grc' dir='ltr'>εὐφροσύνη</span> <span class='ocrx_word' id='word_1_160' title='bbox 1537 1307 1801 1377; x_wconf 82' lang='grc' dir='ltr'>ἄληκτος,</span> <span class='ocrx_word' id='word_1_161' title='bbox 1851 1308 1995 1379; x_wconf 71' lang='grc' dir='ltr'>χαρὰ</span> 
     </span>
    </p>
   </div>
   <div class='ocr_carea' id='block_1_21' title="bbox 2108 1304 3671 1381">
    <p class='ocr_par' dir='ltr' id='par_1_21' title="bbox 2108 1306 3671 1381">
     <span class='ocr_line' id='line_1_21' title="bbox 2108 1306 3671 1381; baseline -0.004 -16"><span class='ocrx_word' id='word_1_162' title='bbox 2108 1313 2397 1381; x_wconf 65' lang='lat' dir='ltr'><strong>intelligere</strong></span> <span class='ocrx_word' id='word_1_163' title='bbox 2436 1321 2636 1381; x_wconf 87' lang='lat' dir='ltr'><strong>quanta</strong></span> <span class='ocrx_word' id='word_1_164' title='bbox 2688 1326 2753 1364; x_wconf 81' lang='lat' dir='ltr'><strong>ex</strong></span> <span class='ocrx_word' id='word_1_165' title='bbox 2815 1310 3050 1379; x_wconf 87' lang='lat' dir='ltr'><strong>Spiritus</strong></span> <span class='ocrx_word' id='word_1_166' title='bbox 3098 1310 3268 1364; x_wconf 81' lang='lat' dir='ltr'><strong>sancti</strong></span> <span class='ocrx_word' id='word_1_167' title='bbox 3329 1307 3475 1361; x_wconf 81' lang='lat' dir='ltr'><strong>fonte</strong></span> <span class='ocrx_word' id='word_1_168' title='bbox 3531 1306 3671 1359; x_wconf 87' lang='lat' dir='ltr'><strong>bona</strong></span> 
     </span>
    </p>
   </div>
   <div class='ocr_carea' id='block_1_22' title="bbox 422 1392 1993 1468">
    <p class='ocr_par' dir='ltr' id='par_1_22' title="bbox 422 1392 1993 1468">
     <span class='ocr_line' id='line_1_22' title="bbox 422 1392 1993 1468; baseline 0.005 -25"><span class='ocrx_word' id='word_1_169' title='bbox 422 1392 572 1456; x_wconf 79' lang='grc' dir='ltr'>τέλος</span> <span class='ocrx_word' id='word_1_170' title='bbox 599 1393 696 1445; x_wconf 85' lang='grc' dir='ltr'>οὐκ</span> <span class='ocrx_word' id='word_1_171' title='bbox 725 1393 940 1463; x_wconf 80' lang='grc' dir='ltr'>ἔχουσα.</span> <span class='ocrx_word' id='word_1_172' title='bbox 982 1394 1142 1449; x_wconf 77' lang='grc' dir='ltr'>Ἀλλὰ</span> <span class='ocrx_word' id='word_1_173' title='bbox 1170 1395 1278 1467; x_wconf 80' lang='grc' dir='ltr'>γὰρ</span> <span class='ocrx_word' id='word_1_174' title='bbox 1309 1398 1387 1459; x_wconf 86' lang='grc' dir='ltr'><strong>είς</strong></span> <span class='ocrx_word' id='word_1_175' title='bbox 1412 1397 1479 1449; x_wconf 73' lang='grc' dir='ltr'>τὰ</span> <span class='ocrx_word' id='word_1_176' title='bbox 1512 1397 1751 1468; x_wconf 88' lang='grc' dir='ltr'>παρόντα</span> <span class='ocrx_word' id='word_1_177' title='bbox 1779 1396 1993 1467; x_wconf 80' lang='grc' dir='ltr'><strong>βλέπων</strong></span> 
     </span>
    </p>
   </div>
   <div class='ocr_carea' id='block_1_23' title="bbox 412 1485 1996 1560">
    <p class='ocr_par' dir='ltr' id='par_1_23' title="bbox 412 1485 1996 1560">
     <span class='ocr_line' id='line_1_23' title="bbox 412 1485 1996 1560; baseline 0.004 -25"><span class='ocrx_word' id='word_1_178' title='bbox 412 1485 609 1556; x_wconf 67' lang='grc' dir='ltr'>ὀλίγην</span> <span class='ocrx_word' id='word_1_179' title='bbox 639 1486 897 1557; x_wconf 77' lang='grc' dir='ltr'>ποιοῦμαι</span> <span class='ocrx_word' id='word_1_180' title='bbox 926 1488 1026 1559; x_wconf 84' lang='grc' dir='ltr'>τὴν</span> <span class='ocrx_word' id='word_1_181' title='bbox 1072 1487 1274 1559; x_wconf 78' lang='grc' dir='ltr'>ζημίαν</span> <span class='ocrx_word' id='word_1_182' title='bbox 1305 1488 1399 1543; x_wconf 86' lang='grc' dir='ltr'>τοῦ</span> <span class='ocrx_word' id='word_1_183' title='bbox 1448 1489 1741 1552; x_wconf 84' lang='grc' dir='ltr'><strong>λείποντος.</strong></span> <span class='ocrx_word' id='word_1_184' title='bbox 1780 1489 1996 1560; x_wconf 85' lang='grc' dir='ltr'>Πεπλή-</span> 
     </span>
    </p>
   </div>
   <div class='ocr_carea' id='block_1_24' title="bbox 428 1576 1995 1651">
    <p class='ocr_par' dir='ltr' id='par_1_24' title="bbox 428 1576 1995 1651">
     <span class='ocr_line' id='line_1_24' title="bbox 428 1576 1995 1651; baseline 0.003 -23"><span class='ocrx_word' id='word_1_185' title='bbox 428 1577 594 1647; x_wconf 75' lang='grc' dir='ltr'>ρωταί</span> <span class='ocrx_word' id='word_1_186' title='bbox 625 1594 712 1647; x_wconf 89' lang='grc' dir='ltr'><strong>μοι</strong></span> <span class='ocrx_word' id='word_1_187' title='bbox 736 1579 844 1631; x_wconf 84' lang='grc' dir='ltr'><strong>τῶν</strong></span> <span class='ocrx_word' id='word_1_188' title='bbox 873 1580 1090 1647; x_wconf 80' lang='grc' dir='ltr'>ἀγαθῶν</span> <span class='ocrx_word' id='word_1_189' title='bbox 1118 1582 1147 1633; x_wconf 87' lang='grc' dir='ltr'>ὁ</span> <span class='ocrx_word' id='word_1_190' title='bbox 1169 1576 1315 1643; x_wconf 77' lang='grc' dir='ltr'>οἶκος</span> <span class='ocrx_word' id='word_1_191' title='bbox 1333 1596 1347 1611; x_wconf 77' lang='grc' dir='ltr'><strong>ο</strong></span> <span class='ocrx_word' id='word_1_192' title='bbox 1388 1580 1614 1651; x_wconf 84' lang='grc' dir='ltr'>πλήρεις</span> <span class='ocrx_word' id='word_1_193' title='bbox 1646 1582 1693 1633; x_wconf 80' lang='lat' dir='ltr'><strong>oi</strong></span> <span class='ocrx_word' id='word_1_194' title='bbox 1736 1580 1995 1651; x_wconf 75' lang='grc' dir='ltr'>θησαυροὶ</span> 
     </span>
    </p>
   </div>
   <div class='ocr_carea' id='block_1_25' title="bbox 422 1666 1994 1743">
    <p class='ocr_par' dir='ltr' id='par_1_25' title="bbox 422 1666 1994 1743">
     <span class='ocr_line' id='line_1_25' title="bbox 422 1666 1994 1743; baseline 0.004 -25"><span class='ocrx_word' id='word_1_195' title='bbox 422 1666 517 1719; x_wconf 81' lang='grc' dir='ltr'>τοῦ</span> <span class='ocrx_word' id='word_1_196' title='bbox 546 1668 767 1737; x_wconf 80' lang='grc' dir='ltr'>χρυσίου</span> <span class='ocrx_word' id='word_1_197' title='bbox 797 1667 897 1739; x_wconf 83' lang='grc' dir='ltr'>τῆς</span> <span class='ocrx_word' id='word_1_198' title='bbox 937 1670 1193 1741; x_wconf 77' lang='grc' dir='ltr'>Ἀραϐίας</span> <span class='ocrx_word' id='word_1_199' title='bbox 1212 1688 1226 1702; x_wconf 89' lang='grc'><strong>·</strong></span> <span class='ocrx_word' id='word_1_200' title='bbox 1269 1669 1455 1741; x_wconf 77' lang='grc' dir='ltr'>ἥξουσι</span> <span class='ocrx_word' id='word_1_201' title='bbox 1483 1671 1539 1725; x_wconf 84' lang='grc' dir='ltr'><strong>δὲ</strong></span> <span class='ocrx_word' id='word_1_202' title='bbox 1566 1671 1707 1741; x_wconf 83' lang='grc' dir='ltr'><strong>τάχα</strong></span> <span class='ocrx_word' id='word_1_203' title='bbox 1738 1673 1852 1743; x_wconf 87' lang='grc' dir='ltr'>μετ’</span> <span class='ocrx_word' id='word_1_204' title='bbox 1883 1673 1994 1726; x_wconf 68' lang='grc' dir='ltr'>ὀλίς</span> 
     </span>
    </p>
   </div>
   <div class='ocr_carea' id='block_1_26' title="bbox 424 1756 1994 1831">
    <p class='ocr_par' dir='ltr' id='par_1_26' title="bbox 424 1756 1994 1831">
     <span class='ocr_line' id='line_1_26' title="bbox 424 1756 1994 1831; baseline 0.004 -23"><span class='ocrx_word' id='word_1_205' title='bbox 424 1772 519 1823; x_wconf 77' lang='grc' dir='ltr'>γον</span> <span class='ocrx_word' id='word_1_206' title='bbox 546 1756 638 1809; x_wconf 74' lang='grc' dir='ltr'><strong>καὶ</strong></span> <span class='ocrx_word' id='word_1_207' title='bbox 664 1757 919 1825; x_wconf 78' lang='grc' dir='ltr'>πρέσϐεις</span> <span class='ocrx_word' id='word_1_208' title='bbox 940 1758 997 1824; x_wconf 74' lang='grc' dir='ltr'>ἐξ</span> <span class='ocrx_word' id='word_1_209' title='bbox 1022 1758 1318 1826; x_wconf 76' lang='grc' dir='ltr'>Αἰγύπτου,</span> <span class='ocrx_word' id='word_1_210' title='bbox 1342 1759 1437 1813; x_wconf 73' lang='grc' dir='ltr'>καὶ</span> <span class='ocrx_word' id='word_1_211' title='bbox 1460 1760 1814 1831; x_wconf 83' lang='grc' dir='ltr'>προφθάσωσι</span> <span class='ocrx_word' id='word_1_212' title='bbox 1836 1764 1994 1831; x_wconf 86' lang='grc' dir='ltr'>χεῖρα</span> 
     </span>
    </p>
   </div>
   <div class='ocr_carea' id='block_1_27' title="bbox 425 1844 1986 1919">
    <p class='ocr_par' dir='ltr' id='par_1_27' title="bbox 425 1844 1986 1919">
     <span class='ocr_line' id='line_1_27' title="bbox 425 1844 1986 1919; baseline 0.004 -24"><span class='ocrx_word' id='word_1_213' title='bbox 425 1844 605 1896; x_wconf 73' lang='grc' dir='ltr'>αὐτῶν</span> <span class='ocrx_word' id='word_1_214' title='bbox 641 1844 778 1915; x_wconf 82' lang='grc' dir='ltr'>Θεῷ,</span> <span class='ocrx_word' id='word_1_215' title='bbox 823 1846 927 1898; x_wconf 79' lang='grc' dir='ltr'>καὶ,</span> <span class='ocrx_word' id='word_1_216' title='bbox 948 1845 1211 1915; x_wconf 86' lang='grc' dir='ltr'>βασιλεῖαι</span> <span class='ocrx_word' id='word_1_217' title='bbox 1243 1847 1341 1918; x_wconf 83' lang='grc' dir='ltr'>τῆς</span> <span class='ocrx_word' id='word_1_218' title='bbox 1391 1848 1493 1918; x_wconf 78' lang='grc' dir='ltr'><strong>γῆς</strong></span> <span class='ocrx_word' id='word_1_219' title='bbox 1530 1847 1648 1919; x_wconf 84' lang='grc' dir='ltr'>μεθ’</span> <span class='ocrx_word' id='word_1_220' title='bbox 1692 1850 1851 1919; x_wconf 78' lang='grc' dir='ltr'>ἡμῶν</span> <span class='ocrx_word' id='word_1_221' title='bbox 1893 1851 1986 1903; x_wconf 79' lang='grc' dir='ltr'><strong>τὸν</strong></span> 
     </span>
    </p>
   </div>
   <div class='ocr_carea' id='block_1_28' title="bbox 418 1933 1990 2008">
    <p class='ocr_par' dir='ltr' id='par_1_28' title="bbox 418 1933 1990 2008">
     <span class='ocr_line' id='line_1_28' title="bbox 418 1933 1990 2008; baseline 0.004 -23"><span class='ocrx_word' id='word_1_222' title='bbox 418 1933 686 1986; x_wconf 70' lang='grc' dir='ltr'>ἐπινίκιον</span> <span class='ocrx_word' id='word_1_223' title='bbox 714 1933 914 2005; x_wconf 82' lang='grc' dir='ltr'>ᾄσωσιν</span> <span class='ocrx_word' id='word_1_224' title='bbox 947 1934 1146 2007; x_wconf 76' lang='grc' dir='ltr'>ὕμνον,</span> <span class='ocrx_word' id='word_1_225' title='bbox 1190 1935 1269 2005; x_wconf 82' lang='grc' dir='ltr'><strong>τῷ</strong></span> <span class='ocrx_word' id='word_1_226' title='bbox 1324 1936 1527 1999; x_wconf 82' lang='grc' dir='ltr'>πάντας</span> <span class='ocrx_word' id='word_1_227' title='bbox 1574 1938 1653 2000; x_wconf 88' lang='grc' dir='ltr'><strong>είς</strong></span> <span class='ocrx_word' id='word_1_228' title='bbox 1680 1937 1778 2008; x_wconf 82' lang='grc' dir='ltr'>τὴν</span> <span class='ocrx_word' id='word_1_229' title='bbox 1827 1938 1990 1992; x_wconf 79' lang='grc' dir='ltr'>αὑτοῦ</span> 
     </span>
    </p>
   </div>
   <div class='ocr_carea' id='block_1_29' title="bbox 425 2023 1993 2101">
    <p class='ocr_par' dir='ltr' id='par_1_29' title="bbox 425 2023 1993 2101">
     <span class='ocr_line' id='line_1_29' title="bbox 425 2023 1993 2101; baseline 0.005 -24"><span class='ocrx_word' id='word_1_230' title='bbox 425 2025 700 2101; x_wconf 83' lang='grc' dir='ltr'>βασιλείαν</span> <span class='ocrx_word' id='word_1_231' title='bbox 734 2026 1001 2083; x_wconf 81' lang='grc' dir='ltr'>καλοῦντι.</span> <span class='ocrx_word' id='word_1_232' title='bbox 1033 2023 1105 2100; x_wconf 76' lang='grc' dir='ltr'>ᾯ</span> <span class='ocrx_word' id='word_1_233' title='bbox 1126 2030 1159 2099; x_wconf 83' lang='grc' dir='ltr'>ἡ</span> <span class='ocrx_word' id='word_1_234' title='bbox 1184 2028 1309 2095; x_wconf 79' lang='grc' dir='ltr'>δόξα</span> <span class='ocrx_word' id='word_1_235' title='bbox 1330 2030 1505 2084; x_wconf 75' lang='grc' dir='ltr'>καὶτὸ</span> <span class='ocrx_word' id='word_1_236' title='bbox 1532 2030 1730 2100; x_wconf 81' lang='grc' dir='ltr'>κράτος</span> <span class='ocrx_word' id='word_1_237' title='bbox 1759 2033 1837 2094; x_wconf 86' lang='grc' dir='ltr'><strong>είς</strong></span> <span class='ocrx_word' id='word_1_238' title='bbox 1865 2033 1993 2093; x_wconf 77' lang='grc' dir='ltr'>τοὺς</span> 
     </span>
    </p>
   </div>
   <div class='ocr_carea' id='block_1_30' title="bbox 421 2115 877 2187">
    <p class='ocr_par' dir='ltr' id='par_1_30' title="bbox 421 2115 877 2187">
     <span class='ocr_line' id='line_1_30' title="bbox 421 2115 877 2187; baseline -0.002 -17"><span class='ocrx_word' id='word_1_239' title='bbox 421 2115 644 2179; x_wconf 71' lang='grc' dir='ltr'>αίῶνας.</span> <span class='ocrx_word' id='word_1_240' title='bbox 690 2116 745 2169; x_wconf 80' lang='grc' dir='ltr'><strong>’Δ</strong></span> <span class='ocrx_word' id='word_1_241' title='bbox 754 2119 877 2187; x_wconf 81' lang='grc' dir='ltr'>μήν.</span> 
     </span>
    </p>
   </div>
   <div class='ocr_carea' id='block_1_31' title="bbox 476 2475 2081 2549">
    <p class='ocr_par' dir='ltr' id='par_1_31' title="bbox 476 2475 2081 2549">
     <span class='ocr_line' id='line_1_31' title="bbox 476 2475 2081 2549; baseline 0.004 -14"><span class='ocrx_word' id='word_1_242' title='bbox 476 2483 523 2514; x_wconf 77' lang='grc'><strong>⁴¹</strong></span> <span class='ocrx_word' id='word_1_243' title='bbox 556 2482 748 2539; x_wconf 74' lang='lat' dir='ltr'><strong>Matth.</strong></span> <span class='ocrx_word' id='word_1_244' title='bbox 782 2500 833 2549; x_wconf 80' lang='grc' dir='ltr'><strong>ν,</strong></span> <span class='ocrx_word' id='word_1_245' title='bbox 863 2486 916 2538; x_wconf 87' lang='grc'><strong>6.</strong></span> <span class='ocrx_word' id='word_1_246' title='bbox 994 2487 1039 2517; x_wconf 68' lang='grc' dir='ltr'>θ’</span> <span class='ocrx_word' id='word_1_247' title='bbox 1065 2485 1205 2539; x_wconf 74' lang='lat' dir='ltr'><strong>l‘sal.</strong></span> <span class='ocrx_word' id='word_1_248' title='bbox 1242 2501 1433 2547; x_wconf 77' lang='lat' dir='ltr'><strong>cxvrlt,</strong></span> <span class='ocrx_word' id='word_1_249' title='bbox 1472 2482 1594 2537; x_wconf 75' lang='lat'><strong>131.</strong></span> <span class='ocrx_word' id='word_1_250' title='bbox 1670 2475 1716 2507; x_wconf 75' lang='lat'><strong>°&#39;</strong></span> <span class='ocrx_word' id='word_1_251' title='bbox 1754 2476 1895 2532; x_wconf 69' lang='grc' dir='ltr'>Ρεειιο</span> <span class='ocrx_word' id='word_1_252' title='bbox 1922 2493 2081 2542; x_wconf 62' lang='lat' dir='ltr'><strong>LXXX.</strong></span> 
     </span>
    </p>
   </div>
   <div class='ocr_carea' id='block_1_32' title="bbox 491 2797 2006 2869">
    <p class='ocr_par' dir='ltr' id='par_1_32' title="bbox 491 2797 2006 2869">
     <span class='ocr_line' id='line_1_32' title="bbox 491 2797 2006 2869; baseline 0.001 -18"><span class='ocrx_word' id='word_1_253' title='bbox 491 2808 581 2854; x_wconf 85' lang='lat' dir='ltr'><strong>&#39;In</strong></span> <span class='ocrx_word' id='word_1_254' title='bbox 612 2798 720 2852; x_wconf 82' lang='lat' dir='ltr'><strong>hoc</strong></span> <span class='ocrx_word' id='word_1_255' title='bbox 748 2813 999 2853; x_wconf 86' lang='lat' dir='ltr'><strong>sermone</strong></span> <span class='ocrx_word' id='word_1_256' title='bbox 1016 2798 1323 2869; x_wconf 75' lang='lat' dir='ltr'><strong>Gregorius</strong></span> <span class='ocrx_word' id='word_1_257' title='bbox 1345 2812 1616 2853; x_wconf 88' lang='lat' dir='ltr'><strong>summum</strong></span> <span class='ocrx_word' id='word_1_258' title='bbox 1657 2797 1823 2853; x_wconf 85' lang='lat' dir='ltr'><strong>animi</strong></span> <span class='ocrx_word' id='word_1_259' title='bbox 1850 2798 2006 2852; x_wconf 84' lang='lat' dir='ltr'><strong>dolo-</strong></span> 
     </span>
    </p>
   </div>
   <div class='ocr_carea' id='block_1_33' title="bbox 412 2869 2005 2939">
    <p class='ocr_par' dir='ltr' id='par_1_33' title="bbox 412 2869 2005 2939">
     <span class='ocr_line' id='line_1_33' title="bbox 412 2869 2005 2939; baseline -0.003 -14"><span class='ocrx_word' id='word_1_260' title='bbox 412 2886 531 2925; x_wconf 72' lang='lat' dir='ltr'><strong>rem</strong></span> <span class='ocrx_word' id='word_1_261' title='bbox 565 2871 632 2924; x_wconf 88' lang='lat' dir='ltr'><strong>de</strong></span> <span class='ocrx_word' id='word_1_262' title='bbox 658 2869 1100 2924; x_wconf 82' lang='lat' dir='ltr'><strong>Christianorum</strong></span> <span class='ocrx_word' id='word_1_263' title='bbox 1138 2869 1415 2924; x_wconf 85' lang='lat' dir='ltr'><strong>discordia</strong></span> <span class='ocrx_word' id='word_1_264' title='bbox 1470 2876 1725 2939; x_wconf 84' lang='lat' dir='ltr'><strong>testatus,</strong></span> <span class='ocrx_word' id='word_1_265' title='bbox 1779 2869 2005 2939; x_wconf 87' lang='lat' dir='ltr'><strong>potissi-</strong></span> 
     </span>
    </p>
   </div>
   <div class='ocr_carea' id='block_1_34' title="bbox 420 2938 2008 3010">
    <p class='ocr_par' dir='ltr' id='par_1_34' title="bbox 420 2938 2008 3010">
     <span class='ocr_line' id='line_1_34' title="bbox 420 2938 2008 3010; baseline -0.001 -18"><span class='ocrx_word' id='word_1_266' title='bbox 420 2956 566 2993; x_wconf 89' lang='lat' dir='ltr'><strong>mum</strong></span> <span class='ocrx_word' id='word_1_267' title='bbox 607 2939 806 3010; x_wconf 72' lang='lat' dir='ltr'><strong>refutat</strong></span> <span class='ocrx_word' id='word_1_268' title='bbox 831 2954 949 3005; x_wconf 87' lang='lat' dir='ltr'><strong>eos,</strong></span> <span class='ocrx_word' id='word_1_269' title='bbox 973 2940 1067 3009; x_wconf 88' lang='lat' dir='ltr'><strong>qui</strong></span> <span class='ocrx_word' id='word_1_270' title='bbox 1092 2940 1327 3010; x_wconf 85' lang='lat' dir='ltr'><strong>Spiritus</strong></span> <span class='ocrx_word' id='word_1_271' title='bbox 1347 2938 1523 2993; x_wconf 82' lang='lat' dir='ltr'><strong>sancti</strong></span> <span class='ocrx_word' id='word_1_272' title='bbox 1548 2938 1887 3010; x_wconf 76' lang='lat' dir='ltr'><strong>divinitatem</strong></span> <span class='ocrx_word' id='word_1_273' title='bbox 1913 2954 2008 2992; x_wconf 83' lang='lat' dir='ltr'><strong>ne-</strong></span> 
     </span>
    </p>
   </div>
   <div class='ocr_carea' id='block_1_35' title="bbox 412 3006 2005 3079">
    <p class='ocr_par' dir='ltr' id='par_1_35' title="bbox 412 3006 2005 3079">
     <span class='ocr_line' id='line_1_35' title="bbox 412 3006 2005 3079; baseline 0.001 -18"><span class='ocrx_word' id='word_1_274' title='bbox 412 3010 620 3079; x_wconf 71' lang='lat' dir='ltr'><strong>gabant</strong></span> <span class='ocrx_word' id='word_1_275' title='bbox 661 3018 717 3063; x_wconf 88' lang='lat' dir='ltr'><strong>et</strong></span> <span class='ocrx_word' id='word_1_276' title='bbox 755 3006 1463 3079; x_wconf 56' lang='lat' dir='ltr'><strong>Persona&#39;rum&#39;divinarum</strong></span> <span class='ocrx_word' id='word_1_277' title='bbox 1504 3008 1868 3079; x_wconf 63' lang='lat' dir='ltr'><strong>aequalitatem</strong></span> <span class='ocrx_word' id='word_1_278' title='bbox 1888 3024 2005 3063; x_wconf 82' lang='lat' dir='ltr'><strong>non</strong></span> 
     </span>
    </p>
   </div>
   <div class='ocr_carea' id='block_1_36' title="bbox 423 3078 2008 3149">
    <p class='ocr_par' dir='ltr' id='par_1_36' title="bbox 423 3078 2008 3149">
     <span class='ocr_line' id='line_1_36' title="bbox 423 3078 2008 3149; baseline 0.001 -18"><span class='ocrx_word' id='word_1_279' title='bbox 423 3079 800 3134; x_wconf 81' lang='lat' dir='ltr'><strong>admittebant.</strong></span> <span class='ocrx_word' id='word_1_280' title='bbox 836 3078 1026 3133; x_wconf 86' lang='lat' dir='ltr'><strong>Oratio</strong></span> <span class='ocrx_word' id='word_1_281' title='bbox 1058 3081 1172 3135; x_wconf 76' lang='lat' dir='ltr'><strong>haec</strong></span> <span class='ocrx_word' id='word_1_282' title='bbox 1212 3081 1280 3135; x_wconf 88' lang='lat' dir='ltr'><strong>de</strong></span> <span class='ocrx_word' id='word_1_283' title='bbox 1310 3079 1482 3149; x_wconf 90' lang='lat' dir='ltr'><strong>ipsius</strong></span> <span class='ocrx_word' id='word_1_284' title='bbox 1516 3078 1861 3149; x_wconf 82' lang='lat' dir='ltr'><strong>ordinatione</strong></span> <span class='ocrx_word' id='word_1_285' title='bbox 1886 3080 2008 3132; x_wconf 88' lang='lat' dir='ltr'><strong>nul-</strong></span> 
     </span>
    </p>
   </div>
   <div class='ocr_carea' id='block_1_37' title="bbox 414 3147 2007 3217">
    <p class='ocr_par' dir='ltr' id='par_1_37' title="bbox 414 3147 2007 3217">
     <span class='ocr_line' id='line_1_37' title="bbox 414 3147 2007 3217; baseline -0.001 -14"><span class='ocrx_word' id='word_1_286' title='bbox 414 3151 532 3203; x_wconf 75' lang='lat' dir='ltr'><strong>ium</strong></span> <span class='ocrx_word' id='word_1_287' title='bbox 552 3150 778 3204; x_wconf 87' lang='lat' dir='ltr'><strong>omnino</strong></span> <span class='ocrx_word' id='word_1_288' title='bbox 800 3150 1025 3205; x_wconf 84' lang='lat' dir='ltr'><strong>verbum</strong></span> <span class='ocrx_word' id='word_1_289' title='bbox 1046 3150 1289 3206; x_wconf 89' lang='lat' dir='ltr'><strong>continet</strong></span> <span class='ocrx_word' id='word_1_290' title='bbox 1309 3147 1493 3217; x_wconf 58' lang='lat' dir='ltr'><strong>{mide</strong></span> <span class='ocrx_word' id='word_1_291' title='bbox 1518 3147 1697 3216; x_wconf 79' lang='lat' dir='ltr'><strong>potius</strong></span> <span class='ocrx_word' id='word_1_292' title='bbox 1716 3149 2007 3217; x_wconf 83' lang='lat' dir='ltr'><strong>inscriptio</strong></span> 
     </span>
    </p>
   </div>
   <div class='ocr_carea' id='block_1_38' title="bbox 418 3216 2007 3289">
    <p class='ocr_par' dir='ltr' id='par_1_38' title="bbox 418 3216 2007 3289">
     <span class='ocr_line' id='line_1_38' title="bbox 418 3216 2007 3289; baseline -0.003 -14"><span class='ocrx_word' id='word_1_293' title='bbox 418 3219 688 3289; x_wconf 75' lang='lat' dir='ltr'><strong>ejusdem.</strong></span> <span class='ocrx_word' id='word_1_294' title='bbox 717 3234 881 3289; x_wconf 88' lang='lat' dir='ltr'><strong>quam</strong></span> <span class='ocrx_word' id='word_1_295' title='bbox 910 3220 1038 3274; x_wconf 90' lang='lat' dir='ltr'><strong>olim</strong></span> <span class='ocrx_word' id='word_1_296' title='bbox 1069 3220 1319 3274; x_wconf 84' lang='lat' dir='ltr'><strong>adhibuit</strong></span> <span class='ocrx_word' id='word_1_297' title='bbox 1348 3219 1406 3273; x_wconf 90' lang='lat' dir='ltr'><strong>S.</strong></span> <span class='ocrx_word' id='word_1_298' title='bbox 1438 3216 1680 3289; x_wconf 79' lang='lat' dir='ltr'><strong>Joannes</strong></span> <span class='ocrx_word' id='word_1_299' title='bbox 1714 3216 2007 3289; x_wconf 67' lang='lat' dir='ltr'><strong>Damasceo</strong></span> 
     </span>
    </p>
   </div>
   <div class='ocr_carea' id='block_1_39' title="bbox 422 3286 2008 3360">
    <p class='ocr_par' dir='ltr' id='par_1_39' title="bbox 422 3286 2008 3360">
     <span class='ocr_line' id='line_1_39' title="bbox 422 3286 2008 3360; baseline -0.003 -16"><span class='ocrx_word' id='word_1_300' title='bbox 422 3286 527 3360; x_wconf 75' lang='lat' dir='ltr'><strong>nus</strong></span> <span class='ocrx_word' id='word_1_301' title='bbox 552 3331 566 3353; x_wconf 92' lang='lat'><strong>,</strong></span> <span class='ocrx_word' id='word_1_302' title='bbox 612 3286 749 3360; x_wconf 68' lang='grc' dir='ltr'>Περῗ</span> <span class='ocrx_word' id='word_1_303' title='bbox 774 3291 872 3360; x_wconf 81' lang='grc' dir='ltr'>τῆς</span> <span class='ocrx_word' id='word_1_304' title='bbox 900 3291 958 3342; x_wconf 81' lang='grc' dir='ltr'>ὲν</span> <span class='ocrx_word' id='word_1_305' title='bbox 1002 3286 1584 3360; x_wconf 56' lang='grc' dir='ltr'>Κωνσταντινουπόλει</span> <span class='ocrx_word' id='word_1_306' title='bbox 1616 3287 2008 3360; x_wconf 74' lang='grc' dir='ltr'>καταστάσεως</span> 
     </span>
    </p>
   </div>
   <div class='ocr_carea' id='block_1_40' title="bbox 422 3338 2010 3430">
    <p class='ocr_par' dir='ltr' id='par_1_40' title="bbox 422 3338 2010 3430">
     <span class='ocr_line' id='line_1_40' title="bbox 422 3338 2010 3430; baseline 0 -18"><span class='ocrx_word' id='word_1_307' title='bbox 422 3338 525 3412; x_wconf 49' lang='lat' dir='ltr'><strong>ea:</strong></span> <span class='ocrx_word' id='word_1_308' title='bbox 545 3338 870 3430; x_wconf 48' lang='grc' dir='ltr'><strong>ιγῖῆᾱηὶῖζ</strong></span> <span class='ocrx_word' id='word_1_309' title='bbox 902 3338 1263 3429; x_wconf 41' lang='lat' dir='ltr'><strong>api-maia;</strong></span> <span class='ocrx_word' id='word_1_310' title='bbox 1283 3338 1525 3430; x_wconf 46' lang='lat' dir='ltr'><strong>ausae;</strong></span> <span class='ocrx_word' id='word_1_311' title='bbox 1540 3338 2010 3430; x_wconf 38' lang='lat' dir='ltr'><strong>grauique-.5;</strong></span> 
     </span>
    </p>
   </div>
   <div class='ocr_carea' id='block_1_41' title="bbox 422 3427 2009 3499">
    <p class='ocr_par' dir='ltr' id='par_1_41' title="bbox 422 3427 2009 3499">
     <span class='ocr_line' id='line_1_41' title="bbox 422 3427 2009 3499; baseline -0.001 -17"><span class='ocrx_word' id='word_1_312' title='bbox 422 3430 583 3483; x_wconf 87' lang='lat' dir='ltr'><strong>titulo</strong></span> <span class='ocrx_word' id='word_1_313' title='bbox 598 3427 873 3497; x_wconf 82' lang='lat' dir='ltr'><strong>conjicere</strong></span> <span class='ocrx_word' id='word_1_314' title='bbox 895 3427 1040 3495; x_wconf 74' lang='lat' dir='ltr'><strong>licet,</strong></span> <span class='ocrx_word' id='word_1_315' title='bbox 1056 3445 1176 3485; x_wconf 89' lang='lat' dir='ltr'><strong>eam</strong></span> <span class='ocrx_word' id='word_1_316' title='bbox 1196 3427 1816 3499; x_wconf 82' lang='lat' dir='ltr'><strong>probabiliterhabitam</strong></span> <span class='ocrx_word' id='word_1_317' title='bbox 1840 3427 2009 3481; x_wconf 82' lang='lat' dir='ltr'><strong>fuisse</strong></span> 
     </span>
    </p>
   </div>
   <div class='ocr_carea' id='block_1_42' title="bbox 426 3497 2006 3568">
    <p class='ocr_par' dir='ltr' id='par_1_42' title="bbox 426 3497 2006 3568">
     <span class='ocr_line' id='line_1_42' title="bbox 426 3497 2006 3568; baseline -0.001 -17"><span class='ocrx_word' id='word_1_318' title='bbox 426 3500 480 3552; x_wconf 84' lang='lat' dir='ltr'><strong>in</strong></span> <span class='ocrx_word' id='word_1_319' title='bbox 524 3501 759 3553; x_wconf 83' lang='lat' dir='ltr'><strong>concilio</strong></span> <span class='ocrx_word' id='word_1_320' title='bbox 800 3497 1407 3568; x_wconf 80' lang='lat' dir='ltr'><strong>Constantinopolitano</strong></span> <span class='ocrx_word' id='word_1_321' title='bbox 1460 3512 1511 3568; x_wconf 76' lang='lat' dir='ltr'><strong>a.</strong></span> <span class='ocrx_word' id='word_1_322' title='bbox 1550 3497 1683 3559; x_wconf 73' lang='lat'><strong>581.</strong></span> <span class='ocrx_word' id='word_1_323' title='bbox 1718 3508 2006 3568; x_wconf 82' lang='lat' dir='ltr'><strong>postquam</strong></span> 
     </span>
    </p>
   </div>
   <div class='ocr_carea' id='block_1_43' title="bbox 424 3567 2009 3638">
    <p class='ocr_par' dir='ltr' id='par_1_43' title="bbox 424 3567 2009 3638">
     <span class='ocr_line' id='line_1_43' title="bbox 424 3567 2009 3638; baseline -0.003 -12"><span class='ocrx_word' id='word_1_324' title='bbox 424 3569 546 3638; x_wconf 77' lang='lat' dir='ltr'><strong>ipse</strong></span> <span class='ocrx_word' id='word_1_325' title='bbox 573 3579 822 3622; x_wconf 81' lang='lat' dir='ltr'><strong>centrum</strong></span> <span class='ocrx_word' id='word_1_326' title='bbox 858 3571 1085 3625; x_wconf 87' lang='lat' dir='ltr'><strong>unitatis</strong></span> <span class='ocrx_word' id='word_1_327' title='bbox 1104 3570 1451 3624; x_wconf 83' lang='lat' dir='ltr'><strong>constitutus</strong></span> <span class='ocrx_word' id='word_1_328' title='bbox 1487 3567 1683 3622; x_wconf 75' lang='lat' dir='ltr'><strong>fuerat.</strong></span> <span class='ocrx_word' id='word_1_329' title='bbox 1721 3567 1805 3621; x_wconf 78' lang='lat' dir='ltr'><strong>Cl‘.</strong></span> <span class='ocrx_word' id='word_1_330' title='bbox 1841 3567 2009 3621; x_wconf 84' lang='lat' dir='ltr'><strong>Tille-</strong></span> 
     </span>
    </p>
   </div>
   <div class='ocr_carea' id='block_1_44' title="bbox 2095 1399 3674 1477">
    <p class='ocr_par' dir='ltr' id='par_1_44' title="bbox 2095 1399 3674 1477">
     <span class='ocr_line' id='line_1_44' title="bbox 2095 1399 3674 1477; baseline -0.006 -16"><span class='ocrx_word' id='word_1_331' title='bbox 2095 1405 2398 1477; x_wconf 85' lang='lat' dir='ltr'><strong>prolluant?</strong></span> <span class='ocrx_word' id='word_1_332' title='bbox 2437 1403 2817 1457; x_wconf 87' lang='lat' dir='ltr'><strong>lmmortalitas</strong></span> <span class='ocrx_word' id='word_1_333' title='bbox 2854 1402 3067 1464; x_wconf 78' lang='lat' dir='ltr'><strong>animae,</strong></span> <span class='ocrx_word' id='word_1_334' title='bbox 3107 1400 3379 1455; x_wconf 62' lang='lat' dir='ltr'><strong>aeternitas</strong></span> <span class='ocrx_word' id='word_1_335' title='bbox 3418 1399 3556 1461; x_wconf 65' lang='lat' dir='ltr'><strong>vitae,</strong></span> <span class='ocrx_word' id='word_1_336' title='bbox 3586 1413 3674 1452; x_wconf 88' lang='lat' dir='ltr'><strong>rc-</strong></span> 
     </span>
    </p>
   </div>
   <div class='ocr_carea' id='block_1_45' title="bbox 2095 1488 3671 1565">
    <p class='ocr_par' dir='ltr' id='par_1_45' title="bbox 2095 1488 3671 1565">
     <span class='ocr_line' id='line_1_45' title="bbox 2095 1488 3671 1565; baseline -0.004 -18"><span class='ocrx_word' id='word_1_337' title='bbox 2095 1508 2260 1565; x_wconf 75' lang='lat' dir='ltr'><strong>gnum</strong></span> <span class='ocrx_word' id='word_1_338' title='bbox 2285 1493 2568 1557; x_wconf 75' lang='lat' dir='ltr'><strong>ccelorum,</strong></span> <span class='ocrx_word' id='word_1_339' title='bbox 2602 1492 2784 1545; x_wconf 66' lang='lat' dir='ltr'><strong>laetitia</strong></span> <span class='ocrx_word' id='word_1_340' title='bbox 2823 1491 3169 1560; x_wconf 82' lang='lat' dir='ltr'><strong>sempiterna,</strong></span> <span class='ocrx_word' id='word_1_341' title='bbox 3214 1488 3470 1559; x_wconf 81' lang='lat' dir='ltr'><strong>gaudiqu</strong></span> <span class='ocrx_word' id='word_1_342' title='bbox 3522 1488 3671 1541; x_wconf 89' lang='lat' dir='ltr'><strong>nullo</strong></span> 
     </span>
    </p>
   </div>
   <div class='ocr_carea' id='block_1_46' title="bbox 2096 1579 3672 1647">
    <p class='ocr_par' dir='ltr' id='par_1_46' title="bbox 2096 1579 3672 1647">
     <span class='ocr_line' id='line_1_46' title="bbox 2096 1579 3672 1647; baseline -0.006 -7"><span class='ocrx_word' id='word_1_343' title='bbox 2096 1588 2203 1641; x_wconf 83' lang='lat' dir='ltr'><strong>line</strong></span> <span class='ocrx_word' id='word_1_344' title='bbox 2255 1584 2593 1639; x_wconf 90' lang='lat' dir='ltr'><strong>conclusum.</strong></span> <span class='ocrx_word' id='word_1_345' title='bbox 2660 1580 3141 1637; x_wconf 82' lang='lat' dir='ltr'><strong>Verumcnimvere</strong></span> <span class='ocrx_word' id='word_1_346' title='bbox 3201 1580 3327 1633; x_wconf 91' lang='lat' dir='ltr'><strong>dum</strong></span> <span class='ocrx_word' id='word_1_347' title='bbox 3384 1579 3672 1647; x_wconf 65' lang='lat' dir='ltr'><strong>praesentia</strong></span> 
     </span>
    </p>
   </div>
   <div class='ocr_carea' id='block_1_47' title="bbox 2096 1668 3672 1746">
    <p class='ocr_par' dir='ltr' id='par_1_47' title="bbox 2096 1668 3672 1746">
     <span class='ocr_line' id='line_1_47' title="bbox 2096 1668 3672 1746; baseline -0.008 -14"><span class='ocrx_word' id='word_1_348' title='bbox 2096 1675 2454 1746; x_wconf 85' lang='lat' dir='ltr'><strong>contemplor,</strong></span> <span class='ocrx_word' id='word_1_349' title='bbox 2503 1674 2751 1743; x_wconf 79' lang='lat' dir='ltr'><strong>exiguam</strong></span> <span class='ocrx_word' id='word_1_350' title='bbox 2792 1672 2913 1742; x_wconf 86' lang='lat' dir='ltr'><strong>ejus</strong></span> <span class='ocrx_word' id='word_1_351' title='bbox 2934 1671 3086 1742; x_wconf 77' lang='lat' dir='ltr'><strong>quod</strong></span> <span class='ocrx_word' id='word_1_352' title='bbox 3131 1671 3283 1725; x_wconf 88' lang='lat' dir='ltr'><strong>deest</strong></span> <span class='ocrx_word' id='word_1_353' title='bbox 3326 1670 3466 1725; x_wconf 91' lang='lat' dir='ltr'><strong>duco</strong></span> <span class='ocrx_word' id='word_1_354' title='bbox 3491 1668 3672 1738; x_wconf 90' lang='lat' dir='ltr'><strong>jactu-</strong></span> 
     </span>
    </p>
   </div>
   <div class='ocr_carea' id='block_1_48' title="bbox 2096 1760 3673 1831">
    <p class='ocr_par' dir='ltr' id='par_1_48' title="bbox 2096 1760 3673 1831">
     <span class='ocr_line' id='line_1_48' title="bbox 2096 1760 3673 1831; baseline -0.006 -8"><span class='ocrx_word' id='word_1_355' title='bbox 2096 1782 2234 1823; x_wconf 84' lang='lat' dir='ltr'><strong>ram.</strong></span> <span class='ocrx_word' id='word_1_356' title='bbox 2282 1764 2502 1821; x_wconf 83' lang='lat' dir='ltr'><strong>Referta</strong></span> <span class='ocrx_word' id='word_1_357' title='bbox 2551 1765 2681 1818; x_wconf 93' lang='lat' dir='ltr'><strong>mihi</strong></span> <span class='ocrx_word' id='word_1_358' title='bbox 2730 1764 2888 1819; x_wconf 85' lang='lat' dir='ltr'><strong>bonis</strong></span> <span class='ocrx_word' id='word_1_359' title='bbox 2937 1772 3021 1819; x_wconf 85' lang='lat' dir='ltr'><strong>est</strong></span> <span class='ocrx_word' id='word_1_360' title='bbox 3068 1764 3300 1828; x_wconf 89' lang='lat' dir='ltr'><strong>domus;</strong></span> <span class='ocrx_word' id='word_1_361' title='bbox 3351 1760 3494 1831; x_wconf 88' lang='lat' dir='ltr'><strong>pleni</strong></span> <span class='ocrx_word' id='word_1_362' title='bbox 3543 1771 3673 1815; x_wconf 88' lang='lat' dir='ltr'><strong>sunt</strong></span> 
     </span>
    </p>
   </div>
   <div class='ocr_carea' id='block_1_49' title="bbox 2097 1851 3675 1925">
    <p class='ocr_par' dir='ltr' id='par_1_49' title="bbox 2097 1851 3675 1925">
     <span class='ocr_line' id='line_1_49' title="bbox 2097 1851 3675 1925; baseline -0.007 -13"><span class='ocrx_word' id='word_1_363' title='bbox 2097 1872 2232 1913; x_wconf 85' lang='lat' dir='ltr'><strong>auro</strong></span> <span class='ocrx_word' id='word_1_364' title='bbox 2263 1857 2481 1912; x_wconf 69' lang='lat' dir='ltr'><strong>Arabia:</strong></span> <span class='ocrx_word' id='word_1_365' title='bbox 2506 1856 2747 1911; x_wconf 87' lang='lat' dir='ltr'><strong>thesauri</strong></span> <span class='ocrx_word' id='word_1_366' title='bbox 2775 1874 2788 1909; x_wconf 90' lang='lat'>:</span> <span class='ocrx_word' id='word_1_367' title='bbox 2821 1854 3221 1925; x_wconf 86' lang='lat' dir='ltr'><strong>quamprimum</strong></span> <span class='ocrx_word' id='word_1_368' title='bbox 3247 1861 3424 1907; x_wconf 84' lang='lat' dir='ltr'><strong>autem</strong></span> <span class='ocrx_word' id='word_1_369' title='bbox 3457 1851 3675 1906; x_wconf 76' lang='lat' dir='ltr'><strong>venient</strong></span> 
     </span>
    </p>
   </div>
   <div class='ocr_carea' id='block_1_50' title="bbox 2096 1944 3670 2020">
    <p class='ocr_par' dir='ltr' id='par_1_50' title="bbox 2096 1944 3670 2020">
     <span class='ocr_line' id='line_1_50' title="bbox 2096 1944 3670 2020; baseline -0.008 -14"><span class='ocrx_word' id='word_1_370' title='bbox 2096 1966 2161 2006; x_wconf 81' lang='lat' dir='ltr'><strong>ex</strong></span> <span class='ocrx_word' id='word_1_371' title='bbox 2211 1948 2443 2020; x_wconf 66' lang='lat' dir='ltr'><strong>Algypto</strong></span> <span class='ocrx_word' id='word_1_372' title='bbox 2484 1949 2665 2019; x_wconf 81' lang='lat' dir='ltr'><strong>legati,</strong></span> <span class='ocrx_word' id='word_1_373' title='bbox 2713 1956 2768 2003; x_wconf 92' lang='lat' dir='ltr'><strong>et</strong></span> <span class='ocrx_word' id='word_1_374' title='bbox 2810 1946 3140 2017; x_wconf 65' lang='lat' dir='ltr'><strong>praavenient</strong></span> <span class='ocrx_word' id='word_1_375' title='bbox 3188 1961 3383 1999; x_wconf 88' lang='lat' dir='ltr'><strong>manus</strong></span> <span class='ocrx_word' id='word_1_376' title='bbox 3432 1944 3670 2014; x_wconf 85' lang='lat' dir='ltr'><strong>ipsorum</strong></span> 
     </span>
    </p>
   </div>
   <div class='ocr_carea' id='block_1_51' title="bbox 2098 2032 3670 2108">
    <p class='ocr_par' dir='ltr' id='par_1_51' title="bbox 2098 2032 3670 2108">
     <span class='ocr_line' id='line_1_51' title="bbox 2098 2032 3670 2108; baseline -0.006 -15"><span class='ocrx_word' id='word_1_377' title='bbox 2098 2038 2227 2105; x_wconf 78' lang='lat' dir='ltr'><strong>Deo,</strong></span> <span class='ocrx_word' id='word_1_378' title='bbox 2276 2053 2339 2093; x_wconf 89' lang='lat' dir='ltr'><strong>ac</strong></span> <span class='ocrx_word' id='word_1_379' title='bbox 2380 2054 2543 2108; x_wconf 82' lang='lat' dir='ltr'><strong>regna</strong></span> <span class='ocrx_word' id='word_1_380' title='bbox 2590 2047 2745 2092; x_wconf 68' lang='lat' dir='ltr'><strong>terra:</strong></span> <span class='ocrx_word' id='word_1_381' title='bbox 2773 2036 3153 2105; x_wconf 84' lang='lat' dir='ltr'><strong>triumphalem</strong></span> <span class='ocrx_word' id='word_1_382' title='bbox 3202 2033 3484 2089; x_wconf 89' lang='lat' dir='ltr'><strong>nobiscum</strong></span> <span class='ocrx_word' id='word_1_383' title='bbox 3516 2032 3670 2102; x_wconf 85' lang='lat' dir='ltr'><strong>hym-</strong></span> 
     </span>
    </p>
   </div>
   <div class='ocr_carea' id='block_1_52' title="bbox 2092 2122 3676 2197">
    <p class='ocr_par' dir='ltr' id='par_1_52' title="bbox 2092 2122 3676 2197">
     <span class='ocr_line' id='line_1_52' title="bbox 2092 2122 3676 2197; baseline -0.007 -13"><span class='ocrx_word' id='word_1_384' title='bbox 2092 2144 2229 2183; x_wconf 77' lang='lat' dir='ltr'><strong>num</strong></span> <span class='ocrx_word' id='word_1_385' title='bbox 2278 2129 2566 2183; x_wconf 90' lang='lat' dir='ltr'><strong>concinent</strong></span> <span class='ocrx_word' id='word_1_386' title='bbox 2606 2129 2677 2190; x_wconf 89' lang='lat' dir='ltr'><strong>ei,</strong></span> <span class='ocrx_word' id='word_1_387' title='bbox 2696 2127 2786 2197; x_wconf 92' lang='lat' dir='ltr'><strong>qui</strong></span> <span class='ocrx_word' id='word_1_388' title='bbox 2816 2141 3005 2181; x_wconf 86' lang='lat' dir='ltr'><strong>omnes</strong></span> <span class='ocrx_word' id='word_1_389' title='bbox 3025 2125 3089 2179; x_wconf 89' lang='lat' dir='ltr'><strong>ad</strong></span> <span class='ocrx_word' id='word_1_390' title='bbox 3118 2138 3275 2179; x_wconf 91' lang='lat' dir='ltr'><strong>suum</strong></span> <span class='ocrx_word' id='word_1_391' title='bbox 3295 2136 3515 2193; x_wconf 75' lang='lat' dir='ltr'><strong>regnum</strong></span> <span class='ocrx_word' id='word_1_392' title='bbox 3538 2122 3676 2176; x_wconf 78' lang='lat' dir='ltr'><strong>invi-</strong></span> 
     </span>
    </p>
   </div>
   <div class='ocr_carea' id='block_1_53' title="bbox 2096 2212 3497 2289">
    <p class='ocr_par' dir='ltr' id='par_1_53' title="bbox 2096 2212 3497 2289">
     <span class='ocr_line' id='line_1_53' title="bbox 2096 2212 3497 2289; baseline -0.01 -14"><span class='ocrx_word' id='word_1_393' title='bbox 2096 2228 2201 2275; x_wconf 80' lang='lat' dir='ltr'><strong>tat.</strong></span> <span class='ocrx_word' id='word_1_394' title='bbox 2234 2219 2331 2275; x_wconf 89' lang='lat' dir='ltr'><strong>Cui</strong></span> <span class='ocrx_word' id='word_1_395' title='bbox 2366 2220 2535 2289; x_wconf 79' lang='lat' dir='ltr'><strong>gloria</strong></span> <span class='ocrx_word' id='word_1_396' title='bbox 2565 2226 2615 2272; x_wconf 91' lang='lat' dir='ltr'><strong>et</strong></span> <span class='ocrx_word' id='word_1_397' title='bbox 2647 2226 2888 2286; x_wconf 87' lang='lat' dir='ltr'><strong>potestas</strong></span> <span class='ocrx_word' id='word_1_398' title='bbox 2919 2218 2972 2270; x_wconf 91' lang='lat' dir='ltr'><strong>in</strong></span> <span class='ocrx_word' id='word_1_399' title='bbox 3005 2217 3221 2271; x_wconf 66' lang='lat' dir='ltr'><strong>saecula.</strong></span> <span class='ocrx_word' id='word_1_400' title='bbox 3263 2215 3431 2266; x_wconf 84' lang='lat' dir='ltr'><strong>Amen</strong></span> <span class='ocrx_word' id='word_1_401' title='bbox 3459 2212 3497 2261; x_wconf 85' lang='lat'><strong>&#39;.</strong></span> 
     </span>
    </p>
   </div>
   <div class='ocr_carea' id='block_1_54' title="bbox 2115 2476 2198 2529">
    <p class='ocr_par' dir='ltr' id='par_1_54' title="bbox 2115 2476 2198 2529">
     <span class='ocr_line' id='line_1_54' title="bbox 2115 2476 2198 2529; baseline -0.024 0"><span class='ocrx_word' id='word_1_402' title='bbox 2115 2476 2198 2529; x_wconf 79' lang='grc' dir='ltr'><strong>Η.</strong></span> 
     </span>
    </p>
   </div>
   <div class='ocr_carea' id='block_1_55' title="bbox 2102 2798 3675 2870">
    <p class='ocr_par' dir='ltr' id='par_1_55' title="bbox 2102 2798 3675 2870">
     <span class='ocr_line' id='line_1_55' title="bbox 2102 2798 3675 2870; baseline 0.001 -17"><span class='ocrx_word' id='word_1_403' title='bbox 2102 2808 2253 2855; x_wconf 78' lang='grc' dir='ltr'>ηιοιιι</span> <span class='ocrx_word' id='word_1_404' title='bbox 2288 2801 2322 2854; x_wconf 83' lang='grc'><strong>1.</strong></span> <span class='ocrx_word' id='word_1_405' title='bbox 2353 2814 2401 2853; x_wconf 91' lang='lat' dir='ltr'><strong>c.</strong></span> <span class='ocrx_word' id='word_1_406' title='bbox 2438 2808 2541 2870; x_wconf 84' lang='lat' dir='ltr'><strong>art.</strong></span> <span class='ocrx_word' id='word_1_407' title='bbox 2577 2800 2632 2870; x_wconf 42' lang='grc' dir='ltr'>ὃ,</span> <span class='ocrx_word' id='word_1_408' title='bbox 2663 2808 2714 2851; x_wconf 85' lang='lat' dir='ltr'><strong>ct</strong></span> <span class='ocrx_word' id='word_1_409' title='bbox 2749 2800 2814 2852; x_wconf 84' lang='lat'><strong>16</strong></span> <span class='ocrx_word' id='word_1_410' title='bbox 2859 2798 2946 2868; x_wconf 91' lang='lat' dir='ltr'><strong>(p.</strong></span> <span class='ocrx_word' id='word_1_411' title='bbox 2984 2799 3086 2870; x_wconf 62' lang='lat'><strong>5136</strong></span> <span class='ocrx_word' id='word_1_412' title='bbox 3116 2809 3169 2857; x_wconf 87' lang='lat' dir='ltr'><strong>et</strong></span> <span class='ocrx_word' id='word_1_413' title='bbox 3198 2799 3346 2870; x_wconf 87' lang='lat'><strong>606),</strong></span> <span class='ocrx_word' id='word_1_414' title='bbox 3385 2814 3509 2855; x_wconf 86' lang='lat' dir='ltr'><strong>cum</strong></span> <span class='ocrx_word' id='word_1_415' title='bbox 3543 2811 3675 2855; x_wconf 84' lang='lat' dir='ltr'><strong>uota</strong></span> 
     </span>
    </p>
   </div>
   <div class='ocr_carea' id='block_1_56' title="bbox 2104 2868 3674 2939">
    <p class='ocr_par' dir='ltr' id='par_1_56' title="bbox 2104 2868 3674 2939">
     <span class='ocr_line' id='line_1_56' title="bbox 2104 2868 3674 2939; baseline 0.001 -16"><span class='ocrx_word' id='word_1_416' title='bbox 2104 2870 2138 2923; x_wconf 79' lang='grc'><strong>4</strong></span> <span class='ocrx_word' id='word_1_417' title='bbox 2173 2871 2245 2939; x_wconf 91' lang='lat' dir='ltr'><strong>(p.</strong></span> <span class='ocrx_word' id='word_1_418' title='bbox 2301 2869 2560 2939; x_wconf 52' lang='lat'><strong>753154);</strong></span> <span class='ocrx_word' id='word_1_419' title='bbox 2595 2868 2814 2924; x_wconf 89' lang='lat' dir='ltr'><strong>Ceillier</strong></span> <span class='ocrx_word' id='word_1_420' title='bbox 2846 2870 2881 2922; x_wconf 88' lang='grc' dir='ltr'>ι.</span> <span class='ocrx_word' id='word_1_421' title='bbox 2918 2884 2970 2923; x_wconf 93' lang='lat' dir='ltr'><strong>c.</strong></span> <span class='ocrx_word' id='word_1_422' title='bbox 2999 2868 3026 2939; x_wconf 63' lang='grc' dir='ltr'>ᾗ</span> <span class='ocrx_word' id='word_1_423' title='bbox 3057 2870 3129 2939; x_wconf 41' lang='grc' dir='ltr'>ρ,</span> <span class='ocrx_word' id='word_1_424' title='bbox 3154 2886 3210 2922; x_wconf 93' lang='lat' dir='ltr'><strong>n.</strong></span> <span class='ocrx_word' id='word_1_425' title='bbox 3245 2868 3310 2934; x_wconf 75' lang='lat'><strong>6,</strong></span> <span class='ocrx_word' id='word_1_426' title='bbox 3346 2871 3379 2923; x_wconf 87' lang='grc'>7</span> <span class='ocrx_word' id='word_1_427' title='bbox 3433 2873 3510 2938; x_wconf 90' lang='lat' dir='ltr'><strong>(p.</strong></span> <span class='ocrx_word' id='word_1_428' title='bbox 3545 2871 3674 2935; x_wconf 72' lang='lat'><strong>250,</strong></span> 
     </span>
    </p>
   </div>
   <div class='ocr_carea' id='block_1_57' title="bbox 2102 2937 3675 3010">
    <p class='ocr_par' dir='ltr' id='par_1_57' title="bbox 2102 2937 3675 3010">
     <span class='ocr_line' id='line_1_57' title="bbox 2102 2937 3675 3010; baseline 0.001 -17"><span class='ocrx_word' id='word_1_429' title='bbox 2102 2937 2265 3010; x_wconf 39' lang='lat'><strong>251—);</strong></span> <span class='ocrx_word' id='word_1_430' title='bbox 2305 2939 2367 2995; x_wconf 86' lang='grc' dir='ltr'><strong>ι).</strong></span> <span class='ocrx_word' id='word_1_431' title='bbox 2412 2937 2752 3010; x_wconf 59' lang='lat' dir='ltr'><strong>Bapehroch.</strong></span> <span class='ocrx_word' id='word_1_432' title='bbox 2786 2941 2840 2994; x_wconf 91' lang='lat' dir='ltr'><strong>in</strong></span> <span class='ocrx_word' id='word_1_433' title='bbox 2873 2937 3020 2993; x_wconf 68' lang='lat' dir='ltr'><strong>Actis</strong></span> <span class='ocrx_word' id='word_1_434' title='bbox 3051 2937 3152 2993; x_wconf 89' lang='lat' dir='ltr'><strong>SS.</strong></span> <span class='ocrx_word' id='word_1_435' title='bbox 3183 2939 3218 2992; x_wconf 92' lang='lat' dir='ltr'><strong>l.</strong></span> <span class='ocrx_word' id='word_1_436' title='bbox 3260 2955 3312 2994; x_wconf 91' lang='lat' dir='ltr'><strong>c.</strong></span> <span class='ocrx_word' id='word_1_437' title='bbox 3358 2957 3415 2995; x_wconf 93' lang='lat' dir='ltr'><strong>n.</strong></span> <span class='ocrx_word' id='word_1_438' title='bbox 3446 2941 3539 3004; x_wconf 73' lang='grc'><strong>54,</strong></span> <span class='ocrx_word' id='word_1_439' title='bbox 3581 2942 3675 2997; x_wconf 79' lang='lat'><strong>&#39;55.</strong></span> 
     </span>
    </p>
   </div>
   <div class='ocr_carea' id='block_1_58' title="bbox 2104 3008 3678 3079">
    <p class='ocr_par' dir='ltr' id='par_1_58' title="bbox 2104 3008 3678 3079">
     <span class='ocr_line' id='line_1_58' title="bbox 2104 3008 3678 3079; baseline 0.002 -16"><span class='ocrx_word' id='word_1_440' title='bbox 2104 3008 2221 3064; x_wconf 79' lang='lat' dir='ltr'><strong>Nec</strong></span> <span class='ocrx_word' id='word_1_441' title='bbox 2239 3010 2386 3079; x_wconf 88' lang='lat' dir='ltr'><strong>quod</strong></span> <span class='ocrx_word' id='word_1_442' title='bbox 2417 3008 2710 3063; x_wconf 82' lang='lat' dir='ltr'><strong>Tillemont</strong></span> <span class='ocrx_word' id='word_1_443' title='bbox 2733 3010 2792 3078; x_wconf 90' lang='grc' dir='ltr'><strong>(ι.</strong></span> <span class='ocrx_word' id='word_1_444' title='bbox 2812 3010 2887 3075; x_wconf 92' lang='lat' dir='ltr'><strong>c.)</strong></span> <span class='ocrx_word' id='word_1_445' title='bbox 2918 3009 3117 3077; x_wconf 87' lang='lat' dir='ltr'><strong>aliique</strong></span> <span class='ocrx_word' id='word_1_446' title='bbox 3135 3024 3260 3079; x_wconf 83' lang='lat' dir='ltr'><strong>eum</strong></span> <span class='ocrx_word' id='word_1_447' title='bbox 3286 3010 3459 3065; x_wconf 85' lang='lat' dir='ltr'><strong>secuti</strong></span> <span class='ocrx_word' id='word_1_448' title='bbox 3486 3019 3678 3066; x_wconf 87' lang='lat' dir='ltr'><strong>contra</strong></span> 
     </span>
    </p>
   </div>
   <div class='ocr_carea' id='block_1_59' title="bbox 2111 3078 3680 3150">
    <p class='ocr_par' dir='ltr' id='par_1_59' title="bbox 2111 3078 3680 3150">
     <span class='ocr_line' id='line_1_59' title="bbox 2111 3078 3680 3150; baseline 0.001 -17"><span class='ocrx_word' id='word_1_449' title='bbox 2111 3078 2267 3150; x_wconf 77' lang='lat' dir='ltr'><strong>hanc</strong></span> <span class='ocrx_word' id='word_1_450' title='bbox 2286 3080 2545 3150; x_wconf 74' lang='lat' dir='ltr'><strong>temporis</strong></span> <span class='ocrx_word' id='word_1_451' title='bbox 2568 3086 2756 3150; x_wconf 78' lang='lat' dir='ltr'><strong>notam</strong></span> <span class='ocrx_word' id='word_1_452' title='bbox 2782 3087 3092 3148; x_wconf 89' lang='lat' dir='ltr'><strong>opponunt,</strong></span> <span class='ocrx_word' id='word_1_453' title='bbox 3120 3078 3441 3150; x_wconf 72' lang='lat' dir='ltr'><strong>Gregorium</strong></span> <span class='ocrx_word' id='word_1_454' title='bbox 3467 3082 3680 3136; x_wconf 61' lang='lat' dir='ltr'><strong>scilicet</strong></span> 
     </span>
    </p>
   </div>
   <div class='ocr_carea' id='block_1_60' title="bbox 2107 3147 3681 3218">
    <p class='ocr_par' dir='ltr' id='par_1_60' title="bbox 2107 3147 3681 3218">
     <span class='ocr_line' id='line_1_60' title="bbox 2107 3147 3681 3218; baseline 0.001 -15"><span class='ocrx_word' id='word_1_455' title='bbox 2107 3165 2158 3205; x_wconf 90' lang='lat' dir='ltr'><strong>a.</strong></span> <span class='ocrx_word' id='word_1_456' title='bbox 2200 3149 2298 3204; x_wconf 75' lang='lat'><strong>381</strong></span> <span class='ocrx_word' id='word_1_457' title='bbox 2340 3147 2579 3202; x_wconf 82' lang='lat' dir='ltr'><strong>nendum</strong></span> <span class='ocrx_word' id='word_1_458' title='bbox 2610 3147 2748 3203; x_wconf 90' lang='lat' dir='ltr'><strong>adeo</strong></span> <span class='ocrx_word' id='word_1_459' title='bbox 2776 3147 3032 3218; x_wconf 85' lang='lat' dir='ltr'><strong>provecta</strong></span> <span class='ocrx_word' id='word_1_460' title='bbox 3075 3147 3254 3204; x_wconf 51' lang='lat' dir='ltr'><strong>:etate&#39;</strong></span> <span class='ocrx_word' id='word_1_461' title='bbox 3268 3150 3460 3213; x_wconf 83' lang='lat' dir='ltr'><strong>fuisse,</strong></span> <span class='ocrx_word' id='word_1_462' title='bbox 3493 3161 3553 3203; x_wconf 89' lang='lat' dir='ltr'><strong>ut</strong></span> <span class='ocrx_word' id='word_1_463' title='bbox 3586 3166 3681 3204; x_wconf 89' lang='lat' dir='ltr'><strong>ca-</strong></span> 
     </span>
    </p>
   </div>
   <div class='ocr_carea' id='block_1_61' title="bbox 2108 3219 3681 3357">
    <p class='ocr_par' dir='ltr' id='par_1_61' title="bbox 2108 3219 3681 3357">
     <span class='ocr_line' id='line_1_61' title="bbox 2108 3219 3681 3290; baseline 0.001 -18"><span class='ocrx_word' id='word_1_464' title='bbox 2108 3236 2209 3274; x_wconf 89' lang='lat' dir='ltr'><strong>nos</strong></span> <span class='ocrx_word' id='word_1_465' title='bbox 2230 3226 2475 3290; x_wconf 75' lang='lat' dir='ltr'><strong>gestaret</strong></span> <span class='ocrx_word' id='word_1_466' title='bbox 2513 3220 2679 3287; x_wconf 88' lang='lat' dir='ltr'><strong>(quod</strong></span> <span class='ocrx_word' id='word_1_467' title='bbox 2710 3226 2891 3273; x_wconf 89' lang='lat' dir='ltr'><strong>tamen</strong></span> <span class='ocrx_word' id='word_1_468' title='bbox 2917 3219 2985 3274; x_wconf 92' lang='lat' dir='ltr'><strong>de</strong></span> <span class='ocrx_word' id='word_1_469' title='bbox 3017 3234 3076 3274; x_wconf 86' lang='lat' dir='ltr'><strong>se</strong></span> <span class='ocrx_word' id='word_1_470' title='bbox 3106 3220 3224 3288; x_wconf 89' lang='lat' dir='ltr'><strong>ipse</strong></span> <span class='ocrx_word' id='word_1_471' title='bbox 3262 3228 3497 3275; x_wconf 90' lang='lat' dir='ltr'><strong>testatur</strong></span> <span class='ocrx_word' id='word_1_472' title='bbox 3524 3220 3681 3275; x_wconf 89' lang='lat' dir='ltr'><strong>initio</strong></span> 
     </span>
     <span class='ocr_line' id='line_1_62' title="bbox 2108 3287 3676 3357; baseline 0 -15"><span class='ocrx_word' id='word_1_473' title='bbox 2108 3289 2272 3343; x_wconf 87' lang='lat' dir='ltr'><strong>istius</strong></span> <span class='ocrx_word' id='word_1_474' title='bbox 2315 3287 2637 3357; x_wconf 89' lang='lat' dir='ltr'><strong>Orationis),</strong></span> <span class='ocrx_word' id='word_1_475' title='bbox 2688 3290 2854 3343; x_wconf 89' lang='lat' dir='ltr'><strong>ullam</strong></span> <span class='ocrx_word' id='word_1_476' title='bbox 2903 3289 3064 3343; x_wconf 84' lang='lat' dir='ltr'><strong>habet</strong></span> <span class='ocrx_word' id='word_1_477' title='bbox 3099 3294 3225 3352; x_wconf 81' lang='lat' dir='ltr'><strong>vim,</strong></span> <span class='ocrx_word' id='word_1_478' title='bbox 3261 3306 3385 3345; x_wconf 89' lang='lat' dir='ltr'><strong>cum</strong></span> <span class='ocrx_word' id='word_1_479' title='bbox 3422 3291 3565 3344; x_wconf 89' lang='lat' dir='ltr'><strong>idem</strong></span> <span class='ocrx_word' id='word_1_480' title='bbox 3616 3290 3676 3344; x_wconf 67' lang='grc' dir='ltr'><strong>ὃ.</strong></span> 
     </span>
    </p>
   </div>
   <div class='ocr_carea' id='block_1_62' title="bbox 2108 3358 3677 3429">
    <p class='ocr_par' dir='ltr' id='par_1_62' title="bbox 2108 3358 3677 3429">
     <span class='ocr_line' id='line_1_63' title="bbox 2108 3358 3677 3429; baseline 0.001 -17"><span class='ocrx_word' id='word_1_481' title='bbox 2108 3360 2304 3429; x_wconf 85' lang='lat' dir='ltr'><strong>doctor</strong></span> <span class='ocrx_word' id='word_1_482' title='bbox 2334 3360 2426 3413; x_wconf 78' lang='lat' dir='ltr'><strong>lib.</strong></span> <span class='ocrx_word' id='word_1_483' title='bbox 2471 3374 2507 3411; x_wconf 91' lang='lat' dir='ltr'><strong>Il</strong></span> <span class='ocrx_word' id='word_1_484' title='bbox 2539 3360 2745 3413; x_wconf 83' lang='lat' dir='ltr'><strong>Contra</strong></span> <span class='ocrx_word' id='word_1_485' title='bbox 2785 3358 3113 3414; x_wconf 58' lang='lat' dir='ltr'><strong>liunomium</strong></span> <span class='ocrx_word' id='word_1_486' title='bbox 3150 3360 3301 3429; x_wconf 91' lang='lat' dir='ltr'><strong>(edit.</strong></span> <span class='ocrx_word' id='word_1_487' title='bbox 3339 3360 3501 3424; x_wconf 84' lang='lat'><strong>1615,</strong></span> <span class='ocrx_word' id='word_1_488' title='bbox 3535 3370 3575 3414; x_wconf 90' lang='grc' dir='ltr'>ι.</span> <span class='ocrx_word' id='word_1_489' title='bbox 3614 3361 3677 3421; x_wconf 91' lang='grc' dir='ltr'><strong>ΙΙ.</strong></span> 
     </span>
    </p>
   </div>
   <div class='ocr_carea' id='block_1_63' title="bbox 2108 3428 3681 3500">
    <p class='ocr_par' dir='ltr' id='par_1_63' title="bbox 2108 3428 3681 3500">
     <span class='ocr_line' id='line_1_64' title="bbox 2108 3428 3681 3500; baseline 0.002 -20"><span class='ocrx_word' id='word_1_490' title='bbox 2108 3444 2163 3498; x_wconf 90' lang='lat' dir='ltr'><strong>p.</strong></span> <span class='ocrx_word' id='word_1_491' title='bbox 2197 3428 2286 3496; x_wconf 80' lang='grc'><strong>65)</strong></span> <span class='ocrx_word' id='word_1_492' title='bbox 2342 3429 2548 3500; x_wconf 83' lang='lat' dir='ltr'><strong>pariter</strong></span> <span class='ocrx_word' id='word_1_493' title='bbox 2577 3430 2643 3483; x_wconf 92' lang='lat' dir='ltr'><strong>de</strong></span> <span class='ocrx_word' id='word_1_494' title='bbox 2673 3429 2826 3500; x_wconf 76' lang='lat' dir='ltr'><strong>senili</strong></span> <span class='ocrx_word' id='word_1_495' title='bbox 2853 3430 3048 3484; x_wconf 81' lang='lat' dir='ltr'><strong>canitie</strong></span> <span class='ocrx_word' id='word_1_496' title='bbox 3079 3428 3176 3485; x_wconf 90' lang='lat' dir='ltr'><strong>sua</strong></span> <span class='ocrx_word' id='word_1_497' title='bbox 3217 3431 3491 3500; x_wconf 88' lang='lat' dir='ltr'><strong>loquatur,</strong></span> <span class='ocrx_word' id='word_1_498' title='bbox 3521 3446 3681 3498; x_wconf 83' lang='lat' dir='ltr'><strong>quem</strong></span> 
     </span>
    </p>
   </div>
   <div class='ocr_carea' id='block_1_64' title="bbox 2108 3498 3771 3570">
    <p class='ocr_par' dir='ltr' id='par_1_64' title="bbox 2108 3498 3771 3570">
     <span class='ocr_line' id='line_1_65' title="bbox 2108 3498 3771 3570; baseline 0.006 -21"><span class='ocrx_word' id='word_1_499' title='bbox 2108 3508 2289 3570; x_wconf 66' lang='lat' dir='ltr'><strong>tamen</strong></span> <span class='ocrx_word' id='word_1_500' title='bbox 2318 3498 2633 3570; x_wconf 76' lang='lat' dir='ltr'><strong>certissime</strong></span> <span class='ocrx_word' id='word_1_501' title='bbox 2670 3514 2722 3570; x_wconf 76' lang='lat' dir='ltr'><strong>a.</strong></span> <span class='ocrx_word' id='word_1_502' title='bbox 2752 3499 2851 3570; x_wconf 54' lang='lat'><strong>381</strong></span> <span class='ocrx_word' id='word_1_503' title='bbox 2888 3500 3002 3566; x_wconf 90' lang='lat' dir='ltr'><strong>jam</strong></span> <span class='ocrx_word' id='word_1_504' title='bbox 3050 3498 3367 3569; x_wconf 79' lang='lat' dir='ltr'><strong>scripserat.</strong></span> <span class='ocrx_word' id='word_1_505' title='bbox 3402 3502 3486 3570; x_wconf 89' lang='lat' dir='ltr'><strong>(S.</strong></span> <span class='ocrx_word' id='word_1_506' title='bbox 3532 3501 3681 3558; x_wconf 89' lang='lat' dir='ltr'><strong>llier.</strong></span> <span class='ocrx_word' id='word_1_507' title='bbox 3768 3566 3771 3567; x_wconf 22' lang='grc' dir='ltr'><strong>ν</strong></span> 
     </span>
    </p>
   </div>
   <div class='ocr_carea' id='block_1_65' title="bbox 2108 3567 3663 3638">
    <p class='ocr_par' dir='ltr' id='par_1_65' title="bbox 2108 3567 3663 3638">
     <span class='ocr_line' id='line_1_66' title="bbox 2108 3567 3663 3638; baseline 0.003 -17"><span class='ocrx_word' id='word_1_508' title='bbox 2108 3567 2186 3621; x_wconf 84' lang='lat' dir='ltr'><strong>De</strong></span> <span class='ocrx_word' id='word_1_509' title='bbox 2207 3568 2404 3637; x_wconf 72' lang='lat' dir='ltr'><strong>Script.</strong></span> <span class='ocrx_word' id='word_1_510' title='bbox 2422 3567 2545 3620; x_wconf 79' lang='lat' dir='ltr'><strong>eccl.</strong></span> <span class='ocrx_word' id='word_1_511' title='bbox 2570 3569 2782 3638; x_wconf 69' lang='lat' dir='ltr'><strong>c.128.)</strong></span> <span class='ocrx_word' id='word_1_512' title='bbox 2815 3568 3077 3636; x_wconf 68' lang='lat' dir='ltr'><strong>Pessum,</strong></span> <span class='ocrx_word' id='word_1_513' title='bbox 3105 3567 3281 3624; x_wconf 61' lang='lat' dir='ltr'><strong>Instit.</strong></span> <span class='ocrx_word' id='word_1_514' title='bbox 3310 3567 3532 3638; x_wconf 75' lang='lat' dir='ltr'><strong>Patr.,l,</strong></span> <span class='ocrx_word' id='word_1_515' title='bbox 3559 3571 3663 3626; x_wconf 76' lang='lat'><strong>613</strong></span> 
     </span>
    </p>
   </div>
   <div class='ocr_carea' id='block_1_66' title="bbox 2872 3778 3210 3793">
    <p class='ocr_par' dir='ltr' id='par_1_66' title="bbox 2872 3778 3210 3793">
     <span class='ocr_line' id='line_1_67' title="bbox 2872 3778 3210 3793; baseline 0.003 -1"><span class='ocrx_word' id='word_1_516' title='bbox 2872 3778 3210 3793; x_wconf 41' lang='grc' dir='ltr'><strong>...ι-...έοὲ</strong></span> 
     </span>
    </p>
   </div>
   <div class='ocr_carea' id='block_1_67' title="bbox 641 4169 3482 4273">
    <p class='ocr_par' dir='ltr' id='par_1_67' title="bbox 641 4169 3482 4273">
     <span class='ocr_line' id='line_1_68' title="bbox 641 4169 3482 4273; baseline 0.003 -16"><span class='ocrx_word' id='word_1_517' title='bbox 641 4170 901 4257; x_wconf 90' lang='grc' dir='ltr'><strong>ΠΕΡΙ</strong></span> <span class='ocrx_word' id='word_1_518' title='bbox 1004 4169 1603 4261; x_wconf 85' lang='grc' dir='ltr'><strong>ΘΕΟΤΗΤΟΣ</strong></span> <span class='ocrx_word' id='word_1_519' title='bbox 1692 4169 1963 4257; x_wconf 78' lang='grc' dir='ltr'><strong>ΥΙΟΥ</strong></span> <span class='ocrx_word' id='word_1_520' title='bbox 2062 4169 2257 4254; x_wconf 89' lang='grc' dir='ltr'><strong>ΚΑΙ</strong></span> <span class='ocrx_word' id='word_1_521' title='bbox 2346 4170 3033 4261; x_wconf 83' lang='grc' dir='ltr'><strong>ΙΙΝΕΥΜΑΤΟΣ</strong></span> <span class='ocrx_word' id='word_1_522' title='bbox 3114 4176 3482 4273; x_wconf 88' lang='grc' dir='ltr'><strong>ΛΟΓΟΣ</strong></span> 
     </span>
    </p>
   </div>
   <div class='ocr_carea' id='block_1_68' title="bbox 1510 4331 2681 4406">
    <p class='ocr_par' dir='ltr' id='par_1_68' title="bbox 1510 4331 2681 4406">
     <span class='ocr_line' id='line_1_69' title="bbox 1510 4331 2681 4406; baseline 0.002 -19"><span class='ocrx_word' id='word_1_523' title='bbox 1510 4336 1624 4387; x_wconf 66' lang='grc' dir='ltr'><strong>Καὶ</strong></span> <span class='ocrx_word' id='word_1_524' title='bbox 1660 4331 1927 4404; x_wconf 77' lang='grc' dir='ltr'>ἐγκώμιον</span> <span class='ocrx_word' id='word_1_525' title='bbox 1955 4334 2035 4396; x_wconf 88' lang='grc' dir='ltr'><strong>είς</strong></span> <span class='ocrx_word' id='word_1_526' title='bbox 2057 4333 2147 4385; x_wconf 83' lang='grc' dir='ltr'><strong>τὸν</strong></span> <span class='ocrx_word' id='word_1_527' title='bbox 2174 4332 2376 4387; x_wconf 84' lang='grc' dir='ltr'>δίκαιον</span> <span class='ocrx_word' id='word_1_528' title='bbox 2414 4335 2681 4406; x_wconf 74' lang='grc' dir='ltr'>Ἀϐραάμ.</span> 
     </span>
    </p>
   </div>
   <div class='ocr_carea' id='block_1_69' title="bbox 1779 4622 2358 4729">
    <p class='ocr_par' dir='ltr' id='par_1_69' title="bbox 1779 4622 2358 4729">
     <span class='ocr_line' id='line_1_70' title="bbox 1779 4622 2358 4729; baseline -0.005 0"><span class='ocrx_word' id='word_1_529' title='bbox 1779 4624 1915 4729; x_wconf 81' lang='lat' dir='ltr'><strong>EJ</strong></span> <span class='ocrx_word' id='word_1_530' title='bbox 1930 4622 2358 4728; x_wconf 88' lang='lat' dir='ltr'><strong>USDEM</strong></span> 
     </span>
    </p>
   </div>
   <div class='ocr_carea' id='block_1_70' title="bbox 562 4818 3567 4935">
    <p class='ocr_par' dir='ltr' id='par_1_70' title="bbox 562 4818 3567 4935">
     <span class='ocr_line' id='line_1_71' title="bbox 562 4818 3567 4935; baseline -0.002 0"><span class='ocrx_word' id='word_1_531' title='bbox 562 4840 1018 4935; x_wconf 80' lang='lat' dir='ltr'><strong>ORATIO</strong></span> <span class='ocrx_word' id='word_1_532' title='bbox 1079 4843 1228 4932; x_wconf 88' lang='lat' dir='ltr'><strong>DE</strong></span> <span class='ocrx_word' id='word_1_533' title='bbox 1304 4818 1821 4932; x_wconf 82' lang='lat' dir='ltr'><strong>DEITATE</strong></span> <span class='ocrx_word' id='word_1_534' title='bbox 1912 4836 2210 4924; x_wconf 87' lang='lat' dir='ltr'><strong>FlLil</strong></span> <span class='ocrx_word' id='word_1_535' title='bbox 2319 4834 2472 4922; x_wconf 83' lang='lat' dir='ltr'><strong>ET</strong></span> <span class='ocrx_word' id='word_1_536' title='bbox 2543 4834 3096 4926; x_wconf 80' lang='lat' dir='ltr'><strong>SPIRITUS</strong></span> <span class='ocrx_word' id='word_1_537' title='bbox 3151 4836 3567 4930; x_wconf 86' lang='lat' dir='ltr'><strong>SANCTI</strong></span> 
     </span>
    </p>
   </div>
   <div class='ocr_carea' id='block_1_71' title="bbox 1027 5013 3105 5085">
    <p class='ocr_par' dir='ltr' id='par_1_71' title="bbox 1027 5013 3105 5085">
     <span class='ocr_line' id='line_1_72' title="bbox 1027 5013 3105 5085; baseline -0.005 -5"><span class='ocrx_word' id='word_1_538' title='bbox 1027 5025 1130 5080; x_wconf 76' lang='lat' dir='ltr'><strong>Cui</strong></span> <span class='ocrx_word' id='word_1_539' title='bbox 1165 5022 1369 5082; x_wconf 86' lang='lat' dir='ltr'><strong>inserta</strong></span> <span class='ocrx_word' id='word_1_540' title='bbox 1397 5032 1479 5080; x_wconf 82' lang='lat' dir='ltr'><strong>est</strong></span> <span class='ocrx_word' id='word_1_541' title='bbox 1500 5023 1741 5079; x_wconf 87' lang='lat' dir='ltr'><strong>laudatio</strong></span> <span class='ocrx_word' id='word_1_542' title='bbox 1768 5018 2074 5076; x_wconf 82' lang='lat' dir='ltr'><strong>constantis</strong></span> <span class='ocrx_word' id='word_1_543' title='bbox 2104 5016 2223 5071; x_wconf 80' lang='lat' dir='ltr'><strong>ﬁdei</strong></span> <span class='ocrx_word' id='word_1_544' title='bbox 2255 5016 2388 5085; x_wconf 90' lang='lat' dir='ltr'><strong>justi</strong></span> <span class='ocrx_word' id='word_1_545' title='bbox 2431 5014 2762 5069; x_wconf 77' lang='lat' dir='ltr'><strong>Patriarchae</strong></span> <span class='ocrx_word' id='word_1_546' title='bbox 2792 5013 3105 5069; x_wconf 80' lang='lat' dir='ltr'><strong>Abrahami.</strong></span> 
     </span>
    </p>
   </div>
   <div class='ocr_carea' id='block_1_72' title="bbox 1702 5158 2483 5223">
    <p class='ocr_par' dir='ltr' id='par_1_72' title="bbox 1702 5158 2483 5223">
     <span class='ocr_line' id='line_1_73' title="bbox 1702 5158 2483 5223; baseline -0.008 -7"><span class='ocrx_word' id='word_1_547' title='bbox 1702 5161 1952 5215; x_wconf 82' lang='lat' dir='ltr'><strong>Laurentio</strong></span> <span class='ocrx_word' id='word_1_548' title='bbox 2001 5158 2170 5223; x_wconf 78' lang='lat' dir='ltr'><strong>Sifano</strong></span> <span class='ocrx_word' id='word_1_549' title='bbox 2213 5158 2483 5223; x_wconf 69' lang='lat' dir='ltr'><strong>interprete.</strong></span> 
     </span>
    </p>
   </div>
   <div class='ocr_carea' id='block_1_73' title="bbox 441 5421 2025 5496">
    <p class='ocr_par' dir='ltr' id='par_1_73' title="bbox 441 5421 2025 5496">
     <span class='ocr_line' id='line_1_74' title="bbox 441 5421 2025 5496; baseline 0.003 -18"><span class='ocrx_word' id='word_1_550' title='bbox 441 5444 546 5479; x_wconf 85' lang='grc' dir='ltr'><strong>νων</strong></span> <span class='ocrx_word' id='word_1_551' title='bbox 572 5428 622 5478; x_wconf 88' lang='grc' dir='ltr'><strong>οί</strong></span> <span class='ocrx_word' id='word_1_552' title='bbox 648 5428 759 5481; x_wconf 85' lang='grc' dir='ltr'>τῶν</span> <span class='ocrx_word' id='word_1_553' title='bbox 778 5428 1036 5480; x_wconf 83' lang='grc' dir='ltr'>τοιούτων</span> <span class='ocrx_word' id='word_1_554' title='bbox 1075 5426 1484 5496; x_wconf 80' lang='grc' dir='ltr'>φιλοθεάμονες,</span> <span class='ocrx_word' id='word_1_555' title='bbox 1524 5421 1604 5489; x_wconf 74' lang='grc' dir='ltr'>οἷς</span> <span class='ocrx_word' id='word_1_556' title='bbox 1633 5427 1694 5479; x_wconf 82' lang='grc' dir='ltr'><strong>ού</strong></span> <span class='ocrx_word' id='word_1_557' title='bbox 1726 5427 1860 5495; x_wconf 69' lang='grc' dir='ltr'>πρὸς</span> <span class='ocrx_word' id='word_1_558' title='bbox 1887 5428 1944 5479; x_wconf 81' lang='grc' dir='ltr'>ἓν</span> <span class='ocrx_word' id='word_1_559' title='bbox 1974 5446 2025 5482; x_wconf 85' lang='grc' dir='ltr'><strong>τι</strong></span> 
     </span>
    </p>
   </div>
   <div class='ocr_carea' id='block_1_74' title="bbox 446 5514 2025 5588">
    <p class='ocr_par' dir='ltr' id='par_1_74' title="bbox 446 5514 2025 5588">
     <span class='ocr_line' id='line_1_75' title="bbox 446 5514 2025 5588; baseline 0.003 -22"><span class='ocrx_word' id='word_1_560' title='bbox 446 5514 555 5568; x_wconf 84' lang='grc' dir='ltr'>τῶν</span> <span class='ocrx_word' id='word_1_561' title='bbox 574 5518 911 5587; x_wconf 81' lang='grc' dir='ltr'>φαινομένων</span> <span class='ocrx_word' id='word_1_562' title='bbox 930 5517 1017 5571; x_wconf 79' lang='grc' dir='ltr'>διὰ</span> <span class='ocrx_word' id='word_1_563' title='bbox 1039 5516 1100 5570; x_wconf 85' lang='grc' dir='ltr'><strong>τὸ</strong></span> <span class='ocrx_word' id='word_1_564' title='bbox 1128 5517 1226 5587; x_wconf 86' lang='grc' dir='ltr'>τῆς</span> <span class='ocrx_word' id='word_1_565' title='bbox 1247 5518 1395 5587; x_wconf 85' lang='grc' dir='ltr'>ὥρας</span> <span class='ocrx_word' id='word_1_566' title='bbox 1410 5516 1669 5587; x_wconf 82' lang='grc' dir='ltr'>ὁμότιμον</span> <span class='ocrx_word' id='word_1_567' title='bbox 1696 5517 1726 5568; x_wconf 85' lang='grc' dir='ltr'>ὁ</span> <span class='ocrx_word' id='word_1_568' title='bbox 1753 5518 2025 5588; x_wconf 77' lang='grc' dir='ltr'>ὀφθαλμὸς</span> 
     </span>
    </p>
   </div>
   <div class='ocr_carea' id='block_1_75' title="bbox 445 5608 2027 5680">
    <p class='ocr_par' dir='ltr' id='par_1_75' title="bbox 445 5608 2027 5680">
     <span class='ocr_line' id='line_1_76' title="bbox 445 5608 2027 5680; baseline 0.003 -22"><span class='ocrx_word' id='word_1_569' title='bbox 445 5608 805 5677; x_wconf 76' lang='grc' dir='ltr'>ἐπερείδεται,</span> <span class='ocrx_word' id='word_1_570' title='bbox 836 5610 950 5663; x_wconf 80' lang='grc' dir='ltr'>ἀλλ’</span> <span class='ocrx_word' id='word_1_571' title='bbox 985 5612 1079 5662; x_wconf 75' lang='grc' dir='ltr'><strong>ἐπὶ</strong></span> <span class='ocrx_word' id='word_1_572' title='bbox 1113 5613 1289 5664; x_wconf 85' lang='grc' dir='ltr'>πάντα</span> <span class='ocrx_word' id='word_1_573' title='bbox 1322 5613 1442 5674; x_wconf 84' lang='grc' dir='ltr'>ταῖς</span> <span class='ocrx_word' id='word_1_574' title='bbox 1497 5609 1811 5679; x_wconf 76' lang='grc' dir='ltr'>ἐπιθυμίαις</span> <span class='ocrx_word' id='word_1_575' title='bbox 1835 5612 2027 5680; x_wconf 85' lang='grc' dir='ltr'>χεόμε-</span> 
     </span>
    </p>
   </div>
   <div class='ocr_carea' id='block_1_76' title="bbox 445 5698 2027 5772">
    <p class='ocr_par' dir='ltr' id='par_1_76' title="bbox 445 5698 2027 5772">
     <span class='ocr_line' id='line_1_77' title="bbox 445 5698 2027 5772; baseline 0.003 -23"><span class='ocrx_word' id='word_1_576' title='bbox 445 5714 526 5749; x_wconf 87' lang='grc' dir='ltr'><strong>νοι</strong></span> <span class='ocrx_word' id='word_1_577' title='bbox 577 5698 653 5769; x_wconf 88' lang='grc' dir='ltr'>τῷ</span> <span class='ocrx_word' id='word_1_578' title='bbox 707 5700 931 5771; x_wconf 73' lang='grc' dir='ltr'>μηδενὸς</span> <span class='ocrx_word' id='word_1_579' title='bbox 980 5701 1186 5755; x_wconf 78' lang='grc' dir='ltr'>ἐθέλειν</span> <span class='ocrx_word' id='word_1_580' title='bbox 1228 5702 1578 5772; x_wconf 76' lang='grc' dir='ltr'>διαμαρτεῖν,</span> <span class='ocrx_word' id='word_1_581' title='bbox 1616 5700 1877 5763; x_wconf 74' lang='grc' dir='ltr'>πολλάκις</span> <span class='ocrx_word' id='word_1_582' title='bbox 1934 5701 2027 5754; x_wconf 81' lang='grc' dir='ltr'>τοῦ</span> 
     </span>
    </p>
   </div>
   <div class='ocr_carea' id='block_1_77' title="bbox 450 5791 2028 5863">
    <p class='ocr_par' dir='ltr' id='par_1_77' title="bbox 450 5791 2028 5863">
     <span class='ocr_line' id='line_1_78' title="bbox 450 5791 2028 5863; baseline 0.001 -18"><span class='ocrx_word' id='word_1_583' title='bbox 450 5791 644 5854; x_wconf 70' lang='grc' dir='ltr'>παντὸς</span> <span class='ocrx_word' id='word_1_584' title='bbox 677 5792 1070 5847; x_wconf 81' lang='grc' dir='ltr'>ὰποπίπτονται</span> <span class='ocrx_word' id='word_1_585' title='bbox 1092 5811 1106 5825; x_wconf 72' lang='grc' dir='ltr'>ο</span> <span class='ocrx_word' id='word_1_586' title='bbox 1136 5793 1376 5846; x_wconf 78' lang='grc' dir='ltr'>τοιοῦτόν</span> <span class='ocrx_word' id='word_1_587' title='bbox 1399 5812 1450 5847; x_wconf 84' lang='grc' dir='ltr'><strong>τι</strong></span> <span class='ocrx_word' id='word_1_588' title='bbox 1502 5794 1732 5847; x_wconf 71' lang='grc' dir='ltr'>πέπονθε</span> <span class='ocrx_word' id='word_1_589' title='bbox 1776 5793 1954 5863; x_wconf 73' lang='grc' dir='ltr'>κάμοῦ</span> <span class='ocrx_word' id='word_1_590' title='bbox 1995 5795 2028 5863; x_wconf 81' lang='grc' dir='ltr'>ἠ</span> 
     </span>
    </p>
   </div>
   <div class='ocr_carea' id='block_1_78' title="bbox 769 5885 1428 5945">
    <p class='ocr_par' dir='ltr' id='par_1_78' title="bbox 769 5885 1428 5945">
     <span class='ocr_line' id='line_1_79' title="bbox 769 5885 1428 5945; baseline 0.005 -3"><span class='ocrx_word' id='word_1_591' title='bbox 769 5885 1039 5943; x_wconf 72' lang='grc' dir='ltr'>ΙἈτιιυι.</span> <span class='ocrx_word' id='word_1_592' title='bbox 1086 5886 1131 5943; x_wconf 67' lang='grc'><strong>(1</strong></span> <span class='ocrx_word' id='word_1_593' title='bbox 1146 5904 1201 5944; x_wconf 87' lang='lat' dir='ltr'><strong>n.</strong></span> <span class='ocrx_word' id='word_1_594' title='bbox 1242 5888 1284 5945; x_wconf 73' lang='grc' dir='ltr'>Χ</span> <span class='ocrx_word' id='word_1_595' title='bbox 1303 5887 1428 5945; x_wconf 72' lang='lat' dir='ltr'><strong>LW</strong></span> 
     </span>
    </p>
   </div>
   <div class='ocr_carea' id='block_1_79' title="bbox 2042 5276 2111 5287">
    <p class='ocr_par' dir='ltr' id='par_1_79' title="bbox 2042 5276 2111 5287">
     <span class='ocr_line' id='line_1_80' title="bbox 2042 5276 2111 5287; baseline -0.029 0"><span class='ocrx_word' id='word_1_596' title='bbox 2042 5276 2111 5287; x_wconf 72' lang='lat'><strong>.—</strong></span> 
     </span>
    </p>
   </div>
   <div class='ocr_carea' id='block_1_80' title="bbox 512 5330 2097 5405">
    <p class='ocr_par' dir='ltr' id='par_1_80' title="bbox 512 5330 2097 5405">
     <span class='ocr_line' id='line_1_81' title="bbox 512 5330 2097 5405; baseline 0.002 -20"><span class='ocrx_word' id='word_1_597' title='bbox 512 5330 638 5387; x_wconf 80' lang='grc' dir='ltr'><strong>Οἷόν</strong></span> <span class='ocrx_word' id='word_1_598' title='bbox 660 5352 711 5387; x_wconf 86' lang='grc' dir='ltr'><strong>τι</strong></span> <span class='ocrx_word' id='word_1_599' title='bbox 734 5335 1003 5404; x_wconf 79' lang='grc' dir='ltr'>πάσχουσι</span> <span class='ocrx_word' id='word_1_600' title='bbox 1021 5332 1159 5405; x_wconf 81' lang='grc' dir='ltr'>πρὸς</span> <span class='ocrx_word' id='word_1_601' title='bbox 1185 5335 1313 5395; x_wconf 83' lang='grc' dir='ltr'>τοὺς</span> <span class='ocrx_word' id='word_1_602' title='bbox 1341 5332 1662 5397; x_wconf 84' lang='grc' dir='ltr'>πολυανθεῖς</span> <span class='ocrx_word' id='word_1_603' title='bbox 1692 5333 1799 5386; x_wconf 84' lang='grc' dir='ltr'>τῶν</span> <span class='ocrx_word' id='word_1_604' title='bbox 1820 5334 2022 5405; x_wconf 83' lang='grc' dir='ltr'>λειμώ-</span> <span class='ocrx_word' id='word_1_605' title='bbox 2052 5347 2097 5401; x_wconf 76' lang='grc' dir='ltr'><strong>Α</strong></span> 
     </span>
    </p>
   </div>
   <div class='ocr_carea' id='block_1_81' title="bbox 2195 5333 3707 5404">
    <p class='ocr_par' dir='ltr' id='par_1_81' title="bbox 2195 5333 3707 5404">
     <span class='ocr_line' id='line_1_82' title="bbox 2195 5333 3707 5404; baseline 0.001 -18"><span class='ocrx_word' id='word_1_606' title='bbox 2195 5334 2369 5399; x_wconf 77' lang='lat' dir='ltr'><strong>Quale</strong></span> <span class='ocrx_word' id='word_1_607' title='bbox 2434 5333 2697 5402; x_wconf 85' lang='lat' dir='ltr'><strong>quiddam</strong></span> <span class='ocrx_word' id='word_1_608' title='bbox 2754 5335 2809 5388; x_wconf 92' lang='lat' dir='ltr'><strong>in</strong></span> <span class='ocrx_word' id='word_1_609' title='bbox 2855 5333 3176 5391; x_wconf 83' lang='lat' dir='ltr'><strong>ﬂorentibus</strong></span> <span class='ocrx_word' id='word_1_610' title='bbox 3225 5336 3396 5404; x_wconf 90' lang='lat' dir='ltr'><strong>pratis</strong></span> <span class='ocrx_word' id='word_1_611' title='bbox 3458 5336 3707 5390; x_wconf 73' lang='lat' dir='ltr'><strong>accidere</strong></span> 
     </span>
    </p>
   </div>
   <div class='ocr_carea' id='block_1_82' title="bbox 2133 5426 3710 5499">
    <p class='ocr_par' dir='ltr' id='par_1_82' title="bbox 2133 5426 3710 5499">
     <span class='ocr_line' id='line_1_83' title="bbox 2133 5426 3710 5499; baseline 0.001 -19"><span class='ocrx_word' id='word_1_612' title='bbox 2133 5430 2271 5481; x_wconf 88' lang='lat' dir='ltr'><strong>solet</strong></span> <span class='ocrx_word' id='word_1_613' title='bbox 2321 5426 2389 5479; x_wconf 89' lang='lat' dir='ltr'><strong>iis</strong></span> <span class='ocrx_word' id='word_1_614' title='bbox 2419 5426 2511 5495; x_wconf 89' lang='lat' dir='ltr'><strong>qui</strong></span> <span class='ocrx_word' id='word_1_615' title='bbox 2574 5441 2761 5481; x_wconf 90' lang='lat' dir='ltr'><strong>earum</strong></span> <span class='ocrx_word' id='word_1_616' title='bbox 2797 5444 2978 5481; x_wconf 87' lang='lat' dir='ltr'><strong>rerum</strong></span> <span class='ocrx_word' id='word_1_617' title='bbox 3047 5429 3468 5499; x_wconf 88' lang='lat' dir='ltr'><strong>spectandarum</strong></span> <span class='ocrx_word' id='word_1_618' title='bbox 3526 5429 3710 5483; x_wconf 90' lang='lat' dir='ltr'><strong>studio</strong></span> 
     </span>
    </p>
   </div>
   <div class='ocr_carea' id='block_1_83' title="bbox 2134 5520 3711 5590">
    <p class='ocr_par' dir='ltr' id='par_1_83' title="bbox 2134 5520 3711 5590">
     <span class='ocr_line' id='line_1_84' title="bbox 2134 5520 3711 5590; baseline 0.001 -19"><span class='ocrx_word' id='word_1_619' title='bbox 2134 5524 2413 5579; x_wconf 85' lang='lat' dir='ltr'><strong>tenentur,</strong></span> <span class='ocrx_word' id='word_1_620' title='bbox 2472 5531 2708 5586; x_wconf 89' lang='lat' dir='ltr'><strong>quorum</strong></span> <span class='ocrx_word' id='word_1_621' title='bbox 2764 5520 2961 5575; x_wconf 89' lang='lat' dir='ltr'><strong>oculus</strong></span> <span class='ocrx_word' id='word_1_622' title='bbox 3010 5530 3233 5590; x_wconf 91' lang='lat' dir='ltr'><strong>propter</strong></span> <span class='ocrx_word' id='word_1_623' title='bbox 3281 5520 3711 5590; x_wconf 84' lang='lat' dir='ltr'><strong>pulchritudinis</strong></span> 
     </span>
    </p>
   </div>
   <div class='ocr_carea' id='block_1_84' title="bbox 2133 5611 3712 5683">
    <p class='ocr_par' dir='ltr' id='par_1_84' title="bbox 2133 5611 3712 5683">
     <span class='ocr_line' id='line_1_85' title="bbox 2133 5611 3712 5683; baseline 0.002 -22"><span class='ocrx_word' id='word_1_624' title='bbox 2133 5611 2302 5664; x_wconf 73' lang='lat' dir='ltr'><strong>(locus</strong></span> <span class='ocrx_word' id='word_1_625' title='bbox 2327 5611 2537 5677; x_wconf 66' lang='lat' dir='ltr'><strong>aequale</strong></span> <span class='ocrx_word' id='word_1_626' title='bbox 2571 5626 2680 5664; x_wconf 91' lang='lat' dir='ltr'><strong>non</strong></span> <span class='ocrx_word' id='word_1_627' title='bbox 2708 5612 2760 5665; x_wconf 92' lang='lat' dir='ltr'><strong>in</strong></span> <span class='ocrx_word' id='word_1_628' title='bbox 2794 5627 2905 5665; x_wconf 90' lang='lat' dir='ltr'><strong>uno</strong></span> <span class='ocrx_word' id='word_1_629' title='bbox 2952 5614 3136 5682; x_wconf 89' lang='lat' dir='ltr'><strong>aliquo</strong></span> <span class='ocrx_word' id='word_1_630' title='bbox 3160 5613 3312 5675; x_wconf 82' lang='lat' dir='ltr'><strong>ﬂore,</strong></span> <span class='ocrx_word' id='word_1_631' title='bbox 3340 5613 3435 5683; x_wconf 89' lang='lat' dir='ltr'><strong>qui</strong></span> <span class='ocrx_word' id='word_1_632' title='bbox 3494 5614 3547 5667; x_wconf 91' lang='lat' dir='ltr'><strong>in</strong></span> <span class='ocrx_word' id='word_1_633' title='bbox 3580 5628 3712 5666; x_wconf 86' lang='lat' dir='ltr'><strong>con-</strong></span> 
     </span>
    </p>
   </div>
   <div class='ocr_carea' id='block_1_85' title="bbox 2134 5702 3711 5775">
    <p class='ocr_par' dir='ltr' id='par_1_85' title="bbox 2134 5702 3711 5775">
     <span class='ocr_line' id='line_1_86' title="bbox 2134 5702 3711 5775; baseline -0.001 -18"><span class='ocrx_word' id='word_1_634' title='bbox 2134 5713 2322 5772; x_wconf 82' lang='lat' dir='ltr'><strong>spectu</strong></span> <span class='ocrx_word' id='word_1_635' title='bbox 2359 5704 2455 5766; x_wconf 89' lang='lat' dir='ltr'><strong>sit,</strong></span> <span class='ocrx_word' id='word_1_636' title='bbox 2483 5702 2757 5773; x_wconf 75' lang='lat' dir='ltr'><strong>defigitur,</strong></span> <span class='ocrx_word' id='word_1_637' title='bbox 2791 5705 2881 5757; x_wconf 90' lang='lat' dir='ltr'><strong>scd</strong></span> <span class='ocrx_word' id='word_1_638' title='bbox 2915 5706 3044 5759; x_wconf 91' lang='lat' dir='ltr'><strong>dum</strong></span> <span class='ocrx_word' id='word_1_639' title='bbox 3078 5708 3229 5760; x_wconf 89' lang='lat' dir='ltr'><strong>nullo</strong></span> <span class='ocrx_word' id='word_1_640' title='bbox 3262 5722 3369 5760; x_wconf 90' lang='lat' dir='ltr'><strong>non</strong></span> <span class='ocrx_word' id='word_1_641' title='bbox 3406 5706 3569 5775; x_wconf 88' lang='lat' dir='ltr'><strong>potiri</strong></span> <span class='ocrx_word' id='word_1_642' title='bbox 3618 5719 3711 5757; x_wconf 80' lang='lat' dir='ltr'><strong>vo-</strong></span> 
     </span>
    </p>
   </div>
   <div class='ocr_carea' id='block_1_86' title="bbox 2138 5794 3710 5866">
    <p class='ocr_par' dir='ltr' id='par_1_86' title="bbox 2138 5794 3710 5866">
     <span class='ocr_line' id='line_1_87' title="bbox 2138 5794 3710 5866; baseline 0.001 -20"><span class='ocrx_word' id='word_1_643' title='bbox 2138 5794 2276 5859; x_wconf 88' lang='lat' dir='ltr'><strong>lunt,</strong></span> <span class='ocrx_word' id='word_1_644' title='bbox 2309 5795 2362 5849; x_wconf 91' lang='lat' dir='ltr'><strong>in</strong></span> <span class='ocrx_word' id='word_1_645' title='bbox 2387 5808 2577 5850; x_wconf 89' lang='lat' dir='ltr'><strong>omnes</strong></span> <span class='ocrx_word' id='word_1_646' title='bbox 2607 5795 2906 5866; x_wconf 82' lang='lat' dir='ltr'><strong>cupiditate</strong></span> <span class='ocrx_word' id='word_1_647' title='bbox 2939 5795 3065 5860; x_wconf 83' lang='lat' dir='ltr'><strong>fusi,</strong></span> <span class='ocrx_word' id='word_1_648' title='bbox 3096 5798 3144 5851; x_wconf 88' lang='lat' dir='ltr'><strong>id</strong></span> <span class='ocrx_word' id='word_1_649' title='bbox 3187 5798 3329 5865; x_wconf 84' lang='lat' dir='ltr'><strong>quod</strong></span> <span class='ocrx_word' id='word_1_650' title='bbox 3365 5797 3418 5850; x_wconf 90' lang='lat' dir='ltr'><strong>in</strong></span> <span class='ocrx_word' id='word_1_651' title='bbox 3444 5811 3506 5850; x_wconf 85' lang='lat' dir='ltr'><strong>eo</strong></span> <span class='ocrx_word' id='word_1_652' title='bbox 3541 5809 3710 5865; x_wconf 80' lang='lat' dir='ltr'><strong>nego—</strong></span> 
     </span>
    </p>
   </div>
   <div class='ocr_carea' id='block_1_87' title="bbox 3286 5892 3361 5949">
    <p class='ocr_par' dir='ltr' id='par_1_87' title="bbox 3286 5892 3361 5949">
     <span class='ocr_line' id='line_1_88' title="bbox 3286 5892 3361 5949; baseline -0.013 0"><span class='ocrx_word' id='word_1_653' title='bbox 3286 5892 3361 5949; x_wconf 87' lang='grc'>18</span> 
     </span>
    </p>
   </div>
  </div>
