4154 6354
472 330 582 388 εδδ

1749 330 1808 389 S.
1848 328 2173 386 GREGOllll
2216 331 2505 388 NYSSENI

3641 341 3744 404 556

468 450 550 503 tio
598 461 880 507 summum
917 450 1001 499 est
1045 459 1424 516 saepenumero
1474 461 1583 500 non
1627 450 1999 513 assequuntur
2035 459 2040 494 :

2156 444 2367 499 διάνοια
2398 447 2534 517 πρὸς
2555 445 2646 499 τὸν
2675 446 2914 518 λειμῶνα
2943 448 3040 520 τῆς
3063 449 3287 520 Γραφῆς
3314 449 3741 517 ἀποϐλέποντος.

471 542 581 595 tale
613 538 873 610 quiddam
900 537 1067 593 etiam
1100 536 1287 591 animo
1319 554 1441 594 meo
1493 546 1709 608 pratum
1741 534 2041 605 Scriptura:

468 633 775 703 spectantis
810 646 913 686 usu
950 630 1119 684 venit.
1155 628 1563 684 Sententiarum
1622 629 1768 684 enim
1805 630 2047 698 pulchri~

471 726 679 781 tudinis
706 721 1022 778 varietasad
1044 720 1225 777 omnia
1251 722 1455 792 pariter
1481 720 1722 776 animum
1745 722 2050 784 atii-aliens,

469 818 640 873 efﬁcit
679 826 738 870 ιιι
766 814 1037 885 cupiditas
1074 812 1213 883 ejus,
1249 812 1379 867 dum
1436 814 1490 868 in
1528 814 1643 884 pari
1693 812 1890 869 decore
1917 830 2055 882 pne-

470 911 598 964 ditis
620 907 762 962 haud
787 906 948 961 facile
970 905 1114 975 quod
1151 903 1336 974 potius
1385 914 1651 974 sequatur
1686 905 1930 974 reperire
1958 920 2054 976 po-

469 1009 599 1061 test,
643 1002 966 1054 inconstans
997 997 1090 1063 sit,
1130 1006 1185 1052 et
1239 999 1308 1050 ah
1369 996 1493 1051 aliis
1539 997 1605 1051 ad
1652 997 1759 1052 alia
1799 1004 2052 1068 properet

466 1101 635 1161 atque
659 1090 901 1145 festinet.
941 1088 1081 1144 Ecce
1101 1087 1248 1143 enim
1278 1087 1553 1158 quomodo
1590 1104 1686 1160 per
1709 1089 2051 1160 prophetiam

468 1183 649 1252 magni
684 1179 901 1235 Davidis
933 1179 1095 1235 ﬂores
1144 1179 1392 1234 cnitent?
1418 1180 1600 1248 qualis
1661 1195 1791 1236 vero
1834 1178 1934 1235 lius
1966 1180 2053 1232 di-

468 1275 629 1328 vinus
657 1274 976 1342 Apostolus,
1024 1270 1266 1339 paradisi
1323 1273 1554 1325 cultura:
1587 1271 2053 1343 pulchritudinem

2158 536 2232 589 Τὸ
2264 538 2374 608 γὰρ
2412 538 2655 592 ποικίλον
2683 538 2781 609 τῆς
2813 539 2964 611 ὥρας
3002 540 3112 594 τῶν
3140 540 3430 612 νοημάτων
3462 543 3742 615 όμοτίμως

2157 626 2249 678 ἐπὶ
2298 629 2476 683 πάντα
2510 628 2608 700 τὴν
2669 629 2846 699 ψυχὴν
2889 631 3274 703 ἐφελκόμενον,
3311 633 3565 689 ἀστατεῖν
3602 639 3747 690 ποιεῖ

2156 719 2255 789 τὴν
2279 718 2597 790 ἐπιθυμίαν,
2624 719 2701 790 τῷ
2733 722 2808 792 μὴ
2841 721 3100 777 δύνασθαι
3125 724 3324 795 ῥᾳδίως
3349 726 3531 797 εὑρεῖν
3549 727 3608 781 ἐν
3630 731 3744 792 τοῖς

2157 809 2440 881 ὁμοτίμοις
2470 810 2533 863 τὸ
2579 813 2991 883 προτιμότερον.
3033 814 3163 868 Ἰδοὺ
3205 814 3314 886 γὰρ
3349 817 3468 881 πῶς
3496 817 3744 888 ὑπολάμ-

2112 896 2115 897 ⁷
2159 918 2250 954 πει
2276 900 2363 955 διά
2392 901 2485 955 τοῦ
2524 902 2761 973 μεγάλου
2786 904 2951 958 Δαϐὶδ
2982 900 3083 976 τῆς
3109 909 3441 980 προφητείας
3471 910 3540 963 τὰ
3562 909 3696 981 ἄνθη
3721 925 3738 942 ⁶

2156 988 2268 1046 οἷον
2296 993 2351 1047 δὲ
2388 994 2548 1059 ἄνθος
2577 996 2604 1048 6
2632 995 2772 1061 θεῖος
2815 996 3136 1063 Ἀπόστολος
3160 1000 3259 1072 τῆς
3288 1001 3383 1055 τοῦ
3410 1003 3740 1075 παραδείσω

2158 1084 2429 1154 γεωργίας
2462 1086 2850 1157 ὑποσημαίνων
2882 1088 2943 1142 τὸ
2981 1088 3194 1153 κάλλος.
3236 1093 3331 1145 καὶ
3373 1092 3571 1164 πολλὴν
3606 1096 3741 1148 ἀπο-

2161 1175 2337 1228 πνέων
2367 1174 2460 1229 τοῦ
2500 1177 2736 1248 Χριστοῦ
2779 1179 2880 1251 τὴν
2911 1180 3173 1235 εὑωδίανι
3203 1181 3324 1236 Τῶν
3353 1183 3411 1237 δὲ
3457 1184 3741 1255 εὑαγγελιε-

2159 1263 2273 1318 κῶν
2293 1263 2571 1337 λειμώνιον
2599 1267 2659 1322 τὸ
2687 1268 2882 1334 κάλλος
2903 1270 2988 1334 τίς
3037 1272 3104 1325 ἂν
3136 1272 3419 1341 ὑπεξέλθοι
3463 1276 3620 1344 λόγος
3652 1277 3741 1330 ἀν-

466 1363 785 1427 nstendens,
820 1379 882 1417 ac
903 1363 1128 1416 multant
1159 1361 1350 1419 odoris
1379 1361 1585 1417 Christi
1638 1363 1894 1419 redolens
1922 1376 2055 1418 sua-
2160 1356 2470 1430 θρώπινοςς

468 1455 727 1511 vitalem?
750 1453 885 1508 Nam
930 1449 1379 1522 Evangelicorum
1426 1451 1888 1529 pulchritudinem
1922 1457 2202 1521 pratorum
2236 1462 2485 1518 quaenam
2507 1449 2684 1504 oratio
2718 1451 2953 1521 explicet
2975 1452 3248 1511 humana?

539 1549 736 1606 Verum
767 1549 903 1603 ntihi
940 1546 1086 1602 haud
1116 1546 1353 1602 alienum
1388 1562 1515 1602 esse
1544 1547 1782 1610 videtur,
1828 1547 1885 1601 in
1908 1554 2049 1601 tetu-

465 1656 596 1710 pore
619 1638 979 1711 proverbialis
1003 1636 1153 1692 illius
1184 1636 1514 1691 mentionem
1543 1634 1725 1692 facere
1774 1636 2048 1691 laudatio-

464 1736 572 1796 nis,
603 1743 656 1787 et
686 1746 842 1802 apem
872 1727 1077 1785 imitari
1109 1747 1122 1783 :
1156 1742 1322 1798 quam
1356 1727 1490 1783 dicit
1518 1727 1804 1798 Scriptura
1837 1726 2049 1782 viribus

465 1823 688 1894 quidem
740 1821 1012 1876 infirmam
1052 1836 1177 1877 esse
1202 1822 1218 1852 ⁸
1256 1819 1560 1891 (nunquam
1614 1820 1760 1875 enim
1809 1819 1926 1874 visa
1965 1826 2048 1875 est

464 1925 639 1971 totum
663 1915 921 1985 colligere
947 1911 1159 1979 ﬂorem,
1177 1924 1232 1968 et
1263 1928 1430 1983 super
1457 1913 1684 1968 dorsum
1711 1913 1778 1968 ad
1809 1912 2048 1968 alvearia

462 2010 728 2078 portare),
755 2004 851 2060 sed
885 2011 1103 2059 tenuem
1137 2002 1289 2058 illum
1306 2003 1400 2073 qui
1426 2002 1478 2057 in
1507 2002 1689 2058 medio
1713 2000 1864 2059 ﬂoris
1885 2000 2048 2072 quasi

465 2098 709 2169 lanugini
742 2098 1005 2162 adlueret,
1032 2096 1137 2151 alis
1160 2110 1457 2150 excussum
1490 2094 1769 2166 pulverem
1800 2095 2048 2150 curvatis

464 2191 769 2258 suscipiens
791 2188 1069 2253 cruribus,
1102 2201 1195 2256 per
1219 2185 1309 2239 illa
1334 2186 1533 2242 scitum
1556 2185 1686 2240 illud
1712 2185 1880 2240 efﬁcit
1908 2199 2047 2254 opus

464 2284 616 2339 senis
650 2281 848 2351 pedum
871 2279 1181 2334 curvaturis
1210 2294 1439 2353 numero
1470 2292 1629 2348 pares
1684 2278 1739 2333 in
1778 2276 2044 2331 directum

462 2376 712 2431 excitans
753 2373 1003 2443 angulos,
1035 2386 1099 2425 ac
1143 2386 1239 2442 per
1272 2370 1516 2426 medium
1562 2369 1780 2425 levitate
1807 2368 2042 2431 alarum,

461 2467 621 2539 quasi
657 2466 982 2537 quihusdam
1008 2462 1281 2525 uncturis,
1337 2471 1531 2517 tenues
1561 2461 1684 2516 illos
1731 2460 1786 2514 in
1824 2459 2044 2513 modum

463 2560 795 2615 tnctnbrante
824 2557 1095 2627 parietum
1122 2557 1343 2610 ordines
1363 2554 1663 2625 expoliens.
1689 2551 1844 2619 Quod
1880 2551 1927 2607 si
1963 2550 2046 2605 fu-

462 2664 644 2706 turum
683 2658 770 2705 est
817 2659 877 2703 ut
931 2657 1115 2702 nostra
1155 2661 1375 2718 quoque
1407 2647 1585 2701 oratio
1628 2654 1684 2701 et
1723 2644 1944 2716 regibus
1991 2654 2047 2699 et

464 2742 692 2813 privatis
723 2740 1058 2804 hominibus,
1094 2748 1153 2793 ut
1183 2739 1364 2808 inquit
1392 2739 1680 2804 Solomon,
1718 2736 1783 2793 ad
1839 2736 2047 2792 sanita.

463 2845 571 2890 tem
611 2832 901 2893 conducat,
942 2831 1190 2901 precibus
1221 2845 1275 2885 et.
1306 2831 1446 2886 retis
1470 2843 1589 2882 eam
1619 2828 1852 2900 gratiam
1882 2829 2044 2885 nobis

461 2925 667 2995 pariter
689 2922 1058 2979 conciliemus
1103 2927 1158 2976 et
1198 2937 1299 2991 ego
1330 2933 1385 2976 et
1419 2936 1534 2976 vos.
1596 2920 1836 2975 Lucrum
1888 2922 2043 2975 enim

459 3030 753 3073 commune
814 3022 939 3080 est,
987 3013 1097 3067 imo
1150 3014 1324 3082 major
1375 3027 1503 3082 pars
1547 3012 1665 3081 ejus
1698 3021 1879 3067 vestra
1907 3021 2040 3066 est:

460 3104 902 3177 quandoquidem
959 3102 1213 3173 accipere
1260 3101 1465 3171 aliquid
1521 3099 1650 3157 boni
1702 3098 1826 3170 plus
1884 3097 2113 3182 σπανία

460 3199 623 3262 lucri,
648 3211 811 3268 quam
838 3194 1045 3265 aliquid
1078 3193 1339 3264 prabere.
1387 3190 1546 3248 Vetat
1595 3190 1945 3261 Evangelinm
1984 3191 2039 3244 in

463 3303 612 3347 utres
638 3299 851 3344 veteres
896 3287 1084 3341 viuum
1115 3301 1314 3341 novum
1372 3284 1661 3339 infundere
1707 3284 1764 3335 ἐ
1812 3281 2040 3337 forsitan

459 3384 529 3439 ad
565 3383 678 3437 hate
694 3388 940 3450 tempora
961 3388 1170 3450 spectat
1201 3377 1472 3434 sermonis
1500 3376 1626 3429 tecti
1671 3373 2038 3429 involucrum.

462 3476 596 3530 Nam
643 3473 829 3528 vinum
868 3486 1060 3527 recens
1100 3483 1443 3540 expressum,
1496 3473 1716 3538 propter
1763 3482 1886 3521 eum
1945 3464 2040 3534 qui

462 3567 789 3623 naturaliter
872 3563 1089 3619 exsistit
1162 3562 1217 3615 in
1270 3575 1337 3615 eo
1415 3560 1648 3629 liquoris
1723 3557 2035 3620 fervorem,

459 3660 590 3712 ﬂatu
635 3658 853 3724 plenum
905 3648 1011 3715 est,
1059 3650 1299 3705 naturali
1350 3657 1499 3704 motu
1538 3649 1761 3704 limosas
1815 3649 1885 3702 ab
1916 3662 2038 3702 sese

429 3767 555 3821 per
619 3763 868 3816 spumam
926 3744 1195 3800 exhalans
1252 3752 1416 3812 atque
1479 3740 1735 3810 rejiciens
1821 3739 2036 3794 sordes.

460 3841 575 3897 lloc
603 3850 785 3895 autem
841 3836 976 3890 nihil
1029 3835 1177 3888 aliud
1224 3842 1329 3892 cst.
1374 3840 1433 3886 ttt
1494 3846 1613 3886 mea
1671 3830 1892 3900 quidem
1932 3831 2038 3884 fert

455 3928 664 3999 opinio,
697 3926 800 3980 nisi
855 3938 920 3977 ea
981 3938 1102 3992 qua:
1159 3923 1228 3977 de
1280 3920 1486 3989 Spit-itu
1538 3927 1733 3975 sancto
1793 3919 2031 3974 traditur

456 4021 726 4082 ducti-ina,
776 4012 1232 4085 quemadmodum
1278 4011 1410 4066 dicit
1461 4012 1783 4082 Apostolus,
1830 4011 2035 4079 Spiritu

453 4107 765 4179 {errentes',
784 4122 951 4174 quam
978 4112 1164 4175 putres
1191 4100 1626 4172 pertinentesque
1655 4111 1807 4156 utres
1836 4116 1899 4155 ac
1925 4117 2034 4171 pra:

456 4199 833 4255 incredulitate
856 4193 1142 4249 inveterati
1173 4206 1282 4246 non
1300 4191 1615 4256 continent,
1647 4191 1743 4247 sed
1776 4192 2035 4247 doctrinae

452 4292 739 4361 majestate
769 4294 1115 4356 rumpuntur.
1138 4282 1349 4338 Idcirco
1370 4284 1416 4339 si
1445 4298 1551 4354 qua
1583 4282 1836 4339 sublimis
1861 4283 1943 4338 eis
1964 4298 2029 4338 ex

452 4386 698 4441 doctrina
757 4383 1067 4451 ingenerata
1126 4377 1288 4433 fuerit
1340 4378 1661 4442 scntentia,‘
1702 4375 2033 4431 scinduntur

452 4479 603 4532 circa
632 4473 1043 4544 amplitudinem
1074 4469 1340 4524 doctrina:
1371 4483 1386 4521 :
1428 4483 1492 4522 ac
1513 4482 1640 4522 cum
1673 4467 1779 4538 ipsi
1804 4467 2027 4537 quidem

452 4584 552 4639 per
580 4578 861 4637 rupturam
885 4564 1105 4618 inutiles
1128 4560 1452 4622 redduntur,
1486 4567 1598 4613 tum
1623 4559 1864 4614 elliciunt
1892 4559 2026 4613 utin

455 4676 653 4714 vanum
696 4674 762 4713 ac
832 4656 1039 4712 frustra
1090 4654 1272 4709 efﬂuat
1340 4653 1516 4723 gratia
1554 4649 1797 4721 Spiritus
1828 4650 2023 4705 sancti.

453 4752 512 4804 lu
553 4751 793 4804 animum
842 4747 989 4802 enim
1021 4746 1354 4800 malitiosum
1396 4740 1664 4812 sapientia
1711 4755 1820 4794 non
1850 4740 2029 4810 ingre-

450 4844 655 4907 dietur,
713 4837 1169 4911 quemadmodum
1226 4836 1402 4905 inquit
1472 4833 1756 4903 Scriptura
1816 4832 1859 4885 ⁸.
1915 4833 2028 4886 lino

451 4935 613 5005 agite,
644 4932 940 5004 permittite
957 4929 1085 4981 mihi
1109 4940 1405 4997 pauperum
1421 4922 1877 4978 consuetudinem
1903 4922 2026 4975 imi-

448 5027 554 5081 tari
595 5043 609 5081 :
648 5039 774 5079 nam
814 5030 869 5078 et
897 5021 972 5075 illi
1021 5021 1219 5079 solent,
1251 5034 1374 5072 cum
1423 5016 1620 5086 aliquis
1672 5029 1768 5070 eos
1798 5015 2025 5083 epipara

448 5131 641 5171 mensa
704 5115 867 5170 fuerit
914 5114 1188 5182 dignatus,
1248 5117 1456 5164 remoto
1481 5108 1691 5178 pudore
1725 5106 1796 5160 de
1848 5106 2025 5175 epulis

448 5208 555 5263 sibi
586 5206 853 5278 appositis
885 5204 1045 5259 etiam
1100 5202 1155 5256 iu
1213 5210 1487 5270 posterum
1529 5197 1671 5253 diem
1703 5197 1858 5253 cibos
1896 5211 2025 5267 pro-

446 5296 656 5351 videre.
685 5293 921 5349 Proinde
949 5307 1051 5362 ego
1103 5306 1323 5361 quoque
1350 5305 1416 5343 ex
1451 5289 1707 5345 hesterna
1768 5286 2021 5356 magniﬁ-

448 5388 629 5440 centia
647 5384 858 5454 exiguis
881 5380 1208 5452 quibusdam
1229 5381 1566 5452 depromptis
1581 5378 1849 5448 reliquiis,
1872 5377 2024 5432 illinc

449 5490 553 5547 pro
575 5475 780 5531 viribus
804 5477 940 5530 meis
966 5476 1256 5531 conficiam
1286 5474 1617 5535 orationem,
1651 5470 1907 5539 pleraque
1932 5484 2024 5524 eo-

449 5580 596 5632 rum,
673 5580 794 5634 quae
850 5566 1010 5620 hodie
1068 5565 1344 5634 proposita
1394 5570 1544 5627 sunt,
1601 5559 2023 5631 perfectior-ibus

518 5722 538 5754 ³
566 5718 738 5776 Eccli.
784 5734 856 5785 ιι,
886 5719 939 5772 5.

2242 1542 2402 1597 Ἀλλά
2437 1560 2527 1613 μοι
2549 1543 2699 1599 δοκεῖ
2740 1545 2921 1610 καλῶς
2955 1547 3100 1618 ἐχειν
3131 1550 3189 1601 ἐν
3222 1551 3400 1623 καιρῷ
3432 1552 3735 1624 μνησθῆναι

2153 1636 2252 1705 τῆς
2286 1636 2661 1707 παροιμιακῆς
2689 1639 3041 1705 ἐπαινέσεως,
3086 1642 3180 1695 καὶ
3235 1641 3475 1714 ζηλῶσαι
3512 1644 3611 1716 τὴν
3644 1647 3736 1716 μὲ-

2154 1726 2344 1780 λισσαν
2365 1743 2379 1757 ·
2402 1727 2470 1797 ἦν
2495 1744 2660 1798 φησιν
2689 1729 2722 1799 ἠ
2748 1729 2937 1802 Γραφὴ
2956 1733 3023 1803 τῇ
3049 1731 3207 1804 ῥώμῃ
3241 1735 3339 1805 μὲν
3364 1731 3503 1790 εἶναι
3534 1737 3735 1808 ἀσθενῆ

2155 1819 2237 1888 (οὑ
2273 1818 2381 1890 γὰρ
2412 1818 2569 1890 ὤφθη
2625 1821 2754 1875 ποτέ
2800 1822 2920 1876 ὃλον
2969 1823 3287 1898 δρεψαμένη
3323 1828 3385 1881 τὸ
3428 1828 3615 1897 ἄνθος,
3642 1831 3736 1885 καὶ

2152 1909 2293 1978 ὑπὲρ
2320 1910 2489 1964 νῶτον
2528 1910 2623 1964 ἐπὶ
2650 1910 2854 1982 σίμϐλα
2891 1914 3241 1988 κομίζουσα),
3272 1917 3407 1972 ἀλλὰ
3452 1917 3515 1972 τὸ
3541 1918 3736 1974 λεπτὸν

2149 2002 2242 2054 καὶ
2265 1999 2496 2071 χνοῶδες
2529 2005 2630 2074 τῆς
2668 2005 2728 2057 ἐν
2759 2001 2838 2074 τῷ
2889 2004 3046 2074 μέσῳ
3092 2005 3265 2077 κόμης
3307 2007 3622 2079 ἐκτιναχθὲν
3648 2009 3737 2064 διὰ

2147 2093 2256 2146 τῶν
2272 2092 2557 2166 πτερύγων
2582 2097 2702 2159 ταῖς
2732 2095 2994 2165 ἀγκύλαις
3030 2096 3397 2172 ὑπολαϐοῦσα,
3416 2098 3485 2152 δι’
3512 2099 3735 2154 ἐκείνων

2147 2186 2438 2256 ἐργάζεται
2470 2187 2569 2257 τὴν
2592 2186 2760 2259 σοφὴν
2790 2190 3054 2259 ἐργασίαν
3077 2189 3317 2260 ἐκείνην,
3346 2192 3463 2252 ταῖς
3483 2190 3542 2259 ἓξ
3565 2192 3738 2260 ἀγκύ-

2145 2275 2268 2343 λαις
2322 2276 2642 2349 ίσαρίθμους
2673 2279 2875 2346 γωνίας
2903 2282 2982 2344 είς
3022 2279 3204 2353 ὄρθιον
3247 2281 3736 2353 ἀνεγείρουσα,καὶ

2147 2366 2233 2420 διὰ
2282 2368 2449 2438 μέσου
2499 2370 2566 2439 τῇ
2618 2367 2855 2439 λειότητι
2907 2369 3016 2424 τῶν
3068 2369 3386 2441 πτερύγων,
3430 2368 3541 2425 οἷόν
3594 2390 3735 2426 τισιν

2148 2456 2417 2527 ἀλοιφαῖς,
2442 2459 2568 2522 τοὺς
2591 2457 2824 2523 λεπτοὺς
2846 2460 3085 2524 ἐκείνους
3108 2462 3203 2514 καὶ
3226 2460 3519 2532 ὑμενώδεις
3541 2461 3736 2537 [σῙτοί-

2146 2566 2276 2620 χους
2306 2548 2709 2605 ἐπιλεαίνουσα.
2740 2551 2804 2603 Εί
2837 2550 2892 2603 δέ
2946 2550 3128 2621 μέλλοι
3159 2552 3255 2605 καὶ
3283 2554 3312 2605 6
3342 2552 3611 2625 ἡμέτερος
3645 2553 3735 2607 λόο

2148 2658 2243 2709 γος
2280 2640 2562 2712 βασιλεῦσί
2596 2660 2653 2695 τε
2684 2642 2781 2701 καὶ
2820 2642 3089 2707 ἰδιώταις,
3121 2643 3303 2706 καθώς
3332 2661 3497 2716 φησιν
3519 2648 3547 2698 6
3584 2644 3737 2699 Σολο-

2148 2729 2288 2802 μὼν,
2324 2733 2405 2796 είς
2427 2733 2639 2800 ὑγίειαν
2661 2735 2969 2804 ἐπιτήδειος
2994 2733 3409 2808 γίνεσθαι,εὑχῇ
3444 2738 3542 2809 τὴν
3570 2739 3732 2811 χάριν

2145 2824 2579 2894 ἐπισπασώμεθα
2643 2824 2756 2893 ἐγώ
2814 2843 2874 2879 τε
2929 2826 3022 2878 καὶ
3091 2827 3245 2897 ὑμεῖς
3314 2828 3729 2902 παραπλησίως.

2144 2912 2337 2967 Κοινὺν
2363 2913 2471 2986 γὰρ
2504 2914 2564 2967 τὸ
2593 2916 2807 2987 κέρδος,
2843 2917 3043 2988 μᾶλλον
3066 2919 3123 2972 δὲ
3149 2920 3211 2973 τὸ
3239 2920 3403 2974 πλέον
3435 2923 3695 2995 ὑμέτερον
3713 2942 3727 2955 ·

2142 3003 2372 3076 ἐπείπερ
2403 3004 2464 3058 τὸ
2500 3005 2687 3059 λαϐεῖν
2710 3024 2763 3059 τι
2794 3007 2955 3061 καλὸν
2992 3009 3085 3063 τοῦ
3121 3014 3420 3083 παρασχεῖν
3448 3031 3501 3067 τι
3533 3015 3728 3086 κερδα-

2144 3095 2308 3150 λεὼτε
2318 3115 2427 3168 ρον.
2463 3099 2818 3172 ’Λπαγορεύει
2837 3101 2898 3154 τὸ
2914 3101 3243 3172 Εὑαγγέλιον
3272 3106 3515 3171 παλαιοῖς
3538 3107 3727 3173 ἀσκοῖς

2147 3183 2288 3241 οἶνον
2325 3189 2443 3243 νέον
2488 3190 2905 3246 ἐναποτίθεσθαι
2925 3209 2939 3224 ι
2970 3195 3114 3265 τάχα
3169 3195 3307 3267 πρὸς
3352 3197 3445 3250 τὸν
3487 3198 3730 3269 παρόντα

2146 3280 2339 3352 καιρὸν
2369 3279 2557 3351 βλέπει
2583 3282 2647 3336 τὸ
2680 3283 2930 3354 αἴνιγμα.
2988 3285 3049 3339 '0
3088 3285 3197 3359 γὰρ
3248 3286 3523 3360 νεοθ).ι6ὴς
3562 3286 3726 3356 οἶνος,

2144 3368 2233 3425 διὰ
2258 3371 2356 3442 τὴν
2388 3372 2632 3441 φυσικῶς
2657 3375 3017 3447 ἐγγινομένην
3038 3375 3135 3430 τοῦ
3174 3378 3342 3451 ὑγροῦ
3370 3378 3538 3444 ζέσιν,
3558 3383 3730 3437 Ilvati-

2148 3477 2318 3531 ματος
2354 3463 2570 3535 πλήρης
2619 3466 2766 3532 ἐστὶ,
2793 3465 2883 3519 διὰ
2910 3468 3010 3538 τῆς
3059 3470 3297 3539 φυσικῆς
3339 3472 3606 3542 κινήσεως
3649 3475 3731 3541 ἐξ·

2144 3553 2390 3623 ἀφρίζων
2417 3555 2509 3609 τὸν
2547 3556 2740 3629 ίλυώδη
2767 3558 2937 3613 ῥύπον
2960 3559 3053 3629 ἀφ’
3076 3561 3283 3614 ἐαυτοῦ-
3308 3562 3476 3618 Τοῦτο
3500 3565 3555 3617 δὲ
3579 3565 3728 3620 οὐδὲν

2143 3642 2272 3697 ἄλλο
2306 3646 2466 3711 ἐστὶ,
2501 3649 2642 3701 κατά
2680 3665 2736 3716 γε
2779 3648 2870 3701 τὸν
2915 3650 3048 3719 ἐμὸν
3096 3650 3270 3719 λόγον,
3315 3654 3349 3721 ἢ
3381 3655 3414 3723 ή
3460 3657 3586 3728 περὶ
3632 3657 3726 3710 τοῦ

2143 3736 2301 3805 ἁγίου
2359 3738 2672 3808 Πνεύματος
2708 3739 3058 3807 διδασκαλία,
3092 3742 3269 3808 καθώς
3304 3762 3468 3815 φησιν
3492 3749 3520 3801 ό
3569 3748 3729 3801 ’Λπό-

2144 3828 2347 3894 στολος,
2377 3830 2458 3883 ὅτι
2494 3829 2578 3895 Τῷ
2620 3833 2915 3901 Πνεύματι
2961 3832 3223 3899 ζέοντες,
3249 3836 3316 3906 ἣν
3346 3838 3394 3890 oi
3431 3838 3621 3912 σαθροί
3662 3857 3722 3895 τε

2143 3921 2236 3973 καὶ
2266 3912 2645 3992 διερρυηκότες
2684 3923 2874 3988 ἀσκοὶ,
2916 3924 3013 3977 καὶ
3059 3924 3162 3977 ὑπὸ
3193 3926 3292 3996 τῆς
3331 3930 3587 3995 ἀπιστίας
3620 3950 3721 3987 πε-

2142 4011 2508 4081 παλαιωμένοι
2535 4014 2595 4066 οὑ
2641 4015 2921 4082 στέγουσιν
2940 4056 2954 4080 ,
2987 4015 3121 4069 ἀλλὰ
3160 4022 3622 4091 περιρῤήγνυνται
3653 4029 3716 4100 τῇ

2145 4104 2481 4175 μεγαλοφυϊᾳ
2516 4105 2609 4159 τοῦ
2651 4106 2938 4177 δόγματος.
2970 4108 3067 4161 Διά
3108 4109 3268 4163 τοῦτο
3291 4113 3385 4167 ἐὰν
3429 4132 3481 4169 τι
3518 4117 3721 4190 ὑψηλὸν

2140 4192 2322 4255 αὐτοῖς
2354 4193 2418 4245 ἐκ
2458 4193 2807 4259 διδασκαλίας
2858 4198 3142 4269 ἐγγένηται
3195 4202 3376 4272 νόημα
3399 4244 3413 4268 ,
3447 4204 3719 4275 σχίζονται

2140 4302 2204 4338 πε
2215 4287 2266 4357 pi
2300 4286 2391 4339 τὸν
2416 4285 2579 4354 ὄγκον
2606 4287 2699 4341 τοῦ
2732 4288 2998 4360 δόγματος
3018 4308 3031 4321 ·
3064 4293 3156 4346 καὶ
3178 4293 3331 4346 αὑτοί
3357 4311 3418 4361 γε
3443 4296 3724 4368 ἀχρειοῦνς

2136 4396 2229 4431 ται
2257 4378 2346 4431 διὰ
2375 4377 2468 4431 τοῦ
2513 4379 2812 4451 ρήγματος,
2850 4382 2947 4451 τήν
2990 4400 3049 4434 τε
3087 4384 3179 4437 τοῦ
3214 4386 3527 4455 Πνεῦμα-τος
3559 4391 3718 4465 χάριν

2065 4477 2106 4532 D
2137 4472 2256 4541 εἰκῆ
2319 4470 2462 4542 ῥέειν
2508 4471 3037 4541 παρασκευάζουσιν.
3075 4475 3168 4538 EE;
3221 4477 3329 4548 γὰρ
3393 4481 3715 4552 κακότεχνον

2131 4564 2309 4634 ψυχὴν
2340 4563 2440 4615 οὑκ
2487 4562 2853 4617 εἰσελεύσεται
2885 4565 3064 4635 σοφία,
3101 4567 3283 4633 καθώς
3317 4587 3481 4641 φησιν
3509 4575 3541 4642 ἡ
3578 4574 3717 4645 Γρας

2136 4655 2232 4724 φή.
2268 4652 2485 4706 Μᾶλλον
2534 4653 2593 4705 δὲ
2653 4657 3045 4724 συγχωρήσατέ
3098 4674 3186 4727 μοι
3233 4655 3579 4730 μιμήσασθαι
3619 4663 3715 4735 τὴν

2134 4745 2240 4797 τῶν
2287 4746 2531 4815 πενήτων
2588 4744 2874 4815 συνήθειαν
2907 4763 2921 4778 ο
2956 4748 3078 4800 ἐπεὶ
3115 4750 3387 4814 κάκείνοις
3448 4752 3671 4826 σύνηθες
3695 4796 3711 4819 ,

2133 4840 2259 4891 ὃταν
2283 4838 2410 4891 ποτέ
2441 4837 2699 4900 πλουσίας
2724 4838 2993 4905 ἀξιωθῶσι
3033 4842 3333 4913 τραπέζης,
3352 4845 3713 4916 ἀνεπαισχύν-

2131 4946 2238 4992 τως
2281 4932 2347 4982 ἐκ
2396 4929 2504 4981 τῶν
2544 4927 2913 4999 προτεθέντων
2948 4930 3152 4994 αὐτοῖς,
3175 4932 3269 4986 καί¹
3309 4935 3390 4997 είς
3426 4936 3528 5007 τὴν
3557 4938 3714 4990 ὑστε-

2134 5020 2291 5091 ραίαν
2321 5017 2731 5081 ἐπισιτίζεσθαι.
2757 5018 2930 5089 Κάγὼ
2958 5021 3137 5076 τοίνυν
3169 5023 3233 5076 ὲκ
3264 5024 3363 5095 τῆς
3389 5025 3579 5098 χθιζῆς
3614 5045 3712 5081 πο-

2131 5107 2406 5170 λυτελείας
2429 5108 2622 5178 μικρόν
2641 5126 2695 5161 τι
2712 5114 3198 5185 προχειρισάμενος
3217 5114 3483 5185 λείψανον,
3498 5117 3709 5171 ἐκεῖθεν

2130 5197 2273 5251 κατά
2302 5197 2398 5267 τὴν
2427 5197 2667 5267 ἐμαυτοῦ
2700 5197 2928 5270 δύναμιν
2970 5202 3278 5272 ὀψοποιήσω
3306 5204 3396 5258 τὸν
3427 5205 3604 5275 λόγον,
3640 5215 3710 5263 τὰ

2131 5287 2300 5341 πολλά
2352 5287 2460 5341 τῶν
2493 5291 2732 5361 σήμερον
2792 5293 3159 5362 προτεθέντων
3207 5297 3319 5358 τοῖς
3354 5296 3709 5370 τελειοτέροις

2129 5379 2238 5433 τῶν
2269 5379 2604 5450 δαιτυμόνων
2632 5383 3083 5452 ταμιευσάμενος.
3121 5383 3186 5436 Τί
3221 5385 3399 5439 τοίνυν
3427 5382 3495 5457 ἦν
3517 5387 3579 5441 τὸ
3608 5390 3711 5458 τῆς

2131 5468 2324 5541 χθιζῆς
2366 5469 2688 5534 πανδαισίας
2737 5470 2982 5541 ἄϐρωτόν
3028 5489 3089 5526 τε
3133 5475 3226 5528 καὶ
3266 5476 3707 5550 ἀκατέργαστον;

2140 5557 2208 5612 Ἦ
2232 5559 2342 5613 τῶν
2381 5560 2751 5615 ἀποπολικῶν
2784 5560 3032 5632 πράξεων
3079 5564 3291 5638 ἱστορία
3314 5567 3415 5641 τὴν
3447 5570 3506 5626 ἐν
3544 5570 3705 5642 Ἀθη-

1015 5720 1036 5749 ⁹
1072 5716 1261 5773 Matth.
1294 5734 1369 5786 ix,
1406 5719 1492 5773 17.
1568 5719 1589 5752 ⁸
1618 5718 1778 5777 Rom.
1806 5735 1906 5787 xu,
1936 5718 2021 5772 11.
2102 5724 2124 5756 ι
2156 5715 2287 5786 Sap.
2332 5731 2371 5784 t,
2400 5716 2453 5769 4.
