4154 6354
488 361 597 417 557

1391 355 1479 409 DE
1502 354 1798 410 DEITATE
1828 355 1979 409 Fll.ll
2018 355 2101 407 ΙἸΤ
2139 354 2458 410 Sl’lRlTUS
2501 354 2761 409 SANCTI.

3648 358 3755 416 558

492 497 613 544 ναις
661 477 952 546 ἐπιδημίαν
1010 474 1102 527 τοῦ
1139 475 1350 528 Παύλου
1404 476 1701 546 διηγήσατο
1758 477 1919 545 ἡμῖν,
1952 474 2069 536 πῶς

2188 474 2418 528 :onvivis
2451 489 2763 529 reservans.
2795 472 2925 541 Qum
2982 483 3112 529 sunt
3144 476 3304 545 igitur
3337 476 3577 532 hesterni
3610 478 3755 548 epuli

494 566 980 637 είδωλομανοῦντος
1010 565 1105 619 τοῦ
1128 566 1254 635 τῇδε
1286 564 1438 629 λαοῦ,
1480 565 1575 617 καὶ
1608 568 1727 628 ταῖς
1753 564 2073 633 ἐπιὸωμίοις

480 661 742 722 ·κνίσσαις
781 658 1210 729 προστετηκότος
1234 696 1248 719 ,
1280 656 1339 711 τὸ
1363 656 1585 728 Πνεῦμα
1617 658 1677 710 τὸ
1724 657 1879 724 ἅγιον
1910 658 1965 708 ὲν
1998 656 2074 727 τῷ

499 749 754 821 μακαρίῳ
798 746 1148 819 παρωξύνετο
1198 746 1415 816 Παύλῳ,
1445 742 1553 799 οἷόν
1582 765 1633 799 τι
1667 746 1843 818 ῥεῦμα
1895 746 2075 817 πλημ-

499 846 671 917 μύρον
708 845 763 896 ἐν
797 846 861 913 τῇ
878 842 1022 912 ψυχῇ
1060 840 1154 894 τοῦ
1200 840 1519 893 Ἀποστόλου
1552 840 2071 911 στενοχωρούμενον,

497 942 588 992 καὶ
621 939 697 1009 μὴ
735 938 987 1008 εὑρίσκον
1020 938 1079 989 ὲν
1125 939 1237 999 τοῖς
1269 936 1509 1001 ἀναξίοις
1552 939 1650 1007 τὴν
1692 937 1939 1001 διέξοδον.
1977 937 2075 991 Διά

497 1030 654 1083 τοῦτο
676 1030 933 1093 Στωϊκοῖς
979 1045 1037 1081 τε
1084 1028 1179 1081 καὶ
1239 1028 1630 1099 Ἐπικουρείοις
1684 1030 2071 1099 συμπλέκεται,

495 1125 591 1176 καὶ
632 1126 713 1186 είς
770 1124 985 1194 Ἀρειον
1017 1121 1291 1186 καταστὰς
1340 1122 1533 1190 πάγον,
1575 1125 1641 1176 ὲκ
1668 1124 1775 1175 τῶν
1832 1124 2076 1193 συνήθων

495 1216 694 1279 αὐτοὺς
717 1216 853 1287 πρὸς
877 1217 977 1286 τὴν
1000 1214 1330 1283 θεογνωσίαν
1361 1216 1694 1285 προσάγεται
1715 1233 1728 1246 ’
1763 1216 1944 1286 βωμὸς
1968 1217 2077 1287 γάρ

496 1307 645 1359 ἐστιν
690 1304 838 1375 αῦτῷ
864 1306 959 1359 καὶ
994 1306 1340 1376 ὲπῖγραμμα,
1362 1305 1422 1358 τὸ
1450 1305 1543 1358 τοῦ
1574 1306 1732 1374 λόγου
1772 1305 2073 1378 προοίμιον.

494 1397 592 1460 Εἰς
618 1396 670 1449 τί
704 1396 880 1450 τοίνυν
908 1397 1185 1467 ἐμνήσθην
1212 1396 1306 1449 τοῦ
1340 1396 1765 1468 ἀναγνώσματος
1782 1417 1797 1465 ;
1831 1398 1956 1452 Ὅτι
1984 1400 2077 1453 καὶ

501 1488 592 1541 νῦν
622 1491 728 1541 εἰσι
777 1491 895 1542 κατ’
938 1490 1180 1551 ἐκείνους
1233 1488 1358 1550 τοὺς
1411 1488 1758 1559 Ἀθηναίους,
1794 1491 1875 1553 εἰς
1926 1490 2078 1543 οὐδὲν

498 1581 684 1650 ἕτερον
734 1579 1143 1651 εὐκαιροῦντες,
1172 1581 1204 1651 ἢ
1234 1579 1412 1648 λέγειν
1443 1598 1493 1634 τι
1525 1582 1617 1635 καὶ
1644 1582 1862 1636 ἀκούειν
1898 1583 2079 1636 καινό-

502 1689 675 1743 τερον,
707 1672 880 1741 χθιζοί
907 1689 1051 1735 τινες
1079 1672 1170 1726 καὶ
1196 1671 1423 1745 πρώῖζοι
1440 1675 1502 1727 ὲκ
1522 1674 1629 1728 τῶν
1656 1674 1939 1744 βαναύσων
1962 1676 2081 1727 ὲπι-

498 1762 852 1832 τηδευμάτων
902 1762 1232 1833 ὁρμώμενοι,
1285 1764 1617 1835 αὐτοσχέδιοί
1649 1783 1793 1829 τινες
1827 1766 1927 1837 τῆς
1965 1765 2080 1819 Θεο-

500 1853 687 1921 δ.ογίας
744 1853 1121 1923 δογματισταὶ,
1160 1856 1300 1925 τάχα
1333 1857 1475 1919 τινὲς
1515 1856 1725 1910 οἰκέται
1759 1859 1853 1911 καὶ
1888 1875 2080 1928 μαστι-

499 1946 651 2013 γῖαι,
685 1948 777 2001 καὶ
821 1946 929 2000 τῶν
981 1947 1244 2001 δουλικῶν
1312 1948 1726 2019 διακονημάτων
1776 1950 2077 2022 δραπέται,

503 2038 718 2107 σεμνῶς
747 2039 880 2109 ἡμῖν
920 2040 1047 2109 περὶ
1084 2038 1193 2094 τῶν
1233 2039 1492 2110 ἀλήπτων
1527 2041 1927 2110 φιλοσοφοῦσιν.
1969 2043 2082 2095 Οὐκ

503 2133 747 2200 ἀγνοεῖτε
778 2132 1015 2199 πάντως,
1047 2133 1183 2204 πρὸς
1224 2133 1373 2196 τίνας
1405 2136 1433 2187 ὁ
1456 2134 1616 2202 λόγος
1653 2134 1859 2203 βλέπει.
1897 2135 2081 2188 Πάντα

502 2221 611 2291 γὰρ
643 2220 711 2275 τὰ
755 2221 896 2275 κατὰ
937 2222 1037 2291 τὴν
1076 2222 1232 2275 πόλιν
1271 2222 1380 2275 τῶν
1410 2223 1663 2277 τοιούτων
1704 2225 2080 2296 πεπλήρωται,

502 2314 554 2365 οἳ
586 2313 883 2376 στενωποὶ,
929 2314 985 2365 αί
1021 2312 1251 2383 ἀγοραὶ,
1281 2314 1339 2366 αἱ
1380 2312 1661 2377 πλατεῖαι,
1710 2313 1777 2366 τὰ
1833 2313 2080 2383 ἄμφοδα*

501 2405 551 2457 οἷ
579 2405 686 2457 τῶν
717 2404 949 2474 ἱματίων
1001 2405 1259 2474 κάπηλοι,
1285 2406 1332 2457 οἱ
1372 2407 1488 2467 ταῖς
1518 2406 1819 2475 τραπέζαις
1851 2408 2083 2474 ἐφεστη-

503 2497 683 2558 κότες,
734 2497 783 2549 οἱ
840 2496 907 2549 τὰ
966 2495 1199 2567 ἐδώδιμα
1254 2499 1387 2567 ἡμῖν
1447 2497 1909 2568 ἀπεμπολοῦντες.
1959 2498 2085 2551 Ἐὰν

503 2587 632 2657 περὶ
670 2587 777 2641 τῶν
801 2586 1001 2640 ὀϐολῶν
1030 2588 1335 2658 ἐρωτήσῃς,
1378 2590 1406 2641 ὁ
1436 2588 1491 2641 δέ
1534 2606 1615 2642 σοι
1658 2592 1785 2661 περὶ
1825 2591 2083 2661 γεννητοῦ

503 2682 601 2733 καὶ
655 2681 950 2748 ἁγεννήτου
988 2679 1381 2749 ἐφιλοσόφησε·
1424 2681 1528 2734 κᾶν
1589 2683 1716 2750 περὶ
1778 2685 2086 2754 τιμήματος

506 2773 671 2841 ἄρτου
706 2772 915 2835 πύθοιο,
958 2773 1175 2835 Μείζων
1203 2775 1231 2825 ὸ
1260 2773 1466 2844 Πατὴρ,
1497 2774 1887 2843 ἀποκρίνεται,
1922 2775 2016 2827 καὶ
2058 2776 2087 2826 ὁ

508 2861 633 2924 Υἱὸς
660 2860 987 2932 ὑποχείριος.
1025 2863 1087 2914 Εἰ
1126 2863 1200 2926 δὲ,
1234 2862 1307 2915 Τὸ
1334 2863 1555 2933 λουτρὸν
1589 2863 1891 2934 ἐπιτήδειόν
1918 2867 2083 2929 ἐστιν,

506 2954 680 3015 εἰποις
700 2995 712 3019 ,
742 2956 770 3006 ὁ
797 2954 851 3005 δὲ
886 2953 944 3018 ἐξ
972 2955 1071 3007 οῦκ
1103 2954 1272 3007 ὅντων
1308 2955 1400 3007 τὸν
1436 2955 1561 3008 Υίὸν
1603 2951 1740 3008 εἶναι
1779 2955 2082 3027 διωρίσατο.

507 3044 623 3097 Οὐκ
646 3039 761 3097 οἴδα
790 3045 841 3096 τί
870 3045 974 3115 χρὴ
1005 3045 1067 3097 τὸ
1120 3046 1288 3098 κακὸν
1330 3046 1487 3099 τοῦτο
1528 3048 1813 3116 ὀνομάσαι,
1846 3050 2087 3119 φρενῖτιν

2176 567 2439 637 reliquiae,
2469 582 2607 636 quas
2627 566 2869 621 convivae
2900 581 3007 622 non
3037 568 3393 623 comederunt
3422 584 3598 640 neque
3627 585 3757 626 con-

2174 661 2478 714 coxerunt?
2530 659 2769 715 llistoria
2835 667 3080 714 actorum
3131 662 3585 731 apostolicorum,
3635 678 3758 733 quae

2176 752 2336 807 nobis
2380 752 2641 807 narrabat
2712 761 2771 805 ut
2824 751 3055 806 Athenis
3105 752 3306 822 hospes
3373 751 3577 807 Paulus
3636 768 3760 807 sese

2176 853 2411 913 gereret,
2445 842 2906 913 quemadmodum
2946 844 3148 913 populo
3205 844 3352 899 illius
3380 845 3532 901 urbis
3560 844 3757 899 insano

2177 935 2597 989 simulacrorum
2628 934 2797 987 cultui
2828 933 3093 1000 dedito,et
3122 936 3515 990 sacriﬁciorum
3544 936 3758 991 nidori-

2178 1025 2281 1080 bus
2316 1024 2554 1088 addicto,
2589 1023 2829 1094 Spiritus
2856 1034 3083 1081 sanctus
3115 1026 3169 1079 in
3210 1027 3370 1081 beato
3410 1025 3585 1081 Paulo
3623 1043 3758 1082 cou-

2177 1117 2460 1180 citaretur,
2488 1126 2750 1186 tanquam
2795 1117 2998 1172 [lumen
3050 1119 3324 1187 quoddam
3393 1119 3667 1175 inundans
3701 1122 3757 1175 in

2178 1208 2362 1263 animo
2400 1209 2645 1278 Apostoli
2675 1213 3092 1279 coangustatus,
3119 1222 3172 1265 et
3200 1211 3342 1265 inter
3364 1211 3616 1282 indignos
3652 1228 3759 1268 non

2179 1302 2462 1357 inveniens
2490 1302 2669 1357 locum
2693 1303 3037 1371 erumpendi.
3071 1301 3416 1373 Quapropter
3453 1320 3577 1357 cum
3609 1304 3758 1357 Stoi-

2179 1394 2259 1449 cis
2293 1403 2347 1447 et
2403 1392 2683 1464 Epicureis
2737 1392 3104 1461 conﬂictatur,
3168 1403 3224 1448 et
3273 1394 3328 1448 in
3366 1395 3506 1450 colle
3567 1394 3760 1450 Martio

2180 1494 2354 1549 stans,
2391 1500 2458 1540 ex
2497 1486 2714 1540 illorum
2775 1485 3041 1539 institutis
3092 1486 3389 1541 occasione
3419 1496 3660 1556 sumpta,
3690 1487 3760 1541 ad

2179 1573 2276 1629 Dei
2311 1575 2643 1644 agnitionem
2692 1589 2788 1629 eos
2842 1574 3114 1629 adducere
3165 1583 3443 1631 conatur:
3501 1593 3625 1631 nam
3662 1593 3762 1646 pro

2180 1667 2444 1721 orationis
2472 1666 2739 1737 prommio
2769 1668 2935 1723 sumit
2982 1668 3156 1723 altare
3182 1667 3475 1737 quoddam,
3532 1669 3763 1740 ejusque

2181 1756 2401 1810 titulum
2428 1756 2928 1827 etinscriptionem.
2966 1756 3239 1823 Quorsum
3269 1759 3434 1829 igitur
3463 1759 3606 1813 illius
3644 1775 3764 1814 me—

2183 1849 2315 1907 mini
2347 1849 2632 1903 lectionis?
2687 1849 2955 1914 Quoniam
3006 1864 3153 1903 nunc
3212 1865 3433 1920 quoque
3464 1860 3617 1912 sunt,
3644 1853 3771 1921 qui.-

2185 1941 2343 1996 sicuti
2385 1940 2748 1995 Athenienses
2774 1941 2872 2001 illi,
2908 1942 3041 1995 nulli
3080 1941 3171 1996 alii
3207 1942 3283 1995 rei
3316 1950 3536 2007 vacant,
3571 1944 3676 1998 nisi
3704 1953 3764 1999 ut

2184 2032 2371 2087 dicant
2398 2044 2451 2087 et
2484 2031 2705 2086 audiant
2729 2032 2933 2102 aliquid
2950 2034 3096 2100 novi,
3118 2033 3210 2103 qui
3242 2033 3323 2089 vel
3354 2034 3468 2088 heri
3500 2035 3582 2090 vel
3601 2037 3766 2105 paulo

2184 2133 2313 2179 ante
2379 2125 2445 2179 ab
2471 2125 2785 2188 sellulariis,
2841 2124 3065 2195 plebeiis
3091 2133 3146 2180 et
3204 2126 3494 2180 servilibus
3532 2126 3766 2195 opiﬁciis

2184 2216 2521 2285 prodierunt,
2549 2218 2799 2272 subitarii
2828 2229 2991 2286 atque
3012 2216 3351 2271 tumultuarii
3370 2217 3588 2287 quidam
3614 2219 3767 2273 theo-

2187 2308 2489 2377 logicarum
2522 2308 2919 2361 sententiarum
2950 2316 3236 2373 auctores,
3286 2308 3514 2364 forsitan
3575 2309 3766 2367 famuli

2186 2400 2409 2468 quidam
2457 2407 2511 2454 et
2547 2401 2878 2455 verberones
2907 2414 2937 2453 a
2961 2401 3252 2457 servilibus
3283 2403 3604 2458 ministeriis
3636 2418 3768 2472 pro.

2188 2492 2322 2563 fugi,
2361 2493 2645 2563 magniﬁce
2689 2493 2848 2548 nobis
2878 2492 2945 2548 de
2984 2494 3147 2549 rebus
3200 2495 3767 2565 incomprehensibili—

2187 2586 2290 2640 bus
2313 2585 2793 2655 philosophantur.
2829 2585 3062 2641 Prorsus
3086 2586 3228 2641 haud
3252 2587 3518 2658 ignoratis
3535 2589 3602 2642 ad
3629 2606 3769 2660 quos

2188 2680 2366 2733 oratio
2391 2688 2617 2749 spec.et.
2652 2682 2845 2735 Omnia
2868 2698 3102 2751 namque
3125 2683 3242 2737 loca
3273 2683 3425 2739 urbis
3450 2684 3652 2740 talibus
3678 2702 3768 2741 re-

2190 2770 2332 2839 pleta
2361 2778 2509 2835 sunt,
2550 2770 2856 2840 angiporta,
2891 2770 3056 2835 bivia,
3116 2771 3254 2836 fora,
3316 2773 3507 2842 platea:
3552 2794 3565 2829 :
3598 2777 3771 2829 vesti-

2191 2872 2498 2914 mentorum
2554 2861 2855 2921 institores,
2894 2862 3097 2916 mensis
3126 2865 3456 2933 argentariis
3506 2866 3767 2934 praefecti,

2190 2950 2282 3018 qui
2316 2949 2595 3004 esculenta
2642 2950 2799 3004 nobis
2825 2952 3087 3005 vendunt.
3127 2950 3182 3005 Si
3252 2968 3412 3023 quem
3457 2971 3649 3010 eorum
3701 2957 3771 3011 de

2191 3043 2367 3097 obolis
2394 3044 2719 3111 interroges,
2770 3044 2861 3098 ille
2912 3046 3007 3099 tibi
3047 3046 3115 3100 de
3165 3049 3331 3117 geniti
3359 3056 3414 3102 et
3463 3066 3571 3104 non
3604 3053 3773 3121 geniti

509 3135 542 3205 ἦ
570 3136 788 3206 μανίαν,
814 3137 848 3207 ἧ
880 3155 932 3189 τι
963 3136 1201 3189 τοιοῦτον
1235 3140 1401 3191 κακὸν
1431 3140 1734 3209 ἐπιδήμιον,
1763 3140 1791 3192 ὃ
1812 3140 1919 3192 τῶν
1946 3140 2088 3209 λογι-

2194 3146 2390 3190 natura
2421 3136 2862 3206 philos0phatur;
2890 3138 3035 3207 quod
3058 3138 3105 3193 si
3135 3142 3199 3194 de
3231 3142 3405 3210 pretio
3449 3151 3503 3196 et
3532 3145 3773 3198 aestima.

512 3229 664 3297 σμῶν
687 3229 783 3300 τὴν
818 3232 1143 3301 παραφορὰν
1176 3229 1550 3300 ἐξεργάζεται.

509 3316 684 3373 Filius
718 3321 996 3389 subjectus

2191 3233 2337 3285 tione
2368 3230 2525 3297 panis
2548 3229 2870 3293 scisciteris,
2913 3228 3075 3284 Pater
3129 3232 3305 3301 major
3339 3242 3443 3297 est,
3488 3235 3689 3305 inquit,
3720 3248 3774 3293 et

1058 3341 1071 3374 :
1124 3322 1268 3391 quod
1309 3324 1355 3376 si
1417 3324 1693 3377 lavacrum
1743 3326 2089 3379 commodum
2118 3340 2242 3380 esse
2270 3323 2498 3385 dixeris,
2535 3322 2625 3375 ille
2654 3338 2716 3376 cx
2766 3338 2872 3376 non
2920 3324 3139 3379 entibus
3165 3325 3360 3381 Filium
3395 3345 3516 3383 esse
3561 3342 3769 3388 censet.

510 3415 708 3469 Nescio
738 3430 848 3485 quo
871 3417 1091 3470 nomine
1154 3418 1258 3473 hoc
1328 3418 1529 3472 malum
1601 3428 1850 3489 Oporteat
1909 3423 2204 3494 appellare,

2286 3418 2582 3488 phrenesin
2652 3432 2721 3470 an
2759 3418 2996 3473 furorem
3031 3460 3050 3486 ,
3090 3431 3187 3474 aut
3238 3424 3456 3493 aliquod
3505 3427 3774 3495 ejusmodi

510 3514 712 3566 malum
741 3514 883 3581 quod
921 3514 975 3566 in
1006 3514 1208 3583 pepulo
1231 3523 1529 3585 grassetur,
1545 3518 1689 3585 quod
1748 3518 1947 3573 elliciat
1986 3519 2182 3573 mentis
2214 3515 2637 3587 perversionem.

580 3602 678 3655 Διὰ
716 3601 872 3655 τοῦτο
904 3619 1044 3672 φημι
1078 3604 1214 3668 πρὸς
1266 3605 1488 3669 τούτους
1540 3606 1758 3676 βλέπειν
1805 3610 1903 3679 τὴν
1951 3608 2091 3663 κατὰ

508 3693 601 3746 τὸν
636 3692 953 3746 Ἀπὸστολον
985 3696 1223 3764 ἱστορίαν
1245 3713 1258 3726 ⁸
1293 3695 1328 3750 ὃ.
1353 3696 1459 3767 γὰρ
1492 3700 1618 3769 περὶ
1644 3698 1751 3751 τῶν
1794 3701 2089 3772 Ἀθηναίων

509 3787 543 3853 ἡ
580 3784 769 3854 Γραφὴ
811 3783 1179 3854 διεξέρχεται,
1218 3787 1389 3839 ταῦτα
1438 3788 1532 3841 νῦν
1566 3789 1710 3843 ἐστιν
1752 3792 1843 3843 ἐπὶ
1889 3793 2089 3846 τούτων

514 3876 669 3929 ίδεῖν·
722 3876 920 3945 μᾶλλον
973 3877 1027 3929 δὲ
1078 3879 1124 3929 εί
1173 3878 1278 3948 χρὴ
1326 3879 1533 3949 τάληθῆ
1581 3880 1779 3948 λέγειν,
1824 3884 2088 3936 κάκείνων

511 3968 629 4019 ἐστὶ
670 3967 740 4019 τὰ
783 3967 923 4020 κατὰ
953 3966 1174 4031 τούτους
1218 3971 1720 4040 ἁσυγγνωστὸτερα.
1758 3974 1817 4025 Οἱ
1852 3974 1950 4041 μὲν
1979 3974 2087 4044 γὰρ

510 4057 672 4109 οἱονεὶ
722 4058 871 4127 λήμη
933 4059 1041 4110 τινὶ
1092 4061 1157 4129 τῇ
1213 4061 1340 4129 περὶ
1390 4062 1458 4113 τὰ
1506 4062 1697 4115 εἴδωλα
1752 4062 1923 4134 πλάνῃ
1967 4067 2089 4127 τοὺς

508 4147 820 4218 ὸφϐαλμοῦς
852 4150 947 4218 τῆς
983 4150 1159 4220 ψυχῆς
1208 4153 1586 4221 κατεχόμενοι,
1634 4154 1759 4206 ἰδεῖν
1785 4156 2089 4225 αύτοπρος-

514 4234 679 4298 ὡπως
728 4237 828 4307 τὴν
885 4238 1080 4309 εύσεϐἦ
1138 4242 1265 4311 περὶ
1324 4242 1433 4293 τῶν
1486 4242 1653 4297 ὄντων
1708 4244 2092 4307 ἀδυνατοῦντες

513 4323 767 4393 ἀλήθειαν
787 4343 799 4353 ·
832 4326 979 4395 ὅμως
1000 4322 1111 4381 οἷον
1133 4330 1315 4401 ἐπαφῇ
1344 4348 1449 4383 τινι
1478 4331 1586 4383 τῶν
1606 4334 1878 4403 λογισμῶν
1906 4334 2091 4386 τοσοῦ-

516 4431 607 4467 τον
638 4419 949 4488 ὲνενόησαν,
986 4421 1066 4472 ὅτι
1113 4423 1173 4475 ού
1229 4425 1403 4494 πάντη
1448 4425 1790 4495 καταληπτὸν
1843 4428 1904 4479 τὸ
1932 4428 2085 4479 Θεῖὸν

517 4510 683 4571 ἐστιν,
719 4510 835 4562 οῦδὲ
870 4507 980 4564 οἷον
1010 4514 1038 4564 ὁ
1067 4512 1320 4583 λογισμὸς
1344 4517 1536 4582 οἴεται⁴
1569 4518 1807 4570 τοιοῦτον
1835 4520 1902 4588 τῇ
1932 4519 2088 4587 φύσει
2123 4504 2165 4558 D

515 4600 576 4651 τὸ
606 4602 1015 4671 ὑπερκείμενον.
1048 4604 1137 4657 Διὸ
1174 4606 1263 4657 τὸν
1294 4606 1460 4671 ὅντως
1490 4607 1620 4660 Θεὸν
1650 4607 1921 4675 ἄγνωστον
1955 4606 2092 4663 εἶναι

514 4692 986 4762 ὁμολογήσαντες,
1037 4694 1208 4765 βωμῷ
1264 4699 1357 4749 καὶ
1406 4698 1692 4769 γράμματι
1745 4700 1944 4769 τιμῶσι
2002 4702 2092 4754 τὸν

518 4783 913 4853 ἀγνοούμενον·
963 4787 1042 4838 ὅτι
1098 4787 1203 4858 γὰρ
1252 4791 1385 4859 πρὸς
1440 4792 1529 4843 τὸν
1579 4792 1746 4854 ὄντως
1798 4793 1927 4845 ὄντα
1960 4792 2092 4844 Θεὸν

516 4873 741 4929 ἒελεπεν
787 4875 967 4927 αὐτῶν
1012 4879 1044 4945 ἡ
1093 4878 1331 4941 διάνοια,
1363 4884 1633 4951 μαρτυρεῖ
1666 4882 1826 4945 αὐτὸς
1866 4885 1895 4935 ὁ
1936 4883 2095 4933 Ἀτύ-

518 4965 720 5027 στολος,
764 4967 968 5018 ἐκεῖνον
1007 4969 1392 5037 καταγγέλλων
1422 4972 1603 5036 αὐτοῖς
1638 4974 1726 5026 τὸν
1751 4974 1900 5039 Θεὸν,
1936 4977 2012 5039 είς
2036 4975 2094 5026 ὃν

516 5056 759 5107 εὐσεϐεῖν
804 5058 998 5110 ἐκεῖνοι
1047 5058 1134 5111 διὰ
1185 5060 1283 5128 τῆς
1327 5060 1421 5113 τοῦ
1474 5062 1657 5133 βωμοῦ
1702 5066 1869 5135 τιμῆς
1903 5065 2089 5135 ᾤοντο.

517 5147 642 5209 Πῶς
693 5144 785 5201 οῦν
834 5149 895 5200 οὐ
949 5148 1316 5221 χαλεπώτεροι
1365 5152 1473 5206 τῶν
1518 5158 1998 5225 μνημονευθέντων
2041 5160 2093 5212 οἱ

518 5238 613 5291 νῦν
662 5241 1082 5310 ματαιάζοντεςς
1129 5245 1179 5295 οἱ
1241 5244 1315 5313 μὴ
1363 5248 1769 5317 συγχωροῦντες
1810 5250 1951 5319 ὑπὲρ
1997 5251 2093 5320 τὴν

517 5332 823 5403 κατάληψιν
854 5333 1032 5386 αὐτῶν
1060 5329 1199 5387 εἶναι
1239 5334 1301 5387 τὺ
1329 5334 1501 5401 Θεῖον,
1537 5336 1648 5390 ἀλλ’
1680 5339 1819 5391 οῦτω
1846 5340 1937 5392 τὸν
1963 5340 2093 5393 Θεὸν

518 5423 841 5493 γιγνώσκειν
892 5428 1359 5497 μεγαλαυχοῦντες
1404 5429 1479 5491 ὡς
1522 5430 1684 5493 αύτὸς
1717 5432 1939 5498 ἐαυτόν;
1970 5434 2095 5497 Πῶς

520 5516 584 5567 ἄν
611 5532 694 5577 τις
738 5516 857 5569 κατ’
906 5518 1060 5583 ἀξίαν
1089 5522 1188 5589 τὴν
1220 5522 1467 5590 πήρωσιν
1509 5521 1617 5573 τῶν
1654 5522 1898 5576 δειλαίων
1926 5542 2094 5577 κατα-

517 5605 871 5676 θρηνήσειεν,
929 5612 977 5659 οἳ
1028 5611 1281 5664 τοσούτου
1332 5613 1507 5681 φωτὸς
1550 5613 1649 5683 τῆς
1701 5615 1955 5685 ἀληθείας
1998 5618 2094 5685 τὴν

517 5699 839 5769 οἰκουμένην
879 5703 1057 5755 πᾶσαν
1096 5706 1151 5754 ἐν
1182 5709 1246 5775 τῇ
1278 5706 1397 5758 καθ’
1426 5710 1575 5776 ἡμᾶς
1603 5707 1713 5779 ζωῇ
1753 5707 1839 5760 διὰ
1865 5710 1960 5780 τῆς
2001 5714 2092 5763 εὑ-

522 5789 711 5852 τεϐοῦς
740 5792 971 5856 πίστεως
1011 5798 1462 5869 περιλάμποντος.
1502 5800 1651 5871 ptde
1695 5800 1829 5874 πρὸς
1864 5801 1960 5874 τὴν
1994 5803 2091 5858 3'3-

2266 3607 2610 3674 Quapropter
2646 3604 2891 3674 Apostoli
2921 3606 3204 3661 historiam
3235 3609 3301 3664 ad
3332 3610 3431 3667 hos
3454 3612 3576 3668 dico
3605 3617 3775 3686 perti-

2192 3713 2361 3761 nere;
2392 3712 2514 3750 naut
2543 3712 2663 3765 quze
2687 3698 2753 3749 de
2787 3696 3213 3754 Atheniensibus
3248 3712 3436 3756 narrat
3466 3703 3772 3775 Scriptura,

2198 3789 2313 3841 haec
2344 3803 2488 3841 nunc
2534 3788 2586 3840 in
2621 3788 2703 3840 his
2742 3789 2867 3843 licet
2901 3790 3085 3843 videre
3120 3809 3132 3844 :
3193 3792 3303 3846 imo
3336 3808 3466 3849 vero
3492 3796 3536 3849 si
3564 3807 3777 3867 oportet

2188 3896 2315 3934 vera
2352 3879 2554 3942 dicere,
2592 3880 2784 3933 horum
2816 3890 3095 3949 peccatum
3126 3885 3335 3941 minore
3358 3902 3519 3956 quam
3556 3890 3774 3947 illorum

2190 3987 2369 4034 error,
2398 3972 2554 4025 venia
2593 3969 2815 4040 dignum
2838 3980 2943 4035 est,
2977 3981 3141 4043 atque
3161 3975 3244 4029 his
3271 3979 3453 4033 minus
3481 3996 3642 4050 quam
3670 3983 3777 4036 illis

2194 4064 2401 4134 ignosci
2450 4064 2632 4119 debet.
2681 4064 3003 4133 Quanquam
3056 4068 3201 4123 enim
3254 4069 3353 4134 illi,
3395 4073 3543 4139 quod
3585 4089 3775 4131 eorum

2194 4156 2577 4210 animioculos
2623 4163 2883 4224 tanquam
2933 4157 3198 4227 lippitudo
3253 4163 3498 4230 quaedam
3552 4167 3779 4222 simula-

2195 4261 2414 4299 crorum
2451 4247 2636 4301 cultus
2664 4262 2822 4301 error
2850 4250 3144 4313 invaserat,
3178 4262 3325 4308 recta
3352 4253 3489 4310 facie
3513 4274 3610 4312 sua
3633 4261 3776 4328 piam

2194 4334 2263 4390 de
2298 4336 2461 4391 rebus
2497 4336 2806 4406 quibusque
2832 4341 3115 4394 veritatem
3142 4342 3325 4398 videte
3347 4361 3452 4399 non
3488 4358 3775 4419 poterant;

2196 4434 2379 4480 tamen
2402 4427 2675 4481 rationum
2706 4432 2861 4498 quasi
2890 4432 3123 4499 quadam
3151 4440 3535 4495 attrectatiune
3566 4451 3776 4497 tantum

2196 4518 2606 4580 intellexerunt,
2668 4520 2813 4587 quod
2855 4538 3054 4578 numen
3101 4524 3348 4581 divinum
3381 4533 3597 4598 penitus
3627 4551 3780 4589 com-

2194 4608 2466 4677 prehendi
2497 4626 2604 4664 non
2638 4614 2830 4679 possit,
2862 4629 2959 4667 nec
2990 4616 3152 4683 quale
3176 4631 3292 4671 eam
3324 4622 3464 4676 ratio
3482 4638 3605 4679 esse
3628 4635 3781 4693 putat

2194 4709 2392 4753 natura
2428 4700 2557 4755 talis
2578 4717 2773 4771 supera
2800 4704 2981 4758 divina
3010 4707 3268 4776 majestas
3290 4712 3379 4764 sit.
3413 4714 3778 4779 Quamobrem

2197 4807 2382 4845 verum
2428 4789 2595 4846 Deum
2629 4794 2883 4863 cognosci
2933 4811 3039 4850 non
3072 4813 3233 4865 posse
3276 4799 3528 4869 fatentes,
3558 4820 3651 4859 ara
3699 4819 3780 4860 at-

2195 4902 2301 4955 que
2332 4887 2490 4941 titulo
2520 4887 2792 4942 honorant
2826 4906 2986 4959 quem
3023 4893 3276 4962 ignorant
3326 4915 3339 4950 :
3374 4912 3497 4951 nam
3543 4906 3785 4957 mentem

2197 4977 2412 5031 illorum
2443 4994 2590 5041 eum,
2621 4983 2712 5049 qui
2748 4997 2933 5035 revera
2966 4982 3108 5039 Deus
3141 4993 3249 5051 est,
3296 5003 3596 5057 spectasse,
3636 4994 3778 5061 Apo-

2198 5071 2370 5126 stolus
2422 5081 2677 5141 testatur,
2706 5077 2834 5127 dum
2886 5077 3036 5130 illum
3069 5077 3234 5132 Deum
3289 5081 3368 5134 eis
3395 5083 3775 5149 annuntiabat,

2196 5180 2351 5232 quem
2399 5166 2485 5234 pie
2536 5184 2595 5221 se
2622 5169 2799 5221 colere
2833 5185 2929 5237 per
2956 5172 3215 5225 honorem
3270 5174 3457 5227 altaris
3498 5175 3776 5230 existima-

2198 5256 2348 5308 bant.
2384 5256 2489 5321 Qui
2526 5258 2692 5327 igitur
2737 5262 3052 5316 meumratis
3115 5280 3221 5317 non
3256 5266 3478 5333 gravius
3529 5279 3781 5336 peccant,

2196 5348 2287 5415 qui
2320 5364 2464 5402 nunc
2489 5350 2774 5404 stultitiam
2802 5368 2957 5406 suam
3016 5354 3403 5427 produnt?qui
3435 5375 3543 5413 non
3584 5377 3782 5417 conce-

2196 5440 2333 5493 dunt
2363 5456 2530 5510 supra
2564 5451 2783 5511 captum
2812 5459 2973 5498 suum
3006 5462 3127 5500 esse
3153 5463 3355 5503 numen
3376 5451 3645 5517 divinum,
3683 5454 3779 5509 sed

2198 5534 2267 5586 ita
2298 5531 2467 5587 Deum
2499 5551 2620 5590 sese
2674 5552 3009 5608 cognoscere
3041 5542 3363 5609 gloriantur,
3395 5554 3455 5599 ut
3494 5547 3611 5617 ipse
3660 5562 3781 5603 sese

2196 5626 2633 5697 cognoscit?qui
2660 5631 2837 5698 possit
2874 5632 3073 5703 aliquis
3102 5634 3262 5705 digne
3324 5626 3488 5694 talem
3555 5640 3781 5694 misero—

2198 5732 2316 5768 rum
2380 5720 2576 5772 mcntis
2630 5724 2928 5779 carcitatem
2980 5724 3423 5798 deplorare?qui
3472 5739 3621 5785 tanta
3660 5732 3779 5787 luce

2198 5811 2511 5867 universum
2536 5822 2805 5871 terrarum
2828 5818 3084 5889 orbemjin
3109 5821 3217 5876 vita
3249 5832 3436 5876 nostra
3459 5834 3775 5896 perrectam
