4154 6354
459 335 564 391 KS9

1676 323 1732 380 ις.
1774 319 2102 393 cnscomt
2129 320 2415 378 NYSSENI

3626 319 3733 373 .560

460 451 619 528 ﬁdem
651 446 1027 508 collustranle,
1063 443 1164 497 soli
1194 441 1259 495 ad
1284 438 1813 511 splendorrm,quotl
1848 439 2043 493 attinet

2148 440 2251 511 γὴν
2295 438 2749 512 ἀμϐλυωποῦσινς
2801 440 2833 510 ἢ
2878 439 3119 506 ἀγνοεῖτε
3175 437 3326 488 ποῖον
3379 432 3522 502 λέγω
3568 433 3731 486 πλεο-

459 522 817 594 adwreritatis
869 536 1244 608 agnitionem,
1284 531 1619 586 caacutiunt?
1667 546 1735 584 an
1783 530 2049 600 ignoratis

456 646 620 703 quam
646 632 821 684 lucem
846 629 898 680 in
927 627 1036 679 vita
1069 632 1253 680 nostra
1285 624 1461 678 dicam
1504 621 1824 677 abundare?
1849 618 2047 675 Nume-

460 733 575 777 rate
606 721 736 776 mihi
766 720 912 789 regia
938 717 1383 787 luminaria,qu;e
1403 713 1735 786 evangelicis
1758 712 2045 769 luminari-

457 816 560 870 lms
585 828 810 868 numero
839 812 988 883 paria
1014 809 1328 865 universum
1350 807 1743 880 propemodum
1765 807 2046 878 complexa

457 907 720 961 mumlum
747 904 800 959 in
829 919 961 975 pace
980 913 1142 972 atque
1164 901 1358 971 pietate
1385 900 1697 954 illustrant:
1719 896 1938 970 quando
1964 897 2046 953 fa-

456 1008 577 1053 ctor
602 1012 782 1052 rerum
830 996 1208 1050 universarum
1244 990 1388 1047 Deus
1422 991 1658 1062 primum
1690 990 1823 1047 illud
1854 991 2044 1045 mundi

456 1090 681 1161 originis
703 1103 841 1159 opus
862 1087 1152 1141 miriﬁcum
1179 1083 1445 1144 imitatur.
1464 1083 1556 1154 qui
1578 1098 1684 1139 non
1715 1083 1892 1139 solum
1922 1098 2043 1136 ma-

456 1196 620 1251 gnum
650 1177 919 1232 luminare
954 1174 1239 1230 constituit
1272 1172 1327 1227 in
1359 1173 1669 1244 principatu
1706 1188 1890 1229 rerum
1924 1187 2044 1243 quae

454 1270 710 1324 videntur
729 1305 745 1330 ,
773 1281 961 1322 verum
985 1266 1150 1320 etiam
1182 1263 1229 1318 ei
1259 1263 1423 1317 simul
1452 1264 1744 1333 conjunxit
1773 1261 2044 1318 luminare

454 1376 673 1430 quoque
692 1358 892 1424 minus,
910 1356 1056 1428 quod
1076 1370 1103 1408 a
1125 1354 1369 1426 paternis
1394 1353 1561 1410 radiis
1584 1363 1810 1424 accepto
1838 1354 2044 1409 lumine

457 1468 563 1506 una
596 1449 849 1505 collucet.
872 1447 936 1502 Et
967 1446 1236 1518 ejusmodi
1270 1447 1429 1502 nobis
1458 1444 1512 1500 in
1534 1445 1812 1499 communi
1844 1459 2042 1515 propo-

454 1543 578 1598 sitis
594 1541 919 1605 connnodis,
937 1538 1098 1610 quasi
1125 1552 1153 1592 a
1174 1537 1519 1593 dmmonibus
1548 1547 1769 1608 accrpta
1801 1540 1954 1608 plaga
1985 1537 2040 1592 in

454 1638 694 1691 furorem
712 1633 844 1698 acti,
863 1632 1206 1703 impudenter
1225 1630 1490 1685 adversus
1514 1630 1793 1684 veritatem
1819 1642 2041 1684 senten-

453 1730 650 1783 tiarum
678 1739 800 1781 sese
814 1723 1139 1795 opponunt?
1167 1721 1624 1791 quemadmodum
1645 1719 1813 1777 Stoici
1842 1729 1895 1777 et
1914 1719 2039 1791 Epi-

2150 532 2331 596 νάζειν
2380 533 2495 603 φῶς
2532 534 2589 586 ἐν
2639 534 2707 603 τῇ
2741 531 2983 601 ἡμετέρᾳ
3019 528 3169 600 Coiﬁ;
3219 525 3587 598 ’Δριθμήσατέ
3640 542 3730 595 μοι

2147 624 2275 689 τοὺς
2336 624 2649 695 βασιλικοὺς
2705 626 3032 696 φωστῆρας,
3076 622 3125 675 οἳ
3183 624 3297 684 τοῖς
3340 618 3730 687 Εὑαγγελικοῖς

2152 716 2431 788 ίσάριθμοι
2474 719 2652 772 πάντα
2704 716 2904 789 μικροῦ
2941 717 3053 770 δεῖν
3082 714 3173 767 τὸν
3207 713 3413 784 κόσμον
3450 709 3732 765 διαλαϐόν-

2148 822 2262 872 τες,
2296 808 2362 861 δι’
2397 808 2619 879 είρήνης
2663 810 2755 862 καὶ
2800 806 3079 871 εὐσεϐείας
3110 803 3608 872 καταφωτίζουσιψ
3639 801 3730 854 ὅτε

2150 904 2397 971 μιμεῖται
2423 904 2451 956 6
2479 901 2632 966 Θεὸς,
2666 903 2695 956 6
2719 901 2811 956 τοῦ
2860 900 3061 963 παντὸς
3093 898 3344 968 ποιητὴς,
3371 896 3470 966 τὴν
3504 892 3729 965 πρώτην

2145 993 2245 1063 τῆς
2273 993 2666 1064 κοσμογενείας
2710 991 3169 1064 θαυματουργίαν,
3213 989 3274 1042 οὑ
3320 986 3480 1059 μόνον
3507 985 3599 1039 τὸν
3630 984 3729 1054 μέ-

2145 1099 2248 1151 γαν
2293 1087 2558 1156 φωστῆρα
2603 1087 2680 1149 είς
2710 1085 2809 1156 τὴν
2856 1083 2966 1136 τῶν
2997 1081 3288 1154 ὁρωμένων
3321 1079 3487 1145 τάξας
3532 1075 3725 1150 ἀρχὴν.

2145 1171 2280 1226 ἀλλά
2310 1175 2404 1227 καὶ
2448 1172 2910 1246 συμπαραζεύξας
2951 1173 3101 1243 αὑτῷ
3129 1172 3226 1226 καὶ
3251 1171 3342 1224 τὸν
3372 1169 3585 1223 ἐλάσσω
3614 1184 3728 1236 φω-

2146 1268 2350 1337 στῆρα,
2396 1265 2488 1319 τὸν
2548 1268 2667 1330 ταῖς
2727 1268 3019 1331 πατρικαῖς
3082 1264 3266 1318 ἀκτῖσι
3321 1258 3730 1332 ωμπαραλάμ-

2143 1372 2339 1410 ποντα.
2367 1352 2499 1409 Εἶτα
2527 1356 2783 1410 τοιούτων
2815 1358 2947 1427 ἡμῖν
2984 1356 3041 1407 ὲν
3075 1353 3151 1425 τῷ
3180 1352 3343 1423 κοινῷ
3371 1352 3478 1405 τῶν
3506 1348 3730 1419 ἀγαθῶν

2145 1448 2543 1519 προκειμένων,
2588 1447 2778 1520 ὥσπερ
2818 1449 2924 1501 ὑπὸ
2973 1446 3243 1517 δαιμόνων
3288 1444 3503 1515 πληγῆς
3541 1442 3727 1495 ἔνθου-

2144 1537 2387 1602 σιῶντες,
2436 1536 2670 1602 ἀναιδῶς
2706 1536 2842 1609 πρὸς
2872 1538 2972 1608 τὴν
3013 1536 3273 1608 ἀλήθειαν
3303 1534 3411 1587 τῶν
3442 1533 3728 1603 δογμάτων

2142 1628 2640 1691 ἀντικαθίστανται,
2689 1628 2830 1682 κατά
2868 1629 2994 1692 τοὺς
3032 1612 3310 1689 ’Στωϊκούς
3339 1642 3399 1678 τε
3445 1624 3540 1678 καὶ
3577 1624 3727 1675 Ἐπιο

2144 1722 2428 1793 κουρείους
2463 1721 2725 1786 ἐκείνους,
2778 1720 2916 1793 πρὸς
2959 1717 3055 1784 οὓς
3096 1721 3126 1774 6
3156 1718 3365 1783 Παῦλος
3397 1719 3526 1788 παρ’
3563 1715 3720 1785 Ἀθη-

453 1817 606 1873 curei
640 1815 738 1879 illi,
763 1830 887 1869 cum
912 1811 1113 1883 quibus
1136 1810 1340 1867 Paulus
1365 1811 1508 1881 apud
1529 1812 1890 1867 Athenienses
1909 1828 2040 1867 con-

2145 1814 2315 1877 ναίοις
2347 1811 2750 1885 συμπλέκεταις
2781 1813 2889 1867 Καὶ
2914 1813 3002 1867 ἴνα
3046 1812 3122 1884 μὴ
3158 1810 3420 1881 νομίσητε
3457 1808 3725 1878 κατατρέ-

453 1912 713 1964 Ilii-tatur.
729 1909 806 1961 Ac
827 1921 895 1961 ne
918 1905 1120 1976 putetis
1136 1919 1230 1974 per
1246 1904 1577 1959 calumniam
1594 1904 1892 1960 decurrere
1912 1920 2039 1959 ora-

452 2000 834 2071 tionem,ipsas
851 1997 1153 2054 sententias
1169 2005 1591 2052 memoratorum
1606 1997 2035 2055 consideremus.

455 2091 730 2147 hlateriale
762 2104 962 2144 numen
1008 2088 1251 2143 divinum
1282 2102 1407 2144 esse
1456 2086 1625 2142 Stoici
1664 2088 2036 2157 suspicantur,

454 2191 698 2239 creatum
729 2180 893 2236 etiam
925 2180 977 2235 bi
1013 2178 1352 2252 unigenitum
1395 2177 1591 2233 Filium
1633 2194 1756 2235 esse
1795 2178 2036 2250 lingunt;

455 2288 682 2345 prorsus
711 2281 890 2327 autem
930 2270 1088 2326 scitis
1117 2275 1320 2340 quanta
1361 2276 1547 2325 creato
1609 2285 1737 2324 cum
1770 2272 2038 2326 materiali

453 2365 708 2436 cognatio
738 2363 830 2419 sit.
864 2361 994 2417 Item
1019 2358 1265 2432 Epicurei
1302 2361 1598 2432 opinantur
1643 2362 1848 2415 nullam
1880 2378 2042 2434 supe—

453 2472 571 2511 ram
617 2462 939 2527 potestatem
973 2468 1205 2524 praeesse
1236 2467 1335 2508 nec
1384 2452 1760 2509 constitutioni
1810 2470 1910 2509 nec
1945 2454 2041 2508 ad-

454 2547 848 2603 ministrationi
900 2560 1108 2610 rerum,
1167 2543 1264 2599 sed
1309 2545 1494 2599 omnia
1533 2553 1740 2601 temere
1792 2560 2040 2617 casuque

455 2639 679 2695 fortuito
708 2637 857 2703 ferri,
882 2637 1031 2691 nulla
1065 2635 1405 2706 providentia
1436 2651 1524 2691 res
1554 2637 1886 2707 pervadente
1915 2657 1928 2693 :
1965 2647 2039 2700 et.

458 2729 811 2787 utconcisius
845 2743 910 2783 ac
962 2728 1180 2783 brevius
1218 2742 1461 2782 errorem
1493 2741 1683 2783 eorum
1713 2727 2041 2792 indicemus,

458 2826 526 2880 ad
559 2823 767 2888 ἀθείαν,
802 2821 982 2880 idest.
1014 2821 1355 2891 negationem
1382 2820 1622 2874 numinis
1648 2820 1816 2876 divini
1852 2834 2041 2877 eorum

458 2923 708 2985 spectant
746 2911 1056 2985 opiniones.
1106 2908 1402 2967 Videamus
1448 2911 1616 2982 igitur
1644 2924 1714 2965 an
1765 2926 1875 2966 non
1932 2912 2043 2967 sint

458 3001 764 3056 imitatores
798 2998 1216 3069 Epicureorum,
1259 2998 1351 3067 qui
1384 2995 1579 3053 Filium
1621 2997 1763 3069 (Dei)
1805 2999 2041 3070 ignomi-

452 3097 550 3148 nia
576 3092 950 3148 alliciunt?Ac
975 3105 1138 3147 nemo
1163 3090 1398 3146 orationi
1422 3105 1486 3146 ex
1518 3090 1747 3146 adverso
1768 3101 2038 3164 opponat:

2146 1924 2262 1977 χειν
2291 1907 2350 1960 ἐν
2396 1904 2727 1977 συκοφαντίᾳ
2752 1904 2845 1959 τὸν
2874 1906 3052 1974 λόγον,
3083 1903 3224 1959 αὑτὰ
3250 1902 3318 1956 τὰ
3343 1901 3589 1971 δόγματα
3618 1898 3727 1952 τῶν

2149 1995 2633 2067 μνημονευθέντων
2661 1994 3120 2066 ἐπισκοπήσωμεν
3135 2010 3149 2024 ·
3189 1991 3401 2045 ’Υλικὸν
3424 1990 3536 2051 τοῖς
3556 1986 3727 2041 Στωϊ-

2147 2090 2263 2150 κοῖς
2288 2086 2348 2141 τὸ
2379 2087 2531 2141 Θείον
2568 2083 2708 2141 εἶναι
2743 2088 3067 2149 ὑπονοεῖται,
3099 2082 3313 2138 κτιστδν
3345 2081 3438 2135 καὶ
3464 2074 3610 2135 οὗτοι
3635 2077 3729 2131 τὸν

2150 2175 2417 2249 μονογενῆ
2453 2177 2582 2232 Υίὸν
2616 2172 2758 2231 εἶναι
2789 2174 3306 2242 κατασκευάζουσιν.
3338 2172 3478 2226 ’Ἰστε
3508 2170 3565 2225 δὲ
3589 2170 3728 2225 πάν-

2147 2287 2275 2333 τως,
2305 2270 2404 2341 ὅση
2436 2270 2554 2323 ἐστὶ
2594 2267 2687 2323 τοῦ
2723 2267 2943 2323 κτιστοῦ
2990 2267 3127 2340 πρὸς
3170 2268 3231 2320 τὸ
3262 2265 3445 2320 ὑλικὸν
3474 2267 3508 2336 ή
3539 2263 3730 2332 συγγέ-

2148 2377 2287 2415 νεια.
2345 2360 2511 2415 Πάλιν
2558 2361 2669 2425 τοῖς
2723 2359 3117 2431 Ἐπικουρείοις
3165 2357 3319 2412 οὐδὲν
3373 2355 3727 2428 ὑπερκεῖσθαι

2147 2455 2295 2509 δοκεῖ
2331 2454 2431 2526 τῆς
2473 2455 2582 2509 τῶν
2625 2454 2798 2509 δντων
2828 2452 3142 2516 συστάσεως
3174 2468 3234 2505 τε
3258 2450 3351 2505 καὶ
3375 2451 3689 2521 διοικήσεως
3708 2488 3725 2512 ,

2148 2545 2265 2599 ἀλλ’
2294 2544 2619 2615 αὐτομάτως
2651 2545 2723 2598 τὰ
2761 2544 2934 2597 πάντα
2985 2540 3265 2614 φέρεσθαι,
3295 2540 3565 2612 μηδεμιᾶς
3595 2554 3729 2610 προ-

2147 2636 2297 2701 νοίας
2321 2635 2407 2691 διά
2442 2636 2552 2690 τῶν
2590 2636 2933 2708 πραγμάτων
2964 2632 3236 2709 ήκούσης·
3272 2631 3368 2686 καὶ
3394 2632 3470 2694 ὼς
3508 2629 3575 2685 ἂν
3607 2647 3729 2683 συν-

2148 2729 2461 2802 τομώτερον
2486 2728 2732 2801 εῐποιμεν
2764 2729 2864 2800 τὴν
2898 2727 3109 2798 πλάνην
3140 2725 3342 2789 αὑτῶν,
3377 2724 3514 2796 πρὸς
3538 2722 3727 2777 ἀθεΐαν

2149 2825 2334 2888 αὐτοῖς
2368 2822 2557 2895 βλέπει
2602 2822 2670 2877 τά
2718 2820 2983 2893 δόγματα.
3031 2821 3403 2891 Σκοπήσωμεν
3452 2816 3630 2870 τοίνυν
3677 2816 3728 2868 εἰ

2153 2915 2231 2989 μὴ
2266 2916 2502 2989 μιμηταὶ
2537 2915 2644 2969 τῶν
2691 2915 3078 2986 Ἐπικουρείων
3115 2913 3165 2965 oi
3196 2913 3286 2965 τὸν
3317 2912 3447 2965 Υίδν
3471 2908 3727 2964 ἀθετοῦν-

2149 3022 2243 3071 τες
2268 3006 2394 3060 είσί.
2440 3005 2550 3060 Καὶ
2609 3005 2796 3077 μηδεὶς
2848 3003 3230 3073 ἀνθυπενέγκῃ
3275 3000 3353 3071 τῷ
3410 3000 3580 3071 λόγῳ,
3644 3000 3726 3053 δτι

2163 3094 2483 3166 Ἐπίκουρος
2520 3094 2641 3148 οὑδὲ
2683 3094 2774 3148 τὸν
2817 3092 3037 3163 Πατέρα
3084 3087 3246 3157 οἶδεν,
3304 3089 3424 3143 οὐδὲ
3476 3088 3728 3158 ὁμολογεῖ

460 3184 731 3254 Epicurus
775 3196 952 3252 neque
979 3179 1194 3236 Patrem
1240 3180 1408 3247 novit,
1440 3193 1612 3249 nequo.
1637 3153 1894 3235 deitatein
1928 3181 2043 3250 ejus

2150 3186 2318 3240 αὑτοῦ
2344 3153 2441 3257 τήν
2464 3153 2731 3256 νθεότητα,
2759 3184 2854 3240 καὶ
2880 3153 2997 3248 πῶς
3031 3183 3172 3237 κατὰ
3200 3153 3263 3236 τδ
3298 3180 3410 3235 ἴσον
3440 3153 3726 3236 ἀσεϐοῦσιν

450 3277 788 3340 conﬁtetur;
835 3282 890 3328 et
928 3270 1202 3342 quomodo
1226 3285 1381 3341 atque
1431 3271 1583 3341 impii
1630 3278 1761 3327 sunt
1805 3271 1858 3326 Iti
1887 3281 2050 3343 atque

461 3370 562 3431 illi,
595 3369 688 3439 qui
727 3365 905 3423 Patris
935 3366 1190 3419 deitatem
1227 3380 1334 3418 non
1377 3369 1578 3434 negant
1622 3378 1724 3418 nec
1758 3365 2051 3434 rejiciuut?

454 3459 751 3515 i’aululum
780 3458 925 3512 enim
956 3462 1204 3510 moratus
1233 3462 1397 3523 atque
1451 3462 1766 3519 cunctatus,
1810 3455 2050 3524 reperies

456 3560 786 3609 Anommum
813 3551 1043 3604 alterum
1092 3561 1310 3617 quoque
1339 3542 1805 3614 esse'Epicurum.
1836 3544 1927 3599 Sic
1948 3561 2045 3599 au-

452 3658 569 3702 tem
601 3660 714 3699 rem
753 3639 1186 3697 consideremus.
1247 3635 1606 3708 Splendorem
1654 3636 1845 3708 gloria:
1879 3636 2042 3692 Citri~

453 3748 749 3792 stumesse
776 3733 915 3787 dixit
966 3729 1277 3799 Apostolus,
1316 3737 1369 3782 et
1409 3740 1725 3799 expressam
1755 3726 2046 3798 imaginem

462 3818 787 3885 substantiae
805 3826 850 3890 ',
877 3833 927 3879 et
956 3822 1259 3893 potentiam
1290 3816 1409 3883 Dei,
1456 3826 1511 3873 et
1562 3817 1884 3889 sapientiam
1912 3818 1955 3887 ‘,
1992 3827 2049 3873 ct

455 3930 801 3993 quaecunque
837 3920 965 3971 sunt
981 3913 1129 3977 talia,
1180 3923 1416 3981 quorum
1469 3909 1896 3979 unumquodque
1928 3919 2049 3962 tan-

461 4026 626 4083 quam
672 4010 726 4065 iu
786 4003 1274 4076 coniunctionibus
1327 4001 1658 4073 quibusdam
1716 3999 2046 4055 necessariis

459 4106 621 4162 nullo
652 4101 815 4158 modo
834 4114 929 4170 per
951 4112 1074 4154 sese
1102 4096 1281 4151 solum
1302 4108 1366 4149 ac
1383 4094 1680 4165 separatim
1699 4090 2044 4163 intelligitur,

461 4195 557 4250 sed
582 4201 810 4262 utraque
825 4188 1163 4258 coniunctim
1192 4193 1248 4241 et
1266 4200 1436 4240 unum
1458 4199 1582 4239 cum
1601 4183 1776 4238 altero
1798 4194 2047 4252 compre-

461 4286 736 4341 ltentlitur.
754 4281 1023 4351 Splendor
1042 4279 1187 4333 enim
1204 4291 1432 4347 prorsus
1444 4275 1681 4345 alicujus
1696 4274 1771 4329 rei
1788 4273 2046 4344 splendor

463 4387 570 4439 est.
608 4379 734 4431 item
784 4373 993 4443 efﬁgies
1026 4381 1080 4425 et
1111 4372 1291 4440 imago
1318 4368 1551 4437 alicujus
1603 4367 1682 4423 rei
1717 4381 1944 4437 prorsus
1972 4364 2049 4421 ef-

467 4470 617 4539 ﬁgies
639 4474 742 4521 est.
776 4461 1437 4530 Quemadmodumigitur
1454 4475 1519 4515 ex
1553 4459 1759 4513 lumine
1787 4457 2045 4529 splendor

464 4559 731 4614 exsistere
756 4570 860 4609 non
882 4554 1053 4624 possit
1073 4567 1180 4605 non
1206 4559 1453 4607 exstante
1468 4565 1633 4606 causa
1659 4549 2040 4605 collustrante:

464 4654 537 4706 ita
566 4647 910 4719 splendorem
940 4645 1107 4700 edens
1125 4652 1325 4698 natura
1350 4658 1445 4714 per
1474 4658 1598 4699 sese
1619 4643 1724 4698 nisi
1761 4642 1924 4698 simul
1957 4642 2045 4697 iu-

466 4745 739 4811 telligatur
754 4739 1032 4808 splendor,
1048 4736 1273 4806 intelligi
1289 4750 1395 4789 non
1412 4737 1603 4805 possit.
1629 4732 1895 4789 Similiter
1910 4735 2039 4790 item

463 4833 673 4902 efﬁgies
718 4841 941 4898 quoque
975 4835 1031 4881 et
1065 4826 1246 4895 imago
1286 4825 1651 4881 substantiam
1690 4824 1953 4889 ostendit,
1987 4831 2043 4879 et

466 4919 779 4978 substantia
790 4932 888 4988 per
906 4916 1196 4985 imaginem
1216 4912 1603 4984 cognoscitur:
1627 4915 1700 4968 ita
1721 4912 2042 4984 Deiquoque

462 5013 710 5086 potentia
738 5010 944 5080 absque
961 5007 1070 5062 Deo
1095 5022 1219 5062 esse
1244 5022 1351 5060 non
1370 5012 1567 5077 potest,
1590 5021 1654 5061 ac
1673 5006 1815 5063 Deus
1834 5007 2040 5078 absque

463 5106 707 5176 potentia
726 5101 956 5171 intelligi
988 5099 1313 5154 naturaliter
1345 5113 1452 5153 non
1490 5106 1688 5168 potest.
1725 5097 1828 5165 Qui
1877 5100 2042 5169 igitur

464 5213 632 5251 unum
650 5196 869 5266 aliquod
889 5207 1098 5258 eorum,
1116 5206 1236 5261 quae
1258 5206 1354 5261 per
1375 5191 1516 5246 banc
1537 5192 1936 5262 copulationem
1966 5193 2043 5248 si—

464 5286 812 5359 gniﬁcantur,
851 5300 974 5341 esse
1003 5292 1182 5355 negat.
1226 5298 1333 5339 una
1369 5297 1495 5338 cum
1537 5284 1774 5354 potentia
1813 5299 2041 5355 prorsus

463 5378 628 5433 etiam
646 5376 697 5431 id
714 5376 857 5445 quod
890 5375 1157 5445 reliquum
1185 5384 1268 5430 est
1287 5375 1442 5429 tollit.
1459 5375 1827 5446 Atquidicunt
1860 5376 2046 5447 impie-

466 5469 593 5523 tatis
604 5474 1034 5538 propugnatores
1045 5465 1240 5520 Filium
1254 5466 1548 5537 aliquando
1566 5482 1677 5522 non
1698 5467 1886 5524 fuisse.
1903 5468 2042 5541 Ergo

464 5562 512 5617 si
543 5558 840 5639 Filiusnon
860 5567 999 5621 erat,
1032 5557 1255 5611 omnino
1285 5571 1463 5627 neque
1491 5556 1650 5613 Pater
1678 5570 1794 5616 erat
1814 5577 1829 5627 ;
1851 5561 1897 5615 si
1929 5576 2042 5617 non

532 5735 558 5768 ³
591 5732 756 5791 Hebr.
780 5749 821 5801 ι,
851 5732 904 5787 5.
983 5730 1043 5785 ⁸1
1082 5730 1207 5786 Cor.
1241 5746 1279 5795 ι,
1312 5684 1431 5785 Ξγί.⁸

2144 3270 2314 3338 οῦτοι,
2359 3277 2408 3328 οί
2457 3276 2531 3346 μὴ
2573 3274 2895 3338 ἀθετοῦντες
2937 3272 3032 3327 τοῦ
3088 3272 3305 3345 Πατρός
3336 3268 3432 3344 τὴν
3464 3271 3725 3342 θεότητα;

2146 3368 2361 3439 Μικρὸν
2402 3368 2512 3439 γάρ
2552 3366 2826 3438 ἐπισχὼν,
2880 3366 3132 3437 εὑρήσεις
3163 3365 3254 3419 καὶ
3301 3364 3392 3417 τὸν
3452 3363 3726 3434 ’Λνόμοιον

2146 3463 2303 3517 ἀλλον
2345 3463 2683 3533 Ἐπίκουρον.
2725 3461 2939 3515 Οὑτωσὶ
2984 3461 3041 3515 δὲ
3093 3461 3476 3532 σκοπήσωμεν·
3524 3457 3726 3512 ’Δπαύο

2145 3570 2334 3624 γασμα
2369 3553 2472 3623 τῆς
2507 3552 2665 3623 δόξης
2715 3547 2837 3606 εἶπε
2882 3552 2976 3606 τὸν
3019 3550 3147 3605 Υίὸν
3173 3553 3202 3605 6
3248 3549 3598 3613 Ἀπόστολος,
3632 3549 3727 3602 καὶ

2145 3647 2471 3719 χαρακτῆρα
2508 3645 2607 3715 τῆς
2656 3644 3024 3706 ὑποστάσεως,
3072 3643 3167 3697 καὶ
3211 3642 3441 3713 δύναμιν
3466 3640 3601 3694 Θεοῦ
3631 3640 3726 3693 καὶ

2147 3740 2359 3809 σοφίαν,
2398 3741 2491 3793 καὶ
2543 3740 2645 3793 ὅσα
2678 3738 2932 3792 τοιαῦταο
2978 3731 3053 3792 ὧν
3090 3736 3321 3790 ἕκαστον
3362 3732 3613 3803 καθάπερ
3667 3736 3725 3787 ἐν

2147 3830 2429 3901 συζυγίαις
2472 3832 2613 3884 τισὶν
2644 3830 3004 3899 ἀναγκαίαις,
3050 3828 3202 3881 οὐδὲν
3252 3828 3343 3895 ἀφ’
3378 3823 3571 3878 ἑαυτοῦ
3621 3841 3722 3877 κα-

2142 3924 2386 3991 ταμόνας
2432 3925 2663 3987 νοεῖται,
2698 3922 2835 3976 ἀλλά
2885 3919 3244 3991 συνημμένως
3286 3916 3599 3988 ἀμφότερα,
3627 3914 3723 3968 καὶ

2149 4014 2264 4086 μετ’
2302 4012 2547 4085 ἀλλήλων
2585 4012 3082 4083 καταλαμϐάνεται.
3116 4012 3189 4064 Τὸ
3218 4009 3326 4081 γὰρ
3378 4006 3722 4077 ἀπαύγασμα

2145 4108 2361 4171 πάντως
2399 4107 2547 4171 τινός
2597 4108 2743 4160 ἐστιν
2784 4104 3163 4175 ἀπαύγασμα,
3211 4105 3305 4156 καὶ
3352 4103 3381 4154 6
3413 4100 3720 4172 χαρακτὴρ,

2143 4198 2288 4263 τινὸς
2312 4199 2601 4272 χαρακτὴρ
2631 4198 2848 4262 πάντως
2881 4197 3047 4250 ἐστίν.
3080 4194 3291 4267 Ὥσπερ
3322 4194 3499 4247 τοίνυν
3527 4193 3626 4246 οὐκ
3655 4191 3722 4245 ἂν

2144 4291 2491 4360 ἀπαύγασμα
2524 4289 2610 4360 εῐη
2642 4287 2705 4342 τδ
2734 4289 2869 4358 φῶς,
2920 4286 2995 4359 μὴ
3027 4284 3194 4359 οὔσης
3220 4286 3319 4357 τῆς
3347 4280 3720 4351 καταυγαζού-

2150 4397 2249 4452 σης
2278 4380 2477 4443 αἰτίας,
2505 4378 2680 4442 οὑτως
2709 4379 2741 4449 ή
2765 4378 3157 4446 ἀπαυγάζουσα
3187 4375 3347 4446 φύσις
3374 4374 3474 4427 οὑκ
3504 4373 3571 4427 ἂν
3602 4370 3722 4425 καθ’

2073 4491 2120 4548 ι)
2149 4471 2348 4542 ἑαυτήν
2380 4469 2632 4541 νοηθείη,
2681 4468 2755 4539 μὴ
2812 4468 3294 4538 συνεπινοουμένου
3342 4465 3438 4518 τοῦ
3474 4462 3724 4531 ἀπαυγά-

2148 4576 2375 4630 σματος.
2416 4558 2647 4630 Ὁμοίως
2689 4558 2747 4612 δὲ
2786 4559 2879 4612 καὶ
2904 4560 2932 4611 6
2974 4556 3263 4628 χαρακτὴρ
3288 4554 3389 4625 τήν
3427 4553 3723 4607 ὑπόστασιν

2143 4648 2403 4710 δείκνυσι,
2431 4649 2526 4703 καὶ
2551 4648 2845 4711 ὑπόστασις
2872 4647 2962 4701 διὰ
2989 4647 3338 4719 χαρακτῆρος
3360 4644 3684 4716 γνωρίζεται
3704 4660 3718 4673 ο

2143 4735 2288 4790 οῦτω
2334 4737 2429 4790 καὶ⁸
2469 4738 2503 4808 ή
2543 4734 2637 4790 τοῦ
2683 4735 2819 4788 Θεοῦ
2884 4735 3112 4806 δύναμις
3162 4737 3330 4806 χωρὶς
3387 4732 3522 4786 Θεοῦ
3583 4726 3721 4784 εἶναι

2143 4829 2206 4882 οὑ
2229 4828 2471 4892 δύναται,
2508 4829 2602 4881 καὶ⁵
2630 4830 2657 4882 ό
2677 4827 2809 4891 Θεὸς
2840 4827 3009 4898 χωρὶς
3034 4827 3133 4897 τῆς
3162 4826 3441 4897 δυνάμεως
3467 4823 3722 4893 νοηθῆναι

2146 4922 2308 4991 φύσιν
2334 4921 2434 4975 οὑκ
2462 4921 2593 4992 ἔχει.
2634 4921 2693 4974 '0
2722 4920 2903 4975 τοίνυν
2944 4919 3003 4973 ἓν
3029 4936 3083 4973 τι
3109 4918 3218 4972 τῶν
3254 4917 3397 4971 κατὰ
3431 4916 3529 4983 τὴν
3563 4913 3723 4979 συζυ-

2147 5013 2273 5080 γίαν
2291 5009 2496 5082 ταύτην
2523 5011 2933 5081 σημαινομένων
2970 5006 3205 5081 μὴεῖναι
3224 5008 3416 5077 λέγων,
3447 4994 3731 5059 συνανεῖλε

2148 5104 2367 5167 πάντως
2404 5105 2472 5174 τῇ
2510 5102 2736 5174 δυνάμει
2787 5104 2879 5156 καὶ
2921 5101 2984 5155 τδ
3028 5101 3368 5173 λειπόμενον.
3421 5096 3582 5151 Ἀλλά
3614 5096 3721 5168 μὴν

2147 5194 2399 5262 λέγουσιν
2424 5194 2474 5247 oi
2504 5192 2601 5264 τῆς
2626 5193 2884 5257 ἀσεϐείας
2916 5192 3235 5265 προστάται,
3265 5190 3347 5243 δτι
3373 5190 3403 5243 6
3435 5187 3562 5251 Υίός
3592 5203 3721 5241 ποτε

2148 5285 2249 5338 οὑκ
2274 5279 2361 5354 ἦν.
2393 5283 2456 5337 Et
2484 5278 2577 5337 οῦν
2610 5285 2710 5338 οὑκ
2742 5279 2811 5355 ἦν
2845 5286 2874 5337 6
2904 5283 3053 5348 Υιδς,
3082 5285 3298 5344 πάντως
3327 5278 3443 5333 οὑδὲ
3476 5280 3505 5332 6
3533 5277 3722 5348 Πατὴρ

2147 5372 2216 5448 ἦν
2240 5394 2252 5405 ·
2283 5379 2332 5430 εί
2354 5377 2455 5431 οὑκ
2478 5373 2546 5449 ἦν
2576 5378 2638 5432 τὸ
2659 5378 3020 5448 ἀπαύγασμα,
3047 5374 3168 5431 οὑδὲ
3194 5374 3255 5429 τὸ
3278 5372 3598 5443 ἀπαυγάζον
3628 5367 3716 5444 ἣν·

2150 5471 2199 5523 εί
2242 5470 2343 5524 οὑκ
2389 5464 2458 5542 ἦν
2494 5471 2524 5523 6
2563 5471 2869 5542 χαρακτήρ,
2917 5470 3135 5531 πάντως
3183 5466 3301 5519 οὑδὲ
3341 5466 3375 5537 η
3427 5464 3723 5518 ὑπόστασις

2148 5557 2236 5633 ἦν’
2264 5562 2310 5615 εί
2335 5561 2434 5616 οὑκ
2456 5556 2524 5634 ἦν
2551 5563 2585 5632 ή
2611 5561 2859 5631 δύναμις,
2895 5561 2994 5614 οὑκ
3028 5555 3097 5630 ἦν
3121 5560 3153 5631 ή
3188 5558 3368 5628 σοφία·
3400 5560 3447 5611 εί
3468 5556 3522 5611 δὲ
3552 5555 3724 5608 ταῦτα
