4154 6354
399 339 498 389 561

1390 339 1478 392 DE
1515 339 1813 396 DEITATF.
1835 342 1989 399 FlLll
2010 345 2097 400 ET
2129 345 2448 402 SPIRITUS
2480 344 2744 403 SANCTI.

3451 381 3454 384 ·
3565 351 3666 409 5ύὲ

401 452 502 504 οὐκ
523 447 608 520 ἦν,
643 445 719 506 ὧν
751 453 877 508 ἄνευ
899 455 1028 519 Θεὸς
1069 455 1168 509 οὐκ
1200 455 1344 510 ἔστιν
1367 497 1381 520 ,
1414 462 1442 512 6
1475 461 1566 514 ἐπὶ
1595 462 1810 516 πάντων
1847 464 1978 528 Θεὸς

2089 474 2198 520 erat
2255 466 2538 536 splendor,
2590 482 2766 537 neque
2824 465 2876 520 id
2936 467 3078 537 quod
3133 465 3478 536 splendorem
3529 456 3715 526 cdit,’

401 544 519 607 πῶς
554 540 651 615 ἧν;
698 548 1165 613 κατασκευάζεται
1197 551 1305 622 γὰρ
1345 552 1434 606 διὰ
1488 553 1691 608 τούτων
1724 556 1784 607 16
1835 551 1976 610 εἶναι

401 634 551 689 Θεόν.
590 637 665 689 Οὐ
715 637 823 707 γὰρ
875 637 1022 692 ἔστιν
1074 642 1320 712 ἐννοῆσαι
1379 641 1535 708 δόξαν
1581 644 1828 717 ἀλαμπῆ,
1875 648 1973 718 ούχ

402 727 696 781 ὑπόστασιν
733 730 1226 802 ἀχαρακτήριστον,
1267 735 1366 788 οὐκ
1396 736 1524 790 ἄνευ
1561 737 1754 807 σοφίας
1787 739 1970 808 σοφὸν,

398 815 499 870 οὐκ
552 817 679 872 ἄνευ
725 817 1006 889 δυνάμεως
1051 821 1307 890 δυνατὸν,
1341 825 1441 877 οὐκ
1493 825 1694 880 ἄπαιδα
1731 827 1967 898 Πατέρα.

401 907 609 960 Οὐκοῦν
641 910 1016 966 ἀποδέδεικται
1063 912 1152 966 διὰ
1185 913 1292 968 τῶν
1339 917 1666 987 εἰρημένων,
1697 919 1779 972 ὅτι
1814 921 1841 973 6
1881 920 1977 972 16v

404 997 531 1052 Υἰὸν
572 1000 809 1063 ἀθετῶν,
853 1002 1133 1056 συναθετεῖ
1177 1005 1267 1059 καὶ
1320 1007 1410 1059 τὸν
1445 1007 1694 1080 Πατέραο
1752 1010 1886 1062 ὅπου
1919 1010 1976 1064 δὲ

402 1087 525 1141 οὔτε
552 1093 580 1142 ὁ
606 1091 730 1154 Υἱὸς
755 1092 1049 1160 δοξάζεται,
1073 1095 1198 1149 οὔτε
1217 1098 1245 1150 6
1274 1097 1462 1170 Πατὴρ
1478 1095 1617 1154 εἶναι
1639 1101 1974 1166 πιστεύεται,

403 1178 629 1232 καθόλου
666 1182 698 1252 ἡ
739 1180 928 1253 θεότης
967 1184 1254 1255 τηθιέτηται⁸
1297 1187 1358 1240 τὸ
1385 1188 1441 1242 δὲ
1475 1189 1691 1247 ἀθετεῖν
1731 1192 1830 1263 τὴν
1863 1191 1980 1246 θεό-

402 1287 570 1338 τητα,
605 1272 816 1336 οὐδενὸς
841 1274 998 1330 ἄλλου
1031 1277 1064 1348 ἢ
1107 1278 1426 1351 Ἑπικούρου
1455 1281 1624 1336 ἐστίν.

2081 569 2232 624 erat;
2271 560 2314 613 si
2349 575 2456 612 non
2487 567 2605 614 erat
2634 559 2843 630 effigies
2892 567 2944 614 et
2976 561 3172 629 imago,
3229 559 3455 612 omnino
3491 574 3666 627 neque

2082 649 2386 703 substantia
2417 657 2577 715 erat;
2610 650 2656 704 si
2694 663 2802 704 non
2833 657 2949 705 erat
2984 640 3244 718 petentia.
3279 664 3386 701 non
3433 655 3550 701 erat
3574 663 3666 701 sa-

2082 740 2282 810 pientia
2315 759 2327 794 :
2366 741 2512 811 quod
2543 743 2591 797 si
2628 743 2741 797 hmo
2796 758 2904 796 non
2961 751 3118 796 erant
3149 741 3266 795 sine
3293 739 3492 810 quibus
3526 738 3668 794 Da-ns

2079 845 2186 884 non
2219 838 2323 893 est,
2356 832 2402 885 is
2433 832 2524 900 qui
2557 842 2642 888 cst
2674 847 2839 902 super
2861 833 3062 896 omnia,
3091 830 3230 886 Dens
3275 832 3364 901 qui
3390 831 3549 886 erat?
3576 847 3668 900 pm-

2080 923 2194 977 htec
2220 924 2363 977 enim
2391 924 2628 979 efﬁcitur
2655 925 2822 981 Deum
2873 941 2980 980 non
3015 941 3156 980 esse.
3194 919 3310 979 Non
3339 926 3484 981 enim
3517 929 3665 989 rogi-

2079 1013 2184 1067 tari
2210 1023 2388 1082 potest
2419 1030 2518 1070 nec
2549 1017 2721 1087 gloria
2752 1015 2868 1071 sine
2887 1015 3200 1086 splendore,
3235 1030 3332 1070 nec
3355 1015 3661 1071 substamia

2081 1106 2202 1162 sine
2230 1106 2432 1178 efllgie,
2462 1123 2564 1163 nec
2597 1108 2718 1165 sine
2755 1109 3024 1180 sapientia
3052 1110 3294 1178 sapiens,
3332 1123 3432 1164 nec
3461 1109 3668 1177 absque

2080 1199 2324 1268 potentia
2376 1206 2589 1271 potens,
2619 1217 2721 1256 nec
2773 1202 2980 1271 absque
3033 1201 3169 1256 Filio
3225 1201 3404 1256 Pater.
3468 1203 3664 1254 Annon

2081 1304 2179 1359 per
2209 1289 2372 1344 modo
2405 1290 2548 1344 dicta
2593 1290 3025 1346 demonstratum
3063 1303 3164 1357 est,
3194 1309 3316 1347 eum
3345 1295 3435 1362 qui
3471 1291 3664 1344 Filium

404 1375 587 1434 negat,
615 1367 777 1421 simul
806 1369 968 1424 etiam
1017 1387 1217 1443 negare
1250 1372 1515 1429 Patrem?
1547 1376 1640 1432 ubi
1707 1387 1888 1435 autem
1955 1398 2133 1453 neque
2179 1383 2350 1440 Filius
2421 1384 2778 1452 gloriﬁcatur,
2829 1402 2930 1442 nec
2986 1385 3144 1442 Pater
3219 1402 3340 1444 esse
3403 1387 3666 1450 creditur,

405 1457 588 1513 Deitas
604 1475 828 1546 prorsus
862 1464 1215 1532 reprobatur:
1250 1469 1546 1536 reprobare
1567 1484 1695 1540 vero
1723 1471 1980 1528 deitatem
2021 1475 2230 1532 nullius
2254 1476 2484 1532 alterius
2513 1486 2677 1546 atque
2707 1475 2929 1546 Epicuri
2961 1485 3066 1532 est.

475 1545 686 1604 Οὐκοῦν
718 1551 1081 1626 Ἐπικούρειοι
1112 1557 1162 1609 ot
1193 1557 1288 1611 νῦν
1313 1558 1672 1630 δογματισταῖ¹
1709 1563 1808 1632 τῆς
1841 1563 1984 1618 ἁπά-

2163 1566 2306 1638 Ergo
2361 1545 2609 1639 Epicurei
2690 1545 2850 1621 nobis
2915 1582 3040 1623 esse
3111 1565 3472 1621 demonstrati
3541 1575 3670 1619 sunt

404 1657 505 1710 της
531 1643 967 1714 ἀναπεφήνασιν,
997 1649 1046 1699 οἱ
1084 1647 1172 1701 διὰ
1210 1649 1309 1720 τῆς
1338 1653 1418 1714 εἰς
1445 1653 1536 1705 τὸν
1565 1654 1830 1724 μονογενῆ
1858 1654 1985 1709 Υἱὸν

2093 1659 2301 1714 fraudis
2329 1658 2606 1722 doctores,
2639 1658 2732 1728 qui
2767 1672 2865 1728 per
2893 1657 3304 1720 contumeliam,
3337 1673 3444 1726 qua
3492 1655 3665 1709 Filius

407 1729 636 1802 ὕϐρεως,
681 1735 778 1799 τὰς
806 1737 1077 1808 ὑπεροχὰς
1109 1738 1187 1809 τῷ
1238 1741 1415 1812 Πατρὶ
1461 1743 1844 1814 χαριζόμενοι,
1889 1745 1984 1799 καὶ

2091 1748 2350 1811 afﬁcitur,
2385 1750 2756 1818 prmstantiam
2800 1747 2948 1802 Patri
3007 1746 3335 1816 largiuntur,
3381 1762 3442 1799 ac
3477 1745 3666 1800 dicunt

405 1823 650 1892 λέγοντες
676 1827 756 1879 ὅτι
781 1831 810 1881 6
835 1829 936 1898 μὲν
967 1831 1187 1900 μείζων,
1216 1835 1244 1886 6
1271 1833 1327 1887 δὲ
1356 1835 1594 1889 ἐλάττων
1615 1853 1629 1866 ·
1657 1838 1687 1890 6
1711 1837 1809 1905 μὲν
1839 1836 1983 1907 πέμ-

407 1929 519 1976 πει,
555 1915 584 1966 6
610 1913 668 1966 δὲ
707 1915 1116 1983 ἀποστέλλεται,
1166 1923 1213 1974 εί
1241 1923 1330 1975 καί
1373 1940 1526 1987 τινας
1571 1927 1755 1995 ῥήσεις
1788 1926 1852 1978 ὲκ
1885 1925 1984 1997 τῆς

411 2004 630 2074 Γραφῆς
671 2008 800 2078 περὶ
841 2009 1030 2063 τούτου
1071 2013 1415 2083 παράγοντες
1449 2016 1498 2068 οἱ
1522 2015 1735 2086 ἀνόητοι
1764 2016 1982 2087 προτεί-

409 2113 610 2161 νονται,
646 2100 737 2153 καί
776 2118 936 2169 φασιν
969 2103 1128 2156 αὐτὸν
1169 2106 1451 2175 ὁμολογεῖν
1497 2107 1589 2160 τὸν
1639 2108 1864 2178 Κύριον,
1901 2111 1982 2162 ὅτι

410 2187 669 2257 ἐπέμφθη
709 2192 858 2262 παρὰ
887 2193 979 2246 τοῦ
1018 2196 1252 2266 Πατρός.
1304 2192 1438 2251 Εἶτα
1473 2199 1555 2251 ὅτι
1598 2199 1696 2268 μὲν
1729 2200 1984 2270 ἐπέμφθη

410 2276 718 2344 γινώσκεις,
761 2281 844 2334 ὅτι
887 2281 944 2335 δὲ
977 2286 1006 2336 6
1050 2284 1272 2354 πέμψας
1308 2288 1425 2356 μετ’
1477 2288 1642 2340 αὐτοῦ
1692 2291 1842 2342 ἐστιν
1885 2291 1985 2344 οὐκ

411 2369 682 2438 ἀκήκοας
749 2371 803 2424 Ὀ
829 2371 1070 2442 πέμψας
1086 2392 1182 2443 με,
1216 2379 1382 2447 φησί,
1422 2381 1551 2447 μετ’
1606 2378 1752 2448 ἐμοῦ
1781 2380 1982 2434 ἐστιν·

414 2459 507 2511 καὶ
535 2460 634 2513 οὐκ
669 2462 950 2533 ἐδιδάχθης
981 2465 1068 2518 διὰ
1107 2465 1215 2519 τῶν
1255 2468 1581 2540 εἰρημένων,
1611 2470 1694 2522 ὅτι
1724 2471 1820 2524 καὶ
1853 2472 1987 2524 ἀπο-

417 2551 690 2606 στέλλεται
723 2545 814 2608 κα“ι
842 2556 902 2609 ού
943 2556 1265 2626 χωρίζει-αις
1301 2559 1691 2613 ἀποστέλλεται
1738 2560 1835 2630 μὲν
1878 2560 1987 2631 γὰρ

411 2643 497 2696 διὰ
538 2646 970 2717 φιλανθρωπίαν,
1020 2650 1079 2702 ού
1120 2649 1414 2720 χωρίζεται
1453 2651 1510 2706 δὲ
1539 2650 1628 2705 διὰ
1656 2651 1716 2705 16
1756 2652 1854 2723 τῆς
1885 2652 1982 2721 φύ-

416 2750 550 2795 σεως
578 2736 838 2805 ἄτμητον.
879 2739 1015 2792 Φασὶ
1055 2739 1112 2792 δὲ
1153 2739 1317 2794 πάλιν
1339 2741 1490 2810 παρὰ
1521 2741 1616 2795 τοῦ
1649 2743 1988 2812 Μονογενοῦς

412 2825 813 2897 ὠμολογῆσθαι,
846 2830 906 2882 τὸ
936 2829 1156 2898 μείζονα
1183 2829 1322 2886 εἶναι
1356 2832 1522 2894 αὑτοῦ
1545 2832 1636 2886 τὸν
1663 2833 1903 2904 Πατέρα,
1932 2837 1988 2886 ὲν

412 2916 491 2988 τῷ
511 2917 708 2989 λέγειν,
725 2920 804 2976 61:
841 2921 904 2976 Ὀ
925 2922 1124 2993 Πατήρ
1143 2945 1258 2995 μου
1276 2923 1488 2996 μείζω
1501 2941 1620 2996 μου
1645 2925 1833 2981 ἐστίν.
1851 2927 1990 2978 Οὐκ-

413 3011 506 3064 οὖν
537 3012 895 3085 ἐξετάσωμεν,
918 3017 1153 3086 ἀδελφοὶ,
1184 3014 1292 3088 ἄρα
1325 3021 1400 3090 μὴ
1449 3019 1700 3088 ψεύδεται
1743 3023 1771 3073 6
1797 3019 1986 3083 είπὼν,

2086 1839 2230 1893 hunc
2262 1838 2482 1908 quidem
2521 1838 2806 1908 majorem,
2852 1838 3004 1891 illum
3040 1852 3171 1890 vero
3205 1840 3470 1891 minorem
3499 1851 3661 1890 esse:

2084 1931 2230 1984 hunc
2251 1929 2469 2000 quidem
2495 1930 2728 1995 mittere,
2755 1929 2904 1983 illum
2928 1944 3057 1983 vero
3086 1928 3226 1982 mitti
3254 1947 3266 1983 :
3302 1938 3469 1999 atque
3496 1929 3663 1981 etiam

2084 2018 2226 2072 dicta
2257 2017 2504 2088 qna-dam
2536 2033 2602 2072 ex
2634 2015 2922 2087 Scriptura
2952 2016 3054 2070 hac
3086 2019 3153 2072 de
3190 2033 3246 2073 re
3297 2017 3661 2087 proferenles,

2086 2110 2251 2163 stulte
2287 2107 2659 2178 praetendunt,
2689 2115 2742 2162 ct
2771 2109 2926 2160 aiunt
2964 2107 3252 2162 Dominum
3285 2107 3463 2176 ipsum
3499 2108 3666 2161 conti-

2084 2201 2186 2255 teri
2215 2216 2274 2256 se
2309 2200 2536 2256 missum
2589 2217 2713 2256 esse
2741 2217 2772 2254 a
2811 2199 2990 2255 Patre.
3023 2198 3086 2253 Et
3117 2198 3261 2270 quod
3287 2199 3512 2254 missum
3547 2198 3668 2268 qui-

2085 2291 2206 2346 dem
2239 2307 2360 2348 esse
2391 2291 2674 2362 intelligis,
2709 2307 2835 2347 eunt
2863 2302 3046 2346 autem
3079 2291 3174 2361 qui
3206 2290 3356 2345 misit
3383 2305 3507 2344 cum
3574 2291 3667 2343 illo

2086 2398 2209 2438 esse
2266 2398 2374 2438 non
2409 2383 2664 2438 audisti?
2714 2382 2818 2449 Qui
2872 2384 3017 2438 misit
3055 2399 3172 2449 me,
3231 2382 3432 2452 inquit,
3467 2397 3668 2434 mecum

2087 2475 2200 2528 est'
2229 2491 2244 2541 ;
2272 2482 2326 2528 et
2361 2488 2469 2528 non
2501 2489 2602 2544 per
2631 2490 2692 2529 ea
2730 2473 2878 2529 dicta
2932 2475 3162 2530 edoctus
3191 2487 3250 2528 es
3281 2473 3425 2542 quod
3453 2479 3507 2525 et
3539 2471 3666 2524 mit-

2089 2559 2224 2612 titur
2244 2567 2298 2613 et
2331 2575 2438 2613 non
2465 2561 2797 2629 separatur?
2826 2559 2961 2616 Nam
3009 2562 3243 2615 mittitur
3283 2561 3500 2631 quidem
3535 2574 3666 2628 pro-

2089 2658 2208 2718 pter
2251 2651 2688 2716 humanitatem,
2738 2667 2846 2706 non
2895 2662 3182 2721 separatur
3235 2663 3413 2706 autem
3445 2660 3666 2722 proptrl'

2091 2749 2301 2795 natura:
2329 2741 2795 2796 individnitatem.
2827 2741 2995 2796 Aiunt
3026 2743 3154 2797 item
3210 2757 3405 2796 rursus
3466 2741 3663 2794 Filium

2092 2831 2432 2902 unigenitum
2485 2832 2800 2888 confessum
2854 2849 2976 2888 esse
3042 2833 3184 2903 quod
3231 2834 3351 2901 ipso
3387 2831 3668 2900 major-sit

2090 2921 2270 2985 Pater,
2303 2923 2432 2976 dum
2465 2923 2619 2987 dicit,
2657 2923 2818 2977 Pater
2848 2940 2991 2977 meus
3020 2924 3194 2992 major
3220 2940 3298 2975 me
3324 2933 3399 2976 es!
3422 2923 3462 2976 ⁸.
3499 2922 3669 2991 Ιςέθιιν

2091 3015 2456 3079 excutiamus,
2490 3013 2708 3080 fratres,
2739 3015 2987 3086 nunquid
3022 3015 3320 3070 mentiatur
3364 3016 3454 3085 qni
3503 3014 3663 3074 dixit.

415 3103 497 3156 ὅτι
553 3103 698 3171 Ἐγὼ
733 3105 803 3158 ἐν
845 3105 924 3170 τῷ
956 3085 1157 3175 Harpi,
1191 3085 1286 3161 καὶ
1388 3085 1590 3177 Πατὴρ
1627 3109 1698 3162 ἐν
1735 3110 1884 3179 ἐμοι.
1923 3111 1986 3164 Ei

2099 3105 2205 3176 Ego
2237 3108 2292 3160 in
2338 3107 2498 3162 Patre.
2540 3125 2682 3172 sum,
2713 3118 2762 3162 et
2793 3107 2956 3161 Pater
2986 3108 3040 3161 in
3096 3124 3175 3160 me
3204 3109 3342 3161 est”.
3400 3105 3456 3161 Si
3493 3105 3668 3174 tnajnr

419 3193 618 3264 μείζων
639 3197 668 3248 6
690 3195 879 3265 Πατὴρ
906 3196 996 3249 τοῦ
1020 3197 1170 3262 Υἱοῦ,
1200 3198 1316 3261 πῶς
1354 3201 1610 3270 χωρεῖται
1631 3199 1692 3252 16
1717 3199 1900 3270 μεῖζον
1929 3199 1988 3253 ἐν

414 3281 492 3351 τῷ
536 3281 812 3343 ὲλάττονις
856 3284 917 3337 El
948 3284 1187 3338 ἐλάττων
1229 3287 1258 3338 6
1293 3287 1419 3350 Υἱὸς
1461 3286 1555 3341 τοῦ
1604 3288 1834 3357 Πατρὸς,
1872 3287 1990 3351 πῶς

419 3371 718 3441 πληροῦται
758 3374 818 3426 16
865 3373 1048 3444 μεῖζον
1090 3376 1194 3428 ὑπὸ
1229 3377 1322 3430 τοῦ
1353 3377 1664 3444 λείποντος;
1693 3379 1762 3432 ’Ὀ
1792 3396 1850 3432 τε
1879 3378 1990 3450 γὰρ

421 3462 622 3533 μείζων
655 3467 1067 3537 στενοχωρεῖται
1092 3467 1308 3532 πάντως
1344 3470 1402 3521 ἐν
1431 3469 1508 3540 τῷ
1541 3469 1805 3534 ἐλάττονι,
1837 3472 1930 3524 καὶ
1961 3475 1991 3526 6

418 3555 654 3612 ἐλάττων
690 3557 1053 3627 ὲπεκταθῆναι
1082 3559 1217 3629 πρὸς
1251 3560 1312 3612 τὸ
1354 3560 1690 3632 ὑπερὸἀλλον
1733 3563 1792 3616 ού
1826 3562 1987 3616 δύνα-

415 3665 534 3703 ται·
583 3648 724 3703 ὥστε
765 3649 1011 3719 ἀνάγκην
1055 3645 1194 3703 εἶναι
1241 3650 1450 3706 λείπειν
1477 3654 1574 3722 μὲν
1622 3654 1680 3707 ἐν
1706 3652 1784 3724 τῷ
1815 3655 1990 3724 Πατρὶ

417 3740 510 3794 τὸν
533 3740 678 3805 Υίὸν,
706 3740 1050 3812 περισσεύειν
1072 3741 1129 3795 δὲ
1151 3743 1209 3794 ὲν
1228 3743 1306 3813 τῷ
1330 3743 1445 3814 Υἱῷ
1467 3745 1558 3797 τὸν
1589 3745 1828 3817 Πατέρα.
1855 3745 1985 3809 Καὶ,

413 3829 666 3898 ψεύδεται
705 3833 734 3884 ὁ
785 3831 994 3894 εἰπὼν,
1048 3834 1132 3886 ὅτι
1182 3833 1330 3903 Ἐγὼ
1359 3834 1429 3888 ἐν
1475 3835 1555 3900 τῷ
1614 3837 1796 3905 "arpi
1841 3836 1991 3906 (δέον

416 3925 608 3987 εἰπεῖν,
643 3922 799 3995 εἴπερ
842 3923 1078 3978 ἐλάττων
1111 3925 1278 3989 ἐστὶν,
1317 3926 1400 3978 ὅτι
1448 3925 1588 3994 Ἐγὼ
1615 3928 1673 3980 ὲν
1712 3927 1791 3998 τῷ
1834 3927 1988 3999 μέρει

413 4013 509 4068 τοῦ
561 4015 826 4085 Πατρὸς),
855 4015 948 4068 καὶ
989 4015 1051 4068 Ὀ
1084 4016 1283 4085 Πατὴρ
1310 4017 1381 4070 ἐν
1403 4017 1551 4086 ἐμοί.
1609 4018 1989 4089 Ἀληθὲστερον

415 4105 523 4175 γὰρ
546 4101 618 4176 ἦν
642 4109 836 4170 εἰπεῖν,
869 4107 1028 4178 εἰπερ
1070 4107 1270 4178 μείζων
1308 4109 1337 4160 6
1379 4109 1590 4180 Πατὴρ,
1618 4111 1700 4162 ὅτι
1724 4111 1902 4180 Μέρος
1935 4127 1989 4162 τι

412 4197 508 4250 τοῦ
553 4199 762 4268 Πατρὸς
800 4201 857 4252 ἐν
891 4199 1045 4269 ἐμοί·
1092 4201 1139 4251 εί
1173 4199 1228 4252 δὲ
1262 4199 1379 4262 ὅλος
1411 4200 1439 4252 ὀ
1475 4201 1664 4270 Πατὴρ
1696 4201 1754 4253 ἐν
1781 4199 1887 4271 ὅλῳ
1909 4200 1988 4270 τῷ

416 4289 552 4359 Υίῷ,
575 4291 667 4342 καὶ
695 4289 813 4353 ὅλος
847 4291 876 4343 6
903 4290 1032 4353 Υἱὸς
1061 4293 1117 4342 ὲν
1143 4289 1249 4360 ὅλῳ
1281 4289 1357 4358 τῷ
1387 4290 1579 4359 Πατρὶ,
1611 4287 1714 4342 ποῦ
1745 4290 1806 4342 16
1829 4289 1989 4342 πλέον

418 4381 512 4433 καὶ
553 4380 654 4434 ποῦ
701 4381 762 4434 16
803 4380 1018 4445 λεῖπον;
1062 4382 1157 4435 καὶ
1187 4381 1240 4434 τί
1267 4381 1379 4452 χρὴ-
1403 4379 1574 4434 πολλὰ
1604 4379 1821 4448 λέγειν,
1867 4379 1986 4433 δέον
2025 4411 2066 4466 υ

421 4474 520 4542 μιᾷ
557 4475 705 4544 φωνῇ
744 4475 923 4528 πᾶσαν
964 4473 1144 4529 αὐτῶν
1182 4473 1517 4546 περιγράψαι
1544 4472 1642 4543 τὴν
1683 4472 1985 4543 φλυαρίαν;

421 4579 443 4614 ι
461 4563 556 4626 Ὃς
583 4564 646 4615 ὲν
665 4566 846 4634 μορφῇ
871 4563 1006 4617 Θεοῦ
1022 4565 1300 4635 ὑπάρχων,
1323 4565 1423 4635 οὐχ
1438 4563 1727 4634 ἁρπαγμὸν
1746 4563 1988 4633 ἡγήσατο

417 4651 480 4706 16
506 4648 643 4706 εἶναι
685 4647 778 4705 ἴσα
800 4652 937 4723 θεῷ.
970 4673 990 4706 ι
1025 4654 1160 4708 Εἰπὲ
1191 4671 1302 4725 μοι,
1327 4654 1391 4708 16
1409 4651 1528 4708 ἴσον
1549 4653 1788 4716 ἀκούσας
1814 4653 1876 4706 τὸ
1911 4653 1986 4724 μὴ

415 4740 532 4799 ἴσον
560 4741 816 4813 ὲνόησας;
854 4743 918 4794 Ὢ
949 4744 1140 4806 καινῆς
1163 4744 1510 4808 διδασκαλίας
1538 4744 1626 4798 διὰ
1655 4743 1749 4797 τοῦ
1785 4744 1902 4797 ῐσου
1925 4741 1987 4796 16

415 4834 597 4888 ἄνισον
620 4833 1054 4904 ἑρμηνευούσηςῑ
1099 4835 1236 4888 Ἀλλ’
1269 4837 1398 4899 ἴσως
1416 4835 1565 4898 εἰκός
1585 4836 1702 4888 ἐστι
1751 4833 1845 4888 καὶ
1875 4833 1985 4887 τῶν

417 4925 908 4996 πολυμαθεστὲρων
941 4926 1064 4980 τινὰ
1092 4927 1184 4980 16v
1213 4928 1342 4998 περὶ
1377 4927 1581 4982 τούτων
1610 4927 1768 4996 λόγον
1796 4925 1989 4996 ἐπιζη-

415 5021 550 5081 τεῖν,
581 5017 706 5081 Πῶς
731 5018 825 5072 καὶ
867 5018 1069 5088 μείζων
1094 5020 1123 5072 6
1150 5018 1336 5088 Πατὴρ
1377 5019 1471 5073 τοῦ
1500 5019 1654 5083 Υδοῦ,
1687 5019 1782 5072 καὶ
1809 5015 1926 5082 ἴσος
1952 5021 1982 5071 6

417 5111 544 5174 Υἱὸς
567 5109 658 5164 τοῦ
690 5109 934 5182 Πατ·ρός;
965 5111 1123 5164 Δοκεῖ
1148 5110 1258 5182 γάρ
1299 5127 1419 5174 πως
1446 5111 1519 5181 μὴ
1553 5111 1872 5181 συμϐαίνειν
1897 5109 1992 5163 ἀλ-

416 5201 596 5271 λήλοις
634 5199 825 5256 ταῦτα.
871 5200 1082 5255 Οὐκοῦν
1135 5199 1294 5270 ἀφεὶς
1320 5200 1382 5252 16
1421 5200 1557 5272 πρὸς
1596 5201 1725 5261 τοὺς
1763 5197 1992 5261 πολλοὺς

417 5292 739 5356 ἀντιπάλους
782 5291 1294 5363 διαπληκτίζεσθαι,
1346 5290 1624 5362 πατρικῶς
1673 5291 1804 5361 ὑμῖν
1861 5289 1988 5358 περὶ

418 5381 526 5436 τῶν
558 5384 931 5454 προκειμένων
978 5382 1428 5454 διαλεχθήσομαι·
1475 5382 1548 5434 υύ
1596 5382 1775 5444 πάσας
1807 5380 1990 5450 ὁμοτί-

424 5491 557 5544 μους
587 5471 702 5528 οῐδα
742 5477 840 5539 τὰς
883 5476 976 5530 τοῦ
1009 5475 1341 5544 Εύαγγελίου
1373 5474 1586 5544 φωνὰς,
1609 5475 1733 5527 ὅσαι
1763 5473 1832 5525 τὰ
1860 5472 1987 5540 περ).

420 5565 514 5621 τοῦ
549 5565 749 5636 Κυρίου
779 5565 1138 5632 διδάσκουσιν,
1185 5567 1304 5620 οὐδὲ
1332 5566 1438 5620 ἀπὸ
1468 5567 1564 5638 τῆς
1594 5563 1764 5632 αὐτῆς
1794 5562 1984 5633 δηλου-

494 5747 516 5780 τ
540 5746 696 5803 Joan.
734 5764 852 5816 vut,
876 5749 963 5803 29.

2091 3197 2232 3252 Filio
2265 3196 2426 3253 Pater
2448 3207 2554 3264 est,
2591 3199 2683 3269 qui
2713 3201 2927 3269 capitur
2956 3207 3011 3254 et
3035 3199 3214 3254 locum
3242 3198 3404 3253 habet
3437 3197 3487 3252 id
3519 3201 3663 3267 quod

2091 3287 2270 3356 majus
2301 3295 2385 3343 est
2409 3288 2462 3343 in
2493 3289 2738 3344 minore?
2768 3289 2814 3344 si
2844 3288 3022 3342 minor
3045 3287 3206 3343 Patre
3227 3287 3399 3343 Filius
3432 3297 3536 3352 est,
3567 3290 3664 3358 qui

2091 3378 2397 3448 completur
2425 3378 2479 3433 id
2510 3380 2655 3449 quod
2692 3380 2870 3449 majus
2930 3389 3007 3434 est
3047 3395 3076 3433 a
3133 3379 3390 3434 minore?
3441 3377 3575 3432 Nam
3612 3388 3666 3434 et

2092 3469 2269 3537 major
2293 3479 2604 3526 coarctatur
2636 3486 2864 3541 prorsus
2897 3470 2950 3524 in
2985 3471 3213 3534 minore,
3250 3477 3304 3523 et
3350 3471 3530 3524 minor
3568 3486 3664 3523 ex-

2091 3560 2238 3614 tendi
2289 3561 2358 3615 ad
2408 3561 2849 3632 exsuperantiam
2923 3568 2978 3615 et
3027 3561 3500 3631 exaggerationem
3558 3575 3667 3614 non

2094 3659 2312 3719 potest:
2345 3652 2479 3706 adeo
2519 3660 2577 3706 ut
2603 3667 2827 3708 necesse
2860 3652 2930 3706 sit
2959 3652 3152 3706 deesse
3177 3651 3395 3720 quidem
3429 3653 3480 3705 in
3506 3651 3666 3706 Patre

2094 3741 2311 3805 Filium,
2365 3742 2672 3798 redundare
2737 3753 2948 3801 autem.
2983 3743 3036 3796 in
3085 3741 3223 3796 Filio
3295 3741 3532 3798 Patrem.
3588 3745 3664 3797 Ac

2092 3834 2354 3888 mentitur
2380 3835 2474 3904 qui
2503 3833 2662 3898 dixit,
2725 3832 2834 3904 Ego
2869 3850 2985 3887 sum
3017 3835 3069 3887 in
3107 3832 3270 3886 Patre
3302 3833 3468 3903 (cum
3503 3850 3668 3904 opor-

2092 3932 2228 3980 teret
2259 3925 2463 3988 dicere,
2517 3925 2563 3980 si
2609 3925 2828 3995 quidem
2867 3924 3048 3978 minor
3103 3934 3209 3989 est,
3264 3922 3376 3994 Ego
3432 3940 3552 3978 sum
3609 3927 3665 3979 in

2095 4021 2251 4084 parte
2276 4016 2458 4070 Patris
2479 4015 2520 4085 ),
2558 4025 2606 4068 et
2635 4015 2797 4069 Pater
2820 4016 2872 4068 in
2902 4032 2984 4069 me
3015 4025 3089 4068 est
3125 4030 3142 4068 :
3170 4014 3353 4069 verius
3379 4014 3522 4068 enim
3550 4023 3668 4069 erat

2092 4107 2275 4163 dicere
2305 4105 2388 4177 (si
2420 4106 2638 4176 quidem
2670 4108 2843 4176 major
2869 4113 2954 4161 est
2989 4106 3211 4175 Pater),
3250 4121 3375 4174 pars
3417 4105 3664 4174 quaedam

2092 4196 2271 4253 Patris
2295 4205 2382 4252 est
2409 4199 2463 4252 in
2497 4213 2599 4252 me.
2629 4196 2783 4262 Quod
2812 4198 2860 4252 si
2893 4205 3039 4251 totus
3083 4195 3244 4250 Pater
3282 4197 3337 4250 in
3385 4203 3498 4251 toto
3526 4197 3674 4251 Filio

2092 4297 2196 4353 est,
2226 4299 2280 4344 et
2308 4297 2454 4344 totus
2484 4289 2657 4342 Filius
2687 4289 2742 4343 in
2776 4296 2893 4343 toto
2925 4288 3106 4348 Patre,
3135 4288 3226 4341 ubi
3255 4287 3307 4342 id
3340 4287 3484 4358 quod
3521 4288 3665 4358 plus.

2094 4391 2149 4435 et
2181 4379 2276 4434 ubi
2313 4379 2367 4434 id
2400 4379 2546 4450 quod
2585 4379 2767 4433 minus
2795 4388 2878 4434 est
2899 4380 2924 4432 3
2953 4377 3019 4433 Et
3045 4377 3179 4449 quid
3203 4394 3345 4449 opus
3373 4387 3456 4434 est
3495 4379 3665 4433 multa

2093 4469 2298 4535 dicere,
2325 4485 2448 4523 cum
2495 4484 2602 4523 una
2635 4483 2769 4524 voce
2807 4483 3024 4524 omnem
3073 4483 3263 4523 eorum
3312 4469 3663 4524 circumscri-

2091 4543 2220 4615 bere
2263 4569 2515 4631 oporteat
2542 4560 2832 4614 verborum
2865 4560 3222 4630 petulantiam
3267 4571 3430 4629 atque
3476 4575 3662 4630 garru-

2090 4652 2347 4706 litatem?
2379 4654 2469 4720 qni
2514 4667 2638 4707 cum
2671 4659 2818 4706 esset
2849 4651 2904 4705 in
2939 4650 3114 4705 forma
3147 4649 3261 4718 Dei,
3324 4667 3432 4704 non
3467 4651 3661 4706 existi-

2093 4744 2260 4799 mavit
2293 4743 2537 4812 rapinam
2571 4757 2694 4797 es~e
2719 4741 2863 4810 quod
2892 4741 3001 4796 Deo
3024 4757 3120 4811 par
3141 4750 3286 4796 esset
3311 4742 3375 4796 ¹⁰.
3413 4741 3506 4795 Dic
3535 4740 3666 4793 mihi

2092 4851 2216 4891 cum
2258 4834 2461 4889 audisti
2495 4834 2545 4888 id
2579 4835 2723 4904 quod
2764 4849 2862 4902 par
2909 4841 3014 4894 est,
3044 4831 3098 4886 id
3142 4831 3291 4901 quod
3346 4833 3522 4901 impar
3582 4840 3668 4885 est

2092 4926 2411 4982 intellexisti
2438 4925 2460 4978 ?
2483 4925 2534 4978 0
2555 4940 2750 4978 novam
2789 4925 3119 4985 doctrinam,
3151 4938 3272 4991 quae
3301 4937 3398 4991 per
3440 4923 3490 4976 id
3520 4923 3666 4991 quod

2095 5035 2194 5090 par
2221 5029 2328 5084 est,
2359 5017 2411 5071 id
2447 5017 2590 5086 quod
2627 5017 2803 5087 impar
2835 5025 2918 5071 est
2953 5014 3365 5084 interpretatur.
3416 5014 3520 5068 Sed
3555 5014 3666 5069 for-

2094 5112 2236 5164 sitan
2292 5114 2725 5163 consentaneum
2778 5113 2864 5159 est
2913 5104 3078 5158 etiam
3130 5103 3366 5174 aliquem
3418 5103 3664 5159 discendi

2094 5201 2354 5271 cupidum
2405 5200 2596 5253 harum
2638 5212 2822 5252 rerum
2872 5196 3152 5265 requirere
3203 5196 3514 5260 rationem,
3569 5196 3662 5263 qui

2099 5293 2192 5346 liat
2217 5303 2277 5347 ut
2305 5302 2362 5346 et
2391 5291 2552 5345 Pater
2597 5289 2738 5343 Filio
2778 5287 2971 5356 major,
3000 5295 3054 5342 et
3085 5285 3254 5342 Filius
3289 5287 3435 5342 Patri
3480 5295 3665 5357 :eqna-

2096 5384 2166 5438 lis
2201 5391 2256 5437 et
2289 5397 2388 5452 par
2415 5381 2531 5436 sit?
2561 5379 2826 5434 Videntur
2861 5378 3006 5433 enim
3041 5379 3152 5432 haec
3175 5378 3316 5431 inter
3359 5394 3480 5433 sese
3511 5379 3666 5433 nullo

2094 5474 2254 5528 modo
2283 5474 2598 5527 convenire.
2647 5471 2816 5540 Igitur
2867 5470 3070 5524 omissa
3115 5469 3489 5524 decertatione
3535 5485 3660 5524 eum

2092 5565 2253 5635 vulgo
2276 5562 2738 5626 adversariorum,
2771 5559 2836 5616 de
2863 5560 3024 5616 rebus
3066 5559 3367 5631 propositis
3394 5559 3658 5614 disseram

1075 5749 1095 5783 ⁸
1119 5746 1270 5805 Joan.
1306 5763 1426 5816 xw,
1457 5749 1545 5804 ‘28.
1587 5752 1606 5782 ⁹
1640 5748 1770 5804 ibid.
1811 5748 1894 5803 10.
1975 5749 2015 5778 ³ο
2038 5744 2270 5816 Philipp.
2315 5763 2372 5813 ιι,
2403 5748 2455 5800 6.
