4154 6354
443 339 550 396 563

1706 348 1764 404 S.
1790 346 2126 406 GREGORIL
2151 348 2452 445 RLYSSENI

3591 337 3698 403 ΞΜ

447 473 482 512 v
508 460 605 511 ...ιδ
641 473 798 512 more
832 467 1082 530 paterno.
1108 459 1226 516 Non
1267 476 1456 519 omnes
1509 463 1788 536 Evangelii
1828 482 2012 532 voces,

2122 468 2288 538 μένας
2329 468 2518 534 ἀξίας·
2550 471 2607 523 αί
2635 469 2734 540 μὲν
2772 467 2881 539 γὰρ
2925 467 2984 521 τὸ
3014 464 3144 536 ὕψος
3175 465 3274 537 τῆς
3300 462 3554 534 θεότητος
3597 462 3696 515 τοῦ

444 562 789 619 quaecunque
844 565 934 607 res
977 566 1007 605 a
1055 550 1287 608 Domino
1332 563 1515 625 gestas
1574 559 1757 628 (nos)
1795 558 2013 622 docent,

444 637 693 708 ejusdem
720 640 960 697 arbitror
983 657 1106 699 esse
1134 645 1485 711 conditionis,
1517 663 1696 717 neque
1725 648 1795 703 ab
1825 648 2014 704 eadem

449 731 685 800 proferri
717 731 1022 803 dignitate;
1053 751 1180 790 nam
1230 737 1350 792 alia:
1390 737 1612 809 quidem
1670 741 2012 796 altitudinem

446 818 572 875 Filii
606 820 703 876 Dei
738 823 1043 880 divinitatis
1088 841 1212 880 eum
1247 827 1540 883 verborum
1585 831 1872 900 majestate
1916 832 2014 887 de-

448 912 661 967 clarant
686 932 706 980 -,
733 915 852 968 aliae
881 930 1011 970 vero
1039 932 1161 972 sese
1191 917 1474 974 dimittunt
1515 928 1570 975 et
1603 922 2016 978 accommodant

450 1002 518 1056 ad
547 1001 906 1061 humilitatem
936 1006 1188 1063 humanae
1217 1016 1452 1064 naturai.
1477 1009 1611 1065 Nam
1633 1012 1723 1066 ubi
1754 1011 2014 1068 Dominus

449 1093 664 1164 quidem
705 1090 877 1150 dicit:
913 1095 1022 1166 Ego
1052 1099 1300 1168 principio
1335 1099 1428 1154 tibi
1454 1099 1534 1167 “;
1564 1111 1637 1164 et,
1675 1100 1826 1166 Volo,
1858 1118 2015 1156 mun-

449 1184 548 1238 dus
580 1195 690 1240 esto
708 1184 751 1218 η
778 1202 796 1252 ;
825 1195 898 1253 et,
931 1187 1091 1242 Pater
1126 1191 1181 1242 in
1207 1207 1285 1244 me
1316 1200 1416 1254 est,
1448 1201 1497 1246 et
1530 1208 1622 1262 ego
1650 1209 1766 1246 sum
1801 1193 1856 1246 in
1899 1191 2014 1246 Pa-

451 1285 527 1330 tre
551 1277 592 1307 "
619 1295 640 1343 ',
668 1287 742 1341 et,
773 1278 878 1345 Qui
906 1281 1033 1333 vidit
1067 1298 1168 1346 me,
1201 1282 1327 1336 vidit
1363 1283 1576 1337 Patrem
1601 1285 1645 1315 ”
1673 1303 1685 1350 ;
1721 1295 1792 1348 et,
1825 1289 1934 1355 Ego
1965 1297 2013 1339 et

451 1365 615 1423 Pater
641 1387 802 1424 unum
836 1388 1018 1427 sumus
1039 1374 1080 1405 "
1115 1390 1128 1436 ;
1168 1381 1242 1435 ct,
1283 1374 1458 1428 Nemo
1505 1375 1706 1429 Filium
1739 1377 1880 1430 novit
1913 1378 2015 1430 nisi

457 1456 612 1511 Pater
631 1458 699 1524 ¹⁶;
731 1467 803 1525 et,
837 1459 1031 1516 Omnia
1061 1480 1176 1516 mea
1204 1474 1294 1516 tua
1322 1474 1464 1527 sunt,
1483 1475 1531 1519 et
1561 1476 1652 1518 tua
1682 1483 1794 1519 mea
1821 1467 1862 1498 ¹⁴¹
1892 1485 1909 1533 ;
1939 1478 2012 1531 et,

450 1548 792 1619 Gloriﬁcatus
816 1567 932 1604 sum
962 1553 1015 1606 in
1045 1553 1120 1607 eis
1141 1555 1204 1618 ’⁸,
1236 1567 1288 1609 et
1315 1571 1655 1627 qumcunque
1692 1565 1821 1613 Sunt
1868 1558 2016 1627 ejus-

449 1639 620 1704 modi,
648 1641 891 1697 indicant
915 1659 1032 1698 eam
1067 1646 1385 1714 potentiam,
1438 1663 1561 1717 qua:
1592 1663 1757 1719 supra
1796 1665 2016 1704 onmem

447 1741 532 1785 est
563 1741 615 1785 ct
665 1742 912 1788 naturam
967 1745 1022 1789 et
1077 1744 1416 1804 potestatem.
1461 1737 1565 1794 Sed
1595 1754 1720 1794 cum
1762 1741 1828 1795 ad
1861 1741 2014 1795 infir-

2118 559 2249 613 Υἱοῦ
2294 561 2386 614 τοῦ
2439 560 2576 614 Θεοῦ
2626 559 3024 631 μεγαλοφὼνως
3073 555 3474 628 κηρύσσουσιν·
3527 553 3586 607 αἱ
3634 551 3694 606 δὲ

2117 649 2253 720 πρὸς
2286 650 2345 702 τὸ
2379 651 2632 704 ταπεινὸν
2671 651 2773 720 τῆς
2813 647 3160 720 ἀνθρωπίνης
3197 643 3695 715 συγκαταδαίνουσι

2116 738 2348 808 φύσεως.
2383 739 2554 792 Ὅταν
2603 738 2706 808 μὲν
2751 737 2860 808 γὰρ
2900 736 3032 806 λέγῃ
3057 735 3086 786 ὁ
3114 733 3319 802 Κύριος
3342 747 3356 762 ·
3389 729 3539 801 Ἐγὼ
3570 730 3698 782 ὲπι-
3759 773 3766 792 ,

2114 827 2323 884 τάσσω
2353 845 2483 883 σοι·
2545 829 2671 887 καὶ.
2729 827 2911 890 Θέλω,
2952 825 3375 893 καθαρίσθητιο
3434 821 3557 885 καὶ,
3631 820 3698 872 '0

2115 921 2317 989 Πατὴρ
2341 921 2408 974 ὲν
2436 919 2584 988 ἐμοὶ,
2616 918 2776 989 κάγὼ
2805 919 2874 972 ἐν
2896 917 2976 982 τῷ
3011 917 3197 983 Πατρί
3216 932 3228 944 ·
3253 914 3370 974 καὶ,
3411 913 3476 966 Ὃ
3512 912 3690 978 ἑωρα-

2115 1014 2234 1079 κὼς
2262 1012 2386 1082 ἐμὲ,
2433 1011 2652 1080 ἑώρακε
2702 1009 2809 1063 τὸν
2852 1009 3112 1076 Πατέρα⁸
3173 1005 3289 1067 καὶ,
3350 1002 3498 1069 Ἐγὼ
3529 1001 3626 1055 καὶ
3661 1003 3697 1053 ὁ

2115 1103 2316 1171 Πατὴρ
2347 1104 2417 1157 ἓν
2462 1104 2681 1172 ἐσμεν·
2735 1100 2848 1163 καὶ,
2893 1097 3102 1164 οὐδεὶς
3144 1093 3267 1150 οἶδε
3307 1097 3416 1149 τὸν
3457 1095 3611 1156 ﬂor,
3641 1093 3699 1143 εὶ

2110 1193 2197 1261 μὴ
2219 1196 2251 1247 ό
2287 1192 2506 1262 Πατήρ·
2557 1193 2670 1254 καὶ,
2717 1191 2923 1244 Πάντα
2949 1190 3021 1243 τὰ
3053 1188 3163 1257 ἐμὰ
3198 1186 3282 1239 σά
3310 1186 3461 1246 ἐστι,
3485 1182 3581 1236 καὶ
3623 1181 3696 1234 τὰ

2116 1282 2197 1336 σὰ
2241 1283 2389 1351 ἐμά’
2447 1282 2563 1346 καὶ,
2604 1280 2971 1348 Δεδόξασμαι
3021 1278 3091 1331 ἐν
3139 1274 3378 1340 αὐτοῖς’
3445 1273 3540 1326 καὶ
3593 1271 3699 1324 ἆτα

2115 1376 2340 1431 τοιαῦτα
2365 1375 2463 1448 τὴν
2493 1374 2749 1428 ἐπέκεινα
2781 1373 2960 1441 πάσης
2990 1367 3206 1440 φύσεώς
3231 1384 3289 1420 τε
3322 1365 3415 1419 καὶ
3447 1363 3699 1430 ἐξουσίας

2116 1467 2445 1520 ἐνδείκνυται
2487 1465 2735 1535 δύναμιν.
2794 1460 3043 1516 Ἐπειδὰν
3096 1459 3154 1513 δὲ
3179 1459 3315 1530 πρὸς
3360 1457 3423 1509 τὸ
3469 1454 3694 1516 ἀσθενὲς

2116 1557 2215 1627 τῆς
2261 1557 2533 1630 ἡμετέρας
2579 1557 2794 1626 φύσεως
2838 1552 3086 1622 ὲπικλίνῃ
3139 1551 3232 1604 τὸν
3271 1549 3450 1618 λόγον,
3509 1547 3692 1598 ἐκεῖνα

2118 1649 2439 1719 φθέγγεται*
2479 1647 2813 1717 Περίλυπός
2848 1647 3017 1699 ἐστιν
3052 1645 3092 1712 ἡ
3124 1639 3295 1712 ψυχή
3331 1653 3476 1710 μουο
3502 1639 3570 1691 Et
3591 1637 3694 1690 δυ-

2117 1742 2318 1805 νατὸν,
2366 1740 2703 1810 παρελθέτω
2749 1738 2815 1792 τὸ
2855 1735 3170 1805 ποτήριον·
3231 1734 3312 1787 Οὐ
3359 1730 3606 1783 δύναται
3659 1727 3696 1778 ὁ

449 1820 692 1876 mitatem
741 1833 944 1879 nostra:
994 1835 1200 1880 natura:
1248 1842 1556 1884 sermonem
1607 1830 1869 1899 inclinat,
1921 1833 2013 1887 illa

2128 1833 2260 1900 Υἱὸς
2299 1802 2398 1903 ἀφ’
2425 1802 2643 1886 ἑαυτοῦ
2684 1849 2739 1885 τι
2782 1802 3018 1884 ποιεῖνί
3045 1825 3338 1892 Ἑντολὴν
3378 1823 3601 1876 ἔλαϐον
3638 1821 3695 1873 τί

449 1914 766 1982 pronuntiat
793 1932 806 1968 :
837 1911 1114 1971 Pertn‘stis
1139 1929 1213 1971 est
1231 1920 1408 1972 anima
1435 1937 1588 1987 mea;
1607 1922 1656 1975 si
1677 1923 1796 1992 ﬁeri
1824 1933 2011 1992 potest,

452 2011 690 2056 transeat
725 2002 867 2057 calix
897 2006 995 2060 iste
1019 2007 1103 2061 "z
1145 2006 1191 2060 F
1195 2009 1318 2062 ilius
1355 2026 1458 2062 non
1504 2019 1670 2078 potest
1712 2029 1744 2065 a
1785 2029 1895 2066 sese
1925 2013 2013 2080 fn-

450 2109 564 2148 cere
589 2095 873 2166 quidquam
899 2098 967 2152 '°.
1019 2097 1336 2152 Mandatum
1376 2103 1552 2170 accepi
1595 2101 1720 2172 quid
1761 2102 1934 2156 dicant
1967 2114 2016 2158 et

449 2185 576 2253 quid
603 2184 791 2256 loquar
825 2189 891 2240 ²¹.
949 2187 1096 2242 Vado
1134 2190 1203 2243 ad
1233 2189 1446 2245 Patrem
1485 2208 1656 2247 meum
1701 2203 1749 2248 et
1800 2194 2015 2250 Patrem

449 2289 700 2342 vestrum,
729 2289 778 2334 et
800 2281 868 2334 ad
900 2281 1062 2335 Deum
1097 2298 1269 2336 meum
1292 2292 1340 2338 et
1379 2283 1448 2338 ad
1498 2284 1664 2339 Deum
1696 2296 1923 2341 vestrum
1949 2293 2014 2342 ³².

452 2363 507 2423 1η
537 2371 621 2426 his
645 2386 782 2441 pone
813 2373 977 2428 etiam
1010 2375 1278 2446 lacrymas
1303 2392 1470 2447 super
1498 2377 1705 2433 Lazaro
1737 2381 2014 2451 profusas,

450 2470 504 2514 et
536 2462 915 2519 lassitudinem
939 2481 1005 2520 ex
1029 2466 1225 2522 itinere
1271 2474 1632 2533 contractam,
1685 2479 1740 2525 et
1769 2472 1876 2526 cibi
1920 2488 2016 2542 ap-

451 2549 788 2617 petitionem,
827 2561 882 2608 et
912 2567 1066 2623 aquae
1090 2555 1432 2623 petitionem,
1476 2565 1532 2611 et
1565 2573 1792 2614 cursum
1825 2561 1891 2614 ad
1950 2562 2015 2616 li-

449 2653 598 2702 cum,
627 2643 856 2710 etquod
891 2643 1155 2700 Dominus
1212 2645 1500 2715 ignorabat
1557 2648 1814 2704 arborem
1868 2652 2015 2707 illam

451 2726 637 2785 fructu
666 2747 874 2798 carere,
919 2743 973 2789 et
1015 2737 1071 2790 in
1112 2737 1331 2809 navigio
1369 2752 1642 2794 somnmn.
1697 2738 1822 2796 Haec
1873 2743 2016 2797 enim

449 2823 634 2878 omnia
666 2831 720 2879 ct
772 2841 1114 2896 quascunque
1149 2836 1282 2884 sunt
1328 2829 1459 2884 talia
1520 2847 1632 2884 non
1679 2831 1823 2901 ejus,
1876 2833 2024 2904 quod

2117 1927 2281 1990 εἴπω,
2305 1924 2402 1978 καί
2426 1924 2484 1977 τί
2507 1921 2761 1991 λαλήσω
2776 1938 2789 1951 ⁸
2821 1921 3148 1989 Πορεύομαι
3171 1917 3319 1986 πρὸς
3341 1916 3447 1969 τὸν
3465 1913 3696 1978 Πατέρα

2110 2032 2230 2084 μου
2271 2014 2372 2068 καὶ
2410 2012 2638 2081 Πατέρα
2677 2009 2846 2080 ὑμῶν
2865 2051 2880 2070 ,
2927 2009 3024 2063 καὶ
3066 2011 3214 2062 Gedr-
3244 2023 3363 2075 μου
3405 2005 3500 2058 καὶ
3545 2002 3698 2056 Θεὸν

2117 2105 2303 2175 ὑμῶν.
2343 2106 2431 2159 Ἐν
2454 2104 2663 2167 τούτοις
2689 2103 2827 2158 τίθει
2850 2103 2944 2156 καὶ
2970 2101 3031 2154 τὸ
3056 2101 3146 2154 ἐπὶ
3166 2100 3415 2167 Λαζάρου
3437 2097 3690 2167 δάκρυον,

2119 2198 2212 2252 καὶ
2235 2197 2326 2250 τὸν
2355 2198 2419 2248 ὲκ
2446 2196 2548 2266 τῆς
2574 2195 2882 2265 ὁδοιπορίας
2912 2195 3101 2255 κόπον,
3134 2193 3228 2245 καὶ
3255 2191 3354 2261 τὴν
3375 2190 3470 2258 τῆς
3489 2187 3694 2258 τροφῆς

2117 2289 2322 2358 ἔφεσιν,
2357 2287 2453 2340 καὶ
2477 2287 2575 2358 τὴν
2597 2285 2691 2341 τοῦ
2726 2285 2917 2348 ὓδατος
2947 2283 3184 2354 αἴτησιν,
3233 2282 3328 2336 καὶ
3353 2280 3442 2333 τὸν
3478 2280 3572 2332 ἐπὶ
3595 2279 3696 2346 τῆς

2119 2381 2291 2450 συκῆς
2329 2380 2549 2451 δρόμον,
2604 2379 2698 2432 καὶ
2749 2381 2848 2450 τῆς
2894 2377 2989 2431 τοῦ
3039 2374 3210 2445 φυτοῦ
3267 2372 3545 2445 ἀκαρπίας
3596 2371 3699 2441 τὴν

2118 2475 2360 2543 ἄγνοιαν,
2389 2472 2485 2526 καὶ
2521 2470 2612 2524 τὸν
2644 2470 2737 2524 ἐπὶ
2779 2468 2873 2523 τοῦ
2919 2469 3102 2522 πλοίου
3144 2465 3329 2520 ὕπνον.
3361 2463 3546 2518 Ταῦτα
3583 2459 3697 2533 γὰρ

2119 2565 2314 2628 πάντα,
2359 2563 2453 2618 καὶ
2495 2563 2596 2617 ὅσα
2641 2560 2891 2626 τοιαῦτα,
2941 2561 3062 2632 οὐχὶ
3113 2558 3209 2612 τοῦ
3247 2560 3305 2612 ὲν
3351 2558 3492 2629 ἀρχῇ
3542 2554 3698 2617 δντος

2124 2656 2298 2724 Λόγου
2323 2654 2458 2708 Θεοῦ
2481 2654 2584 2725 τὴν
2611 2652 2787 2720 ἀξίαν,
2815 2651 2949 2706 ἀλλὰ
2989 2651 3082 2704 τοῦ
3112 2648 3543 2708 ταπεινώσαντος
3568 2646 3702 2698 ἑαυ-

2124 2747 2213 2800 τὸν
2247 2749 2305 2800 ὲν
2326 2749 2392 2818 τῇ
2414 2745 2507 2800 τοῦ
2546 2744 2732 2800 δούλου
2763 2747 2945 2816 μορφῇ
2971 2743 3070 2814 τὴν
3107 2741 3243 2813 πρὸς
3259 2740 3320 2793 τδ
3341 2738 3561 2800 ἀσθενὲς
3597 2735 3698 2806 τῆς

2117 2835 2333 2904 φύσεως
2363 2838 2396 2907 ἡ
2407 2834 2522 2907 μῶν
2554 2834 2857 2907 παραδηλοῖ
2876 2832 3306 2903 συγκατάῦασιν.

450 2927 569 2970 erat
603 2916 656 2970 in
721 2915 1011 2988 principio,
1046 2917 1211 2973 Verbi
1264 2918 1361 2974 Dei
1410 2920 1753 2990 dignitatem,
1811 2923 1905 2978 sed
1951 2923 2070 2994 ejus
2107 2926 2200 2996 qui
2262 2941 2382 2982 sese
2428 2926 2482 2981 in
2520 2925 2694 2980 forma
2737 2924 2879 2980 servi
2915 2924 3316 2988 humiliavemt,
3373 2922 3446 2976 ad
3489 2931 3702 2975 natu-rae

446 3018 653 3066 nostra:
677 3010 1100 3066 imbecillitatem
1135 3012 1413 3067 declarant
1447 3015 2004 3072 accommodationem
2043 3025 2207 3090 atque
2236 3020 2642 3075 demissionem.

520 3101 734 3158 Dictum
770 3115 853 3158 est
885 3103 1087 3175 igitur:
1125 3103 1230 3171 Qui
1251 3107 1397 3161 misit
1430 3123 1530 3173 me,
1559 3108 1730 3177 major
1754 3125 1834 3163 me
1859 3120 1936 3164 est
1952 3110 2019 3163 ”.

2195 3113 2421 3184 Εἴρηται
2459 3114 2659 3178 τοίνυν,
2696 3113 2780 3165 ὃτι
2830 3111 2884 3163 Ὀ
2923 3110 3164 3180 πέμψας
3204 3125 3309 3179 με,
3338 3106 3561 3178 μείζων
3576 3126 3702 3177 μου

450 3193 620 3266 Igitur
649 3195 936 3250 videamus
975 3209 1005 3249 a
1029 3211 1138 3266 quo
1170 3198 1283 3251 haec
1313 3199 1490 3252 oratio
1514 3198 1846 3268 proferatur.
1874 3200 2024 3266 Quo-

450 3289 616 3343 modo
645 3289 850 3344 missus
872 3289 1002 3344 est?
1030 3289 1112 3342 An
1152 3288 1320 3344 forma
1351 3288 1440 3344 Dei
1475 3290 1761 3360 praeditus,
1791 3307 1860 3346 an
1908 3292 2023 3347 for-

451 3393 540 3432 ma
594 3379 740 3435 servi
789 3378 1059 3449 accepta?
1108 3379 1163 3433 lu
1219 3382 1376 3451 plena
1425 3383 1627 3438 deitate
1673 3399 1921 3448 manens,
1954 3398 2022 3438 an

450 3484 575 3523 cum
603 3470 842 3540 seipsmn
877 3471 933 3524 in
964 3470 1139 3524 forma
1171 3473 1357 3527 servili
1388 3475 1822 3546 cxinanjvisset?
1862 3476 2023 3530 Peni-

449 3569 542 3616 tus
575 3561 723 3615 enim
766 3561 1118 3632 perspicuum
1165 3579 1288 3619 esse
1335 3565 1589 3630 arbitror,
1625 3567 1865 3622 divinam
1926 3583 2026 3638 po-

452 3651 678 3706 tentiam
733 3659 900 3722 atque
946 3664 1222 3718 naturam,
1271 3672 1394 3710 cum
1428 3658 1631 3727 ubique
1683 3659 1757 3714 sit
1809 3674 1874 3714 ac
1929 3676 2026 3730 per

451 3741 635 3796 omnia
687 3743 959 3812 pertineat
991 3752 1155 3814 atque
1207 3747 1486 3815 pervadat,
1507 3757 1562 3803 et
1591 3765 1680 3805 res
1733 3751 2024 3809 universas

451 3831 703 3902 amplexa
737 3833 826 3897 sit,
863 3834 1004 3889 mitti
1035 3835 1183 3890 haud
1211 3845 1358 3892 recte
1382 3837 1491 3893 dici
1518 3858 1533 3906 ;
1559 3856 1668 3894 non
1695 3842 1842 3896 enim
1870 3853 2024 3899 extra

450 3937 572 3976 eam
605 3923 810 3992 aliquid
842 3938 1074 3981 vacuum
1110 3934 1166 3981 et
1198 3927 1361 3983 inane
1393 3937 1496 3994 est,
1532 3946 1663 4000 quo,
1696 3948 1820 3987 cum
1872 3938 2026 4004 prius

450 4013 528 4070 ibi
555 4029 665 4069 non
693 4023 862 4082 esset,
912 4023 1101 4085 postea
1136 4030 1301 4087 quam
1337 4021 1502 4076 missa
1554 4020 1722 4077 fuerit
1754 4025 2019 4080 accedat:

451 4105 548 4164 sed
577 4122 701 4163 cum
737 4109 1144 4166 conservatrice
1185 4109 1238 4164 vi
1271 4126 1371 4166 sua
1419 4128 1507 4168 res
1549 4113 1836 4171 universas
1869 4131 2026 4170 coer-

450 4209 575 4257 ceat
599 4210 764 4272 atque
791 4201 1096 4265 contineat,
1129 4217 1239 4257 non
1273 4203 1436 4259 habet
1467 4220 1578 4274 quo
1601 4213 1866 4273 transeat,
1900 4221 2024 4262 cum

451 4295 570 4367 ipsa
597 4296 680 4351 sit,
695 4311 879 4352 rerum
915 4295 1293 4352 universitatis
1326 4296 1629 4366 plenitudo.

527 4385 836 4442 Descensus
858 4387 1024 4456 igitur
1041 4385 1163 4440 Filii
1192 4385 1283 4440 Dei
1313 4387 1378 4441 ad
1398 4396 1640 4444 nostram
1663 4389 2022 4445 humilitatem

2122 3199 2316 3255 ἐστίν.
2379 3200 2590 3254 Οὐκοῦν
2642 3201 3002 3270 σκοπήσωμεν
3055 3197 3206 3270 παρὰ
3246 3197 3390 3260 τίνος
3441 3199 3470 3248 ὁ
3515 3197 3692 3265 λόγος.

2125 3293 2246 3356 Πῶς
2272 3291 2562 3362 ἐπέμφθης
2609 3291 2697 3344 Ἐν
2724 3292 2904 3360 μορφῇ
2948 3289 3083 3342 Θεοῦ
3109 3290 3389 3359 ὑπάρχων,
3421 3288 3453 3358 ἢ
3484 3290 3699 3358 μορφὴν

2123 3381 2312 3435 δούλου
2340 3380 2554 3443 λαϐώνς
2599 3381 2686 3432 Ἐν
2713 3378 2792 3450 τῷ
2819 3378 3145 3451 πληρώματι
3167 3379 3242 3432 ὢν
3279 3381 3376 3449 τῆς
3412 3377 3695 3448 θεότητος,

2123 3473 2423 3546 ἢκενώσας
2473 3473 2663 3527 ἑαυτὸν
2699 3475 2757 3526 ὲν
2795 3473 2862 3543 τῇ
2900 3471 2994 3524 τοῦ
3029 3470 3212 3524 δούλου
3257 3473 3470 3542 μορφῇς
3510 3470 3696 3538 Πάντη

2123 3565 2232 3636 γὰρ
2257 3561 2409 3636 οἶμαι
2439 3564 2705 3637 πρόδηλον
2734 3558 2892 3623 εἶναι,
2920 3564 3057 3634 ὅτιὴ
3105 3561 3224 3614 θεία
3262 3561 3489 3630 δύναμίς
3521 3573 3580 3613 τε
3603 3560 3700 3613 καὶ

2126 3659 2288 3728 φύσις
2309 3657 2588 3728 πανταχοῦ
2616 3653 2772 3722 οὖσα,
2811 3655 2905 3708 καὶ
2923 3655 3012 3709 διὰ
3047 3655 3261 3708 πάντων
3289 3653 3576 3723 διήκουσα,
3604 3653 3702 3705 καὶ

2122 3750 2219 3804 τοῦ
2252 3751 2448 3814 παντὸς
2498 3747 2960 3819 περιδεδραγμένη
2983 3785 2996 3809 ,
3054 3746 3157 3798 οὐκ
3198 3745 3265 3799 ἂν
3298 3743 3520 3807 εἰκότως
3555 3743 3700 3812 πέμ-

2125 3843 2322 3897 πεσθαι
2361 3842 2589 3910 λέγοιτο.
2623 3839 2697 3892 Οὐ
2727 3838 2838 3910 γάρ
2863 3839 2977 3891 ἐστί
2999 3856 3049 3891 τι
3070 3836 3231 3890 κενὸν
3247 3835 3353 3902 ἕξω
3374 3835 3596 3904 ταύτης,
3637 3835 3698 3886 ἐν

2123 3929 2170 4004 ᾧ
2207 3934 2468 4004 πρότερον
2511 3932 2584 4002 μὴ
2628 3925 2799 3993 οὖσα,
2846 3930 2974 3982 ὃταν
3013 3926 3258 3997 πεμφθῇ,
3290 3925 3693 3996 παραγένηταιο

2125 4026 2259 4081 ἀλλὰ
2297 4026 2365 4094 τῇ
2413 4021 2776 4092 συντηρητικῇ
2813 4019 3042 4088 δυνάμει
3070 4015 3437 4087 διακρατοῦσα
3463 4014 3524 4068 τὸ
3563 4015 3694 4077 πᾶν,

2124 4119 2225 4171 οὐκ
2256 4117 2367 4186 ἔχει
2407 4115 2486 4178 είς
2514 4113 2543 4166 ὃ
2591 4111 2991 4182 μεταχωρήσει,
3030 4109 3166 4179 αὐτὴ
3205 4106 3298 4161 τοῦ
3335 4105 3533 4169 παντὸς
3562 4101 3700 4158 οὖσα

2127 4210 2415 4282 πλήρωμα.

2221 4386 2286 4438 Ἡ
2314 4383 2490 4437 τοίνυν
2513 4380 2651 4452 πρὸς
2671 4379 2733 4433 τὸ
2760 4378 3028 4451 ἡμέτερον
3052 4375 3304 4430 ταπεινόν
3331 4392 3391 4430 τε
3420 4376 3517 4429 κού⁸
3539 4376 3702 4430 ἀσθεο

451 4486 506 4532 et
533 4478 932 4544 inﬁrmitatem,
955 4479 1047 4548 qui
1073 4479 1352 4535 voluntate
1381 4479 1559 4534 Patris
1582 4482 1802 4545 accidit,
1831 4482 2020 4537 missio

2125 4477 2214 4539 νὲς
2247 4475 2340 4529 τοῦ
2376 4472 2506 4527 Υίοῦ
2550 4472 2648 4527 τοῦ
2683 4470 2819 4525 Θεοῦ
2854 4469 3107 4533 κάθοδος,
3151 4467 3293 4521 κατὰ
3334 4467 3561 4539 γνώμην
3603 4467 3698 4521 τοῦ

452 4567 678 4624 dicitur.
713 4567 851 4622 Nam
876 4571 943 4623 ab
989 4570 1285 4625 immortali
1321 4579 1514 4625 natura
1541 4571 1609 4625 ad
1648 4581 1891 4628 nostram
1934 4574 2019 4626 vi-

453 4670 563 4712 tam
596 4659 850 4728 migratio
874 4675 987 4715 non
1012 4660 1080 4715 de
1113 4661 1236 4714 loco
1263 4661 1328 4714 ad
1361 4661 1537 4714 locum
1570 4669 1776 4715 motum
1805 4661 2019 4717 Domini

452 4747 748 4818 signiﬁcat,
784 4749 880 4804 sed
913 4751 983 4805 ab
1010 4750 1293 4804 altitudine
1329 4752 1514 4820 gloria:
1544 4751 1610 4805 ad
1658 4752 2020 4807 humilitatem

451 4841 640 4894 carnis
672 4839 879 4894 indicat
907 4840 1254 4896 descensum.
1305 4840 1595 4896 Descendit
1644 4843 1808 4912 igitur
1847 4851 1901 4897 et
1927 4857 2024 4912 ap-

452 4929 635 5000 paruit
665 4945 774 4985 non
801 4931 1009 4986 nudum
1033 4931 1293 4997 Verbum,
1331 4933 1423 4987 sed
1461 4949 1591 4986 caro
1626 4932 1827 4988 factum
1855 4951 1870 5012 :
1912 4951 2022 4988 non

452 5022 548 5078 Dei
575 5022 750 5078 forma
783 5039 881 5095 per
912 5041 1056 5092 sese,
1101 5025 1198 5081 sed
1230 5026 1286 5080 in
1331 5025 1508 5080 forma
1550 5027 1690 5081 servi
1728 5043 2020 5097 apparens.

453 5113 557 5167 Hic
587 5114 751 5186 igitur
775 5126 858 5172 est
886 5117 978 5187 qui
1008 5116 1147 5172 dixit
1183 5133 1242 5173 se
1286 5133 1392 5172 non
1440 5134 1601 5188 posse
1633 5118 1813 5174 facere
1865 5120 2025 5190 quid-

454 5219 620 5270 quam
654 5204 724 5258 ab
753 5206 956 5276 seipso,
989 5207 1262 5273 videlicet,
1299 5208 1354 5262 in
1385 5217 1650 5278 quantum
1685 5224 1817 5263 caro
1846 5208 2025 5266 factus

454 5303 573 5360 est;
602 5310 728 5350 nam
760 5314 870 5352 non
915 5314 1098 5368 posse,
1159 5301 1553 5357 imbecillitatis
1596 5310 1700 5356 est.
1764 5301 1830 5357 Ut
1877 5303 2022 5356 enim

457 5384 568 5439 luci
603 5387 860 5451 tenebrae,
887 5396 942 5444 et
967 5391 1091 5444 vitae
1121 5407 1292 5454 mors,
1324 5392 1398 5446 ita
1430 5393 1688 5463 potentiae
1717 5393 2017 5462 apponitur

455 5476 784 5532 inﬁrmitas:
825 5481 972 5550 atqui
1003 5480 1259 5537 Christus
1291 5482 1384 5538 Dei
1425 5488 1665 5554 potentia
1705 5492 1867 5555 atque
1920 5483 2014 5538 Dei

528 5631 568 5702 δ’
608 5629 776 5684 Μυθ-
811 5647 887 5693 11.
926 5632 1016 5686 25-
1093 5635 1136 5665 “
1176 5635 1341 5691 Marc.
1379 5655 1419 5702 I,
1451 5640 1538 5692 41.
1617 5640 1661 5671 ³³
1730 5638 1888 5693 Joan.
1924 5654 2020 5701 XIV.

2121 5638 2158 5692 ).
2236 5636 2280 5667 ¹⁸
2314 5634 2445 5691 ibid.
2477 5634 2528 5688 9.

455 5701 501 5774 ἔτ
522 5701 842 5774 Joan._xvu,
868 5702 952 5756 10.
1018 5703 1074 5774 μη
1109 5706 1236 5762 ihid.
1280 5708 1363 5762 lt).
1406 5701 1484 5742 7"
1525 5709 1711 5764 Matth.
1750 5709 2001 5774 xsvr,58,
2033 5709 2119 5763 59.

457 5773 545 5826 l7.
619 5773 662 5804 "
695 5769 847 5826 Joan.
886 5772 1096 5837 xlv,‘28.

2124 4565 2335 4638 Πατρὸς
2365 4563 2728 4634 γεγενημένη,
2773 4560 3048 4630 ἀποστολὴ
3091 4558 3330 4627 λέγεται.
3385 4559 3448 4612 Ἠ
3481 4558 3590 4630 γὰρ
3633 4561 3700 4612 ὲκ

2123 4657 2221 4727 τῆς
2251 4658 2530 4727 ἀκηράτου
2559 4653 2774 4723 φύσεως
2790 4652 2927 4721 πρὸς
2947 4651 3047 4721 τὴν
3069 4651 3345 4722 ἡμετέραν
3367 4649 3511 4720 ζωὴν
3540 4651 3701 4720 μετά-

2126 4765 2313 4810 στασις
2340 4747 2400 4798 οὐ
2435 4744 2664 4815 τοπικὴν
2694 4744 2925 4796 ποιεῖται
2963 4740 3056 4794 τοῦ
3088 4743 3290 4812 Κυρίου
3329 4743 3428 4812 τὴν
3463 4742 3702 4812 κίνησιν,

2127 4841 2262 4896 ἀλλὰ
2287 4839 2384 4907 τὴν
2415 4837 2522 4890 ἀπὸ
2552 4835 2646 4889 τοῦ
2677 4833 2842 4904 ὕψους
2870 4833 2969 4903 τῆς
3005 4833 3163 4904 δόξης
3193 4833 3331 4904 πρὸς
3359 4833 3420 4885 τὸ
3443 4833 3705 4886 ταπεινὸν

2127 4934 2226 5004 τῆς
2260 4929 2461 5002 σαρκὸς
2491 4927 2820 4982 ἐνδείκνυται
2852 4925 3097 4980 κάθοδον.
3137 4924 3356 4996 Κατέὸη
3385 4925 3561 4978 τοίνυν
3603 4923 3702 4976 καὶ

2128 5026 2300 5094 ἐφάνη
2331 5023 2392 5076 οὐ
2421 5020 2629 5091 γυμνὸς
2655 5021 2683 5072 ὁ
2705 5019 2896 5086 Λόγος,
2927 5017 3064 5072 ἀλλὰ
3097 5017 3233 5087 σάρξ
3261 5017 3576 5088 γενόμενος·
3602 5017 3699 5087 οὐχ

2129 5120 2162 5188 ἡ
2189 5114 2283 5168 τοῦ
2304 5111 2439 5168 Θεοῦ
2471 5110 2652 5181 μορφὴ
2678 5108 2799 5162 καθ’
2829 5108 3048 5178 ἑαυτὴν,
3075 5107 3188 5160 ἀλλ’
3218 5108 3276 5160 ὲν
3300 5109 3366 5176 τῇ
3397 5106 3490 5159 τοῦ
3513 5105 3700 5158 δούλου

2133 5209 2313 5278 μορφῇ
2363 5201 2754 5273 θεωρούμενος.
2789 5193 2957 5263 Οὗτος
2995 5194 3087 5252 οὖν
3139 5200 3318 5259 ἐστιν,
3350 5200 3379 5250 ὁ
3419 5197 3587 5250 εἰπὼν
3624 5199 3698 5268 μὴ

2129 5293 2385 5349 δύνασθαί
2414 5309 2466 5344 τι
2495 5290 2587 5358 ἀφ’
2614 5287 2811 5343 ἑαυτοῦ
2841 5290 3032 5351 ποιεῖν,
3060 5287 3216 5357 δῆλον
3242 5288 3323 5340 ὅτι
3353 5287 3487 5340 καθὸ
3510 5287 3699 5356 γέγονε

2131 5388 2265 5458 σάρξ
2290 5403 2304 5417 ·
2331 5385 2392 5438 τὸ
2420 5386 2527 5455 γὰρ
2553 5383 2627 5454 μὴ
2654 5379 2933 5443 δύνασθαι,
2961 5378 3242 5442 ἀσθενείας
3269 5379 3439 5435 ἐστίν.
3481 5380 3568 5443 Ὠς
3592 5380 3702 5451 γὰρ

2130 5480 2207 5551 τῷ
2236 5477 2375 5547 φωτὶ
2401 5477 2462 5530 τὸ
2492 5475 2700 5538 σκότος,
2737 5473 2832 5526 καὶ
2865 5474 2893 5526 ὁ
2931 5470 3158 5534 θάνατος
3198 5473 3264 5542 τῇ
3297 5469 3432 5541 ζωῇ,
3466 5471 3606 5524 οὕτω
3634 5475 3702 5543 τῇ

2630 5633 2673 5663 η
2706 5627 2864 5684 Joan.
2901 5641 2955 5688 χ,
2985 5624 3075 5679 50.
3175 5626 3217 5656 ’⁸
3258 5626 3444 5683 Matth.
3480 5646 3533 5683 xu
3557 5671 3573 5694 ,
3607 5632 3699 5687 27.

2231 5707 2276 5739 ³⁸
2307 5705 2463 5760 .ioan.
2506 5720 2561 5769 v,
2601 5701 2686 5757 I9.
2762 5701 2803 5730 "
2845 5694 3000 5750 Joan.
3030 5711 3130 5761 xu,
3165 5696 3253 5752 49.
3329 5700 3374 5730 "
3404 5699 3561 5758 Joan.
3607 5718 3703 5768 xx,
