4154 6354
471 298 576 355 555

1400 305 1488 361 ne
1521 278 1822 362 oratr.er
1851 305 2001 360 run
2037 305 2122 360 rer
2165 307 2482 368 SPIRITUS
2517 312 2784 372 sanari.
2819 378 2826 382 _

3639 311 3747 369 566

469 414 698 485 ἑυνάμει
723 413 1217 472 ἀντιδιαστέλλεται
1255 419 1289 491 ἢ
1320 419 1595 476 ἀσθένεια’
1633 422 1768 476 ἀλλὰ
1798 422 1902 495 μὴν
1931 424 2063 492 Χρι-

2169 433 2438 500 sapientia
2475 440 2597 487 est:
2631 446 2764 502 ergo
2796 428 3039 501 polentia
3069 443 3299 498 prorsus
3353 426 3599 498 potentia
3634 441 3743 481 non

475 505 599 570 στδς
625 505 760 559 (θεοῦ
785 507 1035 578 δύναμις,
1068 511 1163 563 καὶ
1189 510 1532 582 Θεοῦσοφίω
1561 514 1662 568 οὐκ
1693 515 1947 568 ἀδυνατεῖ
1972 512 2064 568 οὖν

473 600 691 662 πάντως
721 601 754 670 ἠ
790 598 1038 670 δύναμις.
1066 602 1128 654 EE
1157 601 1266 673 γάρ
1292 604 1325 675 ἡ
1352 603 1580 676 δύναμις
1613 605 1888 676 ἀσθενοίη,
1922 607 1973 660 τί
2006 607 2064 659 τὸ

472 691 802 761 δυνάμενονς
843 692 1010 745 Ὅταν
1053 688 1146 746 οὖν
1185 695 1530 767 ἀποφήνηται
1574 699 1603 750 ό
1648 697 1840 766 Λόγος,
1877 698 1959 751 ὅτι
2001 699 2061 751 οὐ

473 781 694 835 δύναται
743 783 938 846 ποιεῖν,
971 785 1141 855 δῆλον
1162 787 1243 840 ὃτι
1278 787 1400 858 οὑχὶ
1424 790 1490 860 τῇ
1532 789 1745 860 θεότητι
1774 791 1867 844 τοῦ
1898 792 2066 845 Μονο-

474 873 664 941 γενοῦς
687 875 784 946 τὴν
809 876 1110 948 ἀδυναμίαν
1139 881 1515 953 προστίθησιν,
1547 883 1683 937 ἀλλὰ
1713 887 1780 955 τῇ
1807 884 2064 955 ἀσθενείᾳ

473 965 574 1034 τῆς
623 968 898 1037 ἡμετέρας
949 970 1161 1038 φύσεως
1214 979 1632 1048 προσμαρτυρεῖ
1670 975 1730 1030 τδ
1781 976 2060 1031 ἀδύνατον.

487 1057 742 1130 Ἀσθενὴς
773 1059 831 1113 δὲ
865 1062 897 1131 ή
943 1062 1100 1134 σὰρξ,
1135 1063 1315 1128 καθὼς
1356 1065 1684 1136 γέγραπται,
1726 1069 1806 1122 ὅτι
1848 1069 1916 1124 Τὸ
1947 1070 2064 1138 μὲν

479 1151 720 1220 Πνεῦμα
741 1154 1067 1222 πρόθυμον,
1101 1157 1138 1224 ἡ
1166 1155 1234 1208 δὲ
1257 1155 1415 1225 σὰρξ
1443 1159 1729 1226 ἀσθενὴς.
1755 1162 1964 1215 Οὐκοῦν
1994 1162 2063 1215 δι’

481 1243 806 1316 ἀμφοτέρων
850 1246 1102 1317 ἀληθεύει
1137 1251 1172 1319 ἡ
1227 1249 1344 1302 θεία
1384 1251 1597 1324 Γραφὴ,
1641 1253 1832 1307 καὶτὸ
1881 1252 2064 1324 μεῖζον

481 1335 841 1404 ὁμολογοῦσα,
883 1339 976 1390 καὶ
1008 1338 1070 1391 τὸ
1101 1334 1217 1392 ἴσον
1254 1341 1328 1411 μὴ
1368 1342 1699 1415 ἀρνουμένη.
1751 1347 1921 1398 Ὅταν
1954 1345 2062 1417 γὰρ

484 1425 621 1497 πρὸς
662 1428 722 1480 τὸ
755 1427 1092 1499 ἀνθρώπινον
1123 1433 1153 1486 6
1191 1433 1362 1503 Λόγος
1396 1435 1589 1509 βλέπῃ,
1622 1436 1844 1507 μείζονα
1873 1439 2064 1508 ὁμολο-

479 1518 566 1582 γεῖ
595 1516 689 1570 τοῦ
722 1517 809 1571 διὰ
842 1520 1042 1591 σαρκὸς
1068 1524 1345 1595 ὁρωμένου
1380 1525 1470 1578 τὸν
1503 1526 1578 1597 μὴ
1607 1527 1909 1599 ὁρώμενον·
1933 1529 2063 1582 ὅταν

476 1606 534 1660 δὲ
566 1608 700 1679 πρὸς
729 1609 787 1662 τὸ
816 1609 968 1662 Θεῖον
999 1617 1312 1686 χειραγωγῇ
1358 1615 1454 1687 τὴν
1488 1616 1746 1683 διάνοιαν,
1780 1619 1941 1690 ἀργεῖ
1969 1618 2060 1672 τοῦ

477 1698 726 1768 μείζονος
758 1700 852 1753 καὶ
878 1699 971 1754 τοῦ
999 1703 1277 1770 ἐλάττονος
1305 1707 1338 1777 ἡ
1381 1710 1709 1782 συγκριτικὴ
1743 1710 1882 1783 αὕτη
1914 1714 2060 1766 ἀντι-

479 1790 799 1860 ταράθεσις,
828 1794 922 1846 καὶ
947 1794 1069 1847 ἀντὶ
1097 1797 1301 1850 τούτων
1317 1798 1506 1871 ἑνότης
1528 1802 1879 1873 κηρύττεται,
1911 1805 2058 1875 Ἐγὼ

477 1881 574 1933 καί
603 1883 855 1950 δ’Πατὴρ
876 1884 948 1937 ἓν
972 1885 1176 1955 ἐσμεν.
1205 1889 1287 1941 Τὰ
1307 1889 1362 1942 δὲ
1385 1891 1810 1964 παρηλλαγμένα
1836 1895 1976 1950 κατὰ
1996 1897 2058 1950 τὸ

477 1966 680 2032 ἄνισον,
707 1968 764 2022 ἓν
789 1967 925 2024 εἶναι
959 1975 1021 2026 οὐ
1044 1975 1287 2031 δύναται.
1320 1974 1464 2049 *Αρα
1494 1981 1622 2051 ὑμῖν
1647 1985 1676 2036 6
1709 1985 1864 2054 λόγος
1901 1987 2058 2058 ήμῶν

480 2059 680 2124 ἱκανῶς
719 2062 1139 2137 ἀπολελόγηται,
1179 2069 1278 2140 τὴν
1313 2071 1596 2144 αἱρετικὴν
1630 2075 1921 2147 ἀνισότητα
1948 2080 2058 2132 τῶν

476 2148 574 2240 τῆς
627 2150 905 2218 εὐσεϐείας
964 2158 1238 2229 ἀφορίζων
1300 2160 1616 2232 δογμάτων;
1687 2167 1760 2220 Ἦ
1821 2167 2056 2240 ζητεῖτε,

477 2239 726 2332 καθάπερ
756 2243 814 2296 ἐν
839 2245 1194 2321 δικαστηρίῳ,
1225 2250 1313 2304 διὰ
1351 2252 1612 2308 πλειόνων
1645 2239 1938 2332 μαρτύρων
1968 2261 2057 2332 βερ

475 2329 776 2402 ϐαιωθῆναι
807 2335 897 2389 τὸν
926 2338 1123 2407 λόγον;
1157 2341 1367 2397 υὺκοῦν
1388 2343 1506 2398 δότε
1540 2363 1630 2417 μοι
1663 2351 1782 2402 κατ’
1813 2329 2059 2416 ἐξουσίαν

477 2423 764 2480 ὑπανιέναι
791 2429 886 2483 τοῦ
917 2431 1075 2500 λόγου
1107 2435 1168 2488 τὸ
1209 2435 1474 2506 σύντομον
1496 2481 1510 2504 ,
1535 2442 1725 2514 μνήμῃ
1772 2446 1916 2509 τινὸς
1949 2446 2058 2502 τῶν

476 2518 615 2570 κατά
647 2519 743 2589 τὴν
773 2522 1010 2578 παλαιὰν
1036 2528 1296 2597 ἱστορίαν.
1332 2531 1524 2586 Ἔσται
1546 2534 1601 2587 δὲ
1639 2538 1773 2606 ἡμῖν
1803 2537 1932 2602 ἴσως
1959 2541 2060 2594 οὐκ

474 2608 583 2661 ἀπὸ
635 2612 837 2666 σκοποῦ
873 2615 933 2668 τὸ
975 2616 1242 2689 διήγημα.
1293 2622 1588 2679 Ἀκούσατε
1624 2629 1725 2699 τῆς
1770 2631 2060 2687 ἀποστολι-

612 2702 972 2772 ἀναγνὼσεως
1002 2709 1102 2780 τὴν
1131 2711 1272 2765 κατά
1317 2713 1409 2767 τὸν
1450 2715 1698 2788 Ἀϐραὰμ
1732 2720 1972 2792 ἱστορίαν
2003 2726 2060 2779 ὲν

473 2789 638 2862 ἀλίγῳ
665 2793 1046 2869 διηγουμένης.
1067 2803 1126 2854 ὲν
1154 2797 1236 2865 οἷς
1269 2821 1400 2875 φησι
1419 2823 1436 2838 ο
1477 2807 1561 2873 Τῷ
1601 2789 2056 2884 Ἀϐραὰμ-ἐπαγ-

475 2885 826 2957 ’χειλάμενος
842 2893 879 2944 ὁ
899 2891 1064 2959 Θεὸς,
1082 2892 1212 2948 ἐπεὶ
1234 2899 1361 2950 κατ’
1383 2897 1626 2965 οὐδενὸς
1652 2903 1777 2970 εἶχε
1791 2903 2060 2972 μείζονος

475 2975 710 3044 ὀμόσαι,
739 2980 868 3034 καθ’
895 2980 1113 3039 ἑαυτοῦ
1143 2983 1339 3055 ὤμοσε
1364 2988 1558 3058 λέγων
1577 2990 1613 3044 ἀ
1639 2993 1877 3063 εἴρηκεν.

560 3175 776 3250 Ἐπειδὴ
808 3179 986 3234 τοίνυν
1018 3183 1164 3248 εἱκὺς
1191 3186 1443 3255 ἄγνωστα
1466 3184 1603 3243 εἶναι
1629 3193 1740 3256 τοῖς
1763 3192 1974 3260 πολλοῖς
1995 3195 2064 3249 τὰ

479 3265 576 3334 τῆς
611 3270 871 3338 ἱστορίας,
904 3273 970 3326 δι’
997 3274 1197 3344 ὀλίγων
1228 3280 1386 3349 ὑμῖν,
1421 3281 1497 3344 ὡς
1535 3282 1602 3335 ἂν
1643 3277 1754 3348 οἶός
1784 3304 1842 3338 τε
1886 3281 1951 3352 ὦ,
1981 3287 2064 3342 δι-

475 3360 776 3430 ηγήσομαι.
817 3365 1111 3431 Ἀποικίζει
1131 3369 1222 3421 τὸν
1265 3370 1513 3442 Ἀϐραὰμ
1533 3372 1641 3425 τῶν
1678 3376 1894 3429 οἰκείων
1931 3395 2064 3446 συγ-

479 3446 650 3511 γενῶν
678 3466 736 3501 τε
774 3451 868 3504 καὶ
908 3452 1087 3507 τόπων
1123 3456 1210 3510 διὰ
1245 3460 1667 3530 προστάγματος
1708 3463 1737 3516 6
1777 3464 1941 3529 Θεός’
1971 3468 2066 3521 καὶ

695 3539 795 3640 τῇς
827 3541 1134 3640 ἀλλοδαπῆς
1162 3549 1191 3601 6
1223 3551 1589 3623 πατριάρχης,
1618 3555 1969 3627 ὲγκαρτερῶν
1996 3561 2063 3629 τῇ

479 3629 654 3681 ἐλπίδι
685 3631 786 3701 τῆς
818 3632 1182 3706 ὑποσχέσεως.
1221 3639 1458 3706 Βάσανος
1492 3645 1826 3714 προσάγεται
1854 3647 1932 3717 τῷ
1969 3650 2065 3702 ἀν-

478 3718 566 3790 δρὶ
598 3721 695 3790 τῆς
738 3723 868 3796 πρὸς
891 3725 982 3778 τὸν
1008 3726 1141 3781 Θεὸν
1167 3728 1534 3803 βεϐαιότητος,
1566 3736 1599 3804 ἡ
1625 3737 1817 3806 χρονία
1846 3738 1952 3791 τῶν
1978 3740 2068 3793 ὲλ-

479 3811 786 3884 πιζομένων
820 3817 1128 3887 παράτασις
1151 3836 1164 3850 °
1216 3823 1249 3891 ἠ
1293 3822 1349 3876 δὲ
1381 3825 1676 3896 ὑπόσχεσις
1703 3823 1806 3898 ἦν,
1853 3832 2066 3900 πατέρα

479 3903 666 3968 ἔθνους
701 3907 954 3974 γενέσθαι
987 3912 1078 3964 τὸν
1124 3912 1392 3986 Ἀϐραάμ.
1440 3919 1644 3988 Χρόνος
1689 3919 1840 3992 διέϐη
1879 3925 2062 3989 πολὺς.

479 3995 573 4048 καὶ
609 3998 640 4067 ἡ
675 3997 834 4065 φύσις
863 3999 922 4052 τὸ
950 4000 1083 4054 ἴδιον
1111 4002 1348 4076 ἔπασχεν
1367 4045 1381 4069 ,
1428 4008 1528 4078 ἥδη
1565 4010 1702 4080 πρὸς
1743 4011 1806 4064 τὸ
1836 4017 2065 4085 γηραιὸν

479 4086 628 4157 αὐτῷ
657 4089 754 4159 τῆς
780 4091 994 4160 ἡλικίας
1025 4094 1524 4168 ὲπικλιθείσης,καὶ
1558 4099 1636 4154 ἔτι
1671 4104 1704 4174 ἡ
1736 4103 1889 4167 ἐλπὶς
1919 4122 2064 4174 παρ⁴

479 4178 742 4233 ετείνετο’
781 4182 1000 4254 ἀπέσϐη
1032 4187 1175 4240 κατὰ
1209 4188 1268 4240 τὸ
1293 4189 1439 4251 εἰκὸς
1503 4193 1561 4243 ἐν
1590 4193 1668 4263 τῷ
1702 4195 1917 4265 γηραιῷ
1966 4197 2066 4265 τῆς

480 4269 696 4338 ἡλικίας
725 4273 872 4343 αὐτῷ
901 4292 959 4328 τε
988 4277 1082 4329 καὶ
1107 4281 1174 4349 τῇ
1209 4279 1465 4352 ὁμοζύγῳ
1491 4284 1523 4352 ἡ
1559 4285 1692 4354 πρὸς
1723 4287 2065 4340 παιδοποιίαν

486 4360 658 4449 ἰσχύς.
692 4363 804 4416 Καὶ
834 4364 990 4419 τοῦτο
1019 4368 1459 4440 ἀνεπαισχύντως
1493 4376 1526 4444 ἡ
1563 4375 1771 4447 ἱστορία
1816 4395 2065 4449 παραση-

2166 534 2336 577 carot.
2371 525 2502 578 Nam
2539 524 2584 579 si
2619 522 2861 592 potentia
2902 519 3173 575 imbecilla
3217 525 3323 583 est,
3372 515 3503 587 quid
3552 527 3635 571 est
3689 514 3745 569 id

2167 615 2312 684 quod
2347 623 2542 686 potens
2570 614 2688 670 sit?
2719 614 2856 668 Cum
2891 612 3060 684 igitur
3089 610 3327 666 Verbum
3362 609 3494 664 dicit
3525 623 3584 662 se
3634 622 3745 660 non
3787 611 3796 620 '

2168 723 2350 777 posse,
2403 707 2759 778 perspicuum
2804 711 2890 760 est
2926 719 3034 760 non
3069 703 3260 758 deitati
3318 699 3584 772 unigeniti
3623 698 3746 763 Filii

2168 799 2542 868 impotentiam
2579 799 2915 852 attribuere:
2961 795 3054 852 sed
3080 795 3508 850 imbecillitatem
3545 803 3748 847 nostra:

2168 899 2379 944 natura:
2422 890 2777 960 impotentem
2843 903 2968 944 esse
3017 888 3234 943 testari.
3285 886 3504 941 lnﬁrma
3563 894 3744 939 autem

2166 996 2296 1034 caro
2344 988 2451 1046 est,
2499 979 2960 1050 quemadmodum
3011 979 3278 1049 scriptum
3321 986 3445 1032 est:
3511 977 3744 1044 Spiritus

2164 1075 2369 1144 quidem
2418 1083 2692 1143 promptus
2722 1082 2822 1137 est,
2871 1089 2998 1127 caro
3057 1081 3234 1125 autem
3265 1072 3482 1140 infirma
3506 1070 3575 1121 “.
3602 1070 3745 1140 Ergo

2167 1181 2264 1235 per
2292 1173 2525 1236 utraque
2569 1182 2695 1221 vera
2745 1165 2878 1221 dicit
2928 1165 3114 1220 divina
3163 1162 3470 1232 Scriptura.
3516 1162 3644 1215 dum
3689 1170 3745 1217 et

2170 1257 2536 1326 tnajoritatem
2569 1259 2884 1320 conﬁtetur,
2921 1265 2975 1312 et
3005 1255 3370 1326 :equalitatem
3416 1271 3520 1308 non
3557 1259 3740 1324 negat.

2166 1345 2300 1400 Nam
2343 1347 2434 1402 ubi
2479 1346 2711 1402 Verbum
2743 1347 3036 1402 humanam
3073 1351 3283 1415 spectat
3315 1355 3586 1405 naturam,
3617 1358 3741 1396 enm

2166 1443 2260 1512 qui
2308 1457 2416 1496 non
2471 1440 2687 1496 videtur
2729 1439 2994 1508 majorem
3044 1453 3110 1492 eo
3159 1437 3293 1490 dicit
3335 1451 3455 1490 esse
3507 1436 3596 1505 qui
3646 1449 3744 1505 per

2165 1551 2389 1594 carnem
2423 1532 2712 1589 videbatur
2739 1549 2752 1584 :
2787 1528 2880 1584 sed
2912 1527 3002 1581 ubi
3033 1535 3268 1582 mentem
3305 1525 3369 1579 ad
3400 1525 3739 1580 divinitatem

2165 1631 2342 1695 ducit,
2375 1633 2558 1682 cessat
2585 1623 2703 1677 haec
2753 1620 2982 1690 majoris
3020 1627 3072 1674 et
3126 1618 3355 1672 minoris
3399 1632 3464 1670 ex
3507 1617 3742 1670 adverso

2165 1719 2418 1792 Opposita
2443 1713 2804 1786 comparatio,
2860 1719 3025 1781 atque
3055 1725 3156 1780 pro
3204 1709 3290 1762 his
3323 1707 3504 1762 unitas
3538 1706 3740 1775 praedi-

2165 1824 2343 1878 catur,
2374 1811 2485 1881 Ego
2511 1817 2560 1864 et
2594 1806 2759 1861 Pater
2805 1819 2965 1856 unum
3006 1817 3208 1864 sumus,
3249 1807 3306 1853 at
3351 1813 3414 1854 ea
3461 1813 3584 1868 quas
3642 1811 3743 1866 per

2166 1904 2598 1976 imequalitatem
2651 1895 2887 1955 variant,
2923 1908 3091 1948 unum
3142 1906 3268 1946 esse
3315 1905 3422 1945 non
3484 1898 3738 1959 possunt.

2166 1998 2366 2054 Utrum
2401 1993 2581 2050 oratio
2615 1999 2803 2044 nostra
2839 1983 3219 2055 respondendo
3262 1980 3418 2035 vobis
3448 1976 3739 2040 satisfecit,

2170 2088 2480 2146 haereticam
2508 2080 2934 2152 inaequalitatem
2964 2091 2993 2129 a
3017 2073 3240 2145 pietatis
3267 2069 3553 2127 sententiis
3573 2069 3743 2124 certis

2165 2193 2465 2250 segregans
2499 2183 2663 2244 atque
2691 2165 3030 2225 secernens?
3063 2180 3157 2228 an,
3193 2160 3650 2233 quemadmodum
3684 2159 3742 2213 iu

2163 2275 2372 2347 judicio
2401 2266 2682 2341 requiritis
2723 2277 2818 2334 per
2853 2260 3036 2331 plures
3069 2263 3240 2312 testes
3265 2251 3576 2310 conﬁrmari
3611 2266 3740 2306 ora-

2169 2342 2371 2424 tionem
2393 2365 2416 2418 ?
2437 2364 2608 2435 Igitur
2629 2353 2930 2428 permittite
2961 2348 3093 2403 mihi
3131 2355 3190 2402 ut
3221 2342 3744 2402 commemoratione

2167 2433 2564 2530 cujusdam—rei
2603 2457 2790 2523 gestat,
2818 2461 2940 2516 quae
2970 2443 3026 2497 in
3072 2439 3306 2496 historia
3344 2444 3530 2493 vetere
3563 2433 3743 2489 conti-

2167 2528 2350 2618 nctur,
2383 2548 2556 2604 libere
2601 2543 2669 2598 ad
2715 2536 3006 2594 arbitrium
3046 2548 3226 2590 meum
3261 2528 3510 2584 nonnihil
3549 2533 3745 2581 exten-

2167 2650 2290 2706 dam
2328 2656 2381 2701 et
2413 2638 2739 2711 ampliﬁeem
2789 2627 3056 2685 orationis
3100 2625 3444 2685 brevitatem,
3509 2619 3741 2672 forsitan

2168 2748 2350 2796 autem
2373 2734 2535 2790 nobis
2563 2725 2811 2784 narratio
2838 2738 2946 2776 non
2978 2720 3081 2774 erit
3123 2734 3154 2771 a
3200 2712 3482 2788 proposito
3539 2711 3738 2762 aliena.

2169 2827 2366 2882 Audite
2396 2817 2755 2890 apostolicam
2785 2811 3098 2871 lectionem,
3127 2803 3423 2859 Ahrabami
3451 2800 3741 2854 historiam

2169 2917 2359 2990 paucis
2399 2913 2784 2982 exponentem,
2831 2901 2959 2956 dum
2991 2899 3159 2954 dicit:
3199 2895 3502 2950 Abrahamo
3533 2890 3748 2960 pollici-

2170 2988 2253 3066 tus
2283 3009 2446 3072 Deus,
2487 3000 2741 3073 quoniam
2784 3010 2875 3064 per
2920 2993 3177 3048 neminem
3218 2988 3480 3046 maiorem
3537 2990 3746 3053 poterat

2086 3120 2128 3179 ε
2157 3106 2365 3176 jurare,
2394 3113 2485 3166 per
2510 3095 2737 3161 seipsum
2763 3087 2917 3156 jura!
2956 3085 3134 3138 dicens
3156 3082 3202 3113 "
3229 3095 3349 3149 qum
3372 3078 3530 3130 dixit.

2241 3189 2508 3261 Quoniam
2531 3187 2696 3256 igitur
2719 3180 3017 3238 verisimile
3041 3185 3124 3231 cst
3155 3173 3434 3242 incognita
3465 3167 3746 3240 plerisque

2167 3259 2288 3344 esse
2322 3299 2384 3340 ea
2419 3295 2540 3351 qua:
2572 3275 2818 3332 continet
2851 3270 3101 3332 historia,
3130 3265 3317 3338 paucis
3359 3262 3532 3326 vobis,
3563 3259 3744 3330 quoad

2167 3381 2286 3450 ejus
2349 3381 2565 3446 potero,
2631 3381 2923 3437 exponam.
2982 3361 3124 3417 Deus
3177 3357 3334 3428 jubet
3372 3353 3743 3409 Abraltamum

2167 3443 2366 3543 patria—
2404 3480 2502 3521 sua
2528 3503 2543 3527 ,
2597 3459 2845 3530 cognatis
2878 3465 3044 3525 atque
3107 3447 3432 3522 propinquis
3491 3443 3699 3500 relictis
3727 3484 3744 3506 .

2169 3536 2296 3616 alibi
2330 3569 2576 3629 quaerere
2600 3550 2760 3608 sedes
2785 3566 2800 3613 ;
2830 3556 2884 3604 et
2911 3555 3030 3601 erat
3060 3543 3150 3598 ille
3178 3538 3487 3612 patriarcha
3515 3536 3570 3590 in
3600 3545 3745 3589 terra

2169 3627 2584 3708 aliena—durans
2611 3644 2667 3698 in
2699 3641 2802 3696 ﬁde
2835 3634 3236 3711 promissionis.
3262 3630 3586 3687 Constantia
3621 3627 3742 3680 ﬁdei

2168 3745 2270 3800 viri
2305 3743 2569 3797 adversus
2590 3737 2760 3791 Deum
2795 3733 3053 3803 probatur
3085 3742 3180 3798 per
3207 3725 3523 3781 diuturnam
3553 3733 3748 3790 proroo

2168 3834 2440 3904 gationem
2470 3843 2657 3884 earnm
2692 3837 2898 3886 rerum,
2929 3835 3067 3892 quas
3107 3815 3360 3888 sperabat
3393 3831 3408 3879 ;
3455 3808 3746 3882 promissio

2169 3899 2350 3978 autem
2382 3928 2522 3983 erat,
2559 3917 2929 3973 Ahrabamum
2970 3919 3177 3982 patrem
3205 3915 3260 3963 et
3304 3911 3584 3959 auctorem
3631 3899 3746 3954 fore

2169 4016 2369 4088 gentis.
2398 4012 2625 4067 Multum
2674 4007 2939 4077 temporis
2989 4005 3397 4057 intercesserat.
3443 4003 3497 4049 ct
3531 3994 3642 4061 jam
3677 3990 3746 4044 ad

2170 4082 2505 4162 senectutem
2546 4107 2710 4156 aetate
2740 4097 2861 4168 ejus
2902 4094 3187 4154 inclinata,
3237 4097 3450 4145 natura:
3496 4085 3548 4138 id
3600 4082 3744 4152 quod

2171 4211 2268 4266 par
2298 4201 2383 4250 est
2410 4190 2716 4250 accidebat,
2744 4195 2909 4255 atque
2929 4184 3109 4235 adhuc
3139 4195 3266 4250 Spes
3305 4174 3744 4247 prorogalmtur:

2170 4262 2333 4341 siculi
2389 4287 2817 4336 consentaneum
2881 4290 2943 4327 ac
3006 4268 3302 4325 verisimile
3345 4274 3430 4321 cst
3485 4264 3536 4318 in
3586 4262 3744 4316 senili

2171 4387 2351 4440 :ntate,
2392 4376 2538 4427 vires
2571 4371 2640 4426 ad
2689 4363 3082 4440 procreandum
3117 4362 3317 4416 liberos
3378 4368 3492 4411 tum
3547 4355 3745 4424 ipsius.

487 4448 756 4518 μαίνεται,
809 4454 1176 4512 ἐκλελοιπέναι
1235 4461 1518 4530 φάσκουσα
1573 4464 1673 4534 τῆς
1725 4447 1942 4539 Σάρρας
1995 4447 2063 4520 τά

2169 4480 2282 4524 tum
2373 4465 2625 4536 conjugis
2686 4462 2803 4528 ejus
2879 4464 3036 4512 erant
3093 4454 3398 4509 exstinctae.
3463 4451 3641 4517 Atque
3690 4447 3747 4500 id

482 4544 785 4606 γυναικεῖα,
815 4543 882 4597 δι’
911 4539 986 4599 ὧν
1014 4547 1317 4618 ἐνεργεῖται
1360 4554 1393 4622 ή
1425 4554 1704 4626 σύλληψις.
1736 4558 1844 4610 Καὶ
1874 4558 1934 4612 τὸ
1964 4558 2064 4628 μὲν

485 4632 646 4702 σῶμα
712 4638 778 4706 τῇ
818 4636 976 4705 φύσει
1029 4641 1270 4711 ὑπήκουε
1327 4645 1428 4714 τῆς
1474 4647 1726 4718 νεότητος
1777 4651 2065 4704 ὑπαναλω·

485 4722 670 4794 θείσης
712 4727 806 4779 καὶ
832 4727 910 4798 τῷ
942 4731 1087 4802 γήρᾳ
1120 4733 1433 4803 ἐκάμπτετο
1452 4777 1466 4801 ,
1497 4739 1530 4807 ή
1558 4738 1614 4791 δὲ
1649 4741 1786 4811 πρὸς
1809 4741 1901 4793 τὸν
1931 4743 2063 4795 Θεὸν

483 4814 638 4878 ἐλπὶς
676 4817 898 4888 ἀγήρως
925 4837 1010 4884 τις
1037 4819 1105 4892 ἦν
1142 4825 1200 4877 ἐν
1233 4827 1416 4891 αὐτοῖς
1453 4830 1548 4881 καὶ
1573 4831 1932 4899 ἀκμάζουσα.
1975 4835 2063 4887 Ἐν

484 4904 659 4975 τούτῳ
683 4906 926 4962 τίκτεται
949 4911 1132 4975 αὐτοῖς
1151 4915 1180 4966 6
1217 4915 1399 4970 Ἰσαὰκ
1420 4917 1506 4971 ἵνα
1532 4923 1673 4992 φανῇ
1703 4922 1824 4992 οὐχὶ
1851 4923 2067 4991 φύσεως

483 4996 644 5066 ἔργον
665 4998 694 5049 6
718 4999 893 5062 τόκος,
909 5001 1043 5055 ἀλλά
1069 5002 1217 5067 θείας
1240 5005 1518 5076 δυνάμεως
1538 5011 1901 5082 ἀποτέλεσμα.
1940 5014 2066 5084 Ἐμ-
2115 4998 2118 5000 Ὺ

485 5094 802 5161 περιχαρεῖς
851 5087 1011 5162 ἦσαν,
1061 5094 1136 5158 ὡς
1185 5096 1359 5162 εἰκὸς,
1397 5103 1463 5169 τῇ
1521 5101 1614 5154 τοῦ
1667 5103 1800 5154 θεοῦ
1851 5105 2063 5174 δωρεᾷ·

483 5181 755 5250 ἁνήὸησεν
785 5184 967 5247 αὐτοῖς
1005 5185 1090 5239 διά
1128 5187 1222 5240 τοῦ
1260 5190 1448 5253 παιδὸς
1482 5192 1642 5245 πάλιν
1681 5196 1713 5263 ἡ
1754 5194 1935 5257 πολιά,
1967 5194 2062 5247 δα-

482 5273 656 5340 ψιλεῖς
685 5277 740 5326 αί
772 5275 866 5328 τοῦ
900 5276 1169 5345 γάλακτος
1200 5280 1375 5349 πηγαὶ
1404 5284 1468 5352 τῇ
1502 5285 1765 5356 παρήλικι
1797 5285 1930 5356 πρὸς
1965 5287 2062 5355 τὴν

484 5363 668 5433 χρείαν
697 5367 1083 5439 ἐπιρρέουσαι·
1115 5373 1333 5441 ἐπεῖχεν
1373 5373 1405 5442 ή
1438 5381 1781 5445 γεγηρακυῖα
1810 5377 1886 5448 τῷ
1917 5377 2064 5432 παιδὶ

486 5455 583 5524 τὴν
605 5456 771 5526 θηλὴν
797 5459 902 5529 πλη
913 5462 1249 5532 μμυροῦσαν.
1293 5465 1658 5536 Ἑπηγάλλετο
1683 5469 1759 5538 τῷ
1785 5471 1934 5540 παρᾶ
1960 5470 2063 5539 φύσ-

491 5561 572 5597 σιν
596 5546 831 5614 θαύματι
862 5551 1115 5620 λέγουσαο
1152 5555 1247 5621 Τίς
1277 5556 1416 5624 εἴπῃ
1452 5556 1530 5621 τῷ
1576 5559 1818 5630 Ἀϐραὰμ
1846 5560 1931 5615 ὅτι
1963 5565 2064 5628 θη·

564 5701 612 5734 ³⁸
634 5702 822 5759 Matth.
859 5723 1008 5771 xxvi,
1041 5709 1125 5763 tl.
1207 5712 1248 5741 ³⁸
1293 5709 1451 5767 Hebr.
1486 5728 1566 5779 vt,
1619 5713 1698 5767 15.

2171 4566 2352 4614 amoto
2380 4557 2588 4629 pudore
2639 4553 2864 4608 historia
2901 4546 3190 4618 signiﬁcat,
3225 4543 3354 4597 dum
3383 4541 3518 4596 dicit
3551 4538 3744 4592 desiis-

2171 4670 2229 4707 sc
2294 4628 2445 4704 Sara:
2503 4647 2619 4701 ﬁeri
2671 4641 2959 4698 muliebria
3012 4653 3109 4709 per
3138 4652 3262 4707 qua:
3312 4633 3598 4702 conceptio
3644 4628 3742 4683 ﬁt:

2171 4762 2234 4798 ac
2263 4758 2468 4812 corpus
2495 4739 2713 4810 quidem
2749 4741 3074 4803 consumpta
3100 4729 3329 4802 juvenili
3355 4735 3514 4782 aetate
3535 4731 3746 4778 naturae

2173 4834 2398 4905 parebat
2429 4849 2493 4886 ac
2524 4836 2808 4887 senectute
2839 4824 3251 4885 incurvahatur,
3281 4819 3375 4874 sed
3410 4831 3541 4886 erga
3573 4815 3741 4868 Deum

2171 4904 2298 4995 spes
2331 4922 2487 4992 quasi
2522 4919 2821 4976 senectutis
2845 4930 3042 4986 expers
3079 4914 3133 4967 in
3179 4912 3261 4966 eis
3290 4909 3530 4977 vigebat.
3574 4904 3748 4957 lntcr-
3807 4968 3814 4986 ι

2169 5031 2232 5068 ea
2271 5013 2517 5067 nascitur
2545 5009 2625 5064 eis
2658 5008 2841 5070 isaae,
2877 5016 2934 5059 nt
2981 5005 3097 5073 ipse
3152 5008 3342 5072 partus
3377 5012 3488 5051 non
3535 5002 3750 5048 natur-ae
3810 4998 3814 5002 ’

2169 5118 2326 5172 opus,
2358 5101 2452 5157 sed
2483 5101 2709 5156 ell'cctus
2732 5098 2930 5150 divina:
2966 5092 3225 5164 putentia:
3249 5087 3552 5142 videretur.
3591 5083 3746 5136 Dono
3811 5086 3823 5102 '

2171 5195 2262 5249 Dci
2304 5194 2598 5249 admodum
2630 5191 2734 5247 laeti
2765 5197 2942 5251 erant,
2977 5196 3036 5240 nt
3073 5201 3171 5256 par
3201 5193 3322 5239 est:
3373 5184 3497 5235 cani
3556 5193 3746 5233 eorum

2170 5303 2265 5357 per
2299 5284 2465 5338 ﬁlium
2503 5299 2695 5338 rursus
2723 5281 2879 5351 quasi
2910 5278 3283 5333 reﬁorucrant.
3319 5272 3540 5342 largiter
3586 5268 3747 5323 lactis
3809 5289 3816 5296 -

2171 5376 2536 5446 scaturigines
2568 5375 2635 5427 ad
2681 5388 2838 5427 usum
2891 5370 3184 5436 decrepita:
3229 5366 3562 5420 aliiuebaut:
3624 5373 3747 5432 qua}

2171 5469 2325 5524 senio
2355 5467 2606 5522 conlecta
2657 5476 2798 5528 erat,
2834 5464 2974 5518 lacte
3021 5459 3390 5516 abundantem
3450 5466 3743 5508 mammam

2175 5563 2287 5617 tilio
2319 5559 2662 5615 admovebat.
2696 5555 3004 5611 Lmtabatur
3043 5562 3094 5609 ct
3135 5549 3440 5612 exsultabat
3476 5541 3743 5601 miraculo
