4154 6354
380 182 482 240 567
1581 188 1641 244 S.
1678 183 2016 244 GREGORIL
2044 186 2339 248 NYSSEM
3525 192 3637 250 598

380 302 526 373 quod
558 303 831 358 acciderat
863 312 1060 376 praeter
1092 314 1369 374 naturam,
1417 307 1608 363 dicens
1636 326 1650 363 :
1685 309 1816 375 Quis
1869 309 1952 363 di—

2080 312 2213 374 ldi‘et
2244 312 2459 375 τέκνον
2507 313 2545 381 ἡ
2599 314 2845 385 Σὰῤῥαῖ
2867 310 2999 368 Εἶτα
3040 314 3298 387 ήδρύνετο
3349 314 3408 367 τὸ
3441 313 3636 383 νήπιον

380 403 542 456 πίστει
574 399 876 457 ΑὺναΙιαηιο
928 398 1119 455 Suram
1163 400 1335 470 ﬁlium
1383 400 1584 455 lactare
1607 401 1698 456 '°?
1753 400 1955 457 Deinde

2080 406 2176 459 ιατ⁹
2200 405 2399 474 ὀλίγον,
2426 406 2520 463 καὶ
2550 407 2631 470 εἰς
2657 408 2757 477 τὴν
2784 405 2892 460 τῶν
2920 406 3221 477 μειρακίων
3247 405 3464 477 ἠλικίαν
3490 406 3636 475 ἐτρε-

383 493 566 548 infans
599 491 824 563 grandis
869 491 1157 553 evadebat,
1208 498 1263 545 et
1302 492 1368 545 ad
1410 492 1947 548 adulescentulorum

2080 514 2173 565 ξεν,
2212 497 2304 555 καὶ
2332 495 2432 568 ἤδη
2465 500 2595 560 παῖ-ς
2622 492 2689 568 ἦν
2724 499 2782 551 ὲν
2812 496 2963 551 ἄνθει
2991 499 3092 569 τῆς
3123 495 3359 567 ἡλικίας,
3386 498 3444 549 ἐν
3479 497 3632 566 ἀκμῇ

383 584 643 647 tendebat
670 592 905 644 atatem.
942 597 1007 639 ac
1034 582 1147 652 iam
1182 596 1317 652 puer
1358 591 1477 637 erat
1502 582 1560 637 in
1592 582 1728 649 ﬂore
1753 582 1953 647 aetatis,

388 680 444 735 in
475 690 692 733 summo
716 673 1144 746 pulchritudinis
1176 676 1379 746 vigore,
1422 674 1732 744 iucundum
1764 689 1959 747 paren-

386 775 535 830 tibus
598 770 970 841 spectaculum
1031 766 1437 839 pulchritudine
1502 766 1831 838 proticiens,
1890 766 1959 825 ad

390 880 666 927 summum
704 860 1060 934 progrediens
1104 861 1283 915 aetatis
1319 860 1562 932 vigorem
1587 901 1602 926 ,
1660 875 1770 915 una
1832 874 1959 914 cum

391 957 640 1031 corporis
692 952 1094 1027 pulchritudine
1130 952 1360 1007 virtutes
1408 967 1634 1021 augens.
1679 949 1963 1017 Quomodo

390 1057 615 1122 propter
640 1062 764 1104 eum
797 1044 1022 1101 al'l‘cctos
1053 1042 1226 1100 fuisse
1256 1053 1511 1113 parentes
1540 1042 1835 1099 verisimile
1863 1042 1958 1106 sit,

391 1157 490 1197 vos
540 1154 653 1196 rem
718 1136 1145 1210 cogitationibus
1194 1135 1496 1205 subiectam
1556 1136 1699 1190 intra
1756 1135 1960 1206 vosipsi

392 1230 711 1305 perpendite
739 1237 901 1300 atque
934 1226 1210 1298 iudicate:
1266 1234 1327 1279 nt
1373 1225 1644 1281 alliciatur
1674 1234 1828 1296 pater
1880 1226 1963 1281 ln-

394 1325 612 1379 dentem
644 1322 836 1377 videns
866 1319 1059 1384 ﬁlium,
1106 1326 1161 1374 et
1197 1319 1488 1390 palaestrae,
1525 1318 1750 1385 litteris,
1795 1317 1971 1374 disci-

392 1414 582 1489 plinis,
626 1411 1051 1484 iucundissimis
1093 1410 1386 1482 mqualium
1440 1410 1675 1471 coetibus
1739 1425 1962 1481 operam

395 1503 665 1560 dantem?
710 1503 919 1557 Interea
969 1503 1285 1572 exploratur
1316 1510 1481 1572 atque
1527 1503 1833 1574 periculum
1883 1502 1977 1570 fit,

397 1601 579 1647 utrum
629 1591 910 1647 dilectioni
962 1605 1097 1662 erga
1141 1589 1312 1645 Deum
1351 1578 1661 1662 patriarcha
1697 1592 1821 1662 plus
1872 1594 1969 1647 tri-

2056 589 2156 660 τῆς
2185 588 2354 659 ὥρας,
2385 589 2556 657 γλυκὺ
2586 588 2764 659 θέαμα
2781 589 2895 650 rei;
2923 588 3362 660 γεννησαμένοις,
3380 590 3459 652 είς
3487 587 3637 656 ὥραν

2060 680 2346 745 ἐπιδιδοὺς,
2379 682 2461 744 εἰς
2501 681 2687 756 ἀκμὴν
2724 681 2961 754 προῖὼν,
2983 681 3082 745 τὰς
3114 681 3213 751 τῆς
3236 679 3413 751 ψυχῆς
3436 677 3647 749 ἀρετὰς

2063 772 2341 839 συναύξων
2366 773 2445 845 τῷ
2472 773 2656 831 κάλλει
2678 777 2774 829 τοῦ
2801 775 3074 846 σώματος.
3105 773 3292 835 Ὅπως
3317 772 3467 842 ἔχειν
3492 772 3639 834 είκδς

2061 864 2147 917 ἐπ’
2193 864 2342 935 αὐτῷ
2381 866 2507 929 τοὺς
2553 867 2942 936 γεννήσαντας,
2976 865 3132 935 ὑμεῖς
3169 863 3229 916 τὸ
3261 864 3490 934 πρᾶγμα
3527 863 3638 924 τοῖς

2062 956 2340 1027 λογισμοῖς
2393 956 2702 1022 ὑποθέντες,
2754 958 2816 1014 ὲν
2865 957 3081 1019 ἑαυτοῖς
3126 954 3437 1019 ἐξετάσατεο
3491 952 3639 1013 ὅπως

2062 1047 2354 1100 διατίθεται
2396 1049 2580 1118 πατὴρ
2610 1047 2872 1112 παίζοντα
2917 1046 3127 1118 βλέπων
3163 1045 3299 1109 υἱὸν,
3350 1044 3443 1097 καὶ
3476 1059 3642 1095 σπουο

2062 1138 2290 1203 δάζοντα
2321 1139 2379 1192 ὲν
2403 1138 2784 1212 παλαίστραις,
2828 1142 2886 1195 ὲν
2924 1139 3187 1201 παιδιαῖς,
3219 1137 3277 1191 ὲν
3321 1135 3641 1206 μαθήμασιν

2064 1229 2099 1301 ἢ
2142 1231 2200 1283 ὲν
2238 1232 2355 1296 ταῖς
2387 1230 2629 1301 ἡδίσταις
2664 1230 2773 1285 τῶν
2818 1229 3127 1301 ἡλικιωτῶν
3170 1227 3500 1289 συνουσίαις.
3553 1224 3643 1276 Ἐν

2064 1322 2273 1387 τούτοις
2301 1325 2465 1394 πεῖρα
2509 1323 2842 1395 προσάγεται
2873 1322 2951 1394 τῷ
2983 1321 3296 1394 πατριάρχῃ
3341 1319 3435 1373 καὶ
3478 1317 3644 1387 βᾶσα-

2065 1430 2175 1478 νος,
2207 1413 2399 1469 τίνυτδ
2427 1412 2588 1469 τὰέον
2616 1414 2790 1486 νέμει,
2818 1416 2886 1486 τῇ
2915 1414 3051 1487 πρὸς
3084 1413 3176 1467 τδν
3204 1411 3337 1465 Θεὸν
3361 1410 3570 1481 ἀγάπῃ,
3605 1407 3640 1478 ἢ

2066 1511 2134 1580 τῇ
2163 1509 2291 1580 περὶ
2316 1508 2416 1580 τὴν
2441 1508 2602 1579 φύσιν
2629 1511 2791 1583 ῥοπῇ.
2822 1510 3035 1582 Φρίττω
3064 1509 3264 1582 μεταξὺ
3294 1506 3646 1577 διηγούμενος

2068 1599 2131 1652 τὸ
2158 1599 2256 1671 τῆς
2294 1598 2488 1671 πείρας
2519 1599 2814 1672 ἀπότομον.
2850 1599 3195 1672 Χ-ρηματίζει
3234 1599 3393 1654 πάλιν
3433 1601 3462 1653 ὁ
3491 1597 3644 1660 Θεδς,

396 1685 616 1750 bueret,
664 1699 734 1738 an
769 1682 1122 1756 propensioui
1184 1697 1313 1754 erga
1364 1688 1639 1745 naturam.
1697 1681 1969 1740 Horresco

2080 1688 2164 1755 καὶ
2197 1662 2584 1761 προσκάλείται
2612 1662 2708 1744 τὸν
2741 1662 2915 1747 αὑτὸν·
2931 1662 2992 1756 ἐξ
3026 1662 3287 1760 ὀνόματος
3311 1706 3324 1719 ·
3357 1690 3384 1742 ὁ
3419 1688 3483 1742 δὲ’
3511 1704 3653 1758 προ-

397 1779 527 1831 dum
557 1790 772 1849 expono
800 1775 1123 1831 tentationis
1158 1774 1557 1831 vehementiam
1595 1784 1759 1844 atque
1819 1776 1968 1845 peri-

398 1866 508 1921 culi
539 1865 902 1920 atrocitatem.
930 1862 1076 1920 Deus
1105 1879 1301 1920 rursus
1334 1863 1668 1934 colloquitur
1691 1879 1817 1919 cum
1850 1866 1966 1933 illo,

400 1973 464 2013 ac
511 1956 830 2012 nominatim
867 1955 1102 2026 appellat
1144 1954 1441 2023 eumdem;
1491 1963 1656 2025 atque
1693 1955 1784 2011 ille
1819 1956 1975 2012 haud

2073 1778 2261 1850 θύμως
2315 1780 2582 1835 ὑπακούει
2622 1784 2690 1854 τῇ
2729 1782 2942 1854 κλήσει,
2988 1783 3047 1848 ἐξ
3088 1775 3163 1836 ὧν
3210 1781 3310 1851 ἢδη
3359 1780 3649 1850 τετυχήκει

2073 1868 2289 1933 πάντως
2340 1870 2659 1943 προσθήκην
2703 1872 2963 1944 δευτέρας
2998 1873 3220 1944 χάριτος
3272 1870 3647 1941 ἐκδεχόμενος.

2087 1959 2246 2015 Ἀλλὰ
2273 1961 2334 2015 τὸ
2363 1962 2664 2041 ἐπίταγμα.
2695 1964 2779 2032 τί;

400 2058 722 2105 cunctanter
748 2050 896 2104 dicto
936 2049 1166 2105 audiens
1218 2036 1585 2114 est'vocanti,
1633 2064 1697 2104 ex
1747 2049 1816 2106 iis
1875 2066 1996 2122 quae
2028 2051 2143 2123 iam
2198 2067 2533 2121 consecutus
2576 2036 2719 2122 “em,
2767 2056 2995 2115 secundi
3039 2057 3171 2117 doni
3220 2055 3661 2112 additamentum

401 2157 626 2223 prorsus
663 2148 1008 2213 exspectans.
1043 2138 1148 2195 Sed
1180 2140 1423 2210 iubetur,
1446 2139 1622 2211 quid?

474 2238 662 2308 Accipe
691 2238 840 2305 mihi,
876 2236 1075 2308 inquit,
1098 2236 1272 2306 ﬁlium
1308 2244 1452 2289 tuum
1475 2235 1542 2290 "’.
1579 2233 1833 2291 Nondum
1867 2233 1975 2290 for-

401 2341 549 2396 tasse
582 2347 678 2387 cor
715 2331 887 2403 patris
918 2329 1094 2385 oratio
1126 2328 1403 2400 percutit:
1434 2327 1596 2399 plane
1641 2325 1788 2382 enim
1824 2325 1977 2398 eius-

402 2423 548 2478 modi
585 2422 711 2493 quid
736 2421 1072 2492 suspicatur,
1100 2419 1361 2477 nimirum
1392 2418 1539 2489 quod
1565 2418 1772 2489 nuptiis
1804 2416 1975 2473 illium

403 2515 664 2586 copulare
684 2514 947 2585 iussurus
974 2519 1126 2569 esset
1141 2520 1193 2567 et
1218 2511 1625 2567 matrimonium
1645 2511 1974 2575 accelerare,

406 2616 465 2661 ut
496 2614 749 2662 eventum
778 2605 1070 2663 sortiretur
1098 2601 1421 2659 benedictio
1440 2617 1609 2674 super
1640 2601 1851 2660 semine
1895 2600 1979 2657 fa-

410 2709 518 2755 cta.
549 2698 657 2755 Sed
688 2698 972 2757 videamus
997 2697 1128 2768 quid
1158 2697 1447 2766 adiiciatur
1479 2695 1715 2751 orationi
1740 2714 1754 2751 :
1791 2694 1978 2764 Accipe

408 2793 557 2857 mihi,
596 2792 794 2863 inquit,
847 2791 1027 2860 [ilium
1079 2799 1226 2843 tuum
1260 2790 1418 2853 istum
1468 2788 1761 2853 dilectum,
1809 2788 1974 2843 istum

408 2885 758 2955 unigenitum.
801 2882 939 2941 Vide
973 2882 1224 2943 stimulos
1278 2881 1569 2945 orationis,
1618 2880 1976 2953 quemadmo-

2142 2241 2297 2301 Λάϐε
2342 2258 2469 2310 μοι,
2508 2240 2673 2311 φησι,
2705 2239 2815 2294 τὸν
2853 2240 2988 2295 υιόν
3029 2255 3167 2296 σου.
3220 2238 3385 2295 Οὔπω
3426 2239 3655 2312 πλήσσει

2071 2331 2211 2403 τάχα
2241 2332 2335 2386 τοῦ
2367 2331 2572 2403 πατρὸς
2603 2330 2702 2403 τὴν
2737 2330 2963 2403 καρδίαν
2995 2332 3024 2384 ὁ
3064 2331 3251 2400 λόγος’
3289 2331 3507 2395 πάντως
3547 2331 3657 2400 γάρ

2070 2421 2310 2478 τοιοῦτον
2356 2421 2771 2492 ὑπολογίζεται,
2814 2423 2897 2476 ὅτι
2945 2422 3110 2494 γάμῳ
3158 2421 3495 2493 συναρμόσαι
3534 2421 3655 2475 δια-

2072 2513 2354 2581 κελεύεται
2381 2513 2476 2566 καὶ
2503 2512 2829 2569 ἐπισπεῦσαι
2855 2512 2947 2567 τὸν
2971 2512 3337 2583 θάλαμον,.ὼς
3361 2511 3428 2565 ἂν
3453 2513 3533 2576 είς
3565 2512 3658 2565 πέ-

2081 2622 2180 2677 ρας
2209 2604 2351 2659 ἔλθοι
2374 2607 2407 2677 ὴ
2430 2606 2521 2661 ἐπὶ
2546 2604 2639 2660 τοῦ
2666 2605 2982 2677 σπέρματος
3010 2604 3249 2674 εὐλογία.
3288 2603 3426 2657 Ἀλλ’
3458 2604 3661 2674 ίδωμεν

2077 2696 2174 2770 τὴν
2207 2697 2522 2770 προσθήκην
2546 2697 2640 2753 τοῦ
2665 2697 2846 2766 λόγου·
2876 2696 3033 2753 Λάϐε
3053 2714 3175 2767 μοι,
3208 2713 3361 2769 φησι,
3388 2695 3497 2751 τὸν
3522 2696 3658 2751 υἱόν

2078 2805 2196 2846 σου
2219 2791 2326 2845 τὸν
2357 2789 2688 2860 ἀγαπητὸν,
2713 2790 2817 2847 τὸν
2837 2787 3156 2860 μονογενῆ.
3193 2787 3427 2860 Ὅρατὰ
3456 2789 3657 2861 κέντρα

2075 2881 2170 2935 τοῦ
2195 2881 2376 2950 λόγου,
2399 2879 2516 2946 πῶς
2543 2882 2723 2937 κεντεῖ
2746 2879 2840 2936 τοῦ
2862 2879 3066 2952 πατρὸς
3084 2879 3155 2934 τὰ
3176 2880 3456 2951 σπλάγχνα
3479 2897 3494 2913 ·
3543 2880 3671 2944 πῶς

409 2981 539 3033 dum
581 2984 789 3048 pungat
830 2976 1043 3031 viscera
1093 2972 1285 3045 patris.
1334 2970 1406 3031 Ut
1458 2973 1642 3028 eliciat
1703 2970 1976 3026 ﬂammam

2081 2971 2427 3046 ἁναρῤιπίζει
2457 2973 2556 3044 τὴν
2597 2972 2696 3043 τῆς
2740 2971 2956 3042 φύσεως
2994 2970 3196 3040 φλόγα⁶
3234 2970 3351 3034 πῶς
3390 2970 3660 3041 ἀνεγείρει

406 3077 659 3135 naturae;
694 3076 753 3122 ut
805 3065 1014 3123 excitet
1048 3063 1363 3119 incendium
1417 3062 1660 3127 amoris,
1713 3071 1769 3116 et
1808 3062 1977 3117 lilium

408 3162 669 3219 dilectum
700 3168 753 3214 et
783 3157 1121 3228 unigenitum
1167 3170 1416 3222 vocans;
1456 3161 1514 3209 ut
1561 3169 1657 3225 per
1707 3153 1981 3223 eiusmodi

408 3250 629 3307 nomina
653 3247 1034 3305 eﬂ'ervesceret
1060 3258 1187 3315 erga
1236 3258 1360 3298 eum
1401 3242 1607 3298 amoris
1648 3242 1750 3297 vis.
1786 3240 1853 3295 Et
1889 3241 1981 3296 ubi

409 3355 688 3411 accepero,
731 3337 862 3408 quid
894 3334 1311 3406 faciam?'0ﬂ‘er
1338 3335 1486 3400 mihi,
1526 3334 1721 3405 inquit.
1767 3333 1849 3387 An
1896 3348 1984 3388 sa-

409 3431 686 3489 cerdotem
711 3428 1046 3493 constituere
1073 3426 1256 3497 iubes,
1305 3441 1467 3496 quem
1491 3424 1688 3504 oﬂerre
1721 3425 1991 3497 praecepi-

414 3521 532 3576 sti?
566 3520 685 3578 Non
734 3518 1109 3583 sacerdotem,
1151 3518 1258 3574 sed-
1300 3518 1546 3574 hostiam
1577 3526 1643 3573 et
1684 3518 1981 3584 victimam,

412 3629 535 3686 quae
566 3628 661 3683 per
715 3609 1045 3668 sacriﬁcium
1098 3609 1206 3681 igni
1267 3617 1381 3663 tota
1441 3610 1784 3665 absumatur.
1838 3608 1985 3680 Oﬂ'er

413 3705 566 3767 mihi,
594 3702 801 3772 inquit,
833 3703 890 3755 in
936 3700 1264 3769 sacrificium
1315 3699 1615 3753 holocausti
1677 3701 1743 3753 in-
1788 3709 1983 3764 monte,

412 3811 769 3869 quemcunque
795 3795 890 3848 tibi
919 3801 1304 3848 monstravere.
1332 3790 1620 3858 Quomodo
1643 3790 1819 3847 aﬂ‘ecti
1851 3792 1986 3847 estis

413 3889 783 3943 narrationem
825 3883 1134 3945 audientes,
1166 3883 1481 3954 quicunque
1528 3892 1713 3954 patres
1750 3882 1886 3942 estis
1932 3891 1988 3939 et

348 4022 355 4027 .
415 3979 621 4034 amoris
650 3992 778 4049 erga
809 3976 1011 4030 liberos
1057 3973 1402 4029 aﬂ'ectionem
1453 3974 1522 4035 ab
1570 3983 1769 4031 natura
1822 3989 1985 4031 acce-

415 4078 562 4142 ptam
610 4067 876 4124 habetis?
924 4064 1114 4122 Nostis
1165 4065 1329 4136 plane
1383 4075 1443 4120 ut
1500 4066 1775 4137 accipiant
1827 4081 1988 4123 aures

416 4173 653 4236 paternre
698 4160 967 4233 unigeniti
999 4157 1093 4213 lilii
1120 4156 1530 4213 mactatiuuem.
1565 4156 1702 4225 Quis
1745 4172 1859 4212 non
1891 4158 1989 4212 ob-

2081 3066 2143 3120 τὸ
2169 3065 2407 3137 φίλτρον,
2439 3065 2535 3124 καὶ
2562 3064 2676 3121 υἱὸν
2702 3064 2983 3137 ἀγαπητὸν
3012 3063 3107 3127 καὶ
3150 3062 3410 3135 μονογενῆ
3441 3062 3654 3117 καλῶν.-

2081 3156 2155 3220 ὡς
2182 3157 2253 3210 ἂν
2269 3155 2356 3210 διὰ
2383 3155 2490 3216 τῶν
2519 3154 2776 3213 τοιούτων
2795 3154 3070 3225 ὀνομάτων
3109 3153 3168 3211 τὸ
3192 3152 3408 3225 φίλτρον
3440 3153 3499 3207 τὸ
3523 3152 3661 3224 πρὸς

2084 3250 2244 3304 αὑτὸν
2266 3248 2600 3314 ὰναζέσειεν.
2630 3242 2761 3301 Εἶτα
2790 3245 2971 3309 λαϐὼν
2995 3246 3049 3301 τί
3076 3246 3320 3317 ποιήσαις
3362 3243 3664 3316 Ἀνένεγκέ

2079 3360 2204 3413 μοι,
2240 3340 2392 3413 φησί.
2433 3342 2525 3413 Μὴ
2574 3340 2723 3412 ἱερέα
2767 3341 3103 3411 καταστῆσαι
3134 3338 3376 3402 κελεύεις
3404 3378 3420 3406 ,
3461 3337 3522 3391 ὃν
3563 3339 3662 3391 ἁν-

2085 3434 2330 3504 ενεγκεῑν
2360 3430 2694 3503 προσέταξας
2719 3447 2748 3498 ς
2773 3430 2885 3500 Οὐχ
2914 3429 3084 3500 ἱερέα,
3116 3427 3256 3489 ἀλλὰ
3286 3426 3434 3499 θῦμα
3461 3425 3556 3480 καὶ
3594 3428 3669 3481 ἱει-

2088 3527 2229 3597 ρείον
2276 3522 2365 3581 διὰ
2404 3521 2594 3586 θυσίας
2648 3520 3110 3593 ὁλοκαυτούμενον
3128 3561 3142 3575 .
3195 3519 3510 3591 Ἀνένετκέ
3543 3535 3679 3589 μοι,

2088 3613 2274 3687 φησιν,
2294 3615 2383 3680 είς
2421 3611 2842 3682 ὁλοκάρπωσιν
2865 3610 2964 3665 ἐπὶ
2990 3609 3098 3671 τοῦ
3122 3610 3320 3679 ὅρους,
3348 3606 3420 3666 οὗ
3446 3609 3555 3663 ἐάν
3572 3624 3683 3663 σοι-

2087 3707 2285 3772 δείεω.
2312 3707 2378 3759 Τί
2410 3704 2713 3760 πεπόνθατε
2738 3701 3032 3766 ἀκούοντες
3054 3701 3149 3765 τοῦ
3173 3701 3529 3773 διηγήματος,
3557 3700 3679 3752 ὅσοι»

2089 3799 2325 3871 πατέρες
2367 3797 2510 3863 ἐστὲ,
2547 3797 2640 3855 καὶ
2680 3797 2780 3867 τὴν
2829 3796 2966 3869 πρὸς
3010 3796 3138 3859 τοὺς
3190 3793 3387 3857 παῖδας
3441 3790 3673 3863 στοργὴν

2091 3890 2240 3963 παρὰ
2268 3891 2368 3961 τῆς
2399 3888 2614 3960 φύσεως
2652 3888 3012 3960 ὲδιδάχθητες
3044 3886 3242 3949 Οἴδατε
3280 3886 3497 3949 πάντως
3526 3884 3674 3946 ὅπως

2087 3981 2303 4053 δέχεται
2335 3981 2543 4053 πατρὸς
2565 3979 2704 4052 άκοὴ
2742 3979 3064 4051 μονογενοῦς
3094 3979 3287 4034 τέκνου
3319 3978 3553 4049 σφαγήν.
3582 3974 3677 4028 Τί-

2088 4089 2178 4136 νος
2217 4072 2318 4129 οὐκ
2361 4066 2431 4142 ἧν
2476 4071 2898 4143 καταπλαγῆναι
2946 4073 3085 4144 πρὸς
3130 4072 3228 4143 τὴν
3273 4071 3490 4141 φωνήν;
3540 4069 3681 4122 ἀπο*

2092 4163 2327 4233 στρέψαι
2366 4162 2465 4234 τὴν
2510 4163 2722 4235 άκοήν;
2770 4161 3145 4225 ἐναποθανεῖν,
3168 4161 3246 4234 τῷ
3293 4160 3673 4233 προστάγματι

419 4255 719 4326 stupuisset
764 4261 819 4309 et
856 4251 1125 4307 attonitus
1172 4248 1371 4304 fuisset
1426 4247 1495 4303 ad
1560 4249 1704 4304 hanc
1754 4248 1979 4313 vocemi

2096 4255 2292 4327 μᾶλλον
2315 4256 2352 4333 ἢ
2382 4258 2450 4331 τῇ
2478 4255 2680 4328 καρδίᾳ
2705 4255 2798 4311 τὸν
2823 4255 2979 4325 λόγον
3007 4254 3301 4321 ﬁatﬁat;
3329 4252 3448 4309 Οὐκ
3476 4252 3543 4306 ἂν
3572 4250 3683 4305 ἐδι-

417 4347 551 4423 Quis
580 4360 742 4403 aures
776 4360 886 4400 non
915 4340 1248 4398 avertisset?
1274 4341 1494 4407 Quisin
1520 4340 1681 4412 iusso
1707 4341 1979 4411 accipien«

2095 4327 2590 4419 mzoloyﬁoqnpb;
2627 4343 2812 4409 αὐτὸν,
2860 4343 3029 4415 αὐτὴν
3057 4343 3155 4414 τὴν
3187 4342 3348 4413 φύσιν
3383 4343 3676 4412 συνήγορον

417 4444 489 4507 do
518 4441 701 4517 potius
729 4444 1014 4495 emortuus
1036 4452 1144 4494 non
1178 4443 1347 4503 esset,
1375 4449 1539 4505 quam
1573 4434 1629 4488 in
1665 4447 1761 4488 cor
1789 4430 2013 4497 admit-'

418 4540 558 4587 teret
589 4528 936 4586 orationem?
962 4529 1045 4583 An
1079 4543 1190 4583 non
1220 4525 1419 4582 merito
1468 4540 1533 4579 ac
1582 4524 1708 4595 iure
1750 4537 1879 4578 cum
1925 4538 1992 4579 eo

417 4620 860 4693 expostulasset,
912 4619 1087 4688 ipsam
1125 4625 1377 4672 naturam
1427 4630 1529 4686 pro
1590 4630 1651 4671 se
1698 4621 1990 4686 patronam

418 4727 701 4786 opponens
722 4752 738 4776 ,
766 4727 831 4769 ac
858 4711 1107 4777 dixisset,
1147 4707 1259 4765 Cur
1308 4709 1424 4764 ham
1456 4748 1471 4773 ,
1499 4708 1748 4774 Domine,
1775 4707 1939 4777 iubes
1963 4707 1989 4763 ‘3

421 4808 699 4863 idcircone
735 4812 944 4875 patrem
977 4802 1178 4875 fecisti,
1215 4809 1276 4856 ut
1307 4799 1403 4855 ﬁlii
1447 4814 1830 4870 percussorem
1865 4799 1992 4854 red—

420 4899 581 4955 dcres
602 4897 625 4951 ?
652 4896 930 4952 idcircone
951 4907 1037 4950 me
1059 4891 1225 4963 huius
1245 4889 1374 4947 doni
1397 4889 1745 4946 dulcedinem
1767 4896 1992 4959 gustare

422 4989 633 5054 fecisti,
683 4994 745 5043 ut
796 4983 999 5039 mundo
1077 4981 1317 5037 fabulam
1371 4994 1457 5034 me
1510 4977 1796 5035 elliceres?
1858 4974 1996 5031 Meis

424 5082 595 5153 ipsius
624 5079 878 5133 manibus
913 5076 1083 5131 ﬁlium
1115 5071 1430 5136 trucidabo,
1454 5078 1508 5126 et
1538 5079 1829 5141 cognatum
1863 5082 1994 5123 san-

425 5173 642 5243 guinem
682 5169 780 5224 tibi
813 5165 1040 5222 libabo?
1083 5163 1149 5217 Et
1198 5172 1256 5218 tu
1302 5162 1417 5217 haec
1444 5160 1629 5232 iubes,
1675 5168 1730 5215 et
1790 5157 1994 5213 talibus

424 5261 665 5323 victimis
694 5258 1027 5315 delectaris?
1067 5254 1396 5311 lnterﬁciam
1452 5253 1622 5307 ﬁlium
1690 5269 1719 5305 a
1762 5266 1873 5322 quo
1907 5266 1994 5304 me

428 5354 701 5422 sepultum
748 5352 814 5404 iri
861 5349 1117 5420 speravi?
1173 5345 1528 5416 Ejusmodine
1568 5345 1619 5398 ei
1672 5351 1992 5400 construam

426 5442 765 5500 thalamum?
791 5438 1050 5494 Talemuc
1080 5438 1130 5492 ei
1158 5438 1399 5493 Iretitiam
1429 5436 1740 5506 nuptiarum
1784 5450 1993 5506 pracpa-

492 5624 541 5658 “
582 5618 718 5680 Gen.
763 5636 873 5684 XXI,
905 5620 959 5672 7.
1037 5619 1080 5649 "’
1122 5616 1252 5671 Gen.
1295 5631 1433 5683 χχιι,
1462 5613 1493 5665 ‘2
1524 5628 1645 5681 sqq.

2092 4434 2287 4489 ἑαυτοῦ
2332 4435 2781 4507 προστησάμενος
2801 4476 2830 4501 ,η
2860 4433 2926 4487 Τί
2963 4434 3139 4491 ταῦτα
3171 4433 3560 4505 προστάσσεις,
3590 4430 3679 4484 λέ-

2093 4542 2225 4593 γων.
2254 4519 2299 4581 ὦ
2324 4525 2530 4599 Κύριε;
2560 4526 2660 4580 Διά
2694 4524 2861 4580 τοῦτον
2885 4524 3094 4597 πατέρα
3119 4526 3404 4594 ἐποίησας,
3431 4523 3519 4576 ἵνα
3551 4539 3678 4575 παι-

2092 4615 2340 4669 δοκτόνον
2368 4616 2695 4689 ἀπεργάσῃ;
2720 4615 2820 4671 Διὰ
2844 4615 3006 4670 τοῦτο
3037 4632 3103 4687 με
3122 4616 3223 4686 τῆς
3255 4613 3511 4682 γλυκείας
3538 4612 3674 4668 ταύ-

2092 4723 2193 4777 της
2234 4705 2464 4774 ἔγευσας
2489 4707 2717 4778 δωρεᾶς,
2748 4706 2838 4762 ἵνα
2862 4705 3030 4777 μῦθόν
3069 4723 3136 4778 με
3171 4707 3404 4777 ποιήσῃς
3433 4703 3510 4774 τῷ
3539 4704 3671 4775 βίῳς

2096 4800 2231 4864 Ταῖς
2254 4799 2493 4871 ἐμαυτοῦ
2532 4800 2688 4871 χερσὶ
2727 4798 3062 4870 κατασφάξω
3096 4798 3188 4852 τδν
3227 4797 3389 4853 παῖδα
3408 4835 3424 4859 ,
3457 4796 3549 4849 καὶ
3578 4792 3681 4846 τοῦ.

2099 4891 2397 4960 συγγενοῦς
2444 4891 2676 4963 αἵματος
2715 4891 2936 4946 σπείσω
2971 4908 3087 4955 σοις
3119 4891 3232 4945 Καὶ
3272 4889 3336 4943 σὺ
3369 4886 3540 4940 ταῦτα
3586 4900 3680 4938 κε-

2097 4980 2292 5047 λεύεις,
2322 4982 2419 5036 καὶ
2458 4980 2732 5046 τοιαύταις
2761 4982 3031 5054 ὲπιτέρπῃ
3061 4979 3307 5043 θυσίαις;
3349 4974 3676 5031 Ἀποκτείνω

2099 5074 2191 5127 τὸν
2228 5073 2361 5138 υἱὸν,
2402 5074 2492 5144 ὑφ’
2530 5066 2592 5128 οὗ
2625 5074 2964 5146 ταφήσεσθαι
2996 5070 3399 5144 προσεδόκησα;
3427 5064 3676 5120 Τοιοῦτον

2101 5164 2250 5236 αὐτῷ
2276 5164 2432 5237 πήξω
2465 5166 2555 5218 τὸν
2585 5164 2856 5237 θάλαμον;
2885 5164 3152 5233 Τοιαύτην
3176 5159 3323 5229 αὐτῷ
3354 5158 3450 5230 τὴν
3479 5159 3673 5226 εὐφρο-

2103 5254 2269 5325 σύνην
2299 5255 2703 5327 παρασκευάσω
2739 5254 2835 5308 τοῦ
2868 5255 3081 5324 γάμους
3117 5252 3223 5313 Καὶ
3254 5249 3374 5319 ἆψω
3413 5248 3498 5303 ἐπ’
3527 5246 3677 5317 αὐτῷ

2098 5345 2218 5416 ούχὶ
2240 5345 2496 5415 λαμπάδα
2526 5346 2793 5418 γαμήλιον
2813 5386 2828 5409 ,
2869 5343 3005 5399 ἀλλά
3042 5340 3151 5412 πῦρ
3182 5340 3463 5408 ἐπιτάφιον
3489 5356 3503 5403 ;
3539 5338 3677 5392 Οὐκ·

2099 5437 2194 5490 οὖν
2238 5436 2330 5489 ἐπὶ
2379 5436 2587 5501 τούτοις
2622 5439 2715 5492 καὶ
2760 5433 3199 5505 στεφανώσομαυ
3240 5429 3426 5494 Οὕτως
3489 5429 3682 5499 ἔσομαι.
