4154 6354
449 291 562 350 569

1373 299 1460 356 DE
1486 301 1785 360 DEITATE
1827 302 1982 358 FlLll
2011 303 2101 358 ΕΤ
2146 305 2474 389 SPIRITUS
2517 306 2785 363 SAM-1'11.

3613 309 3725 362 570

446 413 630 485 πατὴρ
667 413 858 481 ἐθνῶν,
899 417 926 470 ὁ
965 417 1098 489 μηδὲ
1132 419 1316 483 παιδὶς
1357 423 1834 494 συγχωρούμενος;
1879 418 2020 494 Ἀρά

2130 425 2301 480 rabo?
2337 424 2401 484 Et
2435 425 2554 494 ejus
2596 427 2818 482 nomine
2853 426 3152 484 ascendam
3213 443 3320 484 non
3360 428 3553 482 undam
3614 446 3715 481 nu-

444 523 491 558 τι
537 504 776 559 τοιοῦτον
822 502 974 560 εἶπεν
1006 510 1398 582 ὁἈὸραὰμ,ἢ
1451 514 1762 580 ὲνενόησεν;
1812 511 2022 583 Οΰμεν-

441 615 551 652 ουν.
598 598 737 653 Ἀλλ’
768 601 950 674 ἐπειδὴ
983 603 1074 656 τὸν
1108 604 1309 658 σκοπὸν
1342 601 1447 658 εἶδε
1477 606 1569 659 τοῦ
1628 607 2020 678 ἐπιτάγματος,

442 689 576 759 πρὸς
605 689 702 761 τὴν
729 691 880 746 Θείαν
904 694 1210 765 ἀναϐλέψας
1241 697 1482 768 ἀγάπην,
1515 697 1675 762 εὐθὺς
1729 698 1828 770 τὴν
1863 699 2022 767 φύσιν

443 781 732 851 ἠγνόησεν,
756 785 851 839 καὶ
875 783 984 839 οἷόν
1008 805 1058 840 τι
1088 788 1287 855 γεῶδες
1315 789 1483 860 ἄχθος
1508 789 1604 853 τὰς
1632 791 1899 860 ἐμπαθεῖς
1925 791 2024 860 τῆς

442 872 656 942 φύσεως
685 875 952 941 διαθέσεις
982 879 1391 950 ἀποδυσάμενος
1409 922 1423 947 ,
1459 881 1578 935 ὅλον
1605 881 1804 940 ἔδωκεν
1830 883 2023 940 ἑαυτὸν

441 961 518 1034 τῷ
565 963 702 1035 Θεῷ,
759 967 853 1019 καὶ
891 966 985 1020 τοῦ
1034 970 1456 1041 προστάγματος
1497 967 1598 1043 ἦν’
1641 972 1735 1028 καὶ¹
1787 971 1912 1028 οὔτε
1955 977 2021 1046 τῇ

441 1059 652 1127 γαμετῇ
687 1058 814 1128 περὶ
844 1060 1036 1114 τούτου
1079 1060 1503 1130 ἀνεκοινώσατο,
1553 1063 1732 1126 καλῶς
1763 1079 1824 1131 γε
1854 1064 2024 1116 ποιῶν

443 1146 537 1198 καὶ
585 1146 880 1212 λυσιτελῶς
920 1151 1118 1221 ἐαυτῷ,
1159 1151 1537 1217 ἀναξιὸπιστον
1589 1157 1668 1219 είς
1718 1155 2025 1227 συμϐουλὴν

443 1236 634 1308 κρίνας
665 1239 726 1292 τὸ
757 1240 911 1312 θῆλυ.
946 1243 1079 1296 Οὐδὲ
1111 1243 1220 1314 γὰρ
1254 1244 1330 1314 τῷ
1379 1246 1550 1316 Ἀδάμ
1594 1248 1894 1316 συνήνεγκε
1925 1247 2026 1319 τὴν

444 1329 752 1401 συμϐουλὴν
789 1332 1067 1406 δεξαμένῳ
1094 1336 1192 1406 τῆς
1221 1335 1384 1401 Εὔας.
1419 1337 1520 1391 Διὰ
1549 1339 1708 1396 τοῦτο
1733 1339 1808 1404 ὼς
1854 1339 1920 1393 ἂν
1949 1340 2022 1410 μὴ

444 1420 590 1492 πάθῃ
621 1439 673 1474 τι
710 1426 1016 1492 γυναικεῖον
1049 1425 1144 1478 καὶ⁵
1191 1427 1443 1499 μητρῷον
1493 1431 1526 1498 ἠ
1563 1429 1772 1501 Eappa.
1822 1430 1916 1483 καὶ
1963 1429 2024 1484 τὸ

444 1511 675 1584 σφοδρόν
697 1531 756 1566 τε
789 1515 882 1568 καὶ
909 1516 1208 1586 ἀκραιφνὲς
1238 1519 1337 1589 τῆς
1366 1519 1500 1590 πρὸς
1526 1520 1617 1572 τὸν
1643 1521 1774 1575 Θεδν
1805 1521 2026 1592 ἀγάπης

440 1601 534 1654 τοῦ
601 1604 852 1676 Ἀϐραὰμ
898 1608 1276 1675 ὲπικλάσειεν,
1328 1611 1512 1666 λαϐεῖν
1557 1613 1884 1684 ἐπετήδευσε
1927 1615 2024 1687 τὴν

441 1694 724 1764 δμόζυγον.
759 1698 905 1752 Πόσα
945 1699 1054 1772 γάρ
1089 1697 1156 1772 ἦν
1189 1703 1368 1767 εἰκὸς,
1417 1704 1471 1756 εἴ
1512 1722 1561 1758 τι
1602 1706 1840 1760 τοιοῦτον
1883 1707 2026 1777 ἔγνω

439 1784 741 1856 γινόμενον,
771 1787 806 1858 ἢ
835 1788 1031 1862 δράσαι
1058 1792 1157 1862 τὴν
1187 1792 1423 1865 Σάρραν,
1452 1793 1484 1863 ἦ
1519 1794 1653 1865 πρὸς
1694 1794 1858 1848 αὐτὸν
1887 1795 2024 1848 ἀπιο-

439 1872 733 1943 δύρασθαις
759 1872 846 1931 οἷα
875 1878 919 1932 δ’
953 1879 1018 1933 ἂν
1051 1879 1217 1934 ἔπαθε
1246 1881 1600 1953 περιχυθεῖσα
1628 1881 1705 1953 τῷ
1736 1883 1888 1938 παιδὶ
1928 1884 2022 1938 καὶ⁹

439 1967 557 2030 ταῖς
619 1967 884 2036 ἀγκάλαις
937 1969 1341 2043 ἐμπλεξαμένη,
1397 1975 1444 2027 εί
1494 1974 1630 2045 πρὸς
1669 1974 1766 2046 τὴν
1806 1976 2021 2048 σφαγὴν

438 2055 664 2116 ἔϐλεπεν
701 2060 862 2118 αὐτὸν
913 2062 1102 2132 βιαίως
1149 2064 1471 2136 ἐλκόμενονς
1507 2067 1636 2131 οἵοις
1665 2067 1710 2121 δ’
1750 2069 1816 2121 ἂν
1853 2070 2019 2142 ὲχρήπ

440 2162 566 2204 σατι.
597 2150 807 2222 λόγοιςς
834 2155 1020 2212 Φεῖσαι
1046 2155 1147 2225 τῆς
1173 2155 1418 2225 φύσεως,
1447 2157 1577 2229 ἄνερ
1599 2199 1614 2222 ,
1654 2159 1730 2230 μὴ
1759 2161 1888 2232 γένῃ
1922 2179 2022 2214 ποι

438 2243 600 2315 νηρὸν
641 2245 732 2298 τοῦ
765 2245 881 2316 βίου
914 2247 1160 2326 διήγημα
1181 2266 1194 2279 °
1230 2253 1526 2323 μονογενής
1570 2270 1659 2324 μοι
1688 2255 1716 2308 6
1744 2255 1900 2319 τόκος
1925 2250 2018 2310 0'25—

436 2351 548 2400 τος,
589 2336 878 2410 μονογενὴς
906 2341 963 2393 ὲν
1003 2339 1188 2394 ὠδῖσιν
1215 2342 1244 2394 6
1287 2343 1505 2408 Ἰσαὰκ,
1532 2345 1592 2397 ἐν
1631 2346 1896 2414 ἀγκάλαις
1930 2348 2019 2418 μόο

437 2444 527 2490 νος
549 2445 562 2458 ·
603 2425 758 2492 οὗτός
789 2449 878 2502 μοι
905 2433 1063 2497 τόκος
1091 2435 1185 2488 καὶ
1221 2433 1438 2506 πρῶτος
1465 2435 1562 2490 καὶ
1603 2435 1846 2502 ὕστατος.
1883 2439 2018 2494 Τίνα

441 2518 580 2589 μετὰ
619 2520 808 2575 τοῦτον
859 2523 951 2576 ἐπὶ
982 2525 1261 2596 τραπέζης
1293 2527 1569 2598 ὀψόμεθας
1621 2529 1716 2592 Τίς
1759 2534 2020 2602 προσερεῖ

439 2627 530 2681 μοι
558 2612 656 2684 τὴν
685 2613 940 2683 γλυκεῖαν
971 2618 1154 2687 φωνήν
1180 2636 1194 2681 ;
1235 2618 1329 2682 Τίς
1359 2619 1612 2689 ὀνομάσει
1643 2621 1778 2692 μητέ
1790 2639 1890 2693 ρας
1921 2624 2016 2687 Τίς

437 2700 762 2773 θεραπεύσει
801 2705 863 2759 τὸ
900 2707 1110 2778 γῆρας;
1152 2710 1248 2773 Τίς
1287 2711 1595 2781 περιστελεῖ
1631 2713 1768 2783 μετὰ
1801 2713 1895 2768 τὸν
1923 2713 2019 2774 05t-

435 2811 627 2861 νατον;
671 2797 768 2860 Τίς
812 2797 1074 2868 ὲπιχώσει
1113 2799 1283 2868 τάφον
1324 2800 1401 2870 τῷ
1444 2799 1696 2871 amputa;
1746 2802 1910 2873 Ὁρᾷς
1954 2804 2016 2857 τὸ

437 2887 596 2952 ἄνθος
622 2889 716 2942 τοῦ
748 2888 890 2956 νὲου,
930 2890 958 2944 ὃ
1000 2892 1092 2944 καὶ
1125 2893 1182 2944 ὲν
1212 2892 1392 2964 ἐχθρῷ
1416 2911 1499 2958 τις
1536 2894 1768 2964 βλέπων,
1795 2897 2017 2960 πάντως

437 2980 504 3036 ἂν
545 2980 645 3050 τὴν
686 2980 836 3051 ὥραν
871 2983 1120 3053 ἠλέησεν.
1168 2977 1334 3048 Οὗτος
1369 2985 1468 3055 τῆς
1517 2987 1729 3057 μακρᾶς
1782 2988 1949 3058 εὐχῆς
1987 2991 2037 3042 δ’

436 3072 666 3143 καρπὸς,
697 3067 849 3136 οὗτος
889 3073 988 3143 τῆς
1031 3075 1280 3146 διαδοχῆς
1309 3078 1338 3128 6
1367 3075 1581 3142 κλάδος,
1607 3069 1761 3141 οὗτος
1787 3079 1880 3132 τοῦ
1919 3079 2012 3148 γέ-

435 3179 558 3227 νους
594 3163 654 3218 τὸ
691 3164 960 3233 λείψανον,
997 3159 1149 3229 οὗτος
1194 3167 1227 3236 η
1273 3166 1544 3238 βακτηρία
1580 3169 1674 3221 τοῦ
1713 3170 1920 3240 γήρως.
1954 3172 2016 3223 Εἰ

435 3251 576 3306 κατὰ
603 3252 792 3304 τούτου
821 3253 1004 3324 φέρεις
1038 3253 1098 3305 τὸ
1133 3252 1306 3322 ξίφος,
1346 3254 1548 3325 ταύτην
1575 3273 1663 3325 μοι
1689 3257 1776 3320 δὸς
1805 3261 1870 3328 τῇ
1907 3257 2017 3311 δει-

435 3339 562 3412 λαίᾳ
594 3343 692 3411 τὴν
717 3342 874 3412 χάριν
896 3359 908 3372 ·
934 3345 1056 3396 κατ’
1081 3342 1213 3413 ἐμοῦ
1242 3345 1456 3414 πρῶτον
1495 3346 1694 3416 χρῆσαι
1733 3345 1812 3415 τῷ
1853 3346 2016 3415 ξίφει,

436 3434 532 3490 καὶ
563 3433 684 3490 τότε
726 3433 950 3505 ποίησον
989 3435 1050 3490 τὸ
1079 3435 1269 3490 δοκοῦν
1297 3437 1389 3489 ἐπὶ
1427 3435 1618 3489 τούτου
1640 3454 1652 3467 ·
1686 3437 1864 3491 κοινὸν
1909 3439 2021 3508 ἀμ-

436 3525 677 3594 φοτέρων
702 3523 843 3580 ἔστω
866 3525 928 3579 τὸ
958 3525 1138 3597 χῶμα,
1173 3526 1326 3598 κοινὴ
1356 3527 1502 3588 κόνις
1532 3527 1921 3596 ὲπικαλυψάτω
1949 3529 2019 3583 τὰ

437 3616 699 3687 σώματα,
734 3617 887 3688 κοινὴ
930 3617 1100 3688 στήλη
1145 3617 1436 3690 διηγείσθω
1479 3615 1546 3671 τά
1582 3616 1765 3688 πάθη·
1807 3618 1884 3688 μὴ
1935 3617 2020 3691 ἴδῃ

435 3710 651 3780 Σάρρας
689 3709 718 3762 6
750 3708 1025 3779 ὀφθαλμὸς
1073 3709 1211 3780 μήτε
1255 3707 1505 3779 Ἀϐραὰμ
1543 3706 2014 3776 παιδοκτονοῦντα,

435 3803 574 3874 μήτε
618 3800 800 3856 Ἰσαὰκ
829 3801 984 3873 χερσὶ
1015 3800 1296 3872 πατρῴαις
1329 3800 1872 3871 παιδοκτονούμενον.

2127 516 2368 586 ptialem,
2409 516 2504 570 sed
2541 532 2731 586 rogum
2781 531 2914 586 sepu
2943 518 3194 572 cralem?
3236 517 3378 586 Ergo
3427 534 3594 587 super
3633 518 3717 573 his

2124 608 2286 662 etiam
2337 609 2691 662 coronabor?
2723 607 2871 661 Itane
2921 623 3018 661 ero
3066 618 3222 678 pater
3268 611 3561 677 gentium,
3627 609 3716 663 cui

2124 715 2301 765 neque
2338 697 2430 752 ﬁlii
2462 699 2624 752 unius
2657 714 2780 754 esse
2808 708 3013 768 patrem
3041 715 3368 756 concessum
3402 700 3516 755 sit?
3544 701 3705 755 Nun-

2124 789 2256 856 quid
2283 789 2552 859 cjusmodi
2585 790 2784 859 quippe
2809 790 3087 844 Abraham
3119 792 3258 847 dixit
3281 803 3376 848 aut
3404 793 3712 862 cogitavit?

2126 873 2270 930 Nihil
2327 877 2532 936 minus.
2585 876 2692 931 Sed
2747 877 2842 932 ubi
2890 894 3002 948 quo
3044 890 3375 951 prmceptum
3437 891 3719 954 spectaret:

2126 966 2530 1032 animadvertit,
2577 962 2670 1023 Dei
2714 971 3021 1040 respiciens
3081 971 3454 1037 dilectionem,
3520 975 3707 1029 statim

2127 1067 2336 1114 natura.
2362 1061 2569 1116 oblitus
2611 1071 2715 1128 est,
2752 1069 2807 1117 et
2848 1074 3108 1134 tanquam
3160 1073 3436 1120 terrenum
3494 1068 3721 1136 pondus»

2125 1152 2354 1208 vitiosos
2389 1161 2599 1208 naturae
2619 1156 2908 1211 excutiens
2941 1165 2994 1211 et
3020 1172 3227 1211 exuens
3260 1156 3506 1218 allectus.
3532 1166 3716 1213 totum.

2125 1242 2239 1299 Deo
2287 1260 2411 1300 sese
2448 1246 2720 1316 permisit,
2758 1256 2811 1301 et
2843 1247 2894 1300 id
2942 1247 3086 1316 quod
3122 1248 3421 1315 jubebatur
3471 1250 3702 1319 exsequi

2127 1337 2399 1406 parabat:
2434 1353 2498 1392 ac
2551 1354 2618 1392 ne
2670 1352 2794 1392 cum
2859 1354 3030 1394 uxore
3084 1339 3304 1408 quidem
3364 1340 3465 1394 hac
3533 1341 3600 1396 de
3649 1356 3718 1396 re

2126 1427 2573 1493 communicavit,
2607 1437 2757 1484 recte
2787 1444 2918 1484 sane
2966 1430 3182 1500 sibique
3219 1431 3427 1486 utiliter
3465 1431 3697 1492 faciens,

2126 1519 2219 1591 qui
2267 1519 2524 1576 feminam
2586 1537 2692 1578 non
2753 1519 3007 1581 idoneam
3061 1521 3369 1592 judicarct,
3416 1539 3579 1591 quam
3649 1522 3716 1578 in-

2127 1613 2416 1668 consilium
2445 1613 2750 1674 adhiberet.
2811 1613 2946 1668 Nam
2979 1630 3082 1670 nec
3113 1614 3327 1674 Adamo
3378 1616 3512 1670 utile
3541 1624 3720 1685 atque

2127 1701 2476 1757 conducibile
2507 1702 2640 1766 fuit,
2683 1702 2828 1772 quod
2857 1703 3149 1758 consilium
3185 1702 3307 1758 Eva;
3347 1714 3570 1759 secutus
3599 1712 3704 1758 est.

2057 1763 2098 1822 Β
2128 1791 2494 1858 Quamobrem
2542 1809 2610 1848 ne
2665 1793 2798 1864 quid
2840 1791 2974 1850 Sara
3004 1793 3347 1854 muliebrium
3398 1805 3560 1864 atque
3593 1810 3707 1848 ma-

2127 1897 2411 1948 ternorum
2468 1887 2766 1944 alfectuum
2829 1889 3160 1958 impulsione
3208 1889 3602 1951 conuuitteret,
3653 1899 3710 1947 et

2125 1980 2353 2035 sincera:
2382 1978 2647 2035 adversus
2677 1979 2843 2040 Deum
2875 1978 3188 2036 dilectionis
3211 1980 3509 2040 Abrahami
3541 1980 3708 2035 vebe-

2128 2073 2386 2130 [nentiam
2418 2071 2760 2141 infringeret,
2793 2071 3084 2142 coniugem
3121 2087 3278 2130 suam
3311 2071 3496 2126 studio
3552 2072 3706 2126 fefel~

2125 2165 2206 2230 lit,
2249 2174 2306 2220 ut
2335 2181 2398 2220 ca
2440 2165 2587 2236 quod
2617 2165 2880 2235 agebatur
2927 2163 3223 2234 ignoraret.
3285 2163 3420 2218 Nam
3475 2164 3518 2218 si
3573 2163 3705 2234 quid

2125 2261 2232 2315 tale
2262 2257 2346 2329 agi
2385 2257 2551 2318 Sarra
2581 2255 2931 2320 rcscivissct,
2971 2270 3136 2325 quam
3180 2255 3352 2311 multa
3414 2255 3710 2314 verisimile

2123 2359 2208 2408 est
2234 2365 2354 2405 eam
2392 2349 2476 2406 vel
2520 2347 2813 2412 facturam,
2857 2347 2944 2403 vel
2981 2347 3124 2416 apud
3170 2346 3324 2401 illum
3373 2357 3712 2415 conquestu-

2123 2454 2239 2493 ram
2280 2454 2343 2494 ac
2381 2437 2790 2509 deploraturam
2823 2435 3044 2492 fuisse?
3082 2435 3258 2502 Quam
3291 2449 3424 2489 vero
3475 2435 3710 2489 misera-

2123 2528 2331 2584 bilibus
2357 2527 2649 2582 alfectibus
2675 2524 3013 2582 circumfusa
3029 2525 3138 2578 lilio
3156 2533 3323 2594 atque
3359 2523 3506 2578 ulnis
3529 2521 3712 2592 impli~

2122 2618 2229 2674 oita
2272 2616 2488 2679 fuisset,
2514 2616 2560 2672 si
2583 2630 2706 2672 eum
2733 2615 3002 2669 violenter
3043 2613 3186 2668 trahi
3207 2613 3276 2668 ad
3317 2627 3506 2668 necem
3538 2611 3712 2665 anim-

2123 2708 2492 2763 advertisset?
2523 2707 2732 2772 Quibus
2780 2705 2908 2760 item
2956 2720 3057 2760 usa
3107 2705 3288 2760 verbis
3338 2703 3531 2758 esset?
3574 2702 3712 2758 Par.

2121 2812 2185 2858 ce
2215 2807 2442 2859 natura},
2469 2809 2503 2849 ο
2541 2797 2645 2859 vir,
2689 2809 2758 2849 ne
2789 2809 2954 2864 prava
3003 2793 3072 2850 de
3108 2802 3162 2847 te
3197 2791 3456 2851 narrandi
3493 2793 3700 2847 mundo

2122 2890 2367 2958 prazbeas
2386 2887 2776 2943 occasionem:
2825 2885 3023 2939 unicus
3054 2885 3142 2939 hic
3183 2884 3316 2937 mihi
3363 2892 3554 2954 partus
3597 2893 3708 2948 est,

2125 2979 2321 3034 unicus
2347 2977 2400 3029 in
2433 2975 2697 3044 pariendo
2728 2975 2904 3039 Isaac,
2940 2975 2994 3028 in
3025 2975 3172 3030 ulnis
3204 2975 3355 3029 solus
3383 2993 3396 3029 :
3439 2974 3527 3030 hic
3575 2977 3710 3031 mihi

2123 3075 2312 3138 partus
2336 3077 2390 3121 et
2435 3067 2644 3138 primus
2682 3075 2736 3121 et
2779 3075 3113 3135 pUSll'cmllS.
3167 3066 3338 3133 Quem
3377 3074 3500 3136 post
3561 3068 3709 3123 hunc

2120 3160 2177 3213 in
2221 3173 2409 3213 mensa
2437 3157 2889 3226 conspiciemus?
2925 3158 3060 3226 Quis
3111 3174 3198 3218 me
3252 3158 3402 3212 dulci
3444 3157 3534 3212 illa
3578 3175 3710 3214 voce

2121 3249 2456 3320 appellabit?
2509 3249 2645 3314 Quis
2680 3257 2910 3306 matrem
2977 3249 3322 3304 nominabit?
3391 3249 3526 3317 Quis
3570 3250 3709 3305 colet

2120 3351 2285 3412 atque
2315 3341 2533 3396 curabit
2563 3341 2946 3398 senectutem?
2972 3340 3108 3407 Quis
3147 3349 3418 3398 mortuam
3457 3343 3711 3397 obvolvet

2121 3434 2187 3488 ad
2239 3432 2615 3504 sepulturam?
2669 3430 2803 3498 Quis
2846 3434 3064 3503 corpori
3121 3433 3286 3489 addet
3353 3435 3714 3504 sepulcrum?

2121 3524 2290 3582 Vides
2315 3525 2500 3580 ﬂorem
2536 3525 2781 3592 juvenis,
2813 3540 2977 3595 quem
3009 3528 3054 3580 si
3089 3527 3218 3596 quis
3263 3527 3318 3580 in
3361 3527 3585 3584 iuiinico
3631 3528 3714 3578 vi-

2125 3619 2316 3683 deret,
2362 3616 2793 3688 pulchritudinis
2863 3617 3095 3673 omnino
3176 3617 3552 3675 misereretur.
3614 3617 3716 3672 llie

2124 3711 2417 3782 longarum
2447 3725 2672 3780 precum
2709 3709 2948 3774 fructus,
2989 3709 3079 3764 hic
3119 3725 3307 3766 ramus
3336 3719 3420 3766 est
3477 3726 3714 3766 succes-

2128 3801 2321 3866 sionis,
2349 3801 2432 3858 hae
2473 3803 2691 3871 generis
2735 3811 2866 3856 sunt
2918 3801 3187 3869 reliquiae.
3219 3801 3308 3856 hic
3351 3802 3577 3856 baculus
3627 3812 3712 3855 est

433 3894 754 3951 senectutis.
789 3894 847 3950 Si
878 3893 932 3948 in
966 3892 1111 3950 hunc
1134 3891 1378 3963 gladium
1410 3892 1545 3960 fers,
1574 3893 1717 3947 hanc
1745 3892 1877 3947 mihi
1909 3891 2124 3947 miserat
2200 3893 2413 3948 veniam
2463 3893 2554 3959 da,
2624 3893 2680 3947 in
2755 3909 2841 3949 me
2911 3893 3144 3962 primum
3196 3901 3349 3949 utere
3394 3895 3607 3965 glad.o,
3655 3908 3717 3971 cp

435 3997 567 4043 tunc
604 3987 691 4043 fac
720 3987 868 4058 quod
897 3987 1115 4044 videtur
1149 3987 1203 4041 in
1229 3987 1368 4042 hoc:
1398 3988 1708 4058 communis
1756 3988 2041 4043 amborum
2081 3989 2325 4047 tumulus
2361 3996 2501 4055 esto,
2560 3989 2870 4044 communis
2911 3997 3166 4056 contegat
3228 4004 3464 4059 corpora
3509 3992 3716 4068 pulvis’

434 4079 740 4137 communis
802 4079 998 4136 titulus
1054 4079 1343 4149 utriusque
1393 4077 1606 4134 cladem
1649 4078 1880 4150 prodat,
1934 4095 2004 4135 ne
2044 4079 2222 4134 videat
2250 4079 2448 4135 oculus
2478 4077 2661 4135 Sarra
2688 4093 2790 4140 nec
2866 4079 3240 4138 Abrahamum
3296 4080 3468 4140 lilium
3540 4097 3716 4140 suum

437 4173 763 4233 interﬁcere.
820 4186 920 4228 nec
953 4169 1201 4228 lsaacum
1250 4172 1420 4226 ﬁlium
1462 4172 1720 4228 manibus
1767 4171 2014 4242 paternis
2055 4171 2350 4226 trucidari.

505 4264 691 4318 Ταῦτα
713 4264 929 4325 πάντως
960 4262 1028 4316 ἂν
1060 4263 1154 4316 καὶ
1182 4263 1250 4319 τὰ
1284 4263 1509 4317 τοιαῦτα
1540 4262 1695 4334 παρὰ
1730 4264 1828 4333 τῆς
1872 4263 2016 4332 Σάρ-

2199 4260 2296 4317 His
2325 4276 2554 4331 prorsus
2588 4270 2641 4318 et
2670 4259 2942 4330 eiusmodi
2981 4259 3169 4316 verbis
3225 4258 3392 4316 Sarra
3438 4261 3721 4320 adversus

439 4360 536 4428 ρας
565 4354 784 4424 ἐγένετο
805 4353 883 4423 τῷ
917 4352 1168 4424 Ἀϐραὰμ
1194 4353 1262 4406 τὰ
1291 4354 1357 4425 ῥή
1366 4371 1530 4425 ματα,
1559 4353 1718 4424 εἴπερ
1744 4353 1854 4408 τῶν
1879 4371 2020 4423 γινο-

2125 4353 2500 4408 Abrahamum
2535 4367 2635 4410 usa
2674 4351 2888 4417 fuisset,
2922 4351 2968 4408 si
3003 4350 3225 4422 quidem
3259 4350 3405 4424 quod
3437 4355 3718 4423 agebatur

440 4448 614 4518 μένων
641 4445 965 4518 προῄσθετο.
1011 4445 1152 4499 Ἀλλ’
1186 4446 1261 4511 ὡς
1294 4446 1361 4500 ἂν
1392 4445 1560 4516 μηδὲν
1597 4445 1852 4516 ἐμπόδιον
1885 4447 2020 4516 πρὸς

2128 4443 2533 4514 praesensisset.
2583 4441 2690 4503 Sed
2724 4458 2793 4504 ne
2849 4441 2980 4514 quid
3022 4457 3135 4503 rem
3177 4457 3342 4512 quam
3375 4446 3568 4513 agebat
3601 4446 3706 4505 ἰιυη

434 4539 532 4609 τὴν
560 4537 873 4608 ἐγχείρησιν
895 4537 1121 4605 γένοιτο,
1145 4537 1252 4608 ὄνῳ
1269 4536 1368 4602 τὰς
1391 4537 1647 4607 σχίδακας
1673 4536 1902 4600 ἐπιθεὶς,
1928 4538 2021 4594 καί

434 4645 585 4692 τινας
631 4627 740 4680 τῶν
769 4626 974 4680 παίδων
1007 4627 1366 4698 ἐπαγόμενος,
1404 4627 1523 4690 ὅλος
1568 4626 1660 4686 τοῦ
1692 4627 1835 4680 θείου
1869 4627 2023 4699 Θελή-

438 4738 606 4792 ματος
633 4715 700 4790 ἦν
729 4737 742 4749 ·
787 4715 905 4772 εἶτα
933 4718 1244 4773 καταλιπὼν
1269 4719 1396 4782 τοὺς
1419 4718 1634 4782 παῖδας,
1665 4717 1740 4782 ὡς
1767 4718 1833 4772 ἂν
1866 4720 1938 4789 μή
1965 4737 2020 4772 τι

435 4811 821 4882 ἀγεννέστερον
850 4811 944 4869 καὶ
973 4811 1375 4881 ἀνδραποδῶδες
1400 4812 1595 4864 ἐκεῖνοι
1625 4810 2017 4880 βουλεύσοιντο,

435 4905 778 4966 κωλύσαντες
822 4900 914 4955 τοῦ
951 4902 1136 4962 παιδὸς
1168 4902 1265 4973 τὴν
1295 4902 1603 4974 ἱερουργίαν
1627 4942 1641 4964 ,
1714 4903 1873 4972 μόνον
1917 4905 2019 4956 ἐπ·

433 4995 629 5064 άγεται
653 4993 744 5047 τὸν
780 4991 913 5054 υἱὸν,
948 4991 1148 5054 ἱκανῶς
1190 4992 1291 5063 ἤδη
1343 4992 1481 5062 πρὸς
1516 4991 1585 5045 τὰ
1614 4991 1886 5062 βαρύτερα
1909 4990 2020 5044 τῶν

437 5086 615 5158 ἔργων
639 5085 732 5156 ὑφ’
756 5083 970 5156 ἡλικίας
999 5083 1399 5153 ἀνδριζόμενον.
1425 5083 1743 5147 Μετατάξας
1772 5083 1880 5154 γὰρ
1908 5083 2018 5135 ἀπὸ

435 5181 532 5250 τῆς
566 5179 688 5232 ὄνου
737 5179 829 5231 ἐπὶ
858 5178 950 5231 τὸν
981 5178 1145 5231 παῖδα.
1183 5177 1242 5229 τὸ
1274 5176 1436 5248 ἄχθος
1457 5216 1473 5241 ,
1527 5179 1731 5230 ἐκεῖνον
1765 5177 2016 5247 ὑπήγαγε

434 5271 514 5342 τῷ
544 5272 728 5341 φόρτῳ
775 5269 885 5325 τῶν
917 5269 1111 5334 ξύλων.
1159 5269 1327 5324 Πάλιν
1358 5267 1641 5339 δριμύσσει
1678 5269 1744 5322 τὰ
1788 5268 1882 5322 τοῦ
1917 5286 2022 5323 πα-

435 5361 562 5432 τρὸς
594 5362 878 5431 σπλάγχνα
909 5363 942 5432 η
980 5361 1132 5432 φωνὴ
1161 5361 1252 5413 τοῦ
1280 5359 1467 5422 παιδός
1491 5376 1506 5392 ·
1537 5360 1692 5424 ἄλλος
1718 5353 1872 5424 οὗτος
1903 5379 2021 5414 πειη

443 5451 646 5522 ρασμδέ
699 5453 850 5504 οὐδὲν
907 5451 1001 5504 τοῦ
1066 5452 1427 5521 προλαϐόντος
1493 5449 2016 5522 φιλανθρωπότερος.

439 5545 831 5613 Προσκαλεῖται
859 5544 950 5598 τὸν
977 5545 1188 5612 πατέρα
1213 5545 1239 5595 ὁ
1281 5543 1464 5598 Ἰσαὰκ
1495 5547 1563 5615 τῇ
1589 5544 1815 5613 γλυκείᾳ
1845 5545 2016 5614 ταύτῃ

439 5637 612 5715 φρονῇ,
644 5635 733 5687 καί
766 5652 918 5705 φησι,
952 5636 1142 5702 Πάτερ
1163 5677 1175 5689 .
1237 5635 1296 5687 Ὀ
1327 5635 1382 5688 δὲ
1414 5636 1474 5688 οὐ
1510 5635 1898 5702 καταπνίγεται
1929 5635 2020 5688 δά-

442 5723 640 5796 κρυσι,
697 5727 773 5797 τῷ
818 5729 1010 5799 μικρὸν
1061 5728 1284 5801 ὕστερον
1336 5728 1530 5800 μηκέτι
1569 5725 1889 5784 ἀκούσεσθαι
1922 5728 2019 5796 τῆς

2125 4537 2365 4606 pediret,
2422 4552 2546 4592 cum
2594 4535 2812 4592 asinum
2844 4534 3007 4608 lignis
3046 4544 3456 4600 onerasset,ct
3511 4553 3713 4596 servos

2123 4628 2333 4697 aliquot
2370 4631 2786 4697 assumpsisset,
2829 4634 2977 4681 totus
3018 4625 3221 4680 divina:
3249 4626 3519 4686 voluntati
3551 4628 3710 4690 dedi-

2122 4728 2210 4776 tus
2245 4727 2364 4778 erat
2400 4738 2412 4775 :
2449 4719 2648 4781 deinde
2675 4705 2883 4779 relictis
2917 4719 3122 4784 servis,
3160 4734 3229 4778 ne
3261 4719 3410 4789 quod
3468 4721 3547 4775 illi
3587 4737 3706 4779 serv

2121 4811 2212 4864 vili
2245 4825 2360 4866 suae
2385 4808 2689 4868 conditioni
2719 4813 3056 4868 conveniens
3087 4809 3374 4868 sordidum
3403 4811 3716 4868 consilium

2121 4914 2402 4972 caperent,
2435 4901 2767 4972 prohibituri
2799 4900 2894 4958 ﬁlii
2940 4901 3374 4958 immolationem
3399 4940 3415 4964 ,
3441 4902 3616 4958 solum
3645 4901 3708 4958 ll-

2123 4994 2255 5049 Iium
2291 5010 2476 5054 secum
2509 4994 2683 5057 ducit,
2714 4993 2807 5070 qui
2839 4993 2951 5062 jam
2983 5002 3142 5050 etate
3170 4993 3306 5054 satis
3349 4994 3541 5052 ﬁrmus
3587 5003 3712 5049 erat

2123 5086 2187 5140 ad
2215 5100 2380 5154 Opera
2412 5085 2664 5157 graviora
2697 5083 3004 5144 subeunda.
3044 5083 3130 5142 Ab
3155 5084 3313 5140 asina
3340 5084 3485 5140 enim
3539 5100 3715 5140 onere

2122 5175 2181 5234 iu,
2215 5175 2390 5232 ﬁlium
2421 5174 2729 5241 translato,
2760 5172 2912 5232 illum
2945 5172 3191 5232 humeris
3234 5173 3422 5235 subire
3465 5189 3608 5228 onus
3638 5174 3706 5228 li-

2121 5281 2352 5337 guurum
2380 5265 2392 5330 ῑ
2424 5265 2587 5321 ussit.
2638 5263 2852 5320 Rursus
2902 5262 3077 5332 patris
3121 5261 3334 5321 viscera
3379 5262 3472 5316 lilii
3509 5263 3703 5317 vulne-

2123 5369 2207 5415 rat
2233 5376 2336 5416 τοι
2359 5377 2372 5412 :
2394 5359 2501 5414 alia
2540 5358 2656 5412 haec
2683 5364 2768 5414 est
2800 5355 3035 5416 tentatio
3071 5355 3249 5410 nihilo
3279 5355 3462 5410 mitior
3492 5357 3699 5427 priore.

2122 5453 2371 5522 Appellat
2390 5461 2600 5521 patrem
2631 5449 2787 5506 Isaac
2813 5448 2962 5503 dulci
2985 5449 3085 5502 hac
3119 5463 3252 5504 voce
3284 5457 3339 5504 et
3374 5450 3484 5513 ait,
3519 5447 3702 5503 Pater.

2123 5545 2192 5598 At
2241 5544 2331 5599 ille
2362 5559 2468 5597 non
2505 5541 2810 5598 sulfocatur
2862 5541 3122 5612 lacrymis
3147 5580 3162 5604 ,
3221 5549 3283 5595 ut
3311 5542 3402 5611 qui
3438 5541 3710 5611 cogitaret

2125 5636 2241 5688 fore
2276 5643 2331 5688 ut
2387 5632 2548 5701 paulo
2567 5641 2688 5701 post
2719 5631 2880 5685 talem
2916 5646 3025 5686 non
3060 5630 3295 5700 aniplius
3330 5647 3515 5686 vocem
3548 5629 3706 5683 audi-

2127 5736 2232 5791 ιρι,
2275 5740 2447 5796 neque
2477 5724 2716 5780 orationi
2754 5723 3084 5797 iugen'iiscit,
3129 5738 3229 5778 nec
3263 5721 3608 5778 lamentabile
3637 5736 3708 5777 ac
