4154 6354
457 274 557 335 {37!

1654 290 1712 347 S.
1753 284 2080 346 GREGORII
2120 282 2416 346 NYSSENI

3629 295 3734 355 572

459 399 637 454 ilcnile
664 401 891 458 verbum
925 405 1097 461 ullum
1138 408 1363 479 profert,
1399 409 1494 466 sed
1526 411 1739 477 sedato,
1766 415 2026 465 constant

2151 412 2406 484 τοιαύτης
2437 413 2622 484 φωνῆς
2668 413 2950 485 ἐννοήσας,
2996 415 3104 470 οὐδ’
3134 412 3437 487 ἐποιμώζει
3465 414 3543 487 τῷ
3589 416 3733 489 λόγῳ

459 506 628 560 atque
673 499 975 567 tranquillo
1042 504 1227 557 animo
1264 519 1390 559 eum
1426 503 1522 559 lilii
1564 521 1748 560 vocem
1801 504 2041 572 accipit,

460 592 765 641 tum‘suam
802 588 1036 646 invicem
1074 595 1275 649 reddit.
1301 596 1391 650 Ait
1427 596 1573 651 enim
1606 596 1673 650 ad
1721 611 1869 660 eum,
1908 593 2040 658 Fili,

458 674 586 741 quid
612 687 688 730 est
709 681 735 733 2
766 677 864 733 llic
897 683 1028 736 mihi
1066 685 1354 741 considera
1422 687 1832 756 intelligentiam
1879 685 2043 740 simul

458 771 515 817 et
551 767 876 833 prudentem
909 771 1130 839 juv’enis
1192 775 1676 841 moderationem,
1725 792 1834 846 quo
1881 785 2042 846 pacto

457 869 584 909 cum
635 871 695 911 se
726 858 922 929 negligi
971 876 1003 915 a
1049 872 1204 932 patre
1234 872 1490 933 putaret,
1549 865 1670 935 ejus
1709 867 1790 921 rei
1834 866 2042 935 absque

457 947 569 1000 ulla
600 950 769 1004 animi
804 950 1107 1009 offensione
1156 956 1310 1009 illum
1362 956 1823 1023 commonefacit,
1863 973 2041 1027 neque

451 1038 788 1094 dementiam
834 1045 973 1113 patri
1026 1062 1204 1116 neque
1258 1048 1590 1104 oblivionem
1656 1051 2037 1120 exprobrans,

457 1131 551 1185 sed
594 1132 911 1188 simulattdo
949 1152 1071 1192 sese
1109 1139 1246 1194 velle
1276 1143 1420 1195 scire
1451 1141 1584 1211 quid
1626 1150 1909 1211 ageretur,
1945 1159 2040 1197 ne-

455 1223 724 1293 gligentia:
775 1228 862 1282 sui
892 1235 1056 1298 atque
1098 1229 1479 1302 despicientiae
1513 1234 2034 1290 commonefaciam.

456 1314 592 1370 Ecce
611 1319 770 1380 cnim,
809 1319 1006 1390 inquit.
1059 1322 1202 1391 ligna
1228 1362 1243 1385 ,
1274 1324 1432 1395 ignis,
1470 1325 1708 1395 gladius,
1751 1325 1840 1380 sed
1888 1327 2039 1381 victi-

452 1423 543 1461 ma
584 1407 674 1462 ubi
705 1421 782 1465 est
806 1413 833 1466 .9
866 1415 934 1464 At
991 1412 1084 1468 ille
1107 1413 1225 1469 sive
1258 1418 1503 1470 animum
1553 1416 1755 1473 addere
1787 1417 1897 1472 lilio
1945 1433 2039 1471 v0-

452 1496 591 1563 leus,
648 1499 765 1553 sive
815 1509 1075 1572 tanquam
1111 1512 1264 1560 vates
1299 1504 1354 1560 id
1403 1506 1551 1575 quod
1603 1507 1849 1563 futurum
1917 1517 2037 1564 erat

452 1590 750 1658 spondens,
787 1592 951 1660 Deus,
1009 1593 1209 1667 inquit,
1262 1597 1363 1666 ﬁli,
1412 1598 1708 1668 providebit
1759 1600 1859 1653 sibi
1886 1617 2035 1655 avent

449 1683 916 1741 iultoloraustum.
959 1687 1025 1741 Et
1073 1705 1241 1759 super
1283 1690 1366 1744 his
1410 1691 1573 1746 etiam
1612 1708 1759 1748 nunc
1806 1694 2036 1749 tentatio

2145 502 2264 556 οὐδέ
2313 521 2367 556 τι
2414 502 2687 574 θρηνῶδες
2731 507 2825 559 καὶ
2872 506 3063 578 γοερὸν
3106 507 3558 577 ἀποφθέγγεται,
3616 509 3731 563 ἀλλ’

2145 593 2359 668 ἑστώσῃ
2390 596 2484 650 καὶ
2514 597 2724 651 ἀκλινεί
2748 600 2813 668 τῇ
2845 599 3013 671 ψυχῇ,
3046 600 3142 653 καὶ
3172 599 3385 670 δέχεται
3412 598 3507 653 τοῦ
3543 601 3734 665 παιδδς

2141 687 2242 756 τὴν
2274 685 2478 758 φωνὴν,
2529 689 2623 741 καὶ
2665 689 2764 760 τὴν
2802 689 2938 743 ἰδίαν
2969 691 3237 762 προΐεται.
3286 692 3425 762 Φησὶ
3457 690 3566 762 γὰρ
3595 690 3735 763 πρὸς

2142 778 2306 831 αὐτόν
2327 794 2340 809 ·
2379 778 2439 833 Τί
2467 779 2617 841 ἐστι,
2655 779 2905 845 τέκνον;
2951 780 3218 837 Ἐνταῦθά
3260 799 3352 852 μοι
3395 781 3733 853 κατανόησον

2140 868 2200 921 τὸ
2232 871 2450 925 συνετὸν
2482 871 2601 941 ἃμα
2626 872 2721 925 καὶ
2747 871 3127 943 λελογισμένον
3172 873 3265 927 τοῦ
3311 873 3455 936 νέου,
3505 872 3628 936 πῶς
3670 871 3732 925 τὸ

2140 957 2329 1011 δοκοῦν
2359 959 2652 1031 παρῶφθαι
2682 960 2835 1031 παρὰ
2875 960 2970 1015 τοῦ
3008 963 3235 1033 πατρὸς,
3270 961 3731 1033 ἀπροσκρούστως

2141 1051 2222 1114 εἰς
2252 1053 2556 1123 ὑπόμνησιν
2583 1055 2726 1122 ἄγει,
2753 1054 2875 1108 οῦτε
2908 1054 3231 1124 παράνοιαν,
3275 1053 3397 1108 οὔτε
3449 1053 3620 1126 λήθην
3651 1053 3729 1124 τῷ

2143 1143 2312 1213 πατρὶ
2336 1142 2610 1210 ὀνειδίζων
2633 1161 2649 1173 ’
2703 1145 2819 1199 ἀλλ’
2849 1146 2909 1199 ἐν
2950 1146 3308 1217 προσποιήσει
3332 1144 3492 1216 δῆθεν
3524 1145 3617 1199 τοῦ
3643 1145 3731 1199 θε-

2139 1232 2300 1303 λῆσαι
2327 1235 2537 1305 μαθεῖν,
2561 1236 2654 1290 τοῦ
2682 1239 3070 1310 παροράματος
3095 1238 3547 1308 ὑπομιμνήσκων.
3582 1237 3728 1293 Ἰδοὺ

2138 1324 2269 1394 γὰρ,
2296 1325 2449 1397 φησὶ,
2476 1327 2549 1382 τὰ
2579 1327 2757 1392 ξύλα,
2779 1328 2845 1382 τὸ
2871 1328 3013 1397 πῦρ,
3036 1328 3073 1398 ἡ
3089 1328 3357 1398 μάχαιρα
3379 1344 3393 1359 ·
3420 1328 3485 1382 τὸ
3514 1328 3727 1397 ἱερεῖον

2138 1418 2292 1483 ποῦς
2340 1419 2397 1472 ’0
2424 1418 2500 1483 δὲ,
2540 1421 2650 1473 εἴτε
2687 1420 3128 1493 παραθαρρύνων
3155 1420 3247 1474 τδν
3276 1422 3462 1485 παῖδα,
3509 1423 3618 1474 εἴτε
3649 1421 3725 1486 ὡς

2137 1515 2426 1586 προφήτης
2451 1515 2512 1569 τὸ
2541 1516 2731 1587 μέλλον
2757 1516 3179 1588 διεγγυὼμενος,
3219 1517 3282 1570 '0
3318 1516 3460 1583 Θεὸς
3481 1557 3495 1580 ,
3537 1518 3722 1588 φησὶν,

2137 1605 2347 1675 ὄψεται
2372 1606 2563 1673 ἐαυτῷ
2583 1609 2882 1678 πρόϐατον
2901 1611 2989 1675 εἷς
3014 1607 3456 1678 ὁλοκάρπωσιν.
3488 1607 3722 1663 τέκνον.

2137 1696 2246 1750 Kal.
2274 1696 2368 1749 ἐπὶ
2394 1697 2604 1762 τούτοις
2635 1698 2715 1752 ἐτι
2747 1701 2780 1769 ἡ
2811 1699 2976 1769 πεῖρα
3007 1698 3107 1769 τῆς
3131 1697 3227 1752 τοῦ
3258 1699 3597 1771 πατριάρχου
3622 1699 3726 1768 ψυ-

451 1785 617 1844 atque
663 1780 972 1848 exploratio
1012 1782 1182 1836 animi
1224 1783 1555 1852 patriarchae
1612 1786 2026 1854 prorogabatur.

2137 1791 2238 1859 χῆς
2286 1789 2658 1860 παρετείνετο.
2718 1768 3146 1861 Κάταλαμόάνει
3208 1789 3299 1844 τὸν
3345 1768 3725 1860 προρρηθέντα

449 1863 706 1922 Pervenit
753 1871 971 1926 tandem
1007 1873 1073 1927 ad
1128 1873 1310 1928 locum
1364 1876 1469 1930 sibi
1525 1886 2032 1947 praemonstratum,

448 1958 680 2011 aedificat
730 1958 839 2014 Deo
873 1963 1068 2028 altare,
1103 1961 1249 2019 ﬁlius
1296 1963 1451 2033 juxta
1504 1975 1714 2036 patrem
1749 1968 1894 2040 ligna
1934 1984 2037 2038 po-

449 2051 635 2117 nebat,
687 2052 984 2123 parabatur
1023 2070 1190 2125 rogus
1219 2096 1234 2119 ,
1271 2072 1336 2111 ac
1370 2058 1614 2114 nondum
1654 2074 1795 2131 opus
1848 2061 2035 2132 prohi-

448 2139 609 2195 betur
653 2159 720 2198 ne
770 2144 893 2214 quis
941 2146 1305 2215 pttsillanimis
1374 2148 1566 2217 dicat,
1639 2152 1687 2207 si
1752 2153 2036 2223 hucusque

448 2236 809 2291 teutationem
851 2239 1160 2295 consistere
1199 2256 1265 2296 ac
1305 2257 1627 2312 permanere
1660 2247 2031 2317 contigisset,

449 2341 558 2378 non
613 2328 696 2381 sui
729 2328 965 2383 similem
1009 2329 1063 2385 in
1119 2332 1303 2387 studio
1379 2334 1726 2390 sacriﬁcandi
1785 2338 2033 2394 Abraha-

447 2429 597 2468 mum
651 2431 1071 2485 permansurum
1128 2421 1300 2478 fuisse
1333 2461 1349 2488 ,
1407 2425 1452 2480 si
1497 2425 1805 2484 discrimini
1858 2431 2033 2501 magis

446 2509 962 2579 apprOpinquassel.

517 2602 648 2658 Post
675 2605 790 2659 Inec
838 2614 994 2677 pater
1040 2607 1208 2663 lilium
1246 2610 1469 2681 tangit,
1502 2628 1605 2667 nec
1639 2629 1716 2669 rct
1780 2616 2031 2683 gerendae

444 2702 640 2749 natura
671 2696 998 2753 adversatur
1028 2718 1041 2754 :
1069 2699 1240 2754 tradit
1268 2716 1390 2757 sese
1420 2703 1560 2772 patri
1597 2704 1747 2760 [ilius
1785 2715 2030 2761 tractan-

443 2786 605 2852 dum,
671 2788 1135 2858 quemadmodum
1172 2792 1263 2846 ille
1313 2793 1494 2848 vellet.
1556 2794 1749 2851 Utrum
1811 2798 2027 2853 illorum

443 2877 675 2932 duorum
711 2878 833 2949 plus
879 2880 1163 2937 admirer?
1198 2883 1345 2937 lnmc
1376 2885 1471 2953 qui
1504 2894 1727 2956 propter
1779 2888 2030 2946 dilectio—

443 2986 568 3025 nem
616 2987 742 3042 erga
774 2972 944 3029 Deum
988 2974 1102 3028 lilio
1134 2990 1328 3032 manus
1362 2977 1586 3047 injecit,
1633 2997 1700 3034 an
1744 2982 1894 3035 illum
1932 2984 2024 3051 qui

440 3064 582 3135 patri
627 3081 798 3135 usque
885 3065 951 3119 ad
1008 3076 1235 3122 mortem
1297 3069 1524 3138 parebat
1585 3085 1641 3125 et
1689 3073 2095 3168 olmdiebat?c

441 3154 668 3213 Certant
738 3158 882 3213 inter
930 3174 1090 3224 sese,
1143 3160 1234 3216 hic
1273 3163 1494 3232 quidem
1554 3180 1721 3235 super
1770 3177 2023 3224 naturam

441 3264 562 3306 sese
594 3250 825 3315 tollens,
877 3252 967 3308 ille
998 3268 1128 3308 vero
1178 3261 1355 3310 morte
1392 3256 1613 3325 gravius
1659 3268 1714 3313 et
1780 3260 2025 3315 atrocius

438 3355 565 3397 esse
606 3342 816 3397 ducens
865 3343 1146 3399 adversari
1184 3352 1347 3415 atque
1382 3346 1641 3404 resistere
1668 3351 1830 3417 patri.
1865 3350 2026 3406 Dein-

440 3433 509 3488 de
550 3433 704 3503 prius
750 3434 988 3490 vinculis
1014 3434 1183 3489 filium
1232 3445 1390 3506 pater
1436 3441 1787 3510 constringit.
1838 3441 2021 3512 Smpe-

440 3540 670 3580 numero
699 3525 1028 3582 miserabilis
1061 3527 1225 3597 hujus
1259 3529 1338 3583 rei
1367 3529 1663 3602 imaginem
1697 3533 1751 3588 in
1806 3535 2019 3605 pictura

439 3613 550 3669 vidi
582 3654 597 3679 ,
633 3630 735 3670 nec
773 3615 982 3686 absque
1037 3617 1297 3689 lacrymis
1325 3622 1700 3689 spectaculum
1760 3626 2020 3693 praeterii,

438 3703 575 3762 adeo
607 3707 891 3777 perspicue
921 3715 1084 3779 atque
1132 3709 1414 3766 evidenter
1466 3727 1557 3769 ars
1590 3714 1847 3785 pingendi
1884 3733 2020 3773 ocu—

438 3796 508 3854 lis
551 3814 664 3853 rem
705 3808 914 3869 gestam
963 3799 1220 3871 subjecit.
1292 3801 1611 3860 Procumbit
1683 3807 1836 3865 Isaae
1894 3822 2020 3868 ante

436 3899 648 3962 patrem
679 3900 918 3964 propter
953 3893 1132 3961 ipsum
1172 3897 1344 3952 altare
1378 3895 1533 3953 ﬂexis
1560 3901 1792 3969 genibus
1835 3903 2017 3970 nixus,

434 3985 491 4035 et
539 3995 737 4037 manus
780 3990 1083 4037 retrorsum
1138 3982 1348 4040 habens
1407 3987 1716 4044 adductas:
1757 3992 1846 4044 ille
1895 4009 2020 4049 vero

433 4079 561 4142 post
612 4087 849 4142 genuum
902 4082 1254 4129 curvaturam
1329 4076 1561 4147 pedibus
1631 4080 1932 4147 insistens,
1965 4096 2020 4141 et

432 4156 659 4218 sinistra
723 4179 888 4218 manu
955 4165 1212 4236 capillum
1253 4167 1373 4235 ejus
1412 4169 1481 4223 ad
1526 4186 1651 4226 sese
1698 4174 2015 4241 adducens,

431 4253 697 4310 inclinato
750 4256 930 4326 capite
966 4256 1239 4313 intuetur
1265 4260 1475 4315 vultum
1529 4263 1918 4322 miserabiliter
1947 4269 2014 4323 ad

430 4345 605 4413 ipsum
639 4345 830 4401 oculos
857 4348 1258 4411 attollentis.ac
1287 4349 1568 4407 dexteram
1599 4367 1864 4410 armatam
1896 4360 2017 4428 gla-

2135 1878 2310 1948 χῶρον
2343 1878 2514 1950 αύτῷ.
2554 1870 2933 1952 οἰκοδομείτῷ
2958 1880 3078 1952 Θεῷ
3122 1880 3183 1934 τὸ
3226 1880 3642 1951 θυσιαστήριον,
3694 1876 3724 1930 6

2135 1973 2264 2034 παῖς
2293 1971 2561 2041 παρετίθη
2611 1971 2691 2043 τῷ
2720 1973 2889 2043 πατρὶ
2939 1971 3039 2035 τὰς
3085 1971 3254 2036 ὔλαςο
3315 1971 3641 2043 ἡτοιμάζετο
3687 1971 3720 2041 ἡ

2134 2061 2304 2133 πυρὰ,
2324 2063 2429 2117 καὶ
2456 2063 2610 2117 οῦπω
2637 2063 2697 2117 τὸ
2743 2063 2903 2136 ἔργον
2933 2065 3200 2119 κωλύεται
3219 2081 3234 2097 ο
3289 2064 3365 2127 ὡς
3392 2062 3458 2117 ἂν
3519 2062 3594 2133 μή
3639 2079 3723 2126 τις

2132 2153 2242 2207 τῶν
2270 2154 2747 2227 μικροψυχοτέρων
2777 2156 2944 2222 εἴποι,
2970 2158 3018 2209 εί
3051 2155 3245 2226 μέχρις
3274 2154 3483 2208 ἐκείνου
3520 2151 3723 2222 συνέϐη

2135 2247 2324 2317 στῆναι
2371 2248 2468 2319 τὴν
2495 2250 2689 2318 πεῖραν
2714 2287 2731 2311 ,
2771 2249 2873 2301 οὐκ
2907 2248 2973 2302 ἂν
3007 2248 3169 2312 αὐτὸς
3198 2247 3465 2319 διέμεινεν
3499 2244 3722 2317 ὁμοίως,

2131 2341 2181 2392 εί
2210 2339 2408 2410 μᾶλλον
2440 2337 2517 2409 τῷ
2549 2339 2710 2394 πάθει
2741 2341 2993 2412 ἤγγισεν.

2203 2606 2471 2660 ’Λπτεται
2510 2603 2648 2675 μετά
2675 2603 2852 2659 ταῦτα
2876 2603 2969 2656 τοῦ
2996 2603 3183 2666 παιδὺς
3212 2604 3239 2655 ό
3268 2600 3474 2671 πατὴρ,
3504 2599 3599 2653 καὶ
3619 2599 3723 2653 οὐκ

2130 2697 2430 2753 ἀντιϐαίνει
2460 2698 2540 2769 τῷ
2574 2697 2844 2769 γινομένῳ
2872 2699 2906 2769 ή
2937 2696 3099 2764 φύσις
3122 2714 3135 2727 ·
3182 2695 3394 2749 δίδωσιν
3422 2693 3611 2747 ἐαυτὸν
3640 2692 3720 2764 τῷ

2130 2794 2301 2863 πατρὶ
2332 2795 2359 2846 6
2391 2794 2539 2859 παῖς,
2588 2791 2898 2862 χρήσασθαι
2927 2791 2955 2844 ὄ
2984 2808 3036 2843 τι
3072 2788 3338 2859 βούλεται.
3382 2788 3516 2840 Τίνα
3559 2786 3721 2840 πλέον

2129 2884 2190 2949 ἐξ
2240 2884 2563 2955 ἀμφοτέρων
2610 2878 2918 2953 θαυμάσω’;
2963 2882 3056 2934 τὸν
3106 2878 3432 2933 ἐπιδαλόντα
3475 2877 3562 2931 διά
3619 2877 3720 2948 τὴν

2131 2976 2266 3046 πρὸς
2296 2976 2427 3028 Θεὸν
2453 2975 2674 3045 ἀγάπην
2703 2974 2783 3044 τῷ
2811 2975 2963 3028 παιδὶ
2990 2973 3089 3034 τὰς
3115 2974 3323 3042 χεῖρας,
3355 2970 3387 3041 ἢ
3420 2970 3512 3023 τὸν
3555 2969 3716 3041 μέχρι

2129 3067 2358 3120 Θανάτου
2378 3066 2455 3137 τῷ
2477 3067 2644 3136 πατρὶ
2675 3064 3059 3118 ὑπακούσαντα
3085 3081 3099 3127 ;
3133 3061 3542 3131 Φιλοτιμοῦνται
3578 3060 3717 3129 πρὸς

2130 3157 2412 3227 ἀλλήλους,
2447 3158 2477 3209 6
2512 3156 2611 3227 μὲν
2634 3157 2734 3225 τῆς
2766 3154 2982 3225 φύσεως
3015 3154 3207 3208 ἐαυτὸν
3236 3153 3564 3223 ὑπεραίρων,
3600 3153 3629 3204 6
3659 3151 3718 3204 δὲ

2129 3249 2509 3323 χαλεπώτερον
2541 3249 2635 3304 τοῦ
2667 3248 2898 3302 θανάτου
2924 3248 2985 3301 τὸ
3016 3248 3307 3300 ἀντιτεῖναι
3338 3245 3415 3314 τῷ
3446 3244 3612 3314 πατρὶ
3639 3243 3717 3295 λο⁶

2130 3341 2433 3411 γιζόμενος.
2484 3340 2764 3394 Ἐντεῦθεν
2810 3340 3029 3411 δεσμοῖς
3060 3339 3322 3409 πρότερον
3352 3335 3715 3405 διαλαμϐάνει

2127 3435 2156 3486 6
2185 3432 2368 3504 πατὴρ
2394 3433 2486 3486 τὸν
2530 3431 2717 3487 παῖδα.
2769 3427 2922 3487 Εἶδον
2951 3431 3210 3493 πολλάκις
3241 3430 3336 3483 ἐπὶ
3387 3428 3605 3500 γραφῆς
3634 3428 3714 3480 εί-

2128 3525 2259 3580 κὸνα
2290 3524 2385 3578 τοῦ
2411 3524 2639 3588 πάθους,
2671 3525 2766 3578 καὶ
2797 3524 2898 3576 οὐκ
2923 3522 3190 3595 ἀδακρυτὶ
3215 3521 3316 3594 τὴν
3344 3521 3473 3576 θέαν
3508 3521 3716 3593 παρῆλ-

2128 3617 2240 3683 θον,
2276 3618 2523 3688 ἐναργῶς
2555 3616 2657 3686 τῆς
2683 3616 2878 3687 τέχνης
2909 3615 2999 3669 ὑπ’
3027 3615 3149 3685 ὄψιν
3174 3615 3413 3685 ἀγούσης
3440 3614 3541 3686 τὴν
3573 3616 3716 3667 ίστο-

2127 3708 2271 3782 ρίαν.
2323 3709 2615 3781 Πρόκειται
2661 3710 2689 3761 6
2730 3707 2917 3761 Ἰσαάκ
2955 3706 3040 3778 τῷ
3079 3707 3246 3778 πατρὶ
3280 3708 3407 3779 παρ’
3454 3707 3603 3777 αύτῷ
3634 3706 3713 3777 τῷ

2124 3800 2530 3873 θυσιαστηρίῳ,
2580 3799 2817 3862 ὀκλάσας
2860 3799 2954 3852 ἐπὶ
3000 3798 3163 3867 γόνυ,
3201 3797 3292 3851 καὶ
3336 3797 3713 3868 περιηγμένας

2063 3887 2068 3893 ’
2123 3890 2266 3962 ἔχων
2293 3893 2373 3955 είς
2402 3889 2643 3944 τούπίσω
2666 3889 2762 3952 τάς
2792 3891 2979 3960 χεῖρας
3003 3905 3016 3918 ⁸
3049 3889 3078 3940 6
3104 3888 3161 3940 δὲ
3181 3886 3523 3958 ἐπιϐεϐηκὼς
3548 3887 3709 3940 κατό-

2123 4001 2217 4039 πιν
2241 3981 2319 4036 τὼ
2346 3982 2476 4035 πόδε
2507 3981 2607 4052 τῆς
2634 3979 2899 4049 ἀγκύλης,
2947 3978 3043 4033 καὶ
3073 3979 3138 4050 τῇ
3163 3978 3291 4050 λαιᾷ
3319 3978 3463 4050 χειρὶ
3485 3977 3586 4048 τὴν
3614 3979 3710 4032 κό-

2124 4092 2232 4145 μην
2262 4074 2357 4128 τοῦ
2388 4072 2578 4136 παιδὸς
2626 4072 2764 4143 πρὸς
2796 4069 2987 4125 ἐαυτὸν
3033 4069 3368 4134 ἀνακλάσας,
3414 4069 3707 4126 ἐπικύπτει

2118 4165 2196 4237 τῷ
2230 4164 2525 4235 προσώπῳ,
2554 4163 2801 4226 ἐλεεινῶς
2833 4162 2968 4232 πρὸς
2997 4162 3159 4215 αὐτὸν
3198 4160 3571 4225 ἀναϐλέποντι,
3611 4162 3709 4214 καὶ

2116 4257 2217 4329 τὴν
2243 4257 2427 4324 δεξιὰν
2460 4255 2917 4325 καθωπλισμένην
2961 4252 3040 4323 τῷ
3076 4253 3217 4321 ξίφει
3267 4251 3405 4323 πρὸς
3446 4251 3542 4321 τὴν
3573 4268 3708 4320 σφα-

2117 4353 2220 4422 γὴν
2253 4349 2594 4416 κατευθύνει,
2631 4349 2726 4403 καὶ⁵
2755 4348 2986 4402 ἅπτεται
3019 4347 3119 4417 ἤδη
3146 4344 3242 4398 τοῦ
3279 4343 3530 4415 σώματος
3554 4345 3586 4414 ἡ
3612 4361 3704 4396 του

429 4435 524 4490 dio
573 4435 759 4507 dirigit
786 4436 854 4492 ad
889 4442 1090 4494 caedem
1172 4440 1477 4498 faciendam
1509 4484 1526 4507 ,
1589 4460 1652 4501 ac
1681 4447 1792 4516 jam
1849 4451 2012 4519 gladii

2126 4440 2307 4510 ξίφους
2333 4440 2506 4510 ἀκμὴ,
2542 4439 2635 4493 καὶ
2664 4438 2784 4490 τότε
2818 4436 2966 4507 αὐτῷ
3014 4436 3223 4505 γίνεται
3253 4435 3439 4487 θεόθεν
3465 4434 3616 4504 φωνὴ
3644 4435 3707 4489 τὸ

429 4541 622 4581 mucro
651 4542 852 4598 corpus
882 4531 1160 4600 tangebat.
1201 4539 1256 4587 et
1292 4540 1424 4588 tunc
1456 4534 1675 4590 demum
1736 4539 2013 4597 divinitus

429 4615 501 4671 ad
539 4632 663 4673 eum
702 4619 885 4674 editur
915 4636 1020 4676 vox
1064 4637 1186 4692 quae
1218 4639 1331 4678 rem
1375 4626 1640 4695 agendam
1678 4629 2013 4700 prohiberet,

428 4722 533 4764 vox
563 4717 742 4766 autem
769 4711 1034 4781 ejusmodi
1054 4715 1301 4783 quaedam
1328 4723 1467 4773 erat.
1498 4715 1596 4772 Vix
1652 4721 1796 4775 enim
1833 4739 2017 4793 quem-

430 4800 728 4856 admodum
758 4803 967 4873 pullum
1004 4806 1295 4875 quemdam
1328 4808 1589 4878 equinum
1637 4819 2013 4869 contumacem

428 4896 486 4945 et
516 4889 844 4946 indomitum
878 4891 1157 4965 frenisque
1224 4904 1280 4951 et
1325 4895 1556 4955 habenis
1588 4901 1772 4956 minus
1799 4902 2013 4957 obtem-

429 4993 737 5055 perantem,
764 5000 831 5042 ac
862 4985 931 5042 de
961 4999 1115 5044 recto
1152 4987 1348 5046 itinere
1381 4992 1774 5058 declinantem,
1800 4996 2016 5052 multis-

427 5092 535 5146 que
562 5077 712 5148 gyris
739 5089 793 5133 et
818 5078 1161 5136 anfractibus
1189 5096 1259 5136 ex
1289 5089 1607 5138 transverso
1648 5085 2012 5143 exusltantem

427 5182 622 5223 rursus
651 5169 704 5222 in
750 5170 890 5224 viam
918 5179 1126 5226 rectam
1188 5172 1511 5230 reduximus
1546 5176 1868 5231 orationem.
1898 5175 2013 5232 Hoc

426 5255 571 5307 ellilll
603 5257 763 5311 nobis
808 5260 1148 5329 propositum
1177 5270 1296 5316 erat
1323 5271 1384 5335 ut
1413 5264 1826 5320 ostenderemus
1868 5267 2013 5337 Apo-

429 5346 633 5399 stolum
672 5347 911 5404 orationi
947 5351 1318 5407 testimonium
1348 5353 1656 5424 perhibere,
1682 5370 1876 5426 nempe
1906 5354 2013 5410 Pa-

438 5444 576 5491 trem
608 5434 750 5493 Filio
787 5439 1047 5509 majorem
1082 5458 1193 5497 non
1223 5458 1369 5500 esse.
1419 5444 1520 5500 Hic
1551 5446 1698 5502 enim
1728 5447 2010 5518 Scriptura

429 5542 555 5581 cum
593 5530 848 5599 angelum
882 5534 1122 5587 orationi
1154 5533 1252 5590 Dei
1305 5539 1732 5607 praeposuisset,
1789 5541 2014 5611 subjicit

428 5632 619 5674 vocem
653 5639 666 5676 :
712 5619 929 5676 Vocaoit
958 5624 1095 5678 enim
1121 5641 1239 5679 eum
1270 5629 1487 5698 angelus
1521 5628 1736 5684 Domini
1761 5641 1810 5685 et
1838 5631 1972 5686 dixit
1992 5650 2012 5689 :

433 5710 719 5783 Propterea
754 5715 894 5787 quod
918 5716 1088 5788 feriati
1122 5723 1330 5775 verbum
1375 5722 1493 5791 hoc,
1514 5732 1564 5777 et
1593 5740 1695 5779 non
1728 5726 2012 5792 pepercisti

2116 4530 2276 4602 ἔργον
2325 4529 2624 4583 κωλύουσα.
2658 4530 2724 4581 Ἦ
2765 4528 2820 4580 δὲ
2854 4527 3005 4598 φωνὴ
3046 4526 3264 4599 τοιαύτη
3294 4545 3378 4591 τις
3410 4522 3496 4598 ἦν.
3532 4527 3705 4597 Μόγις

2116 4622 2225 4694 γὰρ
2252 4621 2504 4692 καθάπερ
2533 4621 2713 4673 πῶλόν
2737 4637 2860 4674 τινα
2888 4619 3154 4689 δυσπειθῆ
3191 4620 3284 4672 καὶ
3311 4620 3582 4691 δυσήνιον,
3604 4619 3704 4688 τῆς

2118 4714 2336 4779 εὐθείας
2361 4712 2814 4784 παρατραπέντα,
2863 4712 2957 4765 καὶ
2983 4712 3195 4776 πολλοῖς
3229 4711 3450 4775 κύκλοις
3479 4713 3543 4765 ἐκ
3569 4712 3704 4765 πλα-

2115 4808 2249 4875 γίων
2269 4806 2749 4877 διασκιρτήσαντα,
2782 4804 2942 4859 πάλιν
2966 4805 3047 4868 εἰς
3065 4806 3165 4875 τὴν
3191 4806 3405 4860 εὐθεῖαν
3432 4806 3524 4859 τὸν
3545 4805 3703 4874 λόγον

2116 4899 2416 4968 ἠγάγομεν.
2453 4896 2617 4949 Τουτὶ
2645 4895 2754 4968 γὰρ
2782 4892 2850 4968 ἦν
2874 4899 2936 4951 τὸ
2960 4898 3321 4969 προκείμενον
3354 4898 3504 4967 ἡμῖν,
3533 4897 3701 4963 δεῖξαι

2124 4991 2216 5043 τὸν
2254 4988 2575 5042 Ἀπόστολον
2611 4988 2992 5060 μαρτυροῦντα
3040 4989 3119 5059 τῷ
3164 4988 3338 5059 λόγῳ,
3387 4989 3469 5041 ὅτι
3502 4989 3702 5059 μείζων

2114 5082 2209 5136 τοῦ
2244 5080 2375 5135 Υίοῦ
2404 5083 2433 5136 6
2464 5081 2655 5151 Πατὴρ
2680 5083 2782 5134 οὐκ
2813 5081 2981 5136 ἔστιν.
3033 5080 3296 5159 Ἐνταῦθα
3328 5078 3435 5148 γὰρ
3471 5078 3702 5147 ἄγγελον

2113 5175 2207 5229 τοῦ
2226 5174 2384 5243 λόγου
2397 5173 2487 5226 τοῦ
2510 5173 2644 5227 Θεοῦ
2667 5174 2899 5246 ὴγραφὴ
2921 5173 3254 5245 προτάξασα,
3277 5173 3471 5239 ἐπάγει
3495 5173 3697 5243 φωνήνο

2114 5265 2360 5337 ἐφώνησε
2415 5265 2526 5338 γάρ
2575 5266 2734 5320 αὐτὸν
2760 5267 2988 5335 ἄγγελος
3031 5265 3237 5336 Κυρίου
3270 5263 3364 5317 καὶ
3398 5260 3570 5327 εἶπεν,
3616 5264 3700 5317 ὅτι

2129 5357 2272 5413 ’.ποθ’
2296 5350 2383 5410 ὧν
2397 5357 2693 5426 ἐποίησας
2720 5357 2785 5411 τὸ
2802 5356 2969 5427 ῥῆμα
2996 5356 3192 5418 τοῦτο,
3218 5354 3317 5409 καὶ
3346 5356 3457 5410 οὐκ
3480 5353 3700 5422 ἐφείσω

2114 5449 2219 5503 τοῦ
2244 5449 2376 5504 υἱοῦ
2408 5466 2526 5504 σου
2554 5449 2660 5504 τοῦ
2682 5447 3011 5516 ἀγαπητοῦ,
3034 5448 3162 5500 κατ’
3179 5445 3438 5517 ἐμαυτοῦ
3467 5446 3696 5515 ὤμοσα,

2113 5538 2365 5608 ποιῆσαι
2393 5540 2544 5608 ἅπερ
2574 5540 2671 5594 καὶ
2700 5540 2769 5592 ἐν
2801 5537 2877 5607 τῇ
2905 5537 3230 5607 ἐπαγγελίᾳ
3259 5536 3354 5590 τοῦ
3386 5537 3547 5605 λόγου
3577 5537 3693 5591 ἐστι

2118 5632 2327 5702 μαθεῖν.
2379 5632 2476 5696 Τίς
2523 5628 2617 5686 οὖν
2661 5633 2808 5684 ἐστιν
2836 5632 2864 5683 6
2894 5630 3237 5699 χρηματίσας
3286 5629 3365 5700 τῷ
3406 5629 3695 5699 Ἀδραάμς

2114 5720 2258 5793 Ἀρά
2289 5725 2363 5793 μὴ
2389 5726 2421 5778 6
2438 5726 2665 5792 Πατὴρ;
2717 5722 2854 5777 Ἀλλ’
2884 5723 2984 5777 οὐκ
3012 5720 3077 5777 ἂν
3103 5722 3274 5785 εἴποις
3299 5721 3528 5792 ἄγγελόν
3556 5736 3698 5784 τινος
