4154 6354
458 329 567 385 573

1384 328 1472 384 DE
1510 329 1807 386 DEITATE
1846 326 1997 385 FILII
2040 329 2129 384 ET
2172 327 2490 385 SPlRITL'S
2525 327 2794 411 SANCTI.

3606 316 3713 381 είτι

456 442 594 497 εἶναι
623 442 715 495 τὸν
746 442 982 513 Πατέρα.
1031 443 1239 496 Οὐκοῦν
1266 445 1293 497 6
1322 445 1614 516 μονογενὴς
1638 446 1787 509 Θεὸς,
1817 447 1944 517 περὶ
1968 440 2029 500 οὗ

2135 446 2251 515 [ilio
2283 456 2371 498 ttto
2402 445 2616 503 dilecto,
2648 460 2739 512 per
2796 456 2877 494 me
2923 442 3122 510 juravi,
3165 441 3431 510 facturum
3478 457 3559 494 me
3598 458 3713 495 esse

454 538 484 587 ὀ
506 536 795 604 Προφήτης
816 534 999 602 φησὶν,
1032 535 1113 587 ὅτι
1138 535 1410 589 Κιιλεῖται
1435 536 1499 589 τὸ
1523 537 1710 605 ὄνομα
1728 537 1914 591 αὐτοῦ
1930 554 2033 605 με·

453 622 645 691 γάζης
680 621 921 689 ,βουλῆς
953 624 1257 693 Ἄγγελος.
1291 625 1459 679 Τοῦτο
1485 628 1541 681 δὲ
1569 628 1666 680 οὐκ
1696 629 1879 695 ἀγνοεῖ
1903 629 2035 681 πάν-

454 731 561 775 τως
587 715 616 765 6
647 712 857 776 Παῦλος
887 715 916 765 6
955 715 1012 766 ὲν
1042 716 1351 787 παραδείσῳ
1385 718 1608 789 μυηθεὶς
1634 718 1700 772 τά
1727 720 2033 790 ἀπόρρητα,

453 804 534 855 ὅτι
565 803 718 875 παρὰ
742 803 837 856 τοῦ
865 805 1202 873 Μονογενοῦς
1232 808 1265 877 ἡ
1292 806 1512 879 ἔνορκος
1542 808 1681 878 αῦτη
1716 810 2031 879 ὑπόσχεσις.

454 894 617 962 Λέγει
640 895 695 947 δὲ
748 894 779 945 6
822 894 1051 961 Παῦλος,
1079 896 1160 949 ὃτι
1202 896 1285 962 Τῷ
1324 899 1577 967 Ἀϐραὰμ
1606 900 2033 970 ἐπαγγειλάμε-

456 1000 582 1048 νος.
608 985 637 1035 6
664 982 797 1046 Θεὸς
824 984 1017 1052 Λόγος,
1047 986 1175 1038 ἐπεὶ
1205 987 1330 1040 κατ’
1349 988 1596 1054 οὐδενὸς
1615 985 1741 1057 εἶχε
1757 990 2032 1059 μείζονος

456 1073 691 1141 ὀμόσαι,
727 1072 924 1143 ὤμοσε
955 1076 1081 1130 καθ’
1112 1077 1350 1130 ἑαυτοῦ.

2131 539 2308 591 omnia
2338 538 2469 602 lucc,
2499 555 2618 609 quze
2638 538 2800 589 etiam
2839 535 2889 588 in
2919 534 3186 588 orationis
3220 534 3583 602 promissione
3611 548 3709 586 co-

2133 628 2319 697 gnosci
2350 637 2599 697 possunt.
2646 626 2779 692 Quis
2815 627 2979 697 igitur
3000 637 3085 681 est
3121 629 3213 697 qni
3246 644 3369 683 cum
3406 628 3711 683 Abrahamo

2133 720 2441 773 collocutus
2468 730 2547 773 est
2572 720 2597 772 ?
2625 719 2880 787 Nunquid
2910 717 3073 775 Pater
3102 721 3129 771 7
3150 720 3218 773 At
3246 735 3588 790 nequaquam
3617 718 3702 772 di-

2136 811 2284 865 xeris
2318 812 2553 880 alicujus
2612 812 2860 881 angelum
2900 827 3021 865 esse
3077 811 3315 866 Patrem.
3361 812 3500 881 Ergo
3535 810 3707 869 Filius

2139 901 2451 970 unigenitus
2483 903 2529 956 is
2558 910 2693 963 erat,
2722 900 2789 955 de
2822 917 2932 972 quo
2966 904 3228 972 propheta
3263 904 3391 957 dicit
3418 943 3433 964 ,
3481 902 3711 957 Vocatur

2138 1008 2321 1045 nomen
2354 992 2468 1061 ejus
2520 996 2701 1063 magni
2750 995 2960 1048 consilii
3003 996 3223 1064 Angelus
3250 996 3315 1047 "'.
3362 995 3473 1048 Hoc
3524 1004 3705 1048 autem

2137 1081 2363 1145 Paulus,
2399 1084 2490 1153 qui
2539 1086 2758 1138 arcanis
2792 1086 2967 1139 sacris
3002 1086 3054 1139 in
3084 1085 3336 1155 paradiso
3378 1086 3626 1139 initiatus
3653 1097 3708 1139 ct

460 1166 744 1220 institutus
785 1176 911 1233 est,
960 1181 1186 1236 prorsus
1230 1169 1371 1223 haud
1415 1168 1676 1239 ignorat,
1728 1188 1921 1241 nempe
1972 1173 2041 1226 ah
2095 1176 2374 1245 unigenito
2423 1177 2532 1231 lilio
2574 1176 2933 1247 jurejurando
2971 1178 3347 1232 conﬁrmatam
3418 1178 3558 1232 hanc
3624 1179 3707 1232 fa-

459 1267 603 1313 ctam
633 1276 755 1316 esse
784 1263 1218 1331 promissionem.
1276 1263 1417 1319 Dicit
1448 1273 1629 1320 autem
1677 1267 1898 1329 Paulus,
1956 1269 2257 1326 Abrahamo
2300 1273 2566 1340 pollicitus
2616 1273 2749 1328 Deus
2790 1273 2863 1343 (id
2903 1283 3005 1333 est,
3035 1271 3175 1328 Deus
3214 1271 3497 1335 Verbum),
3540 1290 3709 1342 quan-

457 1351 737 1418 doquidem
765 1370 855 1423 per
881 1355 1138 1408 neminem
1167 1355 1422 1423 majorem
1450 1367 1656 1426 poterat
1691 1359 1881 1427 jurare
1902 1402 1917 1425 ,
1934 1361 2140 1429 juravit
2173 1379 2264 1431 per
2304 1365 2635 1432 semetipsum
2656 1365 2723 1417 ’⁸.

527 1448 651 1512 Πῶς
677 1445 771 1501 οὖν
802 1444 947 1505 οὗτοι
973 1451 1189 1519 λέγουσι
1224 1452 1447 1523 μείζονα
1492 1455 1585 1507 τοῦ
1629 1455 1759 1509 Υίοῦ
1791 1458 1883 1510 τὸν
1911 1460 2024 1511 Πα-

457 1539 609 1609 τέρα,
652 1541 745 1594 τοῦ
776 1542 987 1596 Παύλου
1017 1544 1264 1612 λέγοντος
1309 1547 1390 1599 ὅτι
1422 1548 1522 1600 οὐκ
1552 1547 1664 1618 ἔχει
1695 1548 1756 1602 τὸ
1804 1550 1984 1619 μεῖζον
2011 1568 2025 1615 ;

472 1632 609 1685 Ἀλλ’
636 1634 1014 1705 ἐπανέλθωμεν
1062 1638 1222 1691 πάλιν
1252 1640 1343 1692 ἐπὶ
1377 1640 1468 1693 τὸν
1509 1641 1858 1709 εύαγγελικδν
1892 1638 2032 1695 οἶνον

2205 1459 2307 1526 Qui
2342 1462 2503 1531 igitur
2529 1461 2617 1515 isti
2653 1461 2844 1516 dicunt
2871 1459 3086 1515 Patrem
3120 1460 3257 1513 Filio
3278 1458 3541 1527 majorem
3563 1474 3705 1517 esse,

2136 1568 2258 1605 runt
2306 1551 2509 1607 Paulus
2560 1560 2718 1622 neget
2774 1568 2896 1607 eum
2955 1552 3153 1605 habere
3186 1550 3435 1619 (aliquid)
3488 1548 3710 1617 majus?

2140 1642 2244 1695 Sed
2280 1642 2564 1696 redeamus
2601 1658 2793 1696 rursus
2826 1642 2893 1695 ad
2934 1640 3309 1710 evangelicum
3354 1638 3487 1693 illud
3520 1640 3706 1692 vinum

456 1721 549 1773 τὸν
576 1723 713 1785 νέον,
743 1724 819 1787 ὡς
867 1724 932 1779 ἂν
976 1726 1255 1794 δεξάμενοι
1295 1729 1382 1781 διὰ
1422 1730 1520 1799 τῆς
1564 1730 1910 1793 διδασκαλίας
1940 1732 2033 1783 καὶ

2139 1748 2357 1795 novum,
2393 1741 2538 1786 utet
2580 1733 2683 1803 ipsi
2727 1748 2822 1801 per
2868 1732 3175 1785 doctrinam
3209 1731 3434 1801 spiritus
3483 1740 3713 1801 accepto

457 1812 608 1866 αὐτοὶ
636 1815 731 1885 τὴν
761 1814 907 1879 ζέσιν
931 1817 1023 1869 τοῦ
1052 1818 1384 1888 Πνεύματος,
1414 1822 1692 1891 ἐπιτήδεια
1728 1823 1906 1892 δοχεῖα
1937 1823 2031 1875 τοῦ

456 1905 698 1958 τοιούτου
724 1909 865 1961 οἴνου
892 1910 1202 1980 γενοίμεθα,
1248 1912 1384 1980 μήτε
1427 1912 1581 1964 αὐτοὶ
1609 1913 2029 1983 διασχιζὸμενοι,

462 1999 600 2069 μήτε
654 1998 751 2070 τὴν
804 2001 1257 2072 ὲγκεκρυμμένην
1314 2005 1443 2073 ἡμῖν
1502 2004 1661 2075 χάριν
1725 2006 2026 2076 ἐκχέοντες.

463 2078 697 2141 Ἰίκούον
726 2090 824 2158 τῆς
851 2091 1168 2161 ψαλμῳδίας
1205 2095 1333 2163 περὶ
1364 2095 1473 2146 τῶν
1508 2097 1809 2166 παρόντων,
1858 2093 2030 2168 οἶμαι,

464 2179 645 2233 κακῶν
678 2182 1122 2253 προφητευούσης
1145 2200 1160 2215 ο
1197 2184 1341 2253 λέγει
1385 2186 1492 2257 γὰρ
1545 2190 1671 2257 περὶ
1716 2189 1825 2241 τῶν
1857 2191 2034 2262 ἀμαρο

462 2269 679 2335 τωλῶν,
732 2271 812 2323 ὅτι
855 2272 1448 2342 Ἀπηλλοτριώθησαν
1492 2278 1607 2331 ἀπὸ
1637 2278 1891 2347 μήτρας,
1933 2281 2031 2334 καὶ

459 2361 893 2430 ἐπλανήθησαν
943 2364 1064 2418 ἀπὸ
1117 2368 1394 2435 γαστρός.
1453 2370 1679 2440 Μήτραν
1727 2367 1879 2440 οἶμαι
1926 2372 2033 2424 τῶν

461 2455 604 2508 κατά
641 2454 772 2508 Θεὸν
819 2456 1191 2524 γεννωμένων,
1243 2459 1341 2529 τὴν
1388 2460 1711 2531 Ἐκκλησίαν
1743 2462 2028 2530 λέγεσθαι·

460 2547 601 2618 αὕτη
630 2550 736 2620 γὰρ
765 2549 1105 2621 κυοφοροῦσα
1147 2554 1213 2622 τῇ
1248 2552 1350 2623 ἰδίᾳ
1375 2554 1527 2624 νηδύϊ
1553 2556 1676 2618 τοὺς
1705 2558 1761 2607 ὲν
1788 2557 1922 2626 αὐτῇ
1948 2574 2033 2609 τε-

459 2640 942 2711 λεσφορουμένους,
969 2644 1048 2705 εἰς
1080 2643 1193 2711 φῶς
1220 2643 1308 2697 διὰ
1332 2645 1429 2715 τῆς
1460 2646 1694 2708 πίστεως
1714 2646 1853 2714 ἄγει.
1893 2647 2031 2700 Ἀλλ’

461 2730 509 2781 οἱ
534 2730 845 2800 ἁμαρτωλοὶ
872 2732 1012 2784 κατὰ
1038 2731 1108 2784 τά
1132 2732 1506 2803 ἀμϐλωθρίδια
1525 2736 1633 2787 τῶν
1655 2735 2030 2806 γεννημάτων,

459 2818 559 2888 τῆς
596 2820 807 2890 μήτρας
846 2820 1286 2892 ὴλλοτριώθησαν
1311 2863 1326 2885 ,
1379 2824 1471 2876 καὶ
1520 2827 1619 2894 τῆς
1666 2827 1899 2896 γαστρὸς
1933 2828 2033 2897 τῆς

459 2910 687 2981 γνησίας
733 2911 1194 2981 ἀπεπλανήθησαν
1219 2930 1233 2943 ’
1284 2915 1382 2984 οὐχ
1427 2916 1538 2987 ὁρῶ
1564 2918 1671 2986 γάρ
1702 2919 1759 2969 ἐν
1785 2919 1897 2979 τοῖς
1927 2934 2033 2989 μη-

460 3001 655 3071 τρῴοις
701 3000 920 3064 κόλποις
968 3001 1095 3064 τοὺς
1142 3003 1454 3067 ἀποστάτας
1502 3007 1600 3075 τῆς
1642 3007 1897 3070 πίστεως,
1938 3011 2033 3061 καὶ
2060 3030 2103 3090 C

458 3091 603 3161 λέγω
628 3092 725 3164 τὴν
769 3095 1103 3163 προφητείαν
1150 3097 1275 3166 περὶ
1317 3097 1522 3149 τούτων
1566 3097 1762 3165 λέγειν,
1798 3099 1905 3153 τῶν
1945 3100 2033 3154 διὰ

458 3183 558 3253 τῆς
590 3184 804 3254 ἀπάτης
864 3185 1324 3255 πεπλανημένων,
1374 3188 1454 3239 ὅτι
1506 3188 1881 3258 ἐπλανήθησαν
1928 3192 2034 3244 ἀπὸ

459 3275 732 3345 γαστρός·
777 3276 1155 3345 ἐπλανήθησαν
1206 3278 1282 3348 τῷ
1328 3279 1553 3348 λαλῆσαι
1585 3280 1773 3352 ψευδῆ.
1841 3284 2035 3351 eum

459 3367 682 3432 αὐτοῖς,
730 3369 882 3436 φησὶ,
922 3370 1067 3422 κατὰ
1096 3369 1209 3436 τὴν
1239 3371 1523 3438 ὁμοίωσιν
1562 3373 1668 3425 τοῦ
1697 3374 1904 3441 ὄφεως,
1937 3376 2033 3445 οὐχ

460 3457 645 3521 ἁπλῶς
677 3457 873 3527 ὅψεως,
905 3458 980 3519 ὼς
1008 3460 1073 3512 ἂν
1123 3461 1195 3530 μὴ
1240 3462 1375 3531 πρὸς
1419 3462 1479 3514 τὸ
1521 3462 1708 3534 θηρίον
1748 3463 1905 3516 τοῦτο
1935 3466 2033 3535 τὴν

461 3548 708 3601 εἰκασίαν
734 3552 908 3619 σχοῖεν
934 3566 947 3579 ·
980 3550 1092 3603 ἀλλ’
1129 3553 1159 3621 ἡ
1190 3551 1285 3603 τοῦ
1312 3550 1515 3623 ἄρθρου
1549 3553 1830 3624 προσθήκη
1861 3554 1920 3606 τὸ
1944 3556 2038 3624 ἀρ-

462 3640 692 3712 χέτυπον
721 3642 887 3695 κακὸν
915 3642 981 3695 δι’
1026 3644 1362 3713 αἰνιγμάτων
1410 3645 1701 3698 δείκνυσιν.
1762 3646 1899 3697 Ἀλλ’
1934 3646 2034 3699 οὐκ

462 3733 689 3804 ἄκαιρος
723 3732 851 3798 ἴσως
898 3735 1027 3805 ⁴ἡμῖν
1060 3736 1093 3805 ἡ
1127 3736 1309 3806 μνήμη
1339 3734 1431 3788 τοῦ
1460 3736 1655 3803 ὄφεως,
1706 3738 1785 3801 είς
1819 3736 2035 3807 ἔλεγχον

460 3821 571 3875 τῶν
600 3821 1115 3894 θρασυστομούντων
1144 3826 1284 3879 κατὰ
1308 3824 1400 3878 τοῦ
1436 3828 1766 3897 Πνεύματος.
1820 3828 2034 3901 Ἐπειδὴ

463 3913 570 3985 γὰρ
599 3915 795 3968 οἴονται
826 3919 1026 3986 ταύτην
1060 3918 1285 3989 ἰσχυράν
1318 3917 1461 3987 ἔχειν
1494 3918 1633 3971 κατά
1659 3918 1753 3971 τοῦ
1786 3918 2036 3989 Πνεύμα-

461 4024 551 4071 τος
577 4006 765 4078 λαϐὴν,
787 4008 846 4060 τὸ
874 4008 949 4078 μὴ
978 4007 1365 4080 προσειρῆσθαι
1392 4010 1523 4063 Θεὸν
1549 4010 1609 4063 τὸ
1638 4010 1859 4080 Πνεῦμα
1885 4010 2037 4078 παρὰ

463 4097 561 4167 τῆς
591 4096 751 4166 ἁγίας
777 4099 999 4168 Γραφῆς
1034 4100 1129 4165 (ὡς
1162 4099 1312 4152 αὐτοί
1344 4116 1406 4168 γε
1436 4099 1746 4171 νομίζουσιν
1773 4119 1786 4131 ·
1839 4101 1899 4153 ού
1929 4101 2035 4172 γὰρ

465 4189 624 4257 ἡμεῖς
654 4188 1061 4259 συντιθέμεθα)·
1103 4190 1353 4259 καί-φασι
1384 4191 1597 4260 φύσεως
1643 4193 1740 4261 μὲν
1774 4188 1910 4244 εἶναι
1942 4209 2038 4262 ση-

468 4275 731 4346 μαντικὴν
776 4276 874 4345 τὴν
918 4277 1163 4347 θεότητα,
1209 4278 1303 4331 τοῦ
1350 4278 1405 4330 δὲ
1451 4279 1708 4349 ὀνόματος
1736 4279 1922 4333 τούτου
1960 4279 2035 4349 μὴ

2141 1820 2372 1885 fervore,
2420 1822 2615 1875 idonea
2662 1837 2790 1875 vasa
2836 1830 3000 1891 atque
3046 1824 3389 1891 receptacula
3427 1822 3549 1875 talis
3594 1823 3703 1874 vini

2138 1913 2352 1972 fiamus,
2406 1928 2583 1981 neque
2632 1912 2733 1983 ipsi
2773 1919 3109 1980 rumpentes,
3156 1927 3331 1980 neque
3365 1912 3705 1965 reconditam

2135 2013 2188 2057 et
2224 2004 2463 2057 abditam
2520 2004 2574 2056 in
2628 2003 2787 2058 nobis
2820 2004 3050 2073 gratiam
3096 2002 3459 2057 efl‘undentes.
3513 2003 3710 2056 Audivi

2136 2095 2456 2163 scriptorem
2516 2092 2857 2147 Psalmorum
2913 2093 2980 2147 de
3026 2094 3424 2163 prtesentibus,
3477 2094 3705 2163 opinor,

2135 2185 2295 2238 malis
2327 2184 2714 2237 vaticinantem
2751 2197 2815 2235 ac
2848 2182 3227 2251 przedicentem
3255 2199 3269 2247 ;
3310 2183 3442 2238 dicit
3473 2183 3617 2235 enim
3639 2181 3711 2235 de

2136 2274 2517 2344 peccatoribus
2565 2274 2650 2327 his
2689 2273 2871 2327 verbis
2908 2292 2920 2326 :
2953 2272 3257 2327 Abalienati
3286 2283 3408 2325 sunt
3451 2274 3517 2325 ab
3559 2282 3713 2325 utero

2133 2372 2467 2431 peccatores,
2534 2370 2583 2416 et
2647 2360 3024 2414 aberraverunt
3074 2377 3107 2413 a
3163 2361 3419 2414 ventre".
3480 2359 3712 2413 Uterunr

2134 2455 2330 2523 opinor
2382 2468 2570 2507 eorum
2626 2453 2720 2521 qui
2784 2451 3087 2506 secundum
3148 2449 3316 2506 Deum
3372 2460 3707 2518 nascuntur,

2134 2544 2435 2599 Ecclesium
2481 2543 2611 2598 dici.
2660 2542 2783 2597 Haec
2832 2543 2976 2597 enim
3026 2542 3080 2595 in
3126 2550 3285 2596 utero
3328 2558 3429 2595 suo
3488 2552 3711 2610 gestans

2133 2652 2227 2691 eos
2253 2637 2346 2706 qui
2378 2636 2445 2689 ad
2475 2635 2863 2706 perfectionem
2900 2635 2953 2687 in
2984 2649 3046 2688 ea
3072 2636 3415 2703 perveniunt,
3451 2636 3502 2687 in
3533 2634 3709 2687 lucem

2134 2746 2230 2801 per
2282 2729 2440 2782 fidem
2491 2728 2760 2797 producit.
2824 2725 2930 2780 Sed
2982 2737 3298 2796 peccatores
3353 2726 3709 2795 quetnadmo-

2133 2822 2260 2875 dum
2305 2821 2448 2875 fetus
2475 2820 2703 2877 abortivi
2747 2819 2817 2872 ab
2860 2828 3019 2872 utero
3067 2818 3360 2872 abalienati
3403 2825 3552 2880 sunt,
3585 2828 3639 2872 et
3676 2833 3707 2871 a

2134 2928 2263 2967 vero
2316 2919 2479 2980 atque
2532 2924 2791 2980 germano
2848 2918 3036 2963 ventre
3097 2910 3493 2964 aberraverunt
3541 2927 3553 2961 :
3597 2924 3705 2962 non

2133 3004 2278 3058 enim
2312 3003 2365 3056 in
2399 3009 2651 3055 materno
2675 3002 2797 3055 sinu
2822 2999 3142 3070 gremioque
3173 3000 3333 3053 video
3361 2998 3479 3052 fidei
3517 2999 3706 3052 descr-

2136 3101 2303 3155 torcs,
2326 3100 2377 3145 et
2394 3093 2481 3143 aio
2502 3092 2837 3161 prophetiam
2859 3094 2927 3147 de
2955 3093 3039 3146 his
3058 3092 3206 3160 loqui
3231 3092 3323 3161 qui
3346 3108 3440 3162 per
3464 3090 3706 3146 fraudem

2137 3182 2347 3237 seducti
2401 3190 2608 3249 errant,
2666 3198 2859 3252 nempe
2908 3200 2936 3235 a
2995 3192 3184 3237 ventre
3244 3184 3365 3237 illos
3401 3184 3707 3245 aberrasse,

2134 3287 2456 3332 erraverunt
2494 3294 2560 3332 eo
2608 3278 2752 3347 quod
2803 3278 2967 3331 locuti
3015 3288 3143 3331 sunt
3197 3278 3354 3338 falsa,
3393 3277 3570 3331 Furor
3606 3278 3706 3341 eis,

2138 3370 2349 3437 inquit,
2401 3370 2469 3420 ad
2524 3369 2929 3423 similitudinem
2985 3370 3130 3421 illius
3182 3371 3444 3438 serpentis
3471 3370 3545 3429 ³¹,
3600 3384 3707 3421 non

2137 3461 2295 3526 plane
2343 3467 2506 3528 atque
2539 3459 2861 3527 simpliciter
2900 3460 3196 3528 serpentis,
3247 3475 3312 3513 ne
3366 3474 3488 3512 cum
3534 3460 3707 3513 bestia

2138 3553 2238 3603 hac
2304 3550 2613 3621 comparari
2669 3557 2831 3619 atque
2891 3550 3184 3604 assimilari
3242 3550 3572 3605 videantur:
3610 3550 3705 3604 sed

2136 3641 2371 3711 adjectio
2402 3639 2613 3694 articuli
2660 3638 2924 3708 originale
2956 3648 3121 3707 atque
3156 3638 3455 3708 principale
3501 3638 3701 3689 malum

2135 3747 2233 3801 per
2283 3730 2572 3799 aenigmata
2638 3730 3041 3798 verborumque
3105 3729 3387 3782 involucra
3444 3729 3705 3782 ostendit.

2138 3824 2243 3877 Sed
2294 3821 2528 3876 fortasse
2565 3836 2674 3874 non
2723 3820 3104 3889 intempestive
3155 3834 3184 3873 a
3232 3819 3390 3873 nobis
3435 3820 3705 3888 serpentis

2134 3926 2218 3968 est
2244 3916 2444 3968 mentio
2481 3914 2645 3981 facta,
2686 3914 2753 3967 ad
2798 3913 3204 3982 coarguendam
3240 3927 3335 3967 eos
3363 3914 3455 3981 qui
3506 3922 3710 3966 temere

2135 4013 2190 4059 ct
2233 4003 2632 4058 inconsiderate
2680 4004 2945 4057 adversus
2994 4000 3260 4071 Spiritum
3311 4012 3559 4055 sanctum
3628 4002 3707 4053 Ιο-

2136 4108 2399 4167 quuntur.
2436 4097 2703 4162 Quoniam
2750 4094 2894 4148 enim
2935 4094 3078 4147 hanc
3114 4093 3320 4145 firmam
3366 4107 3430 4145 ac
3474 4092 3707 4145 validam

2137 4190 2399 4244 adversus
2446 4188 2709 4257 Spiritum
2748 4195 3003 4241 sanctum
3035 4185 3238 4238 habere
3290 4199 3348 4238 se
3381 4192 3578 4253 putant
3621 4198 3708 4238 re-
3764 4192 3767 4193 ⁷

2139 4281 2577 4352 prehensionem,
2603 4277 2747 4348 quod
2796 4293 2825 4330 a
2878 4288 3067 4332 saneta
3112 4277 3367 4330 nimirum
3425 4275 3707 4345 Scriptura

466 4366 809 4435 ἐπικειμένου
837 4366 916 4437 τῷ
949 4368 1246 4437 Πνεύματι,
1286 4371 1347 4420 τὸ
1382 4369 1457 4439 μὴ
1484 4370 1584 4439 τῆς
1626 4370 1794 4439 αὐτῆς
1824 4369 2035 4438 φύσεως

2142 4372 2377 4440 Spiritus
2416 4377 2640 4424 sanctus
2688 4384 2796 4421 non
2830 4368 3134 4437 appelletur
3161 4368 3303 4421 Deus
3351 4369 3432 4437 (ut
3465 4366 3708 4435 ipsorum

466 4450 604 4508 εἶναι
627 4455 704 4525 τῷ
738 4458 914 4526 Ila.th
958 4459 1052 4511 καὶ
1084 4458 1162 4529 τῷ
1202 4458 1316 4530 Υἱῷ
1342 4458 1403 4511 τὸ
1436 4460 1659 4530 Πνεῦμα
1696 4461 2036 4514 κατασκευάο

466 4546 648 4609 ζουσιν
670 4564 684 4579 ο
717 4547 1030 4601 λαϐέτωσαν
1070 4550 1170 4617 τῆς
1212 4551 1440 4620 ἀνοήτου
1484 4552 1661 4605 αὐτῶν
1692 4552 2037 4623 βλασφημίας

466 4636 555 4688 τὸν
576 4636 701 4706 ὅφιν
729 4639 1055 4709 κατήγορον.
1103 4640 1191 4703 Ὠς
1215 4640 1321 4711 γάρ
1349 4643 1510 4712 ἡμεῖς
1540 4659 1718 4711 φαμεν
1749 4643 1828 4695 ὄτι
1857 4644 1888 4711 ἠ
1919 4642 2038 4696 θεία

466 4726 626 4796 φύσις
655 4728 823 4795 ὄνομα
874 4729 1263 4801 σημαντικὸνῆ
1294 4731 1393 4783 ούκ
1432 4730 1541 4801 ἔχει
1590 4733 1787 4801 ἑαυτῆς
1825 4732 1858 4802 ἢ
1905 4735 2038 4803 ἡμῖν

464 4822 564 4874 οὐκ
613 4820 724 4891 ἔχει
750 4835 765 4852 ⁸
815 4820 930 4873 ἀλλ’
962 4822 1016 4873 εἴ
1042 4839 1094 4874 τι
1124 4824 1216 4875 καὶ
1246 4822 1459 4890 λέγεται
1491 4823 1600 4876 εἴτε
1626 4824 1777 4893 παρὰ
1804 4824 1901 4893 τῆς
1945 4826 2038 4877 ἀν-

465 4912 744 4981 θρωπίνης
783 4911 1089 4980 συνηθείας,
1134 4911 1244 4964 εἴτε
1271 4914 1421 4982 παρά
1454 4914 1551 4983 τῆς
1595 4913 1757 4981 ἁγίας
1790 4914 2034 4983 Γραφῆς,

462 5002 571 5055 τῶν
594 5019 645 5055 τι
670 5000 798 5072 περὶ
827 5002 996 5073 αὐτὴν
1019 5002 1510 5073 άποσημανθέντων
1540 5004 1686 5056 ἐστίν
1713 5020 1726 5033 ·
1758 5002 1893 5074 αὐτὴ
1922 5004 1979 5056 δὲ
2002 5005 2035 5073 ἡ

466 5093 584 5147 θεία
630 5093 792 5160 φύσις
850 5094 1125 5165 ἇφραστός
1168 5111 1227 5147 τε
1276 5096 1370 5147 καὶ
1428 5095 1805 5165 ἀνεκφώνητος
1865 5094 2034 5165 μένει,

466 5184 862 5253 ὑπερϐαίνουσα
890 5185 1069 5237 πᾶσαν
1113 5184 1210 5255 τὴν
1239 5184 1333 5237 διέλιΔ
1366 5186 1546 5255 φωνῆς
1582 5186 1855 5255 σημασίαν
1880 5201 1894 5216 ·
1946 5184 2037 5238 εὖ·

468 5290 655 5346 καιρον
682 5272 833 5346 οἶμαι
865 5275 1021 5329 τοῦτο
1048 5276 1148 5345 τῆς
1188 5277 1406 5347 Γραφῆς
1438 5277 1565 5347 ὑμῖν
1607 5277 1947 5347 παραθέσθαι
1979 5279 2039 5331 τὸ

470 5365 652 5436 μέρος,
681 5366 709 5417 ὃ
740 5368 872 5436 πρὸς
897 5367 998 5437 τὴν
1024 5366 1166 5421 Εὕαν
1186 5368 1457 5437 διεξῆλθεν
1485 5371 1511 5421 6
1536 5369 1677 5437 ὄφις,
1717 5369 1925 5434 δεικνὺς
1958 5372 2036 5423 ὅτι

468 5456 527 5507 τὸ
553 5456 651 5526 τῆς
685 5457 935 5528 θεότητος
967 5459 1137 5529 ὄνομα
1182 5461 1279 5529 τῆς
1315 5460 1577 5529 ὁρατικῆς
1618 5462 1895 5531 ἐνεργείας
1939 5462 2035 5530 τὴν

470 5548 738 5617 σημασίαν
764 5549 897 5617 ἔχει.
932 5550 1319 5620 Συμεουλεύων
1352 5550 1458 5620 γὰρ
1509 5550 1745 5619 ἅψασθαι
1775 5552 1884 5602 τῶν
1927 5553 2033 5604 ἀπ-

504 5704 507 5707 ’
571 5728 619 5761 ’³
649 5728 750 5784 lsa.
785 5746 859 5793 Ix,
889 5733 941 5785 6.

2133 4463 2321 4517 saltem
2371 4462 2555 4530 opinio
2587 4459 2691 4513 fert
2726 4479 2738 4513 :
2771 4474 2876 4513 non
2912 4458 3059 4513 enim
3112 4474 3212 4513 nos
3260 4472 3383 4511 cum
3437 4458 3546 4510 illis
3576 4473 3709 4510 con-

2132 4553 2464 4620 cordamus),
2497 4561 2550 4606 et
2580 4552 2731 4605 aiunt
2773 4560 2982 4605 naturae
3009 4551 3228 4619 quidem
3264 4548 3706 4619 signiticatricem

2134 4662 2256 4700 esse
2296 4661 2482 4698 vocem
2518 4644 2764 4707 deitatis;
2814 4650 2868 4697 et
2898 4642 3042 4711 quod
3090 4642 3194 4695 hoc
3240 4657 3436 4694 nomen
3480 4639 3707 4710 Spiritui

2136 4742 2325 4790 sancto
2353 4733 2661 4804 impositum
2700 4748 2807 4785 non
2840 4734 2930 4795 sit,
2974 4746 3080 4785 non
3115 4732 3361 4799 ejusdem
3394 4746 3516 4783 cum
3551 4729 3710 4782 Patre

2136 4843 2199 4881 ac
2248 4825 2385 4879 Filio
2425 4835 2636 4879 natura:
2691 4823 2954 4895 Spiritum
2999 4832 3249 4877 sanctum
3298 4837 3421 4876 esse
3474 4820 3706 4890 lingunt,

2136 4918 2406 4987 accipiant
2448 4925 2757 4986 serpentem
2798 4916 2952 4969 illum
2987 4914 3166 4968 stulta:
3201 4928 3312 4968 suae
3353 4913 3710 4980 vituperatio-

2135 5008 2222 5061 nis
2270 5021 2333 5059 ac
2382 5005 2777 5059 maledicentia:
2806 5013 3184 5059 accusatorem
3216 5021 3228 5055 :
3266 5001 3707 5071 quandoquidem

2134 5097 2279 5151 enim
2328 5110 2428 5149 nos
2483 5095 2719 5149 dicimus
2766 5094 3008 5147 divinam
3063 5099 3309 5146 naturam
3354 5106 3550 5145 nomen
3599 5107 3709 5157 quo

2137 5186 2492 5252 significetur,
2546 5194 2639 5237 aut
2692 5201 2800 5238 non
2848 5184 3068 5248 habere,
3118 5192 3210 5235 aut
3259 5183 3417 5236 nobis
3456 5198 3563 5235 non
3605 5184 3707 5235 ha-

2135 5280 2296 5343 bere;
2335 5277 2426 5331 sed
2476 5276 2521 5329 si
2556 5274 2698 5345 quod
2735 5274 2900 5328 etiam
2943 5273 3149 5327 dicitur
3191 5273 3305 5326 sive
3348 5289 3377 5326 a
3413 5282 3708 5327 consuetu-

2134 5370 2261 5423 dine
2290 5370 2544 5429 lmmana,
2578 5366 2693 5419 sive
2724 5380 2752 5417 a
2787 5374 2980 5417 saneta
3030 5362 3317 5433 Scriptura
3349 5364 3553 5434 aliquid
3586 5379 3707 5417 esse

2133 5476 2321 5513 eorum
2335 5475 2454 5529 qua:
2471 5459 2614 5511 circa
2633 5472 2753 5511 eam
2776 5463 3035 5509 notantur
3053 5463 3106 5509 et
3121 5470 3243 5509 esse
3262 5455 3706 5508 animadvertun-

2133 5560 2249 5616 tur,
2281 5552 2451 5620 ipsam
2480 5564 2606 5604 vero
2635 5548 2873 5603 divinam
2901 5532 3629 5616 naturaminexplicabilem
3654 5554 3705 5598 et

1035 5732 1354 5800 ’Hlebrwr,
1399 5732 1482 5787 13.
1524 5734 1566 5762 ³ο
1608 5731 1745 5785 Psal.
1789 5746 1916 5796 Lvtt,
1950 5731 2001 5783 ι.
2081 5730 2119 5762 ³¹
2160 5729 2286 5784 ibid.
2326 5731 2381 5783 5.
