4154 6354
351 271 450 300 ἓῗἿθῘ

295 333 301 344 ἵ
346 288 378 322 ἷι
397 288 452 326 ἐξ)

1547 275 1605 329 S.
1646 269 1978 330 GREGORII
2018 270 2303 329 NYSSENI

3503 270 3608 329 57E

338 382 667 438 inellabilem
691 398 931 450 manere,
956 384 1240 443 et'omnem
1267 403 1388 458 qum
1407 403 1500 457 per
1517 403 1704 444 vocem
1726 387 1804 451 lit,
1830 402 1918 442 su-

2035 385 2430 457 ηγορευμένων,
2471 387 2627 442 τοῦτο
2659 386 2758 456 τῆς
2787 384 3070 456 παρακοῆς
3103 383 3283 446 αὐτοῖς
3314 383 3374 436 τὸ
3423 383 3609 453 κέρδος

338 489 531 541 peroro
559 475 1017 544 signiﬁcationem
1052 493 1065 529 :
1099 478 1482 547 tempestivum
1515 477 1732 530 videtur
1777 477 1919 530 hanc

341 565 497 618 vobis
532 564 835 634 Scriptura:
877 576 1084 636 partem
1120 583 1445 637 proponere,
1478 567 1622 635 Quod
1657 565 1724 620 ad
1754 564 1919 622 Evam

342 658 590 726 loquitur
644 658 735 712 ille
793 675 1046 727 serpens,
1103 659 1402 715 ostendens
1451 657 1674 712 deitatis
1723 671 1921 711 nomen

343 751 562 806 videndi
598 750 901 806 eﬂicientire
924 751 1207 806 continere
1251 750 1734 821 signiﬁcationem.
1780 747 1923 805 Sua-

343 844 482 898 dens
523 845 666 900 enim
711 844 793 898 eis
847 850 908 896 ut
945 844 1142 907 vetitos
1196 841 1409 898 fructus
1463 849 1770 911 gustarem,
1818 840 1924 896 hoc

346 936 497 1005 ipsos
543 952 608 990 ex
649 935 1013 990 inobodientia
1051 935 1398 992 commodum
1445 949 1508 988 ac
1544 934 1756 988 lucrum
1793 947 1926 987 con-

347 1036 641 1082 secuturos
711 1043 833 1084 esse
906 1027 1213 1096 pollicetur.
1283 1027 1640 1096 Aperiantur,
1703 1025 1922 1093 inquit.

348 1118 488 1177 oculi
513 1118 690 1179 vestri,
731 1125 781 1171 et
809 1119 958 1172 eritis
984 1120 1118 1172 sicut
1150 1117 1228 1172 dii
1251 1120 1318 1173 ³².
1350 1117 1518 1174 Vides
1547 1116 1693 1188 quod
1739 1132 1925 1171 vocem

347 1210 570 1264 deitatis
603 1210 656 1264 in
689 1224 811 1264 sese
840 1209 1101 1264 cernendi
1132 1208 1434 1266 eﬂicientiee
1471 1209 1926 1280 signiﬁcationem

350 1302 637 1356 continere
664 1309 917 1356 testatur.
965 1300 1085 1355 Non
1127 1302 1272 1356 enim
1321 1309 1501 1370 potest
1534 1300 1739 1369 aliquid
1778 1299 1929 1354 cerni

351 1393 458 1448 nisi
498 1393 676 1446 oculis
712 1392 936 1460 apertis.
977 1392 1121 1461 Ergo
1159 1407 1266 1446 non
1303 1404 1582 1454 naturam.
1622 1391 1718 1448 sed
1755 1391 1928 1446 facul-

353 1492 519 1538 tatem
551 1483 772 1538 vidondi
809 1481 1084 1554 signiﬁcat
1115 1483 1408 1552 appellatio
1448 1484 1690 1540 deitatis.
1738 1483 1930 1539 Nonne

354 1577 522 1643 igitur
572 1574 903 1628 conﬁtentur
939 1573 1202 1644 Spiritum
1250 1585 1500 1632 sanctum
1564 1577 1791 1634 videre?
1846 1578 1933 1634 An

353 1667 518 1720 etiam
554 1665 622 1721 de
669 1665 772 1720 hoc
818 1665 1190 1722 contendent?
1238 1666 1373 1722 Nam
1426 1669 1472 1724 si
1519 1669 1736 1739 quidem
1767 1670 1932 1734 videt,

2021 479 2540 547 κατεπαγγέλλεται,
2567 480 2650 532 ὅτι
2673 477 3113 546 Ἀνοιγήσονται
3133 473 3296 544 ὑμῶν
3316 477 3369 529 οι
3387 476 3609 543 ὀφθαλ-

2015 571 2152 639 μοὶ,
2216 571 2314 624 καί
2379 572 2596 624 ἔσεσθε
2655 571 2736 635 ὡς
2784 569 2929 624 θεοί.
2992 568 3154 638 Ὁρᾷς
3214 568 3297 620 ὄτι
3356 566 3615 636 θεατικὴν

2023 660 2307 732 ἐνέργειαν
2351 661 2762 730 προσμαρτυρεῖ
2804 661 2870 728 τῇ
2905 658 3054 727 φωνῇ
3089 656 3186 726 τῆς
3217 655 3490 726 θεότητος.
3527 658 3604 709 Οὐ

2024 753 2129 822 γὰρ
2155 751 2269 804 ἔστι
2299 750 2594 804 θεάσασθαί
2623 768 2678 803 τι
2703 749 2778 820 μὴ
2805 748 2912 804 τῶν
2938 746 3231 818 ὀφθαλμῶν
3261 749 3608 816 ἁνοιγέντων.

2026 844 2233 898 Οὐκοῦν
2264 844 2386 914 οὐχὶ
2427 843 2526 912 τὴν
2554 842 2737 912 φύσιν,
2786 840 2920 895 ἀλλὰ
2953 839 3051 912 τὴν
3081 839 3344 910 θεατικὴν
3383 840 3613 911 δύναμμν

2026 939 2060 1008 ὴ
2085 937 2185 1006 τῆς
2207 936 2463 1008 θεότητος
2495 933 2832 1008 προσηγορία
2863 933 3211 1003 παρίστησιν.
3240 928 3366 1003 'Ap‘
3398 928 3491 986 οὖν
3517 934 3615 1004 οὐχ

2025 1028 2342 1099 ὁμολογοῦσι
2375 1026 2668 1081 θεάσασθαι
2708 1026 2770 1078 τὸ
2818 1023 3040 1094 Πνεῦμα
3084 1025 3144 1077 τὸ
3178 1025 3362 1092 ἀγιον;
3415 1024 3484 1076 Ἢ
3521 1025 3613 1076 καὶ

2028 1121 2155 1192 περὶ
2180 1119 2370 1172 τούτου
2402 1117 2912 1190 ζυγομαχήσουσιν;
2971 1116 3035 1168 Εἰ
3067 1116 3166 1185 μὲν
3208 1115 3315 1185 γὰρ
3343 1115 3614 1181 τεθέαται,

2027 1217 2093 1284 τῇ
2121 1213 2367 1284 ἐνεργείᾳ
2407 1212 2626 1269 πάντως
2654 1206 3048 1278 ἐπονομάζεται
3071 1223 3085 1237 ·
3137 1208 3186 1259 εί
3239 1207 3294 1259 δὲ
3339 1207 3431 1258 καὶ
3461 1207 3618 1260 τοῦτο

2029 1302 2252 1372 ζητοῦσι
2279 1301 2422 1370 λόγῳ
2453 1299 2670 1372 μαθεῖν,
2702 1297 2954 1370 περιττὸν
2986 1297 3084 1367 μὲν
3110 1299 3222 1359 τοῖς
3253 1296 3618 1367 ὁμολογουμέ-

2030 1412 2140 1457 νοις
2159 1392 2532 1464 ἐνδιατρίϐειν·
2558 1390 2697 1461 πλὴν
2719 1388 2853 1444 ἀλλὰ
2882 1387 3207 1460 προσθῶμεν
3226 1390 3337 1450 τοῖς
3368 1387 3618 1454 ἀγνοοῦσι

2031 1489 2126 1542 καὶ
2159 1486 2345 1540 τοῦτον
2372 1486 2431 1540 ὲν
2461 1482 2812 1555 μακροθυμίᾳ
2851 1479 3176 1548 τὸνλόγον·
3211 1479 3308 1543 Τίς
3337 1479 3430 1532 τοῦ
3466 1480 3618 1532 Ἀνα-

2032 1581 2146 1634 νίου
2180 1578 2280 1648 τὴν
2328 1575 2632 1647 ἱεροσυλίαν
2679 1571 3000 1642 ὲφώρασεν;
3055 1569 3178 1634 Πῶς
3227 1569 3368 1638 ἔγνω
3415 1569 3619 1639 Πέτρος

2035 1672 2197 1726 αὑτὸν
2242 1668 2432 1724 ἑαυτοῦ
2477 1667 2568 1721 τὸν
2612 1664 2862 1720 Ἀνανίαν
2899 1663 3139 1728 κλέπτην
3181 1661 3507 1732 γενόμενον,
3557 1661 3623 1730 ἣν

356 1757 427 1810 ab
449 1756 737 1812 ellicientia
769 1771 999 1826 prorsus
1021 1757 1443 1826 cognominatur
1468 1775 1483 1812 :
1509 1759 1594 1813 sin
1625 1767 1804 1816 autem
1830 1761 1932 1815 hoc

2035 1767 2091 1818 ὲν
2115 1760 2443 1832 παραϐύστῳ
2474 1757 2611 1829 μετὰ
2643 1756 2743 1826 τῆς
2766 1753 3038 1825 ὁμοζύγου
3086 1753 3246 1824 μόνος
3290 1731 3582 1822 εἰργάσατο
3609 1768 3626 1817 ;

357 1849 521 1902 etiam
571 1848 788 1903 ratione
821 1855 986 1918 atque
1030 1849 1282 1905 oratione
1333 1865 1456 1906 sese
1486 1851 1672 1907 doceri
1722 1853 1936 1910 deside-

361 1947 504 2003 rant,
535 1938 639 1995 etsi
662 1954 1061 2008 supervacuum
1093 1939 1309 2009 quidem
1334 1950 1421 1996 est
1455 1941 1729 2000 confessis
1757 1945 1936 2014 iisque

362 2026 528 2080 rebus
563 2025 632 2082 dc
684 2026 886 2094 quibus
922 2034 1144 2081 constat
1193 2027 1476 2083 immorari
1500 2069 1516 2094 ,
1557 2037 1933 2084 verumtamen

361 2116 506 2171 hanc
535 2131 754 2187 quoque
792 2131 918 2173 cum
957 2118 1125 2174 animi
1172 2118 1396 2173 lenitate
1433 2119 1814 2190 ignorantibus
1845 2122 1940 2178 ad-

363 2208 620 2276 iiciamus
651 2207 975 2265 orationem.
1008 2207 1143 2275 Quis
1193 2207 1420 2264 Ananiae
1450 2210 1798 2281 sacrilegium
1847 2212 1943 2270 de-

365 2301 700 2370 prehendit?
751 2299 856 2366 Qui
926 2301 1122 2360 Petrus
1168 2301 1389 2357 rescivit
1437 2303 1704 2362 Ananiam
1762 2303 1944 2374 ipsum

366 2393 446 2460 rei
482 2406 594 2446 sua:
630 2391 804 2446 furem
853 2391 1045 2454 fuisse.
1079 2392 1227 2462 quod
1269 2393 1620 2463 sacrilegium
1660 2411 1767 2449 una
1817 2412 1942 2450 cum

370 2481 603 2552 conjuge
633 2482 787 2536 solus
829 2481 885 2536 in
920 2483 1140 2538 occulto
1169 2483 1559 2540 commiserat?
1597 2483 1791 2542 Nonne
1826 2486 1948 2557 Spi-

369 2571 513 2626 ritus
563 2579 790 2627 sanctus
837 2582 892 2627 et
941 2573 995 2626 in
1048 2573 1213 2628 Petro
1257 2583 1398 2640 erat,
1449 2577 1674 2633 Ananiae
1714 2577 1948 2637 Satanas

370 2661 596 2716 aderat?
625 2663 832 2718 Idcirco
870 2664 1006 2719 dicit
1036 2663 1251 2728 Petrus,
1289 2665 1401 2720 Cur
1447 2669 1681 2738 implevit
1713 2670 1948 2728 Satanas

373 2771 467 2808 cor
491 2764 660 2818 tuum,
696 2768 754 2809 ut
804 2757 1098 2811 mentireris
1131 2756 1356 2826 Spiritui
1378 2770 1559 2818 sancto
1588 2762 1614 2815 2’
1647 2779 1749 2818 non
1809 2781 1953 2826 men-.-

376 2848 504 2913 tirus
533 2863 586 2903 σε
613 2847 930 2915 hominibus,
951 2849 1042 2909 sed
1071 2849 1184 2904 Deo
1198 2851 1267 2904 ⁸³.
1287 2852 1759 2918 Quemadmodum
1790 2857 1954 2928 igitur

376 2939 425 2994 ie
459 2941 550 3008 qui
583 2939 717 2992 dicit
750 2959 764 2995 :
792 2938 894 3006 Qui
931 2940 1135 2998 animal
1180 2944 1395 3000 ratione
1430 2946 1716 3014 praeditum
1759 2957 1954 3004 contu-

2034 1855 2111 1911 Οὐ
2138 1856 2198 1910 τὸ
2231 1853 2454 1923 Πνεῦμα
2494 1851 2556 1904 τὸ
2591 1851 2742 1919 ἅγιον
2787 1847 2879 1901 καὶ
2921 1847 2980 1900 ὲν
3032 1845 3224 1915 Πέτρῳ
3268 1839 3358 1914 ἦν,
3401 1843 3496 1896 καὶ
3543 1843 3624 1911 τῷ

2048 1947 2264 2018 ’Λνανίᾳ
2307 1946 2336 1999 6
2366 1943 2608 2006 Σατανᾶς
2657 1939 2876 2011 παρῆνς
2926 1937 3024 1992 Διὰ
3071 1934 3230 1989 τοῦτό
3265 1951 3434 2004 φησιν
3463 1937 3492 1988 6
3525 1935 3628 1987 Πέ-

2036 2057 2160 2112 τρος
2172 2058 2185 2070 ·
2202 2041 2302 2104 Εἰς
2320 2038 2375 2091 τί
2393 2035 2752 2104 ἐπλήρωσεν
2768 2033 2800 2085 d
2817 2027 3089 2096 Σατανᾶς
3112 2026 3227 2094 τὴν
3246 2025 3498 2096 καρδίαν
3512 2043 3628 2080 σου

2037 2129 2383 2201 ψεύσασθαί
2416 2143 2490 2183 σε
2525 2126 2589 2180 τὸ
2614 2123 2853 2192 Πνεῦμα
2877 2123 2943 2176 τὸ
2984 2121 3198 2192 (irier;
3235 2122 3357 2174 Οὐκ
3388 2120 3632 2188 ἐψεύσω

2039 2220 2386 2287 ἀνθρώποις,
2428 2218 2588 2275 cum
2616 2215 2698 2280 τῷ
2734 2213 2878 2279 Θεῷ.
2922 2214 3136 2284 Ὥσπερ
3177 2211 3356 2265 τοίνυν
3384 2213 3412 2264 6
3453 2210 3630 2277 λέγων

2041 2311 2205 2368 ὅτιτὸ
2227 2310 2442 2380 λογικὸν
2471 2307 2720 2379 ὑϐρίσας,
2737 2305 2829 2360 τὸν
2853 2303 3137 2374 ἄνθρωπον
3166 2303 3406 2374 ὕϐρισεν,
3431 2303 3531 2354 οὐκ
3553 2303 3631 2363 εἰς

2043 2405 2135 2460 δύο
2149 2403 2298 2466 τινὰς
2314 2402 2468 2472 φέρει
2489 2401 2588 2472 τὴν
2608 2399 2786 2470 ὓϐριν,
2809 2399 2943 2452 ἀλλὰ
2966 2397 3103 2468 πρὸς
3125 2396 3185 2449 ἐν
3209 2398 3324 2448 ἐστι
3344 2395 3634 2466 πρόσωπον

2046 2493 2081 2563 ἡ
2101 2489 2346 2561 ἀναφορὰ
2367 2489 2641 2558 διαφόροις
2665 2487 2914 2557 ίδιώμασι
2934 2485 3353 2556 γνωριζόμενοψ
3380 2483 3524 2537 οὕτω
3539 2481 3634 2534 καὶ

2047 2585 2075 2638 6
2109 2582 2346 2653 Πέτρος,
2398 2580 2491 2634 καὶ
2539 2579 2761 2649 Πνεῦμα
2802 2578 2897 2633 καὶ
2941 2577 3074 2630 Θεὸν
3124 2574 3294 2630 εἰπὼν
3340 2573 3490 2644 παρὰ
3535 2571 3635 2624 τοῦ

2061 2673 2302 2732 ’Δνανίου
2344 2670 2766 2740 διεψευσμένον,
2810 2667 3007 2722 ταύτὸν
3051 2666 3121 2720 τὰ
3153 2665 3245 2718 δύο
3286 2667 3395 2727 τοῖς
3423 2662 3635 2715 νοοῦσιν

2051 2763 2290 2826 εὐσεϐῶς
2331 2761 2733 2819 ἀποδείκνυσιν.
2797 2759 2958 2813 Ἀλλὰ
3003 2756 3296 2827 γενοίμεθα
3343 2756 3437 2808 καὶ
3474 2755 3632 2825 ἡμεῖς

2051 2854 2344 2930 διορατικοὶ
2380 2853 2480 2923 τῆς
2527 2851 2808 2922 ἀληθείας,
2859 2851 2954 2903 καὶ
2979 2850 3193 2919 μέτοχοι
3222 2848 3318 2917 τῆς
3362 2846 3642 2916 θεότητος,

2055 2946 2197 3003 κατὰ
2224 2946 2322 3016 τὴν
2353 2942 2560 3015 δωρεὰν
2591 2942 2685 2997 τοῦ
2735 2941 2889 3010 ἁγίου
2939 2939 3255 3010 Eveniunt-co;
3306 2940 3365 2991 ὲν
3414 2936 3637 3008 Χριστῷ

379 3031 540 3084 melia
579 3030 763 3094 allicit,
808 3031 1082 3088 hominem
1117 3035 1450 3094 contumelia
1499 3035 1686 3102 allicit.
1726 3055 1834 3094 non
1886 3055 1934 3096 at

2070 3041 2244 3113 Ἰησοῦ
2274 3039 2350 3110 τῷ
2378 3038 2569 3109 Κυρίῳ
2596 3037 2775 3108 ἡμῶν,
2822 3028 2866 3102 ᾧ
2896 3036 2929 3104 ὴ
2961 3033 3090 3100 δόξα
3120 3033 3216 3086 καὶ
3237 3030 3298 3084 τὸ
3327 3029 3523 3101 κράτος
3559 3029 3638 3091 είς

380 3121 520 3175 duos
569 3121 838 3192 quosdam
885 3122 1050 3178 refert
1089 3125 1508 3191 contumeliam.
1541 3129 1637 3184 sed
1683 3131 1752 3186 ad
1785 3148 1934 3188 unau

2060 3135 2185 3196 τοὺς
2211 3131 2412 3194 αἰῶνας
2435 3129 2543 3182 τῶν
2572 3127 2803 3183 αἰώνων.
2849 3127 3044 3197 ’Δμὴν.

382 3230 672 3285 personam
711 3232 832 3285 quae
889 3217 1123 3274 diversis
1180 3222 1606 3290 proprietatibus
1659 3231 2008 3298 cognoscitur
2053 3229 2249 3286 relatio
2303 3227 2404 3281 ﬁt:
2452 3227 2526 3280 ita
2586 3224 2784 3280 Petrus
2825 3237 3074 3294 quoque.
3125 3234 3250 3274 cum
3301 3226 3356 3273 et
3415 3216 3640 3287 Spiritui

386 3316 578 3364 Saltem
632 3318 687 3364 Cl
755 3309 866 3364 000
917 3311 1146 3372 dixisset
1187 3313 1456 3372 Auaniam
1505 3331 1628 3374 esse
1677 3324 1987 3391 mentitum,
2026 3339 2140 3380 rem
2174 3322 2422 3378 eamdem
2463 3334 2560 3388 per
2595 3317 2704 3371 duo
2741 3316 3008 3372 vocabula
3057 3313 3145 3384 pie
3219 3309 3645 3379 iutelligentibus

387 3402 745 3460 demonstrat.
807 3403 1006 3460 Verum
1057 3406 1358 3463 eilieiamur
1422 3411 1586 3466 etiam
1643 3430 1744 3472 nos
1811 3418 1956 3474 dono
2018 3419 2256 3490 Spiritus
2310 3414 2485 3470 sancti
2538 3412 2882 3482 perspicaccs
2928 3407 3176 3464 veritatis
3228 3403 3648 3473 investigatores

390 3504 442 3546 ⁰¹
498 3492 789 3574 Damam“
827 3493 1081 3556 deum“.
1155 3511 1253 3566 per
1298 3496 1578 3554 Christum
1646 3501 1833 3562 .lesum
1882 3507 2171 3564 Dominum
2209 3514 2490 3570 nostrum,
2525 3501 2614 3557 cui
2663 3501 2836 3572 gloria
2884 3507 3048 3570 atque
3094 3494 3384 3566 imperium
3428 3492 3484 3547 in
3533 3505 3650 3546 sa:-

393 3583 515 3638 cula
545 3585 888 3637 sareulorum.
926 3584 1118 3640 Amen.

471 3759 515 3792 ³²
557 3760 686 3817 Gen.
726 3777 804 3826 ιιι,
843 3761 894 3816 5.
973 3763 1015 3796 ³³
1050 3767 1170 3820 Act.
1197 3781 1249 3831 ν,
1275 3767 1334 3822 3.
