4154 6354
470 366 568 421 ῧἾἹ

1686 358 1750 412 IN
1791 355 2193 413 B.\PTISMU.\I
2230 355 2530 411 CHRISTI.

787 486 3744 523 ,Μ

1753 648 1981 734 ΤΟΥ
2062 647 2437 733 ΑΥΤΟΥ

891 862 1136 975 ΕΙΣ
1227 861 1543 975 ΤΗΝ
1640 861 2301 976 ΗΜΕΡΑΝ
2366 862 2669 976 ΤΩΝ
2736 864 3280 1011 ΦΩΤΩΝ,

1629 1073 1718 1127 Ἐν
1752 1067 1785 1146 ᾖ
1807 1071 2107 1145 ἐϐαπτίσθη
2132 1074 2161 1127 ὁ
2177 1072 2379 1146 Κύριος
2411 1075 2580 1145 ἡμῶν.

1786 1399 2380 1507 ,ΕιυδΒΕΜ

1354 1616 1516 1728 ΙΝ
1625 1614 2035 1727 ΒΙΕΜ
2123 1612 2884 1730 LUMINUM

1515 1838 1573 1892 In
1609 1853 1718 1907 quo
1760 1837 2068 1907 baptizatus
2091 1847 2175 1893 est
2208 1835 2470 1893 Dominus
2498 1844 2706 1896 noster.

1771 1987 2023 2040 Laurentio
2045 1987 2217 2053 Silano
2248 1988 2444 2055 interpr.

2072 2165 2143 2179 .—

540 2314 656 2370 Νῦν
708 2315 957 2387 γνωρίζω
989 2314 1086 2385 τὴν
1143 2312 1280 2383 ἐμὴν
1308 2311 1532 2381 ἀγέλην,
1582 2313 1822 2383 σήμερον
1876 2311 2056 2382 βλέπω

2238 2308 2395 2364 Nunc
2431 2325 2674 2380 agnosco
2698 2324 2876 2365 meum
2912 2326 3161 2383 gregem;
3212 2314 3377 2373 hodie
3430 2318 3586 2374 video
3644 2321 3735 2377 for-

473 2411 659 2481 σχῆμα
710 2408 808 2475 τῆς
852 2406 1177 2477 Ἐκκλησίας
1232 2405 1293 2457 τὸ
1319 2403 1584 2474 σύνηθες,
1621 2405 1785 2475 ἡνίκα
1824 2406 1916 2458 καὶ
1958 2405 2065 2458 τῶν

474 2503 750 2573 σαρκικῶν
785 2499 1082 2571 φροντίδων
1108 2498 1204 2567 τὴν
1236 2497 1490 2567 ἀσχολίαν
1550 2499 1883 2567 μισήσαντες
1910 2537 1925 2561 ,
1947 2499 2067 2551 ἁκε·

476 2596 608 2666 fuitp
636 2592 714 2663 τῷ
762 2590 1089 2661 πληρώματι
1130 2589 1266 2659 πρὸς
1314 2590 1411 2660 τὴν
1451 2589 1747 2660 θεραπείαν
1784 2589 1879 2641 τοῦ
1923 2590 2058 2642 Θεοῦ

477 2686 842 2757 συνεδράμετε
868 2700 881 2714 °
916 2684 1006 2737 καὶ
1042 2684 1366 2753 στενοχωρεῖ
1399 2681 1500 2752 μὲν
1539 2683 1567 2735 ὁ
1594 2680 1719 2744 λαὸς
1764 2680 1855 2734 τὸν
1889 2676 2059 2744 οἷκον,

475 2780 607 2831 εἴσω
631 2776 740 2831 τῶν
774 2776 936 2847 ἱερῶν
964 2774 1171 2827 ἀδύτων
1192 2774 1477 2845 γινόμενος
1496 2789 1509 2801 ·
1532 2774 1733 2844 πληροῖ
1755 2774 1811 2826 δὲ
1839 2774 1929 2827 τὸν
1957 2774 2063 2840 ἔξω

472 2870 647 2940 χῶρον
693 2870 750 2921 ἐν
787 2870 901 2930 τοῖς
935 2866 1459 2938 προτεμενίσμασιν,
1518 2866 1641 2918 ὅσον
1688 2866 1749 2919 οὐ
1802 2869 2061 2938 χωρεῖται

473 2961 623 3032 παρὰ
651 2960 757 3013 τῶν
792 2958 955 3019 ἔνδον,
992 2958 1133 3010 κατᾶ
1164 2957 1263 3027 τὴν
1304 2958 1485 3010 εἰκόνα
1510 2956 1620 3008 τῶν
1676 2956 1962 3027 μελισσῶν.
1995 2958 2060 3010 Ai

476 3052 573 3122 μὲν
599 3051 708 3122 γὰρ
740 3050 885 3103 ἔνδον
917 3047 1262 3120 ἐργάζονται,
1286 3049 1340 3100 αἱ
1364 3048 1420 3100 δὲ
1442 3047 1639 3111 ἔξωθεν
1667 3048 2059 3119 περιϐομϐοῦσι

470 3146 531 3197 τὸ
558 3144 781 3214 σμῆνος.
816 3141 1000 3205 Οὕτως
1029 3137 1122 3195 οὖν
1154 3143 1378 3202 ποιεῖτε,
1406 3134 1450 3192 ὦ
1479 3140 1696 3203 παῖδες,
1729 3142 1823 3193 καὶ
1852 3143 2058 3210 μήποτε

473 3233 673 3302 ταύτην
698 3232 796 3302 τὴν
837 3230 1073 3299 σπουδὴν
1102 3228 1425 3298 ἁπολίπητε.
1472 3228 1652 3291 Πάθος
1678 3230 1786 3299 γὰρ
1815 3229 2059 3299 ὁμολογῶ

472 3327 697 3393 πάσχων
735 3321 1113 3392 ποιμαντικδν,
1163 3320 1258 3371 καὶ
1292 3318 1555 3388 βούλομαι
1587 3320 1678 3371 ἐπὶ
1704 3320 1802 3389 τῆς
1848 3319 2058 3391 ὑψηλῆς

471 3414 676 3482 ταύτης
705 3411 1011 3479 καθήμενος
1040 3409 1271 3470 σκοπιᾶς
1296 3448 1309 3470 ,
1340 3407 1523 3477 κύκλῳ
1549 3409 1677 3477 περὶ
1702 3409 1827 3471 τοὺς
1852 3409 2058 3479 πρόπο-

470 3502 566 3564 δας
590 3502 690 3569 τῆς
723 3498 967 3570 κορυφῆς
1011 3496 1230 3566 βλέπειν
1266 3495 1626 3566 ἠθροισμένον
1670 3498 1729 3549 τὸ
1764 3498 2012 3567 ποίμνιον
2037 3515 2051 3528 °

473 3596 568 3646 καὶ
596 3592 765 3653 οὕτως
807 3606 897 3661 μοι
930 3587 1241 3658 συμϐαίνει,
1277 3586 1587 3656 προθυμίας
1614 3605 1673 3639 τε
1703 3588 2054 3659 ἑμπίπλαμαι

473 3683 813 3754 θαυμαστῆς,
842 3681 937 3734 καὶ
967 3681 1164 3749 κάμνω
1205 3679 1295 3732 τὸν
1326 3678 1482 3747 λόγον
1522 3679 1716 3749 ἡδέως,
1752 3679 1826 3743 ὡς
1860 3683 1907 3733 οἱ
1940 3699 2057 3734 ποι-

476 3776 635 3845 μένες
659 3774 726 3826 τὰ
764 3773 901 3843 μέλη
932 3770 1000 3824 τὰ
1033 3772 1253 3841 νομαῖα.
1294 3770 1465 3823 ’Ὅταν
1492 3770 1549 3822 δὲ
1580 3770 1783 3841 ἑτέρως
1816 3772 1935 3844 ἔχῃ,
1966 3773 2060 3826 καὶ

472 3868 570 3939 τὴν
602 3867 704 3931 ἔξω
728 3865 934 3933 πλάνην
961 3858 1059 3933 ἦτε
1086 3861 1448 3930 πλανώμενοι,
1464 3861 1538 3924 ὡς
1563 3862 1820 3930 ὑπόγυιον
1845 3865 1937 3917 ἐπὶ
1960 3866 2059 3935 τῆς

477 3957 850 4030 παρελθούσης
866 3955 1149 4026 Κυριακῆς
1171 3954 1526 4023 πεποιήκατε,
1549 3954 1844 4023 σχετλιάζω
1866 3956 2054 4022 πολλὰ,

478 4055 567 4107 καὶ
583 4052 683 4123 τὴν
705 4051 914 4120 σιωπὴν
933 4047 1272 4116 ἁσπάζομαν
1301 4045 1624 4115 βουλεύομαι
1640 4045 1697 4098 δὲ
1721 4047 1818 4116 τὴν
1848 4048 2056 4101 ἐνθένδε

482 4145 672 4214 “me,
694 4144 786 4196 καὶ
812 4141 960 4211 ζητῶ
994 4140 1086 4193 τὺν
1121 4138 1299 4190 Ἠλίου
1321 4135 1414 4189 τοῦ
1435 4138 1713 4207 προφήτου
1744 4137 2053 4211 Κάρμηλον.

475 4238 509 4309 ἦ
532 4255 650 4290 τινα
679 4236 885 4305 πέτραν
904 4232 1182 4301 ἀοίκητον.
1209 4231 1366 4282 Φίλον
1387 4230 1494 4298 γάρ
1513 4245 1629 4292 πως
1651 4231 1762 4293 τοῖς
1788 4229 2059 4299 ἀθυμοῦσι

473 4330 534 4382 τὸ
562 4329 791 4397 ἄμικτον
819 4325 915 4377 καὶ
946 4324 1268 4394 φιλέρημον.
1304 4321 1418 4373 Νῦν
1451 4320 1507 4373 δὲ
1541 4320 1753 4389 βλέπων
1785 4322 1928 4392 ὑμᾶς
1959 4324 2056 4375 σὺν

476 4420 657 4482 αὐτοῖς
684 4420 795 4480 τοῖς
826 4416 1038 4482 γένεσιν
1074 4412 1287 4483 ἀθρόως
1318 4412 1812 4482 πανηγυρίζοντας,
1853 4414 2055 4483 ὑπομι-

478 4512 793 4580 μνήσκομαι
823 4505 1004 4574 λογίου
1037 4503 1401 4575 προφητικοῖη
1442 4503 1470 4555 ὃ
1498 4503 1783 4574 πόρρωθεν
1827 4505 2055 4569 Ἡσαΐας

474 4592 776 4672 ἀνύμνησε,
803 4598 899 4669 τὴν
930 4595 1181 4649 εὔτεκνον
1208 4596 1298 4648 καὶ
1323 4594 1628 4648 πολύπαιδα
1650 4596 2055 4665 προαναφωνῶν

488 4692 830 4760 Ἰεῖκκλησίαν.
866 4689 1051 4751 Τίνες,
1084 4686 1266 4756 φησιν,
1290 4685 1450 4748 οἵδε;
1483 4686 1564 4751 ὡς
1584 4685 2055 4755 νεφέλαιπέτον-

474 4803 588 4848 ται,
614 4783 709 4836 καὶ
743 4782 823 4847 ὡς
853 4779 1187 4847 περιστεραὶ
1226 4777 1348 4831 σὺν
1385 4777 1668 4844 νεοσσοῖς
1698 4780 1789 4831 ἐπ’
1819 4779 1943 4848 ἐμέ.
1978 4781 2051 4833 Οὐ

477 4877 583 4947 μὴν
608 4873 742 4927 ἀλλὰ
769 4871 904 4942 πρὸς
926 4870 1133 4932 τούτοις
1156 4870 1395 4932 κάκεῖνο,
1419 4870 1639 4934 Στενός
1657 4886 1756 4937 μοι
1780 4872 1812 4923 ό
1838 4871 2019 4936 τόπος
2035 4886 2048 4898 ·

2168 2419 2313 2457 matn
2350 2402 2607 2458 Ecclesiae
2638 2413 2984 2470 consuetam,
3016 2407 3236 2475 quando
3255 2410 3418 2463 etiam
3446 2413 3749 2468 carnaliun

2167 2509 2427 2548 curarum
2472 2495 2788 2564 posthabito
2818 2498 3058 2568 negotio.
3091 2498 3241 2567 jnsta
3298 2502 3636 2570 plenitudine
3684 2506 3749 2559 ad

2164 2588 2373 2640 cultum
2416 2585 2512 2641 Dei
2535 2588 2920 2653 concurristls,
2943 2598 3106 2659 atque
3138 2592 3307 2647 aedem
3332 2595 3552 2665 quidem
3580 2614 3723 2669 popu

2165 2678 2254 2731 lus
2293 2685 2588 2747 angustam
2611 2679 2812 2744 reddit,
2845 2680 2987 2733 intra
3028 2696 3185 2736 sacra
3239 2684 3401 2756 adyta
3459 2699 3748 2758 penetrans

2163 2778 2218 2822 et
2250 2769 2565 2839 irrumpens
2590 2787 2604 2823 :
2629 2779 2900 2840 quotquot
2921 2779 3103 2827 autent
3133 2774 3209 2828 ab
3239 2776 3306 2831 iis
3332 2779 3423 2847 qui
3450 2779 3599 2835 intus
3625 2791 3747 2835 sunt

2163 2877 2272 2914 non
2303 2861 2689 2928 admittuntur,
2745 2878 2907 2932 apum
2967 2865 3021 2917 in
3079 2866 3296 2920 modum
3336 2868 3516 2923 locum
3570 2883 3726 2927 exter

2163 2964 2294 3005 num
2324 2952 2379 3005 in
2412 2952 2700 3008 vestibulis
2748 2954 2994 3023 implent.
3056 2956 3189 3009 Nam
3238 2972 3400 3027 apum
3459 2962 3578 3016 alia:
3630 2967 3745 3034 qui-

2162 3042 2284 3096 dem
2345 3043 2492 3097 intus
2553 3044 2607 3096 in
2656 3058 2820 3113 opere
2872 3057 3152 3115 occupata:
3204 3058 3375 3106 sunt:
3437 3054 3555 3108 alia“:
3620 3074 3746 3112 vero

2165 3134 2300 3190 foris
2332 3135 2548 3191 alveare
2578 3135 3061 3206 circumstrepunt.
3107 3138 3199 3194 Sic
3240 3142 3404 3213 igitur
3454 3147 3638 3209 facite.
3709 3166 3744 3203 ο

2161 3226 2279 3289 tilii,
2342 3236 2397 3280 et
2445 3242 2724 3296 nunquam
2757 3227 2861 3282 hoc
2898 3229 3138 3284 studium
3190 3232 3479 3293 deseratis.
3539 3238 3746 3294 Aﬂ‘ectu

2158 3318 2304 3370 enim
2325 3333 2412 3371 me
2428 3319 2691 3387 pastorali
2725 3316 2861 3371 allici
2894 3319 3098 3386 fateor;
3125 3335 3188 3376 ac
3213 3323 3335 3376 volo
3365 3324 3419 3379 in
3441 3324 3543 3381 bac
3570 3330 3743 3382 subli-

2158 3410 2232 3461 mi
2298 3410 2521 3479 specula
2594 3411 2793 3465 sedens
2830 3410 2977 3465 circa
3020 3413 3297 3482 subjectos
3350 3418 3539 3471 vertici
3582 3422 3743 3474 collrs

2157 3501 2399 3571 undique
2413 3512 2799 3572 congregatum
2823 3516 3038 3572 gregem
3058 3509 3305 3559 contueri
3325 3525 3337 3572 ;
3357 3517 3411 3563 et
3428 3511 3515 3565 ubi
3542 3511 3593 3564 id
3615 3507 3745 3566 mibi

2159 3593 2470 3660 contigerit,
2500 3608 2623 3646 cum
2645 3597 2783 3646 mira
2831 3594 3060 3664 impleor
3102 3597 3268 3650 animi
3296 3598 3602 3664 alacritate,
3628 3609 3744 3655 tum

2160 3684 2321 3737 sicuti
2354 3691 2603 3751 pastores
2642 3683 2787 3738 circa
2828 3686 3065 3739 rusticas
3108 3688 3437 3752 cantilenas,
3475 3691 3548 3743 ita
3594 3692 3742 3745 circa

2159 3769 2462 3822 orationem
2494 3783 2715 3833 operam
2735 3784 2895 3823 sumo
2920 3770 3188 3825 lubenter.
3218 3772 3352 3826 Cum
3374 3781 3554 3828 autem
3580 3777 3741 3830 aliter

2159 3877 2219 3915 se
2245 3877 2332 3915 res
2362 3861 2545 3923 habet,
2573 3868 2627 3915 et
2662 3869 2887 3915 externo
2925 3862 3209 3931 gentilium
3248 3878 3438 3918 errore
3495 3870 3744 3936 occupati

2157 3953 2314 4014 estis,
2346 3954 2490 4005 sicut
2520 3968 2628 4006 non
2659 3952 2731 4006 ita
2749 3952 2958 4022 pridem
2984 3953 3224 4023 (nempe)
3256 3956 3529 4023 praeterita
3560 3955 3740 4010 Domi-

2160 4044 2279 4096 nica
2315 4041 2557 4096 fecistis:
2595 4056 2792 4111 magna
2822 4043 3074 4097 molestia
3105 4044 3332 4107 allieior,
3364 4051 3419 4098 et
3466 4045 3740 4099 silentium

2158 4141 2317 4187 teneo
2356 4152 2369 4187 :
2409 4141 2571 4201 atque
2612 4134 2737 4187 binc
2784 4134 2970 4204 fugere
3019 4136 3204 4205 cupio.
3259 4150 3321 4189 ac
3378 4152 3562 4206 quaero
3616 4138 3742 4193 Elim

2158 4224 2437 4293 propheta:
2456 4222 2791 4286 Carmelum,
2824 4232 2918 4277 aut
2947 4224 3185 4294 aliquam
3217 4234 3425 4294 petram
3470 4228 3739 4283 inhabita-

2166 4324 2294 4367 tam.
2329 4315 2521 4367 Amica
2556 4315 2701 4368 enim
2750 4316 3156 4384 quodammodo
3205 4318 3371 4371 animi
3424 4321 3740 4388 a‘gritudine

2159 4406 2366 4460 allectis
2393 4406 2517 4475 fuga
2558 4407 2978 4462 consuetudinis
3024 4417 3077 4462 et
3131 4411 3373 4477 captatio
3430 4412 3739 4469 solitudinis

2157 4508 2262 4553 est.
2298 4498 2452 4551 Nunc
2479 4513 2612 4552 vero
2640 4514 2762 4551 cum
2798 4500 2956 4555 video
2995 4516 3092 4554 vos
3127 4515 3231 4553 una
3263 4516 3385 4554 cum
3427 4502 3560 4572 ipsis
3579 4505 3737 4559 fami-

2158 4589 2245 4642 liis
2275 4599 2327 4643 et
2384 4589 2804 4658 cognationibus
2849 4592 3168 4644 catervatim
3219 4602 3545 4647 conventum
3598 4596 3736 4649 cele-

2158 4683 2334 4744 brare,
2375 4684 2519 4735 venit
2562 4682 2692 4734 mitti
2733 4682 2785 4735 in
2833 4691 3069 4737 mentem
3130 4686 3341 4738 oraculi
3390 4687 3734 4755 prOpbetiei:

2156 4773 2302 4842 quod
2356 4772 2487 4826 olim
2536 4773 2757 4840 alonge
2810 4775 3123 4843 praedicavit
3178 4776 3364 4842 Isaias,
3421 4779 3736 4833 felicitatem

2157 4862 2414 4917 Ecclesia:
2462 4864 2514 4916 in
2548 4881 2839 4921 numerosa
2871 4879 3031 4937 atque
3060 4870 3272 4939 egregia
3306 4871 3491 4925 sobole
3522 4868 3735 4941 procre-

474 4966 737 5031 ποίησόν
757 4980 859 5031 μοι
887 4962 1095 5021 τόπον,
1130 4960 1223 5012 ἵνα
1274 4960 1632 5025 κατοικήσω.
1678 4960 1863 5014 Ταῦτα
1888 4962 1997 5032 γὰρ
2025 4964 2056 5032 ἡ

2165 4955 2305 5007 anda
2333 4955 2652 5023 praedicens.
2690 4958 2792 5022 Qui
2820 4967 2979 5021 sunt,
3041 4960 3256 5028 inquit,
3288 4961 3420 5016 isti?
3468 4972 3525 5014 ut
3578 4965 3735 5019 nubes

471 5056 565 5110 τοῦ
610 5055 922 5124 Πνεύματος
970 5051 1197 5120 δύναμις
1243 5052 1324 5114 εἰς
1370 5052 1469 5122 τὴν
1503 5050 1927 5122 πολυάνθρωπον
1956 5054 2049 5106 τοῦ

472 5145 607 5198 Θεοῦ
650 5142 976 5212 Ἐκκλησίαν
999 5140 1310 5205 ἐθέσπισεν,
1341 5140 1375 5210 ἢ
1400 5141 1609 5210 χρόνοις
1638 5141 1861 5213 ὕστερον
1891 5143 2050 5214 ἔμελ-

471 5238 561 5291 λεν
599 5238 683 5289 ἐπ’
711 5236 897 5305 ἄκρων
935 5233 1034 5302 τῆς
1066 5233 1169 5302 γῆς
1220 5232 1299 5295 εἰς
1331 5231 1477 5303 ἄκρα
1514 5231 1823 5303 πληρώσειν
1851 5234 1947 5305 τὴν
1975 5238 2052 5289 οἰ-

472 5331 747 5399 κουμένην
776 5329 1011 5381 ἅπασαν.
1052 5321 1197 5378 τΗκε
1238 5324 1417 5377 τοίνυν
1447 5322 1593 5392 ἄγων
1623 5325 1714 5377 καὶ
1741 5328 2052 5397 περιφέρων

473 5422 501 5472 ὁ
523 5420 708 5489 χρόνος
744 5418 964 5488 μνήμην
998 5416 1168 5483 ἁγίων
1203 5413 1535 5485 μυστηρίων,
1568 5412 1936 5486 καθαιρόντων
1960 5419 2052 5471 τὸν

473 5509 779 5580 ἄνθρωπον,
810 5508 845 5561 ἃ
866 5508 957 5561 καὶ
980 5507 1077 5578 τὴν
1100 5506 1454 5560 δυσέκνιπτον
1497 5506 1770 5575 ἁμαρτίαν
1811 5508 2053 5579 ἀπορῤῦ-

475 5617 597 5653 πτει
635 5604 732 5670 τῆς
758 5599 936 5671 ψυχῆς
964 5601 1057 5653 καὶ
1088 5597 1181 5651 τοῦ
1214 5598 1463 5669 σώματος
1484 5613 1495 5625 ·
1528 5599 1790 5668 ἐπανάγει
1824 5600 1881 5654 δὲ
1916 5601 2051 5665 ποὺς

543 5777 691 5835 ’lsa.
745 5794 836 5845 ιιι,
872 5777 924 5832 8.
988 5780 1007 5809 ¹
1035 5777 1137 5831 lsa.
1184 5793 1331 5841 xm,
1375 5777 1465 5832 ΞΟ.

2152 5046 2415 5109 νοίατιι,ει
2438 5056 2494 5099 ιιι
2518 5047 2773 5101 columbw
2801 5063 2920 5100 cum
2938 5048 3099 5116 pullis
3123 5048 3191 5100 ad
3224 5066 3303 5103 me
3326 5052 3364 5102 '.
3401 5052 3541 5115 Quin
3565 5052 3735 5108 etiam

2156 5139 2242 5194 bis
2271 5140 2459 5209 adjicit
2497 5140 2666 5193 illud:
2705 5142 2972 5209 Angustus
3002 5151 3079 5194 est
3105 5141 3232 5194 mihi
3262 5144 3429 5203 locus,
3476 5144 3563 5203 fac
3607 5148 3734 5197 milia

2156 5235 2327 5288 locum
2360 5245 2416 5287 ut
2448 5234 2737 5288 inhabilem
2767 5238 2809 5288 ’.
2847 5234 2971 5288 llzec
3003 5236 3148 5287 enim
3180 5235 3354 5291 virtus
3382 5235 3619 5307 Spiritus
3669 5238 3734 5293 de

2156 5329 2420 5397 populosa
2451 5327 2694 5383 Ecclesia
2722 5328 2812 5383 Dei
2844 5329 3143 5383 vaticinata
3169 5338 3287 5385 est:
3315 5347 3436 5400 qua?
3468 5333 3719 5401 posterio-

2160 5420 2313 5474 ribus
2347 5421 2682 5490 temporibus
2713 5422 2781 5474 ab
2806 5421 3247 5478 extremitatibus
3283 5432 3439 5477 terrm
3462 5424 3527 5477 ad
3558 5433 3723 5478 extre—

2159 5512 2376 5565 mitates
2423 5526 2639 5565 onmem
2708 5519 2976 5567 terrarum
3029 5514 3217 5569 orbem
3270 5517 3543 5584 rcplctura
3594 5524 3731 5569 erat.

2162 5600 2321 5656 Vt-nit
2374 5602 2536 5673 igitur
2572 5617 2739 5659 avens
2774 5610 2828 5658 et
2863 5605 2916 5658 in
2960 5606 3146 5661 orbem
3201 5608 3485 5661 "ero'vens
3524 5616 3732 5677 tempus

3637 358 3752 416 ms
3833 333 3846 343 ’
