4154 6354
388 366 492 420 5.79

1628 358 1686 412 S.
1728 353 2053 412 GRECORII
2096 350 2380 406 NYSSENI
3552 336 3637 400 5εέ

390 481 706 535 memoriam
769 486 1088 536 sanctorum
1158 477 1459 542 initiorum,
1517 491 1638 545 qum
1690 475 1964 528 hominem

2081 472 2131 523 τὸ
2171 471 2228 536 ἐξ
2262 473 2431 540 ἀρχῆς
2467 468 2682 530 κάλλος,
2717 469 2852 538 ὅπερ
2885 468 2912 518 ὁ
2959 463 3343 535 ἀριστοτέχνης
3392 461 3524 526 Θεὸς
3568 461 3656 528 ἐφ’

392 580 645 643 purgant,
705 587 828 639 qua:
882 572 1047 625 etiam
1112 578 1416 639 peccatum,
1485 567 1630 636 quod
1683 566 1971 621 difﬁculter

389 663 615 727 eluitur,
673 669 786 714 tum
821 662 888 715 ab
919 661 1122 723 anima,
1158 669 1272 713 tum
1325 675 1354 712 a
1389 673 1619 728 corpore
1651 658 1973 726 abstergtmt

390 762 556 823 atque
600 754 914 822 depellunt:
951 768 1071 821 qua:
1103 751 1230 806 item
1264 750 1330 805 ad
1354 749 1640 820 pristinam
1669 750 1973 818 pulchritu-

391 845 599 910 dinem,
629 859 791 912 quam
828 843 1068 911 optimus
1094 841 1292 896 artifex
1329 840 1472 895 Deus
1519 839 1576 894 in
1604 840 1764 896 nobis
1818 839 1971 893 ciliu-

392 944 569 999 xerat,
599 935 887 988 reducunt.
928 933 1103 1002 Atque
1133 931 1339 986 idcirco
1374 949 1470 987 vos
1508 931 1750 1002 quidem,
1785 931 1877 1000 qui
1905 947 1972 985 ex

394 1027 497 1078 hoc
521 1028 725 1096 populo
766 1026 961 1079 initiati
985 1025 1141 1088 estis,
1179 1025 1318 1078 bona
1354 1023 1478 1078 ﬁdei
1505 1031 1711 1078 nostrrc
1759 1021 1970 1092 experti

392 1117 751 1182 convenistis,
766 1124 931 1186 atque
952 1115 1226 1170 adducitis
1242 1115 1693 1184 ctiamexpcrtem
1715 1113 1893 1167 adhuc
1920 1118 1974 1166 et

396 1208 700 1277 imperitam
734 1209 929 1262 harum
970 1222 1154 1262 rerum
1211 1205 1644 1270 multitudinem,
1709 1213 1973 1274 tanquam

395 1299 522 1353 beni
555 1307 738 1368 patres
767 1313 898 1353 cura
930 1309 1092 1367 atque
1119 1297 1508 1351 conciliatione
1561 1311 1670 1351 non
1728 1295 1974 1349 initiatos

396 1389 462 1444 ad
504 1389 794 1458 perfectam
824 1388 1041 1459 pietatis
1095 1387 1638 1458 comprehensionem
1700 1385 1976 1440 deducen-

397 1489 499 1534 tes.
544 1480 656 1550 Ego
687 1496 814 1534 vero
840 1481 1084 1549 gratulor
1113 1479 1396 1550 utrisque:
1445 1478 1675 1534 initiatis
1731 1478 1976 1548 quidem,

395 1572 537 1637 quod
577 1587 771 1640 magno
799 1571 944 1626 dono
971 1570 1129 1625 dilati
1162 1569 1338 1635 estis;
1369 1585 1478 1623 non
1528 1568 1762 1624 initiatis
1824 1583 1974 1631 vero,

395 1662 538 1730 quod
573 1662 714 1715 bUlla
746 1661 930 1715 futura
959 1661 1217 1730 speratis,
1239 1659 1436 1730 judicii
1467 1661 1678 1714 scilicet
1705 1668 1758 1714 et
1804 1673 1977 1728 poenae

398 1753 803 1816 remissionem,
836 1754 1179 1806 vinculorum
1221 1754 1575 1814 solutionem,
1631 1752 1976 1807 conciliatio-

2070 564 2202 630 ἡμῖν
2237 561 2582 614 διεπλάσατο.
2634 559 2743 612 Καὶ
2775 557 2862 610 διὰ
2904 557 3060 610 τοῦτο
3102 557 3130 606 6
3167 557 3374 626 μύστης
3407 553 3571 620 λαὸς,
3607 554 3656 606 οἱ

2073 651 2470 722 πεπειραμένοι
2513 650 2623 704 τῶν
2671 650 2892 718 ἀγαθῶν
2937 649 3036 718 τῆς
3071 649 3346 718 ἡμετέρας
3383 645 3654 705 πίστεως,

2073 743 2394 814 ήθροίσθητε
2416 761 2428 774 ·
2481 743 2752 812 ὲπάγεσθε
2785 741 2842 795 δὲ
2879 743 2972 795 καὶ
3006 740 3098 794 τὸν
3136 740 3364 810 ἄπειρον
3410 737 3490 790 ἔτι
3517 777 3531 800 ,
3565 731 3656 789 οἷα

2074 835 2306 908 πατέρες
2334 836 2582 906 χρηστοὶ,
2619 835 2818 907 μελέτῃ
2852 835 2944 888 καὶ
2975 835 3308 903 προσαγωγῇ
3337 829 3657 900 ὁδηγοῦντες

2073 927 2200 989 τοὺς
2229 928 2505 997 ἀμυήτους
2551 927 2686 996 πρβις
2718 927 2819 996 τὴν
2859 925 3070 978 τελείαν
3115 924 3215 993 τῆς
3246 922 3526 985 εὐσεϐείας
3557 938 3657 974 κα-

2074 1017 2328 1088 τάληψιν.
2376 1016 2519 1086 Ἐγὼ
2563 1017 2620 1070 δέ
2661 1016 2991 1088 ἀμφοτέροις
3033 1016 3329 1085 συνήδομαι
3354 1031 3368 1044 ο
3405 1015 3516 1076 τοῖς
3559 1012 3656 1083 μὲν

2073 1107 2424 1173 τελεσθεῖσιν,
2453 1109 2534 1162 ὅτι
2568 1108 2808 1178 μεγάλην
2839 1107 3048 1177 δωρεὰν
3095 1105 3466 1174 ἐπλουτήσατε
3493 1119 3507 1131 ·
3543 1103 3656 1166 τοῖς

2073 1199 2132 1254 δὲ
2161 1200 2457 1270 ἀμυήτοις,
2485 1200 2568 1252 ὃτι
2599 1199 2770 1268 καλὴν
2797 1197 3122 1268 προσδοκίαν
3151 1196 3397 1260 ἐλπίζετε
3417 1235 3432 1259 ,
3462 1194 3656 1264 ἄφεσιν

2075 1291 2333 1355 εὐθυνῶν,
2377 1291 2530 1344 λύσιν
2574 1291 2809 1360 δεσμῶν,
2848 1289 3120 1342 οίκείωσιν
3153 1289 3290 1360 πρὸς
3323 1287 3476 1350 Θεὸν,
3517 1290 3656 1357 παῤ-

2079 1385 2274 1457 ρησίαν
2306 1383 2631 1454 ἐλευθέριον,
2665 1382 2786 1434 ἀντὶ
2813 1380 3063 1450 δουλικῆς
3087 1377 3472 1448 ταπεινότητος
3500 1377 3657 1428 ἰσοτι-

2080 1478 2208 1548 μίαν
2236 1475 2334 1547 τὴν
2374 1476 2506 1546 πρὸς
2537 1474 2824 1542 ἀγγέλους.
2855 1471 3042 1526 Ταῦτα
3072 1471 3180 1542 γὰρ
3207 1473 3358 1541 ἡμῖν,
3387 1469 3480 1522 καὶ⁵
3510 1467 3564 1521 εἴ
3604 1485 3655 1521 τι

2076 1566 2284 1630 τούτοις
2309 1565 2622 1626 ἀκόλουθον,
2654 1566 2686 1634 ή
2715 1563 2810 1616 τοῦ
2833 1561 3060 1634 λουτροῦ
3091 1564 3250 1634 χάρις
3271 1562 3536 1630 ἐγγυᾶται
3561 1560 3657 1611 καὶ

2076 1655 2278 1708 δίδωσι.
2307 1654 2400 1709 Διὸ
2427 1653 2525 1717 τὰς
2547 1651 2712 1716 ἄλλας
2736 1651 2846 1706 τῶν
2875 1651 3106 1723 Γραφῶν
3136 1651 3418 1713 ὑποθέσεις
3450 1650 3656 1720 ἑτέροις

2079 1748 2292 1819 καιροῖς
2329 1745 2672 1816 ἀναθέμενοι,
2698 1741 2775 1814 τῷ
2796 1741 3143 1814 προκειμένῳ
3176 1740 3362 1811 σκοπῷ
3387 1740 3630 1811 παραμεί
3647 1765 3661 1779 ο

396 1859 519 1898 nem
546 1852 599 1897 et
623 1844 1069 1912 conjunctioncm
1101 1861 1224 1898 cum
1253 1843 1382 1909 Deo,
1407 1843 1656 1899 ﬁduciam
1679 1845 1971 1916 ingenuam

2081 1857 2276 1910 νωμεν,
2324 1838 2393 1891 τά
2443 1839 2618 1891 οἰκεῖα
2650 1837 2745 1890 καὶ
2794 1836 3078 1908 πρόσφορα
3124 1837 3192 1906 τῇ
3228 1835 3386 1905 ἑορτῇ
3422 1832 3660 1904 δωροφο-

394 1943 450 1990 et
477 1935 684 1989 aditum
719 1937 946 1990 liberum
985 1938 1103 1990 loco
1135 1937 1352 1991 servilis
1388 1937 1734 2001 humilitatis,
1789 1951 1971 2005 parem

396 2040 523 2078 cum
563 2025 767 2093 angelis
796 2026 1019 2080 honoris
1049 2026 1444 2080 conditionem.
1478 2026 1601 2082 Haec
1617 2027 1762 2081 cnim
1793 2027 1974 2087 nobis,

398 2130 462 2169 ac
491 2115 535 2170 si
561 2117 690 2184 quid
731 2117 815 2171 his
850 2117 1029 2171 simile
1066 2126 1151 2171 est
1200 2133 1263 2172 ac
1318 2117 1497 2184 aliine,
1540 2119 1742 2174 lavacri
1803 2119 1976 2188 gratia

399 2212 629 2277 spondet
681 2215 735 2262 et
785 2209 898 2262 dat.
960 2209 1325 2276 Quamobrem
1391 2212 1514 2266 aliis
1566 2211 1976 2281 Scripturarum

399 2299 643 2352 materiis
685 2307 739 2352 ct
787 2300 1124 2369 argumentis
1159 2301 1211 2355 in
1246 2301 1349 2355 alia
1387 2310 1631 2370 tempora
1669 2303 1886 2371 rejectis
1919 2303 1972 2355 in

397 2389 684 2458 proposito
733 2401 1056 2460 argumento
1123 2408 1564 2461 permaneamus.
1615 2409 1712 2462 pro
1762 2395 1973 2448 virihus

398 2481 782 2534 convenientia
808 2489 974 2550 atque
1013 2483 1424 2538 accommodata
1478 2484 1582 2538 dici
1633 2483 1775 2538 festo
1834 2486 1976 2539 dona

2081 1934 2300 2003 ροῦντες
2328 1933 2405 1995 είς
2431 1931 2658 2001 δύναμιν
2679 1947 2692 1961 ο
2725 1929 2877 1999 φίλον
2906 1929 3015 1999 γὰρ
3040 1926 3245 2000 ἑκάστῃ
3273 1925 3579 1996 πανηγύρει
3601 1923 3661 1977 τὸ

2079 2027 2232 2082 ἴδιον.
2267 2026 2424 2078 Οὐτω
2473 2026 2648 2095 γάμον
2681 2024 2780 2095 μὲν
2811 2025 2929 2086 ταῖς
2961 2022 3340 2092 ἐπιθαλαμίοις
3380 2021 3543 2092 ᾠδαῖς
3571 2020 3660 2072 δε-

2083 2118 2339 2190 ξιούμεθα
2361 2135 2374 2150 ·
2399 2117 2583 2170 πένθει
2599 2117 2656 2169 δὲ
2676 2116 2743 2170 τά
2761 2115 3124 2187 νενομισμένα
3148 2117 3260 2178 τοῖς
3281 2111 3661 2184 ἐπικηδ[ε]ίοις

2084 2213 2302 2284 θρήνοις
2319 2211 2664 2282 εἰσφέρομεν·
2685 2210 2743 2261 ὲν
2765 2209 3050 2280 πράγματι
3073 2205 3487 2275 σπουδαιολογού
3497 2205 3656 2276 μεθαο

2081 2304 2139 2354 ἐν
2171 2301 2426 2372 εὐωχίαις
2459 2301 2659 2370 λύομεν
2683 2300 2782 2369 τῆς
2814 2299 2993 2370 ψυχῆς
3022 2299 3083 2352 τὸ
3112 2297 3542 2367 πεπυκνωμένον
3566 2296 3662 2349 καὶ

2083 2392 2331 2447 σύντονον
2353 2407 2365 2418 ·
2396 2391 2628 2446 ’ἑκαστον
2649 2391 2704 2444 δὲ
2729 2391 2920 2462 καιρὸν
2940 2388 3217 2461 τηροῦμεν
3238 2389 3346 2442 τῶν
3366 2388 3662 2459 ἀλλοτρίων

2083 2483 2500 2538 ἀνεπιθόλωτον.

398 2570 911 2625 ofl‘erenteszsuum
954 2575 1101 2627 enim
1153 2583 1207 2628 et
1273 2577 1553 2644 pr0prium
1620 2576 1817 2647 cuique
1886 2577 2188 2631 celebritati
2225 2585 2438 2646 gratum
2467 2584 2520 2630 et
2563 2583 2848 2645 acceptum
2899 2581 3006 2628 est.
3061 2570 3138 2628 lta
3187 2572 3406 2643 nuptias
3439 2571 3660 2642 quidem

396 2665 765 2734 cpitltalamiis
799 2669 1088 2724 cantilenis
1119 2670 1495 2739 celebramus;
1547 2671 1694 2726 luctu
1751 2687 1881 2727 vero
1924 2671 2358 2741 funchrihusquc
2400 2669 2884 2724 lamentationibus
2910 2668 3058 2738 justa
3081 2668 3317 2721 mortuis
3355 2675 3407 2720 et
3435 2664 3660 2719 inferias

397 2761 628 2827 damus;
666 2763 721 2815 in
763 2766 980 2832 negotio
1010 2765 1154 2819 serio
1188 2765 1487 2836 loquimur;
1521 2767 1575 2820 in
1605 2766 1868 2822 conviviis
1919 2768 2347 2822 contractionem
2384 2774 2438 2821 et
2477 2765 2882 2820 contentionem
2937 2764 3103 2818 animi
3136 2762 3420 2825 solvimus,
3470 2773 3662 2814 unum-

396 2852 652 2922 quodque
712 2863 926 2923 tempus
977 2855 1046 2909 ab
1079 2856 1380 2912 alienarum
1429 2872 1612 2913 rerum
1657 2857 1982 2912 confusione
2014 2866 2177 2928 atque
2216 2857 2626 2927 perturbatione
2661 2856 2930 2926 integrum
2963 2870 3266 2911 servamus,

473 2941 645 2996 Natus
677 2941 846 3011 igitur
884 2950 969 2997 est
998 2942 1272 3004 Christus.
1306 2945 1450 3000 velut
1479 2953 1608 3000 ante
1635 2961 1839 3015 paucos
1866 2947 1985 3001 dies

399 3033 495 3102 qui
522 3042 650 3086 ante
678 3048 896 3087 inlunem
926 3042 1203 3094 naturam,
1236 3043 1345 3088 tam
1374 3035 1631 3091 sensilem
1665 3052 1827 3107 quam
1869 3037 1985 3106 spi-

401 3124 675 3188 ritnalem,
713 3133 874 3178 natus
907 3132 1012 3177 est.
1060 3122 1373 3193 Baptizatur
1425 3125 1587 3182 hodie
1619 3127 1688 3182 ab
1747 3125 1979 3193 Joanne,

400 3222 458 3268 ut
493 3213 832 3269 sordidatum
861 3221 916 3268 et
943 3215 1377 3270 contaminatum
1413 3228 1761 3289 expurgaret,
1816 3220 1977 3289 spiri-

396 3314 625 3375 tumque
659 3321 896 3374 superne
952 3306 1268 3372 adduceret,
1304 3318 1358 3362 et
1388 3309 1660 3364 hominem
1696 3312 1750 3364 in
1804 3312 1977 3366 rmlos

397 3397 713 3451 extolleret:
746 3407 804 3451 ut
837 3397 1024 3466 lapsus
1071 3399 1392 3469 erigeretur,
1448 3409 1503 3455 et
1533 3401 1629 3471 qui
1683 3401 1974 3472 dejecerat,

397 3486 826 3541 confunderetur
859 3497 913 3542 et
940 3489 1409 3546 dehonestaretur.
1459 3493 1540 3546 Ac
1583 3508 1651 3547 ne
1691 3494 1976 3549 admireris

398 3577 545 3649 quod
580 3577 688 3631 Deo
724 3593 812 3633 res
843 3588 1046 3635 nostra!
1073 3589 1225 3635 tanto
1251 3582 1436 3637 studio
1466 3597 1530 3637 ac
1553 3598 1700 3638 cura:
1732 3583 1974 3648 fuerunt,

402 3680 460 3722 nt
489 3670 652 3722 etiam
686 3671 802 3738 ipse
833 3685 930 3740 per
960 3687 1082 3727 sese
1115 3672 1354 3727 hominis
1412 3674 1643 3728 salutem
1699 3683 1977 3744 praestaret

396 3779 465 3816 ac
493 3771 929 3831 repraesentaret.
962 3765 1342 3820 Sollicitudine
1366 3767 1510 3820 enim
1533 3768 1777 3822 adhibita
1812 3772 1977 3821 tnale-

400 3857 538 3908 ticus
571 3857 730 3910 nobis
766 3857 1061 3912 insidiatus
1091 3866 1194 3922 est,
1225 3873 1350 3912 cum
1381 3873 1514 3913 cura
1549 3859 1675 3913 item
1711 3860 1976 3914 creatoris

399 3961 706 4001 servamur.
741 3946 920 4017 Atque
956 3949 1047 4008 ille
1089 3948 1310 4017 quidem
1365 3949 1583 4004 invidus
1617 3957 1673 4003 et
1719 3966 1974 4020 nequam,

401 4052 530 4091 cum
563 4047 848 4107 peccaturo
891 4038 1155 4094 adversus
1191 4055 1293 4094 nos
1325 4041 1721 4108 introduceret,
1751 4043 1974 4113 dignum

395 4141 502 4183 suo
534 4130 767 4184 consilio
805 4131 1168 4185 velamentum
1233 4143 1544 4202 serpentem
1597 4143 1792 4190 nactus
1850 4145 1973 4190 est:

403 4220 651 4290 impurus
687 4224 741 4275 in
771 4223 1003 4277 similem
1019 4240 1142 4280 sese
1159 4225 1762 4289 insinuans,voluntate
1777 4243 1842 4281 ac
1863 4237 1977 4282 stu-

403 4311 498 4364 dio
554 4320 806 4367 terrenus
852 4322 906 4368 et
955 4315 1347 4372 subterraneus
1404 4319 1584 4387 reptili
1638 4319 1971 4374 inhabitans.

398 4400 656 4457 Christus
687 4419 836 4467 vero,
873 4420 996 4458 cum
1045 4406 1190 4460 illius
1225 4406 1525 4476 nequitiam
1561 4414 1615 4462 ct
1663 4407 1980 4478 improbita-

2167 2946 2460 3017 Ἐγεννήθη
2484 2946 2663 2999 τοίνυν
2692 2945 2945 3017 Χριστὸς,
2972 2945 3047 3008 ὡς
3071 2947 3176 3016 πρὸ
3199 2945 3394 3013 ὀλίγων
3417 2947 3448 3016 ή
3458 2944 3661 3016 μερῶν,

2084 3040 2111 3090 6
2144 3039 2249 3108 πρὸ
2289 3037 2468 3107 πάσης
2496 3037 2683 3096 οὐσίας
2715 3037 2978 3108 αίσθητῆς
3016 3055 3074 3089 τε
3115 3037 3208 3090 καὶ
3245 3037 3441 3106 νοητῆς
3472 3053 3663 3104 γεννη-

2086 3128 2220 3191 θείς.
2254 3127 2581 3191 Βαπτίζεται
2621 3126 2862 3196 σήμερον
2893 3124 3044 3196 παρά
3104 3124 3351 3178 Ἰωάννου
3375 3166 3391 3188 ,
3437 3124 3523 3176 ἵνα
3570 3123 3663 3176 τὸν

2085 3221 2474 3290 ἐρῤυπωμένον
2496 3217 2841 3288 ἀποκαθάρῃ.
2882 3215 3104 3287 Πνεῦμα
3135 3216 3191 3269 δὲ
3226 3215 3430 3269 ἄνωθεν
3456 3215 3659 3286 ἀγάγῃ,

2084 3311 2177 3364 καὶ
2203 3311 2294 3364 τὸν
2329 3309 2613 3380 ἄνθρωπον
2644 3310 2724 3372 εἰς
2761 3309 3023 3380 οὐρανοὺς
3055 3307 3316 3381 ἀνυψὼσῃ
3340 3324 3354 3337 ⁸
3397 3308 3483 3362 ἵνα
3507 3310 3536 3361 6
3563 3325 3662 3359 πε-

2086 3401 2194 3452 σὼν
2222 3399 2497 3471 διεγερθῇ,
2515 3399 2609 3453 καὶ
2635 3401 2663 3452 ὁ
2691 3398 2855 3470 ῥίψας
2880 3398 3271 3469 καταισχυνθῇ.
3304 3399 3414 3452 Καὶ
3441 3398 3514 3470 μὴ
3540 3399 3666 3452 Ouu-

2089 3491 2287 3563 μάσης,
2319 3493 2368 3545 εἰ
2391 3491 2644 3544 τοσοῦτον
2673 3491 2883 3559 ἐγίνετο
2905 3489 2982 3560 τῷ
3010 3489 3130 3561 Θεῷ
3158 3490 3220 3542 τὸ
3249 3490 3370 3543 καθ’
3397 3491 3546 3560 ἡμᾶς
3568 3507 3664 3542 πε-

2095 3582 2509 3652 ρισπούδαστον,
2538 3582 2624 3634 ἴνα
2646 3581 2740 3634 καὶ
2760 3582 2922 3634 αὐτου
2933 3582 3109 3653 ργήσῃ
3130 3579 3222 3633 τοῦ
3251 3580 3535 3652 ἀνθρώπου
3565 3582 3664 3650 τὴν

2086 3673 2380 3745 σωτηρίαν.
2410 3672 2568 3726 Μετά
2601 3673 2873 3743 μερίμνης
2897 3673 3007 3743 γὰρ
3039 3673 3138 3739 τῆς
3170 3672 3264 3725 τοῦ
3291 3671 3662 3741 κακουργοῦν-

2082 3783 2174 3829 τος
2205 3763 2699 3835 ἐπεϐουλεύθημεν,
2735 3765 2870 3835 μετά
2895 3763 3175 3834 φροντίδος
3192 3763 3247 3816 δέ
3271 3762 3366 3816 τοῦ
3392 3766 3663 3832 Δημιουρ-

2083 3858 2182 3926 γοῦ
2223 3857 2528 3927 σωζόμεθα.
2577 3857 2686 3909 Καὶ
2723 3859 2752 3908 6
2800 3858 2897 3927 μὲν
2954 3855 3221 3926 μοχθηρὸς
3257 3856 3349 3908 καὶ
3390 3854 3661 3924 βάσκανος

2086 3949 2226 4001 κατά
2276 3948 2370 4001 τοῦ
2417 3948 2610 4016 γένους
2646 3948 2806 4018 ήμῶν
2846 3949 2942 4018 τὴν
2991 3949 3265 4017 ἁμαρτίαν
3299 3947 3658 4018 καινοτομῶν,

2085 4041 2235 4104 ἀξιον
2267 4040 2365 4110 τῆς
2395 4040 2591 4092 ἑαυτοῦ
2632 4039 2854 4112 γνώμης
2878 4039 3248 4111 προκάλυμμα
3274 4040 3364 4092 τὸν
3383 4039 3506 4110 ὅφιν
3536 4039 3662 4094 ἐσύ-

2087 4148 2243 4203 ρετο,
2273 4131 2300 4182 ὁ
2343 4130 2649 4200 ἀκάθαρτος
2681 4131 2757 4201 τῷ
2801 4131 2970 4200 ὁμοίῳ
3015 4130 3341 4183 ἐπεισελθὼν
3361 4170 3376 4193 ,
3409 4132 3437 4182 6
3476 4132 3662 4201 γήϊνος

2085 4224 2180 4276 καὶ
2222 4223 2431 4292 χθόνιος
2472 4223 2571 4294 τὴν
2608 4223 2927 4294 προαίρεσιν
2967 4223 3255 4292 ἐνοικήσας
3298 4222 3376 4292 τῷ
3424 4222 3656 4293 ἑρπετῷ,

2084 4315 2315 4384 Χριστὸς
2330 4314 2384 4366 δέ
2403 4315 2432 4366 6
2450 4315 2548 4386 τὴν
2575 4315 2784 4369 ἐκείνου
2807 4314 3070 4384 πονηρίαν
3093 4314 3428 4384 ἐπανορθῶν,
3459 4315 3663 4368 τέλειον

2086 4407 2456 4476 ἀναλαμϐάνει
2483 4407 2572 4460 τὸν
2601 4406 2908 4475 ἄνθρωπον,
2933 4405 3028 4458 καὶ
3056 4405 3217 4470 σώζει
3238 4407 3329 4459 τὸν
3356 4406 3660 4476 ἄνθρωπον,

399 4504 508 4546 tem
556 4496 876 4564 corrigeret,
933 4496 1205 4551 hominem
1240 4497 1541 4567 perfectum
1605 4501 1859 4564 assumit,
1923 4511 1976 4555 et

2087 4499 2418 4568 καὶγίνεται
2463 4501 2678 4554 πάντων
2720 4499 2874 4567 ήμῶν
2914 4497 3082 4562 τύπος
3115 4498 3207 4550 καὶ
3253 4498 3554 4571 χαρακτὴρ,
3595 4497 3663 4550 ἵν’

399 4594 586 4638 servat
610 4585 905 4648 hominctn,
929 4594 982 4640 et
1007 4588 1251 4640 omnium
1283 4588 1456 4644 nostri
1490 4587 1665 4643 forma
1693 4599 1856 4659 atque
1899 4591 1979 4644 ii—

401 4691 540 4744 gura
568 4677 808 4740 exsistit,
839 4686 897 4731 ut
927 4679 1364 4750 uniuscujusque
1417 4682 1651 4736 actionis
1707 4684 1980 4752 primitias

400 4767 788 4834 sanctuiicaret,
815 4779 867 4823 et
887 4769 1125 4824 studium
1155 4772 1462 4827 traditionis
1490 4773 1633 4828 haud
1665 4775 1978 4844 ambiguum

399 4859 579 4913 servis
638 4858 970 4928 relinqueret
1064 4861 1338 4933 Baptisma
1401 4866 1567 4935 igitur
1627 4875 1978 4935 peccatorum

399 4951 643 5018 expiatio
671 4960 776 5014 est,
807 4952 1064 5007 remissio
1091 4953 1440 5021 delictorum,
1507 4957 1883 5011 renovationis
1929 4969 1984 5012 et

405 5044 834 5111 regenerationis
928 5059 1116 5099 causa.
1208 5046 1698 5116 Regenerationcm
1798 5057 1980 5103 autem

402 5131 645 5203 intellige
699 5149 817 5188 eam
869 5151 993 5205 qua:
1047 5135 1378 5206 cogitatione
1431 5140 1700 5202 cernitur,
1803 5140 1980 5193 oculis

404 5239 512 5278 non
595 5226 825 5280 videtur.
904 5226 1023 5282 Non
1087 5213 1230 5282 enim
1320 5245 1443 5285 vere
1520 5231 1976 5299 qttenmdmodum

404 5314 667 5370 Hebraeus
790 5317 881 5371 ille
957 5317 1286 5374 Nicodemus
1364 5321 1519 5384 dixit,
1609 5330 1772 5391 atque
1857 5338 1980 5376 vero

401 5408 644 5462 crassius
699 5408 1060 5472 intellexerat,
1119 5425 1304 5465 senem
1359 5413 1690 5467 mutabimns
1743 5415 1796 5466 in
1848 5431 1980 5483 pue-

404 5515 567 5568 rutn;
621 5515 798 5569 neque
855 5516 1116 5570 rugosum
1169 5514 1224 5556 et
1275 5518 1472 5557 canum
1521 5506 1575 5558 in
1633 5515 1876 5560 tenerum
1927 5517 1981 5562 et

397 5593 656 5662 juvenem
686 5591 1230 5659 transformabimus,
1261 5604 1356 5649 aut
1387 5596 1582 5649 iterum
1613 5598 1891 5652 hominem
1923 5601 1978 5653 in

403 5692 621 5737 uterum
655 5682 848 5738 matris
895 5682 1244 5747 reducemus,
1277 5686 1369 5739 sed
1411 5697 1802 5757 compunctum
1837 5689 1980 5761 notis

403 5787 752 5846 peccatorum
797 5785 854 5831 et
887 5776 1048 5831 malis
1095 5777 1342 5834 moribus
1391 5778 1752 5834 inveteratum
1804 5781 1980 5851 gratia

2084 4589 2319 4658 ἑκάστης
2353 4587 2600 4658 πράξεως
2634 4588 2834 4658 ἁγιάσῃ
2873 4586 2970 4657 τήν
3000 4587 3274 4657 ἀπαρχὴν,
3317 4589 3410 4639 καὶ
3441 4587 3531 4638 τὸν
3561 4586 3661 4655 ζῆο

2084 4680 2174 4732 λον
2203 4679 2302 4749 τῆς
2335 4679 2682 4750 παραδόσεως
2717 4678 3085 4749 ἀναμφίϐολον
3109 4676 3382 4748 καταλίπῃ
3408 4681 3518 4740 τοῖς
3543 4676 3662 4729 δού-

2083 4775 2214 4837 λοις.
2269 4775 2558 4843 Βάπτισμα
2604 4773 2779 4826 τοίνυν
2825 4773 2971 4826 ἐστὶν
3022 4773 3306 4843 ἁμαρτιῶν
3357 4771 3657 4843 κάθαρσις,

2083 4867 2276 4934 ἄφεσις
2302 4866 2406 4934 πλη
2417 4865 2812 4935 μμελημάτων,
2831 4864 3227 4935 ἀνακαινισμοῦ
3255 4866 3347 4916 καὶ
3373 4866 3663 4934 ἀναγεννή-

2087 4976 2224 5022 σεως
2264 4958 2430 5011 αίτία.
2473 4957 2851 5027 Ἀναγέννησιν
2891 4957 2948 5010 δέ
2979 4959 3190 5026 νόησον,
3219 4958 3397 5027 ἐννοίᾳ
3425 4958 3662 5027 θεωρου-

2087 5048 2273 5116 μένην,
2326 5045 2622 5116 ὀφθαλμοῖς
2665 5048 2725 5100 οὐ
2780 5047 3142 5118 βλεπομένην.
3193 5048 3268 5100 Οὐ
3327 5047 3434 5116 γὰρ
3491 5047 3662 5110 ὅντως

2093 5141 2232 5192 κατά
2261 5140 2352 5191 τὸν
2411 5140 2662 5210 Ἑϐραίον
2697 5141 3034 5210 Νικόδημον,
3067 5142 3160 5194 καὶ
3187 5140 3287 5209 τὴν
3316 5141 3523 5192 ἐκείνου
3567 5158 3664 5195 πα-

2083 5231 2314 5300 χυτέραν
2334 5230 2568 5284 διάνοιαν
2589 5232 2680 5284 τὸν
2709 5233 3020 5302 πρεσϐύτην
3051 5230 3407 5300 ἐναλλάξομεν
3433 5233 3509 5294 εἰς
3536 5247 3663 5283 παι-

2082 5322 2224 5374 δίον·
2263 5322 2385 5374 οὐτε
2435 5323 2523 5374 τὸν
2561 5323 2723 5392 ῥυσὸν
2754 5324 2848 5377 καὶ
2886 5323 3292 5392 πεπολιωμένον
3323 5324 3404 5385 εἰς
3452 5321 3662 5375 ἁπαλὸν

2084 5417 2178 5467 καὶ
2209 5414 2327 5468 νέον
2360 5417 2855 5485 μετασκευάσομεν,
2899 5416 2966 5469 ἂν
2997 5416 3158 5467 πάλιν
3187 5416 3266 5478 εἰς
3292 5415 3391 5484 τὴν
3421 5413 3663 5484 γαστέρα

2084 5509 2182 5577 τῆς
2206 5509 2405 5579 μητρὸς
2423 5509 2514 5560 τὸν
2544 5509 2825 5578 ἄνθρωπον
2853 5510 3194 5579 ἐπανάξομεν
3214 5524 3227 5538 ’
3259 5508 3396 5562 ἀλλά
3424 5508 3515 5560 τὸν
3539 5525 3664 5560 κατ-

2084 5603 2397 5672 εστιγμένον
2433 5603 2549 5663 ταῖς
2590 5601 2904 5670 ἁμαρτίαις,
2939 5602 3032 5654 καὶ
3081 5603 3268 5663 κακοῖς
3299 5598 3664 5670 ἐπιτηδεύμα-

2086 5709 2170 5742 σιν
2199 5691 2651 5761 ἐμπαλαιωθέντα
2679 5691 2858 5761 χάριτι
2907 5690 3158 5763 βασιλικῇ
3196 5691 3541 5760 ὲπανάγομεν
3579 5690 3660 5751 εἰς

2083 5781 2142 5834 τὸ
2167 5782 2259 5835 τοῦ
2285 5783 2515 5852 βρέφους
2543 5784 2852 5836 ἀνεύθυνον.
2891 5783 2978 5846 Ὠς
3003 5782 3109 5850 γὰρ
3134 5784 3192 5836 τὸ
3223 5783 3665 5836 εὐθύτοκονῶαι-
