4154 6354
392 365 489 427 .‘SSI

1604 352 1670 407 IN
1701 349 2100 407 BAPTISMUM
2136 342 2428 402 CHRISTI.

3574 333 3682 388 582

394 481 501 534 δίον
557 479 843 548 ἐλεύθερόν
896 477 1044 529 ἐστιν
1102 476 1467 546 ἐγκλημάτων
1522 479 1618 530 καὶ
1671 475 1985 548 τιμωριῶν,

2093 471 2240 540 regia
2278 485 2343 524 eo
2387 465 2706 535 redigimus,
2763 470 2821 516 ut
2855 463 3124 517 innocens
3166 459 3238 516 sit
3271 456 3436 512 sicuti
3470 455 3676 511 infans.

394 569 567 632 οὑτως
594 569 684 622 καὶ
703 569 731 620 ὀ
759 567 856 637 τῆς
874 565 1281 634 ἀναγεννήσεως
1296 568 1422 628 παῖς
1451 565 1548 618 οὐκ
1564 565 1674 635 ἔχει
1698 583 1762 617 πε
1773 564 1980 636 ρὶτίνος

394 660 815 727 ἀπολογήσεται,
843 657 1098 728 βασιλικῇ
1125 657 1300 727 δωρεᾷ
1325 657 1435 710 τῶν
1474 657 1714 710 εὐθυνῶν
1736 656 1977 725 ἀφεθείς.

396 749 612 819 Ταύτην
634 750 690 802 δὲ
713 750 813 818 τὴν
855 748 1176 818 εὐεργεσίαν
1213 748 1273 800 οὑ
1312 748 1371 799 τὸ
1401 747 1545 818 ὕδωρ
1569 747 1853 818 χαρίζεται
1883 742 1980 816 (ἦν

392 843 502 910 γὰρ
545 840 610 892 ἂν
645 841 824 910 πάσης
859 840 959 908 τῆς
995 839 1224 902 κτίσεως
1268 839 1640 910 ὑψηλότερον),
1682 838 1814 892 ἀλλὰ
1843 837 1978 890 Θεοῦ

365 927 376 938 ”
397 933 726 1002 πρόσταγμα
748 969 761 990 ,
796 930 889 982 καὶ
918 932 951 998 ἡ
981 928 1074 982 τοῦ
1115 927 1427 999 Πνεῦματος
1455 929 1800 997 ἐπιφοίτησις
1825 967 1840 992 ,
1885 943 1981 996 μυ-

397 1022 597 1085 στικῶς
661 1021 931 1091 ἐρχομένη
985 1021 1121 1089 πρὸς
1172 1018 1269 1090 τὴν
1317 1019 1591 1090 ἡμετέραν
1645 1018 1976 1087 ἐλευθερίαν.

398 1112 581 1181 ’Ύδωρ
624 1111 679 1164 δὲ
716 1113 978 1181 ὑπηρετεῖ
1027 1111 1165 1182 πρὸς
1213 1110 1436 1177 ἔνδειξιν
1484 1114 1584 1181 τῆς
1636 1110 1976 1179 καθάρσεως.

408 1202 626 1272 Ἐπειδὴ
651 1201 758 1272 γὰρ
791 1201 1059 1273 εἰώθαμεν
1093 1203 1250 1272 ῥύπῳ
1295 1203 1389 1254 καὶ
1431 1201 1675 1272 βορϐόρῳ
1713 1201 1775 1254 τὸ
1821 1199 1980 1269 σῶμα

397 1293 758 1364 καθυϐρισθὲν
803 1291 956 1346 ὕδατι
1016 1293 1295 1355 νίπτοντες
1340 1292 1582 1363 καθαρὸν
1621 1291 1975 1360 ἀποφαίνειν,

397 1386 484 1438 διὰ
509 1385 667 1439 τοῦτο
705 1387 800 1438 καὶ
830 1387 921 1437 ἐπὶ
947 1386 1045 1455 τῆς
1082 1385 1349 1456 μυστικῆς
1373 1383 1624 1455 πράξεως
1652 1383 1784 1436 αὐτὸ
1808 1401 1977 1453 προσ-

397 1477 776 1548 λαμϐάνομεν,
820 1476 898 1547 τῷ
937 1475 1178 1546 αἰσθητῷ
1214 1477 1499 1545 πράγματι
1537 1478 1636 1546 τὴν
1690 1475 1980 1546 ἀσώματον

397 1568 682 1640 δηλοῦντες
709 1569 1092 1640 λαμπρότητα.
1123 1567 1340 1621 Μᾶλλον
1369 1567 1446 1630 δὲ,
1486 1570 1534 1619 εί
1563 1567 1728 1629 δοκεῖ,
1769 1567 1863 1620 καὶ
1888 1567 1977 1619 λε-

397 1663 658 1734 πτότερον
705 1661 1279 1733 προσκαρτερήσωμεν
1320 1662 1388 1730 τῇ
1440 1659 1566 1727 περὶ
1606 1657 1701 1710 τοῦ
1752 1657 1977 1728 λουτροῦ

401 1756 663 1826 ζητήσει,
695 1749 805 1813 οἷον
836 1755 900 1806 ἐκ
931 1753 1111 1824 πηγῆς
1141 1769 1285 1815 τινος
1325 1751 1620 1823 ἀρξάμενοι
1657 1749 1750 1806 τοῦ
1784 1752 1981 1822 Γραφι-

2094 563 2162 616 Ut
2187 563 2332 615 enim
2367 557 2529 611 modo
2561 564 2724 609 natus
2752 556 2962 625 puellus
2997 569 3026 606 a
3060 551 3390 606 criminibus
3417 559 3472 605 et
3501 551 3680 618 poenis

2090 655 2230 708 liber
2260 660 2366 714 est,
2398 651 2473 704 ita
2504 649 2668 704 etiam
2704 646 3139 717 regenerationis
3168 658 3304 714 puer
3334 657 3441 696 non
3470 642 3640 695 liabet
3661 679 3677 702 ,

2088 746 2250 815 cujus
2306 743 2528 796 nomine
2575 754 2799 794 causam
2859 737 3026 800 dicat,
3077 747 3137 790 ut
3186 737 3279 806 qui
3334 734 3484 804 regio
3536 734 3682 787 dono

2088 853 2270 891 causa:
2324 833 2553 888 dictioni
2603 839 2931 900 exemptus.
2991 838 3046 883 et
3096 843 3125 881 a
3187 827 3495 881 rationibus
3555 825 3680 878 vitae

2089 925 2381 980 reddendis
2420 925 2682 977 liberatus
2721 923 2812 975 sit.
2851 921 2962 974 lloc
2991 929 3172 972 autem
3202 917 3527 971 beneﬁcium
3566 931 3680 969 non

2089 1033 2231 1087 aqua
2255 1018 2493 1087 largitur
2525 1016 2690 1086 (esset
2722 1015 2868 1069 enim
2897 1013 3045 1066 omni
3083 1019 3338 1065 creatura
3363 1009 3677 1078 sublimior)

2089 1109 2182 1165 sed
2233 1109 2325 1162 Dei
2378 1116 2708 1177 praeceptum
2761 1116 2814 1160 et
2867 1105 3128 1174 Spiritus,
3171 1103 3276 1172 qui
3325 1101 3557 1172 mystice
3607 1100 3676 1154 ad

2088 1213 2334 1256 nostram
2396 1202 2703 1254 libertatem
2765 1199 2937 1265 venit,
2996 1211 3283 1251 accessus.
3339 1195 3495 1264 Aqua
3545 1208 3677 1246 vero

2087 1294 2366 1349 subservit
2413 1293 2478 1346 ad
2512 1291 2908 1347 ostendendam
2964 1289 3368 1359 purgationem.
3403 1286 3677 1352 Quoniam

2087 1388 2231 1441 enim
2277 1385 2534 1440 sordibus
2568 1394 2622 1438 et
2664 1399 2824 1438 coeno
2873 1383 3133 1436 foedatum
3165 1395 3368 1449 corpus
3414 1392 3554 1444 aqua
3607 1377 3679 1430 la-

2085 1486 2278 1532 vantes
2312 1492 2508 1546 purum
2537 1476 2766 1530 reddere
2799 1473 3063 1536 solemus,
3098 1479 3388 1542 propterta
3418 1471 3581 1524 etiam
3619 1469 3676 1523 in

2087 1569 2320 1638 mystica
2356 1569 2573 1622 actione
2625 1581 2746 1622 eam
2795 1565 3144 1628 adhibemus,
3202 1579 3260 1618 re
3293 1563 3396 1618 sub
3447 1576 3676 1618 sensum

2086 1660 2301 1714 cadenti
2332 1661 2716 1730 incorporeum
2745 1657 3091 1728 splendorem
3132 1657 3528 1727 signiﬁcantes.
3559 1654 3678 1708 lmo

2087 1769 2241 1819 vero,
2285 1753 2330 1808 si
2376 1753 2615 1815 videtur,
2647 1753 2811 1807 etiam
2844 1752 3102 1806 subtilius
3133 1751 3457 1820 explicando
3491 1764 3678 1821 perse-

402 1846 501 1901 κοῦ
531 1847 1008 1918 παραγγέλματος
1029 1845 1170 1899 Ἐὰν
1187 1848 1272 1913 μή
1296 1861 1386 1910 τις
1404 1842 1686 1914 γεννηθῇ,
1710 1843 1892 1914 φησιν,
1915 1843 1983 1906 ἐξ

2090 1861 2339 1900 veremus
2395 1847 2448 1900 in
2499 1846 2804 1915 quiestione
2857 1844 3084 1908 lavacri,
3123 1851 3382 1912 tanquam
3439 1856 3469 1895 a
3531 1841 3679 1896 fonte

396 1939 620 2004 ὓδατος
669 1938 766 1993 καὶ
795 1939 1158 2015 Πνεύματος,
1190 1938 1262 1990 οὐ
1294 1935 1543 1990 δύναται
1573 1934 1870 1990 εἰσελθεῖν
1902 1938 1989 2000 είς

399 2032 513 2099 τὴν
533 2032 863 2097 βασιλείαν
889 2029 995 2083 τοῦ
1039 2030 1207 2084 Θεοῦ.
1258 2029 1357 2083 Διά
1395 2028 1448 2081 τί
1479 2027 1546 2081 τὰ
1595 2027 1710 2090 δύο,
1741 2027 1834 2079 καὶ
1863 2028 1987 2096 οὐχὶ

403 2124 564 2194 μόνον
579 2122 640 2175 τὸ
659 2124 883 2192 Πνεῦμα
900 2119 1173 2192 αὔταρκες
1197 2119 1451 2190 ἐνομίσθη
1475 2119 1610 2189 πρὸς
1624 2121 1721 2190 τὴν
1744 2119 1990 2189 συμπλή-

403 2233 572 2288 ρωσιν
597 2215 690 2268 τοῦ
709 2213 1082 2284 βαπτίσματος
1101 2211 1388 2275 ςΣύνθετος
1405 2213 1433 2264 ὁ
1459 2211 1555 2265 ἄνθ
1566 2229 1766 2283 ρωπος,
1782 2213 1875 2264 καὶ
1893 2213 1990 2283 οὐχ

400 2306 637 2370 ἁπλοῦς,
681 2307 756 2371 ὡς
799 2305 1041 2378 ἀκριϐῶς
1077 2305 1418 2376 ἐπιστάμεθα
1441 2322 1453 2335 ο
1491 2308 1583 2358 καὶ
1612 2305 1700 2359 διὰ
1727 2305 1885 2359 τοῦτο
1911 2306 1990 2376 τῷ

397 2399 568 2467 διπλῷ
592 2400 686 2452 καὶ
726 2397 1136 2467 συνεζευγμένῳ
1165 2395 1234 2449 τὰ
1263 2397 1499 2468 συγγενῆ
1533 2397 1624 2449 καὶ
1653 2397 1813 2466 ὃμοια
1846 2396 1989 2467 φάρ-

403 2507 554 2560 μακα
594 2489 728 2557 προς
768 2487 1066 2559 θεραπείαν
1102 2484 1470 2556 ἀπεκληρώθη
1495 2503 1509 2516 ο
1541 2484 1754 2556 σώματι
1788 2485 1886 2556 μὲν
1913 2485 1990 2555 τῷ

401 2582 728 2652 φαινομένῳ,
768 2579 912 2651 ὕδωρ
939 2580 1000 2633 τὸ
1032 2579 1315 2648 αἰσθητόν·
1356 2579 1501 2649 ψυχῇ
1533 2578 1590 2630 δὲ
1636 2583 1703 2650 τῇ
1753 2580 1988 2650 ἀοράτῳ,

403 2675 626 2746 Πνεῦμα
656 2675 718 2728 τὸ
744 2673 969 2742 ἀφανὲς,
996 2673 1174 2726 πίστει
1215 2671 1569 2742 καλούμενον,
1607 2673 1862 2744 ἀρρήτως
1887 2691 1990 2726 πα-

404 2765 786 2837 ραγινόμενον.
838 2764 909 2818 Τὸ
938 2765 1048 2835 γὰρ
1083 2765 1326 2833 Πνεῦμα
1347 2805 1360 2827 ,
1407 2765 1559 2818 ὅπου
1585 2766 1744 2817 θέλει
1767 2804 1781 2828 ,
1816 2764 1954 2816 πνεῖ
1973 2781 1986 2794 ο

401 2855 502 2907 καὶ
542 2853 656 2920 τὴν
699 2853 912 2922 φωνὴν
945 2852 1134 2906 αὑτοῦ
1169 2853 1440 2916 ἀκούεις·
1481 2851 1616 2905 ἀλλ’
1664 2853 1776 2905 οὐκ
1824 2847 1991 2915 οἶδας

402 2944 589 2996 πόθεν
620 2941 883 3010 ἔρχεται,
919 2941 1018 2994 καὶ
1061 2942 1178 2994 ποῦ
1219 2940 1454 3010 ὑπάγει.
1487 2940 1712 3008 Εὐλογεῖ
1738 2941 1796 2993 τὸ
1832 2941 1990 3009 σῶμα

401 3033 467 3086 τὺ
509 3032 926 3104 βαπτιζόμενον,
962 3033 1056 3085 καὶ
1089 3032 1148 3085 τὸ
1185 3031 1326 3102 ὕδωρ
1360 3033 1422 3085 τὺ
1457 3031 1738 3103 βαπτίζον.
1778 3034 1869 3086 Διὸ
1916 3034 1989 3104 μὴ

403 3125 828 3195 καταφρονήσῃς
870 3122 963 3176 τοῦ
1014 3123 1158 3176 θείου
1208 3122 1465 3194 λουτροῦ,
1506 3124 1640 3195 μηδὲ
1691 3125 1768 3188 ὡς
1811 3128 1988 3179 κοινὸν

2089 1939 2326 2009 quodam
2354 1939 2572 1992 initium
2606 1937 2866 2008 praecepti
2900 1935 3199 2006 Scriptura:
3225 1934 3510 1989 facientes.
3549 1931 3677 1986 Nisi

2089 2032 2230 2101 quis,
2281 2031 2480 2100 inquit,
2536 2040 2695 2084 natus
2742 2029 2902 2098 fuerit
2936 2043 3000 2082 ea:
3045 2044 3184 2097 aqua
3227 2037 3278 2080 et
3314 2025 3543 2096 Spiritu,
3573 2042 3679 2078 non

2087 2131 2254 2191 potest
2285 2125 2490 2176 intrare
2523 2123 2578 2175 in
2610 2139 2827 2193 regnum
2860 2121 2960 2174 Dei
2982 2121 3021 2174 ³.
3056 2121 3240 2185 Quare
3281 2120 3407 2174 bina
3450 2120 3567 2183 illa,
3623 2126 3679 2170 ct

2091 2231 2199 2267 non
2248 2215 2400 2268 solus
2453 2214 2696 2283 Spiritus
2744 2212 3020 2267 suiliciens
3070 2211 3422 2266 existimatus
3474 2221 3560 2266 est
3609 2209 3676 2262 ad

2091 2307 2508 2375 completionem
2563 2306 2955 2376 baptismatis?
3000 2304 3355 2373 Compositus
3390 2312 3474 2358 est
3512 2303 3708 2373 homo_

2090 2407 2143 2453 et
2189 2415 2297 2451 non
2350 2399 2604 2468 simplex,
2661 2407 2718 2452 ut
2766 2410 2918 2453 certo
2966 2401 3193 2452 scimus.
3249 2399 3430 2467 Atque
3469 2397 3677 2452 idcirco

2089 2490 2296 2560 duplici
2349 2492 2754 2560 conjunctoque
2795 2499 3024 2559 cognata
3071 2490 3385 2559 similiaque
3437 2489 3677 2543 medica-

2092 2592 2273 2636 menta
2329 2581 2394 2636 ad
2458 2585 2800 2636 curationem
2853 2583 3124 2636 destinata
3175 2592 3340 2652 atque
3406 2582 3671 2637 attributa

2092 2685 2223 2728 sunt
2259 2675 2526 2742 :-c.orpori
2563 2675 2810 2744 quidem,
2866 2674 3010 2743 quod
3053 2686 3310 2744 apparet;
3344 2691 3507 2744 aqua,
3555 2693 3678 2745 qua:

2093 2765 2195 2820 sub
2229 2781 2453 2820 sensum
2483 2767 2660 2832 cadit;
2700 2769 2894 2820 anima:
2917 2782 3066 2827 vero,
3095 2783 3215 2836 qlia:
3250 2769 3426 2820 visum
3457 2767 3676 2836 etl'ugit,

2095 2854 2356 2924 Spiritus,
2401 2855 2494 2924 qui
2544 2869 2650 2908 non
2703 2865 2949 2923 apparet,
3005 2855 3095 2922 qui
3148 2854 3250 2908 tide
3295 2865 3548 2920 vocatur,
3583 2857 3676 2925 qui

2093 2946 2446 3000 itieﬂabtliter
2477 2945 2708 2999 accedit.
2748 2945 3003 3012 Spiritus,
3046 2946 3215 3010 enim,
3265 2945 3354 2998 ubi
3383 2946 3512 3007 vult,
3563 2949 3677 3014 spi-

2093 3048 2177 3090 rst
2201 3076 2215 3099 ,
2259 3047 2307 3088 et
2345 3053 2514 3090 vocent
2560 3035 2675 3104 ejus
2707 3038 2882 3098 audis,
2912 3036 3006 3088 sed
3036 3038 3202 3088 nescis
3229 3034 3366 3088 unde
3400 3036 3591 3100 tveuiat,
3628 3047 3677 3088 ct

2092 3147 2196 3200 quo
2224 3128 2380 3184 vadat
2403 3129 2455 3183 ’δε
2493 3143 2694 3196 corpus
2723 3127 2868 3196 quod
2897 3127 3226 3197 baptizatur,
3258 3138 3312 3180 et
3333 3143 3525 3196 aquam
3558 3144 3678 3197 qua:

402 3217 538 3270 αὐτὸ
571 3216 929 3287 ὲξευτελίσῃς,
953 3215 1040 3268 διὰ
1063 3214 1160 3285 τὴν
1187 3217 1380 3286 χρῆσιν
1412 3216 1505 3269 τοῦ
1539 3216 1749 3281 ὓδατος.
1782 3219 1855 3272 Τὸ
1881 3219 1986 3290 γὰρ

2099 3221 2360 3289 baptizat,
2400 3218 2697 3274 benedicit.
2737 3220 2918 3285 Quare
2959 3235 3026 3271 ne
3056 3227 3378 3272 contemnas
3428 3218 3673 3271 divinum

404 3307 660 3378 ἒνεργοῦν
692 3307 854 3376 μέγα,
883 3306 977 3359 καὶ
999 3307 1093 3358 ἀπ’
1120 3307 1333 3358 ἐκείνου
1369 3306 1660 3378 θαυμαστὰ
1685 3309 1891 3376 γίνεται
1921 3311 1990 3364 τὰ

402 3399 723 3468 τελούμενα.
744 3397 896 3450 Ἐπεὶ
922 3398 1016 3449 καὶ
1043 3397 1105 3449 τὺ
1135 3396 1522 3468 θυσιαστήριον
1543 3398 1703 3454 τοῦτο
1730 3400 1790 3452 τὸ
1813 3401 1986 3464 ἆγιον,

403 3483 451 3557 ᾧ
485 3489 928 3559 παρεστήκαμεν,
962 3486 1104 3550 λίθος
1137 3487 1254 3540 ἐστὶ
1294 3487 1430 3541 κατὰ
1460 3487 1557 3560 τὴν
1584 3489 1744 3559 φύσιν
1777 3490 1986 3557 κοινὸς,

404 3582 558 3636 οὐδὲν
593 3581 864 3651 διαφέρων
892 3580 999 3634 τῶν
1035 3579 1208 3634 ἄλλων
1240 3580 1484 3647 πλακῶν,
1529 3582 1585 3634 αἳ
1623 3583 1749 3647 τοὺς
1778 3584 1990 3653 τοίχους

407 3673 566 3745 ἡμῶν
619 3671 958 3741 οἰκοδομοῦσι
985 3711 999 3734 ,
1053 3671 1147 3724 καὶ
1205 3671 1608 3738 καλλωπίζουσι
1666 3675 1735 3728 τὰ
1792 3675 1986 3747 ἐδάφη.

421 3761 639 3832 Ἐπειδὴ
685 3761 742 3815 δὲ
776 3759 1084 3831 καθιερώθη
1122 3762 1186 3830 τῇ
1222 3760 1316 3813 τοῦ
1365 3761 1501 3814 Θεοῦ
1537 3762 1802 3835 θεραπείᾳ
1825 3805 1842 3830 ,
1895 3768 1989 3819 καὶ

405 3855 507 3926 τὴν
541 3854 788 3921 εὐλογίαν
815 3853 1059 3918 ἐδέξατο,
1091 3851 1206 3904 ἔστι
1240 3855 1488 3925 τράπεζα
1514 3856 1665 3923 ἁγία,
1700 3857 1991 3928 θυσιαστή-

411 3963 528 4017 ριον
567 3944 856 4015 ἄχραντον,
895 3945 1079 3998 οὐκέτι
1117 3945 1264 4016 παρὰ
1312 3946 1530 3998 πάντων
1565 3945 1988 4018 ψηλαφώμενον,

407 4035 548 4091 ἀλλὰ
579 4036 738 4107 μόνον
775 4034 885 4088 τῶν
927 4037 1137 4108 ἱερέων,
1177 4039 1271 4090 καὶ
1312 4035 1516 4089 τούτων
1555 4037 1986 4109 εὐλαϐουμένων.

420 4127 482 4181 Ὀ
506 4128 668 4196 ἄρτος
693 4127 855 4181 πάλιν
883 4128 1045 4197 ἄρτος
1075 4128 1192 4180 ἐστὶ
1207 4128 1342 4191 τέως
1367 4129 1542 4192 κοινός
1563 4145 1576 4158 ·
1605 4129 1720 4182 ἀλλ’
1739 4131 1867 4185 ὅταν
1893 4135 1991 4184 αὑ-

407 4221 503 4273 τὸν
527 4220 589 4272 τὸ
619 4221 910 4290 μυστήριον
942 4220 1291 4304 ἱερουργησῃ,
1323 4221 1482 4292 σῶμα
1511 4221 1745 4291 Χριστοῦ
1774 4223 1989 4291 λέγεται

408 4329 472 4365 τε
515 4311 608 4365 καὶ
647 4311 874 4378 γίνεται.
912 4313 1098 4376 Οὑτως
1137 4313 1198 4365 τὸ
1229 4315 1488 4383 μυστικὸν
1524 4315 1734 4380 ἔλαιον,
1768 4317 1938 4380 οὓτως
1962 4319 1990 4369 ὁ

409 4399 554 4464 οἶνος
576 4419 590 4433 ν
615 4402 794 4469 ὀλίγου
823 4403 966 4465 τινὸς
989 4401 1114 4466 ἄξια
1136 4403 1263 4456 ὄντα
1292 4403 1396 4474 πρὸ
1427 4404 1528 4474 τῆς
1556 4404 1823 4474 εὐλογίας,
1852 4407 1989 4477 μετὰ

410 4493 504 4545 τὸν
545 4490 810 4560 ἀγιασμὺν
849 4492 937 4546 τὸν
978 4491 1072 4544 τοῦ
1122 4493 1469 4562 Πνεῦματος,
1516 4494 1775 4566 ἑκάτερον
1808 4497 1990 4550 αὐτῶν

409 4586 625 4655 ἐνεργεῖ
654 4581 942 4653 διαφόρως.

2094 3311 2395 3373 lavacrum,
2458 3323 2636 3376 neque
2691 3309 2741 3361 id
2799 3316 3061 3376 tanquam
3113 3322 3403 3361 comnmne
3454 3315 3678 3376 ριόυιειιν

2094 3411 2254 3451 usum
2295 3411 2454 3465 aquze
2484 3397 2638 3466 parvi
2689 3396 2881 3458 facias,
2928 3405 2980 3450 et
3024 3396 3127 3450 levi
3179 3404 3454 3450 momento
3481 3396 3672 3449 ducas.

2092 3488 2226 3542 Nam
2263 3488 2340 3553 id,
2381 3489 2528 3558 quod
2576 3497 2857 3558 operatur,
2908 3504 3162 3558 maguum
3205 3496 3311 3552 est,
3359 3496 3414 3542 et
3465 3488 3534 3542 ab
3585 3489 3678 3541 ilo

2092 3582 2374 3637 mirabiles
2413 3581 2693 3636 exsistunt
2747 3579 2994 3636 eﬂ'ectus.
3045 3579 3180 3633 Nam
3235 3589 3290 3634 et
3348 3581 3520 3632 altare
3574 3580 3677 3632 hoc

2093 3682 2368 3739 sanctum,
2401 3674 2488 3728 cui
2533 3674 2870 3733 assistimus,
2908 3675 3046 3743 lapis
3085 3684 3169 3729 est
3203 3683 3400 3727 natura
3430 3688 3678 3726 comnm—

2090 3767 2202 3832 nis,
2238 3767 2374 3820 nihil
2401 3765 2659 3820 diﬂerens
2689 3766 2758 3819 ab
2788 3767 2911 3820 aliis
2940 3766 3144 3820 crustis
3180 3765 3430 3834 lapideis,
3461 3779 3526 3818 ex
3562 3765 3679 3833 qui-

2091 3861 2194 3914 bus
2253 3859 2495 3928 parietes
2553 3859 2729 3913 nostri
2786 3866 3187 3922 cxstrunntur,
3245 3866 3299 3910 et
3367 3858 3676 3925 pavllltt‘ttta

2091 3964 2450 4006 exornantur.
2485 3952 2590 4006 Sed
2624 3953 2883 4022 quoniam
2933 3951 3025 4005 Dei
3073 3953 3246 4005 cultui
3295 3962 3674 4005 consecrantur

2094 4051 2258 4112 atque
2306 4033 2616 4096 dedicatum
2662 4054 2765 4103 est,
2825 4057 2888 4095 ac
2953 4041 3392 4095 benedictionem
3441 4039 3675 4106 accepit,

2096 4150 2282 4189 mensa
2318 4144 2530 4197 sancta,
2578 4135 2751 4188 altare
2794 4135 3201 4187 immaculatum
3248 4143 3353 4198 est,
3385 4129 3530 4200 quod
3565 4147 3675 4184 non

2093 4230 2331 4298 amplius
2367 4229 2434 4280 ab
2464 4227 2740 4288 omnibus,
2780 4229 2871 4281 sed
2918 4242 2947 4279 a
2991 4227 3123 4280 solis
3171 4225 3545 4278 sacerdotibus
3579 4223 3674 4275 iis-

2094 4334 2198 4388 que
2233 4320 2626 4372 venerantibus
2658 4326 3051 4371 contrectatur.
3104 4315 3270 4370 Panis
3321 4317 3470 4375 item,
3516 4315 3673 4383 panis

2093 4421 2177 4465 est
2207 4412 2363 4464 initio
2394 4410 2745 4472 cominuuis;
2780 4410 2875 4464 sed
2914 4409 3004 4463 ubi
3051 4424 3173 4461 cum
3222 4408 3540 4478 mysterium
3587 4421 3672 4459 sa-

2095 4500 2446 4562 criﬁcaverit,
2491 4514 2694 4568 corpus
2722 4499 2926 4553 Christi
2975 4499 3031 4551 [it
3066 4506 3120 4552 et
3155 4499 3378 4552 dicitur.
3429 4496 3521 4550 Sic
3555 4511 3672 4566 my-

2024 4586 2296 4646 DSIicnm
2361 4593 2562 4656 oleum,
2619 4593 2700 4646 sic
2749 4593 2960 4657 vinum,
3015 4606 3139 4644 eum
3191 4592 3300 4644 sint
3357 4605 3440 4643 res
3498 4589 3674 4657 exigui

413 4678 572 4747 pretii
620 4685 747 4732 ante
795 4677 1256 4742 benedictionem,
1304 4687 1428 4746 post
1479 4679 1997 4747 sanctiﬁcationem,
2065 4701 2187 4754 qua:
2238 4702 2267 4738 a
2323 4683 2530 4756 Spiritu
2579 4685 2847 4755 procedit,
2900 4694 3190 4755 utrumque
3263 4699 3452 4738 eorum
3499 4683 3680 4735 excel-

412 4775 588 4827 lenter
617 4782 896 4842 operatur.

433 4909 442 4917 .
493 4871 558 4922 Ἥ
593 4869 730 4939 αὑτὴ
753 4868 811 4921 δὲ
834 4866 928 4920 τοῦ
957 4866 1115 4934 λόγου
1149 4867 1400 4937 δύναμις,
1433 4869 1529 4922 καὶ
1549 4870 1639 4923 τὸν
1666 4871 1817 4942 ίερὲα
1850 4877 1994 4927 ποιεῖ

412 4962 610 5033 σεμνὸν
643 4961 736 5014 καὶ
773 4960 976 5030 τίμιον,
1019 4962 1085 5030 τῇ
1127 4961 1406 5030 καινότητι
1455 4963 1554 5032 τῆς
1603 4965 1853 5034 εὐλογίας
1896 4968 1993 5036 τῆς

411 5055 544 5124 πρὸς
574 5052 700 5115 τοὺς
723 5050 950 5114 πολλοὺς
979 5050 1284 5120 κοινότητος
1311 5053 1695 5124 χωριζόμενον.
1722 5057 1865 5120 Χθὲς
1883 5059 1992 5128 γὰρ

410 5146 502 5198 καὶ
539 5142 730 5214 πρώην
766 5137 845 5203 εἷς
873 5140 1134 5212 ὑπάρχων
1167 5140 1273 5192 τῶν
1308 5142 1516 5196 πολλῶν
1550 5145 1640 5197 καὶ
1675 5147 1766 5199 τοῦ
1795 5147 1988 5216 δήμου,

411 5235 603 5304 ἀθρόον
655 5233 1036 5286 ἀποδείκνυται
1092 5232 1444 5304 καθηγεμὼν,
1496 5238 1787 5307 πρόεδρος,
1843 5239 1990 5292 διδά-

412 5327 606 5388 σκαλος
632 5325 934 5387 εὐσεϐείας,
969 5325 1283 5396 μυστηρίων
1310 5325 1678 5380 λανθανόντων
1704 5347 1991 5399 μυσταγω-

413 5417 524 5484 γός
552 5417 644 5469 καὶ
675 5416 846 5469 ταῦτα
879 5420 1041 5480 ποιεῖ,
1075 5418 1240 5487 μηδὲν
1267 5418 1361 5471 τοῦ
1387 5418 1637 5490 σιῖξματος
1663 5422 1695 5492 ἢ
1729 5423 1826 5492 τῆς
1863 5441 1993 5492 μορ-

414 5506 521 5576 φῆς
563 5506 880 5575 ἀμειφθείς·
925 5506 1039 5559 ἀλλ’
1090 5507 1349 5578 ὑπάρχων
1388 5508 1530 5562 κατὰ
1561 5509 1622 5562 τὺ
1671 5513 1993 5582 φαινόμενον

412 5599 618 5661 ἐκεῖνος
655 5597 711 5658 ὃς
754 5592 843 5667 ἦν,
885 5598 1100 5670 ἀοράτῳ
1134 5600 1243 5652 τινὶ
1273 5601 1498 5670 δυνάμει
1534 5604 1627 5657 καὶ
1673 5604 1851 5674 χάριτι
1892 5605 1990 5674 τὴν

486 5773 511 5808 ³
543 5773 702 5829 Joau.
737 5790 817 5840 ut,
848 5775 899 5830 5.
1009 5776 1030 5806 ⁸
1058 5776 1191 5832 ibid.
1248 5778 1301 5831 8.

2168 4873 2370 4929 Eadem
2419 4873 2549 4928 item
2599 4872 2753 4927 verbi
2790 4871 2875 4925 vis
2913 4872 3076 4925 etiam
3117 4868 3461 4924 sacerdotem
3509 4885 3680 4940 augu-

2099 4973 2244 5020 stum
2273 4975 2327 5020 et
2375 4965 2758 5018 honorandum
2796 4965 2946 5024 facit,
2991 4961 3234 5014 novitate
3281 4959 3679 5014 benedictionis

2098 5073 2126 5111 a
2167 5059 2562 5112 communitate
2597 5057 2742 5125 vulgi
2790 5063 3164 5124 segregatum.
3199 5051 3334 5105 Cum
3386 5052 3530 5106 enim
3563 5051 3679 5105 lteri

2098 5165 2162 5203 ac
2191 5159 2436 5217 tempore
2465 5148 2738 5218 superiori
2787 5162 2930 5200 unus
2977 5161 3006 5198 e
3039 5144 3390 5197 multitudine
3431 5159 3493 5196 ac
3523 5144 3680 5212 plebe

2097 5248 2263 5303 esset,
2297 5252 2520 5308 repente
2558 5238 2804 5293 redditur
2835 5245 3162 5306 praeceptor,
3209 5251 3430 5304 prieses,
3485 5235 3682 5289 doctor

2099 5333 2354 5403 pietatis,
2410 5331 2797 5402 mysteriorum
2849 5331 3130 5382 latentium
3196 5329 3392 5396 praesul
3441 5348 3455 5383 :
3501 5344 3676 5399 eaque

2100 5425 2429 5492 contingunt
2475 5425 2547 5486 ei,
2599 5439 2721 5475 eum
2779 5422 2915 5474 nihil
2958 5422 3038 5473 vel
3082 5436 3332 5487 corpore,
3381 5421 3464 5475 vel
3509 5421 3683 5473 forma

2103 5523 2367 5582 mutatus,
2413 5515 2506 5569 sed
2543 5515 2686 5584 quod
2731 5513 2798 5567 ad
2843 5514 3079 5582 speciem
3133 5524 3412 5566 externam
3467 5514 3680 5575 attinet,

2099 5607 2188 5661 ille
2241 5608 2330 5671 sit,
2370 5607 2461 5677 qui
2518 5615 2658 5670 erat,
2705 5607 2963 5662 invisibili
3009 5607 3241 5676 quadam
3284 5607 3331 5660 vi
3368 5622 3431 5661 ac
3481 5609 3680 5678 gratia,
