4154 6354
457 363 566 419 585

1665 364 1732 422 ’S.
1762 361 2096 426 CREGOIHI
2138 361 2430 417 NYSSENl

3624 361 3734 416 εει

455 476 788 532 invisibilem
824 477 1064 532 animam
1116 479 1171 534 in
1228 479 1426 534 melius
1471 479 1919 533 transformatam
1950 495 2043 549 ge-

2152 477 2381 549 αόρατον
2406 479 2582 550 ψυχὴν
2617 478 3071 551 μεταμορφωθεὶς
3102 480 3237 549 πρὸς
3267 477 3329 531 τὸ
3363 477 3591 548 βέλτιον.
3627 473 3736 532 Καὶ

455 585 604 624 rcus.
639 569 820 640 Atque
855 571 932 624 ita
958 571 1026 625 ad
1079 573 1280 626 multas
1318 587 1407 626 res
1443 573 1687 626 animmn
1728 573 2042 638 advertens,

458 662 864 716 contemnenda
921 663 1142 730 quidem
1189 664 1399 718 videbis
1443 679 1540 726 ea,
1593 680 1712 732 quae
1756 671 2043 734 apparent,

457 767 658 822 magna
704 770 856 819 vero,
894 769 1018 824 quae
1059 756 1128 809 ab
1179 755 1287 810 illis
1315 755 1667 810 efficiuntur:
1705 770 1769 810 ac
1810 756 2046 810 maxime

461 859 584 897 enm
617 860 682 899 ex
719 846 884 900 veteri
931 845 1160 901 historia
1198 856 1434 916 cognata
1461 856 1626 916 atque
1670 847 1870 902 similia
1895 847 2041 917 ejus,

459 939 524 986 de
575 950 686 1004 quo
737 937 1029 1005 quteritur,
1081 939 1388 1008 argumenti
1433 939 1682 1007 exempla
1732 939 2042 1009 collegeris.

458 1024 622 1096 Virga
661 1026 884 1098 Moysis,
916 1029 1066 1100 virga
1096 1039 1216 1084 erat
1246 1046 1276 1085 e
1300 1045 1439 1086 nuce
1471 1045 1566 1086 seu
1593 1033 1800 1102 corylo.
1833 1031 2042 1088 Etenim

453 1119 586 1187 quid
616 1119 762 1173 aliud
799 1130 963 1190 atque
1008 1122 1216 1192 lignum
1243 1137 1559 1188 commune,
1597 1124 1740 1194 quod
1783 1139 1813 1178 a
1857 1125 2044 1195 cujus-

459 1227 566 1281 que
598 1228 763 1268 manu
795 1215 1025 1269 caeditur
1051 1224 1104 1270 et
1133 1225 1411 1286 portatur,
1447 1228 1501 1271 et
1559 1216 1920 1270 concinnatur
1950 1217 2045 1270 ad—

455 1311 789 1373 0ptaturquc
819 1303 887 1358 ad
919 1304 972 1358 id
999 1306 1144 1374 quod
1170 1307 1346 1362 visum
1377 1307 1564 1374 fuerit,
1581 1315 1636 1362 et
1667 1307 1774 1378 igni
1797 1307 1864 1361 ad
1899 1308 2044 1362 arbi-

456 1394 622 1446 trium
677 1395 933 1449 traditur.
972 1395 1074 1450 Ubi
1123 1407 1304 1453 autem
1353 1398 1496 1456 Dens
1528 1400 1702 1456 voluit
1756 1413 1853 1470 per
1893 1401 2042 1454 illam

448 1483 676 1539 efﬁcere
715 1485 972 1540 sublimia
1009 1487 1124 1550 illa,
1150 1504 1382 1561 qumque
1415 1491 1567 1546 nulla
1603 1492 1652 1545 vi
1687 1491 1904 1547 dicendi
1953 1507 2042 1545 ex-

457 1575 618 1644 primi
689 1586 955 1646 possunt,
1007 1579 1294 1644 miracula,
1358 1585 1679 1638 mutabatur
1724 1584 1931 1654 lignum
1985 1583 2040 1638 in

451 1676 767 1735 serpentem
793 1666 836 1720 ⁸.
875 1667 942 1720 Et
989 1668 1116 1723 item
1157 1671 1287 1725 alibi
1321 1674 1635 1740 percutiens
1670 1691 1865 1745 aquas,
1907 1675 2043 1729 alias

455 1755 676 1823 quidem
728 1756 784 1810 in
843 1760 1166 1827 sanguinem
1221 1776 1419 1830 aquam
1474 1763 1795 1834 redigebat“
1845 1782 1860 1818 :
1906 1764 2044 1818 alias

2153 571 2324 634 οὕτως
2363 573 2454 625 ἐπὶ
2487 572 2658 624 πολλὰ
2696 571 2803 624 τῶν
2845 571 3186 642 πραγμάτων
3231 570 3413 640 φέρων
3454 568 3548 623 τὸν
3587 571 3731 630 νοῦν,

2154 661 2607 734 εὐκαταφρόνητα
2654 662 2756 732 μὲν
2793 660 2914 730 ὄψει
2959 662 3028 713 τὰ
3057 660 3392 730 φαινόμενα,
3433 660 3644 730 μεγάλα
3675 661 3734 714 δὲ

2151 752 2221 804 τὰ
2247 752 2341 805 ἀπ’
2371 751 2594 806 ἐκείνων
2623 753 2921 822 τελούμενα
2941 769 2954 782 ο
2980 751 3074 804 καὶ
3099 752 3353 822 μάλιστα,
3384 752 3513 806 ὅταν
3545 753 3609 805 ὲκ
3636 753 3734 822 τῆς

2153 843 2389 907 παλαιᾶς
2433 843 2672 916 ἱστορίας
2703 843 2936 914 ἁναλέξῃ
2965 844 3034 895 τὰ
3073 843 3309 912 συγγενῆ
3338 842 3432 896 τοῦ
3468 843 3734 913 ζητουμέ-

2152 952 2244 988 νου
2280 935 2373 988 καὶ
2405 936 2587 1005 ὃμοια.
2621 929 2726 987 Τοῦ
2765 933 3042 997 Μωῦσέως
3078 935 3110 1004 ἠ
3149 934 3342 1004 ῥάϐδος
3373 931 3440 1006 ἦν
3477 936 3729 1006 καρυῖνη.

2152 1025 2262 1078 Kal
2285 1023 2338 1078 τί
2367 1023 2474 1095 γὰρ
2489 1025 2634 1088 ἄλλο,
2665 1024 2696 1096 ἢ
2727 1023 2880 1089 ξύλον
2909 1023 3084 1076 κοινὸν
3103 1064 3116 1086 ,
3152 1024 3180 1076 ὃ
3217 1025 3367 1078 πᾶσα
3392 1025 3512 1095 χεὶρ
3541 1025 3732 1077 κόπτει

2151 1120 2247 1170 καὶ
2275 1117 2466 1188 φέρει,
2498 1118 2750 1188 ῥυθμίζει
2778 1135 2838 1171 τε
2867 1117 3003 1188 πρὸς
3035 1116 3094 1170 τὸ
3123 1118 3334 1179 δοκοῦν,
3365 1119 3459 1172 καὶ
3489 1118 3568 1188 τῷ
3598 1121 3731 1189 πυρὶ

2143 1211 2270 1262 κατ’
2313 1209 2558 1273 ἐξουσίαν
2593 1207 2839 1272 δίδωσινς
2884 1206 3075 1261 Ἡνίκα
3122 1207 3179 1260 δὲ
3223 1210 3250 1261 ὁ
3291 1207 3422 1272 Θεὸς
3465 1209 3730 1278 ἠθέλησεν

2148 1299 2458 1352 ἐπιτελέσαι
2479 1298 2546 1352 δι’
2571 1298 2786 1366 ἐκείνης
2815 1297 2882 1351 τὰ
2907 1299 3088 1368 ὑψηλὰ
3118 1299 3212 1352 καὶ
3244 1299 3338 1351 τοῦ
3365 1299 3523 1368 λόγου
3554 1300 3731 1370 κρείτ-

2148 1401 2275 1444 τονα
2315 1390 2600 1460 θαύματα,
2633 1390 2990 1461 μετεϐάλλετο
3028 1391 3088 1444 τὸ
3118 1391 3272 1458 ξύλον
3317 1393 3393 1455 είς
3434 1393 3580 1461 ὅφιν.
3619 1392 3730 1444 Καὶ

2151 1481 2312 1534 πάλιν
2353 1477 2579 1548 ἑτέρωθι
2607 1479 2826 1532 τύπτων
2858 1478 2927 1532 τὰ
2964 1479 3166 1544 ὕδατα,
3211 1474 3340 1533 ποτε
3371 1479 3470 1551 μὲν
3502 1474 3640 1550 αἷμα
3667 1479 3729 1532 τδ

2149 1571 2294 1642 ὓδωρ
2342 1571 2550 1634 ἐποίει,
2615 1571 2745 1623 ποτὲ
2786 1571 2842 1623 δὲ
2889 1571 3174 1641 βατράχων
3224 1572 3389 1640 γονὴν
3437 1571 3728 1637 ἀνέϐλυζεν

2149 1659 2390 1734 ἄπειρον.
2426 1657 2536 1715 Kal
2574 1661 2734 1715 πάλιν
2771 1663 2870 1733 τὴν
2901 1663 3169 1717 θάλατταν
3196 1662 3386 1732 ἔτεμνε
3422 1663 3584 1736 μέχρι
3631 1663 3724 1734 βυ-

2150 1753 2260 1807 θῶν
2315 1753 2747 1824 διακοπτομένην
2793 1755 2886 1808 καὶ
2954 1755 3030 1826 μὴ
3076 1754 3429 1825 συρῤἐουσαν.
3496 1756 3728 1826 Ὁμοίως

454 1861 587 1900 vero
629 1863 884 1902 ranarum
916 1849 1084 1903 fetqu
1129 1849 1404 1905 inﬁnitum
1445 1853 1641 1908 edebat
1671 1869 1735 1910 ac
1773 1855 2043 1925 produce:-

2147 1845 2262 1908 ἐνὸς
2292 1845 2399 1897 τῶν
2433 1846 2727 1917 προφητῶν
2767 1846 2990 1918 μηλωτὴ
3009 1886 3024 1910 ,
3061 1848 3215 1915 αἰγὸς
3241 1843 3374 1902 οὖσα
3401 1848 3598 1920 δέρμα,
3629 1851 3720 1904 λόο

455 1936 583 1992 bat’
617 1953 632 1991 :
662 1948 718 1992 et
768 1954 960 1995 rursus
1009 1953 1163 1995 mare
1210 1942 1516 2008 scindebat,
1557 1945 1706 2015 quod
1756 1962 1929 2016 usque
1973 1947 2042 2000 ad

456 2027 628 2081 imum
679 2028 905 2084 fundum
959 2030 1344 2096 diducebatur,
1400 2041 1456 2088 et
1500 2049 1608 2088 non
1664 2036 2040 2093 confluebat”.

448 2115 722 2172 Similiter
769 2121 932 2175 unius
974 2121 1250 2190 propheta:
1291 2123 1668 2178 indumentum
1695 2165 1712 2190 ,
1742 2126 1888 2195 quod
1923 2135 2043 2179 erat

454 2223 522 2261 ex
579 2209 720 2277 pelle
775 2210 1036 2278 caprina,
1090 2209 1342 2267 Elisteum
1402 2228 1498 2282 per
1553 2221 1724 2268 totum
1766 2222 2042 2269 terrarum

450 2297 644 2350 orbem
707 2296 852 2352 fama
907 2299 1245 2354 celebratum
1297 2301 1502 2357 effecit.
1573 2301 1802 2374 Lignnm
1859 2314 2042 2359 autem

458 2389 646 2442 crucis
691 2389 952 2445 omnibus
1000 2391 1316 2446 hominibus
1361 2393 1604 2448 salutare
1650 2404 1753 2458 est,
1802 2410 1928 2449 cum
1973 2396 2045 2448 sit

455 2494 605 2548 pars,
667 2488 727 2534 ut
793 2481 980 2546 audio,
1043 2482 1260 2537 arboris
1317 2483 1464 2546 vilis,
1519 2485 2070 2555 contemptiorisque.

457 2586 622 2640 quam
678 2571 798 2626 alia:
857 2573 1045 2628 multa:
1112 2573 1246 2627 sint.
1309 2572 1376 2626 Et
1436 2574 1618 2630 frutex
1676 2576 1800 2629 rubi
1870 2574 2043 2646 Moysi

458 2663 678 2717 divinas
748 2664 1122 2732 apparitiones
1179 2665 1423 2720 ostendit
1445 2668 1489 2720 ’.
1539 2668 1673 2722 item
1729 2666 1905 2722 Elisaei
1961 2683 2044 2722 re-

459 2754 644 2825 liqnize
705 2763 984 2810 mortuum
1051 2757 1436 2812 excitaverunt
1479 2758 1554 2823 ";
1603 2767 1658 2814 et
1708 2759 1880 2813 lutum
1938 2775 2044 2814 cae-

459 2860 585 2898 cum
625 2860 690 2900 ex
731 2853 890 2901 utero
956 2845 1151 2901 matris
1215 2855 1404 2901 natum
1473 2847 1822 2903 illuminavit.
1865 2848 2044 2919 Atque

459 2937 575 2992 haec
626 2937 814 2993 omnia
847 2953 971 2994 cum
1021 2938 1268 2994 materia:
1331 2940 1442 2994 sint
1494 2939 1810 2994 inanimatae
1877 2951 2044 3011 atque

459 3044 658 3084 sensus
695 3038 971 3100 expertes,
1014 3041 1372 3102 posteaquam
1407 3032 1517 3086 vim
1557 3031 1651 3086 Dei
1680 3031 2042 3101 accepissent,

466 3120 685 3190 magnis
722 3120 1008 3176 miraculis
1068 3121 1248 3176 media
1291 3122 1742 3188 intercesserunt.
1767 3123 1844 3178 Ac
1875 3124 2040 3178 simili

461 3211 860 3279 consequentia
933 3213 1253 3280 rationum,
1301 3214 1464 3268 etiam
1518 3229 1683 3285 aqua,
1735 3231 1862 3270 cum
1907 3216 2044 3270 nihil

455 3301 610 3355 aliud
657 3301 728 3358 sit
756 3316 918 3371 quam
964 3317 1141 3372 aqua,
1181 3319 1418 3374 superna
1463 3307 1639 3375 gratia
1691 3305 2048 3364 benedice-te

456 3391 535 3454 ei,
572 3393 624 3444 in
666 3406 784 3445 eam
811 3405 934 3460 qua:
981 3399 1162 3448 mente
1196 3394 1521 3463 percipitur,
1562 3394 1838 3450 hominem
1882 3412 2044 3451 reno-

461 3491 554 3536 vat
579 3482 1079 3551 regenerationem.
1114 3481 1271 3548 Quod
1307 3484 1353 3538 si
1388 3484 1516 3554 quis
1542 3484 1673 3538 mihi
1711 3500 1904 3542 rursus
1941 3486 2044 3540 du-

464 3573 689 3626 bitando
730 3580 785 3625 et
839 3572 1165 3642 ambigendo
1222 3575 1499 3643 negotium
1530 3573 1804 3638 exhibeat,
1865 3578 2044 3631 contio

463 3673 662 3718 neuter
684 3664 1032 3732 interrogans
1061 3664 1468 3726 et‘sciscitans.
1500 3681 1609 3736 qua
1641 3667 1852 3722 ratione
1879 3683 2043 3738 aqua,

455 3769 528 3808 ea
581 3769 702 3822 qua:
729 3770 828 3823 per
867 3755 1014 3807 illam
1057 3756 1360 3826 peragitur,
1399 3757 1711 3814 initiatione
1740 3767 2042 3830 regeneret,

461 3845 644 3898 dicam
671 3843 879 3914 optimo
913 3844 1037 3913 jure
1077 3845 1143 3899 ad
1171 3861 1295 3900 eum
1336 3867 1349 3902 :
1381 3847 1624 3904 Ostende
1643 3849 1777 3904 mihi
1821 3849 2042 3905 modum

461 3936 804 3998 nativitatis,
835 3952 957 4006 quae
995 3938 1054 3990 tit
1078 3937 1380 3993 secundum
1417 3954 1639 3995 carnem
1667 3958 1682 4007 ;
1726 3949 1782 3996 et
1811 3956 1916 4012 ego
1945 3942 2043 3998 tibi

463 4029 574 4084 vim
627 4029 1086 4099 regenerationis,
1145 4046 1269 4100 qua:
1331 4033 1637 4087 secundum
1679 4033 1918 4087 animam
1963 4033 2043 4098 fit,

459 4134 760 4190 exponam.
789 4121 947 4176 Dices
979 4120 1214 4177 fortasse
1258 4123 1418 4193 quasi
1449 4123 1743 4194 quamdam
1777 4125 2041 4180 rationem

465 4210 704 4267 reddens
742 4229 758 4267 :
790 4211 988 4268 Semen
1023 4228 1190 4268 causa
1227 4213 1469 4270 hominis
1516 4215 1756 4271 effectrix
1787 4225 1891 4272 est.
1934 4218 2047 4272 Au-

462 4301 522 4357 di
583 4303 750 4373 igitur
783 4313 978 4358 contra
1021 4319 1050 4357 a
1077 4305 1259 4369 nobis,
1291 4305 1436 4374 quod
1474 4321 1616 4376 aqua
1660 4322 1784 4377 quae
1833 4307 2048 4364 benedi-

463 4396 634 4458 citur,
667 4402 863 4465 purgat
885 4403 940 4450 et
969 4395 1240 4450 illuminat
1291 4396 1588 4452 hominem.
1619 4398 1777 4464 Quod
1807 4399 1851 4454 si
1911 4399 2043 4454 mihi

2143 1953 2239 2005 γον
2269 1936 2366 2006 τῆς
2396 1939 2720 2006 οίκουμένης
2744 1938 2835 1990 τὸν
2880 1937 3177 1992 Ἐλισσαῖον
3217 1939 3530 2010 εἰργάσατο.
3563 1941 3636 1994 Τὸ
3667 1941 3723 1995 δὲ

2143 2028 2237 2082 τοῦ
2267 2027 2499 2098 σταυροῦ
2533 2027 2706 2094 ξύλον,
2750 2029 2915 2082 πᾶσιν
2942 2027 3249 2099 ἀνθρώποις
3283 2031 3400 2083 ἐστὶ
3435 2031 3721 2104 σωτήριον,

2147 2121 2212 2192 μέ
2221 2138 2312 2192 ρος
2341 2119 2420 2185 ὃν,
2457 2119 2532 2184 ὡς
2555 2119 2758 2186 ἀκούω,
2782 2122 3255 2192 εὐκαταφρονήτου
3279 2123 3465 2191 φυτοῦ,
3491 2123 3586 2176 καὶ
3608 2123 3720 2177 τῶν

2144 2210 2356 2264 πολλῶν
2376 2211 2718 2281 ἀτιμοτέρου.
2746 2211 2856 2264 Kal
2886 2209 3088 2279 θάμνος
3119 2211 3280 2280 βάτον
3305 2212 3382 2282 τῷ
3403 2212 3629 2266 Μωῦσεί
3657 2214 3731 2266 τδι

2144 2302 2431 2374 θεοφάνεια
2444 2303 2610 2370 ἔδειξε
2627 2319 2640 2334 ο
2660 2304 2755 2357 καὶ
2770 2302 2863 2356 τοῦ
2890 2301 3195 2356 Ἐλισσαίου
3210 2303 3277 2354 τὰ
3289 2302 3515 2372 λείψανα
3531 2302 3727 2374 νεκρόν

2143 2394 2427 2462 ἀνέστησε·
2465 2393 2560 2447 καὶ
2583 2391 2752 2464 πηλὸς
2773 2392 2864 2445 τὸν
2890 2392 3087 2461 τυφλὸν
3115 2391 3204 2444 τὸν
3250 2393 3314 2446 ὲκ
3353 2393 3558 2457 κοιλίας
3578 2391 3725 2463 ἐφώ-

2143 2480 2283 2540 τισε.
2316 2485 2424 2538 Καὶ
2455 2483 2627 2538 ταῦτα
2665 2483 2842 2537 πάντα
2875 2481 2998 2536 ὗλαι
3031 2484 3365 2553 τυγχάνοντα
3406 2483 3603 2553 ἄψυχοι
3631 2485 3726 2537 καὶ

2143 2578 2456 2648 ἀναίσθητοι
2481 2575 2594 2641 τοῖς
2627 2575 2883 2648 μεγάλοις
2915 2574 3186 2646 θαύμασιν
3210 2575 3588 2646 ὲμεσίτευσαν,
3620 2575 3720 2646 τὴν

2143 2668 2238 2721 τοῦ
2253 2668 2387 2722 Θεοῦ
2409 2667 2677 2738 δεξάμενα
2698 2668 2946 2738 δύναμιν.
2978 2668 3135 2720 Κατὰ
3163 2666 3221 2720 δὲ
3249 2667 3346 2736 τὴν
3373 2666 3564 2734 ὁμοίαν
3594 2666 3723 2718 ἁκο-

2144 2757 2361 2811 λουθίαν
2381 2757 2486 2811 τῶν
2505 2757 2797 2827 λογισμῶν,
2823 2756 2915 2808 καὶ
2942 2756 3003 2808 τὸ
3031 2754 3176 2824 ὕδωρ
3202 2753 3352 2808 οὐδὲν
3378 2752 3506 2808 ἄλλο
3526 2750 3725 2821 τυγχά-

2145 2868 2234 2904 νον
2257 2847 2290 2920 ﬁ
2320 2850 2482 2919 ὕδωρ,
2508 2849 2842 2912 ἀνακαινίζει
2861 2849 2954 2901 τὸν
2993 2845 3279 2919 ἄνθρωπον
3303 2846 3382 2909 είς
3400 2843 3499 2915 τὴν
3526 2843 3724 2913 νοητὴν

2144 2943 2528 3012 ἀναγέννησιν,
2573 2943 2673 3013 τῆς
2700 2941 2906 2996 ἄνωθεν
2947 2941 3165 3011 χάριτος
3205 2939 3531 3008 εύλογούσης
3571 2937 3722 2990 αὐτό.

2157 3036 2285 3090 Ἐὰν
2305 3036 2363 3090 δέ
2388 3051 2478 3104 μοι
2507 3034 2668 3086 πάλιν
2692 3033 2955 3098 διστάζων
2975 3051 3056 3096 τις
3081 3033 3175 3086 καὶ
3203 3030 3558 3102 ἁμφιϐἀλλων
3586 3030 3724 3099 πρά-

2146 3143 2334 3198 γματα
2362 3124 2610 3197 παρέχῃ,
2642 3122 2878 3194 συνεχῶς
2910 3124 3126 3193 ἐρωτῶν
3165 3122 3259 3176 καὶ
3289 3117 3724 3190 διαπυνθανόμε-

2147 3237 2238 3283 νος
2257 3259 2272 3283 ,
2312 3218 2430 3282 πῶς
2459 3216 2603 3287 ὕδωρ
2629 3217 2899 3287 ἀναγεννᾷ
2922 3216 3015 3268 καὶ
3045 3217 3077 3285 ἡ
3108 3217 3192 3268 ἐπ’
3215 3215 3408 3286 ἐκείνῳ
3429 3213 3723 3282 τελουμένη

2151 3311 2527 3383 μυσταγωγία,
2576 3309 2714 3374 λέξω
2752 3309 2887 3380 πρὸς
2931 3307 3092 3361 αὑτὸν
3118 3307 3467 3360 δικαιότατα·
3519 3305 3724 3374 Στῆσάν

2152 3421 2240 3475 μοι
2267 3403 2358 3456 τὸν
2377 3402 2578 3472 τρόπον
2597 3401 2696 3471 τῆς
2717 3401 3020 3469 γεννήσεως
3036 3399 3133 3469 τῆς
3164 3399 3302 3452 κατὰ
3335 3397 3511 3469 σάρκα
3529 3413 3544 3429 ·
3573 3394 3726 3464 κάγὼ

2151 3512 2231 3548 σοι
2257 3493 2584 3564 διηγήσομαι
2613 3491 2712 3561 τῆς
2756 3489 2898 3543 κατὰ
2947 3489 3123 3560 ψυχὴν
3160 3487 3576 3557 παλιγγενεσίας
3626 3486 3725 3556 τὴν

2146 3585 2394 3654 δύναμιν.
2460 3581 2637 3652 Ἐρεῖς
2690 3581 2874 3650 τυχὸν,
2924 3578 3000 3644 ὥς
3035 3597 3159 3633 τινα
3212 3579 3366 3648 λόγον
3418 3575 3722 3640 ἀποδιδούς’

2149 3676 2470 3746 Σπέρματος
2495 3672 2645 3724 αἰτία
2676 3673 2824 3722 ποιεῖ
2848 3670 2940 3722 τὸν
2969 3671 3274 3742 ἄνθρωπον.
3308 3669 3581 3722 Αύτάκουε
3616 3665 3725 3719 τοί-

2147 3780 2242 3815 νυν
2271 3761 2365 3814 καὶ
2389 3759 2518 3829 παρ’
2551 3756 2731 3828 ἡμῶν,
2764 3757 2840 3819 ὡς
2875 3755 3017 3827 ὕδωρ
3045 3755 3432 3825 εὐλογούμενον
3475 3753 3724 3823 καθαίρει

2148 3854 2244 3908 καὶ
2282 3850 2503 3924 φωτίζει
2542 3849 2634 3902 τὸν
2677 3847 2981 3918 ἄνθρωπον.
3019 3849 3115 3900 Ἂν
3161 3846 3217 3900 δέ
3263 3863 3352 3914 μοι
3399 3845 3558 3898 πάλιν
3591 3845 3719 3897 ἀνθ-

2150 3945 2495 4016 υποκρούσῃς
2524 3941 2603 4005 τὸ,
2640 3940 2792 4003 πῶς.;
2825 3937 3211 4008 ἀντισοὴσομαί
3235 3953 3314 3990 σοι
3342 3936 3716 4007 σφοδρότερον·
3822 3959 3823 3962 η

2147 4036 2273 4100 Πῶς
2300 4038 2334 4106 ὴ
2371 4032 2516 4105 ὑγρὰ
2542 4033 2635 4086 καὶ
2661 4032 2905 4102 ἄμορφος
2933 4028 3119 4088 οὐσία,
3156 4026 3442 4096 ἄνθρωπος
3474 4024 3678 4093 γίνεται
3702 4038 3719 4086 ;

2147 4129 2258 4182 Καὶ
2291 4125 2431 4180 κατά
2459 4123 2640 4193 πάσης
2664 4123 2762 4192 τῆς
2787 4121 3015 4182 κτίσεως
3045 4117 3216 4180 οὕτως
3241 4117 3270 4169 ὁ
3303 4116 3456 4183 λόγος
3490 4115 3718 4186 προϐαίο

2148 4236 2254 4272 νων
2285 4219 2370 4286 ἐφ’
2397 4216 2611 4284 ἑκάστῳ
2663 4212 2947 4285 πράγματι
2977 4205 3447 4277 γυμνασθήσεταν
3483 4205 3598 4268 πῶς
3628 4205 3720 4258 οὑ-

2145 4310 2345 4382 -ρανόςς
2373 4307 2488 4370 πῶς
2513 4307 2584 4377 γῆ
2609 4321 2624 4370 ;
2655 4305 2770 4367 πῶς
2798 4302 3038 4356 θάλασσα
3063 4317 3078 4366 ;
3110 4299 3228 4362 πῶς
3255 4298 3324 4352 τὰ
3351 4296 3717 4360 καθέκαστονς

2149 4399 2434 4471 Πανταχοῦ
2473 4398 2582 4468 γὰρ
2622 4399 2650 4450 ὁ
2690 4394 2947 4465 λογισμὸς
2996 4393 3105 4446 τῶν
3153 4390 3455 4464 ἀνθρώπων
3499 4388 3720 4460 ἀπορῶν

468 4503 667 4542 rursus
707 4495 901 4542 contra
931 4487 1220 4557 subjicias,
1252 4489 1572 4558 quomodo?
1615 4490 1875 4546 Clamabo
1911 4506 2043 4546 cou-

2151 4495 2283 4566 πρὸς
2310 4491 2410 4562 τὴν
2435 4491 2669 4560 εὕρεσιν,
2701 4487 2837 4558 πρὸς
2873 4485 3075 4555 ταύτην
3099 4482 3430 4553 καταφεύγει
3457 4481 3554 4552 τὴν
3593 4482 3719 4534 συλ-

466 4587 554 4630 tra
579 4585 632 4630 te
649 4575 1045 4640 vehementius,
1067 4579 1345 4647 quomodo
1367 4579 1585 4634 humida
1605 4588 1770 4650 atque
1793 4581 2044 4639 informis

468 4679 667 4722 natura
701 4670 862 4720 homo
895 4667 996 4721 ﬁt?
1033 4668 1212 4739 Atque
1239 4669 1307 4724 de
1339 4671 1488 4724 omni
1519 4682 1767 4726 creatura
1800 4673 1875 4726 ita
1911 4688 2042 4728 ora-

468 4762 547 4814 tio
570 4760 946 4830 progrediens,
995 4761 1050 4814 iu
1094 4776 1419 4832 unaquaque
1462 4778 1522 4818 re
1556 4764 1920 4831 exercebitur,
1949 4767 2041 4836 qui

470 4851 716 4906 caelum?
753 4850 846 4919 qui
871 4850 1159 4920 terra?qui
1211 4855 1396 4905 mare!
1450 4853 1544 4922 qui
1587 4869 1676 4909 res
1706 4855 2045 4924 singulares?

473 4941 686 5012 Ubique
716 4941 860 4995 enim
895 4942 1038 4994 ratio
1079 4941 1358 4998 hominum
1411 4943 1476 4998 ad
1517 4944 1882 4999 inventionem
1924 4961 2050 5016 per-

469 5033 627 5101 plexa
657 5031 915 5084 haesitans
959 5029 1025 5083 ad
1067 5031 1207 5084 hanc
1245 5032 1505 5102 syllabam
1554 5033 1823 5103 confugit,
1879 5036 2039 5090 sicuti

470 5122 537 5174 ad
567 5122 774 5186 sellam,
804 5122 895 5191 qui
942 5121 1148 5190 ingredi
1175 5130 1228 5177 et
1253 5124 1534 5178 ambulate
1568 5140 1674 5178 non
1699 5133 1948 5194 possunt.
1980 5126 2042 5180 Et

392 5194 404 5205 ’
471 5218 532 5262 ut
573 5225 688 5264 rem
743 5211 936 5279 paucis
967 5211 1269 5274 absolvam,
1308 5213 1509 5282 ubique
1537 5215 1719 5268 divina
1755 5217 1834 5270 vis
1861 5225 1915 5270 et
1937 5218 2042 5272 eﬁi-

470 5301 676 5355 cacitas
706 5301 1282 5372 incomprehensibilis
1303 5313 1406 5367 est,
1427 5306 1683 5375 nullaque
1703 5308 1783 5360 vel
1809 5310 2043 5376 ratione,

471 5392 554 5444 vel
587 5399 703 5444 arte
733 5393 1015 5460 explorari
1043 5402 1246 5462 potest,
1271 5409 1466 5450 creans
1487 5395 1704 5465 quidem
1735 5407 1895 5466 atque
1925 5413 2046 5468 pro-

469 5480 678 5534 ducens
701 5479 857 5534 facile
895 5497 1238 5553 quaecunque
1275 5485 1413 5549 vult,
1473 5487 1727 5542 subtilem
1790 5504 1916 5542 vero
1952 5505 2045 5543 ro-

469 5573 764 5641 gnitiouem
789 5570 1088 5628 eﬂicientiae
1129 5591 1228 5630 nos
1259 5577 1463 5631 celans.
1505 5579 1684 5643 Quare
1721 5579 1884 5632 etiam
1914 5580 2012 5634 bea

2147 4584 2339 4654 λαϐὴν,
2373 4582 2449 4644 ὡς
2485 4579 2619 4650 πρὸς
2659 4577 2925 4646 καθέδραν
2963 4576 3013 4628 oi
3061 4574 3140 4643 τῷ
3171 4573 3406 4644 βαδίζειν
3446 4569 3715 4627 ἀδύνατοι.

2147 4676 2259 4731 Kal
2282 4674 2368 4728 ἵνα
2391 4669 2622 4724 συνελὼν
2656 4669 2813 4728 εἴπω,
2844 4663 3116 4734 πανταχοῦ
3143 4665 3175 4733 ὴ
3207 4663 3301 4715 τοῦ
3326 4661 3465 4715 Θεοῦ
3493 4661 3721 4732 δύναμις

2149 4767 2246 4822 καὶ
2281 4763 2535 4834 ἐνέργεια
2578 4757 2960 4827 ἁκατάληπτός
2995 4757 3114 4808 ἐστι
3146 4754 3238 4808 καὶ
3270 4753 3716 4824 ἀτεχνολόγητος·

2149 4857 2430 4930 ὑφιστῶσα
2463 4855 2563 4924 μὲν
2613 4852 2848 4913 εὐκόλως
2882 4850 3024 4921 ᾇπερ
3071 4849 3137 4902 ἂν
3170 4848 3326 4920 ἐθέλῃ
3351 4890 3367 4914 ,
3405 4849 3502 4919 τὴν
3538 4849 3594 4902 δὲ
3630 4849 3717 4900 λε-

2147 4945 2392 5018 πτομερῆ
2423 4944 2620 5014 γνῶσιν
2642 4944 2738 5012 τῆς
2770 4939 3048 5010 ἐνεργείας
3070 4941 3199 5010 ἡμῖν
3219 4937 3601 5008 ἀποκρύψασα.
3629 4937 3718 4990 Διὸ

2149 5039 2243 5094 καὶ
2269 5039 2299 5090 ὁ
2344 5036 2610 5108 μακάριος
2643 5031 2807 5085 Δαϐὶδ
2828 5073 2839 5094 ,
2875 5030 3174 5100 ἐπιστήσας
3208 5030 3334 5082 ποτὲ
3362 5029 3453 5082 τὸν
3487 5028 3610 5081 νοῦν
3651 5031 3714 5096 τῇ

2149 5125 2598 5200 μεγαλοπρεπείᾳ
2629 5123 2728 5192 τῆς
2762 5121 2992 5184 κτίσεως
3012 5163 3026 5186 ,
3055 5121 3148 5173 καὶ
3187 5119 3462 5190 θαύματος
3508 5118 3715 5188 ἀπόρου

2150 5217 2456 5290 πληρωθεὶς
2487 5215 2585 5285 τὴν
2609 5214 2810 5284 ψυχὴν,
2854 5214 3033 5265 ἐκεῖνο
3065 5211 3126 5263 τὸ
3163 5209 3315 5280 παρὰ
3341 5209 3558 5262 πάντων
3592 5209 3716 5280 ᾀδό-

2149 5329 2308 5382 μενον
2331 5306 2734 5376 ἁπεφθὲγξατοο
2779 5306 2872 5369 Ὠς
2902 5303 3272 5372 ἐμεγαλύνθη
3307 5301 3373 5354 τὰ
3402 5303 3546 5371 ἔργα
3575 5317 3712 5359 σου.

2146 5401 2363 5469 Κύριε]
2406 5399 2603 5452 πάντα
2643 5395 2923 5469 ἐνλσοερίςι
2964 5393 3278 5459 ἐποίησας.
3317 5392 3426 5462 Τὴν
3479 5394 3576 5462 μὲν
3609 5393 3718 5463 γὰρ

2147 5464 2334 5556 σοφίαν
2388 5487 2673 5555 ἐνενόησε·
2706 5464 2811 5552 θτὴν
2859 5481 2913 5532 δὲ
2973 5480 3165 5550 τέχνην
3222 5481 3320 5550 τῆς
3379 5484 3563 5551 σοφίας
3622 5485 3718 5554 οὐχ

2146 5598 2205 5632 ευ
2215 5597 2322 5650 ρεν.

470 5675 560 5718 tus
602 5663 767 5716 David
792 5679 916 5718 cum
948 5664 1242 5732 aliquando
1272 5669 1512 5720 animum
1539 5677 1592 5721 et
1616 5678 1850 5724 mentem
1877 5671 2218 5728 adhibuisset
2279 5672 2344 5724 ad
2379 5666 2832 5737 magniﬁcentiam
2903 5669 3189 5726 creatum.
3256 5663 3534 5732 Miillqu
3598 5677 3719 5732 Per“

541 5752 755 5852 ’τέκηαι
798 5799 870 5843 ιν,
903 5783 936 5834 2
959 5799 1077 5852 sqq.

472 5853 515 5886 ίθ
550 5851 613 5906 ιν
649 5850 760 5920 llz-g
815 5869 930 5916 xm,
964 5850 1050 5906 “2|.

1188 5783 1516 5851 ‘ond.vu,
1545 5786 1630 5840 l7.
1708 5786 1727 5818 ⁷
1773 5785 1941 5840 Exod.
1987 5803 2103 5852 vui,
2135 5789 2186 5841 6.

2300 5789 2319 5820 ⁸
2361 5787 2530 5842 Exod.
2568 5800 2688 5844 xw,
2729 5781 2798 5832 ‘20
2854 5795 2974 5850 sqq.
3088 5781 3109 5812 ’
3163 5781 3330 5836 Exod.
3375 5797 3432 5836 Ill
3459 5821 3472 5846 ,
3513 5777 3547 5832 Ξ
3595 5794 3718 5849 sqq.
