4154 6354
416 279 523 337 585

1623 270 1688 326 IN
1732 265 2127 324 BAPTISMUM
2175 262 2471 321 CHRISTI.

3568 256 3673 312 586

419 394 679 465 plexitate
723 392 791 446 ob
825 391 1203 446 inscrutabilia
1234 391 1495 444 ntiracula
1554 389 1794 458 repletus
1865 393 2032 451 esset,
2112 383 2246 436 illud
2289 382 2434 452 quod
2489 380 2557 435 ab
2604 380 2859 435 omnibus
2911 380 3133 432 canitur
3179 378 3420 432 notabile
3468 378 3674 431 dictum

420 485 839 557 pronuntiavit:
883 483 1099 550 Quanta
1158 482 1557 554 magniﬁcentia
1609 482 1841 551 perfecta
1890 488 2014 533 sunt
2051 492 2209 545 opera
2238 488 2352 540 tua,
2418 474 2640 529 Domine
2669 474 2690 526 .'
2720 475 2897 527 omnia
2941 486 3058 526 cum
3099 472 3359 540 sapientia
3397 471 3569 539 fecisti
3608 471 3671 523 “.

417 580 556 635 Nam
587 579 913 650 sapientiam
959 579 1183 648 quidem
1236 580 1422 636 animo
1477 579 1751 647 concepit,
1813 585 1989 630 artem
2025 588 2158 628 vero
2188 572 2471 642 sapientiae
2496 586 2605 624 non
2632 569 2858 625 invenit.

489 672 896 737 Καταλιπόντες
922 673 1101 729 τοίνυν
1132 673 1195 727 τὸ
1225 673 1364 749 ὑπὲρ
1391 672 1620 742 δύναμιν
1648 668 1997 741 ἁνθρωπικὴν

2170 664 2497 720 Omittentes
2552 663 2717 732 igitur
2777 660 3053 730 inquirere
3113 669 3277 729 alque
3315 655 3549 713 serutari
3612 669 3678 711 ea

419 762 913 835 πολυπραγμονεῖν,
960 765 1131 817 ἐκεῖνο
1184 763 1385 833 μᾶλλον
1435 763 1777 834 ζητήσωμεν,
1826 759 1854 813 ὃ
1903 758 1997 812 καί⁹

426 856 657 926 μερικὴν
674 854 963 923 ὑποφαίνει
987 854 1310 925 κατάληψινο
1331 854 1488 917 Τίνος
1508 854 1692 907 ἕνεκεν
1711 852 1780 905 δι’
1802 850 1996 915 ὓδατος

417 950 452 1018 ὴ
482 946 788 1017 κάθαρσις;
829 948 923 1000 καὶ
967 947 1101 1015 πρὸς
1146 947 1307 1003 ποίαν
1333 945 1523 1017 χρείαν
1560 946 1616 999 αἱ
1646 946 1795 1015 τρεῖς
1827 961 1997 997 κατα-

418 1038 598 1101 δύσεις
641 1037 1194 1109 παραλαμϐἁνονται;
1235 1038 1303 1093 Ὃ
1332 1036 1510 1090 τοίνυν
1552 1037 1647 1090 καὶ
1671 1037 1720 1089 οί
1754 1036 1998 1107 Πατέρες

422 1126 684 1191 ἐδίδαξαν,
710 1126 806 1180 καὶ
840 1128 871 1181 ὁ
902 1126 1170 1198 ἡμέτερος
1201 1125 1326 1192 νοῦς
1357 1125 1736 1195 συντιθέμενος
1772 1124 1995 1179 κατεδέ-

423 1216 570 1280 ξατο,
600 1218 759 1273 τοῦτο
787 1218 1065 1288 τυγχάνειο
1096 1218 1349 1290 Τέσσαρα
1372 1220 1610 1289 στοιχεῖα
1635 1218 1993 1289 γνωρίζομεν,

421 1310 512 1379 ἀφ’
546 1302 620 1363 ὧν
658 1310 686 1362 δ
730 1310 934 1380 κόσμος
969 1308 1081 1381 ἔχει
1107 1309 1205 1381 τὴν
1233 1309 1512 1376 σύστασιν,
1541 1308 1794 1382 γνώριμα
1838 1313 1992 1374 πᾶσι,

420 1401 525 1457 κᾶν
554 1401 802 1473 σιωπηθῇ
840 1401 916 1487 5a;
958 1402 1217 1471 ὀνόματα.
1254 1402 1318 1455 El
1365 1401 1423 1455 δὲ
1451 1402 1697 1473 προσῆκε
1717 1442 1732 1469 ,
1760 1402 1849 1455 διὰ
1870 1404 1996 1466 τοὺς

421 1492 842 1563 ἁπλουστέρους,
877 1493 972 1546 καὶ
998 1494 1096 1556 τὰς
1124 1493 1495 1565 προσηγορίας
1531 1496 1726 1547 εἰπεῖν·
1758 1494 1871 1566 πῦρ
1902 1497 1997 1549 καὶ

422 1583 549 1654 ἀὴρ,
581 1584 651 1653 γῆ
680 1583 774 1636 καὶ
805 1583 967 1653 ὓδωρ.
1004 1583 1062 1636 Ὀ
1090 1584 1268 1639 τοίνυν
1296 1584 1427 1648 Θεὸς
1455 1583 1612 1656 ἡμῶν
1646 1585 1738 1638 καὶ
1764 1585 1955 1659 Σωτὴρ
1977 1627 1993 1651 ,

415 1675 519 1744 τὴν
553 1674 692 1744 ὑπὲρ
715 1673 870 1744 ήμῶν
896 1675 1206 1746 οἰκονομίαν
1233 1673 1476 1746 πληρῶν,
1506 1676 1567 1729 τὸ
1594 1676 1853 1748 τέταρτον
1880 1678 1997 1733 τού-

418 1782 529 1818 των
559 1765 763 1836 ὑπῆλθε
794 1766 893 1836 τὴν
929 1767 1054 1836 γῆν,
1089 1767 1154 1819 ἶν’
1187 1767 1394 1820 ἐκεῖθεν
1422 1768 1520 1839 τὴν
1550 1767 1693 1840 ζωὴν
1719 1770 1993 1843 ἀνατείλῃ.

2101 771 2223 825 qua:
2247 755 2395 810 vires
2438 760 2701 824 superant
2739 751 3038 816 humanas,
3074 749 3203 803 illud
3232 749 3414 821 potius
3464 760 3678 817 quzera-

2099 861 2245 911 mus,
2278 846 2427 916 quod
2494 844 2658 900 etiam
2694 841 3081 913 particularem
3133 839 3371 901 ostendit
3423 854 3675 908 compre-

2100 938 2442 1003 hensionem,
2478 936 2638 1008 cujus
2689 935 2768 989 rei
2797 933 2973 1005 gratia
3010 949 3105 1007 per
3153 948 3353 1003 aquam
3423 934 3676 1004 purgatio

2099 1034 2191 1087 [iat
2220 1032 2321 1088 iet
2352 1046 2453 1088 cur
2476 1040 2645 1085 terna:
2677 1028 3057 1084 immersiones
3087 1027 3494 1082 adhibeantur?
3518 1026 3677 1093 Quod

2095 1123 2261 1193 igitur
2299 1130 2354 1178 et
2387 1121 2578 1177 Patres
2609 1120 2940 1182 docuerunt,
2969 1129 3023 1175 et
3050 1128 3238 1174 nostra
3272 1132 3427 1174 mens
3487 1134 3679 1174 assen-

2097 1228 2218 1270 sum
2268 1212 2516 1283 praebens
2555 1211 2790 1281 accepit,
2832 1210 2937 1264 hoc
2975 1217 3099 1265 est:
3130 1209 3380 1277 Quatuor
3406 1209 3677 1269 elementa

2099 1315 2225 1362 nota
2254 1306 2537 1368 habemus,
2564 1320 2635 1360 ex
2662 1303 2862 1374 quibus
2906 1302 3143 1357 mundus
3172 1303 3506 1358 constitutus
3551 1312 3633 1356 est
3658 1319 3674 1355 :

2096 1414 2217 1469 qua:
2248 1398 2413 1453 etiam
2454 1399 2501 1451 si
2532 1395 2753 1451 nomina
2780 1395 2995 1450 silentio
3030 1402 3427 1463 praetereantur
3448 1436 3464 1461 ,
3500 1394 3679 1449 omni-

2097 1492 2200 1547 bus
2230 1498 2359 1545 nota
2397 1497 2548 1546 sunt.
2574 1486 2731 1555 Quod
2760 1486 2807 1543 si
2846 1493 3072 1557 propter
3103 1486 3469 1557 simpliciores
3511 1487 3677 1541 etiam

2098 1582 2318 1637 nomina
2367 1579 2645 1652 (eorum)
2705 1579 2867 1634 edere
2923 1577 2991 1633 ad
3056 1593 3169 1632 rem
3234 1579 3504 1647 pertinet:
3537 1578 3678 1647 ignis

2100 1676 2246 1744 (est)
2290 1681 2345 1728 et
2377 1687 2487 1738 aer,
2527 1679 2677 1727 terra
2721 1678 2777 1726 et
2837 1684 2999 1740 aqua.
3030 1663 3163 1725 Cum
3218 1670 3385 1739 igitur
3438 1670 3579 1725 Deus
3622 1680 3678 1725 et

2099 1773 2347 1822 servator
2406 1771 2593 1820 noster
2626 1778 2726 1833 pro
2755 1763 2913 1818 nobis
2951 1770 3265 1831 susceptam
3322 1761 3679 1817 administra-

436 1854 625 1925 Ἡμεῖς
649 1855 705 1908 δὲ
742 1855 802 1908 τὸ
829 1854 1111 1927 βάπτισμα
1143 1858 1681 1929 παραλαμϐάνοντες,
1715 1862 1795 1925 είς
1824 1862 1997 1934 μίμη-

2099 1860 2301 1914 tionem
2358 1858 2657 1928 impleret,
2715 1872 2881 1911 unum
2940 1872 3007 1911 ex
3039 1855 3125 1910 bis
3184 1863 3441 1926 quatuor,
3473 1862 3677 1908 terram

423 1965 507 2001 Inv
531 1948 625 2004 τοῦ
640 1948 841 2020 Κυρίου
862 1950 954 2002 καὶ
970 1949 1289 2004 διδασκάλου
1312 1952 1405 2007 καὶ
1425 1952 1796 2024 καθηγεμόνος
1816 1955 1993 2025 ἡμῶν,

2099 1947 2614 2021 (seiliect)subiit,
2671 1956 2732 2002 ut
2785 1946 2937 2003 illinc
3002 1946 3167 2000 vitam
3225 1946 3510 2001 excitaret.
3567 1944 3678 1998 Nos

420 2040 502 2103 εἰς
522 2039 625 2109 γῆν
654 2017 751 2110 μὲν
769 2040 831 2093 οὐ
860 2039 1176 2112 θαπόμεθα
1193 2042 1212 2112 (
1231 2040 1367 2113 αὕτη
1390 2042 1498 2114 γὰρ
1638 2017 1997 2115 νεκρωθέντος

2102 2017 2232 2098 vero
2264 2041 2533 2110 baptisma
2565 2050 2913 2103 assumentes
2953 2039 3020 2094 ad
3064 2038 3426 2094 imitationem
3466 2036 3678 2091 Domini

422 2131 701 2196 παντελῶς
730 2132 979 2203 σώματος
1000 2134 1206 2202 γίνεται
1234 2135 1431 2207 σκέπη,
1459 2136 1557 2208 τὴν
1589 2137 1872 2193 ἀσθένειαν
1905 2140 1997 2192 καὶ

2102 2143 2157 2191 et
2183 2134 2427 2191 doctoris
2470 2144 2525 2189 et
2562 2132 2911 2204 praeceptoris
2929 2132 3106 2187 nostri
3132 2172 3148 2197 ,
3196 2131 3253 2187 in
3284 2139 3427 2187 terra
3458 2131 3681 2202 quidem

422 2223 627 2296 φθορὰν
653 2226 750 2295 τῆς
787 2224 1001 2294 φύσεως
1026 2227 1182 2298 ἡμῶν
1209 2227 1660 2300 περιστέλλουσα)
1682 2268 1703 2296 ,
1733 2230 1827 2282 ἐπὶ
1853 2229 1910 2283 δὲ
1937 2229 1997 2282 τὸ

2103 2243 2212 2283 non
2238 2227 2535 2298 sepelimur
2567 2226 2586 2298 (
2613 2226 2728 2282 haec
2786 2227 2930 2280 enim
2980 2224 3352 2281 inﬁrmitatem
3390 2232 3444 2279 et
3484 2238 3677 2278 corru-

423 2315 684 2383 συγγενὲς
698 2318 797 2387 τῆς
814 2317 916 2388 γῆς
940 2320 1286 2388 στοιχεῖον,τὸ
1311 2318 1787 2392 ὖδωρ,ὲρχόμενοι,
1807 2320 1997 2391 ἐκείνῳ

2104 2324 2348 2393 ptionem
2421 2328 2634 2376 naturae
2652 2329 2856 2375 nostrae
2896 2318 3220 2387 cooperiens
3252 2326 3428 2373 morte
3462 2318 3681 2388 penitus

418 2406 649 2470 ἑαυτοὺς
678 2407 1076 2478 ὲγκρύπτομεν,
1110 2409 1187 2474 ὡς
1207 2412 1235 2464 ὁ
1258 2411 1449 2482 Σωτὴρ
1470 2415 1537 2483 τῇ
1561 2415 1630 2483 γῇ
1651 2430 1662 2442 ·
1698 2412 1793 2465 καὶ
1814 2413 1997 2483 τρίτον

2104 2416 2369 2487 perempti
2422 2414 2673 2486 corporis
2710 2421 3086 2485 tegumentum
3136 2412 3433 2481 exsistit),
3468 2412 3564 2468 sed
3610 2413 3680 2466 all

422 2499 579 2553 τοῦτο
614 2499 969 2570 ποιήσαντες,
1023 2499 1122 2571 τὴν
1151 2502 1452 2573 τριήμερον
1485 2504 1692 2566 ἑαυτοῖς
1726 2504 1824 2575 τῆς
1869 2506 1997 2557 ἁνα-

2100 2517 2263 2562 terrte
2297 2515 2590 2577 cognatum
2648 2504 2983 2560 elementum
3025 2517 3221 2573 aquam
3263 2501 3584 2567 venientes,
3624 2502 3683 2555 in

424 2590 665 2655 στάσεως
692 2591 851 2664 χάριν
877 2590 1294 2663 ἑξεικονίζομενο
1330 2593 1424 2645 καὶ
1449 2591 1623 2648 ταῦτα
1651 2595 1912 2665 ποιοῦμεν
1937 2595 1995 2647 οὐ

2106 2601 2217 2665 illa,
2273 2599 2435 2655 sicuti
2478 2598 2736 2655 Servator
2788 2598 2845 2653 in
2881 2605 3028 2652 terra
3055 2638 3071 2659 ,
3103 2612 3205 2651 nos
3238 2596 3631 2652 abscondimus
3662 2635 3679 2659 ,

422 2684 604 2753 σιωπῇ
654 2681 1173 2753 παραλαμϐάνοντες
1222 2683 1283 2737 τὸ
1334 2685 1657 2756 μυστήριον,
1703 2685 1839 2739 ἀλλὰ
1888 2685 1997 2741 τῶν

2104 2692 2269 2762 idque
2316 2706 2441 2746 cum
2489 2700 2571 2746 ter
2608 2690 2773 2747 simul
2838 2688 3068 2744 fecimus
3098 2728 3114 2752 ,
3154 2688 3339 2743 triduo
3402 2695 3682 2757 peractam
3756 2700 3759 2701 ν

423 2776 591 2849 τριῶν
618 2777 789 2846 ἁγίων
832 2778 1182 2831 ὑποστάσεων
1212 2778 1613 2850 ἐπιλεγομένων
1644 2782 1796 2851 ἡμῖν,
1828 2782 1907 2844 είς
1934 2779 1997 2843 ἃς

2105 2784 2266 2839 nobis
2295 2784 2717 2838 resurrectionis
2760 2781 2989 2852 gratiam
3023 2778 3329 2849 efﬁngimus
3350 2819 3364 2841 ,
3390 2794 3565 2848 eaque
3600 2777 3684 2831 fa-

425 2869 847 2940 ὲπιστεύσαμεν,
895 2870 982 2940 ἐφ’
1026 2866 1112 2935 αἷς
1158 2873 1249 2924 καὶ
1295 2872 1608 2944 ἐλπίζομεν,
1659 2873 1717 2940 ἐξ
1759 2868 1834 2927 ὧν
1868 2875 1997 2945 ἡμῖν

2107 2877 2304 2940 cimus,
2337 2892 2446 2930 non
2497 2876 2717 2930 silentio
2766 2873 3083 2944 mysterium
3140 2882 3526 2933 assumentes,
3586 2872 3683 2926 sed

426 2962 522 3015 καὶ
555 2962 615 3015 τὸ
642 2961 737 3016 νῦν
776 2958 937 3027 εἶναι,
967 2964 1062 3018 καὶ
1094 2964 1156 3017 τὸ
1189 2965 1350 3019 πάλιν
1379 2965 1596 3018 ἔσεσθαι
1637 2965 1997 3036 περιγίνεται.

2107 2969 2271 3023 trium
2306 2975 2620 3022 sanctarum
2653 2966 3041 3036 hypostaseon,
3068 2964 3124 3019 in
3154 2978 3293 3033 quas
3319 2963 3678 3025 credidimus.

425 3053 577 3124 Τάχα
614 3053 982 3126 δυσχεραίνεις
1013 3057 1041 3108 ὁ
1081 3056 1218 3128 πρὸς
1249 3056 1348 3127 τὴν
1376 3056 1533 3122 δόξαν
1561 3056 1655 3110 τοῦ
1687 3057 1997 3128 Πνεῦματος

2107 3061 2164 3115 in
2190 3074 2329 3129 quas
2354 3058 2516 3113 etiam
2552 3071 2874 3126 speramus,
2920 3071 2987 3110 ex
3020 3054 3221 3124 quibus
3276 3052 3436 3109 nobis
3463 3052 3685 3106 coutin-

422 3144 710 3216 τολμηρῶς
757 3146 1079 3217 μαχόμενος,
1106 3148 1201 3201 καὶ
1234 3146 1553 3218 ζηλοτυπεῖς
1579 3148 1670 3200 τὸν
1704 3148 1999 3219 Παράκλη-

424 3255 517 3291 τον
537 3237 642 3290 τοῦ
677 3237 1050 3308 σεϐάσματος,
1097 3231 1142 3307 ᾧ
1175 3239 1327 3310 παρὰ
1354 3238 1463 3293 τῶν
1492 3238 1731 3293 εὐσεϐῶν
1761 3240 1996 3295 σέϐεται.

424 3326 755 3381 Καταλιπὼν
784 3327 839 3379 δὲ
866 3328 988 3398 ἐμοὶ
1007 3328 1433 3399 συμπλέκεσθαι,
1460 3329 1739 3400 ἁντίστηθι
1766 3333 1884 3394 ταῖς
1905 3330 1998 3384 τοῦ

427 3418 629 3488 Κυρίου
656 3422 877 3488 φωναῖς,
910 3421 958 3473 εί
988 3420 1232 3488 δύνασαι,
1264 3421 1319 3477 αἶ
1343 3422 1442 3492 τὴν
1468 3422 1755 3494 ἐπίκλησιν
1782 3422 1877 3477 τοῦ
1907 3422 2003 3493 βα-

425 3508 732 3579 πτίσματος
762 3513 875 3573 τοῖς
906 3510 1214 3581 ἀνθρώποις
1240 3510 1660 3583 ἐνομοθέτησαν.
1695 3513 1760 3565 Τί
1784 3513 1841 3568 δέ
1871 3530 2003 3584 φησι

425 3599 488 3653 τὸ
516 3599 609 3653 τοῦ
640 3600 906 3654 Δεσπότου
939 3602 1305 3674 παράγγελμα
1328 3621 1342 3669 ;
1367 3602 1760 3671 Βαπτίζοντες
1783 3606 2005 3673 αὐτοὺς

421 3693 512 3758 εις
539 3692 603 3745 τὸ
635 3692 821 3763 ὄνομα
856 3693 961 3748 τοῦ
1004 3696 1235 3764 Πατρός
1273 3696 1375 3750 καὶ
1411 3696 1520 3751 τοῦ
1560 3698 1698 3753 Υἱοῦ
1748 3699 1849 3752 καὶ
1896 3699 2004 3753 τοῦ

423 3786 597 3854 ἁγίου
636 3787 998 3855 Πνεύματος.
1036 3788 1160 3851 Πῶς
1199 3789 1279 3852 είς
1317 3788 1378 3842 τὸ
1419 3788 1589 3859 ὄνομα
1620 3789 1715 3843 τοῦ
1756 3791 2001 3862 Πατρός;

438 3876 656 3947 Ἐπειδὴ
684 3878 824 3949 ἁρχὴ
850 3878 957 3931 τῶν
983 3880 1217 3933 πάντων.
1247 3878 1371 3942 Πῶς
1399 3881 1480 3944 εἰς
1505 3880 1596 3933 τὸν
1620 3880 1782 3946 Υἱόνς
1815 3882 2002 3953 ἐπειδὴ

419 3968 749 4038 δημιουργὸς
807 3970 906 4041 τῆς
950 3971 1198 4031 κτίσεως.
1252 3970 1377 4035 Πῶς
1415 3974 1493 4035 είς
1548 3972 1611 4025 τὸ
1660 3973 1885 4043 Πνεῦμα
1938 3974 2001 4027 τὸ

426 4059 611 4129 ἇγιον;
645 4061 860 4133 Ἐπειδὴ
890 4062 1228 4117 τελειωτικὺν
1253 4064 1361 4117 τῶν
1390 4065 1625 4120 πάντων.
1674 4066 2003 4120 Ὑποκύπτο-

429 4169 529 4223 μεν
572 4149 664 4206 οὖν
700 4154 777 4224 τῷ
818 4156 1027 4227 Πατρὶ,
1057 4157 1143 4211 ἵνα
1192 4156 1565 4228 ἁγιασθῶμενο
1613 4158 2000 4228 ὑποκύπτομεν

424 4245 520 4299 καὶ
547 4244 681 4314 Υίῷ,
717 4246 804 4299 ἵνα
840 4248 972 4302 αὐτὸ
1001 4249 1158 4303 τοῦτο
1185 4248 1408 4321 γένηται
1434 4266 1447 4279 ·
1496 4248 1881 4321 ὐποκύπτομεν
1906 4252 2000 4304 καὶ

424 4335 564 4405 ἁγίῳ
613 4337 888 4408 Πνεύματι
906 4378 922 4402 ,
951 4339 1038 4394 ’ίνα
1086 4339 1244 4394 τοῦτο
1286 4340 1572 4412 γενώμεθα
1598 4341 1735 4414 ὅπερ
1762 4343 1877 4395 ἐστὶ
1905 4341 1999 4395 καὶ

421 4426 661 4495 λέγεται.
692 4431 804 4484 Οὐκ
848 4430 962 4485 ἔστι
992 4432 1086 4487 τοῦ
1124 4433 1399 4506 ἁγιασμοῦ
1445 4433 1697 4506 διαφορά,
1732 4434 1808 4498 ὡς
1837 4433 1998 4488 πλέον

422 4518 516 4571 τοῦ
543 4520 753 4592 Πατρὸς
777 4522 1090 4591 ἁγιάζοντος
1109 4566 1125 4591 ,
1156 4525 1377 4581 ἔλαττον
1418 4525 1475 4579 δὲ
1514 4524 1608 4580 τοῦ
1633 4525 1761 4580 Υίοῦ
1785 4569 1799 4592 ,
1836 4522 1998 4600 ἦττον

422 4610 478 4663 δὲ
508 4610 615 4664 τῶν
633 4612 726 4665 δύο
752 4613 846 4667 τοῦ
868 4615 1022 4684 ἁγίου
1049 4617 1386 4687 Πνεύματος.
1415 4618 1513 4672 Διὰ
1538 4618 1593 4671 τί
1617 4614 1708 4672 οὖν
1727 4618 1825 4682 τὰς
1850 4622 1997 4691 τρεῖς

2105 3152 2205 3222 git,
2234 3160 2291 3205 ut
2322 3156 2377 3206 et
2404 3163 2552 3204 nunc
2580 3148 2774 3215 simus,
2815 3157 2869 3203 et
2897 3163 3091 3203 rursus
3122 3146 3292 3201 futuri
3323 3145 3500 3201 simus
3526 3185 3542 3209 ,
3576 3159 3678 3199 nov

2107 3241 2349 3297 minibus
2399 3255 2566 3309 super
2618 3254 2720 3294 nos
2768 3237 3153 3309 pronuntiatis.
3191 3235 3448 3293 Forsitan
3506 3234 3683 3290 ollen-

2104 3334 2290 3401 deris,
2340 3333 2435 3404 qui
2474 3332 2741 3387 adversus
2776 3331 3006 3403 gloriam
3062 3328 3302 3400 Spiritus
3340 3327 3681 3385 conﬁdenter

2106 3439 2339 3495 pugnas,
2369 3431 2425 3479 et
2460 3422 2672 3479 invides
2698 3421 2980 3477 Paracleto
3014 3420 3444 3481 venerationem,
3467 3435 3574 3489 qua
3602 3420 3680 3490 pii

2104 3530 2228 3570 eum
2253 3524 2605 3571 venerantur.
2650 3514 2759 3571 Sed
2790 3516 2980 3571 omitte
3030 3528 3244 3569 mecum
3277 3512 3592 3584 conﬂigere,
3625 3522 3683 3567 et

2104 3622 2321 3680 oppone
2345 3616 2417 3672 te,
2454 3609 2501 3663 si
2545 3618 2719 3680 potes,
2758 3608 2973 3663 Domini
3019 3606 3267 3670 vocibus,
3299 3620 3420 3676 qua:
3459 3605 3680 3658 invoca-

2106 3701 2308 3755 tionem
2336 3706 2391 3755 et
2419 3698 2952 3769 cognominationem
2982 3695 3332 3766 baptismatis
3360 3693 3679 3750 hominibus

2103 3794 2463 3850 instituerunt
2485 3792 2549 3845 ¹⁸.
2586 3793 2653 3846 Et
2700 3806 2824 3861 qua:
2855 3798 2982 3844 sunt
3007 3788 3175 3843 verba
3230 3785 3499 3840 Dominici
3536 3798 3679 3854 prae-

2103 3885 2289 3956 cepti?
2318 3884 2661 3954 Baptizanm
2708 3900 2798 3937 eos
2839 3884 2895 3936 in
2937 3898 3123 3936 nomn
3160 3878 3343 3935 Patris
3376 3887 3425 3935 et
3471 3874 3601 3930 Filii
3626 3884 3679 3929 et

2105 3978 2337 4048 Spiritus
2384 3976 2576 4032 sancti.
2620 3975 2907 4041 Quomodo
2938 3974 2992 4026 in
3052 3987 3249 4027 nomen
3284 3968 3510 4025 Patris?
3547 3966 3680 4035 quia

2103 4069 2429 4141 principium
2456 4076 2540 4123 est
2576 4067 2818 4123 omnium
2859 4080 3061 4120 rerum.
3090 4063 3207 4130 Qua
3250 4064 3463 4117 ratione
3500 4060 3555 4114 in
3586 4057 3677 4113 Fi-

2102 4150 2569 4231 lium?'quoniam
2624 4158 2881 4213 conditor
2929 4164 3197 4212 creatura:
3237 4164 3341 4211 est.
3389 4150 3677 4219 Quomodo

2104 4251 2158 4304 in
2195 4249 2459 4320 Spiritum
2504 4250 2802 4305 sanctum?
2834 4247 2961 4319 quia
3019 4249 3125 4300 vim
3188 4247 3371 4300 omnia
3423 4242 3676 4296 absoluta

2102 4342 2361 4397 reddendi
2406 4342 2587 4396 habet.
2638 4341 3027 4396 Submittimus
3078 4339 3243 4409 igitur
3279 4351 3378 4390 nos
3411 4332 3583 4394 Patri,
3616 4339 3676 4385 ut

2102 4434 2553 4502 sanctiﬁcemur;
2579 4433 2956 4489 submittimus
2994 4433 3121 4487 item
3157 4445 3256 4484 nos
3284 4426 3448 4489 Filio,
3482 4436 3542 4481 ut
3572 4424 3676 4478 hoe

2099 4526 2279 4598 ipsum
2316 4525 2409 4580 [lat
2436 4543 2451 4594 ;
2483 4526 2859 4581 submittimus
2886 4539 2987 4579 nos
3026 4521 3257 4593 Spiritui
3308 4533 3527 4591 quoque
3551 4532 3679 4573 san-

2098 4628 2209 4683 cto,
2244 4628 2305 4673 ut
2352 4619 2407 4673 id
2451 4617 2750 4674 elﬁciamur
2781 4658 2798 4685 ,
2839 4616 2984 4687 quod
3014 4614 3181 4687 (ille)
3214 4620 3301 4670 est
3335 4628 3403 4668 ac
3453 4611 3676 4667 dicitur.

421 4698 747 4766 ὑποστάσεις
792 4704 1283 4775 κατακερματίζεις
1324 4709 1405 4771 είς
1440 4706 1728 4778 διαφόρους
1769 4707 1989 4777 φύσεις,

2099 4709 2216 4766 Non
2268 4719 2353 4767 est
2386 4711 2698 4766 diﬂ‘erentia
2747 4706 3242 4771 sanctiﬁcationis,
3295 4704 3455 4776 quasi
3512 4700 3677 4756 Patre

418 4790 514 4843 καὶ
565 4795 711 4863 τρεῖς
762 4793 969 4868 ἐργάζῃ
1016 4795 1184 4860 Θεοὺς
1222 4798 1507 4869 ἀνομοίους
1551 4799 1813 4872 ἀλλήλων,
1866 4802 1994 4873 μίαν

418 4881 570 4952 παρὰ
602 4883 815 4938 πάντων
843 4885 936 4937 καὶ
960 4883 1056 4957 τὴν
1085 4886 1251 4958 αὐτὴν
1277 4888 1435 4961 χάριν
1458 4889 1780 4961 δεχόμενος;

2101 4803 2356 4873 amplius,
2389 4802 2532 4857 Filio
2558 4805 2761 4864 minus,
2792 4808 2847 4854 et
2890 4799 3073 4855 minus
3098 4811 3261 4868 quam
3290 4802 3521 4863 uterque
3550 4791 3677 4859 Spi-

2098 4895 2211 4950 ritu
2242 4902 2434 4951 sancto
2457 4892 2853 4950 sanctiﬁcante.
2875 4892 2988 4947 Gur
3017 4890 3185 4961 igitur
3209 4888 3382 4944 trinas
3421 4887 3544 4942 illas
3575 4883 3678 4954 by-

415 4982 666 5043 postases
723 4976 966 5032 concidis
1003 4992 1067 5032 ac
1104 4978 1301 5035 dividis
1342 4980 1398 5034 in
1425 4981 1670 5038 diversas
1715 4992 1941 5039 naturas
1975 5020 1993 5050 ,
2031 5000 2096 5041 ac
2147 4997 2262 5043 tres
2293 4985 2462 5042 etﬁcis
2490 4982 2631 5040 Deos
2663 4984 2806 5040 inter
2844 4999 2904 5040 se
2934 4981 3252 5043 dissimiles.
3318 4992 3445 5035 cum
3509 4988 3676 5031 unam

416 5073 471 5122 et
509 5064 753 5120 eamdem
798 5066 867 5121 ab
896 5068 1155 5124 omnibus
1209 5070 1372 5125 etiam
1428 5074 1657 5142 gratiam
1701 5073 1994 5144 accipias?

499 5156 717 5227 Ἐπειδὴ
745 5156 801 5210 δὲ
833 5155 901 5209 τὰ
929 5157 1302 5229 ὑποδείγματα
1341 5159 1709 5232 ὲμψυχότερον
1737 5162 1826 5215 ἀεὶ
1856 5161 1991 5233 πρὸς

414 5250 541 5310 τοὺς
570 5248 867 5311 ἀκούοντας
892 5248 984 5301 τὸν
1004 5248 1162 5319 λόγον
1186 5250 1499 5320 ἐργάζεται,
1532 5251 1699 5305 εἰκόνι
1731 5250 1992 5324 βούλομαι

416 5339 701 5393 παιδεῦσαι
727 5340 835 5393 τῶν
871 5339 1332 5414 βλασφημούντων
1358 5342 1455 5412 τὴν
1504 5341 1752 5413 γνώμην,
1785 5345 1847 5396 ἐκ
1880 5343 1990 5397 τῶν

417 5430 616 5500 γηΐνων
642 5432 734 5484 καὶ
757 5435 1029 5486 ταπεινῶν
1060 5432 1372 5505 σαφηνίζων
1388 5432 1455 5485 τὰ
1484 5434 1714 5503 μεγάλα,
1744 5437 1840 5488 καὶ
1867 5437 1991 5488 κατ’

415 5519 663 5591 αἴσθησιν
695 5520 769 5593 μὴ
795 5521 1119 5593 βλεπόμενα.
1144 5525 1209 5578 Εἰ
1237 5526 1346 5595 γάρ
1376 5541 1458 5577 σοι
1483 5524 1681 5577 συνέϐη
1710 5526 1993 5598 συμφοράν

490 5697 531 5729 ¹¹
573 5697 711 5754 Psal.
752 5715 867 5761 CIII,
894 5699 984 5754 9.4.
1066 5702 1107 5731 "
1142 5700 1335 5757 Matth.
1380 5718 1571 5768 xxvm,
1608 5702 1693 5757 19.

740 5792 1013 5854 Parnm.
1040 5794 1157 5854 Gn.
1202 5794 1421 5854 XLVI.

2157 5158 2428 5228 Quoniam
2462 5166 2646 5215 autem
2694 5155 3083 5214 similitudines
3118 5168 3337 5225 semper
3366 5155 3676 5215 orationem

2088 5252 2229 5323 apud
2268 5251 2546 5307 auditores
2575 5249 2751 5321 magis
2781 5250 3017 5305 vividam
3050 5246 3284 5305 reddunt
3312 5266 3326 5302 :
3370 5247 3675 5303 simulacro

2088 5346 2214 5399 volo
2241 5342 2689 5399 maledicentium
2744 5350 2983 5398 mentem
3034 5339 3278 5407 erudire,
3319 5355 3417 5410 per
3450 5349 3672 5395 terrena

2089 5444 2253 5505 atque
2297 5434 2559 5498 humilia,
2614 5448 2810 5505 magna
2836 5474 2851 5500 ,
2892 5448 3122 5504 quaeque
3168 5447 3332 5493 sensu
3376 5447 3487 5488 non
3547 5446 3671 5487 cer-

2091 5536 2335 5597 nuntur,
2384 5528 2695 5586 declarans.
2729 5527 2866 5584 Nam
2898 5528 2945 5586 si
2984 5526 3256 5600 ejusmodi
3304 5526 3404 5583 tibi
3442 5525 3671 5583 calami-

3253 5790 3329 5853 19
