4154 6354
529 295 634 352 587

1773 285 1831 342 S.
1868 280 2194 340 GREGORII
2225 279 2529 335 .NYSSENI

3691 260 3803 328 588'

529 424 614 466 tas
643 409 954 473 accidisset,
987 416 1045 462 ut
1078 407 1326 478 captivus
1363 421 1514 464 esses
1553 403 1697 476 apud
1743 404 1930 460 hostes
1957 422 1972 471 ;
1996 419 2114 457 ser-

2225 402 2593 474 αίχμαλωσίας
2627 398 2978 471 ὑπομείναντι
3004 391 3143 450 εἶναι
3177 393 3331 467 παρά
3361 394 3474 456 τοῖς
3496 390 3795 463 πολεμίοις’

527 521 630 558 vus
676 512 862 557 autem
894 509 951 557 et
996 501 1228 555 aﬂlictus
1279 515 1404 555 cum
1453 499 1655 570 gemitu
1705 496 1989 566 antiquam
2043 494 2110 548 li-

529 595 838 656 bertatem,
891 605 1056 663 quam
1115 592 1402 647 habuisses
1433 629 1447 654 ,
1501 587 1893 652 desiderares;
1950 596 2114 655 atque

531 692 754 757 repente
778 686 893 739 noti
924 692 980 740 et
1004 683 1154 739 cives
1185 693 1319 746 tres,
1351 683 1445 753 qui
1476 681 1532 735 in
1570 680 1853 752 regionem
1886 688 2109 733 tuorum

528 777 876 831 dominorum
905 790 971 830 ac
1012 785 1369 845 tyrannorum
1418 771 1801 835 advenissent.
1837 785 1906 825 ex
1939 768 2111 839 aequis

529 864 779 936 partibus
811 864 938 919 dato
987 864 1184 935 pretio,
1209 877 1320 934 quo
1353 861 1704 917 redimereris
1727 899 1743 926 ,
1780 867 2113 929 sumptuque

532 957 850 1028 pecuniario
899 956 1184 1027 aequaliter
1229 954 1373 1008 inter
1407 967 1467 1007 se
1519 950 1696 1006 diviso
1723 991 1740 1018 ,
1774 950 2111 1005 liberassent

532 1060 588 1106 te
624 1050 693 1106 ab
724 1055 956 1121 urgente
1012 1046 1376 1102 necessitate:
1411 1059 1481 1099 an
1516 1057 1625 1098 nou
1649 1042 1754 1098 hoc
1783 1041 2108 1097 beneﬁcium

531 1150 868 1197 consecutus
898 1181 913 1206 ,
959 1137 1211 1193 similiter
1241 1135 1368 1191 illos
1414 1142 1529 1190 tres
1591 1148 1693 1204 pro
1739 1131 2112 1188 benefactori-

532 1235 638 1290 bus
673 1232 941 1296 haberes,
977 1238 1032 1286 et
1069 1228 1228 1301 pretii
1266 1224 1725 1298 quoredemptus
1769 1238 1925 1279 esses
1959 1237 2112 1278 com-

533 1327 914 1398 pensationem
944 1338 1011 1378 ει
1062 1320 1234 1391 aequis
1264 1318 1516 1390 partibus
1549 1316 1822 1372 tribueres
1849 1335 1862 1372 :
1896 1331 2020 1371 cum
2055 1322 2111 1370 et

535 1415 780 1472 studium
811 1426 912 1484 pro
938 1421 991 1466 te
1013 1424 1305 1466 commune
1333 1449 1349 1473 ,
1385 1415 1748 1478 sumptusque
1800 1405 2109 1460 communis

535 1509 752 1571 fuisset,
780 1505 827 1562 si
857 1503 1022 1560 modo
1053 1503 1240 1574 justus
1270 1500 1523 1557 beneficii
1556 1499 1862 1556 aestimator
1912 1497 2111 1554 esses?

533 1606 713 1673 Atque
746 1601 860 1654 haec
887 1596 1108 1668 quidem
1143 1602 1418 1665 quatenus
1449 1607 1545 1663 per
1565 1590 1814 1661 exempla
1869 1603 1984 1645 rem
2014 1587 2110 1644 de-

535 1699 846 1747 monstrare
908 1685 1315 1742 conveniebat:
1363 1698 1472 1738 non
1541 1682 1687 1737 enim
1745 1695 1892 1736 nunc
1949 1679 2109 1737 nobis

2217 495 2489 549 δουλεύειν
2533 494 2591 548 δὲ
2640 493 2735 546 καὶ
2777 488 3271 561 ταλαιπωρεῖσθαι,
3317 488 3411 540 καὶ
3453 485 3660 539 στένειν
3701 485 3801 556 τήν

2219 587 2455 642 παλαιὰν
2483 584 2794 656 ἐλευθερίαν
2818 585 2885 654 ἢν
2917 577 3061 654 εἶχες
3078 598 3093 613 ο
3125 580 3321 651 ἀθρόον
3348 577 3406 630 δὲ
3434 579 3584 649 τρεῖς
3602 575 3801 647 γνώρι-

2221 699 2312 753 μοι
2354 681 2452 734 καὶ
2487 680 2700 733 πολῖται
2739 679 2798 731 ἐν
2835 680 2902 748 τῇ
2943 675 3100 747 χώρᾳ⁹
3125 674 3234 726 τῶν
3265 670 3372 725 σῶν
3401 669 3679 724 δεσποτῶν
3709 668 3801 720 καὶ

2217 773 2496 845 τυράννων
2527 770 2809 842 γενόμενοι
2833 764 3214 838 ἠλευθέρωσάν
3237 780 3298 817 σε
3321 765 3421 834 τῆς
3446 759 3802 830 ἐπικειμένης

2218 865 2483 936 ἀνάγκης,
2509 864 2680 936 λύτρα
2710 853 2891 925 δόντες
2929 859 3113 930 ἐξίσης
3132 896 3148 922 ,
3179 857 3273 911 καὶ
3295 856 3394 928 τὴν
3424 853 3667 923 δαπάνην
3689 849 3800 904 τῶν

2218 958 2514 1039 Χρημάτων
2557 954 2617 1021 ἐξ
2668 952 2971 1026 ἰσομοιρίας
3011 950 3148 1022 πρὸς
3193 948 3421 1011 ἐαυτοὺς
3468 944 3798 1015 διελόμενοιο

2217 1034 2329 1122 ἄρα
2351 1050 2449 1122 τῆς
2481 1049 2702 1121 χάριτος
2735 1047 2950 1118 ἐκείνης
2979 1042 3182 1114 τυχὼν,
3213 1041 3314 1095 οὐκ
3353 1037 3419 1092 ἂν
3448 1037 3649 1108 ὁμοίως
3673 1034 3802 1096 τοὺς

2216 1145 2364 1214 τρεῖς
2391 1143 2467 1205 ὡς
2491 1140 2784 1212 εὐεργέτας
2809 1137 3007 1208 ἐώρας,
3031 1134 3256 1189 καὶτῶν
3281 1131 3490 1204 λύτρων
3519 1127 3619 1200 τὴν
3647 1126 3803 1196 ἀμοι-

2216 1235 2316 1309 ϐὴν
2347 1233 2407 1299 ἐξ
2448 1232 2751 1304 ἰσομοιρίας
2788 1231 3098 1300 είσέφερες,
3147 1223 3331 1294 κοινῆς
3371 1221 3511 1291 ὑπὲρ
3561 1217 3656 1272 σοῦ
3707 1216 3802 1270 καὶ

2214 1328 2313 1399 τῆς
2340 1324 2578 1396 σπουδῆς
2610 1325 2702 1376 καὶ
2741 1322 2840 1392 τῆς
2871 1319 3115 1388 δαπάνης
3158 1312 3553 1385 γεγενημένης,
3583 1310 3648 1364 ἄν
3684 1325 3790 1377 περ

2214 1419 2418 1482 δίκαιος
2447 1416 2696 1488 ὑπάρχῃς
2725 1413 2826 1484 τῆς
2861 1409 3175 1482 εὐεργεσίας
3207 1409 3437 1479 κριτής;
3471 1404 3584 1459 Καὶ
3617 1400 3790 1455 ταῦτα

2218 1511 2317 1583 μὲν
2352 1511 2476 1564 ὅσον
2508 1510 2567 1561 ἐν
2607 1506 3018 1575 ὑποδείγμασινο
3047 1502 3109 1556 οὐ
3143 1502 3252 1573 γάρ
3283 1499 3380 1554 νῦν
3407 1499 3542 1568 ἡμῖν
3584 1497 3786 1562 σκοπὸς

2213 1601 2308 1656 τὸν
2333 1599 2434 1670 τῆς
2464 1600 2699 1661 πίστεως
2726 1593 3054 1651 ἀπευθύνειν
3090 1593 3268 1662 λόγον.
3306 1591 3451 1662 Πρὸς
3501 1591 3560 1643 δέ
3581 1590 3672 1643 τὸν
3702 1591 3788 1642 ἐν-

2216 1692 2428 1747 εστῶτα
2464 1691 2656 1763 καιρὸν
2695 1691 2791 1743 καὶ
2832 1688 2928 1761 τὴν
2969 1685 3337 1758 προκειμένην
3358 1683 3610 1737 ὑπόθεσιν
3659 1683 3792 1736 ἀνα-

537 1780 878 1854 propositum
911 1783 1019 1839 est,
1069 1785 1230 1828 recta:
1261 1772 1390 1827 ﬁdei
1422 1769 1640 1825 tradere
1680 1767 1970 1824 rationem.
2001 1766 2111 1823 Sed

2225 1785 2531 1857 δράμωμεν.
2577 1781 2833 1853 Εὑρίσκω
2869 1782 2979 1852 γὰρ
3022 1780 3103 1833 ὅτι
3139 1779 3240 1850 τὴν
3280 1775 3372 1830 τοῦ
3419 1774 3798 1846 βαπτίσματος

538 1876 606 1929 ad
650 1885 890 1943 praesens
937 1879 1151 1936 tempus
1214 1880 1280 1920 ac
1331 1861 1674 1934 propositum
1725 1866 2110 1930 argumentum

538 1975 908 2021 recurramus.
957 1956 1093 2012 Nam
1128 1956 1368 2019 invenio,
1403 1953 1553 2026 quod
1597 1967 1710 2008 non
1759 1953 1942 2007 solum
1996 1959 2120 2020 post

547 2070 803 2120 crucem,
840 2050 1129 2122 Evangelia
1163 2047 1412 2125 gratiam.
1448 2044 1818 2117 baptismatis
1857 2043 2122 2114 praedica-

539 2157 776 2211 verunt,
812 2143 909 2201 sed
937 2151 992 2199 et
1026 2153 1154 2197 ante
1183 2136 1619 2194 incarnationem
1663 2134 1880 2190 Domini
1911 2133 2120 2204 ubique

539 2249 700 2294 vetus
738 2235 1026 2305 Scriptura
1089 2227 1522 2300 regenerationis
1571 2235 1772 2282 nostra:
1822 2225 2117 2295 imaginem

545 2327 962 2402 prazliguravit:
996 2338 1104 2378 non
1141 2329 1326 2392 aperte
1353 2327 1409 2375 et
1449 2318 1728 2374 evidenter
1766 2316 1996 2371 formam
2027 2328 2120 2369 os-

542 2421 775 2476 tendens
803 2456 818 2481 ,
868 2413 966 2471 sed
1023 2410 1409 2482 aauigmatibus
1433 2416 1489 2464 et
1519 2405 1822 2462 involucris
1866 2404 2122 2460 humani-

544 2524 707 2568 tatem
739 2509 836 2565 Dei
884 2511 1338 2578 praamoustrans.
1378 2501 1442 2555 Et
1474 2510 1534 2555 ut
1577 2514 1754 2570 agnus
1816 2507 1947 2553 ante
1981 2511 2122 2566 prae-

542 2600 848 2658 dicabatur.
881 2603 935 2651 et
964 2609 1096 2647 crux
1123 2590 1566 2662 prophetabatur,
1627 2589 1702 2642 ita
1737 2587 1903 2643 etiam
1945 2585 2124 2657 bapti-

503 2705 508 2710 '
546 2705 664 2746 sma
692 2728 707 2753 ,
755 2695 810 2742 et
838 2686 1019 2742 verbis
1051 2692 1107 2739 et
1145 2697 1206 2738 re
1241 2683 1358 2752 ipsa
1393 2679 1758 2735 indicabatur.
1788 2681 1858 2732 At
1908 2676 2124 2748 rediga-

544 2797 667 2837 mus
723 2780 1076 2835 honestarum
1127 2789 1312 2830 rerum
1365 2771 1630 2828 studiosis
1686 2771 1742 2826 in
1800 2769 2121 2825 memoriam

545 2876 788 2944 ﬁguras;
821 2869 989 2940 exigit
1019 2867 1165 2924 enim
1200 2874 1416 2936 tempus
1475 2864 1736 2918 feriarum
1763 2862 1782 2932 (
1806 2861 1961 2932 eam)
1998 2871 2124 2916 tan-

545 2982 711 3037 quam
780 2961 1151 3020 necessariam
1210 2957 1819 3014 commemorationem.
1849 2953 1996 3023 Agar
2024 2967 2126 3006 au-

545 3059 672 3113 cilla
721 3050 1108 3115 Abrahami",
1137 3049 1294 3120 cujus
1338 3049 1502 3103 etiam
1539 3045 1743 3100 Paulus
1787 3043 1858 3098 ad
1906 3041 2126 3099 Galatas

543 3149 712 3204 verba
743 3145 973 3208 faciens,
1005 3141 1360 3212 allegoricam
1417 3137 1753 3192 mentionem
1788 3131 2005 3199 facit“,
2057 3133 2128 3188 ab

497 3255 500 3258 ‘
545 3242 712 3296 domo
771 3236 981 3292 domini
1035 3233 1120 3289 sui
1172 3239 1396 3303 propter
1453 3229 1588 3283 iram
1637 3225 1818 3281 Sarra:
1883 3225 2130 3296 ablegata

546 3337 566 3404 (
592 3331 817 3387 molesta
844 3327 988 3384 enim
1039 3323 1295 3396 legitimis
1351 3320 1620 3376 uxoribus
1647 3333 1738 3375 res
1763 3324 1869 3385 est,
1905 3324 2132 3388 propter

546 3424 828 3478 dominum
876 3426 1131 3488 suspecta
1174 3414 1442 3482 ancilla),
1475 3412 1693 3466 deserta
1744 3424 1810 3463 ac
1867 3409 2132 3464 destituta

497 3542 499 3545 -
544 3515 822 3570 ferebatur
841 3511 910 3565 ad
937 3517 1138 3564 terram
1162 3507 1460 3569 desertam,
1503 3505 1794 3558 laetantem
1818 3516 2004 3557 secum
2035 3503 2130 3556 ha-

496 3623 501 3629 ·
546 3606 681 3661 bens
706 3617 932 3675 puerum
963 3598 1243 3656 lsmaelem
1270 3597 1336 3650 l'.
1359 3596 1495 3651 Cum
1519 3603 1703 3650 autem
1725 3593 1946 3648 redacta
1984 3600 2134 3651 esset

548 3699 616 3753 ad
655 3695 894 3766 inopiam
958 3706 1144 3747 rerum
1189 3688 1654 3750 necessariarum,
1691 3685 1920 3756 ipsaque
1964 3700 2133 3756 prope

499 3803 502 3805 λ
549 3800 796 3851 mortem,
818 3795 873 3842 et
895 3792 1024 3840 ante
1051 3798 1171 3839 eam
1197 3781 1334 3836 adeo
1356 3794 1491 3850 puer
1513 3778 1753 3834 venisset
1769 3783 1954 3848 (quam
1987 3777 2132 3834 enim

499 3879 502 3883 ’
549 3880 605 3934 in
631 3888 750 3934 utre
771 3890 966 3946 aquam
997 3873 1300 3936 habuerat,
1331 3875 1656 3939 consumpta
1699 3867 2133 3937 eratzquoniam

503 3985 509 3992 ’
551 3986 621 4026 ne
646 3969 762 4024 ﬁeri
794 3965 1014 4037 quidem
1049 3972 1284 4034 poterat,
1320 3970 1382 4014 ut
1411 3958 1718 4032 Synagoga,
1747 3971 1870 4028 qua:
1911 3957 2046 4012 olim
2077 3959 2133 4012 in

498 4078 503 4084 ·
549 4063 741 4134 ﬁguris
782 4058 1038 4131 perennis
1093 4054 1258 4110 fontis
1309 4052 1676 4118 versabatur,
1753 4049 2133 4107 sufﬁcientiam

550 4158 674 4212 vita:
708 4152 994 4220 haberet),
1024 4148 1251 4220 angelus
1278 4147 1334 4201 in
1368 4146 1650 4216 insperato
1680 4152 1926 4215 apparet,
1958 4151 2012 4199 et
2043 4157 2136 4198 os-

553 4247 729 4305 tendit
763 4246 813 4301 ei
853 4253 1092 4316 puteum
1124 4254 1280 4311 aqua:
1314 4239 1583 4294 viventis:
1614 4248 1780 4308 atque
1829 4235 1956 4290 inde
2006 4249 2131 4290 cum

501 4361 504 4366 ·
553 4341 869 4403 hausisset,
910 4341 1094 4392 servat
1151 4332 1454 4389 lsmaelem.
1505 4320 1641 4386 Vide
1693 4329 1860 4402 igitur
1906 4329 2133 4399 ﬁguram

555 4432 889 4504 mysticam,
925 4426 1384 4499 quemadmodum
1436 4425 1620 4480 statim
1695 4421 1766 4477 ab
1824 4421 1980 4475 initio
2037 4435 2135 4490 per

500 4535 504 4540 ‘
558 4539 757 4594 aquam
799 4521 1092 4585 viventem,
1124 4533 1246 4589 quae
1274 4532 1384 4572 non
1413 4516 1567 4588 prius
1597 4522 1764 4580 esset,
1793 4512 1890 4570 sed
1925 4527 2022 4584 per
2043 4528 2139 4567 an-

498 4636 506 4647 ν
557 4617 740 4687 gelum
769 4613 915 4669 dono
962 4612 1090 4667 data
1139 4616 1307 4675 esset,
1346 4608 1598 4680 pereunti
1630 4607 1783 4662 salus
1821 4603 2133 4675 contigerit.

497 4716 503 4722 ·
559 4704 692 4759 ltem
736 4701 1025 4773 posteriori
1068 4707 1317 4770 tempore
1365 4698 1574 4768 nuptiis
1619 4694 1878 4766 conjungi
1913 4702 2136 4765 Oporte-

496 4808 504 4814 '
559 4798 654 4852 bat
692 4796 974 4851 'lsaacum
999 4791 1065 4854 ".
1095 4800 1318 4862 propter
1365 4804 1527 4860 quem
1573 4790 1738 4845 etiam
1779 4786 1975 4843 lsmael
2029 4800 2140 4841 una

499 4905 504 4908 ·
560 4903 685 4944 cum
712 4895 884 4942 matre
911 4892 1136 4956 paterna
1167 4881 1298 4938 sede
1328 4881 1524 4952 pulsus
1554 4887 1692 4936 erat.
1716 4877 1920 4934 Missus
1958 4885 2142 4933 autem

561 4995 760 5037 servus
789 4974 1093 5032 Ahrahami
1133 4973 1418 5046 pronubus
1458 4981 1512 5029 et
1540 4970 1851 5042 nuptiarum
1877 4969 2142 5025 concilia-

561 5081 670 5132 tor.
705 5077 765 5122 ut
816 5067 1040 5124 domino
1089 5080 1192 5121 suo
1239 5079 1498 5136 sponsam
1546 5062 1881 5125 adduceret,
1933 5059 2141 5115 invenit

563 5161 864 5216 Rebeccam
920 5157 988 5213 ad
1039 5167 1259 5229 puteum
1299 5172 1315 5209 :
1351 5169 1416 5210 ac
1475 5152 1718 5223 nuntiat
1759 5166 1883 5222 qua:
1935 5149 2143 5204 Christi

565 5269 737 5326 genus
769 5252 1044 5308 effectura!
1078 5256 1254 5316 erant,
1302 5246 1369 5303 ad
1417 5261 1616 5317 aquam
1671 5243 1888 5299 initium
1919 5257 1985 5298 ac
2023 5242 2141 5313 pri-

565 5362 712 5402 mam
742 5345 1046 5416 pactionem
1077 5342 1608 5412 conventionemque
1635 5338 1968 5393 habuerunt.
1995 5335 2142 5403 Quin

567 5438 732 5494 etiam
776 5437 892 5507 ipse
921 5448 1140 5506 quoque
1177 5433 1330 5488 Isaac
1365 5446 1489 5488 eum
1539 5429 1795 5501 gregibus
1847 5425 2140 5498 praefectus

578 5537 759 5597 esset,
803 5527 858 5583 in
891 5527 1146 5584 omnibus
1176 5527 1311 5582 locis
1343 5523 1677 5590 solitudinis,
1734 5530 1931 5592 puteos
1967 5519 2144 5575 fodie-

2219 1877 2380 1948 χάριν
2400 1877 2462 1930 οὐ
2489 1875 2648 1946 μόνον
2675 1873 2745 1927 τά
2779 1873 2920 1945 μετὰ
2946 1873 3037 1926 τὸν
3065 1871 3295 1943 σταυρὸν
3325 1869 3590 1940 ἐκήρυξεν
3622 1867 3800 1936 Εὐαγ-

2219 1969 2397 2038 γὲλια,
2428 1967 2566 2022 ἀλλά
2593 1967 2687 2020 καὶ
2710 1966 2819 2038 πρὸ
2845 1965 2948 2036 τῆς
2979 1961 3447 2034 ἐνανθρωπήσεως
3468 1960 3565 2013 τοῦ
3591 1959 3799 2032 Κυρίου

2221 2057 2498 2130 πανταχοῦ
2522 2062 2556 2130 ή
2592 2058 2810 2112 Παλαιὰ
2838 2056 3029 2128 Γραφὴ
3057 2055 3159 2126 τῆς
3191 2052 3614 2122 παλιγγενεσίας
3643 2051 3802 2124 ήμῶν

2223 2152 2578 2224 προετύπωσε
2619 2153 2720 2223 τὴν
2763 2150 2981 2206 είκόνα’
3022 2150 3082 2203 οὐ
3112 2147 3409 2221 τηλαυγῶς
3445 2145 3546 2216 τὴν
3586 2144 3802 2217 μορφὴν

2223 2248 2629 2319 ἐμφανίζουσα,
2666 2246 2953 2317 αἰνίγμασι
2977 2244 3033 2298 δέ
3069 2241 3164 2297 τοῦ
3193 2241 3328 2296 Θεοῦ
3367 2240 3466 2311 τὴν
3498 2237 3802 2308 φιλανθρω-

2222 2341 2353 2395 πίαν
2377 2327 2878 2411 προῦποφαίνουσα.
2901 2335 3012 2390 Καὶ
3031 2335 3105 2398 ῶς
3123 2337 3153 2388 ὁ
3175 2332 3344 2405 ἀμνὸς
3365 2329 3803 2403 προεκηρύττετο

2223 2435 2317 2488 καὶ
2347 2435 2376 2487 6
2407 2433 2639 2504 σταυρὸς
2664 2429 3087 2504 προεφητεύετο·
3112 2427 3255 2481 οὕτω
3297 2425 3393 2479 καὶ
3429 2425 3493 2477 τὸ
3521 2424 3801 2494 βάπτισμα

2224 2525 2544 2595 πρακτικῶς
2569 2525 2664 2578 καὶ
2687 2521 2922 2592 λογικῶς
2950 2519 3238 2592 ἐμηνύετο.
3287 2517 3711 2586 Ἀναμνήσωμεν
3744 2513 3804 2566 δὲ

2223 2619 2348 2682 τοὺς
2368 2616 2688 2686 φιλοκάλους
2709 2614 2816 2668 τῶν
2840 2613 3045 2666 τύπων·
3073 2612 3294 2664 ἀπαιτεῖ
3314 2608 3423 2677 γάρ
3441 2609 3469 2661 6
3486 2607 3585 2677 τῆς
3609 2603 3804 2677 ἑορτῆς

2225 2709 2416 2781 καιρὸς
2442 2709 2518 2772 ὠς
2545 2706 2847 2776 ἀναγκαίαν
2881 2705 2979 2778 τὴν
3017 2705 3256 2776 μνήμην,
3299 2701 3363 2754 Ἠ
3401 2700 3580 2769 Ἅγαρ
3605 2700 3640 2770 ἡ
3675 2715 3805 2751 παι-

2224 2803 2382 2876 δίσκη
2428 2801 2522 2858 τοῦ
2585 2800 2832 2872 Ἀϐράμ,
2863 2800 2932 2871 ἢν
2965 2798 3062 2852 καὶ
3092 2795 3304 2860 Παῦλος
3341 2794 3633 2865 ἀλληγορεῖ
3668 2792 3804 2864 πρὸς

2226 2895 2472 2964 Γαλάτας
2505 2887 2881 2964 διαλεγόμενος
2901 2933 2916 2956 ,
2948 2889 3326 2960 ἐκπεμφθεῖσα
3356 2887 3459 2957 τῆς
3499 2885 3675 2948 οἰκίας
3706 2884 3803 2937 τοῦ

2228 2990 2442 3063 κυρίου,
2461 2989 2554 3044 διὰ
2577 2989 2677 3061 τὴν
2697 2989 2865 3061 ὀργὴν
2890 2988 2987 3059 τῆς
3008 2987 3226 3058 Σάρρας
3249 2987 3268 3056 (
3289 2983 3523 3057 χαλεπὸν
3548 2983 3654 3054 γὰρ
3682 2982 3806 3045 ταῖς

2154 3109 2196 3168 C
2229 3086 2480 3158 νομίμοις
2515 3083 2760 3154 γυναιξὶν
2801 3080 3218 3153 ύποπτευομένη
3242 3079 3403 3150 δούλη
3427 3078 3563 3150 πρὸς
3601 3077 3692 3131 τὸν
3720 3077 3807 3130 δε-

2233 3179 2473 3250 σπότην)
2495 3179 2699 3252 ἕρημος
2725 3177 2949 3249 ἐφέρετο
2968 3177 3105 3247 πρὸς
3130 3175 3333 3247 ἔρημον
3360 3173 3481 3245 γῆν,
3505 3169 3814 3242 ύπομάζιον

2231 3272 2431 3344 ἔχουσα
2458 3273 2655 3344 βρέφος
2701 3272 2792 3325 τὸν
2844 3269 3086 3342 Ἰσμαήλ.
3147 3267 3365 3339 Ἐπειδὴ
3409 3267 3467 3320 δὲ
3505 3266 3564 3320 ἐν
3605 3262 3810 3334 ἀπορίᾳ

2229 3366 2339 3420 τῶν
2362 3365 2673 3434 ἀναγκαίων
2693 3363 2937 3433 γέγονεν,
2963 3363 3100 3432 αὐτή
3122 3377 3182 3414 τε
3209 3361 3374 3430 ἐγγὺς
3397 3356 3530 3430 ἦλθε
3555 3355 3810 3420 Θανάτου,

2232 3461 2329 3514 καὶ
2359 3459 2464 3531 πρό
2497 3475 2561 3527 γε
2594 3457 2764 3528 αὐτῆς
2792 3456 2852 3509 τὸ
2885 3453 3096 3508 παιδίον
3120 3453 3202 3525 (τὸ
3225 3452 3333 3525 γὰρ
3357 3451 3416 3504 ὃν
3449 3451 3507 3503 ἐν
3547 3448 3627 3520 τῷ
3658 3449 3814 3518 ἀσκῷ

2234 3551 2379 3623 ὕδωρ
2419 3547 2732 3621 ἐδαπανήθη
2751 3565 2763 3577 ·
2792 3547 2915 3599 ἐπεὶ
2946 3545 3085 3617 μηδέ
3118 3539 3229 3599 οἷόν
3256 3560 3317 3596 τε
3346 3542 3446 3612 τήν
3481 3539 3817 3608 Συναγωγὴν

2233 3644 2562 3716 αὐτάρκειαν
2587 3640 2730 3712 ἔχειν
2761 3639 2907 3712 ζωῆς
2924 3679 2942 3707 ,
2970 3637 3069 3711 τὴν
3105 3637 3244 3702 τέως
3269 3638 3327 3690 ἐν
3349 3637 3462 3698 τοῖς
3481 3633 3672 3695 τύποις
3694 3631 3810 3684 διά-

2232 3754 2436 3806 γουσαν
2471 3737 2570 3806 τῆς
2598 3733 2822 3788 ἀεννάου
2852 3730 3057 3804 πηγῆς)
3081 3745 3095 3761 ⁶
3135 3729 3363 3800 ἄγγελος
3393 3729 3458 3780 ἐκ
3498 3725 3593 3779 τοῦ
3631 3741 3811 3795 παραε-

2232 3832 2386 3900 δόξου
2425 3831 2706 3902 φαίνεται,
2760 3828 2854 3882 καὶ
2892 3826 3162 3882 δείκνυσιν
3210 3824 3347 3894 αὐτῇ
3399 3822 3573 3893 φρέαρ
3617 3819 3814 3881 ὕδατος

2234 3926 2465 3991 ζῶντοςο
2516 3922 2769 3979 κάκεῖθεν
2816 3919 3167 3992 ἀρυσαμένη,
3211 3916 3372 3980 σώζει
3415 3914 3507 3968 τὸν
3562 3910 3808 3982 Ἰσμαήλ.

2237 4019 2380 4091 Ὅρα
2407 4017 2586 4071 τοίνυν
2615 4014 2785 4070 τύπον
2819 3997 3084 4082 ⁴μυστικόν
3104 4025 3118 4039 ο
3149 4011 3297 4071 ὅπως
3325 4006 3487 4070 εὐθὺς
3527 4005 3586 4072 ἐξ
3634 4004 3814 4073 ἀρχῆς

2232 4113 2298 4167 δι’
2339 4111 2528 4173 ὓδατος
2574 4108 2777 4172 ζῶντος
2825 4104 2905 4175 τῷ
2935 4100 3292 4173 ἀπολλυμένῳ
3331 4101 3365 4170 ή
3410 4097 3695 4169 σωτηρία,
3747 4095 3810 4149 οὐ

2234 4205 2500 4278 πρότερον
2527 4201 2696 4264 ὄντος,
2726 4197 2863 4252 ἀλλά
2903 4197 2969 4250 δι’
3001 4193 3232 4265 ἀγγέλου
3275 4189 3417 4246 κατά
3444 4189 3601 4261 χάριν
3632 4186 3812 4242 δοθέν-

2233 4314 2344 4361 τος.
2373 4293 2600 4366 Χρόνοις
2619 4293 2676 4347 δέ
2701 4290 2926 4361 ὕστερον
2959 4287 3122 4342 πάλιν
3157 4285 3357 4356 γάμοις
3394 4283 3499 4336 ἔδει
3542 4281 3810 4346 καταζευ-

2235 4389 2430 4462 χθῆναι
2451 4385 2542 4440 τὸν
2579 4383 2783 4447 Ἰσαάκ,
2805 4381 2873 4436 δι’
2900 4381 2960 4435 ὃν
2988 4379 3132 4434 καὶὸ
3168 4376 3392 4447 Ἰσμαὴλ
3421 4375 3518 4428 σὺν
3545 4375 3612 4444 τῇ
3645 4371 3816 4443 μητρὶ

2162 4458 2212 4518 D
2360 4479 2631 4552 πατρικῆς
2657 4475 2842 4538 ἑστίας
2858 4472 3056 4544 ἠλάθη.
3096 4468 3444 4530 Ἀποσταλεὶς
3467 4465 3524 4520 δὲ
3548 4465 3577 4518 6
3595 4463 3813 4534 οἰκέτης

2245 4575 2330 4630 τοῦ
2382 4572 2632 4646 Ἀϐραὰμ
2656 4569 3054 4642 προμνήστωρ,
3090 4564 3231 4618 ὥστε
3261 4561 3340 4633 τῷ
3364 4560 3536 4633 κυρίῳ
3572 4555 3814 4630 νυμφεύ-

2240 4665 2470 4730 σασθαι,
2517 4663 2762 4736 εὑρίσκει
2804 4658 2904 4731 τὴν
2961 4656 3257 4711 Ῥεϐέκκαν
3295 4654 3389 4708 ἐπὶ⁸
3423 4651 3518 4706 τοῦ
3551 4650 3816 4723 φρέατοςο

2240 4759 2335 4812 καὶ
2361 4757 2538 4827 γάμος
2557 4793 2573 4816 ,
2618 4756 2646 4808 6
2680 4750 2887 4825 μέλλων
2917 4749 3091 4803 ποιεῖν
3128 4747 3190 4800 τὸ
3221 4746 3378 4816 γένος
3409 4740 3650 4814 Χριστοῦ
3671 4782 3685 4806 ,
3721 4739 3819 4794 ἐπὶ

2241 4850 2429 4914 ὓδατος
2457 4846 2617 4902 ἔλαϐε
2641 4847 2741 4918 τὴν
2777 4842 2954 4916 ἀρχὴν
2991 4841 3085 4897 καὶ
3125 4839 3224 4912 τὴν
3254 4837 3477 4910 πρώτην
3519 4834 3813 4905 συνθήκην.

2241 4947 2316 5001 Οὐ
2351 4943 2456 5017 μὴν
2482 4941 2618 4997 ἀλλά
2646 4940 2742 4995 καὶ
2767 4937 2930 5001 αὐτὸς
2948 4938 2978 4990 6
3017 4935 3225 4999 Ἰσαὰκ,
3253 4931 3417 5004 ἡνίκα
3445 4931 3565 4993 ταῖς
3595 4927 3818 4996 ἀγέλαις

2243 5043 2568 5111 ἐφεστήκει,
2604 5034 2875 5106 πανταχοῦ
2908 5031 3011 5102 τῆς
3052 5027 3288 5101 ἐρημίας
3325 5024 3540 5097 ὢρυσσε
3566 5019 3778 5092 φρέατα
3801 5059 3818 5084 .

2241 5135 2385 5205 ειπερ
2423 5132 2751 5204 ἐνέφραττον
2783 5127 2877 5182 καί⁸
2903 5121 3277 5194 κατεχώννυον
3307 5119 3356 5172 οἱ
3387 5113 3712 5184 ἀλλόφυλοι·
3741 5112 3822 5174 εἰς

2243 5228 2412 5281 τύπον
2449 5224 2555 5280 τῶν
2595 5223 2675 5288 είς
2703 5222 2928 5292 ὕστερον
2961 5215 3197 5278 ἀσεϐῶν,
3230 5214 3341 5267 ὅσοι
3370 5208 3474 5282 τὴν
3492 5206 3587 5262 τοῦ
3623 5205 3820 5277 βαπτί-

2247 5335 2453 5392 σματος
2479 5318 2637 5389 χάριν
2670 5313 2908 5369 ἐκώλυον
2932 5309 3028 5365 καί⁸
3065 5305 3418 5376 ἀνεστόμουν,
3451 5295 3823 5392 ζυγομαχοῦνῗ-

2245 5387 2336 5479 τες
2362 5387 2621 5486 πρὸς-τῆν
2646 5409 2924 5482 ἀλήθειαν.
2965 5403 3103 5458 Ἀλλ’
3129 5402 3277 5472 ὅμως
3319 5398 3370 5451 oi.
3413 5396 3690 5486 μάρτυρες
3727 5387 3821 5486 καὶ

2247 5511 2296 5562 oi
2329 5478 2494 5579 ἱερεῖς
2537 5478 2984 5577 φρεωρυχοῦντες
3022 5493 3306 5563 ἐνίκησαν,
3339 5488 3436 5544 καὶ
3485 5485 3668 5540 πᾶσαν
3720 5478 3823 5551 τὴν

641 5715 686 5747 ¹³
719 5710 857 5769 Gen.
888 5721 1002 5776 xvi,
1035 5706 1120 5762 l5.
1198 5704 1240 5736 “
1270 5699 1446 5757 Galat.
1489 5715 1561 5766 tv,
1597 5696 1671 5752 22
1706 5712 1827 5770 sqq.
1907 5695 1952 5728 “
1981 5693 2115 5750 Gen.
2160 5704 2276 5755 nt,
2306 5689 2339 5744 9
2369 5704 2494 5760 sqq.
2575 5685 2617 5716 ι’
2643 5681 2779 5737 Gen.
2823 5691 2975 5742 xxiv,
3001 5676 3183 5746 ﬁsqq.
