4154 6354
395 359 498 416 589

1612 354 1677 410 IN
1717 353 2115 410 BAPTISMUM
2150 353 2448 409 CHRISTI.

3561 358 3666 415 590

396 466 723 539 οἰκουμένην
770 465 829 518 τὸ
882 463 977 518 τοῦ
1027 463 1400 536 βαπτίσματος
1454 464 1625 535 δῶρον
1689 465 1978 520 ἐπέκλυσε.

2096 466 2181 519 bat
2200 506 2215 530 ,
2248 482 2388 535 quin;
2419 466 2737 537 alienigenae
2762 466 3144 533 obstruebant,
3162 475 3216 522 et
3248 484 3441 539 aggere
3470 470 3664 525 obrue

396 562 553 617 Κατὰ
579 561 676 631 τὴν
714 558 884 630 αὑτὴν
910 552 966 610 δὲ
996 556 1089 609 τοῦ
1118 556 1277 625 λόγου
1304 557 1531 627 δύναμιν
1560 554 1805 608 σπεύδων
1836 558 1929 610 καὶ
1953 558 1981 610 6

409 650 604 707 Ἰακὼϐ
650 650 743 703 ἐπὶ⁵
781 647 1112 719 μνηστείαν,
1160 646 1438 719 ἀδοκήτως
1481 648 1573 699 ἐπὶ
1601 644 1696 699 τοῦ
1746 645 1982 718 φρέατος

399 746 697 813 συνήντησε
739 745 805 813 τῇ
851 738 1075 812 Ῥαχήλ.
1134 740 1415 793 Ἑπέκειτο
1442 740 1498 793 δὲ
1528 738 1674 801 λίθος
1708 740 1881 809 μέγας
1906 741 1982 811 τῷ

395 836 614 905 φρέατι,
645 833 705 887 ὃν
738 832 943 905 πλῆθος
972 831 1247 902 ποιμένων
1275 832 1453 885 συνιὸν
1487 830 1837 885 άπεκύλισεψ
1880 829 1980 885 εἷθ’

394 927 567 987 οὕτως
613 927 824 989 ἑαυτοῖς
862 925 956 979 καὶ
996 928 1108 990 τοῖς
1143 926 1435 995 προϐάτοις
1474 926 1779 999 ὑδρεύοντο.
1841 927 1899 980 Ὀ
1926 926 1983 980 δὲ

409 1018 608 1073 Ἰακὼϐ
641 1019 803 1090 μόνος
852 1017 1138 1071 άποκυλίει
1176 1017 1266 1071 τὸν
1294 1018 1462 1084 λίθον,
1502 1020 1596 1072 καλ¹
1634 1019 1843 1083 ποτίζει
1884 1017 1983 1088 τῆς

401 1109 647 1181 μνηστῆς
679 1108 748 1162 τὰ
790 1107 1062 1179 πρόϐατα.
1095 1107 1368 1179 Αίνιγμα,
1413 1104 1602 1179 οἶμαι,
1649 1109 1983 1181 τὸ’πρᾶγμα

397 1202 494 1256 καὶ
523 1202 651 1255 σκιὰ
672 1199 766 1254 τοῦ
796 1200 1104 1272 μέλλοντος.
1132 1200 1228 1264 Τίς
1256 1201 1361 1273 γὰρ
1387 1203 1415 1254 6
1439 1201 1786 1272 ἐπικείμενος
1814 1200 1980 1264 λίθος,

395 1296 431 1366 ἢ
461 1294 624 1358 αὐτὸς
668 1295 697 1347 6
732 1293 997 1364 Χριστὸς;
1040 1293 1179 1364 Περὶ
1219 1289 1279 1348 οὗ
1335 1310 1499 1363 φησιν
1559 1293 1787 1357 Ἡσαΐας
1813 1310 1827 1323 ·
1874 1290 1987 1347 Καὶ

395 1386 631 1458 ἐμϐαλῶ
654 1389 741 1453 είς
773 1391 846 1441 τὰ
873 1385 1116 1457 θεμέλια
1146 1386 1302 1440 Σιὼν
1323 1386 1497 1440 λίθον
1521 1385 1850 1455 πολυτελῆ,
1888 1385 1986 1439 ἐν-

396 1498 589 1552 τιμον,
611 1480 919 1535 ἐκλεκτόν.
941 1482 1047 1534 Καὶ
1068 1480 1265 1551 Δανιὴλ
1280 1479 1501 1550 ὁμοίωςο
1535 1480 1795 1550 Ἐτμήθη
1814 1480 1986 1546 λίθος

396 1573 546 1628 ἄνευ
583 1574 813 1642 χειρός·
862 1573 1164 1638 τουτέστιν,
1217 1572 1515 1645 Ἐγεννήθη
1573 1572 1808 1643 Χριστὸς
1855 1572 1984 1627 ἄνευ

398 1664 610 1739 ἀνδρός.
661 1668 750 1730 Ὠς
794 1665 905 1738 γὰρ
948 1665 1133 1720 καινόν
1177 1665 1293 1719 ἐστι
1336 1664 1430 1719 καὶ
1477 1664 1801 1737 παράδοξον,
1838 1664 1986 1718 λίθον

400 1758 608 1829 πέτρας
635 1758 1155 1828 ἁποτμηθῆναιάνευ
1168 1754 1450 1828 λιθοτόμου
1483 1756 1577 1810 καὶ
1601 1754 1849 1827 ὀργάνων
1870 1754 1984 1809 λιθ-

2086 558 2219 612 bant
2275 566 2328 614 et
2350 559 2725 622 occultabant,
2753 558 2822 613 ad
2858 560 3087 631 figuram
3110 575 3324 625 eorum,
3352 562 3446 631 qui
3476 572 3664 631 postea

2086 649 2337 717 fuerunt,
2371 651 2684 721 impiorum,
2718 652 2811 722 qui
2868 652 3070 707 donum
3102 653 3449 723 baptismatis
3476 656 3667 724 prohi-

2085 732 2289 795 hebant
2339 752 2392 797 et
2435 742 2827 811 impediebant,
2876 744 3096 797 veritati
3147 759 3269 800 sese
3302 753 3663 816 opponentes.

2086 830 2474 888 Verumtamen
2502 843 2770 905 martyres
2798 842 2851 888 et
2876 836 3190 889 sacerdotes
3220 843 3419 906 puteos
3451 834 3669 891 fodien-

2084 933 2167 980 tes
2202 926 2495 991 vicerunt,
2527 941 2855 997 omnemque
2912 935 3182 982 terrarum
3230 929 3419 984 orbein
3492 929 3671 1000 bapti-

2084 1016 2280 1072 smatis
2339 1006 2542 1071 donum
2578 1010 2895 1071 inundavit.
2929 1015 3032 1071 Per
3078 1016 3324 1074 eamdem
3353 1019 3481 1074 item
3517 1018 3671 1074 Scri-

2100 1114 2275 1176 ptura:
2295 1106 2404 1161 vim
2442 1107 2709 1164 festinans
2738 1108 2806 1162 ad
2833 1109 3109 1178 sponsalia
3127 1110 3294 1164 etiam
3323 1108 3517 1176 Jacob,
3547 1111 3671 1166 ino-

2085 1200 2273 1270 pinato
2294 1200 2361 1253 ad
2380 1209 2598 1270 puteum
2618 1200 2834 1255 obviam
2860 1201 3037 1257 factus
3053 1213 3135 1257 est
3158 1202 3381 1259 Racheli
3404 1204 3468 1259 ".
3494 1205 3672 1275 lmpm

2086 1294 2251 1347 situm
2287 1300 2469 1348 autem
2496 1302 2615 1348 erat
2641 1302 2806 1364 puteo
2834 1310 3027 1349 saxum
3058 1311 3317 1367 magnum
3341 1338 3356 1362 ,
3391 1297 3537 1368 quod
3576 1297 3670 1351 ubi

2085 1395 2263 1442 cmtus
2307 1396 2591 1456 pastorum
2632 1388 3005 1454 convenisset,
3050 1390 3347 1454 revolvere,
3372 1405 3438 1445 ac
3466 1391 3548 1446 sic
3576 1390 3675 1446 de-

2087 1477 2216 1533 inde
2251 1486 2305 1532 et
2334 1479 2440 1533 sibi
2481 1487 2537 1534 et
2565 1479 2762 1535 ovibus
2807 1494 3005 1550 aquam
3044 1480 3265 1537 haurire
3300 1482 3571 1538 solebant.
3602 1484 3675 1537 At

2085 1568 2256 1626 Jacoh
2289 1571 2443 1626 solus
2486 1579 2704 1627 amovet
2751 1587 2969 1638 saxum,
3004 1588 3070 1628 ac
3114 1583 3246 1645 potu
3306 1589 3523 1645 sponsae
3559 1591 3678 1632 sum

2087 1661 2263 1717 reficit
2289 1677 2440 1719 oves.
2474 1662 2751 1736 Aﬁnigma,
2788 1666 3002 1736 opinor,
3026 1679 3089 1721 ea
3124 1680 3213 1721 res
3234 1666 3444 1737 (erat),
3469 1674 3525 1723 et
3555 1683 3674 1722 um-

2088 1755 2185 1809 bra
2219 1752 2411 1810 futuri.
2453 1754 2590 1821 Quis
2617 1757 2764 1811 enim
2814 1757 3102 1828 impositus
3139 1758 3278 1828 lapis
3311 1759 3453 1815 alius
3509 1770 3673 1830 atque

397 1867 459 1903 ou
469 1847 692 1919 ργικῶν·
750 1847 895 1902 οὑτω
915 1847 1115 1911 παντὸς
1136 1846 1393 1901 ἐπέκεινα
1416 1846 1713 1920 θαύματος,
1738 1846 1797 1914 ἐξ
1818 1847 1986 1917 ἀνυμ-

2096 1848 2206 1917 ipse
2250 1847 2556 1904 Christus?
2590 1847 2666 1903 De
2724 1865 2836 1920 quo
2898 1850 3033 1905 dicit
3065 1851 3281 1906 Isaias:
3346 1850 3417 1905 Et
3463 1851 3670 1905 immit-

400 1941 600 2012 φεύτου
637 1940 905 2013 παρθένου
942 1940 1099 1994 τόκον
1123 1939 1377 2009 ὀφθῆναι.

403 2046 673 2101 noratum,
699 2037 925 2091 electum
949 2034 1016 2087 ’⁸.
1054 2033 1122 2088 Ει
1145 2032 1335 2089 Daniel
1360 2032 1648 2089 similiter:
1680 2031 1866 2089 Sectus
1911 2046 1989 2087 est
2028 2032 2166 2102 lapis
2223 2032 2417 2106 absque
2463 2051 2627 2090 manu
2650 2037 2715 2101 η,

2091 1950 2200 1995 tam
2242 1942 2307 1996 in
2339 1942 2693 2012 fundamenta
2730 1944 2862 1999 Sion
2912 1944 3139 2014 lapidem
3186 1944 3479 2016 pretiosum
3504 1984 3521 2010 ,
3574 1944 3673 1999 lio-

2769 2035 2823 2091 id
2863 2044 2993 2100 est,
3066 2035 3239 2093 Natus
3285 2046 3370 2093 est
3419 2037 3673 2092 Christus

402 2133 611 2202 absque
639 2132 780 2187 viro.
817 2128 888 2186 Ut
912 2129 1058 2185 enim
1094 2143 1313 2192 novum.
1357 2129 1664 2185 inauditum
1694 2140 1748 2183 et
1781 2129 2098 2185 inusitatum
2129 2139 2235 2195 est,
2262 2130 2499 2200 lapidem
2534 2130 2605 2185 ab
2644 2145 2781 2201 rupe
2810 2130 3059 2187 abseindi
3088 2132 3209 2187 sine
3246 2146 3413 2202 opera
3459 2132 3671 2199 latomi,

401 2232 569 2296 atque
599 2220 985 2278 instrumentis
1007 2220 1282 2275 latomicis
1308 2236 1322 2275 :
1358 2220 1435 2275 ita
1466 2229 1692 2283 superat
1728 2235 1893 2275 omne
1924 2219 2270 2283 miraculum,
2297 2220 2468 2275 videri
2504 2227 2722 2291 partum
2750 2235 2812 2277 ex
2843 2221 3056 2293 virgine
3090 2222 3346 2293 innupta.
3404 2206 3415 2227 ³

486 2412 770 2467 Ἐπέκειτο
798 2410 977 2465 τοίνυν
1004 2409 1084 2480 τῷ
1122 2410 1318 2481 φρέατι
1346 2410 1375 2462 6
1416 2408 1563 2473 λίθος
1589 2410 1618 2462 ὁ
1647 2407 1835 2479 νοητὸς
1860 2409 1994 2479 Χρι-

406 2506 560 2572 στὸς,
594 2503 855 2576 κρύπτων
880 2504 940 2557 ἐν
973 2502 1126 2573 βάθει
1154 2504 1246 2556 καὶ
1276 2501 1560 2574 μυστηρίῳ
1580 2500 1641 2556 τὸ
1668 2501 1766 2573 τῆς
1795 2500 1994 2567 παλιγ-

405 2597 655 2667 γενεσίας
713 2594 958 2665 λουτρὸν,
1017 2594 1097 2647 ἔτι
1127 2594 1321 2665 χρόνου
1364 2593 1560 2647 πολλοῦ
1606 2593 1856 2665 δεόμενον
1918 2593 1998 2654 είς

404 2688 750 2759 ἀποκάλυψιν
789 2687 865 2750 ὡς
896 2685 1132 2756 σχοινίου
1166 2685 1401 2757 μακροῦ.
1434 2684 1627 2750 Οὐδεὶς
1654 2685 1708 2738 δὲ
1734 2685 1825 2738 τὸν
1853 2682 1999 2737 λίθον

405 2780 758 2848 ἀπεκύλισεν,
799 2782 850 2834 εί
878 2779 954 2851 μὴ
998 2777 1236 2849 Ἰσραὴλ,
1261 2778 1319 2841 ὃς
1351 2779 1469 2830 ἐστι
1513 2760 1637 2841 νοῦς
1670 2776 1812 2848 ὁρῷν
1837 2776 1989 2829 Θεόν.

421 2873 582 2927 Ἀλλὰ
602 2872 698 2927 καὶ
726 2872 987 2943 ἀνιμᾶται
1010 2870 1071 2923 τὸ
1100 2870 1264 2940 ὕδωρ,
1291 2870 1386 2924 καὶ
1412 2868 1621 2933 ποτίζει
1650 2867 1991 2938 τὰπρόϐατα

407 2967 510 3039 τῆς
551 2965 778 3038 Ῥαχὴλ,
811 2963 1081 3029 τουτέστι,
1122 2965 1419 3034 μυστήριον
1457 2956 1837 3034 κεκρυμμένον
1857 2962 1992 3015 ἀποο

409 3058 654 3129 καλύψας
666 3058 847 3111 δίδωσι
867 3054 1096 3119 ζωτικὸν
1112 3055 1255 3128 ὓδωρ
1268 3057 1334 3126 τῇ
1348 3055 1520 3126 ἀγέλῃ
1533 3054 1629 3124 τῆς
1646 3052 1989 3123 Ἐκκλησίας.

408 3149 521 3204 Καὶ
536 3147 597 3202 τὸ
621 3146 730 3200 τῶν
750 3144 916 3217 τριῶν
940 3143 1149 3215 ῥάϐδων
1170 3142 1263 3195 τοῦ
1295 3142 1486 3196 Ἰακὼϐ
1503 3139 1757 3209 πρόσθες.
1789 3141 1907 3209 Ἀφ’
1932 3128 1995 3193 οὗ

2159 2402 2454 2475 lmpositus
2488 2404 2656 2475 igitur
2715 2413 2835 2458 erat
2897 2413 3063 2476 puteo
3112 2404 3289 2476 lapis,
3344 2406 3439 2476 qui
3492 2419 3675 2464 mente

2088 2498 2338 2552 cernitur
2366 2495 2642 2561 Christus,
2701 2497 3048 2553 abscondens
3107 2497 3163 2551 in
3194 2496 3473 2568 profundo
3511 2510 3676 2571 atque

2092 2587 2362 2658 mysterio
2412 2588 2697 2643 lavacrum
2752 2590 3212 2659 regenerationis,
3282 2591 3428 2661 quod
3493 2592 3674 2648 adhuc

2094 2682 2271 2736 multo
2314 2687 2584 2751 tempore,
2620 2688 2885 2752 tanquam
2938 2682 3103 2753 longo
3161 2680 3315 2747 fune,
3366 2684 3435 2738 ad
3465 2687 3678 2741 revela-

2095 2772 2300 2829 tionem
2354 2786 2494 2843 Opus
2521 2772 2781 2829 habebat.
2814 2771 2986 2829 Nemo
3018 2786 3199 2829 autem
3256 2774 3492 2846 lapidem
3522 2760 3677 2832 amo-

2095 2865 2276 2927 vehat,
2297 2864 2403 2920 nisi
2430 2866 2617 2929 Israel,
2641 2880 2761 2936 quae
2782 2873 2873 2921 est
2893 2880 3048 2927 mens
3065 2866 3256 2922 videns
3280 2866 3469 2923 Deum.
3500 2867 3674 2934 Quin-

2098 2958 2265 3012 etiam
2295 2956 2478 3011 haurit
2521 2972 2742 3028 aquam,
2772 2968 2827 3013 et
2858 2964 3043 3028 potum
3087 2959 3292 3028 praebet
3336 2960 3535 3017 ovibus
3561 2960 3674 3013 lla-

2107 3048 2305 3113 chelis,
2332 3048 2436 3104 hoc
2465 3057 2573 3113 est,
2604 3051 2887 3121 mysterio,
2906 3051 3077 3121 'qnod
3123 3051 3504 3108 absconditum
3531 3065 3671 3119 erat,

2100 3140 2361 3205 revelato,
2406 3140 2499 3196 dat
2540 3155 2737 3211 aquam
2769 3141 2989 3199 vitalem
3024 3140 3285 3200 Ecclesia:
3317 3145 3492 3217 gregi.
3521 3146 3675 3202 Adde

409 3246 520 3313 γὰρ
552 3242 609 3295 αἱ
642 3241 791 3310 τρεῖς
824 3236 1010 3308 ῥάϐδοι
1048 3237 1113 3306 τῇ
1145 3236 1295 3305 πηγῇ
1325 3233 1725 3304 παρετέθησαν,
1772 3232 1836 3286 ἐκ
1866 3232 1989 3285 τότε

2096 3232 2201 3288 huc
2256 3234 2425 3287 trium
2462 3233 2738 3304 virgarum
2785 3233 2974 3297 Jacobi
3009 3251 3124 3292 rem
3176 3245 3411 3307 gestam.
3450 3239 3529 3293 Ex
3563 3256 3675 3310 quo

408 3334 441 3386 6
472 3332 657 3386 Λάϐαν
683 3332 712 3384 6
742 3327 1023 3391 πολύθεος,
1056 3327 1226 3395 πένης
1255 3325 1492 3392 ἐγένετο,
1532 3324 1784 3385 πλούσιος
1812 3322 1868 3376 δὲ
1900 3323 1994 3376 καὶ

411 3422 717 3496 πολύαρνος
772 3419 989 3477 Ἰακώϐ.
1034 3416 1485 3488 Ἀλληγορηθήτω
1525 3415 1582 3468 δὲ
1627 3417 1655 3468 6
1702 3414 1887 3469 Λάϐαν
1916 3416 1996 3477 είς

410 3517 505 3571 τὸν
553 3513 817 3577 διάϐολον,
863 3512 957 3565 καὶ
992 3513 1022 3565 6
1063 3508 1257 3563 Ἰακὼϐ
1294 3509 1375 3570 εἰς
1428 3506 1519 3560 τὸν
1549 3506 1802 3573 Χριστόν.
1842 3504 1997 3559 Μετὰ

413 3606 524 3676 γάρ
559 3604 623 3660 τὸ
669 3603 972 3676 βάπτισμα,
1022 3600 1257 3674 Χριστὸς
1287 3601 1468 3655 πᾶσαν
1515 3595 1618 3671 ἦρε
1665 3598 1763 3669 τὴν
1797 3597 1996 3666 ἀγέλην

413 3700 508 3755 τοῦ
539 3699 759 3753 Σατανᾶ
778 3740 792 3764 ,
829 3698 923 3751 καὶ⁸
954 3694 1440 3767 αὑτδςέπλοὺτησε.
1472 3692 1714 3762 Μωῦσῆς
1751 3691 1808 3745 δέ
1833 3693 1861 3744 ὁ
1897 3689 1996 3761 μέο

414 3808 539 3861 γας.
575 3784 771 3862 βρέφος
820 3789 1080 3860 ὑπάρχων
1113 3788 1325 3841 ἀστεῖον
1359 3786 1454 3839 καὶ
1503 3781 1825 3855 ὑπομάζιον,
1860 3783 1998 3836 ὑπο-

413 3882 600 3938 πεσὼν
624 3885 691 3954 τῇ
736 3883 888 3952 κοινῇ
920 3882 1016 3935 καὶ
1044 3879 1341 3952 σκυθρωπῇ
1368 3878 1554 3948 ψήφῳ,
1599 3876 1668 3948 ἢν
1703 3876 1733 3930 6
1764 3874 1998 3946 σκληρὸς

414 3973 615 4045 Φαραὼ
662 3973 804 4028 κατὰ
829 3973 938 4027 τῶν
984 3970 1199 4044 βρεφῶν
1228 3970 1337 4024 τῶν
1387 3968 1633 4041 ἀρῤένων
1683 3967 1995 4039 ἐξήνεγκεν,

417 4066 639 4138 ἐξετέθη
678 4065 817 4138 πρὸς
857 4068 980 4129 ταῖς
1011 4064 1198 4137 ὄχθαις
1239 4062 1334 4116 τοῦ
1374 4061 1642 4132 ποταμοῦ,
1672 4062 1731 4114 οὐ
1772 4061 1997 4132 γυμνὸς,

418 4158 533 4214 ἀλλ’
559 4159 851 4230 ἐμϐληθεὶς
870 4158 1122 4231 λάρνακι.
1161 4156 1308 4209 Ἔδει
1337 4154 1446 4225 γὰρ
1480 4150 1618 4208 εἶναι
1644 4153 1888 4217 τυπικῶς
1910 4152 2000 4206 τὸν

419 4249 583 4319 νόμον
621 4249 679 4303 ἐν
708 4246 944 4319 κιϐωτῷ.
1009 4245 1207 4315 Ἑγγὺς
1234 4245 1291 4299 δὲ
1336 4242 1605 4314 κατετέθη
1650 4240 1744 4297 τοῦ
1785 4243 1997 4307 ὕδατος.

419 4339 636 4409 Γειτνιᾷ
656 4337 764 4409 γὰρ
794 4338 824 4389 6
852 4336 1015 4407 νόμος
1049 4338 1116 4407 τῇ
1146 4336 1330 4406 χάριτι
1352 4351 1365 4365 ·
1398 4334 1493 4387 καὶ
1526 4334 1594 4387 τὰ
1623 4335 1873 4406 ἐφήμερα
1893 4332 2001 4387 τῶν

432 4430 701 4503 Ἑϐραίων
740 4427 1106 4500 ραντίσματα,
1132 4427 1168 4483 ἃ.
1214 4427 1407 4499 μικρὸν
1446 4427 1674 4498 ὕστερον
1707 4425 1898 4497 ἔμελλε
1922 4422 2002 4495 τῷ

418 4521 608 4592 τελείῳ
632 4521 726 4573 καὶ
743 4518 1038 4591 θαυμαστῷ
1059 4518 1390 4590 βαπτίσματι
1415 4516 1878 4587 καλυφθήσεσθαι.
1914 4512 2002 4580 Ὠς

2097 3326 2241 3380 enim
2277 3333 2391 3380 tres
2446 3324 2552 3379 illa!
2579 3325 2746 3396 virgae
2800 3325 2938 3381 fonti
2997 3328 3261 3397 apposita:
3307 3338 3455 3392 sunt,
3505 3346 3573 3384 ex
3607 3346 3674 3385 eo

2098 3421 2341 3495 tempore
2361 3413 2546 3469 Laban
2570 3414 2659 3469 ille
2689 3414 2983 3475 multorum
3006 3415 3234 3472 deorum
3282 3418 3677 3488 superstitione

2098 3505 2423 3576 implicitus,
2480 3519 2687 3576 pauper
2742 3507 2949 3572 evasit;
2980 3506 3153 3564 Jacob
3192 3519 3372 3564 autem
3404 3508 3567 3565 ditari
3617 3522 3675 3566 et

2098 3597 2257 3668 agnis
2289 3597 2576 3653 abundare
2621 3598 2882 3669 coepit”.
2928 3599 3239 3670 Allegorico
3276 3610 3457 3656 autem
3507 3619 3676 3659 sensu

2097 3687 2286 3745 Laban
2315 3690 2381 3744 ad
2416 3690 2716 3756 diabolum,
2759 3689 2930 3747 Jacob
2964 3692 3031 3747 ad
3066 3692 3349 3749 Christum
3380 3694 3673 3750 referatur.

2096 3777 2233 3833 Nam
2262 3786 2389 3850 post
2441 3780 2711 3851 baptisma
2751 3781 3010 3847 Christus
3044 3798 3262 3841 omnem
3310 3786 3514 3842 diaboli
3550 3804 3676 3859 gre-

2099 3887 2219 3943 gem
2245 3872 2491 3941 abstulit,
2519 3881 2574 3930 et
2602 3874 2720 3945 ipse
2752 3875 2962 3932 ditatus
2988 3885 3094 3935 est.
3122 3876 3337 3950 Moyses
3369 3888 3552 3935 autem
3585 3882 3676 3934 ille

2099 3978 2352 4033 magnus,
2377 3979 2505 4020 cum
2538 3980 2675 4035 puer
2713 3967 2888 4023 scitus
2927 3976 2984 4024 et
3009 3970 3249 4040 elegans,
3300 3977 3465 4041 atque
3508 3972 3676 4026 etiam

2098 4068 2248 4108 nunc
2270 4052 2374 4111 sub
2396 4055 2660 4112 uberibus
2686 4064 2853 4122 esset,
2885 4059 3163 4113 communi
3194 4074 3257 4115 ae
3280 4060 3422 4115 tristi
3452 4069 3678 4116 senten-

2098 4144 2222 4212 tiae,
2258 4160 2421 4216 quam
2469 4146 2642 4202 durus
2695 4146 2789 4201 ille
2840 4144 3056 4202 Pharao
3112 4147 3376 4204 adversus
3438 4150 3677 4206 infantes

2101 4237 2380 4293 masculos
2404 4238 2624 4303 tulerat,
2652 4237 2961 4307 subjectus,
2996 4240 3283 4310 expositus
3309 4248 3394 4296 est
3428 4240 3496 4295 ad
3530 4242 3678 4311 ripas

2102 4330 2303 4397 amnis,
2338 4344 2444 4384 non
2504 4328 2709 4394 nudus,
2741 4331 2835 4385 sed
2869 4330 3023 4385 cista:
3076 4332 3366 4402 impositus
3396 4332 3467 4386 ¹¹.
3499 4331 3677 4404 Opor—

2103 4422 2251 4477 tehat
2279 4423 2425 4479 enim
2470 4422 2643 4495 legem
2669 4424 2851 4494 typice
2878 4432 2933 4479 et
2960 4425 3254 4495 allegorice
3282 4441 3406 4481 esse
3439 4427 3496 4481 in
3527 4442 3677 4483 arca.

2103 4513 2284 4585 Prope
2329 4531 2528 4586 aquam
2582 4528 2763 4571 autem
2826 4516 3110 4588 depositus
3136 4527 3243 4573 est.
3280 4516 3473 4574 Vicina
3530 4520 3681 4576 enim

422 4613 481 4666 δέ
507 4584 704 4682 Παύλῳ
734 4610 812 4681 τῷ
851 4584 1123 4681 θεσπεσίῳ
1158 4584 1322 4674 δοκεῖ,
1354 4611 1447 4664 καὶ
1476 4611 1505 4663 ὁ
1533 4584 1662 4671 λαὸς
1699 4607 1862 4673 αὑτὸς
1897 4607 1993 4679 τὴν

2103 4584 2292 4677 gratia:
2324 4584 2410 4662 lex
2439 4615 2545 4673 est,
2567 4615 2623 4663 et
2653 4584 2988 4679 quotidianae
3019 4608 3372 4665 Hebraeorum
3404 4613 3684 4683 aspersio-

435 4705 699 4776 Ἐρυθρὰν
725 4702 1049 4774 περαιωθεὶς
1078 4703 1373 4767 θάλασσαν,
1399 4702 1495 4772 τὴν
1515 4702 1573 4769 ἐξ
1599 4700 1789 4764 ὓδατος
1819 4718 1996 4771 σωτη-

420 4796 546 4869 ρίαν
594 4793 1003 4866 εὑηγγελίσατο.
1050 4793 1333 4865 Παρῆλθεν
1366 4795 1394 4845 6
1423 4793 1571 4857 λαὸς,
1602 4792 1697 4847 καὶ⁷
1748 4791 1999 4862 βασιλεὺς

420 4891 450 4943 6
480 4886 777 4957 Αίγύπτιος
818 4885 955 4957 μετὰ
981 4885 1081 4957 τῆς
1120 4886 1376 4957 στρατιᾶς
1403 4884 1679 4955 ἐϐυθίσθη,
1716 4883 1810 4937 καὶ
1841 4882 2000 4936 τοῦτο

420 4980 482 5033 τὸ
513 4979 812 5050 μυστήριον
837 4977 925 5031 διὰ
949 4976 1059 5030 τῶν
1095 4975 1271 5049 ἔργων
1309 4976 1729 5048 προεφήτεύετο.
1762 4975 1872 5028 Καὶ
1904 4974 2001 5030 νῦν

421 5072 551 5142 γὰρ,
591 5067 754 5141 ἡνίκα
781 5066 847 5122 ἂν
870 5069 899 5119 6
922 5066 1049 5129 λαὸς
1076 5068 1133 5119 ἐν
1155 5065 1233 5136 τῷ
1264 5064 1363 5134 τῆς
1401 5062 1818 5133 παλιγγενεσίας
1847 5060 2001 5116 ὕδατι

421 5162 666 5231 γένηται,
703 5157 920 5227 φεύγων
941 5156 1039 5227 τὴν
1068 5155 1363 5223 Αἴγυπτον,
1385 5153 1483 5225 τὴν
1520 5152 1797 5225 μοχθηράν
1820 5153 2001 5223 ἁμαρ-

421 5253 565 5316 τίαν,
597 5250 760 5314 αὑτδς
789 5250 887 5321 μὲν
915 5246 1291 5320 ἐλευθεροῦται
1314 5246 1409 5299 καὶ
1426 5244 1677 5308 σώζεται,
1694 5246 1723 5298 6
1742 5244 1797 5298 δὲ
1820 5242 2003 5297 διάϐο-

422 5344 513 5406 λος
538 5344 675 5413 μετὰ
704 5342 811 5396 τῶν
844 5341 991 5395 ἰδίων
1020 5338 1308 5410 ὑπηρετῶν
1333 5337 1498 5409 (λέγω
1519 5335 1584 5407 δὴ
1612 5336 1722 5388 τῶν
1751 5334 2002 5407 πνευμά-

424 5454 532 5490 των
562 5438 661 5507 τῆς
703 5433 988 5506 πονηρίας)
1024 5432 1387 5501 ἁποπνίγεται
1430 5433 1499 5501 τῇ
1533 5428 1680 5500 λύπῃ
1710 5429 1806 5483 καὶ
1848 5428 2004 5498 φθεί-

428 5542 603 5591 ρεται,
644 5525 928 5596 συμφοράν
969 5522 1107 5578 ἰδίαν
1132 5521 1230 5594 τὴν
1252 5523 1360 5577 τῶν
1384 5520 1687 5593 ἀνθρώπων
1729 5520 2003 5593 σωτηρίαν

503 5730 544 5759 ¹⁷
581 5727 716 5783 Gen.
777 5742 930 5787 xxrx,
971 5726 1005 5781 9
1041 5740 1163 5796 sqq.
1268 5725 1312 5758 ¹⁸
1343 5724 1450 5781 lsa.
1484 5740 1692 5785 xxvm.
1731 5720 1819 5796 16:

427 5798 465 5854 3
492 5815 613 5871 ειη.
690 5799 734 5831 ⁸³
775 5797 950 5853 lCor.
992 5813 1047 5863 χ,
1083 5798 1109 5851 1
1154 5811 1280 5869 sqq.

1922 5722 1965 5753 η
2007 5720 2141 5779 Dan.
2189 5740 2247 5792 ll,
2292 5723 2382 5781 45.

1358 5797 1403 5828 ’³
1436 5796 1609 5853 Exod.
1640 5810 1756 5863 xw,
1785 5793 1856 5848 92
1887 5808 2008 5863 sqq.

2104 4714 2203 4753 nes
2237 4717 2251 4752 :
2283 4713 2423 4768 quie,
2458 4698 2623 4768 paulo
2680 4706 2804 4768 post
2851 4699 3093 4755 futurum
3143 4710 3263 4756 erat
3317 4710 3379 4757 ut
3435 4702 3683 4773 perfecto

2101 4802 2266 4859 atque
2321 4788 2642 4845 admirando
2680 4789 3008 4861 baptismate
3065 4792 3467 4863 obtegerentur.
3503 4795 3681 4865 Atque

2102 4890 2165 4937 ut
2194 4882 2382 4937 divino
2411 4881 2582 4938 Paulo
2614 4884 2914 4949 videtur”,
2950 4886 3112 4940 etiam
3146 4886 3383 4956 populus
3411 4887 3547 4957 ipse,
3581 4887 3677 4958 qui

2103 4973 2351 5030 Rubrum
2386 4992 2537 5033 mare
2563 4978 2838 5042 transivit,
2875 4994 3018 5041 eam,
3052 4994 3173 5047 qua:
3201 4993 3266 5035 ex
3292 4993 3433 5049 aqua
3462 4980 3678 5035 contin-

2106 5067 2203 5137 git,
2231 5068 2463 5123 salutem
2486 5070 2853 5124 annuntiavit.
2887 5066 3170 5126 Transivit
3212 5074 3469 5141 populus,
3500 5080 3556 5127 et
3582 5088 3682 5128 rex

2108 5156 2401 5230 Egyptius
2431 5175 2555 5214 cum
2579 5161 2826 5216 exercitu
2847 5160 3170 5219 submersus
3196 5170 3283 5218 est
3303 5163 3370 5228 “,
3393 5169 3448 5219 et
3477 5172 3681 5236 myste-

2109 5252 2251 5307 rium
2284 5266 2383 5322 per
2409 5266 2574 5321 opera
2605 5251 3024 5321 praedicebatur.
3048 5252 3261 5309 Etenim
3286 5270 3433 5311 nunc
3460 5257 3681 5328 quando

2109 5342 2346 5413 populus
2402 5342 2616 5412 fugiens
2675 5342 3005 5415 Egyptum,
3057 5345 3364 5416 improbum
3422 5347 3683 5420 (scilicet)

2109 5439 2416 5499 peccatum,
2453 5430 2510 5486 in
2566 5446 2705 5503 aqua
2757 5434 3187 5505 regenerationis
3249 5446 3521 5501 versatur.
3563 5440 3681 5509 ipse

2109 5522 2328 5593 quidem
2367 5522 2632 5580 liberatur
2683 5532 2739 5581 et
2778 5532 3032 5583 servatur
3055 5542 3077 5594 ;
3100 5525 3355 5585 diabolus
3392 5544 3524 5586 vero
3553 5544 3679 5585 cum

2481 5727 2526 5759 ²⁰
2572 5725 2708 5785 Gen.
2764 5744 2891 5797 xxx,
2927 5726 2997 5782 27
3033 5742 3155 5800 sqq.
3233 5729 3275 5761 “
3318 5724 3493 5783 Exod.
3544 5741 3677 5796 χιιι,

3685 3668 3715 3687 θ
