  <div class='ocr_page' id='page_1' title='image "/cluster/home/n/w/nwhite01/storage/ocr_20150623/46/nnc1.0046978380/303.png"; bbox 0 0 4154 6354; ppageno 0'>
   <div class='ocr_carea' id='block_1_1' title="bbox 499 368 603 426">
    <p class='ocr_par' dir='ltr' id='par_1_1' title="bbox 499 368 603 426">
     <span class='ocr_line' id='line_1_1' title="bbox 499 368 603 426; baseline -0.019 0"><span class='ocrx_word' id='word_1_1' title='bbox 499 368 603 426; x_wconf 73' lang='grc'><strong>591</strong></span> 
     </span>
    </p>
   </div>
   <div class='ocr_carea' id='block_1_2' title="bbox 1718 350 2481 427">
    <p class='ocr_par' dir='ltr' id='par_1_2' title="bbox 1718 350 2481 427">
     <span class='ocr_line' id='line_1_2' title="bbox 1718 350 2481 427; baseline -0.004 -1"><span class='ocrx_word' id='word_1_2' title='bbox 1718 350 1721 353; x_wconf 59' lang='grc'><em>“</em></span> <span class='ocrx_word' id='word_1_3' title='bbox 1754 371 1812 426; x_wconf 89' lang='lat' dir='ltr'><strong>s.</strong></span> <span class='ocrx_word' id='word_1_4' title='bbox 1842 369 2167 427; x_wconf 76' lang='lat' dir='ltr'><strong>GREGORH</strong></span> <span class='ocrx_word' id='word_1_5' title='bbox 2188 369 2481 425; x_wconf 66' lang='lat' dir='ltr'><strong>nrssm</strong></span> 
     </span>
    </p>
   </div>
   <div class='ocr_carea' id='block_1_3' title="bbox 3666 373 3771 432">
    <p class='ocr_par' dir='ltr' id='par_1_3' title="bbox 3666 373 3771 432">
     <span class='ocr_line' id='line_1_3' title="bbox 3666 373 3771 432; baseline -0.019 -2"><span class='ocrx_word' id='word_1_6' title='bbox 3666 373 3771 432; x_wconf 73' lang='lat'><strong>592</strong></span> 
     </span>
    </p>
   </div>
   <div class='ocr_carea' id='block_1_4' title="bbox 504 488 2099 566">
    <p class='ocr_par' dir='ltr' id='par_1_4' title="bbox 504 492 2086 564">
     <span class='ocr_line' id='line_1_4' title="bbox 504 492 2086 564; baseline -0.001 -15"><span class='ocrx_word' id='word_1_7' title='bbox 504 492 624 549; x_wconf 85' lang='lat' dir='ltr'><strong>suis</strong></span> <span class='ocrx_word' id='word_1_8' title='bbox 664 492 932 549; x_wconf 74' lang='lat' dir='ltr'><strong>ministris</strong></span> <span class='ocrx_word' id='word_1_9' title='bbox 961 492 1053 563; x_wconf 87' lang='lat' dir='ltr'><strong>(de</strong></span> <span class='ocrx_word' id='word_1_10' title='bbox 1084 493 1369 564; x_wconf 73' lang='lat' dir='ltr'><strong>spiritibus</strong></span> <span class='ocrx_word' id='word_1_11' title='bbox 1404 493 1663 549; x_wconf 78' lang='lat' dir='ltr'><strong>nimirum</strong></span> <span class='ocrx_word' id='word_1_12' title='bbox 1712 494 1976 564; x_wconf 82' lang='lat' dir='ltr'><strong>improbis</strong></span> <span class='ocrx_word' id='word_1_13' title='bbox 2007 495 2086 548; x_wconf 83' lang='lat' dir='ltr'><strong>lo—</strong></span> 
     </span>
    </p>
   </div>
   <div class='ocr_carea' id='block_1_5' title="bbox 2200 488 3775 566">
    <p class='ocr_par' dir='ltr' id='par_1_5' title="bbox 2200 488 3775 565">
     <span class='ocr_line' id='line_1_5' title="bbox 2200 488 3775 565; baseline 0.001 -19"><span class='ocrx_word' id='word_1_14' title='bbox 2200 496 2511 565; x_wconf 78' lang='grc' dir='ltr'>ἡγούμενος.</span> <span class='ocrx_word' id='word_1_15' title='bbox 2559 492 2740 547; x_wconf 86' lang='grc' dir='ltr'>Ἱκανά</span> <span class='ocrx_word' id='word_1_16' title='bbox 2776 493 2873 565; x_wconf 81' lang='grc' dir='ltr'><strong>μὲν</strong></span> <span class='ocrx_word' id='word_1_17' title='bbox 2904 488 2996 546; x_wconf 82' lang='grc' dir='ltr'>οὖν</span> <span class='ocrx_word' id='word_1_18' title='bbox 3033 494 3126 548; x_wconf 77' lang='grc' dir='ltr'><strong>καὶ</strong></span> <span class='ocrx_word' id='word_1_19' title='bbox 3165 492 3337 549; x_wconf 88' lang='grc' dir='ltr'>ταῦτα</span> <span class='ocrx_word' id='word_1_20' title='bbox 3376 495 3453 557; x_wconf 81' lang='grc' dir='ltr'>εἰς</span> <span class='ocrx_word' id='word_1_21' title='bbox 3484 493 3775 565; x_wconf 85' lang='grc' dir='ltr'>βεϐαίωσιν</span> 
     </span>
    </p>
   </div>
   <div class='ocr_carea' id='block_1_6' title="bbox 503 582 2083 656">
    <p class='ocr_par' dir='ltr' id='par_1_6' title="bbox 503 582 2083 656">
     <span class='ocr_line' id='line_1_6' title="bbox 503 582 2083 656; baseline 0.001 -18"><span class='ocrx_word' id='word_1_22' title='bbox 503 582 666 656; x_wconf 89' lang='lat' dir='ltr'><strong>quor)</strong></span> <span class='ocrx_word' id='word_1_23' title='bbox 705 585 875 649; x_wconf 88' lang='lat' dir='ltr'><strong>animi</strong></span> <span class='ocrx_word' id='word_1_24' title='bbox 927 584 1116 640; x_wconf 88' lang='lat' dir='ltr'><strong>dolore</strong></span> <span class='ocrx_word' id='word_1_25' title='bbox 1165 586 1486 648; x_wconf 77' lang='lat' dir='ltr'><strong>suffocatur,</strong></span> <span class='ocrx_word' id='word_1_26' title='bbox 1536 595 1590 640; x_wconf 88' lang='lat' dir='ltr'><strong>et</strong></span> <span class='ocrx_word' id='word_1_27' title='bbox 1638 585 1950 650; x_wconf 76' lang='lat' dir='ltr'><strong>conﬁcitur,</strong></span> <span class='ocrx_word' id='word_1_28' title='bbox 1983 600 2083 656; x_wconf 89' lang='lat' dir='ltr'><strong>pro</strong></span> 
     </span>
    </p>
   </div>
   <div class='ocr_carea' id='block_1_7' title="bbox 412 676 2083 745">
    <p class='ocr_par' dir='ltr' id='par_1_7' title="bbox 412 676 2083 745">
     <span class='ocr_line' id='line_1_7' title="bbox 412 676 2083 745; baseline 0 -13"><span class='ocrx_word' id='word_1_29' title='bbox 412 682 415 685; x_wconf 86' lang='grc'><em>’</em></span> <span class='ocrx_word' id='word_1_30' title='bbox 505 692 607 732; x_wconf 85' lang='lat' dir='ltr'><strong>sua</strong></span> <span class='ocrx_word' id='word_1_31' title='bbox 670 676 985 731; x_wconf 92' lang='lat' dir='ltr'><strong>calamitate</strong></span> <span class='ocrx_word' id='word_1_32' title='bbox 1033 676 1315 730; x_wconf 88' lang='lat' dir='ltr'><strong>hominum</strong></span> <span class='ocrx_word' id='word_1_33' title='bbox 1368 678 1602 732; x_wconf 80' lang='lat' dir='ltr'><strong>salutem</strong></span> <span class='ocrx_word' id='word_1_34' title='bbox 1635 677 1864 733; x_wconf 82' lang='lat' dir='ltr'><strong>ducens.</strong></span> <span class='ocrx_word' id='word_1_35' title='bbox 1906 680 2083 745; x_wconf 85' lang='lat' dir='ltr'><strong>Atque</strong></span> 
     </span>
    </p>
   </div>
   <div class='ocr_carea' id='block_1_8' title="bbox 503 766 2084 837">
    <p class='ocr_par' dir='ltr' id='par_1_8' title="bbox 503 766 2084 837">
     <span class='ocr_line' id='line_1_8' title="bbox 503 766 2084 837; baseline 0 -16"><span class='ocrx_word' id='word_1_36' title='bbox 503 771 669 822; x_wconf 88' lang='lat' dir='ltr'><strong>etiam</strong></span> <span class='ocrx_word' id='word_1_37' title='bbox 703 769 818 821; x_wconf 69' lang='lat' dir='ltr'><strong>haec</strong></span> <span class='ocrx_word' id='word_1_38' title='bbox 842 766 1066 837; x_wconf 84' lang='lat' dir='ltr'><strong>quidem</strong></span> <span class='ocrx_word' id='word_1_39' title='bbox 1099 768 1260 823; x_wconf 89' lang='lat' dir='ltr'><strong>nobis</strong></span> <span class='ocrx_word' id='word_1_40' title='bbox 1290 768 1356 821; x_wconf 89' lang='lat' dir='ltr'><strong>ad</strong></span> <span class='ocrx_word' id='word_1_41' title='bbox 1391 766 1862 823; x_wconf 77' lang='lat' dir='ltr'><strong>conﬁrmationem</strong></span> <span class='ocrx_word' id='word_1_42' title='bbox 1888 783 2084 837; x_wconf 82' lang='lat' dir='ltr'><strong>propo-</strong></span> 
     </span>
    </p>
   </div>
   <div class='ocr_carea' id='block_1_9' title="bbox 503 858 2081 929">
    <p class='ocr_par' dir='ltr' id='par_1_9' title="bbox 503 858 2081 929">
     <span class='ocr_line' id='line_1_9' title="bbox 503 858 2081 929; baseline -0.001 -14"><span class='ocrx_word' id='word_1_43' title='bbox 503 861 594 915; x_wconf 88' lang='lat' dir='ltr'><strong>siti</strong></span> <span class='ocrx_word' id='word_1_44' title='bbox 634 868 902 915; x_wconf 90' lang='lat' dir='ltr'><strong>tractatus</strong></span> <span class='ocrx_word' id='word_1_45' title='bbox 935 858 1271 915; x_wconf 78' lang='lat' dir='ltr'><strong>suffecerint.</strong></span> <span class='ocrx_word' id='word_1_46' title='bbox 1311 858 1698 914; x_wconf 79' lang='lat' dir='ltr'><strong>Verumtamen</strong></span> <span class='ocrx_word' id='word_1_47' title='bbox 1734 874 1804 913; x_wconf 89' lang='lat' dir='ltr'><strong>ne</strong></span> <span class='ocrx_word' id='word_1_48' title='bbox 1851 874 2081 929; x_wconf 91' lang='lat' dir='ltr'><strong>sequen-</strong></span> 
     </span>
    </p>
   </div>
   <div class='ocr_carea' id='block_1_10' title="bbox 502 951 2084 1023">
    <p class='ocr_par' dir='ltr' id='par_1_10' title="bbox 502 951 2084 1023">
     <span class='ocr_line' id='line_1_10' title="bbox 502 951 2084 1023; baseline 0.001 -18"><span class='ocrx_word' id='word_1_49' title='bbox 502 955 580 1006; x_wconf 89' lang='lat' dir='ltr'><strong>tia</strong></span> <span class='ocrx_word' id='word_1_50' title='bbox 611 953 830 1023; x_wconf 85' lang='lat' dir='ltr'><strong>quidem</strong></span> <span class='ocrx_word' id='word_1_51' title='bbox 870 953 1220 1007; x_wconf 87' lang='lat' dir='ltr'><strong>honestarum</strong></span> <span class='ocrx_word' id='word_1_52' title='bbox 1262 967 1446 1007; x_wconf 88' lang='lat' dir='ltr'><strong>rerum</strong></span> <span class='ocrx_word' id='word_1_53' title='bbox 1480 951 1730 1007; x_wconf 80' lang='lat' dir='ltr'><strong>studioso</strong></span> <span class='ocrx_word' id='word_1_54' title='bbox 1764 951 2084 1023; x_wconf 86' lang='lat' dir='ltr'><strong>negligenda</strong></span> 
     </span>
    </p>
   </div>
   <div class='ocr_carea' id='block_1_11' title="bbox 512 1042 2086 1114">
    <p class='ocr_par' dir='ltr' id='par_1_11' title="bbox 512 1042 2086 1114">
     <span class='ocr_line' id='line_1_11' title="bbox 512 1042 2086 1114; baseline -0.001 -15"><span class='ocrx_word' id='word_1_55' title='bbox 512 1056 665 1099; x_wconf 88' lang='lat' dir='ltr'><strong>sunt.</strong></span> <span class='ocrx_word' id='word_1_56' title='bbox 703 1044 887 1099; x_wconf 84' lang='lat' dir='ltr'><strong>Multis</strong></span> <span class='ocrx_word' id='word_1_57' title='bbox 915 1044 1060 1100; x_wconf 90' lang='lat' dir='ltr'><strong>enim</strong></span> <span class='ocrx_word' id='word_1_58' title='bbox 1099 1042 1460 1098; x_wconf 83' lang='lat' dir='ltr'><strong>incommodis</strong></span> <span class='ocrx_word' id='word_1_59' title='bbox 1479 1043 1846 1109; x_wconf 79' lang='lat' dir='ltr'><strong>conﬂictatus,</strong></span> <span class='ocrx_word' id='word_1_60' title='bbox 1892 1060 2086 1114; x_wconf 89' lang='lat' dir='ltr'><strong>quem-</strong></span> 
     </span>
    </p>
   </div>
   <div class='ocr_carea' id='block_1_12' title="bbox 502 1133 2086 1206">
    <p class='ocr_par' dir='ltr' id='par_1_12' title="bbox 502 1133 2086 1206">
     <span class='ocr_line' id='line_1_12' title="bbox 502 1133 2086 1206; baseline 0.001 -17"><span class='ocrx_word' id='word_1_61' title='bbox 502 1134 803 1190; x_wconf 77' lang='lat' dir='ltr'><strong>admodum</strong></span> <span class='ocrx_word' id='word_1_62' title='bbox 888 1136 1217 1198; x_wconf 85' lang='lat' dir='ltr'><strong>didicimus,</strong></span> <span class='ocrx_word' id='word_1_63' title='bbox 1266 1133 1622 1189; x_wconf 66' lang='lat' dir='ltr'><strong>Hebrazorum</strong></span> <span class='ocrx_word' id='word_1_64' title='bbox 1702 1136 1976 1206; x_wconf 90' lang='lat' dir='ltr'><strong>populus,</strong></span> <span class='ocrx_word' id='word_1_65' title='bbox 2033 1144 2086 1191; x_wconf 88' lang='lat' dir='ltr'><strong>et</strong></span> 
     </span>
    </p>
   </div>
   <div class='ocr_carea' id='block_1_13' title="bbox 502 1226 2079 1297">
    <p class='ocr_par' dir='ltr' id='par_1_13' title="bbox 502 1226 2079 1297">
     <span class='ocr_line' id='line_1_13' title="bbox 502 1226 2079 1297; baseline -0.003 -16"><span class='ocrx_word' id='word_1_66' title='bbox 502 1227 782 1283; x_wconf 77' lang='lat' dir='ltr'><strong>iaborioso</strong></span> <span class='ocrx_word' id='word_1_67' title='bbox 814 1237 975 1297; x_wconf 91' lang='lat' dir='ltr'><strong>atque</strong></span> <span class='ocrx_word' id='word_1_68' title='bbox 1041 1227 1276 1283; x_wconf 90' lang='lat' dir='ltr'><strong>molesto</strong></span> <span class='ocrx_word' id='word_1_69' title='bbox 1318 1226 1635 1282; x_wconf 84' lang='lat' dir='ltr'><strong>solitudinis</strong></span> <span class='ocrx_word' id='word_1_70' title='bbox 1686 1226 1941 1282; x_wconf 88' lang='lat' dir='ltr'><strong>confecto</strong></span> <span class='ocrx_word' id='word_1_71' title='bbox 1979 1226 2079 1280; x_wconf 61' lang='lat' dir='ltr'><strong>cir&#39;</strong></span> 
     </span>
    </p>
   </div>
   <div class='ocr_carea' id='block_1_14' title="bbox 507 1318 2089 1389">
    <p class='ocr_par' dir='ltr' id='par_1_14' title="bbox 507 1318 2089 1389">
     <span class='ocr_line' id='line_1_14' title="bbox 507 1318 2089 1389; baseline -0.001 -17"><span class='ocrx_word' id='word_1_72' title='bbox 507 1320 680 1383; x_wconf 79' lang='lat' dir='ltr'><strong>cuitu,</strong></span> <span class='ocrx_word' id='word_1_73' title='bbox 705 1334 812 1373; x_wconf 92' lang='lat' dir='ltr'><strong>non</strong></span> <span class='ocrx_word' id='word_1_74' title='bbox 840 1320 993 1389; x_wconf 91' lang='lat' dir='ltr'><strong>prius</strong></span> <span class='ocrx_word' id='word_1_75' title='bbox 1030 1327 1229 1373; x_wconf 91' lang='lat' dir='ltr'><strong>terram</strong></span> <span class='ocrx_word' id='word_1_76' title='bbox 1258 1318 1642 1389; x_wconf 88' lang='lat' dir='ltr'><strong>promissionis</strong></span> <span class='ocrx_word' id='word_1_77' title='bbox 1672 1318 1898 1389; x_wconf 81' lang='lat' dir='ltr'><strong>recepit,</strong></span> <span class='ocrx_word' id='word_1_78' title='bbox 1924 1329 2089 1388; x_wconf 82' lang='lat' dir='ltr'><strong>quam</strong></span> 
     </span>
    </p>
   </div>
   <div class='ocr_carea' id='block_1_15' title="bbox 508 1408 2089 1482">
    <p class='ocr_par' dir='ltr' id='par_1_15' title="bbox 508 1408 2089 1482">
     <span class='ocr_line' id='line_1_15' title="bbox 508 1408 2089 1482; baseline -0.002 -15"><span class='ocrx_word' id='word_1_79' title='bbox 508 1413 747 1468; x_wconf 85' lang='lat' dir='ltr'><strong>ducente</strong></span> <span class='ocrx_word' id='word_1_80' title='bbox 778 1411 930 1475; x_wconf 86' lang='lat' dir='ltr'><strong>Jesu,</strong></span> <span class='ocrx_word' id='word_1_81' title='bbox 963 1413 1243 1482; x_wconf 85' lang='lat' dir='ltr'><strong>vitamque</strong></span> <span class='ocrx_word' id='word_1_82' title='bbox 1274 1411 1393 1480; x_wconf 87' lang='lat' dir='ltr'><strong>ejus</strong></span> <span class='ocrx_word' id='word_1_83' title='bbox 1421 1412 1759 1481; x_wconf 82' lang='lat' dir='ltr'><strong>gubernante</strong></span> <span class='ocrx_word' id='word_1_84' title='bbox 1791 1410 1858 1466; x_wconf 91' lang='lat' dir='ltr'><strong>ad</strong></span> <span class='ocrx_word' id='word_1_85' title='bbox 1895 1408 2089 1465; x_wconf 82' lang='lat' dir='ltr'><strong>Jorda-</strong></span> 
     </span>
    </p>
   </div>
   <div class='ocr_carea' id='block_1_16' title="bbox 508 1502 2091 1577">
    <p class='ocr_par' dir='ltr' id='par_1_16' title="bbox 508 1502 2091 1577">
     <span class='ocr_line' id='line_1_16' title="bbox 508 1502 2091 1577; baseline -0.003 -17"><span class='ocrx_word' id='word_1_86' title='bbox 508 1522 632 1561; x_wconf 91' lang='lat' dir='ltr'><strong>nem</strong></span> <span class='ocrx_word' id='word_1_87' title='bbox 667 1507 914 1577; x_wconf 81' lang='lat' dir='ltr'><strong>pervenit</strong></span> <span class='ocrx_word' id='word_1_88' title='bbox 941 1506 1007 1559; x_wconf 76' lang='lat'><strong>&quot;.</strong></span> <span class='ocrx_word' id='word_1_89' title='bbox 1033 1505 1390 1575; x_wconf 88' lang='lat' dir='ltr'><strong>Perspicuum</strong></span> <span class='ocrx_word' id='word_1_90' title='bbox 1420 1512 1507 1559; x_wconf 91' lang='lat' dir='ltr'><strong>est</strong></span> <span class='ocrx_word' id='word_1_91' title='bbox 1526 1511 1731 1568; x_wconf 87' lang='lat' dir='ltr'><strong>autem,</strong></span> <span class='ocrx_word' id='word_1_92' title='bbox 1755 1502 1901 1575; x_wconf 93' lang='lat' dir='ltr'><strong>quod</strong></span> <span class='ocrx_word' id='word_1_93' title='bbox 1926 1503 2091 1557; x_wconf 89' lang='lat' dir='ltr'><strong>etiam</strong></span> 
     </span>
    </p>
   </div>
   <div class='ocr_carea' id='block_1_17' title="bbox 507 1591 2089 1666">
    <p class='ocr_par' dir='ltr' id='par_1_17' title="bbox 507 1591 2089 1666">
     <span class='ocr_line' id='line_1_17' title="bbox 507 1591 2089 1666; baseline -0.004 -15"><span class='ocrx_word' id='word_1_94' title='bbox 507 1596 694 1661; x_wconf 79' lang='lat' dir='ltr'><strong>Jesus,</strong></span> <span class='ocrx_word' id='word_1_95' title='bbox 736 1596 831 1666; x_wconf 90' lang='lat' dir='ltr'><strong>qui</strong></span> <span class='ocrx_word' id='word_1_96' title='bbox 893 1594 1181 1649; x_wconf 91' lang='lat' dir='ltr'><strong>duodecim</strong></span> <span class='ocrx_word' id='word_1_97' title='bbox 1246 1608 1380 1649; x_wconf 84' lang='lat' dir='ltr'><strong>saxa</strong></span> <span class='ocrx_word' id='word_1_98' title='bbox 1433 1594 1487 1647; x_wconf 93' lang='lat' dir='ltr'><strong>in</strong></span> <span class='ocrx_word' id='word_1_99' title='bbox 1539 1591 1763 1648; x_wconf 86' lang='lat' dir='ltr'><strong>ﬂumine</strong></span> <span class='ocrx_word' id='word_1_100' title='bbox 1813 1591 2089 1662; x_wconf 89' lang='lat' dir='ltr'><strong>deposuit,</strong></span> 
     </span>
    </p>
   </div>
   <div class='ocr_carea' id='block_1_18' title="bbox 508 1685 2092 1756">
    <p class='ocr_par' dir='ltr' id='par_1_18' title="bbox 508 1685 2092 1756">
     <span class='ocr_line' id='line_1_18' title="bbox 508 1685 2092 1756; baseline -0.005 -13"><span class='ocrx_word' id='word_1_101' title='bbox 508 1688 799 1744; x_wconf 82' lang='lat' dir='ltr'><strong>duodecim</strong></span> <span class='ocrx_word' id='word_1_102' title='bbox 831 1686 1132 1756; x_wconf 86' lang='lat' dir='ltr'><strong>discipulos</strong></span> <span class='ocrx_word' id='word_1_103' title='bbox 1175 1685 1464 1741; x_wconf 88' lang='lat' dir='ltr'><strong>ministros</strong></span> <span class='ocrx_word' id='word_1_104' title='bbox 1495 1685 1842 1755; x_wconf 85' lang='lat' dir='ltr'><strong>baptismatis</strong></span> <span class='ocrx_word' id='word_1_105' title='bbox 1875 1697 2092 1753; x_wconf 68' lang='lat' dir='ltr'><strong>pracpa-</strong></span> 
     </span>
    </p>
   </div>
   <div class='ocr_carea' id='block_1_19' title="bbox 510 1770 2094 1853">
    <p class='ocr_par' dir='ltr' id='par_1_19' title="bbox 510 1770 2094 1853">
     <span class='ocr_line' id='line_1_19' title="bbox 510 1770 2094 1853; baseline -0.004 -19"><span class='ocrx_word' id='word_1_106' title='bbox 510 1781 669 1836; x_wconf 87' lang='lat' dir='ltr'><strong>rabat</strong></span> <span class='ocrx_word' id='word_1_107' title='bbox 717 1795 783 1834; x_wconf 90' lang='lat' dir='ltr'><strong>ac</strong></span> <span class='ocrx_word' id='word_1_108' title='bbox 835 1778 1285 1853; x_wconf 58' lang='lat' dir='ltr'><strong>pmdestinaba}.</strong></span> <span class='ocrx_word' id='word_1_109' title='bbox 1342 1777 1516 1837; x_wconf 86' lang='lat' dir='ltr'><strong>Porro</strong></span> <span class='ocrx_word' id='word_1_110' title='bbox 1583 1776 1914 1831; x_wconf 89' lang='lat' dir='ltr'><strong>sacriﬁcium</strong></span> <span class='ocrx_word' id='word_1_111' title='bbox 1959 1770 2094 1831; x_wconf 89' lang='lat' dir='ltr'><strong>illud</strong></span> 
     </span>
    </p>
   </div>
   <div class='ocr_carea' id='block_1_20' title="bbox 513 1868 2094 1945">
    <p class='ocr_par' dir='ltr' id='par_1_20' title="bbox 513 1868 2094 1945">
     <span class='ocr_line' id='line_1_20' title="bbox 513 1868 2094 1945; baseline -0.004 -19"><span class='ocrx_word' id='word_1_112' title='bbox 513 1872 869 1935; x_wconf 85' lang='lat' dir='ltr'><strong>admirabile,</strong></span> <span class='ocrx_word' id='word_1_113' title='bbox 922 1869 1177 1940; x_wconf 88' lang='lat' dir='ltr'><strong>quodque</strong></span> <span class='ocrx_word' id='word_1_114' title='bbox 1247 1884 1465 1924; x_wconf 86' lang='lat' dir='ltr'><strong>omnem</strong></span> <span class='ocrx_word' id='word_1_115' title='bbox 1498 1868 1816 1945; x_wconf 71' lang='lat' dir='ltr'><strong>lhumanam</strong></span> <span class='ocrx_word' id='word_1_116' title='bbox 1871 1875 2094 1935; x_wconf 84' lang='lat' dir='ltr'><strong>superat</strong></span> 
     </span>
    </p>
   </div>
   <div class='ocr_carea' id='block_1_21' title="bbox 512 1955 2088 2027">
    <p class='ocr_par' dir='ltr' id='par_1_21' title="bbox 512 1955 2088 2027">
     <span class='ocr_line' id='line_1_21' title="bbox 512 1955 2088 2027; baseline -0.006 -10"><span class='ocrx_word' id='word_1_117' title='bbox 512 1973 776 2027; x_wconf 87' lang='lat' dir='ltr'><strong>mentem,</strong></span> <span class='ocrx_word' id='word_1_118' title='bbox 816 1960 1089 2015; x_wconf 79' lang='lat' dir='ltr'><strong>Thesbitae</strong></span> <span class='ocrx_word' id='word_1_119' title='bbox 1130 1959 1277 2013; x_wconf 86' lang='lat' dir='ltr'><strong>illius</strong></span> <span class='ocrx_word' id='word_1_120' title='bbox 1305 1958 1475 2021; x_wconf 89' lang='lat' dir='ltr'><strong>senis,</strong></span> <span class='ocrx_word' id='word_1_121' title='bbox 1525 1957 1655 2027; x_wconf 88' lang='lat' dir='ltr'><strong>quid</strong></span> <span class='ocrx_word' id='word_1_122' title='bbox 1683 1956 1829 2011; x_wconf 88' lang='lat' dir='ltr'><strong>aliud</strong></span> <span class='ocrx_word' id='word_1_123' title='bbox 1869 1955 2088 2010; x_wconf 88' lang='lat' dir='ltr'><strong>tandem</strong></span> 
     </span>
    </p>
   </div>
   <div class='ocr_carea' id='block_1_22' title="bbox 514 2046 2091 2124">
    <p class='ocr_par' dir='ltr' id='par_1_22' title="bbox 514 2046 2091 2124">
     <span class='ocr_line' id='line_1_22' title="bbox 514 2046 2091 2124; baseline -0.005 -16"><span class='ocrx_word' id='word_1_124' title='bbox 514 2064 678 2124; x_wconf 89' lang='lat' dir='ltr'><strong>atque</strong></span> <span class='ocrx_word' id='word_1_125' title='bbox 702 2068 761 2108; x_wconf 89' lang='lat' dir='ltr'><strong>re</strong></span> <span class='ocrx_word' id='word_1_126' title='bbox 790 2053 907 2122; x_wconf 90' lang='lat' dir='ltr'><strong>ipsa</strong></span> <span class='ocrx_word' id='word_1_127' title='bbox 954 2050 1337 2122; x_wconf 77' lang='lat' dir='ltr'><strong>praesigniﬁcat</strong></span> <span class='ocrx_word' id='word_1_128' title='bbox 1384 2049 1546 2105; x_wconf 80' lang='lat' dir='ltr'><strong>ﬁdem</strong></span> <span class='ocrx_word' id='word_1_129' title='bbox 1594 2050 1650 2104; x_wconf 90' lang='lat' dir='ltr'><strong>in</strong></span> <span class='ocrx_word' id='word_1_130' title='bbox 1673 2047 1886 2104; x_wconf 83' lang='lat' dir='ltr'><strong>Patrem</strong></span> <span class='ocrx_word' id='word_1_131' title='bbox 1916 2058 1970 2103; x_wconf 89' lang='lat' dir='ltr'><strong>et</strong></span> <span class='ocrx_word' id='word_1_132' title='bbox 1998 2046 2091 2101; x_wconf 88' lang='lat' dir='ltr'><strong>Fi-</strong></span> 
     </span>
    </p>
   </div>
   <div class='ocr_carea' id='block_1_23' title="bbox 513 2139 2094 2214">
    <p class='ocr_par' dir='ltr' id='par_1_23' title="bbox 513 2139 2094 2214">
     <span class='ocr_line' id='line_1_23' title="bbox 513 2139 2094 2214; baseline -0.004 -15"><span class='ocrx_word' id='word_1_133' title='bbox 513 2145 649 2200; x_wconf 91' lang='lat' dir='ltr'><strong>lium</strong></span> <span class='ocrx_word' id='word_1_134' title='bbox 691 2152 747 2199; x_wconf 90' lang='lat' dir='ltr'><strong>et</strong></span> <span class='ocrx_word' id='word_1_135' title='bbox 781 2144 1044 2214; x_wconf 82' lang='lat' dir='ltr'><strong>Spiritum</strong></span> <span class='ocrx_word' id='word_1_136' title='bbox 1096 2148 1368 2205; x_wconf 89' lang='lat' dir='ltr'><strong>sanctum,</strong></span> <span class='ocrx_word' id='word_1_137' title='bbox 1416 2151 1581 2211; x_wconf 85' lang='lat' dir='ltr'><strong>atque</strong></span> <span class='ocrx_word' id='word_1_138' title='bbox 1630 2139 2094 2210; x_wconf 87' lang='lat' dir='ltr'><strong>redemptionem?</strong></span> 
     </span>
    </p>
   </div>
   <div class='ocr_carea' id='block_1_24' title="bbox 515 2229 2093 2305">
    <p class='ocr_par' dir='ltr' id='par_1_24' title="bbox 515 2229 2093 2305">
     <span class='ocr_line' id='line_1_24' title="bbox 515 2229 2093 2305; baseline -0.004 -15"><span class='ocrx_word' id='word_1_139' title='bbox 515 2234 880 2305; x_wconf 88' lang='lat' dir='ltr'><strong>Posteaquam</strong></span> <span class='ocrx_word' id='word_1_140' title='bbox 934 2231 1082 2287; x_wconf 88' lang='lat' dir='ltr'><strong>enim</strong></span> <span class='ocrx_word' id='word_1_141' title='bbox 1126 2230 1421 2286; x_wconf 86' lang='lat' dir='ltr'><strong>universus</strong></span> <span class='ocrx_word' id='word_1_142' title='bbox 1455 2229 1807 2287; x_wconf 68' lang='lat' dir='ltr'><strong>Hebraeorum</strong></span> <span class='ocrx_word' id='word_1_143' title='bbox 1857 2229 2093 2299; x_wconf 90' lang='lat' dir='ltr'><strong>populus</strong></span> 
     </span>
    </p>
   </div>
   <div class='ocr_carea' id='block_1_25' title="bbox 516 2322 2096 2398">
    <p class='ocr_par' dir='ltr' id='par_1_25' title="bbox 516 2322 2096 2398">
     <span class='ocr_line' id='line_1_25' title="bbox 516 2322 2096 2398; baseline -0.002 -16"><span class='ocrx_word' id='word_1_144' title='bbox 516 2328 695 2398; x_wconf 85' lang='lat' dir='ltr'><strong>patria</strong></span> <span class='ocrx_word' id='word_1_145' title='bbox 747 2327 1068 2380; x_wconf 88' lang='lat' dir='ltr'><strong>conculcata</strong></span> <span class='ocrx_word' id='word_1_146' title='bbox 1107 2324 1341 2395; x_wconf 89' lang='lat' dir='ltr'><strong>pietate,</strong></span> <span class='ocrx_word' id='word_1_147' title='bbox 1387 2322 1441 2376; x_wconf 92' lang='lat' dir='ltr'><strong>in</strong></span> <span class='ocrx_word' id='word_1_148' title='bbox 1494 2336 1736 2377; x_wconf 83' lang='lat' dir='ltr'><strong>errorem</strong></span> <span class='ocrx_word' id='word_1_149' title='bbox 1792 2322 2096 2379; x_wconf 85' lang='lat' dir='ltr'><strong>multorum</strong></span> 
     </span>
    </p>
   </div>
   <div class='ocr_carea' id='block_1_26' title="bbox 518 2413 2093 2487">
    <p class='ocr_par' dir='ltr' id='par_1_26' title="bbox 518 2413 2093 2487">
     <span class='ocr_line' id='line_1_26' title="bbox 518 2413 2093 2487; baseline -0.006 -12"><span class='ocrx_word' id='word_1_150' title='bbox 518 2421 752 2475; x_wconf 84' lang='lat' dir='ltr'><strong>deorum</strong></span> <span class='ocrx_word' id='word_1_151' title='bbox 803 2418 988 2473; x_wconf 88' lang='lat' dir='ltr'><strong>cultus</strong></span> <span class='ocrx_word' id='word_1_152' title='bbox 1018 2418 1313 2487; x_wconf 91' lang='lat' dir='ltr'><strong>prolapsus</strong></span> <span class='ocrx_word' id='word_1_153' title='bbox 1353 2420 1471 2470; x_wconf 83' lang='lat' dir='ltr'><strong>erat</strong></span> <span class='ocrx_word' id='word_1_154' title='bbox 1503 2432 1517 2468; x_wconf 93' lang='lat'>:</span> <span class='ocrx_word' id='word_1_155' title='bbox 1553 2423 1608 2469; x_wconf 90' lang='lat' dir='ltr'><strong>et</strong></span> <span class='ocrx_word' id='word_1_156' title='bbox 1636 2428 1733 2469; x_wconf 78' lang='lat' dir='ltr'><strong>rex</strong></span> <span class='ocrx_word' id='word_1_157' title='bbox 1780 2414 1969 2469; x_wconf 82' lang='lat' dir='ltr'><strong>Achab</strong></span> <span class='ocrx_word' id='word_1_158' title='bbox 2023 2413 2093 2467; x_wconf 90' lang='lat' dir='ltr'><strong>ab</strong></span> 
     </span>
    </p>
   </div>
   <div class='ocr_carea' id='block_1_27' title="bbox 520 2506 2096 2569">
    <p class='ocr_par' dir='ltr' id='par_1_27' title="bbox 520 2506 2096 2569">
     <span class='ocr_line' id='line_1_27' title="bbox 520 2506 2096 2569; baseline -0.006 -1"><span class='ocrx_word' id='word_1_159' title='bbox 520 2513 940 2568; x_wconf 78' lang='lat' dir='ltr'><strong>simulacrorum</strong></span> <span class='ocrx_word' id='word_1_160' title='bbox 971 2509 1124 2564; x_wconf 87' lang='lat' dir='ltr'><strong>cultu</strong></span> <span class='ocrx_word' id='word_1_161' title='bbox 1160 2506 1541 2569; x_wconf 89' lang='lat' dir='ltr'><strong>deludebatur,</strong></span> <span class='ocrx_word' id='word_1_162' title='bbox 1569 2520 1694 2561; x_wconf 92' lang='lat' dir='ltr'><strong>cum</strong></span> <span class='ocrx_word' id='word_1_163' title='bbox 1729 2506 1927 2560; x_wconf 86' lang='lat' dir='ltr'><strong>malam</strong></span> <span class='ocrx_word' id='word_1_164' title='bbox 1971 2506 2096 2561; x_wconf 72' lang='lat' dir='ltr'><strong>vitae</strong></span> 
     </span>
    </p>
   </div>
   <div class='ocr_carea' id='block_1_28' title="bbox 521 2597 2092 2669">
    <p class='ocr_par' dir='ltr' id='par_1_28' title="bbox 521 2597 2092 2669">
     <span class='ocr_line' id='line_1_28' title="bbox 521 2597 2092 2669; baseline -0.006 -9"><span class='ocrx_word' id='word_1_165' title='bbox 521 2604 730 2660; x_wconf 87' lang='lat' dir='ltr'><strong>sociam</strong></span> <span class='ocrx_word' id='word_1_166' title='bbox 785 2600 1345 2669; x_wconf 81' lang='lat' dir='ltr'><strong>scelestissimamque</strong></span> <span class='ocrx_word' id='word_1_167' title='bbox 1405 2597 1702 2668; x_wconf 87' lang='lat' dir='ltr'><strong>impietatis</strong></span> <span class='ocrx_word' id='word_1_168' title='bbox 1773 2597 2092 2666; x_wconf 75' lang='lat' dir='ltr'><strong>magistram</strong></span> 
     </span>
    </p>
   </div>
   <div class='ocr_carea' id='block_1_29' title="bbox 521 2685 2093 2751">
    <p class='ocr_par' dir='ltr' id='par_1_29' title="bbox 521 2685 2093 2751">
     <span class='ocr_line' id='line_1_29' title="bbox 521 2685 2093 2751; baseline -0.006 0"><span class='ocrx_word' id='word_1_169' title='bbox 521 2697 750 2751; x_wconf 85' lang='lat' dir='ltr'><strong>haberet</strong></span> <span class='ocrx_word' id='word_1_170' title='bbox 805 2692 1099 2748; x_wconf 84' lang='lat' dir='ltr'><strong>infaustam</strong></span> <span class='ocrx_word' id='word_1_171' title='bbox 1161 2701 1217 2747; x_wconf 90' lang='lat' dir='ltr'><strong>et</strong></span> <span class='ocrx_word' id='word_1_172' title='bbox 1279 2689 1671 2745; x_wconf 83' lang='lat' dir='ltr'><strong>cxsecrandam</strong></span> <span class='ocrx_word' id='word_1_173' title='bbox 1731 2685 2093 2743; x_wconf 84' lang='lat' dir='ltr'><strong>Jezahelem:</strong></span> 
     </span>
    </p>
   </div>
   <div class='ocr_carea' id='block_1_30' title="bbox 525 2777 2095 2856">
    <p class='ocr_par' dir='ltr' id='par_1_30' title="bbox 525 2777 2095 2856">
     <span class='ocr_line' id='line_1_30' title="bbox 525 2777 2095 2856; baseline -0.007 -14"><span class='ocrx_word' id='word_1_174' title='bbox 525 2787 764 2856; x_wconf 88' lang='lat' dir='ltr'><strong>repletus</strong></span> <span class='ocrx_word' id='word_1_175' title='bbox 791 2784 1055 2854; x_wconf 83' lang='lat' dir='ltr'><strong>propheta</strong></span> <span class='ocrx_word' id='word_1_176' title='bbox 1077 2781 1252 2853; x_wconf 88' lang='lat' dir='ltr'><strong>gratia</strong></span> <span class='ocrx_word' id='word_1_177' title='bbox 1284 2778 1577 2849; x_wconf 84' lang='lat' dir='ltr'><strong>spirituali,</strong></span> <span class='ocrx_word' id='word_1_178' title='bbox 1602 2786 1657 2832; x_wconf 89' lang='lat' dir='ltr'><strong>et</strong></span> <span class='ocrx_word' id='word_1_179' title='bbox 1694 2791 1822 2832; x_wconf 91' lang='lat' dir='ltr'><strong>cum</strong></span> <span class='ocrx_word' id='word_1_180' title='bbox 1872 2777 2095 2831; x_wconf 87' lang='lat' dir='ltr'><strong>Acbabo</strong></span> 
     </span>
    </p>
   </div>
   <div class='ocr_carea' id='block_1_31' title="bbox 526 2869 2098 2947">
    <p class='ocr_par' dir='ltr' id='par_1_31' title="bbox 526 2869 2098 2947">
     <span class='ocr_line' id='line_1_31' title="bbox 526 2869 2098 2947; baseline -0.008 -13"><span class='ocrx_word' id='word_1_181' title='bbox 526 2891 880 2947; x_wconf 87' lang='lat' dir='ltr'><strong>congressus,</strong></span> <span class='ocrx_word' id='word_1_182' title='bbox 918 2881 1057 2929; x_wconf 88' lang='lat' dir='ltr'><strong>teste</strong></span> <span class='ocrx_word' id='word_1_183' title='bbox 1108 2888 1254 2943; x_wconf 89' lang='lat' dir='ltr'><strong>rege,</strong></span> <span class='ocrx_word' id='word_1_184' title='bbox 1284 2871 1543 2940; x_wconf 89' lang='lat' dir='ltr'><strong>omnique</strong></span> <span class='ocrx_word' id='word_1_185' title='bbox 1595 2870 1799 2941; x_wconf 90' lang='lat' dir='ltr'><strong>populo</strong></span> <span class='ocrx_word' id='word_1_186' title='bbox 1840 2869 2098 2924; x_wconf 88' lang='lat' dir='ltr'><strong>sacerdo-</strong></span> 
     </span>
    </p>
   </div>
   <div class='ocr_carea' id='block_1_32' title="bbox 528 2962 2100 3036">
    <p class='ocr_par' dir='ltr' id='par_1_32' title="bbox 528 2962 2100 3036">
     <span class='ocr_line' id='line_1_32' title="bbox 528 2962 2100 3036; baseline -0.006 -10"><span class='ocrx_word' id='word_1_187' title='bbox 528 2971 675 3026; x_wconf 87' lang='lat' dir='ltr'><strong>tibus</strong></span> <span class='ocrx_word' id='word_1_188' title='bbox 704 2968 829 3022; x_wconf 88' lang='lat' dir='ltr'><strong>Baal</strong></span> <span class='ocrx_word' id='word_1_189' title='bbox 862 2982 922 3022; x_wconf 89' lang='lat' dir='ltr'><strong>se</strong></span> <span class='ocrx_word' id='word_1_190' title='bbox 945 2965 1201 3036; x_wconf 92' lang='lat' dir='ltr'><strong>opposuit</strong></span> <span class='ocrx_word' id='word_1_191' title='bbox 1252 2964 1319 3019; x_wconf 90' lang='lat' dir='ltr'><strong>ad</strong></span> <span class='ocrx_word' id='word_1_192' title='bbox 1348 2972 1627 3018; x_wconf 87' lang='lat' dir='ltr'><strong>certamen</strong></span> <span class='ocrx_word' id='word_1_193' title='bbox 1677 2964 1870 3033; x_wconf 83' lang='lat' dir='ltr'><strong>ingens</strong></span> <span class='ocrx_word' id='word_1_194' title='bbox 1900 2971 1954 3018; x_wconf 90' lang='lat' dir='ltr'><strong>et</strong></span> <span class='ocrx_word' id='word_1_195' title='bbox 2005 2962 2100 3017; x_wconf 87' lang='lat' dir='ltr'><strong>ad-</strong></span> 
     </span>
    </p>
   </div>
   <div class='ocr_carea' id='block_1_33' title="bbox 526 3055 2102 3128">
    <p class='ocr_par' dir='ltr' id='par_1_33' title="bbox 526 3055 2102 3128">
     <span class='ocr_line' id='line_1_33' title="bbox 526 3055 2102 3128; baseline -0.006 -9"><span class='ocrx_word' id='word_1_196' title='bbox 526 3062 815 3127; x_wconf 86' lang='lat' dir='ltr'><strong>mirabile;</strong></span> <span class='ocrx_word' id='word_1_197' title='bbox 873 3067 1036 3128; x_wconf 88' lang='lat' dir='ltr'><strong>atque</strong></span> <span class='ocrx_word' id='word_1_198' title='bbox 1098 3057 1265 3122; x_wconf 91' lang='lat' dir='ltr'><strong>illos,</strong></span> <span class='ocrx_word' id='word_1_199' title='bbox 1320 3055 1414 3126; x_wconf 90' lang='lat' dir='ltr'><strong>qui</strong></span> <span class='ocrx_word' id='word_1_200' title='bbox 1472 3061 1873 3126; x_wconf 87' lang='lat' dir='ltr'><strong>proposuerant</strong></span> <span class='ocrx_word' id='word_1_201' title='bbox 1937 3062 2102 3125; x_wconf 88' lang='lat' dir='ltr'><strong>atque</strong></span> 
     </span>
    </p>
   </div>
   <div class='ocr_carea' id='block_1_34' title="bbox 2182 582 3774 658">
    <p class='ocr_par' dir='ltr' id='par_1_34' title="bbox 2182 582 3774 658">
     <span class='ocr_line' id='line_1_34' title="bbox 2182 582 3774 658; baseline 0.004 -24"><span class='ocrx_word' id='word_1_202' title='bbox 2182 589 2281 658; x_wconf 82' lang='grc' dir='ltr'>τῆς</span> <span class='ocrx_word' id='word_1_203' title='bbox 2298 586 2665 658; x_wconf 84' lang='grc' dir='ltr'><strong>προκειμένης</strong></span> <span class='ocrx_word' id='word_1_204' title='bbox 2687 586 3071 658; x_wconf 77' lang='grc' dir='ltr'><strong>πραγματείας</strong></span> <span class='ocrx_word' id='word_1_205' title='bbox 3089 582 3178 658; x_wconf 82' lang='grc' dir='ltr'><strong>ἦν.</strong></span> <span class='ocrx_word' id='word_1_206' title='bbox 3205 587 3351 658; x_wconf 79' lang='grc' dir='ltr'>Πλὴν</span> <span class='ocrx_word' id='word_1_207' title='bbox 3373 586 3493 640; x_wconf 82' lang='grc' dir='ltr'>οὑδὲ</span> <span class='ocrx_word' id='word_1_208' title='bbox 3516 586 3622 639; x_wconf 87' lang='grc' dir='ltr'><strong>τῶν</strong></span> <span class='ocrx_word' id='word_1_209' title='bbox 3644 587 3774 655; x_wconf 80' lang='grc' dir='ltr'>ἑξῆς</span> 
     </span>
    </p>
   </div>
   <div class='ocr_carea' id='block_1_35' title="bbox 2184 677 3773 750">
    <p class='ocr_par' dir='ltr' id='par_1_35' title="bbox 2184 677 3773 750">
     <span class='ocr_line' id='line_1_35' title="bbox 2184 677 3773 750; baseline -0.002 -18"><span class='ocrx_word' id='word_1_210' title='bbox 2184 679 2487 750; x_wconf 76' lang='grc' dir='ltr'>ἀμελητέον</span> <span class='ocrx_word' id='word_1_211' title='bbox 2516 678 2596 749; x_wconf 83' lang='grc' dir='ltr'>τῷ</span> <span class='ocrx_word' id='word_1_212' title='bbox 2624 679 2918 750; x_wconf 79' lang='grc' dir='ltr'>φιλοκάλῳ.</span> <span class='ocrx_word' id='word_1_213' title='bbox 2950 678 3127 731; x_wconf 81' lang='grc' dir='ltr'>Πολλὰ</span> <span class='ocrx_word' id='word_1_214' title='bbox 3168 679 3277 749; x_wconf 86' lang='grc' dir='ltr'><strong>γάρ</strong></span> <span class='ocrx_word' id='word_1_215' title='bbox 3305 677 3513 742; x_wconf 84' lang='grc' dir='ltr'>παθὼν,</span> <span class='ocrx_word' id='word_1_216' title='bbox 3544 677 3620 741; x_wconf 82' lang='grc' dir='ltr'>ὡς</span> <span class='ocrx_word' id='word_1_217' title='bbox 3663 678 3773 730; x_wconf 84' lang='grc' dir='ltr'>ἐδι-</span> 
     </span>
    </p>
   </div>
   <div class='ocr_carea' id='block_1_36' title="bbox 2183 769 3776 843">
    <p class='ocr_par' dir='ltr' id='par_1_36' title="bbox 2183 769 3776 843">
     <span class='ocr_line' id='line_1_36' title="bbox 2183 769 3776 843; baseline -0.001 -19"><span class='ocrx_word' id='word_1_218' title='bbox 2183 771 2482 842; x_wconf 81' lang='grc' dir='ltr'>δάχθημεν,</span> <span class='ocrx_word' id='word_1_219' title='bbox 2511 773 2540 824; x_wconf 86' lang='grc' dir='ltr'><strong>ό</strong></span> <span class='ocrx_word' id='word_1_220' title='bbox 2570 771 2678 824; x_wconf 89' lang='grc' dir='ltr'><strong>τῶν</strong></span> <span class='ocrx_word' id='word_1_221' title='bbox 2725 771 2991 843; x_wconf 83' lang='grc' dir='ltr'>Ἐϐραίων</span> <span class='ocrx_word' id='word_1_222' title='bbox 3035 771 3186 839; x_wconf 78' lang='grc' dir='ltr'>λαὸς,</span> <span class='ocrx_word' id='word_1_223' title='bbox 3226 771 3320 825; x_wconf 68' lang='grc' dir='ltr'><strong>καὶ</strong></span> <span class='ocrx_word' id='word_1_224' title='bbox 3348 770 3448 842; x_wconf 85' lang='grc' dir='ltr'><strong>τὴν</strong></span> <span class='ocrx_word' id='word_1_225' title='bbox 3493 769 3776 841; x_wconf 87' lang='grc' dir='ltr'>μοχθηρὰν</span> 
     </span>
    </p>
   </div>
   <div class='ocr_carea' id='block_1_37' title="bbox 2184 861 3776 935">
    <p class='ocr_par' dir='ltr' id='par_1_37' title="bbox 2184 861 3776 935">
     <span class='ocr_line' id='line_1_37' title="bbox 2184 861 3776 935; baseline -0.003 -18"><span class='ocrx_word' id='word_1_226' title='bbox 2184 862 2443 926; x_wconf 84' lang='grc' dir='ltr'>διανύσας</span> <span class='ocrx_word' id='word_1_227' title='bbox 2472 862 2570 933; x_wconf 83' lang='grc' dir='ltr'>τῆς</span> <span class='ocrx_word' id='word_1_228' title='bbox 2605 862 2814 935; x_wconf 89' lang='grc' dir='ltr'>ἐρήμου</span> <span class='ocrx_word' id='word_1_229' title='bbox 2845 862 3094 933; x_wconf 81' lang='grc' dir='ltr'>περίοδον</span> <span class='ocrx_word' id='word_1_230' title='bbox 3118 902 3134 927; x_wconf 95' lang='grc'><strong>,</strong></span> <span class='ocrx_word' id='word_1_231' title='bbox 3164 862 3225 916; x_wconf 85' lang='grc' dir='ltr'><strong>ού</strong></span> <span class='ocrx_word' id='word_1_232' title='bbox 3267 862 3528 935; x_wconf 87' lang='grc' dir='ltr'>πρότερον</span> <span class='ocrx_word' id='word_1_233' title='bbox 3551 862 3649 935; x_wconf 86' lang='grc' dir='ltr'>τὴν</span> <span class='ocrx_word' id='word_1_234' title='bbox 3669 861 3776 932; x_wconf 82' lang='grc' dir='ltr'>γῆν</span> 
     </span>
    </p>
   </div>
   <div class='ocr_carea' id='block_1_38' title="bbox 2185 953 3770 1027">
    <p class='ocr_par' dir='ltr' id='par_1_38' title="bbox 2185 953 3770 1027">
     <span class='ocr_line' id='line_1_38' title="bbox 2185 953 3770 1027; baseline -0.001 -19"><span class='ocrx_word' id='word_1_235' title='bbox 2185 956 2284 1025; x_wconf 75' lang='grc' dir='ltr'>τῆς</span> <span class='ocrx_word' id='word_1_236' title='bbox 2329 955 2660 1023; x_wconf 76' lang='grc' dir='ltr'>ἐπαγγελίας</span> <span class='ocrx_word' id='word_1_237' title='bbox 2708 955 2970 1020; x_wconf 89' lang='grc' dir='ltr'>ἀπέλαϐε,</span> <span class='ocrx_word' id='word_1_238' title='bbox 3018 955 3148 1027; x_wconf 85' lang='grc' dir='ltr'>πρὶν</span> <span class='ocrx_word' id='word_1_239' title='bbox 3192 955 3515 1027; x_wconf 84' lang='grc' dir='ltr'>όδηγοῦντος</span> <span class='ocrx_word' id='word_1_240' title='bbox 3572 953 3770 1026; x_wconf 81' lang='grc' dir='ltr'>Ἰησοῦ,</span> 
     </span>
    </p>
   </div>
   <div class='ocr_carea' id='block_1_39' title="bbox 2186 1045 3774 1118">
    <p class='ocr_par' dir='ltr' id='par_1_39' title="bbox 2186 1045 3774 1118">
     <span class='ocr_line' id='line_1_39' title="bbox 2186 1045 3774 1118; baseline -0.001 -19"><span class='ocrx_word' id='word_1_241' title='bbox 2186 1048 2281 1100; x_wconf 69' lang='grc' dir='ltr'>καὶ</span> <span class='ocrx_word' id='word_1_242' title='bbox 2322 1046 2419 1118; x_wconf 79' lang='grc' dir='ltr'>τὴν</span> <span class='ocrx_word' id='word_1_243' title='bbox 2444 1045 2589 1118; x_wconf 78' lang='grc' dir='ltr'><strong>ζωὴν</strong></span> <span class='ocrx_word' id='word_1_244' title='bbox 2632 1046 2800 1101; x_wconf 87' lang='grc' dir='ltr'>αὑτοῦ</span> <span class='ocrx_word' id='word_1_245' title='bbox 2829 1046 3222 1118; x_wconf 85' lang='grc' dir='ltr'>κυϐερνῶντος,</span> <span class='ocrx_word' id='word_1_246' title='bbox 3258 1049 3337 1110; x_wconf 87' lang='grc' dir='ltr'><strong>είς</strong></span> <span class='ocrx_word' id='word_1_247' title='bbox 3378 1046 3469 1099; x_wconf 85' lang='grc' dir='ltr'><strong>τὸν</strong></span> <span class='ocrx_word' id='word_1_248' title='bbox 3503 1047 3774 1118; x_wconf 82' lang='grc' dir='ltr'>Ἰορδάνην</span> 
     </span>
    </p>
   </div>
   <div class='ocr_carea' id='block_1_40' title="bbox 2187 1137 3776 1210">
    <p class='ocr_par' dir='ltr' id='par_1_40' title="bbox 2187 1137 3776 1210">
     <span class='ocr_line' id='line_1_40' title="bbox 2187 1137 3776 1210; baseline 0 -19"><span class='ocrx_word' id='word_1_249' title='bbox 2187 1137 2517 1210; x_wconf 74' lang='grc' dir='ltr'>ἐπεραιώθη.</span> <span class='ocrx_word' id='word_1_250' title='bbox 2559 1137 2766 1210; x_wconf 86' lang='grc' dir='ltr'>Ἰησοῦς</span> <span class='ocrx_word' id='word_1_251' title='bbox 2808 1139 2864 1193; x_wconf 84' lang='grc' dir='ltr'><strong>δὲ</strong></span> <span class='ocrx_word' id='word_1_252' title='bbox 2903 1140 3151 1203; x_wconf 73' lang='grc' dir='ltr'>καὶτοὺς</span> <span class='ocrx_word' id='word_1_253' title='bbox 3178 1138 3386 1193; x_wconf 87' lang='grc' dir='ltr'>δώδεκα</span> <span class='ocrx_word' id='word_1_254' title='bbox 3429 1138 3612 1202; x_wconf 81' lang='grc' dir='ltr'>λίθους</span> <span class='ocrx_word' id='word_1_255' title='bbox 3638 1139 3776 1192; x_wconf 84' lang='grc' dir='ltr'>ἀπο-</span> 
     </span>
    </p>
   </div>
   <div class='ocr_carea' id='block_1_41' title="bbox 2189 1228 3773 1302">
    <p class='ocr_par' dir='ltr' id='par_1_41' title="bbox 2189 1228 3773 1302">
     <span class='ocr_line' id='line_1_41' title="bbox 2189 1228 3773 1302; baseline 0.001 -20"><span class='ocrx_word' id='word_1_256' title='bbox 2189 1228 2413 1300; x_wconf 82' lang='grc' dir='ltr'>θέμενος</span> <span class='ocrx_word' id='word_1_257' title='bbox 2432 1231 2492 1284; x_wconf 80' lang='grc' dir='ltr'><strong>ἐν</strong></span> <span class='ocrx_word' id='word_1_258' title='bbox 2516 1229 2595 1301; x_wconf 81' lang='grc' dir='ltr'>τῷ</span> <span class='ocrx_word' id='word_1_259' title='bbox 2628 1231 2881 1301; x_wconf 77' lang='grc' dir='ltr'>ῥεύματι,</span> <span class='ocrx_word' id='word_1_260' title='bbox 2909 1230 3176 1302; x_wconf 89' lang='grc' dir='ltr'>πρόδηλόν</span> <span class='ocrx_word' id='word_1_261' title='bbox 3199 1232 3368 1297; x_wconf 87' lang='grc' dir='ltr'>ἐστιν,</span> <span class='ocrx_word' id='word_1_262' title='bbox 3395 1231 3479 1284; x_wconf 86' lang='grc' dir='ltr'><strong>ὅτι</strong></span> <span class='ocrx_word' id='word_1_263' title='bbox 3508 1230 3634 1294; x_wconf 83' lang='grc' dir='ltr'>τοὺς</span> <span class='ocrx_word' id='word_1_264' title='bbox 3671 1228 3773 1283; x_wconf 74' lang='grc' dir='ltr'><strong>δώρ</strong></span> 
     </span>
    </p>
   </div>
   <div class='ocr_carea' id='block_1_42' title="bbox 2188 1318 3775 1393">
    <p class='ocr_par' dir='ltr' id='par_1_42' title="bbox 2188 1318 3775 1393">
     <span class='ocr_line' id='line_1_42' title="bbox 2188 1318 3775 1393; baseline -0.002 -19"><span class='ocrx_word' id='word_1_265' title='bbox 2188 1321 2325 1375; x_wconf 85' lang='grc' dir='ltr'>δεκα</span> <span class='ocrx_word' id='word_1_266' title='bbox 2346 1320 2613 1392; x_wconf 84' lang='grc' dir='ltr'>μαθητὰς,</span> <span class='ocrx_word' id='word_1_267' title='bbox 2640 1323 2767 1385; x_wconf 85' lang='grc' dir='ltr'>τοὺς</span> <span class='ocrx_word' id='word_1_268' title='bbox 2791 1321 3067 1393; x_wconf 80' lang='grc' dir='ltr'>ὑπηρέτας</span> <span class='ocrx_word' id='word_1_269' title='bbox 3093 1318 3186 1374; x_wconf 90' lang='grc' dir='ltr'><strong>τοῦ</strong></span> <span class='ocrx_word' id='word_1_270' title='bbox 3216 1321 3611 1392; x_wconf 84' lang='grc' dir='ltr'>βαπτίσματος.</span> <span class='ocrx_word' id='word_1_271' title='bbox 3642 1336 3775 1390; x_wconf 86' lang='grc' dir='ltr'>προ-</span> 
     </span>
    </p>
   </div>
   <div class='ocr_carea' id='block_1_43' title="bbox 2191 1410 3783 1486">
    <p class='ocr_par' dir='ltr' id='par_1_43' title="bbox 2191 1410 3783 1486">
     <span class='ocr_line' id='line_1_43' title="bbox 2191 1410 3783 1486; baseline 0 -23"><span class='ocrx_word' id='word_1_272' title='bbox 2191 1410 2535 1483; x_wconf 75' lang='grc' dir='ltr'>ηυτρέπιζεν.</span> <span class='ocrx_word' id='word_1_273' title='bbox 2574 1412 2638 1464; x_wconf 81' lang='grc' dir='ltr'><strong>Ἠ</strong></span> <span class='ocrx_word' id='word_1_274' title='bbox 2658 1411 2715 1465; x_wconf 84' lang='grc' dir='ltr'>δὲ</span> <span class='ocrx_word' id='word_1_275' title='bbox 2736 1411 3023 1483; x_wconf 84' lang='grc' dir='ltr'>θαυμαστὴ</span> <span class='ocrx_word' id='word_1_276' title='bbox 3041 1412 3319 1486; x_wconf 78' lang='grc' dir='ltr'>ἱερουργία</span> <span class='ocrx_word' id='word_1_277' title='bbox 3343 1413 3436 1466; x_wconf 78' lang='grc' dir='ltr'><strong>καὶ</strong></span> <span class='ocrx_word' id='word_1_278' title='bbox 3460 1413 3635 1467; x_wconf 87' lang='grc' dir='ltr'>πάντα</span> <span class='ocrx_word' id='word_1_279' title='bbox 3649 1411 3783 1465; x_wconf 75' lang='grc' dir='ltr'>νοῦν</span> 
     </span>
    </p>
   </div>
   <div class='ocr_carea' id='block_1_44' title="bbox 2191 1502 3772 1578">
    <p class='ocr_par' dir='ltr' id='par_1_44' title="bbox 2191 1502 3772 1578">
     <span class='ocr_line' id='line_1_44' title="bbox 2191 1502 3772 1578; baseline -0.001 -19"><span class='ocrx_word' id='word_1_280' title='bbox 2191 1502 2496 1575; x_wconf 83' lang='grc' dir='ltr'>ἀνθρώπων</span> <span class='ocrx_word' id='word_1_281' title='bbox 2526 1505 2927 1578; x_wconf 86' lang='grc' dir='ltr'>ὑπερϐαίνουσα</span> <span class='ocrx_word' id='word_1_282' title='bbox 2954 1505 3049 1559; x_wconf 93' lang='grc' dir='ltr'><strong>τοῦ</strong></span> <span class='ocrx_word' id='word_1_283' title='bbox 3083 1505 3340 1560; x_wconf 87' lang='grc' dir='ltr'>Θεσϐίτου</span> <span class='ocrx_word' id='word_1_284' title='bbox 3371 1504 3465 1559; x_wconf 91' lang='grc' dir='ltr'><strong>τοῦ</strong></span> <span class='ocrx_word' id='word_1_285' title='bbox 3497 1506 3772 1577; x_wconf 87' lang='grc' dir='ltr'>γέροντος,</span> 
     </span>
    </p>
   </div>
   <div class='ocr_carea' id='block_1_45' title="bbox 2192 1595 3777 1671">
    <p class='ocr_par' dir='ltr' id='par_1_45' title="bbox 2192 1595 3777 1671">
     <span class='ocr_line' id='line_1_45' title="bbox 2192 1595 3777 1671; baseline 0.003 -22"><span class='ocrx_word' id='word_1_286' title='bbox 2192 1596 2245 1649; x_wconf 89' lang='grc' dir='ltr'><strong>τί</strong></span> <span class='ocrx_word' id='word_1_287' title='bbox 2274 1613 2404 1650; x_wconf 90' lang='grc' dir='ltr'>ποτε</span> <span class='ocrx_word' id='word_1_288' title='bbox 2427 1595 2575 1664; x_wconf 82' lang='grc' dir='ltr'>ἄλλο,</span> <span class='ocrx_word' id='word_1_289' title='bbox 2604 1598 2638 1669; x_wconf 80' lang='grc' dir='ltr'>ἢ</span> <span class='ocrx_word' id='word_1_290' title='bbox 2663 1598 2979 1669; x_wconf 84' lang='grc' dir='ltr'>πρακτικῶς</span> <span class='ocrx_word' id='word_1_291' title='bbox 3008 1596 3309 1669; x_wconf 83' lang='grc' dir='ltr'>προμηνύει</span> <span class='ocrx_word' id='word_1_292' title='bbox 3333 1599 3431 1670; x_wconf 85' lang='grc' dir='ltr'><strong>τὴν</strong></span> <span class='ocrx_word' id='word_1_293' title='bbox 3460 1601 3539 1663; x_wconf 83' lang='grc' dir='ltr'>εἰς</span> <span class='ocrx_word' id='word_1_294' title='bbox 3556 1597 3777 1671; x_wconf 79' lang='grc' dir='ltr'>Πατέρα</span> 
     </span>
    </p>
   </div>
   <div class='ocr_carea' id='block_1_46' title="bbox 2194 1689 3772 1763">
    <p class='ocr_par' dir='ltr' id='par_1_46' title="bbox 2194 1689 3772 1763">
     <span class='ocr_line' id='line_1_46' title="bbox 2194 1689 3772 1763; baseline 0.002 -20"><span class='ocrx_word' id='word_1_295' title='bbox 2194 1689 2290 1744; x_wconf 73' lang='grc' dir='ltr'><strong>καὶ</strong></span> <span class='ocrx_word' id='word_1_296' title='bbox 2313 1689 2440 1743; x_wconf 85' lang='grc' dir='ltr'>Υίὸν</span> <span class='ocrx_word' id='word_1_297' title='bbox 2466 1692 2560 1744; x_wconf 79' lang='grc' dir='ltr'>καὶ</span> <span class='ocrx_word' id='word_1_298' title='bbox 2585 1690 2738 1761; x_wconf 84' lang='grc' dir='ltr'>ἆγιον</span> <span class='ocrx_word' id='word_1_299' title='bbox 2766 1690 2987 1762; x_wconf 83' lang='grc' dir='ltr'>Πνεῦμα</span> <span class='ocrx_word' id='word_1_300' title='bbox 3011 1690 3217 1757; x_wconf 85' lang='grc' dir='ltr'>πίστιν,</span> <span class='ocrx_word' id='word_1_301' title='bbox 3244 1692 3339 1746; x_wconf 79' lang='grc' dir='ltr'><strong>καὶ</strong></span> <span class='ocrx_word' id='word_1_302' title='bbox 3359 1691 3772 1763; x_wconf 88' lang='grc' dir='ltr'>άπολύτρωσιν;</span> 
     </span>
    </p>
   </div>
   <div class='ocr_carea' id='block_1_47' title="bbox 2209 1782 3783 1859">
    <p class='ocr_par' dir='ltr' id='par_1_47' title="bbox 2209 1782 3783 1859">
     <span class='ocr_line' id='line_1_47' title="bbox 2209 1782 3783 1859; baseline 0.003 -23"><span class='ocrx_word' id='word_1_303' title='bbox 2209 1782 2427 1855; x_wconf 83' lang='grc' dir='ltr'>Ἐπειδὴ</span> <span class='ocrx_word' id='word_1_304' title='bbox 2455 1783 2564 1854; x_wconf 86' lang='grc' dir='ltr'>γὰρ</span> <span class='ocrx_word' id='word_1_305' title='bbox 2584 1783 2729 1847; x_wconf 77' lang='grc' dir='ltr'>ἅπας</span> <span class='ocrx_word' id='word_1_306' title='bbox 2756 1786 2784 1837; x_wconf 86' lang='grc' dir='ltr'>ὁ</span> <span class='ocrx_word' id='word_1_307' title='bbox 2811 1784 2921 1837; x_wconf 90' lang='grc' dir='ltr'><strong>τῶν</strong></span> <span class='ocrx_word' id='word_1_308' title='bbox 2953 1784 3216 1856; x_wconf 87' lang='grc' dir='ltr'>Ἐϐραίων</span> <span class='ocrx_word' id='word_1_309' title='bbox 3235 1784 3361 1849; x_wconf 81' lang='grc' dir='ltr'>λαὸς</span> <span class='ocrx_word' id='word_1_310' title='bbox 3385 1785 3484 1856; x_wconf 83' lang='grc' dir='ltr'><strong>τὴν</strong></span> <span class='ocrx_word' id='word_1_311' title='bbox 3513 1786 3783 1859; x_wconf 67' lang='grc' dir='ltr'>πατρῴαν.</span> 
     </span>
    </p>
   </div>
   <div class='ocr_carea' id='block_1_48' title="bbox 2125 1875 3771 1954">
    <p class='ocr_par' dir='ltr' id='par_1_48' title="bbox 2125 1875 3771 1954">
     <span class='ocr_line' id='line_1_48' title="bbox 2125 1875 3771 1954; baseline 0.002 -26"><span class='ocrx_word' id='word_1_312' title='bbox 2125 1900 2166 1954; x_wconf 77' lang='grc' dir='ltr'><strong>Β</strong></span> <span class='ocrx_word' id='word_1_313' title='bbox 2197 1877 2447 1948; x_wconf 84' lang='grc' dir='ltr'>πατήσας</span> <span class='ocrx_word' id='word_1_314' title='bbox 2471 1875 2769 1939; x_wconf 81' lang='grc' dir='ltr'>εὐσέϐειαν,</span> <span class='ocrx_word' id='word_1_315' title='bbox 2791 1879 2868 1940; x_wconf 84' lang='grc' dir='ltr'><strong>είς</strong></span> <span class='ocrx_word' id='word_1_316' title='bbox 2893 1876 3271 1948; x_wconf 81' lang='grc' dir='ltr'>τὴν-πολύθεον</span> <span class='ocrx_word' id='word_1_317' title='bbox 3292 1877 3500 1949; x_wconf 82' lang='grc' dir='ltr'>πλάνην</span> <span class='ocrx_word' id='word_1_318' title='bbox 3522 1878 3771 1944; x_wconf 76' lang='grc' dir='ltr'>ἐξέπεσε,</span> 
     </span>
    </p>
   </div>
   <div class='ocr_carea' id='block_1_49' title="bbox 2192 1965 3774 2039">
    <p class='ocr_par' dir='ltr' id='par_1_49' title="bbox 2192 1965 3774 2039">
     <span class='ocr_line' id='line_1_49' title="bbox 2192 1965 3774 2039; baseline 0.001 -21"><span class='ocrx_word' id='word_1_319' title='bbox 2192 1967 2287 2020; x_wconf 76' lang='grc' dir='ltr'><strong>καὶ</strong></span> <span class='ocrx_word' id='word_1_320' title='bbox 2342 1968 2370 2020; x_wconf 87' lang='grc' dir='ltr'>ὁ</span> <span class='ocrx_word' id='word_1_321' title='bbox 2415 1966 2668 2037; x_wconf 83' lang='grc' dir='ltr'>βασιλεὺς</span> <span class='ocrx_word' id='word_1_322' title='bbox 2730 1966 2935 2037; x_wconf 86' lang='grc' dir='ltr'>Ἀχαὰϐ</span> <span class='ocrx_word' id='word_1_323' title='bbox 2991 1966 3142 2038; x_wconf 83' lang='grc' dir='ltr'>παρὰ</span> <span class='ocrx_word' id='word_1_324' title='bbox 3187 1965 3289 2036; x_wconf 80' lang='grc' dir='ltr'>τῆς</span> <span class='ocrx_word' id='word_1_325' title='bbox 3334 1966 3774 2039; x_wconf 85' lang='grc' dir='ltr'>είδωλολατρείας</span> 
     </span>
    </p>
   </div>
   <div class='ocr_carea' id='block_1_50' title="bbox 2193 2055 3777 2130">
    <p class='ocr_par' dir='ltr' id='par_1_50' title="bbox 2193 2055 3777 2130">
     <span class='ocr_line' id='line_1_50' title="bbox 2193 2055 3777 2130; baseline -0.003 -18"><span class='ocrx_word' id='word_1_326' title='bbox 2193 2058 2466 2122; x_wconf 78' lang='grc' dir='ltr'>ἐπαίζετο,</span> <span class='ocrx_word' id='word_1_327' title='bbox 2499 2058 2675 2130; x_wconf 80' lang='grc' dir='ltr'>κακὴν</span> <span class='ocrx_word' id='word_1_328' title='bbox 2714 2055 2810 2112; x_wconf 89' lang='grc' dir='ltr'><strong>τοῦ</strong></span> <span class='ocrx_word' id='word_1_329' title='bbox 2856 2057 2972 2127; x_wconf 88' lang='grc' dir='ltr'>βίου</span> <span class='ocrx_word' id='word_1_330' title='bbox 3019 2056 3275 2111; x_wconf 84' lang='grc' dir='ltr'>κοινωνὸν</span> <span class='ocrx_word' id='word_1_331' title='bbox 3324 2058 3414 2113; x_wconf 68' lang='grc' dir='ltr'>καὶ</span> <span class='ocrx_word' id='word_1_332' title='bbox 3457 2058 3777 2129; x_wconf 86' lang='grc' dir='ltr'>παμμίαρον</span> 
     </span>
    </p>
   </div>
   <div class='ocr_carea' id='block_1_51' title="bbox 2190 2146 3776 2221">
    <p class='ocr_par' dir='ltr' id='par_1_51' title="bbox 2190 2146 3776 2221">
     <span class='ocr_line' id='line_1_51' title="bbox 2190 2146 3776 2221; baseline -0.001 -19"><span class='ocrx_word' id='word_1_333' title='bbox 2190 2150 2291 2221; x_wconf 84' lang='grc' dir='ltr'>τῆς</span> <span class='ocrx_word' id='word_1_334' title='bbox 2322 2149 2574 2213; x_wconf 87' lang='grc' dir='ltr'>ἀσεϐείας</span> <span class='ocrx_word' id='word_1_335' title='bbox 2603 2148 2744 2220; x_wconf 78' lang='grc' dir='ltr'><strong>ἔχων</strong></span> <span class='ocrx_word' id='word_1_336' title='bbox 2779 2148 3096 2204; x_wconf 87' lang='grc' dir='ltr'>διδάσκαλον</span> <span class='ocrx_word' id='word_1_337' title='bbox 3130 2148 3228 2218; x_wconf 84' lang='grc' dir='ltr'>τὴν</span> <span class='ocrx_word' id='word_1_338' title='bbox 3255 2147 3568 2220; x_wconf 82' lang='grc' dir='ltr'>δυσώνυμον</span> <span class='ocrx_word' id='word_1_339' title='bbox 3605 2146 3776 2211; x_wconf 80' lang='grc' dir='ltr'>Ἰεζά-</span> 
     </span>
    </p>
   </div>
   <div class='ocr_carea' id='block_1_52' title="bbox 2193 2241 3777 2313">
    <p class='ocr_par' dir='ltr' id='par_1_52' title="bbox 2193 2241 3777 2313">
     <span class='ocr_line' id='line_1_52' title="bbox 2193 2241 3777 2313; baseline -0.002 -18"><span class='ocrx_word' id='word_1_340' title='bbox 2193 2242 2289 2295; x_wconf 88' lang='grc' dir='ltr'><strong>ϐελ</strong></span> <span class='ocrx_word' id='word_1_341' title='bbox 2307 2260 2321 2272; x_wconf 95' lang='grc'><strong>·</strong></span> <span class='ocrx_word' id='word_1_342' title='bbox 2356 2241 2615 2312; x_wconf 80' lang='grc' dir='ltr'>πλησθεὶς</span> <span class='ocrx_word' id='word_1_343' title='bbox 2635 2244 2664 2294; x_wconf 88' lang='grc' dir='ltr'>ὁ</span> <span class='ocrx_word' id='word_1_344' title='bbox 2693 2242 2983 2313; x_wconf 76' lang='grc' dir='ltr'>Προφήτης</span> <span class='ocrx_word' id='word_1_345' title='bbox 3008 2243 3110 2309; x_wconf 78' lang='grc' dir='ltr'><strong>τῆς</strong></span> <span class='ocrx_word' id='word_1_346' title='bbox 3145 2242 3518 2311; x_wconf 84' lang='grc' dir='ltr'>πνευματικῆς</span> <span class='ocrx_word' id='word_1_347' title='bbox 3539 2241 3777 2313; x_wconf 87' lang='grc' dir='ltr'>χάριτος,</span> 
     </span>
    </p>
   </div>
   <div class='ocr_carea' id='block_1_53' title="bbox 2195 2331 3795 2404">
    <p class='ocr_par' dir='ltr' id='par_1_53' title="bbox 2195 2331 3795 2404">
     <span class='ocr_line' id='line_1_53' title="bbox 2195 2331 3795 2404; baseline -0.003 -15"><span class='ocrx_word' id='word_1_348' title='bbox 2195 2334 2364 2389; x_wconf 89' lang='grc' dir='ltr'>ἐλθὼν</span> <span class='ocrx_word' id='word_1_349' title='bbox 2395 2334 2451 2388; x_wconf 88' lang='grc' dir='ltr'>δὲ</span> <span class='ocrx_word' id='word_1_350' title='bbox 2485 2336 2565 2398; x_wconf 84' lang='grc' dir='ltr'><strong>είς</strong></span> <span class='ocrx_word' id='word_1_351' title='bbox 2591 2333 2882 2404; x_wconf 88' lang='grc' dir='ltr'>συντυχίαν</span> <span class='ocrx_word' id='word_1_352' title='bbox 2912 2331 2996 2403; x_wconf 80' lang='grc' dir='ltr'>τῷ</span> <span class='ocrx_word' id='word_1_353' title='bbox 3032 2331 3258 2403; x_wconf 82' lang='grc' dir='ltr'>Ἀχαάϐ,</span> <span class='ocrx_word' id='word_1_354' title='bbox 3295 2333 3399 2385; x_wconf 74' lang='grc' dir='ltr'><strong>ὑπὸ</strong></span> <span class='ocrx_word' id='word_1_355' title='bbox 3433 2333 3668 2404; x_wconf 85' lang='grc' dir='ltr'>μάρτυρι</span> <span class='ocrx_word' id='word_1_356' title='bbox 3700 2331 3795 2402; x_wconf 69' lang='grc' dir='ltr'><strong>τῷν</strong></span> 
     </span>
    </p>
   </div>
   <div class='ocr_carea' id='block_1_54' title="bbox 2194 2422 3781 2498">
    <p class='ocr_par' dir='ltr' id='par_1_54' title="bbox 2194 2422 3781 2498">
     <span class='ocr_line' id='line_1_54' title="bbox 2194 2422 3781 2498; baseline -0.003 -17"><span class='ocrx_word' id='word_1_357' title='bbox 2194 2428 2409 2498; x_wconf 89' lang='grc' dir='ltr'>βασιλεῖ</span> <span class='ocrx_word' id='word_1_358' title='bbox 2440 2428 2535 2481; x_wconf 68' lang='grc' dir='ltr'><strong>καὶ</strong></span> <span class='ocrx_word' id='word_1_359' title='bbox 2570 2427 2735 2480; x_wconf 74' lang='grc' dir='ltr'>παντὶ</span> <span class='ocrx_word' id='word_1_360' title='bbox 2765 2425 2845 2497; x_wconf 82' lang='grc' dir='ltr'>τῷ</span> <span class='ocrx_word' id='word_1_361' title='bbox 2888 2424 3026 2496; x_wconf 80' lang='grc' dir='ltr'>λαῷ,</span> <span class='ocrx_word' id='word_1_362' title='bbox 3060 2427 3173 2488; x_wconf 83' lang='grc' dir='ltr'>τοῖς</span> <span class='ocrx_word' id='word_1_363' title='bbox 3215 2425 3315 2494; x_wconf 84' lang='grc' dir='ltr'>τῆς</span> <span class='ocrx_word' id='word_1_364' title='bbox 3349 2425 3500 2478; x_wconf 88' lang='grc' dir='ltr'>Βάαλ</span> <span class='ocrx_word' id='word_1_365' title='bbox 3542 2422 3781 2496; x_wconf 82' lang='grc' dir='ltr'>ἱερεῦσιν</span> 
     </span>
    </p>
   </div>
   <div class='ocr_carea' id='block_1_55' title="bbox 2194 2514 3779 2589">
    <p class='ocr_par' dir='ltr' id='par_1_55' title="bbox 2194 2514 3779 2589">
     <span class='ocr_line' id='line_1_55' title="bbox 2194 2514 3779 2589; baseline -0.003 -16"><span class='ocrx_word' id='word_1_366' title='bbox 2194 2518 2556 2588; x_wconf 85' lang='grc' dir='ltr'>ἀντικατέστη</span> <span class='ocrx_word' id='word_1_367' title='bbox 2589 2518 2726 2589; x_wconf 73' lang='grc' dir='ltr'>πρὸς</span> <span class='ocrx_word' id='word_1_368' title='bbox 2771 2517 2959 2586; x_wconf 86' lang='grc' dir='ltr'>ἀγῶνα</span> <span class='ocrx_word' id='word_1_369' title='bbox 3006 2514 3319 2587; x_wconf 85' lang='grc' dir='ltr'>θαυμαστὸν</span> <span class='ocrx_word' id='word_1_370' title='bbox 3371 2515 3466 2568; x_wconf 74' lang='grc' dir='ltr'>καὶ</span> <span class='ocrx_word' id='word_1_371' title='bbox 3519 2515 3779 2582; x_wconf 80' lang='grc' dir='ltr'>ἐξαίσιον.</span> 
     </span>
    </p>
   </div>
   <div class='ocr_carea' id='block_1_56' title="bbox 2195 2603 3777 2679">
    <p class='ocr_par' dir='ltr' id='par_1_56' title="bbox 2195 2603 3777 2679">
     <span class='ocr_line' id='line_1_56' title="bbox 2195 2603 3777 2679; baseline 0.001 -18"><span class='ocrx_word' id='word_1_372' title='bbox 2195 2609 2306 2662; x_wconf 79' lang='grc' dir='ltr'><strong>Καὶ</strong></span> <span class='ocrx_word' id='word_1_373' title='bbox 2334 2607 2771 2679; x_wconf 87' lang='grc' dir='ltr'>προϐαλλόμενος</span> <span class='ocrx_word' id='word_1_374' title='bbox 2787 2607 2969 2669; x_wconf 83' lang='grc' dir='ltr'>αὑτοῖς</span> <span class='ocrx_word' id='word_1_375' title='bbox 2988 2608 3050 2659; x_wconf 87' lang='grc' dir='ltr'>τὺ</span> <span class='ocrx_word' id='word_1_376' title='bbox 3079 2605 3248 2675; x_wconf 78' lang='grc' dir='ltr'>χωρὶς</span> <span class='ocrx_word' id='word_1_377' title='bbox 3276 2603 3448 2676; x_wconf 84' lang='grc' dir='ltr'>πυρὸς</span> <span class='ocrx_word' id='word_1_378' title='bbox 3488 2604 3746 2675; x_wconf 81' lang='grc' dir='ltr'>ἱερουργῆ</span> <span class='ocrx_word' id='word_1_379' title='bbox 3763 2632 3777 2641; x_wconf 93' lang='grc'><strong>-</strong></span> 
     </span>
    </p>
   </div>
   <div class='ocr_carea' id='block_1_57' title="bbox 2198 2695 3786 2772">
    <p class='ocr_par' dir='ltr' id='par_1_57' title="bbox 2198 2695 3786 2772">
     <span class='ocr_line' id='line_1_57' title="bbox 2198 2695 3786 2772; baseline -0.004 -18"><span class='ocrx_word' id='word_1_380' title='bbox 2198 2718 2287 2754; x_wconf 92' lang='grc' dir='ltr'><strong>σαι</strong></span> <span class='ocrx_word' id='word_1_381' title='bbox 2307 2700 2398 2753; x_wconf 82' lang='grc' dir='ltr'>τὸν</span> <span class='ocrx_word' id='word_1_382' title='bbox 2424 2699 2552 2772; x_wconf 89' lang='grc' dir='ltr'>βοῦν</span> <span class='ocrx_word' id='word_1_383' title='bbox 2574 2740 2591 2765; x_wconf 88' lang='grc'><strong>,</strong></span> <span class='ocrx_word' id='word_1_384' title='bbox 2628 2699 3065 2767; x_wconf 83' lang='grc' dir='ltr'>καταγελάστους</span> <span class='ocrx_word' id='word_1_385' title='bbox 3091 2696 3255 2762; x_wconf 76' lang='grc' dir='ltr'>ἔδειξε</span> <span class='ocrx_word' id='word_1_386' title='bbox 3294 2697 3383 2749; x_wconf 74' lang='grc' dir='ltr'><strong>καὶ</strong></span> <span class='ocrx_word' id='word_1_387' title='bbox 3405 2695 3642 2759; x_wconf 88' lang='grc' dir='ltr'>ἀθλίους,</span> <span class='ocrx_word' id='word_1_388' title='bbox 3683 2697 3786 2766; x_wconf 76' lang='grc' dir='ltr'>μά-</span> 
     </span>
    </p>
   </div>
   <div class='ocr_carea' id='block_1_58' title="bbox 2196 2782 3782 2863">
    <p class='ocr_par' dir='ltr' id='par_1_58' title="bbox 2196 2782 3782 2863">
     <span class='ocr_line' id='line_1_58' title="bbox 2196 2782 3782 2863; baseline -0.007 -16"><span class='ocrx_word' id='word_1_389' title='bbox 2196 2809 2297 2863; x_wconf 90' lang='grc' dir='ltr'><strong>την</strong></span> <span class='ocrx_word' id='word_1_390' title='bbox 2334 2792 2660 2863; x_wconf 82' lang='grc' dir='ltr'>εὐχομένους</span> <span class='ocrx_word' id='word_1_391' title='bbox 2705 2790 2800 2844; x_wconf 74' lang='grc' dir='ltr'><strong>καὶ</strong></span> <span class='ocrx_word' id='word_1_392' title='bbox 2829 2789 3129 2858; x_wconf 80' lang='grc' dir='ltr'>κράζοντας</span> <span class='ocrx_word' id='word_1_393' title='bbox 3156 2789 3270 2851; x_wconf 84' lang='grc' dir='ltr'>τοῖς</span> <span class='ocrx_word' id='word_1_394' title='bbox 3311 2787 3411 2841; x_wconf 89' lang='grc' dir='ltr'><strong>οὑκ</strong></span> <span class='ocrx_word' id='word_1_395' title='bbox 3449 2782 3569 2839; x_wconf 77' lang='grc' dir='ltr'>οὖσι</span> <span class='ocrx_word' id='word_1_396' title='bbox 3619 2784 3782 2846; x_wconf 84' lang='grc' dir='ltr'>θεοῖς.</span> 
     </span>
    </p>
   </div>
   <div class='ocr_carea' id='block_1_59' title="bbox 2198 2876 3782 2953">
    <p class='ocr_par' dir='ltr' id='par_1_59' title="bbox 2198 2876 3782 2953">
     <span class='ocr_line' id='line_1_59' title="bbox 2198 2876 3782 2953; baseline -0.007 -15"><span class='ocrx_word' id='word_1_397' title='bbox 2198 2884 2384 2950; x_wconf 87' lang='grc' dir='ltr'>Τέλος,</span> <span class='ocrx_word' id='word_1_398' title='bbox 2418 2882 2882 2953; x_wconf 77' lang='grc' dir='ltr'>ἐπικαλεσάμενος</span> <span class='ocrx_word' id='word_1_399' title='bbox 2925 2881 3088 2944; x_wconf 84' lang='grc' dir='ltr'>αὐτὸς</span> <span class='ocrx_word' id='word_1_400' title='bbox 3117 2881 3211 2934; x_wconf 85' lang='grc' dir='ltr'><strong>τὸν</strong></span> <span class='ocrx_word' id='word_1_401' title='bbox 3245 2879 3375 2934; x_wconf 75' lang='grc' dir='ltr'>ἴδιον</span> <span class='ocrx_word' id='word_1_402' title='bbox 3398 2879 3491 2932; x_wconf 72' lang='grc' dir='ltr'><strong>καὶ</strong></span> <span class='ocrx_word' id='word_1_403' title='bbox 3530 2876 3782 2947; x_wconf 74' lang='grc' dir='ltr'>ἀληθινὸν</span> 
     </span>
    </p>
   </div>
   <div class='ocr_carea' id='block_1_60' title="bbox 2200 2968 3797 3047">
    <p class='ocr_par' dir='ltr' id='par_1_60' title="bbox 2200 2968 3797 3047">
     <span class='ocr_line' id='line_1_60' title="bbox 2200 2968 3797 3047; baseline -0.008 -17"><span class='ocrx_word' id='word_1_404' title='bbox 2200 2976 2356 3043; x_wconf 82' lang='grc' dir='ltr'>Θεὸν,</span> <span class='ocrx_word' id='word_1_405' title='bbox 2408 2974 2736 3047; x_wconf 83' lang='grc' dir='ltr'>ὑπερϐολαῖς</span> <span class='ocrx_word' id='word_1_406' title='bbox 2774 2973 2981 3027; x_wconf 81' lang='grc' dir='ltr'>πλείοσι</span> <span class='ocrx_word' id='word_1_407' title='bbox 3016 2972 3112 3026; x_wconf 70' lang='grc' dir='ltr'><strong>κα)⁵</strong></span> <span class='ocrx_word' id='word_1_408' title='bbox 3161 2970 3523 3043; x_wconf 83' lang='grc' dir='ltr'>προσθήκαις,</span> <span class='ocrx_word' id='word_1_409' title='bbox 3571 2968 3797 3037; x_wconf 59' lang='grc' dir='ltr'>θαυμαι</span> 
     </span>
    </p>
   </div>
   <div class='ocr_carea' id='block_1_61' title="bbox 2200 3058 3799 3135">
    <p class='ocr_par' dir='ltr' id='par_1_61' title="bbox 2200 3058 3799 3135">
     <span class='ocr_line' id='line_1_61' title="bbox 2200 3058 3799 3135; baseline -0.008 -14"><span class='ocrx_word' id='word_1_410' title='bbox 2200 3067 2343 3132; x_wconf 82' lang='grc' dir='ltr'>στῶς</span> <span class='ocrx_word' id='word_1_411' title='bbox 2398 3065 2672 3132; x_wconf 76' lang='grc' dir='ltr'>ἐξετέλεσε</span> <span class='ocrx_word' id='word_1_412' title='bbox 2722 3065 2784 3118; x_wconf 83' lang='grc' dir='ltr'><strong>τὸ</strong></span> <span class='ocrx_word' id='word_1_413' title='bbox 2828 3063 3137 3135; x_wconf 81' lang='grc' dir='ltr'>προϐληθὲν</span> <span class='ocrx_word' id='word_1_414' title='bbox 3190 3062 3500 3131; x_wconf 83' lang='grc' dir='ltr'>ἀγώνισμα.</span> <span class='ocrx_word' id='word_1_415' title='bbox 3558 3059 3631 3112; x_wconf 70' lang='lat' dir='ltr'><strong>Ub</strong></span> <span class='ocrx_word' id='word_1_416' title='bbox 3678 3058 3799 3127; x_wconf 76' lang='grc' dir='ltr'><strong>γὸιρ⁴</strong></span> 
     </span>
    </p>
   </div>
   <div class='ocr_carea' id='block_1_62' title="bbox 527 3148 2099 3228">
    <p class='ocr_par' dir='ltr' id='par_1_62' title="bbox 527 3148 2099 3226">
     <span class='ocr_line' id='line_1_62' title="bbox 527 3148 2099 3226; baseline -0.006 -16"><span class='ocrx_word' id='word_1_417' title='bbox 527 3153 764 3226; x_wconf 75' lang='lat' dir='ltr'><strong>professi</strong></span> <span class='ocrx_word' id='word_1_418' title='bbox 809 3159 984 3217; x_wconf 89' lang='lat' dir='ltr'><strong>erant,</strong></span> <span class='ocrx_word' id='word_1_419' title='bbox 1019 3149 1166 3219; x_wconf 89' lang='lat' dir='ltr'><strong>quod</strong></span> <span class='ocrx_word' id='word_1_420' title='bbox 1198 3149 1406 3218; x_wconf 89' lang='lat' dir='ltr'><strong>absque</strong></span> <span class='ocrx_word' id='word_1_421' title='bbox 1444 3148 1556 3217; x_wconf 85' lang='lat' dir='ltr'><strong>igni</strong></span> <span class='ocrx_word' id='word_1_422' title='bbox 1588 3148 1782 3202; x_wconf 86' lang='lat' dir='ltr'><strong>bovem</strong></span> <span class='ocrx_word' id='word_1_423' title='bbox 1820 3148 2099 3202; x_wconf 87' lang='lat' dir='ltr'><strong>sacriﬁca-</strong></span> 
     </span>
    </p>
   </div>
   <div class='ocr_carea' id='block_1_63' title="bbox 2200 3148 3783 3228">
    <p class='ocr_par' dir='ltr' id='par_1_63' title="bbox 2205 3149 3783 3228">
     <span class='ocr_line' id='line_1_63' title="bbox 2205 3149 3783 3228; baseline -0.008 -16"><span class='ocrx_word' id='word_1_424' title='bbox 2205 3157 2390 3222; x_wconf 87' lang='grc' dir='ltr'>ἀπλῶς</span> <span class='ocrx_word' id='word_1_425' title='bbox 2413 3157 2709 3228; x_wconf 80' lang='grc' dir='ltr'>εὐξάμενος</span> <span class='ocrx_word' id='word_1_426' title='bbox 2735 3158 2913 3228; x_wconf 69' lang='grc' dir='ltr'>ἤγαγε</span> <span class='ocrx_word' id='word_1_427' title='bbox 2941 3156 3003 3209; x_wconf 81' lang='grc' dir='ltr'><strong>τὸ</strong></span> <span class='ocrx_word' id='word_1_428' title='bbox 3032 3155 3143 3227; x_wconf 90' lang='grc' dir='ltr'><strong>πῦρ</strong></span> <span class='ocrx_word' id='word_1_429' title='bbox 3172 3155 3232 3221; x_wconf 81' lang='grc' dir='ltr'><strong>ἐξ</strong></span> <span class='ocrx_word' id='word_1_430' title='bbox 3261 3151 3488 3220; x_wconf 81' lang='grc' dir='ltr'>ούρανοῦ</span> <span class='ocrx_word' id='word_1_431' title='bbox 3512 3150 3653 3203; x_wconf 77' lang='grc' dir='ltr'>κατὰ</span> <span class='ocrx_word' id='word_1_432' title='bbox 3674 3149 3783 3200; x_wconf 88' lang='grc' dir='ltr'><strong>τῶν</strong></span> 
     </span>
    </p>
   </div>
   <div class='ocr_carea' id='block_1_64' title="bbox 526 3233 2099 3321">
    <p class='ocr_par' dir='ltr' id='par_1_64' title="bbox 526 3239 2099 3309">
     <span class='ocr_line' id='line_1_64' title="bbox 526 3239 2099 3309; baseline -0.004 -7"><span class='ocrx_word' id='word_1_433' title='bbox 526 3248 640 3302; x_wconf 86' lang='lat' dir='ltr'><strong>turi</strong></span> <span class='ocrx_word' id='word_1_434' title='bbox 674 3252 881 3309; x_wconf 89' lang='lat' dir='ltr'><strong>essent,</strong></span> <span class='ocrx_word' id='word_1_435' title='bbox 908 3242 1169 3297; x_wconf 89' lang='lat' dir='ltr'><strong>ridiculos</strong></span> <span class='ocrx_word' id='word_1_436' title='bbox 1213 3256 1278 3295; x_wconf 88' lang='lat' dir='ltr'><strong>ac</strong></span> <span class='ocrx_word' id='word_1_437' title='bbox 1323 3241 1554 3295; x_wconf 88' lang='lat' dir='ltr'><strong>miseros</strong></span> <span class='ocrx_word' id='word_1_438' title='bbox 1587 3240 1847 3305; x_wconf 86' lang='lat' dir='ltr'><strong>ostendit,</strong></span> <span class='ocrx_word' id='word_1_439' title='bbox 1896 3239 2099 3296; x_wconf 80' lang='lat' dir='ltr'><strong>frustra</strong></span> 
     </span>
    </p>
   </div>
   <div class='ocr_carea' id='block_1_65' title="bbox 2200 3233 3787 3321">
    <p class='ocr_par' dir='ltr' id='par_1_65' title="bbox 2214 3242 3787 3321">
     <span class='ocr_line' id='line_1_65' title="bbox 2214 3242 3787 3321; baseline -0.017 -5"><span class='ocrx_word' id='word_1_440' title='bbox 2214 3251 2385 3316; x_wconf 76' lang='grc' dir='ltr'>ξύλων</span> <span class='ocrx_word' id='word_1_441' title='bbox 2408 3248 2588 3321; x_wconf 81' lang='grc' dir='ltr'>ξηρῶν</span> <span class='ocrx_word' id='word_1_442' title='bbox 2619 3248 2992 3320; x_wconf 83' lang='grc' dir='ltr'>ὑπαρχόντων,</span> <span class='ocrx_word' id='word_1_443' title='bbox 3017 3247 3153 3301; x_wconf 84' lang='grc' dir='ltr'><strong>άλλά</strong></span> <span class='ocrx_word' id='word_1_444' title='bbox 3175 3249 3285 3309; x_wconf 86' lang='grc' dir='ltr'>τοῖς</span> <span class='ocrx_word' id='word_1_445' title='bbox 3308 3243 3605 3314; x_wconf 85' lang='grc' dir='ltr'>ὑπηρέταις</span> <span class='ocrx_word' id='word_1_446' title='bbox 3632 3242 3787 3307; x_wconf 83' lang='grc' dir='ltr'>ἐγκε-</span> 
     </span>
    </p>
   </div>
   <div class='ocr_carea' id='block_1_66' title="bbox 529 3331 2105 3410">
    <p class='ocr_par' dir='ltr' id='par_1_66' title="bbox 529 3331 2105 3410">
     <span class='ocr_line' id='line_1_66' title="bbox 529 3331 2105 3410; baseline -0.004 -17"><span class='ocrx_word' id='word_1_447' title='bbox 529 3345 818 3410; x_wconf 88' lang='lat' dir='ltr'><strong>precantes</strong></span> <span class='ocrx_word' id='word_1_448' title='bbox 846 3340 901 3389; x_wconf 90' lang='lat' dir='ltr'><strong>et</strong></span> <span class='ocrx_word' id='word_1_449' title='bbox 930 3334 1251 3388; x_wconf 88' lang='lat' dir='ltr'><strong>invocantes</strong></span> <span class='ocrx_word' id='word_1_450' title='bbox 1276 3331 1430 3396; x_wconf 90' lang='lat' dir='ltr'><strong>deos,</strong></span> <span class='ocrx_word' id='word_1_451' title='bbox 1481 3331 1576 3400; x_wconf 90' lang='lat' dir='ltr'><strong>qui</strong></span> <span class='ocrx_word' id='word_1_452' title='bbox 1613 3332 1748 3386; x_wconf 89' lang='lat' dir='ltr'><strong>nulli</strong></span> <span class='ocrx_word' id='word_1_453' title='bbox 1773 3339 1922 3388; x_wconf 85' lang='lat' dir='ltr'><strong>sunt.</strong></span> <span class='ocrx_word' id='word_1_454' title='bbox 1958 3332 2105 3388; x_wconf 86' lang='lat' dir='ltr'><strong>Tan-</strong></span> 
     </span>
    </p>
   </div>
   <div class='ocr_carea' id='block_1_67' title="bbox 529 3421 2103 3499">
    <p class='ocr_par' dir='ltr' id='par_1_67' title="bbox 529 3421 2103 3499">
     <span class='ocr_line' id='line_1_67' title="bbox 529 3421 2103 3499; baseline -0.006 -13"><span class='ocrx_word' id='word_1_455' title='bbox 529 3432 654 3486; x_wconf 91' lang='lat' dir='ltr'><strong>dem</strong></span> <span class='ocrx_word' id='word_1_456' title='bbox 678 3428 796 3499; x_wconf 88' lang='lat' dir='ltr'><strong>ipse</strong></span> <span class='ocrx_word' id='word_1_457' title='bbox 826 3439 929 3482; x_wconf 84' lang='lat' dir='ltr'><strong>suo</strong></span> <span class='ocrx_word' id='word_1_458' title='bbox 959 3439 1023 3479; x_wconf 88' lang='lat' dir='ltr'><strong>ac</strong></span> <span class='ocrx_word' id='word_1_459' title='bbox 1050 3437 1179 3478; x_wconf 88' lang='lat' dir='ltr'><strong>vero</strong></span> <span class='ocrx_word' id='word_1_460' title='bbox 1198 3421 1308 3477; x_wconf 81' lang='lat' dir='ltr'><strong>Deo</strong></span> <span class='ocrx_word' id='word_1_461' title='bbox 1334 3423 1608 3489; x_wconf 90' lang='lat' dir='ltr'><strong>invocato,</strong></span> <span class='ocrx_word' id='word_1_462' title='bbox 1638 3423 1958 3480; x_wconf 83' lang='lat' dir='ltr'><strong>excessibus</strong></span> <span class='ocrx_word' id='word_1_463' title='bbox 1979 3422 2103 3494; x_wconf 78' lang='lat' dir='ltr'><strong>plu-</strong></span> 
     </span>
    </p>
   </div>
   <div class='ocr_carea' id='block_1_68' title="bbox 530 3515 2104 3588">
    <p class='ocr_par' dir='ltr' id='par_1_68' title="bbox 530 3515 2104 3588">
     <span class='ocr_line' id='line_1_68' title="bbox 530 3515 2104 3588; baseline -0.004 -10"><span class='ocrx_word' id='word_1_464' title='bbox 530 3524 687 3578; x_wconf 87' lang='lat' dir='ltr'><strong>ribus</strong></span> <span class='ocrx_word' id='word_1_465' title='bbox 716 3528 772 3575; x_wconf 93' lang='lat' dir='ltr'><strong>et</strong></span> <span class='ocrx_word' id='word_1_466' title='bbox 816 3517 1220 3588; x_wconf 81' lang='lat' dir='ltr'><strong>adiectionibus</strong></span> <span class='ocrx_word' id='word_1_467' title='bbox 1251 3515 1576 3570; x_wconf 89' lang='lat' dir='ltr'><strong>mirabiliter</strong></span> <span class='ocrx_word' id='word_1_468' title='bbox 1611 3517 1951 3586; x_wconf 90' lang='lat' dir='ltr'><strong>propositum</strong></span> <span class='ocrx_word' id='word_1_469' title='bbox 1982 3533 2104 3572; x_wconf 84' lang='lat' dir='ltr'><strong>cer-</strong></span> 
     </span>
    </p>
   </div>
   <div class='ocr_carea' id='block_1_69' title="bbox 530 3607 2100 3684">
    <p class='ocr_par' dir='ltr' id='par_1_69' title="bbox 530 3607 2100 3684">
     <span class='ocr_line' id='line_1_69' title="bbox 530 3607 2100 3684; baseline -0.003 -14"><span class='ocrx_word' id='word_1_470' title='bbox 530 3626 714 3670; x_wconf 88' lang='lat' dir='ltr'><strong>tamen</strong></span> <span class='ocrx_word' id='word_1_471' title='bbox 754 3614 961 3684; x_wconf 78' lang='lat' dir='ltr'><strong>peregit</strong></span> <span class='ocrx_word' id='word_1_472' title='bbox 985 3612 1056 3666; x_wconf 78' lang='grc'><strong>²⁵.</strong></span> <span class='ocrx_word' id='word_1_473' title='bbox 1102 3607 1223 3664; x_wconf 87' lang='lat' dir='ltr'><strong>Non</strong></span> <span class='ocrx_word' id='word_1_474' title='bbox 1260 3609 1406 3662; x_wconf 90' lang='lat' dir='ltr'><strong>enim</strong></span> <span class='ocrx_word' id='word_1_475' title='bbox 1437 3608 1760 3677; x_wconf 88' lang='lat' dir='ltr'><strong>simpliciter</strong></span> <span class='ocrx_word' id='word_1_476' title='bbox 1808 3619 2100 3679; x_wconf 88' lang='lat' dir='ltr'><strong>precatus,</strong></span> 
     </span>
    </p>
   </div>
   <div class='ocr_carea' id='block_1_70' title="bbox 531 3701 2108 3782">
    <p class='ocr_par' dir='ltr' id='par_1_70' title="bbox 531 3701 2108 3782">
     <span class='ocr_line' id='line_1_70' title="bbox 531 3701 2108 3782; baseline -0.003 -18"><span class='ocrx_word' id='word_1_477' title='bbox 531 3709 698 3782; x_wconf 78' lang='lat' dir='ltr'><strong>lignis</strong></span> <span class='ocrx_word' id='word_1_478' title='bbox 719 3745 735 3772; x_wconf 95' lang='lat'><strong>,</strong></span> <span class='ocrx_word' id='word_1_479' title='bbox 770 3720 893 3776; x_wconf 68' lang='lat' dir='ltr'><strong>qua:</strong></span> <span class='ocrx_word' id='word_1_480' title='bbox 941 3703 1093 3759; x_wconf 89' lang='lat' dir='ltr'><strong>arida</strong></span> <span class='ocrx_word' id='word_1_481' title='bbox 1147 3710 1354 3766; x_wconf 89' lang='lat' dir='ltr'><strong>essent,</strong></span> <span class='ocrx_word' id='word_1_482' title='bbox 1386 3701 1565 3771; x_wconf 90' lang='lat' dir='ltr'><strong>ignem</strong></span> <span class='ocrx_word' id='word_1_483' title='bbox 1594 3716 1625 3756; x_wconf 90' lang='lat' dir='ltr'><strong>e</strong></span> <span class='ocrx_word' id='word_1_484' title='bbox 1657 3701 1799 3756; x_wconf 75' lang='lat' dir='ltr'><strong>ccelo</strong></span> <span class='ocrx_word' id='word_1_485' title='bbox 1855 3705 2108 3775; x_wconf 81' lang='lat' dir='ltr'><strong>superin-</strong></span> 
     </span>
    </p>
   </div>
   <div class='ocr_carea' id='block_1_71' title="bbox 533 3790 2107 3863">
    <p class='ocr_par' dir='ltr' id='par_1_71' title="bbox 533 3790 2107 3863">
     <span class='ocr_line' id='line_1_71' title="bbox 533 3790 2107 3863; baseline -0.001 -10"><span class='ocrx_word' id='word_1_486' title='bbox 533 3799 711 3863; x_wconf 82' lang='lat' dir='ltr'><strong>duxit,</strong></span> <span class='ocrx_word' id='word_1_487' title='bbox 744 3794 841 3851; x_wconf 90' lang='lat' dir='ltr'><strong>sed</strong></span> <span class='ocrx_word' id='word_1_488' title='bbox 866 3808 994 3849; x_wconf 91' lang='lat' dir='ltr'><strong>cum</strong></span> <span class='ocrx_word' id='word_1_489' title='bbox 1025 3792 1304 3848; x_wconf 90' lang='lat' dir='ltr'><strong>ministros</strong></span> <span class='ocrx_word' id='word_1_490' title='bbox 1335 3790 1585 3845; x_wconf 88' lang='lat' dir='ltr'><strong>hortatus</strong></span> <span class='ocrx_word' id='word_1_491' title='bbox 1617 3799 1765 3847; x_wconf 88' lang='lat' dir='ltr'><strong>esset</strong></span> <span class='ocrx_word' id='word_1_492' title='bbox 1816 3807 1879 3846; x_wconf 90' lang='lat' dir='ltr'><strong>ac</strong></span> <span class='ocrx_word' id='word_1_493' title='bbox 1903 3795 2107 3863; x_wconf 68' lang='lat' dir='ltr'><strong>jussis~</strong></span> 
     </span>
    </p>
   </div>
   <div class='ocr_carea' id='block_1_72' title="bbox 2209 3333 3802 3414">
    <p class='ocr_par' dir='ltr' id='par_1_72' title="bbox 2209 3333 3802 3414">
     <span class='ocr_line' id='line_1_72' title="bbox 2209 3333 3802 3414; baseline -0.009 -17"><span class='ocrx_word' id='word_1_494' title='bbox 2209 3343 2537 3414; x_wconf 82' lang='grc' dir='ltr'>λευσάμενος</span> <span class='ocrx_word' id='word_1_495' title='bbox 2559 3344 2652 3396; x_wconf 79' lang='grc' dir='ltr'><strong>καὶ</strong></span> <span class='ocrx_word' id='word_1_496' title='bbox 2676 3341 2984 3413; x_wconf 82' lang='grc' dir='ltr'>προστάξας</span> <span class='ocrx_word' id='word_1_497' title='bbox 3003 3340 3147 3412; x_wconf 83' lang='grc' dir='ltr'>’ύδωρ</span> <span class='ocrx_word' id='word_1_498' title='bbox 3166 3337 3388 3410; x_wconf 90' lang='grc' dir='ltr'>κομίσαι</span> <span class='ocrx_word' id='word_1_499' title='bbox 3412 3335 3566 3389; x_wconf 87' lang='grc' dir='ltr'>πολύ.</span> <span class='ocrx_word' id='word_1_500' title='bbox 3593 3333 3802 3405; x_wconf 81' lang='grc' dir='ltr'>Τρίτον.</span> 
     </span>
    </p>
   </div>
   <div class='ocr_carea' id='block_1_73' title="bbox 2210 3425 3788 3505">
    <p class='ocr_par' dir='ltr' id='par_1_73' title="bbox 2210 3425 3788 3505">
     <span class='ocr_line' id='line_1_73' title="bbox 2210 3425 3788 3505; baseline 0.002 -17"><span class='ocrx_word' id='word_1_501' title='bbox 2210 3434 2268 3488; x_wconf 85' lang='grc' dir='ltr'>δὲ</span> <span class='ocrx_word' id='word_1_502' title='bbox 2293 3434 2401 3488; x_wconf 87' lang='grc' dir='ltr'><strong>τῶν</strong></span> <span class='ocrx_word' id='word_1_503' title='bbox 2431 3434 2699 3505; x_wconf 81' lang='grc' dir='ltr'>σχιδάκων</span> <span class='ocrx_word' id='word_1_504' title='bbox 2746 3434 3023 3505; x_wconf 83' lang='grc' dir='ltr'>καταχέας</span> <span class='ocrx_word' id='word_1_505' title='bbox 3060 3433 3188 3496; x_wconf 81' lang='grc' dir='ltr'>τοὺς</span> <span class='ocrx_word' id='word_1_506' title='bbox 3227 3430 3623 3502; x_wconf 71' lang='grc' dir='ltr'>ἀμφορίσκουςν</span> <span class='ocrx_word' id='word_1_507' title='bbox 3655 3425 3788 3495; x_wconf 58' lang='grc' dir='ltr'>εἴ)χῇ</span> 
     </span>
    </p>
   </div>
   <div class='ocr_carea' id='block_1_74' title="bbox 2209 3517 3787 3599">
    <p class='ocr_par' dir='ltr' id='par_1_74' title="bbox 2209 3517 3787 3599">
     <span class='ocr_line' id='line_1_74' title="bbox 2209 3517 3787 3599; baseline -0.008 -20"><span class='ocrx_word' id='word_1_508' title='bbox 2209 3530 2271 3580; x_wconf 85' lang='grc' dir='ltr'><strong>τὸ</strong></span> <span class='ocrx_word' id='word_1_509' title='bbox 2311 3525 2423 3599; x_wconf 89' lang='grc' dir='ltr'><strong>πῦρ</strong></span> <span class='ocrx_word' id='word_1_510' title='bbox 2450 3526 2654 3596; x_wconf 79' lang='grc' dir='ltr'>ἀνῆψεν</span> <span class='ocrx_word' id='word_1_511' title='bbox 2689 3526 2748 3594; x_wconf 80' lang='grc' dir='ltr'><strong>ἐξ</strong></span> <span class='ocrx_word' id='word_1_512' title='bbox 2795 3525 3013 3589; x_wconf 64' lang='lat'><strong>060.10;-</strong></span> <span class='ocrx_word' id='word_1_513' title='bbox 3056 3525 3144 3578; x_wconf 84' lang='grc' dir='ltr'><strong>ἵνα</strong></span> <span class='ocrx_word' id='word_1_514' title='bbox 3180 3525 3245 3576; x_wconf 80' lang='grc' dir='ltr'><strong>ἐκ</strong></span> <span class='ocrx_word' id='word_1_515' title='bbox 3276 3523 3375 3593; x_wconf 85' lang='grc' dir='ltr'>τῆς</span> <span class='ocrx_word' id='word_1_516' title='bbox 3411 3519 3643 3590; x_wconf 82' lang='grc' dir='ltr'>φυσικῆς</span> <span class='ocrx_word' id='word_1_517' title='bbox 3680 3517 3787 3569; x_wconf 58' lang='grc' dir='ltr'><strong>τῶι</strong></span> 
     </span>
    </p>
   </div>
   <div class='ocr_carea' id='block_1_75' title="bbox 2214 3606 3785 3690">
    <p class='ocr_par' dir='ltr' id='par_1_75' title="bbox 2214 3606 3785 3690">
     <span class='ocr_line' id='line_1_75' title="bbox 2214 3606 3785 3690; baseline -0.01 -17"><span class='ocrx_word' id='word_1_518' title='bbox 2214 3619 2489 3690; x_wconf 85' lang='grc' dir='ltr'>στοιχείων</span> <span class='ocrx_word' id='word_1_519' title='bbox 2534 3619 2924 3688; x_wconf 84' lang='grc' dir='ltr'>ἐναντιότητος,</span> <span class='ocrx_word' id='word_1_520' title='bbox 2969 3617 3034 3670; x_wconf 87' lang='grc' dir='ltr'><strong>ἐκ</strong></span> <span class='ocrx_word' id='word_1_521' title='bbox 3070 3614 3164 3668; x_wconf 90' lang='grc' dir='ltr'><strong>τοῦ</strong></span> <span class='ocrx_word' id='word_1_522' title='bbox 3219 3610 3524 3684; x_wconf 76' lang='grc' dir='ltr'>παραδόξου</span> <span class='ocrx_word' id='word_1_523' title='bbox 3564 3606 3785 3675; x_wconf 77' lang='grc' dir='ltr'>συνδραο</span> 
     </span>
    </p>
   </div>
   <div class='ocr_carea' id='block_1_76' title="bbox 2216 3698 3797 3787">
    <p class='ocr_par' dir='ltr' id='par_1_76' title="bbox 2216 3698 3797 3787">
     <span class='ocr_line' id='line_1_76' title="bbox 2216 3698 3797 3787; baseline -0.01 -24"><span class='ocrx_word' id='word_1_524' title='bbox 2216 3711 2423 3781; x_wconf 83' lang='grc' dir='ltr'>μόντων</span> <span class='ocrx_word' id='word_1_525' title='bbox 2443 3711 2524 3774; x_wconf 83' lang='grc' dir='ltr'><strong>είς</strong></span> <span class='ocrx_word' id='word_1_526' title='bbox 2553 3709 2857 3778; x_wconf 61' lang='grc' dir='ltr'><strong>φιλίανκκαλ¹</strong></span> <span class='ocrx_word' id='word_1_527' title='bbox 2885 3706 3193 3779; x_wconf 87' lang='grc' dir='ltr'>συνεργίαν,</span> <span class='ocrx_word' id='word_1_528' title='bbox 3222 3702 3361 3775; x_wconf 84' lang='grc' dir='ltr'>μετά</span> <span class='ocrx_word' id='word_1_529' title='bbox 3394 3699 3594 3787; x_wconf 67' lang='grc' dir='ltr'>πολλῆς</span> <span class='ocrx_word' id='word_1_530' title='bbox 3626 3698 3797 3767; x_wconf 88' lang='grc' dir='ltr'>ὑπερ-</span> 
     </span>
    </p>
   </div>
   <div class='ocr_carea' id='block_1_77' title="bbox 2215 3793 3575 3873">
    <p class='ocr_par' dir='ltr' id='par_1_77' title="bbox 2215 3793 3575 3873">
     <span class='ocr_line' id='line_1_77' title="bbox 2215 3793 3575 3873; baseline -0.007 -19"><span class='ocrx_word' id='word_1_531' title='bbox 2215 3802 2376 3873; x_wconf 82' lang='grc' dir='ltr'>ϐολῆς</span> <span class='ocrx_word' id='word_1_532' title='bbox 2404 3801 2498 3855; x_wconf 90' lang='grc' dir='ltr'><strong>τοῦ</strong></span> <span class='ocrx_word' id='word_1_533' title='bbox 2536 3800 2666 3854; x_wconf 86' lang='grc' dir='ltr'>ίδίου</span> <span class='ocrx_word' id='word_1_534' title='bbox 2706 3800 2838 3854; x_wconf 89' lang='grc' dir='ltr'>Θεοῦ</span> <span class='ocrx_word' id='word_1_535' title='bbox 2871 3799 2968 3871; x_wconf 81' lang='grc' dir='ltr'>τὴν</span> <span class='ocrx_word' id='word_1_536' title='bbox 2996 3799 3222 3869; x_wconf 90' lang='grc' dir='ltr'>δύναμιν</span> <span class='ocrx_word' id='word_1_537' title='bbox 3255 3793 3575 3863; x_wconf 83' lang='grc' dir='ltr'>ἐνδείξηται.</span> 
     </span>
    </p>
   </div>
   <div class='ocr_carea' id='block_1_78' title="bbox 536 3880 3801 3963">
    <p class='ocr_par' dir='ltr' id='par_1_78' title="bbox 536 3880 3801 3963">
     <span class='ocr_line' id='line_1_78' title="bbox 536 3880 3801 3963; baseline -0.002 -20"><span class='ocrx_word' id='word_1_538' title='bbox 536 3897 641 3951; x_wconf 78' lang='lat' dir='ltr'><strong>set,</strong></span> <span class='ocrx_word' id='word_1_539' title='bbox 664 3898 725 3942; x_wconf 92' lang='lat' dir='ltr'><strong>ut</strong></span> <span class='ocrx_word' id='word_1_540' title='bbox 753 3887 979 3942; x_wconf 89' lang='lat' dir='ltr'><strong>multam</strong></span> <span class='ocrx_word' id='word_1_541' title='bbox 1005 3897 1204 3954; x_wconf 90' lang='lat' dir='ltr'><strong>aquam</strong></span> <span class='ocrx_word' id='word_1_542' title='bbox 1227 3880 1506 3947; x_wconf 83' lang='lat' dir='ltr'><strong>aﬂ‘errent,</strong></span> <span class='ocrx_word' id='word_1_543' title='bbox 1530 3895 1593 3936; x_wconf 92' lang='lat' dir='ltr'><strong>ac</strong></span> <span class='ocrx_word' id='word_1_544' title='bbox 1620 3891 1703 3938; x_wconf 88' lang='lat' dir='ltr'><strong>ter</strong></span> <span class='ocrx_word' id='word_1_545' title='bbox 1727 3884 1781 3938; x_wconf 90' lang='lat' dir='ltr'><strong>in</strong></span> <span class='ocrx_word' id='word_1_546' title='bbox 1809 3885 1952 3956; x_wconf 83' lang='lat' dir='ltr'><strong>ligna</strong></span> <span class='ocrx_word' id='word_1_547' title='bbox 1984 3887 2112 3944; x_wconf 86' lang='lat' dir='ltr'><strong>ﬁssa</strong></span> <span class='ocrx_word' id='word_1_548' title='bbox 2152 3894 2536 3963; x_wconf 85' lang='lat' dir='ltr'><strong>amphoriscos</strong></span> <span class='ocrx_word' id='word_1_549' title='bbox 2567 3893 2872 3956; x_wconf 79' lang='lat' dir='ltr'><strong>eﬁ&#39;udisset,</strong></span> <span class='ocrx_word' id='word_1_550' title='bbox 2895 3893 3143 3946; x_wconf 90' lang='lat' dir='ltr'><strong>oratione</strong></span> <span class='ocrx_word' id='word_1_551' title='bbox 3203 3890 3378 3959; x_wconf 89' lang='lat' dir='ltr'><strong>ignem</strong></span> <span class='ocrx_word' id='word_1_552' title='bbox 3410 3881 3655 3937; x_wconf 79' lang='lat' dir='ltr'><strong>accendit</strong></span> <span class='ocrx_word' id='word_1_553' title='bbox 3722 3893 3801 3935; x_wconf 63' lang='lat' dir='ltr'><strong>ex</strong></span> 
     </span>
    </p>
   </div>
   <div class='ocr_carea' id='block_1_79' title="bbox 535 3975 3794 4058">
    <p class='ocr_par' dir='ltr' id='par_1_79' title="bbox 535 3975 3794 4058">
     <span class='ocr_line' id='line_1_79' title="bbox 535 3975 3794 4058; baseline -0.002 -27"><span class='ocrx_word' id='word_1_554' title='bbox 535 3994 700 4048; x_wconf 85' lang='lat' dir='ltr'><strong>aqua,</strong></span> <span class='ocrx_word' id='word_1_555' title='bbox 790 3988 850 4032; x_wconf 91' lang='lat' dir='ltr'><strong>ut</strong></span> <span class='ocrx_word' id='word_1_556' title='bbox 907 3993 979 4031; x_wconf 74' lang='lat' dir='ltr'><strong>ex</strong></span> <span class='ocrx_word' id='word_1_557' title='bbox 1032 3975 1392 4046; x_wconf 87' lang='lat' dir='ltr'><strong>repugnantia</strong></span> <span class='ocrx_word' id='word_1_558' title='bbox 1454 3976 1694 4031; x_wconf 87' lang='lat' dir='ltr'><strong>naturali</strong></span> <span class='ocrx_word' id='word_1_559' title='bbox 1743 3977 2160 4049; x_wconf 89' lang='lat' dir='ltr'><strong>elementorum,</strong></span> <span class='ocrx_word' id='word_1_560' title='bbox 2201 4004 2323 4057; x_wconf 68' lang='lat' dir='ltr'><strong>quae</strong></span> <span class='ocrx_word' id='word_1_561' title='bbox 2343 3996 2543 4058; x_wconf 59' lang='lat' dir='ltr'><strong>praster</strong></span> <span class='ocrx_word' id='word_1_562' title='bbox 2570 4004 2722 4058; x_wconf 83' lang='lat' dir='ltr'><strong>spem</strong></span> <span class='ocrx_word' id='word_1_563' title='bbox 2774 3996 2827 4040; x_wconf 79' lang='lat' dir='ltr'><strong>et</strong></span> <span class='ocrx_word' id='word_1_564' title='bbox 2883 3986 3195 4055; x_wconf 83' lang='lat' dir='ltr'><strong>opinionem</strong></span> <span class='ocrx_word' id='word_1_565' title='bbox 3258 3981 3322 4034; x_wconf 86' lang='lat' dir='ltr'><strong>ad</strong></span> <span class='ocrx_word' id='word_1_566' title='bbox 3355 3976 3706 4033; x_wconf 76' lang='lat' dir='ltr'><strong>concordiam</strong></span> <span class='ocrx_word' id='word_1_567' title='bbox 3735 3979 3794 4028; x_wconf 86' lang='lat' dir='ltr'><strong>et</strong></span> 
     </span>
    </p>
   </div>
   <div class='ocr_carea' id='block_1_80' title="bbox 536 4071 3793 4153">
    <p class='ocr_par' dir='ltr' id='par_1_80' title="bbox 536 4071 3793 4153">
     <span class='ocr_line' id='line_1_80' title="bbox 536 4071 3793 4153; baseline -0.003 -24"><span class='ocrx_word' id='word_1_568' title='bbox 536 4085 783 4130; x_wconf 87' lang='lat' dir='ltr'><strong>mtttnnm</strong></span> <span class='ocrx_word' id='word_1_569' title='bbox 840 4071 1215 4141; x_wconf 85' lang='lat' dir='ltr'><strong>adjumentum</strong></span> <span class='ocrx_word' id='word_1_570' title='bbox 1273 4079 1694 4138; x_wconf 87' lang='lat' dir='ltr'><strong>concurrerant,</strong></span> <span class='ocrx_word' id='word_1_571' title='bbox 1744 4087 1873 4128; x_wconf 90' lang='lat' dir='ltr'><strong>cum</strong></span> <span class='ocrx_word' id='word_1_572' title='bbox 1920 4092 2115 4149; x_wconf 85' lang='lat' dir='ltr'><strong>magna</strong></span> <span class='ocrx_word' id='word_1_573' title='bbox 2157 4086 2546 4153; x_wconf 78' lang='lat' dir='ltr'><strong>exsuperantia</strong></span> <span class='ocrx_word' id='word_1_574' title='bbox 2585 4092 2751 4153; x_wconf 86' lang='lat' dir='ltr'><strong>atque</strong></span> <span class='ocrx_word' id='word_1_575' title='bbox 2780 4096 3009 4137; x_wconf 78' lang='lat' dir='ltr'><strong>excessu</strong></span> <span class='ocrx_word' id='word_1_576' title='bbox 3052 4087 3282 4141; x_wconf 81' lang='lat' dir='ltr'><strong>naturae,</strong></span> <span class='ocrx_word' id='word_1_577' title='bbox 3313 4076 3396 4130; x_wconf 91' lang='lat' dir='ltr'><strong>sui</strong></span> <span class='ocrx_word' id='word_1_578' title='bbox 3470 4071 3564 4126; x_wconf 85' lang='lat' dir='ltr'><strong>Dei</strong></span> <span class='ocrx_word' id='word_1_579' title='bbox 3606 4078 3793 4139; x_wconf 64' lang='lat' dir='ltr'><strong>poteno</strong></span> 
     </span>
    </p>
   </div>
   <div class='ocr_carea' id='block_1_81' title="bbox 2698 4162 2705 4183">
    <p class='ocr_par' dir='ltr' id='par_1_81' title="bbox 2698 4162 2705 4183">
     <span class='ocr_line' id='line_1_81' title="bbox 2698 4162 2705 4183; baseline 0 0"><span class='ocrx_word' id='word_1_580' title='bbox 2698 4162 2705 4183; x_wconf 87' lang='lat' dir='ltr'><strong>l</strong></span> 
     </span>
    </p>
   </div>
   <div class='ocr_carea' id='block_1_82' title="bbox 537 4167 1141 4222">
    <p class='ocr_par' dir='ltr' id='par_1_82' title="bbox 537 4167 1141 4222">
     <span class='ocr_line' id='line_1_82' title="bbox 537 4167 1141 4222; baseline -0.01 0"><span class='ocrx_word' id='word_1_581' title='bbox 537 4172 665 4222; x_wconf 85' lang='lat' dir='ltr'><strong>tiam</strong></span> <span class='ocrx_word' id='word_1_582' title='bbox 701 4167 1141 4221; x_wconf 56' lang='lat' dir='ltr'><strong>demonstraret,</strong></span> 
     </span>
    </p>
   </div>
   <div class='ocr_carea' id='block_1_83' title="bbox 609 4254 2108 4333">
    <p class='ocr_par' dir='ltr' id='par_1_83' title="bbox 609 4254 2108 4333">
     <span class='ocr_line' id='line_1_83' title="bbox 609 4254 2108 4333; baseline -0.005 -20"><span class='ocrx_word' id='word_1_583' title='bbox 609 4258 728 4313; x_wconf 82' lang='lat' dir='ltr'><strong>Hoc</strong></span> <span class='ocrx_word' id='word_1_584' title='bbox 752 4257 912 4311; x_wconf 84' lang='lat' dir='ltr'><strong>modo</strong></span> <span class='ocrx_word' id='word_1_585' title='bbox 943 4254 1091 4310; x_wconf 89' lang='lat' dir='ltr'><strong>Elias</strong></span> <span class='ocrx_word' id='word_1_586' title='bbox 1125 4254 1345 4325; x_wconf 81' lang='lat' dir='ltr'><strong>quidem</strong></span> <span class='ocrx_word' id='word_1_587' title='bbox 1365 4264 1551 4326; x_wconf 89' lang='lat' dir='ltr'><strong>aperte</strong></span> <span class='ocrx_word' id='word_1_588' title='bbox 1582 4272 1724 4321; x_wconf 86' lang='lat' dir='ltr'><strong>eam,</strong></span> <span class='ocrx_word' id='word_1_589' title='bbox 1759 4274 1880 4329; x_wconf 82' lang='lat' dir='ltr'><strong>quae</strong></span> <span class='ocrx_word' id='word_1_590' title='bbox 1924 4261 1979 4316; x_wconf 87' lang='lat' dir='ltr'><strong>in</strong></span> <span class='ocrx_word' id='word_1_591' title='bbox 2006 4278 2108 4333; x_wconf 79' lang='lat' dir='ltr'><strong>po.</strong></span> 
     </span>
    </p>
   </div>
   <div class='ocr_carea' id='block_1_84' title="bbox 537 4346 2108 4418">
    <p class='ocr_par' dir='ltr' id='par_1_84' title="bbox 537 4346 2108 4418">
     <span class='ocr_line' id='line_1_84' title="bbox 537 4346 2108 4418; baseline 0.002 -13"><span class='ocrx_word' id='word_1_592' title='bbox 537 4359 744 4406; x_wconf 89' lang='lat' dir='ltr'><strong>sterum</strong></span> <span class='ocrx_word' id='word_1_593' title='bbox 777 4346 1085 4418; x_wconf 87' lang='lat' dir='ltr'><strong>peragenda</strong></span> <span class='ocrx_word' id='word_1_594' title='bbox 1129 4355 1268 4409; x_wconf 89' lang='lat' dir='ltr'><strong>erat,</strong></span> <span class='ocrx_word' id='word_1_595' title='bbox 1309 4346 1658 4416; x_wconf 87' lang='lat' dir='ltr'><strong>baptismatis</strong></span> <span class='ocrx_word' id='word_1_596' title='bbox 1706 4351 2108 4409; x_wconf 85' lang='lat' dir='ltr'><strong>institutionem</strong></span> 
     </span>
    </p>
   </div>
   <div class='ocr_carea' id='block_1_85' title="bbox 539 4438 2113 4509">
    <p class='ocr_par' dir='ltr' id='par_1_85' title="bbox 539 4438 2113 4509">
     <span class='ocr_line' id='line_1_85' title="bbox 539 4438 2113 4509; baseline 0.001 -12"><span class='ocrx_word' id='word_1_597' title='bbox 539 4452 593 4498; x_wconf 89' lang='lat' dir='ltr'><strong>ct</strong></span> <span class='ocrx_word' id='word_1_598' title='bbox 649 4441 1033 4502; x_wconf 87' lang='lat' dir='ltr'><strong>initiationem,</strong></span> <span class='ocrx_word' id='word_1_599' title='bbox 1094 4452 1191 4509; x_wconf 88' lang='lat' dir='ltr'><strong>per</strong></span> <span class='ocrx_word' id='word_1_600' title='bbox 1240 4438 1565 4493; x_wconf 89' lang='lat' dir='ltr'><strong>admirabile</strong></span> <span class='ocrx_word' id='word_1_601' title='bbox 1605 4440 1742 4495; x_wconf 89' lang='lat' dir='ltr'><strong>illud</strong></span> <span class='ocrx_word' id='word_1_602' title='bbox 1779 4445 2113 4499; x_wconf 83' lang='lat' dir='ltr'><strong>sacrificium</strong></span> 
     </span>
    </p>
   </div>
   <div class='ocr_carea' id='block_1_86' title="bbox 2277 4248 3791 4334">
    <p class='ocr_par' dir='ltr' id='par_1_86' title="bbox 2277 4248 3791 4334">
     <span class='ocr_line' id='line_1_86' title="bbox 2277 4248 3791 4334; baseline -0.011 -16"><span class='ocrx_word' id='word_1_603' title='bbox 2277 4263 2466 4318; x_wconf 90' lang='grc' dir='ltr'>Ταῦτα</span> <span class='ocrx_word' id='word_1_604' title='bbox 2498 4262 2596 4334; x_wconf 78' lang='grc' dir='ltr'>μὲν</span> <span class='ocrx_word' id='word_1_605' title='bbox 2640 4262 2669 4314; x_wconf 91' lang='grc' dir='ltr'>ὁ</span> <span class='ocrx_word' id='word_1_606' title='bbox 2715 4259 2901 4322; x_wconf 86' lang='grc' dir='ltr'>Ἠλίας</span> <span class='ocrx_word' id='word_1_607' title='bbox 2934 4254 3122 4327; x_wconf 80' lang='grc' dir='ltr'>σαφῶς</span> <span class='ocrx_word' id='word_1_608' title='bbox 3172 4252 3271 4324; x_wconf 86' lang='grc' dir='ltr'>τὴν</span> <span class='ocrx_word' id='word_1_609' title='bbox 3303 4254 3361 4316; x_wconf 87' lang='grc' dir='ltr'><strong>ἐς</strong></span> <span class='ocrx_word' id='word_1_610' title='bbox 3406 4251 3631 4321; x_wconf 79' lang='grc' dir='ltr'>ὕστερον</span> <span class='ocrx_word' id='word_1_611' title='bbox 3663 4248 3791 4322; x_wconf 82' lang='grc' dir='ltr'>μέλ-</span> 
     </span>
    </p>
   </div>
   <div class='ocr_carea' id='block_1_87' title="bbox 2210 4340 3788 4420">
    <p class='ocr_par' dir='ltr' id='par_1_87' title="bbox 2210 4340 3788 4420">
     <span class='ocr_line' id='line_1_87' title="bbox 2210 4340 3788 4420; baseline -0.011 -10"><span class='ocrx_word' id='word_1_612' title='bbox 2210 4355 2409 4411; x_wconf 87' lang='grc' dir='ltr'>λουσαν</span> <span class='ocrx_word' id='word_1_613' title='bbox 2436 4352 2708 4407; x_wconf 82' lang='grc' dir='ltr'>τελεῖσθαι</span> <span class='ocrx_word' id='word_1_614' title='bbox 2738 4350 2832 4405; x_wconf 90' lang='grc' dir='ltr'><strong>τοῦ</strong></span> <span class='ocrx_word' id='word_1_615' title='bbox 2868 4346 3242 4420; x_wconf 85' lang='grc' dir='ltr'>βαπτίσματος</span> <span class='ocrx_word' id='word_1_616' title='bbox 3284 4342 3673 4415; x_wconf 86' lang='grc' dir='ltr'>μυσταγωγίαν</span> <span class='ocrx_word' id='word_1_617' title='bbox 3698 4340 3788 4394; x_wconf 85' lang='grc' dir='ltr'>διὰ</span> 
     </span>
    </p>
   </div>
   <div class='ocr_carea' id='block_1_88' title="bbox 2210 4430 3794 4519">
    <p class='ocr_par' dir='ltr' id='par_1_88' title="bbox 2210 4430 3794 4519">
     <span class='ocr_line' id='line_1_88' title="bbox 2210 4430 3794 4519; baseline -0.009 -20"><span class='ocrx_word' id='word_1_618' title='bbox 2210 4448 2311 4519; x_wconf 82' lang='grc' dir='ltr'>τῆς</span> <span class='ocrx_word' id='word_1_619' title='bbox 2342 4445 2662 4516; x_wconf 77' lang='grc' dir='ltr'>θαυμαστῆς</span> <span class='ocrx_word' id='word_1_620' title='bbox 2694 4443 2907 4511; x_wconf 83' lang='grc' dir='ltr'>ἐκείνης</span> <span class='ocrx_word' id='word_1_621' title='bbox 2946 4436 3266 4511; x_wconf 78' lang='grc' dir='ltr'>ἱερουργίας.</span> <span class='ocrx_word' id='word_1_622' title='bbox 3296 4436 3426 4506; x_wconf 81' lang='grc' dir='ltr'>ἡμῖν</span> <span class='ocrx_word' id='word_1_623' title='bbox 3476 4430 3794 4505; x_wconf 86' lang='grc' dir='ltr'>προανεφώ-</span> 
     </span>
    </p>
   </div>
   <div class='ocr_carea' id='block_1_89' title="bbox 541 4522 2099 4606">
    <p class='ocr_par' dir='ltr' id='par_1_89' title="bbox 541 4533 2099 4606">
     <span class='ocr_line' id='line_1_89' title="bbox 541 4533 2099 4606; baseline -0.001 -15"><span class='ocrx_word' id='word_1_624' title='bbox 541 4537 701 4593; x_wconf 91' lang='lat' dir='ltr'><strong>nobis</strong></span> <span class='ocrx_word' id='word_1_625' title='bbox 732 4535 1001 4606; x_wconf 81' lang='lat' dir='ltr'><strong>praedixit.</strong></span> <span class='ocrx_word' id='word_1_626' title='bbox 1044 4535 1197 4604; x_wconf 84' lang='lat' dir='ltr'><strong>Aqua</strong></span> <span class='ocrx_word' id='word_1_627' title='bbox 1228 4533 1371 4589; x_wconf 84' lang='lat' dir='ltr'><strong>enim</strong></span> <span class='ocrx_word' id='word_1_628' title='bbox 1403 4542 1486 4588; x_wconf 91' lang='lat' dir='ltr'><strong>ter</strong></span> <span class='ocrx_word' id='word_1_629' title='bbox 1535 4535 1880 4605; x_wconf 86' lang='lat' dir='ltr'><strong>superinfusa</strong></span> <span class='ocrx_word' id='word_1_630' title='bbox 1922 4552 2099 4592; x_wconf 88' lang='lat' dir='ltr'><strong>accen-</strong></span> 
     </span>
    </p>
   </div>
   <div class='ocr_carea' id='block_1_90' title="bbox 2200 4522 3806 4606">
    <p class='ocr_par' dir='ltr' id='par_1_90' title="bbox 2214 4522 3806 4605">
     <span class='ocr_line' id='line_1_90' title="bbox 2214 4522 3806 4605; baseline -0.01 -16"><span class='ocrx_word' id='word_1_631' title='bbox 2214 4552 2395 4605; x_wconf 90' lang='grc' dir='ltr'>νησεν.</span> <span class='ocrx_word' id='word_1_632' title='bbox 2427 4534 2619 4587; x_wconf 83' lang='grc' dir='ltr'>’Ὑδατι</span> <span class='ocrx_word' id='word_1_633' title='bbox 2656 4531 2766 4603; x_wconf 85' lang='grc' dir='ltr'><strong>γάρ</strong></span> <span class='ocrx_word' id='word_1_634' title='bbox 2815 4527 3028 4600; x_wconf 87' lang='grc' dir='ltr'>ἀνήφθη</span> <span class='ocrx_word' id='word_1_635' title='bbox 3059 4527 3121 4579; x_wconf 80' lang='grc' dir='ltr'><strong>τὸ</strong></span> <span class='ocrx_word' id='word_1_636' title='bbox 3161 4524 3275 4597; x_wconf 89' lang='grc' dir='ltr'><strong>πῦρ</strong></span> <span class='ocrx_word' id='word_1_637' title='bbox 3312 4524 3493 4596; x_wconf 89' lang='grc' dir='ltr'>τρίτον</span> <span class='ocrx_word' id='word_1_638' title='bbox 3523 4522 3806 4593; x_wconf 86' lang='grc' dir='ltr'>ἐπαντλη--</span> 
     </span>
    </p>
   </div>
   <div class='ocr_carea' id='block_1_91' title="bbox 542 4607 2099 4698">
    <p class='ocr_par' dir='ltr' id='par_1_91' title="bbox 542 4625 2099 4698">
     <span class='ocr_line' id='line_1_91' title="bbox 542 4625 2099 4698; baseline -0.003 -13"><span class='ocrx_word' id='word_1_639' title='bbox 542 4645 636 4685; x_wconf 86' lang='lat' dir='ltr'><strong>sus</strong></span> <span class='ocrx_word' id='word_1_640' title='bbox 659 4635 746 4683; x_wconf 88' lang='lat' dir='ltr'><strong>est</strong></span> <span class='ocrx_word' id='word_1_641' title='bbox 770 4628 933 4697; x_wconf 87' lang='lat' dir='ltr'><strong>ignis,</strong></span> <span class='ocrx_word' id='word_1_642' title='bbox 954 4633 1015 4681; x_wconf 90' lang='lat' dir='ltr'><strong>ut</strong></span> <span class='ocrx_word' id='word_1_643' title='bbox 1035 4625 1453 4694; x_wconf 85' lang='lat' dir='ltr'><strong>signiﬁcaretur,</strong></span> <span class='ocrx_word' id='word_1_644' title='bbox 1478 4625 1626 4696; x_wconf 90' lang='lat' dir='ltr'><strong>quod</strong></span> <span class='ocrx_word' id='word_1_645' title='bbox 1650 4626 1740 4680; x_wconf 92' lang='lat' dir='ltr'><strong>ubi</strong></span> <span class='ocrx_word' id='word_1_646' title='bbox 1764 4641 1902 4696; x_wconf 84' lang='lat' dir='ltr'><strong>aqua</strong></span> <span class='ocrx_word' id='word_1_647' title='bbox 1928 4629 2099 4698; x_wconf 72' lang='lat' dir='ltr'><strong>mysti</strong></span> 
     </span>
    </p>
   </div>
   <div class='ocr_carea' id='block_1_92' title="bbox 2200 4607 3790 4698">
    <p class='ocr_par' dir='ltr' id='par_1_92' title="bbox 2220 4614 3790 4693">
     <span class='ocr_line' id='line_1_92' title="bbox 2220 4614 3790 4693; baseline -0.008 -14"><span class='ocrx_word' id='word_1_648' title='bbox 2220 4626 2364 4682; x_wconf 87' lang='grc' dir='ltr'>θέντι</span> <span class='ocrx_word' id='word_1_649' title='bbox 2387 4642 2400 4656; x_wconf 77' lang='grc'><em>’</em></span> <span class='ocrx_word' id='word_1_650' title='bbox 2428 4624 2567 4678; x_wconf 77' lang='grc' dir='ltr'>ὥστε</span> <span class='ocrx_word' id='word_1_651' title='bbox 2595 4620 2917 4693; x_wconf 76' lang='grc' dir='ltr'>δηλοῦσθαι,</span> <span class='ocrx_word' id='word_1_652' title='bbox 2944 4619 3023 4672; x_wconf 77' lang='grc' dir='ltr'><strong>ὃτι</strong></span> <span class='ocrx_word' id='word_1_653' title='bbox 3052 4619 3186 4671; x_wconf 81' lang='grc' dir='ltr'>ὅπου</span> <span class='ocrx_word' id='word_1_654' title='bbox 3222 4616 3367 4688; x_wconf 85' lang='grc' dir='ltr'>ὑδωρ</span> <span class='ocrx_word' id='word_1_655' title='bbox 3405 4615 3465 4669; x_wconf 82' lang='grc' dir='ltr'><strong>τὸ</strong></span> <span class='ocrx_word' id='word_1_656' title='bbox 3510 4614 3790 4685; x_wconf 82' lang='grc' dir='ltr'>μυστικὸν,</span> 
     </span>
    </p>
   </div>
   <div class='ocr_carea' id='block_1_93' title="bbox 542 4716 2117 4786">
    <p class='ocr_par' dir='ltr' id='par_1_93' title="bbox 542 4716 2117 4786">
     <span class='ocr_line' id='line_1_93' title="bbox 542 4716 2117 4786; baseline -0.003 -12"><span class='ocrx_word' id='word_1_657' title='bbox 542 4736 606 4775; x_wconf 91' lang='lat' dir='ltr'><strong>ca</strong></span> <span class='ocrx_word' id='word_1_658' title='bbox 664 4726 770 4781; x_wconf 90' lang='lat' dir='ltr'><strong>est,</strong></span> <span class='ocrx_word' id='word_1_659' title='bbox 808 4717 921 4771; x_wconf 90' lang='lat' dir='ltr'><strong>illic</strong></span> <span class='ocrx_word' id='word_1_660' title='bbox 970 4716 1136 4772; x_wconf 89' lang='lat' dir='ltr'><strong>etiam</strong></span> <span class='ocrx_word' id='word_1_661' title='bbox 1177 4716 1405 4786; x_wconf 88' lang='lat' dir='ltr'><strong>spiritus</strong></span> <span class='ocrx_word' id='word_1_662' title='bbox 1437 4724 1521 4771; x_wconf 87' lang='lat' dir='ltr'><strong>est</strong></span> <span class='ocrx_word' id='word_1_663' title='bbox 1574 4717 1667 4772; x_wconf 89' lang='lat' dir='ltr'><strong>ille</strong></span> <span class='ocrx_word' id='word_1_664' title='bbox 1692 4717 2002 4782; x_wconf 80' lang='lat' dir='ltr'><strong>viviﬁcaris,</strong></span> <span class='ocrx_word' id='word_1_665' title='bbox 2034 4732 2117 4770; x_wconf 90' lang='lat' dir='ltr'><strong>ar-</strong></span> 
     </span>
    </p>
   </div>
   <div class='ocr_carea' id='block_1_94' title="bbox 543 4807 2118 4881">
    <p class='ocr_par' dir='ltr' id='par_1_94' title="bbox 543 4807 2118 4881">
     <span class='ocr_line' id='line_1_94' title="bbox 543 4807 2118 4881; baseline -0.004 -14"><span class='ocrx_word' id='word_1_666' title='bbox 543 4814 702 4874; x_wconf 86' lang='lat' dir='ltr'><strong>dens,</strong></span> <span class='ocrx_word' id='word_1_667' title='bbox 739 4810 955 4881; x_wconf 88' lang='lat' dir='ltr'><strong>igneus,</strong></span> <span class='ocrx_word' id='word_1_668' title='bbox 998 4807 1094 4877; x_wconf 92' lang='lat' dir='ltr'><strong>qui</strong></span> <span class='ocrx_word' id='word_1_669' title='bbox 1126 4807 1323 4877; x_wconf 86' lang='lat' dir='ltr'><strong>impios</strong></span> <span class='ocrx_word' id='word_1_670' title='bbox 1352 4808 1651 4871; x_wconf 88' lang='lat' dir='ltr'><strong>comburit,</strong></span> <span class='ocrx_word' id='word_1_671' title='bbox 1687 4818 1740 4862; x_wconf 90' lang='lat' dir='ltr'><strong>et</strong></span> <span class='ocrx_word' id='word_1_672' title='bbox 1781 4807 1966 4863; x_wconf 87' lang='lat' dir='ltr'><strong>ﬁdeles</strong></span> <span class='ocrx_word' id='word_1_673' title='bbox 1993 4808 2118 4861; x_wconf 88' lang='lat' dir='ltr'><strong>illu-</strong></span> 
     </span>
    </p>
   </div>
   <div class='ocr_carea' id='block_1_95' title="bbox 545 4897 2114 4969">
    <p class='ocr_par' dir='ltr' id='par_1_95' title="bbox 545 4897 2114 4969">
     <span class='ocr_line' id='line_1_95' title="bbox 545 4897 2114 4969; baseline -0.002 -14"><span class='ocrx_word' id='word_1_674' title='bbox 545 4904 738 4956; x_wconf 88' lang='lat' dir='ltr'><strong>minat.</strong></span> <span class='ocrx_word' id='word_1_675' title='bbox 770 4898 1082 4965; x_wconf 86' lang='lat' dir='ltr'><strong>Quinetiam</strong></span> <span class='ocrx_word' id='word_1_676' title='bbox 1106 4897 1509 4969; x_wconf 86' lang='lat' dir='ltr'><strong>hujusquoque</strong></span> <span class='ocrx_word' id='word_1_677' title='bbox 1537 4898 1843 4968; x_wconf 88' lang='lat' dir='ltr'><strong>discipulus</strong></span> <span class='ocrx_word' id='word_1_678' title='bbox 1864 4897 2114 4963; x_wconf 72' lang='lat' dir='ltr'><strong>Elisreus,</strong></span> 
     </span>
    </p>
   </div>
   <div class='ocr_carea' id='block_1_96' title="bbox 546 4988 2116 5061">
    <p class='ocr_par' dir='ltr' id='par_1_96' title="bbox 546 4988 2116 5061">
     <span class='ocr_line' id='line_1_96' title="bbox 546 4988 2116 5061; baseline 0.002 -19"><span class='ocrx_word' id='word_1_679' title='bbox 546 5007 672 5047; x_wconf 77' lang='lat' dir='ltr'><strong>cum</strong></span> <span class='ocrx_word' id='word_1_680' title='bbox 715 4989 781 5044; x_wconf 87' lang='lat' dir='ltr'><strong>ad</strong></span> <span class='ocrx_word' id='word_1_681' title='bbox 827 5005 951 5045; x_wconf 91' lang='lat' dir='ltr'><strong>eum</strong></span> <span class='ocrx_word' id='word_1_682' title='bbox 998 4989 1227 5059; x_wconf 81' lang='lat' dir='ltr'><strong>supplex</strong></span> <span class='ocrx_word' id='word_1_683' title='bbox 1264 4991 1511 5046; x_wconf 86' lang='lat' dir='ltr'><strong>venisset</strong></span> <span class='ocrx_word' id='word_1_684' title='bbox 1552 4988 1795 5044; x_wconf 88' lang='lat' dir='ltr'><strong>Naaman</strong></span> <span class='ocrx_word' id='word_1_685' title='bbox 1846 4988 2018 5061; x_wconf 85' lang='lat' dir='ltr'><strong>Syrus</strong></span> <span class='ocrx_word' id='word_1_686' title='bbox 2047 4990 2116 5054; x_wconf 81' lang='lat'><strong>“,</strong></span> 
     </span>
    </p>
   </div>
   <div class='ocr_carea' id='block_1_97' title="bbox 546 5077 2119 5154">
    <p class='ocr_par' dir='ltr' id='par_1_97' title="bbox 546 5077 2119 5154">
     <span class='ocr_line' id='line_1_97' title="bbox 546 5077 2119 5154; baseline -0.004 -16"><span class='ocrx_word' id='word_1_687' title='bbox 546 5084 641 5154; x_wconf 90' lang='lat' dir='ltr'><strong>qui</strong></span> <span class='ocrx_word' id='word_1_688' title='bbox 674 5084 836 5154; x_wconf 80' lang='lat' dir='ltr'><strong>leprae</strong></span> <span class='ocrx_word' id='word_1_689' title='bbox 879 5082 1075 5136; x_wconf 88' lang='lat' dir='ltr'><strong>morbo</strong></span> <span class='ocrx_word' id='word_1_690' title='bbox 1108 5080 1411 5148; x_wconf 87' lang='lat' dir='ltr'><strong>laborabat,</strong></span> <span class='ocrx_word' id='word_1_691' title='bbox 1455 5095 1583 5135; x_wconf 90' lang='lat' dir='ltr'><strong>cum</strong></span> <span class='ocrx_word' id='word_1_692' title='bbox 1618 5081 1840 5136; x_wconf 82' lang='lat' dir='ltr'><strong>lavisset</strong></span> <span class='ocrx_word' id='word_1_693' title='bbox 1887 5080 1944 5135; x_wconf 92' lang='lat' dir='ltr'><strong>in</strong></span> <span class='ocrx_word' id='word_1_694' title='bbox 1989 5077 2119 5134; x_wconf 83' lang='lat' dir='ltr'><strong>Jor-</strong></span> 
     </span>
    </p>
   </div>
   <div class='ocr_carea' id='block_1_98' title="bbox 548 5174 2125 5247">
    <p class='ocr_par' dir='ltr' id='par_1_98' title="bbox 548 5174 2125 5247">
     <span class='ocr_line' id='line_1_98' title="bbox 548 5174 2125 5247; baseline -0.003 -16"><span class='ocrx_word' id='word_1_695' title='bbox 548 5178 709 5243; x_wconf 88' lang='lat' dir='ltr'><strong>dane,</strong></span> <span class='ocrx_word' id='word_1_696' title='bbox 739 5185 937 5247; x_wconf 85' lang='lat' dir='ltr'><strong>purgat</strong></span> <span class='ocrx_word' id='word_1_697' title='bbox 968 5182 1256 5246; x_wconf 83' lang='lat' dir='ltr'><strong>aegrotum,</strong></span> <span class='ocrx_word' id='word_1_698' title='bbox 1308 5182 1365 5230; x_wconf 90' lang='lat' dir='ltr'><strong>et</strong></span> <span class='ocrx_word' id='word_1_699' title='bbox 1413 5174 1653 5246; x_wconf 89' lang='lat' dir='ltr'><strong>generali</strong></span> <span class='ocrx_word' id='word_1_700' title='bbox 1707 5189 1814 5229; x_wconf 90' lang='lat' dir='ltr'><strong>usu</strong></span> <span class='ocrx_word' id='word_1_701' title='bbox 1861 5178 2125 5244; x_wconf 66' lang='lat' dir='ltr'><strong>aquw,’et</strong></span> 
     </span>
    </p>
   </div>
   <div class='ocr_carea' id='block_1_99' title="bbox 551 5266 2122 5338">
    <p class='ocr_par' dir='ltr' id='par_1_99' title="bbox 551 5266 2122 5338">
     <span class='ocr_line' id='line_1_99' title="bbox 551 5266 2122 5338; baseline -0.004 -15"><span class='ocrx_word' id='word_1_702' title='bbox 551 5268 773 5338; x_wconf 88' lang='lat' dir='ltr'><strong>speciali</strong></span> <span class='ocrx_word' id='word_1_703' title='bbox 808 5267 987 5323; x_wconf 86' lang='lat' dir='ltr'><strong>amnis</strong></span> <span class='ocrx_word' id='word_1_704' title='bbox 1035 5266 1185 5322; x_wconf 89' lang='lat' dir='ltr'><strong>illius</strong></span> <span class='ocrx_word' id='word_1_705' title='bbox 1233 5266 1584 5323; x_wconf 88' lang='lat' dir='ltr'><strong>immersione</strong></span> <span class='ocrx_word' id='word_1_706' title='bbox 1635 5275 1823 5336; x_wconf 83' lang='lat' dir='ltr'><strong>aperte</strong></span> <span class='ocrx_word' id='word_1_707' title='bbox 1853 5279 2122 5334; x_wconf 73' lang='lat' dir='ltr'><strong>praemon-</strong></span> 
     </span>
    </p>
   </div>
   <div class='ocr_carea' id='block_1_100' title="bbox 552 5354 2120 5421">
    <p class='ocr_par' dir='ltr' id='par_1_100' title="bbox 552 5354 2120 5421">
     <span class='ocr_line' id='line_1_100' title="bbox 552 5354 2120 5421; baseline -0.003 -7"><span class='ocrx_word' id='word_1_708' title='bbox 552 5368 733 5414; x_wconf 82' lang='lat' dir='ltr'><strong>strans</strong></span> <span class='ocrx_word' id='word_1_709' title='bbox 765 5357 1030 5414; x_wconf 84' lang='lat' dir='ltr'><strong>futurum.</strong></span> <span class='ocrx_word' id='word_1_710' title='bbox 1062 5356 1141 5412; x_wconf 83' lang='lat' dir='ltr'><strong>Ex</strong></span> <span class='ocrx_word' id='word_1_711' title='bbox 1177 5358 1429 5413; x_wconf 86' lang='lat' dir='ltr'><strong>amnibus</strong></span> <span class='ocrx_word' id='word_1_712' title='bbox 1474 5357 1619 5413; x_wconf 91' lang='lat' dir='ltr'><strong>enim</strong></span> <span class='ocrx_word' id='word_1_713' title='bbox 1661 5357 1813 5413; x_wconf 87' lang='lat' dir='ltr'><strong>solus</strong></span> <span class='ocrx_word' id='word_1_714' title='bbox 1842 5354 2120 5421; x_wconf 86' lang='lat' dir='ltr'><strong>Jordanis,</strong></span> 
     </span>
    </p>
   </div>
   <div class='ocr_carea' id='block_1_101' title="bbox 555 5446 2121 5519">
    <p class='ocr_par' dir='ltr' id='par_1_101' title="bbox 555 5446 2121 5519">
     <span class='ocr_line' id='line_1_101' title="bbox 555 5446 2121 5519; baseline -0.002 -15"><span class='ocrx_word' id='word_1_715' title='bbox 555 5463 690 5504; x_wconf 85' lang='lat' dir='ltr'><strong>cum.</strong></span> <span class='ocrx_word' id='word_1_716' title='bbox 713 5449 768 5502; x_wconf 90' lang='lat' dir='ltr'><strong>in</strong></span> <span class='ocrx_word' id='word_1_717' title='bbox 799 5464 860 5504; x_wconf 85' lang='lat' dir='ltr'><strong>se</strong></span> <span class='ocrx_word' id='word_1_718' title='bbox 889 5450 1186 5519; x_wconf 87' lang='lat' dir='ltr'><strong>recepisset</strong></span> <span class='ocrx_word' id='word_1_719' title='bbox 1212 5448 1667 5505; x_wconf 87' lang='lat' dir='ltr'><strong>sanctiﬁcationis</strong></span> <span class='ocrx_word' id='word_1_720' title='bbox 1693 5456 1748 5503; x_wconf 89' lang='lat' dir='ltr'><strong>et</strong></span> <span class='ocrx_word' id='word_1_721' title='bbox 1783 5446 2121 5502; x_wconf 89' lang='lat' dir='ltr'><strong>benedictio-</strong></span> 
     </span>
    </p>
   </div>
   <div class='ocr_carea' id='block_1_102' title="bbox 552 5538 2120 5612">
    <p class='ocr_par' dir='ltr' id='par_1_102' title="bbox 552 5538 2120 5612">
     <span class='ocr_line' id='line_1_102' title="bbox 552 5538 2120 5612; baseline -0.003 -18"><span class='ocrx_word' id='word_1_722' title='bbox 552 5540 642 5595; x_wconf 89' lang='lat' dir='ltr'><strong>nis</strong></span> <span class='ocrx_word' id='word_1_723' title='bbox 662 5538 959 5610; x_wconf 85' lang='lat' dir='ltr'><strong>primitias,</strong></span> <span class='ocrx_word' id='word_1_724' title='bbox 989 5550 1252 5611; x_wconf 88' lang='lat' dir='ltr'><strong>tanquam</strong></span> <span class='ocrx_word' id='word_1_725' title='bbox 1300 5558 1367 5597; x_wconf 80' lang='lat' dir='ltr'><strong>ex</strong></span> <span class='ocrx_word' id='word_1_726' title='bbox 1395 5540 1629 5612; x_wconf 88' lang='lat' dir='ltr'><strong>quodam</strong></span> <span class='ocrx_word' id='word_1_727' title='bbox 1666 5539 1818 5595; x_wconf 90' lang='lat' dir='ltr'><strong>fonte</strong></span> <span class='ocrx_word' id='word_1_728' title='bbox 1842 5554 1954 5595; x_wconf 73' lang='lat' dir='ltr'><strong>sua:</strong></span> <span class='ocrx_word' id='word_1_729' title='bbox 1986 5538 2120 5608; x_wconf 83' lang='lat' dir='ltr'><strong>ligu-</strong></span> 
     </span>
    </p>
   </div>
   <div class='ocr_carea' id='block_1_103' title="bbox 553 5620 2120 5703">
    <p class='ocr_par' dir='ltr' id='par_1_103' title="bbox 553 5620 2120 5703">
     <span class='ocr_line' id='line_1_103' title="bbox 553 5620 2120 5703; baseline -0.002 -17"><span class='ocrx_word' id='word_1_730' title='bbox 553 5648 630 5687; x_wconf 70' lang='lat' dir='ltr'><strong>mc</strong></span> <span class='ocrx_word' id='word_1_731' title='bbox 663 5633 714 5685; x_wconf 91' lang='lat' dir='ltr'><strong>in</strong></span> <span class='ocrx_word' id='word_1_732' title='bbox 764 5638 936 5685; x_wconf 81' lang='lat' dir='ltr'><strong>telum</strong></span> <span class='ocrx_word' id='word_1_733' title='bbox 990 5620 1254 5687; x_wconf 83' lang='lat' dir='ltr'><strong>mundum</strong></span> <span class='ocrx_word' id='word_1_734' title='bbox 1296 5634 1498 5687; x_wconf 91' lang='lat' dir='ltr'><strong>donum</strong></span> <span class='ocrx_word' id='word_1_735' title='bbox 1550 5632 1914 5703; x_wconf 86' lang='lat' dir='ltr'><strong>baptismatis,</strong></span> <span class='ocrx_word' id='word_1_736' title='bbox 1962 5630 2120 5701; x_wconf 88' lang='lat' dir='ltr'><strong>quasi</strong></span> 
     </span>
    </p>
   </div>
   <div class='ocr_carea' id='block_1_104' title="bbox 2215 4708 3794 4787">
    <p class='ocr_par' dir='ltr' id='par_1_104' title="bbox 2215 4708 3794 4787">
     <span class='ocr_line' id='line_1_104' title="bbox 2215 4708 3794 4787; baseline -0.008 -16"><span class='ocrx_word' id='word_1_737' title='bbox 2215 4721 2335 4773; x_wconf 85' lang='grc' dir='ltr'>ἐκεῖ</span> <span class='ocrx_word' id='word_1_738' title='bbox 2355 4719 2448 4772; x_wconf 74' lang='grc' dir='ltr'><strong>καὶ</strong></span> <span class='ocrx_word' id='word_1_739' title='bbox 2481 4715 2697 4787; x_wconf 89' lang='grc' dir='ltr'>πνεῦμα</span> <span class='ocrx_word' id='word_1_740' title='bbox 2723 4714 2784 4767; x_wconf 84' lang='grc' dir='ltr'><strong>τὸ</strong></span> <span class='ocrx_word' id='word_1_741' title='bbox 2808 4708 3116 4783; x_wconf 81' lang='grc' dir='ltr'>ζωπυροῦν,</span> <span class='ocrx_word' id='word_1_742' title='bbox 3144 4709 3207 4763; x_wconf 82' lang='grc' dir='ltr'><strong>τὸ</strong></span> <span class='ocrx_word' id='word_1_743' title='bbox 3236 4708 3459 4780; x_wconf 83' lang='grc' dir='ltr'>θερμὸν,</span> <span class='ocrx_word' id='word_1_744' title='bbox 3493 4708 3552 4761; x_wconf 81' lang='grc' dir='ltr'>τὸ</span> <span class='ocrx_word' id='word_1_745' title='bbox 3577 4723 3794 4778; x_wconf 84' lang='grc' dir='ltr'>πυροει-</span> 
     </span>
    </p>
   </div>
   <div class='ocr_carea' id='block_1_105' title="bbox 2216 4796 3805 4886">
    <p class='ocr_par' dir='ltr' id='par_1_105' title="bbox 2216 4796 3805 4886">
     <span class='ocr_line' id='line_1_105' title="bbox 2216 4796 3805 4886; baseline -0.01 -20"><span class='ocrx_word' id='word_1_746' title='bbox 2216 4812 2323 4876; x_wconf 82' lang='grc' dir='ltr'>δὲς,</span> <span class='ocrx_word' id='word_1_747' title='bbox 2361 4810 2425 4864; x_wconf 82' lang='grc' dir='ltr'>τὸ</span> <span class='ocrx_word' id='word_1_748' title='bbox 2456 4811 2582 4873; x_wconf 84' lang='grc' dir='ltr'>τοὺς</span> <span class='ocrx_word' id='word_1_749' title='bbox 2630 4806 2845 4869; x_wconf 79' lang='grc' dir='ltr'>ἀσεϐεῖς</span> <span class='ocrx_word' id='word_1_750' title='bbox 2890 4806 3041 4858; x_wconf 84' lang='grc' dir='ltr'>καῖον</span> <span class='ocrx_word' id='word_1_751' title='bbox 3073 4802 3332 4886; x_wconf 34' lang='grc' dir='ltr'>καὶ-τοὺς</span> <span class='ocrx_word' id='word_1_752' title='bbox 3365 4800 3586 4864; x_wconf 80' lang='grc' dir='ltr'>πιστοὺς</span> <span class='ocrx_word' id='word_1_753' title='bbox 3632 4796 3805 4868; x_wconf 50' lang='grc' dir='ltr'>φωτί-ν</span> 
     </span>
    </p>
   </div>
   <div class='ocr_carea' id='block_1_106' title="bbox 2219 4893 3791 4975">
    <p class='ocr_par' dir='ltr' id='par_1_106' title="bbox 2219 4893 3791 4975">
     <span class='ocr_line' id='line_1_106' title="bbox 2219 4893 3791 4975; baseline -0.008 -18"><span class='ocrx_word' id='word_1_754' title='bbox 2219 4903 2331 4968; x_wconf 82' lang='grc' dir='ltr'>ζον.</span> <span class='ocrx_word' id='word_1_755' title='bbox 2369 4903 2442 4958; x_wconf 92' lang='grc' dir='ltr'>Οὑ</span> <span class='ocrx_word' id='word_1_756' title='bbox 2478 4903 2584 4975; x_wconf 88' lang='grc' dir='ltr'>μὴν</span> <span class='ocrx_word' id='word_1_757' title='bbox 2614 4899 2750 4955; x_wconf 83' lang='grc' dir='ltr'><strong>ἀλλά</strong></span> <span class='ocrx_word' id='word_1_758' title='bbox 2782 4898 2876 4952; x_wconf 77' lang='grc' dir='ltr'>καὶ</span> <span class='ocrx_word' id='word_1_759' title='bbox 2906 4899 2934 4951; x_wconf 87' lang='grc' dir='ltr'>ὁ</span> <span class='ocrx_word' id='word_1_760' title='bbox 2960 4896 3151 4950; x_wconf 88' lang='grc' dir='ltr'>τούτου</span> <span class='ocrx_word' id='word_1_761' title='bbox 3185 4893 3431 4967; x_wconf 72' lang='grc' dir='ltr'>μαθητὴς</span> <span class='ocrx_word' id='word_1_762' title='bbox 3474 4894 3791 4957; x_wconf 81' lang='grc' dir='ltr'>Ἐλισσαῖος,</span> 
     </span>
    </p>
   </div>
   <div class='ocr_carea' id='block_1_107' title="bbox 2220 4984 3796 5065">
    <p class='ocr_par' dir='ltr' id='par_1_107' title="bbox 2220 4984 3796 5065">
     <span class='ocr_line' id='line_1_107' title="bbox 2220 4984 3796 5065; baseline -0.008 -17"><span class='ocrx_word' id='word_1_763' title='bbox 2220 4994 2467 5057; x_wconf 82' lang='grc' dir='ltr'>ἐλθόντος</span> <span class='ocrx_word' id='word_1_764' title='bbox 2496 4992 2635 5065; x_wconf 85' lang='grc' dir='ltr'>πρὸς</span> <span class='ocrx_word' id='word_1_765' title='bbox 2676 4990 2838 5046; x_wconf 80' lang='grc' dir='ltr'>αὑτὸν</span> <span class='ocrx_word' id='word_1_766' title='bbox 2884 4989 3061 5044; x_wconf 71' lang='grc' dir='ltr'>ἱκέτου</span> <span class='ocrx_word' id='word_1_767' title='bbox 3092 4986 3313 5057; x_wconf 87' lang='grc' dir='ltr'>Νεεμάν</span> <span class='ocrx_word' id='word_1_768' title='bbox 3341 4986 3435 5038; x_wconf 85' lang='grc' dir='ltr'><strong>τοῦ</strong></span> <span class='ocrx_word' id='word_1_769' title='bbox 3483 4985 3652 5055; x_wconf 84' lang='grc' dir='ltr'>Σύρου</span> <span class='ocrx_word' id='word_1_770' title='bbox 3703 4984 3796 5038; x_wconf 89' lang='grc' dir='ltr'><strong>τοῦ</strong></span> 
     </span>
    </p>
   </div>
   <div class='ocr_carea' id='block_1_108' title="bbox 2222 5076 3800 5158">
    <p class='ocr_par' dir='ltr' id='par_1_108' title="bbox 2222 5076 3800 5158">
     <span class='ocr_line' id='line_1_108' title="bbox 2222 5076 3800 5158; baseline -0.008 -18"><span class='ocrx_word' id='word_1_771' title='bbox 2222 5087 2318 5158; x_wconf 84' lang='grc' dir='ltr'>τὴν</span> <span class='ocrx_word' id='word_1_772' title='bbox 2345 5086 2554 5157; x_wconf 84' lang='grc' dir='ltr'>λέπραν</span> <span class='ocrx_word' id='word_1_773' title='bbox 2581 5086 2931 5155; x_wconf 87' lang='grc' dir='ltr'>νοσήσαντος,</span> <span class='ocrx_word' id='word_1_774' title='bbox 2961 5080 3158 5142; x_wconf 87' lang='grc' dir='ltr'>λούσας</span> <span class='ocrx_word' id='word_1_775' title='bbox 3198 5081 3255 5131; x_wconf 80' lang='grc' dir='ltr'><strong>ἐν</strong></span> <span class='ocrx_word' id='word_1_776' title='bbox 3292 5076 3369 5148; x_wconf 82' lang='grc' dir='ltr'><strong>τῷ</strong></span> <span class='ocrx_word' id='word_1_777' title='bbox 3411 5077 3668 5147; x_wconf 81' lang='grc' dir='ltr'>Ἰορδάνῃ,</span> <span class='ocrx_word' id='word_1_778' title='bbox 3699 5092 3800 5129; x_wconf 85' lang='grc' dir='ltr'>κα-</span> 
     </span>
    </p>
   </div>
   <div class='ocr_carea' id='block_1_109' title="bbox 2223 5165 3800 5249">
    <p class='ocr_par' dir='ltr' id='par_1_109' title="bbox 2223 5165 3800 5249">
     <span class='ocr_line' id='line_1_109' title="bbox 2223 5165 3800 5249; baseline -0.008 -18"><span class='ocrx_word' id='word_1_779' title='bbox 2223 5178 2402 5249; x_wconf 88' lang='grc' dir='ltr'>θαίρει</span> <span class='ocrx_word' id='word_1_780' title='bbox 2428 5177 2521 5230; x_wconf 80' lang='grc' dir='ltr'><strong>τὸν</strong></span> <span class='ocrx_word' id='word_1_781' title='bbox 2552 5177 2834 5247; x_wconf 74' lang='grc' dir='ltr'>ἄρρωστον</span> <span class='ocrx_word' id='word_1_782' title='bbox 2852 5190 2865 5203; x_wconf 91' lang='grc'><strong>·</strong></span> <span class='ocrx_word' id='word_1_783' title='bbox 2901 5172 2996 5227; x_wconf 77' lang='grc' dir='ltr'><strong>καὶ</strong></span> <span class='ocrx_word' id='word_1_784' title='bbox 3015 5173 3081 5243; x_wconf 81' lang='grc' dir='ltr'>τῇ</span> <span class='ocrx_word' id='word_1_785' title='bbox 3114 5172 3301 5240; x_wconf 84' lang='grc' dir='ltr'>γενικῇ</span> <span class='ocrx_word' id='word_1_786' title='bbox 3334 5169 3525 5239; x_wconf 84' lang='grc' dir='ltr'>χρήσει</span> <span class='ocrx_word' id='word_1_787' title='bbox 3552 5165 3653 5219; x_wconf 85' lang='grc' dir='ltr'><strong>τοῦ</strong></span> <span class='ocrx_word' id='word_1_788' title='bbox 3674 5166 3800 5219; x_wconf 82' lang='grc' dir='ltr'>ὓδα-</span> 
     </span>
    </p>
   </div>
   <div class='ocr_carea' id='block_1_110' title="bbox 2221 5255 3799 5334">
    <p class='ocr_par' dir='ltr' id='par_1_110' title="bbox 2221 5255 3799 5334">
     <span class='ocr_line' id='line_1_110' title="bbox 2221 5255 3799 5334; baseline -0.007 -16"><span class='ocrx_word' id='word_1_789' title='bbox 2221 5282 2313 5327; x_wconf 89' lang='grc' dir='ltr'><strong>τος</strong></span> <span class='ocrx_word' id='word_1_790' title='bbox 2359 5265 2455 5318; x_wconf 73' lang='grc' dir='ltr'>καὶ</span> <span class='ocrx_word' id='word_1_791' title='bbox 2499 5263 2576 5334; x_wconf 83' lang='grc' dir='ltr'><strong>τῷ</strong></span> <span class='ocrx_word' id='word_1_792' title='bbox 2612 5262 2762 5333; x_wconf 84' lang='grc' dir='ltr'>ίδικῷ</span> <span class='ocrx_word' id='word_1_793' title='bbox 2791 5258 2886 5315; x_wconf 91' lang='grc' dir='ltr'><strong>τοῦ</strong></span> <span class='ocrx_word' id='word_1_794' title='bbox 2935 5257 3179 5330; x_wconf 88' lang='grc' dir='ltr'>ποταμοῦ</span> <span class='ocrx_word' id='word_1_795' title='bbox 3222 5257 3558 5328; x_wconf 86' lang='grc' dir='ltr'>βαπτίσματι</span> <span class='ocrx_word' id='word_1_796' title='bbox 3611 5255 3799 5323; x_wconf 75' lang='grc' dir='ltr'>σαφῶς</span> 
     </span>
    </p>
   </div>
   <div class='ocr_carea' id='block_1_111' title="bbox 2224 5348 3798 5429">
    <p class='ocr_par' dir='ltr' id='par_1_111' title="bbox 2224 5348 3798 5429">
     <span class='ocr_line' id='line_1_111' title="bbox 2224 5348 3798 5429; baseline -0.008 -19"><span class='ocrx_word' id='word_1_797' title='bbox 2224 5357 2645 5429; x_wconf 83' lang='grc' dir='ltr'>προὺποφαίνων</span> <span class='ocrx_word' id='word_1_798' title='bbox 2674 5355 2734 5408; x_wconf 79' lang='grc' dir='ltr'><strong>τὸ</strong></span> <span class='ocrx_word' id='word_1_799' title='bbox 2762 5353 2972 5425; x_wconf 88' lang='grc' dir='ltr'>μέλλον.</span> <span class='ocrx_word' id='word_1_800' title='bbox 2997 5351 3172 5413; x_wconf 88' lang='grc' dir='ltr'>Μόνος</span> <span class='ocrx_word' id='word_1_801' title='bbox 3196 5350 3301 5419; x_wconf 86' lang='grc' dir='ltr'><strong>γάρ</strong></span> <span class='ocrx_word' id='word_1_802' title='bbox 3340 5348 3605 5419; x_wconf 69' lang='grc' dir='ltr'>Ἰορδάνης</span> <span class='ocrx_word' id='word_1_803' title='bbox 3634 5364 3798 5401; x_wconf 86' lang='grc' dir='ltr'>ποτα-</span> 
     </span>
    </p>
   </div>
   <div class='ocr_carea' id='block_1_112' title="bbox 2230 5436 3798 5517">
    <p class='ocr_par' dir='ltr' id='par_1_112' title="bbox 2230 5436 3798 5517">
     <span class='ocr_line' id='line_1_112' title="bbox 2230 5436 3798 5517; baseline -0.007 -17"><span class='ocrx_word' id='word_1_804' title='bbox 2230 5446 2346 5517; x_wconf 86' lang='grc' dir='ltr'><strong>μῶν</strong></span> <span class='ocrx_word' id='word_1_805' title='bbox 2385 5447 2442 5499; x_wconf 80' lang='grc' dir='ltr'><strong>ἐν</strong></span> <span class='ocrx_word' id='word_1_806' title='bbox 2486 5444 2665 5515; x_wconf 85' lang='grc' dir='ltr'>ἐαυτῷ</span> <span class='ocrx_word' id='word_1_807' title='bbox 2697 5445 2984 5514; x_wconf 80' lang='grc' dir='ltr'>δεξάμενος</span> <span class='ocrx_word' id='word_1_808' title='bbox 3018 5439 3112 5493; x_wconf 80' lang='grc' dir='ltr'><strong>τοῦ</strong></span> <span class='ocrx_word' id='word_1_809' title='bbox 3146 5438 3415 5509; x_wconf 76' lang='grc' dir='ltr'>άγιασμοῦ</span> <span class='ocrx_word' id='word_1_810' title='bbox 3455 5439 3548 5492; x_wconf 71' lang='grc' dir='ltr'><strong>καὶ</strong></span> <span class='ocrx_word' id='word_1_811' title='bbox 3576 5439 3676 5508; x_wconf 81' lang='grc' dir='ltr'>τῆς</span> <span class='ocrx_word' id='word_1_812' title='bbox 3707 5436 3798 5490; x_wconf 83' lang='grc' dir='ltr'>εὑ-</span> 
     </span>
    </p>
   </div>
   <div class='ocr_carea' id='block_1_113' title="bbox 2226 5524 3794 5606">
    <p class='ocr_par' dir='ltr' id='par_1_113' title="bbox 2226 5524 3794 5606">
     <span class='ocr_line' id='line_1_113' title="bbox 2226 5524 3794 5606; baseline -0.008 -16"><span class='ocrx_word' id='word_1_813' title='bbox 2226 5537 2411 5606; x_wconf 90' lang='grc' dir='ltr'>λογίας</span> <span class='ocrx_word' id='word_1_814' title='bbox 2430 5535 2531 5606; x_wconf 80' lang='grc' dir='ltr'>τὴν</span> <span class='ocrx_word' id='word_1_815' title='bbox 2558 5535 2829 5605; x_wconf 82' lang='grc' dir='ltr'>ἀπαρχὴν,</span> <span class='ocrx_word' id='word_1_816' title='bbox 2858 5531 3046 5599; x_wconf 84' lang='grc' dir='ltr'>ὥσπερ</span> <span class='ocrx_word' id='word_1_817' title='bbox 3075 5527 3139 5581; x_wconf 74' lang='grc' dir='ltr'><strong>ἐκ</strong></span> <span class='ocrx_word' id='word_1_818' title='bbox 3158 5546 3301 5591; x_wconf 85' lang='grc' dir='ltr'>τινος</span> <span class='ocrx_word' id='word_1_819' title='bbox 3334 5526 3630 5599; x_wconf 67' lang='grc' dir='ltr'>πηγῆςτώ</span> <span class='ocrx_word' id='word_1_820' title='bbox 3665 5524 3794 5579; x_wconf 87' lang='grc' dir='ltr'>ίδίου</span> 
     </span>
    </p>
   </div>
   <div class='ocr_carea' id='block_1_114' title="bbox 2225 5614 3801 5698">
    <p class='ocr_par' dir='ltr' id='par_1_114' title="bbox 2225 5614 3801 5698">
     <span class='ocr_line' id='line_1_114' title="bbox 2225 5614 3801 5698; baseline -0.01 -17"><span class='ocrx_word' id='word_1_821' title='bbox 2225 5628 2394 5682; x_wconf 88' lang='grc' dir='ltr'>τύπου</span> <span class='ocrx_word' id='word_1_822' title='bbox 2430 5627 2506 5698; x_wconf 81' lang='grc' dir='ltr'>τῷ</span> <span class='ocrx_word' id='word_1_823' title='bbox 2531 5627 2718 5698; x_wconf 85' lang='grc' dir='ltr'>κόσμῳ</span> <span class='ocrx_word' id='word_1_824' title='bbox 2750 5623 2909 5679; x_wconf 78' lang='grc' dir='ltr'>παντὶ</span> <span class='ocrx_word' id='word_1_825' title='bbox 2942 5622 3038 5693; x_wconf 77' lang='grc' dir='ltr'>τὴν</span> <span class='ocrx_word' id='word_1_826' title='bbox 3066 5619 3159 5673; x_wconf 90' lang='grc' dir='ltr'><strong>τοῦ</strong></span> <span class='ocrx_word' id='word_1_827' title='bbox 3193 5620 3564 5691; x_wconf 88' lang='grc' dir='ltr'>βαπτίσματος</span> <span class='ocrx_word' id='word_1_828' title='bbox 3589 5614 3801 5686; x_wconf 56' lang='grc' dir='ltr'>ἐπωχέμ</span> 
     </span>
    </p>
   </div>
   <div class='ocr_carea' id='block_1_115' title="bbox 631 5791 2099 5881">
    <p class='ocr_par' dir='ltr' id='par_1_115' title="bbox 631 5791 2099 5881">
     <span class='ocr_line' id='line_1_115' title="bbox 631 5791 2099 5881; baseline -0.003 -15"><span class='ocrx_word' id='word_1_829' title='bbox 631 5809 680 5851; x_wconf 61' lang='grc'>³⁵</span> <span class='ocrx_word' id='word_1_830' title='bbox 707 5809 821 5866; x_wconf 85' lang='lat' dir='ltr'><strong>Jos.</strong></span> <span class='ocrx_word' id='word_1_831' title='bbox 855 5826 938 5877; x_wconf 87' lang='lat' dir='ltr'><strong>tn,</strong></span> <span class='ocrx_word' id='word_1_832' title='bbox 990 5810 1013 5864; x_wconf 82' lang='lat' dir='ltr'><strong>l</strong></span> <span class='ocrx_word' id='word_1_833' title='bbox 1049 5791 1168 5879; x_wconf 80' lang='lat' dir='ltr'><strong>sqq.</strong></span> <span class='ocrx_word' id='word_1_834' title='bbox 1245 5811 1290 5844; x_wconf 75' lang='grc'><strong>’⁵</strong></span> <span class='ocrx_word' id='word_1_835' title='bbox 1320 5809 1385 5863; x_wconf 93' lang='lat' dir='ltr'><strong>lll</strong></span> <span class='ocrx_word' id='word_1_836' title='bbox 1416 5808 1545 5881; x_wconf 76' lang='lat' dir='ltr'><strong>Reg.</strong></span> <span class='ocrx_word' id='word_1_837' title='bbox 1581 5826 1734 5877; x_wconf 75' lang='lat' dir='ltr'><strong>xuii,</strong></span> <span class='ocrx_word' id='word_1_838' title='bbox 1772 5809 1841 5862; x_wconf 70' lang='lat'><strong>‘22</strong></span> <span class='ocrx_word' id='word_1_839' title='bbox 1872 5824 1991 5878; x_wconf 87' lang='lat' dir='ltr'><strong>sqq.</strong></span> <span class='ocrx_word' id='word_1_840' title='bbox 2070 5808 2099 5839; x_wconf 81' lang='lat'><strong>&quot;</strong></span> 
     </span>
    </p>
   </div>
   <div class='ocr_carea' id='block_1_116' title="bbox 2200 5791 2705 5881">
    <p class='ocr_par' dir='ltr' id='par_1_116' title="bbox 2200 5804 2705 5876">
     <span class='ocr_line' id='line_1_116' title="bbox 2200 5804 2705 5876; baseline -0.014 -16"><span class='ocrx_word' id='word_1_841' title='bbox 2200 5805 2224 5860; x_wconf 59' lang='grc' dir='ltr'>ἱ</span> <span class='ocrx_word' id='word_1_842' title='bbox 2261 5805 2389 5876; x_wconf 76' lang='lat' dir='ltr'><strong>Reg.</strong></span> <span class='ocrx_word' id='word_1_843' title='bbox 2438 5823 2487 5869; x_wconf 75' lang='grc' dir='ltr'><strong>ν,</strong></span> <span class='ocrx_word' id='word_1_844' title='bbox 2530 5804 2546 5857; x_wconf 83' lang='lat' dir='ltr'><strong>l</strong></span> <span class='ocrx_word' id='word_1_845' title='bbox 2586 5819 2705 5873; x_wconf 75' lang='lat' dir='ltr'><strong>sqq.</strong></span> 
     </span>
    </p>
   </div>
  </div>
