4154 6354
460 334 562 391 595

1687 335 1751 389 IN
1784 334 2186 391 BAPTISMUM
2228 339 2522 395 CHRISTI.

3617 343 3724 403 59-i-

455 469 613 506 τευσε
659 453 838 523 χάριν.
890 451 1076 506 Ταῦτα
1120 454 1216 522 μὲν
1245 447 1337 504 οὖν
1387 452 1584 523 ἐνεργὰ
1618 452 1711 504 καὶ
1756 453 2037 523 πρακτικὰ

2150 472 2237 524 per
2271 459 2446 513 rivum
2489 469 2544 513 et
2581 460 2960 529 aquaeductum
3024 461 3341 515 transfudit.
3375 464 3554 534 Atque
3603 466 3721 521 haec

462 559 756 613 μηνύματα
782 542 882 611 τῆς
914 542 1000 595 διὰ
1028 543 1122 595 τοῦ
1148 542 1372 614 λουτροῦ
1417 544 1856 613 παλιγγενεσίας.
1897 549 2044 600 Κατ-

461 633 658 702 ἑδωμεν
684 633 740 686 δὲ
774 633 958 687 λοιπὸν
996 634 1088 698 τὰς
1137 635 1224 688 διὰ
1273 635 1448 703 λόγων
1477 637 1573 691 καὶ
1606 637 1802 706 φωνῶν
1831 657 2044 710 προφη-

459 723 626 786 τείας.
676 725 733 777 '0
769 725 866 794 μὲν
895 721 988 779 οὖν
1019 725 1247 789 Ἡσαΐας
1282 727 1542 797 κέκραγε,
1577 726 1781 795 λέγων⁹
1809 729 2045 783 Λούσα-

459 819 590 880 σθε,
618 816 862 884 καθαροὶ
889 815 1138 886 γένεσθε
1162 835 1174 848 ’
1203 805 1457 886 ἀφέλετε
1484 819 1589 885 τὰς
1613 821 1904 888 πονηρίας
1924 821 2042 876 ἀπὸ

461 906 580 960 τῶν
611 907 828 976 ψυχῶν
859 909 1044 978 ὑμῶν.
1087 910 1144 961 Ὁ
1172 909 1236 963 δὲ
1267 911 1462 964 Δαϐίδυ
1497 911 1869 978 Προσέλθετε
1896 913 2046 980 πρὸς

461 1001 666 1065 αὐτὸν,
697 1001 794 1054 καὶ
822 1003 1178 1071 φωτίσθητε,
1210 1004 1309 1058 καὶ
1344 1005 1416 1058 τὰ
1460 1006 1752 1072 πρόσωπα
1782 1005 1944 1075 ὑμῶν
1972 1009 2043 1061 οὐ

455 1092 542 1161 μὴ
577 1094 1012 1164 καταισχυνθῇ.
1063 1096 1322 1168 Ἰεζεκιήλ
1348 1097 1404 1151 δὲ
1442 1098 1550 1150 τῶν
1588 1099 1681 1152 δύο
1715 1100 2043 1171 σαφέστερον

456 1185 558 1237 ικαὶ
585 1185 905 1258 λευκότερον
929 1188 1177 1260 γράφων,
1199 1191 1539 1260 ὑπισχνεῖται
1559 1191 1656 1262 τὴν
1675 1191 1848 1262 καλὴν
1873 1194 2044 1260 ἑπαγ-

461 1276 680 1344 γελίαν·
710 1278 820 1331 Καὶ
861 1277 1027 1346 ρανῶ
1082 1279 1174 1348 ἐφ’
1214 1279 1367 1348 ὑμᾶς
1412 1281 1676 1347 καθαρὸν
1713 1279 1889 1349 ὕδωρ,
1946 1281 2045 1333 καὶ

462 1368 982 1436 καθαρισθήσεσοε
1046 1371 1163 1424 ἀπὸ
1217 1370 1430 1425 πασῶν
1483 1371 1602 1425 τῶν
1665 1373 2046 1442 ὰκαθαρσιῶν

461 1457 649 1527 ὑμῶν,
684 1461 781 1512 καὶ
815 1461 932 1514 ἀπὸ
968 1462 1209 1516 ,πάντων
1237 1463 1356 1516 τῶν
1390 1462 1651 1517 εἰδώλων
1675 1463 1842 1531 ὑμῶν
1863 1468 2044 1519 καθα-

452 1550 565 1619 ριῶ
613 1550 787 1621 ὑμᾶς,
825 1553 924 1606 καὶ
975 1553 1148 1607 δώσω
1189 1555 1331 1624 ὑμῖν
1363 1555 1613 1624 καρδίαν
1654 1557 1892 1626 καινὴν,
1946 1559 2044 1612 καὶ

462 1642 698 1712 πνεῦμα
729 1645 939 1698 καινὸν
978 1645 1150 1700 δώσω
1188 1646 1332 1716 ὑμῖν
1351 1666 1364 1679 ο
1388 1647 1488 1700 καὶ
1527 1649 1732 1717 ἀφελῶ
1766 1650 1882 1718 τὴν
1906 1669 2045 1720 καρ-

463 1734 602 1788 δίαν
631 1735 742 1802 τὴν
772 1738 1016 1805 λιθίνην
1046 1740 1114 1791 ἑκ
1143 1738 1252 1806 τῆς
1281 1741 1509 1809 σαρκὸς
1532 1741 1717 1810 ὑμῶν,
1745 1743 1845 1796 ual
1873 1744 2044 1799 δώσω

465 1827 607 1895 ὑμῖν
627 1828 878 1895 καρδίαν
905 1833 1203 1898 σαρκίνην
1222 1849 1237 1864 ·
1268 1834 1365 1887 καὶ
1389 1833 1456 1887 τὸ
1478 1835 1715 1904 πνεῦμά
1726 1853 1846 1905 μου
1873 1836 2044 1890 δώσω

464 1920 533 1971 ἐν
579 1919 742 1988 ὑμῖν.
785 1921 1189 1991 Ἐναργέστατα
1238 1923 1423 1978 δὲκαὶ
1465 1925 1494 1978 6
1531 1927 1804 1998 Ζαχαρίας
1851 1930 1940 1982 τόν
1985 1947 2044 1982 τε

478 2010 687 2081 Ἰησοῦν
713 2014 1043 2083 προφητεύει
1067 2017 1156 2068 τὸν
1186 2017 1528 2088 ἐνδεδυμένον
1560 2021 1620 2074 τὸ
1644 2023 1885 2093 ῥυπαρὸν
1915 2025 2044 2095 ἱμά-

465 2119 597 2166 τιον,
645 2103 742 2175 τὴν
773 2105 1021 2177 δουλικὴν
1073 2108 1168 2161 καὶ
1197 2111 1475 2182 ἡμετέραν
1516 2112 1714 2184 σάρκα,
1752 2116 1957 2170 ἐκδύων
1991 2116 2046 2169 δὲ

467 2195 629 2247 αὐτὸν
661 2197 760 2266 τῆς
809 2198 1140 2270 σκυθρωπῆς
1186 2201 1432 2270 ἐσθῆτος,
1469 2205 1666 2274 κοσμεῖ
1710 2207 1775 2276 τῇ
1831 2205 2049 2277 καθαρᾷ

468 2287 559 2340 καὶ
589 2287 880 2360 λαμπούσῃ
910 2288 1068 2360 στολῇ
1096 2307 1108 2318 ·
1138 2289 1403 2345 διδάσκων
1434 2295 1583 2363 ἡμᾶς
1610 2294 1697 2348 διὰ
1727 2294 1820 2348 τοῦ
1851 2297 2048 2348 εἰκονι-

462 2377 564 2430 τκοῦ
600 2379 1011 2451 ὑποδείγματος,
1043 2383 1124 2435 ὅτι
1152 2383 1216 2452 δὴ
1249 2385 1307 2436 ἐν
1337 2384 1412 2454 τῷ
1445 2386 1781 2457 βαπτίσματι
1802 2388 1896 2442 τοῦ
1940 2392 2045 2461 Ἰη-

469 2470 560 2523 σοῦ
606 2473 804 2536 πάντες
847 2474 1004 2544 ἡμεῖς
1036 2476 1347 2547 ὲκδυόμενοι
1390 2480 1489 2543 τὰς
1530 2481 1806 2552 ἁμαρτίας
1851 2483 1927 2545 ὡς
1961 2501 2044 2553 χι-

463 2560 608 2612 τῶνα
657 2562 930 2633 πτωχικόν
973 2581 1032 2617 τε
1061 2565 1154 2618 καὶ
1197 2567 1620 2642 πολυκὸλλητον,
1655 2573 1744 2625 τὸν
1787 2573 1927 2644 ἱερὸν
1953 2577 2047 2627 καὶ

465 2651 749 2706 κάλλιστον
775 2652 868 2707 τὸν
893 2654 994 2725 τῆς
1030 2656 1450 2726 παλιγγενεσίας
1481 2664 1899 2736 μετενδυόμεθα.
1935 2668 2044 2721 Ποῦ

462 2740 518 2793 δὲ
554 2741 791 2812 θήσομεν
832 2745 1051 2798 κάκεῖνο
1080 2746 1174 2800 τοῦ
1213 2749 1435 2804 Ἡσαΐου
1461 2752 1523 2806 τὸ
1559 2753 1758 2823 λόγιον,
1785 2758 1920 2828 πρὸς
1948 2759 2045 2829 τήν

465 2833 666 2904 ἔρημον
688 2835 908 2906 κράζοψ
929 2839 1326 2910 Εὐφράνθητι,
1347 2843 1564 2913 ἕρημος
1585 2846 1846 2915 διψῶσα·
1863 2851 2046 2919 ἀγαλ-

465 2923 694 2980 νῑιάσθω
718 2927 954 2996 ἕρημος,
987 2931 1086 2983 καὶ
1112 2932 1359 2988 ἀνθείτω
1387 2937 1468 2999 ὡς
1492 2938 1718 3005 κρίνον,
1753 2941 1852 2996 καὶ
1872 2943 2046 3007 ἐξαν-

466 3016 640 3083 Θήσει
669 3018 766 3073 καὶ
795 3021 1225 3090 ἀγαλλιάσεται
1253 3027 1325 3080 τὰ
1352 3027 1541 3097 ἔρημα
1567 3032 1675 3086 τοῦ
1717 3033 2040 3102 Ἰορδάνου.

2144 551 2367 622 quidem
2392 545 2562 621 opere’
2592 560 2756 621 atque
2790 568 2847 606 re
2877 553 2992 621 ipsa
3019 553 3304 621 designata
3355 561 3484 608 sunt
3519 555 3721 609 indicia

2146 644 2601 713 regenerationis,
2630 660 2752 714 quae
2779 660 2878 714 per
2901 646 3173 698 lavacrum
3205 646 3493 716 contingit.
3526 647 3723 701 Videa-

2145 753 2268 792 mus
2307 747 2486 793 antem
2539 739 2800 805 deinceps
2847 753 2960 800 eas,
3015 754 3136 807 quae
3187 753 3283 808 per
3336 734 3618 805 sermones
3659 756 3723 794 ac

2132 831 2310 881 'voces
2332 827 2493 881 editae
2515 838 2664 887 sunt,
2701 827 3035 895 prophetias.
3082 828 3252 896 igitur
3295 827 3464 882 Isaias
3500 827 3720 897 quidem

2145 920 2349 973 clamat
2377 917 2567 974 dicens
2605 936 2618 973 :
2663 915 2962 978 Lavamini,
3014 919 3131 985 puri
3158 929 3341 981 estote,
3379 918 3582 988 auferte
3637 935 3726 972 ue-

2144 1010 2340 1078 quitias
2367 1008 2430 1062 ab
2463 1006 2740 1062 animabus
2771 1008 2954 1061 vestris
2987 1008 3053 1062 ³⁷.
3083 1006 3251 1060 David
3303 1016 3480 1062 autem
3517 1027 3530 1061 :
3561 1009 3722 1061 Acce-

2146 1101 2253 1154 dite
2286 1101 2353 1154 ad
2393 1117 2532 1166 eum,
2589 1109 2639 1155 et
2668 1101 3068 1162 illuminamini,
3097 1109 3146 1152 et
3195 1099 3370 1154 vultus
3416 1106 3576 1154 vestri
3615 1117 3719 1154 non

2146 1191 2533 1258 confundentur
2582 1191 2650 1244 ’⁸.
2712 1190 2963 1245 Ezechiel
3027 1201 3206 1245 autem
3273 1201 3506 1260 utroque
3564 1192 3720 1259 aper;-

2145 1286 2276 1349 tius,
2326 1284 2528 1338 clarius
2583 1291 2636 1337 et
2663 1282 2954 1337 candidius
2989 1283 3264 1343 scribens.
3309 1284 3596 1354 pollicetur
3626 1285 3720 1338 bo-

2145 1391 2272 1430 nam
2307 1376 2726 1446 promissionem
2763 1395 2774 1428 :
2804 1374 2872 1430 Et
2919 1391 3164 1445 spargam
3203 1392 3358 1444 super
3395 1394 3483 1430 vos
3531 1393 3723 1446 aquam

2144 1483 2353 1535 puram,
2387 1477 2436 1521 et
2486 1467 2837 1536 purgabimini
2874 1467 2939 1520 ab
2969 1468 3210 1521 omnibus
3257 1468 3611 1520 immunditiis
3640 1484 3724 1520 ve-

2146 1558 2293 1623 stris,
2334 1567 2382 1611 et
2415 1557 2480 1611 ab
2503 1556 2740 1610 omnibus
2773 1557 3076 1611 simulacris
3099 1561 3283 1612 vestris
3319 1560 3583 1612 mundabo
3614 1576 3722 1621 vos,

2144 1661 2192 1704 et
2229 1650 2366 1704 dabo
2417 1650 2558 1705 vobis
2591 1666 2911 1708 cornovum.
2950 1659 3001 1702 et
3043 1651 3287 1717 spiritum
3333 1666 3525 1702 novum
3586 1649 3724 1702 dabo

2147 1742 2309 1805 vobis,
2348 1751 2396 1796 et
2436 1743 2674 1811 aufeiam
2710 1759 2800 1796 cor
2830 1743 3091 1810 lapideum
3141 1742 3204 1796 de
3244 1760 3400 1796 carne
3429 1751 3638 1807 vestra;
3674 1751 3724 1795 et

2147 1831 2282 1884 dabo
2316 1832 2456 1885 vobis
2487 1848 2577 1886 cor
2611 1847 2858 1886 carneum
2879 1873 2894 1899 ,
2935 1842 2984 1900 et
3028 1832 3274 1901 spiritum
3304 1849 3473 1886 meum
3506 1834 3560 1886 in
3584 1831 3724 1886 vobis

2149 1923 2285 1976 dabo
2313 1924 2379 1980 ”.'
2442 1923 2863 1978 Evidentissime
2903 1930 3085 1979 autem
3119 1925 3282 1978 etiam
3340 1923 3635 1977 Zacharias
3672 1933 3726 1976 et

2148 2017 2332 2072 Jesum
2365 2016 2651 2087 prophetat
2675 2015 2925 2070 indutum
2960 2015 3124 2085 pallio
3154 2014 3378 2069 sordido
3414 2015 3480 2080 ³ο,
3517 2015 3724 2080 servili,

2151 2112 2379 2171 scilicet,
2401 2118 2699 2179 nostraque
2723 2125 2911 2175 carne;
2933 2116 2989 2164 et
3010 2123 3217 2164 exuens
3236 2123 3360 2162 eum
3382 2107 3528 2164 tristi
3554 2117 3723 2173 veste,

2151 2219 2284 2273 pura
2319 2201 2711 2272 splendidaque
2761 2201 2900 2256 stola
2947 2209 3199 2270 exornat,
3244 2199 3449 2254 docens
3483 2215 3582 2254 nos
3628 2215 3726 2268 per

2150 2295 2530 2366 imaginariam
2562 2293 2997 2358 similitudinem,
3045 2293 3192 2362 quod
3223 2293 3483 2347 nimirum
3527 2292 3582 2345 in
3628 2293 3727 2345 ba-

2152 2387 2407 2456 ptismate
2434 2385 2586 2450 Jesu,
2621 2402 2813 2441 omnes
2844 2401 2944 2440 nos
2989 2395 3253 2440 exuentes
3302 2395 3526 2455 peccata
3553 2423 3566 2447 ,
3598 2392 3727 2437 tan-

2149 2495 2312 2549 quam
2356 2479 2598 2533 tunicam
2631 2477 2872 2532 mcndici
2904 2477 3064 2532 vilem
3117 2486 3171 2532 et
3205 2493 3272 2532 ex
3301 2477 3488 2532 multis
3535 2477 3728 2546 pannis

2147 2583 2474 2636 consutam,
2525 2587 2739 2627 sacram
2794 2579 2959 2641 atque
3012 2570 3439 2642 pulcherrimam
3471 2609 3486 2631 ,
3536 2583 3729 2634 nempe

2149 2667 2583 2738 regenerationis
2635 2665 2921 2737 (vestem)
2967 2665 3200 2718 invicem
3266 2663 3568 2716 induimus.
3621 2659 3726 2714 Ubi

2149 2774 2277 2814 vero
2312 2773 2576 2828 ponemus
2616 2757 2783 2810 etiam
2809 2754 2940 2809 illud
2967 2755 3120 2808 Isaiae
3160 2754 3470 2814 oraculum,
3498 2752 3564 2806 ad
3595 2753 3730 2806 soli-

2150 2849 2395 2904 tudinem
2422 2847 2710 2903 clamantis
2745 2867 2757 2901 :
2787 2846 3016 2910 Lwtare,
3048 2845 3278 2900 solitudo
3301 2847 3508 2908 sitiens;
3543 2845 3727 2897 exsul-

2151 2952 2218 2996 tet
2249 2940 2502 3002 solitudo,
2530 2956 2592 2992 ac
2617 2940 2809 3007 ﬂoreat
2864 2949 2920 2991 ut
2978 2939 3148 2991 lilium
3182 2953 3198 2988 :
3239 2947 3286 2990 et
3326 2937 3641 3007 efﬂorescent
3679 2944 3729 2988 et

2148 3032 2490 3088 exsultabant
2543 3031 2751 3084 deserta
2811 3028 3069 3082 Iordanis
3115 3029 3180 3081 δι.
3212 3025 3591 3095 Perspicuum
3646 3033 3730 3079 est

466 3110 737 3182 Πρόδηλον
776 3113 885 3184 γὰρ
908 3114 983 3177 ὡς
1015 3115 1074 3168 ού
1104 3117 1290 3181 τόποις
1317 3119 1543 3190 ἀψύχοις
1576 3125 1668 3176 καὶ
1698 3127 2045 3200 ἀναισθήτοις

2150 3123 2481 3191 enim,quod
2512 3135 2620 3175 non
2640 3120 2777 3173 locis
2808 3118 3125 3174 inanimatis
3149 3125 3203 3171 et
3223 3132 3388 3171 sensu
3413 3115 3728 3170 carentibus

462 3205 562 3276 τὴν
584 3206 923 3277 εὐφροσύνην
956 3208 1362 3276 εὐαγγελίζεται
1382 3229 1395 3241 ο
1435 3213 1571 3266 ἀλλὰ
1612 3218 1929 3288 τροπολογεῖ
1959 3221 2048 3275 διὰ

465 3299 564 3367 τῆς
594 3299 800 3369 ἐρήμου
820 3297 917 3370 τὴν
946 3301 1205 3371 αὑχμὼδη
1237 3303 1416 3374 ψυχὴν
1440 3306 1533 3358 καὶ
1563 3308 1894 3381 ἀκόσμητον.
1916 3313 2047 3367 ’Ὠσ-

469 3405 574 3458 περ
601 3388 665 3460 δὴ
714 3389 808 3444 καὶ
842 3391 870 3442 6
896 3391 1076 3455 Aa6l6,
1111 3392 1234 3445 ὅταν
1268 3393 1402 3465 λέγῃ
1425 3411 1439 3426 ·
1485 3396 1559 3449 Ἡ
1590 3399 1760 3468 ψυχή
1803 3420 1921 3471 μου
1967 3406 2048 3471 ὠς

466 3481 543 3550 τῆ
587 3481 846 3550 ἄνυδρός
891 3500 1010 3538 σοι.
1058 3485 1166 3538 Καὶ¹
1198 3486 1384 3540 πάλιν·
1434 3488 1762 3558 Ἐδίψησεν
1793 3494 1831 3561 ἡ
1874 3496 2045 3566 ψυχή

463 3590 582 3641 μου
611 3573 760 3641 πρὸς
785 3576 891 3627 τὸν
921 3577 1070 3629 Θεὸν
1106 3578 1362 3646 ἰσχυρὸν
1384 3580 1492 3633 τὸν
1521 3579 1724 3641 ζῶντα.
1755 3585 1864 3639 Kal
1891 3584 2048 3652 αὖθις

469 3663 526 3714 ἐν
554 3662 904 3730 Εὐαγγελίοις
932 3666 960 3717 6
983 3665 1186 3738 Κύριος
1204 3685 1216 3697 ·
1271 3667 1413 3722 Ἐάν
1445 3686 1536 3736 τις
1573 3671 1724 3741 διψᾷ
1741 3713 1755 3738 ,
1784 3674 2048 3745 ἐρχέσθω

469 3755 618 3822 πρός
645 3773 741 3823 με,
785 3756 883 3809 καὶ
925 3757 1160 3813 πινέτω.
1206 3760 1314 3814 Kal
1362 3761 1499 3834 πρὸς
1531 3763 1630 3835 τὴν
1679 3765 2043 3837 Σαμαρεῖτιν

467 3844 594 3911 Πᾶς
624 3849 657 3899 ό
693 3847 882 3901 πίνων
909 3847 978 3900 ἐκ
1007 3848 1113 3902 τοῦ
1142 3848 1359 3916 ὕδατος
1385 3853 1620 3916 τούτου,
1655 3851 1903 3923 διψήσει
1937 3857 2050 3912 πά-

466 3942 596 3992 λιν·
643 3939 710 4005 ὃς
753 3939 806 3991 δ’
831 3939 908 3993 ἂν
942 3941 1050 4009 πίῃ
1091 3941 1158 3994 ἐκ
1204 3941 1311 3996 τοῦ
1349 3943 1590 4010 ὕδατος,
1616 3942 1688 4002 οὗ
1733 3947 1842 4018 ἐγὼ
1877 3948 2048 4005 δώσω

467 4029 649 4094 αὐτῷ,
680 4032 752 4084 οὐ
788 4030 873 4100 μὴ
913 4030 1164 4101 διψήσει
1201 4037 1289 4100 εἰς
1333 4035 1441 4089 τὸν
1473 4035 1678 4090 αἴῶνα.
1707 4039 1818 4092 Kal
1853 4041 1887 4110 ἡ
1914 4041 2048 4114 τιμὴ

469 4122 526 4175 δὲ
567 4122 662 4175 τοῦ
713 4125 1015 4195 Καρμήλου
1064 4125 1262 4180 δίδοται
1305 4129 1371 4198 τῇ
1400 4127 1544 4200 ψυχῇ
1595 4133 1660 4200 τῇ
1707 4131 1904 4205 ἐχούσῃ
1950 4135 2049 4203 τήν

460 4215 724 4285 ὁμοίωσιν
774 4216 910 4288 πρὸς
956 4216 1054 4288 τὴν
1105 4217 1349 4290 ἐρημονο
1404 4221 1700 4288 τουτέστιν,
1754 4225 1786 4294 ή
1834 4224 1922 4278 διὰ
1955 4227 2047 4280 τοῦ

471 4306 784 4376 Πνεύματος
813 4309 988 4379 χάρις.
1037 4310 1254 4382 Ἐπειδὴ
1293 4311 1402 4382 γὰρ
1443 4313 1629 4376 Ἠλίας
1669 4314 1767 4384 μὲν
1801 4313 1931 4386 ᾤκει
1960 4319 2050 4373 τὸν

472 4400 768 4471 Κάρμηλον
801 4401 1117 4472 (ὀνομαστὸν
1143 4403 1199 4456 δὲ
1222 4403 1284 4456 τὸ
1315 4405 1441 4475 ὅρος
1473 4407 1687 4474 ἐγένετο
1719 4407 1807 4461 διὰ
1836 4409 1934 4480 τὴν
1955 4411 2049 4465 τοῦ

2155 3215 2398 3270 lzetitiam
2435 3211 2776 3268 annuntiat:
2826 3211 2920 3266 sed
2969 3227 3067 3281 per
3125 3210 3475 3264 solitudinem
3523 3208 3730 3275 tropice

2155 3317 2210 3364 ct
2244 3307 2537 3377 allegorice
2590 3303 2896 3375 squalidam
2939 3313 2994 3358 et
3027 3303 3336 3357 inornatam
3382 3301 3620 3354 animam
3651 3301 3730 3355 si-

2157 3401 2406 3470 gniﬁcat.
2450 3397 2921 3464 Quemadmodum
2980 3410 3114 3452 sane
3162 3397 3324 3450 etiam
3379 3392 3569 3455 David,
3601 3407 3726 3446 cum

2154 3492 2287 3546 dicit
2321 3511 2331 3544 :
2367 3493 2556 3542 Anima
2611 3506 2722 3542 mea
2747 3488 2882 3550 sitit,
2945 3487 3082 3539 sicut
3116 3493 3256 3538 terra
3277 3500 3534 3553 aquarum
3565 3497 3728 3550 penu-

2155 3585 2239 3635 ria
2279 3581 2529 3635 laborans
2558 3580 2622 3630 3’.
2656 3578 2719 3630 Et
2780 3593 2975 3631 rursus
3014 3574 3233 3630 :Sitivit
3268 3575 3448 3626 anima
3496 3589 3611 3626 mea
3658 3571 3729 3624 ad

2157 3676 2323 3730 Deum
2355 3673 2563 3743 fortem,
2597 3673 2764 3725 vivum
2804 3671 2868 3722 ³³.
2903 3670 3144 3738 Itemque
3173 3667 3434 3725 Dominus
3471 3666 3525 3719 in
3553 3664 3728 3717 Evan-

2154 3767 2313 3837 geliis
2347 3784 2358 3819 :
2396 3765 2455 3818 Si
2481 3765 2594 3833 quis
2620 3762 2929 3828 sitit,veniat
2955 3760 3022 3812 ad
3059 3774 3156 3822 me,
3191 3775 3252 3811 ac
3288 3759 3428 3810 bibat
3466 3757 3531 3810 ³³.
3566 3756 3630 3809 Ει
3661 3755 3728 3808 ad

2157 3857 2558 3913 Samaritanam
2590 3875 2602 3908 :
2638 3853 2942 3922 Quicunque
2971 3851 3097 3904 bibit
3143 3867 3207 3904 ea:
3260 3866 3397 3918 aqua
3422 3851 3538 3909 hac.
3586 3848 3755 3925 sitiet‘

2154 3967 2339 4004 rursus
2369 3965 2385 4000 :
2425 3958 2479 4000 at
2513 3947 2601 4016 qui
2635 3946 2818 3998 biberit
2873 3958 2936 3996 ex
2967 3959 3102 4012 aqua
3148 3958 3304 4010 quam
3343 3956 3434 4009 ego
3489 3937 3625 3991 dabo
3657 3937 3725 3998 ei,

2156 4059 2259 4095 non
2313 4039 2452 4093 sitiet
2505 4039 2558 4089 in
2603 4033 2944 4090 internum“.
2973 4034 3152 4100 Atque
3184 4032 3360 4083 honor
3398 4030 3562 4082 etiam
3593 4028 3726 4080 Car-

2155 4134 2280 4189 meli
2319 4132 2363 4161 ³⁵
2405 4130 2569 4185 datur
2623 4127 2818 4180 anima:
2865 4124 3084 4178 habenti
3135 4121 3542 4176 similitudinem
3603 4134 3726 4170 cum

2157 4225 2373 4278 deserto
2409 4238 2422 4274 :
2451 4220 2553 4272 hoc
2579 4225 2663 4272 est
2697 4218 2923 4277 donum,
2952 4215 3094 4285 quod
3119 4213 3389 4283 contingit
3428 4227 3522 4280 per
3550 4211 3727 4280 Spiri-

2158 4326 2292 4369 tum.
2325 4311 2590 4379 Quoniam
2642 4309 2786 4363 enitn
2814 4307 2960 4360 Elias
2984 4307 3202 4376 quidem
3235 4304 3546 4358 Carmelum
3577 4303 3728 4356 ineo-

2157 4407 2300 4461 lebat
2357 4407 2375 4472 (
2403 4404 2586 4456 clarus
2617 4407 2796 4453 autem
2828 4413 2984 4452 mons
3040 4404 3260 4467 propter
3289 4397 3544 4449 virtutem
3572 4394 3728 4446 inha-

472 4490 819 4555 ὲποικοῦντος
853 4493 1050 4566 ἀρετὴν
1081 4496 1176 4548 καὶ
1210 4495 1499 4566 ἀοίδιμον),
1532 4498 1560 4549 6
1592 4497 1649 4549 δέ
1690 4514 1753 4566 γε
1797 4499 2046 4572 Ἰωάννης

2156 4496 2382 4552 bilantis
2429 4502 2484 4548 et
2537 4493 2680 4545 fama
2713 4490 3024 4546 celebratus
3072 4490 3198 4556 est),
3251 4486 3492 4540 Joannes
3541 4494 3724 4538 autem

474 4585 500 4635 ὁ
523 4582 832 4656 Βαπτιστὴς
869 4586 928 4639 ἐν
956 4586 1034 4657 τῷ
1064 4588 1332 4657 πνεύματι
1374 4589 1554 4642 Ἡλίου
1594 4590 1932 4662 διαλάμπων,
1957 4593 2048 4648 τὸν

487 4675 757 4747 Ἰορδάνην
789 4678 982 4747 ήγίαζε
1004 4694 1022 4712 ο
1065 4679 1152 4732 διὰ
1200 4679 1360 4732 τοῦτο
1396 4683 1424 4733 6
1453 4683 1743 4752 Προφήτης
1773 4683 2046 4749 ἐθέσπιζε,

475 4763 570 4834 τὴν
595 4765 761 4834 τιμήν
781 4765 875 4818 τοῦ
900 4767 1199 4838 Καρμήλου
1221 4769 1298 4840 τῷ
1323 4770 1552 4842 ποταμῷ
1576 4772 1916 4844 δοθήσεσθαι.
1941 4779 2050 4831 Καὶ

473 4856 570 4927 τὴν
618 4857 774 4922 δόξαν
802 4857 858 4911 δὲ
897 4858 991 4912 τοῦ
1041 4861 1297 4927 Λιϐάνου,
1342 4865 1406 4916 ἐκ
1435 4865 1534 4935 τῆς
1573 4868 1890 4940 παραϐολῆς
1941 4871 2048 4923 τῶν

474 4946 694 5017 ὑψηλῶν
723 4949 973 5020 δένδρων,
1009 4952 1100 5004 ἐπὶ
1147 4954 1237 5005 τὸν
1289 4955 1529 5026 ποταμὸν
1571 4959 1920 5029 μετήνεγκέν.
1963 4963 2050 5027 Ὡς

475 5038 583 5111 γὰρ
612 5040 818 5104 ἐκεῖνος
859 5044 889 5095 6
926 5043 1157 5108 Λίϐανος
1207 5046 1392 5117 ἱκανὴν
1425 5048 1536 5118 ἔχει
1571 5048 1847 5120 θαύματος
1885 5054 2053 5126 ἀφορ-

479 5129 604 5201 μὴν,
638 5132 779 5187 αὐτά
828 5133 896 5187 τὰ
927 5133 1116 5204 δένδρα
1160 5135 1197 5190 ἃ
1244 5136 1366 5206 φύει
1405 5139 1499 5191 καὶ
1546 5141 1769 5210 τρέφεν
1813 5143 1982 5209 οὕτως
2025 5148 2054 5200 6

490 5221 757 5295 Ἰορδάνης
796 5223 1097 5290 δοξάζεται,
1134 5228 1454 5300 ἀνθρώπους
1495 5233 1800 5302 ἀναγεννῶν
1827 5237 1921 5291 καὶ
1951 5256 2052 5307 φυ-

477 5312 648 5368 τεύων
670 5317 728 5370 ὲν
755 5317 833 5389 τῷ
856 5318 950 5372 τοῦ
975 5320 1111 5373 Θεοῦ
1132 5321 1466 5394 παραδείσῳο
1494 5317 1589 5388 ὦν,
1618 5326 1756 5379 κατὰ
1782 5329 1881 5398 τὴν
1908 5329 2047 5398 ψαλ-

484 5405 647 5477 μικὴν
676 5409 1187 5482 φωνὴν,ἁνθούντων
1213 5414 1300 5467 ἀεὶ
1326 5415 1418 5467 καὶ
1443 5417 1564 5478 ταῖς
1595 5417 1818 5488 ἀρεταῖς
1837 5421 2048 5490 κομὼνο

479 5513 610 5564 των,
640 5501 702 5554 τὸ
731 5503 828 5574 μὲν
851 5505 1046 5575 φύλλον
1069 5508 1169 5560 οὑκ
1191 5509 1616 5581 ἁπορῤυήσεται,
1643 5508 1733 5564 τὸν
1754 5511 1809 5564 δὲ
1838 5513 2050 5583 καρπὸν

552 5725 594 5753 ’⁷
633 5725 734 5778 Isa.
768 5741 803 5785 ι,
837 5726 918 5777 l6.
1020 5729 1064 5782 ’τ’
1101 5728 1242 5784 Psal.
1281 5747 1471 5786 XXXIII.
1505 5733 1556 5784 (ὅ.

1644 5731 1687 5760 ¹⁹
1722 5730 1916 5787 Ιέκοωι.
1964 5749 2105 5796 xxvi,
2139 5733 2210 5784 9.3
2239 5748 2359 5801 sqq.

485 5809 648 5860 ελιιι,
679 5798 729 5850 ti.
810 5796 1012 5853 3"l‘sal.
1041 5800 1183 5864 1.1,33.
1264 5803 1303 5832 ³⁵
1333 5801 1488 5857 Joan.
1528 5818 1622 5867 \‘ll,
1664 5802 1750 5856 '57.
1832 5804 1872 5834 ³⁵
1902 5802 2058 5858 Joan.
2101 5820 2172 5869 tv,
2213 5804 2289 5857 l5.

2155 4590 2396 4658 Baptista
2423 4588 2477 4640 in
2521 4585 2717 4655 spiritu
2767 4583 2898 4637 Elite
2945 4581 3300 4652 resplendens
3327 4580 3396 4644 ³⁷,
3432 4577 3724 4632 Jordanem

2155 4680 2576 4739 sanetilicabat:
2611 4677 2815 4730 idcirco
2858 4675 3122 4745 propheta
3177 4672 3579 4726 vaticinabatur
3629 4673 3725 4723 bo-

2153 4790 2342 4830 norem
2373 4770 2606 4825 Carmeli
2640 4768 2714 4822 illi
2749 4767 2913 4821 lluvio
2963 4766 3148 4819 datum
3200 4765 3290 4818 iri.
3333 4764 3509 4832 Atque
3559 4762 3722 4816 etiam

2154 4867 2380 4936 gloriam
2405 4863 2597 4916 Libani
2628 4876 2691 4916 ex
2717 4859 3068 4915 similitudine
3089 4872 3437 4927 prucerarum
3466 4855 3720 4909 arborum

2153 4957 2437 5014 transtulit
2482 4955 2548 5008 ad
2581 4968 2817 5006 amnem.
2875 4951 2946 5005 Ut
2988 4951 3130 5003 enim
3175 4947 3415 5001 Libanus
3457 4946 3549 4999 ille
3587 4941 3723 4998 satis

2155 5064 2406 5120 magnam
2436 5061 2660 5100 causam
2694 5041 3070 5097 admirationis
3101 5041 3249 5109 ipsas
3289 5037 3513 5091 arbores
3536 5035 3718 5097 habet,

2156 5161 2296 5214 quas
2325 5139 2574 5210 producit
2600 5147 2652 5192 et
2672 5136 2768 5189 alit
2804 5153 2818 5189 :
2849 5135 2921 5188 ita
2950 5131 3207 5186 Iordanis
3225 5129 3549 5191 celebratur,
3575 5126 3722 5196 quod

2161 5236 2416 5293 homines
2448 5234 2794 5301 regeneraret
2835 5242 2897 5281 ac
2924 5227 3195 5295 plantaret
3228 5223 3282 5276 in
3318 5219 3568 5290 paradiso
3601 5218 3717 5279 Dei,

2153 5342 2408 5396 quorum,
2432 5322 2590 5392 juxta
2619 5334 2807 5373 vocem
2843 5317 3062 5385 psalmi,
3107 5329 3322 5383 semper
3341 5311 3646 5365 ﬂorentium
3666 5315 3724 5364 et

2152 5413 2451 5471 virtutibus
2491 5410 2648 5479 quasi
2700 5407 3063 5462 frendentium
3109 5406 3296 5460 lolium
3341 5403 3563 5473 quidem
3612 5417 3722 5455 non

2157 5512 2353 5566 delluct
2376 5506 2418 5536 ³⁸
2448 5523 2460 5558 :
2500 5502 2678 5556 fructu
2714 5510 2896 5555 autem
2929 5501 2984 5554 in
3009 5509 3250 5569 tempore
3294 5504 3552 5568 percepto
3579 5495 3723 5550 Deus

2970 5728 3010 5757 ³¹
3043 5724 3145 5779 lsa.
3175 5724 3432 5786 unum.
3493 5722 3536 5752 ³⁸
3574 5719 3719 5775 Psal.

3353 5795 3395 5826 μ
3423 5792 3565 5846 Ρδειι.
3600 5808 3636 5854 Ι,

2438 5731 2481 5760 ³ο
2518 5728 2685 5782 Zarb.
2721 5745 2799 5785 ιιι.
2831 5728 2880 5781 5.

2369 5802 2411 5832 ³⁶
2449 5801 2550 5856 lsa.
2590 5817 2750 5868 xxxv,
2781 5799 2833 5852 2.
2880 5800 2920 5829 ³⁷
2952 5797 3080 5852 Luc.
3117 5814 3153 5863 ι,
3191 5798 3271 5851 Π.
