4154 6354
474 267 576 329 νθὸ
1709 280 1766 336 S.
1803 279 2057 338 GREGOI

2165 281 2455 341 NYSSENI
3618 278 3724 339 596

474 388 766 458 lzctabitur,
793 400 1054 466 tanquam
1101 395 1281 454 bonus
1315 398 1591 468 plantator
1621 399 1739 456 suis
1781 400 2042 471 operibus

2159 405 2204 456 ὲν
2235 404 2412 476 καιρῷ
2441 401 2732 474 δεξάμενος
2761 406 2790 458 6
2828 403 2960 467 Θεὸς
2994 403 3452 476 εὐφρανθήσεται,
3482 401 3556 467 ὼς
3584 404 3723 472 ἀγα-

472 483 738 550 gaudens.
775 482 948 542 Porro
973 487 1196 543 divinus
1225 487 1398 545 David
1445 491 1609 545 etiam
1631 499 1830 548 'vocem
1855 491 2050 563 praedi-

2159 495 2237 561 56;
2261 497 2564 566 φυτοκόμος
2593 498 2707 558 τοῖς
2748 495 2899 560 ἰδίοις
2944 494 3125 566 ἔργοις
3162 495 3623 565 ἐπαγαλλόμενος.
3667 495 3725 548 Ὀ

475 591 628 640 cens,
650 593 814 647 quam
838 577 906 637 de
929 581 1081 636 cmlis
1103 580 1266 638 Pater
1289 597 1455 653 super
1477 583 1696 651 Filium,
1719 583 1848 640 dum
1876 587 2047 656 bapti-

2159 590 2201 642 Ξὲ
2232 588 2516 650 θεσπέσιος
2537 586 2699 640 Δαϐὶδ
2739 587 2834 641 καὶ
2862 585 2961 658 τὴν
3004 588 3190 657 φωνὴν
3237 584 3617 658 προφητεύων,
3659 587 3725 656 ἣν

471 678 710 733 taretur,
738 669 944 735 emisit,
973 681 1034 726 ut
1061 671 1130 728 ad
1147 675 1454 728 naturalem
1478 674 1699 730 deitatis
1722 674 2042 747 dignitatem

2159 680 2207 744 ἐξ
2229 679 2471 751 οὐρανῶν
2504 680 2532 732 6
2573 679 2760 751 Πατὴρ
2791 679 3046 749 ἐπαφῆκε
3067 679 3145 749 τῷ
3173 677 3288 747 Υἱῷ
3319 676 3723 748 βαπτιζομένῳ,

469 761 767 818 deduceret
811 763 1121 830 audientes,
1176 767 1271 838 qui
1316 769 1472 837 prius
1527 769 1591 822 ad
1625 783 1768 833 eam,
1792 785 1915 839 quae
1943 770 2047 824 sub

2159 772 2235 826 ἵνα
2254 771 2391 842 πρὸς
2405 771 2466 824 τὸ
2485 770 2715 840 φυσικὸν
2733 770 2835 840 τῆς
2857 769 3108 841 θεότητος
3127 768 3346 839 ἀξίωμα
3363 769 3490 833 τοὺς
3511 769 3729 823 ἀκούονο

469 869 694 910 sensum
717 856 970 926 cadebat,
996 859 1292 914 humanam
1333 861 1595 915 vilitatem
1654 860 2045 931 respiciebant,

2159 881 2244 928 ra;
2271 865 2534 937 όδηγήσῃ,
2563 863 2701 934 πρὸς
2734 864 2833 935 τὴν
2870 861 3136 934 αἰσθητὴν
3171 861 3309 925 τέως
3336 860 3437 935 τὴν
3461 860 3603 916 κατά
3635 861 3728 914 τὸν

471 946 616 1001 libro
641 945 987 1004 Psalmorum
1021 965 1124 1006 suo
1150 950 1358 1006 dictum
1403 952 1534 1006 illud
1569 953 1850 1024 inscripsit
1880 968 1893 1005 :
1934 953 2045 1008 Vox

2159 955 2433 1027 Ξνθρωπον
2466 953 2740 1008 εὐτέλειαν
2785 951 3102 1024 βλέποντας,
3133 951 3435 1023 ἐνέγραψεν
3463 953 3639 1005 ἐκεῖνο
3659 953 3727 1022 τῇ

468 1033 686 1090 Domini
717 1053 872 1108 super
893 1055 1081 1110 aquas,
1113 1057 1211 1096 vox
1232 1041 1442 1097 Domini
1480 1043 1534 1096 in
1564 1045 1957 1114 magniﬁcentia
1978 1045 2047 1102 ³⁹.

2159 1046 2338 1118 βίϐλῳ,
2388 1046 2478 1112 τὸ,
2509 1045 2680 1114 Φωνή
2729 1046 2954 1113 Κυρίου
2989 1043 3235 1098 ἐπὶτῶν
3267 1043 3524 1108 ὑδάτων,
3557 1042 3728 1112 φωνὴ

471 1125 674 1183 Verum
707 1133 1042 1187 testimoniis
1077 1134 1318 1204 quidem,
1349 1152 1412 1190 ex
1451 1135 1634 1191 divina
1677 1136 1962 1207 Scriptura
1993 1136 2049 1191 in

2159 1137 2372 1205 Κυρίου
2417 1138 2488 1190 ἐν
2516 1134 3021 1206 μεγαλοπρεπείᾳ.
3059 1132 3221 1188 Ἀλλά
3258 1134 3360 1198 τάς
3396 1132 3496 1204 μὲν
3530 1133 3596 1186 ἐκ
3622 1132 3730 1185 τῶν

473 1221 717 1276 medium
769 1223 1084 1292 afferendis,
1121 1228 1212 1284 hic
1262 1229 1386 1284 linis
1435 1238 1555 1285 esto
1604 1229 2053 1300 :(prOgredietur

2159 1227 2310 1282 θείων
2348 1226 2581 1300 Γραφῶν
2615 1225 2942 1298 μαρτυρίας,
2983 1225 3146 1296 μέχρι
3191 1223 3382 1279 τούτου
3427 1223 3729 1278 παυστέον·

471 1313 616 1368 enim
648 1316 1190 1374 oratioadinlinitam
1219 1323 1612 1393 prolixitatem.
1646 1323 1690 1378 si
1715 1323 1836 1393 quis
1867 1323 2051 1378 volue-

2159 1317 2391 1388 χωρήσοι
2422 1317 2531 1388 γὰρ
2559 1318 2588 1370 6
2613 1317 2771 1386 λόγος
2804 1319 2884 1381 είς
2911 1317 3111 1388 πλῆθος
3139 1317 3387 1388 ἄπειρον,
3420 1317 3581 1382 εἴτις
3611 1318 3733 1389 βου·

473 1405 544 1458 rit
571 1406 753 1460 omnia
783 1407 1060 1478 sigillatim
1083 1411 1255 1466 electa
1294 1412 1390 1466 uni
1420 1413 1562 1468 libro
1593 1413 1902 1479 mandare.)

2159 1407 2289 1481 ληθῇ
2320 1408 2390 1461 τὰ
2412 1407 2746 1462 καθέκαστον
2775 1408 3017 1476 ἐκλέγων
3039 1408 3122 1462 ἐνὶ
3147 1407 3491 1478 παραθέσθαι
3517 1408 3730 1478 βιϐλίῳ.

545 1493 659 1551 Vos
695 1506 876 1553 autem
909 1515 1135 1566 omnes,
1166 1502 1261 1573 qui
1291 1503 1436 1558 dono
1479 1504 1912 1574 regenerationis
1948 1517 2047 1557 vo-

2236 1503 2424 1574 Ὑμεῖς
2443 1501 2498 1554 δὲ
2523 1502 2744 1568 πάντες,
2767 1503 2880 1555 ὅσοι
2905 1500 2984 1572 τῷ
3011 1501 3169 1573 δώρῳ
3196 1502 3286 1572 τῆς
3314 1501 3732 1569 παλιγγενεσίας

476 1590 562 1650 bis
595 1592 826 1666 placetis
847 1634 862 1658 ,
895 1610 960 1651 ac
988 1612 1087 1667 pro
1113 1597 1284 1668 gloria
1317 1597 1613 1652 salutarem
1645 1596 2053 1651 renovationem

2159 1593 2646 1665 ὲγκαλλωπίζεσθε,
2677 1593 2773 1647 καὶ
2816 1593 3078 1664 καύχημα
3119 1593 3314 1664 φέρετε
3345 1592 3733 1663 ἀνακαινισμδν

477 1686 728 1750 habetis,
781 1686 1052 1742 ostendite
1102 1687 1236 1741 mihi
1291 1696 1420 1762 post
1475 1687 1764 1760 mysticam
1819 1687 2050 1758 gratiam

2159 1684 2246 1739 τὸν
2273 1684 2570 1756 σωτήριον,
2596 1682 2806 1750 δείξατέ
2847 1700 2938 1755 μοι
2971 1683 3110 1754 μετά
3136 1683 3237 1756 τὴν
3278 1682 3545 1755 μυστικὴν
3573 1682 3732 1755 χάριν

476 1793 692 1831 morum
734 1778 1206 1842 immutationem,
1249 1787 1305 1835 et
1347 1780 1404 1834 in
1447 1780 1647 1835 melius
1689 1763 2049 1834 transforma-

2159 1776 2251 1850 τὴν
2279 1776 2388 1831 τῶν
2423 1777 2641 1849 τρόπων
2673 1775 2996 1848 ἐναλλαγὴν,
3025 1775 3120 1829 καὶ
3146 1775 3244 1846 τῆς
3273 1775 3367 1828 ἐπὶ
3395 1775 3456 1829 τὸ
3488 1777 3734 1846 κρεῖττον

477 1869 648 1926 tionis
680 1869 1049 1926 diﬁcrentiam
1085 1871 1325 1942 puritate
1355 1872 1480 1926 vita:
1508 1871 1749 1927 instituti
1785 1867 2043 1925 indicate.

475 1961 610 2014 Nam
645 1961 780 2016 nihil
812 1962 1033 2033 quidem
1076 1979 1142 2018 ex
1189 1963 1259 2018 iis
1307 1962 1502 2028 rebus,
1548 1978 1670 2034 quae
1713 1962 1818 2018 sub
1857 1961 2050 2016 oculos

475 2052 716 2117 eadunt,
765 2053 1108 2116 immutatur,
1158 2054 1409 2124 corporis
1456 2055 1588 2109 item
1635 2053 1792 2124 signa
1837 2052 2050 2123 integra

477 2154 735 2210 manent,
764 2145 1000 2215 ejusque
1037 2159 1160 2214 qua:
1199 2144 1422 2200 videtur
1470 2153 1683 2200 natura:
1727 2144 1899 2214 figura
1939 2158 2050 2198 non

478 2243 742 2289 mutatur.
799 2235 907 2290 Sed
959 2249 1100 2305 opus
1151 2243 1238 2290 est
1291 2235 1474 2306 aliqua
1523 2251 1756 2306 prorsus
1813 2233 2051 2290 evidenti

475 2325 981 2393 demonstratione,
1023 2343 1120 2398 per
1158 2343 1323 2398 quam
1361 2342 1730 2399 agnoscamus
1773 2327 2050 2382 hominem

477 2431 672 2473 recens
698 2427 888 2472 natum
914 2458 930 2485 ,
974 2419 1150 2489 signis
1193 2419 1526 2488 quibusdam
1567 2418 1913 2483 manifestis,
1953 2433 2053 2473 no-

475 2525 605 2563 vum
637 2523 666 2562 a
702 2517 886 2566 vetere
917 2511 1295 2568 discernentes
1322 2529 1341 2566 :7
1371 2511 1486 2566 haec
1523 2520 1710 2567 autem
1743 2510 1900 2580 signa
1928 2525 2054 2566 esse

476 2601 674 2668 opinor
704 2616 836 2668 eos,
869 2603 964 2672 qui
998 2602 1300 2659 secundum
1336 2605 1682 2674 propositum
1720 2603 1892 2672 fiunt,
1934 2604 2053 2659 ani-

475 2703 788 2752 εικιι.ηι,οιιιε
809 2735 824 2757 ,
860 2710 960 2766 per
987 2711 1128 2766 qIIOS
1159 2710 1281 2753 sese
1321 2711 1621 2768 segregans
1648 2711 1680 2750 ει
1708 2706 1892 2752 vetere
1921 2711 2054 2753 0011·-

475 2789 800 2854 suetudine,
829 2804 894 2842 ac
923 2805 1125 2845 novum
1153 2789 1279 2846 vitae
1308 2787 1546 2844 instituti
1578 2791 1684 2846 iter
1710 2789 2052 2862 ingrediens,

480 2891 666 2949 aperte
715 2880 1014 2939 familiares
1057 2881 1309 2948 docebit,
1356 2883 1505 2954 quod
1551 2883 1656 2936 alia
1700 2883 1948 2953 quaedam
1987 2897 2055 2938 ex

479 2971 583 3024 alia
613 2969 753 3026 facta
782 2973 884 3036 sit,
921 2972 1129 3027 nullum
1159 2983 1287 3042 post
1315 2988 1376 3028 se
1413 2973 1619 3029 veteris
1650 2974 1910 3044 nequitia:
1963 2991 2055 3033 ve-

466 3113 474 3152 l

2155 1870 2617 1941 μετακοσμήσεως
2645 1868 2743 1941 τὴν
2765 1867 3031 1940 διαφορὰν
3055 1871 3122 1940 τῇ
3148 1868 3481 1940 καθαρότητι
3507 1868 3608 1939 τῆς
3638 1884 3732 1920 ποι-

2151 1960 2356 2026 λιτείας
2382 1959 2710 2033 γνωρίσατε.
2746 1959 2869 2014 Τῶν
2907 1959 3007 2033 μὲν
3048 1959 3160 2032 γὰρ
3185 1959 3596 2015 ὑποπιπτόντων
3622 1961 3734 2023 τοῖς

2152 2051 2448 2124 ὀφθαλμοῖς
2501 2052 2654 2107 οὐδὲν
2693 2051 3021 2117 ἀλλοιοῦται,
3053 2053 3105 2106 οἱ
3143 2052 3203 2106 δὲ
3237 2052 3332 2106 τοῦ
3362 2051 3610 2124 σώματος
3633 2069 3734 2122 χα-

2156 2144 2429 2218 ρακτῆρες
2459 2143 2713 2216 μένουσιν
2733 2145 3122 2216 ἀμετάϐλητοι,
3155 2145 3249 2199 καὶ
3272 2146 3306 2216 ή
3328 2143 3430 2216 τῆς
3453 2145 3734 2216 όρωμένης

2155 2235 2370 2307 φύσεως
2393 2235 2702 2300 κδιάπλασις
2731 2237 2832 2291 οὐκ
2873 2236 3184 2308 ἀμείϐεται.
3227 2236 3400 2306 Χρεία
3435 2236 3492 2290 δὲ
3518 2235 3735 2299 πάντως

2155 2327 2302 2391 τινὸς
2328 2324 2595 2400 ἐναργοῦς
2636 2329 2984 2396 ἀποδείξεως,
3013 2329 3081 2382 δι’
3105 2323 3173 2400 ἧς
3200 2326 3616 2398 ὲπιγνωσόμεθα
3645 2327 3738 2380 τὸν

2153 2417 2438 2491 ἀρτίτοκον
2477 2417 2784 2491 ἄνθρωπον,
2834 2419 3124 2492 συμϐόλοις
3184 2418 3296 2472 τισὶ
3337 2420 3590 2488 φανεροῖς
3648 2415 3738 2469 τὸν

2153 2510 2273 2564 νέον
2304 2508 2414 2564 ἀπὺ
2441 2507 2536 2562 τοῦ
2582 2507 2813 2562 παλαιοῦ
2855 2509 3242 2580 διακρίνοντες.
3271 2507 3458 2561 Ταῦτα
3497 2506 3556 2560 δὲ
3579 2501 3737 2576 οἶμαι

2153 2600 2440 2672 τυγχάνειν
2487 2599 2556 2654 τά
2583 2599 2725 2654 κατὰ
2775 2600 3032 2672 πρόθεσιν
3063 2602 3162 2672 τῆς
3207 2599 3388 2671 ψυχῆς
3439 2599 3737 2669 κινήματα,

2158 2695 2255 2765 ἀφ’
2297 2686 2373 2748 ὧν
2421 2692 2622 2765 ἐαυτὴν
2657 2690 2969 2765 χωρίζουσα
3001 2692 3101 2763 τῆς
3131 2691 3366 2756 παλαιᾶς
3419 2688 3732 2761 συνηθείας,

2155 2784 2424 2856 νεωτέραν
2442 2783 2500 2837 δὲ
2523 2783 2792 2854 τέμνουσα
2815 2783 2914 2853 τῆς
2948 2782 3223 2846 πολιτείας
3247 2782 3388 2843 ὁδὸν,
3414 2779 3617 2844 διδάξει
3645 2797 3738 2832 σα-

2157 2877 2272 2950 φῶς
2305 2878 2432 2941 τοὺς
2461 2876 2790 2948 γνωρίμους,
2819 2876 2896 2940 ὡς
2923 2875 3058 2946 ἄλλη
3089 2893 3172 2939 τις
3217 2873 3277 2940 ἐξ
3305 2873 3472 2945 ἄλλης
3509 2872 3737 2944 γεγένη⁴

2156 2985 2268 3031 ται,
2303 2966 2452 3021 οὐδὲν
2474 2966 2572 3038 τῆς
2597 2966 2831 3029 παλαιᾶς
2861 2964 3196 3036 ἐφελκομένη
3238 2963 3548 3036 γνώρισμα.
3585 2963 3740 3016 Ἔστι

479 3062 700 3132 stigium
726 3077 792 3118 ac
818 3065 1036 3136 signum
1060 3065 1400 3136 relinquens.
1433 3065 1532 3120 Est
1560 3074 1746 3122 autem
1774 3066 1867 3121 hic
1885 3075 2057 3124 trans-

2159 3060 2218 3113 δὲ
2236 3051 2390 3122 οὗτος
2416 3058 2514 3130 τῆς
2544 3057 2954 3129 μεταποιήσεως
2974 3058 3004 3110 6
3025 3057 3226 3129 τρόπος
3247 3097 3262 3122 ,
3291 3056 3356 3113 ἄν
3382 3073 3472 3126 μοι
3493 3055 3739 3109 πεισθέν-

468 3145 830 3212 ⁷ίοτιηοιίοηίε
879 3157 1112 3222 modus,
1172 3158 1220 3214 si
1255 3158 1390 3214 mihi
1427 3159 1716 3216 credentes
1744 3160 2052 3216 orationem

2159 3170 2251 3217 τες
2277 3153 2369 3207 τὸν
2395 3151 2553 3221 λόγον
2577 3151 2653 3216 ὡς
2674 3151 2838 3223 νόμον
2867 3150 3156 3223 φυλάξητεο
3186 3145 3294 3204 Ἦν
3319 3151 3347 3202 6
3381 3149 3488 3222 πρὸ
3517 3149 3613 3206 sua?
3643 3149 3739 3220 βα-

479 3260 581 3316 pro
613 3246 730 3317 lege
774 3249 1170 3304 servaveritis:
1205 3247 1338 3302 Erat
1389 3259 1516 3304 ante
1569 3251 1841 3321 baptisma
1893 3252 2056 3308 homo

479 3345 810 3409 protervus,
839 3355 1038 3396 avarus
1071 3348 1125 3395 et
1155 3339 1462 3407 fraudator,
1495 3351 1684 3413 raptor
1717 3359 1899 3399 rerum
1931 3345 2058 3400 alie-

480 3444 677 3484 narum
698 3471 714 3497 ,
742 3429 1074 3484 convitiator
1099 3441 1154 3484 et
1182 3431 1486 3487 maledicus
1503 3471 1518 3496 ,
1555 3433 1787 3487 mendax
1811 3475 1824 3497 ,
1859 3433 2058 3488 calum-

482 3523 683 3586 niator,
716 3537 781 3577 ac
809 3522 855 3578 si
883 3521 1031 3592 quod
1062 3521 1148 3578 bis
1177 3523 1358 3579 simile
1390 3523 1654 3596 (vitium)
1678 3535 1763 3580 est
1789 3535 1844 3581 ct
1873 3528 2052 3585 aliine.

483 3614 567 3666 Sit
596 3628 742 3667 nunc.
769 3613 1085 3678 modestus.
1119 3614 1342 3670 sobrius
1362 3656 1378 3680 ,
1406 3617 1524 3672 suis
1555 3625 1848 3673 contentus
1867 3659 1881 3682 ,
1911 3627 1966 3672 et
1990 3635 2053 3674 ex

469 3706 572 3762 his
603 3714 926 3774 paupertate
953 3705 1400 3762 conﬂictantibus
1426 3708 1778 3778 impartieus,
1809 3709 2058 3767 veritatis

469 3794 806 3860 studiosus,
841 3797 1106 3854 honorem
1139 3797 1375 3854 libenter
1401 3799 1526 3856 aliis
1557 3799 1812 3856 deferens
1833 3839 1848 3864 ,
1881 3801 2058 3857 comis

484 3897 540 3942 et
567 3886 802 3944 affabilis
826 3906 840 3942 :
875 3896 936 3942 ut
962 3889 1278 3944 summatim
1306 3889 1486 3945 dicam
1507 3932 1524 3958 ,
1555 3907 1770 3946 omnem
1800 3893 1958 3950 laude
1985 3893 2060 3948 di-

483 3995 644 4049 gnam
671 3980 942 4035 actionem
971 3995 1254 4039 exercens.
1286 3983 1358 4039 Ut
1386 3983 1528 4040 enim
1555 3985 1886 4042 adventante
1913 3988 2056 4052 luce,

484 4071 726 4126 tenebra:
749 4071 1149 4138 discutiuntur,
1177 4083 1231 4130 et
1262 4075 1388 4131 albo
1413 4077 1598 4132 colore
1626 4078 1764 4132 illito
1791 4089 2062 4134 atramen-

486 4167 602 4214 tum
646 4161 935 4218 aboletur:
970 4163 1044 4220 ita
1073 4166 1242 4222 etiam
1275 4175 1438 4223 vetus
1473 4169 1638 4223 homo
1663 4169 1892 4240 justitize
1929 4186 2062 4242 ope-

485 4251 642 4307 ribus
671 4263 971 4311 exornatus
997 4255 1268 4312 aboletur.
1314 4257 1478 4316 Vides
1521 4261 1768 4315 utetiam
1797 4259 2062 4320 Zachaeus

487 4343 792 4400 mutatione
836 4345 961 4401 vita:
1003 4347 1242 4404 instituti
1283 4351 1636 4420 publicanum
1681 4354 1920 4422 occidit,
1954 4357 2058 4421 iis.

2158 3244 2459 3314 πτίσματος
2490 3242 2775 3315 ἄνθρωπος
2828 3241 3151 3307 ἀκόλαστος,
3179 3241 3530 3310 πλεονέκτης,
3559 3241 3740 3313 ἅρπαξ

2156 3337 2265 3390 τῶν
2297 3335 2612 3406 ἀλλοτρίων,
2647 3335 2909 3406 λοίδορος,
2943 3334 3209 3406 ψεύστης,
3241 3334 3610 3404 συκοφάντης,
3647 3335 3741 3388 καὶ

2157 3428 2213 3482 εί
2240 3445 2294 3482 τι
2328 3428 2538 3491 τούτοις
2568 3428 2753 3498 ὅμοιον
2781 3429 2874 3482 καὶ⁸
2900 3426 3213 3482 ἀκόλουθον.
3242 3427 3486 3481 Γενέσθω
3527 3428 3621 3482 νῦν
3651 3428 3740 3482 κό-

2159 3534 2337 3586 σμιος,
2375 3516 2631 3589 σώφρων,
2678 3517 3017 3588 ἀρκούμενος
3055 3521 3167 3582 τοῖς
3203 3517 3372 3582 ίδίοις,
3405 3519 3499 3571 καὶ
3530 3519 3596 3572 ἐκ
3620 3519 3741 3572 τού-

2158 3627 2267 3663 των
2289 3611 2399 3673 τοῖς
2430 3611 2489 3663 ἐν
2519 3609 2680 3680 πενίᾳ
2711 3609 3046 3680 μεταδιδοὺς,
3076 3608 3396 3681 φιλαλήθης,
3429 3609 3741 3681 τιμητικὸς,

2159 3702 2586 3773 εὐπροσήγορος,
2627 3703 2806 3756 πᾶσαν
2850 3701 3036 3766 ἁπλῶς
3088 3701 3489 3774 ἐπαινουμένην
3541 3701 3742 3774 πρᾶξιν

2159 3791 2365 3849 ἀσκῶν.
2407 3793 2495 3857 Ὦς
2519 3792 2728 3866 γὰρτῷ
2754 3792 2894 3864 φωτὶ
2925 3792 2987 3846 τὸ
3023 3792 3212 3856 σκότος
3232 3791 3438 3854 λύεται,
3480 3793 3572 3846 καὶ
3605 3793 3740 3860 ἀφα-

2159 3882 2367 3947 νίζεται
2414 3883 2476 3937 τὸ
2523 3883 2690 3952 μέλαν
2739 3882 3174 3956 ἐπιχρωσθείσης
3209 3882 3564 3955 λευκότητος·
3598 3881 3740 3936 οὕτω

2160 3976 2256 4030 καὶ⁵
2281 3977 2311 4032 6
2342 3975 2571 4040 παλαιὸς
2609 3975 2894 4049 ἄνθρωπος
2930 3977 3042 4036 τοῖς
3069 3975 3170 4045 τῆς
3193 3973 3534 4045 δικαιοσύνης
3561 3973 3739 4045 ἔργοις

2161 4068 2554 4140 ἐπικοσμηθεὶς
2577 4066 2918 4138 ἀφανίζεται.
2957 4067 3120 4140 Ὁρᾷς
3139 4067 3288 4126 ὅπως
3308 4066 3403 4120 καὶ
3422 4068 3452 4119 ὀ
3473 4067 3740 4136 Ζακχαῖος

2160 4163 2226 4232 τῇ
2257 4159 2530 4232 μεταϐολῇ
2556 4158 2651 4214 τοῦ
2683 4159 2798 4230 βίου
2838 4159 2933 4213 τὸν
2960 4157 3196 4229 τελώνην
3257 4157 3565 4223 ἀπέκτεινε,
3603 4157 3742 4228 πρὸς

2165 4251 2266 4322 μὲν
2292 4253 2418 4315 τοὺς
2465 4249 2840 4323 ζημιωθέντας
2867 4249 3068 4314 ἀδίκως
3101 4249 3410 4320 τετραπλῆν
3450 4249 3741 4318 ἐπανάγων

2162 4343 2261 4416 τὴν
2287 4343 2543 4398 ἀπόδοσιν
2561 4359 2576 4374 ⁸
2602 4343 2825 4414 ἐμέριζε
2849 4343 2906 4397 δὲ
2931 4345 3043 4408 τοῖς
3065 4345 3301 4412 πτωχοῖς
3325 4341 3396 4394 τά
3415 4342 3739 4408 κατάλοιπα,

484 4436 580 4504 qui
615 4436 874 4492 damnum
909 4439 1113 4509 injuria
1143 4451 1506 4513 acceperant,
1541 4445 1910 4516 quadruplum
1937 4449 2057 4518 ejus

2161 4435 2199 4490 ἃ
2251 4437 2512 4508 πρότερον
2559 4435 2713 4507 παρά
2751 4435 2860 4489 τῶν
2903 4435 3132 4506 πτωχῶν
3175 4434 3506 4506 θλιϐομένων
3553 4435 3740 4500 κακῶς

486 4525 634 4596 quod
667 4529 1000 4594 amiserant,
1031 4546 1303 4603 reponens
1330 4551 1344 4586 :
1379 4535 1659 4590 distribuit
1689 4537 1821 4593 item
1853 4554 2058 4609 paupe-

488 4617 642 4672 ribus
671 4617 900 4688 reliqua,
924 4636 1045 4689 quae
1072 4621 1224 4690 prius
1253 4638 1286 4676 a
1314 4624 1652 4694 pauperibus
1676 4627 1818 4681 male
1845 4636 2059 4682 extorta

487 4708 782 4776 collegerat
820 4708 890 4760 “.
921 4708 1266 4780 Evangelista
1305 4710 1594 4769 Matthmus
1631 4715 1778 4770 alius
1820 4715 2061 4784 publica-

488 4815 592 4853 nus
639 4797 686 4836 “
745 4798 995 4855 eumdem
1044 4817 1168 4856 cum
1216 4801 1449 4858 Zachmo
1489 4813 1759 4872 quaestum
1810 4804 2054 4867 faciens,

485 4886 846 4958 eamdemque
885 4897 1057 4945 artem
1098 4906 1399 4954 exercens,
1431 4894 1617 4947 statim
1659 4903 1786 4964 post
1816 4896 2061 4950 vocatio-

487 4995 611 5035 nem
662 4988 927 5051 tanquam
971 4998 1264 5052 personam
1313 4985 1609 5054 quamdam
1656 4985 1781 5041 vita:
1829 4987 2066 5042 mutavit

487 5075 830 5132 institutum.
882 5075 1212 5131 Persecutor
1269 5077 1462 5148 (erat)
1510 5077 1744 5144 Paulus,
1788 5078 1890 5134 sed
1938 5086 2065 5150 post

485 5168 718 5233 gratiam
769 5168 1070 5236 Apostolus
1119 5168 1186 5232 “,
1235 5185 1432 5240 graves
1485 5169 1689 5240 (illas)
1733 5169 1914 5226 ferens
1962 5187 2064 5241 pro

487 5254 708 5310 Christo
733 5265 957 5314 catenas
983 5259 1048 5312 ad
1081 5260 1453 5328 penitentiam
1481 5268 1538 5314 et
1567 5261 1941 5332 purgationem
1974 5264 2062 5315 in-

485 5345 761 5414 justorum
791 5348 1130 5404 vinculorum
1149 5390 1166 5416 ,
1195 5368 1317 5422 quae
1347 5369 1473 5407 cum
1504 5353 1801 5425 aliquando
1827 5369 2068 5423 accepis-

491 5443 576 5491 set
618 5449 648 5488 a
695 5435 848 5506 lege,
898 5439 1164 5497 adversus
1209 5441 1502 5515 Evangelia
1549 5445 1827 5514 portabat.
1870 5445 2060 5500 Talem

493 5528 749 5589 convenit
778 5544 899 5584 esse
934 5534 1440 5603 regenerationem,
1477 5536 1554 5591 ita
1581 5537 1804 5593 abolere
1845 5544 2066 5607 Oportet

2163 4527 2542 4598 ἐθησαύρισεν.
2582 4526 2985 4598 Εύαγγελιστὴς
3016 4529 3046 4580 6
3073 4525 3350 4590 Ματθαίος
3377 4525 3535 4590 ἄλλος
3571 4526 3739 4579 τελῶ-

2161 4637 2278 4690 νης,
2309 4620 2596 4691 ὁμότεχνος
2627 4618 2721 4673 τοῦ
2751 4619 3047 4689 Ζακχαίου,
3074 4618 3275 4682 εὐθέως
3306 4617 3443 4689 μετά
3477 4618 3574 4690 τὴν
3607 4618 3737 4689 κλῆ-

2165 4728 2247 4764 σιν
2274 4711 2464 4782 ὥσπερ
2487 4729 2542 4764 τι
2575 4713 2914 4783 προσωπεῖον
2932 4711 3132 4782 ήμειψε
3162 4709 3254 4763 τὸν
3283 4709 3415 4780 βίον.
3442 4708 3685 4780 Διώκτης
3709 4711 3738 4762 6

2165 4803 2395 4869 Παῦλος,
2412 4804 2547 4858 ἀλλά
2577 4803 2714 4875 μετά
2727 4803 2826 4875 τὴν
2848 4803 3006 4874 χάριν
3036 4803 3372 4866 Ἀπόστολοςε,
3399 4802 3622 4874 βαρείας
3644 4805 3737 4871 φέ-

2161 4913 2270 4967 ρων
2285 4896 2384 4960 τάς
2398 4896 2616 4959 ἀλύσεις
2632 4897 2771 4967 ὑπὲρ
2788 4894 3048 4967 Χριστοῦ,
3066 4897 3144 4960 είς
3160 4894 3451 4964 ἀπολογίαν
3469 4894 3562 4948 καὶ
3581 4895 3738 4965 μετά-

2159 5004 2308 5041 νοιαν
2341 4987 2449 5042 τῶν
2483 4987 2680 5042 ἀδίκων
2726 4986 2943 5058 δεσμῶν
2963 5025 2979 5051 ,
3004 4985 3041 5040 ἃ.
3088 4985 3240 5055 παρὰ
3287 4984 3388 5038 τοῦ
3413 4985 3577 5054 νόμου
3609 4985 3738 5038 ποτὲ

2157 5079 2341 5134 λαϐὼν.
2387 5079 2530 5134 κατὰ
2573 5079 2683 5134 τῶν
2724 5079 3074 5148 Εὐαγγελίων
3125 5078 3411 5132 ἐϐάστασε.
3471 5075 3738 5146 Τοιαύτην

2165 5172 2443 5243 προσῆκεν
2488 5167 2626 5226 εἶναι
2665 5173 2762 5245 τὴν
2803 5173 3188 5243 ἀναγέννησινο
3231 5169 3402 5232 οὕτως
3437 5166 3738 5236 ἐξαλείφειν

2166 5262 2265 5333 τὴν
2295 5263 2434 5335 πρὸς
2459 5264 2557 5335 τὴν
2598 5263 2872 5336 ἁμαρτίαν
2911 5261 3233 5334 συνήθειαν·
3261 5259 3405 5314 οὕτω
3462 5257 3739 5312 πολιτεύει-

2167 5353 2290 5408 σθαι
2317 5355 2443 5420 τοὺς
2474 5356 2623 5419 υἱοὺς
2669 5356 2764 5410 τοῦ
2796 5355 2931 5410 Θεοῦ
2951 5373 2966 5387 ο
3005 5355 3168 5409 τέκνα
3194 5354 3301 5425 γὰρ
3347 5352 3557 5406 ἐκείνου
3600 5351 3739 5423 μετὰ

2165 5445 2262 5517 τὴν
2295 5447 2454 5519 χάριν
2484 5448 2773 5519 ἀκούομεν.
2815 5448 2922 5502 Καὶ
2955 5447 3042 5500 διά
3083 5445 3241 5499 τοῦτο
3275 5445 3549 5516 προσῆκεν
3575 5445 3735 5516 ἀκρι-

2168 5537 2278 5602 ϐῶς
2323 5539 2792 5610 ἐπισκοπήσασθαι
2829 5539 2896 5593 τά
2927 5537 3019 5592 τοῦ
3047 5537 3364 5610 γεννήτορας
3407 5535 3562 5607 ἡμῶν
3597 5532 3736 5598 ἰδιώ-

566 5705 771 5776 "9:311.
807 5723 999 5778 xxvut.
1034 5710 1085 5777 ὖ,
1117 5712 1159 5771 i.
1241 5715 1282 5746 ³ο
1315 5713 1443 5778 Luc.
1479 5733 1591 5784 xu,
1627 5718 1677 5774 8.
1758 5720 1798 5752 ι’
1842 5719 2011 5783 Matth

2186 5717 2236 5775 9.
2314 5718 2358 5752 δ’
2387 5719 2508 5782 Act.
2563 5735 2640 5786 ιτ,
2678 5717 2697 5771 l
2731 5733 2848 5797 sqq.
