4154 6354
412 372 517 426 5θῖ

1609 386 1674 441 ιΝ
1716 386 2115 448 BAPTISMUM
2164 393 2459 453 CHRISTI.

3574 393 3677 452 598

416 504 585 588 ματα,
617 488 703 541 ἵνα
742 490 877 588 πρὸς
906 494 1199 567 ὁμοιότητα
1232 498 1324 553 τοῦ
1359 502 1565 573 πατρὸς
1613 505 1841 571 ἑαυτοὺς
1870 524 1995 577 μορ-

2105 517 2553 575 consuetudinem
2585 533 2709 574 cum
2746 524 3004 588 peccato,
3051 516 3126 569 ita
3163 513 3306 567 lilios
3341 511 3433 567 Dei
3474 514 3528 567 in
3564 515 3674 566 vita

415 579 641 650 φοῦντες
671 583 765 636 καὶ
795 588 1242 656 σχηματίζοντες,
1268 594 1481 663 γνήσιοι
1520 596 1841 669 φαινώμεθα
1866 600 1999 652 παῖο

412 671 504 737 δες
546 671 642 726 τοῦ
682 676 820 746 πρὸς
854 677 951 750 τὴν
993 682 1298 754 εἰσποίησιν
1326 685 1474 756 ἡμᾶς
1513 686 1613 758 τὴν
1656 688 1799 742 κατὰ
1840 689 2001 760 χάριν

415 763 762 830 καλέσαντος.
810 768 1018 823 Φαῦλον
1059 771 1168 843 γὰρ
1222 775 1587 848 κατηγόρημα
1632 780 1662 831 6
1701 779 1853 844 νόθος
1906 780 2001 834 καὶ

416 851 822 925 ὑποϐολιμαῖος,
846 858 944 929 τὴν
971 860 1245 933 πατρικὴν
1268 865 1543 933 εὐγένειαν
1574 867 1801 923 ἐπὶτῶν
1826 871 2001 942 ἔργων

416 942 861 1016 ψευδόμενοςΔιό
885 968 978 1020 μοι
1000 952 1151 1007 δοκεῖ
1174 956 1269 1008 καὶ
1288 956 1449 1022 αὐτὸς
1466 959 1495 1012 6
1514 960 1718 1031 Κύριος
1739 963 1797 1017 ὲν
1821 964 2000 1034 Εὐαγ-

416 1036 613 1105 γελίοις
648 1040 776 1105 τοὺς
803 1042 897 1095 τοῦ
933 1043 1048 1116 βίου
1076 1046 1301 1111 κανόνας
1328 1049 1631 1107 διατάττων
1667 1054 1820 1124 ἡμῖν,
1852 1056 1999 1110 ὲκεί-

416 1145 527 1192 νοις
553 1130 787 1201 χρῆσθαι
817 1134 955 1207 πρὸς
980 1138 1108 1201 τοὺς
1146 1139 1620 1213 μαθητευομένους
1647 1147 1760 1210 τοῖς
1798 1146 1996 1218 λόγοις,

416 1222 633 1290 Καλῶς
673 1225 894 1280 ποιεῖτε
915 1229 1041 1294 τοῖς
1057 1231 1352 1299 μισοῦσιν
1379 1233 1556 1304 ὑμᾶς,
1582 1239 2000 1307 προσεύχεσθε

416 1313 567 1383 ὑπὲρ
619 1314 739 1369 τῶν
791 1318 1235 1388 ἐπηρεαζόντων
1274 1325 1433 1395 ὑμᾶς
1479 1328 1579 1382 καί
1625 1328 1995 1401 διωκόντων,

417 1402 576 1472 ὅπως
608 1407 865 1478 γένησθε
894 1412 1009 1466 υἱοὶ
1040 1414 1147 1469 τοῦ
1187 1417 1419 1485 Πατρός
1454 1418 1623 1489 ὑμῶν
1645 1421 1752 1476 τοῦ
1793 1421 1864 1475 ἐν
1898 1426 2000 1477 οὑ-

411 1496 637 1564 ρανοῒς,
679 1499 767 1553 ὄτι
794 1501 901 1554 τὸν
928 1502 1106 1570 ἣλιον
1131 1507 1318 1561 αὐτοῦ
1341 1508 1658 1565 ἀνατέλλει
1684 1513 1781 1568 ἐπὶ
1812 1529 1999 1584 πονη-

411 1587 560 1656 ροὺς
606 1591 705 1644 καὶ
745 1592 1026 1662 ἀγαθοὺς,
1067 1597 1168 1650 καί
1204 1599 1415 1670 ,βρέχει
1455 1601 1556 1656 ἐπὶ
1598 1602 1868 1672 δικαίους
1896 1607 1997 1660 καὶ

417 1677 681 1746 ἀδίκους.
712 1682 877 1748 Υίοὺς
918 1686 1026 1755 γὰρ
1058 1687 1177 1741 τότε
1217 1691 1462 1758 γίνεσθαι
1507 1693 1677 1762 λέγει,
1719 1696 1850 1750 ὅταν
1896 1700 1997 1769 τῆς

418 1774 691 1845 πατρικῆς
719 1777 1056 1849 ἁγαθότητος
1096 1781 1194 1853 τὴν
1219 1783 1479 1852 ὁμοίωσιν
1509 1787 1566 1839 ἐν
1591 1788 1657 1858 τῇ
1700 1788 1835 1859 πρὸς
1869 1792 1995 1855 τοὺς

2103 618 2225 659 sese
2249 620 2437 675 gerere
2465 608 2622 666 decet
2651 629 2663 663 :
2695 608 2789 663 tilii
2818 608 2964 662 enim
2996 607 3145 661 illius
3173 613 3301 676 post
3327 606 3560 675 gratiam
3590 621 3679 657 vo-

2102 710 2311 752 camur.
2341 700 2519 769 Atque
2549 700 2760 756 idcirco
2789 708 2982 755 exacte
3016 696 3275 754 convenit
3297 696 3569 767 inSpicere
3592 711 3679 765 ge-

2102 788 2301 845 nitoris
2331 792 2506 847 nostri
2534 794 2898 863 pr0prietates
2921 832 2935 853 .
2965 801 3025 845 ut
3052 789 3119 844 ad
3145 787 3563 844 similitudinem
3589 802 3679 857 pa-

2101 882 2201 938 tris
2228 892 2444 939 nosmet
2477 884 2775 940 formantes
2801 895 2853 939 et
2877 884 3197 953 ctiingentes
3215 921 3230 945 ,
3257 880 3372 935 veri
3394 918 3408 940 ,
3432 879 3679 948 justiquc

2102 989 2166 1029 ac
2200 975 2429 1047 legitimi
2475 975 2570 1030 lilii
2614 976 2812 1031 ﬁamus
2855 974 3014 1044 ejus,
3049 973 3145 1042 qui
3186 988 3289 1026 nos
3322 971 3388 1025 ad
3433 969 3680 1038 adoptio-

2100 1082 2263 1131 nem,
2291 1082 2415 1138 qua:
2454 1082 2554 1137 per
2597 1068 2833 1137 gratiam
2875 1065 3179 1132 contingit,
3225 1060 3459 1116 vocavit.
3499 1058 3679 1113 Grave

2099 1155 2246 1210 enim
2277 1155 2540 1225 probrum
2572 1163 2691 1219 est,
2723 1156 3071 1210 adulterinus
3092 1193 3106 1216 ,
3141 1152 3367 1222 spurius
3398 1159 3453 1204 et
3486 1149 3678 1204 subdi-

2100 1246 2291 1312 titius,
2323 1249 2416 1318 qui
2448 1247 2613 1302 factis
2645 1249 2762 1304 suis
2812 1256 3093 1318 paternam
3136 1244 3482 1299 nobilitatem
3529 1240 3674 1293 fallat

2098 1347 2263 1408 atque
2306 1338 2673 1395 ludillcetur:
2735 1347 3021 1409 pr0pterea
3075 1337 3207 1390 mihi
3260 1335 3474 1389 videtur
3513 1332 3677 1385 etiam

2101 1429 2217 1499 ipse
2250 1431 2515 1486 Dominus
2554 1432 2609 1485 in
2645 1430 2956 1501 Evangeliis
2987 1428 3206 1483 vivendi
3251 1426 3471 1495 regulas
3520 1423 3679 1477 nobis

2099 1521 2497 1591 praescribens,
2533 1523 2645 1576 illis
2674 1523 2739 1577 ad
2773 1521 3076 1591 discipulos
3125 1520 3204 1572 uti
3235 1517 3422 1572 verbis
3458 1534 3469 1569 :
3517 1514 3682 1568 Bene-

2097 1612 2258 1679 facite
2291 1611 2412 1667 odio
2465 1613 2899 1683 prosequentibus
2945 1629 3071 1679 vos,
3113 1620 3263 1665 orate
3308 1625 3403 1678 pro
3462 1596 3547 1659 iis
3591 1605 3683 1672 qui

2096 1701 2298 1755 laedunt
2348 1719 2411 1755 ac
2462 1712 2849 1772 persequuntur
2892 1719 3014 1765 vos,
3066 1711 3124 1754 ut
3170 1702 3290 1755 sitis
3342 1699 3444 1769 filii
3495 1696 3681 1751 Patris

2097 1796 2280 1859 vestri,
2308 1796 2399 1863 qui
2426 1806 2504 1849 est
2532 1796 2583 1849 in
2611 1795 2755 1849 cwlis
2779 1836 2792 1861 ,
2822 1794 3076 1863 quoniam
3106 1793 3271 1847 solem
3295 1808 3450 1846 suum
3478 1788 3686 1843 exoriri

416 1865 724 1935 ὁμοφύλους
765 1869 1141 1945 φιλανθρωπίᾳ
1185 1878 1296 1939 τοῖς
1330 1877 1555 1943 οἰκείοις
1597 1881 1877 1954 λογισμοῖς
1913 1884 1999 1937 ὲν-

2105 1887 2230 1940 siuit
2262 1903 2420 1955 super
2454 1885 2625 1941 malos
2659 1897 2707 1941 et
2737 1886 2898 1939 bonos
2920 1926 2933 1949 ,
2971 1894 3020 1939 et
3052 1885 3289 1952 pluviam
3321 1883 3483 1935 mittit
3526 1893 3684 1946 super

416 1955 794 2016 τυπώσωνται.

2094 1978 2364 2061 ⁸ᾔιιεεοεηιει
2408 1976 2639 2049 injustas
2670 1980 2736 2033 ”.
2770 1977 2941 2032 Filios
2986 1977 3134 2032 enim
3168 1983 3304 2031 tunc
3348 1975 3463 2029 fieri
3508 1971 3681 2035 dicit,

416 2063 543 2102 cum
577 2050 997 2111 similitudinem
1023 2066 1264 2127 paterna:
1301 2059 1593 2131 bonitatis,
1650 2063 2045 2123 humanitatem
2083 2087 2209 2142 erga
2256 2050 2547 2141 populares
2591 2078 2645 2126 et
2694 2070 2977 2142 proximos
3022 2067 3373 2141 prastando,
3427 2064 3684 2122 sensibus

417 2144 536 2201 suis
567 2154 621 2202 et
651 2151 1079 2220 cogitationibus
1106 2154 1513 2225 impresserint.

487 2241 587 2295 Διά
612 2244 771 2298 τοῦτο
803 2246 896 2301 καὶ
931 2248 1068 2318 μετὰ
1100 2248 1160 2302 τὸ
1202 2251 1302 2320 τῆς
1331 2249 1602 2317 υἱοθεσίας
1631 2252 1869 2325 ἀξίωμα,
1901 2254 1998 2309 καὶ

415 2336 443 2387 6
471 2335 716 2401 διάϐολος
747 2338 879 2409 ἡμῖν
929 2340 1269 2394 ἐπιϐουλεύει
1314 2343 1701 2418 σφοδρότερον*
1742 2347 1998 2419 βασκάνῳ

416 2427 716 2498 τηκόμενος
744 2429 1025 2502 ὀφθαλμῷ,
1060 2434 1187 2489 ὅταν
1220 2432 1394 2507 βλέπῃ
1432 2434 1527 2489 τοῦ
1576 2439 1855 2508 νεογενοῦς
1905 2443 1998 2495 άν-

416 2515 634 2586 θρὼπου
673 2519 736 2573 τὸ
766 2520 983 2587 κάλλος,
1016 2524 1335 2590 σπεύδοντος
1374 2528 1513 2599 πρὸς
1550 2528 1649 2601 τὴν
1678 2530 1997 2602 ἐπουράνιον

418 2609 715 2677 πολιτείαν,
743 2613 837 2682 ἀφ’
862 2610 932 2686 ἧς
953 2617 1159 2680 ἐκεῖνος
1185 2617 1411 2685 ἐξέπεσε
1428 2636 1442 2648 ⁸
1464 2620 1559 2674 καὶ
1584 2622 1852 2692 πυρώδεις
1871 2625 2001 2694 ἡμῖν

417 2703 691 2775 ἐπεγείρει
721 2705 848 2768 τοὺς
880 2710 1241 2779 πειρασμοὺς,
1292 2711 1523 2781 συλῆσαι
1555 2714 1868 2778 σπουδάζων
1906 2718 2001 2769 καὶ⁵

417 2794 515 2863 τὴν
546 2794 806 2868 δευτέραν
853 2798 1239 2871 ὲπικόσμησιν,
1270 2800 1346 2865 ὡς
1374 2801 1463 2855 τὸν
1495 2803 1699 2874 κόσμον
1738 2804 1829 2858 τὸν
1868 2806 2001 2876 πρό-

418 2900 592 2954 τερον.
629 2885 764 2938 Ἀλλ’
792 2887 921 2943 ὅταν
944 2888 1259 2960 αἰσθώμεθα
1277 2890 1386 2943 τῶν
1411 2894 1618 2946 ἐκείνου
1650 2895 1963 2967 προσϐολῶν
1981 2936 1998 2962 ,

419 2977 665 3047 προσῆκε
697 2978 794 3049 τὴν
836 2980 1199 3053 άποστολικὴν
1249 2983 1407 3055 ῥῆσιν
1441 2987 1651 3049 ἑαυτοῖς
1695 2987 1996 3054 ἐπιλέγειν⁸

423 3069 585 3122 Ὅσοι
604 3072 691 3136 είς
718 3072 977 3139 Χριστὸν
998 3074 1462 3146 ἐϐαπτίσθημεν,
1489 3079 1577 3144 εἰς
1606 3078 1713 3132 τὸν
1743 3078 2002 3135 θάνατον

418 3159 605 3213 αὐτοῦ
634 3160 1095 3232 ἐϐαπτίσθημεν.
1127 3165 1191 3217 Εἰ
1223 3164 1280 3218 δὲ
1309 3165 1620 3238 σύμμορφοι
1641 3167 1735 3221 τοῦ
1770 3169 2000 3222 θανάτου

420 3252 754 3324 γεγόναμεν,
790 3254 958 3325 νεκρά
1007 3255 1225 3319 πάντως
1272 3256 1456 3311 λοιπὸν
1489 3259 1547 3311 ὲν
1582 3261 1712 3331 ἡμῖν
1747 3262 1781 3331 ἡ
1822 3261 2003 3332 ἁμαρ·
2029 3238 2073 3297 c

420 3343 533 3405 τία,
564 3344 640 3414 τῷ
663 3347 993 3418 σειρομάστῃ
1025 3346 1328 3402 διελαθεῖσα
1374 3349 1468 3403 τοῦ
1498 3351 1894 3423 βαπτίσματος,
1928 3352 2003 3416 ὡς

420 3436 451 3488 ὁ
485 3437 679 3509 πόρνος
711 3440 916 3502 ἐκεῖνος
966 3440 1119 3510 παρὰ
1155 3441 1398 3512 ξηλωτοῦ
1448 3442 1543 3496 τοῦ
1588 3445 1794 3508 Φινεές.
1828 3443 2003 3513 Φεῦγε

422 3527 602 3582 τοίνυν
644 3531 736 3599 ἀφ’
766 3529 943 3601 ἡμῶν,
972 3530 1255 3604 δυσώνυμε
1276 3551 1289 3564 ο
1321 3534 1512 3603 νεκρὸν
1541 3534 1649 3605 γὰρ
1692 3534 1869 3600 θέλεις
1904 3554 2001 3590 συ-

424 3617 621 3683 λεύειν,
652 3619 742 3672 τὸν
770 3619 938 3674 πάλαι
969 3638 1052 3675 σοι
1084 3621 1506 3694 συνταξάμενον,
1536 3624 1629 3677 τὸν
1667 3626 2006 3681 ἀπολέσαντα

424 3709 591 3763 πάλαι
620 3710 757 3781 πρὸς
783 3710 882 3775 τὰς
925 3713 1123 3784 ἡδονάς
1155 3714 1256 3777 τάς
1293 3714 1596 3787 αἰσθήσεις.
1650 3716 1863 3789 Νεκρὸς
1900 3736 2008 3772 σωοσ

426 3800 613 3872 μάτων
660 3802 760 3856 οὐκ
793 3804 913 3875 ἐρᾷ,
946 3805 1139 3875 νεκρὸς
1186 3808 1284 3879 ούχ
1332 3807 1611 3862 ἁλίσκεται
1649 3809 1885 3881 πλούτῳ,
1916 3829 2004 3866 νε-

425 3893 556 3964 κρὸς
578 3894 640 3947 ού
674 3900 1017 3964 συκοφαντεῖ,
1054 3898 1245 3971 νεκρὸς
1284 3902 1346 3954 οὐ
1385 3901 1660 3972 ψεύδεται,
1694 3904 1792 3975 οὐχ
1825 3904 2005 3975 ἁρπά-

426 3984 507 4048 ζει
529 3986 596 4039 τὰ
624 3986 698 4057 μὴ
728 3988 1093 4059 προσήκοντα,
1114 3991 1175 4045 οὐ
1197 3991 1511 4062 λοιδορεῖται
1526 3997 1639 4059 τοῖς
1667 3998 2008 4067 προστυγχά-

425 4094 595 4131 νουσι.
650 4077 792 4149 Πρὸς
836 4079 1005 4152 ἄλλην
1061 4098 1151 4153 μοι
1210 4083 1353 4155 ζωὴν
1404 4086 1433 4137 6
1488 4085 1599 4156 βίος
1647 4087 2004 4158 ὲκανονίσθη⁹

426 4167 750 4238 ἐπαιδεύθην
792 4170 900 4223 τῶν
946 4172 1255 4243 ὲγκοσμίων
1298 4178 1679 4246 καταφρονεῖν,
1726 4177 1795 4232 τά
1842 4178 2008 4249 γήϊνα

428 4260 811 4332 παρατρέχειν,
858 4264 951 4317 καὶ
996 4263 1247 4319 σπεύδειν
1278 4266 1415 4337 πρὸς
1440 4267 1509 4320 τὰ
1547 4268 1793 4338 οὐράνια,
1827 4271 2007 4333 καθὼς

428 4348 522 4401 καὶ
594 4349 804 4413 Παῦλος
870 4350 1165 4424 διαρρήδην
1226 4354 1598 4426 μαρτύρεται,
1664 4359 1743 4412 ὅτι
1807 4359 2008 4429 κόσμος

429 4440 623 4511 ἐκείνῳ
652 4441 1019 4513 ἐσταύρωται,
1057 4448 1308 4511 κάκεῖνος
1336 4447 1415 4518 τῷ
1446 4448 1656 4519 κόσμῳ.
1702 4448 1888 4505 Ταῦτα
1914 4449 2010 4519 ψυ-

431 4530 531 4603 χῆς
563 4532 777 4604 άληθῶς
824 4535 1282 4610 ἀναγεννηθείσης
1317 4538 1387 4592 τὰ
1434 4539 1653 4610 ῥήματα
1676 4556 1689 4570 ·
1726 4532 1885 4593 αὗται
1914 4539 2008 4592 τοῦ

430 4626 705 4691 νεοτελοῦς
737 4626 1021 4699 ἀνθρώπου
1065 4633 1261 4700 φωναὶ,
1293 4630 1387 4685 τοῦ
1426 4633 1774 4704 μεμνημένου
1798 4633 1897 4704 τῆς
1929 4635 2009 4686 οἰ-

432 4718 585 4783 κείας
628 4720 933 4790 ὁμολογίας,
982 4722 1047 4793 ῆν
1098 4724 1157 4777 ὲν
1209 4726 1276 4796 τῇ
1326 4724 1623 4798 παραδόσει
1661 4725 1755 4779 τοῦ
1803 4743 2009 4798 μυστη-

435 4809 550 4881 ρίου
587 4810 721 4882 πρὸς
750 4811 883 4865 Θεὸν
935 4814 1247 4885 ἐποιήσατο,
1281 4815 1463 4888 πάσης
1498 4817 1594 4870 καὶ
1621 4818 1890 4889 τιμωρίας
1919 4820 2013 4872 καὶ

433 4904 625 4974 ἡδονῆς
679 4903 820 4976 ὑπὲρ
870 4905 968 4975 τῆς
1016 4907 1096 4970 εἰς
1156 4907 1321 4960 αὐτὸν
1374 4909 1595 4979 ἀγάπης
1652 4912 2012 4980 καταφρονεῖν

434 4994 823 5066 ὑποσχόμενος.
874 4995 1059 5049 Ταῦτα
1103 4998 1201 5067 μὲν
1247 4995 1340 5052 οὖν
1386 5000 1678 5071 αὐτάρκως
1726 5000 1864 5071 πρὸς
1912 5000 2012 5070 τὴν

436 5086 587 5157 ἱεράν
613 5088 711 5158 τῆς
740 5086 952 5158 ἡμέρας
983 5087 1257 5150 ὑπόθεσιν,
1290 5091 1357 5161 ἢν
1382 5091 1411 5143 6
1440 5090 1740 5154 κυκλωθεὶς
1771 5090 2013 5154 ἐνιαυτὸς

433 5179 791 5249 τεταγμέναις
835 5180 971 5250 πρὸς
1004 5181 1151 5251 ἡμᾶς
1179 5181 1373 5251 ἤνεγκε
1420 5182 1704 5253 περιόδοις.
1740 5181 1918 5234 Καλὸν
1956 5181 2013 5234 δὲ

426 5262 618 5322 ὶλοιπὸν
640 5268 718 5341 τῷ
745 5268 1111 5341 φιλανθρώπῳ
1138 5270 1233 5341 τῆς
1260 5272 1527 5341 τοσαύτης
1552 5272 1759 5343 δωρεᾶς
1794 5271 2013 5343 χορηγῷ

438 5359 889 5430 προσαναπαῶαι
917 5362 1008 5415 τὸν
1044 5362 1221 5432 λόγον,
1254 5363 1434 5434 φωνὴν
1466 5362 1651 5434 ὀλίγην
1694 5363 1835 5434 ὑπὲρ
1876 5380 2015 5435 πρα-

439 5450 663 5521 γμάτων
699 5453 950 5523 μεγάλων
992 5455 1091 5527 τὴν
1137 5454 1369 5527 ἀμοιϐὴν
1414 5454 1887 5526 άντεισφέροντας.
1938 5454 2011 5506 Σὺ

439 5543 547 5615 γὰρ
582 5544 794 5614 ἀληθῶς
822 5545 1105 5619 ὑπάρχεις,
1136 5548 1400 5613 Δέσποτα,
1428 5545 1647 5617 καθαρά
1672 5546 1764 5602 καὶ
1794 5546 2012 5610 ἀένναος

440 5640 538 5710 τῆς
556 5639 913 5712 ἀγαθωσύνης
942 5640 1113 5713 πηγὴ,
1132 5640 1190 5706 ὃς
1214 5639 1570 5713 ἀπεστράφης
1599 5641 1743 5711 ἡμᾶς
1768 5632 2009 5703 δικαίως,

515 5819 565 5852 ⁸⁸
593 5818 782 5875 Matth.
819 5835 873 5882 ν,
908 5818 998 5885 44,
1026 5818 1114 5874 ιδ.

1262 5821 1306 5853 ⁸⁵
1336 5819 1492 5878 Rom.
1522 5822 1663 5890 vt,3.
1738 5821 1784 5854 ’δ’
1806 5819 1965 5876 Num.
1996 5838 2131 5886 xxv,
2165 5821 2197 5876 8
2231 5836 2353 5893 sqq.

2178 2251 2385 2305 Idcirco
2428 2249 2596 2306 etiam
2646 2258 2767 2321 post
2815 2250 3126 2321 adoptionis
3169 2248 3534 2321 dignitatem,
3564 2246 3687 2300 dia-

2104 2345 2263 2400 bolus
2305 2345 2463 2400 nobis
2506 2345 2883 2401 vehementius
2925 2343 3235 2408 insidiatur,
3282 2338 3468 2395 invido
3515 2340 3679 2395 oculo

2103 2438 2535 2503 Contabescens,
2570 2436 2700 2491 dum
2748 2451 2943 2493 recens
2977 2438 3094 2491 nati
3142 2435 3383 2490 hominis
3424 2432 3687 2488 festinan-

2103 2526 2174 2581 tis
2223 2526 2290 2579 ad
2317 2526 2595 2581 ccelestem
2638 2526 3066 2596 rempublicam,
3118 2527 3262 2582 unde
3310 2527 3401 2582 ille
3446 2528 3673 2595 excidit,

2110 2604 2575 2688 pulchritudinem
2607 2617 2874 2682 intuetur,
2902 2626 2957 2675 et
2983 2620 3212 2675 acerbas
3244 2620 3410 2675 nobis
3437 2636 3501 2675 ac
3531 2622 3691 2676 vehe-

2113 2722 2324 2765 mentes
2364 2710 2572 2765 excitat
2608 2711 2940 2766 tentationes
2962 2752 2976 2775 ,
3010 2711 3312 2765 secundum
3344 2728 3564 2783 quoque
3593 2729 3687 2768 or-

2108 2811 2425 2856 namentum
2452 2803 2617 2859 sicuti
2645 2804 2882 2874 priorem
2911 2813 3165 2858 ornatum
3191 2803 3410 2860 auferre
3435 2806 3685 2860 studens.

2108 2890 2309 2947 Verum
2341 2893 2432 2947 ubi
2462 2896 2806 2950 senserimus
2829 2895 2952 2964 ejus
2974 2896 3256 2961 incursus,
3283 2898 3539 2953 convenit
3561 2914 3687 2969 apo«

2108 2985 2363 3040 stolicum
2382 2987 2588 3042 dictum
2611 2988 3021 3057 nobismetipsis
3036 2987 3312 3057 subjicere
3338 3008 3351 3043 :
3381 2989 3689 3060 Quicunque

2106 3076 2162 3129 in
2189 3076 2459 3131 Christum
2484 3076 2743 3147 baptizati
2766 3094 2969 3140 sumus,
2994 3078 3049 3130 in
3077 3089 3298 3132 mortem
3324 3080 3490 3149 ipsius
3518 3079 3689 3146 bapti-

2109 3170 2218 3222 zati
2251 3186 2433 3224 sumus
2463 3169 2528 3222 “.
2575 3168 2732 3237 Quod
2779 3171 2824 3225 si
2866 3170 3186 3226 conformes
3233 3173 3394 3225 morti
3427 3170 3557 3224 facti
3591 3188 3687 3227 su-

2108 3275 2253 3323 mus,
2284 3268 2559 3313 mortuum
2588 3274 2819 3331 prorsus
2842 3258 3101 3329 deinceps
3127 3260 3181 3313 in
3214 3260 3376 3315 nobis
3406 3268 3686 3329 peccatum

2106 3359 2228 3415 est,
2256 3351 2448 3405 lancea
2476 3350 2831 3421 baptismatis
2851 3394 2867 3417 ,
2900 3351 3046 3406 sicut
3072 3351 3164 3406 illc
3191 3359 3466 3407 scortator
3497 3366 3524 3404 a
3554 3349 3687 3404 Phi—

2107 3457 2275 3497 neeso
2301 3444 2496 3506 zelote,
2522 3444 2615 3512 qui
2645 3443 2830 3498 studio
2859 3454 3025 3514 atque
3055 3457 3241 3497 amore
3272 3440 3363 3496 Dei
3393 3440 3684 3512 ﬂagrabat,

2106 3535 2399 3605 expulsum
2425 3535 2492 3591 ".
2518 3534 2669 3605 Fuge
2696 3534 2865 3606 igitur
2888 3550 2917 3588 a
2950 3533 3132 3596 nobis,
3159 3534 3495 3588 exsecraudc
3523 3542 3689 3602 atque

2108 3625 2380 3689 infausto,
2417 3635 2696 3680 mortuum
2728 3625 2873 3680 enim
2908 3625 3145 3694 spoliare
3173 3624 3288 3689 vis,
3322 3624 3414 3693 qui
3461 3624 3590 3678 olim
3630 3640 3689 3677 se

2107 3716 2209 3770 tibi
2243 3714 2645 3785 coniunxerat,
2677 3713 2770 3785 qui
2802 3723 3026 3784 prapter
3051 3712 3361 3782 voluptates
3395 3711 3525 3765 olim
3560 3727 3687 3766 sen-

2109 3823 2229 3862 sum
2276 3808 2555 3861 amiserat.
2602 3804 2851 3860 Mortuus
2889 3818 3123 3874 corpora
3164 3818 3274 3857 non
3322 3811 3501 3865 amat,
3537 3817 3687 3854 mor-

2109 3908 2237 3954 tuus
2270 3914 2379 3954 non
2411 3900 2627 3969 capitur
2651 3897 2887 3959 divitiis,
2928 3904 3183 3950 mortuus
3224 3908 3332 3947 non
3382 3893 3689 3949 calumnia-

2108 4000 2221 4056 tur,
2254 4002 2505 4046 mortuus
2536 4006 2647 4046 non
2703 3990 2990 4055 mentitur,
3026 4003 3136 4042 non
3170 3988 3316 4058 rapit
3345 4002 3408 4041 ea
3462 4002 3583 4057 quae.
3620 3987 3688 4041 ad

2108 4099 2168 4140 se
2204 4100 2316 4140 non
2347 4086 2663 4154 pertinent,
2698 4099 2809 4138 non
2838 4081 3187 4137 conviciatur
3217 4080 3323 4135 sibi
3355 4080 3573 4134 obviam
3610 4078 3689 4132 fa-

2108 4177 2233 4231 ctis.
2281 4176 2459 4231 Aliam
2508 4177 2633 4230 vita:
2676 4175 2956 4245 regulam,
2990 4174 3154 4227 aliam
3206 4188 3420 4227 morum
3475 4171 3687 4227 institui

2109 4284 2390 4333 normam;
2419 4267 2590 4323 didici
2619 4283 2709 4323 res
2738 4266 3046 4320 mundanas
3071 4273 3442 4328 contemnere,
3468 4271 3687 4318 terrena

2113 4369 2573 4429 prmtercurrere,
2625 4365 2680 4413 et
2724 4357 2788 4411 ad
2839 4357 3087 4411 ctelestia
3141 4354 3442 4419 festinare,
3490 4370 3689 4424 quem-

2111 4449 2406 4504 admodum
2460 4449 2624 4504 etiam
2672 4447 2875 4503 Paulus
2928 4449 3105 4519 palam
3154 4463 3218 4502 ac
3262 4446 3467 4502 diserte
3510 4454 3686 4502 testa-

2040 4576 2085 4632 Β
2114 4552 2203 4595 tur
2233 4540 2312 4604 “,
2343 4540 2492 4609 quod
2524 4540 2762 4595 mundus
2805 4539 2950 4601 sibi,
2992 4548 3047 4594 et
3093 4539 3210 4609 ipse
3254 4537 3459 4592 mundo
3503 4539 3688 4592 cruci-

2114 4632 2258 4687 ﬁxus
2280 4639 2447 4686 esset.
2479 4629 2606 4686 Ilaec
2636 4630 2834 4685 aniuue
2863 4645 2985 4686 vere
3012 4638 3346 4701 regeneratae
3370 4630 3533 4685 verba
3563 4648 3577 4696 ;
3605 4630 3689 4684 hac

2114 4738 2308 4776 recens
2361 4722 2561 4776 initiati
2611 4722 2849 4778 hominis
2892 4737 3089 4788 voces,
3132 4724 3418 4794 proprium
3464 4731 3686 4794 pactum

2112 4813 2373 4868 memoria
2425 4815 2707 4881 tenentis,
2762 4814 2908 4884 quod
2972 4825 3193 4885 pactum
3264 4816 3321 4870 in
3390 4815 3688 4873 traditione

2114 4906 2358 4975 mysterii
2385 4920 2509 4958 cum
2540 4904 2648 4960 Deo
2678 4905 2836 4970 fecit,
2867 4920 2990 4958 cum
3022 4920 3235 4958 omnem
3266 4918 3483 4973 poenam
3507 4945 3523 4970 ,
3554 4918 3687 4956 cru-

2111 4997 2317 5051 ciatum
2345 5006 2400 5051 et
2429 4998 2761 5067 voluptatem
2790 5011 2890 5065 pro
2917 4996 3066 5051 illius
3094 4995 3391 5049 dilectione
3420 5009 3479 5047 se
3505 4995 3687 5063 negle-

2111 5102 2330 5145 Cturum
2351 5104 2476 5145 esse
2492 5088 2764 5160 promisit.
2788 5088 2967 5157 Atque
2992 5089 3108 5141 haec
3134 5086 3353 5161 quidem
3377 5085 3444 5139 ad
3466 5102 3685 5140 sacrum

2112 5182 2221 5237 diei
2250 5190 2667 5252 argumentum,
2695 5195 2855 5249 quem
2896 5178 3039 5233 diem
3076 5179 3129 5231 in
3160 5178 3348 5237 orbem
3383 5178 3545 5233 statis
3574 5179 3684 5232 cir-

2112 5276 2356 5329 cuitibus
2398 5289 2577 5328 annus
2624 5282 2782 5327 actus
2830 5272 2895 5324 ad
2943 5286 3041 5326 nos
3092 5272 3317 5338 retulit,
3348 5271 3494 5326 dicta
3536 5272 3686 5327 δυω-

2112 5367 2282 5421 ciant.
2315 5364 2468 5419 [laud
2499 5366 2736 5419 alienum
2784 5363 3042 5432 deinceps
3084 5364 3287 5429 fuerit,
3311 5373 3370 5423 ut
3407 5364 3474 5417 ad
3523 5380 3681 5429 eum,

2114 5458 2207 5528 qui
2235 5466 2443 5510 tantutn
2474 5455 2630 5509 nobis
2658 5456 2862 5509 donum
2894 5455 3127 5524 benigne
3157 5455 3389 5525 largitus
3418 5462 3499 5508 est
3519 5494 3535 5518 ,
3561 5471 3686 5509 cou-

2114 5566 2273 5605 verso
2303 5564 2555 5604 sermone
2579 5590 2593 5611 ,
2628 5550 2728 5604 hoc
2760 5548 2920 5603 modo
2951 5548 3111 5603 linem
3139 5547 3355 5602 dicendi
3388 5547 3682 5611 faciamus,

2114 5641 2365 5712 exiguam
2398 5654 2585 5695 vocem
2629 5656 2945 5711 magnarum
2993 5655 3177 5695 rerum
3218 5639 3685 5709 compcusationis

2428 5820 2473 5853 ⁸⁸
2499 5818 2673 5875 Galat.
2695 5834 2768 5881 vr,
2806 5818 2889 5871 Η.
