4154 6354
452 339 556 401 599

1701 333 1757 386 S.
1789 325 2122 387 GREGORII
2149 319 2436 379 NYSSENI

3601 305 3706 360 600

451 460 572 520 loco
605 460 964 532 prolerentes.
994 456 1079 515 Tu
1107 462 1257 516 enim
1289 473 1480 515 revera
1501 497 1516 522 ,
1551 455 1815 521 Domine,
1846 466 2020 523 purus

2132 448 2217 501 καὶ
2259 444 2497 515 ὴλέησας
2526 431 2941 509 φιλανθρώπως.
2987 428 3308 532 Ἐμίσησας,
3360 424 3454 480 καὶ
3473 424 3707 528 ’διηλλά-

449 565 514 607 ac
546 552 807 623 perennis
839 551 962 609 fons
992 551 1260 608 bonitatis
1280 565 1374 615 es,
1402 550 1495 620 qui
1535 552 1686 618 juste
1727 561 1831 601 nos
1862 559 2022 599 aver-

449 651 632 709 satus,
683 659 748 699 ac
795 644 1030 715 benigne
1056 643 1230 700 nostri
1269 643 1529 698 misertus
1573 656 1676 706 es;
1723 638 1852 693 odio
1897 653 2023 707 pro-

449 744 697 800 secutus,
720 741 774 790 et
791 735 1179 791 reconciliatus
1201 750 1294 801 es;
1323 743 1644 790 exsecratus
1671 747 1752 794 es,
1769 738 1824 785 et
1851 729 2022 784 bene-

450 825 641 881 dixisti
667 843 683 894 ;
714 826 1096 882 exterminasti
1126 841 1192 881 ex
1223 825 1509 896 paradiso,
1553 832 1608 879 et
1635 823 1832 878 iterum
1867 836 2025 875 revo-

451 917 631 984 casti;
679 917 883 973 exuisti
933 934 1036 974 nos
1085 916 1232 972 foliis
1280 917 1562 980 ﬁculneis,
1617 914 1880 969 indecoro
1926 911 2025 966 illo

395 1047 404 1060 ,
452 1013 798 1079 tegumenta,
828 1017 883 1063 et
920 1008 1331 1064 circumdedisti
1373 1007 1538 1078 pallio
1579 1006 1855 1076 pretioso;
1896 1017 2026 1072 ape-

453 1099 614 1155 ruisti
648 1115 954 1163 carcerem,
985 1116 1050 1155 ac
1077 1100 1335 1156 dimisisti
1363 1097 1759 1153 condemnatos
1788 1114 1804 1163 ;
1836 1107 2026 1164 asper-

453 1194 574 1249 sisti
619 1203 761 1264 aqua
812 1210 946 1265 pura
973 1231 989 1260 ,
1033 1201 1088 1248 et
1132 1209 1163 1248 a
1193 1191 1451 1248 sordibus
1496 1188 1799 1245 mundasti.
1824 1186 1945 1241 Non
1978 1186 2028 1241 si

454 1285 689 1354 posthac
718 1299 748 1338 a
777 1296 830 1342 te
853 1293 1082 1339 vocetur
1105 1283 1280 1338 Adam
1299 1323 1314 1348 ,
1343 1282 1664 1345 erubescet,
1692 1287 1870 1350 neque
1897 1291 2028 1332 con-

456 1376 686 1431 scientia
717 1383 1083 1447 coarguente,
1113 1375 1215 1430 sub
1256 1375 1382 1429 luco
1416 1372 1660 1445 paradisi
1702 1372 1880 1425 latens
1918 1383 2031 1440 pra

455 1468 668 1538 pudore
695 1483 755 1523 se
783 1467 1077 1523 obvelabit.
1108 1465 1296 1538 Neque
1341 1479 1474 1521 vero
1501 1463 1787 1518 flammeus
1813 1460 2030 1532 gladius

454 1557 773 1627 paradisum
805 1557 1208 1620 circumdabit,
1240 1551 1335 1627 qui
1369 1555 1519 1611 aditu
1549 1554 1874 1610 accedentes
1902 1567 2029 1623 pro-

2123 552 2228 609 γης
2245 554 2258 568 ’
2282 532 2599 604 κατηράσω,
2626 526 2718 582 καὶ
2747 524 3085 597 ηὐλόγησας·
3117 519 3382 591 ὲξώρισας
3409 516 3708 609 “togata??—

2123 607 2322 693 δενίσου,
2353 627 2447 679 καὶ⁸
2479 621 2641 676 πάλιν
2664 615 2975 673 ἀνεκαλέσω
2993 629 3007 644 ο
3041 611 3293 678 ὲξέδυσας
3313 610 3383 664 τὰ
3404 608 3577 678 φύλλα
3603 607 3706 676 τῆς

2128 721 2298 790 συκῆς
2318 718 2416 788 τὴν
2449 714 2733 784 ἀσχήμονα
2760 708 2995 778 σκέπην,
3030 705 3126 760 καὶ
3153 700 3708 774 περιέϐαλεςίμάτιον

2127 811 2422 882 πολύτιμον
2444 824 2457 838 ·
2510 803 2727 877 ἧνοιξας
2785 800 2847 854 τὸ
2895 798 3286 868 δεσμωτήριον.
3340 796 3435 849 καὶ
3486 793 3709 863 ἀφῆκας

2126 906 2253 970 τοὺς
2297 897 2834 971 κατακεκριμένους·
2887 889 3212 964 ἐῤῥάντισας
3257 885 3412 941 ὕδατι
3457 883 3707 956 καθαρῷ,

2129 998 2227 1052 καὶ
2267 994 2377 1048 τῶν
2404 991 2592 1064 ῥύπων
2635 985 2935 1057 ὲκὰθαρας.
2967 981 3169 1036 Οὐκέτι
3199 976 3528 1048 καλούμενος
3557 975 3710 1046 παρὰ

2132 1088 2226 1143 σοῦ
2271 1089 2301 1140 ὁ
2345 1083 2514 1154 ’Δδὰμ
2544 1076 2984 1150 αἰσχυνθήσεται,
3027 1070 3151 1125 οὐδὲ
3188 1068 3341 1141 παρὰ
3383 1065 3479 1121 τοῦ
3531 1083 3711 1120 συνει-

2128 1180 2279 1242 δότος
2321 1171 2674 1244 ἐλεγχόμενος
2722 1165 3112 1237 ὲγκαλύψεται,
3146 1161 3252 1215 ὐπὸ
3286 1162 3353 1232 τῇ
3394 1158 3574 1232 λόχμῃ
3617 1155 3712 1212 τοῦ

2131 1265 2459 1342 παραδείσου
2493 1261 2890 1336 κρυπτόμενος.
2923 1254 3061 1310 Οὔτε
3094 1253 3200 1325 μὴν
3232 1253 3266 1323 ἡ
3302 1251 3553 1342 φλογίνηῄ
3576 1252 3712 1321 ῥομ-

2131 1340 2266 1432 φαία
2303 1356 2574 1413 κυκλώσει
2605 1353 2696 1407 τὸν
2741 1348 3088 1420 παράδεισον,
3134 1342 3439 1432 ἀπρόσιτον
3471 1340 3584 1403 τοῖς
3617 1343 3712 1432 ἐγ-

2131 1430 2341 1522 γίζουσι
2390 1444 2621 1500 ποιοῦσα
2661 1441 2758 1513 τὴν
2807 1437 3044 1492 εἴσοδον·
3092 1435 3271 1489 πάντα
3313 1432 3370 1485 δὲ
3420 1431 3552 1502 ἡμῖν
3599 1430 3715 1492 τοῖς

2132 1520 2488 1614 κληρονόμοις
2535 1536 2636 1606 τῆς
2683 1529 2956 1604 ἁμαρτίας
3007 1521 3415 1598 μετεσηυάσθη
3449 1520 3585 1594 πρὸς
3629 1521 3718 1574 εὐ-

455 1647 676 1710 hibeat,
717 1654 772 1702 et
803 1647 987 1701 locum
1034 1644 1238 1702 eﬂiciat
1280 1646 1666 1710 inaccessum,
1705 1645 1800 1700 sed
1845 1644 2030 1698 omnia

2134 1634 2441 1708 φροσύνην’
2476 1630 2570 1684 καὶ
2601 1625 2760 1699 βατδς
2799 1623 2898 1694 μὲν
2926 1617 3202 1691 ἀνθρώπῳ
3241 1615 3602 1710 παράδεισος,
3620 1614 3717 1667 καὶ

455 1738 618 1792 nobis
645 1705 955 1792 baeredibus
981 1737 1191 1807 peccati
1213 1735 1281 1791 ad
1313 1736 1554 1790 laetitiam
1577 1705 1836 1789 traducta
1865 1742 1994 1790 sunt
2011 1772 2026 1795 ,

2134 1705 2358 1800 οὐρανὸς
2386 1722 2582 1786 αὐτός·
2618 1712 2968 1787 συνηρμόσθη
3015 1711 3072 1766 δὲ
3117 1711 3196 1774 εἰς
3229 1708 3412 1778 φιλίαν
3437 1708 3478 1807 ,ἡ
3514 1705 3717 1807 κτίσις,

455 1842 520 1883 ac
551 1828 845 1897 paradisus
871 1795 1090 1899 quidem
1125 1837 1289 1898 atque
1314 1829 1495 1899 ipsum
1529 1827 1666 1882 adeo
1694 1826 1893 1882 ctelum
1930 1825 2030 1879 ho-

2132 1822 2168 1893 ή
2199 1795 2488 1888 ὲγκόσμιός
2519 1829 2578 1868 τε
2601 1811 2697 1867 καὶ
2728 1806 3118 1880 ὐπερκόσμιος,
3158 1801 3326 1856 πάλαι
3358 1799 3494 1871 πρὸς
3521 1796 3723 1899 taurini

454 1921 592 1974 mini
633 1927 820 1990 patet:
853 1930 1107 1976 creatura
1143 1928 1327 1976 autem
1379 1927 1490 1974 tam
1545 1918 1821 1975 mundana
1863 1933 2029 1988 quam

2132 1888 2522 1974 στασιάζουσα·
2575 1906 2670 1960 καὶ
2706 1901 2965 1972 ἀγγέλοις
3011 1899 3062 1952 οἱ
3109 1895 3395 1990 ἄνθρωποι.
3422 1888 3720 1990 ἐγενόμεθα

459 2011 905 2081 supramundana
925 2013 1056 2067 olim
1082 2013 1226 2068 inter
1248 2027 1310 2067 se
1332 2010 1611 2067 dissidens
1637 2010 1704 2065 ad
1731 2009 2030 2066 amicitiam

2132 2004 2434 2075 σύμφωνοι,
2482 1999 2588 2070 τὴν
2635 1995 2860 2050 ἐκείνων
2907 1988 3258 2052 εὐσεϐοῦντες
3289 1983 3586 2052 θεολογίαν.
3622 1979 3724 2081 Δια

460 2104 627 2169 coiit,
658 2111 820 2174 atque
857 2104 1208 2158 reconciliata
1238 2111 1355 2168 est,
1385 2111 1440 2156 et
1476 2103 1729 2159 homines
1767 2116 1894 2157 cum
1931 2117 2034 2156 an-

457 2192 592 2262 gelis
623 2192 847 2247 illorum
887 2192 1130 2249 colentes
1176 2193 1509 2265 theologiam
1551 2193 1856 2249 concordes
1902 2191 2034 2247 facti

457 2300 650 2340 sumus
681 2291 844 2354 atque
872 2287 1277 2342 consensimus.
1310 2285 1540 2356 Propter
1567 2286 1680 2340 haec
1717 2285 1883 2354 igitur
1923 2299 2034 2338 om-

455 2377 580 2438 nia,
611 2375 797 2445 gaudii
828 2375 1091 2448 hymnum
1134 2378 1247 2438 Deo
1281 2393 1579 2444 canamus,
1609 2393 1770 2447 quem
1803 2392 1866 2432 os
1907 2376 2032 2446 Spi-

456 2467 568 2521 ritu
595 2469 884 2524 obsessum
912 2469 1045 2524 olim
1077 2471 1395 2540 praphetice
1424 2485 1616 2540 magna
1639 2486 1774 2526 voce
1799 2486 2037 2540 pronun-

457 2558 644 2612 tiavit:
667 2557 910 2615 Exsultat
929 2562 1109 2615 anima
1126 2579 1242 2616 mea
1259 2563 1312 2616 in
1333 2562 1559 2616 Domino
1570 2576 1592 2626 ;
1609 2560 1780 2615 induit
1801 2563 1940 2616 enim
1955 2577 2037 2615 me

455 2651 623 2718 pallio
653 2651 884 2706 salutari
909 2691 926 2720 ,
953 2665 1001 2709 et
1031 2656 1210 2710 tunica
1234 2656 1437 2710 laetitia
1463 2654 1808 2709 circumdedit
1838 2670 1953 2719 me;
1976 2664 2037 2708 ut

457 2753 648 2807 sponso
679 2742 953 2812 adoptauit
983 2746 1113 2800 mihi
1146 2749 1364 2802 mitram
1387 2789 1402 2814 ,
1431 2757 1480 2802 et
1516 2757 1573 2801 ut
1602 2764 1850 2818 sponsam
1883 2762 2038 2801 exor-

456 2836 601 2887 navit
633 2850 714 2889 me
736 2847 1046 2892 ornamento
1073 2839 1138 2892 ⁸⁷.
1172 2840 1410 2895 Ornator
1435 2841 1618 2895 autem
1647 2853 1864 2911 sponsae
1891 2853 2041 2908 pror-

2131 2070 2411 2169 6-l1‘aa6m
2445 2091 2644 2156 πάντα,
2691 2086 2784 2142 τὸν
2837 2086 2936 2156 τῆς
2967 2082 3145 2154 χαρᾶς
3192 2075 3605 2169 ὖμνονξσωμεν
3642 2070 3726 2143 τῷ

2131 2167 2271 2258 Θεῷ,
2302 2186 2361 2240 ὃν
2391 2183 2567 2254 στόμα
2598 2179 2678 2252 τῷ
2709 2174 2990 2246 Πνεύματι
3036 2173 3264 2240 κάτοχον
3308 2167 3474 2258 πάλαι
3504 2179 3722 2258 προιρηῖ

2137 2250 2304 2344 and);
2339 2250 2659 2348 ἐξεϐόησενἐ
2703 2265 3116 2342 Ἀγαλλιάσθω
3158 2262 3197 2329 ή
3243 2257 3415 2330 ψυχή
3459 2273 3578 2327 μου
3623 2250 3722 2348 ἐπί

2138 2373 2220 2440 τῷ
2256 2371 2472 2439 Κυρίῳ,
2499 2346 2755 2422 ἐνέδυσε
2785 2362 2896 2434 γάρ
2914 2376 2990 2430 με
3015 2353 3246 2428 ἱμάτιον
3278 2349 3596 2418 σωτηρίου,
3620 2346 3721 2440 καὶ

2139 2437 2362 2535 χιτῶνα
2389 2459 2778 2530 εὐφροσύνης
2811 2448 3124 2523 περιέϐη.ὶέ
3163 2463 3266 2517 μοι
3293 2463 3306 2477 ο
3356 2444 3436 2508 ὠς
3488 2437 3730 2535 νυμφιιρ

2142 2529 2459 2628 περιέθηκέ
2501 2569 2604 2622 μοι
2634 2551 2871 2620 μίτραν,
2921 2543 3020 2597 καὶ
3067 2541 3148 2606 ὡς
3185 2537 3430 2628 νύμφα-ηοξ
3479 2529 3723 2628 κατεκό-

2141 2621 2435 2719 σιλησέ
2453 2621 2680 2714 κόσμῳ.
2708 2639 3018 2709 Κοσμήτωρ
3044 2633 3101 2686 δὲ
3131 2631 3346 2691 πάντως
3377 2627 3490 2719 τῆς
3505 2621 3725 2719 νύμφης

2142 2745 2172 2796 ὁ
2190 2711 2456 2814 ⁷Χριστός,
2484 2737 2513 2789 ὁ
2537 2711 2632 2800 ὧν,
2667 2732 2762 2787 καὶ
2792 2728 2995 2802 προὼν.
3020 2725 3115 2780 καὶ
3133 2723 3408 2792 ἐσόμενος,
3440 2711 3728 2784 εὐλογητὸς

2145 2835 2240 2890 νῦν
2270 2833 2366 2888 καὶ
2394 2833 2474 2895 εἰς
2505 2829 2631 2890 τοὺς
2663 2825 2886 2888 αἰῶνας.
2923 2820 3118 2890 Ἀμήν.

457 2938 554 2978 sus
583 2931 666 2978 est
689 2922 945 2982 Christus
965 2965 983 2990 ,
1022 2929 1116 2996 qui
1150 2935 1266 2995 est,
1300 2941 1356 2986 et
1383 2937 1514 2986 ante
1538 2908 1695 2995 erat,
1723 2936 1779 2985 et
1809 2929 2028 2984 futurus
2055 2934 2159 2994 est,
2189 2923 2509 2981 benedictus
2542 2933 2690 2976 nunc
2720 2925 2775 2972 et
2809 2918 2863 2970 in
2891 2911 3116 2969 saecula.
3142 2908 3336 2961 Amen.

527 3082 570 3111 ⁸⁷
608 3080 716 3136 Isa.
747 3094 865 3147 LXI,
906 3085 994 3139 tu.

458 3247 3690 3310 κεκτη-,πωπω

1739 3444 1967 3531 ΤΟΥ
2060 3436 2437 3529 ΑΥΤΟΥ

1179 3634 1420 3754 ΕΙΣ
1526 3638 1732 3754 ΤΟ
1843 3635 2322 3752 ΑΓΙΟΝ
2437 3627 2971 3747 ΠΑΣΧΑ

539 3855 662 3912 ΚΑΙ
696 3850 858 3912 ΠΕΡΙ
894 3850 1031 3911 ΤΗΣ
1066 3853 1469 3912 ΤΡῙΗΜΕΡΟΥ
1506 3850 1946 3908 ΠΡΟΘΕΣΜΙΑΣ
1977 3850 2120 3905 ΤΗΣ
2152 3853 2290 3906 ΤΟΥ
2326 3849 2625 3903 ΧΡΙΣΤΟΥ
2661 3840 3108 3902 ΑΝΛΣΤΑΣΕΩΣ
3145 3843 3345 3898 ΛΟΓΟΙ
3385 3842 3642 3897 ΠΕΝἸἙ.

2037 4039 2107 4052 ι-οιν

1811 4179 2349 4275 EJUSDEM

1331 4404 1476 4521 ΙΝ
1542 4395 2220 4516 SANCTUM
2311 4387 2857 4510 PASCHA

797 4629 888 4689 ET
925 4630 1015 4689 DE
1047 4625 1400 4687 TRIDUANO
1439 4619 1659 4682 FESTO
1690 4620 2294 4683 RESUIIRECTIONIS
2327 4617 2606 4679 CHRISTI
2638 4612 3030 4672 0RATIDNES
3066 4613 3393 4682 QUINQUE.

614 4789 857 4856 [Quarum
889 4787 1167 4852 interpretes
1193 4787 1348 4853 fuere,
1377 4783 1552 4847 prima:
1579 4781 1751 4835 Petrus
1775 4778 2082 4894 Ege
2100 4777 2349 4891 afﬁxa;
2369 4775 2524 4904 Senio:
2543 4782 2590 4828 et
2612 4781 2800 4841 quat-Iw
2829 4773 3115 4827 Laurentius
3137 4772 3339 4838 Sifanus
3355 4807 3370 4834 ,
3401 4771 3583 4838 quian

987 5082 1245 5141 ORATIO
1283 5076 1521 5140 PRIMA.

2773 5078 2997 5132 ΛΟΓΟΣ
3029 5078 3109 5130 A'.

545 5182 604 5240 Si
643 5196 752 5255 qua
777 5182 1212 5254 patriarcharum
1267 5179 1576 5235 benedictio
1613 5179 1800 5234 divino
1838 5178 2030 5250 Spiritt

2219 5177 2287 5232 Εἴ
2312 5191 2397 5241 τις
2427 5173 2785 5246 πατριαρχῶν
2830 5170 3048 5238 εὐλογία
3075 5167 3204 5239 θείῳ
3235 5163 3512 5236 Πνεύματι
3541 5162 3602 5214 τὸ
3637 5161 3724 5232 μὲ-

470 5253 799 5332 conﬁrmata
827 5283 932 5338 est,
963 5273 1011 5328 si
1040 5272 1185 5342 quod
1217 5272 1271 5326 in
1301 5271 1417 5342 lege
1442 5271 1725 5341 praemium
1779 5271 1947 5325 vitam
1981 5287 2030 5326 er

2146 5269 2296 5324 ϐαιον
2347 5269 2578 5337 ἔχουσα,
2634 5265 2688 5318 εί
2735 5282 2789 5317 τι
2836 5264 2935 5334 τῆς
2984 5259 3358 5329 πνευματικῆς
3405 5253 3725 5325 νομοθεσίας

440 5369 679 5422 'virtule
709 5365 1128 5422 instituentibus
1158 5365 1518 5435 promissum,
1555 5365 1600 5420 si
1634 5364 1764 5434 quid
1796 5363 2030 5418 veritati:

2146 5361 2348 5430 ἀγαθὸν
2379 5359 2443 5412 δι’
2473 5355 2801 5426 ἐπαγγελίας
2830 5356 2941 5416 τοῖς
2968 5348 3317 5419 κατορθοῦσιν
3347 5345 3645 5409 ἐλπίζεται,
3677 5345 3728 5398 εῐ

436 5465 724 5515 Tveterum
779 5457 1134 5513 historiarum
1187 5458 1473 5528 aenigmata
1522 5455 1941 5527 portenderunt,
2003 5471 2028 5509 ε

2146 5470 2230 5516 τις
2275 5449 2361 5506 διὰ
2407 5450 2516 5504 τῶν
2578 5444 2862 5518 ἱστορικῶν
2924 5440 3258 5511 αἰνιγμάτων
3311 5438 3412 5508 τῆς
3468 5437 3726 5508 ἀληθείας

475 5549 607 5621 quid
636 5552 767 5607 boni
817 5549 964 5621 quod
997 5565 1162 5620 supra
1215 5559 1468 5604 naturam
1518 5551 1611 5615 sit,
1661 5548 2030 5618 prophetarun

2149 5538 2588 5612 προδιατύπωσις
2638 5533 2776 5589 εἶναι
2811 5531 3141 5593 πιστεύεται,
3187 5529 3244 5582 εἴ
3285 5547 3369 5591 τις
3412 5528 3724 5600 προφητικὴ

477 5643 704 5698 oracula
736 5641 1195 5713 prmnuntiarunt,
1228 5656 1290 5696 ea
1313 5640 1494 5694 omnia
1522 5639 1792 5694 hodierno
1827 5653 2030 5691 muneri

2156 5633 2306 5705 φωνὴ
2349 5631 2418 5685 τὰ
2464 5631 2604 5700 ὑπὲρ
2637 5627 2795 5697 φύσιν
2841 5623 3269 5694 εὐαγγελίζεται,
3313 5622 3492 5675 πάντα
3541 5621 3726 5674 ἐκεῖνα

479 5710 856 5791 continentur.
895 5730 1018 5800 Quo
1053 5731 1215 5789 nobis
1237 5746 1346 5787 non
1371 5731 1527 5788 aliter
1560 5746 1724 5800 quam
1752 5730 1799 5786 si
1827 5736 2030 5801 specta-

2157 5711 2252 5797 τῆς
2301 5725 2582 5798 παρούσης
2634 5719 2854 5794 χάριτός
2898 5719 3026 5776 εἱσι.
3079 5717 3191 5774 Καὶ
3238 5715 3430 5788 ὥσπερ
3479 5711 3622 5769 κατὰ
3663 5710 3726 5764 τὸ
