4154 6354
526 357 618 411 εοι

1472 356 1537 410 IN
1575 354 1849 411 CHRISTI
1890 354 2522 412 RESURRECTIONEM
2561 354 2771 411 ORAT.
2808 355 2851 409 1.

3668 348 3777 408 602

526 470 883 540 προκείμενον
930 475 1039 535 τοῖς
1085 472 1381 541 ὀφθαλμοῖς
1430 473 1587 543 ἡμῶν
1631 473 1828 543 θέαμα,
1877 472 1934 525 ἓν
1980 472 2094 541 φῶς

2207 478 2324 531 culo
2350 475 2510 531 nobis
2540 476 2726 543 aliquo
2762 472 3045 543 proposito
3097 470 3279 523 lumen
3315 484 3482 522 unum
3512 483 3577 523 ex
3610 471 3775 522 innu-

526 556 950 635 περιαστράπτει
1002 565 1063 617 τὸ
1105 566 1202 629 τὰς
1253 566 1407 634 ὄψεις
1456 569 1521 619 ἐκ
1567 566 1774 637 μυρίων
1805 565 2100 635 λαμπάδων

426 654 463 715 .5
526 654 934 727 ὲρανιζόμενονο
985 656 1128 710 οὕτω
1163 658 1313 711 πᾶσα
1360 658 1394 728 ἡ
1451 656 1545 710 τοῦ
1578 656 1815 728 Χριστοῦ
1861 656 2099 725 εὐλογία,

524 748 733 819 πυρσοῦ
763 748 919 819 δίκην
960 748 1083 802 καθ’
1124 748 1319 818 ἑαυτὴν
1348 748 1659 817 λάμπουσα,
1691 748 1847 801 τοῦτο
1878 750 2011 818 ἡμῖν
2041 748 2101 800 τὸ

528 841 671 911 μέγα
696 839 812 909 φῶς
844 841 1233 912 ἀπεργάζεται,
1262 840 1324 893 τὸ
1362 842 1425 893 ὲκ
1467 839 1677 893 πολλῶν
1704 856 1763 893 τε
1792 840 1887 893 καὶ
1920 839 2100 892 ποικί-

523 932 630 985 λων
655 932 754 1002 τῆς
797 933 1019 1005 Γραφῆς
1051 934 1286 987 ἀκτίνων
1321 932 1845 1004 συγκεραννύμενον.
1886 930 2101 996 Ἔξεστι

524 1022 631 1094 γὰρ
652 1023 836 1077 λαϐεῖν
860 1026 951 1094 ἀφ’
983 1025 1211 1080 ἑκάστου
1240 1025 1349 1077 τῶν
1372 1024 1743 1077 θεοπνεύστων
1776 1022 2102 1093 ἀποδειγμά-

523 1130 630 1166 των
663 1114 724 1167 τὸ
755 1116 853 1185 τῆς
882 1115 1159 1187 παρούσης
1192 1114 1504 1187 ἱερομηνίας
1531 1113 1883 1184 κατάλληλον.
1910 1115 2102 1184 Ζητεῖς

524 1204 622 1275 τὴν
650 1205 742 1258 τοῦ
776 1207 1023 1277 Ἀϐραὰμ
1048 1207 1330 1275 εὐλογίαν;
1364 1207 1548 1277 Ἔχεις
1571 1206 1631 1259 τὸ
1652 1206 1999 1277 ζητούμενον,
2024 1207 2103 1270 εἰς

525 1294 592 1347 τὰ
643 1297 887 1367 παρόντα
930 1297 1161 1367 βλέπων.
1205 1297 1367 1367 ὐρᾷς
1398 1295 1466 1349 τὰ
1508 1296 1681 1366 ἄστρα
1711 1294 1803 1348 τοῦ
1837 1294 2066 1365 οὐρανοῦ
2088 1332 2102 1354 ,

524 1387 698 1440 ταῦτα
730 1388 871 1457 λέγω
899 1389 966 1442 τά
996 1389 1189 1459 ἄστρα,
1233 1388 1303 1442 τά
1343 1389 1408 1441 ὲκ
1434 1388 1528 1441 τοῦ
1568 1388 1780 1458 Πατρὸς
1810 1386 1969 1457 ἡμῶν
2000 1386 2102 1456 ἁρ-

524 1478 656 1541 τίως
687 1479 1059 1543 ἀνατείλαντα,
1098 1481 1193 1534 καὶ
1222 1479 1448 1552 οὐρανὸν
1476 1479 1684 1547 ἁθρόως
1725 1478 1823 1549 τὴν
1874 1477 2104 1549 Ἐκκλη-

529 1570 650 1623 σίαν
674 1572 990 1641 ποιήσαντα,
1025 1567 1099 1627 ὧν
1124 1576 1157 1644 ἡ
1186 1574 1283 1644 τῆς
1310 1573 1489 1643 ψυχῆς
1518 1572 1899 1642 ἀστράπτουσα
1927 1571 2103 1642 χάρις,

528 1666 647 1726 ταῖς
687 1664 793 1717 τῶν
837 1666 1058 1736 πυρσῶν
1090 1666 1271 1717 ἀκτῖσι
1313 1664 1765 1734 διασημαίνεται;
1806 1665 1898 1717 καὶ
1932 1662 2108 1718 ταῦτά

528 1772 611 1818 τις
645 1754 811 1808 εἰπὼν
848 1756 1015 1821 ὅντως
1040 1755 1134 1809 τοῦ
1180 1755 1430 1827 Ἀϐραάμ
1462 1750 1603 1807 εἶναι
1630 1753 1791 1807 τέκνα
1838 1753 1896 1817 ἐξ
1931 1755 2105 1822 ἐπαγο

529 1846 711 1913 γελίας
745 1847 892 1917 αὐτῷ
921 1847 1279 1918 γεγενημένα,
1315 1846 1384 1900 τὰ
1422 1849 1534 1909 τοῖς
1562 1845 1782 1916 ἄστροις
1820 1845 1914 1899 τοῦ
1941 1845 2105 1916 οὐρα-

530 1936 621 1989 νοῦ
650 1936 997 2008 ὁμοιούμενα,
1025 1938 1122 2007 τῆς
1156 1936 1411 2008 ἀληθείας
1436 1938 1532 2006 οὐχ
1563 1936 1958 2005 ἁμαρτήσεται.
1997 1936 2106 1989 Καὶ

529 2028 830 2097 θαυμάζεις
867 2028 957 2081 τὸν
994 2028 1192 2098 ὑψηλὸν
1225 2027 1484 2089 Μωῦσέα,
1534 2027 1628 2079 τὸν
1656 2028 1836 2079 πᾶσαν
1867 2026 1965 2095 τὴν
2009 2024 2105 2079 τοῦ

530 2117 663 2169 Θεοῦ
714 2119 888 2171 κτίσιν
934 2118 1254 2173 διαλαϐόντα
1297 2121 1362 2189 τῇ
1404 2118 1630 2188 δυνάμει
1677 2118 1775 2187 τῆς
1818 2114 2105 2184 γνώσεως;

544 2207 672 2261 Ἰδού
706 2226 786 2262 σοι
830 2209 927 2279 τῆς
972 2208 1194 2281 πρώτης
1225 2209 1613 2280 κοσμογενείας
1654 2207 1714 2261 τὸ
1746 2205 2107 2277 εὐλογημένον

531 2303 829 2356 Σάϐϐα-εον.
904 2302 1176 2374 Γνώρισον
1239 2303 1305 2355 δι’
1382 2302 1589 2354 ἐκείνου
1660 2300 1754 2353 τοῦ
1826 2299 2104 2354 Σαϐϐάτου

530 2394 687 2448 τοῦτο
722 2395 784 2447 τὸ
828 2394 1124 2457 Σάϐϐατον,
1155 2396 1254 2466 τὴν
1283 2396 1381 2464 τῆς
1430 2394 1826 2455 καταπαύσεως
1869 2391 2104 2463 ἡμέραν,

531 2490 597 2558 ἢν
644 2488 936 2558 εὐλόγησεν
976 2487 1004 2540 6
1048 2486 1178 2550 Θεὸς
1229 2487 1368 2556 ὑπὲρ
1416 2487 1516 2550 τὰς
1556 2486 1718 2549 ἄλλας
1747 2486 1977 2555 ἡμέρας.
2018 2483 2108 2535 Ἐν

530 2578 702 2651 ταύτῃ
745 2579 852 2650 γάρ
896 2579 1236 2632 κατέπαυσεν
1293 2577 1506 2647 ἀληθῶς
1560 2577 1667 2631 ἀπὸ
1727 2576 1942 2629 πάντων
1999 2576 2108 2629 τῶν

530 2669 705 2738 ἔργων
748 2668 910 2722 αὐτοῦ
955 2671 983 2722 6
1016 2669 1325 2739 Μονογενὴς
1355 2668 1524 2732 Θεὸς,
1571 2668 1661 2720 διὰ
1699 2668 1798 2737 τῆς
1834 2666 1975 2720 κατὰ
2016 2666 2107 2720 τὸν

532 2762 758 2815 θάνατον
809 2761 1117 2832 οἰκονομίας
1144 2763 1209 2831 τῇ
1239 2760 1403 2831 σαρκὶ
1433 2759 1795 2822 σαϐϐατίσαςο
1833 2758 1928 2813 καὶ
1961 2758 2040 2822 είς
2079 2757 2108 2811 ὂ

530 2848 599 2921 ἦν
645 2852 807 2905 πάλιν
854 2850 1182 2916 ἐπανελθὼν,
1208 2852 1305 2920 ,6ιά
1336 2852 1434 2923 τῆς
1480 2850 1829 2914 ἀναστάσεως
1870 2850 2017 2904 ἅπαν
2045 2849 2109 2903 τὸ

534 2941 782 3010 κείμενον
834 2940 1012 3011 ἑαυτῷ
1056 2941 1440 3011 συνανέστησε,
1474 2939 1607 3010 ζωὴ,
1656 2941 1750 2992 καὶ
1794 2939 2106 3003 ἀνάστασις,

533 3033 627 3085 καὶ
667 3030 919 3101 ἀνατολὴ,
973 3031 1064 3083 καὶ
1102 3030 1286 3102 ἡμέρα
1337 3032 1449 3093 τοῖς
1482 3033 1540 3082 ἐν
1589 3031 1770 3082 σκότει
1830 3031 1924 3082 καὶ
1982 3029 2110 3100 σκιᾷ

534 3120 763 3175 θανάτου
827 3120 1156 3191 καθημένοις
1189 3121 1494 3191 γενόμενος.
1532 3120 1748 3190 Πλήρης
1783 3137 1863 3172 τοι
1893 3120 1925 3190 ἡ
1968 3121 2110 3171 ίστο-

537 3212 629 3286 ρία
673 3214 775 3284 τῆς
820 3212 1113 3281 συγγενοῦς
1158 3213 1407 3279 εὐλογίας
1438 3230 1451 3243 ·
1497 3214 1525 3265 6
1576 3212 1757 3282 πατὴρ
1790 3211 1883 3263 τοῦ
1926 3209 2111 3263 Ἰσαάκ

535 3304 743 3358 ἐκείνου
771 3303 863 3356 τοῦ
909 3303 1190 3372 ἀγαπητοῦ
1231 3304 1305 3373 μὴ
1334 3302 1662 3371 φειδόμενος,
1696 3302 1789 3355 καὶ
1826 3303 1855 3354 6
1894 3316 2114 3372 μονογε-

534 3398 631 3468 νὴς
662 3396 943 3467 προσφορὰ
972 3396 1063 3449 καὶ
1098 3394 1255 3448 θυσία
1295 3399 1606 3463 γενόμενος,
1659 3394 1753 3446 καὶ
1784 3393 1954 3465 ἀμνὸς
1989 3393 2111 3448 ἀντὶ

535 3490 722 3543 τούτου
758 3487 1209 3559 σφαγιαζόμενος.
1254 3487 1470 3552 Ἔξεστι
1510 3485 1619 3554 γάρ
1651 3486 1776 3539 ἰδεῖν
1796 3484 1939 3556 ὲντῇ
1967 3485 2111 3538 ἱστο-

541 3581 630 3651 ρία
659 3581 766 3633 πᾶν
804 3578 865 3632 τὸ
896 3579 996 3649 τῆς
1036 3577 1317 3640 εὐσεϐείας
1352 3578 1666 3647 μυστήριον.
1708 3576 1765 3628 'O
1810 3575 1981 3646 ἀμνὸς
2014 3576 2110 3629 τοῦ

538 3671 693 3737 ξύλου
731 3670 1045 3742 ἐξήρτηται,
1079 3672 1141 3723 ἐκ
1164 3669 1273 3722 τῶν
1303 3671 1545 3739 κεράτων
1568 3667 1928 3738 κατεχόμενος
1950 3683 1965 3698 ο
1996 3671 2024 3721 6
2054 3668 2112 3721 δὲ

540 3763 830 3833 μονογενὴς
853 3762 1106 3832 βαστάζει
1141 3762 1225 3829 ἐφ’
1253 3760 1445 3813 ἑαυτοῦ
1468 3760 1534 3812 τὰ
1562 3760 1659 3828 τῆς
1687 3759 2112 3829 ὁλοκαρπώσεως

536 3854 687 3922 ξύλα.
743 3852 938 3925 Ὁρᾷς,
969 3855 996 3907 6
1026 3854 1201 3906 πάντα
1245 3853 1424 3924 φέρων
1456 3850 1534 3922 τῷ
1569 3852 1773 3923 ῥήματι
1818 3855 1916 3922 τῆς
1950 3852 2106 3906 δυνά-

540 3966 703 4018 μεως,
756 3947 783 3998 6
834 3946 992 4009 αὐτὸς
1022 3945 1115 3997 καὶ
1164 3944 1223 3997 τὸ
1254 3944 1470 4014 φορτίον
1508 3944 1663 4015 φέρει
1691 3944 1801 3997 τῶν
1830 3944 2111 4014 ἡμετέρων

538 4040 728 4105 ξύλων,
770 4040 863 4093 καὶ
891 4038 994 4092 ὐπὸ
1026 4036 1116 4091 τοῦ
1148 4037 1304 4103 ξύλου
1330 4037 1788 4107 ἀναλαμϐάνεται,
1827 4037 2110 4106 βαστάζων

536 4132 612 4195 ὡς
644 4132 774 4194 Θεὸς
801 4170 815 4193 ,
848 4131 940 4182 καὶ
980 4128 1149 4199 ἀμνὸς
1178 4128 1604 4197 βασταζόμενος·
1641 4127 1781 4180 οὕτω
1810 4126 1903 4179 τοῦ
1956 4127 2110 4194 ἁγίου

538 4223 852 4293 Πνεύματος
882 4220 943 4274 τὸ
988 4220 1131 4291 μέγα
1165 4220 1463 4289 μυστήριον
1507 4219 1750 4282 τυπικῶς
1786 4219 2111 4289 ἀμφοτέροις

538 4312 973 4382 ὲπιμερίσαντος,
1004 4310 1083 4379 τῷ
1118 4326 1176 4363 τε
1209 4309 1550 4380 ἠγαπημένῳ
1576 4309 1711 4379 Υίῷ,
1743 4310 1837 4361 καὶ
1866 4308 1944 4379 τῷ
1976 4325 2112 4378 συμ-

540 4403 950 4474 παραδειχθέντι
984 4402 1237 4473 προϐάτῳ
1264 4416 1281 4434 ⁶
1302 4401 1443 4459 ὥστε
1488 4402 1764 4473 δειχθῆναι
1808 4402 1866 4453 ὲν
1907 4401 2005 4471 μὲν
2033 4399 2111 4471 τῷ

2204 568 2563 621 merabilibus
2591 566 2801 620 facibus
2842 563 3136 619 conﬂatum
3168 561 3574 630 praestringeret
3602 562 3774 615 aciem

2201 658 2732 725 oculorum,lomnis
2770 655 2974 712 Christi
3028 653 3341 708 benedictio
3389 660 3651 721 tanquam
3684 653 3778 707 lux

2202 768 2301 824 per
2327 768 2386 808 se
2420 752 2654 823 fulgens,
2685 764 2942 820 magnum
2976 747 3122 801 hunc
3153 746 3351 799 animis
3376 745 3577 797 nostris
3598 744 3781 813 splen-

2201 846 2392 899 dorem
2424 859 2487 899 ex
2524 843 2712 897 multis
2744 848 2798 895 et
2828 839 2995 894 variis
3038 838 3338 907 Scriptum
3382 836 3551 889 radiis
3586 850 3779 904 prove-

2202 938 2440 991 nientem
2471 936 2692 991 emittit.
2718 933 2873 988 Licet
2894 930 3041 987 enim
3071 946 3137 986 ex
3164 929 3395 1001 singulis
3426 929 3546 998 ejus
3577 928 3779 983 divinis

2201 1030 2466 1099 exemplis
2496 1037 2741 1082 mutuum
2771 1025 3002 1095 hujusce
3036 1022 3370 1078 celebritatis
3400 1021 3777 1077 testimonium

2202 1122 2477 1191 colligere.
2512 1119 2722 1185 Qumris
2755 1116 2987 1171 Abrahae
3018 1113 3495 1171 benedictionem?
3530 1112 3779 1166 Praesen-

2204 1215 2277 1266 tia
2317 1211 2706 1280 contemplare,
2740 1218 2793 1263 et
2818 1208 3046 1263 habebis
3084 1206 3139 1261 id
3174 1205 3320 1276 quod
3351 1204 3608 1273 requiris.
3638 1201 3778 1258 (Σαιιί

2205 1305 2391 1357 stellas
2422 1317 2528 1356 non
2561 1300 2785 1356 vides’?
2808 1299 2939 1362 Has,
2994 1300 3237 1368 inquam,
3271 1296 3485 1359 stellas,
3513 1311 3634 1362 quae
3667 1310 3775 1348 nu-

2206 1411 2304 1465 per
2339 1409 2405 1449 ex
2439 1394 2635 1464 spiritu
2681 1392 2839 1447 nobis
2878 1402 3100 1455 exortae,
3126 1390 3307 1444 statim
3341 1390 3539 1443 malum
3588 1385 3779 1440 Eccle-

2208 1489 2344 1542 siam
2380 1486 2737 1541 reddiderunt
2770 1503 2782 1539 :
2819 1484 3100 1540 stellarum
3134 1481 3275 1536 enim
3318 1480 3487 1533 radiis
3517 1478 3778 1549 praeclara

2206 1580 2448 1633 virorum
2481 1577 2681 1631 virtute
2709 1576 3017 1645 pietateque
3070 1571 3444 1641 praestantium
3500 1570 3673 1640 gratia
3704 1570 3780 1623 si-

2208 1667 2497 1739 gnificatur
2537 1685 2551 1721 :
2592 1680 2731 1734 quos
2762 1664 2807 1719 si
2849 1664 2972 1733 quis
3005 1662 3237 1716 Abraha:
3276 1661 3419 1715 filios
3448 1675 3513 1714 ex
3547 1658 3780 1729 promis-

2209 1762 2362 1815 sione
2409 1767 2565 1813 natos
2603 1756 2727 1811 caeli
2759 1755 3031 1812 sideribus
3064 1754 3270 1810 similes
3314 1751 3535 1816 dixerit,
3568 1765 3598 1803 a
3631 1750 3779 1803 veri-

2207 1856 2317 1902 tate
2352 1864 2458 1901 Ion
2494 1848 2789 1901 aberrabit.
2820 1846 3022 1900 Mosem
3068 1844 3218 1898 illum
3250 1843 3508 1898 eximium
3540 1842 3780 1896 admira-

2206 1940 2304 2001 ris,
2360 1938 2452 2008 qui
2526 1938 2769 1992 scientiae
2835 1934 3272 2005 cognitionisque
3317 1932 3631 2002 praestantia
3689 1947 3779 1987 res

2206 2045 2397 2085 omnes
2438 2044 2468 2083 a
2516 2026 2624 2083 Deo
2661 2037 2974 2097 procreatas
3005 2023 3456 2093 comprehendit?
3489 2022 3628 2076 Ecce
3675 2021 3778 2075 tibi

2207 2123 2397 2193 prima:
2431 2122 2617 2175 mundi
2673 2119 3067 2189 procreationis
3116 2117 3438 2178 Sabbatum,
3474 2116 3562 2169 cui
3609 2115 3777 2168 bene-

2207 2215 2343 2268 dixit
2393 2214 2556 2269 Deus.
2614 2212 2691 2267 Ex
2729 2214 2822 2267 illo
2856 2212 3095 2266 Sabbato
3136 2226 3374 2280 praesens
3416 2209 3521 2263 hoc
3570 2205 3780 2260 Sabba-

2208 2318 2319 2365 tum
2359 2325 2611 2379 agnosce,
2641 2308 2840 2379 quietis
2886 2307 3032 2360 hunc
3078 2305 3245 2366 diem,
3301 2305 3386 2357 cui
3446 2316 3609 2371 supra
3661 2299 3781 2353 dies

2210 2404 2351 2458 alios
2381 2401 2642 2456 Dominus
2699 2398 2993 2454 benedixit.
3025 2396 3081 2450 ln
3121 2397 3224 2451 hoc
3247 2396 3393 2450 enim
3423 2408 3548 2448 vere
3574 2391 3642 2447 ab
3664 2406 3784 2445 om-

2206 2496 2370 2550 nibus
2414 2493 2671 2561 operibus
2720 2490 2837 2546 suis
2884 2488 3025 2544 Deus
3074 2486 3397 2556 Uuigenitus
3446 2482 3781 2553 conquievit,

2206 2588 2299 2657 qui
2331 2587 2517 2639 divino
2566 2584 2762 2639 salutis
2795 2582 3047 2636 humanae
3082 2578 3339 2633 curanda:
3372 2576 3624 2639 consilio,
3655 2589 3779 2629 cum

2208 2692 2305 2746 per
2332 2684 2563 2730 mortem
2622 2674 2776 2728 carni
2829 2673 3065 2743 quietem
3113 2669 3454 2739 praebuisset,
3483 2676 3537 2720 et
3591 2667 3647 2720 in
3702 2664 3779 2725 id.

2209 2769 2354 2840 quod
2398 2776 2538 2831 erat,
2592 2782 2690 2836 per
2744 2764 3203 2821 resurrectionem
3259 2762 3597 2824 revertisset,
3628 2758 3786 2840 quid-

2208 2861 2337 2932 quid
2364 2861 2583 2929 jacebat
2617 2876 2803 2914 secum
2847 2859 3213 2920 exsuscitans,
3264 2857 3395 2919 vita,
3441 2863 3494 2909 et
3531 2835 3782 2909 resurre-

2210 2955 2340 3018 ctio,
2369 2963 2423 3007 et
2465 2966 2684 3013 aurora,
2743 2959 2797 3005 et
2852 2965 3027 3007 mane.
3093 2956 3148 3003 et
3213 2948 3331 3003 dies
3381 2947 3433 3001 in
3467 2945 3706 3001 tenebris
3729 2952 3787 3000 et

2212 3046 2406 3098 umbra
2437 3044 2629 3098 mortis
2664 3042 2991 3110 degentibus
3022 3041 3201 3095 factus
3225 3040 3368 3095 est’.
3408 3036 3587 3091 Simili
3616 3036 3786 3091 bene-

2136 3149 2180 3211 ε
2212 3137 2450 3191 dictione
2480 3134 2706 3190 historia
2738 3134 2865 3188 item
2897 3132 3094 3187 referta
3123 3140 3206 3186 est
3223 3132 3263 3183 ³.
3291 3130 3453 3185 Pater
3476 3126 3629 3183 Isaac
3651 3128 3788 3183 dile-

2212 3237 2303 3283 cto
2345 3228 2457 3281 filio
2488 3243 2597 3281 non
2638 3240 2871 3297 parcens
2904 3239 3026 3287 suo,
3054 3230 3108 3278 et
3141 3222 3451 3292 unigenitus
3484 3220 3708 3281 oblatio,
3731 3227 3787 3274 et

2209 3320 2427 3374 victima
2465 3318 2659 3379 factus,
2693 3327 2746 3371 et
2769 3331 2942 3387 agnus
2980 3317 3103 3369 loco
3145 3314 3291 3369 illius
3329 3314 3421 3382 qui
3462 3311 3785 3366 immolaba-

2211 3416 2320 3461 tur.
2353 3405 2505 3461 Licet
2532 3407 2677 3461 enim
2709 3412 2881 3460 totum
2919 3405 2974 3457 in
3013 3402 3117 3456 hac
3158 3402 3381 3458 historia
3412 3400 3631 3469 pietatis
3666 3414 3787 3468 my-

2212 3498 2440 3555 Sterium
2489 3496 2711 3551 intueri.
2758 3498 2947 3565 Agnus
2994 3507 3025 3548 e
3072 3494 3221 3563 ligno
3266 3490 3530 3546 cornibus
3560 3489 3787 3542 hatrens

2211 3590 2498 3661 pendebat.
2538 3588 2864 3658 Unigenitus
2886 3594 3067 3641 autem
3096 3584 3402 3639 bolocausti
3427 3582 3575 3653 ligna
3604 3587 3786 3651 gesta-

2209 3687 2321 3737 bat.
2346 3681 2541 3736 Cernis
2570 3694 2677 3749 quo
2706 3679 2869 3733 modo
2902 3678 2996 3748 qui
3040 3684 3239 3731 cuncta
3272 3673 3380 3730 fert
3411 3673 3580 3728 verbo
3612 3670 3791 3724 virtu-

2211 3774 2283 3827 tis
2308 3787 2439 3836 suae,
2470 3771 2517 3827 is
2549 3778 2603 3824 et
2631 3770 2903 3840 lignorum
2927 3774 3241 3821 nostrorum
3272 3763 3377 3819 fert
3405 3777 3570 3823 onus.
3600 3766 3655 3815 et
3688 3774 3791 3813 su-

2215 3878 2311 3931 per
2337 3862 2545 3931 lignum
2579 3858 2883 3922 extollitur,
2913 3858 3091 3933 ferens
3115 3853 3335 3925 quidem
3365 3860 3427 3907 ut
3456 3850 3621 3915 Deus,
3653 3849 3787 3905 sub-

2212 3956 2354 4008 latus
2403 3960 2584 4008 autem
2640 3960 2902 4020 tanquam
2959 3947 3168 4018 agnus?
3198 3952 3205 3961 '
3232 3944 3324 4000 Sic
3358 3944 3503 3999 enim
3546 3942 3795 4012 Spiritus

2212 4056 2432 4100 sanctus
2478 4054 2709 4113 utraque
2741 4055 2800 4097 re
2846 4042 3026 4111 magni
3060 4038 3310 4111 mysterii
3358 4036 3586 4106 figuram
3616 4033 3787 4103 parti-

2212 4144 2300 4190 tus
2326 4145 2429 4197 est,
2458 4141 2573 4187 tum
2607 4134 2808 4187 dilecto
2839 4131 2974 4193 filio,
3002 4138 3123 4183 tum
3161 4127 3325 4182 simul
3353 4135 3578 4180 ostenso
3606 4137 3783 4194 agno;

2212 4234 2271 4279 ut
2302 4241 2397 4294 per
2422 4238 2621 4294 agnum
2653 4222 2848 4276 mortis
2875 4227 3277 4275 sacramentum
3304 4214 3656 4285 signiﬁcaret,
3688 4226 3789 4281 per

2210 4318 2549 4387 unigenitum
2576 4321 2754 4368 autem
2785 4314 2954 4365 vitam
2987 4318 3161 4362 morte
3189 4322 3295 4360 non
3329 4314 3569 4374 ereptam
3596 4310 3782 4358 osten-

2210 4410 2382 4465 deret.
2443 4406 2500 4461 Si
2540 4407 2625 4461 vis
2676 4414 2730 4459 et
2785 4404 2987 4458 Mosem
3025 4402 3204 4471 ipsum
3263 4396 3636 4461 considerare,
3668 4408 3785 4447 ma-

537 4496 794 4567 προϐἀτῳ
830 4496 889 4549 τὸ
928 4494 1021 4547 τοῦ
1065 4495 1293 4549 θανάτου
1343 4496 1661 4565 μυστήριον,
1705 4494 1762 4545 ὲν
1804 4493 1861 4545 δὲ
1902 4491 1979 4563 τῷ
2015 4510 2106 4563 μο-

2214 4515 2383 4554 nuum
2447 4498 2771 4553 extensione
2829 4507 3051 4548 crucem
3116 4490 3555 4553 describentem,
3611 4501 3787 4555 eaque

544 4590 742 4657 νογενεῖ
770 4588 867 4658 τὴν
895 4585 1059 4657 ζωὴν,
1086 4587 1182 4656 τὴν
1217 4586 1289 4657 μὴ
1308 4586 1736 4655 διακοπτομένην
1759 4584 1838 4655 τῷ
1868 4582 2102 4654 θανάτῳ.

536 4682 600 4735 Εἰ
636 4682 691 4734 δὲ
714 4681 891 4752 βούλει
935 4680 1028 4732 καὶ
1073 4678 1232 4732 αὐτὸν
1263 4678 1354 4730 τὸν
1399 4677 1637 4732 Μωῦσέα
1666 4676 1869 4740 λαϐεῖν,
1900 4678 1965 4746 τῇ
1998 4674 2105 4727 τῶν

536 4774 734 4844 χειρῶν
780 4771 997 4825 ἐκτάσει
1044 4769 1133 4821 τὸν
1183 4769 1412 4839 σταυρὸν
1458 4768 1845 4839 διαγράφοντα,
1894 4768 1988 4820 καὶ
2030 4766 2107 4829 ὡς

535 4867 613 4935 τῷ
652 4867 888 4934 σχήματι
935 4860 1108 4930 τούτῳ
1151 4859 1241 4911 τὸν
1296 4859 1541 4929 Ἀμαλὴχ
1573 4858 2103 4929 καταστρεφόμενον,

536 4957 710 5023 ἔξεστί
737 4972 819 5008 σοι
850 4953 1063 5024 βλέπειν
1101 4953 1157 5005 ἐν
1192 4954 1257 5022 τῇ
1297 4951 1521 5023 ἀληθείᾳ
1554 4951 1643 5004 τὸν
1687 4950 1874 5011 τύπον,
1909 4951 2004 5002 καὶ
2026 4948 2106 5019 τῷ

537 5045 755 5119 σταυρῷ
799 5046 889 5099 τὸν
947 5044 1191 5115 Ἀμαλὴχ
1234 5043 1625 5097 ὑποπίπτοντα.
1677 5043 1862 5112 Ἔχεις
1892 5040 2106 5095 καὶτὸν

548 5138 794 5202 Ἡσαΐαν,
827 5138 886 5190 οὐ
926 5137 1096 5207 μικρά
1137 5152 1216 5187 σοι
1257 5134 1391 5205 πρὸς
1434 5134 1531 5205 τὴν
1580 5133 1859 5203 παροῦσαν
1898 5147 2106 5185 συνεισ-

536 5232 771 5303 φέροντα
820 5231 1000 5300 χάριν.
1059 5229 1194 5297 Παρ⁹
1240 5224 1402 5279 αὐτοῦ
1436 5226 1542 5295 γὰρ
1574 5224 1961 5297 προεδιδάχθης
2006 5224 2105 5295 τὴν

456 5302 467 5317 κ
537 5322 876 5394 ἀνύμφευτον
909 5318 1138 5389 μητέρα,
1169 5315 1265 5384 τὴν
1290 5314 1537 5384 ἀπάτορα
1568 5315 1766 5385 σάρκα,
1787 5314 1885 5385 τὴν
1912 5311 2107 5367 ἀνώδυ⁹

537 5430 625 5466 νον
676 5412 858 5471 ὠδῖνα,
910 5408 1001 5462 τὸν
1054 5405 1349 5476 ἀμόλυντον
1398 5403 1588 5455 τόκον·
1640 5402 1810 5466 οὕτως
1861 5402 2105 5465 εἰπόντος

537 5502 635 5556 τοῦ
665 5503 946 5573 Προφήτου
966 5514 981 5531 ⁸
1033 5498 1175 5553 Ἰδοὺ
1196 5497 1234 5563 ἡ
1270 5494 1563 5563 παρθένος
1580 5496 1649 5548 ἐν
1682 5495 1890 5563 γαστρὶ
1916 5494 2105 5562 λήψε-

539 5595 754 5654 ται.καὶ
773 5594 998 5657 τέξεται
1010 5594 1162 5646 υἱόν⁵
1177 5589 1273 5644 καί
1291 5587 1619 5642 καλέσουσι
1640 5587 1704 5641 τὸ
1722 5588 1905 5647 ὄνομα
1920 5587 2104 5641 αὐτοῦ

612 5774 787 5830 ‘Gcn.
837 5773 1059 5839 xxvul.
1133 5773 1153 5804 ¹
1190 5773 1292 5829 lsa.
1336 5772 1485 5838 “,2.

1632 5770 1651 5800 ³
1678 5766 1811 5824 Gcn.
1844 5781 1981 5833 xm,
2013 5767 2037 5822 1
2074 5783 2195 5839 sqq.

2214 4592 2389 4646 forma
2458 4588 2790 4643 Amalecitas
2844 4586 2899 4640 in
2964 4584 3145 4655 fugam
3196 4590 3519 4644 vertentem,
3552 4580 3786 4635 veritate

2213 4682 2445 4751 figuram
2475 4694 2814 4749 expreSSam,
2874 4684 2929 4733 et
2978 4675 3238 4730 Amalech
3298 4672 3449 4727 cruci
3502 4672 3783 4727 cedentem

2213 4771 2676 4827 animadvertes‘.
2716 4768 2893 4823 [labes
2938 4775 2992 4822 et
3026 4765 3242 4828 Isaiam,
3287 4764 3380 4834 qui
3426 4763 3654 4834 gratiam
3682 4761 3785 4814 ho-

2212 4864 2460 4917 diernam
2506 4875 2615 4915 non
2667 4874 2863 4930 parum
2907 4858 3165 4912 illustrat.
3203 4855 3288 4909 Ab
3321 4856 3441 4925 ipso
3482 4852 3626 4907 enim
3672 4864 3787 4903 ma-

2212 4965 2349 5010 trem
2376 4954 2683 5023 innuptam,
2718 4953 2838 5007 sine
2897 4957 3055 5021 patre
3109 4962 3354 5013 carnem,
3415 4945 3534 5000 sine
3597 4942 3787 4997 dolore

2211 5045 2580 5119 puerperium,
2633 5044 2753 5100 sine
2797 5043 2919 5097 labe
2960 5048 3175 5109 partum
3221 5045 3347 5091 ante
3399 5034 3661 5090 didicisti.
3694 5030 3787 5088 Sic

2207 5138 2354 5191 enim
2386 5134 2630 5205 loquitur
2652 5132 2918 5203 propheta
2946 5149 2959 5184 :
2988 5128 3123 5184 Ecce
3159 5130 3303 5197 virgo
3336 5128 3390 5180 in
3423 5134 3571 5179 utero
3601 5126 3780 5177 conci-

2209 5228 2336 5294 piet,
2372 5236 2420 5279 et
2465 5225 2635 5295 pariet
2669 5224 2842 5292 ﬁlium
2879 5238 2898 5275 :
2930 5230 2981 5275 et
3010 5219 3266 5275 vocabunt
3291 5233 3477 5271 nomen
3500 5216 3612 5285 ejus
3652 5215 3783 5268 Em-

2212 5317 2445 5382 manuel,
2471 5330 2592 5385 quae
2622 5329 2727 5368 vox
2774 5313 3066 5384 significat,
3101 5310 3396 5366 Nobiscum
3450 5308 3650 5362 Deus“.
3693 5306 3786 5362 Et-

2214 5408 2359 5462 enim
2392 5407 2509 5461 sine
2532 5405 2719 5459 dolore
2751 5413 2964 5474 partum
3003 5403 3300 5466 exstitisse,
3354 5402 3469 5470 ipsa
3500 5399 3577 5454 rei
3609 5398 3785 5468 aequi-

2211 5508 2296 5552 tas
2340 5505 2394 5550 te
2423 5496 2660 5551 docebit.
2694 5493 2829 5548 Nam
2872 5510 2994 5549 cum
3043 5494 3222 5549 omnis
3258 5493 3509 5562 voluptas
3537 5490 3781 5545 dolorem

2211 5587 2561 5657 coniunctum
2590 5585 2805 5650 habeat,
2836 5601 3061 5641 necesse
3100 5594 3208 5650 est,
3240 5594 3298 5639 ut
3334 5586 3390 5641 in
3422 5586 3509 5652 iis,
3545 5596 3665 5654 qua:
3706 5582 3789 5635 ita.

2273 5768 2289 5799 ⁸
2322 5767 2489 5823 Εςυλ.
2521 5783 2655 5833 xvu,
2696 5768 2777 5823 ll.
2852 5766 2871 5797 ⁵
2905 5763 3007 5821 lsa.
3042 5766 3239 5831 γυψὶ.
