4154 6354
330 331 446 392 εοδ

1661 344 1720 402 S.
1761 344 2090 404 GREGORII
2129 346 2421 404 NYSSENI

3495 342 3598 398 6οι

332 446 586 517 copulata
644 457 797 518 sunt,
841 465 968 509 cum
1015 469 1186 510 unum
1245 455 1420 527 abest,
1466 457 1697 516 alterum
1749 463 1906 518 etiam

2031 463 2437 534 Ἐμμανουήλ,
2455 465 2484 518 ὅ
2508 465 2624 516 ἐστι
2649 463 2790 518 Μεθ’
2822 462 2988 533 ἡμῶν
3007 466 3042 518 ὀ
3064 462 3354 529 Θεός.”υτι
3386 461 3440 514 δὲ
3467 461 3602 513 ἀπό-

335 539 501 595 absit.

2018 574 2124 620 νως
2151 556 2373 624 γέγονεν
2395 557 2427 626 ἡ
2446 554 2594 617 ὠδὶς,
2624 553 2837 623 πρῶτον
2861 553 2959 624 μέν
2982 571 3040 606 σε
3061 552 3122 605 τὸ
3140 551 3285 615 εἰκὸς
3309 549 3598 613 διδαξάτω.

346 616 566 701 Ἐπειδὴ
593 630 704 703 γὰρ
730 633 880 686 πᾶσα
909 633 1069 706 ἡδονὴ
1114 637 1462 708 συνημμένον
1486 637 1599 710 ἔχει
1649 640 1741 694 τὸν
1798 641 1979 711 πόνον,
2019 616 2241 716 ἀνάγκη·
2283 616 2434 699 πᾶσα
2479 616 2588 697 ἐπί
2620 616 2730 696 τίδν
2783 616 3142 713 συνημμένως
3185 638 3596 712 θεωρουμένων,

333 716 428 774 τοῦ
457 721 574 786 ἑνος
605 723 680 793 μὴ
712 722 884 787 ὄντος,
921 725 1057 795 μηδὲ
1087 725 1150 778 τὸ
1178 727 1365 798 ἕτερον
1388 723 1548 784 εἶναι.

407 810 593 881 ltaque
616 827 740 867 cum
769 814 918 868 nulla
941 815 1287 885 concipiendi
1325 818 1574 886 voluptas
1596 826 1908 876 antecesse-

333 901 427 967 rit,
460 918 529 958 ne
558 904 798 972 pariendi
841 904 1062 975 quidem
1092 905 1250 961 dolor
1281 915 1367 964 est
1395 918 1746 967 consecutus.
1792 911 1909 967 Hoc

334 1005 512 1049 autem
545 995 818 1066 prophetae
842 998 1025 1054 verbis
1043 999 1206 1054 etiam
1239 1002 1650 1071 comprobatur,
1677 1020 1798 1074 quae
1826 1007 1908 1062 sic

333 1084 534 1140 habent
568 1103 582 1139 :
613 1087 912 1158 Antequam
942 1090 1138 1144 veniret
1175 1088 1330 1145 dolor
1367 1102 1557 1160 partus
1590 1093 1726 1163 ejus,
1765 1094 1905 1163 e/fu-

332 1177 432 1245 git,
453 1185 502 1231 et
528 1179 725 1246 peperit
750 1181 1046 1234 masculum
1063 1181 1106 1236 ⁸.
1125 1180 1252 1248 Aut,
1279 1182 1737 1252 quemadmodum
1768 1187 1907 1241 alius

332 1270 602 1340 interpres
634 1270 710 1324 ait
751 1287 765 1324 :
801 1270 1099 1340 Antequam
1133 1272 1338 1326 dolores
1366 1275 1608 1339 sentiret,
1649 1277 1904 1345 peperit'.

332 1359 412 1415 Ex
448 1361 570 1426 hac,
596 1363 793 1432 inquit,
823 1361 1046 1433 Virgine
1075 1373 1246 1418 matre
1274 1363 1414 1419 Puer
1441 1377 1597 1422 natus
1624 1377 1703 1422 est
1737 1369 1908 1432 nobis,

329 1461 381 1506 et
404 1453 548 1520 ﬁlius
580 1451 740 1509 datus
783 1463 862 1508 est
905 1453 1077 1510 nobis.
1115 1454 1283 1525 Cujus
1321 1457 1598 1527 imperium
1627 1476 1784 1528 super
1811 1459 1908 1513 hu-

332 1561 533 1599 merum
569 1541 706 1616 ejus,
739 1556 788 1601 et
828 1559 1048 1601 vocatur
1084 1565 1272 1604 nomen
1315 1549 1429 1619 ejus
1477 1553 1657 1621 magni
1697 1553 1910 1607 consilii

2086 815 2260 868 Ὅπου
2312 813 2492 867 τοίνυν
2547 811 2710 884 ἡδονὴ
2755 811 2850 866 τοῦ
2907 811 3064 866 τόκου
3107 812 3170 865 ού
3223 812 3591 884 καθηγήσατο,

2011 905 2131 959 οὐδὲ
2161 907 2190 959 6
2234 905 2396 966 πόνος
2447 904 2906 976 ἐπηκολούθησεν.
2946 904 3177 957 Ἔπειτα
3213 903 3271 957 δὲ
3310 905 3405 958 καὶ
3433 907 3467 976 ή
3500 906 3595 958 τοῦ

2014 997 2300 1066 Προφήτω
2347 996 2491 1063 λέξις
2537 995 2745 1066 βεϐαιοῖ
2790 995 2889 1049 τὸν
2937 995 3117 1064 λόγον,
3168 995 3363 1066 ἔχουσα
3416 996 3593 1050 οὓτωο

2011 1087 2163 1154 Πρὶν
2192 1088 2490 1141 εἰσελθεῖν
2526 1086 2636 1141 τὸν
2686 1089 2881 1142 πόνον
2930 1085 3050 1140 τῶν
3098 1087 3331 1141 ὠδίνων
3380 1088 3591 1157 αὐτῆς,

2009 1177 2288 1248 ἐξέφυγε,
2336 1178 2436 1236 καὶ
2463 1181 2670 1232 ἔτεκεν
2694 1178 2905 1246 ἄρσεν.
2943 1179 3035 1242 Ἦ,
3085 1177 3161 1242 ὥς
3194 1195 3358 1250 φησιν
3406 1179 3593 1250 ἕτερος

2015 1270 2124 1322 τῶν
2152 1269 2454 1341 ἑρμηνέων,
2483 1270 2632 1336 Πρὶν
2651 1270 2954 1338 ὠδινήσει,
2979 1271 3204 1324 ἔτεκεν.
3242 1272 3336 1324 Ἐκ
3369 1271 3594 1343 ταύτης,

2010 1359 2184 1428 φησὶ,
2246 1357 2347 1428 τῆς
2413 1359 2686 1432 παρθένου
2737 1359 2943 1431 μητρὸς
2995 1361 3240 1415 Παιδίον
3301 1361 3594 1433 ἐγεννήθη

2008 1449 2174 1518 ἡμῖν,
2216 1450 2315 1503 καὶ
2356 1453 2486 1516 υἱὸς
2527 1451 2706 1520 ἐδόθη
2740 1451 2915 1522 ἡμῖν’
2961 1449 3034 1510 οὗ
3069 1453 3108 1520 ἠ
3151 1453 3310 1522 ἀρχὴ
3342 1455 3594 1524 ἐγενήθη

2012 1540 2104 1593 ὀπὶ
2138 1541 2247 1596 τοῦ
2277 1540 2438 1611 ὤμου
2472 1541 2680 1606 αὑτοῦ,
2703 1542 2976 1611 μεγάλης
3011 1543 3255 1611 ,ϐουλῆς
3285 1543 3594 1613 Ἄγγελος,

339 1634 578 1704 angelus,
619 1635 763 1689 Deus
803 1636 984 1704 fortis,
1031 1645 1233 1705 potens,
1282 1639 1519 1708 princeps
1560 1641 1728 1707 pacis,
1757 1651 1906 1708 pater

2010 1633 2113 1686 καὶ
2143 1632 2213 1686 τὰ
2272 1633 2420 1705 ἑξῆς.
2461 1633 2632 1687 Τοῦτο
2680 1635 2742 1687 τὸ
2779 1634 3010 1698 παιδίον,
3043 1629 3198 1700 οὗτος
3239 1638 3268 1689 6
3313 1635 3448 1700 υἱὸς,
3497 1637 3596 1701 Ὠς

332 1724 503 1794 futuri
527 1725 731 1781 swculi.
758 1724 858 1781 Hic
894 1742 1050 1797 puer,
1084 1727 1174 1782 hic
1210 1728 1374 1795 Illius,
1408 1728 1477 1783 Ut
1506 1733 1616 1785 ovis
1647 1731 1717 1784 ad
1762 1733 1905 1785 occi-

2010 1725 2302 1791 πρόϐατον
2342 1725 2441 1780 ἐπὶ
2471 1725 2718 1795 σφαγὴν
2745 1725 2926 1795 ἤχθη,
2957 1731 3054 1781 καὶ
3085 1728 3166 1794 ὡς
3196 1727 3386 1796 ἀμνὸς
3413 1729 3594 1781 ἐναν-

331 1816 534 1872 sionem
563 1815 754 1872 ductus
771 1828 870 1882 est,
902 1827 953 1872 et
973 1828 1224 1889 tanquam
1248 1838 1416 1891 agnus
1447 1837 1629 1877 coram
1663 1821 1905 1878 tondente

2010 1817 2138 1870 τίον
2176 1818 2283 1872 τοῦ
2312 1817 2614 1886 κείροντος
2650 1819 2838 1872 αὐτὸν
2883 1818 3144 1888 ἄφωνος·
3177 1820 3377 1890 μᾶλλον
3406 1820 3486 1884 δὲ,
3517 1819 3595 1884 ὥς

331 1923 409 1975 se,
438 1907 699 1963 obmutuit
712 1908 755 1964 ⁸.
788 1907 886 1964 Vel
915 1911 1119 1980 potius,
1161 1911 1342 1982 inquit
1375 1911 1662 1981 Jeremias,
1696 1913 1800 1969 Hic
1829 1923 1906 1971 est

2010 1926 2180 1980 φησιν
2227 1909 2515 1980 Ἱερεμίας,
2544 1909 2732 1964 Τοῦτό
2765 1910 2896 1964 ἐστι
2919 1909 2986 1964 τὸ
3007 1911 3218 1979 ἀρνίον
3251 1915 3318 1965 τὸ
3343 1911 3592 1978 ἄκακον,

332 2015 499 2069 agnus
526 1999 619 2055 ille
640 2013 966 2065 mansuetus,
996 2003 1088 2072 qui
1115 2003 1184 2057 ad
1209 2005 1474 2058 victimam
1503 2004 1773 2060 ducitur“.
1807 2005 1906 2062 Hic

2010 2001 2073 2054 τὸ
2100 2000 2394 2069 ἀγόμενον
2445 2000 2552 2055 τοῦ
2605 2001 2870 2056 θύεσθαι.
2919 1993 3086 2062 Οὗτος
3130 2003 3159 2055 6
3217 2003 3401 2073 ἄρτος,
3443 1995 3488 2070 ᾧ
3532 2003 3596 2056 τὸ

330 2098 414 2143 est
446 2089 536 2146 ille
573 2093 730 2160 panis
763 2091 852 2146 cui
877 2091 1085 2162 lignum
1115 2092 1391 2162 injiciunt,
1425 2094 1517 2164 qui
1558 2095 1718 2165 panis
1745 2096 1907 2165 ligni-

331 2193 440 2248 que
469 2187 599 2234 sunt
622 2181 810 2236 hostes
829 2182 892 2237 ¹⁰.
936 2181 1048 2236 lmo
1069 2198 1201 2238 vero
1227 2183 1358 2238 illud
1386 2199 1418 2240 e
1446 2185 1730 2255 propheta,
1759 2188 1907 2258 quod

331 2270 738 2340 apertissimum
781 2279 838 2328 et
881 2273 1248 2330 clarissimum
1307 2283 1412 2340 est,
1457 2284 1512 2330 et
1549 2291 1660 2347 quo
1704 2287 1907 2348 myste-

330 2361 476 2416 rium
509 2362 832 2433 planissime
879 2364 1213 2432 declaratur,
1244 2367 1600 2437 accipiamus,
1630 2368 1783 2424 Jonas
1825 2372 1908 2426 ni-

336 2452 534 2506 mirum
574 2456 964 2524 exemplum“,
989 2457 1080 2526 qui
1114 2457 1232 2513 sine
1269 2457 1571 2515 offensione
1619 2461 1672 2515 in
1723 2469 1904 2516 cetum

329 2542 634 2613 ingressus,
671 2555 728 2601 et
751 2547 871 2602 sine
903 2549 1152 2604 molestia
1208 2565 1425 2604 rursum
1475 2566 1752 2622 egressus,
1780 2568 1906 2608 cum

331 2633 386 2688 in
418 2634 542 2704 ejus
583 2636 884 2693 visceribus
915 2640 1094 2695 tribus
1131 2640 1326 2696 diebus
1367 2649 1421 2696 et
1451 2641 1677 2698 totidem
1729 2645 1907 2698 nocti-

331 2725 436 2782 bus
458 2729 876 2798 permansisset,
913 2728 1129 2787 Domini
1167 2734 1309 2803 apud
1348 2733 1556 2791 inferos
1594 2750 1906 2790 commora-

339 2818 543 2872 tionem
576 2818 916 2876 indicavit".
957 2820 1084 2878 Haec
1122 2832 1177 2878 et
1220 2825 1413 2879 horum
1460 2825 1662 2881 similia
1692 2835 1909 2896 oportet

329 2923 395 2963 ex
429 2908 663 2979 singulis
719 2910 1023 2982 Scriptura:
1071 2914 1208 2969 locis
1245 2913 1522 2986 indagare,
1570 2923 1735 2986 atque
1781 2917 1908 2972 seli-

329 3015 476 3071 gere.
500 3000 700 3058 Omnia
727 3005 874 3059 enim
909 3005 1004 3060 illa
1032 3023 1102 3062 ex
1130 3008 1492 3077 praesentibus
1517 3008 1721 3064 cernis.
1755 3009 1820 3062 Et
1840 3023 1910 3063 ex

2008 2091 2164 2156 ξύλον
2220 2091 2578 2163 ἐμϐάλλουσιν
2610 2093 2659 2146 οἱ
2699 2092 2909 2147 καὶτοῦ
2957 2092 3124 2164 ἄρτου
3163 2095 3255 2148 καὶ
3298 2094 3391 2148 τοῦ
3433 2095 3591 2160 ξύλου

2009 2181 2274 2252 πολέμιοι.
2309 2182 2524 2236 Μᾶλλον
2543 2182 2598 2235 δὲ
2626 2182 2686 2235 τὺ
2715 2182 2933 2237 πάντων
2952 2181 3372 2255 γνωριμώτερόν
3401 2201 3458 2237 τε
3499 2184 3594 2237 καὶ

2007 2272 2382 2345 φανερώτερον
2427 2276 2490 2328 ὲκ
2514 2273 2607 2327 τοῦ
2643 2276 2932 2345 Προφήτου
2982 2274 3256 2346 λάϐωμεν,
3280 2275 3347 2329 δι’
3368 2269 3431 2329 οὗ
3464 2293 3596 2346 προ-

2005 2364 2275 2434 γράφεται
2310 2365 2495 2434 σαφῶς
2527 2365 2590 2418 τὸ
2623 2367 2940 2436 μυστήριον,
2972 2367 3065 2419 τὸν
3107 2367 3292 2421 Ἰωνᾶν
3317 2366 3484 2437 λέγω,
3503 2366 3596 2421 τὸν

2006 2454 2232 2520 ἀπαθῶς
2262 2455 2402 2510 κατὰ
2427 2455 2520 2509 τοῦ
2553 2458 2753 2526 κήτους
2785 2456 3206 2528 καταδυόμενον,
3223 2458 3316 2512 καὶ
3335 2458 3461 2528 δίχα
3489 2457 3597 2510 πά-

2014 2543 2142 2608 θους
2173 2548 2238 2599 ἐκ
2260 2545 2354 2599 τοῦ
2390 2547 2584 2618 κήτους
2618 2547 2998 2618 ἀναδυόμενον,
3016 2548 3107 2601 τὸν
3135 2548 3228 2602 καὶ
3260 2549 3438 2620 τρισὶν
3459 2547 3594 2620 ἡμέ-

2015 2654 2136 2707 ραις
2158 2638 2252 2691 καὶ
2283 2638 2574 2702 τοσαύταις
2601 2639 2750 2705 νυξὶν
2789 2640 2847 2691 ὲν
2873 2642 2985 2703 τοῖς
3011 2640 3241 2710 κητῲοις
3268 2641 3594 2712 σπλάγχνοις

2017 2727 2104 2799 τὴν
2129 2730 2186 2782 ὲν
2209 2728 2334 2800 ᾅδου
2363 2730 2645 2802 διατριϐὴν
2675 2731 2767 2784 τοῦ
2817 2731 3026 2802 Κυρίου
3065 2731 3590 2803 προδιαγρὰψαντος.

2007 2817 2192 2873 Ταῦτα
2220 2820 2315 2873 καὶ⁹
2344 2819 2416 2872 τά
2446 2821 2667 2875 τοιαῦτα
2707 2821 2790 2876 δεῖ
2829 2838 2888 2874 σε
2923 2822 3052 2892 παρ’
3089 2821 3328 2892 ἑκάστης
3360 2823 3588 2894 Γραφῆς

2008 2909 2296 2981 ἀναζητεῖν
2340 2911 2435 2965 καὶ
2485 2912 2821 2979 ἐκλέγεσθαι.
2863 2914 3048 2967 Πάντα
3099 2914 3210 2984 γὰρ
3266 2916 3468 2978 ἐκεῖνα,
3504 2914 3594 2969 διὰ

2009 3001 2117 3055 τῶν
2143 3002 2425 3072 παρόντων
2462 3005 2629 3074 ὁρᾷςο
2665 3005 2761 3057 καὶ
2781 3005 2838 3058 ὲν
2869 3006 2936 3075 τῇ
2969 3003 3218 3076 παρούσῃ
3255 3005 3592 3076 φαιδρότητι,

331 3093 596 3149 hodierna
629 3095 835 3161 laetitia,
871 3105 931 3150 ut
962 3099 1017 3151 in
1046 3097 1342 3168 Evangelia
1369 3100 1622 3168 legimus,
1664 3103 1792 3155 Tota
1821 3099 1906 3152 les:

2010 3093 2185 3160 Ὅλος
2219 3097 2253 3148 ό
2289 3097 2474 3163 νόμος
2508 3094 2790 3164 κρέμαται
2831 3097 2932 3150 καὶ
2960 3101 3014 3152 οἱ
3059 3095 3379 3166 προφῆται,
3415 3097 3593 3162 καθώς

330 3185 538 3256 pendet,
580 3196 632 3242 et
662 3189 928 3259 propheta
949 3191 1010 3245 ¹³.
1059 3190 1144 3256 Et,
1195 3191 1655 3262 quemadmodum
1702 3191 1906 3248 Paulus

2010 3184 2140 3252 φησί
2169 3201 2270 3236 που
2298 3184 2358 3236 τὺ
2387 3185 2734 3253 Εύαγγέλιοψ
2763 3185 2860 3239 καὶ¹
2912 3188 3020 3248 πᾶς
3043 3186 3398 3248 θεόπνευστος
3435 3187 3590 3254 λόγος

333 3279 495 3342 ait",
554 3281 736 3336 omnis
785 3280 1107 3353 Scriptum,
1164 3284 1354 3339 divino
1410 3283 1617 3354 Spiritu
1667 3285 1906 3338 dictante

2010 3273 2102 3326 καὶ
2133 3274 2294 3344 νόμος
2322 3276 2381 3329 ὲν
2408 3274 2580 3346 ταύτῃ
2609 3276 3104 3344 ἀνακεφαλαιοῦται
3128 3280 3193 3349 τῇ
3224 3279 3427 3350 χάριτι,
3450 3279 3593 3333 κατὰ

330 3375 586 3435 exarata,
622 3369 866 3441 legisque
921 3387 1136 3427 summa
1171 3373 1224 3428 in
1277 3373 1380 3428 hac
1424 3374 1597 3444 gratia
1624 3373 1906 3428 concludi-

2010 3364 2104 3436 τὴν
2146 3364 2241 3418 τοῦ
2292 3365 2506 3419 Παύλου
2567 3367 2772 3437 φωνήν.
2819 3366 2990 3420 Τοῦτο
3027 3368 3138 3439 γάρ
3187 3369 3324 3434 ἐστι,
3351 3370 3447 3424 καὶ
3484 3369 3594 3424 τῶν

335 3468 444 3516 tur.
476 3458 600 3515 Haec
623 3462 770 3517 enim
813 3473 869 3517 et
911 3464 1181 3518 malorum
1226 3471 1310 3520 est
1359 3465 1502 3528 linis,
1539 3474 1595 3520 et
1635 3465 1906 3520 bonorum

2011 3457 2352 3529 σκυθρωπῶν
2378 3457 2439 3511 τὺ
2471 3458 2671 3529 πέρας,
2701 3457 2795 3512 καὶ
2825 3458 2932 3512 τῶν
2959 3460 3178 3528 ἀγαθῶν
3203 3461 3237 3531 ἡ
3275 3462 3438 3532 ἀρχή.
3466 3457 3595 3519 Οἷόν

334 3551 686 3622 principium.
717 3551 854 3606 Nam
888 3553 1123 3624 exempli
1161 3567 1349 3616 causa,
1392 3553 1540 3609 Mors
1579 3556 1810 3626 regnavit
1835 3556 1906 3622 ab

2010 3565 2060 3601 τι
2087 3548 2230 3617 λέγω
2247 3565 2260 3579 ο
2301 3549 2725 3605 Ἐϐασίλευσεν
2748 3553 2782 3604 ό
2799 3549 3055 3617 θάνατος
3083 3552 3202 3607 ἀπὸ
3241 3552 3444 3622 Ἀδὰμ,
3490 3554 3594 3625 τῆς

332 3643 505 3697 Adam
529 3644 597 3706 ”,
629 3643 843 3714 imperii
876 3643 1120 3714 pestiferi
1143 3644 1354 3702 ducens
1386 3646 1626 3710 initium,
1649 3655 1703 3701 et
1731 3647 1907 3716 impo-

333 3741 456 3788 tens
481 3733 626 3790 illius
657 3734 971 3791 dominatus
1016 3734 1083 3789 ad
1115 3733 1320 3790 Mosen)
1369 3750 1546 3804 usque
1585 3736 1904 3804 permansit,

333 3839 458 3878 cum
489 3823 610 3894 ejus
657 3825 740 3881 vis
782 3840 811 3880 a
862 3825 977 3896 lege
1015 3825 1242 3881 minime
1293 3827 1703 3897 reprimeretur.
1742 3825 1908 3881 Venit

333 3917 461 3972 vita:
507 3932 756 3989 regnum,
810 3925 866 3974 et
908 3918 1152 3975 solutum
1214 3927 1300 3975 est
1353 3920 1547 3976 mortis
1596 3921 1904 3991 imperium.

333 4011 602 4080 Apparuit
651 4011 758 4065 alia
795 4012 1095 4082 generatio,
1155 4011 1264 4065 alia
1317 4011 1452 4076 vita,
1501 4012 1647 4067 alius
1689 4011 1906 4068 vivendi

335 4100 552 4166 modus,
573 4102 747 4172 ipsius
769 4110 978 4159 natura:
1006 4114 1210 4160 nostra:
1236 4105 1613 4160 commutatio.
1645 4104 1906 4170 Quaenam

336 4191 654 4260 generatio?
688 4192 822 4259 Quae
865 4209 972 4248 non
1019 4210 1084 4248 ea:
1135 4195 1501 4265 san‘guinibus,
1535 4211 1698 4264 neque
1724 4210 1790 4250 ea:
1819 4213 1909 4249 vo-

337 4284 541 4339 luntate
565 4285 685 4349 viri,
721 4302 880 4356 neque
910 4301 977 4340 ea:
1004 4287 1272 4342 voluntate
1309 4290 1508 4353 carnis,
1561 4288 1650 4342 sed
1703 4303 1767 4343 ea:
1801 4287 1906 4343 Deo

2008 3639 2333 3711 φθοροποιοῦ
2378 3641 2662 3712 δυνάμεως
2713 3641 2896 3696 λαϐὼν
2941 3643 3041 3714 τὴν
3072 3643 3277 3715 ἀρχὴν,
3317 3644 3453 3698 ἀλλὰ
3494 3646 3591 3699 καὶ

2011 3731 2172 3803 μέχρι
2205 3732 2482 3796 Μωῦσέως
2508 3732 2674 3786 αύτοῦ
2705 3733 2765 3786 τὸ
2809 3733 3044 3805 πονηρὸν
3074 3737 3273 3806 κράτος
3297 3734 3586 3806 διέμεινεν,

2007 3823 2159 3876 οὐδὲν
2204 3823 2298 3875 τοῦ
2334 3825 2503 3896 νόμου
2544 3824 2644 3896 τὴν
2677 3824 2852 3897 κακὴν
2882 3824 2978 3879 τοῦ
3013 3827 3244 3882 θανάτου
3271 3826 3589 3880 δυναστείαν

2011 3914 2412 3985 άμϐλύναντος.
2459 3911 2661 3969 Ἦλθεν
2716 3919 2750 3988 ἡ
2802 3915 2903 3986 τῆς
2953 3914 3100 3988 ζωῆς
3159 3917 3436 3988 βασιλεία,
3490 3919 3588 3973 καὶ

2007 4005 2275 4078 κατελύθη
2305 4006 2400 4059 τοῦ
2435 4007 2662 4062 θανάτου
2696 4006 2754 4062 τὸ
2791 4009 3012 4080 κράτος.
3052 4009 3163 4062 Καὶ
3187 4011 3408 4078 γέγονεν
3449 4009 3583 4084 άλλη

2006 4096 2278 4166 γέννησις,
2317 4096 2430 4166 βίος
2476 4098 2682 4170 ἕτερος,
2727 4097 2854 4152 ἄλλο
2886 4098 3033 4166 ζωῆς
3076 4095 3234 4163 εἶδος,
3274 4101 3442 4172 αὐτῆς
3484 4101 3587 4173 τῆς

2007 4187 2222 4257 φύσεως
2264 4189 2422 4260 ἡμῶν
2473 4192 2965 4262 μεταστοιχείωσις.
3025 4192 3288 4264 Τούτουή
3332 4193 3586 4265 γέννησις

2011 4279 2132 4332 Οὐκ
2154 4277 2225 4342 ἐξ
2250 4278 2530 4347 αἱμάτων,
2551 4279 2694 4334 οὐδὲ
2711 4280 2781 4333 ἐκ
2809 4278 3144 4348 θελήματος
3169 4280 3412 4349 ἀνδρὸς,
3444 4282 3588 4336 οὐδὲ

337 4386 482 4451 picto
511 4387 588 4431 est
608 4378 671 4433 “.
700 4378 955 4444 Quinam,
1009 4378 1244 4450 inquies,
1278 4379 1382 4436 hoc
1412 4380 1528 4436 ﬁeri
1561 4379 1772 4450 potest?
1797 4380 1906 4434 Au-

2010 4371 2078 4424 ἐκ
2097 4371 2429 4440 θελήματος
2451 4371 2700 4440 σαρκὸς,
2723 4372 2862 4426 ἀλλ’
2884 4371 2951 4424 ἐκ
2971 4371 3121 4426 Θεοῦ
3143 4373 3588 4442 γενομένη.Πῶς

334 4466 412 4532 di,
443 4482 568 4521 nam
596 4469 785 4538 paucis
816 4471 1126 4540 explicabo.
1161 4471 1323 4528 Fetus
1350 4472 1438 4526 hic
1462 4486 1562 4542 per
1589 4471 1746 4526 ﬁdem
1770 4486 1903 4526 con-

2011 4459 2170 4514 τοῦτο
2184 4478 2200 4529 ;
2213 4459 2408 4530 Σαφῶς
2420 4477 2502 4514 σοι
2531 4462 2866 4532 παραστήσω
2885 4461 2972 4514 διὰ
2991 4460 3085 4514 τοῦ
3106 4461 3264 4530 λόγου
3287 4462 3383 4534 τὴν
3403 4464 3582 4536 χάριν.

333 4559 554 4628 cipitur,
594 4575 690 4630 per
722 4560 1067 4631 baptismatis
1116 4562 1580 4634 regenerationem
1625 4563 1679 4616 in
1730 4563 1905 4617 lucem

2013 4545 2183 4617 Οὗτος
2223 4555 2252 4607 6
2277 4553 2433 4617 τόκος
2457 4552 2546 4606 διὰ
2582 4553 2816 4616 πίστεως
2837 4555 3182 4623 κυοφορεῖται
3206 4569 3220 4583 ⁸
3254 4555 3341 4610 διὰ
3367 4557 3467 4626 τῆς
3492 4557 3586 4612 τοῦ

331 4650 532 4717 editur,
565 4651 840 4706 nutricem
868 4652 1032 4708 habet
1054 4653 1378 4720 Ecclesium,
1403 4652 1568 4722 hujus
1596 4653 1903 4708 doctrinam

2013 4643 2384 4714 βαπτίσματος
2417 4645 2825 4712 άναγεννήσεως
2873 4647 2952 4708 εἰς
2983 4644 3099 4713 φῶς
3131 4645 3346 4714 ἄγεταιο
3387 4649 3588 4720 τροφὸς

330 4751 387 4798 et
423 4743 670 4798 instituta
707 4744 854 4814 sugit
889 4752 1149 4816 tanquam
1185 4746 1375 4808 ubera,
1417 4746 1493 4800 illi
1534 4745 1775 4801 ccelestis
1806 4760 1902 4815 pa-

2010 4737 2260 4806 τούτουή
2299 4736 2592 4808 Ἐκκλησία
2623 4735 2852 4804 γίνεται*
2891 4737 3082 4807 μαζὸς,
3132 4739 3202 4793 τά
3247 4739 3583 4810 διδάγματα·

330 4834 419 4888 nis
443 4839 527 4887 est
560 4831 718 4888 cibus
752 4851 767 4889 :
799 4834 979 4890 aetatis
1005 4833 1268 4904 perfectio
1287 4844 1374 4890 est
1406 4834 1659 4890 sublimis
1687 4834 1900 4890 vivendi

2010 4827 2197 4899 τροφὴ,
2225 4829 2254 4880 6
2281 4827 2489 4882 ἄνωθεν
2521 4827 2684 4899 ἄρτος
2706 4843 2720 4858 ·
2753 4827 2972 4898 ἡλικίας
3008 4829 3303 4895 τελείωσις,
3330 4833 3363 4901 ή
3406 4832 3584 4905 ὑψηλὴ

329 4924 494 4987 ratio,
535 4926 739 4994 nuptiae
779 4927 1121 4982 consuetudo
1151 4927 1432 4998 sapientiae
1463 4945 1476 4982 :
1514 4925 1694 4990 liberi,
1741 4941 1900 4995 spes;

2010 4919 2278 4972 πολιτείαο
2309 4920 2504 4989 γάμος,
2525 4921 2558 4989 ή
2588 4921 2686 4990 τῆς
2726 4921 2917 4990 σοφίας
2938 4921 3239 4992 συμϐίωσις
3258 4941 3272 4954 ο
3309 4923 3494 4987 τέκνα,
3527 4925 3583 4978 αἱ

328 5013 548 5081 domus,
579 5031 838 5087 regnum;
887 5017 1177 5074 han-editas
1232 5026 1287 5073 et
1339 5017 1640 5088 Opulentia,
1695 5017 1906 5073 delicia

2010 5012 2249 5074 ὲλπίδες·
2285 5007 2444 5073 οἶκοι,
2492 5014 2525 5083 ἡ
2563 5010 2840 5081 βασιλεία·
2886 5013 3087 5082 κλῆρος
3126 5014 3219 5066 καὶ¹
3261 5012 3510 5076 πλοῦτος,
3547 5016 3580 5085 ἡ

329 5106 606 5176 paradisi;
650 5108 775 5165 linis
806 5125 915 5164 non
956 5125 1128 5174 mors,
1159 5109 1257 5166 sed
1279 5109 1391 5164 vita
1423 5111 1537 5176 illa,
1572 5125 1697 5181 qua:
1728 5109 1906 5181 dignis

2010 5102 2064 5155 ὲν
2088 5100 2166 5172 τῷ
2207 5100 2520 5171 παραδείσῳ
2566 5102 2763 5172 τρυφή·
2800 5101 2955 5166 τέλος
2986 5101 3063 5164 δὲ,
3097 5103 3223 5155 ἀντὶ
3257 5101 3509 5166 θανάτου,
3545 5104 3578 5172 ή

327 5209 518 5268 parata
542 5208 648 5264 est,
671 5201 986 5258 beatissima
1009 5209 1064 5257 et
1092 5201 1445 5272 sempiterna.
1476 5199 1592 5256 Hoc
1625 5201 1681 5254 in
1712 5199 1905 5256 melius

2011 5193 2179 5256 ἀΐδιος
2198 5191 2331 5262 ζωὴ,
2355 5194 2413 5244 ὲν
2431 5195 2497 5264 τῇ
2515 5192 2848 5264 ὑποκειμένῃ
2871 5195 2982 5256 τοῖς
3010 5193 3184 5262 ἁγίοις
3202 5193 3582 5266 μακαριότητι.

328 5289 775 5345 commutationis
800 5289 1015 5345 initium
1056 5290 1250 5346 videns
1285 5306 1520 5362 magnus
1559 5290 1653 5346 ille
1693 5288 1905 5346 Zacha-

2011 5285 2224 5354 Ταύτην
2251 5285 2354 5354 όρᾷ
2375 5285 2467 5338 καὶ
2491 5285 2520 5338 6
2552 5284 2722 5354 μέγας
2742 5285 3016 5356 Ζαχαρίας
3034 5287 3133 5354 τὴν
3160 5284 3332 5356 ἀρχὴν
3360 5285 3495 5356 πρὸς
3520 5286 3583 5341 τὺ

328 5377 444 5434 rias
487 5379 735 5450 ambigit,
772 5382 918 5451 quod
964 5383 1044 5437 illi
1081 5398 1280 5438 nomen
1324 5383 1590 5454 imponat,
1624 5381 1904 5454 quomodo

2010 5377 2210 5446 ἀγαθὸν
2256 5377 2616 5442 ἀλλοιώσεως,
2663 5378 2758 5432 καὶ
2802 5377 3133 5448 ἀμφιϐάλλει
3181 5378 3312 5447 περὶ
3354 5379 3455 5448 τῆς
3484 5378 3582 5433 τοῦ

329 5479 653 5539 praesentem
682 5474 915 5544 gratiam
947 5476 1203 5546 appellet.
1235 5475 1470 5542 Etenim,
1515 5491 1639 5531 cum
1683 5489 1748 5531 ea
1780 5489 1902 5545 qua:

2010 5469 2268 5539 ὀνόματος
2310 5469 2575 5540 κλήσεως,
2624 5469 2678 5523 τί
2726 5469 2834 5541 χρὴ
2872 5470 3078 5540 κυρίως
3129 5471 3448 5540 προσειπεῖν
3481 5471 3583 5544 τὴν

401 5678 421 5709 ⁸
453 5679 729 5756 manus",
758 5683 811 5738 7.
886 5685 906 5714 ⁷
936 5681 1040 5756 lsa.
1085 5701 1159 5741 Ix.
1187 5685 1239 5756 6Ϊ
1315 5685 1336 5716 ⁸
1371 5686 1476 5740 lsa.
1503 5701 1619 5748 LIII,
1655 5688 1722 5738 "’3
1753 5690 1774 5721 '
1803 5686 2002 5743 Jcrom.
2033 5704 2111 5753 xi,
2148 5689 2230 5743 l9.
2311 5688 2512 5742 “ibid.
2592 5688 2629 5719 “
2659 5685 2784 5742 Ion.
2813 5701 2877 5752 ιι,
2914 5684 2938 5740 1
2974 5699 3096 5756 sqq.
3175 5685 3218 5717 “
3251 5682 3437 5741 Matth.
3481 5697 3578 5748 xu,

334 5748 422 5808 ιο.
500 5751 542 5783 ⁸³
573 5751 760 5808 Matth.
795 5769 928 5818 nu,
953 5755 1042 5810 40.
1122 5755 1166 5791 ⁸⁵
1201 5754 1241 5810 ll
1277 5756 1516 5813 Timolh.
1543 5773 1624 5826 Ill,
1657 5757 1740 5812 16.
1851 5761 1890 5791 ³³

2010 5748 2180 5824 πιέν,
2227 5759 2309 5815 Η.
2391 5758 2608 5816 “Joan.
2650 5773 2688 5825 ι,
2733 5756 2820 5812 i3.
