4154 6354
449 312 558 366 605

1393 314 1460 369 ΙΝ
1505 315 1776 374 CHRISTI
1818 316 2457 377 RESURRECTIONEM
2494 324 2700 381 ORA'I‘.
2744 328 2785 382 l.

3613 331 3721 387 606

451 424 754 480 ἐνεστῶσαν
802 426 981 498 χάριν.
1031 427 1113 482 Τὰ
1154 429 1262 501 γὰρ
1310 431 1444 486 ἄλλα
1474 434 1542 488 τὰ
1583 439 1713 508 περὶ
1759 438 1822 492 τὸ
1856 439 2064 504 πάθοςι

2165 440 2510 497 deruciatus
2562 451 2912 511 mortemque
2970 442 3264 511 pertinent,
3324 444 3716 514 percurrisset,

452 517 705 587 θαύματα
725 518 1028 585 διεξελθὼν,
1062 520 1157 574 καὶ
1186 521 1342 577 τοῦτό
1371 541 1503 594 φησι
1536 528 1667 598 περὶ
1714 526 1809 581 τοῦ
1834 529 2025 600 καιροῦ

452 610 639 664 τούτου
661 650 677 676 ,
708 613 789 665 ὅτι
824 614 948 681 Οὐχ
995 613 1206 683 ἡμέρα,
1252 616 1350 669 καὶ
1373 618 1509 686 οὐχὶ
1554 620 1690 683 νύξ.
1715 621 1793 674 Δι’
1838 615 1914 675 ὧν
1942 622 2028 675 ὲν-

453 703 745 770 δείκνυται,
775 705 856 757 ὅτι
887 704 1066 776 ἡμέρα
1098 706 1196 777 μὲν
1224 706 1491 778 κληθῆναι
1516 710 1575 763 ού
1605 710 1847 777 δύναται,
1878 713 2027 785 ἡλίου

457 795 533 866 μὴ
561 794 735 859 ὄντος,
780 794 878 861 νὺξ
905 795 962 849 δὲ
993 797 1092 851 οὐκ
1129 796 1242 851 ἔστι
1271 798 1349 869 τῷ
1382 800 1517 871 μηδὲ
1547 803 1738 865 σκότος
1764 799 1925 859 εἶναι.
1957 805 2031 859 Τὸ

454 894 563 964 γὰρ
607 893 797 957 σκότος
850 894 1110 948 ἐκάλεσεν
1160 898 1188 949 6
1241 895 1374 960 Θεὸς
1426 896 1624 965 νύκτα,
1676 901 1857 965 καθώς
1899 918 2033 974 φησι

455 983 716 1054 Μωῦσῆς.

540 1077 694 1130 Ἐπεὶ
748 1074 843 1131 οῦν
895 1077 1037 1131 κατὰ
1095 1080 1193 1149 μὲν
1253 1080 1343 1134 τὸν
1408 1081 1636 1152 χρόνον,
1697 1084 1828 1149 νὺξ,
1894 1084 2036 1138 κατὰ

457 1165 513 1217 δὲ
547 1166 608 1219 τὸ
666 1164 803 1235 φῶς,
839 1166 1020 1238 ἡμέρα
1048 1184 1062 1199 ο
1090 1166 1279 1221 τούτου
1332 1169 1516 1224 ἕνεκέν
1562 1188 1727 1241 φησιν
1756 1174 1784 1226 6
1816 1174 2038 1244 Προφή-

467 1273 568 1325 της
588 1273 601 1287 ·
627 1256 736 1309 Καὶ
761 1258 884 1325 Οὐχ
928 1256 1140 1326 ἡμέρα,
1189 1259 1288 1312 καὶ
1314 1260 1451 1329 οὐχὶ
1485 1259 1621 1325 νύξ.
1650 1262 1711 1314 Ei
1760 1256 1851 1316 οὖν
1899 1264 2037 1334 μήτε

461 1348 579 1412 νὺξ,
604 1348 745 1401 κατὰ
772 1348 865 1401 τὸν
888 1351 1173 1421 Προφήτου
1202 1351 1380 1419 λόγον,
1417 1354 1446 1404 6
1478 1353 1666 1425 καιρὸς
1686 1348 1840 1417 οὗτός
1869 1355 2037 1421 ἐστιν,

463 1441 591 1494 ἄλλο
650 1458 703 1493 τι
765 1439 917 1511 παρὰ
986 1441 1160 1495 ταῦτα
1206 1443 1423 1507 πάντως
1482 1444 1516 1513 ἡ
1578 1442 1827 1514 παροῦσα
1882 1444 2041 1516 χάρις

466 1532 584 1585 ἐστὶ
606 1533 700 1585 καὶ
736 1531 1080 1603 ὀνομάζεται.
1111 1532 1374 1586 Βούλεσθε
1402 1533 1542 1588 εἴπω
1565 1535 1595 1588 ὂ
1622 1534 1997 1607 ἐντεθύμημαι
2023 1554 2039 1604 ;

464 1625 626 1692 Αὕτη
664 1624 837 1679 ἐστὶν
880 1625 1071 1693 ἡμέρα
1126 1625 1203 1693 ἢν
1223 1626 1516 1695 ἐποίησεν
1557 1630 1591 1682 ὁ
1617 1629 1831 1698 Κύριος
1854 1646 1869 1660 ο
1908 1628 2042 1699 ἄλλη

469 1717 618 1786 παρά
642 1716 739 1780 τὰς
770 1718 827 1770 ὲν
853 1718 993 1790 ἀρχῇ
1016 1720 1163 1772 ἐστιν
1191 1717 1351 1790 αὕτη.
1393 1720 1481 1773 Ἐν
1502 1719 1673 1793 ταύτῃ
1706 1720 1814 1793 γὰρ
1844 1723 1988 1775 ποιεῖ
2017 1724 2048 1775 6

467 1808 599 1871 Θεὸς
643 1812 712 1880 τῇ
766 1809 949 1881 ἡμέρᾳ
992 1809 1220 1880 οὐρανὸν
1275 1811 1496 1877 καινὸν,
1526 1812 1620 1865 καὶ⁹
1663 1814 1769 1883 γῆν
1816 1812 2043 1884 καινὴν,

469 1866 649 1962 καθῶς
686 1866 861 1969 ,ἐρησιιν
880 1866 935 1952 ’6.
958 1866 1273 1972 Προφήτης.
1307 1900 1464 1953 Ποῖον
1483 1866 1495 1877 1
1522 1866 1785 1972 οὐρανόνς
1815 1900 1876 1954 τὸ
2077 1866 2120 1921 Β

473 1990 661 2062 ρέωμα
698 1991 795 2061 τῆς
850 1993 930 2055 είς
962 1991 1192 2063 Χριστὸν
1247 1992 1482 2055 πίστεως
1512 2009 1527 2023 ·
1565 1993 1726 2046 ποίαν
1772 1992 1919 2063 γῆν;
1950 1992 2048 2064 τὴν

473 2081 686 2151 ἀγαθὴν
738 2082 966 2154 καρδίαν
1000 2082 1167 2154 φημὶ,
1216 2084 1398 2148 καθὼς
1445 2080 1596 2139 εἶπεν
1639 2084 1916 2157 ὁΚύριος,
1952 2087 2051 2156 τὴν

473 2176 575 2245 γῆν
602 2175 700 2246 τὴν
732 2175 990 2230 πίνουσαν
1028 2176 1119 2230 τὸν
1144 2176 1231 2228 ἐπ’
1262 2178 1400 2248 αὐτῇ
1438 2179 1731 2248 ἐρχόμενον
1754 2178 1929 2241 ὑετὸν,
1960 2179 2053 2231 καὶ

473 2267 563 2319 τὸν
592 2265 856 2337 πολύχουν
892 2266 1091 2337 στάχυν
1129 2266 1485 2339 ἁδρύνουσαν.
1535 2269 1623 2322 Ἐν
1650 2269 1821 2340 ταύτῃ
1851 2271 1917 2339 τῇ
1942 2269 2055 2323 κτί-

475 2373 581 2420 σει,
607 2356 758 2425 ἥλιος
813 2354 911 2426 μέν
945 2357 1092 2409 ἐστιν
1119 2357 1148 2409 6
1192 2356 1429 2428 καθαρὸς
1479 2357 1593 2428 βίος
1630 2376 1644 2391 ο
1671 2358 1847 2431 ἄστρα
1889 2359 1966 2426 δὲ,
1997 2361 2055 2413 αἱ

476 2448 695 2515 ἀρεταί·
728 2448 838 2518 ἀὴρ
863 2448 942 2509 δὲ,
977 2450 1011 2519 ἡ
1035 2448 1298 2520 διαφανὴς
1329 2450 1573 2503 πολιτεία
1592 2467 1605 2480 ⁸
1625 2450 1870 2505 θάλασσα
1895 2451 1971 2517 δὲ,
1997 2452 2058 2505 τὸ

477 2540 640 2609 βάθος
677 2541 793 2593 ἐστὶ
818 2540 913 2594 τοῦ
943 2540 1171 2595 πλούτου
1204 2545 1304 2611 τῆς
1344 2542 1534 2611 σοφίας
1556 2560 1617 2597 τε
1643 2544 1736 2598 καὶ
1767 2543 2021 2613 γνώσεως
2039 2561 2054 2576 ·

477 2633 603 2685 πὸαι
651 2633 745 2687 κα1⁵
780 2632 1158 2705 βλαστήματα,
1192 2635 1432 2706 ὴάγαθὴ
1484 2635 1803 2691 διδασκαλία
1851 2637 1944 2691 καὶ
1991 2637 2062 2691 τὰ

479 2724 597 2778 θεῖα
633 2724 879 2796 δόγματα
900 2767 915 2791 ,
948 2727 1092 2799 ἆπερ
1120 2730 1148 2780 ὁ
1175 2727 1304 2791 λαὸς
1336 2729 1436 2797 τῆς
1486 2729 1659 2800 νομῆς
1678 2769 1693 2791 ,
1720 2730 2000 2784 τουτέστιν
2026 2733 2059 2800 ἡ

482 2818 681 2889 ποίμνη
702 2818 795 2873 τοῦ
819 2819 954 2873 Θεοῦ
991 2821 1305 2891 ἐπινέμεται
1325 2836 1340 2852 ο
1371 2822 1569 2893 δένδρα
1585 2822 1643 2876 δὲ
1664 2823 1920 2878 ποιοῦντα
1939 2842 2064 2895 καρ⁴

482 2912 602 2978 πὸν,
636 2913 668 2983 ἡ
708 2913 819 2966 τῶν
858 2913 1086 2967 ἐντολῶν
1126 2914 1379 2986 ἐργασία.
1429 2914 1517 2968 Ἐν
1546 2914 1719 2987 ταύτῃ
1768 2916 2010 2981 κτίζεται
2035 2918 2064 2970 6

484 3003 732 3075 ἀληθινὸς
778 3004 1099 3075 ἄνθρωπος,
1128 3007 1157 3059 6
1202 3006 1323 3059 κατ’
1357 3005 1542 3059 είκόνα
1598 3006 1890 3077 γενόμενος
1929 3007 2063 3060 Θεοῦ

485 3095 587 3148 καὶ
605 3095 880 3165 ὁμοίωσιν.
921 3090 1070 3166 ’Δρά
1120 3112 1201 3148 σοι
1253 3096 1313 3148 οὐ
1374 3096 1576 3166 κόσμος
1632 3096 1840 3164 γίνεται
1871 3098 2066 3170 ἡάρχὴ

486 3187 648 3258 αῦτη,
691 3188 758 3244 Ἦ
798 3186 1008 3258 ἡμέρα,
1043 3185 1123 3255 ἢν
1166 3188 1456 3255 ἐποίησεν·
1482 3191 1515 3243 ό
1540 3190 1792 3257 Κύριος
1838 3190 1971 3261 Περὶ
1997 3186 2066 3262 ἦς
2093 3223 2136 3281 C

488 3297 653 3351 φησιν
694 3280 724 3332 6
756 3280 1041 3351 προφήτης
1074 3279 1377 3351 Ζαχαρίας,
1409 3281 1491 3334 ὅτι
1541 3279 1665 3334 οὔτε
1703 3280 1888 3352 ἡμέρα
1927 3282 2068 3335 κατὰ

489 3372 588 3434 τὰς
609 3370 774 3433 ἄλλας
794 3371 1024 3441 ἡμέρας,
1052 3369 1175 3424 οὔτε
1204 3370 1300 3435 νὺξ
1332 3371 1472 3424 κατὰ
1510 3371 1607 3435 τὰς
1636 3370 1801 3434 ἄλλας
1835 3371 2065 3435 νύκτας.

492 3463 611 3517 Καὶ
638 3461 791 3516 οῦπω
815 3463 878 3515 τὸ
902 3462 1174 3533 ἐξαίρετον
1199 3464 1299 3533 τῆς
1319 3462 1599 3533 παρούσης
1624 3462 1843 3533 χάριτος
1868 3466 1896 3517 6
1915 3463 2071 3530 λόγος

493 3554 777 3625 ἐκήρυξεν.
804 3553 953 3624 Αῦτη
992 3552 1148 3607 ἔλυσε
1178 3553 1276 3624 τὴν
1316 3554 1413 3607 τοῦ
1454 3553 1684 3607 θανάτου
1708 3554 1891 3609 ὠδῖνα.
1923 3553 2073 3624 Ait-:1]

495 3647 588 3701 τὸν
610 3647 720 3699 τῶν
749 3646 956 3719 νεκρῶν
992 3647 1332 3718 πρωτότοκον
1365 3647 1716 3717 ὲμαιεύσατο.
1764 3647 1852 3701 Ἐν
1899 3645 2073 3718 ταύτῃ

501 3738 893 3808 συνετρίϐησαν
940 3739 997 3796 ai
1046 3738 1266 3808 σιδηραῖ
1314 3737 1408 3791 τοῦ
1466 3738 1698 3792 θανάτου
1749 3738 1931 3793 πύλαι.
1988 3739 2076 3791 Ἐν

500 3831 669 3900 ταύτῃ
723 3831 771 3882 οἱ
818 3830 1009 3901 χαλκοῖ
1050 3829 1144 3884 τοῦ
1193 3830 1321 3903 ᾇδου
1379 3832 1564 3901 μοχλοὶ
1618 3830 2075 3902 συνεθλάσθησαν.

502 3921 616 3974 Νῦν
639 3921 914 3990 ἀνοίγεται
945 3921 1040 3975 τοῦ
1064 3921 1296 3977 θανάτου
1319 3922 1379 3975 τὸ
1409 3923 1798 3993 δεσμωτήριον.
1831 3921 1946 3976 Νῦν
1981 3941 2082 3992 κη-

507 4014 763 4086 ρύσσεται
810 4017 920 4079 τοῖς
972 4015 1337 4086 αἰχμαλώτοις
1380 4017 1412 4084 ἡ
1448 4015 1661 4085 ἄφεσις.
1711 4016 1828 4070 Νῦν
1873 4015 2082 4085 γίνεται

505 4110 617 4170 τοῖς
649 4106 869 4176 τυφλοῖς
924 4107 1303 4176 ἡάνάόλεψις.
1355 4106 1471 4160 Νῦν
1502 4110 1614 4171 τοῖς
1658 4108 1717 4161 ὲν
1765 4108 1947 4162 σκότει
1990 4107 2084 4162 καὶ

508 4198 638 4267 σκιᾷ
690 4196 919 4251 θανάτου
969 4197 1319 4268 καθημένοις.
1344 4199 1378 4269 ἡ
1407 4198 1465 4262 ἐξ
1506 4198 1673 4267 ὖψους
1709 4198 1940 4272 ἀνατολὴ
1969 4202 2087 4254 ἐπι-

511 4288 822 4343 σκέπτεται.
845 4288 1110 4342 Βούλεσθέ
1138 4306 1192 4341 τι
1218 4288 1314 4342 καὶ
1346 4290 1474 4358 περὶ
1504 4290 1602 4360 τῆς
1624 4290 1924 4361 τριημέρου
1951 4308 2086 4358 προ-

513 4380 742 4449 θεσμίας
764 4378 953 4450 μαθεῖν
975 4396 990 4445 ;
1023 4380 1209 4449 ’Δρκεῐ
1234 4380 1487 4434 τοσοῦτον
1522 4380 1734 4451 μαθεῖν,
1752 4383 1834 4435 ὅτι
1860 4382 1920 4434 ἐν
1946 4381 2090 4434 οὕτω

512 4471 676 4542 ὀλίγῳ
707 4471 786 4541 τῷ
816 4471 1049 4543 χρονικῷ
1080 4472 1424 4543 διαστήματι,
1451 4472 1681 4543 ἤρκεσεν
1701 4474 1734 4542 ἡ
1764 4471 2092 4527 παντοδύνα-

2133 532 2202 589 de
2232 542 2480 605 tempore
2517 533 2644 597 hoc,
2685 532 2868 604 Neque
2905 533 3040 599 dies,
3078 534 3278 605 inquit,
3316 552 3478 605 neque
3526 538 3718 589 nox".

2135 624 2350 692 Quibus
2384 625 2567 681 verbis
2595 625 2859 687 ostendit,
2901 639 3079 696 neque
3109 626 3277 696 diem,
3324 643 3449 682 cum
3482 629 3565 683 sol
3609 645 3717 684 non

2136 718 2303 781 adsit,
2334 717 2520 772 vocari
2549 732 2736 787 posse,
2766 732 2943 786 neque
2989 727 3233 784 noctem,
3271 734 3396 774 cum
3429 721 3612 776 absint
3643 731 3723 775 te-

2135 808 2341 872 nebrae,
2370 825 2510 880 quas
2534 809 2697 877 Deus,
2731 817 2794 864 ut
2848 809 3028 868 Moses
3050 811 3268 877 scribit,
3300 822 3515 869 noctem
3548 814 3724 868 nomi-

2138 900 2363 956 navit".

2212 1073 2614 1141 Quamobrem,
2649 1090 2773 1131 cum
2813 1086 2868 1133 et
2896 1093 3006 1133 nox
3036 1078 3312 1143 tenebris.
3351 1087 3408 1135 et
3444 1078 3563 1135 dies
3595 1080 3716 1136 sole

2141 1167 2566 1237 praascribatur,
2604 1169 2873 1238 propheta
2898 1213 2914 1237 ,
2954 1170 3138 1241 Neque
3177 1172 3327 1238 dies,
3370 1172 3582 1243 inquit,
3629 1188 3725 1227 ne-

2141 1275 2241 1328 que
2272 1273 2397 1313 nam.
2434 1258 2591 1325 Quod
2628 1260 2676 1316 si
2708 1276 2889 1332 neque
2917 1278 3025 1317 nox
3048 1306 3063 1330 ,
3095 1280 3273 1334 neque
3304 1264 3459 1332 dies,
3506 1275 3723 1335 tempus

2145 1347 2249 1402 hoc
2293 1348 2402 1403 dici
2465 1356 2681 1418 potest,
2739 1351 2847 1406 alio
2901 1352 3123 1407 nomine
3182 1354 3435 1423 profecto
3481 1369 3727 1423 praesens

2146 1440 2323 1510 gratia
2391 1448 2476 1496 est
2541 1442 2890 1511 appellanda.
2956 1441 3140 1499 Vultis
3201 1460 3474 1515 exponam
3535 1446 3727 1510 vobis,

2148 1533 2280 1602 quid
2320 1535 2438 1603 ipse
2480 1535 2757 1589 sentiam?
2789 1534 2917 1590 Ha’c
2954 1544 3033 1591 est
3072 1536 3184 1591 dies
3222 1538 3322 1592 illa
3345 1576 3361 1600 ,
3411 1554 3572 1608 quam
3603 1538 3730 1607 fecit

2150 1623 2410 1678 Dominus
2434 1624 2512 1687 ιθ,
2570 1640 2600 1679 a
2666 1625 2861 1681 diebus
2916 1626 3027 1682 illis
3091 1628 3254 1699 longe
3320 1628 3575 1694 diversa,
3633 1628 3730 1699 qui

2150 1715 2341 1770 mundi
2390 1716 2790 1785 procreationis
2824 1717 2984 1772 initio
3025 1727 3155 1773 sunt
3190 1720 3475 1776 constituti
3498 1718 3559 1793 ,[
3591 1735 3732 1790 quos

2154 1805 2420 1873 temporis
2452 1820 2654 1860 cursus
2680 1806 2981 1861 dimetitur.
3010 1807 3253 1865 Alterius
3298 1810 3416 1864 haec
3452 1817 3538 1864 est
3604 1823 3734 1879 pro-

2149 1896 2450 1951 creationis
2510 1896 2799 1969 initium.]
2855 1897 2911 1951 In
2952 1898 3055 1952 hac
3098 1900 3246 1954 enim
3282 1900 3371 1955 die
3401 1901 3599 1955 coelum
3636 1915 3734 1954 no-

2152 2000 2278 2040 vum
2330 1985 2461 2040 facit
2499 1986 2645 2043 Deus
2698 1995 2753 2042 et
2801 1996 3003 2043 terram
3058 2005 3291 2052 novam.
3344 1999 3404 2045 ut
3464 1992 3541 2046 ait
3601 1990 3736 2045 Pro-

2150 2078 2315 2148 pheta
2344 2079 2414 2131 '°.
2478 2079 2705 2150 Ecquod
2745 2081 2986 2136 caelum?
3017 2081 3420 2139 ﬁrmamentum
3452 2084 3574 2154 ejus
3613 2100 3737 2153 qua:

2153 2172 2209 2225 in
2238 2171 2464 2227 Christo
2499 2182 2585 2228 est
2624 2172 2774 2229 ﬁdei.
2811 2176 3055 2245 Ecquam
3085 2175 3335 2231 terram?
3365 2192 3460 2231 cor
3495 2176 3698 2231 bonum
3718 2216 3735 2239 ,

2155 2263 2419 2331 inquam,
2465 2271 2525 2317 ut
2554 2263 2697 2319 dixit
2722 2263 2988 2323 Dominus
3012 2306 3027 2332 ,
3062 2276 3262 2323 terram
3315 2285 3438 2339 qum
3471 2269 3610 2323 bibit
3644 2285 3740 2323 su-

2158 2369 2258 2423 per
2291 2369 2352 2408 se
2381 2355 2690 2410 venientem
2745 2356 2974 2411 imbrem
2997 2397 3012 2420 ,
3036 2365 3092 2413 et
3124 2358 3333 2428 spicam
3377 2357 3739 2429 multiplicem

2160 2448 2389 2517 parit“.
2443 2445 2503 2500 in
2556 2447 2659 2503 hac
2713 2449 3031 2514 creatione,
3095 2450 3178 2505 sol
3229 2450 3448 2520 quidem
3499 2458 3584 2507 est
3627 2452 3741 2505 vita

2161 2537 2397 2602 munda,
2421 2538 2627 2603 stellae,
2664 2539 2933 2597 virtutes:
2968 2554 3085 2605 aer,
3120 2541 3386 2610 praaclara
3441 2556 3742 2595 conversa—

2161 2630 2272 2697 tio;
2310 2644 2483 2691 mare,
2529 2629 2765 2685 altitudo
2801 2630 3139 2696 divitiarum,
3174 2632 3455 2701 sapientia:
3481 2639 3535 2687 et
3560 2632 3744 2687 scien~

2162 2724 2289 2787 tiae;
2334 2721 2517 2776 herba:
2557 2728 2613 2775 et
2659 2720 2905 2790 germina
2934 2761 2949 2783 ,
2986 2722 3129 2774 bona
3181 2721 3471 2785 doctrina,
3525 2720 3745 2775 divina-

2163 2828 2270 2881 que
2313 2810 2678 2877 documenta,
2712 2826 2834 2880 quae
2891 2811 3125 2881 populus
3164 2827 3383 2881 pascuae
3408 2849 3423 2873 ,
3485 2811 3593 2865 hoc
3626 2820 3743 2872 est.

2167 2904 2276 2958 Dei.
2296 2920 2425 2974 grex
2457 2903 2673 2973 carpit,
2708 2911 2875 2973 atque
2915 2902 3269 2973 depascitur;
3303 2901 3531 2957 arbores
3566 2900 3749 2957 feren-

2166 3004 2249 3050 tes
2282 2994 2519 3049 fructum
2544 3034 2560 3058 ,
2586 2994 2971 3049 mandatorum
3017 2994 3356 3049 observatio.
3408 2993 3465 3048 In
3522 2993 3627 3047 hac
3661 2993 3751 3047 die

2166 3103 2330 3143 verus
2373 3087 2539 3142 homo
2587 3095 2912 3157 procreatur
2945 3087 3014 3142 ad
3048 3085 3342 3155 imaginem
3389 3092 3444 3140 et
3484 3084 3749 3140 similitu-

2168 3180 2349 3234 dinem
2382 3179 2497 3234 Dei.
2530 3179 2729 3233 Annon
2758 3179 2996 3234 mundus
3030 3178 3126 3232 tibi
3150 3179 3208 3231 lit
3236 3177 3341 3231 hoc
3376 3176 3739 3247 principium,

2172 3270 2302 3325 Hm:
2337 3269 2478 3335 dies,
2511 3286 2671 3341 quam
2710 3269 2833 3339 fecit
2864 3270 3167 3324 Dominus?
3192 3267 3367 3335 Quam
3401 3282 3583 3338 neque
3606 3267 3752 3322 diem

2169 3379 2295 3419 esse
2324 3362 2456 3417 dicit
2500 3362 2768 3432 propheta
2842 3360 3041 3416 diebus
3067 3360 3193 3415 aliis
3219 3400 3234 3425 ,
3299 3374 3481 3431 neque
3532 3366 3751 3414 noctem

2173 3454 2298 3510 aliis
2346 3452 2603 3508 noctibus
2637 3451 2917 3507 similem?
2966 3449 3073 3505 Sed
3130 3447 3277 3519 quod
3330 3448 3385 3503 in
3424 3448 3528 3503 hac
3578 3447 3755 3519 gratia

2173 3544 2690 3617 praestantissimum
2733 3553 2855 3609 est,
2887 3542 3132 3598 nondum
3168 3540 3584 3612 explicavimus.
3630 3537 3757 3594 Haec

2174 3635 2370 3690 mortis
2420 3633 2637 3689 dolores
2689 3632 2962 3689 dissolvit.
2996 3630 3123 3687 Haec
3152 3639 3496 3686 mortuorum
3552 3629 3755 3701 primo—

2177 3727 2418 3798 genitum
2466 3725 2658 3782 edidit.
2686 3725 2746 3781 ln
2791 3725 2895 3781 hac
2950 3724 3138 3780 ferreas
3178 3725 3369 3780 mortis
3425 3730 3595 3794 portae
3628 3737 3759 3777 eon-

2180 3821 2368 3875 fractae
2405 3828 2554 3876 sunt.
2598 3818 2655 3874 ln
2696 3818 2798 3874 hac
2852 3819 2980 3874 aerei
3028 3818 3329 3873 inferorum
3384 3824 3565 3872 vectes
3615 3830 3760 3870 com.

2181 3912 2404 3968 minuti.
2442 3908 2601 3966 Nunc
2636 3909 2831 3964 mortis
2854 3922 3044 3964 carcer
3072 3908 3340 3977 aperitur.
3370 3905 3530 3961 Nunc
3581 3905 3760 3976 capti-

2181 4005 2270 4059 vis
2306 4003 2533 4058 libertas
2556 4000 2936 4058 denuntiatur.
2966 3998 3127 4055 Nune
3150 4000 3312 4055 caecis
3337 3998 3557 4055 videndi
3581 3997 3753 4052 ιπηι-

2185 4105 2271 4152 tas
2303 4097 2597 4168 praebetur.
2632 4093 2789 4149 Nunc
2841 4093 3029 4149 oriens
3065 4108 3133 4148 ex
3167 4092 3278 4147 alto
3308 4093 3500 4163 invisit
3530 4107 3628 4148 eos
3666 4092 3763 4162 qui

2184 4190 2243 4243 in
2276 4189 2519 4245 tenebris
2564 4196 2621 4243 et
2662 4186 2858 4241 umbra
2899 4185 3097 4241 mortis
3139 4185 3519 4241 considebant.
3583 4182 3766 4239 Vultis

2186 4281 2351 4337 etiam
2383 4280 2450 4335 de
2482 4278 2650 4333 tridui
2712 4277 2982 4349 praefinito
3011 4277 3247 4332 termino
3299 4274 3509 4346 aliquid
3560 4274 3765 4335 intelli-

2188 4374 2359 4445 gere?
2383 4371 2517 4426 Illud
2547 4370 2757 4427 dixisse
2789 4369 3039 4427 contenti
3095 4369 3270 4424 simus
3291 4408 3307 4435 ,
3348 4378 3459 4424 tam
3507 4368 3766 4440 exiguum

2192 4466 2454 4535 temporis
2493 4463 2735 4534 spatium
2774 4462 2944 4520 fuisse
2974 4464 3147 4527 satis,
3182 4472 3241 4516 ut
3269 4462 3622 4531 omnipotens
3676 4474 3767 4514 sa-

518 4582 616 4634 μος
634 4561 795 4632 σοφία
821 4565 878 4616 ὲν
906 4565 972 4634 τῇ
1015 4564 1211 4634 καρδίᾳ
1242 4564 1340 4634 τῆς
1376 4564 1477 4633 γῆς
1515 4565 1779 4635 γενομένη
1804 4564 1832 4617 6
1865 4563 2064 4635 Κύριος

2164 4557 2399 4630 ιρίθιιιία
2454 4556 2513 4612 in
2572 4557 2741 4612 corde
2775 4553 3277 4612 terraeiexsistens
3311 4569 3564 4627 magnam
3618 4552 3769 4607 illam

515 4656 606 4708 τὸν
631 4656 800 4726 μέγαν
829 4655 1034 4708 ἐκεῖνον
1060 4654 1184 4707 νοῦν
1225 4655 1316 4708 τὸν
1352 4657 1408 4707 ὲν
1438 4656 1573 4726 αὐτῇ
1601 4654 1958 4725 διαιτώμενον
1994 4672 2094 4708 κα-

516 4747 858 4815 ταμωρᾶναι.
890 4745 1046 4798 Οὕτω
1073 4745 1183 4816 γὰρ
1211 4748 1240 4799 6
1272 4746 1569 4817 Προφήτης
1594 4747 1756 4801 αὑτὸν
1783 4748 2091 4816 κατονομὼ

520 4837 639 4900 ζει,
676 4837 848 4906 μέγαν
897 4834 1023 4888 νοῦν
1080 4837 1243 4890 αὺτὸν
1292 4838 1580 4892 ἀποκαλῶν
1642 4838 1737 4892 καὶ
1791 4838 2089 4910 Ἀσσύριον

531 4926 684 4980 Ἐπεὶ
731 4922 823 4980 οὖν
856 4925 1008 4978 ἑστία
1032 4925 1114 4988 τίς
1144 4927 1260 4979 ἐστι
1281 4925 1377 4980 τοῦ
1414 4925 1563 4998 νοῦὴ
1596 4928 1790 4998 καρδία
1810 4928 1897 4997 (ὲν
1924 4928 2098 5001 ταύτῃ

518 5020 629 5092 γὰρ
657 5018 718 5072 τὸ
748 5019 1077 5089 ἡγεμονικὸν
1105 5014 1245 5070 εἶναι
1278 5018 1636 5089 πιστεύεται),
1660 5020 1748 5074 διὰ
1769 5021 1925 5074 τοῦτο
1957 5020 2101 5090 γίνε-

2193 4660 2433 4705 mentem
2486 4649 2639 4704 ineo
2671 4648 3008 4703 habitantem
3071 4648 3294 4703 stultam
3354 4646 3626 4701 redderet.
3679 4642 3771 4697 Sic

2191 4742 2338 4797 enim
2369 4740 2526 4795 illum
2575 4739 2824 4795 nominat
2858 4738 3132 4809 Propheta
3157 4779 3172 4802 ,
3219 4753 3472 4808 magnam
3532 4744 3771 4791 mentem

2193 4833 2347 4887 illum
2401 4841 2455 4887 et
2512 4831 2800 4903 Assyrium
2836 4832 3117 4901 appellans
3139 4832 3206 4883 ”.
3269 4829 3545 4895 Quoniam
3609 4826 3772 4895 igitur

2193 4925 2533 4981 domicilium
2589 4923 2867 4995 quoddam
2904 4924 3105 4979 mentis
3135 4930 3221 4979 est
3252 4936 3387 4987 cor;
3424 4921 3479 4975 in
3516 4934 3584 4972 eo
3627 4918 3774 4973 enim

2199 5021 2551 5092 principatus
2597 5019 2771 5074 animi
2811 5034 2935 5075 esse
2959 5018 3202 5073 creditur
3233 5034 3247 5070 :
3279 5014 3488 5068 idcirco
3513 5010 3776 5065 Dominus

519 5130 610 5168 ται
637 5115 694 5165 ὲν
716 5114 780 5184 τῇ
814 5111 1011 5183 καρδίᾳ
1048 5111 1148 5181 τῆς
1201 5112 1305 5181 γῆς
1346 5113 1376 5165 6
1428 5112 1652 5183 Κύριος,
1693 5114 1814 5183 ἥτις
1840 5114 1957 5167 ἐστὶ
2006 5132 2064 5167 το

2200 5122 2384 5169 manet
2412 5114 2466 5167 in
2496 5112 2662 5167 corde
2689 5122 2884 5173 terrae,
2926 5108 3019 5165 ubi
3054 5115 3139 5164 est
3164 5105 3366 5161 mentis
3413 5102 3564 5157 illius
3610 5102 3775 5155 coale-

527 5205 615 5259 νοῦ
679 5205 888 5259 ἐκείνου
930 5205 1178 5275 οὐράνιον
1214 5204 1565 5275 ὲνδιαίτημα’
1604 5205 1745 5259 ὥστε
1779 5207 1877 5277 τὴν
1913 5205 2064 5276 βουλῆ

2203 5214 2286 5261 ste
2308 5204 2673 5268 domicilium,
2712 5211 2772 5257 ut
2808 5201 3103 5257 consilium
3138 5197 3260 5267 ejus
3295 5196 3528 5251 stultum
3560 5192 3776 5254 reddat,

526 5294 691 5348 αὐτοῦ
718 5296 988 5366 μωρᾶναι,
1014 5293 1196 5357 καθὼς
1229 5294 1567 5366 ὁΠροφήτης
1600 5299 1752 5364 φησὶ,
1786 5299 1880 5351 καὶ
1904 5297 2064 5368 δράξο

2205 5304 2265 5350 ut
2322 5296 2399 5350 ait
2466 5297 2777 5367 prepheta,
2838 5305 2891 5348 et
2941 5290 3318 5362 apprehendat
3382 5287 3660 5357 sapientes
3724 5285 3778 5339 in

531 5384 652 5437 σθαι
682 5384 771 5438 τὸν
798 5384 960 5453 σοφὸν
990 5385 1058 5453 ἐν»
1077 5387 1143 5454 τῇ
1198 5386 1502 5457 πανουργίᾳ
1527 5387 1690 5440 αὐτοῦ
1720 5389 1812 5441 καὶ
1852 5391 2064 5459 περιτρέ

2210 5390 2413 5443 astutia
2461 5404 2650 5442 eorum
2676 5388 2755 5455 ³³,
2790 5394 2845 5442 et
2883 5386 3157 5455 sapientes
3186 5383 3432 5452 ipsorum
3465 5387 3696 5434 conatus
3725 5377 3779 5430 in

530 5475 626 5545 ψαι
670 5476 818 5546 αύτῷ
872 5476 1008 5547 πρὶς
1046 5478 1105 5529 τδ
1135 5476 1375 5530 ἐναντίον
1414 5478 1483 5531 τὰ
1527 5480 1663 5547 σοφὰ
1709 5481 2064 5549 ὲγχειρήματο

2210 5480 2549 5535 contrarium
2598 5486 2799 5534 vertat.
2829 5476 2965 5531 Nam
3002 5475 3132 5545 quia
3164 5474 3279 5529 ﬁeri
3310 5487 3421 5527 non
3467 5477 3682 5540 poterat
3721 5475 3779 5522 ut

547 5567 763 5637 Ἐπειδὴ
793 5566 901 5637 γὰρ
942 5568 1222 5637 ἀμήχανον
1250 5562 1318 5638 ἦν
1344 5566 1436 5621 τὸν
1470 5569 1702 5640 ἄρχοντα
1748 5570 1842 5624 τοῦ
1880 5572 2064 5624 σκότου

2212 5575 2468 5645 princeps
2518 5573 2865 5628 tenebrarum
2937 5583 3141 5624 meram
3215 5566 3356 5620 lucis
3423 5561 3772 5632 prmseutiam

610 5680 648 5709 ”
680 5678 843 5734 Zach.
866 5696 975 5739 xw,
1001 5681 1055 5735 7.
1137 5681 1178 5711 ’⁸
1208 5679 1343 5735 Gen.
1381 5697 1419 5738 ι.
1456 5682 1508 5737 5.
1588 5685 1630 5716 ¹⁹
1655 5684 1795 5739 Psal.
1831 5699 1997 5749 cxvn,
2028 5686 2061 5739 ‘2

2218 5687 2264 5718 '°
2296 5684 2397 5742 lsa.
2426 5701 2550 5749 va,
2578 5685 2663 5740 i7.
2761 5686 2803 5717 ἰ
2846 5682 2951 5740 lsa.
2985 5697 3095 5746 LXI,
3154 5679 3241 5735 11.
3335 5679 3381 5710 ’⁸
3418 5676 3523 5738 [58.
3583 5689 3636 5740 Χ,
3675 5672 3776 5742 13;

2218 5687 2264 5718 '°
2296 5684 2397 5742 lsa.
2426 5701 2550 5751 va,
2578 5685 2663 5740 i7.

538 5749 709 5813 "15a.
746 5767 892 5817 xxix,
922 5752 1002 5805 lt.
1080 5751 1125 5782 ’τ’
1159 5748 1262 5807 10b
1296 5767 1346 5815 ν,
1383 5753 1463 5807 15,

2761 5686 2803 5717 ιι
2846 5682 2951 5740 lsa.
2985 5697 3095 5746 LXI,
3154 5679 3241 5735 11.
