  <div class='ocr_page' id='page_1' title='image "/cluster/home/n/w/nwhite01/storage/ocr_20150623/46/nnc1.0046978380/311.png"; bbox 0 0 4154 6354; ppageno 0'>
   <div class='ocr_carea' id='block_1_1' title="bbox 362 314 477 365">
    <p class='ocr_par' dir='ltr' id='par_1_1' title="bbox 362 314 477 365">
     <span class='ocr_line' id='line_1_1' title="bbox 362 314 477 365; baseline -0.035 0"><span class='ocrx_word' id='word_1_1' title='bbox 362 314 477 365; x_wconf 72' lang='grc' dir='ltr'><strong>’6οἹ</strong></span> 
     </span>
    </p>
   </div>
   <div class='ocr_carea' id='block_1_2' title="bbox 1604 307 2361 368">
    <p class='ocr_par' dir='ltr' id='par_1_2' title="bbox 1604 307 2361 368">
     <span class='ocr_line' id='line_1_2' title="bbox 1604 307 2361 368; baseline -0.001 -1"><span class='ocrx_word' id='word_1_2' title='bbox 1604 312 1661 368; x_wconf 86' lang='lat' dir='ltr'><strong>S.</strong></span> <span class='ocrx_word' id='word_1_3' title='bbox 1699 307 2029 367; x_wconf 77' lang='lat' dir='ltr'><strong>GREGORII</strong></span> <span class='ocrx_word' id='word_1_4' title='bbox 2066 309 2361 367; x_wconf 81' lang='lat' dir='ltr'><strong>NYSSENI</strong></span> 
     </span>
    </p>
   </div>
   <div class='ocr_carea' id='block_1_3' title="bbox 3529 304 3633 363">
    <p class='ocr_par' dir='ltr' id='par_1_3' title="bbox 3529 304 3633 363">
     <span class='ocr_line' id='line_1_3' title="bbox 3529 304 3633 363; baseline 0 -1"><span class='ocrx_word' id='word_1_5' title='bbox 3529 304 3633 363; x_wconf 80' lang='lat'><strong>608</strong></span> 
     </span>
    </p>
   </div>
   <div class='ocr_carea' id='block_1_4' title="bbox 374 423 1955 504">
    <p class='ocr_par' dir='ltr' id='par_1_4' title="bbox 374 427 1950 504">
     <span class='ocr_line' id='line_1_4' title="bbox 374 427 1950 504; baseline 0.002 -24"><span class='ocrx_word' id='word_1_6' title='bbox 374 427 704 497; x_wconf 82' lang='lat' dir='ltr'><strong>attingeret,</strong></span> <span class='ocrx_word' id='word_1_7' title='bbox 750 428 857 484; x_wconf 86' lang='lat' dir='ltr'><strong>nisi</strong></span> <span class='ocrx_word' id='word_1_8' title='bbox 913 439 1124 501; x_wconf 85' lang='lat' dir='ltr'><strong>partem</strong></span> <span class='ocrx_word' id='word_1_9' title='bbox 1174 433 1412 504; x_wconf 80' lang='lat' dir='ltr'><strong>aliquam</strong></span> <span class='ocrx_word' id='word_1_10' title='bbox 1472 431 1659 488; x_wconf 88' lang='lat' dir='ltr'><strong>carnis</strong></span> <span class='ocrx_word' id='word_1_11' title='bbox 1708 430 1763 486; x_wconf 91' lang='lat' dir='ltr'><strong>in</strong></span> <span class='ocrx_word' id='word_1_12' title='bbox 1830 429 1950 500; x_wconf 87' lang='lat' dir='ltr'><strong>ipsa</strong></span> 
     </span>
    </p>
   </div>
   <div class='ocr_carea' id='block_1_5' title="bbox 2057 423 3632 504">
    <p class='ocr_par' dir='ltr' id='par_1_5' title="bbox 2057 423 3632 500">
     <span class='ocr_line' id='line_1_5' title="bbox 2057 423 3632 500; baseline -0.005 -18"><span class='ocrx_word' id='word_1_13' title='bbox 2057 427 2276 500; x_wconf 78' lang='grc' dir='ltr'>ἀκράτῳ</span> <span class='ocrx_word' id='word_1_14' title='bbox 2298 425 2596 500; x_wconf 85' lang='grc' dir='ltr'>προσμίξαι</span> <span class='ocrx_word' id='word_1_15' title='bbox 2629 430 2694 499; x_wconf 83' lang='grc' dir='ltr'>τῇ</span> <span class='ocrx_word' id='word_1_16' title='bbox 2728 426 2821 481; x_wconf 83' lang='grc' dir='ltr'><strong>τοῦ</strong></span> <span class='ocrx_word' id='word_1_17' title='bbox 2847 424 3024 496; x_wconf 72' lang='grc' dir='ltr'>φωτὸς</span> <span class='ocrx_word' id='word_1_18' title='bbox 3051 423 3342 495; x_wconf 76' lang='grc' dir='ltr'>παρουσίᾳ,</span> <span class='ocrx_word' id='word_1_19' title='bbox 3377 423 3451 494; x_wconf 83' lang='grc' dir='ltr'>μὴ</span> <span class='ocrx_word' id='word_1_20' title='bbox 3501 440 3632 494; x_wconf 87' lang='grc' dir='ltr'>σαρ-</span> 
     </span>
    </p>
   </div>
   <div class='ocr_carea' id='block_1_6' title="bbox 375 519 1952 595">
    <p class='ocr_par' dir='ltr' id='par_1_6' title="bbox 375 519 1952 595">
     <span class='ocr_line' id='line_1_6' title="bbox 375 519 1952 595; baseline 0 -21"><span class='ocrx_word' id='word_1_21' title='bbox 375 519 792 588; x_wconf 80' lang='lat' dir='ltr'><strong>conspexisset,</strong></span> <span class='ocrx_word' id='word_1_22' title='bbox 846 521 1088 589; x_wconf 84' lang='lat' dir='ltr'><strong>idcirco,</strong></span> <span class='ocrx_word' id='word_1_23' title='bbox 1123 532 1479 595; x_wconf 71' lang='lat' dir='ltr'><strong>posteaquam</strong></span> <span class='ocrx_word' id='word_1_24' title='bbox 1528 524 1771 579; x_wconf 81' lang='lat' dir='ltr'><strong>divinam</strong></span> <span class='ocrx_word' id='word_1_25' title='bbox 1826 536 1952 575; x_wconf 89' lang='lat' dir='ltr'><strong>car-</strong></span> 
     </span>
    </p>
   </div>
   <div class='ocr_carea' id='block_1_7' title="bbox 319 608 1951 686">
    <p class='ocr_par' dir='ltr' id='par_1_7' title="bbox 319 608 1951 686">
     <span class='ocr_line' id='line_1_7' title="bbox 319 608 1951 686; baseline 0.005 -26"><span class='ocrx_word' id='word_1_26' title='bbox 319 677 325 686; x_wconf 26' lang='lat'><em>.</em></span> <span class='ocrx_word' id='word_1_27' title='bbox 377 623 500 662; x_wconf 91' lang='lat' dir='ltr'><strong>nem</strong></span> <span class='ocrx_word' id='word_1_28' title='bbox 534 608 706 675; x_wconf 83' lang='lat' dir='ltr'><strong>vidit,</strong></span> <span class='ocrx_word' id='word_1_29' title='bbox 753 617 808 664; x_wconf 92' lang='lat' dir='ltr'><strong>et</strong></span> <span class='ocrx_word' id='word_1_30' title='bbox 844 626 931 667; x_wconf 88' lang='lat' dir='ltr'><strong>res</strong></span> <span class='ocrx_word' id='word_1_31' title='bbox 974 613 1330 670; x_wconf 87' lang='lat' dir='ltr'><strong>admirandas</strong></span> <span class='ocrx_word' id='word_1_32' title='bbox 1379 630 1500 685; x_wconf 69' lang='lat' dir='ltr'><strong>qum</strong></span> <span class='ocrx_word' id='word_1_33' title='bbox 1534 630 1629 685; x_wconf 88' lang='lat' dir='ltr'><strong>per</strong></span> <span class='ocrx_word' id='word_1_34' title='bbox 1678 613 1854 685; x_wconf 79' lang='lat' dir='ltr'><strong>ipsam</strong></span> <span class='ocrx_word' id='word_1_35' title='bbox 1920 627 1951 668; x_wconf 86' lang='lat' dir='ltr'><strong>a</strong></span> 
     </span>
    </p>
   </div>
   <div class='ocr_carea' id='block_1_8' title="bbox 319 698 1957 776">
    <p class='ocr_par' dir='ltr' id='par_1_8' title="bbox 319 698 1957 776">
     <span class='ocr_line' id='line_1_8' title="bbox 319 698 1957 776; baseline 0.004 -24"><span class='ocrx_word' id='word_1_36' title='bbox 319 698 324 705; x_wconf 83' lang='lat'>&#39;</span> <span class='ocrx_word' id='word_1_37' title='bbox 364 699 662 755; x_wconf 74' lang='lat' dir='ltr'><strong>divinitate</strong></span> <span class='ocrx_word' id='word_1_38' title='bbox 696 698 1106 768; x_wconf 74' lang='lat' dir='ltr'><strong>eﬂiciebautur,</strong></span> <span class='ocrx_word' id='word_1_39' title='bbox 1149 706 1379 776; x_wconf 75' lang='lat' dir='ltr'><strong>aspexit,</strong></span> <span class='ocrx_word' id='word_1_40' title='bbox 1413 705 1687 776; x_wconf 82' lang='lat' dir='ltr'><strong>speravit,</strong></span> <span class='ocrx_word' id='word_1_41' title='bbox 1741 721 1842 769; x_wconf 87' lang='lat' dir='ltr'><strong>se,</strong></span> <span class='ocrx_word' id='word_1_42' title='bbox 1898 704 1957 761; x_wconf 88' lang='lat' dir='ltr'><strong>si.</strong></span> 
     </span>
    </p>
   </div>
   <div class='ocr_carea' id='block_1_9' title="bbox 379 794 1944 863">
    <p class='ocr_par' dir='ltr' id='par_1_9' title="bbox 379 794 1944 863">
     <span class='ocr_line' id='line_1_9' title="bbox 379 794 1944 863; baseline 0.005 -19"><span class='ocrx_word' id='word_1_43' title='bbox 379 800 556 846; x_wconf 87' lang='lat' dir='ltr'><strong>morte</strong></span> <span class='ocrx_word' id='word_1_44' title='bbox 597 806 818 848; x_wconf 88' lang='lat' dir='ltr'><strong>carnem</strong></span> <span class='ocrx_word' id='word_1_45' title='bbox 847 794 1152 860; x_wconf 80' lang='lat' dir='ltr'><strong>atl‘ecisset,</strong></span> <span class='ocrx_word' id='word_1_46' title='bbox 1186 812 1401 853; x_wconf 90' lang='lat' dir='ltr'><strong>omnem</strong></span> <span class='ocrx_word' id='word_1_47' title='bbox 1441 798 1608 853; x_wconf 82' lang='lat' dir='ltr'><strong>etiam</strong></span> <span class='ocrx_word' id='word_1_48' title='bbox 1645 797 1904 852; x_wconf 75' lang='lat' dir='ltr'><strong>virtutem</strong></span> <span class='ocrx_word' id='word_1_49' title='bbox 1927 836 1944 863; x_wconf 89' lang='lat'><strong>,</strong></span> 
     </span>
    </p>
   </div>
   <div class='ocr_carea' id='block_1_10' title="bbox 376 884 1953 959">
    <p class='ocr_par' dir='ltr' id='par_1_10' title="bbox 376 884 1953 959">
     <span class='ocr_line' id='line_1_10' title="bbox 376 884 1953 959; baseline 0.006 -24"><span class='ocrx_word' id='word_1_50' title='bbox 376 896 500 952; x_wconf 65' lang='lat' dir='ltr'><strong>quae</strong></span> <span class='ocrx_word' id='word_1_51' title='bbox 530 885 584 938; x_wconf 91' lang='lat' dir='ltr'><strong>in</strong></span> <span class='ocrx_word' id='word_1_52' title='bbox 633 884 750 955; x_wconf 87' lang='lat' dir='ltr'><strong>ipsa</strong></span> <span class='ocrx_word' id='word_1_53' title='bbox 798 895 958 955; x_wconf 88' lang='lat' dir='ltr'><strong>erat,</strong></span> <span class='ocrx_word' id='word_1_54' title='bbox 990 895 1400 957; x_wconf 90' lang='lat' dir='ltr'><strong>superaturum.</strong></span> <span class='ocrx_word' id='word_1_55' title='bbox 1435 889 1626 959; x_wconf 85' lang='lat' dir='ltr'><strong>Itaque</strong></span> <span class='ocrx_word' id='word_1_56' title='bbox 1687 887 1819 943; x_wconf 91' lang='lat' dir='ltr'><strong>dum</strong></span> <span class='ocrx_word' id='word_1_57' title='bbox 1864 887 1953 945; x_wconf 65' lang='lat' dir='ltr'><strong>in—</strong></span> 
     </span>
    </p>
   </div>
   <div class='ocr_carea' id='block_1_11' title="bbox 379 970 1952 1051">
    <p class='ocr_par' dir='ltr' id='par_1_11' title="bbox 379 970 1952 1051">
     <span class='ocr_line' id='line_1_11' title="bbox 379 970 1952 1051; baseline 0.003 -22"><span class='ocrx_word' id='word_1_58' title='bbox 379 977 536 1032; x_wconf 83' lang='lat' dir='ltr'><strong>hians</strong></span> <span class='ocrx_word' id='word_1_59' title='bbox 556 975 625 1031; x_wconf 84' lang='lat' dir='ltr'><strong>ad</strong></span> <span class='ocrx_word' id='word_1_60' title='bbox 680 980 866 1034; x_wconf 85' lang='lat' dir='ltr'><strong>carnis</strong></span> <span class='ocrx_word' id='word_1_61' title='bbox 914 994 1096 1035; x_wconf 89' lang='lat' dir='ltr'><strong>escam</strong></span> <span class='ocrx_word' id='word_1_62' title='bbox 1135 981 1381 1051; x_wconf 85' lang='lat' dir='ltr'><strong>aspirat,</strong></span> <span class='ocrx_word' id='word_1_63' title='bbox 1430 980 1737 1035; x_wconf 80' lang='lat' dir='ltr'><strong>divinitatis</strong></span> <span class='ocrx_word' id='word_1_64' title='bbox 1786 970 1952 1034; x_wconf 76' lang='lat' dir='ltr'><strong>hamo</strong></span> 
     </span>
    </p>
   </div>
   <div class='ocr_carea' id='block_1_12' title="bbox 364 1069 1951 1142">
    <p class='ocr_par' dir='ltr' id='par_1_12' title="bbox 364 1069 1951 1142">
     <span class='ocr_line' id='line_1_12' title="bbox 364 1069 1951 1142; baseline 0.005 -20"><span class='ocrx_word' id='word_1_65' title='bbox 364 1069 678 1127; x_wconf 79' lang='lat' dir='ltr'><strong>transﬁxus</strong></span> <span class='ocrx_word' id='word_1_66' title='bbox 702 1080 787 1126; x_wconf 89' lang='lat' dir='ltr'><strong>est</strong></span> <span class='ocrx_word' id='word_1_67' title='bbox 807 1112 824 1138; x_wconf 90' lang='lat'><strong>,</strong></span> <span class='ocrx_word' id='word_1_68' title='bbox 860 1081 1023 1142; x_wconf 86' lang='lat' dir='ltr'><strong>atque</strong></span> <span class='ocrx_word' id='word_1_69' title='bbox 1050 1072 1123 1127; x_wconf 85' lang='lat' dir='ltr'><strong>ita</strong></span> <span class='ocrx_word' id='word_1_70' title='bbox 1146 1072 1316 1127; x_wconf 84' lang='lat' dir='ltr'><strong>draco</strong></span> <span class='ocrx_word' id='word_1_71' title='bbox 1367 1087 1466 1142; x_wconf 89' lang='lat' dir='ltr'><strong>per</strong></span> <span class='ocrx_word' id='word_1_72' title='bbox 1490 1070 1716 1126; x_wconf 88' lang='lat' dir='ltr'><strong>hamum</strong></span> <span class='ocrx_word' id='word_1_73' title='bbox 1750 1070 1951 1130; x_wconf 82' lang='lat' dir='ltr'><strong>ductus</strong></span> 
     </span>
    </p>
   </div>
   <div class='ocr_carea' id='block_1_13' title="bbox 374 1160 1949 1234">
    <p class='ocr_par' dir='ltr' id='par_1_13' title="bbox 374 1160 1949 1234">
     <span class='ocr_line' id='line_1_13' title="bbox 374 1160 1949 1234; baseline 0.006 -23"><span class='ocrx_word' id='word_1_74' title='bbox 374 1169 488 1224; x_wconf 72' lang='lat' dir='ltr'><strong>est,</strong></span> <span class='ocrx_word' id='word_1_75' title='bbox 513 1162 666 1216; x_wconf 78' lang='lat' dir='ltr'><strong>urait</strong></span> <span class='ocrx_word' id='word_1_76' title='bbox 698 1160 834 1227; x_wconf 86' lang='lat' dir='ltr'><strong>Job,</strong></span> <span class='ocrx_word' id='word_1_77' title='bbox 875 1163 969 1233; x_wconf 87' lang='lat' dir='ltr'><strong>qui</strong></span> <span class='ocrx_word' id='word_1_78' title='bbox 1004 1178 1102 1234; x_wconf 88' lang='lat' dir='ltr'><strong>per</strong></span> <span class='ocrx_word' id='word_1_79' title='bbox 1145 1179 1235 1227; x_wconf 87' lang='lat' dir='ltr'><strong>se,</strong></span> <span class='ocrx_word' id='word_1_80' title='bbox 1288 1162 1436 1234; x_wconf 88' lang='lat' dir='ltr'><strong>quod</strong></span> <span class='ocrx_word' id='word_1_81' title='bbox 1494 1162 1740 1219; x_wconf 79' lang='lat' dir='ltr'><strong>futurum</strong></span> <span class='ocrx_word' id='word_1_82' title='bbox 1797 1174 1949 1232; x_wconf 89' lang='lat' dir='ltr'><strong>erat,</strong></span> 
     </span>
    </p>
   </div>
   <div class='ocr_carea' id='block_1_14' title="bbox 378 1252 1948 1325">
    <p class='ocr_par' dir='ltr' id='par_1_14' title="bbox 378 1252 1948 1325">
     <span class='ocr_line' id='line_1_14' title="bbox 378 1252 1948 1325; baseline 0.006 -24"><span class='ocrx_word' id='word_1_83' title='bbox 378 1252 787 1321; x_wconf 67' lang='lat' dir='ltr'><strong>praenuntiam,</strong></span> <span class='ocrx_word' id='word_1_84' title='bbox 830 1254 1044 1318; x_wconf 77' lang='lat' dir='ltr'><strong>ﬂama,</strong></span> <span class='ocrx_word' id='word_1_85' title='bbox 1103 1254 1314 1325; x_wconf 76' lang='lat' dir='ltr'><strong>inquit,</strong></span> <span class='ocrx_word' id='word_1_86' title='bbox 1374 1254 1656 1310; x_wconf 77' lang='lat' dir='ltr'><strong>draconem</strong></span> <span class='ocrx_word' id='word_1_87' title='bbox 1698 1255 1855 1311; x_wconf 72' lang='lat' dir='ltr'><strong>duces</strong></span> <span class='ocrx_word' id='word_1_88' title='bbox 1879 1256 1948 1311; x_wconf 76' lang='lat'><strong>“.</strong></span> 
     </span>
    </p>
   </div>
   <div class='ocr_carea' id='block_1_15' title="bbox 378 1341 1948 1417">
    <p class='ocr_par' dir='ltr' id='par_1_15' title="bbox 378 1341 1948 1417">
     <span class='ocr_line' id='line_1_15' title="bbox 378 1341 1948 1417; baseline 0.007 -26"><span class='ocrx_word' id='word_1_89' title='bbox 378 1341 680 1398; x_wconf 70' lang='lat' dir='ltr'><strong>Audiamus</strong></span> <span class='ocrx_word' id='word_1_90' title='bbox 708 1352 887 1398; x_wconf 88' lang='lat' dir='ltr'><strong>autem</strong></span> <span class='ocrx_word' id='word_1_91' title='bbox 917 1360 947 1397; x_wconf 90' lang='lat' dir='ltr'><strong>a</strong></span> <span class='ocrx_word' id='word_1_92' title='bbox 997 1346 1260 1415; x_wconf 83' lang='lat' dir='ltr'><strong>propheta</strong></span> <span class='ocrx_word' id='word_1_93' title='bbox 1283 1384 1300 1411; x_wconf 89' lang='lat'><strong>,</strong></span> <span class='ocrx_word' id='word_1_94' title='bbox 1335 1360 1587 1417; x_wconf 71' lang='lat' dir='ltr'><strong>quaenam</strong></span> <span class='ocrx_word' id='word_1_95' title='bbox 1636 1357 1796 1401; x_wconf 87' lang='lat' dir='ltr'><strong>erant</strong></span> <span class='ocrx_word' id='word_1_96' title='bbox 1845 1362 1948 1414; x_wconf 88' lang='lat' dir='ltr'><strong>ea,</strong></span> 
     </span>
    </p>
   </div>
   <div class='ocr_carea' id='block_1_16' title="bbox 376 1435 1951 1502">
    <p class='ocr_par' dir='ltr' id='par_1_16' title="bbox 376 1435 1951 1502">
     <span class='ocr_line' id='line_1_16' title="bbox 376 1435 1951 1502; baseline 0.005 -16"><span class='ocrx_word' id='word_1_97' title='bbox 376 1448 498 1502; x_wconf 66' lang='lat' dir='ltr'><strong>quae</strong></span> <span class='ocrx_word' id='word_1_98' title='bbox 530 1448 628 1489; x_wconf 87' lang='lat' dir='ltr'><strong>cor</strong></span> <span class='ocrx_word' id='word_1_99' title='bbox 683 1435 828 1490; x_wconf 86' lang='lat' dir='ltr'><strong>istud</strong></span> <span class='ocrx_word' id='word_1_100' title='bbox 864 1444 1028 1491; x_wconf 64' lang='lat' dir='ltr'><strong>terra;</strong></span> <span class='ocrx_word' id='word_1_101' title='bbox 1079 1436 1345 1494; x_wconf 80' lang='lat' dir='ltr'><strong>adversus</strong></span> <span class='ocrx_word' id='word_1_102' title='bbox 1406 1439 1725 1495; x_wconf 84' lang='lat' dir='ltr'><strong>universum</strong></span> <span class='ocrx_word' id='word_1_103' title='bbox 1776 1439 1951 1495; x_wconf 86' lang='lat' dir='ltr'><strong>inibat</strong></span> 
     </span>
    </p>
   </div>
   <div class='ocr_carea' id='block_1_17' title="bbox 377 1522 1949 1587">
    <p class='ocr_par' dir='ltr' id='par_1_17' title="bbox 377 1522 1949 1587">
     <span class='ocr_line' id='line_1_17' title="bbox 377 1522 1949 1587; baseline 0.007 -16"><span class='ocrx_word' id='word_1_104' title='bbox 377 1522 645 1587; x_wconf 60' lang='lat' dir='ltr'><strong>consilia,</strong></span> <span class='ocrx_word' id='word_1_105' title='bbox 709 1538 833 1577; x_wconf 92' lang='lat' dir='ltr'><strong>cum</strong></span> <span class='ocrx_word' id='word_1_106' title='bbox 889 1525 1153 1581; x_wconf 81' lang='lat' dir='ltr'><strong>adversus</strong></span> <span class='ocrx_word' id='word_1_107' title='bbox 1205 1525 1421 1581; x_wconf 86' lang='lat' dir='ltr'><strong>Domini</strong></span> <span class='ocrx_word' id='word_1_108' title='bbox 1466 1540 1692 1582; x_wconf 87' lang='lat' dir='ltr'><strong>carnem</strong></span> <span class='ocrx_word' id='word_1_109' title='bbox 1763 1527 1949 1582; x_wconf 77' lang='lat' dir='ltr'><strong>fauces</strong></span> 
     </span>
    </p>
   </div>
   <div class='ocr_carea' id='block_1_18' title="bbox 378 1611 1949 1684">
    <p class='ocr_par' dir='ltr' id='par_1_18' title="bbox 378 1611 1949 1684">
     <span class='ocr_line' id='line_1_18' title="bbox 378 1611 1949 1684; baseline 0.006 -20"><span class='ocrx_word' id='word_1_110' title='bbox 378 1615 615 1681; x_wconf 84' lang='lat' dir='ltr'><strong>aperuit.</strong></span> <span class='ocrx_word' id='word_1_111' title='bbox 656 1611 797 1679; x_wconf 83' lang='lat' dir='ltr'><strong>Quid</strong></span> <span class='ocrx_word' id='word_1_112' title='bbox 839 1614 893 1668; x_wconf 91' lang='lat' dir='ltr'><strong>in</strong></span> <span class='ocrx_word' id='word_1_113' title='bbox 948 1632 1074 1669; x_wconf 88' lang='lat' dir='ltr'><strong>cum</strong></span> <span class='ocrx_word' id='word_1_114' title='bbox 1104 1616 1240 1670; x_wconf 87' lang='lat' dir='ltr'><strong>dicit</strong></span> <span class='ocrx_word' id='word_1_115' title='bbox 1290 1614 1500 1684; x_wconf 76' lang='lat' dir='ltr'><strong>Isaias,</strong></span> <span class='ocrx_word' id='word_1_116' title='bbox 1555 1619 1704 1674; x_wconf 91' lang='lat' dir='ltr'><strong>illius</strong></span> <span class='ocrx_word' id='word_1_117' title='bbox 1762 1619 1949 1674; x_wconf 86' lang='lat' dir='ltr'><strong>redar—</strong></span> 
     </span>
    </p>
   </div>
   <div class='ocr_carea' id='block_1_19' title="bbox 2056 512 3634 591">
    <p class='ocr_par' dir='ltr' id='par_1_19' title="bbox 2056 512 3634 591">
     <span class='ocr_line' id='line_1_19' title="bbox 2056 512 3634 591; baseline -0.004 -17"><span class='ocrx_word' id='word_1_118' title='bbox 2056 519 2153 584; x_wconf 87' lang='grc' dir='ltr'><strong>κός</strong></span> <span class='ocrx_word' id='word_1_119' title='bbox 2195 537 2316 575; x_wconf 86' lang='grc' dir='ltr'>τινα</span> <span class='ocrx_word' id='word_1_120' title='bbox 2371 522 2564 591; x_wconf 83' lang='grc' dir='ltr'>μοῖραν</span> <span class='ocrx_word' id='word_1_121' title='bbox 2613 520 2967 591; x_wconf 79' lang='grc' dir='ltr'><strong>θεωρήσαντα</strong></span> <span class='ocrx_word' id='word_1_122' title='bbox 3004 517 3062 570; x_wconf 88' lang='grc' dir='ltr'><strong>ἐν</strong></span> <span class='ocrx_word' id='word_1_123' title='bbox 3099 515 3277 585; x_wconf 82' lang='grc' dir='ltr'>ἐαυτῷ</span> <span class='ocrx_word' id='word_1_124' title='bbox 3314 532 3326 544; x_wconf 91' lang='grc'><strong>·</strong></span> <span class='ocrx_word' id='word_1_125' title='bbox 3355 515 3443 569; x_wconf 79' lang='grc' dir='ltr'>διὰ</span> <span class='ocrx_word' id='word_1_126' title='bbox 3474 512 3634 568; x_wconf 87' lang='grc' dir='ltr'>τοῦτο</span> 
     </span>
    </p>
   </div>
   <div class='ocr_carea' id='block_1_20' title="bbox 2054 607 3634 685">
    <p class='ocr_par' dir='ltr' id='par_1_20' title="bbox 2054 607 3634 685">
     <span class='ocr_line' id='line_1_20' title="bbox 2054 607 3634 685; baseline -0.004 -19"><span class='ocrx_word' id='word_1_127' title='bbox 2054 612 2133 676; x_wconf 82' lang='grc' dir='ltr'>ὡς</span> <span class='ocrx_word' id='word_1_128' title='bbox 2152 610 2260 667; x_wconf 79' lang='grc' dir='ltr'>εἶδε</span> <span class='ocrx_word' id='word_1_129' title='bbox 2282 613 2380 685; x_wconf 85' lang='grc' dir='ltr'><strong>τὴν</strong></span> <span class='ocrx_word' id='word_1_130' title='bbox 2411 612 2668 683; x_wconf 85' lang='grc' dir='ltr'>θεοφόρον</span> <span class='ocrx_word' id='word_1_131' title='bbox 2698 612 2899 683; x_wconf 83' lang='grc' dir='ltr'>σάρκα,</span> <span class='ocrx_word' id='word_1_132' title='bbox 2923 607 3031 664; x_wconf 83' lang='grc' dir='ltr'>εῑδε</span> <span class='ocrx_word' id='word_1_133' title='bbox 3073 608 3131 662; x_wconf 86' lang='grc' dir='ltr'><strong>δέ</strong></span> <span class='ocrx_word' id='word_1_134' title='bbox 3158 610 3255 663; x_wconf 79' lang='grc' dir='ltr'><strong>καὶ</strong></span> <span class='ocrx_word' id='word_1_135' title='bbox 3281 608 3351 661; x_wconf 83' lang='grc' dir='ltr'>τὰ</span> <span class='ocrx_word' id='word_1_136' title='bbox 3378 608 3507 678; x_wconf 87' lang='grc' dir='ltr'>παρ’</span> <span class='ocrx_word' id='word_1_137' title='bbox 3534 607 3634 662; x_wconf 84' lang='grc' dir='ltr'>αύ-</span> 
     </span>
    </p>
   </div>
   <div class='ocr_carea' id='block_1_21' title="bbox 2054 699 3632 776">
    <p class='ocr_par' dir='ltr' id='par_1_21' title="bbox 2054 699 3632 776">
     <span class='ocr_line' id='line_1_21' title="bbox 2054 699 3632 776; baseline -0.003 -20"><span class='ocrx_word' id='word_1_138' title='bbox 2054 704 2153 775; x_wconf 86' lang='grc' dir='ltr'>τῆς</span> <span class='ocrx_word' id='word_1_139' title='bbox 2177 703 2543 776; x_wconf 83' lang='grc' dir='ltr'>ἐνεργούμενα</span> <span class='ocrx_word' id='word_1_140' title='bbox 2579 705 2679 774; x_wconf 87' lang='grc' dir='ltr'><strong>τῆς</strong></span> <span class='ocrx_word' id='word_1_141' title='bbox 2711 701 2962 774; x_wconf 83' lang='grc' dir='ltr'><strong>θεότητος</strong></span> <span class='ocrx_word' id='word_1_142' title='bbox 2992 701 3266 772; x_wconf 89' lang='grc' dir='ltr'>θαύματα,</span> <span class='ocrx_word' id='word_1_143' title='bbox 3300 700 3549 771; x_wconf 71' lang='grc' dir='ltr'>ἤλπισεν,</span> <span class='ocrx_word' id='word_1_144' title='bbox 3582 699 3632 751; x_wconf 85' lang='grc' dir='ltr'><strong>εί</strong></span> 
     </span>
    </p>
   </div>
   <div class='ocr_carea' id='block_1_22' title="bbox 2054 790 3635 867">
    <p class='ocr_par' dir='ltr' id='par_1_22' title="bbox 2054 790 3635 867">
     <span class='ocr_line' id='line_1_22' title="bbox 2054 790 3635 867; baseline -0.003 -20"><span class='ocrx_word' id='word_1_145' title='bbox 2054 793 2154 864; x_wconf 80' lang='grc' dir='ltr'>τῆς</span> <span class='ocrx_word' id='word_1_146' title='bbox 2188 793 2387 867; x_wconf 81' lang='grc' dir='ltr'>σαρκὸς</span> <span class='ocrx_word' id='word_1_147' title='bbox 2426 793 2514 847; x_wconf 83' lang='grc' dir='ltr'>διὰ</span> <span class='ocrx_word' id='word_1_148' title='bbox 2539 793 2635 847; x_wconf 85' lang='grc' dir='ltr'><strong>τοῦ</strong></span> <span class='ocrx_word' id='word_1_149' title='bbox 2686 792 2919 847; x_wconf 85' lang='grc' dir='ltr'>θανάτου</span> <span class='ocrx_word' id='word_1_150' title='bbox 2963 792 3290 864; x_wconf 84' lang='grc' dir='ltr'>κρατήσειε,</span> <span class='ocrx_word' id='word_1_151' title='bbox 3323 792 3418 845; x_wconf 76' lang='grc' dir='ltr'><strong>καὶ</strong></span> <span class='ocrx_word' id='word_1_152' title='bbox 3452 790 3635 860; x_wconf 88' lang='grc' dir='ltr'>πάσης</span> 
     </span>
    </p>
   </div>
   <div class='ocr_carea' id='block_1_23' title="bbox 2053 882 3634 957">
    <p class='ocr_par' dir='ltr' id='par_1_23' title="bbox 2053 882 3634 957">
     <span class='ocr_line' id='line_1_23' title="bbox 2053 882 3634 957; baseline -0.004 -16"><span class='ocrx_word' id='word_1_153' title='bbox 2053 886 2152 957; x_wconf 84' lang='grc' dir='ltr'>τῆς</span> <span class='ocrx_word' id='word_1_154' title='bbox 2179 888 2236 940; x_wconf 88' lang='grc' dir='ltr'><strong>ἐν</strong></span> <span class='ocrx_word' id='word_1_155' title='bbox 2261 887 2396 957; x_wconf 84' lang='grc' dir='ltr'>αὐτῇ</span> <span class='ocrx_word' id='word_1_156' title='bbox 2430 887 2728 957; x_wconf 83' lang='grc' dir='ltr'>κρατήσειν</span> <span class='ocrx_word' id='word_1_157' title='bbox 2768 884 3069 956; x_wconf 85' lang='grc' dir='ltr'>δυνάμεως.</span> <span class='ocrx_word' id='word_1_158' title='bbox 3104 884 3214 937; x_wconf 79' lang='grc' dir='ltr'>Καὶ</span> <span class='ocrx_word' id='word_1_159' title='bbox 3256 882 3446 936; x_wconf 88' lang='grc' dir='ltr'>τούτου</span> <span class='ocrx_word' id='word_1_160' title='bbox 3475 883 3634 953; x_wconf 78' lang='grc' dir='ltr'>χάριν</span> 
     </span>
    </p>
   </div>
   <div class='ocr_carea' id='block_1_24' title="bbox 2053 973 3634 1050">
    <p class='ocr_par' dir='ltr' id='par_1_24' title="bbox 2053 973 3634 1050">
     <span class='ocr_line' id='line_1_24' title="bbox 2053 973 3634 1050; baseline -0.004 -18"><span class='ocrx_word' id='word_1_161' title='bbox 2053 977 2114 1032; x_wconf 81' lang='grc' dir='ltr'>τὸ</span> <span class='ocrx_word' id='word_1_162' title='bbox 2140 978 2236 1049; x_wconf 82' lang='grc' dir='ltr'>τῆς</span> <span class='ocrx_word' id='word_1_163' title='bbox 2287 978 2486 1050; x_wconf 83' lang='grc' dir='ltr'>σαρκὸς</span> <span class='ocrx_word' id='word_1_164' title='bbox 2514 978 2705 1050; x_wconf 82' lang='grc' dir='ltr'>δέλεαρ</span> <span class='ocrx_word' id='word_1_165' title='bbox 2750 976 3089 1049; x_wconf 79' lang='grc' dir='ltr'>περιχανὼν,</span> <span class='ocrx_word' id='word_1_166' title='bbox 3119 975 3196 1047; x_wconf 81' lang='grc' dir='ltr'>τῷ</span> <span class='ocrx_word' id='word_1_167' title='bbox 3248 975 3347 1045; x_wconf 77' lang='grc' dir='ltr'>τῆς</span> <span class='ocrx_word' id='word_1_168' title='bbox 3380 973 3634 1042; x_wconf 82' lang='grc' dir='ltr'>θεότητος</span> 
     </span>
    </p>
   </div>
   <div class='ocr_carea' id='block_1_25' title="bbox 2054 1059 3633 1139">
    <p class='ocr_par' dir='ltr' id='par_1_25' title="bbox 2054 1059 3633 1139">
     <span class='ocr_line' id='line_1_25' title="bbox 2054 1059 3633 1139; baseline -0.006 -18"><span class='ocrx_word' id='word_1_169' title='bbox 2054 1067 2335 1139; x_wconf 79' lang='grc' dir='ltr'><strong>ἀγκίστρῳ</strong></span> <span class='ocrx_word' id='word_1_170' title='bbox 2372 1067 2705 1138; x_wconf 81' lang='grc' dir='ltr'>περιεπάρη,</span> <span class='ocrx_word' id='word_1_171' title='bbox 2734 1066 2830 1120; x_wconf 78' lang='grc' dir='ltr'>καὶ</span> <span class='ocrx_word' id='word_1_172' title='bbox 2866 1063 3040 1128; x_wconf 72' lang='grc' dir='ltr'>οὕτως</span> <span class='ocrx_word' id='word_1_173' title='bbox 3065 1063 3208 1135; x_wconf 82' lang='grc' dir='ltr'>ήχθη</span> <span class='ocrx_word' id='word_1_174' title='bbox 3233 1063 3264 1117; x_wconf 82' lang='grc' dir='ltr'><strong>δ</strong></span> <span class='ocrx_word' id='word_1_175' title='bbox 3293 1060 3510 1131; x_wconf 86' lang='grc' dir='ltr'>δράκων</span> <span class='ocrx_word' id='word_1_176' title='bbox 3541 1059 3633 1113; x_wconf 83' lang='grc' dir='ltr'>διὰ</span> 
     </span>
    </p>
   </div>
   <div class='ocr_carea' id='block_1_26' title="bbox 2050 1153 3633 1230">
    <p class='ocr_par' dir='ltr' id='par_1_26' title="bbox 2050 1153 3633 1230">
     <span class='ocr_line' id='line_1_26' title="bbox 2050 1153 3633 1230; baseline -0.003 -19"><span class='ocrx_word' id='word_1_177' title='bbox 2050 1158 2146 1212; x_wconf 90' lang='grc' dir='ltr'><strong>τοῦ</strong></span> <span class='ocrx_word' id='word_1_178' title='bbox 2180 1158 2508 1230; x_wconf 71' lang='grc' dir='ltr'>ἀγκίστρου,</span> <span class='ocrx_word' id='word_1_179' title='bbox 2543 1158 2723 1223; x_wconf 82' lang='grc' dir='ltr'>καθώς</span> <span class='ocrx_word' id='word_1_180' title='bbox 2749 1175 2913 1229; x_wconf 86' lang='grc' dir='ltr'>φησιν</span> <span class='ocrx_word' id='word_1_181' title='bbox 2939 1159 2969 1211; x_wconf 85' lang='grc' dir='ltr'><strong>ὁ</strong></span> <span class='ocrx_word' id='word_1_182' title='bbox 3021 1154 3159 1221; x_wconf 86' lang='grc' dir='ltr'>Ἰὼϐ,</span> <span class='ocrx_word' id='word_1_183' title='bbox 3181 1158 3210 1209; x_wconf 85' lang='grc' dir='ltr'><strong>ό</strong></span> <span class='ocrx_word' id='word_1_184' title='bbox 3238 1153 3633 1227; x_wconf 89' lang='grc' dir='ltr'>προαναφωνή-</span> 
     </span>
    </p>
   </div>
   <div class='ocr_carea' id='block_1_27' title="bbox 2057 1245 3633 1322">
    <p class='ocr_par' dir='ltr' id='par_1_27' title="bbox 2057 1245 3633 1322">
     <span class='ocr_line' id='line_1_27' title="bbox 2057 1245 3633 1322; baseline -0.003 -20"><span class='ocrx_word' id='word_1_185' title='bbox 2057 1266 2156 1313; x_wconf 88' lang='grc' dir='ltr'>σας</span> <span class='ocrx_word' id='word_1_186' title='bbox 2197 1250 2265 1302; x_wconf 86' lang='grc' dir='ltr'>δι’</span> <span class='ocrx_word' id='word_1_187' title='bbox 2299 1249 2462 1304; x_wconf 83' lang='grc' dir='ltr'>αὐτοῦ</span> <span class='ocrx_word' id='word_1_188' title='bbox 2511 1250 2571 1304; x_wconf 83' lang='grc' dir='ltr'><strong>τὸ</strong></span> <span class='ocrx_word' id='word_1_189' title='bbox 2609 1249 2866 1322; x_wconf 85' lang='grc' dir='ltr'>ἐσόμενον</span> <span class='ocrx_word' id='word_1_190' title='bbox 2892 1291 2909 1316; x_wconf 90' lang='grc'><strong>,</strong></span> <span class='ocrx_word' id='word_1_191' title='bbox 2942 1248 3144 1318; x_wconf 85' lang='grc' dir='ltr'>λέγων,</span> <span class='ocrx_word' id='word_1_192' title='bbox 3171 1249 3254 1301; x_wconf 83' lang='grc' dir='ltr'>ὅτι</span> <span class='ocrx_word' id='word_1_193' title='bbox 3295 1246 3497 1312; x_wconf 79' lang='grc' dir='ltr'>Ἀξεις</span> <span class='ocrx_word' id='word_1_194' title='bbox 3523 1245 3633 1298; x_wconf 84' lang='grc' dir='ltr'>τὸν</span> 
     </span>
    </p>
   </div>
   <div class='ocr_carea' id='block_1_28' title="bbox 2054 1336 3633 1412">
    <p class='ocr_par' dir='ltr' id='par_1_28' title="bbox 2054 1336 3633 1412">
     <span class='ocr_line' id='line_1_28' title="bbox 2054 1336 3633 1412; baseline -0.003 -18"><span class='ocrx_word' id='word_1_195' title='bbox 2054 1339 2350 1409; x_wconf 81' lang='grc' dir='ltr'>δράκοντα</span> <span class='ocrx_word' id='word_1_196' title='bbox 2392 1341 2465 1395; x_wconf 78' lang='grc' dir='ltr'><strong>ἐν</strong></span> <span class='ocrx_word' id='word_1_197' title='bbox 2515 1342 2832 1412; x_wconf 75' lang='grc' dir='ltr'>ἀγκίστρῳ.</span> <span class='ocrx_word' id='word_1_198' title='bbox 2870 1340 3219 1408; x_wconf 81' lang='grc' dir='ltr'>Ἀκούσωμεν</span> <span class='ocrx_word' id='word_1_199' title='bbox 3259 1338 3317 1392; x_wconf 84' lang='grc' dir='ltr'>δὲ</span> <span class='ocrx_word' id='word_1_200' title='bbox 3354 1337 3504 1408; x_wconf 84' lang='grc' dir='ltr'>παρὰ</span> <span class='ocrx_word' id='word_1_201' title='bbox 3531 1336 3633 1402; x_wconf 84' lang='grc' dir='ltr'>τῆς</span> 
     </span>
    </p>
   </div>
   <div class='ocr_carea' id='block_1_29' title="bbox 2051 1427 3632 1505">
    <p class='ocr_par' dir='ltr' id='par_1_29' title="bbox 2051 1427 3632 1505">
     <span class='ocr_line' id='line_1_29' title="bbox 2051 1427 3632 1505; baseline 0.004 -21"><span class='ocrx_word' id='word_1_202' title='bbox 2051 1429 2146 1484; x_wconf 85' lang='grc' dir='ltr'><strong>τοῦ</strong></span> <span class='ocrx_word' id='word_1_203' title='bbox 2170 1433 2455 1504; x_wconf 84' lang='grc' dir='ltr'>Προφήτου</span> <span class='ocrx_word' id='word_1_204' title='bbox 2490 1433 2675 1505; x_wconf 82' lang='grc' dir='ltr'>φωνῆς</span> <span class='ocrx_word' id='word_1_205' title='bbox 2697 1475 2713 1501; x_wconf 89' lang='grc'><strong>,</strong></span> <span class='ocrx_word' id='word_1_206' title='bbox 2746 1432 2870 1487; x_wconf 86' lang='grc' dir='ltr'>τίνα</span> <span class='ocrx_word' id='word_1_207' title='bbox 2903 1428 2997 1504; x_wconf 80' lang='grc' dir='ltr'>ἦν,</span> <span class='ocrx_word' id='word_1_208' title='bbox 3030 1430 3067 1486; x_wconf 81' lang='lat' dir='ltr'><strong>a</strong></span> <span class='ocrx_word' id='word_1_209' title='bbox 3099 1431 3133 1501; x_wconf 88' lang='grc' dir='ltr'><strong>ή</strong></span> <span class='ocrx_word' id='word_1_210' title='bbox 3169 1428 3366 1501; x_wconf 83' lang='grc' dir='ltr'>καρδία</span> <span class='ocrx_word' id='word_1_211' title='bbox 3397 1429 3498 1498; x_wconf 78' lang='grc' dir='ltr'><strong>τῆς</strong></span> <span class='ocrx_word' id='word_1_212' title='bbox 3527 1427 3632 1495; x_wconf 85' lang='grc' dir='ltr'><strong>γῆς</strong></span> 
     </span>
    </p>
   </div>
   <div class='ocr_carea' id='block_1_30' title="bbox 2053 1517 3632 1590">
    <p class='ocr_par' dir='ltr' id='par_1_30' title="bbox 2053 1517 3632 1590">
     <span class='ocr_line' id='line_1_30' title="bbox 2053 1517 3632 1590; baseline -0.003 -14"><span class='ocrx_word' id='word_1_213' title='bbox 2053 1522 2190 1590; x_wconf 73' lang='grc' dir='ltr'>αὕτη</span> <span class='ocrx_word' id='word_1_214' title='bbox 2218 1523 2365 1578; x_wconf 83' lang='grc' dir='ltr'>κατὰ</span> <span class='ocrx_word' id='word_1_215' title='bbox 2406 1523 2502 1578; x_wconf 88' lang='grc' dir='ltr'><strong>τοῦ</strong></span> <span class='ocrx_word' id='word_1_216' title='bbox 2556 1525 2761 1589; x_wconf 85' lang='grc' dir='ltr'>παντὸς</span> <span class='ocrx_word' id='word_1_217' title='bbox 2791 1522 3183 1587; x_wconf 86' lang='grc' dir='ltr'>ἐϐουλεύσατο,</span> <span class='ocrx_word' id='word_1_218' title='bbox 3208 1522 3298 1576; x_wconf 81' lang='grc' dir='ltr'><strong>ὅτε</strong></span> <span class='ocrx_word' id='word_1_219' title='bbox 3343 1517 3484 1573; x_wconf 85' lang='grc' dir='ltr'>κατὰ</span> <span class='ocrx_word' id='word_1_220' title='bbox 3533 1520 3632 1587; x_wconf 77' lang='grc' dir='ltr'>τῆς</span> 
     </span>
    </p>
   </div>
   <div class='ocr_carea' id='block_1_31' title="bbox 2053 1607 3632 1687">
    <p class='ocr_par' dir='ltr' id='par_1_31' title="bbox 2053 1607 3632 1687">
     <span class='ocr_line' id='line_1_31' title="bbox 2053 1607 3632 1687; baseline -0.003 -20"><span class='ocrx_word' id='word_1_221' title='bbox 2053 1615 2259 1686; x_wconf 87' lang='grc' dir='ltr'>σαρκὸς</span> <span class='ocrx_word' id='word_1_222' title='bbox 2295 1614 2387 1669; x_wconf 87' lang='grc' dir='ltr'><strong>τοῦ</strong></span> <span class='ocrx_word' id='word_1_223' title='bbox 2414 1616 2622 1687; x_wconf 79' lang='grc' dir='ltr'>Κυρίου</span> <span class='ocrx_word' id='word_1_224' title='bbox 2653 1615 2715 1669; x_wconf 85' lang='grc' dir='ltr'><strong>τὸ</strong></span> <span class='ocrx_word' id='word_1_225' title='bbox 2738 1615 2914 1686; x_wconf 85' lang='grc' dir='ltr'>στόμα</span> <span class='ocrx_word' id='word_1_226' title='bbox 2959 1613 3158 1687; x_wconf 78' lang='grc' dir='ltr'>ήνοιξε.</span> <span class='ocrx_word' id='word_1_227' title='bbox 3190 1613 3256 1666; x_wconf 89' lang='grc' dir='ltr'>Τί</span> <span class='ocrx_word' id='word_1_228' title='bbox 3299 1611 3451 1680; x_wconf 81' lang='grc' dir='ltr'>λέγει</span> <span class='ocrx_word' id='word_1_229' title='bbox 3495 1607 3632 1680; x_wconf 78' lang='grc' dir='ltr'>πρὸς</span> 
     </span>
    </p>
   </div>
   <div class='ocr_carea' id='block_1_32' title="bbox 375 1701 1955 1778">
    <p class='ocr_par' dir='ltr' id='par_1_32' title="bbox 375 1706 1948 1778">
     <span class='ocr_line' id='line_1_32' title="bbox 375 1706 1948 1778; baseline 0.005 -21"><span class='ocrx_word' id='word_1_230' title='bbox 375 1721 549 1772; x_wconf 62' lang='grc' dir='ltr'>μυρηε</span> <span class='ocrx_word' id='word_1_231' title='bbox 583 1706 862 1778; x_wconf 75' lang='lat' dir='ltr'><strong>cogitata?</strong></span> <span class='ocrx_word' id='word_1_232' title='bbox 892 1706 971 1762; x_wconf 88' lang='lat' dir='ltr'><strong>Tu</strong></span> <span class='ocrx_word' id='word_1_233' title='bbox 1011 1707 1201 1763; x_wconf 72' lang='lat' dir='ltr'><strong>dixisti</strong></span> <span class='ocrx_word' id='word_1_234' title='bbox 1227 1709 1284 1762; x_wconf 87' lang='lat' dir='ltr'><strong>in</strong></span> <span class='ocrx_word' id='word_1_235' title='bbox 1301 1709 1458 1765; x_wconf 81' lang='lat' dir='ltr'><strong>corde</strong></span> <span class='ocrx_word' id='word_1_236' title='bbox 1488 1722 1578 1765; x_wconf 83' lang='lat' dir='ltr'><strong>tuo</strong></span> <span class='ocrx_word' id='word_1_237' title='bbox 1607 1728 1626 1766; x_wconf 92' lang='lat'><em>:</em></span> <span class='ocrx_word' id='word_1_238' title='bbox 1660 1710 1730 1765; x_wconf 83' lang='lat' dir='ltr'><strong>In</strong></span> <span class='ocrx_word' id='word_1_239' title='bbox 1758 1712 1948 1765; x_wconf 65' lang='lat' dir='ltr'><strong>cretum</strong></span> 
     </span>
    </p>
   </div>
   <div class='ocr_carea' id='block_1_33' title="bbox 2057 1701 3634 1778">
    <p class='ocr_par' dir='ltr' id='par_1_33' title="bbox 2057 1701 3634 1777">
     <span class='ocr_line' id='line_1_33' title="bbox 2057 1701 3634 1777; baseline 0.001 -21"><span class='ocrx_word' id='word_1_240' title='bbox 2057 1703 2219 1758; x_wconf 80' lang='grc' dir='ltr'>αὐτὸν</span> <span class='ocrx_word' id='word_1_241' title='bbox 2262 1705 2491 1770; x_wconf 74' lang='grc' dir='ltr'>Ἡσαΐας</span> <span class='ocrx_word' id='word_1_242' title='bbox 2523 1707 2759 1777; x_wconf 80' lang='grc' dir='ltr'>ἐλέγχων</span> <span class='ocrx_word' id='word_1_243' title='bbox 2781 1706 2942 1760; x_wconf 80' lang='grc' dir='ltr'>αὐτόν</span> <span class='ocrx_word' id='word_1_244' title='bbox 2960 1724 2975 1773; x_wconf 89' lang='grc'>;</span> <span class='ocrx_word' id='word_1_245' title='bbox 2994 1705 3079 1760; x_wconf 88' lang='grc' dir='ltr'><strong>Σὺ</strong></span> <span class='ocrx_word' id='word_1_246' title='bbox 3098 1701 3271 1770; x_wconf 78' lang='grc' dir='ltr'>εἴπας</span> <span class='ocrx_word' id='word_1_247' title='bbox 3294 1704 3365 1758; x_wconf 85' lang='grc' dir='ltr'><strong>ἐν</strong></span> <span class='ocrx_word' id='word_1_248' title='bbox 3385 1701 3463 1770; x_wconf 75' lang='grc' dir='ltr'>τῇ</span> <span class='ocrx_word' id='word_1_249' title='bbox 3493 1716 3634 1768; x_wconf 82' lang='grc' dir='ltr'>καρ-</span> 
     </span>
    </p>
   </div>
   <div class='ocr_carea' id='block_1_34' title="bbox 377 1773 1955 1869">
    <p class='ocr_par' dir='ltr' id='par_1_34' title="bbox 377 1796 1953 1869">
     <span class='ocr_line' id='line_1_34' title="bbox 377 1796 1953 1869; baseline 0.003 -19"><span class='ocrx_word' id='word_1_250' title='bbox 377 1796 699 1859; x_wconf 80' lang='lat' dir='ltr'><strong>ascendant.</strong></span> <span class='ocrx_word' id='word_1_251' title='bbox 737 1813 894 1866; x_wconf 74' lang='lat' dir='ltr'><strong>super</strong></span> <span class='ocrx_word' id='word_1_252' title='bbox 933 1809 1083 1853; x_wconf 78' lang='lat' dir='ltr'><strong>astra</strong></span> <span class='ocrx_word' id='word_1_253' title='bbox 1122 1800 1239 1854; x_wconf 67' lang='lat' dir='ltr'><strong>caeli</strong></span> <span class='ocrx_word' id='word_1_254' title='bbox 1284 1815 1479 1869; x_wconf 73' lang='lat' dir='ltr'><strong>ponam</strong></span> <span class='ocrx_word' id='word_1_255' title='bbox 1526 1802 1721 1856; x_wconf 73' lang='lat' dir='ltr'><strong>solium</strong></span> <span class='ocrx_word' id='word_1_256' title='bbox 1780 1819 1953 1856; x_wconf 88' lang='lat' dir='ltr'><strong>meum</strong></span> 
     </span>
    </p>
   </div>
   <div class='ocr_carea' id='block_1_35' title="bbox 2057 1773 3635 1869">
    <p class='ocr_par' dir='ltr' id='par_1_35' title="bbox 2057 1773 3635 1865">
     <span class='ocr_line' id='line_1_35' title="bbox 2057 1773 3635 1865; baseline -0.005 -15"><span class='ocrx_word' id='word_1_257' title='bbox 2057 1792 2155 1863; x_wconf 79' lang='grc' dir='ltr'>δίᾳ</span> <span class='ocrx_word' id='word_1_258' title='bbox 2191 1809 2308 1850; x_wconf 87' lang='grc' dir='ltr'><strong>σου</strong></span> <span class='ocrx_word' id='word_1_259' title='bbox 2332 1814 2346 1828; x_wconf 75' lang='grc' dir='ltr'><strong>ο</strong></span> <span class='ocrx_word' id='word_1_260' title='bbox 2391 1798 2495 1863; x_wconf 84' lang='grc' dir='ltr'>Είς</span> <span class='ocrx_word' id='word_1_261' title='bbox 2538 1773 2952 1864; x_wconf 24' lang='grc' dir='ltr'>τὸν-τούρανὸν</span> <span class='ocrx_word' id='word_1_262' title='bbox 2985 1795 3362 1865; x_wconf 70' lang='grc' dir='ltr'>ἀναϐήσομαι</span> <span class='ocrx_word' id='word_1_263' title='bbox 3387 1831 3402 1857; x_wconf 96' lang='grc'><strong>,</strong></span> <span class='ocrx_word' id='word_1_264' title='bbox 3435 1790 3635 1846; x_wconf 82' lang='grc' dir='ltr'>ἐπάνω</span> 
     </span>
    </p>
   </div>
   <div class='ocr_carea' id='block_1_36' title="bbox 377 1888 1954 1965">
    <p class='ocr_par' dir='ltr' id='par_1_36' title="bbox 377 1888 1954 1965">
     <span class='ocr_line' id='line_1_36' title="bbox 377 1888 1954 1965; baseline 0.003 -24"><span class='ocrx_word' id='word_1_265' title='bbox 377 1888 654 1956; x_wconf 83' lang='lat' dir='ltr'><strong>(sedeboin</strong></span> <span class='ocrx_word' id='word_1_266' title='bbox 678 1902 852 1944; x_wconf 85' lang='lat' dir='ltr'><strong>monte</strong></span> <span class='ocrx_word' id='word_1_267' title='bbox 898 1890 1108 1946; x_wconf 73' lang='lat' dir='ltr'><strong>excelso</strong></span> <span class='ocrx_word' id='word_1_268' title='bbox 1152 1907 1315 1961; x_wconf 80' lang='lat' dir='ltr'><strong>supra</strong></span> <span class='ocrx_word' id='word_1_269' title='bbox 1336 1895 1495 1947; x_wconf 73' lang='lat' dir='ltr'><strong>nubes</strong></span> <span class='ocrx_word' id='word_1_270' title='bbox 1555 1893 1954 1965; x_wconf 72' lang='lat' dir='ltr'><strong>conscendam),</strong></span> 
     </span>
    </p>
   </div>
   <div class='ocr_carea' id='block_1_37' title="bbox 361 1981 1956 2043">
    <p class='ocr_par' dir='ltr' id='par_1_37' title="bbox 361 1981 1956 2043">
     <span class='ocr_line' id='line_1_37' title="bbox 361 1981 1956 2043; baseline 0.006 -11"><span class='ocrx_word' id='word_1_271' title='bbox 361 1989 426 2033; x_wconf 61' lang='grc' dir='ltr'><strong>ει</strong></span> <span class='ocrx_word' id='word_1_272' title='bbox 455 1996 545 2034; x_wconf 88' lang='lat' dir='ltr'><strong>ero</strong></span> <span class='ocrx_word' id='word_1_273' title='bbox 575 1981 766 2039; x_wconf 76' lang='lat' dir='ltr'><strong>similis</strong></span> <span class='ocrx_word' id='word_1_274' title='bbox 797 1982 1077 2038; x_wconf 81' lang='lat' dir='ltr'><strong>Allissimo</strong></span> <span class='ocrx_word' id='word_1_275' title='bbox 1101 1985 1169 2037; x_wconf 85' lang='lat'><strong>“.</strong></span> <span class='ocrx_word' id='word_1_276' title='bbox 1209 1984 1337 2040; x_wconf 76' lang='lat' dir='ltr'><strong>llaec</strong></span> <span class='ocrx_word' id='word_1_277' title='bbox 1374 2002 1562 2042; x_wconf 84' lang='lat' dir='ltr'><strong>secum</strong></span> <span class='ocrx_word' id='word_1_278' title='bbox 1625 1989 1956 2043; x_wconf 87' lang='lat' dir='ltr'><strong>sceleratum</strong></span> 
     </span>
    </p>
   </div>
   <div class='ocr_carea' id='block_1_38' title="bbox 374 2074 1956 2151">
    <p class='ocr_par' dir='ltr' id='par_1_38' title="bbox 374 2074 1956 2151">
     <span class='ocr_line' id='line_1_38' title="bbox 374 2074 1956 2151; baseline 0.008 -26"><span class='ocrx_word' id='word_1_279' title='bbox 374 2088 472 2126; x_wconf 81' lang='lat' dir='ltr'><strong>cor</strong></span> <span class='ocrx_word' id='word_1_280' title='bbox 505 2074 806 2143; x_wconf 80' lang='lat' dir='ltr'><strong>cogitabat.</strong></span> <span class='ocrx_word' id='word_1_281' title='bbox 840 2075 980 2132; x_wconf 85' lang='lat' dir='ltr'><strong>Ante</strong></span> <span class='ocrx_word' id='word_1_282' title='bbox 1019 2091 1188 2142; x_wconf 86' lang='lat' dir='ltr'><strong>vero,</strong></span> <span class='ocrx_word' id='word_1_283' title='bbox 1245 2080 1376 2149; x_wconf 84' lang='lat' dir='ltr'><strong>quid</strong></span> <span class='ocrx_word' id='word_1_284' title='bbox 1432 2095 1628 2151; x_wconf 78' lang='lat' dir='ltr'><strong>magna</strong></span> <span class='ocrx_word' id='word_1_285' title='bbox 1665 2080 1757 2136; x_wconf 89' lang='lat' dir='ltr'><strong>illa</strong></span> <span class='ocrx_word' id='word_1_286' title='bbox 1799 2096 1956 2137; x_wconf 86' lang='lat' dir='ltr'><strong>mens</strong></span> 
     </span>
    </p>
   </div>
   <div class='ocr_carea' id='block_1_39' title="bbox 374 2163 1955 2243">
    <p class='ocr_par' dir='ltr' id='par_1_39' title="bbox 374 2163 1955 2243">
     <span class='ocr_line' id='line_1_39' title="bbox 374 2163 1955 2243; baseline 0.007 -27"><span class='ocrx_word' id='word_1_287' title='bbox 374 2163 431 2218; x_wconf 89' lang='lat' dir='ltr'><strong>in</strong></span> <span class='ocrx_word' id='word_1_288' title='bbox 474 2165 723 2232; x_wconf 88' lang='lat' dir='ltr'><strong>malitia,</strong></span> <span class='ocrx_word' id='word_1_289' title='bbox 780 2167 910 2237; x_wconf 85' lang='lat' dir='ltr'><strong>quid</strong></span> <span class='ocrx_word' id='word_1_290' title='bbox 969 2168 1259 2239; x_wconf 87' lang='lat' dir='ltr'><strong>improbus</strong></span> <span class='ocrx_word' id='word_1_291' title='bbox 1309 2171 1401 2226; x_wconf 90' lang='lat' dir='ltr'><strong>illc</strong></span> <span class='ocrx_word' id='word_1_292' title='bbox 1450 2171 1715 2243; x_wconf 85' lang='lat' dir='ltr'><strong>Assyrius</strong></span> <span class='ocrx_word' id='word_1_293' title='bbox 1767 2186 1955 2229; x_wconf 89' lang='lat' dir='ltr'><strong>secum</strong></span> 
     </span>
    </p>
   </div>
   <div class='ocr_carea' id='block_1_40' title="bbox 375 2251 1949 2333">
    <p class='ocr_par' dir='ltr' id='par_1_40' title="bbox 375 2251 1949 2333">
     <span class='ocr_line' id='line_1_40' title="bbox 375 2251 1949 2333; baseline 0.008 -30"><span class='ocrx_word' id='word_1_294' title='bbox 375 2251 495 2319; x_wconf 88' lang='lat' dir='ltr'><strong>ipse</strong></span> <span class='ocrx_word' id='word_1_295' title='bbox 518 2251 837 2321; x_wconf 85' lang='lat' dir='ltr'><strong>loqueretur</strong></span> <span class='ocrx_word' id='word_1_296' title='bbox 860 2297 875 2321; x_wconf 90' lang='lat'><strong>,</strong></span> <span class='ocrx_word' id='word_1_297' title='bbox 902 2272 968 2311; x_wconf 82' lang='lat' dir='ltr'><strong>ex</strong></span> <span class='ocrx_word' id='word_1_298' title='bbox 987 2255 1141 2312; x_wconf 67' lang='lat' dir='ltr'><strong>Isaiae</strong></span> <span class='ocrx_word' id='word_1_299' title='bbox 1176 2258 1306 2313; x_wconf 88' lang='lat' dir='ltr'><strong>item</strong></span> <span class='ocrx_word' id='word_1_300' title='bbox 1335 2261 1516 2317; x_wconf 83' lang='lat' dir='ltr'><strong>verbis</strong></span> <span class='ocrx_word' id='word_1_301' title='bbox 1543 2261 1949 2333; x_wconf 84' lang='lat' dir='ltr'><strong>intelligamus:</strong></span> 
     </span>
    </p>
   </div>
   <div class='ocr_carea' id='block_1_41' title="bbox 376 2343 1957 2424">
    <p class='ocr_par' dir='ltr' id='par_1_41' title="bbox 376 2343 1957 2424">
     <span class='ocr_line' id='line_1_41' title="bbox 376 2343 1957 2424; baseline 0.009 -29"><span class='ocrx_word' id='word_1_302' title='bbox 376 2344 533 2407; x_wconf 73' lang='lat' dir='ltr'><strong>Dixi,</strong></span> <span class='ocrx_word' id='word_1_303' title='bbox 559 2343 901 2402; x_wconf 84' lang='lat' dir='ltr'><strong>Fortitudiue</strong></span> <span class='ocrx_word' id='word_1_304' title='bbox 950 2365 1137 2406; x_wconf 76' lang='lat' dir='ltr'><strong>manus</strong></span> <span class='ocrx_word' id='word_1_305' title='bbox 1177 2368 1303 2406; x_wconf 69' lang='lat' dir='ltr'><strong>metu</strong></span> <span class='ocrx_word' id='word_1_306' title='bbox 1329 2352 1527 2420; x_wconf 86' lang='lat' dir='ltr'><strong>faciam</strong></span> <span class='ocrx_word' id='word_1_307' title='bbox 1546 2394 1565 2421; x_wconf 86' lang='lat'><strong>,</strong></span> <span class='ocrx_word' id='word_1_308' title='bbox 1593 2364 1644 2409; x_wconf 86' lang='lat' dir='ltr'><strong>et</strong></span> <span class='ocrx_word' id='word_1_309' title='bbox 1672 2354 1957 2424; x_wconf 76' lang='lat' dir='ltr'><strong>prudentia</strong></span> 
     </span>
    </p>
   </div>
   <div class='ocr_carea' id='block_1_42' title="bbox 366 2435 1955 2514">
    <p class='ocr_par' dir='ltr' id='par_1_42' title="bbox 366 2435 1955 2514">
     <span class='ocr_line' id='line_1_42' title="bbox 366 2435 1955 2514; baseline 0.006 -27"><span class='ocrx_word' id='word_1_310' title='bbox 366 2435 650 2501; x_wconf 69' lang='lat' dir='ltr'><strong>sapientia:</strong></span> <span class='ocrx_word' id='word_1_311' title='bbox 666 2453 794 2491; x_wconf 75' lang='lat' dir='ltr'><strong>mea:</strong></span> <span class='ocrx_word' id='word_1_312' title='bbox 828 2440 1078 2493; x_wconf 80' lang='lat' dir='ltr'><strong>terminus</strong></span> <span class='ocrx_word' id='word_1_313' title='bbox 1110 2441 1343 2509; x_wconf 83' lang='lat' dir='ltr'><strong>gentium</strong></span> <span class='ocrx_word' id='word_1_314' title='bbox 1379 2444 1659 2513; x_wconf 88' lang='lat' dir='ltr'><strong>auferam,</strong></span> <span class='ocrx_word' id='word_1_315' title='bbox 1704 2453 1755 2498; x_wconf 83' lang='lat' dir='ltr'><strong>et</strong></span> <span class='ocrx_word' id='word_1_316' title='bbox 1797 2442 1955 2514; x_wconf 84' lang='lat' dir='ltr'><strong>forti-</strong></span> 
     </span>
    </p>
   </div>
   <div class='ocr_carea' id='block_1_43' title="bbox 369 2528 1958 2599">
    <p class='ocr_par' dir='ltr' id='par_1_43' title="bbox 369 2528 1958 2599">
     <span class='ocr_line' id='line_1_43' title="bbox 369 2528 1958 2599; baseline 0.009 -22"><span class='ocrx_word' id='word_1_317' title='bbox 369 2528 610 2582; x_wconf 64' lang='lat' dir='ltr'><strong>tudinem</strong></span> <span class='ocrx_word' id='word_1_318' title='bbox 654 2545 834 2584; x_wconf 80' lang='lat' dir='ltr'><strong>eorum</strong></span> <span class='ocrx_word' id='word_1_319' title='bbox 860 2531 1177 2599; x_wconf 76' lang='lat' dir='ltr'><strong>prwdabor,</strong></span> <span class='ocrx_word' id='word_1_320' title='bbox 1204 2545 1255 2588; x_wconf 79' lang='lat' dir='ltr'><strong>et</strong></span> <span class='ocrx_word' id='word_1_321' title='bbox 1291 2536 1596 2589; x_wconf 75' lang='lat' dir='ltr'><strong>concutiant</strong></span> <span class='ocrx_word' id='word_1_322' title='bbox 1652 2538 1807 2590; x_wconf 71' lang='lat' dir='ltr'><strong>urbe:</strong></span> <span class='ocrx_word' id='word_1_323' title='bbox 1855 2537 1958 2592; x_wconf 80' lang='lat' dir='ltr'><strong>Ita-</strong></span> 
     </span>
    </p>
   </div>
   <div class='ocr_carea' id='block_1_44' title="bbox 375 2620 1957 2697">
    <p class='ocr_par' dir='ltr' id='par_1_44' title="bbox 375 2620 1957 2697">
     <span class='ocr_line' id='line_1_44' title="bbox 375 2620 1957 2697; baseline 0.009 -27"><span class='ocrx_word' id='word_1_324' title='bbox 375 2620 572 2673; x_wconf 72' lang='lat' dir='ltr'><strong>bitatas</strong></span> <span class='ocrx_word' id='word_1_325' title='bbox 593 2660 607 2683; x_wconf 88' lang='lat'><strong>,</strong></span> <span class='ocrx_word' id='word_1_326' title='bbox 638 2630 687 2674; x_wconf 84' lang='lat' dir='ltr'><strong>et</strong></span> <span class='ocrx_word' id='word_1_327' title='bbox 722 2621 900 2676; x_wconf 88' lang='lat' dir='ltr'><strong>orbem</strong></span> <span class='ocrx_word' id='word_1_328' title='bbox 931 2635 1199 2678; x_wconf 85' lang='lat' dir='ltr'><strong>terrarum</strong></span> <span class='ocrx_word' id='word_1_329' title='bbox 1230 2626 1534 2682; x_wconf 74' lang='lat' dir='ltr'><strong>universum</strong></span> <span class='ocrx_word' id='word_1_330' title='bbox 1580 2637 1841 2697; x_wconf 81' lang='lat' dir='ltr'><strong>tanquam</strong></span> <span class='ocrx_word' id='word_1_331' title='bbox 1870 2634 1957 2684; x_wconf 88' lang='lat' dir='ltr'><strong>ni-</strong></span> 
     </span>
    </p>
   </div>
   <div class='ocr_carea' id='block_1_45' title="bbox 366 2711 1956 2788">
    <p class='ocr_par' dir='ltr' id='par_1_45' title="bbox 366 2711 1956 2788">
     <span class='ocr_line' id='line_1_45' title="bbox 366 2711 1956 2788; baseline 0.01 -26"><span class='ocrx_word' id='word_1_332' title='bbox 366 2711 501 2764; x_wconf 76' lang='lat' dir='ltr'><strong>.dum</strong></span> <span class='ocrx_word' id='word_1_333' title='bbox 531 2714 997 2783; x_wconf 84' lang='lat' dir='ltr'><strong>comprehendam,</strong></span> <span class='ocrx_word' id='word_1_334' title='bbox 1021 2725 1072 2769; x_wconf 85' lang='lat' dir='ltr'><strong>et</strong></span> <span class='ocrx_word' id='word_1_335' title='bbox 1111 2726 1367 2788; x_wconf 82' lang='lat' dir='ltr'><strong>tanquam</strong></span> <span class='ocrx_word' id='word_1_336' title='bbox 1410 2736 1511 2774; x_wconf 87' lang='lat' dir='ltr'><strong>ova</strong></span> <span class='ocrx_word' id='word_1_337' title='bbox 1558 2719 1813 2777; x_wconf 72' lang='lat' dir='ltr'><strong>derelicta</strong></span> <span class='ocrx_word' id='word_1_338' title='bbox 1853 2724 1956 2778; x_wconf 79' lang='grc' dir='ltr'>ιοι-</span> 
     </span>
    </p>
   </div>
   <div class='ocr_carea' id='block_1_46' title="bbox 366 2802 1955 2879">
    <p class='ocr_par' dir='ltr' id='par_1_46' title="bbox 366 2802 1955 2879">
     <span class='ocr_line' id='line_1_46' title="bbox 366 2802 1955 2879; baseline 0.012 -26"><span class='ocrx_word' id='word_1_339' title='bbox 366 2802 513 2867; x_wconf 68' lang='grc' dir='ltr'><strong>⁴ίαηι,</strong></span> <span class='ocrx_word' id='word_1_340' title='bbox 549 2813 600 2857; x_wconf 84' lang='lat' dir='ltr'><strong>et</strong></span> <span class='ocrx_word' id='word_1_341' title='bbox 626 2822 730 2861; x_wconf 87' lang='lat' dir='ltr'><strong>nan</strong></span> <span class='ocrx_word' id='word_1_342' title='bbox 757 2808 857 2861; x_wconf 82' lang='lat' dir='ltr'><strong>erit</strong></span> <span class='ocrx_word' id='word_1_343' title='bbox 896 2809 987 2879; x_wconf 88' lang='lat' dir='ltr'><strong>qui</strong></span> <span class='ocrx_word' id='word_1_344' title='bbox 1038 2809 1258 2879; x_wconf 77' lang='lat' dir='ltr'><strong>effugiat</strong></span> <span class='ocrx_word' id='word_1_345' title='bbox 1303 2826 1413 2875; x_wconf 78' lang='lat' dir='ltr'><strong>me,</strong></span> <span class='ocrx_word' id='word_1_346' title='bbox 1481 2821 1576 2866; x_wconf 87' lang='lat' dir='ltr'><strong>aut</strong></span> <span class='ocrx_word' id='word_1_347' title='bbox 1618 2815 1955 2872; x_wconf 76' lang='lat' dir='ltr'><strong>contradicat</strong></span> 
     </span>
    </p>
   </div>
   <div class='ocr_carea' id='block_1_47' title="bbox 322 2892 1958 2978">
    <p class='ocr_par' dir='ltr' id='par_1_47' title="bbox 322 2892 1958 2978">
     <span class='ocr_line' id='line_1_47' title="bbox 322 2892 1958 2978; baseline 0.012 -34"><span class='ocrx_word' id='word_1_348' title='bbox 322 2892 335 2902; x_wconf 78' lang='grc'><strong>⁸</strong></span> <span class='ocrx_word' id='word_1_349' title='bbox 376 2893 506 2947; x_wconf 83' lang='lat' dir='ltr'><strong>mihi</strong></span> <span class='ocrx_word' id='word_1_350' title='bbox 522 2895 588 2949; x_wconf 78' lang='lat'><strong>&quot;.</strong></span> <span class='ocrx_word' id='word_1_351' title='bbox 627 2896 740 2952; x_wconf 85' lang='lat' dir='ltr'><strong>llac</strong></span> <span class='ocrx_word' id='word_1_352' title='bbox 773 2899 863 2954; x_wconf 88' lang='lat' dir='ltr'><strong>ille</strong></span> <span class='ocrx_word' id='word_1_353' title='bbox 922 2915 1019 2971; x_wconf 88' lang='lat' dir='ltr'><strong>spe</strong></span> <span class='ocrx_word' id='word_1_354' title='bbox 1067 2901 1354 2973; x_wconf 89' lang='lat' dir='ltr'><strong>deceptus,</strong></span> <span class='ocrx_word' id='word_1_355' title='bbox 1418 2919 1542 2958; x_wconf 91' lang='lat' dir='ltr'><strong>eum</strong></span> <span class='ocrx_word' id='word_1_356' title='bbox 1582 2905 1678 2976; x_wconf 89' lang='lat' dir='ltr'><strong>qui</strong></span> <span class='ocrx_word' id='word_1_357' title='bbox 1732 2917 1958 2978; x_wconf 86' lang='lat' dir='ltr'><strong>propter</strong></span> 
     </span>
    </p>
   </div>
   <div class='ocr_carea' id='block_1_48' title="bbox 2062 1884 3635 1958">
    <p class='ocr_par' dir='ltr' id='par_1_48' title="bbox 2062 1884 3635 1958">
     <span class='ocr_line' id='line_1_48' title="bbox 2062 1884 3635 1958; baseline -0.003 -17"><span class='ocrx_word' id='word_1_358' title='bbox 2062 1887 2182 1942; x_wconf 84' lang='grc' dir='ltr'>τῶν</span> <span class='ocrx_word' id='word_1_359' title='bbox 2221 1888 2495 1958; x_wconf 73' lang='grc' dir='ltr'>νεφελῶν</span> <span class='ocrx_word' id='word_1_360' title='bbox 2523 1887 2690 1956; x_wconf 86' lang='grc' dir='ltr'>θήσω</span> <span class='ocrx_word' id='word_1_361' title='bbox 2741 1887 2852 1942; x_wconf 86' lang='grc' dir='ltr'>τὸν</span> <span class='ocrx_word' id='word_1_362' title='bbox 2874 1889 3090 1957; x_wconf 78' lang='grc' dir='ltr'>θρόνον</span> <span class='ocrx_word' id='word_1_363' title='bbox 3124 1903 3265 1957; x_wconf 85' lang='grc' dir='ltr'>μου,</span> <span class='ocrx_word' id='word_1_364' title='bbox 3292 1885 3391 1940; x_wconf 77' lang='grc' dir='ltr'><strong>καί</strong></span> <span class='ocrx_word' id='word_1_365' title='bbox 3418 1884 3635 1954; x_wconf 79' lang='grc' dir='ltr'>ἔσομαι</span> 
     </span>
    </p>
   </div>
   <div class='ocr_carea' id='block_1_49' title="bbox 2057 1975 3631 2051">
    <p class='ocr_par' dir='ltr' id='par_1_49' title="bbox 2057 1975 3631 2051">
     <span class='ocr_line' id='line_1_49' title="bbox 2057 1975 3631 2051; baseline -0.003 -19"><span class='ocrx_word' id='word_1_366' title='bbox 2057 1980 2259 2049; x_wconf 82' lang='grc' dir='ltr'>ὅμοιος</span> <span class='ocrx_word' id='word_1_367' title='bbox 2290 1980 2371 2046; x_wconf 86' lang='grc' dir='ltr'>τῷ</span> <span class='ocrx_word' id='word_1_368' title='bbox 2423 1980 2714 2050; x_wconf 59' lang='grc' dir='ltr'>’Υψίστιμ</span> <span class='ocrx_word' id='word_1_369' title='bbox 2758 1978 2946 2035; x_wconf 87' lang='grc' dir='ltr'>Ταῦτα</span> <span class='ocrx_word' id='word_1_370' title='bbox 2973 1981 3007 2051; x_wconf 88' lang='grc' dir='ltr'><strong>ή</strong></span> <span class='ocrx_word' id='word_1_371' title='bbox 3041 1977 3256 2050; x_wconf 83' lang='grc' dir='ltr'>πονηρὰ</span> <span class='ocrx_word' id='word_1_372' title='bbox 3282 1976 3480 2050; x_wconf 86' lang='grc' dir='ltr'>καρδία</span> <span class='ocrx_word' id='word_1_373' title='bbox 3508 1975 3631 2030; x_wconf 82' lang='grc' dir='ltr'>καθ’</span> 
     </span>
    </p>
   </div>
   <div class='ocr_carea' id='block_1_50' title="bbox 2056 2065 3635 2144">
    <p class='ocr_par' dir='ltr' id='par_1_50' title="bbox 2056 2065 3635 2144">
     <span class='ocr_line' id='line_1_50' title="bbox 2056 2065 3635 2144; baseline -0.002 -20"><span class='ocrx_word' id='word_1_374' title='bbox 2056 2071 2257 2144; x_wconf 75' lang='grc' dir='ltr'>ἑαυτῆς</span> <span class='ocrx_word' id='word_1_375' title='bbox 2284 2071 2662 2126; x_wconf 81' lang='grc' dir='ltr'>ἐϐουλεύσατο.</span> <span class='ocrx_word' id='word_1_376' title='bbox 2683 2071 2795 2125; x_wconf 74' lang='grc' dir='ltr'>Καὶ</span> <span class='ocrx_word' id='word_1_377' title='bbox 2823 2069 2905 2124; x_wconf 70' lang='grc' dir='ltr'>ἔτι</span> <span class='ocrx_word' id='word_1_378' title='bbox 2936 2069 3045 2142; x_wconf 80' lang='grc' dir='ltr'><strong>πρὸ</strong></span> <span class='ocrx_word' id='word_1_379' title='bbox 3064 2069 3289 2132; x_wconf 88' lang='grc' dir='ltr'>τούτων,</span> <span class='ocrx_word' id='word_1_380' title='bbox 3311 2069 3340 2121; x_wconf 83' lang='grc' dir='ltr'>ὁ</span> <span class='ocrx_word' id='word_1_381' title='bbox 3375 2065 3549 2138; x_wconf 83' lang='grc' dir='ltr'>μέγας</span> <span class='ocrx_word' id='word_1_382' title='bbox 3577 2066 3635 2116; x_wconf 80' lang='grc' dir='ltr'><strong>ἐν</strong></span> 
     </span>
    </p>
   </div>
   <div class='ocr_carea' id='block_1_51' title="bbox 2056 2156 3634 2234">
    <p class='ocr_par' dir='ltr' id='par_1_51' title="bbox 2056 2156 3634 2234">
     <span class='ocr_line' id='line_1_51' title="bbox 2056 2156 3634 2234; baseline -0.004 -18"><span class='ocrx_word' id='word_1_383' title='bbox 2056 2162 2226 2233; x_wconf 75' lang='grc' dir='ltr'>κακίᾳ</span> <span class='ocrx_word' id='word_1_384' title='bbox 2246 2160 2390 2228; x_wconf 84' lang='grc' dir='ltr'>νοῦς,</span> <span class='ocrx_word' id='word_1_385' title='bbox 2408 2163 2437 2215; x_wconf 85' lang='grc' dir='ltr'>ὁ</span> <span class='ocrx_word' id='word_1_386' title='bbox 2468 2161 2704 2234; x_wconf 77' lang='grc' dir='ltr'>πονηρὸς</span> <span class='ocrx_word' id='word_1_387' title='bbox 2740 2160 3045 2231; x_wconf 68' lang='grc' dir='ltr'>Ἀσσύριος,</span> <span class='ocrx_word' id='word_1_388' title='bbox 3067 2157 3155 2214; x_wconf 78' lang='grc' dir='ltr'>οἷα</span> <span class='ocrx_word' id='word_1_389' title='bbox 3181 2159 3317 2232; x_wconf 82' lang='grc' dir='ltr'>πρὸς</span> <span class='ocrx_word' id='word_1_390' title='bbox 3344 2156 3506 2213; x_wconf 79' lang='grc' dir='ltr'>αὐτὸν</span> <span class='ocrx_word' id='word_1_391' title='bbox 3549 2156 3634 2210; x_wconf 80' lang='grc' dir='ltr'>δι·-</span> 
     </span>
    </p>
   </div>
   <div class='ocr_carea' id='block_1_52' title="bbox 2055 2250 3633 2325">
    <p class='ocr_par' dir='ltr' id='par_1_52' title="bbox 2055 2250 3633 2325">
     <span class='ocr_line' id='line_1_52' title="bbox 2055 2250 3633 2325; baseline -0.002 -19"><span class='ocrx_word' id='word_1_392' title='bbox 2055 2252 2225 2324; x_wconf 82' lang='grc' dir='ltr'>εξῄει,</span> <span class='ocrx_word' id='word_1_393' title='bbox 2272 2253 2592 2325; x_wconf 80' lang='grc' dir='ltr'>ἀκούσωμεν</span> <span class='ocrx_word' id='word_1_394' title='bbox 2621 2253 2784 2307; x_wconf 84' lang='grc' dir='ltr'>πάλιν</span> <span class='ocrx_word' id='word_1_395' title='bbox 2817 2256 2883 2308; x_wconf 86' lang='grc' dir='ltr'><strong>ἐκ</strong></span> <span class='ocrx_word' id='word_1_396' title='bbox 2911 2254 3012 2325; x_wconf 85' lang='grc' dir='ltr'>τῆς</span> <span class='ocrx_word' id='word_1_397' title='bbox 3055 2253 3278 2308; x_wconf 76' lang='grc' dir='ltr'>Ἡσαΐου</span> <span class='ocrx_word' id='word_1_398' title='bbox 3308 2250 3526 2322; x_wconf 81' lang='grc' dir='ltr'>φωνῆς’</span> <span class='ocrx_word' id='word_1_399' title='bbox 3562 2250 3633 2303; x_wconf 80' lang='grc' dir='ltr'><strong>Ἃ</strong></span> 
     </span>
    </p>
   </div>
   <div class='ocr_carea' id='block_1_53' title="bbox 2057 2338 3635 2425">
    <p class='ocr_par' dir='ltr' id='par_1_53' title="bbox 2057 2338 3635 2425">
     <span class='ocr_line' id='line_1_53' title="bbox 2057 2338 3635 2425; baseline 0.001 -16"><span class='ocrx_word' id='word_1_400' title='bbox 2057 2350 2188 2410; x_wconf 76' lang='grc' dir='ltr'>εἷπε</span> <span class='ocrx_word' id='word_1_401' title='bbox 2211 2371 2226 2387; x_wconf 75' lang='grc'><strong><em>⁸</em></strong></span> <span class='ocrx_word' id='word_1_402' title='bbox 2258 2353 2343 2424; x_wconf 79' lang='grc' dir='ltr'><strong>Τῇ</strong></span> <span class='ocrx_word' id='word_1_403' title='bbox 2385 2356 2561 2425; x_wconf 82' lang='grc' dir='ltr'>ισχύῖ</span> <span class='ocrx_word' id='word_1_404' title='bbox 2601 2353 2710 2423; x_wconf 84' lang='grc' dir='ltr'>τῆς</span> <span class='ocrx_word' id='word_1_405' title='bbox 2759 2352 2958 2424; x_wconf 83' lang='grc' dir='ltr'>χειρός</span> <span class='ocrx_word' id='word_1_406' title='bbox 2986 2366 3107 2420; x_wconf 87' lang='grc' dir='ltr'><strong>μου</strong></span> <span class='ocrx_word' id='word_1_407' title='bbox 3137 2344 3402 2410; x_wconf 71' lang='grc' dir='ltr'>ποιήσων</span> <span class='ocrx_word' id='word_1_408' title='bbox 3422 2340 3523 2397; x_wconf 66' lang='grc' dir='ltr'><strong>καὶ</strong></span> <span class='ocrx_word' id='word_1_409' title='bbox 3559 2338 3635 2407; x_wconf 73' lang='grc' dir='ltr'><em>τῆ</em></span> 
     </span>
    </p>
   </div>
   <div class='ocr_carea' id='block_1_54' title="bbox 2057 2433 3639 2516">
    <p class='ocr_par' dir='ltr' id='par_1_54' title="bbox 2057 2433 3639 2516">
     <span class='ocr_line' id='line_1_54' title="bbox 2057 2433 3639 2516; baseline -0.008 -16"><span class='ocrx_word' id='word_1_410' title='bbox 2057 2447 2245 2515; x_wconf 72' lang='grc' dir='ltr'>σοφίᾳ</span> <span class='ocrx_word' id='word_1_411' title='bbox 2277 2445 2388 2516; x_wconf 80' lang='grc' dir='ltr'>τῆς</span> <span class='ocrx_word' id='word_1_412' title='bbox 2418 2445 2727 2513; x_wconf 76' lang='grc' dir='ltr'>συνέσεως</span> <span class='ocrx_word' id='word_1_413' title='bbox 2754 2442 2957 2515; x_wconf 71' lang='grc' dir='ltr'>ἀφελῶ</span> <span class='ocrx_word' id='word_1_414' title='bbox 2985 2442 3115 2509; x_wconf 82' lang='grc' dir='ltr'>ὅρια</span> <span class='ocrx_word' id='word_1_415' title='bbox 3151 2436 3361 2503; x_wconf 81' lang='grc' dir='ltr'>ἐθνῶν,</span> <span class='ocrx_word' id='word_1_416' title='bbox 3401 2434 3499 2489; x_wconf 77' lang='grc' dir='ltr'>καὶ</span> <span class='ocrx_word' id='word_1_417' title='bbox 3522 2433 3639 2501; x_wconf 79' lang='grc' dir='ltr'>τὴν</span> 
     </span>
    </p>
   </div>
   <div class='ocr_carea' id='block_1_55' title="bbox 2060 2529 3638 2607">
    <p class='ocr_par' dir='ltr' id='par_1_55' title="bbox 2060 2529 3638 2607">
     <span class='ocr_line' id='line_1_55' title="bbox 2060 2529 3638 2607; baseline -0.009 -15"><span class='ocrx_word' id='word_1_418' title='bbox 2060 2537 2244 2606; x_wconf 76' lang='grc' dir='ltr'>ἰσχὺν</span> <span class='ocrx_word' id='word_1_419' title='bbox 2265 2536 2464 2593; x_wconf 84' lang='grc' dir='ltr'>αὐτῶν</span> <span class='ocrx_word' id='word_1_420' title='bbox 2490 2537 2903 2607; x_wconf 82' lang='grc' dir='ltr'>προνομεύσω,</span> <span class='ocrx_word' id='word_1_421' title='bbox 2922 2532 3028 2588; x_wconf 81' lang='grc' dir='ltr'><strong>καί</strong></span> <span class='ocrx_word' id='word_1_422' title='bbox 3053 2533 3241 2586; x_wconf 84' lang='grc' dir='ltr'>σείσω</span> <span class='ocrx_word' id='word_1_423' title='bbox 3264 2529 3474 2593; x_wconf 83' lang='grc' dir='ltr'>πόλεις</span> <span class='ocrx_word' id='word_1_424' title='bbox 3500 2543 3638 2580; x_wconf 85' lang='grc' dir='ltr'>κατ-</span> 
     </span>
    </p>
   </div>
   <div class='ocr_carea' id='block_1_56' title="bbox 2056 2617 3633 2700">
    <p class='ocr_par' dir='ltr' id='par_1_56' title="bbox 2056 2617 3633 2700">
     <span class='ocr_line' id='line_1_56' title="bbox 2056 2617 3633 2700; baseline -0.008 -16"><span class='ocrx_word' id='word_1_425' title='bbox 2056 2630 2430 2700; x_wconf 83' lang='grc' dir='ltr'>οικουμένας,</span> <span class='ocrx_word' id='word_1_426' title='bbox 2487 2629 2588 2683; x_wconf 77' lang='grc' dir='ltr'><strong>καί</strong></span> <span class='ocrx_word' id='word_1_427' title='bbox 2629 2628 2745 2698; x_wconf 79' lang='grc' dir='ltr'><strong>τὴν</strong></span> <span class='ocrx_word' id='word_1_428' title='bbox 2771 2623 3131 2697; x_wconf 73' lang='grc' dir='ltr'>οἰκουμένην</span> <span class='ocrx_word' id='word_1_429' title='bbox 3173 2621 3328 2688; x_wconf 85' lang='grc' dir='ltr'>ὅλην</span> <span class='ocrx_word' id='word_1_430' title='bbox 3368 2617 3633 2683; x_wconf 79' lang='grc' dir='ltr'>καταλή-</span> 
     </span>
    </p>
   </div>
   <div class='ocr_carea' id='block_1_57' title="bbox 2055 2707 3635 2789">
    <p class='ocr_par' dir='ltr' id='par_1_57' title="bbox 2055 2707 3635 2789">
     <span class='ocr_line' id='line_1_57' title="bbox 2055 2707 3635 2789; baseline -0.008 -16"><span class='ocrx_word' id='word_1_431' title='bbox 2055 2722 2246 2789; x_wconf 72' lang='grc' dir='ltr'>ψομαι</span> <span class='ocrx_word' id='word_1_432' title='bbox 2292 2721 2374 2787; x_wconf 88' lang='grc' dir='ltr'>ὡς</span> <span class='ocrx_word' id='word_1_433' title='bbox 2411 2720 2678 2774; x_wconf 85' lang='grc' dir='ltr'>νοσσίαν</span> <span class='ocrx_word' id='word_1_434' title='bbox 2697 2760 2713 2785; x_wconf 92' lang='grc'><strong>,</strong></span> <span class='ocrx_word' id='word_1_435' title='bbox 2741 2717 2840 2773; x_wconf 81' lang='grc' dir='ltr'><strong>καί</strong></span> <span class='ocrx_word' id='word_1_436' title='bbox 2871 2718 2952 2783; x_wconf 87' lang='grc' dir='ltr'><strong>ὡς</strong></span> <span class='ocrx_word' id='word_1_437' title='bbox 2991 2710 3504 2781; x_wconf 73' lang='grc' dir='ltr'>καταλελειμμένα</span> <span class='ocrx_word' id='word_1_438' title='bbox 3550 2707 3635 2762; x_wconf 68' lang='lat' dir='ltr'><strong>ea</strong></span> 
     </span>
    </p>
   </div>
   <div class='ocr_carea' id='block_1_58' title="bbox 2057 2802 3631 2882">
    <p class='ocr_par' dir='ltr' id='par_1_58' title="bbox 2057 2802 3631 2882">
     <span class='ocr_line' id='line_1_58' title="bbox 2057 2802 3631 2882; baseline -0.008 -15"><span class='ocrx_word' id='word_1_439' title='bbox 2057 2811 2200 2882; x_wconf 83' lang='grc' dir='ltr'>ἀρῶ,</span> <span class='ocrx_word' id='word_1_440' title='bbox 2227 2812 2323 2866; x_wconf 80' lang='grc' dir='ltr'>καὶ</span> <span class='ocrx_word' id='word_1_441' title='bbox 2356 2814 2466 2867; x_wconf 85' lang='grc' dir='ltr'>οὐκ</span> <span class='ocrx_word' id='word_1_442' title='bbox 2487 2812 2659 2866; x_wconf 79' lang='grc' dir='ltr'>ἐστιν</span> <span class='ocrx_word' id='word_1_443' title='bbox 2682 2810 2751 2877; x_wconf 87' lang='grc' dir='ltr'>ὃς</span> <span class='ocrx_word' id='word_1_444' title='bbox 2791 2806 3169 2879; x_wconf 70' lang='grc' dir='ltr'>διαφεύξεταί</span> <span class='ocrx_word' id='word_1_445' title='bbox 3188 2822 3285 2876; x_wconf 88' lang='grc' dir='ltr'><strong>με,</strong></span> <span class='ocrx_word' id='word_1_446' title='bbox 3308 2805 3345 2873; x_wconf 80' lang='grc' dir='ltr'><strong>ἢ</strong></span> <span class='ocrx_word' id='word_1_447' title='bbox 3380 2802 3631 2870; x_wconf 74' lang='grc' dir='ltr'>ἀντείπῃ</span> 
     </span>
    </p>
   </div>
   <div class='ocr_carea' id='block_1_59' title="bbox 2054 2893 3634 2975">
    <p class='ocr_par' dir='ltr' id='par_1_59' title="bbox 2054 2893 3634 2975">
     <span class='ocr_line' id='line_1_59' title="bbox 2054 2893 3634 2975; baseline -0.008 -17"><span class='ocrx_word' id='word_1_448' title='bbox 2054 2921 2177 2974; x_wconf 91' lang='grc' dir='ltr'>μοι.</span> <span class='ocrx_word' id='word_1_449' title='bbox 2207 2904 2365 2959; x_wconf 88' lang='grc' dir='ltr'>Μετὰ</span> <span class='ocrx_word' id='word_1_450' title='bbox 2402 2903 2607 2975; x_wconf 85' lang='grc' dir='ltr'>ταύτης</span> <span class='ocrx_word' id='word_1_451' title='bbox 2635 2902 2736 2973; x_wconf 84' lang='grc' dir='ltr'><strong>τῆς</strong></span> <span class='ocrx_word' id='word_1_452' title='bbox 2765 2901 2976 2965; x_wconf 84' lang='grc' dir='ltr'>ἐλπίδος</span> <span class='ocrx_word' id='word_1_453' title='bbox 3005 2899 3217 2969; x_wconf 83' lang='grc' dir='ltr'>δέχεται</span> <span class='ocrx_word' id='word_1_454' title='bbox 3249 2898 3308 2949; x_wconf 90' lang='grc' dir='ltr'><strong>ἐν</strong></span> <span class='ocrx_word' id='word_1_455' title='bbox 3334 2893 3513 2965; x_wconf 82' lang='grc' dir='ltr'>ἐαυτῷ</span> <span class='ocrx_word' id='word_1_456' title='bbox 3542 2893 3634 2946; x_wconf 82' lang='grc' dir='ltr'><strong>τὸν</strong></span> 
     </span>
    </p>
   </div>
   <div class='ocr_carea' id='block_1_60' title="bbox 375 2985 1955 3070">
    <p class='ocr_par' dir='ltr' id='par_1_60' title="bbox 375 2989 1952 3058">
     <span class='ocr_line' id='line_1_60' title="bbox 375 2989 1952 3058; baseline 0.013 -22"><span class='ocrx_word' id='word_1_457' title='bbox 375 2998 531 3037; x_wconf 90' lang='lat' dir='ltr'><strong>suam</strong></span> <span class='ocrx_word' id='word_1_458' title='bbox 560 3000 689 3057; x_wconf 76' lang='lat' dir='ltr'><strong>erga</strong></span> <span class='ocrx_word' id='word_1_459' title='bbox 712 3003 886 3058; x_wconf 79' lang='lat' dir='ltr'><strong>genus</strong></span> <span class='ocrx_word' id='word_1_460' title='bbox 910 2989 1216 3045; x_wconf 87' lang='lat' dir='ltr'><strong>humanum</strong></span> <span class='ocrx_word' id='word_1_461' title='bbox 1247 2993 1689 3051; x_wconf 87' lang='lat' dir='ltr'><strong>benevolentiam</strong></span> <span class='ocrx_word' id='word_1_462' title='bbox 1708 2998 1763 3052; x_wconf 91' lang='lat' dir='ltr'><strong>in</strong></span> <span class='ocrx_word' id='word_1_463' title='bbox 1786 3001 1952 3056; x_wconf 88' lang='lat' dir='ltr'><strong>terris</strong></span> 
     </span>
    </p>
   </div>
   <div class='ocr_carea' id='block_1_61' title="bbox 2057 2985 3636 3070">
    <p class='ocr_par' dir='ltr' id='par_1_61' title="bbox 2058 2985 3636 3070">
     <span class='ocr_line' id='line_1_61' title="bbox 2058 2985 3636 3070; baseline -0.008 -21"><span class='ocrx_word' id='word_1_464' title='bbox 2058 2994 2148 3049; x_wconf 85' lang='grc' dir='ltr'>διὰ</span> <span class='ocrx_word' id='word_1_465' title='bbox 2196 2996 2602 3070; x_wconf 83' lang='grc' dir='ltr'>φιλανθρωπίαν</span> <span class='ocrx_word' id='word_1_466' title='bbox 2642 2996 2755 3058; x_wconf 87' lang='grc' dir='ltr'>τοῖς</span> <span class='ocrx_word' id='word_1_467' title='bbox 2802 2993 2954 3047; x_wconf 84' lang='grc' dir='ltr'>κάτω</span> <span class='ocrx_word' id='word_1_468' title='bbox 2998 2989 3434 3062; x_wconf 83' lang='grc' dir='ltr'>ἐπιδημήσαντα.</span> <span class='ocrx_word' id='word_1_469' title='bbox 3466 2986 3531 3039; x_wconf 87' lang='grc' dir='ltr'><strong>Τί</strong></span> <span class='ocrx_word' id='word_1_470' title='bbox 3578 2985 3636 3037; x_wconf 83' lang='grc' dir='ltr'>δὲ</span> 
     </span>
    </p>
   </div>
   <div class='ocr_carea' id='block_1_62' title="bbox 376 3076 1955 3184">
    <p class='ocr_par' dir='ltr' id='par_1_62' title="bbox 376 3076 1953 3161">
     <span class='ocr_line' id='line_1_62' title="bbox 376 3076 1953 3161; baseline 0.011 -32"><span class='ocrx_word' id='word_1_471' title='bbox 376 3076 666 3133; x_wconf 85' lang='lat' dir='ltr'><strong>nobiscum</strong></span> <span class='ocrx_word' id='word_1_472' title='bbox 701 3082 1059 3147; x_wconf 82' lang='lat' dir='ltr'><strong>versabatur,</strong></span> <span class='ocrx_word' id='word_1_473' title='bbox 1094 3084 1147 3138; x_wconf 92' lang='lat' dir='ltr'><strong>in</strong></span> <span class='ocrx_word' id='word_1_474' title='bbox 1182 3100 1243 3140; x_wconf 91' lang='lat' dir='ltr'><strong>se</strong></span> <span class='ocrx_word' id='word_1_475' title='bbox 1271 3088 1541 3157; x_wconf 89' lang='lat' dir='ltr'><strong>suscepit.</strong></span> <span class='ocrx_word' id='word_1_476' title='bbox 1574 3086 1782 3144; x_wconf 80' lang='lat' dir='ltr'><strong>Verum</strong></span> <span class='ocrx_word' id='word_1_477' title='bbox 1804 3106 1953 3161; x_wconf 59' lang='lat' dir='ltr'><strong>quae-</strong></span> 
     </span>
    </p>
   </div>
   <div class='ocr_carea' id='block_1_63' title="bbox 2057 3076 3636 3184">
    <p class='ocr_par' dir='ltr' id='par_1_63' title="bbox 2060 3077 3636 3184">
     <span class='ocr_line' id='line_1_63' title="bbox 2060 3077 3636 3184; baseline -0.008 -40"><span class='ocrx_word' id='word_1_478' title='bbox 2060 3090 2209 3162; x_wconf 82' lang='grc' dir='ltr'>αὺτῷ</span> <span class='ocrx_word' id='word_1_479' title='bbox 2239 3090 2362 3146; x_wconf 82' lang='grc' dir='ltr'>ἀντὶ</span> <span class='ocrx_word' id='word_1_480' title='bbox 2385 3089 2492 3144; x_wconf 87' lang='grc' dir='ltr'><strong>τῶν</strong></span> <span class='ocrx_word' id='word_1_481' title='bbox 2520 3088 2881 3143; x_wconf 82' lang='grc' dir='ltr'>ἐλπισθέντων</span> <span class='ocrx_word' id='word_1_482' title='bbox 2907 3085 3138 3157; x_wconf 80' lang='grc' dir='ltr'>γίνεται,</span> <span class='ocrx_word' id='word_1_483' title='bbox 3159 3083 3427 3184; x_wconf 55' lang='grc' dir='ltr'>διηγεῖται</span> <span class='ocrx_word' id='word_1_484' title='bbox 3450 3077 3636 3184; x_wconf 46' lang='lat' dir='ltr'><strong>cra-(pilo;</strong></span> 
     </span>
    </p>
   </div>
   <div class='ocr_carea' id='block_1_64' title="bbox 376 3165 1955 3255">
    <p class='ocr_par' dir='ltr' id='par_1_64' title="bbox 376 3165 1949 3249">
     <span class='ocr_line' id='line_1_64' title="bbox 376 3165 1949 3249; baseline 0.014 -35"><span class='ocrx_word' id='word_1_485' title='bbox 376 3177 503 3216; x_wconf 88' lang='lat' dir='ltr'><strong>nam</strong></span> <span class='ocrx_word' id='word_1_486' title='bbox 544 3165 620 3217; x_wconf 91' lang='lat' dir='ltr'><strong>illi</strong></span> <span class='ocrx_word' id='word_1_487' title='bbox 678 3181 869 3222; x_wconf 89' lang='lat' dir='ltr'><strong>eorum</strong></span> <span class='ocrx_word' id='word_1_488' title='bbox 903 3170 1061 3239; x_wconf 92' lang='lat' dir='ltr'><strong>loco,</strong></span> <span class='ocrx_word' id='word_1_489' title='bbox 1112 3188 1236 3243; x_wconf 71' lang='lat' dir='ltr'><strong>qua:</strong></span> <span class='ocrx_word' id='word_1_490' title='bbox 1283 3175 1576 3245; x_wconf 75' lang='lat' dir='ltr'><strong>sperabat,</strong></span> <span class='ocrx_word' id='word_1_491' title='bbox 1631 3182 1949 3249; x_wconf 86' lang='lat' dir='ltr'><strong>evenerint,</strong></span> 
     </span>
    </p>
   </div>
   <div class='ocr_carea' id='block_1_65' title="bbox 2057 3165 3635 3255">
    <p class='ocr_par' dir='ltr' id='par_1_65' title="bbox 2057 3168 3635 3255">
     <span class='ocr_line' id='line_1_65' title="bbox 2057 3168 3635 3255; baseline -0.009 -18"><span class='ocrx_word' id='word_1_492' title='bbox 2057 3185 2089 3254; x_wconf 82' lang='grc' dir='ltr'><strong>ἡ</strong></span> <span class='ocrx_word' id='word_1_493' title='bbox 2130 3182 2438 3255; x_wconf 85' lang='grc' dir='ltr'>προφητεία</span> <span class='ocrx_word' id='word_1_494' title='bbox 2476 3182 2539 3235; x_wconf 80' lang='grc' dir='ltr'><strong>τὸ</strong></span> <span class='ocrx_word' id='word_1_495' title='bbox 2588 3181 2707 3235; x_wconf 80' lang='grc' dir='ltr'>κατ’</span> <span class='ocrx_word' id='word_1_496' title='bbox 2740 3178 2949 3235; x_wconf 84' lang='grc' dir='ltr'>ἐκείνου</span> <span class='ocrx_word' id='word_1_497' title='bbox 2997 3176 3171 3241; x_wconf 84' lang='grc' dir='ltr'>πάθος</span> <span class='ocrx_word' id='word_1_498' title='bbox 3211 3174 3469 3243; x_wconf 85' lang='grc' dir='ltr'>λέγουσα’</span> <span class='ocrx_word' id='word_1_499' title='bbox 3504 3168 3635 3235; x_wconf 85' lang='grc' dir='ltr'><strong>Πῶς</strong></span> 
     </span>
    </p>
   </div>
   <div class='ocr_carea' id='block_1_66' title="bbox 374 3255 1955 3342">
    <p class='ocr_par' dir='ltr' id='par_1_66' title="bbox 374 3255 1954 3338">
     <span class='ocr_line' id='line_1_66' title="bbox 374 3255 1954 3338; baseline 0.014 -34"><span class='ocrx_word' id='word_1_500' title='bbox 374 3255 639 3323; x_wconf 81' lang='lat' dir='ltr'><strong>propheta</strong></span> <span class='ocrx_word' id='word_1_501' title='bbox 672 3258 1037 3316; x_wconf 87' lang='lat' dir='ltr'><strong>calamitatem</strong></span> <span class='ocrx_word' id='word_1_502' title='bbox 1065 3261 1244 3332; x_wconf 84' lang='lat' dir='ltr'><strong>ipsius</strong></span> <span class='ocrx_word' id='word_1_503' title='bbox 1304 3264 1592 3323; x_wconf 78' lang='lat' dir='ltr'><strong>declarans</strong></span> <span class='ocrx_word' id='word_1_504' title='bbox 1642 3276 1830 3338; x_wconf 89' lang='lat' dir='ltr'><strong>aperte</strong></span> <span class='ocrx_word' id='word_1_505' title='bbox 1877 3272 1954 3326; x_wconf 81' lang='lat' dir='ltr'><strong>si-</strong></span> 
     </span>
    </p>
   </div>
   <div class='ocr_carea' id='block_1_67' title="bbox 2057 3255 3636 3342">
    <p class='ocr_par' dir='ltr' id='par_1_67' title="bbox 2057 3264 3636 3342">
     <span class='ocr_line' id='line_1_67' title="bbox 2057 3264 3636 3342; baseline -0.008 -13"><span class='ocrx_word' id='word_1_506' title='bbox 2057 3274 2352 3339; x_wconf 79' lang='grc' dir='ltr'>ἐξέπεσεν</span> <span class='ocrx_word' id='word_1_507' title='bbox 2378 3273 2445 3328; x_wconf 83' lang='grc' dir='ltr'><strong>ἐκ</strong></span> <span class='ocrx_word' id='word_1_508' title='bbox 2476 3273 2581 3328; x_wconf 85' lang='grc' dir='ltr'><strong>τοῦ</strong></span> <span class='ocrx_word' id='word_1_509' title='bbox 2623 3271 2883 3342; x_wconf 83' lang='grc' dir='ltr'>οὐρανοῦ</span> <span class='ocrx_word' id='word_1_510' title='bbox 2916 3274 2949 3325; x_wconf 85' lang='grc' dir='ltr'><strong>ό</strong></span> <span class='ocrx_word' id='word_1_511' title='bbox 2974 3269 3315 3338; x_wconf 73' lang='grc' dir='ltr'>ἐωσφόρος;</span> <span class='ocrx_word' id='word_1_512' title='bbox 3338 3264 3470 3330; x_wconf 85' lang='grc' dir='ltr'>Πῶς</span> <span class='ocrx_word' id='word_1_513' title='bbox 3488 3279 3636 3318; x_wconf 59' lang='lat' dir='ltr'><strong>avra</strong></span> 
     </span>
    </p>
   </div>
   <div class='ocr_carea' id='block_1_68' title="bbox 376 3345 1955 3433">
    <p class='ocr_par' dir='ltr' id='par_1_68' title="bbox 376 3345 1950 3432">
     <span class='ocr_line' id='line_1_68' title="bbox 376 3345 1950 3432; baseline 0.013 -35"><span class='ocrx_word' id='word_1_514' title='bbox 376 3345 624 3415; x_wconf 77' lang='lat' dir='ltr'><strong>gniﬁcat,</strong></span> <span class='ocrx_word' id='word_1_515' title='bbox 660 3349 962 3415; x_wconf 82' lang='lat' dir='ltr'><strong>Quomodo.</strong></span> <span class='ocrx_word' id='word_1_516' title='bbox 990 3353 1248 3422; x_wconf 87' lang='lat' dir='ltr'><strong>inquiens</strong></span> <span class='ocrx_word' id='word_1_517' title='bbox 1264 3396 1278 3421; x_wconf 90' lang='lat'><strong>,</strong></span> <span class='ocrx_word' id='word_1_518' title='bbox 1300 3357 1489 3412; x_wconf 79' lang='lat' dir='ltr'><strong>cecidit</strong></span> <span class='ocrx_word' id='word_1_519' title='bbox 1512 3375 1542 3413; x_wconf 89' lang='lat' dir='ltr'><strong>e</strong></span> <span class='ocrx_word' id='word_1_520' title='bbox 1564 3360 1693 3414; x_wconf 75' lang='lat' dir='ltr'><strong>caelo</strong></span> <span class='ocrx_word' id='word_1_521' title='bbox 1714 3358 1950 3432; x_wconf 79' lang='lat' dir='ltr'><strong>Lucifer,</strong></span> 
     </span>
    </p>
   </div>
   <div class='ocr_carea' id='block_1_69' title="bbox 2057 3345 3638 3433">
    <p class='ocr_par' dir='ltr' id='par_1_69' title="bbox 2058 3346 3638 3433">
     <span class='ocr_line' id='line_1_69' title="bbox 2058 3346 3638 3433; baseline -0.008 -15"><span class='ocrx_word' id='word_1_522' title='bbox 2058 3365 2255 3433; x_wconf 81' lang='grc' dir='ltr'>ετρίϐη</span> <span class='ocrx_word' id='word_1_523' title='bbox 2294 3362 2394 3418; x_wconf 78' lang='grc' dir='ltr'>ἐπὶ</span> <span class='ocrx_word' id='word_1_524' title='bbox 2426 3362 2542 3431; x_wconf 81' lang='grc' dir='ltr'>τὴν</span> <span class='ocrx_word' id='word_1_525' title='bbox 2591 3359 2724 3433; x_wconf 70' lang='grc' dir='ltr'>γῆν,</span> <span class='ocrx_word' id='word_1_526' title='bbox 2752 3354 2801 3428; x_wconf 81' lang='grc' dir='ltr'>ᾧ</span> <span class='ocrx_word' id='word_1_527' title='bbox 2846 3357 3205 3427; x_wconf 79' lang='grc' dir='ltr'>ὑπεστρώθη</span> <span class='ocrx_word' id='word_1_528' title='bbox 3234 3356 3274 3423; x_wconf 74' lang='grc' dir='ltr'>ἢ</span> <span class='ocrx_word' id='word_1_529' title='bbox 3304 3354 3500 3425; x_wconf 75' lang='grc' dir='ltr'>σῆψις</span> <span class='ocrx_word' id='word_1_530' title='bbox 3526 3393 3541 3418; x_wconf 92' lang='grc'><strong>,</strong></span> <span class='ocrx_word' id='word_1_531' title='bbox 3589 3346 3638 3420; x_wconf 78' lang='grc' dir='ltr'><strong>ᾧ</strong></span> 
     </span>
    </p>
   </div>
   <div class='ocr_carea' id='block_1_70' title="bbox 368 3437 1955 3525">
    <p class='ocr_par' dir='ltr' id='par_1_70' title="bbox 368 3437 1953 3509">
     <span class='ocr_line' id='line_1_70' title="bbox 368 3437 1953 3509; baseline 0.012 -20"><span class='ocrx_word' id='word_1_532' title='bbox 368 3437 466 3504; x_wconf 78' lang='lat' dir='ltr'><strong>qui</strong></span> <span class='ocrx_word' id='word_1_533' title='bbox 500 3453 655 3493; x_wconf 87' lang='lat' dir='ltr'><strong>mane</strong></span> <span class='ocrx_word' id='word_1_534' title='bbox 683 3440 1001 3496; x_wconf 76' lang='lat' dir='ltr'><strong>oriebatur?</strong></span> <span class='ocrx_word' id='word_1_535' title='bbox 1033 3442 1308 3509; x_wconf 80' lang='lat' dir='ltr'><strong>Quomodo</strong></span> <span class='ocrx_word' id='word_1_536' title='bbox 1335 3449 1599 3504; x_wconf 83' lang='lat' dir='ltr'><strong>contritus</strong></span> <span class='ocrx_word' id='word_1_537' title='bbox 1630 3460 1710 3505; x_wconf 78' lang='lat' dir='ltr'><strong>est</strong></span> <span class='ocrx_word' id='word_1_538' title='bbox 1753 3452 1808 3505; x_wconf 83' lang='lat' dir='ltr'><strong>in</strong></span> <span class='ocrx_word' id='word_1_539' title='bbox 1846 3462 1953 3507; x_wconf 89' lang='lat' dir='ltr'><strong>ter-</strong></span> 
     </span>
    </p>
   </div>
   <div class='ocr_carea' id='block_1_71' title="bbox 2057 3437 3639 3525">
    <p class='ocr_par' dir='ltr' id='par_1_71' title="bbox 2057 3446 3639 3525">
     <span class='ocr_line' id='line_1_71' title="bbox 2057 3446 3639 3525; baseline -0.008 -15"><span class='ocrx_word' id='word_1_540' title='bbox 2057 3455 2287 3525; x_wconf 78' lang='grc' dir='ltr'>ἔνδυμα</span> <span class='ocrx_word' id='word_1_541' title='bbox 2314 3455 2542 3524; x_wconf 78' lang='grc' dir='ltr'>γίνεται</span> <span class='ocrx_word' id='word_1_542' title='bbox 2584 3454 2622 3522; x_wconf 80' lang='grc' dir='ltr'>ἡ</span> <span class='ocrx_word' id='word_1_543' title='bbox 2661 3450 2947 3522; x_wconf 79' lang='grc' dir='ltr'>περιϐολὴ</span> <span class='ocrx_word' id='word_1_544' title='bbox 2986 3448 3106 3503; x_wconf 88' lang='grc' dir='ltr'>τῶν</span> <span class='ocrx_word' id='word_1_545' title='bbox 3143 3446 3508 3514; x_wconf 69' lang='grc' dir='ltr'>σκωλήκωνς</span> <span class='ocrx_word' id='word_1_546' title='bbox 3544 3446 3639 3499; x_wconf 59' lang='grc' dir='ltr'><strong>καὶ⁹</strong></span> 
     </span>
    </p>
   </div>
   <div class='ocr_carea' id='block_1_72' title="bbox 377 3528 1955 3608">
    <p class='ocr_par' dir='ltr' id='par_1_72' title="bbox 377 3528 1955 3608">
     <span class='ocr_line' id='line_1_72' title="bbox 377 3528 1955 3608; baseline 0.012 -29"><span class='ocrx_word' id='word_1_547' title='bbox 377 3530 539 3583; x_wconf 83' lang='lat' dir='ltr'><strong>ram?</strong></span> <span class='ocrx_word' id='word_1_548' title='bbox 564 3528 732 3597; x_wconf 88' lang='lat' dir='ltr'><strong>Super</strong></span> <span class='ocrx_word' id='word_1_549' title='bbox 773 3549 891 3586; x_wconf 86' lang='lat' dir='ltr'><strong>eum</strong></span> <span class='ocrx_word' id='word_1_550' title='bbox 932 3543 1107 3589; x_wconf 79' lang='lat' dir='ltr'><strong>strata</strong></span> <span class='ocrx_word' id='word_1_551' title='bbox 1156 3547 1235 3591; x_wconf 79' lang='lat' dir='ltr'><strong>est</strong></span> <span class='ocrx_word' id='word_1_552' title='bbox 1286 3539 1508 3608; x_wconf 82' lang='lat' dir='ltr'><strong>putredo</strong></span> <span class='ocrx_word' id='word_1_553' title='bbox 1532 3583 1547 3607; x_wconf 91' lang='lat'><strong>,</strong></span> <span class='ocrx_word' id='word_1_554' title='bbox 1586 3542 1955 3598; x_wconf 83' lang='lat' dir='ltr'><strong>indumentum</strong></span> 
     </span>
    </p>
   </div>
   <div class='ocr_carea' id='block_1_73' title="bbox 370 3618 1954 3704">
    <p class='ocr_par' dir='ltr' id='par_1_73' title="bbox 370 3618 1954 3704">
     <span class='ocr_line' id='line_1_73' title="bbox 370 3618 1954 3704; baseline 0.013 -35"><span class='ocrx_word' id='word_1_555' title='bbox 370 3618 543 3684; x_wconf 70' lang='lat' dir='ltr'><strong>ipsius</strong></span> <span class='ocrx_word' id='word_1_556' title='bbox 571 3629 649 3674; x_wconf 73' lang='lat' dir='ltr'><strong>est</strong></span> <span class='ocrx_word' id='word_1_557' title='bbox 671 3623 925 3677; x_wconf 85' lang='lat' dir='ltr'><strong>vermium</strong></span> <span class='ocrx_word' id='word_1_558' title='bbox 954 3627 1328 3694; x_wconf 66' lang='lat' dir='ltr'><strong>operimentum</strong></span> <span class='ocrx_word' id='word_1_559' title='bbox 1342 3629 1387 3660; x_wconf 72' lang='grc'><strong>’⁷</strong></span> <span class='ocrx_word' id='word_1_560' title='bbox 1411 3668 1426 3693; x_wconf 95' lang='grc'><strong>,</strong></span> <span class='ocrx_word' id='word_1_561' title='bbox 1451 3638 1505 3684; x_wconf 86' lang='lat' dir='ltr'><strong>et</strong></span> <span class='ocrx_word' id='word_1_562' title='bbox 1556 3640 1756 3687; x_wconf 76' lang='lat' dir='ltr'><strong>caetera</strong></span> <span class='ocrx_word' id='word_1_563' title='bbox 1778 3673 1793 3699; x_wconf 90' lang='lat'><strong>,</strong></span> <span class='ocrx_word' id='word_1_564' title='bbox 1825 3635 1954 3704; x_wconf 89' lang='lat' dir='ltr'><strong>qui-</strong></span> 
     </span>
    </p>
   </div>
   <div class='ocr_carea' id='block_1_74' title="bbox 378 3709 1957 3791">
    <p class='ocr_par' dir='ltr' id='par_1_74' title="bbox 378 3709 1957 3791">
     <span class='ocr_line' id='line_1_74' title="bbox 378 3709 1957 3791; baseline 0.013 -30"><span class='ocrx_word' id='word_1_565' title='bbox 378 3709 484 3765; x_wconf 83' lang='lat' dir='ltr'><strong>bus</strong></span> <span class='ocrx_word' id='word_1_566' title='bbox 506 3710 764 3768; x_wconf 87' lang='lat' dir='ltr'><strong>interitus</strong></span> <span class='ocrx_word' id='word_1_567' title='bbox 797 3714 918 3784; x_wconf 89' lang='lat' dir='ltr'><strong>ejus</strong></span> <span class='ocrx_word' id='word_1_568' title='bbox 957 3716 1325 3785; x_wconf 82' lang='lat' dir='ltr'><strong>describitur,</strong></span> <span class='ocrx_word' id='word_1_569' title='bbox 1384 3734 1508 3791; x_wconf 70' lang='lat' dir='ltr'><strong>qua:</strong></span> <span class='ocrx_word' id='word_1_570' title='bbox 1541 3723 1768 3779; x_wconf 82' lang='lat' dir='ltr'><strong>cuilibet</strong></span> <span class='ocrx_word' id='word_1_571' title='bbox 1827 3726 1957 3782; x_wconf 87' lang='lat' dir='ltr'><strong>licet</strong></span> 
     </span>
    </p>
   </div>
   <div class='ocr_carea' id='block_1_75' title="bbox 370 3806 1956 3884">
    <p class='ocr_par' dir='ltr' id='par_1_75' title="bbox 370 3806 1956 3884">
     <span class='ocr_line' id='line_1_75' title="bbox 370 3806 1956 3884; baseline 0.013 -30"><span class='ocrx_word' id='word_1_572' title='bbox 370 3816 443 3855; x_wconf 78' lang='lat' dir='ltr'><strong>cx</strong></span> <span class='ocrx_word' id='word_1_573' title='bbox 486 3806 764 3874; x_wconf 83' lang='lat' dir='ltr'><strong>prophetae</strong></span> <span class='ocrx_word' id='word_1_574' title='bbox 815 3807 1039 3879; x_wconf 84' lang='lat' dir='ltr'><strong>scriptis</strong></span> <span class='ocrx_word' id='word_1_575' title='bbox 1104 3810 1451 3884; x_wconf 78' lang='lat' dir='ltr'><strong>intelligere;</strong></span> <span class='ocrx_word' id='word_1_576' title='bbox 1520 3815 1840 3872; x_wconf 83' lang='lat' dir='ltr'><strong>mihienim</strong></span> <span class='ocrx_word' id='word_1_577' title='bbox 1888 3819 1956 3875; x_wconf 92' lang='lat' dir='ltr'><strong>ad</strong></span> 
     </span>
    </p>
   </div>
   <div class='ocr_carea' id='block_1_76' title="bbox 373 3895 1222 3964">
    <p class='ocr_par' dir='ltr' id='par_1_76' title="bbox 373 3895 1222 3964">
     <span class='ocr_line' id='line_1_76' title="bbox 373 3895 1222 3964; baseline 0.014 -18"><span class='ocrx_word' id='word_1_578' title='bbox 373 3895 719 3964; x_wconf 68' lang='lat' dir='ltr'><strong>propositum</strong></span> <span class='ocrx_word' id='word_1_579' title='bbox 745 3897 1084 3955; x_wconf 88' lang='lat' dir='ltr'><strong>redeundum</strong></span> <span class='ocrx_word' id='word_1_580' title='bbox 1115 3911 1222 3959; x_wconf 85' lang='lat' dir='ltr'><strong>est.</strong></span> 
     </span>
    </p>
   </div>
   <div class='ocr_carea' id='block_1_77' title="bbox 450 3982 1959 4070">
    <p class='ocr_par' dir='ltr' id='par_1_77' title="bbox 450 3982 1959 4070">
     <span class='ocr_line' id='line_1_77' title="bbox 450 3982 1959 4070; baseline 0.013 -32"><span class='ocrx_word' id='word_1_581' title='bbox 450 3982 532 4038; x_wconf 92' lang='lat' dir='ltr'><strong>Ob</strong></span> <span class='ocrx_word' id='word_1_582' title='bbox 561 3985 615 4040; x_wconf 92' lang='lat' dir='ltr'><strong>id</strong></span> <span class='ocrx_word' id='word_1_583' title='bbox 665 3987 833 4057; x_wconf 79' lang='lat' dir='ltr'><strong>igitur</strong></span> <span class='ocrx_word' id='word_1_584' title='bbox 878 4004 1007 4044; x_wconf 90' lang='lat' dir='ltr'><strong>vera</strong></span> <span class='ocrx_word' id='word_1_585' title='bbox 1046 3993 1315 4065; x_wconf 88' lang='lat' dir='ltr'><strong>sapientia</strong></span> <span class='ocrx_word' id='word_1_586' title='bbox 1363 3996 1421 4051; x_wconf 86' lang='lat' dir='ltr'><strong>in</strong></span> <span class='ocrx_word' id='word_1_587' title='bbox 1471 4000 1753 4070; x_wconf 82' lang='lat' dir='ltr'><strong>arroganti</strong></span> <span class='ocrx_word' id='word_1_588' title='bbox 1789 4000 1959 4058; x_wconf 86' lang='lat' dir='ltr'><strong>corde</strong></span> 
     </span>
    </p>
   </div>
   <div class='ocr_carea' id='block_1_78' title="bbox 374 4083 1957 4153">
    <p class='ocr_par' dir='ltr' id='par_1_78' title="bbox 374 4083 1957 4153">
     <span class='ocr_line' id='line_1_78' title="bbox 374 4083 1957 4153; baseline 0.014 -28"><span class='ocrx_word' id='word_1_589' title='bbox 374 4083 541 4130; x_wconf 69' lang='lat' dir='ltr'><strong>terra:</strong></span> <span class='ocrx_word' id='word_1_590' title='bbox 570 4089 839 4147; x_wconf 85' lang='lat' dir='ltr'><strong>versatur,</strong></span> <span class='ocrx_word' id='word_1_591' title='bbox 864 4088 925 4135; x_wconf 90' lang='lat' dir='ltr'><strong>ut</strong></span> <span class='ocrx_word' id='word_1_592' title='bbox 948 4095 1195 4153; x_wconf 79' lang='lat' dir='ltr'><strong>magnam</strong></span> <span class='ocrx_word' id='word_1_593' title='bbox 1226 4085 1374 4141; x_wconf 85' lang='lat' dir='ltr'><strong>illam</strong></span> <span class='ocrx_word' id='word_1_594' title='bbox 1403 4088 1459 4142; x_wconf 91' lang='lat' dir='ltr'><strong>in</strong></span> <span class='ocrx_word' id='word_1_595' title='bbox 1491 4091 1701 4145; x_wconf 77' lang='lat' dir='ltr'><strong>malitia</strong></span> <span class='ocrx_word' id='word_1_596' title='bbox 1722 4101 1957 4149; x_wconf 85' lang='lat' dir='ltr'><strong>mentem</strong></span> 
     </span>
    </p>
   </div>
   <div class='ocr_carea' id='block_1_79' title="bbox 372 4164 1959 4254">
    <p class='ocr_par' dir='ltr' id='par_1_79' title="bbox 372 4164 1959 4254">
     <span class='ocr_line' id='line_1_79' title="bbox 372 4164 1959 4254; baseline 0.012 -37"><span class='ocrx_word' id='word_1_597' title='bbox 372 4164 577 4229; x_wconf 81' lang='lat' dir='ltr'><strong>deleat,</strong></span> <span class='ocrx_word' id='word_1_598' title='bbox 625 4174 683 4221; x_wconf 89' lang='lat' dir='ltr'><strong>ut</strong></span> <span class='ocrx_word' id='word_1_599' title='bbox 727 4170 964 4226; x_wconf 70' lang='lat' dir='ltr'><strong>tenebrae</strong></span> <span class='ocrx_word' id='word_1_600' title='bbox 995 4173 1366 4232; x_wconf 85' lang='lat' dir='ltr'><strong>discutiantur</strong></span> <span class='ocrx_word' id='word_1_601' title='bbox 1416 4193 1446 4233; x_wconf 90' lang='lat' dir='ltr'><strong>a</strong></span> <span class='ocrx_word' id='word_1_602' title='bbox 1495 4178 1637 4244; x_wconf 88' lang='lat' dir='ltr'><strong>luce,</strong></span> <span class='ocrx_word' id='word_1_603' title='bbox 1680 4189 1758 4249; x_wconf 88' lang='lat' dir='ltr'><strong>ut,</strong></span> <span class='ocrx_word' id='word_1_604' title='bbox 1811 4181 1959 4254; x_wconf 93' lang='lat' dir='ltr'><strong>quod</strong></span> 
     </span>
    </p>
   </div>
   <div class='ocr_carea' id='block_1_80' title="bbox 375 4259 1961 4337">
    <p class='ocr_par' dir='ltr' id='par_1_80' title="bbox 375 4259 1961 4337">
     <span class='ocr_line' id='line_1_80' title="bbox 375 4259 1961 4337; baseline 0.013 -28"><span class='ocrx_word' id='word_1_605' title='bbox 375 4259 613 4313; x_wconf 83' lang='lat' dir='ltr'><strong>mortale</strong></span> <span class='ocrx_word' id='word_1_606' title='bbox 650 4268 756 4326; x_wconf 90' lang='lat' dir='ltr'><strong>cst,</strong></span> <span class='ocrx_word' id='word_1_607' title='bbox 807 4263 1168 4321; x_wconf 82' lang='lat' dir='ltr'><strong>absorbeatur</strong></span> <span class='ocrx_word' id='word_1_608' title='bbox 1196 4282 1226 4321; x_wconf 93' lang='lat' dir='ltr'><strong>a</strong></span> <span class='ocrx_word' id='word_1_609' title='bbox 1254 4268 1367 4324; x_wconf 86' lang='lat' dir='ltr'><strong>vita</strong></span> <span class='ocrx_word' id='word_1_610' title='bbox 1387 4269 1455 4337; x_wconf 79' lang='lat'><strong>’°,</strong></span> <span class='ocrx_word' id='word_1_611' title='bbox 1499 4279 1555 4328; x_wconf 90' lang='lat' dir='ltr'><strong>et</strong></span> <span class='ocrx_word' id='word_1_612' title='bbox 1583 4281 1828 4329; x_wconf 75' lang='lat' dir='ltr'><strong>extremo</strong></span> <span class='ocrx_word' id='word_1_613' title='bbox 1853 4275 1961 4330; x_wconf 83' lang='lat' dir='ltr'><strong>ini—</strong></span> 
     </span>
    </p>
   </div>
   <div class='ocr_carea' id='block_1_81' title="bbox 378 4350 1957 4427">
    <p class='ocr_par' dir='ltr' id='par_1_81' title="bbox 378 4350 1957 4427">
     <span class='ocr_line' id='line_1_81' title="bbox 378 4350 1957 4427; baseline 0.012 -23"><span class='ocrx_word' id='word_1_614' title='bbox 378 4350 544 4415; x_wconf 75' lang='lat' dir='ltr'><strong>tuico,</strong></span> <span class='ocrx_word' id='word_1_615' title='bbox 574 4360 747 4405; x_wconf 89' lang='lat' dir='ltr'><strong>morte</strong></span> <span class='ocrx_word' id='word_1_616' title='bbox 773 4354 1051 4423; x_wconf 88' lang='lat' dir='ltr'><strong>nimirum,</strong></span> <span class='ocrx_word' id='word_1_617' title='bbox 1084 4358 1386 4427; x_wconf 83' lang='lat' dir='ltr'><strong>destructo,</strong></span> <span class='ocrx_word' id='word_1_618' title='bbox 1421 4363 1623 4418; x_wconf 89' lang='lat' dir='ltr'><strong>malum</strong></span> <span class='ocrx_word' id='word_1_619' title='bbox 1659 4373 1957 4423; x_wconf 88' lang='lat' dir='ltr'><strong>evertatur.</strong></span> 
     </span>
    </p>
   </div>
   <div class='ocr_carea' id='block_1_82' title="bbox 2059 3537 3635 3618">
    <p class='ocr_par' dir='ltr' id='par_1_82' title="bbox 2059 3537 3635 3618">
     <span class='ocr_line' id='line_1_82' title="bbox 2059 3537 3635 3618; baseline -0.006 -18"><span class='ocrx_word' id='word_1_620' title='bbox 2059 3547 2161 3600; x_wconf 82' lang='grc' dir='ltr'><strong>ὅσα</strong></span> <span class='ocrx_word' id='word_1_621' title='bbox 2193 3546 2328 3602; x_wconf 77' lang='grc' dir='ltr'>ἄλλα</span> <span class='ocrx_word' id='word_1_622' title='bbox 2375 3546 2504 3618; x_wconf 74' lang='grc' dir='ltr'>περὶ</span> <span class='ocrx_word' id='word_1_623' title='bbox 2545 3544 2639 3598; x_wconf 88' lang='grc' dir='ltr'><strong>τοῦ</strong></span> <span class='ocrx_word' id='word_1_624' title='bbox 2679 3542 2990 3614; x_wconf 81' lang='grc' dir='ltr'>ἀφανισμοῦ</span> <span class='ocrx_word' id='word_1_625' title='bbox 3040 3541 3204 3595; x_wconf 81' lang='grc' dir='ltr'>αὑτοῦ</span> <span class='ocrx_word' id='word_1_626' title='bbox 3253 3537 3590 3609; x_wconf 82' lang='grc' dir='ltr'>διεξέρχεται</span> <span class='ocrx_word' id='word_1_627' title='bbox 3608 3578 3635 3605; x_wconf 37' lang='lat'><strong>,,</strong></span> 
     </span>
    </p>
   </div>
   <div class='ocr_carea' id='block_1_83' title="bbox 2060 3629 3638 3711">
    <p class='ocr_par' dir='ltr' id='par_1_83' title="bbox 2060 3629 3638 3711">
     <span class='ocr_line' id='line_1_83' title="bbox 2060 3629 3638 3711; baseline -0.009 -16"><span class='ocrx_word' id='word_1_628' title='bbox 2060 3639 2204 3711; x_wconf 84' lang='grc' dir='ltr'>ἆπερ</span> <span class='ocrx_word' id='word_1_629' title='bbox 2234 3637 2411 3704; x_wconf 76' lang='grc' dir='ltr'>ἔξεστι</span> <span class='ocrx_word' id='word_1_630' title='bbox 2435 3636 2513 3709; x_wconf 84' lang='grc' dir='ltr'>τῷ</span> <span class='ocrx_word' id='word_1_631' title='bbox 2557 3637 2863 3708; x_wconf 84' lang='grc' dir='ltr'>βουλομένῳ</span> <span class='ocrx_word' id='word_1_632' title='bbox 2893 3633 2952 3701; x_wconf 77' lang='grc' dir='ltr'><strong>ἐξ</strong></span> <span class='ocrx_word' id='word_1_633' title='bbox 2980 3634 3159 3690; x_wconf 83' lang='grc' dir='ltr'>αὐτῶν</span> <span class='ocrx_word' id='word_1_634' title='bbox 3188 3632 3299 3687; x_wconf 86' lang='grc' dir='ltr'><strong>τῶν</strong></span> <span class='ocrx_word' id='word_1_635' title='bbox 3319 3629 3638 3702; x_wconf 85' lang='grc' dir='ltr'>γεγραμμέ-</span> 
     </span>
    </p>
   </div>
   <div class='ocr_carea' id='block_1_84' title="bbox 2060 3717 3637 3800">
    <p class='ocr_par' dir='ltr' id='par_1_84' title="bbox 2060 3717 3637 3800">
     <span class='ocr_line' id='line_1_84' title="bbox 2060 3717 3637 3800; baseline -0.01 -15"><span class='ocrx_word' id='word_1_636' title='bbox 2060 3748 2166 3786; x_wconf 87' lang='grc' dir='ltr'><strong>νων</strong></span> <span class='ocrx_word' id='word_1_637' title='bbox 2189 3730 2255 3784; x_wconf 82' lang='grc' dir='ltr'>δι’</span> <span class='ocrx_word' id='word_1_638' title='bbox 2284 3728 2571 3800; x_wconf 82' lang='grc' dir='ltr'>ἀκριϐείας</span> <span class='ocrx_word' id='word_1_639' title='bbox 2601 3727 2811 3799; x_wconf 82' lang='grc' dir='ltr'>μαθεῖν.</span> <span class='ocrx_word' id='word_1_640' title='bbox 2852 3725 3005 3798; x_wconf 77' lang='grc' dir='ltr'>Ἐμοὶ</span> <span class='ocrx_word' id='word_1_641' title='bbox 3054 3724 3112 3778; x_wconf 80' lang='grc' dir='ltr'>δὲ</span> <span class='ocrx_word' id='word_1_642' title='bbox 3145 3722 3282 3794; x_wconf 85' lang='grc' dir='ltr'>πρὸς</span> <span class='ocrx_word' id='word_1_643' title='bbox 3308 3721 3401 3774; x_wconf 85' lang='grc' dir='ltr'><strong>τὸν</strong></span> <span class='ocrx_word' id='word_1_644' title='bbox 3437 3717 3637 3774; x_wconf 78' lang='grc' dir='ltr'>σκοπὸν</span> 
     </span>
    </p>
   </div>
   <div class='ocr_carea' id='block_1_85' title="bbox 2060 3820 2721 3889">
    <p class='ocr_par' dir='ltr' id='par_1_85' title="bbox 2060 3820 2721 3889">
     <span class='ocr_line' id='line_1_85' title="bbox 2060 3820 2721 3889; baseline -0.005 -11"><span class='ocrx_word' id='word_1_645' title='bbox 2060 3822 2391 3879; x_wconf 68' lang='grc' dir='ltr'>ἐπανακτέω</span> <span class='ocrx_word' id='word_1_646' title='bbox 2424 3822 2516 3876; x_wconf 83' lang='grc' dir='ltr'><strong>τὸν</strong></span> <span class='ocrx_word' id='word_1_647' title='bbox 2543 3820 2721 3889; x_wconf 80' lang='grc' dir='ltr'>λόγον.</span> 
     </span>
    </p>
   </div>
   <div class='ocr_carea' id='block_1_86' title="bbox 2133 3986 3636 4073">
    <p class='ocr_par' dir='ltr' id='par_1_86' title="bbox 2133 3986 3636 4073">
     <span class='ocr_line' id='line_1_86' title="bbox 2133 3986 3636 4073; baseline -0.007 -15"><span class='ocrx_word' id='word_1_648' title='bbox 2133 4004 2233 4058; x_wconf 79' lang='grc' dir='ltr'><strong>Διὰ</strong></span> <span class='ocrx_word' id='word_1_649' title='bbox 2264 4002 2429 4057; x_wconf 79' lang='grc' dir='ltr'>τοῦτο’</span> <span class='ocrx_word' id='word_1_650' title='bbox 2450 3986 2660 4072; x_wconf 75' lang='grc' dir='ltr'>γίνεται</span> <span class='ocrx_word' id='word_1_651' title='bbox 2690 4004 2724 4073; x_wconf 85' lang='grc' dir='ltr'><strong>ή</strong></span> <span class='ocrx_word' id='word_1_652' title='bbox 2771 3999 2998 4071; x_wconf 81' lang='grc' dir='ltr'>ἀληθινὴ</span> <span class='ocrx_word' id='word_1_653' title='bbox 3042 3997 3223 4068; x_wconf 88' lang='grc' dir='ltr'>σοφία,</span> <span class='ocrx_word' id='word_1_654' title='bbox 3248 4000 3308 4051; x_wconf 86' lang='grc' dir='ltr'><strong>ἐν</strong></span> <span class='ocrx_word' id='word_1_655' title='bbox 3350 4000 3416 4069; x_wconf 84' lang='grc' dir='ltr'>τῇ</span> <span class='ocrx_word' id='word_1_656' title='bbox 3467 4013 3636 4067; x_wconf 87' lang='grc' dir='ltr'>μεγα-</span> 
     </span>
    </p>
   </div>
   <div class='ocr_carea' id='block_1_87' title="bbox 2060 4084 3637 4166">
    <p class='ocr_par' dir='ltr' id='par_1_87' title="bbox 2060 4084 3637 4166">
     <span class='ocr_line' id='line_1_87' title="bbox 2060 4084 3637 4166; baseline 0.002 -19"><span class='ocrx_word' id='word_1_657' title='bbox 2060 4095 2359 4166; x_wconf 77' lang='grc' dir='ltr'>λορῤήμονι</span> <span class='ocrx_word' id='word_1_658' title='bbox 2395 4092 2571 4165; x_wconf 85' lang='grc' dir='ltr'>ταύτῃ</span> <span class='ocrx_word' id='word_1_659' title='bbox 2601 4091 2798 4164; x_wconf 82' lang='grc' dir='ltr'>καρδίᾳ</span> <span class='ocrx_word' id='word_1_660' title='bbox 2827 4090 2926 4160; x_wconf 87' lang='grc' dir='ltr'><strong>τῆς</strong></span> <span class='ocrx_word' id='word_1_661' title='bbox 2966 4089 3090 4159; x_wconf 77' lang='grc' dir='ltr'>γῆς,</span> <span class='ocrx_word' id='word_1_662' title='bbox 3120 4088 3208 4142; x_wconf 77' lang='grc' dir='ltr'><strong>ἵνα</strong></span> <span class='ocrx_word' id='word_1_663' title='bbox 3248 4086 3550 4160; x_wconf 75' lang='grc' dir='ltr'>ἐξαφανίσῃ</span> <span class='ocrx_word' id='word_1_664' title='bbox 3575 4084 3637 4150; x_wconf 74' lang='grc' dir='ltr'><strong>ἐξ</strong></span> 
     </span>
    </p>
   </div>
   <div class='ocr_carea' id='block_1_88' title="bbox 2060 4178 3634 4258">
    <p class='ocr_par' dir='ltr' id='par_1_88' title="bbox 2060 4178 3634 4258">
     <span class='ocr_line' id='line_1_88' title="bbox 2060 4178 3634 4258; baseline -0.006 -17"><span class='ocrx_word' id='word_1_665' title='bbox 2060 4187 2233 4258; x_wconf 80' lang='grc' dir='ltr'>αὐτῆς</span> <span class='ocrx_word' id='word_1_666' title='bbox 2255 4185 2346 4240; x_wconf 81' lang='grc' dir='ltr'><strong>τὸν</strong></span> <span class='ocrx_word' id='word_1_667' title='bbox 2374 4185 2548 4257; x_wconf 84' lang='grc' dir='ltr'>μέγαν</span> <span class='ocrx_word' id='word_1_668' title='bbox 2577 4186 2636 4238; x_wconf 90' lang='grc' dir='ltr'><strong>ἐν</strong></span> <span class='ocrx_word' id='word_1_669' title='bbox 2670 4182 2840 4253; x_wconf 80' lang='grc' dir='ltr'>κακίᾳ</span> <span class='ocrx_word' id='word_1_670' title='bbox 2864 4179 3008 4247; x_wconf 91' lang='grc' dir='ltr'>νοῦν,</span> <span class='ocrx_word' id='word_1_671' title='bbox 3031 4181 3125 4235; x_wconf 72' lang='grc' dir='ltr'><strong>καὶ</strong></span> <span class='ocrx_word' id='word_1_672' title='bbox 3143 4179 3385 4252; x_wconf 82' lang='grc' dir='ltr'>φωτισθῇ</span> <span class='ocrx_word' id='word_1_673' title='bbox 3420 4179 3481 4233; x_wconf 85' lang='grc' dir='ltr'><strong>τὸ</strong></span> <span class='ocrx_word' id='word_1_674' title='bbox 3508 4178 3634 4232; x_wconf 84' lang='grc' dir='ltr'>σκό-</span> 
     </span>
    </p>
   </div>
   <div class='ocr_carea' id='block_1_89' title="bbox 2061 4270 3638 4349">
    <p class='ocr_par' dir='ltr' id='par_1_89' title="bbox 2061 4270 3638 4349">
     <span class='ocr_line' id='line_1_89' title="bbox 2061 4270 3638 4349; baseline -0.006 -15"><span class='ocrx_word' id='word_1_675' title='bbox 2061 4297 2170 4343; x_wconf 87' lang='grc' dir='ltr'>τος,</span> <span class='ocrx_word' id='word_1_676' title='bbox 2207 4279 2302 4334; x_wconf 73' lang='grc' dir='ltr'><strong>καὶ</strong></span> <span class='ocrx_word' id='word_1_677' title='bbox 2329 4276 2611 4349; x_wconf 78' lang='grc' dir='ltr'>καταποθῇ</span> <span class='ocrx_word' id='word_1_678' title='bbox 2646 4275 2710 4330; x_wconf 79' lang='grc' dir='ltr'><strong>τὸ</strong></span> <span class='ocrx_word' id='word_1_679' title='bbox 2747 4274 2937 4346; x_wconf 79' lang='grc' dir='ltr'>θνητὸν</span> <span class='ocrx_word' id='word_1_680' title='bbox 2971 4273 3076 4327; x_wconf 77' lang='grc' dir='ltr'>ὑπὸ</span> <span class='ocrx_word' id='word_1_681' title='bbox 3105 4273 3204 4345; x_wconf 81' lang='grc' dir='ltr'>τῆς</span> <span class='ocrx_word' id='word_1_682' title='bbox 3248 4270 3417 4343; x_wconf 79' lang='grc' dir='ltr'>ζωῆς,</span> <span class='ocrx_word' id='word_1_683' title='bbox 3449 4271 3545 4326; x_wconf 76' lang='grc' dir='ltr'><strong>καὶ</strong></span> <span class='ocrx_word' id='word_1_684' title='bbox 3574 4271 3638 4324; x_wconf 85' lang='grc' dir='ltr'>τὺ</span> 
     </span>
    </p>
   </div>
   <div class='ocr_carea' id='block_1_90' title="bbox 2061 4364 3636 4440">
    <p class='ocr_par' dir='ltr' id='par_1_90' title="bbox 2061 4364 3636 4440">
     <span class='ocr_line' id='line_1_90' title="bbox 2061 4364 3636 4440; baseline -0.004 -15"><span class='ocrx_word' id='word_1_685' title='bbox 2061 4371 2229 4426; x_wconf 84' lang='grc' dir='ltr'>κακὸν</span> <span class='ocrx_word' id='word_1_686' title='bbox 2286 4372 2367 4435; x_wconf 85' lang='grc' dir='ltr'>εἰς</span> <span class='ocrx_word' id='word_1_687' title='bbox 2417 4368 2759 4440; x_wconf 79' lang='grc' dir='ltr'>ἁνυπαρξίαν</span> <span class='ocrx_word' id='word_1_688' title='bbox 2812 4367 3198 4439; x_wconf 80' lang='grc' dir='ltr'>μεταχωρήσῃ.</span> <span class='ocrx_word' id='word_1_689' title='bbox 3262 4365 3356 4421; x_wconf 85' lang='grc' dir='ltr'><strong>τοῦ</strong></span> <span class='ocrx_word' id='word_1_690' title='bbox 3408 4364 3636 4437; x_wconf 77' lang='grc' dir='ltr'>ἐσχάτου</span> 
     </span>
    </p>
   </div>
   <div class='ocr_carea' id='block_1_91' title="bbox 378 4439 1955 4537">
    <p class='ocr_par' dir='ltr' id='par_1_91' title="bbox 378 4439 1954 4522">
     <span class='ocr_line' id='line_1_91' title="bbox 378 4439 1954 4522; baseline 0.013 -28"><span class='ocrx_word' id='word_1_691' title='bbox 378 4439 507 4496; x_wconf 68' lang='lat' dir='ltr'><strong>Haec</strong></span> <span class='ocrx_word' id='word_1_692' title='bbox 549 4443 649 4498; x_wconf 89' lang='lat' dir='ltr'><strong>tibi</strong></span> <span class='ocrx_word' id='word_1_693' title='bbox 679 4448 1001 4518; x_wconf 60' lang='lat' dir='ltr'><strong>praescripto</strong></span> <span class='ocrx_word' id='word_1_694' title='bbox 1053 4451 1218 4506; x_wconf 90' lang='lat' dir='ltr'><strong>tridui</strong></span> <span class='ocrx_word' id='word_1_695' title='bbox 1267 4453 1448 4522; x_wconf 86' lang='lat' dir='ltr'><strong>spatio</strong></span> <span class='ocrx_word' id='word_1_696' title='bbox 1502 4454 1756 4512; x_wconf 83' lang='lat' dir='ltr'><strong>confecta</strong></span> <span class='ocrx_word' id='word_1_697' title='bbox 1806 4467 1954 4515; x_wconf 84' lang='lat' dir='ltr'><strong>sunt.</strong></span> 
     </span>
    </p>
   </div>
   <div class='ocr_carea' id='block_1_92' title="bbox 2057 4439 3641 4537">
    <p class='ocr_par' dir='ltr' id='par_1_92' title="bbox 2062 4439 3641 4537">
     <span class='ocr_line' id='line_1_92' title="bbox 2062 4439 3641 4537; baseline -0.006 -17"><span class='ocrx_word' id='word_1_698' title='bbox 2062 4464 2258 4537; x_wconf 86' lang='grc' dir='ltr'>ἐχθροῦ</span> <span class='ocrx_word' id='word_1_699' title='bbox 2286 4462 2747 4536; x_wconf 85' lang='grc' dir='ltr'>καταργηθέντος,</span> <span class='ocrx_word' id='word_1_700' title='bbox 2779 4463 2840 4526; x_wconf 80' lang='grc' dir='ltr'>ὃς</span> <span class='ocrx_word' id='word_1_701' title='bbox 2889 4461 3036 4514; x_wconf 80' lang='grc' dir='ltr'>ἐστιν</span> <span class='ocrx_word' id='word_1_702' title='bbox 3082 4463 3113 4515; x_wconf 84' lang='grc' dir='ltr'><strong>ό</strong></span> <span class='ocrx_word' id='word_1_703' title='bbox 3160 4459 3407 4523; x_wconf 88' lang='grc' dir='ltr'>θάνατος.</span> <span class='ocrx_word' id='word_1_704' title='bbox 3453 4456 3641 4512; x_wconf 85' lang='grc' dir='ltr'>Ταῦτά</span> 
     </span>
    </p>
   </div>
   <div class='ocr_carea' id='block_1_93' title="bbox 375 4530 1955 4629">
    <p class='ocr_par' dir='ltr' id='par_1_93' title="bbox 375 4530 1955 4623">
     <span class='ocr_line' id='line_1_93' title="bbox 375 4530 1955 4623; baseline 0.015 -39"><span class='ocrx_word' id='word_1_705' title='bbox 375 4530 520 4586; x_wconf 80' lang='lat' dir='ltr'><strong>Num</strong></span> <span class='ocrx_word' id='word_1_706' title='bbox 566 4534 722 4589; x_wconf 87' lang='lat' dir='ltr'><strong>tarda</strong></span> <span class='ocrx_word' id='word_1_707' title='bbox 755 4536 973 4592; x_wconf 84' lang='lat' dir='ltr'><strong>videtur</strong></span> <span class='ocrx_word' id='word_1_708' title='bbox 1015 4540 1130 4596; x_wconf 66' lang='lat' dir='ltr'><strong>haec</strong></span> <span class='ocrx_word' id='word_1_709' title='bbox 1171 4544 1387 4613; x_wconf 79' lang='lat' dir='ltr'><strong>gratia?</strong></span> <span class='ocrx_word' id='word_1_710' title='bbox 1427 4543 1570 4600; x_wconf 87' lang='lat' dir='ltr'><strong>Num</strong></span> <span class='ocrx_word' id='word_1_711' title='bbox 1601 4549 1768 4604; x_wconf 87' lang='lat' dir='ltr'><strong>nimis</strong></span> <span class='ocrx_word' id='word_1_712' title='bbox 1800 4549 1955 4623; x_wconf 82' lang='lat' dir='ltr'><strong>longa</strong></span> 
     </span>
    </p>
   </div>
   <div class='ocr_carea' id='block_1_94' title="bbox 2057 4530 3641 4629">
    <p class='ocr_par' dir='ltr' id='par_1_94' title="bbox 2063 4530 3641 4629">
     <span class='ocr_line' id='line_1_94' title="bbox 2063 4530 3641 4629; baseline -0.005 -17"><span class='ocrx_word' id='word_1_713' title='bbox 2063 4530 2210 4629; x_wconf 48' lang='grc' dir='ltr'>σοι-ἡ</span> <span class='ocrx_word' id='word_1_714' title='bbox 2237 4530 2536 4629; x_wconf 77' lang='grc' dir='ltr'>τριήμερος</span> <span class='ocrx_word' id='word_1_715' title='bbox 2569 4554 2874 4627; x_wconf 88' lang='grc' dir='ltr'>προθεσμία</span> <span class='ocrx_word' id='word_1_716' title='bbox 2922 4554 3333 4625; x_wconf 78' lang='grc' dir='ltr'>κατείργασται.</span> <span class='ocrx_word' id='word_1_717' title='bbox 3369 4551 3461 4623; x_wconf 80' lang='grc' dir='ltr'><strong>Μὴ</strong></span> <span class='ocrx_word' id='word_1_718' title='bbox 3506 4550 3641 4623; x_wconf 88' lang='grc' dir='ltr'>βρα-</span> 
     </span>
    </p>
   </div>
   <div class='ocr_carea' id='block_1_95' title="bbox 380 4626 1943 4704">
    <p class='ocr_par' dir='ltr' id='par_1_95' title="bbox 380 4626 1943 4704">
     <span class='ocr_line' id='line_1_95' title="bbox 380 4626 1943 4704; baseline 0.012 -24"><span class='ocrx_word' id='word_1_719' title='bbox 380 4626 668 4682; x_wconf 85' lang='lat' dir='ltr'><strong>intervallo</strong></span> <span class='ocrx_word' id='word_1_720' title='bbox 695 4635 905 4683; x_wconf 81' lang='lat' dir='ltr'><strong>tantum</strong></span> <span class='ocrx_word' id='word_1_721' title='bbox 938 4631 1137 4686; x_wconf 90' lang='lat' dir='ltr'><strong>bonum</strong></span> <span class='ocrx_word' id='word_1_722' title='bbox 1165 4642 1382 4704; x_wconf 88' lang='lat' dir='ltr'><strong>partum</strong></span> <span class='ocrx_word' id='word_1_723' title='bbox 1414 4640 1534 4695; x_wconf 87' lang='lat' dir='ltr'><strong>est?</strong></span> <span class='ocrx_word' id='word_1_724' title='bbox 1559 4638 1654 4697; x_wconf 84' lang='lat' dir='ltr'><strong>Vis</strong></span> <span class='ocrx_word' id='word_1_725' title='bbox 1686 4643 1943 4699; x_wconf 77' lang='lat' dir='ltr'><strong>eximiam</strong></span> 
     </span>
    </p>
   </div>
   <div class='ocr_carea' id='block_1_96' title="bbox 380 4715 1964 4806">
    <p class='ocr_par' dir='ltr' id='par_1_96' title="bbox 380 4715 1964 4806">
     <span class='ocr_line' id='line_1_96' title="bbox 380 4715 1964 4806; baseline 0.016 -39"><span class='ocrx_word' id='word_1_726' title='bbox 380 4715 638 4772; x_wconf 86' lang='lat' dir='ltr'><strong>virtutem</strong></span> <span class='ocrx_word' id='word_1_727' title='bbox 667 4733 987 4789; x_wconf 81' lang='lat' dir='ltr'><strong>agnoscere,</strong></span> <span class='ocrx_word' id='word_1_728' title='bbox 1018 4739 1125 4792; x_wconf 91' lang='lat' dir='ltr'><strong>qua</strong></span> <span class='ocrx_word' id='word_1_729' title='bbox 1156 4732 1268 4781; x_wconf 88' lang='lat' dir='ltr'><strong>tam</strong></span> <span class='ocrx_word' id='word_1_730' title='bbox 1299 4729 1497 4799; x_wconf 78' lang='lat' dir='ltr'><strong>exiguo</strong></span> <span class='ocrx_word' id='word_1_731' title='bbox 1533 4735 1796 4803; x_wconf 88' lang='lat' dir='ltr'><strong>temporis</strong></span> <span class='ocrx_word' id='word_1_732' title='bbox 1835 4750 1964 4806; x_wconf 84' lang='lat' dir='ltr'><strong>spa-</strong></span> 
     </span>
    </p>
   </div>
   <div class='ocr_carea' id='block_1_97' title="bbox 380 4807 1965 4884">
    <p class='ocr_par' dir='ltr' id='par_1_97' title="bbox 380 4807 1965 4884">
     <span class='ocr_line' id='line_1_97' title="bbox 380 4807 1965 4884; baseline 0.015 -23"><span class='ocrx_word' id='word_1_733' title='bbox 380 4807 461 4861; x_wconf 87' lang='lat' dir='ltr'><strong>tio</strong></span> <span class='ocrx_word' id='word_1_734' title='bbox 490 4807 605 4864; x_wconf 72' lang='lat' dir='ltr'><strong>haec</strong></span> <span class='ocrx_word' id='word_1_735' title='bbox 648 4821 802 4881; x_wconf 76' lang='lat' dir='ltr'><strong>gesta</strong></span> <span class='ocrx_word' id='word_1_736' title='bbox 833 4815 1001 4868; x_wconf 84' lang='lat' dir='ltr'><strong>sunt?</strong></span> <span class='ocrx_word' id='word_1_737' title='bbox 1025 4813 1230 4873; x_wconf 88' lang='lat' dir='ltr'><strong>Omnes</strong></span> <span class='ocrx_word' id='word_1_738' title='bbox 1276 4819 1410 4875; x_wconf 89' lang='lat' dir='ltr'><strong>mihi</strong></span> <span class='ocrx_word' id='word_1_739' title='bbox 1443 4821 1725 4879; x_wconf 90' lang='lat' dir='ltr'><strong>hominum</strong></span> <span class='ocrx_word' id='word_1_740' title='bbox 1776 4835 1965 4884; x_wconf 71' lang='lat' dir='ltr'><strong>aetates</strong></span> 
     </span>
    </p>
   </div>
   <div class='ocr_carea' id='block_1_98' title="bbox 372 4906 1957 4985">
    <p class='ocr_par' dir='ltr' id='par_1_98' title="bbox 372 4906 1957 4985">
     <span class='ocr_line' id='line_1_98' title="bbox 372 4906 1957 4985; baseline 0.014 -31"><span class='ocrx_word' id='word_1_741' title='bbox 372 4914 663 4967; x_wconf 83' lang='lat' dir='ltr'><strong>enumera,</strong></span> <span class='ocrx_word' id='word_1_742' title='bbox 716 4919 837 4972; x_wconf 71' lang='lat' dir='ltr'><strong>quze</strong></span> <span class='ocrx_word' id='word_1_743' title='bbox 883 4906 994 4974; x_wconf 84' lang='lat' dir='ltr'><strong>jam</strong></span> <span class='ocrx_word' id='word_1_744' title='bbox 1029 4908 1158 4964; x_wconf 90' lang='lat' dir='ltr'><strong>inde</strong></span> <span class='ocrx_word' id='word_1_745' title='bbox 1186 4910 1258 4967; x_wconf 91' lang='lat' dir='ltr'><strong>ab</strong></span> <span class='ocrx_word' id='word_1_746' title='bbox 1310 4912 1431 4982; x_wconf 88' lang='lat' dir='ltr'><strong>ipso</strong></span> <span class='ocrx_word' id='word_1_747' title='bbox 1461 4914 1641 4985; x_wconf 88' lang='lat' dir='ltr'><strong>primo</strong></span> <span class='ocrx_word' id='word_1_748' title='bbox 1687 4919 1957 4975; x_wconf 87' lang='lat' dir='ltr'><strong>malorum</strong></span> 
     </span>
    </p>
   </div>
   <div class='ocr_carea' id='block_1_99' title="bbox 380 4997 1960 5083">
    <p class='ocr_par' dir='ltr' id='par_1_99' title="bbox 380 4997 1960 5083">
     <span class='ocr_line' id='line_1_99' title="bbox 380 4997 1960 5083; baseline 0.014 -35"><span class='ocrx_word' id='word_1_749' title='bbox 380 5001 504 5049; x_wconf 90' lang='lat' dir='ltr'><strong>ortu</strong></span> <span class='ocrx_word' id='word_1_750' title='bbox 547 5011 721 5066; x_wconf 90' lang='lat' dir='ltr'><strong>usque</strong></span> <span class='ocrx_word' id='word_1_751' title='bbox 751 4997 819 5051; x_wconf 87' lang='lat' dir='ltr'><strong>ad</strong></span> <span class='ocrx_word' id='word_1_752' title='bbox 873 5014 1062 5055; x_wconf 90' lang='lat' dir='ltr'><strong>eorum</strong></span> <span class='ocrx_word' id='word_1_753' title='bbox 1108 5002 1388 5059; x_wconf 88' lang='lat' dir='ltr'><strong>interitum</strong></span> <span class='ocrx_word' id='word_1_754' title='bbox 1424 5008 1774 5075; x_wconf 83' lang='lat' dir='ltr'><strong>exstiterunt,</strong></span> <span class='ocrx_word' id='word_1_755' title='bbox 1827 5022 1960 5083; x_wconf 89' lang='lat' dir='ltr'><strong>quot</strong></span> 
     </span>
    </p>
   </div>
   <div class='ocr_carea' id='block_1_100' title="bbox 376 5086 1958 5168">
    <p class='ocr_par' dir='ltr' id='par_1_100' title="bbox 376 5086 1958 5168">
     <span class='ocr_line' id='line_1_100' title="bbox 376 5086 1958 5168; baseline 0.016 -31"><span class='ocrx_word' id='word_1_756' title='bbox 376 5086 614 5155; x_wconf 81' lang='lat' dir='ltr'><strong>singulis</strong></span> <span class='ocrx_word' id='word_1_757' title='bbox 663 5090 915 5146; x_wconf 85' lang='lat' dir='ltr'><strong>:etatibus</strong></span> <span class='ocrx_word' id='word_1_758' title='bbox 974 5091 1242 5159; x_wconf 83' lang='lat' dir='ltr'><strong>homines,</strong></span> <span class='ocrx_word' id='word_1_759' title='bbox 1295 5112 1460 5168; x_wconf 90' lang='lat' dir='ltr'><strong>quam</strong></span> <span class='ocrx_word' id='word_1_760' title='bbox 1518 5101 1686 5157; x_wconf 89' lang='lat' dir='ltr'><strong>multa</strong></span> <span class='ocrx_word' id='word_1_761' title='bbox 1738 5106 1958 5165; x_wconf 89' lang='lat' dir='ltr'><strong>cunctis</strong></span> 
     </span>
    </p>
   </div>
   <div class='ocr_carea' id='block_1_101' title="bbox 376 5183 1960 5269">
    <p class='ocr_par' dir='ltr' id='par_1_101' title="bbox 376 5183 1960 5269">
     <span class='ocr_line' id='line_1_101' title="bbox 376 5183 1960 5269; baseline 0.014 -37"><span class='ocrx_word' id='word_1_762' title='bbox 376 5183 634 5238; x_wconf 64' lang='lat' dir='ltr'><strong>aetatibus</strong></span> <span class='ocrx_word' id='word_1_763' title='bbox 662 5183 942 5240; x_wconf 90' lang='lat' dir='ltr'><strong>hominum</strong></span> <span class='ocrx_word' id='word_1_764' title='bbox 971 5188 1141 5242; x_wconf 87' lang='lat' dir='ltr'><strong>millia</strong></span> <span class='ocrx_word' id='word_1_765' title='bbox 1169 5188 1412 5247; x_wconf 81' lang='lat' dir='ltr'><strong>luerunt.</strong></span> <span class='ocrx_word' id='word_1_766' title='bbox 1447 5191 1577 5251; x_wconf 86' lang='lat' dir='ltr'><strong>lniri</strong></span> <span class='ocrx_word' id='word_1_767' title='bbox 1619 5211 1727 5252; x_wconf 89' lang='lat' dir='ltr'><strong>non</strong></span> <span class='ocrx_word' id='word_1_768' title='bbox 1758 5201 1960 5269; x_wconf 88' lang='lat' dir='ltr'><strong>poterit</strong></span> 
     </span>
    </p>
   </div>
   <div class='ocr_carea' id='block_1_102' title="bbox 380 5276 1964 5361">
    <p class='ocr_par' dir='ltr' id='par_1_102' title="bbox 380 5276 1964 5361">
     <span class='ocr_line' id='line_1_102' title="bbox 380 5276 1964 5361; baseline 0.013 -35"><span class='ocrx_word' id='word_1_769' title='bbox 380 5288 645 5326; x_wconf 81' lang='lat' dir='ltr'><strong>numerus</strong></span> <span class='ocrx_word' id='word_1_770' title='bbox 677 5276 1044 5336; x_wconf 85' lang='lat' dir='ltr'><strong>multitudinis</strong></span> <span class='ocrx_word' id='word_1_771' title='bbox 1074 5297 1287 5350; x_wconf 87' lang='lat' dir='ltr'><strong>eorum,</strong></span> <span class='ocrx_word' id='word_1_772' title='bbox 1317 5299 1414 5355; x_wconf 86' lang='lat' dir='ltr'><strong>per</strong></span> <span class='ocrx_word' id='word_1_773' title='bbox 1437 5301 1577 5356; x_wconf 89' lang='lat' dir='ltr'><strong>quos</strong></span> <span class='ocrx_word' id='word_1_774' title='bbox 1604 5288 1808 5343; x_wconf 85' lang='lat' dir='ltr'><strong>malitia</strong></span> <span class='ocrx_word' id='word_1_775' title='bbox 1835 5290 1964 5361; x_wconf 89' lang='lat' dir='ltr'><strong>jure</strong></span> 
     </span>
    </p>
   </div>
   <div class='ocr_carea' id='block_1_103' title="bbox 378 5363 1964 5451">
    <p class='ocr_par' dir='ltr' id='par_1_103' title="bbox 378 5363 1964 5451">
     <span class='ocr_line' id='line_1_103' title="bbox 378 5363 1964 5451; baseline 0.015 -35"><span class='ocrx_word' id='word_1_776' title='bbox 378 5363 792 5433; x_wconf 86' lang='lat' dir='ltr'><strong>quodammodo</strong></span> <span class='ocrx_word' id='word_1_777' title='bbox 844 5370 1189 5430; x_wconf 85' lang='lat' dir='ltr'><strong>haereditario</strong></span> <span class='ocrx_word' id='word_1_778' title='bbox 1246 5377 1328 5433; x_wconf 90' lang='lat' dir='ltr'><strong>sic</strong></span> <span class='ocrx_word' id='word_1_779' title='bbox 1381 5391 1680 5451; x_wconf 75' lang='lat' dir='ltr'><strong>propagata</strong></span> <span class='ocrx_word' id='word_1_780' title='bbox 1736 5390 1839 5447; x_wconf 87' lang='lat' dir='ltr'><strong>est,</strong></span> <span class='ocrx_word' id='word_1_781' title='bbox 1903 5392 1964 5439; x_wconf 90' lang='lat' dir='ltr'><strong>ut</strong></span> 
     </span>
    </p>
   </div>
   <div class='ocr_carea' id='block_1_104' title="bbox 2059 4643 3641 4720">
    <p class='ocr_par' dir='ltr' id='par_1_104' title="bbox 2059 4643 3641 4720">
     <span class='ocr_line' id='line_1_104' title="bbox 2059 4643 3641 4720; baseline -0.004 -17"><span class='ocrx_word' id='word_1_782' title='bbox 2059 4650 2176 4704; x_wconf 88' lang='grc' dir='ltr'>δεῖα</span> <span class='ocrx_word' id='word_1_783' title='bbox 2197 4650 2231 4720; x_wconf 88' lang='grc' dir='ltr'><strong>ή</strong></span> <span class='ocrx_word' id='word_1_784' title='bbox 2259 4649 2450 4720; x_wconf 85' lang='grc' dir='ltr'>χάρις;</span> <span class='ocrx_word' id='word_1_785' title='bbox 2496 4645 2572 4717; x_wconf 80' lang='grc' dir='ltr'>μὴ</span> <span class='ocrx_word' id='word_1_786' title='bbox 2611 4645 2678 4699; x_wconf 87' lang='grc' dir='ltr'>δι’</span> <span class='ocrx_word' id='word_1_787' title='bbox 2714 4643 2891 4717; x_wconf 79' lang='grc' dir='ltr'>ἄκρας</span> <span class='ocrx_word' id='word_1_788' title='bbox 2925 4645 3172 4716; x_wconf 87' lang='grc' dir='ltr'>περιόδου</span> <span class='ocrx_word' id='word_1_789' title='bbox 3205 4643 3457 4698; x_wconf 86' lang='grc' dir='ltr'>τοσοῦτον</span> <span class='ocrx_word' id='word_1_790' title='bbox 3501 4643 3641 4712; x_wconf 83' lang='grc' dir='ltr'>ἀγα-</span> 
     </span>
    </p>
   </div>
   <div class='ocr_carea' id='block_1_105' title="bbox 2063 4735 3641 4812">
    <p class='ocr_par' dir='ltr' id='par_1_105' title="bbox 2063 4735 3641 4812">
     <span class='ocr_line' id='line_1_105' title="bbox 2063 4735 3641 4812; baseline -0.004 -16"><span class='ocrx_word' id='word_1_791' title='bbox 2063 4742 2151 4796; x_wconf 80' lang='grc' dir='ltr'>θὸν</span> <span class='ocrx_word' id='word_1_792' title='bbox 2183 4740 2541 4812; x_wconf 87' lang='grc' dir='ltr'>κατώρθωται</span> <span class='ocrx_word' id='word_1_793' title='bbox 2569 4757 2584 4805; x_wconf 91' lang='lat'><strong>;</strong></span> <span class='ocrx_word' id='word_1_794' title='bbox 2612 4737 2801 4792; x_wconf 87' lang='grc' dir='ltr'>Βούλει</span> <span class='ocrx_word' id='word_1_795' title='bbox 2827 4736 3029 4807; x_wconf 84' lang='grc' dir='ltr'>γνῶναι</span> <span class='ocrx_word' id='word_1_796' title='bbox 3077 4735 3139 4790; x_wconf 84' lang='grc' dir='ltr'>τὺ</span> <span class='ocrx_word' id='word_1_797' title='bbox 3170 4735 3505 4808; x_wconf 83' lang='grc' dir='ltr'>ὑπερϐάλλον</span> <span class='ocrx_word' id='word_1_798' title='bbox 3540 4737 3641 4804; x_wconf 82' lang='grc' dir='ltr'>τῆς</span> 
     </span>
    </p>
   </div>
   <div class='ocr_carea' id='block_1_106' title="bbox 2059 4825 3640 4904">
    <p class='ocr_par' dir='ltr' id='par_1_106' title="bbox 2059 4825 3640 4904">
     <span class='ocr_line' id='line_1_106' title="bbox 2059 4825 3640 4904; baseline -0.006 -17"><span class='ocrx_word' id='word_1_799' title='bbox 2059 4833 2360 4904; x_wconf 86' lang='grc' dir='ltr'>δυνάμεως,</span> <span class='ocrx_word' id='word_1_800' title='bbox 2386 4832 2493 4884; x_wconf 88' lang='grc' dir='ltr'><strong>τῶν</strong></span> <span class='ocrx_word' id='word_1_801' title='bbox 2542 4832 2602 4885; x_wconf 88' lang='grc' dir='ltr'><strong>ἐν</strong></span> <span class='ocrx_word' id='word_1_802' title='bbox 2655 4828 2798 4884; x_wconf 72' lang='grc' dir='ltr'>οὕτω</span> <span class='ocrx_word' id='word_1_803' title='bbox 2839 4829 3031 4900; x_wconf 81' lang='grc' dir='ltr'>βραχεῖ</span> <span class='ocrx_word' id='word_1_804' title='bbox 3070 4829 3246 4902; x_wconf 89' lang='grc' dir='ltr'>χρόνῳ</span> <span class='ocrx_word' id='word_1_805' title='bbox 3276 4825 3640 4898; x_wconf 87' lang='grc' dir='ltr'>κατορθωθέν-</span> 
     </span>
    </p>
   </div>
   <div class='ocr_carea' id='block_1_107' title="bbox 2060 4918 3640 4996">
    <p class='ocr_par' dir='ltr' id='par_1_107' title="bbox 2060 4918 3640 4996">
     <span class='ocr_line' id='line_1_107' title="bbox 2060 4918 3640 4996; baseline -0.004 -18"><span class='ocrx_word' id='word_1_806' title='bbox 2060 4941 2206 4987; x_wconf 83' lang='grc' dir='ltr'>των;</span> <span class='ocrx_word' id='word_1_807' title='bbox 2253 4923 2582 4996; x_wconf 80' lang='grc' dir='ltr'>Ἀρίθμησόν</span> <span class='ocrx_word' id='word_1_808' title='bbox 2607 4941 2696 4995; x_wconf 92' lang='grc' dir='ltr'><strong>μοι</strong></span> <span class='ocrx_word' id='word_1_809' title='bbox 2731 4925 2913 4988; x_wconf 81' lang='grc' dir='ltr'>πάσας</span> <span class='ocrx_word' id='word_1_810' title='bbox 2944 4923 3043 4986; x_wconf 78' lang='grc' dir='ltr'>τὰς</span> <span class='ocrx_word' id='word_1_811' title='bbox 3083 4920 3287 4993; x_wconf 82' lang='grc' dir='ltr'>μεταξὺ</span> <span class='ocrx_word' id='word_1_812' title='bbox 3315 4919 3508 4988; x_wconf 85' lang='grc' dir='ltr'>γενεὰς</span> <span class='ocrx_word' id='word_1_813' title='bbox 3530 4918 3640 4972; x_wconf 85' lang='grc' dir='ltr'><strong>τῶν</strong></span> 
     </span>
    </p>
   </div>
   <div class='ocr_carea' id='block_1_108' title="bbox 2064 5011 3638 5089">
    <p class='ocr_par' dir='ltr' id='par_1_108' title="bbox 2064 5011 3638 5089">
     <span class='ocr_line' id='line_1_108' title="bbox 2064 5011 3638 5089; baseline -0.005 -17"><span class='ocrx_word' id='word_1_814' title='bbox 2064 5015 2389 5089; x_wconf 84' lang='grc' dir='ltr'>ἀνθρώπων,</span> <span class='ocrx_word' id='word_1_815' title='bbox 2419 5016 2529 5070; x_wconf 82' lang='grc' dir='ltr'>ἀπὸ</span> <span class='ocrx_word' id='word_1_816' title='bbox 2559 5015 2660 5086; x_wconf 83' lang='grc' dir='ltr'>τῆς</span> <span class='ocrx_word' id='word_1_817' title='bbox 2703 5014 2926 5088; x_wconf 81' lang='grc' dir='ltr'>πρώτης</span> <span class='ocrx_word' id='word_1_818' title='bbox 2952 5015 3061 5069; x_wconf 83' lang='grc' dir='ltr'>τῶν</span> <span class='ocrx_word' id='word_1_819' title='bbox 3089 5013 3275 5068; x_wconf 83' lang='grc' dir='ltr'>κακῶν</span> <span class='ocrx_word' id='word_1_820' title='bbox 3302 5011 3510 5066; x_wconf 79' lang='grc' dir='ltr'>εἰσόδου</span> <span class='ocrx_word' id='word_1_821' title='bbox 3538 5011 3638 5067; x_wconf 82' lang='grc' dir='ltr'>καὶ</span> 
     </span>
    </p>
   </div>
   <div class='ocr_carea' id='block_1_109' title="bbox 2067 5101 3638 5181">
    <p class='ocr_par' dir='ltr' id='par_1_109' title="bbox 2067 5101 3638 5181">
     <span class='ocr_line' id='line_1_109' title="bbox 2067 5101 3638 5181; baseline -0.004 -18"><span class='ocrx_word' id='word_1_822' title='bbox 2067 5109 2228 5181; x_wconf 82' lang='grc' dir='ltr'>μέχρι</span> <span class='ocrx_word' id='word_1_823' title='bbox 2256 5109 2355 5180; x_wconf 87' lang='grc' dir='ltr'>τῆς</span> <span class='ocrx_word' id='word_1_824' title='bbox 2383 5108 2712 5176; x_wconf 81' lang='grc' dir='ltr'>ἀναλύσεως,</span> <span class='ocrx_word' id='word_1_825' title='bbox 2740 5108 2897 5162; x_wconf 90' lang='grc' dir='ltr'>πόσοι</span> <span class='ocrx_word' id='word_1_826' title='bbox 2926 5106 3044 5161; x_wconf 84' lang='grc' dir='ltr'>καθ’</span> <span class='ocrx_word' id='word_1_827' title='bbox 3073 5106 3309 5175; x_wconf 77' lang='grc' dir='ltr'>ἑκάστην</span> <span class='ocrx_word' id='word_1_828' title='bbox 3327 5101 3520 5172; x_wconf 82' lang='grc' dir='ltr'>γενεὰν</span> <span class='ocrx_word' id='word_1_829' title='bbox 3541 5103 3638 5158; x_wconf 65' lang='grc' dir='ltr'><strong>ἄν’</strong></span> 
     </span>
    </p>
   </div>
   <div class='ocr_carea' id='block_1_110' title="bbox 2064 5194 3639 5275">
    <p class='ocr_par' dir='ltr' id='par_1_110' title="bbox 2064 5194 3639 5275">
     <span class='ocr_line' id='line_1_110' title="bbox 2064 5194 3639 5275; baseline -0.004 -18"><span class='ocrx_word' id='word_1_830' title='bbox 2064 5203 2271 5275; x_wconf 89' lang='grc' dir='ltr'>θρωποι</span> <span class='ocrx_word' id='word_1_831' title='bbox 2309 5204 2368 5256; x_wconf 91' lang='grc' dir='ltr'><strong>ἐν</strong></span> <span class='ocrx_word' id='word_1_832' title='bbox 2392 5202 2587 5266; x_wconf 86' lang='grc' dir='ltr'>πόσαις</span> <span class='ocrx_word' id='word_1_833' title='bbox 2606 5199 3002 5273; x_wconf 83' lang='grc' dir='ltr'>ἀριθμούμενοι</span> <span class='ocrx_word' id='word_1_834' title='bbox 3036 5197 3312 5268; x_wconf 87' lang='grc' dir='ltr'>μυριάσιν.</span> <span class='ocrx_word' id='word_1_835' title='bbox 3357 5194 3639 5251; x_wconf 83' lang='grc' dir='ltr'>Ἀδύνατόν</span> 
     </span>
    </p>
   </div>
   <div class='ocr_carea' id='block_1_111' title="bbox 2063 5282 3641 5369">
    <p class='ocr_par' dir='ltr' id='par_1_111' title="bbox 2063 5282 3641 5369">
     <span class='ocr_line' id='line_1_111' title="bbox 2063 5282 3641 5369; baseline -0.003 -21"><span class='ocrx_word' id='word_1_836' title='bbox 2063 5297 2211 5349; x_wconf 89' lang='grc' dir='ltr'>ἐστιν</span> <span class='ocrx_word' id='word_1_837' title='bbox 2231 5294 2447 5369; x_wconf 79' lang='grc' dir='ltr'>ἀριθμῷ</span> <span class='ocrx_word' id='word_1_838' title='bbox 2465 5294 2837 5365; x_wconf 84' lang='grc' dir='ltr'>διαλειφθῆναι</span> <span class='ocrx_word' id='word_1_839' title='bbox 2858 5293 2921 5347; x_wconf 82' lang='grc' dir='ltr'>τὸ</span> <span class='ocrx_word' id='word_1_840' title='bbox 2948 5290 3171 5363; x_wconf 81' lang='grc' dir='ltr'>πλῆθος,</span> <span class='ocrx_word' id='word_1_841' title='bbox 3188 5282 3265 5344; x_wconf 83' lang='grc' dir='ltr'>ὧν</span> <span class='ocrx_word' id='word_1_842' title='bbox 3293 5288 3353 5344; x_wconf 88' lang='grc' dir='ltr'><strong>ἐν</strong></span> <span class='ocrx_word' id='word_1_843' title='bbox 3377 5288 3498 5353; x_wconf 78' lang='grc' dir='ltr'>ταῖς</span> <span class='ocrx_word' id='word_1_844' title='bbox 3524 5288 3641 5343; x_wconf 83' lang='grc' dir='ltr'>δια-</span> 
     </span>
    </p>
   </div>
   <div class='ocr_carea' id='block_1_112' title="bbox 2063 5378 3641 5458">
    <p class='ocr_par' dir='ltr' id='par_1_112' title="bbox 2063 5378 3641 5458">
     <span class='ocr_line' id='line_1_112' title="bbox 2063 5378 3641 5458; baseline -0.004 -18"><span class='ocrx_word' id='word_1_845' title='bbox 2063 5387 2245 5458; x_wconf 88' lang='grc' dir='ltr'>δοχαῖς</span> <span class='ocrx_word' id='word_1_846' title='bbox 2281 5388 2315 5457; x_wconf 84' lang='grc' dir='ltr'><strong>ή</strong></span> <span class='ocrx_word' id='word_1_847' title='bbox 2366 5385 2534 5440; x_wconf 81' lang='grc' dir='ltr'>κακία</span> <span class='ocrx_word' id='word_1_848' title='bbox 2598 5382 3026 5439; x_wconf 85' lang='grc' dir='ltr'>συνεπλατύνετο</span> <span class='ocrx_word' id='word_1_849' title='bbox 3054 5422 3068 5446; x_wconf 89' lang='grc'><strong>,</strong></span> <span class='ocrx_word' id='word_1_850' title='bbox 3100 5380 3195 5435; x_wconf 77' lang='grc' dir='ltr'>καὶ</span> <span class='ocrx_word' id='word_1_851' title='bbox 3246 5382 3276 5434; x_wconf 82' lang='grc' dir='ltr'><strong><em>ὁ</em></strong></span> <span class='ocrx_word' id='word_1_852' title='bbox 3324 5378 3492 5445; x_wconf 61' lang='grc' dir='ltr'>κακὸς</span> <span class='ocrx_word' id='word_1_853' title='bbox 3539 5380 3641 5451; x_wconf 80' lang='grc' dir='ltr'>τῆς</span> 
     </span>
    </p>
   </div>
   <div class='ocr_carea' id='block_1_113' title="bbox 386 5456 1955 5551">
    <p class='ocr_par' dir='ltr' id='par_1_113' title="bbox 386 5456 1955 5545">
     <span class='ocr_line' id='line_1_113' title="bbox 386 5456 1955 5545; baseline 0.015 -37"><span class='ocrx_word' id='word_1_854' title='bbox 386 5456 545 5510; x_wconf 65' lang='lat' dir='ltr'><strong>malae</strong></span> <span class='ocrx_word' id='word_1_855' title='bbox 594 5460 959 5528; x_wconf 88' lang='lat' dir='ltr'><strong>improbitatis</strong></span> <span class='ocrx_word' id='word_1_856' title='bbox 1005 5464 1208 5523; x_wconf 73' lang='lat' dir='ltr'><strong>divitiae</strong></span> <span class='ocrx_word' id='word_1_857' title='bbox 1266 5469 1322 5525; x_wconf 89' lang='lat' dir='ltr'><strong>in</strong></span> <span class='ocrx_word' id='word_1_858' title='bbox 1371 5472 1616 5543; x_wconf 78' lang='lat' dir='ltr'><strong>singulos</strong></span> <span class='ocrx_word' id='word_1_859' title='bbox 1665 5472 1955 5545; x_wconf 65' lang='lat' dir='ltr'><strong>dispertita</strong></span> 
     </span>
    </p>
   </div>
   <div class='ocr_carea' id='block_1_114' title="bbox 2057 5456 3642 5551">
    <p class='ocr_par' dir='ltr' id='par_1_114' title="bbox 2066 5456 3642 5551">
     <span class='ocr_line' id='line_1_114' title="bbox 2066 5456 3642 5551; baseline -0.006 -18"><span class='ocrx_word' id='word_1_860' title='bbox 2066 5456 2328 5551; x_wconf 80' lang='grc' dir='ltr'>πονηρίας</span> <span class='ocrx_word' id='word_1_861' title='bbox 2366 5476 2594 5541; x_wconf 85' lang='grc' dir='ltr'>πλοῦτος</span> <span class='ocrx_word' id='word_1_862' title='bbox 2638 5479 2717 5540; x_wconf 84' lang='grc' dir='ltr'><strong>είς</strong></span> <span class='ocrx_word' id='word_1_863' title='bbox 2756 5476 2882 5538; x_wconf 81' lang='grc' dir='ltr'>τοὺς</span> <span class='ocrx_word' id='word_1_864' title='bbox 2934 5472 3057 5527; x_wconf 82' lang='grc' dir='ltr'>καθ’</span> <span class='ocrx_word' id='word_1_865' title='bbox 3091 5473 3318 5527; x_wconf 72' lang='grc' dir='ltr'>ἕκαστον</span> <span class='ocrx_word' id='word_1_866' title='bbox 3352 5470 3642 5543; x_wconf 83' lang='grc' dir='ltr'>μεριζόμε-</span> 
     </span>
    </p>
   </div>
   <div class='ocr_carea' id='block_1_115' title="bbox 380 5549 1963 5638">
    <p class='ocr_par' dir='ltr' id='par_1_115' title="bbox 380 5549 1963 5638">
     <span class='ocr_line' id='line_1_115' title="bbox 380 5549 1963 5638; baseline 0.012 -33"><span class='ocrx_word' id='word_1_867' title='bbox 380 5549 726 5621; x_wconf 77' lang='lat' dir='ltr'><strong>singulorum</strong></span> <span class='ocrx_word' id='word_1_868' title='bbox 771 5553 955 5609; x_wconf 86' lang='lat' dir='ltr'><strong>studio</strong></span> <span class='ocrx_word' id='word_1_869' title='bbox 992 5566 1045 5611; x_wconf 91' lang='lat' dir='ltr'><strong>ct</strong></span> <span class='ocrx_word' id='word_1_870' title='bbox 1076 5573 1242 5629; x_wconf 87' lang='lat' dir='ltr'><strong>opera</strong></span> <span class='ocrx_word' id='word_1_871' title='bbox 1284 5571 1459 5621; x_wconf 75' lang='lat' dir='ltr'><strong>aucta:</strong></span> <span class='ocrx_word' id='word_1_872' title='bbox 1513 5565 1661 5635; x_wconf 86' lang='lat' dir='ltr'><strong>sint,</strong></span> <span class='ocrx_word' id='word_1_873' title='bbox 1696 5577 1858 5638; x_wconf 88' lang='lat' dir='ltr'><strong>atque</strong></span> <span class='ocrx_word' id='word_1_874' title='bbox 1889 5568 1963 5624; x_wconf 88' lang='lat' dir='ltr'><strong>ita</strong></span> 
     </span>
    </p>
   </div>
   <div class='ocr_carea' id='block_1_116' title="bbox 2067 5563 3643 5641">
    <p class='ocr_par' dir='ltr' id='par_1_116' title="bbox 2067 5563 3643 5641">
     <span class='ocr_line' id='line_1_116' title="bbox 2067 5563 3643 5641; baseline -0.004 -16"><span class='ocrx_word' id='word_1_875' title='bbox 2067 5589 2178 5636; x_wconf 88' lang='grc' dir='ltr'>νος,</span> <span class='ocrx_word' id='word_1_876' title='bbox 2204 5571 2269 5623; x_wconf 86' lang='grc' dir='ltr'>δι’</span> <span class='ocrx_word' id='word_1_877' title='bbox 2315 5571 2545 5626; x_wconf 78' lang='grc' dir='ltr'>ἑκάστου</span> <span class='ocrx_word' id='word_1_878' title='bbox 2586 5566 2787 5641; x_wconf 83' lang='grc' dir='ltr'>μείζων</span> <span class='ocrx_word' id='word_1_879' title='bbox 2818 5565 3047 5635; x_wconf 81' lang='grc' dir='ltr'>ἐγίνετο,</span> <span class='ocrx_word' id='word_1_880' title='bbox 3069 5567 3164 5618; x_wconf 78' lang='grc' dir='ltr'><strong>καὶ</strong></span> <span class='ocrx_word' id='word_1_881' title='bbox 3217 5563 3361 5619; x_wconf 78' lang='grc' dir='ltr'>οὕτω</span> <span class='ocrx_word' id='word_1_882' title='bbox 3413 5563 3643 5633; x_wconf 82' lang='grc' dir='ltr'>πολυγο-</span> 
     </span>
    </p>
   </div>
   <div class='ocr_carea' id='block_1_117' title="bbox 461 5729 1955 5813">
    <p class='ocr_par' dir='ltr' id='par_1_117' title="bbox 461 5729 1955 5813">
     <span class='ocr_line' id='line_1_117' title="bbox 461 5729 1955 5813; baseline 0.011 -28"><span class='ocrx_word' id='word_1_883' title='bbox 461 5731 506 5761; x_wconf 70' lang='lat'>“</span> <span class='ocrx_word' id='word_1_884' title='bbox 538 5729 639 5787; x_wconf 86' lang='lat' dir='ltr'><strong>Job</strong></span> <span class='ocrx_word' id='word_1_885' title='bbox 681 5748 764 5797; x_wconf 67' lang='grc' dir='ltr'><strong>ει,</strong></span> <span class='ocrx_word' id='word_1_886' title='bbox 811 5733 889 5788; x_wconf 81' lang='lat' dir='ltr'><strong>l9.</strong></span> <span class='ocrx_word' id='word_1_887' title='bbox 964 5736 1010 5767; x_wconf 80' lang='lat'>&quot;</span> <span class='ocrx_word' id='word_1_888' title='bbox 1039 5736 1142 5793; x_wconf 85' lang='lat' dir='ltr'><strong>lsa.</strong></span> <span class='ocrx_word' id='word_1_889' title='bbox 1190 5754 1300 5807; x_wconf 73' lang='lat' dir='ltr'><strong>xiv,</strong></span> <span class='ocrx_word' id='word_1_890' title='bbox 1334 5740 1421 5813; x_wconf 68' lang='lat' dir='ltr'><strong>l5,</strong></span> <span class='ocrx_word' id='word_1_891' title='bbox 1446 5741 1534 5798; x_wconf 73' lang='grc' dir='ltr'>ιι.</span> <span class='ocrx_word' id='word_1_892' title='bbox 1610 5745 1656 5777; x_wconf 79' lang='grc'><strong>³⁸</strong></span> <span class='ocrx_word' id='word_1_893' title='bbox 1685 5743 1790 5802; x_wconf 83' lang='lat' dir='ltr'><strong>lsa.</strong></span> <span class='ocrx_word' id='word_1_894' title='bbox 1826 5763 1879 5809; x_wconf 66' lang='grc' dir='ltr'><strong>κ,</strong></span> <span class='ocrx_word' id='word_1_895' title='bbox 1912 5747 1955 5801; x_wconf 63' lang='lat' dir='ltr'><strong>l-l</strong></span> 
     </span>
    </p>
   </div>
   <div class='ocr_carea' id='block_1_118' title="bbox 2057 5729 3147 5813">
    <p class='ocr_par' dir='ltr' id='par_1_118' title="bbox 2072 5739 3147 5809">
     <span class='ocr_line' id='line_1_118' title="bbox 2072 5739 3147 5809; baseline -0.005 -9"><span class='ocrx_word' id='word_1_896' title='bbox 2072 5748 2116 5778; x_wconf 82' lang='grc'><strong>²⁷</strong></span> <span class='ocrx_word' id='word_1_897' title='bbox 2146 5744 2228 5801; x_wconf 84' lang='lat' dir='ltr'><strong>Isa</strong></span> <span class='ocrx_word' id='word_1_898' title='bbox 2286 5763 2396 5809; x_wconf 77' lang='lat' dir='ltr'><strong>xw,</strong></span> <span class='ocrx_word' id='word_1_899' title='bbox 2441 5746 2501 5801; x_wconf 77' lang='grc'><strong>12</strong></span> <span class='ocrx_word' id='word_1_900' title='bbox 2531 5761 2652 5807; x_wconf 71' lang='lat' dir='ltr'><strong>sqq.</strong></span> <span class='ocrx_word' id='word_1_901' title='bbox 2707 5744 2751 5778; x_wconf 80' lang='lat'>&quot;</span> <span class='ocrx_word' id='word_1_902' title='bbox 2787 5741 2829 5797; x_wconf 88' lang='lat' dir='ltr'><strong>ll</strong></span> <span class='ocrx_word' id='word_1_903' title='bbox 2862 5742 2990 5798; x_wconf 83' lang='lat' dir='ltr'><strong>Cor.</strong></span> <span class='ocrx_word' id='word_1_904' title='bbox 3019 5758 3070 5803; x_wconf 72' lang='grc' dir='ltr'><strong>ι’.</strong></span> <span class='ocrx_word' id='word_1_905' title='bbox 3093 5739 3147 5795; x_wconf 76' lang='grc'><strong>5.</strong></span> 
     </span>
    </p>
   </div>
  </div>
