4154 6354
466 390 571 446 609

1448 382 1515 435 l-N
1552 380 1826 438 CHRISTI
1866 380 2499 438 RESURRECTIOEEM
2540 383 2747 438 ORAT.
2792 384 2830 437 Ι.

3638 378 3743 429 (ιιι)

466 501 631 555 νοῦσα
686 499 984 570 συνδιεξῄει
1020 501 1138 562 ταῖς
1188 500 1274 552 ἀεὶ
1323 500 1733 569 ἐπιγενομέναις
1773 502 1987 566 γενεαῖς
2016 501 2049 569 ἡ

2167 497 2388 551 Fecunda
2424 498 2632 551 malitia
2667 497 2921 551 :ctatibus
2946 494 3138 548 ordine
3168 491 3589 548 succedentibus
3627 508 3747 561 pei-

468 595 633 648 κακία
662 594 894 664 χεομένη
929 593 1007 663 τῷ
1038 593 1232 663 πλήθει
1270 594 1405 663 προς
1446 592 1693 663 ἄπειρον,
1726 593 1830 655 ἕως
1878 594 1958 655 εἰς
1998 593 2058 645 τὸ

468 685 767 755 ἀκρότατον
808 684 902 735 τοῦ
945 683 1117 735 κακοῦ
1154 682 1488 753 προελθοῦσα
1516 723 1530 746 ,
1566 682 1746 753 πάσης
1783 682 2058 752 κατεκρά-

466 793 596 846 τησε
632 775 733 844 τῆς
771 774 1119 844 ἀνθρωπίνης
1154 774 1371 841 φύσεως
1407 790 1421 804 ·
1449 774 1592 826 οὑτω
1629 774 1723 827 τοῦ
1770 774 2057 845 Προφήτου

467 866 770 930 καθολικῶς
822 867 1246 937 ἀποφηναμένου
1270 907 1283 928 ,
1316 868 1398 919 ὃτι
1430 866 1660 931 Πάντες
1695 865 2020 930 ἐξέκλιναν
2041 907 2057 933 ,

467 962 590 1029 ἅμα
634 960 1075 1028 ἠχρεώθησαν,
1118 961 1207 1014 καὶ
1230 960 1329 1014 οὑκ
1364 956 1432 1031 ἦν
1462 964 1518 1013 ἐν
1558 962 1670 1023 τοῖς
1704 957 1855 1014 οὖσιν
1887 961 2059 1025 οῦδὲν,

467 1056 495 1106 ὂ
527 1054 601 1126 μὴ
631 1056 827 1118 κακίας
875 1055 1104 1124 ὄργανον
1136 1050 1223 1124 ἦν.
1245 1055 1288 1105 Τ
1293 1054 1356 1125 ἡν
1398 1049 1489 1106 οὖν
1522 1052 1790 1123 τοσαύτην
1831 1053 1925 1106 τοῦ
1962 1071 2061 1107 κα-

470 1146 567 1199 κοῦ
610 1145 842 1218 σωρείαν
870 1146 967 1217 τὴν
1000 1145 1109 1198 ἀπὸ
1156 1145 1466 1214 καταϐολῆς
1508 1145 1712 1216 κόσμου
1770 1146 1936 1216 μέχρι
1964 1146 2061 1217 τῆς

471 1239 614 1291 κατὰ
651 1240 710 1291 τὸ
736 1238 905 1303 πάθος
931 1237 1025 1291 τοῦ
1068 1238 1276 1309 Κυρίου
1322 1238 1634 1308 οἰκονομίας
1666 1238 2065 1310 συναθροισθεῖ-

472 1349 592 1398 σαν,
621 1334 649 1386 ὁ
686 1334 745 1384 ὲν
770 1333 915 1403 τρισὶ
948 1333 1169 1403 διαχέας
1204 1332 1462 1403 ἡμέραις,
1496 1333 1697 1402 μικράν
1721 1350 1803 1384 σοι
1837 1331 2064 1402 πεποίηέ

469 1443 561 1478 ται
604 1425 704 1494 τῆς
742 1425 1190 1497 ὑπερϐαλλούσης
1230 1425 1513 1495 δυνάμεως
1543 1424 1642 1495 τὴν
1693 1424 1984 1491 ὲπίδειξιν;
2025 1424 2059 1497 ἢ

469 1520 591 1588 οὐχὶ
628 1519 819 1571 πασῶν
888 1518 997 1572 τῶν
1043 1520 1101 1571 ὲν
1152 1519 1273 1581 ταῖς
1325 1517 1585 1589 ἱστορίαις
1641 1517 2063 1588 θαυματοποιῶν

475 1611 869 1685 ἰσχυροτέραν;
908 1612 1118 1683 Ὥσπερ
1159 1611 1268 1682 γὰρ
1298 1610 1583 1673 πλεονάζει
1606 1609 1699 1662 τοῦ
1731 1609 1969 1681 Σαμψὼν
2002 1609 2064 1662 τὸ

472 1703 679 1773 θαῦμα,
708 1703 769 1755 οὑ
820 1702 961 1756 κατά
1006 1702 1067 1756 τὸ
1109 1705 1438 1773 κατισχύσαι
1485 1704 1645 1773 μόνον
1689 1702 1784 1756 τοῦ
1828 1703 2060 1768 λέοντος,

472 1797 607 1851 ἀλλὰ
640 1799 732 1850 καὶ
776 1797 836 1850 τὸ
882 1797 1097 1861 ἀπόνως
1142 1798 1304 1851 αὑτὸν
1350 1796 1785 1868 διαχειρίσασθαι
1828 1801 2062 1867 γυμναῖς

473 1890 565 1941 καὶ
599 1888 819 1952 ἀόπλοις
853 1890 1009 1958 χερσὶ
1030 1889 1121 1942 τὸν
1146 1889 1289 1960 θῆρα
1328 1861 1736 1953 καταπαίζοντα
1758 1861 2059 1941 διανσπάσα-
2092 1861 2138 1920 Β

475 1982 598 2035 σθαι
616 1998 629 2010 ·
664 1980 808 2033 οὕτω
838 1981 932 2033 καὶ
964 1982 1058 2034 τοῦ
1086 1982 1213 2052 δίχα
1234 1982 1413 2051 πάσης
1442 1981 1710 2051 ὲργωδίας
1740 1981 1832 2035 τὸν
1856 1981 2067 2052 Κύριον

471 2072 568 2143 τὴν
612 2072 882 2144 τοσαύτην
938 2073 1201 2143 ἀφανίσαι
1261 2074 1486 2140 κακίαν,
1540 2074 1812 2140 ἀπόδειξις
1861 2072 2061 2144 μείζων

473 2165 589 2217 ἐστὶ
627 2165 721 2218 τοῦ
757 2164 855 2234 τῆς
892 2166 1172 2236 δυνάμεως
1210 2165 1659 2237 ὑπερϐάλλοντος.
1694 2166 1807 2236 Οὑχ
1856 2165 2063 2219 ὑδάτων

473 2255 715 2325 ἀπείρων
754 2257 1015 2326 ἐπιρροαὶ
1062 2258 1125 2309 ὲκ
1172 2257 1277 2309 τῶν
1329 2256 1534 2310 ἄνωθεν
1582 2255 1941 2327 καταρακτῶν
1986 2256 2064 2327 τῷ

475 2347 817 2419 ὑποκειμένῳ
876 2349 1425 2418 έγκαταπίπτουσαι,
1474 2350 1594 2406 οὑδὲ
1669 2349 1894 2403 ἄϐυσσοι
1955 2349 2063 2401 τῶν

478 2439 622 2493 ίδίων
660 2441 799 2512 ὅρων
845 2442 1330 2513 ὑπεροιδαίνουσαι,
1371 2443 1463 2495 καὶ
1515 2445 1625 2504 τοῖς
1664 2442 1925 2511 πελάγεσι
1966 2442 2072 2513 τὴν-

474 2530 577 2600 γῆν
610 2531 1019 2598 ὲπικλύζουσαι,
1047 2534 1168 2587 οὑδὲ
1196 2535 1346 2587 πᾶσα
1364 2537 1397 2605 ἡ
1423 2534 1716 2605 οἰκουμένη
1750 2535 1877 2607 νηὸς
1908 2534 2064 2606 δίκην

475 2622 769 2695 αὕτανδρος
790 2624 868 2695 τῷ
903 2624 1049 2696 βυθῴ
1071 2626 1479 2698 καλυπτομένη,
1514 2627 1635 2680 οὑδὲ
1678 2627 1778 2700 ὅρη
1806 2628 2065 2698 γινόμενα

477 2714 655 2784 βύθια,
686 2718 779 2769 καὶ
806 2718 1043 2788 κορυφαὶ
1082 2719 1190 2771 τῶν
1214 2718 1358 2789 ὀρῶν
1398 2719 1720 2790 ὑποϐρύχιοι
1740 2738 1753 2750 ·
1786 2721 1907 2774 οὑδὲ
1942 2721 2065 2775 καθ’

476 2809 767 2879 ὁμοιότητα
801 2811 1051 2881 Σοδόμων
1077 2813 1133 2863 αί
1155 2811 1253 2882 τῆς
1278 2812 1474 2882 φλογὸς
1500 2814 1797 2884 ἐπομϐρίαι
1832 2814 1910 2885 τῷ
1931 2815 2065 2887 πυρὶ

477 2901 537 2953 τὸ
563 2901 843 2973 διεφθορὸς
895 2904 1357 2975 ὲκκαθαίρουσαι*
1399 2906 1519 2959 οὑδὲ
1557 2907 1683 2960 ἄλλο
1726 2925 1778 2960 τι
1823 2908 2065 2961 τοιοῦτον

477 2990 630 3043 οὐδέν
675 3009 687 3022 ’
729 2991 863 3045 ἀλλὰ
911 2994 1059 3063 ἀπλῆ
1100 3012 1181 3057 τις
1229 2997 1324 3048 καὶ
1372 2996 1756 3067 ἀκατάληπτος
1804 2999 2067 3070 ἐπιδημία

484 3084 627 3153 μόνη,
645 3083 792 3152 ζωῆς
817 3124 830 3148 ,
860 3085 953 3137 καὶ
982 3086 1160 3153 φωτὸς
1193 3088 1463 3158 παρουσία
1489 3128 1504 3152 ,
1539 3091 1650 3152 τοῖς
1675 3092 1731 3142 ἐν
1764 3090 1945 3142 σκότει
1971 3091 2068 3143 καὶ

2163 589 2282 643 fusa
2321 590 2556 644 creverit
2595 590 2646 642 in
2681 589 2972 647 infinitum,
3006 587 3181 640 donec
3207 585 3273 638 ad
3301 600 3575 639 summum
3624 585 3748 637 mali

2162 682 2441 737 cumulum
2507 684 2829 751 perveniens
2898 689 3065 735 totam
3134 690 3384 733 naturam
3449 678 3749 730 humanam

2162 774 2493 842 occupavit?
2530 773 2622 827 Sic
2651 774 2794 827 enim
2826 772 2946 826 sine
2971 772 3290 841 exceptione
3321 770 3589 838 l'roplieta
3623 781 3750 820 sen-

2162 872 2389 923 tentiam
2456 871 2599 934 tulit,
2661 868 2875 933 Omnes,
2938 867 3191 937 inquiens
3217 869 3281 927 ὀ,
3329 866 3744 928 declinaverunt,

2162 964 2324 1016 simul
2352 964 2567 1016 inutiles
2603 964 2732 1033 facti
2767 971 2911 1023 διιηι,
2948 962 3083 1015 adeo
3110 969 3167 1014 ut
3212 961 3346 1013 nihil
3384 961 3743 1021 inveniretur,

2163 1057 2308 1125 quod
2362 1057 2584 1109 malitia:
2637 1072 2743 1110 non
2804 1062 2949 1109 esset
3014 1054 3458 1107 instrumentum.
3508 1050 3745 1105 Tantum

2164 1148 2332 1218 igitur
2372 1148 2642 1201 malorum
2697 1162 2978 1213 acervum,
3024 1146 3093 1199 ab
3121 1146 3238 1214 ipsa
3268 1144 3455 1197 mundi
3481 1146 3747 1197 constitu-

2164 1243 2313 1296 tione
2351 1241 2417 1295 ad
2448 1250 2677 1295 mortem
2708 1256 2883 1311 usque
2916 1239 3128 1294 Domini
3164 1239 3505 1292 cumulatum
3538 1247 3591 1291 et
3643 1252 3746 1290 au-

2165 1342 2335 1399 ctum,
2384 1334 2475 1404 qui
2518 1332 2695 1388 tribus
2720 1332 2916 1387 diebus
2944 1332 3217 1397 dissolvit,
3251 1337 3305 1385 et
3350 1330 3565 1395 evertit,
3614 1344 3747 1399 par-

2166 1442 2364 1480 vamne
2412 1426 2513 1480 tibi
2561 1426 2874 1495 praestantis
2926 1424 3200 1494 potentiae,
3254 1424 3581 1492 virtutisque
3633 1438 3747 1479 suae

2166 1517 2625 1586 significationem
2660 1515 2850 1571 dedit?
2880 1516 3071 1570 Nonne
3101 1515 3184 1570 vis
3218 1514 3361 1583 ejus,
3406 1531 3587 1569 rermn
3628 1529 3746 1569 om-

2165 1611 2338 1677 nium,
2400 1626 2521 1680 quae
2571 1609 2944 1664 monumentis
3000 1608 3355 1663 historiarum
3406 1607 3749 1661 admiranda:

2165 1712 2690 1767 coinmetnorantur,
2727 1704 2981 1775 apparuit
3010 1703 3513 1757 excellentissima?
3548 1702 3747 1768 Quem-

2167 1798 2460 1852 admodum
2487 1799 2630 1852 cnim
2665 1797 2948 1852 Samsonis
2972 1797 3185 1851 facinus
3210 1811 3275 1851 eo
3301 1797 3473 1865 magis
3503 1797 3759 1849 admira-

2166 1906 2309 1953 mur,
2343 1890 2488 1959 quod
2529 1906 2638 1945 non
2675 1891 2851 1945 solum
2890 1890 3099 1943 leonem
3146 1888 3296 1953 vicit,
3344 1889 3436 1943 sed
3471 1904 3594 1943 eum
3628 1890 3747 1942 sine

2165 1981 2349 2036 labore
2384 1984 2683 2052 superavit,
2747 1982 3003 2052 quodque
3032 1983 3178 2037 nuda
3232 1982 3535 2051 inermique
3583 1998 3745 2034 manu

2167 2080 2374 2125 tantam
2401 2071 2595 2133 feram,
2632 2083 2893 2142 tauquam
2946 2072 3137 2128 ludens
3169 2072 3371 2127 occidit
3398 2084 3449 2127 et
3480 2073 3751 2127 dilacera-

2165 2164 2244 2218 vit
2261 2164 2327 2195 "‘
2354 2182 2366 2217 :
2392 2165 2472 2218 sic
2498 2181 2561 2219 ea
2584 2182 2640 2220 re
2668 2164 2881 2219 Domini
2908 2166 3081 2221 virtus
3110 2166 3386 2233 excelluit,
3418 2166 3564 2237 quod
3599 2167 3764 2220 nullo.

2165 2259 2384 2328 negotio
2412 2258 2675 2312 malitiam
2707 2258 2930 2316 delevit.
2960 2258 3146 2330 Neque
3171 2261 3317 2314 enim
3371 2260 3763 2329 superioribus.

2166 2352 2462 2406 cataractis
2492 2351 2804 2421 patefactis,
2858 2353 3182 2423 abyssisque
3207 2353 3459 2423 proprios
3486 2356 3761 2408 terminos-

2166 2443 2626 2506 transilientibus,
2676 2452 2729 2497 et
2777 2443 3112 2508 tumefactis,
3162 2459 3429 2513 aquarum
3485 2445 3759 2497 immensa

2167 2534 2250 2589 vis
2282 2533 2510 2603 ingruit,
2545 2548 2668 2604 qua:
2702 2542 2905 2588 terram
2945 2533 3185 2589 obruens
3220 2533 3553 2595 universam,
3592 2548 3749 2585 mon-

2168 2634 2359 2697 tesque
2385 2626 2801 2692 transcendens,
2831 2636 2885 2681 et
2912 2627 3182 2680 montium
3215 2624 3435 2696 fastigia
3462 2640 3749 2693 superans,

2166 2721 2355 2775 orbem
2386 2727 2645 2789 tanquam
2693 2719 2972 2788 navigium
3023 2718 3184 2772 simul
3222 2732 3347 2771 cum
3404 2719 3538 2787 ipsis
3568 2718 3765 2770 nautis.

2168 2820 2332 2882 atque
2363 2812 2678 2867 vectoribus
2711 2812 3052 2867 demerserit.
3095 2808 3303 2882 Neque,
3344 2819 3403 2864 ut
3437 2811 3748 2865 Sodomita-

2167 2902 2691 2973 rum'temporibus
2748 2903 2997 2973 contigit,
3067 2904 3230 2974 ignis,
3298 2912 3351 2959 et
3408 2905 3761 2958 flammarum-

2168 2997 2365 3061 imber,
2427 2995 2573 3066 quod
2632 3003 2949 3065 corruptum
3002 3004 3142 3061 erat,
3198 3012 3437 3066 purgans
3486 2999 3759 3067 expiavit...

2168 3086 2354 3159 Neque
2387 3088 2533 3142 aliud
2564 3088 2861 3158 quidquam
2900 3086 3099 3141 accldit
3137 3087 3427 3157 ejusmodi.
3476 3088 3581 3143 Sed
3616 3088 3751 3143 sim-

481 3174 607 3242 σκιᾷ
668 3172 898 3227 θανάτου
948 3174 1317 3244 καθημένοις,
1372 3175 1613 3247 ἔκλειψιν
1671 3178 1906 3249 παντελῆ
1972 3181 2064 3233 καὶ

2171 3181 2293 3249 ριοι
2324 3180 2569 3249 quaedam
2603 3187 2658 3234 et
2690 3179 3145 3249 ineomprehensa
3191 3179 3574 3250 peregrinatio,
3634 3183 3748 3235 sola

478 3261 783 3335 ἀφανισμὸν
804 3264 895 3315 τοῦ
915 3283 972 3318 τε
1002 3266 1227 3329 σκότους
1250 3266 1344 3319 καὶ
1366 3266 1459 3320 τοῦ
1484 3267 1715 3321 θανάτου
1743 3268 2054 3340 πεποίηται.

480 3352 633 3405 Εἴπω
667 3372 716 3405 τι
745 3356 881 3427 πρὸς
924 3360 1035 3420 τοῖς
1074 3359 1384 3429 εἰρημένοις
1415 3361 1509 3413 καὶ
1535 3360 1757 3431 ἓτερον;
1804 3361 1973 3432 Ἐφύη
2001 3362 2061 3415 τὸ

480 3444 649 3496 κακὸν
686 3447 744 3499 ἐν
776 3448 854 3517 τῷ
900 3449 1019 3518 ὄφει
1046 3467 1059 3480 σ
1102 3450 1307 3522 ἡττήθη
1342 3453 1374 3522 ἡ
1425 3453 1561 3523 γυνὴ
1596 3454 1695 3523 τῆς
1739 3454 1937 3524 πείρας
1966 3455 2060 3508 τοῦ

484 3534 780 3607 δράκοντος
812 3556 825 3569 ·
877 3541 1088 3613 ἡττήθη
1144 3543 1282 3613 μετὰ
1335 3545 1507 3599 ταῦτα
1567 3547 1667 3617 τῆς
1733 3549 1990 3617 γυναικὸς
2033 3550 2063 3601 ὁ

481 3629 639 3700 όνιὴρ.
663 3632 760 3683 Διά
789 3634 956 3705 τριῶν
978 3634 1102 3706 ἔσχε
1123 3636 1183 3688 τὸ
1213 3637 1381 3690 κακὸν
1417 3637 1515 3710 τὴν
1546 3640 1779 3708 γένεσιν.
1828 3642 1971 3712 Πρὸς
2011 3642 2061 3694 τί

487 3738 576 3791 μοι
614 3721 799 3790 βλέπει
831 3725 1090 3797 τούτωνὴ
1147 3730 1369 3800 μνήμῃ
1403 3732 1560 3784 Ἐστι
1591 3732 1712 3785 τινά
1740 3732 1833 3785 τοῦ
1856 3731 2060 3793 ἀγαθοῦ

479 3812 633 3877 τάξιν
669 3814 759 3869 διὰ
789 3817 886 3888 τῆς
914 3819 971 3872 ἐν
1000 3820 1076 3890 τῷ
1098 3820 1252 3891 κακῷ
1290 3822 1494 3887 τάξεως
1535 3826 1887 3896 κατανοῆσαι.
1924 3827 2062 3898 Τρία

483 3904 666 3975 βλέπω
712 3909 885 3962 ταῦτα
922 3910 1016 3964 τοῦ
1049 3912 1219 3966 κακοῦ
1264 3914 1444 3985 δοχεῖα
1468 3932 1481 3946 ·
1514 3917 1728 3987 πρῶτον
1765 3919 1862 3989 μὲν
1886 3960 1901 3984 ,
1935 3920 1991 3972 ὲν
2019 3914 2064 3989 ᾦ

479 3998 541 4050 τὺ
574 4000 791 4071 πρῶτον
822 4004 1050 4076 συνέστη
1077 4022 1090 4034 ·
1122 4004 1393 4078 δεύτερον,
1442 4010 1521 4073 είς
1551 4010 1579 4062 ὂ
1609 4011 1881 4083 μετερῤύη
1902 4030 1915 4044 ·
1949 4012 2066 4085 τρί-

478 4110 590 4157 τον,
623 4088 746 4162 ὲνῷ
790 4096 927 4165 μετὰ
971 4096 1141 4150 ταῦτα
1176 4099 1485 4167 ἐπεγένετο.
1530 4101 1744 4174 Ἐπειδὴ
1794 4104 1971 4157 τοίνυν
2006 4105 2064 4158 ὲν

480 4191 594 4251 τοῖς
625 4190 771 4260 τρισὶ
798 4191 1009 4254 τούτοις
1036 4194 1068 4262 ἡ
1103 4192 1269 4245 κακία
1303 4193 1736 4268 ὲπλήμμυρε,τῇ
1758 4197 2061 4270 διαϐολικῇ,

482 4280 649 4348 λέγω,
681 4280 860 4349 φύσει,
902 4284 999 4337 καὶ
1046 4283 1125 4355 τῷ
1170 4285 1277 4338 τῶν
1326 4288 1600 4356 γυναικῶν
1650 4288 1816 4358 γένει,
1858 4291 1951 4343 καὶ
1986 4290 2065 4362 τῷ

483 4371 811 4442 πληρώματι
835 4375 943 4428 τῶν
979 4377 1187 4449 ἀνδρῶν
1213 4394 1227 4409 ο
1258 4379 1450 4432 τούτου
1480 4381 1641 4452 χάριν
1675 4382 1983 4448 ἀκολούθως
2006 4386 2064 4437 ἐν

484 4467 660 4536 ’τρισὶν
687 4467 920 4539 ἡμέραις
959 4471 992 4541 ἡ
1048 4471 1201 4535 νόσος
1230 4471 1633 4543 ἐξαφανίζεται,
1670 4475 1886 4547 ἑκάστῳ
1916 4476 2063 4545 γένει

2168 3273 2291 3326 vitae
2324 3272 2573 3342 lucisque
2601 3274 2891 3342 prtesentia
2922 3272 2976 3324 in
3000 3272 3261 3339 tenebris,
3290 3281 3346 3326 ct
3387 3272 3610 3341 regione
3639 3288 3750 3325 um.

2164 3364 2279 3419 brte
2303 3364 2499 3419 mortis
2541 3361 2957 3418 considentibus
2985 3363 3240 3418 tenebras
3281 3378 3472 3418 omnes
3501 3364 3748 3433 dispulit,

2164 3464 2219 3511 et
2280 3466 2513 3511 mortem
2574 3456 2749 3525 ipsam
2812 3455 3105 3511 interfecit.
3166 3456 3398 3510 Aliudne
3451 3457 3746 3526 quidquam

2166 3546 2461 3618 adiungam
2500 3548 2565 3602 iis
2610 3563 2732 3617 quae
2762 3547 2910 3601 dicta
2944 3547 3112 3602 sunt?
3158 3548 3216 3601 In
3249 3558 3502 3618 serpente
3547 3549 3747 3602 malum

2165 3648 2416 3695 exortum
2445 3648 2548 3696 est.
2580 3640 2775 3694 Mulier
2815 3640 3071 3695 draconis
3102 3639 3317 3696 insidiis
3355 3641 3580 3712 decepta
3626 3641 3742 3695 fuit.

2165 3730 2410 3787 Mulieris
2444 3733 2714 3787 illecebris
2778 3733 2862 3787 vir
2908 3734 3026 3802 ipse
3087 3735 3276 3789 cessit.
3337 3731 3539 3790 Tribus
3602 3736 3751 3790 hisce

2165 3824 2428 3895 gradibus
2485 3826 2689 3879 malum
2751 3827 2995 3882 emersit.
3056 3825 3327 3893 Quorsum
3376 3827 3489 3883 inec
3541 3838 3751 3898 spectat

2168 3916 2621 3970 commemoratio
2648 3916 2672 3969 ?
2695 3915 2847 3972 Licet
2875 3932 2940 3972 ex
2966 3918 3069 3971 hoc
3092 3918 3218 3970 mali
3246 3917 3437 3973 ordine
3458 3920 3749 3988 quemdam

2169 4008 2297 4062 boni
2324 4008 2571 4063 ordinem
2597 4008 2673 4062 illi
2700 4009 3123 4078 respondentem
3148 4009 3599 4066 animadvertere.
3629 4011 3751 4064 Ha-e

2169 4101 2272 4154 tria
2296 4116 2462 4155 cerno
2492 4101 2618 4154 mali
2649 4101 2994 4171 receptacula
3021 4120 3033 4156 :
3066 4103 3323 4171 primum.
3358 4104 3411 4157 in
3440 4119 3547 4173 quo
3572 4104 3749 4173 primo

2170 4193 2460 4248 constitit:
2515 4194 2770 4257 alterum,
2818 4195 2873 4247 in
2904 4196 3048 4265 quod
3088 4194 3350 4262 defluxit;
3406 4196 3650 4263 tertium,
3693 4198 3748 4251 in

2170 4301 2282 4356 quo
2318 4286 2509 4356 postea
2540 4286 2776 4341 inhaesit.
2821 4284 3001 4351 Quare
3028 4301 3151 4340 cum
3188 4288 3243 4340 in
3279 4286 3362 4341 liis
3394 4286 3573 4341 tribus
3596 4288 3753 4340 mali-
3834 4316 3835 4319 η

2170 4381 2247 4434 tia
2300 4380 2646 4445 redundarit,
2689 4394 2883 4449 nempe
2925 4380 2978 4433 in
3035 4387 3227 4432 natura
3260 4379 3549 4442 diabolica,
3608 4388 3662 4434 et
3696 4381 3751 4433 in

2176 4490 2373 4545 genere
2406 4474 2720 4541 mulierum,
2757 4480 2811 4528 et
2840 4473 2895 4527 in
2925 4473 3169 4528 virorum
3212 4474 3583 4543 plenitudine;
3615 4490 3755 4529 con-

483 4557 590 4611 τῶν
631 4560 688 4611 ὲν
719 4559 889 4631 κακίᾳ
927 4563 1294 4635 νενοσηκότων
1332 4567 1461 4636 μιᾶς
1486 4566 1699 4639 ἡμέρας
1740 4568 2065 4641 ἀποκληρω-

2171 4576 2494 4623 sentaneum
2548 4564 2670 4631 fuit,
2729 4575 2787 4621 ut
2834 4566 2999 4620 trium
3053 4566 3265 4621 dierum
3301 4568 3477 4637 spatio
3528 4570 3770 4622 morbus

484 4647 670 4719 θείσης
706 4650 843 4723 πρὸς
883 4652 1061 4707 ἴασιν-ο
1094 4657 1153 4709 ὲν
1199 4657 1299 4728 μιᾷ
1327 4656 1509 4729 ἡμέρᾳ
1538 4659 1586 4711 of
1635 4659 1826 4732 ἄνδρες
1857 4662 1954 4733 τῆς
1978 4662 2067 4715 νό-

484 4758 580 4795 σου
634 4743 1016 4814 καθαίρονταιο
1070 4746 1128 4801 ὲν
1175 4751 1242 4821 τῇ
1295 4749 1545 4823 δευτέρᾳ,
1572 4752 1634 4806 τὸ
1660 4753 1768 4808 τῶν
1794 4756 2069 4824 γυναικῶν

482 4834 847 4906 θεραπεύεται
878 4837 1036 4905 γένος
1054 4855 1069 4870 ·
1105 4842 1163 4894 ἐν
1191 4844 1255 4913 τῇ
1280 4843 1567 4916 τελευταίᾳ
1585 4885 1600 4910 ,
1622 4845 1848 4917 ἔσχατος
1876 4848 2069 4919 ἐχθρὸς

480 4932 838 5000 καταργεῖται
868 4932 895 4984 ό
918 4930 1168 4999 θάνατος,
1200 4936 1294 4988 καὶ
1328 4937 1455 5007 περὶ
1492 4938 1654 4993 αὑτὸν
1674 4940 1840 5011 ἀρχαί
1861 4958 1943 5003 τε.
1976 4942 2069 4994 καὶ

480 5022 743 5089 ἐξουσίαι,
775 5026 871 5077 καὶ
915 5024 1177 5097 δυνάμεις
1222 5028 1333 5082 τῶν
1380 5031 1772 5103 ἀντικειμένων
1791 5034 2070 5104 δυνάμεων

480 5116 586 5169 τῶν
612 5134 672 5170 τε
707 5117 1144 5189 προκαθημένων
1163 5122 1631 5190 συναφανίζονται.
1664 5126 1755 5195 Μὴ
1787 5124 2071 5199 θαυμάσῃς

478 5209 536 5263 δὲ
583 5210 633 5262 εί
685 5213 957 5281 χρονικοῖς
1010 5212 1375 5283 διαστήμασιν
1422 5217 1455 5285 ἡ
1502 5215 1596 5269 τοῦ
1651 5218 1853 5286 ἀγαθοῦ
1895 5220 2071 5285 κτίσις

482 5301 882 5373 ὲπιμερίζεται.
913 5305 1024 5359 Καὶ⁸
1068 5304 1178 5376 γάρ
1229 5307 1382 5377 παρὰ
1430 5308 1529 5379 τὴν
1567 5308 1791 5381 πρώτην
1828 5312 1922 5365 τοῦ
1978 5313 2069 5367 κό-

485 5405 621 5458 σμου
646 5391 879 5458 γένεσιν,
910 5395 1009 5447 οὑκ
1059 5396 1240 5464 ἡτόνει
1268 5398 1300 5467 ἡ
1340 5396 1459 5449 θεία
1502 5398 1729 5471 δύναμις
1767 5402 1983 5458 ἅπαντα
2008 5407 2067 5459 ἐν

484 5481 684 5551 ἀκαρεῖ
727 5483 1012 5539 τελειῶσαι
1048 5486 1115 5539 τὰ
1152 5486 1303 5551 ὄντα,
1334 5488 1448 5541 ἀλλ’
1485 5489 1635 5560 ὅμως
1667 5495 2068 5565 συμπαραλαμ-

485 5572 635 5626 ϐάνει
669 5578 734 5645 τῇ
763 5575 1093 5649 δημιουργία
1120 5579 1227 5631 τῶν
1261 5578 1430 5632 ὄντων
1457 5582 1551 5634 καὶ
1594 5582 1663 5635 τά
1697 5586 1921 5654 χρονικὰ
1948 5586 2065 5639 δια-

486 5667 770 5737 στήματα·
797 5667 871 5731 ὡς
905 5670 1020 5722 τόδε
1050 5671 1149 5740 μέν
1195 5689 1247 5723 τι
1284 5670 1425 5725 κατὰ
1450 5672 1551 5743 τὴν
1585 5674 1806 5746 πρώτην
1852 5677 2063 5748 ἡμέραν

556 5846 601 5876 ³⁸
632 5846 775 5905 Psal.
809 5865 926 5916 xm,
960 5850 1011 5904 5.
1091 5850 1155 5883 ²⁹⁸
1178 5850 1355 5906 Judic.
1401 5867 1509 5919 xw,
1547 5852 1603 5908 6.

2171 4661 2557 4730 expelleretur,
2607 4659 2840 4731 singulis
2873 4659 3166 4729 generibus
3197 4660 3404 4713 malitia
3454 4660 3765 4715 laboranti-

2172 4754 2275 4809 bus
2299 4754 2507 4809 tributo
2537 4753 2836 4809 curationis
2863 4752 2970 4816 die,
3006 4761 3065 4807 ut
3091 4752 3442 4823 unoquidem
3467 4753 3570 4807 viri
3601 4768 3773 4807 cura-~

2172 4855 2384 4911 rentur,
2439 4846 2611 4901 altero
2662 4846 2990 4901 feminarum
3041 4853 3531 4923 genustextremo
3568 4856 3763 4901 autem.

2171 4947 2450 4990 extremus
2485 4935 2679 4998 hostis,
2714 4951 2880 5000 mors,
2915 4936 3310 4999 destrueretur,
3347 4943 3401 4989 et
3427 4935 3521 5004 qui
3554 4936 3769 4990 mortis~

2171 5029 2405 5084 ministri
2438 5040 2566 5083 sunt
2592 5028 2894 5098 principes,
2939 5035 2993 5083 et
3020 5036 3318 5097 potestates
3350 5029 3615 5083 virtutum
3657 5029 3769 5083 ad--

2171 5121 2539 5175 versariarum
2598 5127 2652 5174 et
2696 5102 3094 5189 imperantium
3150 5119 3592 5189 proﬂigarentur.
3644 5121 3770 5176 Nec

2172 5212 2463 5267 admireris
2497 5212 2621 5267 boni
2651 5219 2972 5283 proventum
3004 5211 3118 5265 fieri
3146 5212 3409 5281 temporis
3440 5212 3767 5269 intervallm.

2172 5304 2307 5360 Nam
2362 5313 2421 5360 et
2464 5305 2520 5358 in
2577 5304 2753 5374 prima
2812 5305 3001 5357 mundi
3049 5307 3431 5374 procreatione
3478 5320 3769 5364 momento:

2172 5404 2387 5468 poterat
2444 5396 2626 5450 divina
2683 5397 2861 5451 virtus
2920 5406 3117 5451 cuncta
3168 5398 3450 5468 perficere,
3514 5410 3766 5455 attamen.

2170 5507 2355 5548 rerum
2418 5490 2764 5546 fabricationi
2819 5498 3065 5561 tempora
3112 5492 3430 5563 distribuit;
3475 5504 3528 5549 ut
3578 5497 3767 5565 primo-

2172 5585 2391 5655 quidem
2425 5582 2512 5637 die
2538 5598 2666 5653 pars
2690 5598 2879 5638 earum
2904 5599 3012 5638 una
3037 5585 3483 5652 constitueretur,
3516 5589 3765 5642 secundo.

2175 5685 2356 5734 autem
2409 5676 2601 5744 altera,
2650 5684 2814 5748 atque
2864 5676 2940 5733 ita
2969 5676 3232 5751 deinceps
3275 5680 3517 5751 reliqum,
3578 5680 3765 5735 donec
