4154 6354
374 351 472 407 6H

1649 345 1709 400 S.
1748 343 2082 400 GREGORII
2119 343 2412 400 NYSSE‘NI

3521 353 3627 409 612

377 470 558 523 omnia
608 463 846 536 perfecta
884 471 1034 528 sunt,
1068 471 1122 520 et
1155 464 1426 522 absoluta.
1478 477 1543 519 eo
1573 463 1785 518 dierum
1844 480 1941 518 nu-

2051 462 2400 532 τελειωθῆναι
2425 461 2486 515 τὸ
2508 462 2674 534 μέρος
2701 463 2798 534 τῆς
2828 463 3059 529 κτίσεως
3081 505 3096 531 ,
3122 465 3179 518 ἐν
3215 464 3269 519 δέ
3300 467 3365 538 τῇ
3399 466 3626 539 δευτέρᾳ

379 574 550 622 mero,
585 558 677 627 qui
708 557 944 626 scriptus
983 565 1089 622 est,
1122 555 1229 611 Deo
1256 564 1452 611 cuncta
1486 555 1797 624 perﬁcienti:
1825 569 1837 604 :
1870 553 1951 607 sic

376 653 539 704 etiam
572 651 660 704 hic
691 664 756 704 ea
780 649 1060 717 sapientiae
1085 647 1315 711 ratione,
1339 660 1460 715 quae
1485 645 1664 698 verbis
1685 644 1950 714 explicari

378 759 485 795 non
537 749 737 810 potest,
771 740 947 794 tribus
991 739 1184 792 diebus
1235 738 1436 791 malum
1491 735 1726 806 ejicitur,
1775 742 1828 790 et
1855 750 1953 789 er.-

376 833 619 887 cluditur
647 833 716 887 ab
768 829 1098 891 hominibus,
1160 828 1501 891 mulieribus,
1558 835 1613 881 et
1651 841 1681 879 a
1721 840 1950 896 serpen-

378 925 510 977 tium
560 938 780 994 genere,
833 922 888 976 in
916 919 1120 991 quibus
1169 921 1362 990 primis
1392 927 1586 974 natura
1618 917 1735 972 vitii
1764 927 1950 972 ortum

378 1014 590 1068 habuit.

450 1195 574 1250 Haec
607 1195 674 1250 de
701 1195 866 1249 trium
888 1193 1100 1247 dierum
1118 1191 1327 1246 numeri
1358 1204 1526 1246 causa
1547 1189 1945 1261 cogitavimus:

377 1298 545 1352 recte,
597 1303 808 1350 necne,
863 1285 1175 1338 auditorum
1251 1281 1516 1352 judicium
1567 1293 1704 1337 esto.
1763 1279 1950 1351 Neque

375 1381 522 1432 enim
568 1379 732 1432 verba
775 1384 965 1432 nostra
1015 1382 1219 1430 certam
1265 1373 1749 1428 demonstrationis
1783 1373 1949 1427 ratio-

375 1489 500 1526 nem
537 1471 736 1525 habere
773 1469 1045 1532 volumus,
1088 1467 1182 1521 sed
1215 1467 1289 1520 ita
1316 1464 1608 1536 quazrendo
1641 1479 1740 1520 nos
1787 1481 1946 1520 exer-

375 1577 580 1619 cemus.
606 1560 758 1626 Quod
790 1561 834 1614 si
871 1573 932 1613 re
976 1558 1092 1628 ipsa
1144 1556 1466 1627 praeﬁnitum
1501 1553 1696 1608 horum
1735 1553 1947 1608 dierum

375 1669 665 1708 numerum
713 1653 871 1722 plane
923 1650 1008 1705 vis
1052 1649 1361 1719 perspicere
1412 1645 1630 1717 (neque
1673 1646 1818 1701 enim
1869 1647 1945 1701 illi

374 1760 569 1815 parum
619 1745 791 1808 deest,
843 1743 889 1798 si
942 1749 1067 1812 post
1133 1741 1322 1795 horam
1388 1753 1585 1792 nonam
1640 1752 1946 1808 parascevze

375 1850 589 1908 tempus
619 1835 954 1901 consideres,
987 1850 1094 1906 qua
1128 1832 1345 1904 quidem
1376 1831 1509 1886 liora
1539 1828 1803 1884 Dominus
1839 1827 1945 1882 Pa-

376 1931 476 1984 tris
501 1929 754 1982 manibus
786 1927 1040 1997 spiritum
1076 1919 1521 1993 commendavit),
1551 1920 1828 1991 paulisper
1853 1927 1940 1974 at-

2051 553 2110 606 τὸ
2142 554 2360 625 ἕτερον⁹
2393 555 2487 607 καὶ
2529 554 2729 624 ἐφεξῆς
2779 556 2978 626 ὁμοίως
3017 557 3328 629 ἐπεραιώθη
3369 558 3438 613 τὰ
3476 559 3624 622 ὄντα,

2053 646 2243 715 ῥηταῖς
2268 644 2505 716 ἡμέραις
2527 645 2621 699 τοῦ
2659 645 2794 698 Θεοῦ
2823 646 2922 718 τὴν
2950 647 3126 702 κτίσιν
3184 649 3402 702 ἅπασαν
3432 667 3627 722 συναρ-

2055 735 2334 806 μύσαντός.
2359 735 2520 788 Οὕτω
2541 736 2634 789 καὶ
2655 737 2886 790 ἐνταῦθα
2913 738 3055 792 κατά
3085 738 3175 792 τὸν
3197 741 3432 813 ἄρρητον
3458 742 3624 795 αὐτοῦ

2049 827 2150 897 τῆς
2191 826 2380 896 σοφίας
2414 827 2589 895 λόγον,
2615 829 2674 880 ἐν
2715 829 2894 900 τρισὶν
2923 829 3156 901 ἡμέραις
3201 832 3309 885 τῶν
3366 833 3534 886 ὄντων
3562 835 3624 888 τὸ

2049 919 2217 974 κακὸν
2249 917 2589 984 ἐξοικίζεται,
2621 919 2680 986 ἐξ
2702 921 2943 992 ἀνδρῶν,
2971 923 3036 975 ἐκ
3072 925 3376 990 γυναικῶν,
3401 927 3494 978 καὶ
3527 926 3622 979 τοῦ

2047 1010 2237 1078 γένους
2261 1008 2369 1062 τῶν
2411 1008 2606 1077 ὄφεων,
2637 1009 2695 1062 ἐν
2721 1003 2802 1073 οἷς
2836 1009 3072 1081 πρώτοις
3104 1012 3138 1082 ἠ
3166 1011 3264 1082 τῆς
3296 1013 3491 1076 κακίας
3532 1014 3624 1083 φύ-

2050 1121 2134 1167 σις
2157 1102 2284 1174 ἔσχε
2304 1101 2403 1174 τὴν
2438 1100 2671 1169 γένεσιν.

2130 1193 2289 1248 Ἀλλά
2327 1193 2455 1266 περὶ
2487 1192 2586 1264 μὲν
2629 1195 2728 1264 τῆς
2755 1193 2846 1248 τοῦ
2885 1192 3119 1265 ἀριθμοῦ
3150 1193 3257 1247 τῶν
3285 1195 3502 1267 ἡμερῶν
3535 1197 3590 1249 αἰ

2046 1287 2166 1350 τίας
2186 1327 2202 1354 ,
2251 1285 2426 1340 ταῦτα
2462 1288 2838 1358 ὑπενοήσαμεν
2862 1303 2875 1317 ’
2931 1285 3042 1339 εἴτε
3072 1285 3128 1339 δέ
3164 1285 3359 1357 ὀρθῶς,
3389 1287 3496 1341 εἴτε
3526 1291 3620 1342 κιαι)⁵

2049 1379 2146 1450 μὴ,
2182 1381 2240 1433 ἐν
2272 1381 2337 1451 τῇ
2383 1379 2560 1451 κρίσει
2611 1378 2717 1432 τῶν
2752 1376 3036 1450 ἀκροατῶν
3068 1379 3485 1450 καταλείψομεν.
3542 1381 3617 1433 0-3

2046 1469 2156 1542 γὰρ
2183 1471 2455 1540 ἀπόφασις
2491 1472 2519 1523 6
2544 1469 2700 1538 λόγος
2729 1469 2898 1534 ἐστὶν,
2929 1468 3063 1522 ἀλλά
3091 1471 3364 1539 γυμνασία
3391 1473 3486 1524 καὶ
3523 1472 3620 1542 ζὴ-

2045 1579 2223 1633 τησις.
2257 1562 2320 1616 Ei
2351 1562 2408 1615 δὲ
2441 1560 2624 1634 ζητεῖς
2667 1561 2732 1615 δι’
2763 1561 3048 1634 ἀκριϐείας
3087 1561 3212 1615 ἰδεῖν
3254 1563 3311 1614 ἐν
3349 1562 3427 1634 τῷ
3460 1565 3619 1618 πάθει

2044 1653 2155 1707 τῶν
2205 1653 2424 1726 ἡμερῶν
2464 1652 2667 1707 τούτων
2693 1654 2792 1725 τὴν
2826 1651 3162 1724 προθεσμίαν
3191 1653 3393 1726 (λείπει
3415 1655 3523 1726 γὰρ
3543 1655 3620 1726 τῷ

2051 1744 2268 1816 ἀριθμῷ
2293 1747 2393 1800 οὐκ
2420 1745 2620 1814 ὀλίγον,
2668 1747 2716 1799 εί
2751 1745 2886 1816 μετά
2918 1744 3015 1817 τὴν
3045 1745 3273 1817 ἐννάτην
3312 1747 3410 1817 τῆς
3453 1765 3625 1819 παραο

2051 1837 2255 1906 σκευῆς
2281 1836 2430 1908 ῶραν
2457 1835 2748 1909 ἀριθμοίης
2775 1837 2865 1892 τὸν
2895 1837 3108 1908 χρόνον,
3135 1839 3230 1908 ἀφ’
3255 1830 3324 1910 ἦς
3367 1841 3484 1902 ταῖς
3517 1856 3622 1894 πα-

2048 1932 2264 2000 τρικαῖς
2296 1929 2453 2001 χερσὶ
2481 1928 2542 1983 τὸ
2573 1928 2788 2000 πνεῦμα
2819 1929 3128 2002 παρέθετο),
3161 1930 3354 2002 μικρὸν
3377 1931 3617 2000 ἐπίσχες,

375 2021 556 2085 tende,
585 2029 639 2074 et
663 2020 912 2080 fortasse,
942 2017 1085 2087 quod
1116 2015 1350 2087 qumris,’
1378 2013 1644 2068 invenies.
1669 2010 1941 2080 Quonam,

2045 2020 2141 2074 καὶ
2170 2019 2397 2090 παρέξει
2431 2037 2511 2074 σοι
2543 2020 2705 2092 τυχὸν
2749 2022 2778 2074 6
2805 2020 2962 2089 λόγος
3002 2021 3100 2092 τὴν
3144 2021 3272 2092 περὶ
3305 2022 3492 2076 τούτου
3525 2040 3620 2076 σα-

375 2111 612 2182 inquies,
639 2121 798 2180 pacto
815 2109 838 2162 ?
853 2108 1057 2163 Divinze
1080 2105 1330 2178 potentia:
1359 2101 1788 2176 magnitudinem
1811 2118 1944 2158 eon-

374 2203 574 2267 sidera,
604 2210 660 2257 et
688 2201 833 2272 quod
863 2201 1006 2256 scire
1037 2201 1213 2270 cupis,
1271 2197 1563 2269 intelliges.
1615 2195 1944 2264 Recordare,

372 2293 505 2364 quid
544 2293 612 2348 de
649 2309 708 2348 se
739 2291 1002 2347 Dominus
1055 2288 1444 2361 pronuntiarit,
1504 2296 1560 2345 et
1587 2303 1708 2344 eam
1768 2289 1942 2358 ipsius

372 2403 494 2443 esse
520 2386 775 2441 virtutem
793 2399 1114 2456 cognosces,
1155 2390 1216 2437 ut
1258 2381 1554 2448 voluntate,
1604 2396 1713 2436 non
1760 2391 1942 2436 autem

372 2486 582 2532 natura:
637 2473 964 2530 necessitate
1017 2473 1252 2525 animam
1302 2485 1333 2524 a
1371 2485 1598 2540 corpore
1648 2469 1941 2542 disjungat.

375 2567 546 2622 Nemo
575 2567 741 2629 enim,
771 2564 970 2635 inquit,
1002 2562 1142 2618 tollit
1170 2562 1405 2616 animam
1432 2577 1600 2614 meam
1633 2577 1666 2614 a
1716 2577 1819 2620 me.
1853 2561 1944 2615 sed

374 2677 469 2731 ego
501 2675 638 2728 pono
683 2658 834 2712 illam
879 2675 911 2710 a
960 2657 1172 2724 meipso.
1222 2653 1550 2708 Potestatem
1588 2654 1729 2707 enim
1777 2653 1942 2708 habeo

373 2751 600 2820 ponendi
626 2767 764 2812 eam,
795 2759 844 2803 et
866 2758 1172 2816 potestatem
1222 2747 1385 2801 habeo
1431 2748 1622 2800 iterum
1670 2763 1946 2800 assumen-

378 2845 437 2897 di
459 2844 526 2897 ³ο.
560 2841 675 2897 Hoc
705 2841 864 2895 nobis
897 2841 970 2894 ita
999 2841 1316 2903 constituto,
1347 2837 1632 2909 perspicue
1652 2839 1857 2908 patebit
1887 2838 1941 2893 id

374 2935 522 3006 quod
548 2934 842 3005 qua-situm
882 2938 988 2987 est.

443 3119 545 3185 Qui
579 3117 724 3172 enim
751 3119 1020 3183 potestate
1060 3125 1160 3165 sua
1197 3119 1394 3165 cuncta
1421 3109 1684 3181 disponit,
1714 3125 1823 3166 non
1873 3126 1938 3167 ex
1969 3124 2014 3186 ο

372 3211 684 3283 proditione
738 3204 843 3260 sibi
896 3201 1300 3272 impendentem
1357 3203 1776 3266 necessitatem,
1831 3219 1940 3257 non

372 3305 690 3360 .‘udaorum
713 3297 869 3369 quasi
903 3295 1218 3365 praedonum
1243 3293 1526 3363 impetum,
1558 3311 1665 3349 non
1692 3295 1934 3366 iniquam

375 3395 539 3450 Pilati
571 3389 900 3448 sententiam
933 3393 1239 3456 exspectat,
1289 3393 1350 3439 ut
1390 3399 1580 3439 eorum
1631 3386 1837 3440 malitia
1873 3388 1944 3442 sit

373 3484 686 3544 communis
733 3479 1018 3536 hominum
1052 3477 1248 3532 salutis
1279 3477 1608 3546 principium
1640 3486 1693 3531 et
1737 3491 1939 3544 causa;

375 3579 475 3635 sed
522 3573 755 3632 consilio
802 3585 903 3625 suo
950 3569 1288 3631 antevertit,
1336 3576 1391 3622 et
1437 3582 1640 3621 arcano
1687 3569 1942 3623 sacriﬁcii

372 3684 596 3740 genere,
626 3663 773 3735 quod
813 3661 882 3716 ab
913 3659 1227 3715 hominibus
1266 3658 1416 3714 cerni
1452 3673 1561 3713 non
1592 3667 1826 3728 poterat,
1856 3675 1944 3714 se-

373 3763 554 3832 ipsum
587 3772 686 3828 pro
713 3755 873 3810 nobis
911 3752 1148 3832 hostiam
1194 3749 1375 3813 oli'ert,
1416 3757 1470 3805 et
1514 3751 1793 3804 victimam
1832 3751 1938 3804 im-

374 3853 575 3911 molat,
617 3847 878 3903 saeerdos
907 3843 1071 3899 simul
1100 3842 1391 3905 exsistens,
1423 3848 1478 3895 et
1501 3855 1675 3910 agnus
1706 3838 1820 3902 Dei,
1852 3838 1942 3894 ille

371 3942 466 4013 qui
503 3941 691 3996 mundi
728 3945 1012 4009 peccatum
1062 3934 1224 3989 tollit.
1260 3933 1492 4000 Quando
1527 3931 1581 3986 id
1643 3931 1943 4002 praestitit?

369 4047 496 4087 cum
528 4043 730 4098 corpus
761 4039 919 4082 suum
958 4023 1241 4094 discipulis
1266 4022 1607 4092 congregatis
1643 4021 1939 4088 edendum,

369 4133 425 4177 et
463 4120 784 4190 sanguinem
816 4114 1110 4170 bibendum
1140 4111 1392 4183 praebuit,
1433 4119 1565 4165 tunc
1610 4119 1797 4181 aperte
1841 4111 1940 4166 de-

367 4212 600 4269 claravit
630 4207 754 4280 agni
789 4203 1118 4262 sacriﬁcium
1141 4203 1253 4274 jam
1280 4216 1403 4258 esse
1438 4200 1761 4272 perfectum.
1800 4199 1937 4256 Nam

369 4304 610 4359 victimae
638 4313 841 4369 corpus
868 4309 980 4350 non
1021 4303 1106 4350 est
1151 4292 1222 4348 ad
1274 4291 1543 4348 edendum
1577 4288 1854 4358 idoneum,
1890 4294 1938 4350 si

366 4396 670 4450 animatum
724 4390 814 4444 sit.
865 4387 1048 4453 Quare
1102 4399 1227 4440 cum
1277 4399 1478 4455 corpus
1522 4385 1831 4452 edendum,
1883 4393 1939 4440 et

2047 2113 2292 2184 φήνειαν.
2345 2112 2442 2176 Τίς
2467 2107 2558 2166 οὖν
2592 2113 2621 2165 6
2651 2111 2848 2182 λόγος;
2906 2112 3230 2182 Ἀνάϐλεψον
3255 2114 3334 2178 είς
3361 2113 3422 2167 τὸ
3452 2131 3619 2184 μεγα-

2045 2205 2188 2260 λεῖον
2219 2208 2318 2276 τῆς
2351 2205 2500 2270 θείας
2538 2205 2850 2276 δυνάμεως,
2909 2204 3004 2258 καὶ
3027 2206 3126 2259 οὐκ
3159 2205 3443 2275 ἀγνοήσεις
3469 2208 3530 2260 τὸ
3562 2208 3619 2258 ἐν

2047 2298 2196 2369 τόπῳ
2226 2296 2580 2368 ζητούμενον.
2610 2295 2887 2369 Μνήσθητι
2916 2297 3017 2366 τῆς
3041 2298 3375 2369 Δεσποτικῆς
3407 2298 3618 2366 ἀποφά-

2050 2408 2210 2455 σεως,
2233 2388 2286 2442 τί
2314 2390 2441 2460 περὶ
2471 2386 2634 2442 αὑτοῦ
2661 2387 3020 2456 ἀποφαίνεται
3045 2389 3074 2442 6
3103 2387 3196 2441 τοῦ
3224 2389 3424 2454 παντὸς
3453 2389 3620 2461 ἐξημ-

2053 2483 2216 2554 μένος
2242 2482 2304 2536 τδ
2347 2482 2548 2554 κράτος
2580 2499 2594 2512 ·
2624 2479 2743 2544 πῶς
2794 2481 3224 2554 αὐτοκρατορικῇ
3255 2482 3488 2554 ἐξουσίᾳ,
3523 2478 3618 2536 καὶ

2044 2575 2106 2628 οὑ
2153 2573 2366 2644 φύσεως
2412 2573 2626 2646 ἀνάγκῃ
2672 2571 3014 2641 διαζεύγνυσι
3056 2573 3155 2645 τὴν
3199 2574 3373 2645 ψυχὴν
3415 2576 3480 2628 ἐκ
3521 2575 3617 2629 τοῦ

2047 2665 2298 2736 σώματος
2323 2706 2337 2731 ,
2381 2666 2438 2718 ἐν
2467 2658 2548 2728 οἷς
2583 2681 2768 2734 φησιν,
2806 2664 2888 2718 ὅτι
2919 2663 3134 2729 Οὐδείς
3174 2665 3325 2733 αἴρει
3357 2665 3472 2734 τὴν
3502 2670 3618 2736 ψυ-

2047 2757 2168 2825 χήν
2188 2773 2328 2825 μου,
2354 2755 2490 2810 ἀλλ’
2516 2753 2634 2823 ἐγὼ
2663 2754 2860 2822 τίθημι
2879 2752 3075 2822 αὐτὴν
3103 2755 3204 2823 ἀφ’
3221 2753 3459 2811 ἑαυτοῦ.
3491 2757 3617 2822 Ἐξ-

2047 2848 2264 2901 ουσίαν
2305 2846 2423 2916 ἔχω
2453 2845 2640 2901 θεῖναι
2666 2844 2889 2913 αὐτὴν,
2917 2845 3014 2899 καί
3047 2845 3341 2910 ἐξουσίαν
3366 2847 3485 2916 ἔχω
3515 2845 3620 2901 πάρ

2045 2941 2149 2992 λιν
2172 2937 2381 2992 λαϐεῖν
2417 2934 2630 3001 αὑτήν.
2671 2934 2840 2989 Τοῦτό
2871 2952 2960 3007 μοι
2987 2937 3186 3008 στήτω,
3215 2935 3309 2990 καὶ
3339 2934 3400 2990 τὸ
3426 2935 3620 3008 ζητού-

2051 3045 2209 3099 μενον
2250 3028 2658 3099 σεσαφήνισται.

2125 3119 2185 3170 '0
2232 3118 2340 3188 γὰρ
2389 3117 2565 3170 πάντα
2614 3115 2757 3170 κατά
2810 3114 2908 3188 τὴν
2961 3115 3282 3192 δεσποτικὴν
3332 3119 3615 3178 αὐθεντίαν

2043 3209 2380 3280 οἰκονομῶν,
2435 3209 2534 3262 οὐκ
2586 3208 2843 3279 ἀναμένει
2906 3206 3004 3280 τὴν
3057 3209 3122 3262 ἐκ
3173 3211 3274 3282 τῆς
3327 3213 3614 3283 προδοσίας

2042 3301 2306 3370 ἀνάγκην,
2354 3300 2448 3354 καὶ
2473 3299 2572 3372 τὴν
2603 3299 2898 3371 λῃστρικὴν
2940 3300 3126 3369 ἔφοδον
3163 3302 3272 3356 τῶν
3317 3304 3612 3373 Ἰουδαίων,

2042 3389 2137 3442 καὶ
2181 3389 2279 3460 τὴν
2323 3387 2415 3441 τοῦ
2461 3388 2694 3442 Πιλάτου
2737 3389 3051 3461 παράνομον
3092 3390 3288 3461 κρίσιν,
3332 3391 3473 3449 ὥστε
3516 3396 3614 3467 τὴν

2041 3479 2264 3534 ἐκείνων
2344 3480 2542 3534 κακίαν
2623 3480 2864 3551 ἀρχηγὸν
2913 3482 3005 3534 καὶ
3050 3483 3229 3536 αἰτίαν
3279 3484 3376 3556 τῆς
3431 3490 3615 3560 κοινῆς

2039 3571 2149 3624 τῶν
2187 3570 2488 3642 ἀνθρώπων
2537 3572 2811 3644 σωτηρίας
2847 3571 3096 3641 γενέσθαι
3119 3590 3137 3606 ο
3184 3574 3320 3629 ἀλλὰ
3366 3578 3614 3650 προλαμ-

2041 3663 2190 3717 ϐάνει
2231 3665 2296 3735 τῇ
2359 3661 2639 3735 οἰκονομίᾳ
2669 3663 2769 3736 τὴν
2807 3663 3012 3733 ἔφοδον,
3059 3665 3198 3720 κατά
3239 3665 3331 3720 τὸν
3373 3669 3610 3742 ἄρρητον

2039 3756 2137 3826 τῆς
2167 3751 2484 3826 ἱερουργίας
2509 3755 2732 3826 τρόπον,
2760 3756 2854 3810 καὶ
2884 3758 2996 3820 τοῖς
3030 3757 3336 3829 ἀνθρώποις
3359 3760 3605 3832 ἀόρατον,

2039 3846 2135 3899 καὶ
2157 3847 2347 3900 ἑαυτὸν
2393 3843 2733 3918 προσήνεγκε
2775 3847 3090 3918 προσφορὰν
3117 3850 3212 3903 καὶ
3237 3849 3429 3904 θυσίαν
3468 3852 3608 3924 ὑπὲρ

2039 3935 2216 4007 ἡμῶν,
2262 3937 2290 3989 6
2318 3937 2496 4007 ἱερεὺς
2522 3937 2656 4006 ἅμα,
2685 3935 2778 3989 καὶ
2807 3936 2836 3989 6
2865 3931 3035 4006 ἀμνὸς
3061 3936 3155 3989 τοῦ
3192 3936 3348 4000 Θεοῦ,
3377 3940 3407 3993 6
3437 3939 3609 4011 αἴρων

2037 4025 2136 4095 τὴν
2169 4021 2442 4096 ἁμαρτίαν
2469 4023 2565 4078 τοῦ
2590 4021 2816 4094 κόσμου.
2849 4025 2987 4078 Πότε
3009 4025 3208 4091 τοῦτο;
3243 4027 3369 4081 Ὅτε
3401 4028 3607 4100 βρωτὸν

2038 4113 2231 4169 ἐαυτοῦ
2272 4115 2335 4169 τδ
2373 4113 2532 4186 σῶμα
2566 4115 2647 4177 είς
2693 4113 2894 4185 βρῶσιν
2950 4115 3137 4184 σαφῶς
3162 4113 3492 4172 ἐνδείκνυται
3528 4112 3605 4191 τῷ

2037 4208 2138 4279 ἤδη
2162 4205 2488 4278 γεγενῆσθαι
2517 4204 2814 4278 ἐντελῆτοῦ
2838 4201 3011 4277 ἀμνοῦ
3039 4205 3136 4277 τὴν
3160 4203 3370 4262 θυσίαν.
3399 4209 3473 4264 Οὐ
3495 4211 3606 4284 γὰρ

2038 4302 2104 4356 ἀν
2134 4297 2204 4374 ἦν
2231 4301 2293 4355 τὸ
2322 4301 2481 4373 σῶμα
2505 4300 2598 4354 τοῦ
2629 4300 2826 4372 ἱερείου
2860 4300 2995 4372 πρὸς
3044 4299 3242 4371 ἐδωδὴν
3277 4302 3602 4373 ἐπιτήδειον,

2037 4391 2195 4463 εῐπερ
2221 4390 2461 4462 ἔμψυχον
2478 4386 2564 4462 ἦν.
2592 4387 2803 4446 Οὐκοῦν
2827 4389 2916 4443 ὅτε
2946 4390 3187 4461 παρέσχε
3207 4391 3320 4454 τοῖς
3337 4391 3604 4462 μαθηταῖς

366 4481 688 4553 sanguinem
721 4477 1011 4532 bibendum
1040 4474 1330 4546 discipulis
1377 4474 1644 4543 exhibuit,
1683 4475 1796 4546 jam
1843 4489 1934 4529 ar-

2040 4483 2302 4554 ἐμφαγεῖν
2322 4481 2416 4536 τοῦ
2452 4480 2721 4552 σώματος,
2746 4481 2842 4534 καὶ
2869 4479 2962 4533 τοῦ
2985 4480 3214 4550 αἵματος
3240 4481 3476 4552 ἐμπιεῖν,
3498 4484 3598 4556 ἤδη

365 4591 504 4630 cana
536 4581 591 4627 et
640 4585 752 4624 non
802 4567 1122 4638 aspectabili
1153 4565 1367 4623 ratione
1414 4582 1618 4638 corpus
1670 4575 1791 4621 erat
1828 4568 1934 4622 im-

365 4669 654 4730 molatum,
687 4672 748 4718 ut
776 4663 952 4732 ipsius
987 4663 1309 4733 mysterium
1344 4661 1653 4733 peragentis
1673 4662 1934 4732 potestati

361 4759 708 4814 collibuerat.
749 4752 811 4807 Et
838 4754 1019 4806 anima
1049 4753 1106 4806 in
1147 4753 1253 4808 illis
1278 4763 1416 4819 erat,
1445 4753 1499 4808 in
1523 4754 1722 4823 quibus
1742 4750 1930 4809 eadem

359 4854 482 4922 ipsa
513 4854 758 4919 potestas
795 4845 945 4899 illam
975 4843 1248 4914 deposuit,
1291 4845 1566 4915 simulque
1593 4860 1716 4900 cum
1747 4843 1928 4899 divina

363 4944 588 5006 virtute,
621 4951 745 5008 qua:
775 4950 897 4988 cum
922 4933 1013 4988 illa
1041 4941 1164 4988 erat
1191 4932 1508 5002 conjuncta,
1540 4930 1596 4987 in
1619 4948 1682 4988 ea
1710 4934 1932 5004 regione

359 5030 548 5087 cordis
581 5033 802 5082 versata
829 5031 932 5080 est.
967 5024 1156 5093 Itaque
1186 5024 1232 5078 si
1255 5025 1382 5094 quis
1416 5024 1544 5080 inde
1592 5033 1808 5094 tempus
1840 5026 1929 5079 in-

359 5123 531 5192 cipiat
569 5116 831 5181 dimetiri,
863 5129 987 5170 cum
1023 5112 1356 5170 sacriﬁcium
1399 5113 1510 5171 Deo
1544 5115 1746 5170 factum
1780 5123 1864 5171 est
1897 5129 1929 5171 a

361 5226 562 5282 magno
580 5207 675 5264 illo
706 5207 960 5276 Principe
1004 5206 1374 5270 sacerdotum,
1403 5207 1498 5277 qui
1529 5208 1767 5273 ratione,
1806 5221 1930 5278 quae

361 5320 462 5358 nec
494 5301 679 5356 verbis
703 5297 990 5368 explicari,
1019 5313 1119 5352 nec
1151 5298 1328 5352 oculis
1354 5299 1589 5368 perspici
1617 5299 1821 5369 potuit,
1849 5314 1929 5354 se-

361 5407 540 5463 tpsum
605 5403 702 5460 pro
764 5387 1042 5443 communi
1112 5387 1395 5442 hominum
1451 5388 1626 5443 salute
1668 5397 1927 5458 tanquam

359 5499 557 5554 agnum
587 5481 806 5543 obtulit,
855 5496 964 5534 non
1010 5479 1232 5551 recedet
1266 5494 1294 5532 a
1341 5481 1588 5534 veritate.
1626 5479 1751 5532 Erat
1780 5481 1924 5534 enim

362 5591 583 5646 vespera
612 5616 626 5638 ,
672 5589 797 5628 cum
846 5587 1061 5626 sacrum
1117 5570 1249 5624 illud
1290 5587 1491 5640 corpus
1526 5570 1922 5625 comederunt:

359 5683 522 5740 quam
553 5665 772 5737 quidem
806 5677 1090 5732 vesperam
1140 5677 1268 5728 nox,
1299 5677 1417 5734 quae
1448 5677 1778 5733 parasceven
1823 5678 1923 5718 au-

427 5759 474 5792 ”
529 5758 684 5814 Joan.
716 5774 771 5823 ι,
802 5754 889 5810 18.

2034 4573 2172 4628 κατά
2193 4572 2255 4626 τδ
2285 4571 2510 4644 θελητδν
2560 4573 2628 4642 τῇ
2661 4567 2880 4641 ἐξουσίᾳ
2902 4568 2998 4622 τοῦ
3026 4569 3087 4622 τὸ
3131 4570 3429 4640 μυστήριον
3455 4573 3601 4624 οἱκο-

2031 4663 2322 4735 νομοῦντος
2342 4663 2594 4735 ἀρρήτως
2619 4678 2679 4714 τε
2712 4661 2806 4713 καὶ
2825 4659 3069 4731 ἀοράτως
3089 4659 3150 4714 τὸ
3178 4658 3337 4731 σῶμα
3356 4661 3597 4717 ἐτέθυτο.

2031 4755 2143 4808 Καὶ
2166 4756 2199 4823 ἡ
2245 4752 2390 4824 ψυχὴ
2430 4754 2488 4805 ἐν
2520 4751 2747 4812 ἐκείνοις
2785 4745 2875 4822 ἦν,
2906 4753 2964 4804 ἐν
2992 4743 3073 4813 οἷς
3109 4749 3279 4821 αὐτὴν
3318 4751 3352 4822 ή
3383 4750 3599 4817 ἐξουσία

2031 4845 2125 4900 τοῦ
2154 4843 2558 4915 οῖκονομοῦντος
2579 4842 2870 4895 ἐναπέθετο
2899 4840 3038 4911 μετά
3067 4839 3166 4911 τῆς
3187 4840 3598 4911 ἐγκεκραμένης

2031 4938 2167 5008 αὐτῇ
2210 4936 2360 4998 θείας
2395 4934 2692 5005 δυνάμεως,
2725 4932 2814 4986 τὸν
2846 4935 2904 4985 ἐν
2949 4931 3148 5002 καρδίᾳ
3177 4932 3380 4985 ἐκεῖνον
3421 4929 3597 5001 χῶρον

2032 5025 2417 5099 περιπολοῦσα.
2469 5025 2676 5079 Οὐκοῦν
2718 5024 2812 5092 ἀφ’
2845 5016 2906 5076 οὗ
2955 5022 3238 5095 προσήχθη
3280 5021 3358 5093 τῷ
3391 5022 3510 5093 Θεῷ
3560 5024 3594 5093 ή

2030 5118 2188 5172 θυσία
2212 5117 2364 5188 παρά
2391 5117 2484 5171 τοῦ
2513 5116 2748 5188 μεγάλου
2783 5115 3122 5187 Ἀρχιερέως,
3155 5114 3249 5167 τοῦ
3285 5113 3374 5168 τὸν
3401 5114 3594 5168 ἐαυτοῦ

2029 5207 2198 5281 ἀμνὸν
2213 5209 2351 5280 ὑπὲρ
2367 5207 2466 5279 τῆς
2487 5208 2670 5278 κοινῆς
2691 5205 2960 5278 ἁμαρτίας
2975 5206 3229 5276 ἀρρήτως
3245 5221 3303 5257 τε
3325 5205 3419 5258 καὶ
3436 5203 3597 5275 ἀορά-

2026 5318 2133 5364 τως
2155 5301 2621 5372 ίερουργήσαντος,
2643 5299 2750 5354 ἀπὺ
2763 5298 2884 5351 τότε
2906 5313 2990 5359 τις
3015 5294 3264 5366 ἀριθμῶν
3291 5295 3383 5348 τὸν
3405 5297 3596 5368 χρόνον

2026 5392 2127 5463 τῆς
2153 5391 2408 5463 ἀληθείας
2438 5391 2536 5462 οὐχ
2559 5391 2955 5462 ἁμαρτήσεται.
2999 5385 3237 5456 Ἑσπέρα
3267 5385 3368 5454 μὲν
3395 5385 3502 5457 γὰρ
3525 5382 3595 5458 ἦν

2026 5484 2114 5537 ὅτε
2149 5483 2366 5556 ἐϐρώθη
2402 5482 2464 5536 τὸ
2511 5483 2652 5552 ἱερὸν
2688 5483 2861 5534 ἐκεῖνο
2919 5477 3014 5532 καὶ
3055 5476 3206 5546 ἆγιον
3247 5477 3428 5548 σῶμα.
3479 5477 3595 5546 Νὺξ

2026 5572 2082 5625 δέ
2111 5573 2210 5645 τὴν
2239 5573 2474 5644 ὲσπέραν
2494 5572 2708 5642 ἐκείνην
2735 5573 2768 5642 ἡ
2796 5569 2903 5642 πρὸ
2921 5572 3020 5642 τῆς
3049 5574 3403 5642 παρασκευῆς
3424 5571 3592 5625 διεδέ-

2027 5662 2176 5726 ξατο.
2219 5659 2352 5718 Εἵτα
2378 5664 2411 5735 ἡ
2440 5661 2541 5733 τῆς
2571 5661 2921 5733 παρασκευῆς
2953 5653 3156 5731 ἡμέρα,
3185 5663 3253 5734 τῇ
3284 5663 3594 5736 ἐπεισάκτῳ
