4154 6354
469 332 574 390 613

1391 327 1455 382 ΙΝ
1495 326 1771 383 CHRISTI
1830 319 2462 378 RESURREL’TIONEM
2502 320 2711 376 ORAT.
2752 319 2786 375 1.

3625 320 3728 374 6M

471 447 626 501 νυκτὶ
672 444 1061 516 διατμηθεῖσα,
1108 446 1188 508 είς
1228 444 1358 516 μίαν
1383 444 1552 499 νύκτα
1592 446 1687 498 καὶ
1727 447 1806 508 εἰς
1834 441 2046 514 ἡμέρας

2157 440 2374 503 tecedit,
2390 440 2625 508 excepit.
2654 437 2794 492 Huic
2817 438 3088 493 successit
3110 435 3428 492 Parascevaa
3451 436 3589 499 dies.
3610 452 3731 506 qua:

472 538 567 593 δύο
599 536 1057 607 καταψηφίζεται.
1085 535 1271 606 Είγάρ
1294 537 1355 589 τὸ
1381 537 1570 601 σκότος
1596 539 1624 589 6
1652 535 1783 600 Θεὸς
1822 537 2047 590 ἑκάλεσε

473 631 662 697 νύκτα,
694 630 752 684 ἑν
794 629 850 681 δὲ
889 631 1009 692 ταῖς
1054 630 1231 700 τρισὶν
1281 629 1452 698 ὥραις
1489 629 1703 697 ἐγένετο
1735 628 1924 689 σκότος
1958 628 2051 681 ἐπὶ

473 724 654 775 πᾶσαν
682 720 781 791 τὴν
803 718 1127 789 οἰκουμένην
1156 734 1171 746 ⁸
1205 718 1343 788 αὕτη
1386 720 1532 771 ἑστιν
1562 720 1596 789 ἡ
1626 717 1766 771 κατά
1796 718 1855 770 τὸ
1888 717 2052 788 μέσον

471 814 570 884 τῆς
604 812 815 883 ἡμέρας
865 811 1323 882 καινοτομηθεῖσα
1352 809 1478 876 νὺξ,
1525 809 1593 863 τά
1642 809 1734 863 δύο
1793 810 2053 880 τμήματα

473 906 581 958 τῶν
616 904 836 976 ἡμερῶν
872 904 940 957 δι’
991 904 1191 975 ἑαυτῆς
1229 894 1664 974 περιγράφουσα,
1700 902 1761 955 τὺ
1807 904 1903 973 μὲν
1946 903 2053 956 ἀπὸ

473 996 569 1050 106
596 997 793 1069 ὄρθρου
843 997 937 1049 ἐπὶ
954 996 1052 1068 τὴν
1072 996 1238 1066 ἑκτην
1265 995 1434 1068 ὥραν,
1457 996 1518 1049 τὸ
1544 994 1600 1048 δὲ
1635 995 1742 1047 ἀπὸ
1762 996 1860 1065 τῆς
1887 995 2041 1049 ἑννά-

474 1106 575 1160 της
603 1089 696 1141 ἑπὶ
728 1088 826 1159 τὴν
865 1088 1122 1159 ἑσπέραν.
1177 1088 1339 1140 Ὥστε
1368 1082 1507 1139 εἶναι
1537 1086 1697 1157 μέχρι
1721 1085 1933 1150 τούτου,
1958 1085 2052 1138 δύο

476 1182 675 1243 νύκτας
697 1180 790 1233 καὶ
815 1180 1030 1251 ἡμέρας
1052 1178 1164 1232 δύο.
1196 1174 1349 1243 Εἶτα,
1381 1178 1486 1249 πρὸ
1506 1178 1599 1231 τοῦ
1628 1176 1909 1231 Σα66ἀτου
1930 1175 2049 1242 νὺξ,

477 1271 570 1325 καὶ
610 1270 749 1341 μετὰ
781 1269 985 1338 ταύτην
1018 1272 1052 1341 ἡ
1100 1269 1193 1323 τοῦ
1239 1268 1517 1323 Σαὸϐἀτου
1547 1269 1747 1355 ἡμέρα,
1782 1268 1923 1339 ἔχεις
1956 1268 2056 1332 τὰς

474 1365 625 1434 τρεῖς
665 1362 910 1429 νύκτας.Ἇ
937 1361 1181 1433 Ζήτησόν
1214 1378 1305 1432 μοι
1345 1361 1528 1415 λοιπὸν
1560 1361 1659 1432 τὴν
1690 1361 2056 1431 ἀναστάσιμον

475 1454 641 1524 ὥραν,
672 1453 766 1506 καὶ
796 1452 1048 1524 εὑρήσεις
1085 1451 1183 1523 τὴν
1217 1455 1273 1504 ὲν
1296 1455 1410 1516 τοῖς
1435 1452 1750 1523 εἰρημένοις
1777 1451 2052 1522 ἀλήθειαν.

477 1546 616 1599 Πότε
644 1541 735 1599 οὖν
754 1544 933 1612 10610;
971 1545 1116 1613 Ὀψὲ
1132 1544 1470 1608 Σαϐσὰτων,
1488 1543 1759 1608 Ματθαῖος
1780 1543 2051 1614 βοᾷ.Αὖτη

475 1653 556 1689 τοι
583 1638 615 1707 ἡ
638 1635 755 1706 ῶρα
786 1634 885 1706 τῆς
902 1635 1271 1697 Ἀναστάσεως
1298 1632 1436 1687 κατά
1452 1632 1549 1704 τὴν
1571 1632 1665 1686 τοῦ
1689 1633 1919 1703 ἀγγέλου
1952 1651 2058 1702 φω-

477 1731 594 1798 νήν.
627 1724 793 1791 Οὗτος
818 1729 941 1797 ὄρος
965 1726 1065 1796 τῆς
1096 1727 1153 1778 ἑν
1187 1725 1384 1797 καρδίᾳ
1408 1725 1509 1795 τῆς
1540 1726 1641 1795 γῆς
1663 1724 1937 1794 διαγωγῆς
1962 1722 2054 1777 τοῦ

2154 537 2316 583 nocte
2344 529 2434 581 illa
2465 537 2690 599 propter
2720 528 2855 582 solis
2886 527 3327 582 obscurationem
3357 526 3643 595 interiecta
3674 529 3729 581 in

2155 622 2274 677 dies
2312 620 2452 676 duos
2500 631 2555 676 et
2612 632 2829 675 noctem
2879 635 3042 674 unam
3083 620 3258 673 divisa
3307 627 3414 675 est.
3472 618 3630 684 Nam,
3681 620 3728 674 si

2158 716 2305 771 Deus
2334 725 2551 772 noctem
2602 717 2858 772 tenebras
2896 716 3188 786 appellavit
3213 717 3277 782 ³¹,
3312 716 3489 772 tribus
3548 724 3727 770 autem

2158 807 2310 863 horis
2332 808 2571 863 tenebrae
2590 808 2745 863 facta:
2773 818 2902 864 sunt
2925 824 3089 879 super
3108 809 3419 865 universam
3435 816 3637 863 terram
3660 809 3726 871 ”,

2158 900 2397 970 spatium
2434 900 2567 955 illud
2592 902 2647 954 in
2685 900 2790 956 diei
2830 901 3011 955 medio
3056 901 3417 955 constitutum
3452 914 3559 954 nox
3604 899 3729 961 fuit,

2158 1007 2281 1062 quae
2311 992 2542 1059 singulis
2597 993 2748 1047 illius
2797 1009 2862 1047 ex
2914 1002 3146 1063 utraque
3186 1002 3342 1062 parte
3394 992 3732 1048 sectionibus

2159 1085 2322 1140 binos
2349 1085 2467 1139 dies
2499 1084 2748 1139 deﬁnivit
2796 1104 2809 1140 :
2855 1100 3025 1139 unum
3058 1082 3276 1154 quidem
3328 1084 3397 1138 ab
3439 1092 3563 1139 ortu
3599 1084 3734 1137 solis

2159 1192 2336 1247 usque
2365 1176 2432 1230 ad
2460 1186 2666 1233 sextam
2715 1178 2930 1242 horam,
2976 1177 3211 1232 alterum
3268 1185 3449 1231 autem
3479 1176 3547 1231 ab
3598 1176 3731 1230 hora

2158 1284 2305 1324 nona
2333 1283 2507 1338 usque
2536 1269 2603 1323 ad
2644 1284 2953 1340 vesperam.
2979 1268 3159 1338 Atque
3191 1268 3266 1322 ita
3293 1269 3431 1322 duas
3479 1267 3590 1337 jam
3632 1284 3731 1322 no-

2160 1368 2277 1415 ctes
2318 1360 2605 1425 habemus,
2646 1368 2701 1415 et
2755 1359 2981 1416 totidem
3015 1361 3154 1416 dies.
3191 1357 3330 1415 Hinc
3364 1358 3588 1414 Sabbati
3620 1374 3732 1412 nox

2161 1461 2245 1507 est
2273 1451 2590 1518 subsecuta,
2626 1460 2682 1507 et
2712 1450 2934 1508 Sabbati
2957 1452 3096 1509 dies.
3120 1452 3199 1507 Ex
3226 1452 3428 1523 quibus
3459 1460 3570 1506 tres
3587 1450 3727 1515 dies,

2162 1553 2219 1599 et
2267 1556 2462 1601 noctes
2515 1545 2701 1601 itidem
2740 1554 2855 1602 tres
2896 1546 3284 1602 coniiciuntur.
3319 1545 3613 1616 Reliquum
3646 1553 3733 1600 est

2162 1643 2223 1690 ut
2250 1638 2671 1693 resurrectionis
2707 1632 2895 1693 horam
2946 1639 3329 1709 inquiramus:
3373 1654 3481 1709 qua
3509 1639 3731 1709 quidem

2162 1726 2407 1795 inventa,
2447 1730 2651 1784 veritas
2696 1730 2957 1785 exstabit.
3011 1729 3242 1797 Quando
3292 1732 3458 1801 igitur
3489 1731 3733 1786 surrexit

477 1821 701 1891 Κυρίου.
720 1820 987 1892 Ἐσπέρας
999 1821 1107 1891 γὰρ
1124 1819 1223 1890 ἢδη
1248 1818 1467 1889 βαθείας
1493 1819 1863 1889 γεγενημένης
1884 1817 2054 1890 (ἀρχὴ

2161 1818 2467 1876 Dominus?
2497 1820 2717 1892 Vespere
2745 1820 3102 1876 Sabbatorum
3121 1864 3137 1889 ,
3175 1822 3275 1876 tibi
3311 1821 3597 1876 Matthaeus
3624 1823 3733 1875 cla-

476 1914 531 1967 δὲ
556 1910 624 1985 ἦν
673 1914 772 1985 τῆς
800 1914 991 1978 νυκτὸς
1025 1914 1241 1983 ἐκείνης
1271 1914 1305 1983 ἡ
1334 1913 1559 1984 ἑσπέρα,
1588 1911 1655 1983 ἢν
1692 1911 1992 1982 διαδέχεται
2020 1911 2055 1981 ἡ

479 2007 576 2077 μία
599 2004 704 2060 τῶν
734 2005 1025 2059 Σαϐϐάτων
1062 2005 1305 2077 ἡμέρα),
1352 2005 1471 2057 τότε
1502 2006 1530 2058 6
1576 2003 1797 2075 σεισμὸς
1826 2002 2053 2071 γίνεται.

478 2097 609 2150 Τότε
638 2099 666 2149 6
694 2098 1131 2167 καταπράπτων
1172 2099 1283 2160 τοῖς
1325 2096 1615 2166 ἑνδύμασιν
1658 2095 1885 2164 ἄγγελος
1924 2096 2059 2148 ἀπο-

478 2188 649 2241 κυλίει
674 2188 764 2240 τὸν
794 2187 940 2241 λίθον
968 2187 1062 2241 106
1089 2187 1379 2259 μνημείου.
1408 2188 1471 2240 Al
1500 2187 1558 2241 δὲ
1576 2190 1835 2255 γυναῖκες
1866 2185 2058 2257 μικρὸν

477 2280 888 2351 ἑπορθρίσασαι,
917 2278 1320 2350 ὑποφαινούσης
1348 2280 1446 2351 ἤδη
1476 2280 1575 2350 τῆς
1602 2279 1823 2350 ἡμέρας
1854 2279 1916 2331 τὸ
1937 2278 2059 2345 φέγ-

476 2390 592 2442 γος,
614 2372 691 2435 ὡς
716 2372 811 2425 καί
844 2389 964 2425 τινα
1005 2371 1234 2443 ἡλιακὴν
1267 2372 1439 2441 αὐγὴν
1474 2373 1574 2442 τῆς
1598 2370 1865 2440 ἀνατολῆς
1889 2370 2059 2439 ὑπερ-

480 2464 785 2535 φαίνεσθαι,
811 2464 930 2518 τότε
959 2462 1229 2534 ἱστοροῦσι
1256 2463 1355 2532 τὴν
1379 2461 1480 2533 ἤδη
1508 2459 1884 2531 γεγενημένην
1924 2458 2057 2514 ἀνά·

481 2574 701 2611 στασιν·
737 2558 792 2610 αἳ
824 2557 885 2609 τὸ
912 2556 1011 2626 μὲν
1042 2555 1225 2625 θαῦμα
1256 2554 1520 2623 ἔγνωσαν,
1561 2552 1661 2623 τὴν
1699 2553 1755 2606 δὲ
1788 2551 1934 2623 ῶραν
1957 2552 2057 2604 οὐκ

480 2648 850 2721 ἐδιδάχθησαν.
872 2649 993 2701 Ὅτι
1029 2648 1127 2718 μὲν
1153 2647 1261 2719 γάρ
1291 2646 1522 2718 ἠγέρθη,
1570 2641 1691 2698 εἷπε
1723 2644 1861 2714 πρὸς
1886 2644 2057 2708 αὐτὰς

478 2744 507 2795 6
538 2740 767 2809 ἄγγελος
795 2757 809 2771 ·
856 2739 918 2792 τὸ
946 2740 1001 2792 δὲ
1041 2740 1192 2802 πότε,
1226 2737 1304 2807 τῷ
1347 2740 1550 2809 ῥήματι
1594 2738 1655 2790 ού
1696 2735 2052 2808 προσέθηκεν.

494 2832 630 2884 Ἀλλ’
677 2833 705 2884 6
751 2831 924 2901 μέγας
972 2830 1248 2892 Ματθαῖος
1295 2829 1451 2899 μόνος
1502 2829 1610 2881 τῶν
1656 2826 2057 2896 εὐαγγελιστῶν

481 2925 698 2976 πάντων
721 2923 810 2975 τὸν
836 2922 1027 2993 καιρὸν
1057 2922 1124 2974 δι’
1150 2922 1439 2993 ἀκριϐείας
1462 2922 1863 2990 ἐπεσημήνατο,
1888 2919 2056 2973 εἰπὼν

478 3016 574 3087 τὴν
605 3016 843 3087 ἑσπέραν
871 3010 1009 3069 εἶναι
1028 3013 1123 3067 106
1148 3015 1449 3077 Σαϐϐάτου,
1480 3012 1576 3085 τὴν
1604 3012 1754 3084 ὥραν
1774 3013 1872 3083 τῆς
1904 3013 2057 3068 Ἀνα-

486 3125 749 3172 στασεως.

2161 1930 2219 1969 ra
2253 1929 2386 1968 voce
2424 1913 2711 1969 denuntiat
2734 1914 2799 1967 ³³.
2839 1914 2962 1969 llaec
2994 1922 3080 1968 est
3117 1914 3544 1970 resurrectionis
3573 1914 3733 1980 hora,

2159 2006 2460 2063 secundum
2520 2005 2699 2076 angeli
2751 2020 2962 2061 vocem.
2996 2004 3097 2061 Hic
3138 2007 3405 2062 terminus
3455 2005 3557 2061 fuit
3584 2023 3735 2063 com-

2158 2096 2484 2153 morationis
2512 2095 2726 2151 Domini
2779 2099 2833 2151 in
2865 2098 3032 2153 corde
3080 2106 3259 2153 terrae.
3317 2096 3558 2169 Vespera
3586 2099 3732 2153 enim

2156 2190 2268 2259 jam
2300 2189 2590 2260 profunda,
2627 2204 2750 2259 qum
2777 2189 2996 2259 quidem
3040 2204 3267 2260 vespera
3319 2190 3521 2257 noctis,
3568 2205 3733 2260 quam

2159 2297 2265 2336 una
2295 2281 2657 2336 Sabbatorum
2682 2282 2802 2338 dies
2827 2282 3209 2351 consequitur,
3239 2281 3569 2353 principium
3593 2295 3732 2346 erat,

2160 2380 2501 2428 terramotus
2534 2371 2713 2427 factus
2738 2380 2839 2428 est.
2875 2371 3030 2427 Tunc
3071 2373 3300 2444 angelus
3337 2374 3391 2427 in
3441 2373 3733 2427 vestimen-

2158 2466 2231 2520 tis
2270 2463 2486 2535 fulgens
2517 2465 2749 2519 revolvit
2776 2464 3008 2535 lapidem
3055 2465 3418 2519 monumenti.
3474 2463 3731 2519 Mulieres

2161 2563 2345 2610 autem
2368 2571 2527 2610 mane
2549 2564 2860 2626 surgentes,
2893 2571 3018 2610 cum
3044 2555 3151 2612 diei
3173 2558 3284 2626 jam
3308 2557 3399 2611 lux
3426 2566 3735 2628 appareret,

2157 2647 2472 2705 etorientis
2500 2648 2636 2704 solis
2688 2649 2950 2718 splendor
3000 2657 3342 2713 cerneretur,
3385 2659 3499 2711 tum
3555 2652 3732 2704 visum

2159 2744 2393 2808 pergunt
2420 2738 2905 2804 resurrectionem,
2948 2755 3070 2809 quae
3100 2738 3213 2809 jam
3268 2738 3416 2795 facta
3465 2750 3626 2797 erat:
3679 2750 3735 2795 et

2157 2828 2484 2883 miraculum
2514 2829 2738 2898 quidem
2770 2840 3167 2901 cognoverunt,
3204 2832 3392 2885 horam
3420 2843 3597 2887 autem
3625 2848 3733 2904 qua

2158 2919 2497 2989 contigisset,
2533 2934 2642 2974 non
2684 2918 3015 2975 didicerunt.
3050 2922 3292 2992 Angelus
3343 2923 3488 2978 enim
3544 2940 3733 2980 surre-

2158 3011 2305 3064 xisse
2335 3009 2556 3080 quidem
2591 3008 2881 3065 Dominum
2934 3012 3245 3078 nuntiavit;
3278 3014 3499 3084 quando
3551 3025 3733 3069 autem

2159 3102 2481 3166 surrexerit,
2516 3116 2624 3156 non
2655 3101 2931 3171 patefecit.
2963 3104 3032 3157 At.
3063 3119 3295 3175 magnus
3322 3105 3607 3162 Mattheus
3639 3123 3731 3165 so.

482 3203 567 3255 lus
611 3218 676 3256 ex
734 3200 993 3256 omnibus
1035 3198 1386 3269 evangelistis
1440 3206 1657 3268 tempus
1706 3206 1963 3253 accurate
2011 3194 2326 3264 descripsit,
2390 3194 2582 3250 dicens
2626 3194 3071 3252 Resurrectionis
3140 3197 3331 3252 horam
3379 3197 3551 3254 fuisse
3594 3198 3728 3258 Sab-

480 3295 589 3350 bati
619 3308 921 3360 vesperam.

554 3387 617 3440 Et
645 3385 703 3439 δὲ
732 3384 906 3438 ταῦτα
931 3383 1118 3437 τοῦτον
1148 3382 1259 3452 ἔχει
1286 3383 1378 3435 τὸν
1410 3382 1629 3454 τρόπον,
1672 3382 1902 3453 ἕστηκεν
1918 3384 2050 3453 ἡμῖν

2224 3379 2357 3445 Quae
2387 3395 2511 3435 cum
2548 3380 2623 3434 ita
2654 3396 2715 3436 se
2744 3380 3004 3447 habeant,
3035 3391 3253 3439 constat
3283 3384 3443 3440 nobis
3489 3383 3731 3455 pmﬁui-

478 3478 515 3548 ἡ
546 3475 873 3547 προθεσμία,
912 3475 1020 3529 ἀπὸ
1048 3474 1149 3545 τῆς
1176 3473 1317 3544 μετὰ
1352 3474 1449 3545 τὴν
1470 3474 1751 3545 ,πέμπτην
1792 3472 2050 3544 ἑσπέρας,

480 3570 561 3632 είς
601 3569 700 3639 τὴν
731 3568 824 3621 τοῦ
855 3567 1133 3622 Σαϐὁάτου
1176 3567 1415 3638 ἑσπέραν
1454 3566 1910 3638 διαμετρουμένου
1958 3565 2053 3619 τοῦ

481 3658 698 3729 χρόνου,
741 3661 841 3729 τῆς
872 3657 1166 3729 ἐμϐολίμου
1197 3658 1391 3721 νυκτὸς
1410 3695 1426 3719 ,
1476 3656 1661 3720 καθὼς
1693 3655 1930 3729 εἴρηται.
1954 3656 2055 3727 τὴν

482 3749 836 3821 παρασκευὴν
873 3752 954 3813 είς
995 3749 1206 3821 ἡμέρας
1233 3749 1327 3803 δύο
1363 3750 1456 3803 καὶ
1482 3748 1653 3813 νύκτα
1689 3750 1820 3820 μίαν
1847 3766 2057 3821 κερμα-

477 3843 754 3914 τιζούσης.
788 3842 934 3896 Ἔδει
962 3842 1071 3912 γάρ
1094 3843 1186 3895 ἑπ¹ι
1220 3842 1313 3895 106
1341 3841 1696 3907 δεσπόζοντος
1721 3843 1779 3895 ἑν
1806 3845 1871 3913 τῇ
1900 3842 2057 3895 δυνα-

482 3937 634 4007 στείᾳ
660 3934 826 3989 αὑτοῦ
848 3934 944 3990 106
978 3935 1193 4000 αἰῶνος,
1233 3936 1307 4007 μὴ
1332 3938 1443 3999 τοῖς
1475 3935 1921 4006 συντεταγμένοις
1964 3934 2053 3988 106

480 4026 671 4097 χρόνου
704 4026 924 4098 μέτροις
961 4026 1031 4079 τά
1062 4025 1199 4098 ἔργα
1239 4027 1359 4079 κατ’
1406 4027 1653 4098 ἀνάγκην
1686 4027 2058 4101 συμπαρατεί-

479 4116 666 4170 νεσθαι
687 4132 701 4148 ·
729 4116 866 4170 ἀλλά
885 4116 1024 4186 πρὸς
1051 4114 1150 4186 τὴν
1172 4115 1279 4169 τῶν
1299 4115 1467 4169 όντων
1494 4115 1683 4186 χρείαν
1714 4116 2054 4186 καινοτομεῖ-

482 4209 606 4262 σθαι
633 4208 727 4262 τοῦ
748 4208 942 4279 χρόνου
963 4208 1032 4262 τά
1055 4208 1249 4279 μέτρα,
1283 4209 1379 4261 καὶ
1407 4208 1808 4280 συντομώτερον
1828 4206 1927 4281 τὴν
1947 4206 2057 4260 τῶν

480 4300 699 4369 ἀγαθῶν
731 4301 1010 4371 ἐνέργειαν
1039 4299 1139 4369 τῆς
1172 4299 1325 4364 θείας
1368 4301 1648 4366 δυνάμεως
1679 4299 2052 4372 ἐπιτελούσης,

484 4388 825 4461 κολοϐώτερα
862 4389 956 4443 τοῦ
1001 4391 1193 4463 χρόνου
1232 4390 1607 4461 σκεδασθῆναι
1637 4391 1705 4443 τὰ
1736 4391 1908 4462 μέτρα
1933 4408 1945 4421 ·
1981 4390 2057 4455 ὡς

486 4483 621 4552 μήτε
646 4480 903 4534 ἐλάττονα
946 4481 1052 4536 τῶν
1078 4481 1246 4554 τριῶν
1279 4483 1504 4555 ἡμερῶν
1545 4483 1767 4537 καὶτῶν
1791 4482 2057 4537 τοσούτων

481 4571 690 4626 νυκτῶν
713 4571 1083 4643 ἀριθμηθῆναι
1108 4574 1197 4627 τὸν
1226 4576 1439 4645 χρόνον.
1499 4574 1716 4647 Ἐπειδὴ
1744 4574 1933 4629 τοῦτον
1966 4574 2056 4629 τὸν

481 4661 715 4733 ἀριθμὸν
742 4664 772 4715 6
816 4663 1075 4734 μυστικὸς
1112 4666 1208 4720 καὶ
1249 4666 1560 4739 ἀπόρρητος
1591 4666 1841 4739 ἐπιζητεῖ
1874 4666 2050 4737 λόγος,

2156 3480 2271 3525 tum
2306 3470 2474 3526 tridui
2507 3472 2746 3543 spatium
2775 3488 2806 3527 a
2828 3487 3052 3543 vespera
3081 3481 3205 3544 post
3241 3475 3490 3546 quintam
3538 3492 3713 3548 usque

2155 3563 2223 3617 ad
2275 3579 2556 3635 vesperam
2610 3563 2836 3620 Sabbati
2882 3574 3097 3635 tempus
3164 3569 3589 3625 resurrectionis
3650 3570 3726 3623 ita

2154 3655 2589 3723 dimetientibus,
2647 3664 2708 3711 ut
2763 3657 3051 3728 interiecta
3088 3673 3217 3723 nox,
3266 3660 3729 3731 quemadmodum

2155 3748 2360 3802 dictum
2390 3757 2499 3815 est,
2537 3758 2989 3815 connumeretur,
3020 3766 3142 3822 quae
3165 3766 3497 3824 parasceven
3530 3754 3587 3810 in
3609 3752 3729 3809 dies

2154 3840 2297 3895 duos
2326 3850 2382 3895 et
2408 3849 2625 3897 noctem
2666 3857 2832 3897 unam
2880 3844 3140 3913 partitur.
3181 3843 3421 3900 Decebat
3467 3846 3634 3911 enim,
3668 3854 3729 3900 ut

2156 3930 2211 3984 in
2250 3930 2372 4000 ejus
2404 3931 2658 4002 imperio,
2688 3934 2784 4004 qui
2822 3935 3042 3991 saeculis
3070 3934 3406 4002 dominatur,
3456 3952 3598 3991 nova
3634 3953 3728 3991 ra-

2155 4019 2306 4075 tione
2335 4022 2514 4091 spatia
2546 4024 2809 4093 temporis
2849 4026 3400 4082 accommodarentur
3430 4028 3499 4083 ad
3543 4044 3731 4084 rerum

2155 4111 2470 4177 utilitatem,
2501 4128 2611 4169 non
2642 4125 2822 4169 autem
2857 4132 2948 4172 res
2970 4119 3289 4174 necessario
3325 4120 3546 4175 statutis
3590 4128 3729 4175 tem-

2154 4203 2309 4273 poris
2362 4204 2618 4261 terminis
2659 4207 3105 4274 extenderentur,
3159 4218 3215 4267 et
3250 4209 3437 4265 divina
3484 4213 3727 4281 potentia

2156 4294 2393 4351 celerius
2419 4295 2563 4349 bona
2589 4296 2752 4353 nobis
2778 4297 2846 4351 ad
2876 4300 3082 4354 exitum
3113 4300 3464 4370 perducente,
3510 4302 3730 4357 termini

2158 4386 2421 4455 temporis
2453 4386 2526 4440 ita
2561 4387 3041 4454 contraherentur,
3076 4400 3134 4445 ut
3167 4406 3277 4446 non
3332 4393 3619 4464 pauciores
3645 4402 3726 4448 ta~

2154 4491 2300 4542 men,
2344 4493 2507 4546 quam
2539 4487 2651 4535 tres
2690 4480 2812 4536 dies
2868 4490 2923 4537 et
2974 4484 3200 4539 totidem
3239 4493 3429 4541 noctes
3470 4487 3728 4541 contine-

2154 4576 2298 4623 rent.
2331 4567 2489 4624 llunc
2511 4571 2657 4626 enim
2694 4588 2984 4629 numerum
3014 4577 3246 4648 mystica
3274 4585 3329 4633 et
3349 4593 3552 4634 arcana
3585 4580 3732 4634 ratio

2157 4660 2489 4730 postulabat.
2512 4676 2585 4718 ne
2601 4662 2763 4718 solita
2798 4663 3011 4720 dierum
3033 4676 3088 4723 et
3111 4668 3350 4723 noctium
3379 4670 3555 4740 spatia
3583 4672 3728 4726 cele-

485 4755 622 4824 μήτε
651 4753 723 4808 τὰ
766 4754 972 4824 συνήθη
1013 4756 1122 4810 τῶν
1152 4758 1374 4828 ἡμερῶν
1405 4775 1464 4812 τε
1493 4758 1587 4812 καὶ
1613 4758 1825 4814 νυκτῶν
1850 4760 2054 4830 ἀναμέ-

2160 4765 2275 4808 rem
2339 4753 2539 4811 divinae
2586 4756 2812 4813 virtutis
2878 4759 3149 4816 actionem
3202 4764 3563 4820 retardarent.
3620 4767 3731 4831 Qui

481 4862 678 4899 νουσαν
704 4845 1050 4917 διαστήματα
1082 4848 1217 4918 πρὸς
1259 4849 1319 4901 16
1345 4849 1507 4919 τάχος
1535 4850 1633 4921 τῆς
1653 4851 1932 4923 ἐνεργείας
1954 4852 2053 4923 τὴν

482 4934 632 4988 θείαν
670 4935 1056 5007 ἐμποδίζεσθαι
1096 4937 1342 5010 δύναμιν.
1388 4940 1451 4996 Ὀ
1493 4942 1602 5014 γὰρ
1642 4941 1891 5008 ἐξουσίαν
1916 4941 2053 5013 ἔχων

480 5026 576 5079 καὶ
613 5025 787 5081 θεῖναι
826 5027 919 5097 ἀφ’
964 5028 1156 5082 ἑαυτοῦ
1194 5029 1294 5100 τὴν
1334 5030 1513 5103 ψυχὴν
1535 5034 1628 5087 καὶ
1650 5033 1935 5087 ἀναλαϐεῖν
1963 5034 2053 5087 ὅτε

480 5114 750 5180 ἐϐούλετο,
799 5114 1048 5179 ἐξουσίαν
1093 5112 1238 5187 εἶχεν
1270 5117 1346 5181 ὡς
1393 5119 1620 5191 ποιητὴς
1665 5120 1773 5175 τῶν
1816 5122 2050 5187 αἰώνων,

479 5205 601 5275 οὐχὶ
624 5206 911 5260 δουλεῦσαι
949 5207 1036 5261 διὰ
1062 5208 1169 5261 τῶν
1197 5207 1371 5280 ἔργων
1395 5210 1474 5280 τῷ
1505 5212 1700 5283 χρόνῳ,
1737 5212 1873 5266 ἀλλά
1895 5216 2055 5285 ποιῆ-

482 5312 572 5350 σαι
609 5298 751 5351 κατά
782 5297 853 5351 τά
874 5298 1010 5370 ἔργα
1036 5299 1127 5353 τὸν
1157 5301 1367 5370 χρόνον.
1418 5302 1559 5355 Ἀλλ’
1582 5302 1735 5357 ούπω
1765 5303 1860 5358 106
1898 5305 2057 5375 μεγίῇ

483 5396 608 5440 στου
632 5389 742 5442 τῶν
776 5391 1081 5460 κεφαλαίων
1106 5393 1135 5446 6
1157 5392 1314 5460 λόγος
1342 5393 1539 5465 ἥψατο.
1576 5397 1768 5466 Ζητεῖν
1793 5396 1903 5469 γὰρ
1927 5398 2055 5462 τοὺς

483 5479 977 5553 φιλομαθεστέρους
1001 5483 1169 5549 εἰκὸς,
1195 5483 1313 5548 πῶς
1342 5486 1400 5538 ὲν
1426 5485 1502 5555 τῷ
1524 5486 1701 5558 χρόνῳ
1724 5488 1903 5558 τρισὶν
1927 5490 2055 5543 ἑαυ-

480 5569 571 5625 τὸν
605 5572 633 5623 6
675 5572 877 5645 Κύριος
928 5575 1131 5642 δίδωσι,
1170 5580 1235 5649 τῇ
1276 5595 1336 5631 τε
1368 5578 1566 5651 καρδίᾳ
1599 5579 1697 5651 τῆς
1720 5580 1824 5651 γῆς
1850 5582 1944 5634 καὶ
1975 5581 2054 5652 τῷ

2155 4845 2301 4900 enim
2328 4853 2384 4901 et
2413 4848 2679 4916 ponendae
2702 4857 2757 4904 et
2778 4865 3000 4907 rursum
3030 4856 3308 4908 sumenda
3346 4857 3560 4920 animae,
3600 4873 3732 4911 cum

2155 4936 2338 5001 vellet,
2370 4937 2605 4994 habebat
2633 4949 2981 5011 potestatem,
3007 4952 3220 5013 poterat
3250 4946 3438 5011 etiam,
3462 4955 3729 5016 tanquam

2157 5029 2481 5084 saeculorum
2518 5041 2732 5099 auctor,
2760 5032 2993 5101 etlieere,
3020 5043 3079 5088 ut
3110 5035 3417 5091 actionibus
3439 5036 3553 5093 suis
3589 5046 3730 5091 tem-

2158 5136 2263 5192 pus
2296 5122 2608 5189 inserviret,
2654 5140 2766 5179 non
2803 5133 2987 5179 autem
3024 5126 3273 5182 actiones
3313 5129 3561 5197 tempori.
3620 5128 3731 5183 Sed

2158 5228 2340 5269 rerum
2371 5215 2731 5270 maximarum
2757 5224 2922 5286 caput
2958 5218 3199 5273 nondum
3227 5219 3533 5289 attigimus.
3588 5220 3724 5274 Illud

2153 5308 2297 5361 enim
2331 5322 2361 5361 a
2391 5308 2654 5365 studiosis
2678 5310 2921 5379 oportuit
2942 5310 3283 5382 investigari,
3311 5312 3584 5383 quomodo
3618 5328 3730 5368 uno

2155 5403 2455 5471 eodemque
2485 5410 2734 5473 tempore
2757 5403 3022 5460 Dominus
3061 5419 3120 5460 se
3159 5405 3339 5465 tribus
3369 5407 3456 5464 his
3494 5407 3732 5474 dederit,

2154 5489 2307 5545 cordi
2332 5499 2511 5559 terrae,
2547 5494 2802 5564 paradiso
2827 5510 2953 5551 cum
2992 5496 3232 5565 latrone,
3271 5497 3562 5568 Patrisque
3610 5515 3730 5554 ma-

2152 5584 2334 5640 nibus.
2376 5584 2512 5641 Nam
2538 5587 2605 5643 ad
2633 5587 2935 5659 pharisaeos
2981 5590 3234 5663 quidem,
3260 5590 3731 5662 quemadmodum,

553 5746 596 5779 ³⁸
626 5745 762 5803 Gen.
798 5765 837 5817 ι,
864 5751 915 5805 5.
994 5751 1039 5785 “
1075 5752 1266 5809 Matth.
1319 5762 1488 5822 xxvii,
1528 5754 1618 5812 45.
1696 5756 1741 5789 ³³
1797 5755 1990 5813 Matth.
2031 5774 2223 5825 sum,
2262 5761 2313 5815 l.
