4154 6354
413 264 525 322 ενδ

1623 259 1680 315 S.
1714 259 2042 314 GREGORII
2078 259 2164 314 ΝΥ
2176 261 2372 317 SSENI

3582 271 3683 330 GIG

415 381 617 449 inquit,
644 377 821 430 Jonas
869 375 974 446 fuit
1017 376 1071 429 in
1101 383 1278 430 ventre
1306 375 1408 428 ceti
1460 374 1630 428 tribus
1664 375 1884 428 diebus:
1922 375 1994 428 sic

2100 377 2414 446 παραδείσῳ
2467 377 2563 430 σὺν
2606 378 2684 449 τῷ
2710 378 2881 453 λῃστῇ
2912 379 3006 432 καὶ
3036 381 3155 441 ταῖς
3185 380 3466 452 πατρῴαις
3501 387 3679 455 χερσί.

413 473 517 526 erit
545 481 594 524 et
621 468 801 524 Filius
821 469 1047 522 hominis
1070 470 1126 521 in
1156 469 1312 522 corde
1332 477 1486 522 terra:
1511 467 1768 521 triduano
1788 474 1968 536 tempe
1985 495 2000 506 -

416 565 492 618 ris
511 562 689 631 spatio
707 561 774 614 ".
797 562 875 615 Ad
898 561 1162 614 latronem
1183 568 1387 624 autem,
1415 557 1585 611 Hodie
1608 573 1808 611 mecum
1826 558 1929 611 eris
1949 558 2002 610 in

414 654 670 724 paradiso
684 652 728 683 ⁸⁵
751 652 854 718 ;’ad
873 651 1084 706 Patrem
1107 667 1258 713 vero,
1275 649 1339 704 In
1356 667 1542 704 manus
1564 659 1684 703 tuas
1695 649 2001 703 commendo

416 749 666 816 spiritum
701 761 871 799 meum
897 746 962 799 ³⁸.
996 743 1168 798 Nemo
1216 743 1362 797 enim
1396 751 1490 796 aut
1511 741 1829 812 paradisum
1857 739 2000 810 apud

417 840 626 895 inferos
651 856 773 895 esse
788 839 1006 902 dixerit,
1025 846 1120 891 aut
1143 837 1351 890 inleros
1373 835 1427 889 in
1445 834 1718 904 paradiso,
1739 833 1997 889 uteodem

418 939 665 999 tempore
705 929 996 997 utrobique
1038 925 1240 989 fuerit,
1296 935 1391 978 aut
1441 924 1528 978 his
1567 922 1748 978 Patris
1806 937 2000 976 manus

418 1022 672 1076 indicari.
700 1021 766 1074 At
799 1021 916 1074 haec
946 1019 1034 1090 pie
1067 1017 1549 1072 considerantibus
1581 1031 1652 1070 ne
1697 1017 1998 1086 quaestione

416 1113 640 1183 quidem
667 1113 901 1167 fortasse
927 1109 1216 1167 videantur
1255 1108 1443 1178 digna.
1479 1106 1584 1174 Qui
1625 1106 1769 1162 enim
1811 1107 1998 1161 divina

417 1203 663 1273 potentia
696 1216 796 1256 sua
829 1201 1034 1270 ubique
1065 1208 1170 1266 est,
1206 1199 1252 1254 is
1273 1209 1326 1253 et
1352 1199 1517 1254 rebus
1537 1198 1691 1254 adest
1717 1198 1996 1262 omnibus,

413 1303 471 1348 et
498 1294 650 1349 nullo
672 1291 985 1347 excluditur
1007 1292 1149 1346 loco.
1186 1289 1387 1345 Verum
1417 1306 1518 1361 ego
1541 1291 1808 1345 rationem
1833 1291 1996 1344 aliam

413 1395 677 1457 praetcrea
713 1384 933 1440 memini
968 1399 1054 1438 me
1081 1383 1360 1448 didicisse,
1397 1398 1563 1452 quam
1591 1383 1768 1450 vobis,
1793 1383 1838 1437 si
1876 1383 1995 1452 pla-

411 1487 522 1541 cet,
568 1476 806 1532 breviter
856 1475 1162 1546 explicabo.
1201 1473 1434 1540 Quando
1487 1473 1724 1543 Spiritus
1770 1482 1996 1527 sanctus

413 1569 472 1623 in
520 1567 804 1638 Virginem
850 1568 1021 1630 venit,
1059 1566 1221 1636 eique
1273 1565 1546 1620 Altissimi
1583 1565 1760 1620 virtus
1799 1565 1995 1619 obum-

411 1660 594 1714 bravit
615 1660 680 1724 ³⁷,
723 1667 783 1713 ut
831 1658 996 1713 homo
1042 1673 1220 1713 novus
1261 1657 1316 1711 in
1347 1659 1467 1727 ipsa
1517 1658 1852 1727 gigneretur,
1899 1655 1994 1726 qui

2103 466 2249 534 Πρὸς
2292 467 2420 530 τοὺς
2448 467 2777 537 Φαρισαίους
2819 471 2915 540 μὲν
2944 470 3052 541 γάρ
3103 487 3288 541 φησιν,
3331 472 3413 524 ὅτι
3449 473 3682 544 Ὥσπερ

2115 557 2308 626 Ἰωνᾶς
2342 560 2461 629 μὲν
2489 558 2569 632 ἦν
2596 562 2666 616 ἐν
2701 562 2777 630 τῇ
2809 565 3007 630 κοιλίᾳ
3047 564 3154 618 τοῦ
3183 564 3407 633 κήτους
3427 605 3442 630 ,
3492 567 3682 634 οὕτως

2100 651 2271 705 ἔσται
2299 654 2397 706 καὶ
2420 657 2454 707 ὁ
2484 653 2621 720 Υἱὸς
2655 655 2762 708 τοῦ
2800 656 3221 724 ἀνθρώπουςέν
3241 657 3317 725 τῇ
3339 659 3550 728 καρδίᾳ
3573 658 3682 728 τῆς

2100 741 2232 813 τῆς,
2256 745 2398 798 κατὰ
2428 746 2488 799 τὸ
2516 748 2812 818 τριήμερον
2838 747 2933 800 τοῦ
2962 749 3151 820 χρόνου
3186 750 3459 822 διάστημα
3483 770 3496 782 ·
3543 753 3682 824 πρὸς

2098 836 2190 890 τὸν
2219 835 2442 910 λῃστὴν,
2475 839 2556 892 ὅτι
2586 839 2857 908 Σήμερον
2879 842 3008 910 μετ’
3036 841 3184 912 ἐμοῦ
3205 843 3319 912 ἔσῃ
3350 845 3420 898 ἐν
3456 844 3537 910 τῷ
3569 862 3680 898 πα-

2090 925 2354 993 ραδείσῳ
2376 944 2389 958 °
2423 927 2562 998 πρὸς
2591 929 2648 982 δὲ
2673 929 2765 982 τὸν
2808 930 3048 1002 Πατέρα,
3087 933 3172 984 ὅτι
3213 936 3319 1000 Είς
3338 936 3541 1004 χεῷάς
3561 954 3679 992 σου

2099 1022 2457 1090 παρατίθημι
2495 1020 2564 1075 τὸ
2603 1023 2841 1092 πνεῦμά
2871 1042 3011 1094 μου.
3049 1025 3186 1080 Οὔτε
3227 1029 3336 1100 γὰρ
3368 1031 3426 1082 ἐν
3450 1031 3680 1104 ὑποχθο-

2098 1112 2229 1178 νίοις
2252 1125 2336 1178 τις
2365 1114 2432 1170 ἂν
2469 1115 2560 1168 τὸν
2607 1116 2970 1188 παράδεισον,
3021 1117 3146 1173 οὔτε
3185 1121 3243 1173 ἐν
3275 1123 3588 1195 παραδείσῳ
3611 1125 3678 1180 τὰ

2099 1206 2392 1278 ὑποχθόνια
2415 1225 2430 1239 ο
2466 1207 2609 1262 ὥστε
2643 1210 2784 1263 κατὰ
2833 1210 3028 1265 ταύτὸν
3069 1212 3126 1264 ἐν
3158 1213 3489 1285 ἀμφοτέροις
3514 1215 3675 1283 εἶναι,

2096 1299 2130 1369 ἢ
2161 1302 2317 1370 χεῖρα
2339 1300 2433 1354 τοῦ
2456 1301 2666 1373 Πατρὸς
2693 1301 2945 1370 λέγεσθαι
2970 1303 3161 1358 ταῦτα.
3204 1305 3364 1360 Ἀλλά
3378 1307 3535 1360 τοῦτο
3556 1310 3674 1378 μὲν,

2098 1389 2157 1441 ἐν
2185 1392 2298 1455 τοῖς
2345 1390 2587 1456 εὐσεϐῶς
2628 1391 2997 1464 λογιζομένοις
3038 1395 3199 1467 τυχὸν
3236 1397 3356 1450 οὐδὲ
3396 1395 3677 1470 ζητήσεως

2095 1480 2262 1544 ἄξιον.
2311 1483 2370 1535 Ὁ
2399 1483 2508 1555 γὰρ
2541 1483 2818 1554 πανταχοῦ
2847 1485 2921 1538 ὢν
2957 1485 3042 1538 διὰ
3066 1487 3167 1557 τῆς
3189 1487 3339 1554 θείας
3371 1489 3674 1560 δυνάμεως,

2097 1573 2189 1626 καὶ
2215 1573 2379 1627 παντὶ
2407 1576 2639 1648 πάρεστι
2665 1577 2759 1630 καὶ
2793 1577 3005 1641 οὐδενὸς
3033 1578 3408 1634 ἀπολείπεται.
3449 1578 3592 1648 Ἐγὼ
3618 1581 3676 1634 δὲ

2096 1665 2189 1718 καὶ
2215 1665 2402 1738 ἕτερον
2426 1661 2545 1720 οῖδα
2581 1668 2738 1737 λόγον
2772 1669 2900 1740 περὶ
2923 1670 3112 1724 τούτου
3145 1670 3353 1740 μαθὼν,
3388 1672 3448 1726 ὃν
3486 1672 3674 1742 βουλο-

412 1761 702 1824 pr0pterea
748 1759 976 1807 vocatus
1013 1757 1098 1806 est
1140 1765 1341 1818 novus,
1369 1723 1599 1820 quod‘a‘
1635 1748 1745 1805 Deo
1794 1723 1993 1820 praeter

2103 1758 2282 1828 μένοις
2305 1723 2430 1831 ύμῖν
2454 1759 2522 1813 δι’
2545 1723 2740 1830 ὀλίγων
2765 1723 3244 1834 ἐκθήσομαι.”ί)τε

413 1848 697 1902 hominum
727 1841 1183 1900 consuetudinem
1214 1851 1432 1898 creatus
1471 1849 1576 1906 est,
1613 1851 1671 1896 ut
1716 1841 1811 1897 Dei
1843 1849 1993 1896 esset

409 1937 752 1994 domicilium
782 1950 893 1990 non
932 1931 1310 1988 manufactum
1340 1951 1355 2001 ;
1391 1949 1569 2004 neque
1597 1933 1742 1988 enim
1784 1933 1837 1985 in
1870 1946 1989 1988 ma-

412 2030 672 2094 nuiactis,
705 2029 810 2083 hoc
835 2036 939 2093 est,
972 2026 1256 2081 hominum
1288 2041 1456 2096 opera
1503 2025 1844 2081 constructis
1887 2023 1988 2077 Al-

412 2125 662 2180 tissimus
692 2121 903 2176 habitat
925 2120 993 2185 ³⁸,
1019 2130 1149 2174 tunc
1183 2119 1462 2189 Sapientia
1499 2119 1604 2173 sibi
1635 2119 1856 2172 domum
1889 2132 1988 2172 ex-

409 2213 806 2275 aediﬁcante”,
837 2211 1263 2267 obumbratione
1312 2217 1576 2279 tanquam
1621 2210 1762 2280 signi
1814 2208 1989 2264 forma

411 2307 566 2362 intus
593 2303 825 2359 aediﬁcio
851 2302 1175 2370 constituto,
1223 2301 1440 2357 duabus
1465 2301 1576 2358 illis
1604 2302 1874 2372 partibus,
1921 2317 1992 2357 ex

413 2399 613 2472 quibus
643 2397 881 2451 humana
915 2402 1132 2451 constat
1171 2403 1364 2449 natura
1398 2394 1678 2465 (animum
1704 2402 1758 2450 et
1789 2409 1991 2464 corpus

414 2489 748 2562 intelligo),
801 2490 1045 2559 potentia
1093 2486 1278 2540 divina
1325 2487 1623 2556 conjuncta
1687 2494 1812 2551 est,
1869 2501 1992 2542 sese

412 2589 634 2658 utrique
659 2584 868 2656 pariter
921 2581 1310 2635 comtniscens.
1347 2578 1648 2649 Oportebat
1696 2580 1864 2644 enim,
1905 2588 1988 2644 ut,

408 2695 540 2735 cum
610 2685 844 2745 utraque
905 2688 1032 2744 pars
1086 2684 1309 2743 pr0pter
1375 2681 1660 2742 peccatum
1717 2673 1990 2743 supplicio

412 2770 609 2826 mortis
639 2777 787 2824 esset
815 2765 1055 2822 obnoxia
1082 2765 1390 2835 (siquidem
1419 2766 1617 2820 animae
1646 2780 1797 2820 mors
1843 2773 1928 2821 est
1957 2779 1990 2819 a

410 2879 540 2920 vera
565 2865 675 2917 vita
705 2862 1002 2932 sejunctio,
1032 2859 1286 2928 corporis
1324 2868 1506 2912 autem
1557 2873 1704 2913 mors
1743 2867 1828 2913 est
1870 2859 1987 2928 ipsa

410 2957 694 3027 corruptio
743 2964 799 3009 et
862 2952 1226 3022 dissolutio),
1265 2951 1575 3022 oportebat,
1625 2951 1871 3021 inquam,
1927 2959 1988 3005 ut

409 3050 536 3103 vitae
563 3045 881 3116 conjunctio
914 3043 983 3097 ab
1007 3052 1242 3112 utraque
1289 3047 1446 3112 parte
1491 3049 1721 3095 mortem
1754 3040 1989 3110 expelle—
2015 3067 2059 3128 α

407 3149 515 3196 ret.
548 3138 740 3209 Itaque
781 3135 1067 3190 divinitate
1099 3135 1323 3204 utrique
1365 3133 1607 3188 hominis
1648 3132 1789 3202 parti
1823 3147 1988 3202 copu-

409 3237 544 3299 lata,
580 3235 635 3287 in
675 3240 907 3301 utraque
940 3229 1229 3300 perspicua
1261 3227 1582 3282 excellentis
1612 3234 1822 3278 natura:
1851 3225 1992 3279 indi-

407 3330 497 3382 cia
549 3334 865 3397 patuerunt.
903 3325 1120 3392 Corpus
1154 3320 1300 3374 enim
1353 3325 1561 3372 attactu
1609 3331 1712 3372 suo
1768 3317 1989 3370 morbos

402 3434 637 3482 curans,
669 3417 1011 3471 divinitatem
1043 3428 1153 3485 prae
1173 3429 1232 3468 se
1267 3410 1475 3465 ferebat
1502 3427 1516 3475 ;
1555 3410 1775 3464 animus
1806 3417 1988 3462 autem

406 3510 615 3579 potenti
647 3509 736 3562 illa
779 3508 1060 3560 voluntate
1103 3503 1343 3558 divinam
1375 3501 1629 3554 virtutem
1680 3499 1981 3552 indicabat.

403 3597 879 3667 Quemadmodum
913 3596 1058 3651 enim
1087 3592 1346 3664 tangendi
1379 3605 1578 3647 sensus
1611 3599 1694 3644 est
1740 3589 1989 3659 corporis

407 3693 688 3764 proprius,
723 3692 803 3746 sic
839 3689 1007 3744 animi
1038 3688 1297 3758 proprius
1323 3693 1405 3740 est
1442 3683 1743 3738 voluntatis
1783 3693 1983 3734 motus.

405 3784 639 3840 Accedit
693 3783 947 3852 leprosus
993 3794 1224 3850 corpore
1275 3779 1388 3847 jam
1460 3776 1766 3832 dissolutus
1825 3783 1989 3844 atque

406 3875 715 3932 confectus.
748 3872 1038 3940 Quomodo
1089 3882 1315 3926 curatur
1367 3885 1397 3922 a
1438 3867 1710 3923 Domino?
1757 3867 1988 3923 Animus

409 3969 548 4032 vult,
602 3964 860 4038 corpus[
899 3965 1140 4036 attingit.
1183 3964 1430 4032 Utroque
1477 3961 1640 4015 modo
1697 3961 1989 4030 expellitur

409 4062 656 4116 morbus.
692 4059 888 4113 Statim
929 4059 1098 4125 enim,
1127 4064 1186 4111 ut
1215 4056 1483 4125 scriptum
1509 4061 1600 4109 est
1619 4053 1690 4120 ‘°,
1735 4053 1990 4107 discessit

406 4154 480 4209 ab
506 4153 616 4226 eo]
649 4153 819 4222 lepra.
873 4149 1114 4204 Rursum
1169 4163 1296 4202 cum
1347 4155 1426 4200 tot
1472 4144 1755 4199 hominum
1815 4144 1988 4198 millia

407 4245 555 4317 apud
593 4259 653 4300 se
681 4242 1036 4298 considerent
1076 4241 1133 4294 in
1165 4238 1486 4303 solitudine,
1519 4237 1695 4293 noluit
1720 4251 1817 4290 eos
1841 4234 1988 4305 jeju-

408 4352 513 4392 nos
544 4335 840 4389 dimittere.
873 4332 1124 4386 Manibus
1162 4331 1330 4399 igitur
1381 4344 1550 4398 panes
1581 4327 1762 4398 fregit.

2098 1849 2370 1919 Παρθένον
2410 1851 2468 1904 τὸ
2504 1851 2730 1923 Πνεῦμα
2765 1854 2826 1906 τὸ
2859 1853 3034 1922 ἅγιον,
3067 1856 3162 1908 καὶ
3199 1858 3233 1927 ἡ
3278 1857 3371 1910 τοῦ
3413 1857 3672 1926 Ὑψίστου

2097 1940 2324 2012 δύναμις
2353 1943 2490 2014 αὐτῇ
2517 1944 2864 2010 ἐπεσκίασεν,
2895 1946 2988 1999 ἐπὶ
3015 1946 3094 2016 τῷ
3122 1947 3214 2002 τὸν
3247 1949 3434 2002 καινὸν
3464 1949 3673 2021 ἄνθρω-

2099 2047 2202 2084 πον
2240 2033 2299 2085 ἐν
2331 2033 2467 2104 αὐτῇ
2499 2037 2759 2107 συστῆναι
2785 2035 2913 2106 (τὸν
2949 2037 3037 2091 διὰ
3063 2037 3218 2092 τοῦτο
3243 2039 3428 2092 καινὸν
3460 2039 3672 2110 ὠνομα-

2098 2123 2316 2193 σμένον,
2346 2124 2427 2178 ὃτι
2457 2125 2598 2180 κατά
2618 2126 2749 2180 Θεὸν
2785 2127 3031 2199 ἐκτίσθη,
3069 2130 3128 2183 οὐ
3150 2129 3291 2183 κατὰ
3327 2129 3670 2202 ἀνθρωπίνην

2099 2215 2405 2287 συνήθειαν,
2437 2215 2580 2270 ὥστε
2628 2217 2879 2286 γενέσθαι
2920 2218 3053 2272 Θεοῦ
3087 2221 3290 2292 δοχεῖον
3332 2222 3673 2293 ἀχειροποίη-

2094 2323 2187 2359 τον
2211 2321 2227 2336 '
2263 2307 2325 2360 ού
2358 2308 2465 2378 γὰρ
2504 2311 2747 2363 κατοικεῖ
2771 2310 2830 2362 ἐν
2854 2299 3270 2381 χειροποιήτοις,
3297 2314 3407 2376 τοῖς
3437 2313 3541 2365 ὑπὸ
3570 2313 3670 2366 ἀν-

2094 2397 2348 2466 θρώπων,
2377 2398 2542 2468 λέγω,
2565 2401 3110 2472 κατεσκευασμένοις,
3135 2405 3164 2456 ὁ
3197 2402 3480 2473 Ὕψιστοῦ
3500 2422 3514 2435 ο
3547 2404 3669 2458 τότε

2092 2489 2280 2552 αὐτοῖς
2320 2489 2411 2544 τὸν
2453 2489 2600 2544 οἷκον
2632 2491 2732 2563 τῆς
2768 2492 2966 2562 Σοφίας
3006 2493 3415 2565 οίκοδομούσης,
3464 2495 3559 2548 καὶ
3590 2495 3669 2568 τῷ

2091 2580 2193 2650 τῆς
2225 2580 2504 2652 δυνάμεως
2533 2582 2940 2653 ἀποσκιάσματι
2970 2583 3135 2637 οἱονεὶ
3176 2583 3330 2656 τύπῳ
3374 2587 3670 2658 σφραγῖδος

2093 2672 2304 2727 ἔνδοθεν
2345 2671 2892 2745 καταμορφωθέντος,
2937 2675 3056 2728 τότε
3098 2676 3447 2748 ἀμφοτέροις,
3488 2677 3553 2730 δι’
3594 2669 3670 2730 ὧν

2092 2767 2127 2836 ή
2160 2764 2476 2835 ἀνθρωπίνη
2511 2765 2674 2835 φύσις
2703 2767 2998 2836 συνέστηκε
3021 2767 3200 2840 (ψυχῇ
3237 2786 3297 2822 τε
3319 2811 3333 2831 ,
3371 2769 3512 2836 λέγω
3533 2809 3548 2834 ,
3575 2770 3669 2822 καὶ

2095 2857 2376 2926 σώματι),
2427 2858 2460 2926 ή
2503 2855 2623 2909 θεία
2677 2859 3069 2929 κατακιρνᾶται
3123 2859 3370 2930 δύναμις,
3425 2861 3671 2932 ἐκατέρῳ

2095 2949 2440 3021 καταλλήλως
2487 2950 2683 3022 ἑαυτὴν
2733 2952 3101 3024 καταμίξασα.
3186 2953 3336 3006 Ἐδει
3397 2954 3503 3025 γὰρ
3561 2955 3669 3009 τῶν

2093 3042 2184 3095 δύο
2221 3041 2425 3095 τούτων
2465 3042 2555 3095 διὰ
2587 3044 2686 3114 τῆς
2725 3046 3007 3116 παρακοῆς
3044 3046 3423 3115 νεκρωθέντων
3460 3047 3668 3118 (ἐπειδὴ

2093 3135 2361 3206 νέκρωσις
2411 3129 2518 3205 ἦν,
2569 3135 2666 3205 τῆς
2715 3137 2811 3206 μὲν
2851 3136 3028 3208 ψυχῆς
3075 3139 3107 3208 ἡ
3164 3137 3267 3207 τῆς
3312 3137 3478 3201 ὅντως
3523 3137 3669 3207 ζωῆς

2091 3226 2440 3298 ἀλλοτρίωσις
2465 3244 2477 3256 ·
2498 3227 2591 3280 τοῦ
2627 3227 2873 3298 σώματος
2901 3228 2958 3281 δὲ
2985 3231 3018 3299 ή
3055 3229 3228 3301 φθορά
3254 3245 3314 3281 τε
3367 3229 3460 3282 καὶ
3493 3229 3669 3282 διάλυ-

2093 3324 2222 3388 σις),
2251 3319 2579 3392 ἀμφοτέρων
2623 3319 2826 3373 τούτων
2854 3323 2920 3391 τῇ
2956 3322 3206 3392 ἐπιμιξίᾳ
3241 3321 3338 3392 τῆς
3368 3321 3510 3390 ζωῆς
3539 3321 3672 3384 ἐξοι-

2094 3410 2349 3480 κισθῆναι
2375 3411 2466 3463 τὸν
2492 3409 2740 3464 θάνατον.
2787 3411 2931 3482 Πρὸς
2959 3411 3218 3481 ἑκάτερον
3245 3411 3419 3466 τοίνυν
3445 3411 3550 3464 τῶν
3575 3411 3667 3464 τοῦ

2091 3501 2376 3572 ἀνθρώπου
2397 3520 2424 3554 τ
2435 3520 2507 3573 μη
2516 3503 2701 3572 μάτων
2725 3502 3074 3575 καταλλήλως
3092 3505 3191 3576 τῆς
3221 3504 3470 3576 θεότητος
3501 3505 3526 3556 ὲ
3535 3522 3565 3573 μ
3578 3521 3669 3572 μι-

2090 3593 2343 3664 χθείσης,
2391 3594 2458 3646 δι’
2514 3596 2839 3665 ἀμφοτέρων
2885 3595 3114 3666 ἐπίδηλα
3163 3596 3260 3667 τῆς
3300 3597 3670 3668 ὑπερεχούσης

2090 3687 2306 3756 φύσεως
2344 3686 2414 3739 τὰ
2459 3686 2814 3758 γνωρίσματα
2852 3683 2939 3758 ἦν.
3005 3688 3078 3740 Τὸ
3105 3689 3206 3759 μὲν
3236 3689 3343 3756 γὰρ
3386 3689 3543 3758 σῶμα
3571 3689 3667 3756 τὴν

2089 3779 2146 3831 ἐν
2181 3776 2331 3848 αὐτῷ
2363 3777 2594 3847 θεὸτητα
2626 3778 2715 3831 διὰ
2746 3779 2844 3846 τῆς
2897 3778 3040 3849 ἁφῆς
3065 3779 3162 3841 τὰς
3195 3779 3364 3842 ἰάσεις
3411 3778 3669 3848 ἐνεργοῦν

2089 3871 2449 3939 ἐιῖτεσήμαινε⁴
2468 3869 2501 3939 ή
2523 3868 2579 3921 δὲ
2595 3868 2740 3938 ψυχὴ
2758 3868 2834 3940 τῷ
2850 3868 3063 3940 δυνατῷ
3083 3869 3273 3938 ἐκείνῳ
3293 3868 3554 3940 θελήματι
3572 3870 3668 3940 τὴν

2091 3961 2240 4016 θείαν
2277 3960 2610 4015 ἐνεδείκνυτο
2648 3960 2895 4032 δύναμιν.
2960 3962 3168 4032 Ὥσπερ
3201 3961 3309 4032 γὰρ
3342 3961 3374 4032 ή
3401 3961 3540 4014 κατὰ
3569 3961 3668 4032 τὴν

2089 4053 2232 4123 ἁφὴν
2261 4050 2512 4121 αἴσθησις
2535 4049 2630 4104 τοῦ
2662 4050 2910 4122 σώματός
2933 4053 3080 4105 ἐστιν
3115 4051 3240 4119 ἰδία,
3265 4049 3408 4104 οὕτω
3435 4051 3531 4104 καὶ
3563 4051 3667 4122 τῆς

2088 4145 2268 4216 ψυχῆς
2316 4147 2350 4216 ή
2393 4144 2531 4198 κατά
2578 4145 2898 4216 προαίρεσιν
2939 4145 3173 4214 κίνησις.
3236 4143 3602 4215 Προσέρχεται
3637 4145 3668 4197 ὁ

2089 4238 2289 4310 λεπρὸς
2316 4236 2658 4309 διερρυηκὼς
2686 4237 2788 4308 ήδη
2816 4238 2911 4291 καὶ
2937 4237 3304 4308 ἡχρειωμένος
3325 4237 3402 4308 τῷ
3430 4237 3662 4308 σώματι.

2089 4328 2216 4392 Πῶς
2243 4329 2453 4398 γίνεται
2491 4327 2585 4381 ἐπὶ
2621 4327 2810 4381 τούτου
2852 4329 3004 4400 παρά
3044 4327 3139 4382 τοῦ
3172 4329 3378 4399 Κυρίου
3420 4330 3453 4400 ἡ
3486 4330 3663 4394 ῐασις;

417 4427 486 4479 Ἦ
507 4425 654 4496 ψυχὴ
683 4423 827 4477 θέλει
854 4425 949 4477 καὶ
981 4422 1042 4475 τὸ
1070 4421 1230 4492 σῶμα
1254 4459 1269 4475 .
1290 4463 1303 4478 .
1325 4460 1341 4474 .
1367 4423 1401 4490 ή
1432 4420 1628 4490 λέπρα.
1671 4421 1843 4475 Πάλιν
1867 4423 1993 4487 τοὺς
2030 4426 2088 4477 ἐν
2115 4421 2336 4484 πολλαῖς
2367 4419 2571 4491 χιλιάσι
2595 4419 2738 4474 κατὰ
2751 4421 2849 4490 τὴν
2879 4419 3084 4492 ἔρημον
3138 4419 3285 4490 αύτῷ
3341 4418 3661 4490 προσεδρεύο

408 4531 632 4578 σαντας,
677 4513 942 4566 ἀπολῦσαι
984 4513 1082 4582 μὲν
1129 4515 1347 4582 νήστεις
1405 4511 1464 4563 ού
1496 4510 1676 4564 θέλειο
1723 4513 1844 4575 ταῖς
1903 4514 2060 4584 χερσὶ
2094 4511 2152 4567 δὲ
2185 4511 2468 4566 διακλᾶται
2488 4512 2610 4573 τοὺς
2641 4511 2856 4580 ἄρτους.

480 4607 648 4662 Vides
684 4606 960 4676 quomodo
1019 4604 1277 4659 divinitas
1325 4603 1543 4673 utrique
1575 4603 1715 4674 parti
1760 4605 1987 4674 conjun-
2018 4608 2062 4664 D

405 4706 500 4753 cta
533 4712 629 4768 per
654 4706 943 4764 utramque
969 4692 1302 4758 declaratur,
1346 4707 1473 4746 cum
1506 4700 1562 4747 et
1603 4707 1805 4764 corpus
1840 4701 1988 4764 agat,

404 4800 466 4846 et
519 4790 738 4845 animus
772 4789 947 4842 velit?
1003 4784 1200 4841 Verum
1250 4800 1359 4839 non
1405 4793 1490 4840 cst
1517 4801 1745 4841 necesse
1810 4794 1870 4840 ut
1899 4802 1990 4842 res

408 4898 605 4938 omnes
653 4879 1001 4936 admirandas
1048 4878 1239 4933 eodem
1270 4885 1431 4946 pacto
1487 4876 1756 4947 perfectas
1799 4892 1992 4932 recen-

407 4991 654 5032 seamus.
687 4971 830 5026 Sunt
861 4971 1007 5026 enim
1045 4969 1300 5024 omnibus
1337 4977 1499 5024 notae.
1526 4967 1890 5035 Quamobrem
1920 4969 1991 5025 ad

410 5067 490 5133 id,
515 5066 675 5136 cujus
705 5065 880 5135 gratia
912 5064 1027 5117 haec
1058 5075 1552 5116 commemoramus
1572 5103 1587 5128 ,
1631 5069 1987 5117 revertemur.

409 5158 698 5225 Quomodo
766 5157 958 5212 eodem
998 5164 1244 5225 tempore
1281 5162 1336 5209 et
1393 5155 1534 5224 apud
1573 5153 1798 5221 inferos,
1834 5163 1889 5210 et
1937 5156 1992 5210 in

414 5251 671 5322 paradiso
692 5249 957 5304 Dominus
997 5247 1184 5314 fuerit,
1235 5246 1518 5317 quaeritur.
1566 5247 1738 5315 Cujus
1771 5247 1990 5317 quidem

413 5342 735 5412 quaestionis
752 5357 858 5395 una
883 5341 1082 5396 solutio
1103 5347 1208 5404 est,
1245 5347 1303 5393 ut
1332 5339 1603 5404 dicamus,
1633 5339 1768 5394 nihil
1807 5340 1991 5393 avium

417 5441 510 5487 aut
541 5433 884 5486 inaccessum
923 5446 1044 5486 esse
1067 5431 1196 5495 Deo,
1231 5431 1284 5484 in
1309 5446 1420 5501 quo
1453 5431 1636 5486 omnia
1657 5432 1988 5487 consistunt.

489 5633 534 5665 "‘
565 5633 752 5686 Matth.
791 5650 888 5695 xu,
924 5634 1014 5689 40.
1093 5636 1136 5664 ³⁵
1171 5634 1302 5687 Luc.
1357 5651 1512 5692 χχιιι,
1564 5635 1653 5688 45.
1730 5637 1774 5670 ³⁸
1803 5636 1955 5704 Ibid,
1989 5667 1994 5681 ι

2155 5638 2198 5671 ³⁷
2225 5638 2357 5694 Luc.
2391 5655 2425 5705 ι,
2476 5639 2562 5694 55.

414 5705 462 5738 ⁶⁰
496 5705 684 5760 Matth.
731 5721 845 5771 vnit,
889 5707 940 5760 5.
1020 5705 1062 5737 ¹⁶¹
1103 5705 1292 5758 Matth.
1329 5721 1417 5771 xv,
1448 5705 1516 5758 52
1545 5722 1661 5774 sqq.

2171 4601 2334 4674 Ὀρᾷς
2379 4602 2498 4667 πῶς
2534 4602 2601 4655 δι’
2626 4602 2950 4673 ἀμφοτέρων
2974 4603 3008 4673 ή
3042 4603 3099 4655 ἐν
3135 4603 3383 4675 ἐκατέρῳ
3415 4621 3668 4677 συμπαρ-

2091 4694 2409 4767 ομαρτοῦσα
2449 4694 2639 4765 θεότης
2677 4694 3062 4765 δημοσιεύεται
3085 4734 3102 4759 ,
3132 4695 3212 4767 τῷ
3256 4713 3316 4750 τε
3357 4696 3666 4766 ἐνεργοῦντι

2089 4788 2323 4860 σώματι,
2359 4789 2456 4842 καὶ
2495 4791 2564 4859 τῇ
2593 4790 2738 4860 ὁρμῇ
2781 4787 2874 4841 τοῦ
2908 4789 2967 4844 ἐν
3000 4790 3068 4860 τῇ
3097 4788 3240 4860 ψυχῇ
3267 4789 3548 4860 γινομένου
3575 4789 3664 4842 θε-

2087 4880 2347 4952 λήματος.
2392 4879 2503 4931 Kal
2524 4877 2577 4934 τί
2627 4881 2732 4950 χρὴ
2765 4879 2942 4934 πάντα
2968 4878 3218 4944 διεξιέναι
3250 4879 3389 4934 αὐτά
3414 4879 3667 4950 θαύματα

2084 4969 2474 5041 ὁμοιοτρόπως
2506 4968 2932 5041 ἐπιτελούμενα,
2979 4973 3091 5034 τοῖς
3131 4969 3412 5040 προδήλοις
3443 4972 3666 5039 ἐνασχο-

2088 5063 2284 5118 λοῦντα
2329 5062 2423 5121 τὸν
2475 5063 2670 5132 λὸγον;
2719 5065 2858 5118 Ἀλλ’
2899 5059 2960 5120 οὗ
3003 5064 3161 5136 χάριν
3208 5063 3316 5116 τῶν
3360 5063 3665 5134 εἰρημένων

2089 5154 2388 5227 ἐμνήσθην,
2429 5156 2566 5229 πρὸς
2607 5158 2784 5210 ἐκεῖνο
2805 5157 2899 5212 καὶ
2941 5157 3338 5227 μεταϐήσομαι.
3371 5154 3495 5218 Πῶς
3522 5154 3666 5208 κατά

2087 5247 2283 5301 ταύτὸν
2321 5248 2416 5303 καὶ
2446 5249 2505 5303 ἐν
2548 5247 2627 5320 τῷ
2670 5249 2770 5320 ᾅδῃ
2807 5249 2903 5302 καὶ
2933 5251 2990 5304 ἐν
3022 5248 3099 5319 τῷ
3130 5246 3441 5317 παραδείσῳ
3483 5249 3512 5300 ὀ
3559 5245 3667 5299 Κύ-

2091 5356 2206 5410 ριος
2227 5358 2244 5406 ;
2267 5334 2344 5394 Οὖ
2376 5339 2690 5412 ζητήματος
2715 5341 2866 5404 λύσις
2894 5341 3010 5393 ἐστὶ
3037 5340 3155 5410 μία,
3182 5339 3242 5391 τὸ
3275 5338 3442 5410 μηδὲν
3465 5337 3664 5392 ἄὸατον

2087 5425 2227 5484 εἶναι
2257 5431 2405 5504 Θεῷ,
2455 5434 2514 5488 ἐν
2553 5426 2598 5503 ᾧ
2638 5434 2706 5488 τὰ
2749 5433 2926 5487 πάντα
2953 5431 3300 5503 συνέστηκεν.
3365 5429 3562 5501 Ἑτέρα
3607 5427 3665 5482 δὲ

2644 5639 2688 5671 ³⁸
2714 5637 2835 5692 Act.
2881 5652 3009 5700 xvu,
3042 5635 3133 5690 24.
3210 5636 3254 5667 ³³³
3290 5634 3449 5690 Prov.
3499 5649 3575 5698 ix,
3607 5631 3658 5686 1.
