4154 6354
337 257 427 311 617
1278 257 1343 313 IN
1387 257 1662 315 CHRISTI
1705 252 2338 311 RESURRECTIONEM
2379 255 2586 310 ORAT.
2627 255 2668 309 I.

3500 249 3604 303 6l3

338 373 460 444 πρὶς
489 372 556 444 ἣν
590 371 683 424 νῦν
709 374 739 426 ὀ
766 372 921 441 λόγος
951 374 1136 444 βλέπει
1162 394 1175 406 ’
1209 376 1292 427 ὅτι
1330 375 1450 429 ὅλον
1497 377 1590 428 τὸν
1614 375 1904 447 ἄνθρωπον

2016 374 2194 430 Altera
2229 374 2430 429 solutio
2467 382 2552 429 est
2578 374 2692 435 illa,
2716 372 2780 426 ad
2809 387 2972 440 quam
3002 384 3149 424 nunc
3182 367 3362 421 oratio
3411 376 3601 422 nostra

334 463 416 516 τοῦ
446 461 582 516 Θεοῦ
628 463 715 516 διὰ
763 463 865 530 τῆς
897 465 1031 536 πρὸς
1058 467 1249 520 ἑαυτὸν
1301 467 1656 538 ἀνακράσεως
1694 468 1776 530 εἰς
1812 466 1912 536 τὴν

335 557 473 611 θείαν
505 557 666 626 φύσιν
695 559 1224 626 μετασκευάσαντος,
1258 562 1316 614 ἐν
1340 560 1419 630 τῷ
1447 560 1626 632 καιρῷ
1644 561 1742 629 τῆς
1771 561 1913 613 κατά

333 649 385 701 τὸ
410 648 581 712 πάθος
624 649 937 720 οἰκονομίας
964 651 1029 718 ού
1062 650 1294 720 θατέρου
1326 652 1522 724 μέρους
1564 652 1624 704 τὸ
1650 651 1798 716 ἅπαξ
1822 653 1914 719 ἐγ-

334 739 524 812 κραθὲν
558 739 912 810 ἀνεχώρησεν
943 739 1362 812 (ἀμεταμέλητα
1384 742 1492 813 γὰρ
1522 742 1616 795 τοῦ
1647 741 1782 796 Θεοῦ
1837 741 1909 795 τὰ

333 832 692 903 χαρίσματα)ο
747 833 885 888 ἀλλὰ
926 835 1023 905 τὴν
1064 835 1164 906 μὲν
1195 835 1376 906 ψυχὴν
1424 836 1520 890 τοῦ
1566 836 1837 907 σώματος,
1875 839 1909 907 ἡ

333 924 513 993 θεότης
543 925 806 988 ἑκουσίως
828 925 1122 992 διέζευξεν,
1158 927 1358 998 ἑαυτὴν
1397 927 1452 980 δὲ
1486 930 1543 980 ἐν
1579 928 1912 1000 ἁμιξοτέροις

336 1017 592 1088 μένουσαν
622 1017 842 1083 ἔδειξεν.
907 1018 1008 1071 Διὰ
1050 1020 1147 1090 μὲν
1183 1020 1292 1092 γὰρ
1344 1020 1435 1073 τοῦ
1479 1018 1748 1091 σώματος,
1783 1022 1840 1073 ἐν
1865 1014 1910 1088 ᾧ

332 1109 420 1182 τὴν
453 1111 517 1164 ἐκ
539 1110 632 1163 τοῦ
651 1110 884 1165 θανάτου
916 1112 1267 1184 καταφθορὰν
1297 1113 1397 1167 οὐκ
1431 1114 1668 1181 ἐδέξατο,
1697 1117 1908 1185 κατήρ-

332 1217 461 1271 γησε
510 1199 601 1253 τὸν
645 1201 840 1272 ἔχοντα
866 1201 959 1255 τοῦ
991 1202 1221 1257 θανάτου
1253 1205 1313 1257 τὸ
1343 1205 1564 1274 κράτος,
1610 1205 1698 1260 διὰ
1731 1207 1788 1259 δὲ
1810 1207 1911 1275 τῆς

330 1293 498 1364 ψυχῆς
525 1294 826 1366 ὡδοποίησε
871 1294 950 1365 τῷ
991 1296 1160 1368 λῃστῇ
1199 1298 1296 1368 τὴν
1335 1298 1429 1349 ἐπὶ
1458 1297 1548 1351 τὸν
1582 1299 1910 1370 παράδεισον

331 1386 524 1440 εἴσοδον
545 1404 561 1419 °
610 1387 794 1441 καὶτὰ
817 1388 911 1441 δύο
939 1388 1062 1442 κατ’
1093 1389 1256 1442 αὐτὸν
1282 1391 1608 1462 ἐνεργεῖται,
1639 1391 1705 1444 δι’
1733 1393 1912 1462 ἀμφο-

330 1481 497 1553 τέρων
527 1482 628 1553 τῆς
657 1482 910 1553 θεότητος
935 1483 996 1536 τὸ
1028 1483 1232 1551 ἀγαθὸν
1255 1485 1650 1556 κατορθούσης·
1686 1485 1777 1539 διὰ
1811 1488 1910 1557 μὲν

330 1573 421 1642 τῆς
458 1573 552 1626 τοῦ
580 1571 832 1643 σώματος
861 1573 1194 1646 ἀφθαρσίας,
1224 1577 1323 1646 τὴν
1352 1575 1446 1628 τοῦ
1481 1575 1709 1630 θανάτου
1749 1577 1913 1630 κατά-

330 1662 475 1716 λυσιν
502 1681 514 1694 ·
544 1663 632 1718 διὰ
661 1663 717 1717 δὲ
746 1665 845 1733 τῆς
870 1663 1048 1734 ψυχῆς
1079 1664 1217 1735 πρὸς
1240 1664 1336 1735 τὴν
1382 1665 1517 1720 ἰδίαν
1547 1667 1732 1720 ἑστίαν
1761 1669 1910 1720 ἐπει-

331 1758 581 1829 γομένης,
610 1758 710 1829 τὴν
738 1757 831 1811 ἐπὶ
855 1757 946 1810 τὸν
980 1734 1306 1827 παράδεισον
1335 1760 1444 1812 τῶν
1473 1760 1774 1830 ἀνθρώπων
1804 1764 1902 1813 ἐπ-
1942 1734 1984 1792 Β

331 1851 528 1904 άνοδον.
586 1849 739 1902 Ἐπεὶ
779 1845 872 1904 οὖν
914 1850 1134 1904 διπλοῦν
1171 1851 1268 1919 μὲν
1311 1851 1370 1904 τὸ
1410 1852 1749 1924 ἀνθρώπινον
1779 1853 1910 1922 σύγ-

331 1961 536 2014 κραμα,
561 1943 708 2012 ἁπλῆ
743 1942 800 1995 δὲ
831 1943 925 1996 καὶ
950 1943 1226 2014 μονοειδὴς
1258 1945 1290 2014 ἡ
1321 1935 1421 2014 τῆς
1450 1944 1701 2017 θεότητος
1723 1946 1905 2014 φύσις,

331 2039 382 2088 ἐν
418 2035 494 2104 τῷ
520 2033 696 2107 καιρῷ
728 2034 829 2104 τῆς
853 2034 946 2087 τοῦ
972 2035 1222 2104 σώματος
1249 2035 1356 2089 ἀπὸ
1383 2035 1485 2106 τῆς
1502 2035 1680 2107 ψυχῆς
1702 2035 1910 2101 διαζεύ-

331 2128 458 2192 ξεως
479 2168 493 2190 ,
529 2128 588 2180 ού
623 2127 1054 2196 συνδιασχίζεται
1089 2126 1166 2196 τῷ
1196 2126 1436 2197 συνθέτῳ
1473 2128 1533 2180 τὸ
1578 2128 1906 2200 ἀδιαίρετον,

329 2219 461 2274 ἀλλὰ
493 2220 554 2273 τὸ
581 2219 816 2290 ἔμπαλιν
856 2219 1082 2287 γίνεται.
1149 2220 1226 2290 Τῇ
1266 2219 1375 2290 γὰρ
1405 2220 1616 2291 ἑνότητι
1641 2221 1738 2291 τῆς
1759 2221 1909 2285 θείας

330 2312 540 2380 φύσεως
563 2315 664 2383 τῆς
689 2311 828 2366 κατὰ
858 2311 918 2365 τὸ
941 2307 1062 2365 ἴσον
1087 2313 1144 2364 ἐν
1173 2312 1504 2384 ἀμφοτέροις
1529 2313 1717 2385 οὔσης,
1748 2315 1910 2368 πάλιν

329 2406 460 2476 πρὸς
487 2405 689 2476 ἄλληλα
721 2405 789 2458 τὰ
813 2405 1076 2458 διεστῶτα
1105 2405 1435 2476 συμφύεται.
1463 2409 1573 2462 Καὶ
1593 2408 1737 2462 οὕτω
1766 2409 1912 2478 γίνεσρ

326 2501 478 2560 ται,ὁ
503 2498 730 2560 θάνατος
748 2497 867 2567 μὲν,
897 2499 960 2548 ἐκ
989 2497 1088 2567 τῆς
1108 2496 1216 2550 τῶν
1239 2500 1677 2568 συμπεφυκότων
1706 2501 1912 2572 διαιρέ-

331 2607 486 2652 σεως·
523 2591 554 2660 ή
585 2589 880 2651 ἀνάστασις
913 2588 990 2650 δὲ,
1011 2589 1076 2640 ὲκ
1106 2587 1208 2658 τῆς
1234 2587 1343 2642 τῶν
1373 2589 1753 2660 διαιρεθέντων
1781 2592 1911 2644 ἐνώ-

331 2699 485 2745 σεως.
552 2681 614 2734 Εἰ
662 2681 718 2733 δὲ
766 2679 946 2752 ζητεῖς
987 2679 1104 2743 πῶς
1148 2680 1207 2732 ἐν
1244 2679 1321 2750 τῷ
1370 2681 1682 2752 παραδείσῳ
1715 2681 1812 2746 ὣν,
1853 2687 1911 2735 ἐν

326 2775 442 2836 ταῖς
470 2772 627 2842 χερσὶ
649 2771 743 2824 τοῦ
772 2770 986 2841 Πατρὸς
1018 2768 1211 2822 ἑαυτὸν
1235 2770 1618 2840 παρατίθεται,
1642 2773 1912 2844 ἐρμηνεύ·

332 2883 410 2919 σει
437 2883 517 2920 σοι
545 2867 574 2918 ὁ
597 2865 795 2935 ὑψηλὸς
831 2865 1058 2926 Ἡσαΐας
1087 2864 1148 2916 τὸ
1178 2864 1529 2934 περὶτούτων
1559 2865 1907 2937 ζητούμενον.

328 2955 462 3010 Εἷπε
495 2956 605 3025 γὰρ
649 2957 854 3016 ἐκεῖνος
883 2955 947 3006 ἐκ
991 2957 1283 3024 προσώπου
1332 2955 1426 3008 τοῦ
1466 2956 1602 3009 Θεοῦ
1652 2958 1780 3028 περὶ
1814 2959 1912 3028 τῆς

327 3049 438 3102 ἄνω
478 3045 833 3119 Ἰερουσαλὴμ
854 3085 867 3106 ,
909 3045 975 3113 ἣν
999 3045 1097 3102 οὑκ
1146 3045 1312 3114 ἄλλην
1342 3046 1494 3117 παρὰ
1527 3049 1618 3101 τὸν
1650 3050 1909 3120 παράδει-

329 3158 418 3195 σον
449 3137 586 3193 είναι
621 3138 968 3208 πιστεύομεν,
993 3138 1075 3190 δτι
1111 3139 1165 3188 Ἐ
1172 3139 1234 3191 πὶ
1261 3136 1380 3191 τῶν
1401 3141 1614 3208 χειρῶν
1635 3159 1754 3210 μου
1781 3142 1910 3208 ἐζω-

327 3231 608 3301 πεοίὶρησά
644 3249 760 3285 σου
800 3231 872 3284 τὰ
919 3232 1108 3299 τείχη.
1168 3231 1230 3282 Εἰ
1274 3227 1366 3284 οὖν
1391 3233 1449 3283 ὲν
1482 3236 1599 3294 ταῖς
1625 3233 1782 3304 χερσὶ
1817 3233 1910 3286 τοῦ

329 3325 543 3393 Πατρὸς
578 3323 1020 3395 περιγέγραπται
1057 3325 1090 3392 ή
1130 3322 1503 3393 Ἰερουσαλὴμ,
1535 3324 1657 3394 ἥτις
1701 3325 1849 3379 ἐστὶν
1887 3327 1914 3377 ό

331 3415 682 3485 παράδεισος,
709 3415 953 3486 δηλονότι
990 3415 1018 3466 ό
1047 3415 1103 3465 ὲν
1135 3414 1447 3485 παραδείσῳ
1478 3415 1764 3485 γενόμενος
1796 3419 1913 3480 ταῖς

328 3506 614 3578 πατρῴαις
661 3507 878 3570 πάντως
923 3506 1254 3559 ἐνδιαιτᾶται
1303 3507 1615 3578 παλάμαις,
1667 3511 1725 3562 ἐν
1758 3504 1909 3580 αἷςή

329 3602 450 3655 θεία
476 3601 627 3663 πόλις
667 3599 765 3671 τὴν
798 3599 1143 3670 περιγραφὴν
1176 3601 1308 3671 ἔχει.
1342 3602 1450 3654 Καὶ
1493 3601 1667 3655 ταῦτα
1697 3602 1794 3671 μὲν
1833 3604 1914 3666 είς

326 3695 602 3748 τοσοῦτον.
968 3708 973 3713 ·

402 3787 544 3838 Ὅσα
571 3785 625 3838 δὲ
670 3785 778 3838 τῶν
823 3787 1096 3840 Ἰουδαίων
1147 3777 1420 3857 ἀκούομεν
1471 3786 1914 3858 κατατρεχόντων

325 3880 386 3934 ἐν
434 3880 636 3950 σφοδρᾷ
681 3881 986 3952 κατηγορίᾳ
1042 3879 1135 3933 τοῦ
1189 3879 1477 3950 δόγματος,
1525 3880 1673 3945 ἄξιον
1718 3878 1782 3933 ἂν
1829 3880 1912 3950 εἴη

325 3973 644 4044 προσθεῖναι
680 3973 767 4026 διὰ
798 3973 1044 4044 βραχέων
1065 3973 1142 4043 τῷ
1163 3973 1324 4041 λόγῳ.
1358 3973 1590 4041 Λέγουσι
1617 3974 1726 4045 γὰρ
1751 3976 1809 4027 ἐν
1837 3973 1915 4044 τῷ

327 4066 461 4134 περὶ
498 4064 592 4116 τοῦ
628 4065 820 4135 Πάσχα
847 4065 990 4136 λόγῳ
1010 4068 1121 4129 τοῖς
1158 4065 1428 4128 Ἰουδαίοις
1461 4064 1913 4136 νενομοθετῆσθαι

322 4160 481 4230 παρὰ
518 4160 611 4212 τοῦ
634 4160 910 4223 Μωῦσέως
935 4161 1032 4230 τὴν
1059 4160 1659 4231 τεσσαρεσκαιδεκάτην
1698 4159 1791 4212 τοῦ
1824 4177 1912 4212 σε-

326 4251 550 4320 ληναίου
574 4251 773 4322 δρόμου
818 4253 1090 4322 περίοδον,
1135 4253 1359 4307 καὶτῶν
1391 4254 1532 4306 ὲπτὰ
1571 4253 1792 4324 ἡμερῶν
1817 4253 1915 4322 τὴν

323 4343 742 4412 ἀζυμοφαγίαν,
793 4346 887 4396 καὶ
920 4346 1048 4413 ὄψον
1096 4347 1189 4398 ἐπὶ
1223 4349 1336 4409 τοῖς
1383 4345 1614 4416 ἀζύμοις
1644 4345 1914 4399 ποιεῖσθαι

2016 475 2264 537 spectat:
2312 482 2510 537 nempe
2562 467 2731 520 Deum
2781 467 2873 535 qui
2930 473 3106 518 totum
3163 461 3441 516 hominem
3505 476 3603 530 per

2015 576 2172 615 suam
2198 577 2323 614 cum
2357 561 2450 614 illo
2479 559 2927 629 coniunctionem
2978 558 3033 610 in
3070 563 3323 610 naturam
3358 553 3600 608 divinam

2014 658 2342 715 mutaverat,
2374 652 2569 706 mortis
2628 659 2873 719 tempore
2915 663 2945 701 a
2996 655 3189 702 neutra
3222 645 3391 709 illius,
3438 660 3600 714 quem

2014 743 2184 798 semel
2245 752 2652 814 assumpserat,
2715 752 2870 812 parte
2942 738 3262 794 recessisse.
3308 735 3600 806 Nunquam

2012 837 2157 889 enim
2191 836 2344 890 illum
2378 851 2604 891 suorum
2644 849 2936 889 munerum
2972 831 3201 902 penitet
3223 830 3294 883 “.
3332 827 3601 882 Divinitas

2011 944 2144 997 ergo
2183 929 2464 983 voluntate
2486 927 2703 998 quidem
2737 928 2980 982 animum
3000 941 3030 979 a
3054 937 3288 994 corpore
3307 920 3598 990 disjunxit,

2012 1020 2108 1077 sed
2164 1020 2221 1075 in
2282 1031 2518 1091 utroque
2566 1030 2746 1075 tamen
2797 1035 2858 1074 se
2902 1032 3126 1072 manere
3176 1015 3598 1070 demonstravit.

2011 1106 2148 1165 Nam
2188 1127 2285 1182 per
2331 1128 2555 1183 corpus,
2587 1113 2643 1166 in
2690 1126 2800 1182 quo
2839 1109 3251 1179 corruptionem
3303 1120 3372 1161 ex
3425 1114 3603 1159 morte

2012 1207 2428 1275 provenientem
2470 1220 2582 1260 non
2623 1204 2848 1260 admisit
2868 1203 2938 1268 “,
2969 1201 3164 1256 evertit
3191 1214 3340 1263 eum,
3380 1197 3472 1268 qui
3503 1197 3602 1250 ha-

2013 1298 2174 1352 bebat
2194 1298 2388 1354 mortis
2441 1296 2829 1368 imperium“:
2875 1311 2974 1366 per
3007 1295 3250 1349 animum
3287 1299 3468 1346 autem
3519 1289 3602 1343 la-

2013 1390 2155 1442 troni
2213 1388 2467 1460 patefecit
2505 1389 2714 1442 aditum
2771 1387 2829 1441 in
2886 1385 3244 1456 paradisum:
3305 1389 3601 1450 utrumque

2011 1489 2191 1534 autem
2224 1479 2414 1536 eodem
2445 1489 2693 1551 tempore
2714 1479 3017 1550 perfectum
3049 1487 3154 1542 est,
3186 1475 3474 1530 divinitate
3502 1488 3598 1543 per

2014 1579 2306 1643 utramque
2332 1573 2574 1628 hominis
2613 1582 2823 1643 partem
2856 1571 2972 1626 haec
3001 1571 3144 1626 bona
3185 1576 3500 1639 praestante,
3543 1575 3602 1619 ut

2012 1679 2111 1733 per
2159 1665 2412 1735 corporis
2463 1667 2936 1735 incorruptionem
2985 1670 3216 1718 mortem
3265 1662 3439 1732 ipsam
3479 1661 3600 1715 dis-

2015 1757 2286 1823 solveret,
2347 1773 2443 1828 per
2480 1757 2649 1810 animi
2712 1771 2842 1810 vero
2882 1757 2937 1810 in
2984 1755 3113 1810 sede
3175 1753 3397 1824 propria
3463 1766 3600 1806 con-

2016 1849 2353 1904 stitutionem
2381 1849 2694 1903 hominibus
2728 1848 2934 1902 aditum
2977 1848 3031 1900 in
3068 1845 3384 1917 paradisum
3416 1844 3600 1914 aperi-

2016 1949 2118 1996 ret.
2157 1940 2424 2007 Quoniam
2461 1941 2626 2012 igitur
2653 1939 2854 2010 duplex
2898 1948 2977 1995 est
3017 1938 3254 1992 hominis
3291 1935 3593 1999 concretio,

2018 2031 2248 2102 simplex
2285 2042 2464 2088 autem
2511 2039 2676 2101 atque
2710 2046 2820 2085 una
2863 2029 3163 2085 divinitatis
3211 2036 3429 2092 natura,
3475 2040 3602 2081 cum

2016 2124 2184 2177 homo
2231 2123 2526 2177 dirimatur
2567 2130 2734 2191 atque
2774 2119 3130 2182 distrahatur,
3180 2117 3441 2171 divinitas
3481 2116 3601 2184 ipsa

2019 2238 2139 2293 qua:
2157 2221 2433 2276 individua
2458 2230 2562 2282 est,
2586 2237 2696 2276 non
2731 2228 3036 2288 separatur,
3064 2216 3159 2272 sed
3189 2225 3380 2270 contra
3411 2213 3598 2284 potius

2017 2323 2243 2388 prepter
2273 2314 2540 2368 unitatem
2567 2322 2778 2368 naturae
2828 2311 3050 2376 divina},
3080 2326 3201 2381 qua:
3235 2309 3450 2378 utrique
3487 2307 3601 2360 ho-

2019 2407 2186 2463 minis
2215 2410 2356 2480 parti
2386 2425 2452 2463 ex
2481 2423 2639 2478 a-quo
2665 2407 2830 2472 inest,
2876 2420 2997 2476 qua:
3031 2404 3281 2474 seiuncta
3323 2412 3602 2471 separata-

2019 2518 2126 2572 que
2157 2513 2332 2567 erant,
2365 2517 2585 2558 rursum
2619 2507 2821 2556 coeunt
2853 2507 2908 2554 et
2953 2497 3387 2569 coniunguntur.
3421 2495 3602 2565 Atque

2020 2596 2093 2649 ita
2133 2610 2197 2650 ex
2231 2594 2466 2665 partium
2520 2594 2947 2664 conjunctarum
2996 2590 3270 2646 divisione
3315 2603 3467 2644 mors
3510 2602 3600 2642 se-

2019 2687 2228 2758 quitur,
2261 2704 2326 2742 ex
2378 2686 2680 2744 divisarum
2737 2694 2922 2741 autem
2973 2683 3366 2754 conjunctione
3414 2695 3603 2736 resur-

2020 2780 2212 2835 rectio.
2251 2778 2407 2845 Quod
2459 2779 2507 2835 si
2565 2778 2770 2849 quaeris
2811 2777 3088 2847 quomodo
3130 2775 3185 2829 in
3236 2772 3490 2845 paradiso
3543 2786 3602 2826 se

2019 2869 2200 2925 Patris
2234 2870 2490 2926 manibus
2526 2869 2948 2930 commendarit,
2981 2867 3080 2922 tibi
3126 2866 3381 2922 sublimis
3427 2862 3602 2919 Isaias

2021 2958 2374 3028 respondebit
2395 2959 2464 3014 de
2484 2959 2695 3014 cmlesti
2724 2957 3050 3024 Jerusalem,
3081 2971 3245 3026 quam
3287 2955 3423 3009 nihil
3451 2953 3600 3008 aliud

2020 3052 2127 3108 nisi
2164 3052 2478 3122 paradisum
2511 3068 2634 3108 esse
2656 3051 2935 3107 credimus
2960 3068 3024 3106 ex
3057 3050 3152 3105 Dei
3182 3064 3416 3121 persona
3446 3067 3460 3103 :
3500 3048 3602 3102 Do-

2015 3143 2202 3210 scripsi
2232 3158 2445 3209 muros,
2493 3141 2782 3213 inquiens,
2832 3153 2950 3196 tuos
2984 3143 3036 3196 in
3083 3143 3326 3196 manibus
3371 3141 3500 3196 meis
3529 3140 3597 3193 ⁵⁵.

2017 3233 2197 3300 Quare
2223 3234 2267 3289 si
2296 3233 2624 3300 Jerusalem,
2653 3235 2755 3290 hoc
2777 3244 2883 3299 est,
2920 3235 3234 3306 paradisus,
3263 3236 3317 3290 in
3345 3234 3599 3290 manibus

2015 3324 2195 3380 Patris
2222 3326 2496 3396 descripta
2530 3336 2632 3388 est,
2666 3335 2884 3383 constat
2919 3343 3068 3391 eum,
3102 3328 3194 3398 qui
3241 3328 3294 3381 in
3341 3327 3600 3398 paradiso

2017 3420 2108 3481 sit,
2140 3419 2194 3472 in
2239 3418 2420 3475 Patris
2460 3420 2748 3486 manibus,
2796 3422 2853 3475 in
2911 3421 3114 3492 quibus
3167 3420 3594 3490 descriptionem

2016 3511 2182 3566 habet
2213 3511 2397 3565 divina
2419 3511 2636 3578 civitas,
2671 3513 3021 3569 commorari.
3056 3514 3133 3566 Ac
3160 3513 3227 3567 de
3257 3512 3343 3567 his
3381 3511 3600 3583 quidem

2016 3601 2307 3657 hactenus.

2087 3801 2291 3858 Verum.
2335 3803 2462 3874 quia
2503 3803 2676 3858 Judaei
2741 3805 3092 3858 vehementer
3135 3803 3444 3858 institutum
3497 3820 3600 3858 no-

2018 3907 2192 3952 strum
2239 3907 2538 3962 accusant,
2577 3913 2686 3952 non
2725 3897 2961 3953 alienum
3007 3898 3130 3961 erit,
3163 3905 3243 3960 ut,
3285 3913 3408 3968 quae
3441 3897 3599 3953 nobis

2019 3989 2326 4058 objiciunt,
2374 3989 2617 4044 breviter
2677 3988 3013 4044 refellamus.
3064 3988 3265 4056 Dicunt
3318 3989 3487 4060 igitur
3544 3991 3600 4044 in

2017 4080 2287 4136 Paschate
2312 4080 2642 4137 celebrando
2669 4082 2750 4136 sic
2791 4097 2822 4135 a
2865 4081 3014 4136 Mose
3061 4082 3598 4150 quartumdecimum

2019 4174 2162 4227 lunae
2199 4187 2395 4227 cursus
2442 4174 2733 4228 circuitum
2771 4173 2824 4226 in
2858 4173 2975 4243 lege
3032 4175 3410 4244 praescriptum
3452 4191 3598 4242 esse,

2018 4274 2080 4319 ut
2105 4273 2311 4336 septem
2371 4264 2565 4320 diebus
2598 4280 2739 4336 pane
2788 4265 2908 4320 sine
2959 4264 3262 4331 fermento,
3315 4277 3370 4322 et
3413 4266 3598 4323 herbis

2019 4357 2222 4413 amaris
2257 4371 2359 4428 pro
2406 4357 2636 4414 obsonio
2679 4364 3032 4412 vescerentur
3051 4357 3118 4413 ⁵⁸.
3147 4356 3512 4429 Quapropter,
3550 4360 3595 4413 si

320 4434 438 4486 τῶν
458 4435 721 4505 πικρίδων
750 4436 847 4505 τὴν
871 4436 1024 4488 πόαν.
1079 4438 1141 4490 Εἰ
1173 4435 1267 4491 οὗν
1292 4437 1559 4508 ἐπιμελὴς
1583 4438 1712 4508 ὑμῖν
1751 4439 1784 4510 ὴ
1809 4438 1909 4508 τῆς

2017 4449 2548 4519 quartumdecimum
2577 4492 2592 4516 ,
2639 4449 2927 4520 inquiunt,
2958 4449 3101 4505 diem
3135 4451 3465 4515 observatis,
3526 4452 3599 4508 si—

319 4526 924 4598 τεσσαρεσκαιδεκάτης
958 4531 1074 4582 ἐστὶ
1104 4531 1505 4601 παρατήρησις,
1539 4547 1910 4603 συμπαραφυ-

318 4619 627 4681 λαττέσθω,
671 4621 835 4690 φησιν
863 4622 903 4674 όι
936 4621 1218 4686 Ἰουδαῖος,
1257 4624 1354 4676 καὶ
1385 4623 1420 4692 ἡ
1469 4623 1657 4693 πικρὶς
1705 4623 1798 4676 καὶ
1850 4624 1910 4676 τὸ

317 4708 557 4779 ἄζυμον.
611 4710 672 4762 Εί
721 4710 779 4764 δὲ
816 4710 984 4765 ταῦτα
1031 4713 1126 4765 τοῦ
1160 4714 1504 4786 παρορᾶσθαι
1542 4713 1699 4781 ἄξια,
1756 4715 1837 4778 τίς
1874 4717 1906 4785 ἡ

317 4802 455 4873 περὶ
501 4802 717 4873 ἐκείνης
752 4803 992 4876 σπουδῆς
1041 4805 1116 4857 Οὐ
1156 4804 1264 4875 γὰρ
1303 4806 1368 4876 δὴ
1404 4806 1499 4860 τοῦ
1547 4808 1712 4862 αὐτοῦ
1751 4825 1909 4880 νομο-

317 4893 502 4956 Οέτου,
534 4894 597 4946 τὸ
623 4893 722 4966 μέν
752 4912 803 4950 τι
837 4894 1044 4950 δίκαιον
1069 4898 1164 4950 καὶ
1191 4897 1541 4968 ψυχωφελὲς,
1567 4900 1628 4953 τὸ
1654 4901 1710 4954 δὲ
1740 4900 1911 4972 ἄχρη-

318 5003 451 5057 στον
477 4988 718 5058 κρίνεται
745 4990 838 5041 καὶ
868 4989 1174 5061 ἀπόϐλητον
1196 5007 1209 5020 ο
1243 4991 1320 5054 ὼς
1345 4991 1659 5061 ἐπάναγκες
1681 4989 1843 5058 εἶναι,
1875 4993 1908 5064 ἢ

317 5081 506 5134 πάντα
534 5081 926 5154 κατορθοῦσθαι
947 5083 1076 5152 παρ’
1109 5083 1284 5154 ήμῶν,
1315 5085 1413 5138 ὅσα
1445 5085 1689 5156 περὶτοῦ
1717 5088 1908 5158 Πάσχα

314 5171 690 5244 διηγόρευται,
727 5176 760 5245 ἢ
813 5176 1039 5246 μηδενὸς
1077 5177 1223 5247 ἡμᾶς
1273 5177 1643 5248 περιέχεσθαι.
1707 5180 1774 5233 Τί
1816 5175 1909 5233 οὖν

311 5265 527 5335 ήμεῖς;
563 5266 909 5337 Μησθῶμεν
942 5267 1035 5322 τοῦ
1070 5270 1537 5340 παραγγείλαντος
1567 5311 1581 5333 ,
1615 5270 1689 5342 μὴ
1725 5271 1908 5340 φοϐεῖ-

317 5357 453 5409 σθαι
480 5357 571 5410 τὸν
598 5358 899 5431 ὀνειδισμὸν
921 5360 1030 5414 τῶν
1051 5360 1376 5433 ἀνθρώπων,
1405 5363 1497 5415 καὶ
1525 5362 1602 5433 τῷ
1619 5363 1908 5434 φαυλισμῷ

314 5449 508 5502 σύτῶν
543 5451 616 5520 μὴ
655 5451 939 5520 ἡττᾶσθαι.
995 5453 1228 5524 Οῐδαμεν
1271 5454 1378 5524 γὰρ
1409 5453 1519 5507 τῶν
1554 5452 1781 5524 ἀζύμων
1811 5455 1908 5526 τὴν

312 5541 622 5612 ψυχωιρελῆ
660 5544 1075 5615 παρατήρησιν,
1109 5547 1204 5599 καὶ
1236 5545 1344 5599 τῶν
1380 5545 1639 5618 πικρίδων
1679 5546 1740 5600 τὸ
1778 5548 1908 5617 κέρ-

393 5727 440 5756 ⁸²
470 5726 629 5781 IIMI].
670 5741 746 5788 at.
769 5727 859 5782 29.
935 5728 981 5759 ⁸³
1009 5729 1128 5782 Act.
1163 5730 1310 5791 ".27

515 5826 786 5885 ι’Δτιιοι.
829 5824 944 5884 Gn.
994 5825 1216 5887 XLVI.

1408 5733 1451 5765 "'
1476 5733 1638 5790 Ilcbr.
1667 5749 1723 5800 ιι,
1755 5733 1840 5788 ll.

1917 5733 1960 5766 "
1985 5734 2096 5790 Isa.
2125 5749 2248 5802 ur,
2294 5733 2379 5788 12.

2020 4541 2133 4594 mul
2168 4541 2331 4597 etiam
2365 4542 2466 4596 hos
2506 4542 2661 4598 cibos
2692 4541 2980 4597 comedite.
3020 4540 3116 4596 Sin
3151 4542 3276 4598 illos
3302 4544 3595 4614 respuitis,

2019 4647 2120 4686 cur
2155 4634 2208 4687 in
2265 4634 2355 4690 die
2412 4635 2754 4689 observando
2829 4633 3072 4688 studium
3133 4634 3600 4707 ponitis?Neque

2018 4725 2162 4779 enim
2196 4725 2489 4781 dicendum
2512 4737 2616 4788 est,
2651 4742 2770 4797 quae
2798 4727 2866 4780 ab
2894 4727 3084 4782 eodem
3119 4727 3436 4798 legislatore
3468 4737 3597 4783 sunt

2018 4819 2343 4882 constituta,
2371 4819 2568 4888 partim
2595 4834 2718 4875 esse
2741 4828 3000 4888 tanquam
3023 4821 3174 4889 justa
3201 4829 3366 4888 atque
3393 4821 3595 4876 animis

2016 4910 2169 4964 utilia
2201 4909 2610 4979 comprobanda
2645 4950 2660 4974 ,
2700 4910 2897 4978 partim
2930 4916 2988 4961 ut
3035 4909 3240 4979 injusta
3271 4918 3331 4964 et
3383 4909 3596 4963 inutilia

2014 4999 2375 5070 repudianda.
2411 4998 2507 5054 llis
2561 5000 2900 5070 argumentis
2928 5000 3298 5064 concludunt,
3351 5007 3447 5053 aut
3475 5013 3596 5053 om-

2014 5093 2128 5158 nia,
2161 5107 2285 5163 quze
2341 5092 2397 5147 in
2436 5090 2708 5146 Paschate
2737 5089 3066 5145 celebrando
3091 5090 3247 5159 jussa
3307 5099 3469 5154 sunt,
3501 5100 3596 5144 aut

2015 5184 2151 5239 nihil
2182 5184 2481 5240 observare
2513 5200 2615 5238 nos
2661 5191 2938 5253 oportere.
2974 5182 3113 5250 Quid
3173 5191 3356 5238 autem
3391 5199 3493 5239 nos
3527 5183 3596 5238 ad

2018 5277 2133 5332 hanc
2162 5277 2184 5329 ?
2215 5275 2621 5331 Meminerimus
2653 5274 2810 5330 nobis
2841 5287 2965 5329 esse
3019 5273 3361 5342 mandatum,
3397 5290 3467 5330 ne
3505 5273 3598 5327 ho-

2017 5366 2228 5419 minum
2277 5363 2584 5421 maledictis
2618 5374 2672 5419 et
2701 5363 3051 5420 contumeliis
3082 5365 3507 5446 succumbamus
3527 5366 3593 5420 ".

2015 5457 2280 5513 Novimus
2310 5459 2498 5514 utilem
2549 5457 2706 5527 panis
2755 5457 2875 5512 sine
2907 5457 3174 5512 fermento
3223 5456 3462 5514 confecti
3497 5457 3597 5512 ob-

2019 5551 2408 5616 servationem,
2443 5565 2546 5605 nec
2575 5565 2885 5604 amararum
2914 5549 3211 5606 herbarum
3239 5551 3476 5615 lucrum,
3501 5557 3596 5603 aut

2457 5731 2692 5790 “Exod.
2727 5747 2822 5801 XII,
2859 5730 2911 5786 8.
2989 5730 3031 5763 ⁸⁷
3057 5729 3249 5785 Matth.
3281 5747 3333 5798 ν,
3367 5730 3444 5800 59,
3469 5742 3594 5802 sq];

3161 5826 3252 5886 .‘20
