4154 6354
511 287 614 337 619

1791 280 1846 331 S.
1889 279 2217 333 GREGORII
2246 278 2541 333 NYSSENI

3668 276 3772 332 διο

510 402 620 457 diei
653 401 1090 472 quartadecima:
1106 387 1281 455 'usum
1314 399 1651 470 ignoramus.
1690 396 1801 452 Lex
1824 439 1837 461 ,
1869 407 1930 451 ut
1959 412 2088 466 pau-

2195 399 2305 461 δος,
2326 399 2422 451 καὶ
2450 398 2549 466 τῆς
2578 394 3174 466 τεσσαρεσκαιδεκάτης
3204 393 3266 446 τὸ
3291 393 3583 464 χρήσιμον.
3627 394 3687 450 Ὀ
3717 395 3772 452 δὲ

512 495 593 549 eis
624 495 897 548 rationem
947 493 1087 547 hanc
1120 492 1459 560 explicemus
1494 530 1509 555 ,
1558 489 1867 544 futurorum
1916 489 2089 543 bono-

512 600 633 640 rum
668 586 917 640 umbram
951 585 1239 639 continens
1257 584 1325 648 ⁸⁸,
1367 597 1537 637 unum
1584 582 1716 636 illud
1746 581 2089 651 propositum

515 678 696 739 habet,
757 685 816 730 ut
852 676 1022 730 variis
1054 675 1327 729 mandatis
1362 674 1528 729 homo
1563 673 1632 727 ab
1666 673 1905 728 immista
1936 682 2091 727 natu-

480 800 483 803 -
514 783 586 822 rte
608 782 720 823 suae
755 766 961 821 malitia
1007 775 1290 836 purgetur.
1323 763 1437 818 Huc
1469 771 1679 832 spectat
1714 762 2088 828 circumcisio,

515 859 620 913 huc
650 856 877 913 Sabbati
910 896 925 921 ,
970 857 1080 911 huc
1114 858 1390 918 ciborum,
1428 855 1536 909 huc
1565 854 1732 909 variae
1770 854 2090 908 animalium

512 946 923 1010 immolationis,
952 945 1061 1000 huc
1095 946 1341 999 omnium
1374 940 1619 1014 denique
1650 942 1784 1012 legis
1829 956 2092 997 caeremo-

512 1039 727 1092 niarum
762 1045 814 1093 et
848 1037 1233 1092 institutorum
1264 1035 1598 1092 observatio.
1634 1035 1878 1104 Longum
1911 1042 2089 1089 autem

511 1139 679 1196 esset,
706 1145 770 1185 ea
804 1146 928 1201 qua:
956 1131 1041 1185 lex
1091 1144 1189 1199 per
1226 1129 1513 1200 aenigmata
1546 1128 1896 1198 praescribit,
1932 1143 2093 1181 mun-

510 1220 704 1274 ditiam
767 1221 934 1275 animi
991 1219 1353 1290 signiﬁcantia
1390 1259 1404 1283 ,
1467 1219 1744 1290 sigillatim
1784 1234 2090 1275 recensere.

509 1311 978 1379 Quemadmodum
1004 1313 1170 1382 igitur
1191 1327 1286 1382 per
1312 1310 1783 1366 circumcisionem
1801 1351 1815 1375 ,
1838 1326 1958 1381 qua:
1982 1313 2094 1381 spi-

509 1407 620 1460 ritu
642 1404 939 1475 peragitur,
968 1413 1162 1458 natura
1185 1404 1514 1475 cupiditates
1546 1402 1756 1472 abjicit,
1781 1403 1946 1458 vitam
1970 1418 2094 1457 car-

509 1499 570 1554 ni
602 1497 893 1554 obnoxiam
933 1507 1224 1567 amputans
1272 1503 1327 1551 et
1359 1496 1765 1551 circumcidens
1791 1534 1807 1559 ,
1837 1509 1934 1565 per
1962 1492 2097 1548 Sab-

509 1591 698 1646 batum
732 1599 913 1645 autem
937 1588 1302 1653 instituimur,
1336 1594 1396 1642 ut
1420 1589 1770 1658 quiescentes
1796 1601 1826 1638 a
1855 1585 2095 1655 peccatis

512 1682 909 1743 abstineamus,
960 1687 1016 1733 et
1075 1679 1394 1733 animalium
1457 1678 1718 1734 mactatio
1763 1691 1866 1732 nos
1900 1677 2092 1741 docet,

2190 489 2345 558 λόγος
2373 482 2528 552 οὗτός
2553 489 2719 549 ἐστιν,
2748 486 2806 539 ὃν
2831 486 2905 538 ’δι’
2927 485 3123 551 ὀλίγων
3144 484 3576 557 ἐπισκεψόμεθα*
3596 486 3654 542 ’0
3674 489 3773 561 τὴν

2195 582 2351 636 σκιάν
2383 580 2490 634 τῶν
2539 580 2839 651 μελλόντων
2871 577 3090 646 ἀγαθῶν
3119 576 3259 647 ἔχων
3294 576 3482 648 νόμος,
3506 579 3645 650 πρὸς
3676 566 3775 637 ενα

2193 673 2337 727 κατὰ
2362 673 2422 726 τὸ
2467 670 2877 743 προηγούμενον
2927 668 3114 738 βλέπει
3146 669 3348 722 σκοπὸν
3375 710 3389 734 ,
3418 671 3566 735 ὅπως
3596 669 3664 725 ἂν
3685 670 3773 726 δια

2192 765 2299 817 τῶν
2331 763 2588 817 ποικίλων
2625 761 3103 833 παραγγελμάτων
3143 759 3439 831 καθαρθείη
3463 760 3564 832 τῆς
3601 764 3769 834 ἐμμι-

2192 856 2411 928 χθείσης
2457 854 2652 917 κακίας
2692 856 2720 907 ὁ
2748 852 3052 923 ἄνθρωπος.
3093 851 3264 904 Τοῦτο
3303 853 3361 904 ὲν
3382 855 3448 923 τῇ
3478 855 3769 925 περιτομῇ.

2191 947 2351 1000 τοῦτο
2378 948 2435 1000 ἐν
2461 944 2537 1016 τῷ
2561 943 2843 1014 Σαϐϐάτῳ,
2869 942 3025 995 τοῦτο
3052 944 3109 994 ἐν
3140 943 3211 1013 τῇ
3233 942 3341 994 τῶν
3363 941 3640 1014 ἐδωδίμων
3665 960 3771 998 m-

2198 1041 2514 1111 ρατηρήσει,
2554 1037 2711 1091 τοῦτο
2749 1039 2807 1091 ἑν
2848 1039 2914 1108 τῇ
2953 1035 3171 1108 ποικίλῃ
3204 1034 3493 1107 ζωοθυσίᾳ,
3532 1036 3689 1090 τοῦτο
3712 1038 3772 1091 ἐν

2193 1134 2304 1195 τοῖς
2347 1129 2466 1184 καθ’
2508 1131 2737 1183 ἕκαστον
2790 1129 3223 1200 παρατηρήμασι
3278 1129 3638 1200 κατορθοῦται
3676 1127 3772 1184 τοῦ

2194 1221 2378 1290 νόμου.
2444 1219 2550 1272 Καὶ
2596 1217 2804 1288 μακρὸν
2848 1217 2914 1270 ἂν
2954 1217 3039 1287 εἴη
3089 1214 3154 1271 τὰ
3209 1218 3339 1289 περὶ
3387 1218 3618 1272 ἑκάστου
3638 1222 3771 1290 ἡμῖν

2194 1308 2604 1381 αἰνιγματωδῶς
2633 1310 2711 1371 εἰς
2751 1308 2810 1360 τὸ
2848 1307 2939 1360 τοῦ
2983 1307 3097 1378 βίου
3146 1300 3440 1378 καθάρσιον
3488 1308 3641 1379 παρά
3676 1310 3770 1363 τοῦ

2196 1403 2362 1472 νόμου
2415 1399 2720 1471 δηλούμενα
2760 1399 2826 1452 δι’
2876 1400 3156 1470 ἀκριϐείας
3196 1398 3525 1457 ἐκτίθεσθαι.
3560 1399 3772 1474 Ὠσπερ

2195 1492 2372 1547 τοίνυν
2404 1491 2491 1545 διά
2513 1491 2612 1561 τῆς
2638 1491 2939 1562 περιτομῆς
2965 1491 3063 1563 τῆς
3086 1490 3469 1560 πνευματικῶς
3493 1492 3771 1546 ἐπιτελου-

2200 1582 2364 1652 μένης
2388 1582 2421 1652 ή
2448 1580 2608 1649 φύσις
2628 1580 2687 1633 τὸ
2712 1579 2957 1650 ἐμπαθὲς
2980 1579 3316 1647 ἀποτίθεται,
3341 1582 3770 1653 περιαιρουμένη
3832 1585 3838 1591 ’

2197 1671 2287 1724 τὸν
2320 1654 2571 1743 σαρκώδη
2599 1670 2711 1742 βίον
2738 1686 2751 1702 ο
2803 1670 2893 1724 διὰ
2922 1671 2979 1724 δὲ
3007 1671 3100 1724 τοῦ
3136 1671 3536 1742 Σαϐϐατισμοῦ,
3573 1673 3672 1746 τὴν
3710 1675 3770 1727 ἑν

513 1781 575 1828 ut
625 1773 1064 1844 perturbationes
1096 1782 1152 1828 et
1183 1772 1312 1827 vitia
1358 1779 1694 1835 mactemus,
1746 1775 1801 1824 et
1839 1768 2086 1825 ciborum

2195 1762 2267 1833 τῷ
2289 1763 2443 1834 κακῷ
2466 1762 2736 1835 ἀπραξίαν
2764 1763 3070 1818 διδάσκεται
3093 1781 3107 1794 ο
3137 1766 3169 1834 ἡ
3199 1765 3253 1818 δὲ
3281 1764 3548 1831 ζωοθυσία
3600 1783 3774 1822 κατα-

510 1861 917 1918 immundorum
944 1860 1258 1916 interdictio
1288 1874 1390 1915 nos
1412 1866 1618 1925 monet,
1659 1866 1718 1913 ut
1751 1858 1818 1912 ab
1873 1859 2085 1927 impura

510 1950 901 2022 immundaque
931 1952 1037 2004 vita
1076 1949 1404 2005 recedamus
1438 1967 1452 2004 :
1489 1948 1572 2005 sic
1619 1958 1673 2002 et
1707 1947 1822 2001 haec
1854 1945 2087 2001 celebri-

512 2052 597 2101 tas
641 2045 787 2099 illam
837 2043 1046 2098 indicat
1098 2041 1495 2106 celebritatem,
1538 2038 1606 2093 ad
1650 2054 1816 2109 quam
1869 2037 2088 2093 animus

511 2151 610 2209 per
638 2151 827 2207 azyma
861 2143 1219 2205 praeparatur,
1253 2133 1385 2187 dum
1426 2138 1635 2202 septem
1685 2130 1880 2185 diebus
1910 2144 1940 2183 a
1981 2128 2089 2184 fer-

510 2230 699 2284 mento
718 2227 876 2297 jubet
900 2227 1203 2282 abstinere.
1237 2224 1456 2295 Septem
1491 2224 1637 2302 enim
1662 2220 1875 2276 dii-rum
1899 2235 2114 2288 nume—,

510 2333 610 2373 rus
650 2322 1071 2387 praetereuntem
1120 2314 1267 2369 hunc
1299 2313 1562 2383 temporis
1594 2326 1817 2367 cursum
1876 2309 2087 2381 signiﬁ-

510 2416 622 2475 cat,
652 2407 747 2479 qui
776 2422 872 2478 per
893 2404 1261 2461 hebdomadas
1298 2403 1761 2458 circumvolvitur.
1797 2400 2092 2471 Diligenter

510 2501 655 2555 enim
693 2495 935 2568 quotidie
958 2494 1260 2551 cavendum
1289 2503 1404 2560 est,
1444 2508 1514 2547 ne
1553 2491 1674 2547 dies
1705 2491 1920 2545 instans
1953 2489 2092 2544 ullas

512 2591 782 2646 hesternae
851 2587 1075 2643 malitia:
1132 2586 1395 2657 reliquias
1450 2592 1780 2646 conservet,
1831 2596 1901 2636 ne
1957 2580 2090 2651 quid

511 2680 833 2735 acerbitatis
911 2687 1006 2733 aut
1062 2675 1449 2734 amaritudinis
1501 2674 1771 2730 hodierno
1823 2671 2092 2727 fermento

510 2769 715 2825 veteris
742 2767 1115 2838 improbitatis
1149 2765 1335 2820 mistio
1370 2765 1566 2835 pariat.
1615 2762 1710 2819 Sol
1762 2778 1824 2817 ne
1885 2760 2095 2815 occidat

511 2875 669 2929 super
694 2857 1028 2912 iracundiam
1057 2864 1305 2921 vestram,
1362 2853 1544 2923 inquit
1580 2851 1874 2922 Apostolus
1900 2850 1965 2915 "°,
1997 2849 2094 2919 qui

509 2953 775 3023 praecipit,
808 2958 865 3005 ut
899 2950 1041 3005 diem
1080 2948 1274 3003 festum
1329 2946 1689 3008 celebremus,
1745 2960 1850 2997 non
1896 2942 1950 2996 in
1989 2944 2096 3011 [er-

512 3051 685 3097 mento
713 3042 892 3105 veteri,
929 3056 1021 3094 nec
1049 3039 1308 3108 fermento
1343 3036 1569 3090 malitia:
1600 3044 1650 3089 et
1709 3034 1974 3104 nequitiac,
2000 3032 2090 3086 sed

512 3134 566 3186 in
600 3132 805 3203 azymis
851 3130 1170 3185 sinceritatis
1219 3138 1267 3183 et
1321 3128 1557 3182 veritatis
1575 3126 1647 3182 ⁸ο.
1696 3124 1853 3192 Quod
1908 3131 2090 3177 autem

512 3223 582 3280 de
611 3239 719 3278 uno
751 3222 969 3277 malitiae
1000 3235 1201 3295 genere
1236 3218 1557 3285 didicimus,
1589 3217 1644 3272 id
1671 3216 1835 3273 simili
1881 3216 2094 3270 ratione

513 3314 581 3369 de
627 3312 881 3382 reliquis.
909 3312 1130 3366 malitiae
1196 3310 1489 3381 generibus
1555 3308 1764 3363 dictum
1814 3307 2093 3362 existime—

513 3420 658 3459 mus.
714 3402 1041 3456 Amaritudo
1100 3400 1245 3455 enim
1279 3415 1311 3455 e
1341 3399 1452 3452 vita
1498 3406 1774 3468 torporem
1832 3405 1888 3451 et
1940 3397 2095 3465 igna-

513 3496 659 3549 viam
692 3493 936 3565 aspellit,
991 3502 1048 3547 et
1095 3491 1243 3546 illius
1284 3490 1407 3545 loco
1450 3489 1643 3544 fortem
1677 3498 1732 3543 et
1797 3488 1990 3542 duram
2038 3494 2095 3542 et

515 3599 767 3657 asperam
842 3583 1062 3639 vivendi
1118 3581 1388 3637 rationem
1447 3580 1769 3646 introducit,
1822 3578 2091 3649 siquidem

515 3676 695 3731 omnis
742 3673 1032 3743 disciplina
1073 3671 1345 3743 principio
1386 3670 1601 3726 videtur
1658 3684 1767 3725 non
1826 3668 2090 3736 laatitiam,

517 3766 612 3822 sed
648 3763 955 3819 molestiam
985 3761 1202 3819 aﬂ‘erre.
2008 3762 2024 3785 ‘

587 4024 770 4092 Quare
817 4024 912 4095 qui
956 4022 1084 4078 vitae
1117 4021 1290 4077 totius
1315 4020 1711 4077 hebdomadem
1745 4020 1900 4075 nulla
1921 4019 2091 4076 veteri

516 4117 726 4173 malitia
779 4104 1151 4178 cemmistam,
1205 4112 1298 4169 sed
1344 4113 1414 4167 ab
1446 4111 1620 4182 ipsius
1667 4110 1932 4168 fermento
1959 4111 2096 4167 [ibe—-

516 4224 636 4287 ram
688 4206 988 4276 transigit,
1028 4204 1447 4275 temperantiam
1503 4204 1560 4259 in
1626 4203 1779 4258 victu
1833 4211 2092 4274 tanquam

518 4300 811 4358 obsonium
863 4297 1156 4362 adhibens,
1184 4298 1234 4352 is
1277 4296 1346 4351 ab
1397 4297 1547 4352 omni
1601 4296 1950 4352 tenebricosa
1988 4296 2094 4351 mi-

522 4391 705 4449 stione
734 4406 794 4447 se
840 4391 1018 4461 ipsum
1073 4396 1286 4443 avocat.
1320 4385 1437 4443 Hoc
1489 4390 1636 4443 enim
1656 4387 2094 4458 quartadecima;

2187 1850 2379 1920 σφάζει
2413 1851 2480 1904 τά
2518 1850 2688 1922 πάθη,
2722 1852 2811 1905 καὶ
2840 1854 2872 1923 ἡ
2899 1853 3259 1925 νενομισμένη
3286 1852 3414 1925 περὶ
3448 1854 3519 1909 τά

2187 1963 2256 1998 τα
2285 1945 2394 1996 τῶν
2451 1945 2776 2016 ἀκαθάρτων
2824 1946 3095 2018 διάκρισις
3136 1946 3491 2018 συμὸουλεύει
3533 1965 3617 2002 σοι
3673 1947 3769 2002 τοῦ

2192 2037 2483 2109 ρνοποῦντός
2530 2055 2589 2090 τε
2624 2038 2718 2092 καὶ¹
2751 2039 3063 2110 ἀκαθάρτου
3097 2039 3214 2110 βίου
3248 2040 3345 2109 τὴν
3387 2040 3759 2112 ἀλλοτρίωσιν·

2188 2129 2330 2183 οὕτω
2374 2129 2469 2182 καὶ
2494 2130 2528 2199 ή
2571 2130 2730 2200 ἑορτή
2778 2147 2857 2183 σοι
2892 2129 3028 2202 αὕτη
3069 2132 3168 2202 τὴν
3209 2130 3402 2202 ἑορτὴν
3424 2132 3639 2202 ἐκείνην
3675 2131 3766 2185 ἑν-

2188 2219 2488 2283 δείκνυται,
2534 2219 2671 2291 πρὸς
2714 2220 2781 2291 ἣν
2814 2222 2848 2291 ἡ
2879 2219 3024 2292 ψυχὴ
3064 2222 3152 2276 διά
3195 2222 3304 2275 τῶν
3331 2219 3555 2296 ἀζύμων
3591 2238 3770 2295 παρασ-

2192 2310 2535 2375 σκευάζεται,
2579 2312 2636 2364 ἑν
2664 2311 2804 2364 ἑπτὰ
2833 2310 3063 2383 ἡμέραις
3092 2312 3189 2385 τῆς
3229 2313 3322 2367 τοῦ
3355 2314 3605 2386 ζυμωτοῦ
3633 2312 3774 2387 βρώ-

2193 2418 2329 2463 σεως
2362 2400 2769 2471 καθαρεύουσα,
2825 2396 2899 2456 ὧν
2951 2403 3012 2456 τὸ
3053 2405 3284 2474 αἴνιγμα
3328 2404 3569 2460 τοιοῦτον
3598 2407 3766 2460 ἐστιν’

2203 2492 2262 2543 '0
2306 2491 2412 2543 τῶν
2458 2490 2597 2544 ἑπτά
2642 2492 2874 2563 ἡμερῶν
2929 2494 3162 2567 ἀριθμὸς
3208 2496 3299 2549 τὸν
3354 2497 3642 2569 παροδικόν
3687 2512 3772 2551 σοι

2191 2582 2375 2635 τοῦτον
2400 2582 2589 2652 χρόνον
2627 2583 2987 2650 ἐκδείκνυται,
3010 2586 3100 2639 τὸν
3129 2586 3195 2639 δι’
3225 2588 3535 2659 ἑϐδομάδων
3566 2591 3772 2644 ἀνακυ·

2193 2673 2507 2745 κλούμενον.
2560 2676 2649 2729 Ἐν
2676 2669 2721 2744 ᾧ
2748 2676 2854 2749 χρὴ
2878 2677 2944 2730 δι’
2973 2678 3288 2749 ἐπιμελείας
3314 2683 3393 2745 εἰς
3415 2681 3515 2751 τὴν
3539 2678 3771 2735 ἐνεστῶ-

2195 2784 2292 2820 σαν
2322 2767 2536 2839 ἡμέραν
2598 2769 2763 2840 μηδὲν
2805 2773 2905 2841 τῆς
2930 2770 3120 2843 χθιζῆς
3150 2774 3347 2838 κακίας
3373 2773 3622 2843 λείψανον
3652 2774 3772 2831 δια-
3868 2827 3873 2832 .

2196 2859 2463 2924 σώζεσθαι
2491 2899 2506 2924 ,
2552 2861 2629 2926 ὡς
2667 2863 2733 2915 ἂν
2768 2865 2840 2934 μή
2872 2881 2991 2918 τινα
3032 2865 3221 2936 στύψιν
3254 2867 3348 2920 καὶ
3393 2867 3541 2934 όξίδα
3562 2867 3642 2939 τῷ
3679 2886 3777 2940 ση-

2199 2948 2404 3020 μερινῴ
2436 2949 2718 3020 φυράματι
2747 2952 2779 3020 ἡ
2819 2952 2915 3021 τῆς
2948 2951 3116 3006 ἑώλου
3143 2954 3339 3018 κακίας
3367 2957 3663 3025 ποιήσειεν.
3708 2956 3776 3010 '0

2196 3041 2371 3108 ἥλιος
2410 3041 2496 3109 μὴ
2545 3040 2833 3096 ἐιτιδυέτω
2889 3044 2987 3096 ἐπὶ
3034 3043 3114 3109 τῷ
3155 3045 3537 3115 παροργισμῷ
3583 3045 3769 3117 ὑμῶν,

2197 3133 2362 3202 φησιν
2389 3134 2418 3186 ό
2457 3133 2797 3198 Ἀπὸστολος,
2868 3138 2900 3189 ό
2927 3136 3015 3205 μὴ
3061 3136 3133 3190 ἐν
3171 3136 3317 3207 ζύμῃ
3348 3136 3593 3206 παλαιᾷ,
3617 3139 3776 3210 μηδὲ

2193 3224 2265 3278 ἐν
2289 3224 2433 3295 ζύμῃ
2465 3227 2678 3292 κακίας
2702 3228 2801 3281 καὶ
2827 3228 3142 3297 πονηρίας,
3180 3230 3318 3284 ἀλλ’
3338 3230 3410 3284 ἐν
3429 3230 3670 3301 ἀζύμοις
3695 3232 3775 3285 clo

2193 3320 2521 3387 λικρινειας
2570 3320 2668 3373 καὶ
2709 3322 2996 3388 ἀληθείας
3033 3322 3306 3394 ἑορτάξειν
3335 3324 3768 3397 ἐγκελευόμενος.

2200 3409 2265 3460 Ὃ
2292 3407 2349 3461 δὲ
2380 3409 2508 3479 περὶ
2540 3408 2633 3463 τοῦ
2666 3410 2784 3472 ἑνὸς
2814 3412 2913 3482 τῆς
2933 3412 3132 3476 κακίας
3157 3412 3333 3478 εἴδους
3355 3414 3619 3487 ἔγνωμεν,
3642 3418 3775 3473 ἀνα-

2193 3498 2367 3567 λόγως
2388 3500 2546 3553 τοῦτο
2569 3501 2696 3570 περὶ
2728 3501 2835 3556 τῶν
2858 3502 3059 3557 λοιπῶν
3083 3505 3178 3574 τῆς
3210 3507 3410 3571 κακίας
3441 3507 3597 3562 είδῶν
3630 3507 3775 3561 διδα-

2195 3590 2438 3659 σκόμεθα
2464 3609 2477 3622 ο
2534 3592 2651 3662 ἡδὲ
2703 3594 2890 3664 πικρὶς
2929 3596 3179 3650 ἐκὸάλλει
3223 3597 3286 3651 τὸ
3326 3598 3771 3654 καταϐεϐλακευ-

2197 3680 2355 3749 μένον
2402 3683 2459 3736 ἑν
2508 3682 2586 3752 τῷ
2632 3681 2730 3753 βίῳ
2769 3684 2862 3737 καὶ
2908 3684 3129 3742 ἔκλυτον
3154 3704 3167 3718 ·
3228 3689 3539 3759 ἀντεισάγει
3584 3688 3644 3744 δὲ
3680 3690 3775 3745 τὶν

2193 3772 2437 3842 ἐγκρατῆ
2464 3774 2559 3827 καὶ
2591 3775 3020 3846 κατεσκληκότα,
3073 3780 3167 3833 καὶ
3198 3781 3264 3852 τῇ
3299 3781 3552 3853 αἰσθήσει
3575 3782 3771 3853 δύσλη-

2194 3878 2325 3917 πτον
2357 3862 2489 3932 βίον.
2533 3865 2753 3935 Ἐπειδὴ
2798 3868 2947 3921 πᾶσα
2983 3870 3200 3924 παιδεία
3242 3872 3304 3925 οὐ
3353 3873 3500 3929 δοκεῖ
3532 3873 3668 3946 πρὸς
3711 3874 3775 3929 τὸ

2194 3953 2367 4024 παρὸν
2393 3957 2567 4025 χαρᾶς
2599 3954 2758 4019 εἶναι,
2786 3959 2922 4013 ἀλλά
2947 3959 3143 4031 λύπης.

2279 4044 2335 4097 Ὀ
2365 4045 2544 4099 τοίνυν
2574 4047 2662 4102 διὰ
2700 4049 2879 4120 πάσης
2906 4051 3004 4119 τῆς
3037 4050 3131 4105 τοῦ
3176 4051 3293 4122 βίου
3324 4054 3514 4109 τούτου
3544 4056 3775 4128 ἑϐδομά-

2193 4135 2281 4198 δος
2317 4137 2672 4209 ἀνεπίμικτον
2703 4141 2936 4206 παλαιᾶς
2966 4144 3161 4208 κακίας
3202 4147 3295 4199 καὶ
3323 4147 3530 4216 ἄζυμον
3561 4148 3659 4220 τὴν
3686 4150 3774 4205 ἀεὶ

2194 4227 2496 4283 ἐνεστῶσαν
2537 4231 2816 4303 κατορθῶν
2846 4232 3078 4303 ἡμέραν,
3114 4234 3243 4303 ὄψον
3281 4236 3379 4305 τῆς
3404 4236 3550 4307 ζωῆς
3590 4239 3774 4293 ποιού-

2197 4335 2355 4389 μενος
2380 4320 2478 4392 τὴν
2503 4322 2847 4394 ἐγκράτειαν,
2878 4317 3031 4389 οὗτος
3062 4326 3253 4381 ἑαυτὸν
3285 4328 3462 4399 πάσης
3499 4331 3775 4402 σκοτεινῆς

2193 4410 2471 4479 ἐπιμιξίας
2501 4413 2744 4485 χωρίζει,
2785 4414 2954 4468 Τοῦτο
2990 4417 3100 4488 γὰρ
3143 4419 3178 4489 ἡ
3209 4421 3771 4494 τεσσαρεσκαιδεκάτη

520 4486 665 4539 lunae
708 4498 906 4539 cursus
980 4480 1276 4552 signiﬁcat.
1322 4479 1458 4535 Nam
1485 4480 1627 4550 ﬁcum
1682 4488 1860 4535 totum
1917 4481 2092 4552 ipsius

2195 4500 2288 4553 τοῦ
2316 4479 2598 4573 σεληναίού
2617 4504 2817 4576 δρόμου
2859 4479 3213 4563 ἐνδείκνυται.
3252 4479 3471 4584 Ἐπειδὴ
3492 4512 3601 4584 γὰρ
3620 4479 3776 4568 ἑννέά

519 4590 744 4632 cursum
776 4588 972 4630 novem
999 4582 1054 4630 et
1106 4572 1301 4643 viginti
1333 4571 1452 4628 dies
1499 4587 1627 4627 cum
1661 4571 1890 4627 dimidio
1914 4572 2092 4628 conﬁ-

520 4670 688 4731 ciant,
733 4681 842 4737 quo
875 4664 1094 4736 quidem
1125 4665 1304 4735 spatio
1330 4665 1461 4718 luna
1499 4672 1615 4718 tum
1655 4665 1953 4721 crescendo
1985 4667 2098 4720 circ

522 4761 706 4816 culum
737 4758 969 4830 perlicit,
999 4765 1113 4813 tum
1149 4756 1519 4813 decrescendo
1550 4757 1819 4813 minuitur
1839 4798 1854 4824 ,
1888 4767 1948 4812 ut
1979 4774 2097 4815 om-

524 4853 581 4909 ni
620 4866 847 4923 prorsus
876 4851 997 4905 luce
1023 4847 1262 4913 deﬁciat,
1300 4847 1379 4911 ﬁt,
1413 4856 1474 4904 ut
1522 4848 1719 4904 horum
1756 4850 1969 4906 dierum
2007 4850 2096 4905 di-

523 4940 753 4997 midium
779 4939 992 4995 numeri
1015 4939 1428 5010 quatuordecim
1450 4940 1567 4999 dies
1590 4949 1645 4997 et
1674 4942 1834 5012 paulo
1862 4943 2097 5013 amplius

525 5033 822 5088 contineat.
862 5032 997 5087 Cum
1036 5032 1203 5102 igitur
1251 5031 1473 5104 proprio
1520 5047 1688 5090 cursu
1746 5035 2098 5106 progrediens

525 5132 799 5193 nocturno
829 5123 1008 5192 spatio
1037 5124 1119 5179 sic
1148 5123 1336 5179 orbem
1370 5139 1530 5179 suum
1568 5124 1692 5181 luce
1721 5127 2096 5197 compleverit,

529 5224 590 5269 ut
623 5216 731 5271 dici
779 5214 1057 5285 splendori
1091 5215 1322 5271 nitorem
1377 5216 1637 5288 adjungat
1692 5234 1872 5284 suum,
1909 5221 2097 5290 sequi-

529 5317 639 5372 tur,
686 5316 749 5361 ut
776 5321 952 5377 neque
979 5307 1217 5377 vesperi,
1264 5323 1440 5379 neque
1465 5324 1626 5365 mane
1667 5310 1922 5368 tenebras
1953 5313 2097 5368 ullas

530 5398 675 5452 sinat
719 5397 1033 5467 interponi,
1082 5399 1285 5468 quibus
1335 5400 1596 5456 continua
1624 5402 1765 5458 lucis
1812 5404 1983 5460 series
2024 5406 2099 5459 in-

529 5498 923 5558 terrumpatur,
964 5504 1091 5545 cum
1142 5489 1197 5545 in
1227 5492 1509 5548 elementis
1551 5506 1812 5566 perpetua
1871 5496 2098 5553 luminis

602 5710 653 5744 ⁸³
684 5708 848 5768 Hebr.
880 5728 935 5780 ι,
971 5713 1023 5769 1.
1096 5714 1147 5750 δ’
1165 5714 1365 5788 Ephes.
1404 5735 1476 5787 iv,
1506 5720 1595 5775 26.
1673 5722 1719 5755 ⁵ο
1748 5720 1913 5778 lCor.
1948 5740 1999 5791 γ,
2034 5723 2093 5778 8.

2196 4593 2333 4646 είσὶν
2362 4595 2417 4647 αἱ
2445 4596 2615 4649 πᾶσαι
2646 4596 2741 4649 τοῦ
2778 4598 3057 4669 σεληναίου
3087 4600 3287 4672 δρόμου
3306 4644 3322 4669 ,
3354 4602 3448 4658 καὶ
3472 4603 3645 4659 εῐκοσι
3682 4606 3776 4659 καὶ

2198 4683 2421 4754 ἡμίσεια
2440 4726 2456 4751 ,
2485 4686 2545 4740 ὲν
2573 4682 2660 4751 αἷς
2684 4689 2749 4742 ἐκ
2794 4690 3084 4761 νεομηνίας
3108 4696 3141 4765 ἦ
3175 4693 3370 4766 σελήνη
3402 4694 3469 4748 δι’
3501 4695 3777 4768 αὐξήσεως

2197 4774 2543 4830 τελειωθεῖσα
2588 4779 2667 4849 τῷ
2695 4780 2899 4853 κύκλῳ,
2933 4783 3092 4838 πάλιν
3116 4784 3203 4838 διὰ
3237 4787 3514 4856 μειώσεως
3556 4789 3638 4852 είς
3677 4787 3803 4858 τὴν.

2202 4864 2442 4936 παντελῆ
2468 4866 2563 4920 τοῦ
2588 4868 2766 4937 φωτὸς
2789 4870 3029 4942 ἔκλειψιν
3051 4875 3427 4946 ἐπανέρχεται,
3453 4876 3692 4947 δηλονότι
3715 4878 3778 4931 τὸ

2203 4956 2372 5028 ἥμισυ
2416 4958 2512 5012 τοῦ
2552 4963 3015 5033 μνημονευθέντος
3055 4967 3289 5038 ἀριθμοῦ
3334 4970 3780 5040 τεσσαρεσκαιδε-

2203 5048 2342 5121 κάτη
2361 5050 2496 5115 ἐστὶ,
2517 5053 2612 5105 καὶ
2631 5054 2823 5125 μικρὸν
2846 5055 2927 5109 ἔτι
2953 5058 3109 5127 πρός.
3136 5058 3367 5125 Οὐκοῦν,
3387 5060 3515 5114 ὅταν
3531 5062 3589 5114 ἐν
3606 5061 3780 5132 τούτῳ

2202 5140 2340 5215 τύχῃ
2370 5139 2503 5197 οὖσα
2529 5147 2562 5216 ἡ
2594 5147 2789 5218 σελήνη
2808 5147 2885 5220 τῷ
2903 5150 3163 5221 σχήματι,
3185 5152 3372 5223 ἐπειδὴ
3403 5155 3778 5226 ωμπροῖοῦσα

2204 5235 2345 5289 κατὰ
2358 5234 2449 5289 τὸν
2466 5236 2593 5290 ἴδιον
2615 5238 2815 5311 δρόμον
2837 5240 2914 5312 τῷ
2934 5242 3231 5314 νυκτερινῷ
3245 5243 3592 5316 διαστήματι,
3612 5262 3780 5318 προσ-

2202 5325 2382 5397 τίθησι
2428 5328 2489 5381 τὸ
2522 5329 2707 5384 λεῖπον
2743 5331 2820 5402 τῷ
2853 5332 3058 5404 κύκλῳ,
3078 5333 3219 5388 ὥστε
3267 5334 3642 5408 πληρωθεῖσαν
3674 5354 3779 5406 φω-

2204 5413 2294 5478 τὸς
2320 5417 2442 5480 ταῖς
2470 5418 2661 5488 αὐγαῖς
2690 5423 2788 5492 τῆς
2811 5421 3023 5493 ἡμέρας
3051 5422 3151 5488 τάς
3174 5425 3305 5496 παρ’
3335 5425 3536 5497 ἑαυτῆς
3561 5426 3779 5498 λαμπης

2203 5504 2361 5570 δόνας
2388 5511 2981 5584 συμπαρακαταμίξαι,
3012 5513 3088 5578 ὡς
3131 5515 3268 5586 μήτε
3311 5517 3452 5572 κατά
3492 5518 3590 5592 τὴν
3615 5517 3777 5573 ἑσπέ-
