4154 6354
302 366 381 422 621

1240 348 1309 404 ΙΝ
1352 343 1630 403 CHRISTI
1671 336 2304 397 RESURRECTIONEM
2335 333 2543 390 ()RAT.
2582 332 2623 386 Ι.

3430 325 3539 381 6‘22

300 495 406 550 ραν,
445 476 582 546 μήτε
617 474 757 526 κατὰ
788 473 878 525 τὸν
911 470 1128 542 ὄρθρον,
1170 468 1394 530 σκότους
1430 464 1552 519 τινά
1586 461 1861 534 παρενθή-

1988 455 2248 510 successio
2296 462 2537 510 maneat.
2579 450 2905 523 Priusquam
2929 448 3075 505 enim
3108 446 3242 503 solis
3272 443 3539 501 occiden-

299 587 384 636 κην
409 567 662 636 διακόψαι
692 564 784 617 τοῦ
809 563 984 632 φωτὸς
1008 562 1106 632 τὴν
1140 560 1438 630 συνέχειαν,
1462 561 1519 611 ἑν
1548 559 1614 627 τῇ
1643 555 1861 624 διαδοχῇ

298 662 388 715 τῶν
424 658 720 728 στοιχείων,
748 655 1052 726 ἀδιαιρέτου
1081 655 1178 724 τῆς
1205 653 1379 723 αὐγῆς
1413 649 1697 722 μενούσης.
1727 647 1864 718 Πρὶν

298 754 390 826 γὰρ
420 750 663 823 ἀκριϐῶς
703 748 800 820 τὴν
840 747 1070 819 ἡλιακὴν
1111 747 1304 799 ἀκτῖνα
1350 745 1662 807 καταδῦναι,
1713 743 1864 796 ἀντι-

299 845 531 912 φαίνεται
561 843 626 894 δι’
657 841 930 910 εὐθείαςή
962 839 1154 909 σελήνη
1191 838 1267 910 τῷ
1299 838 1433 908 ἡλίῳ
1477 839 1617 892 κατά
1646 836 1706 891 1b
1746 837 1865 890 διά-

301 950 483 1004 μετρον
504 973 519 997 ,
555 931 649 983 καὶ
675 929 754 999 τῷ
785 929 900 998 ἰδίῳ
930 928 1069 997 φωτὶ
1098 926 1442 996 καταλάμπει
1481 924 1542 977 1b
1574 924 1866 993 ὑποκείμε-

299 1042 393 1078 νον.
416 1024 526 1077 Καὶ
553 1022 713 1076 πάλιν
747 1020 874 1091 πρὶν
902 1020 1118 1082 πάντως
1147 1019 1237 1072 τὸν
1271 1018 1466 1072 κύκλον
1495 1017 1666 1085 αὐτῆς
1699 1016 1865 1068 ὑπελ-

299 1115 398 1168 θεῖν
415 1115 504 1168 τὸν
524 1114 791 1185 ὁρίζοντα,
824 1116 936 1177 τοῖς
958 1112 1229 1182 λειψάνοις
1262 1111 1354 1164 τοῦ
1392 1111 1672 1179 σεληναίου
1694 1112 1867 1178 φωτὸς

299 1207 462 1276 ὴτῆς
510 1206 723 1278 ἡμέρας
768 1205 910 1275 αὐγὴ
969 1206 1383 1274 κατακιρνᾶται.
1427 1206 1534 1257 Καὶ
1580 1203 1722 1257 οὕτω
1770 1207 1868 1273 τῆς

300 1297 620 1368 πανσελήνου
650 1297 862 1366 ἐκείνης
901 1295 1112 1365 ἡμέρας
1151 1294 1212 1346 1b
1256 1295 1444 1356 σκότος
1467 1293 1866 1364 ἑξαφανίζεται,

299 1390 429 1443 κατά
457 1407 515 1441 τε
549 1388 640 1440 τὸν
682 1388 876 1459 ὄρθρον
920 1390 1012 1441 καὶ
1045 1388 1143 1456 τὴν
1198 1386 1469 1458 ἑσπέραν,
1503 1391 1568 1458 τῇ
1602 1387 1711 1440 τῶν
1753 1405 1868 1456 φω-

301 1483 502 1552 στήρων
552 1479 770 1549 διαδοχῇ
818 1478 1290 1550 λαμπρυνόμενον.
1341 1479 1520 1549 Ὅπερ
1558 1481 1739 1532 τοίνυν
1793 1478 1870 1549 τῷ

298 1571 529 1642 αἰσθητῴ
573 1571 710 1638 φωτὶ
761 1569 902 1622 κατὰ
953 1570 1050 1639 τὴν
1092 1568 1687 1639 τεσσαρεσκαιδεκάτην
1735 1587 1872 1639 συμ-

301 1661 487 1724 ϐαίνει,
520 1659 581 1711 1b
617 1657 704 1711 διὰ
740 1658 920 1728 πάσης
951 1658 1143 1720 νυκτός
1183 1675 1242 1709 τε
1273 1657 1368 1710 καὶ
1414 1658 1628 1728 ἡμέρας
1656 1658 1873 1727 ἀπαρά-

299 1753 475 1804 δεκτον
519 1746 657 1803 εἶναι
691 1750 790 1819 τῆς
824 1749 1102 1820 ἐπιμιξίας
1133 1749 1227 1801 τοῦ
1275 1749 1519 1815 σκότους,
1555 1749 1710 1802 τοῦτο
1750 1749 1872 1819 βού-

301 1844 440 1896 λεται
475 1845 503 1895 ὁ
545 1841 912 1912 πνευματικὸς
943 1841 1105 1910 νόμος
1129 1880 1142 1900 ,
1177 1840 1442 1910 σύμϐολον
1472 1841 1722 1907 γενέσθαι
1759 1845 1869 1904 τοῖς

303 1931 676 2002 πνευματικῶς
706 1932 1074 2001 ἑορτάζουσιν,
1104 1931 1242 1984 ὥστε
1272 1932 1359 1984 διὰ
1395 1932 1572 2000 πάσης
1602 1932 1701 1999 τῆς
1729 1933 1870 1985 κατά

301 2025 394 2095 τὴν
423 2024 567 2094 ζωὴν
593 2023 905 2092 ἑϐδομάδος,
941 2022 998 2075 ἓν
1041 2023 1234 2093 Πάσχα
1268 2024 1525 2091 φωτεινὸν
1583 2023 1677 2075 καὶ
1708 2023 1864 2076 ἀσκό-

301 2135 474 2170 τιστον
499 2117 618 2170 ὅλον
647 2116 737 2169 τὸν
774 2115 964 2186 χρόνον
992 2117 1176 2178 αὐτοῖς
1219 2115 1317 2185 τῆς
1347 2115 1490 2186 ζωῆς
1517 2113 1867 2185 ἐργάζεσθαι.

303 2209 444 2278 Λΰτη
471 2209 578 2277 γὰρ
615 2207 722 2260 τῶν
752 2207 880 2278 περὶ
916 2206 977 2260 1b
1027 2206 1218 2276 Πάσχα
1251 2205 1725 2276 παραγγελμάτων
1761 2209 1873 2268 τοῖς

303 2302 640 2372 Χριστιανοῖς
671 2301 704 2369 ή
739 2300 1092 2362 κατάστασις.
1128 2300 1226 2351 Διά
1258 2297 1414 2351 τοῦτο
1457 2299 1591 2368 πρὸς
1615 2299 1715 2368 τὴν
1748 2315 1872 2351 τεσ-

306 2391 799 2462 σαρεσκαιδεκάτην
837 2390 1126 2461 βλέπομεν,
1160 2389 1248 2444 διὰ
1272 2389 1364 2444 τοῦ
1395 2389 1654 2460 αἰσθητοῦ
1684 2389 1873 2444 τούτου

305 2486 393 2538 καὶ
430 2482 614 2538 ὑλικοῦ
650 2483 844 2552 φωτὸς,
876 2483 970 2536 τοῦ
995 2483 1158 2536 ἀΰλου
1184 2500 1244 2536 τε
1272 2483 1368 2536 καὶ⁵
1391 2483 1583 2554 νοητοῦ
1609 2485 1708 2554 τὴν
1739 2500 1875 2553 φαν-

197 2651 201 2656 l
303 2575 493 2629 τασίαν
525 2575 1029 2646 ἀναλαμϐάνοντες,
1067 2574 1142 2638 ὡς
1189 2575 1251 2627 1b
1284 2575 1383 2644 μὲν
1428 2574 1605 2630 δοκεῖν
1647 2576 1879 2646 σελήνην

304 2665 612 2736 πλήθουσαν
639 2665 937 2734 ἐπιζητεῖν,
958 2664 1018 2718 1b
1049 2665 1176 2735 παρ’
1207 2665 1406 2736 ἑαυτῆς
1432 2665 1636 2734 φέγγος
1661 2666 1882 2737 διαρκὲς

305 2756 683 2828 παρεχομένην
713 2757 846 2827 ἡμῖν
885 2756 1197 2827 παννύχιον,
1231 2758 1298 2826 τῇ
1329 2757 1386 2810 δὲ
1420 2756 1647 2829 ἀληθείᾳ
1667 2797 1681 2822 ,
1718 2758 1884 2828 νόμον

307 2848 436 2918 ήμῖν
466 2845 605 2901 εἶναι
634 2849 694 2901 τὸ
720 2849 1096 2920 παρατήρημα
1122 2848 1216 2902 τοῦ
1246 2849 1424 2904 πάντα
1445 2850 1538 2902 τὸν
1560 2849 1770 2921 χρόνον,
1793 2851 1885 2904 τὸν

1966 549 2040 603 tis
2074 548 2214 603 radii
2253 548 2412 618 plane
2461 545 2740 607 deﬁciant,
2773 559 2804 598 e
2841 541 3065 613 regione
3109 539 3354 595 cernitur
3384 537 3538 603 luna,

1967 657 2087 712 quae
2111 642 2232 695 luce
2261 655 2360 694 sua
2389 637 2652 693 mundum
2700 637 2961 692 illustrat.
3016 633 3084 687 Et
3113 648 3336 689 rursum
3393 639 3544 686 ante-

1965 749 2132 806 quam
2178 733 2307 788 hinc
2368 747 2535 786 cursu
2592 729 2846 784 confecto
2878 728 3006 782 luna
3063 725 3343 789 discedat,
3397 722 3542 779 lucis

1965 826 2085 895 ejus
2119 823 2368 895 reliquiis
2414 823 2520 876 diei
2571 821 2830 892 splendor
2859 818 3196 889 adiungitur.
3244 817 3423 886 Atque
3465 815 3542 870 ita

1965 936 2033 976 ex
2064 919 2154 974 illa
2187 927 2368 982 nocte,
2398 931 2507 986 qua
2538 915 2668 970 luna
2706 914 2866 984 plena
2891 919 2998 977 est,
3039 910 3279 966 tenebrae
3321 907 3543 979 penitus

1965 1012 2354 1074 excluduntur,
2405 1018 2594 1063 mutua
2654 1006 2788 1062 solis
2850 1015 2905 1060 et
2957 1004 3100 1058 lunae
3153 1011 3270 1056 tum
3329 1000 3542 1072 vesperi

1967 1114 2082 1161 tum
2117 1120 2279 1159 mane
2329 1103 2700 1158 successione.
2733 1098 2890 1164 Quod
2921 1098 3087 1168 igitur
3116 1097 3226 1151 luci
3283 1094 3544 1151 sensibus

1967 1195 2227 1265 exposita:
2257 1193 2666 1264 quartadecima
2695 1192 2785 1245 die
2820 1188 3113 1260 contingit,
3154 1196 3215 1242 ut
3241 1202 3340 1258 per
3371 1193 3546 1242 totam

1969 1297 2184 1342 noctem
2217 1295 2384 1356 atque
2409 1285 2554 1340 diem
2587 1285 2794 1338 nullam
2829 1283 3184 1339 tenebrarum
3229 1279 3544 1336 mistionem

1970 1379 2242 1444 admittat,
2277 1379 2332 1432 id
2368 1377 2670 1448 spiritualis
2707 1378 2793 1432 lex
2820 1377 2936 1430 vult
2979 1389 3103 1430 esse
3132 1373 3544 1438 documentum,

1973 1479 2032 1524 ut
2066 1486 2162 1540 per
2187 1480 2354 1525 totam
2388 1471 2514 1525 vita:
2540 1469 2938 1525 hebdomadam
2998 1467 3318 1538 praaclarum
3375 1483 3546 1522 uuqu

1973 1563 2180 1617 Pascha
2221 1570 2276 1616 et
2315 1578 2344 1615 a
2393 1561 2632 1616 tenebris
2677 1559 3108 1616 remotissimum
3153 1559 3496 1617 celebrantes
3528 1598 3547 1625 ,

1973 1669 2134 1708 omne
2166 1654 2426 1722 temporis
2476 1652 2716 1723 spatium
2757 1652 2816 1706 in
2845 1652 2968 1706 luce
3001 1652 3392 1722 transigamus.
3423 1651 3550 1710 Haec

1974 1754 2060 1800 est
2109 1745 2420 1802 celebrandi
2471 1745 2758 1812 Paschalis
2804 1745 2946 1816 apud
2985 1745 3326 1801 Christianos
3377 1746 3546 1802 insti-

1975 1838 2114 1892 tutio
2168 1846 2330 1908 atque
2358 1838 2688 1893 observatio.
2751 1837 2962 1895 Idcirco
3027 1838 3551 1908 quartamdecimam

1977 1930 2120 1984 hanc
2158 1931 2300 1984 diem
2333 1931 2688 1995 attendimus,
2721 1939 2779 1985 ut
2807 1946 2874 1985 ex
2917 1931 3019 1984 hac
3050 1931 3190 1993 luce,
3221 1945 3344 2000 quae
3384 1943 3553 1985 sensu

1978 2021 2280 2093 percipitur
2337 2030 2390 2075 et
2430 2023 2485 2076 in
2520 2023 2752 2076 materia
2783 2024 2890 2076 sita
2938 2030 3022 2078 est
3047 2061 3064 2088 ,
3095 2022 3272 2076 lucem
3312 2039 3344 2074 a
3379 2028 3554 2076 mate-

1977 2116 2061 2170 ria
2093 2115 2399 2184 sejunctam
2429 2125 2480 2168 et
2515 2131 2638 2184 quae
2672 2116 2788 2169 sola
2826 2125 3006 2170 mente
3047 2112 3552 2185 comprehenditur.

1981 2206 2374 2275 intelligamus,
2415 2213 2490 2268 et,
2517 2205 2646 2259 dum
2685 2204 2937 2260 videmur
2986 2206 3172 2260 lunam
3220 2207 3434 2276 plenam
3467 2205 3555 2260 in-

1981 2301 2218 2371 quirere,
2272 2314 2394 2369 quae
2443 2305 2766 2368 perpetuum
2795 2313 2862 2354 ex
2913 2313 2974 2354 se
3003 2299 3186 2353 lumen
3223 2307 3337 2354 tota
3396 2309 3558 2356 nocte

1983 2392 2240 2462 praebeat,
2273 2391 2408 2446 nihil
2444 2391 2590 2445 aliud
2636 2390 2796 2447 nobis
2843 2405 2908 2447 ea
2951 2407 3012 2448 re
3065 2393 3237 2463 legem
3302 2393 3557 2464 praescri-

1984 2485 2116 2540 bere
2175 2483 2555 2540 existimemus
2584 2525 2598 2547 ,
2634 2484 2741 2538 nisi
2791 2491 2853 2538 ut
2900 2499 3063 2540 omne
3122 2495 3336 2557 tempus
3361 2530 3377 2553 ,
3410 2486 3558 2558 quod

1985 2592 2097 2632 nox
2133 2575 2359 2647 diesque
2415 2575 2737 2640 dimetitur,
2765 2575 3063 2631 virtutibus
3122 2577 3457 2632 illustratum
3506 2585 3562 2633 et

1987 2667 2366 2739 splendidum,
2397 2674 2452 2722 et
2490 2668 2658 2723 nullis
2720 2668 3029 2725 tenebrosis
3083 2670 3396 2726 actionibus
3435 2685 3562 2740 per-

1989 2764 2214 2818 mistum
2249 2761 2662 2832 inquinatumve
2688 2762 3062 2819 traducamus.
3115 2764 3195 2818 Ac
3221 2764 3288 2820 de
3324 2764 3409 2820 his
3434 2763 3561 2836 qui-

1990 2853 2112 2909 dem
2159 2854 2318 2909 satis.
2846 2857 2849 2861 '

307 2941 462 2993 νυκτὶ
516 2942 611 2995 κοιλ⁸
654 2941 840 3014 ἡμέρᾳ
896 2941 1393 3014 διαμετρούμενον,
1443 2943 1696 3016 λαμπρὸν
1752 2947 1884 3018 ἡμῖν
1923 2947 2160 3020 διαρκῶς
2193 2942 2356 3013 εἶναι,
2407 2947 2501 3000 καὶ
2540 2945 2648 2999 τῶν
2678 2937 2856 3018 ἔργων
2893 2945 3003 3001 τῶν
3042 2946 3330 3002 σκοτεινῶν
3373 2946 3563 3002 ἀνεπί-

313 3048 522 3102 μικτον.
551 3031 661 3085 Καὶ
683 3049 750 3084 πε
760 3033 810 3102 pl.
841 3033 941 3103 μὲν
965 3032 1189 3098 τούτων,
1207 3035 1460 3089 τοσαῦτα.

387 3129 526 3182 Ὅσα
564 3129 622 3183 δὲ
666 3131 697 3182 ὁ
733 3129 965 3201 σταυρὸς
1014 3131 1331 3202 ἐμπεριέχει
1380 3133 1650 3204 νοήματα,
1703 3135 1770 3187 δι’
1821 3126 1882 3187 οὗ

2063 3132 2196 3198 Quae
2224 3147 2356 3188 vero
2388 3131 2456 3186 ad
2481 3145 2701 3186 crucem
2731 3129 3004 3201 pertinent
3032 3171 3047 3196 ,
3087 3146 3185 3202 per
3230 3147 3392 3202 quam
3442 3151 3567 3206 pas-

311 3221 604 3276 τελειοῦται
632 3223 694 3276 τὸ
731 3223 860 3294 περὶ
888 3223 948 3276 1b
981 3223 1152 3286 πάθος
1186 3225 1510 3294 μυστήριον,
1559 3226 1642 3288 τίς
1671 3225 1736 3278 ἂν
1785 3229 1884 3296 ῥᾳσ-

1990 3224 2165 3279 sionis
2199 3225 2520 3296 mysterium
2546 3223 2843 3292 perﬁcitur,
2880 3223 3006 3293 quis
3035 3238 3099 3278 ea
3131 3223 3292 3280 facile
3332 3225 3569 3285 dicendo

313 3315 440 3378 δίως
467 3314 544 3384 τῷ
579 3314 724 3385 λόγῳ
762 3314 1114 3386 σαφηνίσειε;
1151 3315 1242 3386 Μὴ
1274 3315 1381 3386 γάρ
1405 3317 1505 3368 οὐκ
1534 3311 1674 3386 ἦσαν
1705 3318 1883 3388 μυρίοι

1988 3325 2153 3385 queat
2203 3314 2522 3384 explicare?
2547 3313 2741 3367 Annon
2773 3313 2918 3368 enim
2952 3314 3378 3370 innumerabiles
3410 3323 3571 3374 erant

314 3407 506 3478 τρόποι
544 3407 680 3476 πρὸς
721 3406 949 3460 θάνατον
987 3406 1276 3477 φέροντες,
1321 3408 1387 3461 δι’
1435 3401 1510 3461 ὧν
1550 3405 1619 3480 ἦν
1666 3409 1883 3462 δυνατὸν

1988 3407 2254 3464 moriendi
2292 3407 2552 3472 rationes,
2583 3406 2785 3475 quibus
2811 3405 3004 3460 mortis
3036 3420 3136 3475 pro
3157 3406 3318 3462 nobis
3369 3406 3574 3464 obeun'

317 3495 670 3567 πληρωθῆναι
698 3495 796 3566 τὴν
824 3495 964 3566 ὑπὲρ
987 3496 1146 3566 ήμῶν
1166 3495 1258 3549 τοῦ
1291 3496 1519 3550 θανάτου
1548 3497 1883 3566 οἰκονομίανς

1992 3502 2075 3555 da:
2145 3499 2434 3554 consilium
2502 3497 2710 3566 expleri
2767 3497 3212 3566 poterat?Hanc
3265 3507 3450 3554 tamen
3500 3515 3572 3556 ex

329 3588 470 3640 Ἀλλ’
496 3588 562 3640 ἑκ
589 3587 804 3641 πάντων
828 3582 980 3650 οὗτος
1004 3587 1214 3659 ὡρίσθη
1243 3591 1373 3660 παρ’
1401 3589 1564 3643 αὑτοῦ
1593 3589 1686 3642 τοῦ
1716 3588 1883 3658 ἑαυτῷ

1992 3589 2248 3642 omnibus
2292 3603 2456 3642 unam
2498 3587 2566 3652 is,
2611 3588 2705 3656 qui
2747 3591 2938 3642 mortis
2968 3628 2984 3654 ,
3027 3603 3187 3658 quam
3234 3591 3417 3653 vellet,
3450 3593 3573 3663 opi-

317 3680 439 3731 κατ’
473 3679 719 3746 ἐξουσίαν
741 3679 801 3731 1b
824 3679 992 3742 πάθος
1015 3679 1314 3749 ὁρίσαντος.
1336 3679 1434 3732 Δεῖ
1450 3680 1578 3750 γὰρ,
1605 3681 1756 3750 φησὶ,
1787 3680 1883 3733 τὸν

1993 3682 2213 3736 nionem
2266 3679 2529 3743 habebat,
2583 3679 2686 3734 sibi
2745 3679 2946 3750 delegit
2997 3689 3162 3751 atque
3202 3684 3567 3756 praescripsit.

327 3767 467 3821 Υιὸν
498 3765 601 3821 τοῦ
627 3766 958 3836 ἀνθρώπου.
985 3770 1100 3822 Οὐκ
1130 3761 1270 3835 sine,
1309 3770 1389 3823 Τά
1433 3772 1526 3824 καὶ
1556 3771 1624 3824 τὰ
1649 3772 1883 3824 πείσεται

1998 3771 2217 3839 Oportet
2251 3770 2419 3832 enim,
2455 3769 2633 3839 inquit
2661 3808 2677 3832 ,
2715 3767 2917 3824 Filium
2955 3769 3200 3826 hominis.
3253 3772 3372 3828 Non
3397 3774 3570 3842 dixit,

316 3864 348 3914 ὁ
373 3861 502 3926 Υἱὸς
530 3860 624 3914 τοῦ
651 3860 959 3932 ἀνθρώπου,
988 3863 1064 3926 ὡς
1089 3864 1153 3918 ἄν
1177 3881 1262 3927 τις
1291 3863 1472 3927 ἁπλῶς
1499 3863 1639 3916 εἴποι
1663 3880 1898 3934 προαγο-

323 3954 500 4027 ρεύων
547 3955 608 4007 τὸ
648 3954 937 4024 λεγόμενον
957 3995 973 4018 ,
1005 3953 1140 4008 ἀλλά
1176 3955 1237 4007 1b
1269 3955 1566 4023 ἀναγκαῖον
1603 3955 1744 4009 κατά
1777 3974 1897 4009 τινα

320 4045 482 4116 λόγον
536 4045 842 4118 ἀπόρρητον
897 4044 1150 4115 γενέσθαι
1199 4046 1409 4115 ὀφεῖλον
1463 4045 1775 4116 δογματίζει
1819 4045 1898 4116 τῷ

326 4139 563 4208 ῥήματι,
593 4141 649 4191 ἑν
685 4137 764 4208 τῷ
793 4139 990 4203 εἰπεῖν,
1021 4141 1104 4192 ὅτι
1129 4137 1229 4190 Δεῖ
1252 4137 1358 4190 τὸν
1397 4137 1536 4190 Υίὸν
1555 4138 1661 4190 τοῦ
1681 4137 1900 4205 ἀνθρώ-

323 4245 445 4283 που
498 4232 698 4282 πολλά
752 4228 962 4283 παθεῖν
1001 4229 1100 4282 καί
1149 4227 1740 4295 ἀποδοκιμασθῆναι,
1799 4227 1899 4280 καὶ

323 4321 776 4390 σταυρωθῆναι,
824 4323 921 4376 καὶ
971 4321 1045 4389 τῇ
1089 4322 1258 4390 τρίτῃ
1306 4320 1493 4390 ἡμέρῃ
1541 4319 1897 4388 ἀναστῆναι.

327 4415 679 4485 Κατανόησόν
725 4432 813 4484 μοι
859 4415 967 4484 γὰρ
1008 4415 1103 4468 τοῦ
1148 4414 1249 4468 Δεῖ
1276 4415 1374 4486 τὴν
1416 4414 1675 4475 διάνοιαν,
1715 4413 1781 4465 δι’
1827 4407 1895 4483 ἧς

2000 3864 2112 3918 lucc
2140 3872 2195 3917 et
2260 3861 2375 3916 lucc
2409 3860 2583 3917 Filius
2647 3861 2890 3918 hominis
2942 3865 3198 3932 patietur,
3251 3872 3309 3918 ut
3371 3866 3573 3938 aliquis

1999 3957 2184 4009 futura
2243 3955 2615 4024 praenuntians
2672 3955 3000 4023 simpliciter
3037 3956 3297 4023 dixisset,
3333 3959 3430 4013 sed
3475 3975 3575 4015 ne-

1999 4047 2300 4102 cessarium
2367 4060 2567 4100 arcana
2638 4045 2872 4114 quadam
2938 4047 3152 4101 ratione
3210 4063 3275 4102 ac
3328 4049 3572 4105 debitum

1999 4155 2122 4194 esse
2151 4138 2442 4206 signiﬁcat,
2474 4137 2626 4200 dum,
2663 4135 2913 4205 Oportet,
2947 4137 3140 4208 inquit,
3172 4137 3373 4194 Filium
3400 4140 3573 4196 homi-

2003 4231 2086 4283 nis
2117 4228 2285 4282 multa
2330 4229 2463 4296 pati,
2505 4236 2555 4280 et
2617 4228 2910 4294 reprobari,
2975 4237 3025 4282 et
3059 4229 3321 4300 crueiﬁgi,
3361 4240 3414 4285 et
3470 4241 3577 4288 ter.

2005 4323 2080 4375 tia
2107 4322 2194 4375 die
2224 4337 2492 4390 resurgere
2513 4321 2582 4376 ".
2616 4319 2734 4373 Vim
2761 4321 2907 4374 enim
2951 4320 3099 4376 illius
3131 4323 3308 4386 verbi,
3339 4333 3573 4393 oportet,

2004 4414 2136 4467 mihi
2168 4413 2480 4477 considera,
2513 4423 2568 4467 et
2599 4413 2843 4467 invenies
2882 4411 2935 4466 id
2984 4413 3038 4466 in
3073 4428 3140 4467 ea
3184 4414 3479 4480 contineri,
3515 4423 3577 4472 ut

325 4510 640 4578 εὑρίσκεται
669 4507 729 4560 1b
764 4508 838 4578 μὴ
863 4509 974 4561 δεῖν
1008 4509 1238 4579 ἄλλωςῆ
1276 4485 1362 4562 διά
1393 4507 1485 4561 τοῦ
1526 4505 1757 4578 σταυροῦ
1803 4522 1883 4572 γε·

2009 4504 2299 4576 signiﬁcet,
2344 4504 2460 4558 ﬁeri
2511 4503 2668 4557 aliter
2723 4517 2830 4558 non
2888 4512 3171 4573 oportere,
3225 4506 3329 4560 nisi
3378 4515 3438 4561 ut
3480 4523 3578 4577 per

326 4598 516 4651 νέσθαι
552 4599 768 4661 πάντως
793 4596 852 4650 τὸ
883 4598 1052 4662 πάθος
1077 4599 1138 4652 1b
1167 4599 1646 4670 δογματιξόμενον.
1684 4597 1781 4660 Τίς
1807 4592 1900 4650 οὖν

323 4695 357 4744 ὁ
403 4692 531 4763 περὶ
573 4691 762 4744 τούτου
797 4692 984 4760 λόγος;
1033 4694 1210 4746 Μάνου
1257 4692 1352 4745 τοῦ
1399 4691 1634 4763 μεγάλου
1685 4690 1898 4742 Παύλου

325 4788 468 4851 ἐστὶ,
511 4786 604 4839 τοῦ
654 4789 718 4840 ἑκ
748 4785 857 4838 τῶν
899 4786 1152 4858 ἀρρήτων
1195 4786 1453 4856 ῥημάτων
1485 4783 1898 4844 παιδευθέντος,

324 4879 365 4933 ἃ
394 4880 452 4932 ἑν
477 4881 587 4941 τοῖς
617 4879 828 4941 ἀδύτοις
849 4877 942 4930 τοῦ
967 4877 1290 4947 παραδείσου
1320 4877 1545 4947 μυηθεὶς
1569 4873 1899 4946 ἠκροάσατο,

327 4973 428 5024 καὶ
459 4972 520 5023 1b
549 4970 675 5041 περὶ
704 4970 894 5022 τούτου
930 4971 1224 5039 μυστήριον
1255 4968 1605 5037 διασαφῆσαι,
1637 4965 1818 5028 καθὼς
1840 4967 1898 5017 ἑν

331 5063 493 5132 μέρει
541 5062 629 5114 διὰ
674 5062 782 5114 τῶν
830 5061 966 5130 πρὸς
1016 5059 1292 5127 Ἐφεσίους
1336 5058 1508 5126 λόγων
1551 5058 1612 5110 1b
1664 5056 1901 5128 κρυπτὸν

329 5157 628 5228 ὑπῃνίξατο
657 5155 830 5222 λέγων
849 5172 862 5184 ·
903 5154 1036 5208 Ἵνα
1069 5151 1434 5219 ἐξισχύσητε
1468 5148 1903 5202 καταλαϐέσθαι

327 5250 458 5302 σὺν
482 5247 629 5301 πᾶσι
664 5247 788 5310 τοῖς
833 5245 1052 5314 ἁγίοις,
1089 5244 1147 5296 τί
1181 5241 1245 5295 τὸ
1279 5241 1505 5308 πλάτος
1537 5243 1633 5294 καὶ
1671 5240 1867 5310 μῆκος
1889 5279 1904 5304 ,

328 5360 404 5395 το
419 5340 608 5405 ,Βάθος
626 5339 721 5391 καί
745 5339 921 5406 ὕψος,
943 5337 1164 5406 γνῶναί
1188 5353 1250 5390 τε
1269 5337 1383 5403 τὴν
1407 5335 1908 5402 ὑπερϐάλλουσαν

327 5432 578 5502 ἀγάπην
618 5428 724 5498 τῆς
757 5431 1030 5500 γνώσεως
1068 5429 1175 5482 τοῦ
1221 5426 1493 5495 Χριστοῦ,
1539 5427 1637 5479 ἵνα
1677 5429 1909 5494 πληρω-

329 5524 480 5592 θῆτε
503 5525 589 5586 είς
617 5521 740 5574 πᾶν
765 5520 831 5572 τὸ
873 5520 1162 5587 πλήρωμα
1198 5518 1305 5570 τοῦ
1336 5517 1503 5571 Θεοῦ.
1542 5517 1616 5568 Οὐ
1652 5515 1760 5586 γὰρ
1801 5517 1904 5585 ἁρ-

328 5616 450 5688 γῶς
494 5616 523 5668 ὁ
565 5613 706 5674 θεῖος
755 5613 958 5673 ἐκεῖνος
1000 5609 1273 5679 ὀφθαλμὸς
1315 5609 1408 5661 τοῦ
1460 5606 1802 5669 ’Δποστόλου,
1851 5605 1913 5658 1b

2008 4612 2226 4653 crucem
2265 4611 2414 4651 mors
2463 4603 2770 4667 oppetatur.
2821 4594 2953 4661 Qua:
2996 4596 3226 4665 hujusce
3259 4597 3337 4652 rei
3366 4599 3579 4654 causa?

2007 4690 2158 4746 Pauli
2180 4690 2351 4745 solius
2369 4695 2454 4743 est
2477 4703 2594 4742 eam
2618 4703 2909 4756 exponere,
2936 4702 3030 4756 per
3050 4702 3252 4741 arcana
3275 4688 3364 4742 illa
3383 4691 3573 4754 verba,
3592 4691 3595 4694 ’

2007 4799 2128 4854 quae
2151 4785 2202 4837 in
2228 4782 2402 4852 adytis
2428 4779 2663 4846 paradisi
2686 4779 3016 4834 constitutus
3035 4779 3241 4833 audivit
3259 4797 3272 4831 :
3290 4779 3480 4847 solius,
3499 4780 3578 4835 in-

2009 4888 2195 4943 quam,
2219 4872 2368 4925 Pauli
2398 4879 2503 4932 est,
2539 4870 2644 4923 hoc
2666 4869 2848 4923 crucis
2881 4868 3201 4938 mysterium
3236 4867 3533 4937 explanare
3557 4911 3574 4936 ,

2009 4963 2462 5035 quemadmodum
2493 4962 2654 5016 etiam
2687 4976 2752 5015 ex
2779 4970 2931 5030 parte
2949 4959 3128 5028 aliqua
3165 4960 3218 5012 in
3249 4959 3480 5028 epistola
3509 4962 3577 5015 ad

2010 5058 2273 5128 Ephesios
2303 5056 2465 5119 facit,
2486 5055 2616 5108 dum
2647 5067 2907 5107 arcanum
2943 5051 3048 5105 hoc
3100 5049 3436 5121 patefaciens
3458 5090 3475 5117 ,
3511 5049 3579 5105 Ut

2009 5151 2247 5220 possitis,
2274 5147 2472 5217 inquit,
2501 5143 2928 5212 comprehendere
2947 5159 3065 5196 cum
3092 5141 3333 5196 omnibus
3357 5143 3578 5207 sanctis,

2012 5255 2127 5309 qua:
2159 5240 2227 5292 sit
2259 5236 2508 5300 latitudo,
2536 5245 2584 5289 et
2615 5233 2902 5303 longitudo,
2933 5245 2982 5286 et
3017 5232 3341 5294 sublimitas,
3382 5241 3432 5286 et
3455 5248 3582 5302 pro-

2013 5329 2257 5396 fundum,
2294 5328 2428 5380 scire
2455 5328 2614 5380 etiam
2651 5326 3118 5393 supereminentem
3149 5325 3379 5380 scientia:
3400 5325 3579 5379 chari-

2018 5431 2179 5474 tatem
2244 5417 2460 5480 Christi,
2492 5415 2893 5484 utimpleamint'
2930 5415 2985 5468 in
3025 5431 3229 5468 omnem
3290 5415 3578 5484 plenitudi-

2015 5529 2132 5567 nem
2149 5511 2246 5566 Dei
2266 5511 2333 5564 ".
2365 5509 2551 5578 Neque
2579 5510 2724 5563 enim
2750 5507 2951 5561 frustra
2970 5506 3190 5562 divinus
3211 5507 3302 5561 ille
3330 5507 3579 5578 Apostoli

2019 5605 2213 5659 oculus
2243 5602 2424 5657 crucis
2466 5601 2690 5672 ﬁguram
2725 5599 3072 5671 excogitavit.
3111 5596 3217 5653 Sed
3258 5613 3321 5654 ea
3361 5597 3489 5653 item
3519 5612 3582 5655 to

411 5798 455 5830 ³⁸
480 5793 672 5851 Matth.
703 5810 817 5859 xw,
844 5795 906 5849 εἰ
940 5793 1146 5864 ;lllarc.
1181 5809 1300 5862 rm,
1335 5795 1393 5849 5l
1421 5809 1436 5860 ;
1465 5788 1596 5844 Luc.
1624 5801 1704 5850 IX,
1738 5783 1842 5853 22;
1875 5779 2035 5838 Joan.
2068 5797 2163 5851 xu,
2201 5780 2263 5836 3|
2293 5795 2414 5850 sqq.
2491 5780 2536 5812 ⁵³
2565 5776 2766 5848 Ephes.
2806 5791 2890 5843 ιιι,
2934 5776 3020 5845 18,
3049 5775 3134 5830 19.
