4154 6354
587 327 694 384 6‘23

1857 323 1917 381 S.
1956 322 2286 379 GREGOllII
2309 320 2604 377 NYSSEN‘I

3740 328 3843 381 6‘11

584 444 745 500 facile
774 444 1033 511 ostendit,
1063 460 1123 501 se
1154 444 1412 501 omnibus
1446 444 1769 515 ignorantiae
1810 445 2055 515 squamis
2089 446 2134 499 al

2262 445 2447 515 σκῆμα
2475 445 2567 498 τοῦ
2625 445 2855 516 σταυροῦ
2893 446 3217 515 κατενόησεν
3242 462 3255 476 ·
3291 448 3405 499 ἀλλ’
3430 445 3597 511 ἐσεῖςε
3629 454 3722 498 xm
3751 449 3839 500 διὰ

583 536 757 591 oculis
816 536 1014 590 mentis
1063 536 1316 591 excussis
1345 577 1361 602 ,
1398 538 1575 606 ipsam
1624 551 1810 590 rerum
1872 537 2162 591 veritatem

582 629 728 682 clare
789 627 1160 698 Perspexisse.
1186 627 1348 681 Novit
1380 627 1549 691 enim,
1581 641 1646 681 ea
1686 627 1861 697 ﬁgura
1882 669 1899 695 ,
1930 636 2164 697 quatuor

582 717 843 772 cornibus
869 733 901 772 e
937 718 1119 772 medio
1153 717 1606 786 provenientibus
1629 717 1938 788 descripta,
1970 732 2162 789 poten-

582 811 714 864 tiam
762 816 870 878 per
923 809 1108 863 omnia
1195 817 1592 864 commeantem
1657 819 1713 864 et
1758 811 2157 880 providentiam

580 903 749 967 illius,
783 902 876 971 qui
917 903 971 954 in
999 900 1116 970 ipsa
1149 899 1534 956 manifestatus
1570 907 1656 955 est
1686 945 1700 965 ,
1756 901 2074 972 signiﬁcari,
2106 912 2162 957 et

580 997 788 1051 idcirco
818 1002 1002 1065 partes
1061 994 1211 1049 illius
1256 994 1505 1063 singulas
1552 995 1790 1063 propriis
1845 996 2159 1053 nominibus

579 1087 892 1158 appellavit.
926 1084 1060 1140 Eam
1083 1086 1228 1140 enim
1251 1125 1266 1151 ,
1295 1100 1417 1158 qua:
1456 1098 1488 1137 n
1518 1085 1698 1140 medio
1751 1086 2008 1142 deorsum
2037 1101 2165 1142 ver-

577 1181 655 1250 git
681 1220 696 1244 ,
728 1178 1058 1250 profundum
1087 1184 1249 1231 vocat
1283 1195 1298 1243 ;
1347 1192 1471 1247 quae
1502 1190 1681 1233 autem
1716 1193 1957 1245 sursum,
1985 1179 2159 1234 subli-

577 1274 854 1339 mitatem;
884 1270 1227 1325 latitudinem
1268 1287 1398 1326 vero
1444 1280 1499 1326 et
1524 1270 1920 1341 longitudinem
1982 1272 2106 1326 illas
2138 1314 2153 1338 ,

574 1378 703 1434 qua!
741 1366 995 1433 utrinque
1043 1370 1368 1417 transversae
1402 1363 1798 1432 protenduntur
1824 1400 1838 1421 .
1897 1371 1995 1426 ut,
2035 1376 2158 1432 qua:

572 1456 704 1510 hinc
759 1470 790 1509 a
842 1453 1024 1509 medio
1084 1455 1408 1524 producitur
1436 1497 1449 1517 ,
1488 1454 1723 1509 latitudo
1750 1494 1766 1518 ,
1810 1470 1933 1525 (inte
1970 1462 2153 1510 autem

574 1545 723 1600 illinc
746 1584 762 1606 .
797 1543 1083 1614 longitudo
1148 1545 1461 1603 nominetur
1494 1564 1507 1599 :
1547 1545 1747 1614 quibus
1795 1557 1983 1615 aperte
2018 1544 2150 1598 mihi

570 1636 786 1693 videtur
809 1650 1067 1691 sermone
1101 1634 1406 1702 declarare,
1444 1636 1576 1690 nihil
1631 1636 1685 1690 in
1734 1636 1900 1691 rebus
1951 1635 2152 1690 creatis

569 1745 729 1795 esse,
765 1727 912 1799 quod
942 1743 1051 1783 non
1089 1727 1279 1783 divina
1329 1737 1521 1783 natura
1569 1728 1845 1783 incolume
1888 1735 2108 1782 tueatur
2132 1769 2147 1791 ,

2266 539 2453 591 τούτου
2479 538 2685 607 σαφῶς,
2711 540 2792 591 ὅτι
2813 541 2919 602 πᾶς
2944 541 3041 609 τῆς
3066 542 3288 608 ἀγνοίας
3308 538 3530 601 λεπίδας
3554 538 3842 592 άποὸαλὼν

2264 630 2371 683 τῶν
2391 630 2674 701 ὀμμάτων,
2697 631 2831 702 πρὸς
2854 632 3024 700 αὑτὴν
3046 632 3149 703 ὁρᾷ
3175 631 3427 701 καθαρῶς
3445 630 3543 700 τὴν
3562 630 3839 699 ἀλήθειαν.

2264 718 2386 775 Οἵδε
2415 722 2523 794 γὰρ
2551 722 2631 775 ὅτι
2659 721 2719 773 τὸ
2744 722 2928 792 σχῆμα
2952 720 3107 775 τοῦτο
3131 722 3387 790 τέτταρσι
3412 720 3701 794 προϐολαῖς
3735 721 3842 773 ἀπὸ

2260 816 2362 884 τῆς
2394 817 2452 868 ὲν
2479 814 2555 887 τῷ
2585 816 2737 885 μέσῳ
2768 814 3039 886 συμϐολῆς
3070 813 3443 885 μεριζόμενον,
3468 814 3567 886 τὴν
3596 814 3685 868 διὰ
3710 813 3840 866 πάν-

2260 925 2368 960 των
2399 908 2639 978 ἥκουσαν
2669 907 2764 959 τού
2797 908 2855 960 ὲν
2899 906 3048 977 αὑτῷ
3087 906 3344 976 φανέντος
3381 906 3608 977 δύναμίν
3646 922 3704 959 τε
3746 908 3841 959 καὶ

2261 999 2518 1070 πρόνοιαν
2578 997 2952 1069 διασημαίνει,
3008 999 3104 1052 καὶ
3154 998 3345 1051 τούτου
3394 999 3553 1069 χάριν
3602 997 3839 1068 ἑκάστην

2260 1090 2527 1163 προϐολὴν
2558 1090 2886 1153 ἰδιαζούσαις
2917 1091 3276 1162 κατονομάζει
3305 1094 3543 1160 φωναῖς·
3571 1090 3729 1162 βάθος
3754 1090 3839 1142 λέ-

2258 1200 2370 1252 γων
2422 1183 2482 1236 τὸ
2507 1185 2573 1237 ἐκ
2597 1183 2692 1237 τοῦ
2722 1183 2888 1254 μέσου
2914 1184 3065 1237 κάτω
3084 1224 3099 1247 ,
3126 1185 3222 1238 καὶ
3249 1183 3383 1253 ὕψος
3414 1183 3477 1237 τὸ
3502 1184 3834 1255 ὑπερκείμε-

2257 1291 2375 1331 νον’
2408 1275 2608 1339 πλάτος
2633 1275 2690 1328 δὲ
2722 1276 2815 1329 καὶ
2848 1276 3040 1346 μῆκος,
3065 1275 3128 1329 τὸ
3155 1278 3220 1329 ἐκ
3251 1275 3479 1342 πλαγίου
3507 1276 3831 1346 παρατεινό-

2260 1384 2420 1437 μενον
2462 1366 2601 1437 μετὰ
2632 1367 2733 1436 τὴν
2773 1366 3047 1438 συμϐολὴν
3092 1366 3432 1438 ἑκατέρωθεν
3462 1385 3475 1397 ·
3511 1368 3585 1431 ὡς
3636 1368 3698 1421 τὸ
3738 1370 3836 1439 μὲν

2255 1457 2405 1512 ἔνθεν
2426 1459 2518 1513 τού
2541 1458 2726 1529 μέσου,
2749 1457 2970 1521 πλάτος,
2987 1457 3047 1510 τὸ
3070 1457 3126 1510 δὲ
3151 1458 3438 1529 ἑτέρωθεν,
3460 1457 3633 1528 μῆκος
3662 1473 3832 1530 προσ-

2254 1548 2580 1622 αγορεύσαι·
2625 1548 2691 1602 δι’
2742 1542 2817 1602 ὧν
2854 1548 3012 1602 τοῦτό
3077 1566 3167 1619 μοι
3216 1548 3362 1602 δοκεῖ
3406 1548 3592 1619 σαφῶς
3642 1550 3831 1621 διαση-

2256 1643 2465 1713 μαίνειν
2495 1642 2573 1712 τῷ
2612 1641 2776 1713 λόγῳ,
2809 1642 2891 1694 ὅτι
2929 1641 3079 1694 οὐδὲν
3120 1642 3231 1695 τῶν
3267 1642 3445 1696 ὄντων
3471 1643 3638 1707 ἐστὶν,
3685 1643 3714 1696 ὃ
3755 1645 3829 1714 μὴ

2249 1737 2314 1804 τῇ
2371 1733 2493 1804 θείᾳ
2542 1733 2910 1802 διακρατεῖται
2963 1732 3143 1801 φύσει,
3195 1732 3256 1785 τὸ
3306 1732 3714 1803 ὑπερουράνιον,
3767 1736 3829 1786 τὸ

569 1820 717 1892 quod
741 1828 827 1876 est
851 1835 1018 1890 supra
1047 1820 1256 1903 cmlos,_
1272 1818 1419 1889 quod
1450 1820 1554 1875 sub
1599 1828 1767 1884 terra,
1801 1817 2058 1889 quodque
2079 1818 2134 1872 ad

2250 1824 2600 1896 ὑποχθόνιον,
2626 1826 2688 1878 τὸ
2714 1825 2809 1878 ἐπὶ
2848 1824 2918 1878 τὰ
2946 1824 3159 1894 πέρατα
3206 1824 3315 1877 τῶν
3354 1824 3522 1879 ὄντων
3564 1824 3827 1879 πάντοθεν

568 1922 815 1968 extrema
855 1911 1042 1966 mundi
1093 1918 1470 1966 transversum
1510 1910 1753 1980 undique
1780 1910 2143 1981 protenditur.

568 2003 702 2058 Nam
732 2019 828 2073 per
855 2002 1215 2069 altitudinem,
1246 2003 1301 2058 id
1320 2002 1467 2073 quod
1489 2010 1580 2060 est
1614 2018 1872 2068 sursum;
1898 2018 1994 2072 per
2019 2017 2148 2073 pro-

571 2095 820 2161 fundum,
857 2097 1002 2166 quod
1054 2096 1510 2160 subterraneum;
1540 2110 1638 2165 per
1655 2094 2052 2166 longitudinem
2089 2102 2145 2149 ct

568 2187 907 2242 latitudinem
973 2187 1028 2241 in
1093 2186 1272 2241 medio
1306 2187 1485 2256 posita
1534 2195 1779 2241 extrema
1818 2186 2093 2256 signiﬁcat
2125 2229 2141 2252 ,

564 2293 687 2345 qua:
716 2292 748 2330 a
777 2277 979 2331 virtute
1005 2283 1182 2331 totum
1216 2275 1319 2329 hoc
1367 2276 1683 2330 universum
1737 2283 1925 2330 tuente
1961 2276 2141 2329 conti-

566 2377 785 2422 nentur.
818 2367 979 2423 Potes
1009 2375 1194 2425 autem
1219 2381 1285 2421 ex
1313 2366 1381 2420 iis
1403 2381 1526 2436 quae
1553 2366 1611 2420 in
1638 2365 1821 2419 anima
1853 2374 1945 2419 tua
1980 2366 2139 2431 ﬁunt,

563 2474 626 2513 ca
655 2476 776 2529 qua:
798 2459 866 2513 de
897 2458 1004 2512 Deo
1038 2457 1328 2529 cogitanda
1375 2465 1507 2513 sunt
1553 2457 1829 2513 declarata
1889 2467 2139 2513 contem-

564 2553 723 2621 plari.
758 2551 968 2606 Cretum
1007 2552 1150 2604 enim
1175 2549 1417 2619 suspice,
1443 2557 1498 2604 et
1530 2556 1714 2619 partes
1746 2548 1964 2604 inﬁmas
2020 2550 2138 2605 ani-

564 2656 654 2695 mo
696 2622 1092 2709 complectere,
1151 2648 1534 2707 extremosque
1567 2651 1632 2691 ac
1674 2652 1919 2695 summos
1984 2640 2137 2695 orbis

563 2730 826 2785 terminos
868 2731 1199 2800 cogitatione
1256 2728 1694 2798 comprehende,
1732 2738 1898 2799 atque
1952 2732 2137 2787 consi-

560 2822 712 2886 dera,
743 2837 989 2891 quaenam
1025 2820 1266 2891 potentia
1308 2830 1566 2890 tanquam
1594 2820 1965 2877 universitatis
2010 2823 2132 2876 vin-

559 2915 744 2968 culum
780 2916 894 2971 haec
926 2915 1111 2969 omnia
1149 2913 1428 2969 devinciat
1485 2919 1648 2982 atque
1691 2914 1971 2969 contineat
2002 2933 2017 2969 :
2050 2916 2132 2968 vi;

559 3003 821 3073 debisque
844 3011 1039 3072 sponte
1071 3017 1170 3057 sua
1195 3005 1249 3056 in
1277 3018 1342 3058 ea
1369 3001 1571 3059 divinae
1611 3003 1869 3071 potentia:
1894 3012 2134 3058 contem-

558 3095 795 3166 platione
824 3095 1010 3149 crucis
1040 3093 1264 3165 ﬁguram
1287 3094 1518 3164 exprimi
1556 3093 1611 3147 in
1638 3094 1824 3149 animo
1851 3112 1917 3151 ac
1947 3104 2130 3151 mente

558 3196 673 3252 tua,
709 3202 738 3239 a
763 3187 978 3255 superis
1024 3187 1090 3239 ad
1135 3186 1306 3240 infera
1333 3228 1348 3253 ,
1388 3185 1457 3240 ab
1495 3185 1755 3241 extremis
1780 3187 1849 3242 ad
1887 3198 2131 3252 estretna

557 3285 864 3347 protentam
897 3286 1060 3346 atque
1088 3279 1436 3347 descriptam.

631 3366 886 3438 Figuram
914 3369 1058 3423 hanc
1085 3383 1314 3438 magnus
1349 3369 1511 3423 etiam
1528 3369 1696 3426 David
1714 3371 1782 3427 de
1807 3385 1867 3425 se
1903 3371 2135 3438 loquens

557 3459 829 3530 expressit
862 3475 874 3509 :
912 3458 1031 3524 Quo
1059 3458 1164 3522 ibo,
1205 3460 1402 3529 inquit,
1436 3477 1469 3514 α
1505 3463 1697 3531 spiritu
1740 3476 1850 3527 tuo,
1889 3473 1938 3516 et
1959 3480 2061 3532 quo
2100 3479 2134 3516 a

555 3551 692 3618 facie
716 3560 810 3603 tua
836 3550 1042 3618 fugiam
1068 3554 1091 3603 ?
1123 3549 1183 3604 Si
1237 3553 1522 3605 ascendere
1546 3553 1603 3607 in
1659 3554 1846 3607 caelum
1876 3553 2014 3625 (hinc
2048 3564 2134 3610 est

554 3642 913 3712 sublimitas),
942 3652 998 3694 tu
1050 3641 1164 3695 illis
1196 3657 1272 3695 es.
1303 3640 1363 3695 Si
1391 3643 1709 3699 descendero
1759 3647 1815 3698 in
1867 3645 2131 3713 infernum

553 3735 680 3805 (hoc
709 3744 792 3788 est
822 3733 1198 3805 profundum),
1217 3733 1366 3787 ades.
1390 3733 1452 3788 Si
1469 3752 1741 3805 sumpsero
1765 3752 1963 3804 pennas
1986 3754 2129 3792 meas

551 3821 811 3884 diluculo,
846 3822 897 3874 id
927 3831 1031 3885 est,
1059 3821 1126 3875 ad
1157 3831 1337 3875 ortum
1364 3822 1498 3878 solis
1535 3824 1674 3894 (haec
1705 3834 1792 3882 est
1849 3828 2126 3897 latitudo),

548 3924 598 3968 et
627 3915 999 3969 habitaveroin
1023 3917 1271 3970 extremis
1302 3918 1468 3970 maris
1495 3916 1577 3972 "z
1629 3920 1712 3974 sic
1758 3920 1902 3974 enim
1958 3936 2127 3976 occa-

549 4021 671 4060 sum
694 4007 931 4076 appellat
956 4006 1094 4077 (bzec
1119 4016 1202 4062 est
1228 4007 1561 4078 longitudo).
1585 4009 1780 4067 Cernis
1818 4028 1927 4082 quo
1962 4011 2127 4069 modo

547 4101 734 4154 crucis
762 4099 990 4171 ﬁgurant
1023 4101 1339 4155 describat?
1373 4099 1457 4155 Tu
1485 4117 1569 4165 es,
1632 4105 1829 4172 inquit,
1883 4105 1978 4174 qui
2030 4120 2127 4175 per

545 4191 729 4246 omnia
757 4205 1053 4254 commeas,
1093 4194 1183 4257 qui
1218 4203 1415 4247 cuncta
1440 4192 1704 4257 devincis,
1726 4195 1820 4265 qui
1854 4196 1908 4250 in
1941 4197 2126 4267 teipso

547 4282 968 4353 comprelieudis
1002 4283 1279 4339 universa.
1316 4282 1396 4336 Tu
1422 4299 1586 4354 Supra
1615 4302 1698 4349 es,
1725 4297 1785 4342 tu
1834 4303 1895 4343 es
1954 4289 2120 4344 intra.

547 4374 608 4427 In
636 4373 739 4427 hac
765 4384 1009 4428 extrema
1052 4386 1203 4443 parte
1229 4390 1422 4430 manus
1449 4387 1537 4431 est
1564 4385 1679 4438 tua.
1737 4387 1793 4433 et
1845 4380 1900 4433 in
1952 4379 2122 4435 altera

2249 1920 2312 1972 ὲκ
2367 1917 2596 1986 πλαγίου
2642 1916 3128 1988 παρατεινόμενον.
3169 1915 3433 1986 Σημαίνει
3469 1915 3580 1987 γὰρ
3611 1917 3698 1971 διὰ
3728 1917 3826 1988 μὲν

2247 2009 2339 2063 τοῦ
2373 2009 2558 2078 ὕψους.
2592 2008 2653 2061 τὸ
2694 2008 3106 2079 ὑπερκείμενον
3149 2006 3236 2061 διὰ
3271 2007 3328 2061 δὲ
3363 2007 3456 2062 τοῦ
3504 2007 3721 2078 βάθους,
3763 2011 3827 2062 τὴ

2246 2102 2561 2172 ὑποχθόνιον
2580 2117 2594 2131 ·
2624 2099 2703 2172 τῷ
2731 2101 2898 2171 μήκει
2925 2098 2983 2152 δὲ
3014 2100 3107 2153 καὶ
3136 2098 3217 2170 τῷ
3247 2099 3459 2165 πλάτει,
3496 2101 3566 2153 τά
3604 2099 3692 2153 διὰ
3723 2103 3822 2170 μέ-

2246 2210 2339 2247 σου
2371 2194 2602 2266 πέρατα,
2629 2194 2698 2247 τὰ
2726 2194 2833 2247 ὑπὸ
2857 2193 2956 2264 τῆς
2989 2193 3098 2246 πᾶν
3123 2192 3521 2264 διακρατούσης
3544 2193 3824 2264 δυνάμεως

2247 2286 2599 2355 συνεχόμενα.
2631 2283 2813 2345 Ἔστω
2832 2282 2889 2335 δὲ
2922 2282 3010 2336 διά
3033 2282 3141 2336 τῶν
3164 2283 3223 2336 ὲν
3243 2285 3311 2354 τῇ
3341 2285 3406 2353 σῇ
3426 2282 3571 2353 ψυχῇ
3603 2284 3821 2353 γινομέ-

2242 2394 2348 2431 νων
2376 2380 2435 2430 ὲν
2465 2380 2532 2449 τῇ
2567 2377 2695 2449 περὶ
2733 2375 2867 2429 Θεοῦ
2909 2375 3086 2446 ἐννοίᾳ
3116 2377 3150 2447 ἠ
3193 2374 3301 2428 τῶν
3338 2376 3646 2446 λεγομένων
3689 2376 3823 2428 ἀπόσ

2238 2471 2423 2539 δειξις.
2468 2470 2794 2540 Ἀνάόλεψον
2821 2470 2930 2541 γὰρ
2957 2472 3036 2534 είς
3064 2470 3157 2522 τὸν
3180 2468 3430 2540 οὐρανὸν,
3455 2470 3550 2522 καὶ
3578 2470 3647 2523 τὰ
3671 2470 3822 2522 κάτω

2240 2563 2379 2635 βάθη
2402 2563 2481 2634 τῷ
2499 2562 2746 2634 λογισμῷ
2772 2563 3127 2632 κατανόησον,
3151 2560 3388 2614 ἔκτεινον
3410 2560 3504 2615 ἐπὶ
3527 2560 3594 2615 τά
3617 2561 3821 2630 πλάγια

2237 2658 2334 2712 καὶ
2352 2656 2420 2711 τὰ
2446 2657 2590 2727 ἄκρα
2614 2656 2714 2726 τῆς
2741 2655 2833 2709 τοῦ
2861 2655 3061 2717 παντὸς
3087 2655 3399 2718 συστάσεως
3428 2654 3527 2726 τὴν
3558 2653 3819 2718 διάνοιαν,

2236 2748 2331 2801 καὶ
2377 2747 2589 2816 λόγισαι
2629 2747 2714 2809 τίς
2760 2748 2909 2798 ἐστιν
2943 2747 2975 2816 ή
3022 2745 3196 2799 ταῦτα
3230 2744 3526 2815 συνέχουσα
3567 2744 3818 2815 δύναμις,

2234 2832 2345 2890 οἷόν
2370 2855 2454 2900 τις
2483 2836 2775 2907 σύνδεσμος
2805 2834 2899 2888 τοῦ
2932 2835 3132 2898 παντὸς
3155 2836 3436 2907 γινομένη.
3468 2836 3573 2890 Καὶ
3593 2836 3714 2906 ὄψει
3739 2838 3818 2899 ὡς

2233 2926 2554 2996 αὐτομάτως
2584 2926 2644 2977 ὲν
2669 2928 2737 2996 τῇ
2770 2924 2980 2996 διανοίᾳ⁴
3006 2927 3041 2995 ὴ
3074 2926 3202 2996 περὶ
3226 2928 3326 2996 τῆς
3354 2925 3503 2990 θείας
3536 2927 3816 2997 δυνάμεως

2232 3017 2410 3070 ἔννοια
2442 3018 2503 3070 τὸ
2543 3020 2726 3088 σχῆμα
2755 3017 2851 3069 τοῦ
2883 3016 3120 3086 σταυροῦ
3160 3017 3582 3088 ὲγχαράσσεται,
3616 3021 3680 3072 ὲκ
3709 3020 3817 3073 τῶν

2232 3109 2578 3180 ὑψηλοτέρων
2601 3110 2693 3163 ἐπὶ
2714 3109 2781 3163 τὰ
2814 3108 2951 3180 βάθη
2978 3108 3237 3179 καθῆκον,
3265 3111 3358 3163 καὶ
3385 3110 3477 3164 ἐπὶ
3502 3110 3571 3163 τά
3610 3112 3814 3183 πέρατα

2235 3202 2344 3255 τῶν
2372 3203 2558 3274 ἄκρων
2585 3203 2891 3275 ὲγκαρσίως
2913 3203 3390 3275 παρατεινόμενον.

2306 3359 2475 3414 Τοῦτο
2510 3360 2572 3413 τὸ
2618 3361 2803 3432 σχῆμα
2847 3362 2940 3416 καὶ
2979 3363 3009 3416 ό
3058 3361 3232 3433 μέγας
3277 3362 3441 3417 Δαόὶδ
3486 3364 3544 3418 ἑν
3571 3364 3647 3433 τῷ
3688 3363 3813 3418 καθ’

2234 3453 2426 3507 ἑαυτὸν
2460 3452 2671 3524 ὕμνησε
2695 3453 2859 3523 λόγῳ’
2891 3455 3017 3510 Ποῦ
3045 3454 3315 3523 πορευθιῦ
3340 3454 3459 3509 ἀπὸ
3489 3456 3596 3509 τοῦ
3629 3458 3810 3510 (Is-£13-

2226 3546 2416 3614 ματός
2440 3560 2580 3606 σου.
2610 3545 2708 3598 καί
2729 3545 2847 3599 ἀπὸ
2868 3545 2977 3599 τοῦ
2999 3546 3324 3614 προσώπου
3343 3561 3460 3601 σου
3480 3546 3599 3601 ποῦ
3619 3549 3807 3617 591571.),-

2246 3635 2385 3689 Ἐὰν
2425 3633 2625 3689 ἀναϐῶ
2669 3637 2757 3700 είς
2801 3636 2907 3689 τὸν
2947 3636 3208 3705 οὐρανὸν
3253 3637 3450 3706 (τοῦτο
3496 3637 3558 3690 τὸ
3611 3637 3743 3707 ὕψος
3765 3637 3804 3707 ).

2243 3726 2384 3781 Ἐὰν
2406 3726 2638 3781 καταϐῶ
2662 3729 2749 3792 εὶς
2776 3727 2883 3781 τὸν
2908 3728 3063 3797 ᾅδην
3091 3726 3110 3799 (
3124 3728 3284 3782 τοῦτο
3308 3729 3369 3781 τὸ
3401 3728 3564 3798 βάθος
3586 3728 3628 3799 ).
3673 3730 3811 3782 Ἐὰν

2228 3818 2579 3888 ἀναλάϐοιμι
2604 3821 2711 3886 τὰς
2734 3819 3030 3888 πτέρυγάς
3045 3837 3165 3888 μου
3196 3821 3323 3873 κατ’
3347 3821 3579 3888 ὄρθρον,
3608 3822 3637 3874 ὃ
3659 3821 3807 3874 ἐστιν

2227 3913 2261 3983 ἡ
2302 3913 2535 3983 ἀνατολὴ
2567 3911 2660 3966 τοῦ
2704 3913 2858 3991 ἡλίου
2893 3913 3080 3983 (τοῦτο
3115 3913 3176 3965 τὸ
3211 3912 3464 3981 πλάτος).
3509 3914 3579 3967 El
3625 3929 3805 3966 κατα-

2226 4005 2604 4075 σκηνώσαιμι
2633 4008 2721 4071 εὶς
2752 4006 2825 4061 τὰ
2850 4007 3079 4075 ἔσχατα
3130 4005 3242 4073 τῆς
3283 4005 3601 4074 θαλάσσης
3642 4007 3806 4076 (οὓτω

2224 4097 2335 4169 γὰρ
2367 4096 2465 4160 τὰς
2495 4098 2706 4167 δυσμὰς
2742 4096 3056 4167 ὀνομάζειν
3090 4095 3271 4160 [τοῦτο
3297 4096 3361 4149 τδ
3405 4096 3598 4167 μῆκος·
3641 4098 3802 4169 ’θρᾷθῖ

2224 4186 2342 4251 πῶς
2382 4187 2755 4257 διαζωγραφεί
2803 4185 2863 4239 τὸ
2906 4184 3001 4239 τοῦ
3054 4184 3289 4256 σταυροῦ
3335 4186 3522 4256 σχῆμα
3564 4185 3655 4239 διὰ
3693 4186 3801 4239 τῶν

2222 4276 2558 4348 λεγομένωνς
2607 4278 2677 4330 Σὺ
2713 4273 2782 4340 εἷ,
2818 4278 3002 4348 φησὶν,
3055 4279 3085 4330 ὁ
3113 4277 3201 4331 διὰ
3231 4277 3447 4331 πάντων
3487 4278 3673 4347 ἥκων,
3703 4279 3798 4330 καὶ

2222 4370 2518 4441 σύνδεσμος
2548 4369 2655 4423 τῶν
2688 4370 3005 4440 γινομένων,
3039 4369 3133 4422 καὶ
3168 4369 3344 4424 πάντα
3375 4370 3432 4422 ἐν
3461 4369 3640 4439 ἑαυτῷ
3675 4370 3792 4423 δια-

544 4463 647 4517 vim
672 4463 783 4517 dux
816 4473 900 4518 est
920 4462 1144 4518 dextera
1175 4475 1285 4518 tua.
1325 4466 1408 4520 Ub
1432 4466 1486 4520 id
1532 4481 1763 4538 magnus
1812 4469 1941 4523 item
1972 4468 2119 4539 Apo-

2236 4461 2510 4531 ιαμὸάνων
2549 4462 2617 4514 τά
2652 4463 2881 4531 πέρατα.
2933 4462 3079 4514 Ἀνω
3109 4462 3175 4513 σὺ
3219 4457 3289 4522 εἷ,
3321 4461 3475 4515 κάτω
3502 4463 3566 4516 σὺ
3605 4462 3790 4531 πάρει,

545 4554 741 4619 stolus,
783 4569 908 4609 cum
943 4558 1124 4609 omnia
1181 4555 1284 4610 ﬁde
1332 4565 1387 4611 et
1418 4559 1726 4628 cognitione
1771 4561 1973 4629 repleta
2002 4562 2120 4615 fue-

544 4648 680 4711 rint,
712 4647 829 4702 t‘ore
851 4647 1004 4713 dicit,
1032 4655 1093 4700 ut
1125 4647 1191 4712 is,
1222 4647 1315 4717 qui
1347 4662 1514 4718 super
1548 4651 1729 4704 omnia
1761 4659 1867 4715 est,
1913 4651 1971 4705 in
2017 4665 2116 4705 no-

543 4739 690 4793 mine
710 4737 838 4792 .lesu
868 4737 1074 4793 Christi
1114 4738 1393 4805 adoretur,
1441 4748 1494 4793 et
1537 4754 1568 4793 a
1602 4741 1941 4807 caelestibus,
1980 4751 2036 4796 et
2080 4756 2112 4796 a

543 4828 923 4894 terrestribus,
953 4837 1007 4881 et
1043 4827 1114 4892 ab
1141 4826 1374 4882 infernis
1412 4828 1457 4859 ⁵⁸
1485 4846 1500 4882 :
1527 4829 1725 4898 quibus
1774 4830 1956 4895 verbis
2013 4845 2111 4899 per

541 4920 723 4978 crucis
765 4920 991 4992 ﬁguram
1008 4921 1198 4989 dividit
1213 4921 1820 4978 Christiadorationem.
1861 4923 2113 4980 leestis

540 5018 686 5071 enim
714 5014 863 5085 regio
895 5014 952 5068 in
983 5014 1208 5068 sublimi
1237 5016 1422 5071 crucis
1455 5025 1609 5084 parte
1637 5015 1974 5072 adorationis
1995 5017 2111 5070 cul-

537 5115 654 5161 tum
686 5106 922 5170 exhibet,
954 5105 1228 5160 mundana
1253 5106 1308 5160 in
1349 5106 1568 5172 mediis,
1620 5106 1832 5161 inferna
1858 5108 1927 5162 ad
1976 5123 2107 5178 pro-

538 5199 768 5254 fundum
796 5199 1052 5270 pertinet.
1098 5197 1248 5254 Idem
1290 5213 1411 5254 mea
1448 5200 1669 5269 quidem
1704 5202 1975 5256 sententia
2029 5203 2107 5258 si-

536 5291 763 5361 gniﬁcat
794 5290 959 5344 etiam
998 5291 1111 5343 iota
1142 5290 1296 5354 illud,
1329 5292 1374 5346 si
1407 5305 1533 5346 cum
1562 5292 1717 5360 apice
1747 5291 2100 5360 coniunctum

537 5378 1089 5448 consideretur,qnod
1118 5389 1175 5434 et
1196 5382 1336 5436 casio
1371 5380 1644 5447 stabilius,
1673 5390 1728 5436 et
1757 5389 1905 5436 terra
1933 5380 2100 5434 ﬁrmio

537 5483 624 5532 ns,
659 5476 714 5521 et
748 5469 893 5523 omni
924 5484 1108 5524 rerum
1133 5471 1528 5535 constitutione
1576 5473 1781 5527 certius
1835 5484 1939 5526 est.
1981 5470 2100 5526 Ca:-

536 5558 646 5611 lum
675 5559 813 5612 enim
834 5572 887 5614 et
950 5570 1091 5615 terra
1133 5562 1433 5616 transibunt
1457 5562 1545 5632 ",1
1572 5572 1648 5627 et,
1692 5561 1869 5632 Hujus
1918 5564 2103 5617 mundi

2222 4553 2280 4605 ἐν
2311 4552 2390 4624 τῷ
2434 4553 2631 4618 πέρατι
2675 4552 2850 4621 τούτῳ
2901 4552 2934 4622 ἠ
2985 4551 3105 4621 χείρ
3152 4550 3246 4604 σού
3286 4552 3454 4616 ἐστιν,
3498 4552 3602 4615 καὶ,
3629 4553 3687 4605 ὲν
3716 4552 3796 4621 τῷ

2220 4644 2392 4715 ἑτέρῳ
2421 4646 2455 4714 ή
2498 4641 2646 4708 δεξιά
2692 4660 2788 4696 σου
2834 4642 3039 4712 ὁδηγεῖ.
3083 4642 3183 4696 Διὰ
3220 4642 3378 4697 τοῦτο
3422 4643 3515 4697 καὶ
3557 4645 3586 4696 ὀ
3620 4643 3793 4713 μέγας

2230 4735 2572 4800 Ἀπόστολος,
2599 4735 2726 4789 ἔνθα
2751 4735 3015 4807 πληρωθῇ
3036 4736 3103 4790 τὰ
3128 4736 3305 4790 πάντα
3325 4736 3423 4805 τῆς
3448 4736 3681 4798 πίστεως
3699 4737 3792 4789 καὶ

2215 4827 2595 4898 ἐπιγνώσεως,
2660 4828 3083 4898 προσκυνεῖσθαι
3153 4828 3300 4897 λέγει
3360 4830 3452 4883 τὸν
3500 4829 3639 4900 ὑπὲρ
3682 4831 3793 4884 πᾶν

2214 4922 2384 4991 ὄνομα
2410 4920 2538 4974 ὄντα
2570 4922 2630 4973 ἐν
2670 4920 2751 4991 τῷ
2788 4922 3012 4992 ὀνόματι
3063 4920 3237 4992 Ἰησοῦ
3284 4919 3550 4990 Χριστοῦ,
3584 4919 3689 4973 ὑπό
3728 4936 3789 4973 τε

2212 5013 2322 5067 τῶν
2343 5013 2609 5084 οὐρανίων
2633 5013 2727 5067 καὶ
2747 5012 2857 5066 τῶν
2877 5011 3134 5081 ἐπιγείων
3153 5012 3246 5064 καὶ
3266 5011 3375 5064 τῶν
3394 5010 3784 5080 καταχθονίων·

2213 5104 2375 5158 πάλιν
2420 5103 2516 5157 καὶ
2556 5104 2646 5158 διὰ
2675 5102 2880 5158 τούτων
2926 5104 3067 5157 κατὰ
3102 5102 3163 5157 τὸ
3207 5101 3393 5173 σχῆμα
3419 5099 3513 5153 τοῦ
3549 5101 3788 5173 σταυροῦ

2214 5194 2426 5267 μερίζει
2460 5194 2559 5248 τοῦ
2588 5194 2821 5267 σταυροῦ
2854 5195 2953 5267 τὴν
2994 5192 3383 5264 προσκύνησιν.
3428 5192 3494 5246 Ἠ
3541 5190 3642 5262 μὲν
3674 5190 3784 5265 γάρ

2209 5287 2581 5358 ὑπερκόσμιος
2605 5284 2759 5357 λῆξις
2793 5285 2852 5340 ἑν
2879 5284 2956 5356 τῷ
2989 5284 3103 5338 ἄνω
3125 5281 3221 5336 τοῦ
3253 5280 3488 5353 σταυροῦ
3519 5280 3675 5353 μέρει
3706 5281 3783 5351 τῷ

2208 5379 2450 5450 Δεσπότῃ
2477 5378 2674 5450 πληροῖ
2692 5377 2789 5448 τὴν
2819 5374 3206 5447 προσκύνησινο
3238 5374 3274 5444 ἡ
3297 5372 3353 5427 δὲ
3386 5372 3699 5443 ἐγκόσμιος,
3723 5373 3781 5425 ἐν

2206 5473 2319 5534 τοῖς
2353 5471 2558 5541 μέσοις·
2602 5471 2637 5540 ὴ
2685 5468 2745 5522 δὲ
2784 5467 3132 5538 ὑποχθόνιος,
3178 5464 3272 5520 τοῦ
3327 5463 3525 5536 βάθους
3574 5464 3774 5535 ἔχεται.

2208 5561 2378 5615 Τοῦτο
2420 5562 2514 5615 καὶ
2545 5560 2607 5614 τὸ
2648 5557 2811 5617 Ἰῶτά
2841 5560 2957 5612 ἐστι
2996 5558 3136 5613 κατὰ
3185 5557 3274 5611 τὸν
3322 5557 3454 5627 ἐμὸν
3498 5555 3677 5626 λόγον,
3716 5552 3782 5608 τὸ

600 5733 653 5767 ⁸³
681 5734 824 5792 Ρείίι.
855 5750 1120 5804 cxxxvm,
1170 5737 1202 5791 7
1226 5752 1348 5806 sqq.
1426 5737 1472 5770 “
1499 5735 1734 5805 Philipp.
1761 5752 1822 5802 ιι,
1875 5739 1959 5793 to.
2036 5739 2082 5771 ⁸³
2116 5737 2134 5792 1

2236 5738 2305 5795 lli.
2340 5753 2488 5804 mv,
2511 5737 2600 5792 '55.
