4154 6354
357 328 462 381 6‘25

1311 328 1375 382 IN
1412 330 1688 386 CHRISTI
1723 333 2362 393 RESURRECTIONEM
2397 341 2607 396 ΟΠᾹΤ.
2645 342 2687 395 ἶ.

3507 345 3609 401 6‘26

365 445 502 515 μετὰ
532 443 630 513 τῆς
657 444 883 515 κεραίας
905 446 1300 518 θεωρούμενον,
1333 450 1361 502 ὃ
1392 452 1486 502 καὶ
1538 451 1646 502 τῶν
1680 451 1926 522 οὐρανῶν

2056 458 2205 526 igura
2237 461 2476 527 praeterit
2508 462 2575 522 ⁵⁸,
2606 462 2715 513 iuta
2745 468 2921 513 autem
2957 476 3022 514 ea:
3053 461 3181 530 lege,
3213 470 3262 514 et
3296 475 3430 526 apex
3474 477 3609 516 tutus

365 535 734 606 μονιμώτερον
756 577 771 601 ,
800 539 894 592 καὶ
917 538 1016 608 τῆς
1044 540 1147 610 γῆς
1176 541 1602 612 σταθερώτερον,
1635 543 1729 595 καὶ
1755 544 1936 614 πάσης

361 630 460 698 τῆς
482 627 589 682 τῶν
610 629 778 680 ὄντων
801 631 1112 694 συστάσεως
1138 631 1540 706 διαρκέστερον.
1584 634 1646 687 '0
1679 637 1937 702 οὐρανὸς

363 716 461 777 καί
496 717 534 784 ἡ
577 716 654 786 γῆ
683 722 1117 787 παρελεύσεται
1139 738 1154 752 ’
1187 724 1301 788 καὶ,
1325 724 1512 782 Ὄλου
1555 725 1663 778 τοῦ
1706 726 1938 794 κόσμου

364 807 612 886 παράγει
643 810 707 863 τὸ
742 810 951 880 σχῆμα
970 829 982 840 ο
1013 813 1080 866 τὸ
1109 813 1177 866 δὲ
1211 814 1349 867 ἰῶτα
1379 815 1448 868 ἐκ
1474 815 1579 869 τοῦ
1603 817 1814 885 νόμου,
1840 817 1934 870 καί

367 901 405 967 ὴ
436 903 641 968 κεραιά
669 903 742 955 οὐ
764 904 1182 973 παραδέχεται.
1224 907 1288 959 Ἦ
1311 907 1604 975 ὲγκάθετος
1628 908 1881 979 γραμμὴ,
1905 909 1939 978 ἡ

366 992 572 1056 ἄνωθεν
601 995 692 1048 ἐπὶ
719 996 780 1050 τὸ
805 997 966 1067 βάθος
997 998 1334 1069 καθήκουσα,
1365 1001 1498 1053 ἰῶτα
1519 1001 1734 1070 λέγεται
1769 1019 1782 1032 ⁸
1824 1003 1858 1072 ἡ
1885 1001 1938 1054 δὲ

370 1083 677 1152 ἐγκαρσίως
702 1085 942 1158 ἀγομένη
979 1087 1068 1141 διὰ
1089 1088 1344 1158 πλαγίου,
1365 1091 1560 1160 κεραία
1593 1091 1937 1161 ὀνομάζεται,

370 1173 553 1240 καθὼς
587 1176 701 1231 ἔστι
737 1180 832 1232 καὶ
869 1183 1021 1252 παρὰ
1045 1182 1154 1236 τῶν
1189 1183 1618 1255 ναυτιλλομένων
1644 1184 1802 1237 τοῦτο
1840 1201 1944 1255 μα-

372 1263 500 1320 θεῖν.
528 1267 600 1320 Τὸ
628 1269 734 1339 γὰρ
766 1269 920 1336 ξύλον
951 1271 1012 1325 τὸ
1034 1272 1122 1326 διὰ
1149 1274 1378 1342 πλαγίου
1398 1274 1476 1345 τῷ
1501 1273 1630 1346 ίστῷ
1662 1276 1942 1346 ἐπικείμε-

369 1372 480 1418 νον,
503 1350 564 1409 οῦ
590 1361 685 1412 καὶ
713 1359 811 1431 τὴν
842 1362 1033 1435 ὀθόνην
1065 1363 1376 1433 ἐξαπλοῦσι,
1409 1366 1635 1436 κεραίαν
1662 1367 1934 1435 λέγουσιν,

370 1449 434 1499 ἐκ
453 1446 544 1499 τοῦ
568 1451 842 1520 σχήματος
859 1453 948 1505 ὀνο
955 1454 1227 1523 μάξοντες.
1248 1455 1337 1519 Διό
1360 1474 1450 1526 μοι
1466 1458 1610 1510 δοκεῖ
1635 1460 1769 1529 πρὸς
1788 1459 1944 1513 τοῦτο

373 1538 588 1608 βλέπειν
611 1543 643 1611 ή
673 1541 791 1595 θεία
813 1544 905 1596 τοῦ
930 1546 1260 1614 Εὐαγγελίου
1295 1549 1470 1618 φωνή·
1499 1549 1580 1602 ὃτι
1603 1550 1776 1604 ἐκεῖνό
1799 1551 1944 1603 ἐστιν

371 1635 428 1683 ὲν
459 1625 504 1700 ᾧ
533 1633 602 1685 τὰ
626 1634 802 1689 πάντα
836 1638 1156 1708 συνέστηκε,
1182 1641 1242 1692 τὸ
1270 1640 1378 1694 τῶν
1408 1644 1466 1694 ὲν
1495 1641 1644 1713 αὐτῷ
1679 1659 1942 1714 περικρα-

372 1724 647 1791 τουμένων
677 1727 1009 1798 ἁῖδιώτερον,
1040 1730 1069 1782 ὂ
1097 1732 1194 1800 τὴν
1224 1731 1416 1785 ἑαυτοῦ
1441 1731 1670 1800 δύναμιν
1691 1735 1790 1802 τὴν
1821 1751 1943 1785 συν⁶

374 1811 671 1884 τηρητικὴν
715 1815 935 1875 πάντων
973 1818 1082 1872 τῶν
1123 1821 1294 1873 ὄντων
1315 1860 1331 1882 ,
1375 1817 1486 1874 οἷον
1519 1823 1586 1875 δι’
1620 1824 1946 1892 αἰνίγματος
1979 1797 2018 1850 Β

377 1903 470 1957 καὶ
503 1905 771 1977 ἐσόπτρου
808 1908 952 1972 τινὸς
976 1910 1070 1962 τοῦ
1106 1912 1248 1965 κατὰ
1277 1913 1367 1967 τὸν
1402 1913 1632 1984 σταυρὸν
1671 1918 1948 1985 σχήματος

375 1994 741 2052 ὑποδείκνυσι.
785 1999 881 2063 Διὰ
923 1999 987 2070 δὴ
1029 2001 1184 2056 τοῦτό
1229 2021 1422 2075 φησιν,
1454 2006 1536 2057 ὃτι
1565 2005 1646 2057 δεῖ
1677 2006 1766 2058 τὸν
1822 2007 1948 2059 Τίὸν

373 2085 466 2137 τοῦ
497 2088 806 2159 ἀνθρώπου,
839 2093 935 2163 οὐχ
965 2095 1151 2158 ἁπλῶς
1188 2095 1496 2162 ἀποθανεῖν,
1534 2097 1669 2150 ἀλλὰ
1704 2115 1948 2169 σταυρω-

375 2175 555 2248 θῆναι,
599 2181 686 2234 ἵνα
728 2183 952 2254 γένηται
993 2189 1104 2250 τοῖς
1145 2187 1618 2259 διορατικωτέροις
1648 2189 1893 2258 θεολόγος
1921 2192 1951 2243 6

377 2273 609 2344 σταυρος
656 2275 752 2346 τὴν
794 2277 1198 2349 παντοδύναμον
1236 2279 1483 2344 ἐξουσίαν
1529 2281 1622 2335 τοῦ
1669 2283 1756 2332 ἐπ’
1803 2281 1952 2352 αὐτῷ

372 2362 690 2432 δειχθέντος,
723 2369 813 2420 καὶ
850 2369 1024 2423 πάντα
1060 2371 1118 2421 ἐν
1148 2372 1313 2424 πᾶσιν
1343 2371 1519 2433 ὄντος,
1557 2373 1951 2443 ἀνακηρύσσων

371 2453 450 2523 τῷ
473 2458 729 2527 σχήματι.
755 2459 846 2530 Μὴ
877 2465 1410 2534 παρασιωπήσωμεν,
1434 2465 1673 2530 ἀδελςροῖ,
1705 2467 1837 2535 μηδὲ
1862 2467 1952 2518 τὸν

373 2547 685 2618 εὐσχήμονα
727 2550 1018 2624 βουλευτὴν
1064 2557 1304 2621 ἐκεῖνον,
1349 2556 1440 2614 τὸν
1479 2558 1584 2610 ἀπὸ
1631 2557 1952 2626 Ἀριμαθίας

386 2637 603 2710 Ἰωσὴφ,
621 2641 678 2704 ὃς
707 2641 876 2713 δῶρον
905 2645 966 2698 τὺ
994 2645 1259 2717 ἄχραντον
1295 2649 1388 2701 καὶ
1410 2648 1566 2716 ἆγιον
1593 2651 1768 2708 ἐκεῖνο
1797 2648 1954 2719 σῶμα

374 2728 570 2795 λαϐὼν,
605 2732 850 2804 καθαρὰν
872 2739 1214 2812 περιτίθησιν
1242 2739 1389 2810 αὐτῷ
1414 2740 1643 2804 σινδόνα,
1670 2741 1766 2792 καὶ
1792 2739 1957 2794 καθα-

379 2822 457 2893 ρῷ
497 2827 748 2898 μνημείῳ
777 2830 1172 2886 ἐναποτίθεται.
1209 2833 1391 2903 Νόμος
1427 2835 1557 2904 ἡμῖν
1588 2833 1727 2886 ἔστω
1770 2834 1830 2886 τὸ
1862 2833 1955 2886 τοῦ

377 2911 711 2982 εὐσχήμονος
772 2917 979 2976 ἐκείνου
1014 2920 1300 2988 βουλευτοῦ
1344 2923 1503 2994 ἔργον
1543 2925 1636 2977 τοῦ
1673 2926 1768 2977 καὶ
1810 2927 1957 2995 ἡμᾶς

375 3004 576 3072 ὁμοίως
609 3006 988 3076 βουλεύεσθαι,
1040 3014 1168 3067 ὅταν
1197 3014 1451 3085 λάϐωμεν
1485 3018 1659 3068 ἐκεῖνο
1691 3016 1752 3068 τὸ
1787 3016 1956 3087 δῶρον

2039 565 2141 602 non
2167 552 2402 616 prwterit
2432 552 2497 606 ⁵⁷.
2536 551 2700 608 Linea
2731 561 2881 606 recta
2919 569 2949 606 e
2979 553 3197 607 sublimi
3227 554 3282 607 in
3318 555 3483 606 imum
3517 555 3612 608 de-

2039 640 2309 694 scendens
2342 641 2451 694 iota
2503 640 2727 696 dicitur.
2785 642 3017 712 Oblique
3077 651 3259 703 autem
3322 644 3389 697 ad
3441 644 3612 698 latera

2040 731 2357 801 pertingens
2387 747 2524 802 apex
2553 735 2890 796 nominatur,
2954 734 3006 788 id
3035 735 3180 804 quod
3216 735 3284 789 ab
3336 737 3472 804 ipsis
3521 749 3614 788 na-

2043 821 2352 890 vigantibus
2382 821 2510 876 licet
2539 823 2775 885 discere,
2811 823 2903 892 qui
2938 824 3146 895 lignum
3176 825 3310 878 illud
3335 832 3614 878 transver-

2041 929 2162 968 sum
2192 913 2336 967 malo
2362 912 2639 981 adjacens.
2693 916 2780 967 cui
2838 915 2954 969 vela
3013 915 3373 985 suspendunt,
3427 915 3612 970 Graece

2042 1005 2233 1060 eodem
2272 1007 2493 1060 nomine
2539 1021 2648 1075 quo
2687 1007 2898 1075 apicem
2943 1007 3249 1073 nominant,
3284 1023 3478 1076 nempe
3517 1022 3611 1061 ce-

2041 1111 2226 1152 raeam.
2255 1095 2616 1163 Quamobrem
2643 1097 2825 1152 divina
2851 1100 2966 1153 haec
2991 1098 3268 1169 Evangelii
3294 1100 3456 1154 verba
3478 1099 3612 1153 mihi

2042 1191 2298 1246 videnlur
2327 1193 2381 1244 in
2410 1191 2592 1246 crucis
2621 1191 2791 1260 ligura
2817 1201 3075 1261 tanquam
3107 1193 3392 1260 a-uigmate
3415 1201 3613 1260 ctspc-

2043 1285 2168 1337 culo
2201 1283 2438 1353 quodam
2475 1283 2606 1337 illud
2647 1283 2960 1348 ostendere,
2997 1284 3053 1338 in
3085 1298 3196 1353 quo
3241 1284 3424 1337 omnia
3477 1299 3613 1337 conv-

2045 1374 2324 1439 stiterunt,
2356 1372 2498 1442 quod
2540 1372 2820 1436 omnibus,
2851 1387 2972 1442 qua:
3011 1372 3065 1426 in
3095 1373 3214 1441 ipso
3239 1373 3612 1432 continemur,

2045 1464 2301 1520 stabilius
2325 1475 2428 1526 est,
2461 1474 2626 1534 atque
2666 1475 2965 1528 aeternum,
3000 1464 3161 1533 cujus
3200 1466 3442 1534 potentia
3479 1478 3615 1516 cuu-

2045 1565 2132 1610 cta
2163 1557 2499 1610 moderatur.
2529 1554 2764 1611 Proinde
2788 1555 3052 1610 Dominus
3078 1556 3173 1620 ait,
3223 1562 3476 1623 oportere
3523 1552 3615 1619 Fi-

2047 1648 2177 1701 lium
2211 1648 2467 1711 hominis,
2509 1662 2616 1700 non
2653 1646 2972 1716 simpliciter
2999 1648 3160 1709 mori,
3192 1647 3287 1700 sed
3339 1642 3609 1713 cruciﬁgi,

2048 1749 2106 1793 ut
2123 1755 2257 1794 crux
2275 1738 2441 1793 Deum
2461 1746 2678 1807 gestans
2707 1735 3038 1800 adversariis
3053 1734 3487 1804 omnipotentem
3511 1731 3618 1784 illi-

2049 1835 2232 1904 us,qui
2263 1833 2319 1887 in
2339 1834 2454 1902 ipsa
2472 1832 2754 1900 penderet,
2771 1829 2902 1891 vim,
2922 1829 3129 1898 quique
3145 1827 3327 1879 omnia
3363 1827 3417 1880 in
3434 1823 3614 1879 omni-

2047 1925 2152 1980 bus
2171 1931 2256 1979 est
2281 1924 2347 1984 ⁵⁸,
2373 1923 2540 1992 ﬁgura
2559 1937 2658 1978 sua
2691 1909 3038 1991 patefaceret.
3057 1917 3265 1972 Nobilis
3290 1918 3378 1971 ille
3398 1927 3618 1971 senator

2047 2015 2271 2084 Ioseph,
2313 2013 2530 2072 fratres.
2568 2013 2636 2066 ab
2660 2011 2995 2090 Arimathaia
3026 2024 3136 2063 non
3167 2016 3249 2062 est
3274 2006 3432 2061 nobis
3446 2005 3619 2059 silen-

2050 2110 2128 2162 tio
2169 2105 2597 2177 prietereundus,
2651 2105 2898 2173 quicum
2933 2100 3267 2156 immaculati
3333 2097 3621 2167 sanctique

2049 2202 2197 2257 illius
2223 2199 2476 2269 corporis
2505 2213 2709 2251 munus
2752 2195 3079 2263 accepisset,
3116 2193 3349 2249 sindone
3413 2189 3622 2245 mundo

2051 2290 2182 2345 illud
2210 2289 2460 2346 involvit.
2495 2298 2549 2341 et
2584 2288 2640 2340 in
2672 2292 3028 2340 monumento
3057 2299 3198 2337 novo
3233 2298 3298 2337 ac
3341 2297 3479 2351 puro
3504 2282 3624 2336 cols

2051 2381 2268 2436 locavit.
2312 2377 2467 2445 Quod
2507 2378 2576 2431 ah
2605 2377 2834 2431 honesto
2867 2377 2971 2430 hoc
2987 2384 3238 2430 senatore
3259 2381 3470 2444 gestum
3514 2381 3620 2435 est,

2052 2471 2211 2526 nobis
2233 2469 2304 2524 sit
2341 2475 2602 2538 tanquam
2635 2467 2742 2528 lex,
2773 2475 2829 2518 ut
2872 2464 3014 2518 idem
3065 2477 3162 2516 nos
3209 2476 3426 2530 quoque
3481 2474 3624 2530 pra:-

2054 2572 2282 2624 stemus,
2311 2575 2436 2614 cum
2472 2557 2603 2611 illud
2636 2555 2885 2624 corporis
2922 2570 3122 2609 munus
3154 2553 3509 2621 suscipimus,
3559 2564 3629 2603 ne

2055 2656 2108 2710 id
2138 2654 2361 2709 sordido
2384 2651 2736 2712 conscientia:
2761 2650 2930 2703 linteo
2965 2647 3328 2708 involvamus,
3385 2657 3519 2696 neve
3571 2641 3628 2694 in

2054 2746 2238 2801 cordis
2270 2752 2625 2798 monumento
2687 2750 3030 2794 mortuorum
3081 2736 3304 2790 ossibus
3369 2733 3630 2800 omnique

2059 2836 2410 2892 immunditia
2434 2835 2597 2903 pleno
2623 2846 2974 2899 reponamus.
3013 2830 3116 2882 Sed
3155 2828 3552 2896 unusquisque,
3571 2833 3632 2876 ut

2057 2927 2250 2982 scribit
2283 2925 2575 2993 Apostolus
2597 2963 2612 2984 ,
2648 2937 2708 2976 se
2745 2922 2924 2990 ipsum
2949 2920 3165 2990 probet,
3195 2933 3263 2972 ne
3307 2930 3509 2969 munus
3553 2913 3633 2966 iu-

2056 3021 2218 3090 digne
2239 3017 2552 3088 suscipienti
2571 3016 2641 3070 sit
2663 3015 2716 3068 in
2735 3013 3002 3084 judicium
3021 3013 3090 3066 δ’.
3121 3011 3340 3074 Verum,
3363 3009 3491 3061 dum
3517 3008 3631 3060 hate
3719 3034 3723 3039 -

377 3099 471 3147 τοῦ
512 3099 780 3167 σώματος,
829 3103 904 3173 μὴ
940 3105 1305 3177 ὲρῤυττωμένῃ
1343 3111 1408 3178 τῇ
1451 3109 1550 3178 τῆς
1597 3109 1954 3178 συνειδήσεως

2062 3115 2277 3182 loquor,
2307 3110 2489 3164 lucida
2520 3108 2695 3179 angeli
2737 3108 2876 3163 stola
2908 3105 3107 3161 mentis
3139 3104 3306 3158 aciem
3333 3102 3466 3156 mihi
3510 3116 3634 3169 per-

381 3188 574 3242 σινδόνι
605 3190 937 3262 λαμϐάνειν,
978 3198 1112 3266 μηδὲ
1149 3199 1362 3253 ὀδωδότι
1408 3201 1466 3267 ἐξ
1511 3203 1712 3266 ὀστέων
1749 3203 1956 3272 νεκρῶν

381 3281 475 3333 καὶ
527 3283 709 3353 πάσης
757 3287 1099 3358 ἀκαθαρσίας
1155 3292 1234 3362 τῷ
1289 3294 1527 3364 μνήματι
1582 3296 1682 3364 τῆς
1734 3295 1958 3366 καρδίας

382 3373 794 3429 ὲναποτίθεσθαι
834 3394 848 3406 ⁸
892 3380 1048 3444 ἀλλὰ,
1101 3381 1284 3446 καθώς
1327 3401 1492 3454 φησιν
1528 3386 1558 3437 6
1607 3384 1957 3448 Ἀπόστολος,

379 3463 698 3533 δοκιμάζειν
732 3466 964 3523 ἕκαστον
998 3471 1224 3534 ἑαυτὸν,
1256 3475 1345 3528 ἵνα
1383 3473 1455 3544 μὴ
1507 3477 1682 3545 κρῖμα
1723 3477 1756 3544 ἡ
1801 3475 1961 3546 χάρις

382 3553 607 3624 γένηται
637 3557 714 3629 τῷ
741 3559 973 3626 ἀναξίως
1009 3562 1284 3634 δεχομένῳ
1312 3567 1411 3636 τὴν
1445 3567 1620 3636 χάριν.
1665 3566 1826 3620 Ἀλλὰ
1852 3567 1962 3638 γὰρ

388 3646 590 3714 μεταξὺ
615 3647 788 3716 λέγων
823 3651 1148 3723 αίσθάνομαι
1176 3659 1241 3725 τῇ
1273 3660 1504 3726 φωτεινῇ
1536 3657 1694 3727 στολῇ
1719 3657 1813 3709 τοῦ
1858 3659 1961 3726 ἀγ-

384 3737 542 3802 γέλου
569 3743 1135 3814 καταστραπτόμενος,
1159 3746 1250 3799 καί
1280 3765 1381 3817 μου
1411 3747 1634 3801 διασείει
1655 3749 1744 3817 ὑφ’
1768 3749 1964 3819 ἡδονῆς

383 3827 742 3899 τὴν-καρδίαν
777 3831 805 3882 6
844 3833 1048 3900 γλυκὺς
1085 3837 1291 3901 ἐκεῖνος
1326 3838 1566 3908 σεισμὸς,
1600 3840 1628 3891 6
1659 3839 1754 3892 τὸν
1794 3840 1964 3910 βαρὺν

384 3919 531 3974 λίθον
567 3921 664 3975 τοῦ
703 3923 1043 3995 ἀνθρωπίνου
1090 3930 1371 3998 μνήματος
1417 3930 1761 3994 ἁποκυλίων,
1808 3931 1876 3984 δι’
1903 3926 1964 3989 οὗ

385 4014 659 4084 ἀνοίγεται
696 4019 863 4072 πᾶσιν
892 4021 924 4090 ή
961 4021 1098 4092 θύρα
1128 4022 1228 4092 τῆς
1252 4025 1618 4088 ἀναστάσεως.
1659 4026 1966 4096 Δράμωμεν

387 4108 484 4160 καὶ
531 4110 704 4178 ἡμεῖςν
735 4111 827 4165 ἐπὶ
865 4113 966 4183 τὴν
1017 4114 1147 4167 θέαν
1190 4115 1282 4168 τοῦ
1325 4116 1629 4187 παραδόξου
1670 4117 1964 4187 θεάματος·

387 4196 666 4264 διαγέγονε
707 4200 816 4273 γὰρ
862 4203 961 4274 ἤδη
1007 4205 1068 4257 τὸ
1106 4205 1384 4258 Σάϐϐατον
1406 4223 1418 4236 ·
1473 4205 1547 4277 μὴ
1594 4207 1824 4260 κατόπιν
1859 4208 1969 4260 τῶν

389 4295 666 4360 γυναικῶν
705 4297 1122 4367 ἀπαντήσωμεν.
1168 4299 1360 4350 Ἔσται
1393 4299 1488 4351 καὶ
1520 4301 1578 4351 ἐν
1612 4301 1733 4362 ταῖς
1772 4300 1969 4369 ἡμετέ-

393 4399 515 4452 ραις
545 4385 702 4456 χερσὶ
731 4385 800 4438 τὰ
845 4387 1135 4458 ἀρώματα,
1163 4391 1196 4460 ή
1232 4388 1412 4452 πίστις
1440 4390 1535 4441 καὶ
1567 4393 1596 4458 ἡ
1643 4391 1963 4458 συνείδησις.

2061 3204 2303 3273 stringit,
2331 3210 2385 3258 et
2416 3191 2593 3255 dulcis
2620 3200 2714 3254 ille
2737 3207 2896 3254 terra:
2934 3207 3136 3258 motus.
3167 3210 3277 3266 quo
3305 3194 3485 3266 gravis
3538 3193 3630 3247 ille

2058 3293 2284 3350 humani
2319 3291 2660 3347 monumenti
2687 3290 2826 3360 lapis
2866 3289 3146 3344 revolutus
3185 3296 3289 3350 est,
3342 3285 3628 3341 omnibus-

2061 3403 2167 3459 que
2193 3384 2618 3450 resurrectionis
2653 3381 2798 3438 fores
2831 3380 3114 3451 patefactae
3142 3387 3304 3442 sunt,
3338 3393 3450 3449 prae
3478 3379 3636 3431 volu~

2060 3485 2213 3550 ptate
2236 3492 2334 3532 cor
2359 3490 2540 3531 meum
2572 3473 2837 3527 concutit.
2868 3472 3168 3527 Curramus
3191 3481 3244 3525 et
3271 3486 3372 3524 nos
3406 3469 3472 3522 ad
3503 3484 3639 3523 con-

2062 3569 2399 3640 spiciendum
2432 3565 2806 3636 spectaculum
2833 3564 2938 3618 hoc
2994 3577 3192 3616 novum
3217 3569 3271 3616 et
3295 3559 3634 3614 admirabile.

2065 3661 2364 3715 Sabbatum
2398 3659 2542 3714 enim
2587 3658 2699 3727 jam
2735 3656 2937 3710 illuxit.
3000 3653 3080 3709 Ne
3127 3654 3530 3724 permittamus,
3581 3661 3640 3705 ut

2062 3756 2324 3810 mulieres
2347 3759 2713 3807 antevertant.
2738 3749 2859 3804 Sint
2887 3747 3052 3803 etiam
3082 3747 3138 3800 in
3163 3746 3418 3800 manibus
3434 3745 3640 3800 nostris

2064 3853 2308 3900 aromata
2337 3843 2458 3898 ﬁdei
2508 3856 2766 3912 puraeque
2824 3837 3199 3894 conscientiae.
3250 3837 3309 3891 In
3363 3837 3451 3892 his
3493 3837 3637 3892 enim

2065 3934 2317 3990 consistit
2347 3935 2528 3988 bonus
2559 3931 2694 3986 odor
2719 3931 2946 3984 Christi.
2978 3929 3055 3983 Ne
3071 3943 3382 3999 quaeramus
3403 3927 3640 3996 amplius

2063 4027 2332 4081 viventem
2361 4039 2486 4078 cum
2542 4022 2796 4077 mortuis.
2839 4020 3102 4077 Dominus
3139 4021 3283 4075 enim
3304 4034 3428 4075 eum
3463 4033 3492 4072 a
3532 4034 3641 4090 quo

2068 4122 2150 4174 sic
2182 4117 2503 4187 requiritur,
2549 4115 2729 4185 rejicit
2777 4121 2832 4168 et
2869 4121 3042 4178 arcet,
3093 4112 3284 4167 dicens
3319 4129 3334 4164 :
3370 4111 3499 4165 Noli
3558 4127 3640 4164 me

2069 4221 2281 4280 tangere
2303 4209 2380 4262 °°.
2413 4207 2554 4262 Cum
2584 4216 2764 4260 autem
2800 4205 3102 4262 ascendero
3138 4205 3204 4258 ad
3237 4203 3479 4269 Patrem,
3508 4212 3642 4256 tunc

2068 4317 2156 4357 me
2184 4301 2368 4355 licebit
2391 4301 2678 4370 attingere.
2739 4296 2818 4369 [Id
2847 4304 2954 4360 est,
2987 4311 3110 4350 cum
3159 4311 3270 4349 non
3321 4308 3642 4363 corpoream

2070 4393 2306 4462 amplius
2367 4391 2728 4459 servilemque
2759 4389 3012 4450 formam,
3052 4388 3144 4442 sed
3173 4402 3320 4451 eum,
3346 4384 3438 4455 qui
3464 4394 3548 4439 est
3587 4385 3641 4438 in

390 4473 539 4545 Αὕτη
578 4477 690 4546 γάρ
716 4477 810 4530 τοῦ
848 4478 1084 4548 Χριστοῦ
1109 4480 1311 4550 ἐστινὴ
1339 4480 1554 4533 εὐωδία.
1592 4481 1803 4549 Μηκέτι
1827 4480 1955 4550 μετᾶ

2069 4482 2242 4553 gloria
2277 4479 2475 4542 Patris,
2505 4480 2598 4548 qui
2625 4479 2788 4534 estin
2826 4476 2997 4531 forma
3033 4475 3150 4541 Dei,
3198 4484 3253 4528 et
3286 4473 3455 4528 Deum
3506 4471 3642 4527 Ver-

390 4569 501 4621 τῶν
537 4569 746 4640 νεκρῶν
778 4570 868 4622 τὸν
903 4570 1081 4635 ζῶντα
1111 4571 1456 4641 ζητήσωμεν.
1505 4573 1606 4624 Τὸν
1646 4574 1754 4643 γάρ
1793 4571 1965 4635 οὕτως

391 4662 552 4715 at»sz
576 4662 863 4732 ζητοῦντα,
890 4663 1190 4717 ἀπωθεῖται
1216 4665 1244 4716 6
1266 4663 1488 4735 Κύριος,
1509 4664 1702 4733 λέγων·
1724 4665 1821 4733 Μή
1844 4682 1966 4734 μου

392 4752 585 4808 ἅπτου
621 4769 636 4782 ·
668 4753 784 4807 ἀλλ’
815 4755 946 4807 ὅταν
971 4754 1156 4807 ἁναϐῶ
1188 4755 1322 4825 πρὸς
1347 4755 1438 4808 τὸν
1465 4756 1708 4827 Πατέρα,
1731 4757 1850 4810 τότε
1883 4774 1967 4810 σοι

391 4845 599 4913 ἔξεστιν
627 4846 918 4901 ἅπτεσθαι.
961 4847 1308 4916 Ἀκούσωμεν
1335 4847 1390 4899 τί
1421 4847 1832 4915 εὐαγγελίζεται
1871 4849 1968 4903 καὶ

391 4942 426 5009 ἡ
452 4939 585 5010 γυνὴ
615 4941 648 5010 ή
671 4939 1016 5010 προλαϐοῦσα
1037 4939 1128 4993 τὸν
1152 4939 1317 5010 ἄνδρα
1343 4939 1435 4992 διὰ
1457 4943 1556 5008 τῆς
1581 4939 1836 5004 πίστεως,
1870 4939 1965 4992 καὶ

361 5033 572 5116 Ικαλῶς
621 5031 780 5085 τοῦτο
829 5032 1134 5102 ποιήσασα,
1188 5031 1276 5083 ἵνα
1311 5031 1399 5084 διὰ
1447 5030 1541 5083 τοῦ
1593 5029 1967 5100 κατάρξασθαι

391 5126 526 5196 πρὸς
558 5124 619 5179 τὸ
643 5124 849 5194 ἀγαθὸν
878 5124 1004 5194 περὶ
1034 5124 1132 5193 τῆς
1154 5123 1250 5176 τοῦ
1281 5124 1454 5177 κακοῦ
1481 5124 1658 5184 αἰτίας
1693 5125 1967 5196 ἀπολογή-

393 5234 574 5286 σηται.
619 5217 686 5270 Τί
714 5211 806 5270 οῦν
829 5217 944 5268 ἐστι
973 5216 1033 5269 τὺ
1057 5220 1156 5287 τῆς
1184 5217 1440 5284 γυναικὸς
1460 5218 1816 5286 Εὐαγγέλιον;
1851 5219 1968 5271 "Ov-

389 5327 499 5373 τως
532 5311 632 5362 οὐκ
665 5309 724 5374 ἐξ
758 5308 1083 5380 ἀνθρώπων,
1109 5309 1228 5363 οὐδὲ
1257 5309 1325 5362 δι’
1361 5309 1682 5380 ἀνθρώπων,
1709 5310 1843 5362 ἀλλὰ
1879 5310 1966 5362 διὰ

405 5399 580 5469 Ἰησοῦ
612 5400 873 5468 Χριστοῦ.
930 5403 1128 5453 ’Λκουε
1172 5403 1302 5474 γὰρ.
1349 5401 1532 5470 φητὶν,
1577 5401 1606 5454 ὂ
1651 5400 1963 5453 ἐντέταλται

396 5494 526 5562 ἡμῖν
550 5492 578 5544 6
610 5491 810 5560 Κύριος
845 5495 979 5562 πρτις
1009 5495 1150 5561 ὑμᾶς
1176 5495 1372 5554 εἰπεῖν,
1397 5494 1540 5562 ὑμᾶς
1570 5491 1663 5554 οῦς
1692 5493 1785 5544 καὶ
1810 5492 1963 5545 ἁδελ-

393 5586 524 5653 φοὺς
557 5583 720 5637 αὐτοῦ
758 5587 1155 5655 κατονομάζει,
1191 5587 1272 5639 ὅτι
1303 5586 1632 5654 Πορεὺομαι
1670 5583 1819 5650 πρὸς
1861 5583 1968 5636 τὸν

465 5771 512 5804 ⁸⁸
541 5770 561 5825 l
599 5771 726 5826 Cor.
763 5786 858 5837 vn,
889 5768 977 5824 3|.
1053 5771 1096 5803 ⁵⁷
1128 5769 1318 5827 Matth.
1349 5787 1402 5837 ν,
1440 5769 1527 5824 18.

1605 5769 1650 5801 ⁸⁸
1679 5767 1698 5822 l
1732 5766 1855 5823 Cor.
1893 5784 1982 5832 xv,
2021 5765 2109 5820 ‘28.
2186 5765 2231 5796 δ’
2268 5762 2283 5816 l
2318 5762 2444 5818 Cor.
2478 5777 2556 5826 ιι,
2586 5759 2674 5814 9.8.

2066 4576 2219 4637 bum,
2250 4573 2354 4628 (ide
2385 4571 2773 4641 conceperitis,
2811 4581 2940 4624 tunc
2968 4585 3076 4631 me,
3132 4583 3240 4622 non
3278 4574 3460 4622 autem
3511 4566 3643 4620 sim-

2065 4669 2261 4739 plicem
2289 4667 2431 4722 servi
2457 4664 2714 4726 formam,
2755 4659 3039 4732 adoretis.]
3091 4659 3391 4714 Audiamus
3437 4658 3640 4712 bonum

2065 4759 2346 4818 nuntium,
2376 4770 2542 4826 quem
2571 4754 2730 4808 nobis
2756 4753 2952 4806 mulier
2979 4750 3156 4813 alfert,
3188 4763 3310 4818 qua:
3343 4747 3447 4801 fide
3469 4747 3639 4816 prior,

2065 4866 2228 4922 quam
2260 4849 2364 4915 vir,
2392 4847 2630 4908 accedit,
2663 4859 2729 4898 ac
2758 4843 2953 4898 merito
2982 4841 3222 4912 quidem,
3247 4848 3307 4894 ut
3366 4839 3640 4906 incipiens

2067 4941 2185 5010 ipsa
2211 4939 2282 4992 ad
2309 4939 2509 4992 bonum
2549 4951 2796 4998 currere,
2821 4933 2995 4988 diluat
3022 4932 3256 4992 crimen,
3299 4931 3353 4984 in
3382 4928 3527 4998 quod
3554 4930 3607 4982 in
3625 4959 3639 4968 -

2067 5033 2227 5094 cidit,
2269 5044 2392 5084 cum
2421 5036 2547 5082 ante
2576 5027 2822 5082 cucurrit
2851 5026 2917 5078 ad
2947 5024 3172 5077 malum.
3206 5021 3431 5092 Ecquod
3475 5020 3640 5088 igitur

2067 5131 2152 5179 est
2182 5123 2287 5176 hoc
2308 5120 2557 5175 mulieris
2606 5114 3002 5186 Evangelium?
3043 5114 3160 5168 Non
3208 5129 3274 5167 ex
3323 5110 3639 5166 hominibus

2068 5214 2336 5285 profecto,
2372 5225 2552 5280 neque
2585 5223 2681 5277 per
2709 5206 2980 5268 homines,
3023 5204 3117 5259 sed
3146 5218 3242 5274 per
3275 5199 3641 5257 Jesumtlhri-

2073 5315 2243 5362 stum.
2281 5303 2504 5365 Audite,
2541 5299 2739 5370 inquit,
2773 5297 2918 5368 quod
2957 5297 3088 5351 mihi
3125 5295 3408 5360 Dominus,
3443 5302 3502 5348 ut
3543 5309 3640 5348 vo-

2073 5399 2159 5454 bis
2194 5413 2334 5465 quos
2379 5395 2576 5448 fratres
2607 5392 2770 5447 etiam
2826 5391 3092 5456 nominat,
3143 5389 3471 5446 nuntiarem.
3521 5387 3639 5456 ipse

2071 5488 2369 5544 mandavit.
2418 5484 2679 5550 Ascendo,
2729 5483 2927 5552 inquit,
2973 5481 3042 5534 ad
3097 5481 3313 5534 Patrem
3356 5495 3550 5538 meum.
3587 5487 3638 5532 et

2068 5581 2282 5635 Patrem
2324 5587 2574 5643 vestrum,
2606 5575 2773 5629 Deum
2805 5591 2995 5635 meum,
3027 5582 3075 5626 et
3115 5571 3281 5626 Deum
3312 5585 3536 5626 vestrum
3569 5569 3634 5620 “.

2754 5758 2798 5790 ⁶⁰
2819 5753 3207 5818 Juan.xx,17.
3286 5753 3328 5784 ⁸⁸
3363 5749 3496 5807 ibid.
