4154 6354
530 326 635 385 617

1840 339 1900 394 S.
1931 338 2260 397 GREGORII
2295 342 2585 399 NYSSENI

3675 357 3781 415 628

527 452 576 506 0
609 451 865 506 nuntium
911 452 1232 524 praeclarum
1271 464 1327 511 et
1357 455 1597 512 bonum!
1649 457 1753 524 Qui
1803 475 1905 530 pro
1941 461 2101 517 nobis

2204 467 2436 537 Πατέρα
2449 485 2591 538 μου,
2620 466 2718 523 καὶ
2741 470 2973 540 Πατέρα
2998 473 3187 543 ὑμῶν,
3219 473 3319 529 καὶ
3346 476 3494 530 Θεόν
3514 494 3656 547 μου,
3679 477 3783 533 καὶ

528 541 712 598 factus
739 550 825 599 est
856 541 1042 609 homo,
1091 545 1141 601 is
1169 561 1294 601 cum
1346 549 1418 603 sit
1454 546 1801 621 Unigenitus,
1851 567 1961 622 quo
1995 569 2098 609 nos

527 631 728 689 fratres
761 633 958 690 ciliciat
982 651 1135 699 suos,
1169 653 1231 693 se
1254 638 1525 695 hominem
1550 642 1617 696 ad
1656 658 1846 697 verum
1878 643 2097 699 Patrem

525 726 769 803 adducit,
826 735 886 782 ut
918 744 1016 798 per
1064 745 1123 785 se
1161 731 1338 800 ipsum
1374 747 1567 787 omnes
1609 744 1876 803 cognatos
1910 751 2098 791 secum

526 817 731 882 trahat,
769 833 838 873 ne
872 819 1051 888 possit
1102 821 1212 876 illis
1261 822 1497 891 amplius
1541 822 1728 893 objici,
1783 824 1929 895 quod
1977 841 2095 891 eos,

524 909 620 980 qui
652 919 848 964 natura
876 910 950 965 dii
978 926 1086 965 non
1113 920 1263 975 sunt,
1303 913 1671 969 adoraverint.
1718 915 1930 973 Etenim
1970 934 2094 973 cum

525 1000 595 1056 ad
625 992 895 1056 viventem
925 1010 980 1057 et
1014 1018 1206 1058 verum
1256 1003 1426 1060 Deum
1476 1006 1815 1062 adorandum
1856 1010 2105 1064 revocati-

524 1088 659 1160 sint,
685 1093 756 1149 ab
784 1094 1096 1151 haereditate
1121 1106 1346 1167 paterna
1375 1107 1636 1169 tanquam
1673 1100 1865 1170 rejecti
1908 1117 2097 1174 repro-

523 1183 748 1255 batiqne
780 1201 890 1242 non
929 1197 1163 1259 possunt
1193 1190 1431 1254 excludi,
1460 1192 1718 1261 quoniam
1752 1192 1948 1248 Filium
2002 1211 2102 1250 ve-

524 1289 648 1330 rum
679 1275 781 1347 ipsi
802 1293 896 1347 per
925 1279 1272 1348 adoptionem
1300 1281 1393 1336 lilii
1417 1283 1589 1337 secuti
1613 1292 1762 1340 sunt.
1781 1283 1883 1351 Qui
1910 1286 2095 1341 multis

522 1365 580 1423 in
618 1365 884 1423 fratribus
913 1369 1340 1441 primogenitum
1370 1382 1638 1428 creaturae
1658 1389 1718 1429 se
1753 1390 1850 1445 per
1870 1390 2093 1431 carnem

520 1456 784 1526 eﬁciens,
817 1476 1035 1517 omnem
1089 1469 1342 1518 naturam
1376 1464 1694 1529 humanam,
1717 1468 1878 1536 cujus
1927 1474 2098 1539 parti-

520 1564 649 1622 ceps
673 1565 799 1608 esse
816 1552 1006 1617 voluit,
1023 1562 1319 1624 assumpta:
1334 1555 1519 1610 carnis
1544 1556 1952 1611 necessitudine
1988 1559 2092 1612 sibi

519 1641 829 1713 conjunxit.
860 1641 968 1699 Sed
1000 1645 1129 1714 quia
1159 1647 1316 1717 panis
1355 1662 1581 1717 azymus
1612 1656 1740 1704 ante
1758 1647 1969 1705 Pascha
1996 1666 2096 1720 pro

521 1732 756 1789 obsonio
789 1732 989 1789 herbas
1043 1750 1261 1791 amaras
1293 1734 1481 1805 habet,
1514 1736 1803 1794 videamus
1853 1755 1960 1809 qua
2001 1740 2092 1809 ju-

2205 559 2353 613 Θεὸν
2382 559 2569 628 ὑμῶν.
2605 561 2668 613 Ὢ
2708 561 2890 617 καλῶν
2928 580 2989 617 τε
3017 565 3111 618 καὶ
3139 566 3359 634 ἀγαθῶν
3407 568 3741 636 εὐαγγελίων
3762 572 3795 626 ι·

2212 649 2272 702 Ὃ
2305 648 2373 702 δι’
2404 650 2551 720 ἡμᾶς
2594 651 2885 722 γενόμενος
2913 654 3037 708 καθ’
3069 657 3237 726 ἡμᾶς,
3273 658 3359 711 ἵνα
3387 658 3475 711 διὰ
3505 659 3607 713 τοῦ
3629 661 3783 729 γενέ-

2206 739 2333 794 σθαι
2359 742 2494 812 ἡμῖν
2542 743 2809 813 ὁμογενὴς
2829 783 2844 807 ,
2874 744 3138 815 ἀδελφοὺς
3160 749 3309 818 ἡμᾶς
3332 748 3522 802 ἑαυτοῦ
3551 752 3777 822 ποιήσῃ,

2202 831 2468 902 προσάγει
2483 833 2575 886 τὸν
2596 834 2790 888 ἑαυτοῦ
2813 836 3099 907 ἄνθρωπον
3113 838 3191 909 τῷ
3211 840 3449 911 ἀληθινῷ
3474 843 3666 913 Πατρὶ,
3693 843 3785 896 ἵνα

2201 923 2269 977 δι’
2298 925 2462 978 αὐτοῦ
2491 925 2636 980 ἆπαν
2669 927 2730 981 τὸ
2752 929 3010 999 ὁμογενὲς
3044 930 3430 1004 ἐφελκύσηται,
3476 934 3550 998 ῶς
3583 935 3779 1005 μηκέτι

2201 1019 2401 1083 ὄνειδος
2421 1014 2560 1074 εἶναι
2578 1023 2690 1086 τοῖς
2715 1021 3029 1075 δουλεύσασι
3050 1026 3160 1087 τοῖς
3184 1024 3259 1095 μὴ
3285 1025 3444 1092 φύσει
3471 1022 3591 1079 οῦσι
3615 1025 3776 1090 θεοῖς.

2201 1112 2302 1166 Διά
2355 1112 2416 1165 τὸ
2460 1113 2832 1184 προσαχθῆναι
2878 1113 3040 1168 πάλιν
3073 1114 3156 1186 τῷ
3190 1115 3353 1180 ζῶντι
3404 1117 3500 1171 καὶ
3541 1116 3783 1189 ἀληθινῷ

2200 1202 2339 1274 Θεῷ,
2379 1204 2505 1275 μηδ’
2553 1204 2892 1276 ἀποὸλήτους
2937 1204 3030 1259 καὶ
3066 1205 3483 1277 ἀποκηρύκτους
3526 1208 3629 1278 τῆς
3669 1226 3778 1261 πα-

2198 1297 2381 1370 τρῲας
2427 1296 2789 1369 κληρονομίας
2821 1298 3108 1366 γενέσθαι,
3135 1299 3261 1362 τοὺς
3290 1298 3367 1369 τῷ
3403 1298 3517 1369 Υίῷ
3559 1298 3646 1353 διὰ
3680 1301 3782 1370 τῆς

2201 1389 2470 1454 υἱοθεσίας
2514 1389 2979 1461 ἀκολουθήσαντας
3011 1408 3024 1423 ο
3073 1392 3102 1444 ὁ
3144 1392 3202 1444 ἐν
3249 1392 3463 1454 πολλοῖς
3528 1392 3785 1463 ἀδελφοῖς

2201 1481 2544 1553 πρωτότοκον
2584 1480 2673 1534 διὰ
2700 1481 2800 1551 τῆς
2844 1481 3045 1552 σαρκὸς
3075 1482 3309 1552 ποιήσας
3345 1482 3565 1547 ἑαυτὸν,
3598 1485 3782 1536 πᾶσαν

2198 1572 2297 1643 τὴν
2327 1571 2505 1626 κτίσιν
2542 1566 2612 1641 ἧς
2642 1568 2965 1641 ἐκοινώνησε
2997 1569 3086 1623 διὰ
3115 1569 3216 1639 τῆς
3243 1570 3644 1642 ἀνακραθείσης
3677 1573 3783 1628 a6-

2198 1664 2276 1734 τῷ
2301 1663 2501 1736 σαρκὸς
2520 1665 2617 1716 ὲπε
2627 1661 2888 1715 τπάσατσ.
2924 1661 3063 1714 Ἀλλ’
3086 1662 3273 1733 ἐπειδῆ
3299 1665 3326 1716 ὁ
3347 1663 3452 1735 πρὸ
3470 1662 3564 1717 τοῦ
3588 1664 3793 1736 Πάσχαέ

2202 1756 2346 1817 σῖτος
2378 1755 2408 1807 ὁ
2437 1752 2664 1823 ἀζυμος,
2703 1751 2833 1821 ὄψον
2868 1751 2963 1824 τὴν
2994 1752 3218 1822 πικρίδα
3263 1751 3396 1823 ἔχει,
3434 1753 3633 1825 ἴδωμεν
3673 1756 3791 1808 τίνι»

519 1818 805 1874 cunditate
838 1828 963 1891 post
992 1822 1452 1878 resurrectionem
1483 1818 1641 1895 'panis
1671 1825 1941 1882 elliciatur
1976 1830 2096 1882 dul-

2203 1844 2465 1916 ήδύσματι
2486 1846 2515 1897 ὁ
2540 1818 2678 1915 μετά
2702 1818 2801 1915 τῆν
2821 1818 3112 1898 ἀνάστασιν
3132 1818 3584 1916 ἄρτος-ῆδύνεται.
3617 1847 3784 1919 Ὁρᾷς

519 1910 627 1967 cis.
667 1910 863 1968 Cernis
894 1912 947 1966 in
976 1913 1231 1971 manibus
1263 1913 1479 1970 Domini
1511 1915 1676 1972 Petro
1707 1919 1955 1989 piscante
1994 1937 2092 1991 pa-

519 2020 645 2061 nem
676 2014 733 2062 et
748 2004 931 2061 favum
964 2006 1176 2064 mellis?
1213 2005 1343 2063 Inde
1363 2010 1674 2075 considera,
1713 2012 1767 2066 in
1799 2013 1930 2083 quid
1953 2028 2098 2070 ama-

519 2093 707 2150 ritudo
736 2095 860 2151 vitae
884 2104 1270 2173 committetur.
1310 2098 1490 2165 Quare
1514 2115 1615 2157 nos
1642 2103 1768 2157 item
1805 2118 1871 2157 ex
1911 2103 2095 2173 pisca-

519 2187 901 2243 tuverborum
937 2186 1035 2243 Dei
1073 2172 1186 2259 jam
1237 2189 1304 2243 ad
1337 2190 1534 2260 panem
1599 2193 1754 2248 illum
1815 2196 2093 2251 cmlestem

520 2289 902 2346 securi-amns,
942 2294 1103 2349 quem
1172 2282 1286 2349 spei
1335 2280 1495 2337 favus
1543 2281 1758 2339 dulcem
1806 2287 1984 2342 reddit
2039 2290 2093 2342 in

517 2364 741 2425 Christo
774 2367 907 2426 Jesu
933 2369 1166 2427 Domino
1200 2382 1412 2438 nostro,
1451 2374 1540 2429 cui
1591 2377 1766 2447 gloria
1797 2386 1852 2431 et
1898 2387 2094 2449 poten-

518 2460 596 2518 tia
625 2475 734 2517 una
765 2476 891 2517 cum
920 2462 1080 2518 Patre
1106 2472 1163 2519 et
1194 2462 1400 2533 Spiritu
1432 2477 1648 2532 sancto,
1677 2484 1825 2525 nune
1848 2479 1903 2526 et
1942 2488 2089 2528 sem-

518 2566 639 2627 per,
674 2561 729 2610 et
753 2553 814 2610 in
844 2554 1043 2610 saecula
1076 2557 1424 2613 saeculorum.
1460 2559 1653 2615 Amen.

1143 2696 1401 2754 ORATIO
1433 2699 1497 2755 ΙΙ.

518 2835 601 2894 De
624 2839 1007 2909 resurrectione
1031 2837 1246 2893 Domini
1271 2842 1442 2894 nostri
1468 2838 1599 2895 Iesu
1631 2837 1853 2899 Christi.
1880 2850 1929 2895 et
1959 2842 2104 2909 quod

574 2907 735 2966 nullo
760 2909 913 2980 mpdo
941 2909 1107 2980 inter,
1136 2925 1191 2964 se
1243 2912 1500 2964 contrarii
1540 2910 1872 2980 evangelista:
1926 2907 2101 2966 diver-

587 2981 664 3036 sis
697 2977 865 3032 modis
893 2979 1159 3051 memoria
1187 2980 1518 3049 prodiderint
1546 2998 1608 3037 ea
1640 2977 1757 3051 qua:
1789 2981 2097 3037 acciderunt

586 3052 643 3106 in
670 3051 1047 3105 resurrectione
1076 3049 1457 3111 Enmtanuehs.
1652 3049 1661 3051 ἡ
2017 3057 2029 3070 ⁸

588 3200 913 3270 Quanquam
962 3215 1153 3256 omnes
1180 3198 1399 3268 quidem
1436 3192 1853 3270 propemodum,
1883 3204 2093 3267 dilecti,

515 3307 637 3351 eam
668 3308 791 3363 qua
818 3308 848 3346 a
880 3292 1040 3347 nobis
1070 3292 1127 3346 in
1173 3290 1453 3347 Dominica
1488 3303 1649 3348 nocte
1689 3296 1976 3351 commode
2009 3305 2094 3349 at-

516 3400 625 3456 que
651 3392 1022 3455 competenter
1075 3378 1392 3440 introducta
1413 3395 1515 3450 est,
1568 3387 1982 3456 Evangeliorum
2001 3405 2098 3460 ap-

516 3477 753 3548 probant
798 3476 1083 3531 lectionem
1128 3476 1195 3531 de
1225 3477 1629 3532 resurrectione
1676 3481 1857 3545 magni
1911 3480 2002 3536 Dei
2043 3489 2103 3536 et

520 3567 830 3623 Servatoris
855 3568 1031 3621 nostri
1051 3565 1180 3622 Jesu
1210 3567 1415 3622 Christi
1457 3589 1471 3623 :
1501 3572 1748 3625 nonnulli
1776 3580 1955 3626 tamen
1990 3572 2095 3627 uti-

522 3662 727 3716 litatem
752 3660 971 3730 quidem
1005 3676 1064 3715 se
1111 3661 1353 3716 sensisse
1414 3677 1523 3716 non
1558 3671 1778 3733 negant,
1810 3666 1903 3718 sed
1949 3667 2095 3734 quod

521 3759 717 3826 putent
771 3768 832 3809 se
875 3753 1171 3823 aliquando
1220 3755 1418 3808 tectius
1474 3762 1528 3808 et
1575 3756 1866 3813 obscurius
1904 3757 2101 3814 doctos

521 3859 668 3909 esse,
690 3842 759 3899 de
781 3844 974 3899 eadem
1005 3860 1066 3899 re
1093 3860 1201 3898 non
1240 3845 1454 3911 eadem,
1481 3847 1575 3901 sed
1604 3849 1885 3903 contraria-
1909 3858 1964 3902 et
2000 3864 2095 3902 au-

522 3936 756 3991 ditorem
782 3937 957 4006 magis
981 3934 1048 3989 ad
1070 3936 1502 3992 incredulitatem
1524 3939 1837 3993 inducentia
1869 3940 2102 3995 dicenti-

522 4026 630 4084 bus
650 4029 1025 4099 evangelistis,
1054 4031 1358 4099 perturbari
1394 4046 1453 4085 se
1471 4031 1644 4087 aiunt.
1669 4032 1769 4086 Cui
1801 4034 1944 4087 enim
1975 4048 2097 4088 cre-

523 4120 764 4176 dendum
798 4131 883 4177 est
909 4121 1221 4185 ?Matthaso,
1254 4122 1347 4190 qui
1373 4123 1585 4191 vesperi
1620 4122 1982 4178 Sahbatorum
2014 4141 2101 4179 re-

525 4210 927 4267 surrectionem
951 4209 1219 4263 accidisse
1244 4209 1473 4264 scribit?
1495 4225 1562 4264 an
1609 4211 1827 4277 Joanni,
1867 4213 1962 4284 qui
1998 4213 2102 4269 hoc

526 4302 670 4359 idem
703 4316 886 4364 mane,
918 4315 1044 4355 cum
1095 4300 1277 4354 adhuc
1300 4302 1539 4357 tenebrae
1570 4312 1780 4369 essent,
1800 4304 2102 4375 contigisse

529 4392 806 4449 memoriae
855 4393 1131 4463 prodidit?
1173 4394 1255 4447 An
1311 4393 1472 4450 Lucae
1500 4403 1554 4450 et
1578 4395 1810 4452 Marco:
1864 4413 2100 4467 quorum

532 4488 620 4541 hic
641 4494 823 4541 ortum
852 4488 1007 4552 solis,
1046 4488 1137 4543 ille
1159 4488 1488 4558 profundum
1519 4489 1822 4545 diluculum
1853 4491 2101 4546 eumdem

2214 4484 2483 4555 μάσαντι;
2517 4483 2660 4555 Πρὸς
2697 4478 2790 4536 οῦν
2817 4482 2916 4553 τὴν
2947 4479 3040 4535 τοῦ
3083 4480 3441 4551 ὑποκειμένου
3467 4479 3786 4552 προόλήμα-
3890 4556 3897 4563 Γ

531 4581 819 4645 articulum
838 4582 1125 4651 temporis,
1139 4597 1257 4650 quo
1269 4582 1359 4635 illa
1376 4583 1726 4652 contigerint,
1768 4584 2110 4639 nominavit?

531 4672 613 4727 Ad
677 4672 1004 4728 solutionem
1051 4673 1215 4742 igitur
1244 4674 1511 4743 propositi
1536 4673 1709 4738 dubii,
1763 4675 2109 4745 aliarumque

530 4760 683 4840 circa
726 4762 1115 4817 scrutationem
1154 4763 1426 4817 dictorum
1453 4763 1817 4819 exurientium
1850 4765 2109 4834 quaestio-

532 4870 688 4920 num,
714 4854 943 4911 excitari
973 4870 1096 4920 nos,
1126 4855 1544 4918 licetinﬁrmos,
1568 4872 1599 4909 a
1644 4856 1773 4921 Deo,
1806 4858 1900 4927 qui
1923 4872 2110 4913 resur-

532 4946 697 5009 rexit,
718 4956 775 5002 et
819 4945 1036 5017 planam
1065 4946 1325 5002 adhibere
1375 4948 1878 5016 interpretationem
1943 4963 2109 5018 Opor-

532 5044 634 5095 tet.
663 5037 877 5092 Etenim
904 5052 1029 5090 eum
1063 5036 1155 5105 qui
1198 5052 1384 5091 semen
1414 5036 1663 5091 lectionis
1695 5036 1914 5105 dejerit,
1962 5052 2112 5091 eam-

534 5143 645 5199 que
697 5127 753 5182 in
789 5127 1017 5182 auribus
1069 5128 1452 5183 universorum
1505 5129 1731 5197 sparsit,
1765 5144 1980 5199 acquum
2025 5135 2112 5183 est

537 5219 665 5275 inde
705 5234 926 5290 quoque
978 5227 1225 5274 ortarum
1259 5219 1623 5290 quaestionum
1675 5219 1904 5274 reddere
1956 5221 2114 5274 ratio-

540 5326 690 5366 nem.
729 5309 844 5366 Hoc
876 5312 1062 5381 itaque
1093 5310 1275 5365 facere
1307 5311 1499 5378 etiam,
1524 5320 1686 5381 atque
1713 5326 1781 5365 ex
1809 5312 1917 5366 illis
1956 5312 2111 5381 ipsis,

538 5417 663 5471 qua:
716 5417 882 5472 super
936 5403 1028 5458 his
1096 5402 1411 5458 dubitantes
1480 5401 1764 5466 dicebant,
1846 5403 2111 5457 rationem

541 5491 745 5549 inferre
772 5494 1031 5550 conabor.
1066 5494 1251 5565 Neque
1298 5496 1444 5550 enim
1493 5494 1640 5549 sacri
1695 5492 2114 5562 Evangeliorum

542 5586 866 5656 scriptores.
925 5586 1011 5641 vel
1054 5586 1260 5657 vesperi
1326 5586 1716 5653 Sabbatorum,
1776 5586 1862 5639 vel
1918 5585 2114 5654 majori

544 5686 698 5747 parte
724 5678 902 5735 noctis
930 5679 1223 5750 praeterita,
1255 5679 1341 5734 vel
1369 5678 1610 5733 diluculo
1639 5693 1853 5740 rursus,
1889 5677 1971 5731 vel
1993 5685 2117 5745 post

545 5772 744 5830 solaris
769 5771 907 5829 radii
956 5788 1251 5840 emersum,
1307 5772 1675 5830 resurrex-isse
1707 5770 1997 5826 Dominum
2028 5768 2115 5824 di-

2198 1936 2293 1990 τοῦ
2344 1938 2552 2008 Πέτρου
2601 1935 2905 2001 ἀλιεύοντος
2952 1936 3011 1990 ὲν
3061 1938 3184 2000 ταῖς
3229 1937 3386 2008 χερσὶ
3426 1937 3521 1991 τοῦ
3570 1939 3780 2010 Κυρίου

2199 2030 2363 2100 ἄρτον
2394 2028 2487 2081 καὶ
2521 2026 2712 2098 κηρίον
2749 2025 2994 2097 μὲλιτος;
3037 2027 3228 2098 νόησον
3272 2028 3341 2081 τί
3379 2046 3461 2081 σοι
3500 2030 3534 2099 ἡ
3586 2030 3789 2102 πικρίαι

2195 2121 2290 2176 τοῦ
2339 2120 2453 2191 βίου
2504 2118 2997 2183 κατασκευάζεται.
3043 2119 3253 2174 Οὐκοῦν
3305 2121 3635 2185 ἀναστάντες
3681 2122 3791 2176 καὶ

2194 2215 2357 2284 ἡμεῖς
2386 2215 2451 2266 ὲκ
2487 2211 2587 2282 τῆς
2613 2211 2723 2267 τῶν
2746 2211 2922 2280 λόγων
2950 2211 3156 2275 ἀλείας,
3190 2211 3291 2283 ἢδη
3318 2213 3399 2283 τῷ
3430 2213 3578 2285 ἄρτῳ
3611 2230 3780 2282 προσο

2194 2307 2511 2376 δράμωμεν,
2554 2304 2617 2358 ὃν
2656 2304 3078 2373 καταγλυκαίνει
3116 2304 3178 2358 τὸ
3213 2305 3405 2377 κηρίον
3440 2305 3541 2374 τῆς
3568 2305 3787 2377 ἀγαθῆς

2195 2400 2429 2462 ἐλπίδος,
2457 2401 2515 2452 ὲν
2537 2396 2759 2469 Χριστῷ
2797 2396 2970 2468 Ἰησοῦ
2991 2397 3071 2468 τῷ
3093 2397 3285 2468 Κυρίῳ
3307 2396 3487 2468 ἡμῶν,
3515 2391 3560 2466 ᾧ
3590 2399 3624 2468 ὴ
3653 2397 3789 2463 δόξα.

2198 2496 2291 2547 καὶ
2317 2493 2379 2547 τδ
2422 2493 2622 2564 κράτος
2654 2494 2750 2546 σὺν
2772 2489 2851 2562 τῷ
2875 2488 3054 2561 Πατρὶ
3078 2488 3173 2543 καὶ
3200 2488 3277 2559 τῷ
3306 2489 3446 2559 ἁγίῳ
3477 2488 3777 2559 Πνεῦματι,

2195 2587 2290 2641 νῦν
2316 2587 2409 2641 κα)⁸
2438 2586 2526 2640 ἀεὶ
2558 2587 2653 2640 καὶ
2680 2586 2760 2649 εἴς
2785 2584 2911 2647 τοὺς
2938 2583 3142 2646 αἰῶνας
3178 2580 3287 2635 τῶν
3316 2579 3545 2634 αίώνων.
3582 2580 3776 2650 Ἀμήν.

2807 2694 3029 2750 ΛΟΓΟΣ
3070 2692 3149 2747 B‘.

2194 2813 2335 2884 Περὶ
2382 2811 2509 2884 τῆςᾲ
2532 2809 2926 2884 ἀναστάσεως
2962 2807 3072 2884 τοῦ
3112 2804 3541 2884 Κυρίου-ἡμῶν
3582 2804 3783 2884 Ἰησοῦ

2265 2876 2523 2954 Χριστοῦ
2548 2923 2564 2941 ,
2612 2880 2712 2954 καὶ
2744 2880 2846 2954 Αὸτι
2882 2878 3035 2954 κατὰ
3051 2878 3249 2954 μηδὲν
3280 2876 3576 2954 ἁλτιήλοις
3607 2877 3785 2930 ἐναν-

2265 2947 2573 3017 τῖωθέκτες
2612 2953 2668 3004 οἱ
2696 2947 3115 3020 εὐαγγελισταὶ
3136 2990 3159 3020 ,Α
3193 2949 3490 3017 διαφόρως
3514 2947 3589 3020 τὰ
3627 2962 3785 3020 συμο

2274 3016 2563 3091 ϐεϐηκότα
2592 3020 2674 3091 τῇ
2694 3016 3029 3076 ἀναστάσει
3054 3018 3163 3074 τοῦ
3199 3016 3586 3089 Ἐμμανουὴλ
3619 3017 3782 3070 ἱστός-

2124 3120 2170 3179 6
2266 3111 2489 3165 ρησαν.

2266 3206 2475 3269 Πάντες
2510 3205 2644 3276 μὲν,
2679 3203 2995 3275 ἀγαπητοὶ,
3043 3201 3119 3267 ὡς
3142 3203 3341 3257 ,εἰπεῖν
3363 3240 3378 3266 ,
3426 3199 3790 3269 ἀποδέχονται

2196 3300 2293 3371 τὴν
2321 3301 2379 3352 ὲν
2425 3299 2493 3368 τῇ
2529 3299 2782 3367 Κυριακῇ
2831 3294 2999 3349 νυκτὶι
3023 3293 3153 3366 παρ’
3195 3293 3351 3364 ἡμῶν
3399 3291 3783 3364 εἰσηγηθεῖσαν

2199 3388 2471 3460 ἁρμοδίως
2507 3385 2617 3440 τῶν
2664 3385 2826 3458 ἱερῶν
2875 3382 3225 3453 Εὐαγγελίων
3263 3382 3567 3451 ἀνάγνωσιν
3592 3421 3608 3444 ,
3654 3378 3788 3450 περὶ

2197 3481 2297 3550 τῆς
2345 3477 2695 3540 ἀναστάσεως
2748 3474 2853 3530 τοῦ·
2900 3474 3153 3546 μεγάλους
3198 3472 3334 3527 Θεοῦ
3387 3472 3484 3528 καὶ
3531 3471 3784 3543 Σωτῆρος

2198 3565 2357 3637 ήμῶν
2400 3563 2575 3636 Ἰησοῦ
2608 3562 2866 3635 Χριστοῦ.
2902 3563 3061 3626 Τινὲς
3103 3561 3286 3633 μέντοι
3323 3563 3387 3616 τὺ
3435 3566 3535 3632 μὲν
3560 3560 3784 3631 ὠφελεῖέ-

2200 3660 2323 3712 σθαι
2356 3657 2676 3730 ὁμολογοῦσι
2701 3672 2715 3686 ⁸
2753 3656 3084 3727 πυκνότερον
3114 3656 3171 3710 δέ
3204 3674 3321 3717 πως
3355 3654 3659 3727 ἀκροᾶσθαι
3704 3654 3783 3707 δο-

2199 3752 2444 3814 κοῦντες,
2474 3750 2837 3821 ταράττεσθαί
2860 3766 3012 3818 φασι,
3029 3747 3136 3800 τῶν
3160 3745 3558 3815 εὐαγγελιστῶν
3601 3744 3677 3815 μὴ
3712 3742 3784 3796 τὰ

2199 3846 2338 3900 αὐτὰ
2360 3845 2629 3915 λεγόντων
2652 3847 2779 3917 περὶ
2803 3843 2896 3897 τοῦ
2920 3842 3084 3897 αὑτοῦ
3115 3843 3453 3913 πράγματος,
3485 3840 3600 3893 ἀλλ’
3631 3841 3783 3894 ἐναν-

2197 3936 2310 3997 τία,
2333 3936 2425 3989 καὶ
2452 3936 2543 3990 τὸν
2568 3935 2844 4006 ἀκροατὴν
2872 3933 3070 4004 μᾶλλον
3120 3932 3257 4003 πρὸς
3296 3931 3395 4000 τὴν
3420 3929 3674 3984 ἀπιστίαν
3702 3931 3809 3981 ὲν-’

2200 4030 2461 4098 αγόντων.
2509 4029 2628 4081 Τίνι
2667 4029 2778 4097 γάρ
2810 4025 3163 4083 πιστευτέονς
3205 4023 3465 4092 Ματθαίῳ
3517 4021 3781 4092 γράφοντι

2198 4121 2297 4191 τὴν
2319 4120 2612 4174 ἀνάστασιν
2646 4119 2742 4188 ὀψὲ
2772 4116 3097 4187 γεγενῆσθαι
3125 4114 3417 4168 Σαϐϐάτων
3436 4155 3453 4180 ,
3484 4114 3518 4186 ἢ
3562 4113 3783 4184 Ἰωάννῃ

2199 4213 2367 4266 ταύτὸ
2392 4210 2550 4265 τοῦτο
2573 4210 2974 4281 συμϐεϐηκέναι
3026 4206 3170 4277 πρωῒ
3207 4206 3287 4259 ἔτι
3331 4206 3549 4269 σκοτίας
3591 4204 3781 4274 οὔσης,

2204 4304 2546 4376 ἱστορηκότι,
2576 4303 2611 4374 ἢ
2665 4300 2848 4372 Λουκᾷ
2891 4301 2983 4354 καὶ
3012 4300 3224 4372 Μάρκῳ
3246 4316 3262 4331 ·
3296 4298 3375 4370 τῷ
3436 4298 3534 4369 μὲν
3589 4297 3786 4369 ὄρθρον

2207 4391 2375 4462 βαθὺν
2398 4391 2519 4463 ,τῷ
2545 4391 2602 4445 δὲ
2645 4390 2918 4460 ἀνατολὴν·
2943 4388 3093 4460 ἡλίου
3141 4388 3234 4440 τὸν
3261 4388 3423 4441 αὐτὸν
3455 4387 3643 4458 καιρὸν
3670 4387 3786 4440 ὀνο-

2209 4595 2300 4641 τος
2323 4576 2494 4640 λύσιν,
2523 4575 2616 4629 καὶ
2637 4573 2746 4628 τῶν
2773 4574 2948 4628 ἄλλων
2985 4574 3103 4627 τῶν.
3119 4572 3262 4627 κατὰ
3281 4571 3379 4644 τὴν
3407 4572 3653 4639 ἐξέτασιν
3675 4571 3786 4625 τῶν

2211 4667 2389 4740 ῥητῶν
2414 4667 2801 4737 ἀναφυομένων
2831 4665 3127 4736 ζητήσεων,
3158 4665 3499 4736 διεγερθῆναι
3533 4665 3613 4717 δεῖ
3637 4663 3787 4734 παρὰ

2208 4760 2303 4813 τοῦ
2347 4758 2677 4822 ἀναστάντος
2708 4756 2865 4823 Θεοῦ,
2900 4757 3100 4829 καίπερ
3132 4757 3377 4821 ἀσθενεῖς
3413 4756 3573 4817 ὄντας
3602 4756 3747 4827 ἡμᾶς
3767 4793 3782 4816 ,

2210 4850 2306 4903 καὶ
2343 4849 2443 4919 τὴν
2471 4847 2767 4920 ἑρμηνείαν
2804 4847 3154 4918 παραστῆσαι
3187 4847 3353 4918 σαφῆ.
3384 4847 3492 4900 Καὶ
3518 4845 3624 4916 γάρ
3662 4847 3691 4899 ὁ
3726 4844 3788 4897 τὸ

2214 4940 2435 5012 σπέρμα
2456 4941 2565 5010 τῆς
2583 4939 2940 5008 ἀναγνώσεως
2964 4938 3402 5011 καταϐαλόμενος
3425 4977 3441 5000 ,
3470 4940 3563 4992 καὶ
3586 4939 3789 5009 ταύτην

2213 5032 2489 5095 πλατύνας
2523 5033 2580 5085 ἐν
2613 5034 2732 5094 ταῖς
2765 5033 3020 5086 ἁπάντων
3048 5034 3239 5094 ἀκοαῖς
3264 5073 3279 5096 ,
3307 5029 3514 5092 δίκαιός
3553 5030 3668 5082 ἐστι
3696 5028 3790 5082 καὶ

2212 5123 2321 5177 τῶν
2352 5123 2564 5191 φύντων
2591 5123 2840 5177 ἐντεῦθεν
2862 5125 3230 5195 ἐρωτημάτων
3259 5120 3547 5176 ἀποδοῦναι
3586 5120 3676 5174 τὸν
3703 5116 3789 5172 λό-

2215 5233 2332 5284 γον.
2362 5215 2533 5269 Τοῦτο
2550 5215 2614 5285 δὴ
2647 5216 2742 5269 καὶ
2781 5217 3003 5287 ποιῆσαι
3038 5217 3389 5286 πειράσομαι,
3422 5213 3481 5278 ἐξ
3510 5212 3688 5266 αὐτῶν
3715 5206 3789 5268 ὧν

2216 5309 2263 5360 οἱ
2301 5307 2744 5375 ἐπαπορήσαντες
2774 5305 2980 5376 ἔφασαν
3008 5304 3105 5375 τὴν
3128 5305 3281 5356 λύσιν
3318 5304 3633 5371 ἐπαγαγεῖν.
3661 5301 3792 5356 Οὐδὲ

2214 5398 2324 5469 γὰρ
2350 5395 2503 5453 εἶπον
2536 5400 2586 5450 οἱ
2612 5397 2719 5451 τῶν
2756 5398 3104 5466 Εὐαγγελίων
3135 5396 3271 5467 ἱεροὶ
3305 5397 3641 5465 συγγραφεῖς
3660 5434 3675 5457 ,
3698 5392 3791 5462 ὀψὲ

2215 5491 2529 5556 Σαϐϐάτων,
2565 5488 2599 5560 ἦ
2631 5490 3019 5561 παρῳχηκότος
3047 5488 3140 5541 τοῦ
3175 5487 3418 5550 πλείονος
3454 5487 3554 5557 τῆς
3584 5485 3794 5549 νυκτὸς,

2216 5584 2469 5656 ἢδρθρου
2494 5582 2677 5647 πάλιν,
2707 5583 2741 5650 ἢ
2769 5582 2905 5653 μετὰ
2936 5581 3033 5652 τὴν
3064 5582 3164 5650 τῆς
3191 5579 3423 5651 ἡλιακῆς
3458 5581 3675 5641 ἀκτῖνος
3712 5577 3789 5647 βο-

2216 5675 2312 5747 λὴν
2345 5675 2639 5747 ὲγηγέρθαι
2667 5674 2758 5727 τὸν
2790 5673 2996 5742 Κύριον
3019 5691 3033 5705 ’
3062 5671 3211 5725 οὕτω
3246 5670 3355 5743 γὰρ
3379 5670 3444 5725 ἂν
3484 5668 3796 5730 ἐναντίωσις

2216 5766 2306 5839 ἦν,
2338 5769 2400 5823 τὸ
2427 5768 2487 5825 ἓν
2521 5769 2752 5839 πρᾶγμα
2792 5766 2902 5823 τῶν
2936 5766 3396 5837 συγγεγραφότων
3431 5764 3531 5834 οὐχ
3557 5763 3636 5817 ἐνὶ
3666 5760 3799 5831 μᾱλ.
