4154 6354
330 382 437 440 οτι)

1232 377 1300 432 ΙΝ
1336 379 1618 436 CHRISTI
1656 380 2295 445 RESURRECTIONEM
2332 387 2538 444 ORAT.
2577 389 2640 444 ll.

3495 389 3602 443 650

331 505 440 569 λον,
477 501 591 558 ἀλλ’
620 502 678 556 ἐν
705 501 980 572 διαφόροις
1009 500 1410 572 ἱστορησάντων
1434 502 1760 571 γεγενῆσθαι
1791 521 1914 556 και-

2031 517 2240 562 xerunt.
2279 507 2370 564 Sic
2402 509 2547 564 enim
2587 507 2955 563 contrarietas
2999 514 3168 572 esset,
3206 506 3252 561 si
3287 524 3457 562 unum
3490 507 3602 563 [αρ’

332 598 450 668 ροῖς
477 612 493 628 ·
531 594 667 650 ἀλλὰ
715 593 816 657 τὰς
867 595 1134 663 γυναῖκας
1183 593 1428 666 ἔγραψαν
1454 635 1468 658 ,
1513 595 1700 648 ἄλλοτε
1747 595 1924 659 ἄλλως

332 685 834 759 ἐπιπαραγενέσθαι
879 684 960 756 τῷ
1003 685 1188 756 τάφῳ,
1221 686 1317 738 καὶ
1365 687 1427 739 οὑ
1469 688 1611 741 κατά
1639 688 1730 740 τὸν
1764 689 1924 741 αὑτὸν

331 778 524 850 καιρόν
544 795 556 806 ·
592 777 709 841 πῶς
740 777 854 847 γὰρ
883 781 980 840 τὰς
1017 777 1289 847 διαφόρως
1321 776 1582 841 ἐλθούσας
1606 819 1621 842 ,
1659 778 1837 842 πάσας
1867 780 1923 832 δὲ

331 873 532 945 ὁμοίως
556 871 850 944 ἀκηκοέναι
878 870 1030 943 παρά
1052 870 1159 923 τῶν
1185 870 1433 938 ἀγγέλων
1461 873 1590 942 περὶ
1615 871 1708 924 τοῦ
1750 871 1923 940 Σωτῆ-

335 983 458 1038 ρος,
485 965 569 1018 ὅτι
610 960 880 1032 Ἠγέρθη,
912 963 1024 1014 οὐκ
1051 960 1222 1014 ἐστιν
1247 954 1364 1014 ὦδε
1383 999 1398 1024 ,
1430 961 1504 1031 μὴ
1532 961 1924 1032 προστεθέντος

332 1055 427 1111 τοῦ
458 1055 610 1120 πότε;
636 1055 714 1117 ὼς
761 1054 880 1106 κατ’
936 1051 1152 1121 ἐκείνην
1205 1051 1303 1121 μὲν
1349 1051 1792 1122 ὁμολογουμένως
1828 1055 1921 1107 καὶ

337 1147 638 1221 συμφώνως
669 1147 767 1218 τὴν
805 1145 955 1199 θείαν
994 1145 1165 1199 νύκτα
1194 1147 1293 1216 τῆς
1333 1145 1680 1207 ἀναστάσεως
1702 1145 1924 1215 γενομέ-

333 1251 466 1314 νης·
528 1241 755 1312 μηδενὸς
801 1239 861 1292 δὲ
911 1239 1011 1308 τὴν
1049 1237 1198 1307 ὥραν
1253 1236 1732 1307 ἐπισημηναμένου
1760 1275 1776 1296 ,
1822 1239 1921 1308 τὴν

333 1335 502 1388 πᾶσιν
539 1332 839 1400 ἄγνωστον,
875 1329 1013 1400 πλὴν
1036 1329 1130 1381 τοῦ
1163 1328 1491 1391 ἀναστάντος
1522 1327 1677 1389 Θεοῦ,
1712 1328 1922 1383 καὶτοῦ

334 1423 551 1496 Πατρὸς
580 1423 676 1477 τιιῦ
707 1422 870 1493 μόνου
901 1419 1258 1488 γινώσκοντος
1303 1420 1464 1473 οὕτω.
1491 1421 1580 1474 τὸν
1627 1420 1754 1474 Υίὸν
1782 1461 1796 1485 ,
1845 1420 1921 1485 ὡς

336 1516 500 1580 αὐτὸς
537 1514 804 1583 ἔγνωσται
828 1513 906 1583 τῷ
937 1513 1200 1585 “apt...
1229 1511 1470 1567 Kaicoﬁ.
1488 1513 1803 1583 Πνεύματος
1827 1512 1920 1566 τοῦ

337 1608 516 1663 πάντα
552 1606 881 1678 ἐρευνῶντος
905 1646 918 1668 ,
943 1607 1035 1658 καὶ
1061 1607 1128 1658 τά
1154 1605 1291 1675 βάθη
1323 1605 1418 1657 τοῦ
1452 1604 1609 1658 Θεοῦ.
1644 1605 1922 1668 Ματθαῖος

333 1699 467 1770 γάρ.
497 1697 600 1769 ἔφη
655 1697 869 1768 Μαρίαν
909 1697 1008 1766 τὴν
1046 1696 1408 1766 Μαγδαληνὴν
1463 1697 1558 1748 καὶ
1607 1695 1705 1767 τὴν
1756 1696 1922 1766 ἄλλην

333 1789 555 1862 Μαρίαν
579 1789 676 1860 ὀψὲ
723 1788 1016 1843 Σαῦὁάτων
1066 1789 1158 1843 ἐπὶ
1187 1787 1442 1859 τὴνθέαν
1478 1788 1794 1857 ἐληλυθέναι
1824 1787 1920 1841 τοῦ

2027 607 2164 659 tum,
2192 614 2300 652 non
2337 600 2391 651 in
2422 614 2530 651 uno
2559 597 2763 668 potius,
2794 598 2889 652 sed
2913 597 2966 650 in
2993 596 3228 652 diversis
3256 597 3604 668 temporibus

2026 689 2294 746 a‘ccidisse
2342 690 2650 760 scriptores
2703 690 2983 745 memoria:
3036 689 3436 760 prodidissent.
3491 689 3600 744 Sed

2025 781 2288 836 mulieres
2324 782 2702 853 scripserunt,
2731 782 2840 836 alio
2878 791 3125 852 tempore
3153 782 3292 838 alias
3319 783 3389 840 ad
3421 783 3605 853 sepul-

2025 890 2179 928 crum
2208 876 2447 938 venisse,
2481 886 2536 931 et
2575 893 2683 931 non
2712 877 2860 931 circa
2889 874 3141 930 eumdem
3171 877 3434 946 temporis
3467 877 3606 929 arti-

2024 969 2243 1033 culum,
2267 969 2562 1038 (quomodo
2595 969 2740 1023 enim
2789 984 2901 1032 eas,
2933 984 3054 1038 quae
3081 968 3316 1024 diversis
3342 968 3607 1038 tempori-

2023 1059 2126 1114 bus
2163 1063 2494 1132 venerunt?)
2545 1078 2735 1116 omnes
2769 1077 2897 1116 vero
2931 1061 3185 1115 similiter
3213 1060 3493 1116 audivisse
3535 1061 3605 1114 ab

2024 1151 2236 1220 angelis
2265 1151 2333 1205 de
2367 1150 2678 1214 Servatore,
2729 1150 2995 1214 Surrexit,
3023 1165 3125 1203 non
3159 1158 3236 1202 est
3273 1149 3356 1201 hic
3395 1147 3412 1178 ¹
3444 1167 3457 1200 :
3493 1162 3606 1202 non

2024 1243 2238 1310 adjecto
2292 1243 2532 1312 quando.
2560 1242 2728 1309 Quasi
2763 1243 2815 1297 in
2843 1241 2936 1296 illa
2994 1241 3180 1297 divina
3208 1246 3366 1295 nocte
3396 1239 3606 1307 absque

2024 1333 2427 1398 controversia,
2479 1341 2534 1388 et
2597 1335 2650 1387 in
2684 1333 2789 1388 hoc
2819 1331 3077 1387 omnibus
3134 1329 3608 1386 consentientibus

2024 1424 2358 1478 resurrectio
2414 1423 2632 1493 quidem
2683 1423 2966 1487 acciderit,
3023 1437 3184 1478 nemo
3234 1436 3366 1478 vero
3411 1420 3608 1475 horam

2023 1518 2318 1582 notaverit,
2343 1533 2465 1588 quae
2518 1516 2773 1572 omnibus
2831 1517 3014 1587 ignota
3042 1524 3183 1579 erat,
3243 1523 3609 1586 praeterquam

2024 1624 2148 1664 cum
2186 1608 2318 1673 Deo,
2381 1610 2475 1680 qui
2519 1609 2842 1670 resurrexit,
2881 1615 2996 1661 tum
3039 1605 3213 1669 Patri,
3240 1606 3332 1674 qui
3355 1604 3507 1660 solus
3534 1603 3610 1656 ita

2025 1703 2207 1758 noscit
2238 1701 2459 1766 Filium,
2511 1709 2569 1755 ut
2621 1702 2738 1770 ipse
2773 1701 3026 1770 cognitus
3064 1706 3148 1755 est
3200 1713 3230 1752 a
3258 1697 3435 1752 Filio:
3490 1705 3609 1749 tum

2027 1796 2279 1865 Spiritui,
2311 1796 2402 1865 qui
2435 1794 2619 1850 omnia
2647 1798 2947 1858 scrutatur,
2987 1792 3152 1847 etiam
3205 1789 3612 1860 profunditates

335 1882 541 1951 τάφουο
591 1881 814 1950 σεισμόν
860 1898 919 1934 τε
961 1879 1293 1949 γεγενῆσθαι
1329 1878 1503 1950 μέγαν
1529 1896 1542 1909 ·
1590 1879 1822 1948 ἄγγελον
1863 1879 1919 1932 δὲ

2031 1888 2143 1942 Dei.
2170 1887 2455 1942 Matthaeus
2482 1887 2628 1941 enim
2659 1886 2793 1939 dixit
2825 1887 2846 1916 ²
2882 1883 3109 1938 Mariam
3140 1881 3516 1952 Magdalenam
3556 1889 3612 1933 et

336 1970 772 2043 καταϐεϐηκέναι
812 1970 872 2036 ἐξ
903 1970 1170 2042 ούρανοῦ,
1209 1970 1272 2024 τὸ
1321 1971 1420 2040 μὲν
1466 1965 1604 2034 εἶδος
1631 1972 1917 2042 ἀστραπῇ,

336 2065 475 2136 χιόνι
501 2063 560 2118 δὲ
583 2065 685 2135 τὴν
711 2064 902 2135 στολὴν
927 2063 1330 2133 παραπλήσιον
1355 2063 1439 2117 ἵνα
1471 2063 1550 2133 τῷ
1584 2063 1680 2134 μὲν
1705 2063 1920 2134 φοϐερῷ

337 2156 660 2229 καταπλήξῃ
693 2158 820 2220 τοὺς
847 2155 1092 2224 φύλακας
1134 2156 1206 2224 (οἳ
1236 2156 1328 2208 καὶ
1347 2155 1446 2225 τὴν
1473 2153 1602 2208 θέαν
1630 2157 1731 2209 οὐκ
1763 2158 1918 2224 ἐνεγ-

339 2257 556 2323 κόντες,
605 2253 804 2326 μικροῦ
837 2254 932 2307 καὶ
972 2251 1252 2306 ἀπώλοντο
1304 2251 1669 2313 καταστάντες
1709 2251 1788 2321 τῷ
1811 2251 1920 2304 δέει

341 2366 502 2421 νεκρο
515 2347 556 2419 ),
610 2345 688 2418 τῷ
722 2345 940 2418 φαιδρῷ
955 2345 1012 2398 δὲ
1036 2343 1476 2415 προσκαλέσηται
1506 2342 1604 2407 τάς
1633 2345 1918 2410 γυναῖκας,

339 2441 436 2495 καὶ
463 2440 663 2512 θάρσος
693 2440 968 2510 ἐμποιήσῃ
1007 2439 1124 2500 ταῖς
1156 2437 1256 2506 τὴν
1289 2435 1799 2504 φύσιννεύπτοήτοις
1827 2437 1938 2489 καὶ·

337 2533 571 2597 δειλαῖς,
605 2533 698 2585 καὶ
739 2531 838 2600 τὴν
876 2530 1167 2584 ἀνάστασιν
1217 2527 1281 2579 δι’
1317 2527 1482 2581 αὑτοῦ
1519 2527 1615 2580 τοῦ
1646 2528 1922 2597 σχήματος

337 2623 634 2697 ἀναγγείλῃ
665 2620 998 2694 περιχαρῶς.
1038 2622 1189 2673 Ἐπεὶ
1219 2620 1312 2672 καὶ
1349 2619 1552 2672 τούτων
1611 2620 1771 2690 χάριν
1811 2619 1933 2671 ἀπ--

338 2712 585 2766 έσταλτο.
600 2711 702 2767 Τὸν
731 2711 841 2782 γὰρ
871 2709 1018 2762 λίθον
1050 2709 1402 2771 ἀποκυλίσας,
1429 2701 1591 2778 εὗρεν
1617 2708 1921 2779 ἐγηγερμέ-

339 2820 430 2856 νον
473 2801 566 2856 τὸν
603 2803 805 2873 Κύριον
828 2843 844 2869 ,
878 2801 1263 2871 κεκλεισμένον
1304 2799 1396 2853 τὸν
1421 2799 1592 2868 τάφον
1617 2840 1634 2863 ,
1679 2800 1772 2852 καὶ
1802 2802 1922 2862 ταῖς

341 2895 602 2965 σφραγῖσι
655 2891 1166 2962 κατησφαλισμένον
1197 2933 1212 2956 ,
1280 2892 1374 2943 καὶ
1424 2893 1490 2961 τῇ
1557 2893 1919 2960 στρατιωτικῇ

343 2984 560 3054 φρουρᾷ
595 2982 1012 3052 πεφυλαγμένον
1036 3022 1051 3046 ,
1094 2981 1426 3035 ἀπολιπόντα
1462 2980 1782 3052 θεοπρεπῶς
1803 3021 1816 3044 ,
1863 2981 1922 3036 ὃν

340 3077 540 3148 τρόπον
563 3077 657 3130 καὶ
687 3075 797 3130 τῶν
822 3073 1000 3146 θυρῶν
1027 3074 1427 3145 κεκλεισμένων
1460 3075 1590 3128 εἴσω
1617 3076 1709 3129 τοῦ
1741 3077 1922 3148 δωμα-

338 3170 459 3224 τίου
488 3168 780 3240 γενόμενος
822 3171 934 3231 τοῖς
988 3167 1258 3238 μαθηταῖς
1306 3167 1652 3239 ἐπεφοίτησε.
1701 3169 1792 3222 Διὸ
1829 3171 1922 3222 καὶ

342 3261 562 3329 ἔλεγεν·
600 3261 724 3314 Οὐκ
765 3259 937 3312 ἐστιν
975 3252 1126 3320 ὧδε,
1167 3259 1306 3311 ἀλλ’
1344 3258 1564 3327 ἠγέρθη
1591 3276 1605 3288 ·
1650 3260 1870 3330 μηνύων
1899 3263 1928 3314 ὁ

342 3351 573 3422 ἄγγελος
611 3351 711 3421 τῆς
736 3350 940 3414 οἰκείας
971 3349 1207 3419 ἀφίξεως
1239 3349 1928 3422 προτεθαυματουργῆσθαι

341 3441 570 3513 τὴνετοῦ
593 3441 865 3512 Σωτῆρος,
880 3440 1194 3506 ἀνάστασιν,
1221 3442 1286 3511 ἥν
1315 3439 1390 3503 ὼς
1419 3441 1551 3501 Θεὸς
1579 3442 1684 3514 ἰδίᾳ
1704 3443 1925 3511 δυνάμει

343 3535 678 3608 πληρώσας,
714 3535 815 3604 τὴν
861 3533 1174 3605 οἰκονομίαν
1222 3534 1525 3604 ἐνήργησεν
1558 3574 1573 3599 ,
1628 3535 1927 3606 ἁγγελικῆς

347 3627 666 3700 συμμαχίας
713 3628 774 3680 ού
807 3625 1040 3697 δεηθείς.
1074 3626 1138 3678 Ei
1171 3625 1280 3697 γὰρ
1313 3625 1473 3679 τοῦτο
1523 3627 1597 3699 μὴ
1635 3623 1702 3699 ἧν
1723 3667 1737 3691 ,
1773 3623 1925 3682 εἶπεν

344 3718 433 3784 ἂν,
479 3718 610 3773 Ἰδοὺ
648 3717 939 3788 ἐγείρεται,
969 3717 1143 3786 δηλῶν
1170 3717 1230 3770 τὸ
1269 3718 1584 3788 παραυτίκα
1611 3721 1921 3790 γινόμενον*

344 3809 536 3881 ἐπειδὴ
577 3810 634 3863 δὲ
664 3809 1014 3881 προεγεγόνει
1040 3808 1119 3880 τῷ
1150 3810 1548 3883 παρεληλυθότι
1577 3812 1751 3884 χρόνῳ
1793 3831 1928 3886 χρη-

347 3903 578 3975 σάμενος
598 3945 612 3968 ,
644 3902 846 3973 ἔφησεν
867 3919 880 3932 ·
919 3904 1042 3956 Οὐκ
1072 3902 1246 3956 ἐστιν
1268 3897 1404 3968 ὧδε,
1435 3903 1572 3957 ἀλλ’
1597 3905 1837 3974 ἠγέρθη.

2028 1981 2190 2035 aliam
2255 1979 2480 2033 Mariam
2523 1979 2735 2050 vesperi
2786 1975 3153 2032 Sabbatorum
3201 1971 3499 2028 venissead
3535 1987 3613 2024 νι-

2027 2073 2265 2128 dendum
2304 2073 2618 2142 sepulcrum
2654 2089 2666 2123 :
2719 2077 2880 2125 terrm
2910 2075 3114 2122 motum
3171 2071 3352 2121 autem
3406 2063 3612 2117 factum

2026 2180 2152 2220 esse
2179 2179 2434 2234 magnum
2468 2180 2480 2216 :
2510 2170 2674 2232 atque
2707 2162 2959 2231 angelum
2977 2159 3045 2214 de
3072 2157 3213 2213 cmlo
3240 2152 3612 2216 descendisse,

2026 2257 2188 2327 cujus
2223 2263 2482 2327 aspectus
2513 2255 2732 2325 quidem
2758 2252 2985 2323 fulguri,
3010 2250 3150 2306 stola
3175 2263 3303 2304 vero
3326 2246 3439 2301 nivi
3466 2247 3614 2300 haud

2027 2345 2314 2401 dissimilis
2349 2345 2535 2411 fuerit,
2593 2352 2654 2397 ut
2708 2343 2830 2413 ipso
2887 2340 3120 2396 terribili
3158 2339 3380 2411 quidem
3425 2336 3613 2391 habitu

2027 2436 2478 2508 perterrefaceret
2531 2435 2810 2500 custodes,
2851 2434 2943 2504 qui
2999 2434 3165 2490 etiam
3230 2446 3338 2486 non
3376 2428 3615 2484 ferentes

2029 2528 2316 2594 visionem,
2344 2543 2535 2596 parum
2559 2527 2734 2581 abl'uit
2767 2528 2898 2597 quin
2955 2527 3216 2597 perirent,
3249 2523 3449 2578 mortui
3487 2521 3616 2576 facti

2029 2628 2173 2673 metu
2208 2637 2220 2671 :
2250 2618 2489 2674 candore
2530 2635 2658 2674 vero
2690 2621 2948 2674 invitaret
2977 2619 3330 2680 mulieres,et
3355 2615 3612 2670 ﬁduciam

2027 2709 2279 2780 injiceret
2321 2717 2519 2765 natura
2565 2711 2774 2767 timidis
2823 2725 2890 2766 ac
2933 2709 3331 2772 formidolosis,
3363 2721 3619 2763 resurre-

2029 2803 2374 2871 ctionemque
2408 2817 2504 2870 per
2536 2802 2716 2872 ipsum
2753 2801 3001 2857 habitum
3028 2815 3154 2856 cum
3180 2798 3387 2871 ingenti
3434 2799 3618 2853 laetitia

2029 2892 2399 2946 aununtiaret.
2441 2889 2541 2946 llis
2573 2891 2718 2945 enim
2745 2889 2814 2945 de
2846 2890 3030 2945 causis
3059 2892 3266 2946 missus
3306 2895 3446 2942 erat.
3476 2886 3616 2942 Cum

2028 2985 2175 3040 enim
2201 2983 2436 3055 lapidem
2489 2984 2844 3049 revolvisset,
2870 2984 3072 3053 reperit
3093 2982 3464 3037 resurrexisse
3501 2976 3610 3033 Do-

2029 3073 2262 3140 niinum,
2315 3075 2574 3145 sepulcro
2603 3075 2749 3145 quod
2781 3075 2977 3146 sigillis
3005 3073 3281 3129 mttnitum
3315 3072 3515 3134 fuerat,
3553 3085 3618 3122 ac

2032 3167 2286 3238 praesidio
2315 3168 2550 3222 militum
2593 3167 3027 3232 custodiebatur,
3069 3167 3214 3222 sicut
3243 3164 3410 3219 Deum
3457 3169 3618 3217 dece-

2035 3263 2151 3324 bat,
2184 3262 2373 3315 clauso
2403 3261 2618 3323 relicto,
2669 3259 3126 3330 quemadmodum
3173 3254 3378 3311 clausis
3401 3269 3619 3324 quoque

2028 3353 2218 3423 januis
2249 3362 2544 3422 penetrans
2597 3352 2654 3406 in
2705 3352 3044 3406 domicilium
3080 3349 3149 3404 ad
3178 3349 3482 3419 discipulos
3525 3362 3618 3401 ae-

2031 3446 2218 3500 cessit.
2256 3443 2437 3510 Quare
2487 3443 2652 3498 etiam
2707 3443 2922 3498 dicebat
2953 3462 2967 3498 :
3004 3441 3129 3495 Non
3145 3451 3224 3496 est
3252 3441 3358 3502 hic.
3384 3439 3478 3496 sed
3504 3456 3620 3492 sur-

2032 3538 2170 3591 rexit
2217 3552 2236 3591 :
2271 3535 2592 3606 signiﬁcans
2640 3535 2866 3607 angelus
2933 3541 3060 3591 ante
3116 3549 3276 3589 suum
3323 3533 3619 3587 adventum

2029 3633 2426 3689 admirabiliter
2462 3632 2733 3688 accidisse
2781 3629 3238 3686 resurrectionem
3286 3623 3617 3690 Servatoris,

2033 3741 2195 3796 quam
2225 3735 2282 3779 ut
2307 3724 2448 3781 Deus
2481 3725 2701 3794 propria
2730 3723 2933 3777 virtute
2959 3733 3265 3790 exsequens
3292 3717 3349 3770 in
3384 3715 3472 3780 iis,
3498 3733 3621 3784 qum

2033 3818 2303 3889 diSposita
2357 3832 2422 3871 ac
2479 3816 2752 3872 destinata
2795 3821 2988 3876 erant,
3036 3809 3360 3882 peragendis
3407 3810 3618 3863 nullum

2037 3910 2367 3980 angelorum
2394 3908 2660 3962 auxilium
2687 3905 3040 3962 desideravit.
3077 3901 3195 3958 Nisi
3237 3901 3384 3957 enim
3416 3900 3520 3954 hoc
3544 3899 3620 3954 ita

345 4001 516 4060 esset,
544 3993 776 4048 dixisset
811 4011 825 4047 :
860 3990 1002 4046 Ecce
1048 3993 1304 4063 resurgit,
1333 3993 1651 4062 signiﬁcans
1677 3996 1752 4061 id,
1781 3998 1929 4066 quod
1970 4000 2156 4054 statim
2193 4001 2401 4065 ﬁcret;.
2439 4000 2533 4055 sed
2565 4000 2824 4069 quoniam
2872 4007 2998 4052 ante
3058 3995 3258 4051 factum
3301 4003 3439 4059 erat,
3483 4009 3621 4065 pra»

346 4088 508 4143 terito
549 4094 794 4155 tempore
833 4093 991 4140 utens
1027 4085 1164 4139 dixit
1195 4105 1207 4139 :
1241 4085 1365 4140 Non
1395 4096 1472 4139 est
1507 4087 1614 4153 hic,
1641 4090 1735 4143 sed
1785 4095 2036 4146 surrexit.

415 4180 594 4234 Κάκεῖ
616 4180 673 4232 δέ
697 4181 762 4233 ἐκ
788 4179 977 4232 τούτου
999 4179 1271 4233 δείκνυται
1301 4180 1506 4250 σαφῶς,
1524 4181 1602 4244 ὼς
1630 4185 1678 4235 οἰ
1710 4185 1934 4237 ἀπόστο·

347 4269 429 4323 λοι
455 4267 812 4341 κηρύττοντες
854 4268 916 4321 τὸ
943 4269 1272 4338 Εύαγγέλιον
1298 4309 1312 4334 ,
1364 4269 1548 4338 ἔλεγον
1575 4273 1668 4325 τὸν
1701 4274 1934 4344 Χριστὸν

349 4361 646 4433 ἐγηγέρθαι
683 4362 788 4414 ὑπὸ
813 4362 906 4414 τοῦ
962 4363 1209 4435 Πατρὸς,
1256 4363 1346 4417 διὰ
1396 4365 1456 4418 τὸ
1484 4363 1595 4418 τῶν
1628 4366 1934 4422 ἀκουόντων

349 4455 608 4520 ἀσθενὲς,
641 4455 1166 4527 εύπαράδεκτοντὺν
1198 4457 1354 4526 λόγον
1383 4457 1556 4530 ταύτῃ
1594 4461 1934 4514 κατασκευά⁹

350 4547 553 4613 ζοντες.
588 4547 645 4601 '0
677 4547 735 4600 δὲ
763 4548 991 4616 ἄγγελος
1026 4549 1124 4620 τὴν
1166 4550 1654 4622 εύαγγελιζομένην
1681 4552 1778 4623 τὴν
1809 4555 1935 4606 ἀνά-

352 4659 542 4696 στασιν
577 4641 747 4714 ῥήξας
776 4643 979 4712 φωνήν,
1011 4644 1222 4714 γυμνὴν
1262 4647 1535 4714 ἐκφαίνων
1575 4648 1674 4718 τὴν
1704 4648 1928 4718 θεοπρε-

349 4731 624 4803 πεστάτην
647 4731 894 4798 ἐξουσίαν
922 4733 1016 4785 τοῦ
1053 4735 1380 4799 ἀναστάντος
1405 4737 1532 4790 ἐϐόα
1559 4755 1570 4765 ’
1609 4741 1730 4791 Οὐκ
1760 4739 1930 4792 ἐστιν

347 4820 488 4886 ὧδε,
521 4823 658 4877 ἀλλ’
689 4821 932 4891 ἠγέρθη.
971 4823 1079 4875 Καὶ
1106 4823 1180 4876 τὸ,
1210 4824 1508 4895 ἐγηγέρθαι
1540 4825 1598 4878 δὲ
1637 4827 1799 4880 αὑτὸν
1827 4829 1930 4880 ὑπὸ

351 4913 446 4970 τοῦ
473 4915 687 4986 Πατρὺς
722 4913 997 4982 λέγεσθαι,
1025 4913 1134 4966 τῶν
1169 4915 1266 4984 μὲν
1295 4916 1620 4980 ἀκουόντων,
1663 4917 1738 4980 ὡς
1771 4918 1926 4989 ἔφην,

349 5008 624 5078 οἰκονομεῖ
670 5005 732 5059 τὸ
770 5005 991 5069 ἀσθενές
1015 5023 1026 5034 ·
1055 5005 1147 5058 τὸν
1178 5006 1233 5059 δὲ
1272 5007 1436 5060 αὑτὸν
1478 5007 1589 5078 ἔχει
1628 5010 1754 5062 νοῦν
1777 5050 1792 5071 ,
1837 5011 1944 5063 καὶ.

309 5120 316 5145 ι
349 5100 450 5170 οὐχ
484 5098 688 5170 ἕτερον.
731 5099 818 5151 Ἐν
865 5098 969 5152 τίνι
1004 5098 1113 5169 γὰρ
1163 5100 1191 5152 ό
1227 5099 1415 5170 Πατὴρ
1445 5101 1692 5171 ὲνεργεῖ;
1736 5103 1824 5155 Ἐν
1862 5105 1927 5173 τῇ

352 5190 527 5262 οἰκεία
555 5189 781 5261 δυνάμει
813 5189 1074 5260 δηλονότι.
1108 5190 1204 5254 Τίς
1235 5189 1292 5242 δέ
1336 5192 1535 5262 ἐστινὴ
1569 5192 1797 5262 δύναμις
1837 5194 1942 5246 τοῦ

353 5282 594 5352 Πατρός;
627 5283 814 5346 Οὐδεὶς
865 5281 1057 5349 ἄλλος,
1111 5282 1143 5354 ἢ
1177 5285 1205 5336 ὁ
1253 5285 1486 5355 Χριστός
1511 5301 1523 5314 ’
1560 5287 1792 5355 Χριστὸς
1825 5287 1933 5357 γὰρ

354 5370 490 5426 Θεοῦ
534 5371 796 5443 δύναμις,
827 5375 922 5426 καὶ
951 5373 1085 5426 Θεοῦ
1131 5375 1313 5443 σοφία.
1360 5374 1568 5428 Οὐκοῦν
1611 5377 1799 5431 ἑαυτὸν
1837 5380 1933 5431 άν-

356 5464 583 5534 έστησεν
609 5465 638 5517 ὁ
664 5465 873 5536 Σωτὴρ,
905 5467 952 5518 εί
979 5467 1072 5520 καὶ
1118 5467 1223 5520 ὑπὸ
1254 5467 1348 5520 τοῦ
1381 5469 1591 5538 Πατρὸς
1626 5471 1922 5542 ἐγηγὲρθαι

355 5556 593 5626 λέγεται.
625 5557 699 5610 Τὸ
727 5557 784 5610 δὲ
817 5558 961 5626 ’0ψὲ
978 5558 1310 5624 Σαϐϐἀτων,
1334 5561 1393 5612 οὐ
1425 5560 1522 5630 τὴν
1563 5562 1804 5632 ἑσπέραν
1832 5562 1930 5631 τὴν

358 5647 500 5706 κατά
526 5647 626 5721 τὴν
675 5647 825 5702 δύσιν
871 5650 964 5704 τοῦ
1003 5650 1157 5723 ἡλίου
1210 5651 1394 5722 δηλοῖ·
1433 5653 1550 5708 ούδέ
1587 5654 1693 5725 γὰρ
1742 5654 1933 5717 ἑνικῶς

433 5823 657 5881 'Matth.
690 5842 884 5894 xxvur,
909 5827 956 5881 6.
1040 5829 1057 5860 ³
1088 5829 1216 5885 ibid.
1253 5829 1270 5882 l
1305 5846 1425 5900 sqq.

2107 4185 2285 4255 Atque
2331 4185 2465 4240 illud
2511 4185 2674 4240 etiam
2701 4199 2765 4239 ex
2825 4183 2930 4238 hoc
2959 4189 3148 4253 aperte
3181 4181 3617 4239 demonstratur,

2037 4275 2184 4345 quod
2207 4276 2466 4344 apostoli,
2491 4290 2614 4330 cum
2639 4273 2998 4345 praedicarent
3017 4270 3618 4342 Evangelium,propter

2037 4369 2414 4422 inﬁrmitatem
2445 4367 2784 4422 audientium
2819 4366 3076 4421 dicebant
3117 4363 3396 4419 Christmn
3428 4377 3618 4417 resus-

2033 4460 2257 4512 citatutn
2295 4474 2417 4514 esse
2444 4474 2475 4512 a
2501 4456 2681 4522 Patre,
2737 4455 3130 4525 acceptabilem
3167 4463 3222 4509 et
3253 4451 3611 4508 commenda-

2039 4552 2199 4605 bilem
2229 4549 2333 4604 hoc
2351 4549 2512 4604 modo
2547 4564 2856 4606 sermonem
2884 4547 3198 4603 reddentes.
3240 4543 3347 4600 Sed
3367 4543 3616 4614 angelus,

2036 4643 2129 4709 qui
2150 4640 2360 4710 primtts
2394 4641 2814 4696 resurrectionis
2832 4640 3294 4695 annuntiatriccm
3315 4653 3502 4694 vocem
3523 4653 3618 4692 ru-

2039 4734 2135 4801 pit,
2178 4733 2377 4785 nudani
2418 4733 2710 4804 designans
2766 4749 2830 4787 ac
2885 4733 3190 4801 niajcstatis
3243 4729 3616 4802 plenissimam

2040 4827 2271 4894 ideoque
2309 4825 2543 4880 maxime
2571 4826 2988 4880 convenientem
3019 4825 3161 4893 ejus,
3197 4824 3291 4893 qui
3312 4837 3620 4878 resurrexe-

2036 4925 2141 4982 rat,
2171 4926 2511 4984 potestatem,
2545 4917 2815 4972 clamabat
2849 4936 2862 4972 :
2903 4915 3027 4970 Non
3058 4925 3136 4969 est
3162 4915 3269 4979 hic,
3302 4913 3399 4968 sed
3432 4928 3605 4968 surre-

2036 5011 2137 5063 xit.
2171 5007 2360 5078 Itaque
2413 5009 2560 5079 quod
2610 5009 2809 5063 dicitur
2837 5023 2961 5062 eum
3009 5006 3395 5062 resuscitatum
3425 5017 3548 5059 esse
3586 5017 3618 5057 a

2039 5098 2222 5165 Patre,
2253 5100 2589 5154 audientium
2623 5100 2866 5169 quidem,
2902 5107 2961 5152 ut
2993 5097 3128 5161 dixi,
3161 5095 3487 5166 disponebat
3533 5101 3619 5148 at-

2040 5210 2146 5262 que
2169 5194 2554 5249 moderabatur
2581 5193 2975 5257 inﬁrmitatem,
3007 5191 3256 5245 eumdem
3291 5203 3420 5243 vero
3449 5185 3620 5242 conti-

2042 5297 2154 5348 net,
2185 5292 2368 5339 etnon
2396 5285 2563 5336 alium
2589 5284 2944 5337 intellectum.
2973 5281 3106 5334 Nam
3137 5281 3190 5333 in
3223 5296 3332 5349 quo
3359 5287 3618 5347 operatur

2041 5374 2242 5429 Pater?
2280 5373 2336 5429 In
2391 5375 2611 5446 propria
2657 5375 2901 5443 potentia
2958 5373 3213 5427 videlicet
3276 5379 3331 5426 et
3389 5371 3613 5425 virtute.

2041 5465 2299 5532 Qmenam
2332 5476 2415 5520 est
2434 5474 2615 5520 autem
2640 5465 2816 5518 virtus
2851 5478 2913 5517 ac
2943 5462 3187 5532 potentia
3202 5459 3418 5516 Patris?
3446 5457 3616 5514 Nemo

2043 5560 2184 5612 alius
2212 5568 2574 5629 prmterquam
2629 5557 2929 5611 Christus:
2989 5555 3243 5612 Christus
3307 5554 3454 5608 enim
3522 5550 3616 5605 Dei

2046 5654 2218 5708 virtus
2246 5669 2306 5707 ac
2335 5651 2593 5722 potentia,
2629 5649 2830 5722 Deique
2861 5649 3127 5721 sapientia
3158 5657 3258 5705 cst.
3291 5646 3430 5716 Ergo
3469 5643 3617 5715 scip-
