4154 6354
498 384 598 440 ΞῖδΙ

1732 385 1791 441 S.
1822 384 2148 442 GREGORII
2187 385 2484 441 NYSSENl

3652 382 3761 449 6⁸52

495 523 617 563 sum
638 508 989 564 resuscitavit
1009 488 1284 573 Cliristus,
1325 511 1428 565 etsi
1458 524 1488 563 a
1517 508 1683 565 Patre
1704 509 1909 565 dicitur
1947 525 2070 566 esse

2176 508 2324 565 εἶπεν
2360 511 2486 580 Ὀψὲ
2521 509 2819 573 Σαϐϐἀτου,
2854 507 2991 562 ἀλλὰ
3019 506 3419 578 πληθυντικῶς,
3446 507 3592 576 Ὀψὲ
3616 510 3762 562 Σαϐ-

491 601 874 654 resuscitatus.
898 598 1171 667 Caeterum
1223 601 1321 671 ὀψὲ
1360 601 1675 665 Σαϐϐάτων,
1711 602 1762 656 id
1802 612 1904 669 est,
1953 619 2072 657 sero

491 690 584 744 vet
600 691 797 758 vesperi
821 689 1310 755 Sabbatorum,non
1345 693 1617 764 signiﬁcat
1643 708 1952 763 vesperum,
1977 694 2069 764 qui

492 786 618 850 post
649 795 907 835 occasum
943 782 1075 837 solis
1104 782 1209 836 fuit
1234 802 1247 836 :
1276 798 1455 853 neque
1499 785 1647 840 enim
1716 785 2073 856 singulariter

491 872 651 937 dixit,
681 887 807 929 sero
835 872 1082 942 Sabbati,
1100 874 1197 930 sed
1219 876 1524 945 pluraliter,
1544 893 1666 933 sero
1685 877 2068 933 Sabbatorum.

493 963 734 1020 Sabbata
763 979 894 1020 vero
920 979 1118 1021 omnen
1145 968 1502 1037 septimanam
1538 984 1735 1023 vocare
1765 968 1942 1024 solent
1967 967 2072 1023 lie-

490 1049 645 1105 brmi.
678 1050 811 1106 Nam
833 1066 903 1106 ne
937 1052 1155 1123 longius
1185 1055 1371 1121 abeas,
1395 1058 1761 1128 evangelistae,
1789 1075 1894 1111 uno
1937 1056 2070 1113 Sab-

491 1140 755 1207 baiarum,
775 1141 1033 1214 inquiunt
1062 1163 1075 1199 :
1105 1160 1230 1200 eum
1288 1146 1578 1203 dicendum
1633 1148 1851 1216 fuisset,
1884 1145 2073 1203 Primo

491 1231 583 1288 die
627 1234 965 1303 septimanae.
1012 1233 1106 1292 Sic
1153 1237 1412 1293 nimirum
1458 1242 1622 1315 etiam
1681 1241 1740 1296 in
1791 1243 2071 1298 communi

491 1327 894 1382 consuetudine
948 1327 1173 1394 utimur,
1248 1331 1548 1387 secundum
1602 1331 1965 1389 Sabbatorum
2017 1343 2073 1391 et

490 1417 714 1474 tertium
769 1417 1133 1476 Sabbatorum
1162 1424 1499 1493 appellantes
1522 1426 1824 1481 secundum
1875 1436 1927 1484 et
1958 1438 2073 1484 ter-

490 1509 626 1562 tium
659 1509 811 1565 diem
839 1512 1173 1582 septimanae.
1188 1513 1307 1569 Non
1335 1515 1474 1571 dixit
1501 1501 1687 1587 igitur,
1711 1533 1837 1574 sero
1862 1519 2074 1576 Sabba-

489 1601 551 1666 ti,
585 1611 680 1656 aut
714 1604 927 1674 vesperi
961 1602 1206 1672 Sabbati,
1236 1616 1295 1662 ut
1353 1623 1643 1685 vgsperum
1678 1609 1828 1666 illius
1852 1610 1960 1668 diei
1993 1612 2073 1671 si-

488 1691 818 1761 gniﬁcaret:
866 1693 964 1749 sed
1005 1693 1136 1749 Sero
1187 1694 1565 1764 Sabbutarum,
1617 1706 1676 1752 nt
1724 1701 1960 1765 tardius,
2015 1709 2071 1757 et

488 1785 721 1837 multum
773 1783 987 1842 distans
1038 1787 1327 1865 indicaret.
1363 1787 1574 1865 Etenim
1626 1791 1922 1861 aliquando
1969 1809 2070 1849 nos

2174 604 2383 658 ϐάτων.
2422 602 2676 656 Σάϐϐατα
2732 601 2791 655 δὲ
2851 602 2951 673 τὴν
3011 602 3193 655 πᾶσαν
3250 601 3516 671 ἑϐδομάδα
3578 600 3765 653 καλεῖν

2186 692 2456 765 Ἑϐραίοις
2484 690 2848 756 ἔθος.Ᾱύτὶκα
2882 689 3013 759 γοῦν
3046 690 3096 742 οί
3128 687 3514 758 εύαγγελισταὶ
3542 691 3609 759 τῇ
3642 685 3762 755 Μιᾷ

2173 786 2292 841 τῶν
2333 785 2672 841 Σαϐϐὡτωνο
2730 784 2864 853 φασὶ
2916 784 2992 847 δὲ,
3058 784 3137 854 Τῇ
3178 781 3372 856 πρώτῃ
3427 780 3610 852 ἡμέρᾳ
3660 780 3765 853 τῆς,

2174 876 2486 949 ἑϐδομάδος,
2518 877 2713 932 εἰπεῖν.
2754 874 2911 929 Οὕτω
2942 873 3007 945 δὴ
3035 874 3129 927 καὶ
3155 875 3215 927 ἑν
3242 875 3309 944 τῇ
3356 871 3613 943 συνηθείᾳ
3663 888 3757 924 κε-

2174 970 2278 1041 χρή
2289 967 2427 1041 μεθα
2449 1008 2464 1031 ,
2493 967 2750 1038 δευτέραν
2782 966 3096 1031 Σαϐϐάτων,
3124 965 3220 1021 καὶ
3249 964 3442 1037 τρίτην
3466 963 3767 1022 Σαϐϐάτων,

2175 1059 2674 1134 προσαγορεύοντες
2700 1057 2797 1129 τὴν
2828 1058 3086 1127 δευτέραν
3136 1058 3231 1111 καὶ
3258 1056 3450 1128 τρίτην
3487 1056 3586 1125 τῆς
3618 1054 3762 1108 ἑϐδο-

2178 1153 2346 1224 μάδος
2377 1151 2606 1224 ἡμέραν.
2640 1151 2756 1204 Οὐκ
2789 1145 2946 1203 εἶπεν
2980 1145 3107 1213 οὖν,
3149 1148 3280 1219 Ὀψὲ
3334 1146 3614 1201 Σαϐϐάτου
3643 1187 3656 1203 .
3697 1147 3755 1218 ἢ,

2187 1243 2461 1314 Ἐσπέρας
2508 1241 2831 1307 Σαϐϐάτου,
2866 1240 2953 1294 ἵνα
2998 1239 3096 1311 τὴν
3122 1239 3358 1310 ἑσπέραν
3407 1238 3507 1309 τῆς
3541 1237 3759 1308 ἡμέρας

2174 1336 2388 1405 ἐκείνης
2412 1334 2626 1406 δηλώσῃ
2647 1350 2661 1364 ο
2695 1333 2831 1398 ἀλλ’,
2866 1331 3003 1400 Ὀψὲ
3039 1331 3373 1395 Σαϐϐάτων,
3403 1331 3492 1384 ἵνα
3532 1328 3594 1384 τὸ
3626 1329 3757 1401 βρά-

2173 1427 2283 1481 διον
2321 1427 2416 1480 ua".
2465 1426 2598 1479 πολὺ
2630 1422 2910 1492 διεστηκὸς
2944 1424 3186 1496 ὲμφήνῃ.
3224 1423 3336 1477 Καὶ
3363 1423 3474 1494 γάρ
3516 1438 3619 1475 που
3663 1420 3765 1495 καὶ,

2172 1519 2345 1583 οὕτως
2370 1520 2501 1589 ἡμῖν
2520 1516 2746 1586 σύνηθες
2771 1515 2970 1584 λέγειν’
3018 1512 3147 1582 Ὀψὲ
3170 1511 3264 1566 τοῦ
3293 1510 3489 1584 καιροῦ
3512 1511 3758 1580 παραγέ-

2172 1629 2371 1681 γονας,
2425 1610 2520 1681 όψὲ
2564 1610 2663 1679 τῆς
2696 1607 2885 1681 ὦρας,
2936 1604 3034 1675 ὀψὲ
3083 1607 3184 1676 τῆς
3225 1603 3449 1676 χρείας·
3491 1602 3612 1672 οὐχὶ
3653 1601 3762 1672 τὴν¹

2173 1703 2434 1773 ἑσπέραν,
2469 1701 2565 1755 καὶ
2594 1700 2685 1752 τὸν
2723 1697 2862 1768 μετὰ
2887 1697 3040 1769 ἡλίου
3077 1694 3289 1766 δυσμὰς
3336 1695 3528 1766 χρόνον
3559 1691 3755 1764 δηλοῦ-

2174 1811 2258 1847 σιν
2282 1810 2296 1823 ·
2328 1791 2464 1847 ἀλλὰ
2500 1791 2562 1844 τὸ
2612 1789 2860 1860 βράδιον,
2909 1789 3005 1842 καὶ
3067 1787 3294 1841 κατόπιν
3340 1786 3444 1856 τῆς
3472 1785 3687 1856 χρείας,
3722 1784 3755 1854 ἢ

488 1892 709 1947 quoque
746 1877 821 1932 ita
843 1878 1027 1935 dicere
1056 1858 1331 1955 solemus...
1355 1858 1453 1951 ὀψὲ
1489 1882 1583 1936 τοῦ
1610 1858 1804 1956 καιροῦ
1821 1886 2069 1957 παραγέν-

2176 1885 2266 1940 τοῦ
2304 1883 2495 1955 καιροῦ
2548 1883 2802 1953 γενέσθαι
2852 1882 2944 1935 τὸν
2976 1880 3174 1952 τρόπον
3226 1877 3416 1932 τοῦτον
3473 1875 3755 1948 μηνύουσι.

487 1985 674 2036 γονας,
696 1969 753 2024 id
784 1977 889 2032 est,
911 1986 1030 2025 sero
1055 1972 1141 2026 vel
1168 1971 1374 2026 tardius
1395 1971 1465 2027 ad
1493 1983 1693 2043 tempus
1716 1976 1902 2030 venisti
1930 1991 1950 2030 :
1972 1977 2070 2047 ὀψὲ

487 2060 589 2130 τῆς
627 2059 797 2132 ὥρας,
828 2061 884 2116 id
920 2070 1026 2127 est,
1082 2078 1199 2117 sero
1246 2064 1332 2119 vel
1380 2065 1588 2120 tardius
1617 2067 1685 2120 ad
1713 2070 1899 2122 horam
1931 2085 1951 2122 :
1974 2069 2072 2138 ὀψὲ

486 2151 590 2223 τῆς
627 2152 837 2223 χρείας,
872 2152 927 2207 id
969 2161 1076 2216 est,
1124 2170 1240 2210 sero
1280 2170 1346 2210 ac
1379 2156 1607 2220 tardius,
1644 2138 1807 2227 quain
1848 2174 1981 2214 usus
2017 2167 2074 2213 et

488 2244 792 2299 necessitas
821 2247 1161 2315 postulasset
1193 2264 1208 2300 :
1258 2262 1372 2302 non
1403 2263 1708 2317 vesperam,
1734 2233 1909 2319 neque
1935 2260 2074 2306 tem-

490 2348 618 2404 pus,
650 2334 798 2404 quod
836 2345 965 2405 post
986 2351 1245 2391 occasum
1276 2338 1408 2394 solis
1430 2348 1535 2405 est,
1559 2340 1952 2409 signiﬁcantes,
1982 2344 2077 2398 sed

490 2424 725 2491 tardius,
751 2432 805 2482 et
838 2434 964 2496 post
989 2441 1152 2496 quam
1182 2443 1317 2483 usus
1343 2436 1397 2483 et
1425 2433 1732 2486 necessitas
1766 2433 2074 2500 postulave-

486 2518 559 2573 rit
580 2524 678 2572 aut
703 2524 826 2588 post
870 2526 1088 2589 tempus
1122 2519 1474 2575 commodum
1508 2529 1563 2575 et
1591 2532 1958 2592 opportunum
1991 2523 2074 2577 fa-

486 2620 635 2665 ctum
663 2625 786 2667 esse
810 2611 1089 2682 quippiam
1110 2612 1212 2667 hoc
1243 2610 1406 2667 modo
1431 2612 1754 2668 indicantes.
1784 2615 1960 2684 Atque
1974 2615 2073 2686 ὀψὲ

484 2702 798 2766 Σαϐϐάτων,
834 2703 891 2758 id
923 2712 1029 2766 est,
1058 2720 1175 2757 sero
1203 2705 1285 2758 vel
1316 2706 1513 2772 vesperi
1539 2703 1919 2773 Sabbatorum,
1954 2708 2070 2761 lon-

485 2796 609 2865 gius
636 2804 693 2851 et
725 2795 937 2851 tardius
956 2796 1256 2866 praeteriue
1285 2799 1607 2869 septimana:
1646 2808 1858 2869 tempus
1880 2800 2058 2870 signi-

487 2887 641 2941 ﬁcat.
669 2884 931 2957 lmpletur
984 2887 1241 2957 quaelibet
1319 2886 1625 2957 septimana
1678 2903 1875 2944 occasu
1933 2892 2073 2956 solis,

486 2979 787 3034 Sabbatum
846 2979 1176 3049 excipiente.
1207 2978 1343 3035 Nam
1405 2982 1568 3034 etiam
1626 2978 1911 3041 Mattbaeus
1941 2998 2066 3037 cum

2175 1978 2286 2030 Καὶ
2302 1976 2364 2028 τὸ
2396 1974 2542 2044 Ὀψὲ
2559 1972 2961 2039 Σαϐεάτων,τὸ
2984 1973 3176 2042 πόρρω
3186 1969 3281 2025 καὶ
3301 1969 3520 2041 βράδιον
3536 1969 3635 2039 τῆς
3658 1985 3764 2030 me

2177 2069 2504 2141 ραιωθείσης
2534 2067 2826 2137 ἑϐδομάδος
2855 2066 3021 2136 δηλοῖ.
3069 2063 3376 2135 Πληροῦται
3419 2062 3479 2116 δὲ
3523 2060 3759 2131 ἑϐδομὰς

2177 2162 2380 2231 ἑκάστη
2404 2202 2419 2225 ,
2442 2162 2562 2223 ταῖς
2598 2159 2734 2229 μετὰ
2757 2158 2818 2211 τὸ
2838 2156 3113 2210 Σάϐϐατον
3140 2155 3291 2226 ἡλίου
3319 2154 3568 2225 δυσμαῖς.
3600 2152 3762 2223 Ἀμέ-

2176 2253 2257 2306 λει
2289 2253 2384 2306 καὶ
2408 2252 2468 2304 τὸ
2511 2250 2644 2304 πολὺ
2674 2249 2955 2318 διεστηκὸς
2983 2249 3078 2302 τοῦ
3125 2245 3320 2318 καιροῦ
3353 2245 3491 2316 πρὸς
3521 2244 3582 2298 τὸ
3608 2241 3765 2309 τέλος

2178 2348 2275 2416 τῆς
2306 2343 2686 2415 πληρωθείσης
2710 2341 3002 2412 ἑϐδομάδος
3040 2342 3071 2392 ὁ
3104 2338 3378 2402 Ματθαίος
3404 2336 3579 2408 δηλῶν
3603 2376 3619 2399 ,
3664 2335 3765 2388 καὶ

2176 2436 2366 2506 ὥσπερ
2395 2433 2714 2506 ἑρμηνεύων
2747 2432 2957 2495 ἑαυτὸν,
2983 2434 3253 2503 ἐπήγαγε,
3281 2428 3363 2498 Τῇ
3393 2428 3765 2498 ὲπιςσωσκούτ

2174 2543 2258 2597 σῃ
2291 2531 2378 2593 είς
2411 2527 2559 2596 μίαν
2587 2526 2922 2581 Σαϐϐάτων.
2954 2524 3314 2596 Παρῳχήκει,
3348 2522 3514 2590 φησὶν
3537 2559 3552 2584 ,
3594 2522 3627 2589 ἠ
3663 2518 3761 2583 νὺξ

2172 2617 2422 2672 τοσοῦτον
2445 2656 2460 2681 ,
2504 2618 2580 2681 ὼς
2607 2614 2747 2670 εἶναι
2773 2617 2862 2671 τὸν
2891 2617 3081 2686 καιρὸν
3118 2615 3219 2686 τῆς
3248 2614 3358 2666 τῶν
3384 2609 3760 2683 ἀλεκτρυόνων

2178 2710 2334 2781 βοῆς,
2364 2710 2486 2780 ἥτις
2515 2708 2579 2762 τὸ
2620 2708 2737 2778 φῶς
2777 2711 2878 2779 τῆς
2922 2708 3222 2779 μελλούσης
3257 2705 3472 2777 ἡμέρας
3516 2717 3759 2772 προανα-

2175 2800 2451 2870 κρρύεται.
2482 2799 2665 2870 Ταύτῃ
2689 2817 2772 2853 τοι
2795 2839 2811 2861 ,
2842 2801 2938 2853 καὶ
2958 2785 3039 2871 τῷ
3061 2798 3241 2870 καιρῷ
3264 2797 3457 2867 τούτῳ,
3481 2794 3578 2848 καὶ
3605 2792 3667 2847 οὐ
3693 2793 3764 2863 τῇ

2178 2893 2316 2963 μετὰ
2345 2894 2406 2946 τὸ
2437 2892 2714 2946 Σάϐϐατον
2737 2892 2947 2963 ἑσπέρᾳ
2968 2890 3329 2954 καταλύοντες
3355 2888 3456 2953 τὰς
3483 2884 3761 2958 νηστείας,

2175 2987 2270 3056 τῆς
2296 2984 2634 3057 εὐφροσύνης
2665 2983 2967 3058 ἀρχόμεθα,
3007 2983 3110 3055 τῆς
3139 2981 3283 3037 κατὰ
3314 2981 3528 3035 πάντων
3557 2992 3763 3050 κρατηή

485 3071 747 3142 temporis
795 3073 1109 3137 articulum,
1145 3075 1240 3141 qui
1313 3073 1543 3125 multum
1594 3072 1835 3128 distabat
1891 3091 1920 3129 a
1970 3075 2071 3131 line

2181 3079 2353 3146 σάσης
2380 3076 2670 3148 συνηθείας
2694 3073 3099 3147 συνηγορούσης
3133 3074 3213 3147 τῷ
3238 3073 3548 3145 πράγματι.

484 3161 713 3231 expleta
764 3161 1105 3231 septimanae,
1135 3163 1491 3233 signiﬁcaret,
1524 3170 1581 3216 ct
1605 3164 1766 3232 quasi
1805 3165 2043 3234 seipsnm
2082 3167 2561 3237 interpretaretur,
2594 3166 2819 3236 adjecit,
2855 3166 2988 3232 Qum
3045 3166 3309 3233 illucescit
3335 3165 3393 3219 in
3427 3178 3591 3217 unam
3626 3159 3764 3227 Sub.

484 3254 751 3308 batorum.
833 3251 1202 3317 Praeterierat,
1282 3254 1495 3322 inquit,
1558 3253 1611 3306 in
1664 3260 1877 3308 tantum
1942 3270 2051 3308 nos
2086 3264 2144 3308 ut
2180 3266 2325 3323 esset
2376 3266 2595 3327 tempus
2623 3257 2893 3327 gallorum
2941 3266 3159 3321 cantus,
3196 3255 3291 3327 qui
3339 3262 3536 3311 cantus
3580 3254 3760 3308 lucem

484 3346 656 3403 futuri
687 3345 798 3403 diei
855 3346 1134 3416 praecedit.
1185 3344 1340 3401 Tunc
1385 3345 1644 3399 nimirum
1675 3355 1839 3416 atque
1878 3345 1934 3399 in
1962 3346 2068 3401 hoc
2104 3349 2340 3404 articulo
2379 3350 2670 3426 temporis,
2736 3364 2847 3404 non
2901 3356 3084 3417 autem
3116 3363 3345 3419 vespera
3367 3362 3488 3418 qua:
3553 3343 3757 3419 Sabbu-

484 3456 599 3499 tum
654 3441 988 3512 insequitur,
1049 3440 1303 3498 ﬁnientes
1336 3441 1566 3510 jejunia,
1632 3441 1930 3511 incipimus
1998 3457 2102 3498 nos
2173 3444 2451 3500 oblectare
2506 3453 2674 3516 atque
2750 3445 2944 3509 laetari,
2984 3443 3406 3522 consuetudine,
3454 3457 3576 3514 qua:
3620 3439 3761 3509 apud

483 3553 675 3594 omnes
702 3536 963 3601 obtinuit,
993 3536 1135 3591 hanc
1158 3551 1272 3591 rem
1307 3538 1727 3605 comprobante.

512 3667 519 3673 .
552 3628 689 3682 Cum
736 3627 908 3698 igitur
940 3627 1028 3682 bic
1057 3627 1323 3697 temporis
1365 3638 1510 3682 esset
1548 3627 1843 3694 articulus,
1898 3628 2078 3697 Maria

486 3721 809 3792 Magdalena
857 3729 1025 3790 atque
1070 3721 1241 3775 altera
1287 3719 1538 3790 ejusdem
1574 3722 1814 3779 nominis
1866 3723 1936 3778 ad
1984 3738 2073 3779 se-

487 3813 740 3882 pulcrum
781 3817 1073 3873 venerunt,
1120 3818 1176 3865 et
1226 3810 1505 3881 angelum,
1542 3813 1637 3882 qui
1673 3811 1742 3868 de
1788 3813 1933 3868 caelo
1970 3814 2069 3869 de-

491 3903 805 3970 scenderat,
854 3901 1317 3973 quemadmodum
1355 3902 1566 3958 dictum
1610 3912 1718 3972 est,
1763 3904 2068 3962 viderunt:

488 3997 609 4068 qui,
656 3996 904 4051 revoluto
930 3994 1128 4065 lapide,
1156 4009 1325 4065 super
1369 4010 1496 4051 eum
1549 3996 1776 4052 sedebat
1823 4014 1899 4053 :a
1960 4014 2071 4069 quo

488 4087 656 4144 etiam
703 4087 951 4142 invitatze
995 4086 1252 4142 viderunt
1301 4088 1507 4153 locum,
1556 4090 1649 4143 ubi
1686 4090 1904 4159 positus
1951 4099 2072 4145 erat

489 4178 759 4235 Dominus
790 4195 804 4232 :
836 4185 892 4234 et
921 4193 1160 4247 .currere
1186 4178 1379 4248 iussae,
1431 4195 1664 4250 qumque
1714 4191 2066 4250 acceperant,

491 4272 752 4326 mandata
792 4270 1082 4343 discipulis
1111 4272 1296 4337 edere,
1325 4287 1562 4345 egressa:
1608 4273 1860 4331 celeriter
1888 4288 1921 4329 e
1954 4290 2071 4328 mo-

491 4370 760 4419 numento
821 4364 1117 4420 currebant
1151 4381 1164 4417 :
1196 4364 1383 4434 itaque
1445 4364 1799 4421 currentibus
1850 4365 2066 4430 obviam

2246 3626 2355 3683 Τοῦ
2406 3627 2601 3699 καιροῦ
2638 3626 2820 3699 τοίνυν
2868 3625 3021 3690 ὄντος
3061 3623 3251 3679 τούτου
3274 3664 3291 3688 ,
3344 3625 3378 3695 η
3429 3624 3762 3696 Μαγδαληνὴ

2176 3719 2363 3790 Μαρία
2406 3720 2501 3772 καὶ
2542 3719 2576 3789 ή
2630 3716 2924 3788 ὁμώνυμος
2965 3717 3058 3770 ἐπὶ
3087 3717 3260 3785 τάφον
3299 3711 3502 3787 ἦλθον,
3544 3717 3638 3771 καὶ
3670 3717 3773 3785 τὸν,

2176 3812 2408 3880 ἄγγελον
2435 3810 2528 3864 τὸν
2560 3810 2619 3877 εξ
2672 3809 2904 3882 ούρανοῦ
2932 3807 3348 3886 καταϐεϐηκότα
3371 3807 3463 3861 τὸν
3506 3824 3748 3879 προειρηι

2177 3901 2339 3975 μένον
2380 3902 2676 3957 ἐθεάσαντο
2724 3900 2963 3971 τρόπον,
3017 3899 3424 3953 ἀποκυλίσαντα
3458 3898 3550 3951 τὸν
3615 3898 3761 3953 λίθον

2176 3996 2271 4049 καὶ
2302 3995 2390 4048 ἐπ’
2424 3994 2585 4047 αὐτὸν
2618 3991 2997 4063 καθεζόμενον,
3024 3992 3116 4061 ὑφ’
3138 3985 3199 4045 οὗ
3225 3990 3320 4044 καὶ
3346 3989 3761 4062 προκληθεῖσαι,

2175 4089 2268 4141 τὸν
2296 4086 2460 4141 τόπον
2493 4082 2654 4150 εἶδον,
2678 4085 2812 4149 ὅπου
2842 4082 3016 4136 ἔκειτο
3060 4085 3089 4136 ό
3118 4081 3322 4153 Κύριος
3345 4124 3360 4145 ,
3396 4083 3489 4135 καὶ
3522 4072 3771 4154 προσταέ

2174 4180 2389 4252 χθεῖσαι
2414 4181 2530 4242 τοῖς
2560 4176 2830 4249 μαθηταῖς
2865 4174 3093 4248 δραμεῖν
3115 4174 3211 4228 καὶ
3236 4174 3587 4243 ἀπαγγεῖλαι,
3621 4175 3743 4243 ἐξελ

2176 4267 2368 4322 θοῦσαι
2408 4266 2549 4338 ταχὺ
2578 4266 2674 4319 τοῦ
2706 4265 2984 4336 μνήματος
3009 4262 3244 4341 ἔδραμον
3270 4280 3284 4292 ·
3318 4263 3412 4317 καὶ
3439 4263 3504 4335 δὴ
3536 4264 3761 4335 τρεχού-

2177 4379 2296 4425 σαις
2327 4359 2787 4431 προσαπαντήσας
2825 4360 2855 4411 ό
2910 4356 3115 4428 Ἰησοῦς
3168 4355 3558 4428 προσεφώνησε
3579 4371 3595 4388 ⁸
3625 4358 3752 4412 Χαι-

490 4458 675 4513 l‘actus
705 4456 869 4515 Jesus
899 4458 1194 4528 appellavit
1219 4473 1335 4521 eas,
1369 4457 1582 4520 dicens,
1612 4460 1829 4523 Avete'.
1854 4458 2071 4526 Etenim

2176 4471 2326 4525 ρετε.
2354 4454 2463 4508 Καὶ
2511 4453 2620 4524 γὰρ
2649 4452 2753 4510 ἔδει
2782 4450 2998 4525 πρῶτον
3045 4448 3107 4503 τὸ
3158 4449 3433 4518 γυναικῶν
3461 4450 3619 4519 γένος
3668 4451 3762 4504 καὶ

492 4551 785 4621 oportebat
811 4550 1049 4621 primum
1093 4551 1419 4617 muliebrem
1448 4567 1641 4625 sexum
1680 4558 1734 4606 et
1780 4552 1850 4607 ab
1877 4553 2073 4624 angelo

489 4642 698 4699 bonum
727 4642 1154 4699 resurrectionis
1183 4643 1439 4712 accipere
1485 4643 1760 4709 nuntium,
1800 4650 1855 4699 et
1887 4642 2075 4698 Domi-

493 4748 625 4788 num
687 4732 910 4798 videre,
969 4740 1024 4790 et
1068 4720 1430 4805 primam'ab
1482 4750 1549 4791 eo
1600 4752 1792 4792 vocem
1847 4737 2072 4804 audire,

490 4826 670 4880 Avele.
718 4824 992 4892 Quoniam
1044 4826 1239 4882 mulier
1293 4841 1510 4901 quoque
1568 4829 1746 4898 prima
1792 4830 2076 4893 audiverat

494 4917 747 4974 fraudem
793 4919 1089 4988 serpentis,
1142 4926 1198 4983 et
1236 4927 1431 4975 contra
1481 4931 1812 4990 praeceptum
1864 4922 2074 4977 viderat

494 5010 631 5082 ligni
664 5010 942 5064 interdicti
981 5009 1243 5077 fructum,
1277 5018 1334 5066 ct
1362 5025 1524 5082 ptena
1554 5012 1791 5071 tristitiae
1823 5027 1888 5066 ae
1913 5012 2075 5067 dolo«

495 5101 572 5155 ris
601 5099 966 5156 condemnata
1010 5099 1207 5157 fuerat.
1239 5099 1584 5173 Quapropter
1626 5104 1789 5157 etiam
1839 5104 2073 5158 adorare

496 5191 756 5245 Servatur
783 5201 838 5247 et
866 5193 1032 5263 pedes
1062 5193 1477 5264 apprchendere
1499 5202 1555 5248 et
1581 5204 1927 5251 contrectare
1949 5211 2074 5266 per-

498 5285 769 5348 mittebat,
803 5292 864 5339 ut
892 5285 962 5339 iis
991 5301 1113 5356 quae
1140 5287 1332 5359 primae
1361 5287 1710 5345 desciverant
1741 5298 1796 5344 et
1820 5289 2073 5343 alienata:

498 5384 657 5429 erant
682 5377 751 5431 ab
780 5391 866 5444 eo,
925 5386 982 5432 et
1015 5377 1307 5448 discipulis
1339 5379 1597 5451 gaudium
1623 5379 1955 5434 annuntiarc
1977 5379 2071 5450 ju-

496 5463 695 5528 bebat,
757 5480 885 5521 cum
940 5470 1254 5537 mulierem,
1334 5486 1458 5541 quae
1520 5471 1756 5526 tristitiae
1823 5471 2074 5527 ministra

499 5555 711 5611 Adamo
745 5558 944 5626 fuerat,
984 5560 1172 5632 gaudii
1221 5563 1468 5618 nuntiam
1518 5564 1653 5619 viris
1709 5578 1834 5620 esse
1882 5563 2066 5628 vellet,

501 5649 792 5706 contrariis
818 5657 1094 5713 contraria
1140 5670 1367 5713 curans.
1408 5656 1666 5727 Euntibus
1703 5665 1884 5716 autem
1932 5657 2065 5729 illis,

573 5825 597 5862 ³
628 5826 820 5887 Matth.
857 5846 1051 5901 smn,
1079 5834 1112 5890 9
1143 5848 1264 5919 sqq.

2173 4551 2273 4621 τὴν
2314 4538 2610 4602 ἀνάστασιν
2662 4542 3112 4614 εὐαγγελισθῆναι
3168 4542 3318 4612 παρὰ
3350 4541 3443 4595 τοῦ
3497 4541 3755 4612 ἀγγέλου,

2175 4620 2387 4694 καὶτὸν
2413 4634 2615 4707 Κύριον
2652 4633 2800 4698 ἰδεῖν,
2831 4633 2924 4686 καὶ
2956 4629 3180 4704 πρώτην
3212 4631 3342 4701 παρ’
3375 4630 3539 4684 αὐτοῦ
3574 4628 3758 4697 φωνὴν

2175 4729 2441 4791 ἀκοῦσαι,
2484 4728 2564 4791 τὸ,
2598 4726 2859 4794 Χαίρετε.
2911 4722 3066 4777 Ἐπεὶ
3118 4723 3212 4778 καὶ
3259 4723 3395 4792 γυνὴ
3422 4720 3612 4794 πρώτη
3657 4722 3757 4792 τῆς

2177 4804 2392 4899 ἀπάτης
2420 4820 2513 4875 τοῦ
2545 4819 2723 4889 ὄφεως
2750 4818 2973 4888 ἢκουσε,
3019 4817 3114 4869 καὶ
3153 4809 3259 4867 εἶδε
3293 4814 3624 4885 παρανόμως
3665 4813 3756 4866 τὸν

2177 4916 2272 4971 τοῦ
2299 4912 2747 4985 ἁπηγορευμένου
2776 4908 2933 4973 ξύλου
2958 4906 3191 4979 καρπὸν,
3232 4906 3325 4960 καὶ
3352 4904 3498 4977 λύπῃ
3539 4902 3755 4958 κατεδι-

2183 5009 2413 5074 κάζετο·
2450 5006 2530 5059 διὸ
2568 5005 2661 5058 καὶ
2708 5003 3033 5073 προσκυνεῖν
3079 5001 3108 5052 ὁ
3150 4998 3341 5070 Σωτὴρ
3386 5000 3482 5051 καὶ
3532 4997 3755 5066 κρατεῖν

2182 5078 2308 5165 τοὺς
2358 5099 2523 5161 πόδας
2572 5094 2905 5167 συνεχώρει,
2956 5092 3033 5155 ὡς
3081 5090 3324 5161 πρώταις
3355 5086 3757 5150 ἁποπεσούσαις

2182 5194 2274 5249 καὶ
2321 5186 2795 5260 ἀλλοτριωθείσαις
2829 5183 2997 5253 αὐτοῦ
3016 5224 3032 5248 ,
3068 5182 3162 5235 καὶ
3200 5182 3312 5244 τοῖς
3346 5180 3614 5250 μαθηταῖς
3656 5178 3757 5248 τὴν

2181 5283 2357 5358 χαρὰν
2386 5278 2722 5351 διαγγέλλειν
2750 5277 3001 5331 ἐκέλευσε
3019 5314 3035 5339 ,
3075 5274 3248 5345 χαρᾶς
3278 5270 3506 5340 ἄγγελον
3532 5269 3757 5342 ἀνδράσι

2181 5378 2416 5447 γυναῖκα
2446 5372 2701 5444 γενέσθαι
2733 5368 3079 5442 βουλόμενος,
3111 5365 3210 5435 τῆς
3258 5363 3434 5435 λύπης
3466 5362 3545 5433 τῷ
3583 5362 3756 5433 Ἀδὰμ

2179 5468 2476 5541 γενομένην
2515 5465 2762 5520 διάκονον
2791 5500 2806 5525 ,
2856 5459 2924 5512 τὰ
2975 5456 3190 5511 ἐναντία
3233 5455 3321 5509 διὰ
3356 5455 3464 5508 τῶν
3499 5455 3757 5509 ἐναντίων

2183 5561 2430 5633 ίώμενος.
2454 5552 2875 5624 Πορευομένων
2892 5548 2962 5603 δὲ
2976 5547 3193 5614 αὐτῶν,
3216 5548 3403 5618 φησὶν,
3424 5546 3753 5616 ἀπαγγεῖλαι

2177 5656 2290 5719 τοῖς
2317 5652 2611 5725 μαθηταῖς,
2646 5646 2772 5730 ἰδού
2811 5655 2968 5709 τινες
2997 5640 3107 5711 τῆς
3137 5638 3510 5706 κουστωδίας
3538 5638 3751 5695 ἐλθόν·
