4154 6354
507 328 615 390 653

1434 343 1498 396 IN
1539 343 1817 400 CHRISTI
1850 346 2493 407 RESURRECTIONEM
2521 349 2727 406 ORAT.
2762 351 2823 406 ll.

3683 345 3780 408 634

508 463 610 539 τες
636 447 724 514 εὶς
753 447 868 517 τὴν
903 452 1116 516 πόλιν,
1149 455 1524 526 ἀπήγγειλαν
1556 461 1682 528 τοῖς
1710 463 2099 534 ἀρχιερεῦσιν

2206 469 2406 539 inquit,
2459 478 2518 524 ut
2551 468 2808 523 mandata
2853 465 3124 522 referrent
3153 464 3469 536 discipulis,
3504 480 3621 521 ecce
3662 467 3782 535 qui-

507 537 747 594 ἅπαντα
774 541 846 594 τὰ
880 547 1191 615 γενόμενα.
1231 549 1344 603 Καὶ
1370 555 1781 624 συναχθέντες
1803 558 1955 626 μετὰ
1979 557 2100 612 τῶν

507 633 956 701 πρεσϐυτέριον,
995 641 1370 707 συμϐούλιόν
1407 661 1472 698 τε
1496 648 1820 715 λαϐόντες,
1850 651 2100 722 ἀργύρια

510 723 687 778 ἱκανὰ
707 723 943 780 ἔδωκαν
973 730 1097 796 τοῖς
1121 734 1508 803 στρατιώταις
1535 739 1818 810 λέγοντες
1837 760 1851 773 ’
1875 744 2100 798 Εἴπατε

510 813 600 866 ὅτι
637 817 694 868 oi
727 820 983 886 μαθηταὶ
1013 824 1204 878 αὐτοῦ
1250 827 1471 895 νυκτὸς
1518 831 1800 900 ἐλθόντες
1827 835 2101 904 ἔκλεψαν

507 907 694 963 αὐτὸν
735 912 907 981 ἡμῶν
934 916 1330 986 κοιμωμένων,
1358 923 1458 975 καὶ
1481 923 1591 978 ἐὰν
1615 925 1893 996 ἀκουσθῇ
1922 929 2099 982 τοῦτο

505 1001 604 1055 ἐπὶ
637 1003 746 1058 τοῦ
784 1005 1080 1076 ἡγεμόνος
1107 1049 1122 1072 ,
1169 1014 1342 1082 ἡμεῖς
1392 1018 1684 1088 πείσομεν
1725 1020 1950 1080 αὐτὸν..
2000 1021 2100 1074 καί

508 1091 665 1162 ὑμᾶς
709 1096 1074 1168 ἀμερίμνους
1119 1104 1456 1175 ποιήσομεν
1496 1127 1509 1139 -
1575 1113 1630 1164 oi
1694 1109 1762 1163 δὲ
1809 1113 2101 1181 λαϐόντες

508 1186 580 1238 τὰ
601 1185 875 1256 ἀργύρια.
910 1191 1211 1262 ἐποίησαν
1249 1199 1330 1264 ὠς
1371 1199 1816 1270 ἐδιδάχθησαν,
1872 1205 1972 1258 καὶ
2014 1205 2103 1259 δι-

513 1281 821 1378 εςξημίσθη
861 1287 896 1337 ὁ
944 1287 1126 1357 λόγος
1155 1287 1336 1359 οὗτος
1392 1293 1552 1362 παρὰ
1591 1297 1900 1366 Ἰουδαίοις
1923 1301 2101 1370 μέχρι

514 1371 621 1436 τῆς
655 1371 943 1444 σήμερον.

595 1549 661 1603 Ἦ
693 1551 790 1622 μὲν
823 1549 917 1607 οὖν
938 1555 1072 1628 ἄλλη
1103 1559 1291 1630 Μαρία
1315 1562 1540 1634 (ταύτην
1580 1565 1635 1618 δὲ
1672 1561 1811 1619 εἶναι
1843 1566 1942 1638 τὴν
1965 1567 2101 1622 Θεο-

510 1641 668 1695 τόκον
698 1647 973 1701 πιστεύειν
1009 1650 1317 1718 ἀκόλουθον,
1361 1656 1442 1710 ὅτι
1497 1659 1631 1730 μηδὲ
1675 1661 1971 1733 ἀπελείφθη
2003 1663 2098 1716 τοῦ

512 1733 718 1798 πάθους
741 1778 754 1798 ,
785 1738 900 1792 ἀλλ’
929 1740 1118 1796 ἵστατο
1161 1746 1310 1816 παρά
1343 1747 1422 1819 τῷ
1449 1751 1699 1822 σταυρῷ,
1730 1751 1806 1816 ὡς
1849 1753 2100 1824 Ἰωάννης

514 1828 798 1900 ἱστόρησεν
826 1871 840 1895 ,
951 1836 1043 1888 καὶ
1074 1835 1278 1908 ἔπρεπε
1309 1839 1378 1892 τὰ
1405 1843 1506 1909 τῆς
1537 1845 1712 1913 χαρᾶς
1744 1844 2096 1914 εὐαγγελίσα-

2202 1859 2453 1910 crucem,
2509 1853 2569 1898 ut
2612 1839 2850 1896 Joannes
2902 1840 3179 1896 memoria:
3237 1837 3552 1908 prodidit‘,

515 1919 659 1986 σθαι,
685 1925 810 1997 ῥίζῃ
837 1927 936 1997 τῆς
975 1930 1151 1999 χαρᾶς
1180 1929 1338 2003 οὔσῃ,
1376 1933 1469 1985 καὶ
1496 1934 1677 1998 καλῶς
1707 1937 1987 2011 ἀκουσάσῃ
2014 1938 2094 2002 τὸ,

510 2015 689 2084 Χαῖρε
712 2059 726 2080 ,
783 2023 1221 2092 κεχαριτωμένη
1247 2065 1262 2086 ,
1297 2029 1332 2080 ό
1363 2029 1579 2096 Κύριος
1628 2032 1780 2100 μετὰ
1823 2031 2006 2101 σοῦ),
2040 2033 2100 2085 τὺ

513 2108 842 2181 πρόσταγμα
889 2111 984 2167 τοῦ
1025 2116 1234 2188 Κυρίου
1289 2118 1608 2191 πληροῦσα,
1661 2124 1776 2184 τοῖς
1831 2123 2100 2194 μαθηταῖς

513 2199 730 2265 πάντως
755 2204 1110 2276 ἀπήγγειλεν.
1152 2211 1227 2263 Οὐ
1274 2211 1383 2283 γάρ
1407 2208 1474 2283 ἦν
1509 2213 1667 2285 θέμις
1704 2213 1778 2286 μὴ
1808 2215 2097 2287 πληρωθῆ-

513 2311 602 2346 ναι
635 2295 694 2347 τὸ
721 2295 865 2351 οὕτω
911 2300 1091 2369 σοφῶς
1123 2303 1480 2376 οἰκονομηθέν
1511 2324 1572 2359 τε
1607 2307 1700 2360 καὶ
1740 2309 2098 2380 προσταχθὲν,

513 2388 564 2440 εί
617 2388 712 2442 καὶ
757 2391 1069 2462 ἠπίστησαν
1103 2397 1152 2447 oi
1189 2387 1540 2463 ἀκούσαντες.
1588 2399 1742 2453 Ἐπεὶ
1773 2402 1867 2455 καὶ
1908 2401 2101 2455 ἕπεται

513 2481 672 2534 τοῦτο
707 2482 967 2546 πολλάκις
1009 2488 1074 2557 τῇ
1109 2485 1215 2538 τῶν
1259 2489 1754 2560 ἀπαγγελλομένων
1810 2492 2102 2563 θαυμάτων

515 2571 810 2642 ὑπερϐολῇ.
842 2573 915 2625 Οὐ
941 2574 1050 2645 γὰρ
1078 2574 1143 2628 ἂν
1173 2577 1334 2648 ἀργοὶ
1366 2578 1663 2649 διέμειναν,
1685 2583 1730 2632 εἰ
1753 2580 2098 2634 ἐπίστευσαν.

527 2662 593 2715 Ἦ
631 2663 688 2716 δὲ
718 2665 1052 2738 Μαγδαληνὴ
1104 2671 1556 2741 συμπορευομένῃ
1592 2674 1658 2742 τῇ
1693 2671 1939 2742 Θεοτὸκῳ
1964 2713 1977 2732 ,
2007 2674 2101 2726 καὶ

514 2753 652 2824 πρὸς
679 2755 778 2826 τὴν
805 2757 1146 2826 ἀπαγγελίαν
1165 2760 1364 2830 ὁμοίως
1390 2762 1718 2834 ἐπειγομένη
1741 2803 1754 2824 ,
1786 2763 2020 2816 πέπονθέ
2047 2780 2100 2816 τι

514 2846 610 2910 καὶ
640 2845 976 2917 ἀνθρώπινον
1001 2867 1014 2880 ·
1045 2850 1138 2903 καὶ
1175 2851 1364 2923 ὥσπερ
1404 2855 1432 2906 ό
1465 2853 1671 2925 Πέτρος
1711 2853 1816 2908 ὑπὸ
1863 2854 2100 2926 Ἡρώδου

516 2937 874 3010 συλληφθεὶς,
905 2941 1000 2994 καὶ
1037 2941 1126 2996 διὰ
1161 2942 1259 2996 τοῦ
1294 2944 1529 3013 ἀγγέλου
1579 2946 1685 2998 τῶν
1719 2946 1964 3000 ἁλύσεων
2009 2947 2103 3000 λυ-

515 3029 629 3094 θεὶς
654 3032 999 3101 αὐτομάτως,
1023 3035 1117 3087 καὶ
1145 3035 1247 3105 τῆς
1273 3037 1523 3106 φυλακῆς
1551 3037 1658 3102 ἔξω
1685 3039 2101 3109 γενόμενος,καὶ

513 3123 743 3178 ἐπιπολὺ
773 3124 1034 3196 βαδίσας,
1067 3127 1142 3191 ὡς
1189 3129 1285 3182 καὶ
1340 3128 1438 3196 τὴν
1502 3130 1603 3200 τῆς
1660 3131 1868 3195 πόλεως
1924 3133 2101 3200 πύλην

2200 561 2324 614 dam
2360 558 2426 614 de
2451 561 2693 614 custodia
2737 561 2790 612 in
2819 557 2999 612 urbem
3033 567 3302 622 venerunt,
3356 574 3418 610 ac
3451 558 3785 611 renuntiave-

2201 659 2324 705 runt
2355 648 2679 720 principibus
2709 647 3042 703 sacerdotum
3073 649 3273 709 omnia,
3305 662 3423 716 quin
3453 647 3778 703 acciderant.

2201 746 2370 813 Atque
2400 740 2482 795 illi
2507 741 2700 803 coacti,
2731 757 2938 810 unaque
2967 756 3082 793 cum
3112 739 3410 793 senioribus
3439 737 3621 792 habito
3655 755 3783 792 c—on-

2199 834 2324 886 sitio
2352 834 2484 886 satis
2521 849 2768 902 magnam
2801 831 3075 900 pecuniam
3105 829 3361 883 dederunt
3405 829 3667 882 militibus
3698 828 3780 880 di-

2199 935 2370 980 centes
2403 940 2422 977 :
2451 923 2640 985 Dicite,
2694 923 2832 994 quod
2869 923 3118 991 discipuli
3173 921 3288 990 ejus
3340 931 3490 975 nocte
3527 922 3778 980 venerint,

2199 1026 2250 1072 et
2302 1016 2659 1085 subripuerint
2703 1031 2823 1069 eum
2862 1015 3005 1068 vobis
3045 1012 3445 1067 dormientibus.
3486 1011 3554 1065 Et
3589 1013 3636 1065 si
3685 1013 3781 1062 hoc

2199 1109 2432 1164 delatum
2466 1107 2625 1177 fuerit
2668 1107 2736 1160 ad
2771 1109 3073 1174 prtrsidem,
3119 1121 3214 1158 nos
3247 1102 3681 1172 persuadebimus
3708 1103 3778 1167 ei,

2199 1209 2249 1252 et
2274 1215 2360 1252 vos
2389 1214 2601 1252 securos
2631 1194 2931 1250 reddemus.
2967 1194 3057 1248 Illi
3083 1205 3259 1248 autem
3293 1202 3507 1262 accepta
3535 1193 3777 1261 pecunia,

2201 1291 2432 1360 fecerunt
2479 1287 2920 1360 quemadmodum
2959 1297 3112 1340 erant
3138 1287 3310 1341 edocti
3338 1302 3356 1341 :
3381 1297 3430 1340 et
3475 1286 3779 1356 divulgatus

2197 1394 2274 1438 est
2325 1385 2408 1438 hic
2473 1385 2656 1436 rumor
2704 1381 2842 1451 apud
2883 1378 3103 1434 Iudicas
3154 1396 3316 1452 usque
3367 1379 3422 1433 in
3469 1378 3780 1434 hodiernum

2199 1477 2338 1530 diem
2364 1479 2403 1531 ⁵.
2639 1529 2648 1537 ,

2270 1570 2451 1639 Atque
2480 1567 2653 1622 altera
2686 1566 2907 1636 quidem
2952 1563 3120 1617 Maria
3159 1564 3321 1635 (hanc
3351 1569 3533 1618 autem
3569 1560 3770 1632 Deipa-

2199 1675 2317 1714 ram
2371 1659 2546 1714 fuisse
2595 1659 2820 1713 credere
2864 1665 3296 1711 consentaneum
3345 1664 3430 1710 est
3471 1653 3775 1724 :quoniam

2201 1768 2304 1807 nec
2356 1766 2386 1804 a
2436 1750 2695 1822 passione
2741 1749 2963 1819 quidem
3016 1748 3212 1811 abfuit,
3267 1747 3361 1801 sed
3423 1745 3779 1814 stabatjuxta

3613 1851 3777 1906 quam

2198 1937 2362 1992 etiam
2415 1934 2645 1989 decebat
2691 1947 2778 1995 ea,
2827 1946 2950 2002 qua:
2999 1932 3066 1984 ad
3105 1929 3362 2000 gaudium
3411 1927 3779 1998 pertinebant,

2200 2025 2552 2089 aunuutiare,
2586 2033 2646 2078 ut
2672 2039 2794 2094 quae
2825 2023 2980 2078 radix
3017 2021 3202 2091 gaudii
3232 2032 3401 2085 esset,
3435 2033 3498 2072 ac
3520 2017 3782 2088 prmclat'e

2200 2118 2504 2173 audivisset
2543 2116 2699 2178 illud,
2750 2116 2900 2178 Ave,‘
2933 2116 3109 2184 gratia
3158 2113 3334 2181 plena,
3393 2111 3652 2165 Dominus
3705 2118 3780 2160 tc-

2202 2221 2319 2258 cum
2341 2204 2427 2276 ⁸),
2495 2203 2816 2258 mandatum
2863 2202 3080 2256 Domini
3133 2216 3445 2272 exsequens
3493 2198 3782 2269 discipulis

2200 2298 2426 2350 omnino
2473 2297 2748 2366 exposuit.
2785 2294 2906 2349 Non
2959 2295 3105 2349 enim
3160 2293 3245 2349 fas
3297 2302 3416 2348 erat
3454 2309 3562 2348 non
3605 2292 3780 2346 adim-

2201 2389 2336 2460 pleri
2389 2389 2465 2451 id,
2511 2389 2658 2459 quod
2705 2390 2777 2442 ita
2817 2389 2968 2444 clare
3018 2389 3374 2458 dispositum,
3427 2387 3784 2441 administra-

2201 2491 2340 2547 ttuu,
2389 2489 2444 2535 et
2489 2490 2818 2552 praeceptum
2877 2491 3016 2548 erat,
3071 2482 3290 2536 tametsi
3338 2495 3449 2535 non
3495 2478 3784 2534 crederent

2201 2575 2296 2644 qui
2347 2575 2662 2630 audiebant.
2705 2573 2978 2650 Quoniam
3022 2575 3128 2629 hoc
3170 2588 3388 2644 quoque
3440 2587 3586 2642 saepe
3637 2571 3784 2625 acci‘

2201 2669 2330 2724 dere
2377 2670 2538 2729 solet.
2561 2668 2690 2722 dum
2733 2668 3000 2722 immensa
3047 2667 3310 2722 miracula
3355 2664 3781 2719 annuntiantur.

2202 2756 2390 2827 Neque
2415 2758 2559 2812 enim
2595 2758 2758 2811 otiosi
2806 2757 3266 2826 permansissent,
3305 2757 3352 2810 si
3400 2753 3782 2810 credidissent.

2204 2852 2275 2904 At
2299 2850 2632 2922 Magdalena:
2664 2867 2778 2905 uua-
2808 2865 2933 2904 cum
2964 2849 3198 2920 Deipara
3238 2849 3461 2902 abeunti
3501 2857 3556 2902 et
3596 2847 3786 2901 simili-

2204 2951 2288 2996 ter
2328 2943 2392 2995 ad
2443 2943 2884 2996 annuntiandum
2934 2941 3246 3012 properanti
3286 2940 3486 2994 accidit
3524 2938 3783 3010 quiddam

2204 3050 2356 3090 more
2395 3036 2637 3088 humano
2667 3054 2679 3088 :
2707 3044 2762 3088 et
2812 3033 3271 3104 quemadmodum
3322 3030 3517 3086 Petrus
3567 3029 3636 3084 ab
3681 3027 3786 3082 He-

2203 3128 2338 3182 rode
2367 3127 2827 3197 comprebensus,
2857 3134 2912 3180 et
2954 3141 3051 3195 per
3086 3125 3339 3196 angelum
3389 3122 3590 3177 solutis
3636 3121 3785 3175 ultro

512 3218 740 3278 διελθεῖν
761 3258 777 3283 ,
805 3219 1003 3291 ἀληθὲς
1035 3221 1135 3275 οὐκ
1159 3221 1296 3292 ῷετο
1327 3221 1388 3276 τὸ
1413 3223 1695 3293 γινόμενον
1719 3264 1733 3286 ,
1769 3223 1884 3278 ἀλλ’
1917 3224 2098 3294 ἐνόμι-

2205 3217 2417 3272 catenis
2477 3232 2542 3270 ex
2590 3215 2844 3272 custodia
2893 3217 3148 3278 eductus,
3210 3214 3557 3284 multumque
3621 3212 3782 3282 spatii

517 3310 608 3373 ξεν
649 3310 836 3382 ὅραμα
876 3311 1094 3381 βλέπειν
1120 3330 1134 3344 ·
1169 3313 1310 3366 οὕτω
1342 3315 1436 3368 καὶ
1473 3314 1613 3385 αὕτη
1653 3316 1749 3387 τὴν
1795 3316 2102 3388 ὑπερϐολὴν

513 3397 609 3452 τοῦ
656 3397 934 3469 θαύματος
962 3401 1125 3454 οἱονεὶ
1163 3401 1390 3473 ἄκαιρόν
1423 3419 1544 3454 τινα
1592 3402 1956 3474 λογισαμένη,
2007 3405 2102 3457 καὶ

516 3490 633 3559 ἅμα
691 3490 801 3542 τῶν
852 3489 1110 3559 φυλάκων
1159 3491 1577 3560 ὲπιφθασάντων
1630 3491 1722 3544 καὶ
1778 3490 2101 3562 ἀρξαμένων

517 3577 654 3647 μετά
679 3577 791 3630 τῶν
817 3579 1120 3650 ἀρχιερέων
1158 3580 1257 3651 τὴν
1288 3580 1656 3650 συκοφαντίαν
1684 3581 1928 3648 ὑφαίνειν
1961 3581 2101 3634 κατά

511 3671 612 3740 τῆς
643 3671 1023 3735 ἀναστάσεως’
1055 3672 1354 3743 αἰσθομένη
1397 3673 1612 3735 πάντως
1664 3673 1905 3726 τοιούτου
1959 3674 2102 3737 τινὸς

512 3762 1027 3834 ὲπιψιθυριζομένου
1054 3806 1069 3826 ,
1110 3765 1237 3828 τοὺς
1287 3766 1384 3836 τῆς
1413 3766 1742 3836 ἀμφιϐολίας
1773 3765 2103 3838 παρεδέξατο

512 3855 806 3924 λογισμοὺς
823 3897 841 3921 ,
871 3856 966 3908 καὶ
988 3857 1088 3924 τῆς
1107 3857 1448 3925 ἀπαγγελίας
1478 3858 1850 3930 ὀλιγωρήσας,
1883 3859 1978 3910 καὶ
2004 3855 2099 3911 τοῦ

514 3948 786 4019 σωτηρίου
838 3950 1296 4020 προστάγματος,
1351 3950 1489 4021 πρὸς
1534 3951 1624 4003 τὸν
1687 3950 1855 4018 τάφον
1905 3949 2100 4020 ἐχώρει

511 4038 695 4108 πρωῒ,
732 4042 984 4106 σκοτίας
1034 4042 1119 4094 ἔτι
1176 4042 1369 4108 οὔσης
1406 4084 1420 4105 ,
1479 4041 1556 4104 ὡς
1605 4042 1859 4111 Ἰωάννης
1913 4041 2098 4112 φησίν.

515 4134 726 4204 ’Ὥσπερ
773 4133 884 4205 γὰρ
932 4133 1312 4205 συνεχώρησεν
1364 4137 1393 4188 ό
1427 4134 1632 4206 Κύριος
1677 4134 1767 4188 τὸν
1801 4134 2002 4204 Θωμᾶν
2041 4134 2102 4201 ἐξ

512 4225 769 4288 ἀπιστίας
797 4227 1000 4288 εἰπεῖν,
1056 4226 1198 4280 Ἐὰν
1225 4225 1312 4295 μὴ
1350 4227 1454 4280 ἴδω
1478 4227 1547 4279 ὲν
1571 4227 1700 4292 ταῖς
1739 4228 1952 4294 χερσίν
1991 4229 2099 4281 αὺ-

513 4315 620 4370 τοῦ
643 4315 749 4369 τὸν
773 4317 967 4370 τύπον
991 4315 1110 4372 τῶν
1135 4317 1323 4383 ἥλων,
1345 4317 1443 4371 καὶ
1465 4316 1640 4381 ,βάλω
1667 4317 1776 4371 τὸν
1797 4319 2104 4373 δάκτυλόν

508 4424 628 4476 μου
646 4409 734 4473 είς
757 4407 865 4460 τὸν
903 4409 1097 4462 τύπον
1121 4408 1237 4461 τῶν
1264 4409 1450 4476 ἥλων,
1478 4409 1576 4462 καὶ
1593 4409 1766 4474 βάλω
1791 4410 1908 4479 τὴν
1933 4410 2104 4480 χεῖρὰ

508 4514 628 4565 μου
654 4498 742 4562 είς
765 4495 878 4564 τὴν
903 4499 1172 4565 πλευρὰν
1203 4498 1411 4558 αὐτοῦ,
1443 4499 1514 4550 οὐ
1537 4498 1623 4567 μὴ
1653 4500 1978 4554 πιστεύσω·
2009 4501 2102 4554 καὶ

512 4588 602 4641 διὰ
626 4589 724 4659 τῆς
745 4589 952 4641 ἐκείνου
984 4589 1440 4660 πολυπράγμονος
1463 4590 1720 4654 ἀπιστίας
1743 4592 1836 4644 καὶ
1860 4595 2097 4665 ἐπαφῆς,

512 4682 674 4750 ἡμεῖς
705 4682 785 4744 είς
818 4681 917 4750 τὴν
971 4681 1155 4734 πίστιν
1209 4681 1622 4754 ὲϐεόαιώθημεν
1648 4723 1664 4746 ,
1716 4684 1772 4735 ἐν
1803 4677 1846 4752 ᾧ
1883 4684 2100 4755 σώματι

513 4773 784 4827 πέπονθεν
804 4814 819 4836 ,
856 4775 914 4826 ἐν
941 4775 1088 4846 αὐτῷ
1119 4776 1213 4829 καὶ
1261 4775 1560 4847 ὲγηγέρθαι
1592 4779 1980 4842 πιστεύσαντες
2008 4780 2100 4840 τὸν

527 4866 906 4936 Ἐμμανουήλ,
940 4869 1065 4929 τοὺς
1097 4871 1196 4938 τῆς
1223 4867 1495 4939 δοκήσεως
1522 4869 1724 4940 μύθους
1768 4871 2098 4942 ἀποπεμψά·

515 4974 696 5029 μενοι·
723 4959 814 5012 τὸν
838 4959 998 5013 αὑτὸν
1022 4961 1221 5032 τρόπον
1247 4964 1341 5014 καὶ
1364 4963 1462 5033 τὴν
1487 4964 1852 5036 Μαγδαληνὴν
1879 4966 2099 5036 Μαρίαν

512 5051 650 5120 πρὸς
703 5051 960 5116 ἀπιστίας
995 5053 1482 5123 ὑπονοστήσασαν,
1532 5057 1628 5109 καὶ
1682 5057 2100 5129 μεγαλευχερῶς

512 5143 670 5197 τοῦτο
702 5144 980 5198 παθοῦσαν
1011 5146 1151 5215 (οὐκ
1182 5146 1375 5218 ἄδηλον
1410 5148 1515 5220 γὰρ
1555 5147 1614 5200 τὸ
1642 5149 1742 5220 τῆς
1785 5149 2101 5217 γυναικείας

515 5236 789 5290 εὐόλισθον
840 5236 1132 5309 φύσεως),
1187 5238 1481 5310 συνεχώρει
1526 5239 1612 5292 διὰ
1647 5241 1746 5310 τῆς
1803 5241 2095 5312 περιέργου

516 5327 838 5398 ζητήσεως,
895 5328 1214 5398 πιστότερον
1262 5327 1599 5398 ἐργάσασθαι
1650 5328 1734 5380 to"
1770 5328 1952 5398 θαῦμα
1997 5328 2099 5397 τῆς

515 5419 902 5482 ἀναστάσεως,
955 5420 1192 5484 πίστεως
1253 5420 1497 5490 ὑπάρχον
1561 5421 1701 5493 πέρα
1748 5422 1842 5474 καὶ
1897 5422 2098 5484 παντὸς

515 5511 799 5582 λογισμοῦ.
829 5513 940 5566 Καὶ
966 5513 1105 5582 μετά
1144 5511 1317 5566 ταῦτα
1364 5512 1462 5583 τῆς
1510 5512 1812 5581 ἀμφιϐόλου
1860 5513 2096 5575 διανοίας

517 5603 746 5658 ἐλθοῦσα
770 5645 784 5671 ,
814 5606 907 5658 καὶ
940 5604 1120 5658 ίδοῦσα
1156 5604 1314 5676 μόνον
1347 5605 1437 5657 τὸν
1474 5603 1620 5658 λίθον
1666 5606 2097 5660 ἀποκυλισθέντα

587 5787 609 5815 ⁸
637 5781 827 5838 Matth.
856 5799 1050 5850 xxvut,
1087 5785 1270 5842 11-15.
1347 5787 1366 5819 ⁸
1390 5784 1546 5842 .loan.
1611 5803 1722 5855 xix,
1747 5786 1835 5843 ‘35.

1917 5787 1936 5818 ⁸
1967 5785 2098 5846 Luc.
2126 5801 2165 5856 ι,
2197 5786 2286 5844 28.
2364 5787 2573 5864 ’_Joan.
2615 5806 2703 5860 xx,
2742 5789 2793 5847 Ι.

2204 3322 2554 3377 progressus,
2603 3323 2713 3376 quo
2743 3308 2810 3360 ad
2847 3317 3058 3378 portam
3091 3321 3310 3377 quoque
3338 3305 3492 3361 urbis
3533 3304 3786 3358 transiis-

2205 3410 2311 3462 set,
2362 3414 2471 3453 non
2520 3400 2747 3469 putabat
2780 3414 2968 3454 verum
3009 3413 3132 3453 esse
3166 3396 3313 3468 quod
3357 3395 3640 3467 agebatur,
3687 3395 3784 3450 sed.

2203 3489 2468 3544 visionem
2523 3504 2584 3544 se
2639 3489 2824 3546 videre
2877 3491 3227 3545 existimabat
3269 3489 3392 3544 :ita
3447 3490 3612 3544 etiam
3669 3487 3785 3542 lues

2203 3597 2328 3636 cum
2365 3583 2740 3638 excellentiam
2792 3583 3043 3637 miraculi
3094 3581 3263 3638 veluti
3307 3582 3682 3652 importunum
3731 3590 3787 3636 et

2206 3675 2646 3744 intempestivum
2683 3673 2936 3744 quiddam
2980 3691 3102 3730 esse
3145 3682 3448 3745 reputaret,
3495 3682 3550 3730 et
3591 3673 3780 3735 simul,

2205 3775 2564 3838 posteaquam
2605 3769 2862 3823 custodes
2907 3769 3357 3830 antevertissent,
3393 3776 3449 3821 et
3479 3782 3604 3820 eum
3643 3781 3784 3836 pon-

2205 3860 2445 3914 tiﬁcibus
2478 3860 2780 3930 cmpissent
2819 3869 3006 3915 texere
3035 3858 3368 3914 calumniam
3403 3857 3668 3912 adversus
3700 3872 3792 3911 re-

2205 3952 2629 4012 surrectionem,
2672 3966 2902 4022 prorsus
2941 3952 3052 4006 tale
3094 3951 3352 4020 quiddam
3402 3949 3784 4006 subsusurrari

2205 4041 2496 4104 sensisset,
2532 4041 2909 4111 ambiguitatis
2941 4057 3004 4096 ac
3029 4041 3390 4096 dubitationis
3420 4041 3786 4110 cogitationes
3825 4029 3836 4038 ’

2205 4135 2428 4188 admisit
2459 4152 2474 4188 :
2505 4133 2862 4203 neglectaque
2892 4133 3304 4188 renuntiatione
3343 4140 3510 4202 atque
3553 4133 3786 4187 salutari

2205 4225 2484 4290 mandato,
2519 4225 2584 4278 ad
2619 4227 2933 4294 sepulcrum
2961 4225 3219 4279 tendebat
3248 4240 3430 4288 mane,
3457 4221 3591 4276 Cant
3612 4223 3784 4275 adhuc

2207 4317 2429 4370 tenebra:
2481 4325 2673 4378 essent,
2732 4323 2790 4369 ut
2831 4313 3073 4370 Joannes
3125 4315 3262 4368 ait’.
3309 4312 3784 4379 Quemadmodum

2205 4412 2349 4467 enim
2383 4409 2636 4479 permisit
2685 4406 2972 4470 Dominus,
3017 4415 3078 4460 ιιι
3104 4422 3169 4460 ex
3207 4404 3594 4460 incredulitate
3637 4403 3784 4458 Tuo-

2206 4519 2323 4558 mas
2355 4504 2590 4562 diceret,
2632 4500 2759 4555 Nisi
2793 4500 2968 4554 videro
3003 4503 3059 4553 in
3089 4499 3334 4553 manibus
3359 4499 3474 4568 ejus
3513 4499 3784 4568 vestigium

2203 4598 2492 4657 clavorum,
2541 4606 2590 4649 et
2646 4596 2856 4647 mittam
2904 4593 3129 4663 digitum
3184 4611 3356 4646 meum
3407 4594 3461 4646 in
3515 4593 3786 4661 vestigiunt

2203 4691 2493 4749 clavorum,
2529 4688 2737 4740 mittam
2770 4688 2894 4740 item
2928 4701 3142 4739 manum
3174 4702 3344 4739 meam
3380 4686 3433 4738 in
3465 4686 3606 4738 latus
3646 4683 3784 4753 ejus,

2204 4796 2307 4832 non
2353 4777 2606 4832 credam8
2639 4796 2652 4830 :
2686 4792 2749 4830 ac
2787 4793 2883 4846 per
2916 4779 3198 4832 curiosam
3241 4777 3388 4830 illius
3430 4775 3787 4829 incredulita-

2202 4879 2312 4928 tem
2351 4879 2406 4926 et
2437 4869 2954 4933 contrectationem,
2994 4884 3098 4924 nos
3137 4870 3190 4922 in
3221 4884 3343 4923 eam
3384 4867 3543 4922 ﬁdem
3575 4868 3782 4921 coniir-
3817 4922 3819 4924 .

2203 4963 2337 5018 mati
2389 4978 2604 5028 sumus,
2652 4970 2714 5016 ut
2753 4962 2975 5018 omissis
3031 4962 3356 5032 opinionum
3405 4975 3470 5015 ac
3514 4962 3786 5031 suspicio-

2203 5073 2333 5110 num
2367 5056 2592 5121 l‘abulis,
2630 5070 2738 5127 quo
2772 5069 3004 5123 corpore
3031 5069 3233 5123 passus
3259 5063 3364 5118 est,
3398 5055 3592 5109 eodem
3617 5054 3780 5108 etiam

2206 5148 2601 5202 resuscitatum
2637 5162 2762 5201 esse
2789 5146 3082 5199 credamus
3110 5145 3520 5199 Emmanuelem
3552 5163 3565 5199 :
3590 5145 3783 5199 eodem

2203 5241 2366 5293 modo
2402 5239 2626 5292 Mariam
2678 5253 2900 5308 quoque
2948 5236 3321 5308 Magdalenam
3369 5237 3439 5291 ad
3482 5237 3785 5292 increduli—

2199 5339 2370 5387 tatem
2406 5348 2710 5394 reversam,
2759 5346 2886 5385 eum
2926 5331 3033 5384 hoc
3064 5331 3231 5385 etiam
3279 5328 3501 5387 facilius
3548 5331 3599 5388 ei
3638 5331 3783 5386 acci-

2201 5424 2375 5480 disset
2411 5428 2540 5492 (non
2565 5424 2752 5494 ignota
2791 5433 2876 5478 est
2905 5423 3050 5476 enim
3084 5422 3370 5478 muliebris
3405 5438 3573 5479 sexus
3610 5423 3781 5493 fragi-

2204 5517 2331 5570 litas
2371 5527 2425 5570 et
2463 5515 2702 5570 facilitas
2735 5516 2805 5569 ad
2851 5513 3112 5584 lapsum),
3150 5529 3248 5584 per
3279 5515 3554 5572 curiosam
3597 5524 3646 5571 et
3683 5533 3781 5568 su-

2208 5624 2536 5678 pervacuam
2579 5608 3018 5680 inquisitionem,
3057 5609 3384 5664 miraculum
3420 5611 3780 5667 resurrectio-

2869 5792 2889 5824 ⁸
2921 5789 3052 5847 ibid.
3097 5792 3188 5846 25.
