4154 6354
337 267 448 329 635
1589 276 1648 333 S.
1685 277 2017 335 GREGORII
2057 281 2356 340 NY‘SSENI
3469 283 3589 340 6'58

328 391 442 457 nis,
480 391 626 462 quod
663 407 878 447 omnem
931 393 1106 449 ﬂilcm'
1137 393 1632 467 cogitationemque
1677 409 1900 468 superat

2023 403 2103 472 τῆς
2135 403 2305 476 θύρας
2346 402 2440 458 τοῦ
2480 407 2758 476 μνήματος
2780 446 2794 466 ,
2823 405 2895 458 ou‘
2917 403 3020 475 μὴν
3049 404 3276 473 ἄγγελον
3317 405 3404 457 ἐπ’
3434 404 3585 475 αὑτῷ

331 493 496 554 atque
516 483 756 549 excedit,
782 484 1101 541 credibilius
1130 485 1340 541 efﬁcere
1371 488 1745 556 permittebat.
1766 489 1902 545 Cum

2023 492 2258 564 καθάπερ
2286 494 2384 564 ἤδη
2419 495 2746 565 καθήμενον,
2769 494 2964 548 δέδωκε
2990 497 3056 566 τῇ
3088 495 3344 565 ἀπιστεία
3366 495 3427 548 τὸ
3457 512 3584 564 κρα-

335 575 437 630 hac
463 575 629 647 igitur
669 576 919 647 ambigua
950 587 1132 633 mente
1161 579 1456 643 accedens,
1501 594 1627 634 cum
1666 581 1904 652 lapidem

2023 586 2122 638 πεῖν
2148 627 2163 650 ,
2222 585 2524 655 φαντασίαν
2569 585 2813 656 οἱηθείσα
2855 584 2955 656 τὴν
2993 585 3122 639 θέαν
3176 585 3271 638 καὶ
3308 585 3584 652 ἔκστασιν,

332 665 603 720 duntaxat
639 665 708 720 ab
747 667 892 720 ostio
924 668 1262 721 monumenti
1296 669 1605 722 revolutum
1640 669 1903 737 ,vidisset,

2023 676 2101 728 ια).
2132 675 2230 746 οὐχ
2275 676 2352 738 ὡς
2400 675 2613 748 ἀληθῆ,
2656 675 2772 729 ἀλλ’
2798 675 2874 739 ὡς
2923 675 3128 746 ψευδῆο
3163 676 3256 729 καὶ
3301 675 3584 747 δραμοῦσα.

332 757 583 828 angelum
631 765 815 812 autem
864 773 971 811 non
1015 760 1250 829 amplius
1298 775 1466 830 super
1507 775 1594 826 eo,
1645 769 1705 816 ut
1741 764 1905 832 paulo

2023 769 2144 837 πρὸς
2185 768 2276 821 τὸν
2301 766 2508 839 Πέτρον
2541 768 2636 821 καὶ
2670 769 2762 820 τὸν
2806 767 2963 822 ἄλλον
2996 767 3242 839 μαθητὴν
3267 807 3282 833 ,
3323 767 3383 821 ὃν
3414 768 3584 838 ἐφίλει

333 855 482 914 ante,
528 847 839 914 sedentem;
885 850 953 904 ab
1000 851 1388 908 incredulitate
1439 853 1585 908 vinci
1639 869 1700 909 se
1740 869 1901 925 passa

2023 858 2255 928 Ἰησοῦς,
2305 858 2434 911 ἐϐόα
2469 858 2699 927 λέγουσα
2718 876 2732 888 ·
2763 853 2958 928 ’Ἦραν
2992 857 3102 912 τὸν
3137 860 3357 927 Κύριον
3383 859 3451 913 ἐκ
3476 860 3600 914 τοῦ·

333 947 440 1006 est,
465 939 911 1011 imaginationem
957 950 1012 998 et
1045 944 1434 1000 alienationem
1470 946 1667 1001 mentis
1699 961 1780 1002 ex.
1806 960 1902 1015 pa-

2023 945 2314 1013 ιγημείου,
2349 946 2570 1002 καὶούκ
2605 943 2736 1001 οἴδα
2769 947 2886 1001 ποῦ
2916 948 3142 1014 ἔθηκαν
3163 949 3368 1002 αὐτόν.

334 1051 466 1091 vore
517 1037 804 1106 repentino
863 1045 1203 1096 contractam
1269 1054 1394 1096 esse
1432 1042 1760 1097 existimans
1810 1041 1886 1105 id,
1959 1040 2107 1111 quod
2173 1042 2328 1112 prius
2358 1042 2590 1109 viderat,
2636 1043 2800 1114 idque
2845 1058 3084 1112 nonpro
3123 1059 3274 1106 vero,
3317 1043 3415 1100 sed
3489 1060 3589 1115 pro

337 1130 477 1185 falso
504 1131 784 1188 ducebat:
813 1147 1052 1205 cumque
1105 1135 1435 1190 accurrisset
1482 1136 1547 1191 ad
1589 1134 1814 1191 Petrum
1856 1144 1912 1191 et
1951 1137 2021 1191 ad
2071 1136 2238 1191 alium
2291 1137 2646 1207 discipulum,
2676 1154 2837 1209 quem
2889 1139 3166 1210 diligebat-
3215 1138 3400 1204 Jcsus,
3475 1140 3588 1195 cla-

337 1218 552 1284 mabat,
605 1219 792 1278 dicens
832 1241 846 1278 :
877 1223 1222 1279 Sustulerunt
1274 1224 1557 1280 Dominum
1609 1242 1674 1280 ea:
1732 1237 2086 1293 monumento,
2111 1237 2161 1282 et
2190 1230 2362 1282 nescio
2392 1229 2482 1282 ubi
2509 1229 2776 1298 posuerint
2815 1231 2995 1284 eum”.

407 1309 576 1368 Vides
605 1313 752 1384 quod
787 1328 914 1370 cum
945 1330 1012 1369 ex
1055 1317 1124 1370 iis
1155 1332 1276 1386 quae
1306 1326 1431 1387 post
1459 1318 1778 1373 relationem
1809 1334 1908 1372 cu-

339 1405 559 1462 stodum
590 1415 758 1464 noctu
793 1409 936 1480 apud
960 1409 1181 1466 Judasos
1208 1411 1445 1466 conﬁcta
1473 1421 1656 1477 erant,
1698 1411 1907 1482 aliquid

341 1497 448 1552 tale
494 1496 565 1552 ad
613 1511 780 1556 aures
821 1501 940 1570 ejus
973 1503 1335 1570 pervenisset,
1387 1509 1569 1555 mente
1616 1502 1908 1555 immutata

340 1597 507 1660 atque
543 1590 842 1661 depravata
866 1601 950 1646 est
983 1610 998 1646 :
1035 1607 1100 1646 ac
1137 1593 1345 1662 putavit
1376 1591 1724 1649 adversarios
1757 1593 1908 1646 fura-

340 1691 429 1736 tos
457 1697 583 1737 esse
606 1698 811 1752 corpus
839 1679 994 1746 Jesu.
1025 1692 1084 1736 ut
1117 1682 1321 1738 furtum
1359 1682 1430 1740 in,
1455 1684 1740 1754 apostolos
1776 1698 1921 1738 con-.

343 1773 570 1829 ferrent.
610 1775 681 1828 At
713 1773 908 1830 Petrus
934 1783 988 1830 et
1017 1773 1256 1832 Joannes
1297 1777 1418 1832 sine
1463 1791 1618 1831 mora
1660 1791 1914 1831 surrexe-

342 1874 510 1930 runt,
564 1873 620 1922 et
666 1866 736 1920 ad
793 1867 1108 1936 sepulcrum
1154 1878 1535 1923 cucurrerunt.
1599 1866 1720 1922 Non
1766 1867 1912 1923 enim

345 1973 545 2012 novum
596 1965 652 2012 et
707 1957 1052 2028 in0pinatum
1100 1967 1222 2014 erat
1275 1960 1420 2029 quod
1468 1960 1777 2024 dicebatur,
1831 1968 1912 2024 ut,

343 2048 493 2118 quod
532 2049 601 2103 ad
648 2051 1107 2106 resurrectionem
1153 2051 1372 2114 attinet,
1408 2049 1566 2104 ﬁdem
1601 2067 1708 2104 non
1744 2051 1922 2104 habeu

344 2149 466 2196 rent
496 2158 511 2195 :
541 2140 653 2195 imo
691 2156 819 2198 vero
851 2144 1017 2196 etiam
1056 2141 1316 2196 credibile
1349 2150 1400 2196 et
1441 2156 1550 2196 non
1584 2140 1912 2196 discordans

347 2240 404 2286 et
438 2232 676 2288 alienum
708 2242 827 2288 erat
853 2247 884 2286 a
912 2232 1118 2286 malitia
1144 2230 1392 2287 Iudaica.
1424 2229 1693 2301 lntrepide
1734 2242 1930 2286 autem.

344 2333 401 2379 et
434 2323 641 2393 absque
672 2331 820 2380 metu
851 2325 905 2379 id
961 2324 1217 2395 agebant,
1249 2339 1374 2378 cum
1417 2323 1697 2378 silentium
1743 2331 1911 2384 esset,

346 2415 588 2471 tenebris
629 2415 874 2470 nondum
932 2416 1223 2481 discussis,
1265 2414 1486 2485 Deoque
1541 2415 1794 2468 fiduciam
1835 2417 1932 2470 eis.

347 2497 510 2576 atque
544 2506 711 2560 animi
753 2507 1101 2576 praesentiam
1145 2506 1619 2562 subministrante.
1655 2505 1760 2560 Sed
1791 2521 1914 2559 cmn

345 2614 412 2654 eo
442 2598 742 2662 venissent,
788 2596 1084 2650 manifesta
1125 2606 1291 2666 atque
1316 2598 1590 2653 evidentia
1625 2598 1778 2667 signa
1830 2612 1917 2650 re—

348 2689 713 2746 surrectionis
747 2689 1096 2743 invenerunt.
1128 2687 1328 2743 Vident
1357 2689 1503 2744 enim
1549 2688 1605 2743 in
1655 2689 1926 2759 sepulcro

349 2781 666 2836 linteamina
695 2780 973 2850 jacentia:
1022 2780 1170 2849 quod
1225 2794 1566 2850 nequaquam
1603 2781 1914 2843 accidisset,

350 2870 397 2925 si
449 2885 649 2940 corpus
687 2870 832 2925 furto
881 2871 1157 2925 sublatum
1209 2869 1425 2925 fuisset.
1479 2868 1723 2925 Primum
1769 2871 1916 2926 enim

2091 1317 2254 1390 Ὁρᾷς
2290 1319 2367 1383 ὼς
2419 1320 2485 1373 ἐκ
2535 1319 2644 1372 τῶν
2681 1318 3142 1390 λογοποιηθέντων
3175 1321 3390 1391 νύκτωρ
3440 1322 3603 1392 παρὰ·

2021 1410 2294 1475 Ἰουδαίοις
2324 1412 2459 1482 μετά
2503 1410 2600 1481 τὴν
2637 1409 2744 1464 τῶν
2774 1410 3030 1480 φυλάκων
3071 1411 3441 1484 παραγγελίαν
3494 1430 3590 1466 πε-

2015 1502 2381 1575 ριηχὶηθῇῖσά
2421 1521 2474 1556 τι
2511 1505 2788 1571 τοιοῦτον,
2824 1504 3138 1575 παρηνέχθη
3175 1504 3268 1556 τὸν
3301 1503 3586 1574 λογισμόν·

1940 1624 1987 1683 Β
2013 1595 2106 1647 καὶ
2126 1593 2278 1666 ᾠήθη
2311 1596 2434 1658 τοὺς
2453 1596 2728 1659 ἐναντίου-ς
2759 1595 2954 1664 κλέψαι
2981 1595 3041 1647 τὸ
3079 1593 3239 1664 σῶμα
3258 1593 3352 1646 τοῦ
3394 1593 3590 1663 Ἰησοῦ,

2015 1687 2104 1741 ἵνα
2130 1686 2229 1758 τὴν
2258 1685 2463 1755 κλοπὴν
2487 1689 2599 1750 τοῖς
2629 1685 2948 1748 ἀποστόλοις
2971 1684 3364 1755 ἐπιφημίσωσι.
3395 1683 3541 1754 Πλὴν
3563 1686 3607 1736 ὁλ

2065 1779 2220 1850 ἑτρος
2255 1779 2350 1832 καὶ
2392 1778 2642 1849 Ἰωάννης
2681 1778 2912 1846 ἑτοίμως
2942 1777 3299 1848 διανέστησαν
3323 1818 3339 1842 ,
3376 1777 3469 1829 καὶ
3500 1777 3610 1829 ἐπι

2014 1872 2105 1926 τόν
2135 1870 2304 1940 τάφον
2335 1869 2587 1940 ἔδραμον.
2620 1869 2694 1922 Οὐ
2722 1868 2827 1939 γάρ
2855 1864 2927 1940 ἦν
2951 1868 3251 1939 παράδοξον
3278 1867 3338 1921 τὸ
3366 1867 3595 1938 λεγόμε-

2014 1978 2104 2015 νον
2126 2003 2140 2028 ,
2189 1962 2255 2016 ἶν’
2287 1961 2362 2024 ὼς
2393 1963 2486 2013 ἐπὶ
2523 1960 2623 2030 τῆς
2650 1960 3000 2023 ἀναστάσεως
3032 1960 3377 2030 ἁπιστήσωσι
3401 1975 3416 1990 ο
3459 1959 3594 2028 μᾶλ-

2013 2054 2105 2108 λον
2135 2053 2191 2107 δὲ
2232 2055 2324 2107 καὶ
2364 2053 2553 2105 πιστὸν
2601 2053 2696 2106 καὶ
2745 2054 2846 2106 οὐκ
2899 2053 3104 2123 ἀπᾷδον
3155 2051 3255 2121 τῆς
3301 2051 3593 2122 Ἰουδαϊκῆς

2014 2141 2369 2214 κακουργίας.
2408 2142 2647 2212 Ἀφόὸως
2671 2142 2728 2196 δὲ
2766 2142 2926 2196 τοῦτο
2960 2143 3175 2195 ἐποίουν
3199 2182 3214 2207 ,
3251 2141 3345 2194 καὶ
3371 2140 3596 2211 ἡσυχίας

2016 2239 2369 2310 ὑπαρχούσης
2424 2237 2516 2292 καὶ
2548 2237 2628 2291 ἔτι
2691 2238 2917 2300 σκότους
2964 2237 3150 2302 ὄντος,
3192 2237 3288 2289 καὶ
3333 2234 3470 2306 πρὸς
3500 2233 3594 2286 τοῦ

2015 2331 2149 2385 Θεοῦ
2206 2330 2265 2384 τὸ
2320 2330 2541 2402 θαρρεῖν
2593 2329 2868 2391 λαϐόντες.
2926 2327 3086 2382 Ἀλλά
3144 2327 3390 2388 ἐλθόντες
3441 2321 3622 2397 εὖρον-

2015 2423 2218 2494 ἐναργῆ
2272 2421 2340 2475 τὰ
2379 2423 2576 2492 σημεῖα
2606 2420 2704 2491 τῆς
2737 2419 3101 2480 ἀναστάσεως.
3147 2417 3344 2488 Ὀρῶσι
3386 2417 3495 2485 γὰρ
3538 2418 3608 2469 ὲνι

2015 2515 2094 2585 τῷ
2130 2516 2372 2585 μνήματι
2397 2513 2464 2566 τά
2487 2513 2669 2566 ὀθόνια
2704 2513 2960 2582 κείμενα·
2989 2509 3148 2562 τοῦτο
3167 2511 3223 2562 δὲ
3251 2510 3351 2562 οὐκ
3380 2510 3442 2562 ἄν
3466 2525 3621 2560 ποτε-

2018 2605 2232 2674 ἐγένετο
2257 2645 2270 2670 ,
2305 2605 2608 2668 κλαπέντος
2637 2603 2730 2657 τοῦ
2785 2601 3056 2673 σώματος.
3088 2600 3311 2672 Πρῶτον
3351 2599 3448 2670 μὲν
3486 2598 3596 2670 γὰρ

2017 2701 2129 2760 τοῖς
2159 2697 2418 2761 κλέπταις
2463 2697 2616 2765 φίλον
2664 2697 2726 2750 τὸ
2781 2695 3139 2749 λωποδυτεῖν·
3176 2691 3366 2746 ἔπειτα
3413 2691 3503 2754 δέ,
3537 2691 3622 2742 τὸ·

2018 2787 2227 2858 ταχέως
2253 2789 2493 2858 ἐνεργεῖν
2516 2787 2654 2856 ἄγαν
2684 2785 2782 2857 τὴν
2806 2785 3041 2856 κλοπὴν,
3079 2784 3167 2838 ἵνα
3199 2783 3273 2855 μὴ
3303 2781 3624 2853 φωραθῶσι-

2019 2879 2114 2933 καὶ
2144 2877 2213 2932 τὰ
2239 2878 2494 2934 πάνδεινα
2534 2877 2765 2930 πάθωσι.
2797 2877 2933 2947 Περὶ
2980 2876 3036 2929 δέ
3077 2875 3173 2928 τοῦ
3226 2875 3474 2945 σώματος
3503 2873 3598 2927 τοῦ

351 2959 563 3017 furibus
610 2977 730 3016 mos
766 2971 852 3017 est
883 2972 1062 3017 vestes
1091 2962 1377 3017 detrahere
1421 2973 1583 3032 atque
1631 2964 1866 3032 spoliare
1900 2980 1920 3016 ἒ

2030 2969 2205 3042 Ἰησοῦ
2236 2969 2508 3040 γέγραφεν
2534 2971 2563 3022 ὁ
2601 2968 2854 3036 Ἰωάννης
2876 2961 2978 3021 ὧδέ
3015 2983 3166 3031 πως·
3209 2966 3476 3034 Ἕδησαν
3500 2969 3629 3021 ad"

350 3054 549 3110 deinde
578 3053 868 3109 admodum
900 3054 1152 3108 celeriter
1196 3054 1542 3108 committere
1583 3052 1813 3116 furtum,
1849 3069 1918 3109 ne

353 3148 411 3204 in
451 3149 572 3218 ipso
607 3147 851 3201 facinore
899 3144 1227 3216 deprehensi
1278 3147 1513 3214 pessime
1563 3147 1914 3202 muletentur.

354 3236 432 3292 De
468 3252 701 3306 corpore
729 3244 912 3292 autem
944 3235 1074 3291 Jesu
1121 3236 1176 3290 in
1205 3236 1350 3290 hunc
1378 3236 1492 3291 fere
1519 3236 1737 3290 modum
1778 3237 1920 3293 scri-

356 3331 466 3400 psit
493 3327 731 3383 Joannes
757 3347 771 3383 :
811 3328 1171 3384 Obvinxerunt
1203 3343 1319 3382 eum
1352 3328 1524 3381 linteis
1567 3344 1684 3381 cum
1712 3344 1924 3382 aroma-

357 3421 518 3486 tibus,
566 3430 722 3490 prout
751 3437 863 3474 mos
895 3429 1009 3474 erat
1039 3419 1248 3474 Judwis
1296 3418 1593 3488 sepelire”.
1631 3419 1926 3486 Quomodo

357 3511 523 3582 igitur
558 3526 670 3566 non
702 3511 860 3566 multi
890 3511 1094 3583 negotii
1127 3527 1214 3566 res
1243 3509 1550 3565 iurantibus
1578 3509 1772 3566 fuisset
1804 3511 1925 3564 vin—

358 3601 482 3657 cula
505 3602 739 3666 solvere,
770 3617 1082 3672 corpusque
1104 3601 1312 3656 nudare
1344 3601 1774 3666 linteaminibus,
1801 3615 1924 3670 quae

355 3698 470 3765 jam
512 3696 888 3759 adhaasissent,
931 3703 985 3751 et
1025 3694 1187 3750 facile
1234 3695 1392 3749 avelli
1450 3709 1558 3747 non
1592 3695 1924 3763 potuissent,

363 3803 427 3841 ac
449 3788 766 3857 priusquam
789 3786 1033 3842 detracta
1055 3794 1241 3842 essent
1260 3786 1682 3854 rumperentur?
1705 3784 1927 3839 Mistura

361 3880 507 3934 enim
541 3881 690 3935 aloes
709 3888 762 3934 et
797 3878 1053 3951 myrrhae,
1093 3893 1256 3948 quam
1281 3878 1542 3932 attulerat
1575 3877 1927 3946 Nicodemus,

362 3979 616 4028 conserta
647 3979 702 4026 et
738 3971 1015 4041 implicata
1047 3978 1224 4024 erant.
1253 3969 1395 4035 Quin
1425 3970 1588 4025 etiam
1623 3969 1926 4032 sudarium,

364 4064 508 4132 quod
544 4063 724 4118 fuerat
751 4063 808 4117 in
838 4063 1016 4133 capite
1045 4062 1187 4132 ejus.
1223 4077 1330 4116 non
1363 4077 1488 4116 cum
1517 4061 1928 4118 linteaminibus

366 4159 623 4229 positum,
679 4156 774 4214 sed
823 4157 1112 4226 separatim
1164 4156 1466 4210 involutum
1527 4157 1582 4210 in
1633 4171 1802 4209 ttnum
1852 4157 1932 4210 lo-

365 4268 512 4316 cum,
557 4251 762 4307 nullius
808 4249 1210 4320 trepidationis,
1245 4249 1403 4317 quasi
1451 4247 1604 4302 furto
1649 4249 1925 4303 sublatum

365 4358 567 4415 corpus
595 4342 811 4407 fuisset,
852 4341 1113 4396 indicium
1142 4347 1282 4396 erat.
1309 4338 1412 4406 Qui
1447 4340 1591 4395 enim
1620 4340 1812 4404 otium,
1844 4348 1928 4394 ta-

367 4437 544 4506 lisque
596 4435 866 4490 securitas
919 4432 1134 4487 furibus
1188 4431 1404 4497 fuisset,
1455 4441 1516 4484 ut
1559 4441 1929 4501 tegumentum

365 4528 529 4583 etiam
576 4527 774 4597 capitis
813 4533 946 4596 apte
980 4526 1341 4590 involverent,
1395 4531 1450 4577 et
1502 4523 1797 4592 separatim
1845 4522 1933 4577 de-

367 4619 672 4691 ponerent?
723 4618 910 4688 Itaque
956 4617 1062 4672 hoc
1105 4617 1266 4672 etiam
1307 4613 1596 4669 manifesto
1644 4615 1929 4668 veritatem

369 4709 792 4768 resurrectionis
825 4707 1146 4762 ostendebat
1179 4727 1192 4760 :
1225 4704 1386 4760 simul
1414 4715 1591 4759 autem
1617 4706 1780 4758 etiam
1814 4720 1932 4776 my-

371 4801 598 4859 sterium
644 4814 675 4854 a
723 4798 903 4854 divina
947 4797 1235 4867 majestate
1274 4796 1422 4850 haud
1456 4797 1694 4849 alienum
1735 4797 1933 4851 innue-

371 4897 463 4951 bat
492 4912 506 4948 :
541 4891 795 4948 nimirum
837 4890 982 4960 quod
1017 4896 1181 4958 caput
1211 4887 1432 4942 deitatis
1474 4887 1653 4943 locum
1682 4887 1933 4943 obtinens

372 4987 548 5057 (juxta
594 4983 752 5048 illud,
803 4979 973 5050 Caput
1019 4978 1222 5034 Christi
1269 4979 1500 5048 Deus”)
1534 4987 1583 5033 et
1624 4980 1715 5050 qui
1752 4979 1819 5034 de
1871 4995 1937 5034 eo

373 5080 592 5128 exstant
635 5085 938 5132 sermones,
995 5077 1216 5123 manent
1264 5069 1410 5122 circa
1457 5068 1640 5123 carnis
1689 5069 1940 5123 humanae

375 5164 805 5236 assumptionem
834 5162 989 5230 quasi
1025 5160 1250 5214 involuti
1291 5169 1454 5229 atque
1483 5159 1890 5216 indissolubiles
1919 5179 1932 5214 :

375 5257 588 5314 etiamsi
629 5254 912 5321 inferiora,
945 5268 1064 5323 quas
1094 5252 1241 5307 circa
1279 5251 1696 5321 dispositionem
1751 5261 1805 5307 et
1842 5251 1936 5306 ad-

379 5347 854 5412 ministrationem,
888 5350 1062 5418 'quam
1110 5347 1164 5400 in
1211 5361 1374 5400 carne
1402 5344 1632 5416 peregit,
1680 5351 1734 5399 et
1789 5343 1937 5397 circa

377 5457 520 5509 eam,
564 5457 726 5512 quam
759 5456 882 5494 cum
928 5440 1240 5495 hominibus
1287 5438 1341 5492 in
1375 5445 1520 5492 terra
1566 5434 1938 5490 conversatio-

382 5548 504 5589 nem
565 5531 754 5589 babuit
804 5533 1056 5605 (quarum
1119 5545 1301 5587 rerum
1359 5529 1572 5601 figura,
1625 5526 1938 5582 linteamina

459 5717 483 5748 '
517 5712 673 5770 Joan.
700 5730 790 5779 xx,
830 5714 911 5769 l3.

992 5715 1031 5744 ¹⁰
1067 5707 1470 5775 Juan.x1x,40.
1551 5706 1587 5737 ¹¹
1623 5704 1637 5758 l
1675 5705 1795 5760 Cor.
1831 5719 1902 5768 xi,
1940 5701 1991 5756 5.

1985 3126 1988 3129 _
2018 3061 2082 3113 τὸ
2125 3061 2194 3113 ὲν
2233 3060 2488 3123 ὀθονίοις
2511 3061 2662 3128 μετὰ
2708 3056 2828 3112 τῶν
2854 3057 3178 3127 ἀρωμάτων
3196 3098 3211 3123 ,
3241 3056 3435 3121 καθὼς
3461 3057 3628 3120 ἔθος-

2019 3149 2099 3223 ἦν
2125 3151 2249 3218 τοῖς
2286 3150 2586 3216 Ἰουδαίοις
2626 3149 3014 3219 ἐνταφιάζειν.
3051 3148 3176 3212 Πῶς
3219 3144 3315 3202 οὖν
3361 3148 3461 3200 οὐκ
3500 3149 3593 3218 ἐρ-

2020 3244 2192 3314 γῶδες
2218 3246 2328 3305 τοῖς
2353 3243 2645 3296 κλέπτουσι
2684 3242 2760 3296 τὸ.
2771 3241 2920 3294 λύειν
2946 3242 3072 3305 τοὺς
3103 3240 3339 3310 δεσμοὺς
3360 3278 3374 3303 ,
3406 3239 3502 3292 καὶ
3542 3238 3630 3292 τὸ-

2023 3337 2180 3408 σῶμα
2214 3335 2322 3390 τῶν
2355 3335 2582 3389 ὀθονίων
2634 3332 3006 3405 ἀπογυμνοῦν,
3049 3329 3626 3405 προσκεκολλημένωνε

2023 3428 2116 3480 καὶ
2143 3424 2606 3487 δυσαποσπάστως
2637 3424 2889 3495 ἐχόντων,
2922 3424 3014 3476 καὶ
3035 3422 3166 3494 πρὶν
3201 3419 3599 3492 ἀτοαμφιασθῆ-

2023 3534 2110 3570 ναι
2147 3516 2498 3587 ρηγνυμένων
2528 3532 2542 3581 ;
2572 3514 2823 3584 Μίγματι
2877 3514 2994 3584 γάρ·
3018 3513 3184 3582 ἀλόης
3226 3513 3320 3567 καὶ
3360 3509 3616 3581 σμύρνης,

2028 3609 2460 3681 συνεπλέκησαν,
2506 3609 2640 3678 ὅπερ
2682 3608 2905 3676 ἐκόμισε
2934 3607 3264 3676 Νικόδημος.
3312 3604 3471 3656 Ἀλλά
3509 3605 3604 3657 καὶ

2026 3702 2086 3756 τὸ
2120 3701 2396 3771 σουδάριον
2422 3739 2436 3764 ,
2470 3699 2498 3752 ὃ
2524 3695 2592 3769 ἦν
2625 3699 2718 3752 ἐπὶ
2745 3699 2845 3767 τῆς
2869 3697 3110 3766 κεφαλῆς
3135 3693 3298 3749 αὑτοῦ
3323 3733 3339 3756 ,
3372 3694 3432 3746 οὐ
3467 3693 3605 3763 μετά

2026 3793 2134 3844 τῶν
2167 3791 2382 3845 ὀθονίων
2407 3790 2673 3860 κείμενον,
2709 3787 2842 3841 ἀλλὰ
2871 3788 3036 3858 χωρὶς
3066 3783 3503 3853 ἐντετυλιγμένον
3525 3783 3605 3835 είς

2027 3877 2125 3932 ’ένα
2180 3879 2342 3932 τόπον
2363 3917 2376 3941 ,
2416 3877 2603 3930 οὐδένα
2633 3876 2856 3947 θόρυϐον
2883 3875 2959 3938 ὼς
2992 3875 3084 3928 ἐπὶ
3134 3872 3382 3927 κλεπτῶν
3413 3872 3606 3943 ἐδήλου

2029 3971 2298 4025 λαϐόντων
2327 3969 2387 4022 τὸ
2427 3970 2602 4040 σῶμα.
2629 3966 2737 4021 Ποῦ
2761 3967 2870 4038 γὰρ
2899 3965 3092 4036 σχολὴν
3117 3960 3264 4035 εἶχον
3295 3965 3343 4017 οἱ
3375 3963 3601 4017 κλέπται

2030 4063 2126 4118 καὶ
2154 4060 2403 4128 τοιαύτην
2431 4060 2633 4123 ἄδειαν,
2664 4059 2738 4121 ὡς
2775 4058 2869 4111 καὶ
2897 4057 2957 4111 τὸ
2987 4057 3086 4128 τῆς
3120 4055 3360 4126 κεφαλῆς
3391 4055 3598 4125 κάλυμο

2036 4174 2112 4227 μα
2136 4154 2276 4209 κατὰ
2303 4145 2455 4219 τάξιν
2481 4154 2640 4206 εἱλεῖν
2668 4152 2762 4206 καὶ
2811 4151 3018 4205 τιθέναι
3073 4151 3240 4222 χωρίς
3264 4168 3278 4217 ;
3315 4153 3478 4204 Ὥστε
3510 4150 3602 4204 καὶ

2032 4246 2189 4300 τοῦτο
2239 4247 2517 4315 συνίστησι
2555 4242 2742 4314 σαφῶς
2789 4245 2888 4314 τῆς
2928 4241 3276 4306 ἀναστάσεως
3327 4242 3423 4314 τὴν
3467 4242 3601 4311 ἀλή-

2032 4339 2182 4392 θειαν
2201 4354 2216 4369 ο
2247 4336 2362 4407 ἅμα
2393 4337 2451 4389 δὲ
2480 4337 2577 4390 καὶ
2609 4335 2902 4405 μυστήριον
2939 4333 3242 4405 παρεδήλου
3279 4333 3601 4405 θεοπρεπὲς,

2030 4429 2105 4493 ὡς
2131 4431 2164 4499 ἡ
2193 4429 2398 4500 κεφαλὴ
2424 4429 2521 4500 τῆς
2547 4429 2798 4499 θεότητος
2829 4425 2981 4492 τάξιν
3010 4425 3282 4496 ἐπέχουσα
3315 4426 3491 4497 (κατὰ
3520 4425 3604 4488 τὸ,

2045 4522 2118 4577 Ἡ
2142 4521 2376 4591 κεφαλὴ
2398 4522 2503 4576 τοῦ
2522 4519 2778 4589 Χριστοῦ
2806 4523 2839 4573 ό
2860 4519 3024 4589 Θεὸς)
3049 4560 3061 4580 ,
3091 4521 3186 4572 καὶ
3213 4521 3271 4572 old
3289 4519 3416 4589 περὶ
3441 4517 3608 4588 αὐτῆς

2035 4613 2183 4682 λόγοι
2239 4613 2458 4684 μένουσι
2525 4614 2620 4666 καὶ
2672 4611 2809 4682 μετὰ
2855 4613 2951 4682 τὴν
3000 4610 3410 4682 ἐνανθρώτῖησιν
3449 4611 3610 4662 οἱονεὶ

2037 4704 2460 4777 ὲνειλημ[μ]ένοι
2492 4705 2585 4758 καὶ
2637 4705 2909 4758 ἀδιάλυτοι
2933 4721 2947 4734 ⁸
2981 4703 3083 4757 κᾶν
3114 4703 3184 4756 τὰ
3212 4705 3363 4757 κάτω
3388 4702 3456 4755 τά
3480 4702 3606 4770 περὶ

2037 4798 2134 4868 τὴν
2166 4798 2425 4866 ἕνσαρκον
2453 4798 2759 4867 οἰκονομίαν
2779 4837 2793 4860 ,
2820 4797 2915 4850 καὶ
2943 4795 3040 4867 τὴν
3077 4796 3168 4848 ἐπὶ
3204 4795 3307 4865 γῆς
3335 4794 3469 4864 μετά
3515 4796 3609 4847 ἀν-

2041 4887 2272 4958 θρὼπων
2301 4886 2642 4958 ἀναστροφὴν
2670 4880 2765 4955 (ὧν
2792 4884 2959 4950 τύπος
2995 4881 3062 4955 ἦν
3092 4885 3162 4937 τὰ
3196 4885 3395 4954 ὀθόνια)
3422 4927 3436 4950 ,
3471 4883 3613 4938 κατὰ

2040 4981 2100 5035 τὸ
2123 4979 2343 5033 δυνατὸν
2373 4981 2505 5050 ἡμῖν
2538 4977 2840 5031 διαλέλυταί
2869 4994 2927 5030 τε
2974 4976 3067 5030 καὶ
3095 4975 3459 5046 ἐψηλάφηται.
3505 4975 3614 5027 Καὶ

2039 5071 2209 5124 ταῦτα
2260 5071 2455 5133 ἰδόντες
2501 5071 2550 5122 οἱ
2602 5070 2728 5139 περὶ
2763 5069 2854 5122 τὸν
2885 5069 3088 5138 Πέτρον
3125 5068 3448 5120 ἐπίστευσαν
3473 5105 3487 5129 ,
3516 5067 3612 5137 οὐχ

2042 5161 2226 5224 ἀπλῶς
2268 5161 2445 5230 μόνον,
2469 5160 2603 5214 ἀλλὰ
2624 5161 2717 5214 καὶ
2744 5160 3008 5229 κρείττονι
3039 5158 3115 5228 νῷ
3156 5158 3249 5211 καὶ
3275 5157 3614 5228 ἀποστολικῷ

2041 5246 2382 5318 θεασάμενοι.
2427 5249 2644 5318 Πλήρης
2677 5248 2783 5318 γὰρ
2832 5244 2899 5318 ἦν
2927 5250 2954 5301 ὀ
2997 5248 3164 5316 τάφος
3214 5246 3423 5315 φωτὸς,
3473 5246 3615 5301 ὥστε

2040 5340 2135 5392 καὶ
2158 5339 2348 5402 νυκτὸς
2381 5337 2546 5409 οὔσης
2583 5338 2699 5402 ἔτι,
2738 5337 2936 5399 διπλῶς
2981 5334 3272 5390 θεάσασθαι
3325 5335 3394 5388 τὰ
3442 5335 3611 5398 ἔνδον,

2041 5431 2136 5484 καὶ
2164 5429 2436 5500 αἰσθητῶς
2463 5431 2555 5483 καὶ
2578 5427 2978 5498 πνευματικῶς.
3001 5428 3065 5480 Εἰ
3088 5426 3193 5498 γὰρ
3225 5425 3340 5496 φῶς
3363 5427 3614 5493 δικαίοις,

2040 5522 2182 5577 κατὰ
2213 5522 2274 5576 τὸ
2309 5509 2726 5593 γεγραμμένον,
2764 5519 2852 5573 διὰ
2908 5518 3142 5582 παντὸς,
3185 5517 3364 5588 πολλῷ
3418 5518 3616 5588 μᾶλλον
