4154 6354
444 318 549 375 037

1327 315 1397 370 ΙΝ
1455 316 1742 372 CHRISTI
1786 313 2654 371 RESURRECTIONEMORAT.
2690 312 2756 369 ΙΙ.

3606 311 3711 367 658

440 436 525 507 τῷ
558 436 668 491 τῶν
696 436 917 491 δικαίων
956 434 1093 505 Θεῷ.
1134 437 1257 489 Οὐκ
1289 436 1669 490 ἐπίστευσαν
1702 436 1769 489 δὲ
1794 477 1807 498 ,
1841 436 2025 505 φησιν,

2137 436 2311 502 erant)
2347 435 2687 498 acciderunt,
2720 440 2989 504 quantum
3029 446 3151 501 ejus
3180 430 3297 484 ﬁeri
3333 430 3513 500 potuit
3539 444 3569 483 a
3612 446 3713 484 no-

444 530 573 584 ἐπεὶ
603 529 850 599 μηδέπω
879 526 1133 598 ᾔδεισαν
1158 527 1275 595 τὴν
1307 530 1584 597 Γραφὴν,
1616 528 1704 581 ὅτι
1729 529 1823 581 δεῖ
1843 528 2030 581 αὐτὸν

445 623 516 676 ἐκ
544 621 771 689 νεκρῶν
797 620 1156 689 ἀναστῆναι.
1191 621 1296 674 Kal
1338 622 1441 691 μὴν
1469 624 1691 693 ᾔδεισαν
1719 621 1813 674 τοῦ
1844 622 2028 689 Σωτῆ-

451 729 542 782 ρος
570 712 753 773 αὑτοῖς
786 710 1045 773 πολλάκις
1079 713 1467 780 προειρηκότος
1495 752 1509 772 ,
1545 712 1619 775 ὠς
1642 712 2025 778 ἀναστήσεται·

448 802 564 856 ἀλλ’
600 803 696 872 οὑχ
723 802 799 865 ὡς
838 802 946 854 ἀπὸ
976 804 1073 872 τῆς
1109 804 1331 874 Γραφῆς
1388 803 1740 873 πεπεισμένοι
1785 803 1878 854 καὶ
1924 800 2031 853 τῶν

449 892 657 947 ἐκεῖθεν
704 894 1018 965 φερομένων
1046 896 1311 967 χρησμῶν
1347 895 1365 965 (
1397 895 1488 958 οὒς
1523 896 1596 965 μὴ
1649 895 1875 965 ἐκϐῆναι
1925 895 2033 946 τῶν

448 986 720 1040 ἀδύνατων
742 983 809 1058 ἦν
833 990 851 1056 )
874 1028 890 1053 ,
921 988 1036 1041 ἀλλ’
1065 988 1144 1042 ἔτι
1176 989 1303 1060 περ).
1339 989 1438 1059 τὴν
1469 989 1651 1041 πίστιν
1688 986 2029 1051 όκλάζοντες.

2136 525 2224 580 bis
2275 526 2541 580 dissoluta
2605 535 2769 595 atque
2822 530 3162 580 contrectata
3208 524 3339 577 sint.
3387 522 3567 592 Atque
3626 522 3714 575 his

2136 618 2274 673 visis
2318 618 2513 673 Petrus
2561 626 2616 673 et
2662 632 2848 672 comes
2875 617 2995 685 ejus
3024 616 3402 680 crediderunt,
3435 631 3561 669 cum
3603 631 3714 669 non

2138 712 2463 781 simpliciter
2495 710 2695 774 solum,
2737 714 3095 763 verumetiam
3122 708 3487 778 praestantiori
3532 718 3717 761 meme

2140 818 2203 857 ac
2231 818 2399 859 sensu
2430 801 2737 871 apostolico
2763 816 2878 855 rem
2909 807 3266 870 spectassem.
3308 798 3535 853 Plenum
3568 798 3714 853 enim

2130 894 2356 950 luminis
2399 902 2518 949 erat
2548 895 2884 963 sepulcrum,
2915 901 2977 947 ut
3006 892 3218 947 etiamsi
3265 906 3370 945 nox
3408 889 3588 945 adhuc
3629 906 3717 944 es.

2132 995 2237 1051 set,
2271 986 2568 1057 dupliciter
2603 995 2812 1046 tamen,
2844 995 2955 1039 tum
3004 984 3361 1048 sensibiliter,
3410 994 3523 1039 tum
3555 985 3717 1053 spiri-

451 1082 671 1137 tualiter
703 1083 955 1139 viderent
986 1098 1051 1137 ea
1100 1100 1221 1153 qua:
1253 1084 1404 1139 intus
1442 1092 1619 1138 erant.
1656 1082 1792 1137 Nam
1847 1082 1895 1137 si
1936 1084 2028 1137 lux
2058 1082 2227 1151 justis
2262 1092 2549 1153 perpetuo,
2587 1090 2751 1151 prout
2800 1082 3065 1148 scriptum
3107 1089 3213 1143 est,
3290 1081 3461 1133 multo
3538 1080 3718 1150 magis

445 1176 719 1246 justorum
783 1175 915 1232 Deo.
984 1176 1107 1231 Non
1137 1177 1475 1232 crediderunt
1518 1187 1718 1241 autem,
1752 1177 1954 1247 inquit,
1983 1178 2110 1247 quia
2148 1177 2380 1231 nondum
2411 1185 2661 1230 noverant
2703 1173 3055 1243 Scripturam,
3084 1172 3221 1242 quod
3252 1182 3505 1241 oporteret
3540 1188 3656 1224 eum
3685 1189 3720 1226 a

448 1272 669 1325 mortuis
699 1287 968 1341 resurgere
995 1273 1061 1327 η.
1093 1273 1255 1343 Atqui
1287 1274 1559 1337 sciebant,
1625 1274 1754 1344 quia
1798 1274 2062 1329 Servator
2098 1273 2182 1327 eis
2235 1288 2381 1342 saepe
2452 1272 2801 1342 praedixerat,
2856 1270 3003 1342 quod
3064 1279 3482 1325 resurrecturus
3525 1276 3715 1323 esset:

449 1360 547 1416 sed
586 1377 698 1417 non
749 1372 1007 1441 tanquam
1040 1378 1070 1417 a
1112 1363 1419 1435 Scriptura,
1472 1374 1639 1437 atque
1685 1366 1819 1421 inde
1887 1365 2074 1436 petitis
2114 1365 2359 1419 oraculis
2409 1364 2551 1434 (quze
2604 1363 2717 1419 ﬁeri
2756 1379 2867 1418 non
2920 1370 3154 1433 poterat,
3226 1362 3358 1433 quin
3414 1360 3719 1431 evenirent)

448 1458 694 1523 adducti,
726 1460 821 1515 sed
849 1466 1109 1530 tauquam
1138 1460 1290 1515 circa
1325 1461 1485 1516 ﬁdem
1520 1462 1700 1517 adhuc
1739 1463 2087 1517 labascentes
2117 1469 2285 1531 atque
2318 1460 2724 1515 claudicantes.

524 1550 829 1623 Παρίστησι
882 1552 939 1605 δὲ
990 1552 1051 1606 τὸ
1090 1553 1295 1625 γυμνὸν
1332 1556 1423 1608 τὸν
1472 1554 1679 1626 Ἰησοῦν
1711 1556 2029 1627 ἀναστῆναι,

2210 1553 2481 1608 Caeterum
2510 1552 2655 1623 quod
2690 1551 2869 1607 nudus
2888 1549 3047 1607 Jesus
3075 1551 3284 1621 absque
3311 1548 3721 1603 linteaminibus

446 1641 555 1697 τῶν
606 1642 827 1696 ὀθονίων
886 1643 1094 1712 χωρὶς,
1145 1644 1205 1697 τὸ
1246 1644 1511 1715 μηδαμῶς
1548 1645 1710 1698 αὑτὸν
1764 1645 1845 1698 ἔτι
1893 1645 2034 1698 κατά

2137 1646 2458 1710 resurrexit,
2495 1645 2771 1715 signiﬁcat
2798 1660 2923 1699 eum
2965 1656 3313 1714 nequaquam
3352 1642 3580 1711 posthac
3609 1640 3719 1695 cibi

450 1734 629 1801 σάρκα
656 1735 1069 1806 γνωσθήσεσθαι
1109 1737 1314 1808 τροφῆς
1352 1736 1384 1806 ῆ
1420 1737 1582 1788 ποτοῦ
1615 1736 2031 1808 δεηθησόμενον,

447 1828 480 1897 ἥ
508 1827 817 1899 ἐνδυμάτων
859 1829 1173 1899 περιϐολῆς.
1206 1829 1267 1881 El
1296 1829 1388 1883 ml
1426 1830 1524 1899 τὴν
1565 1830 1871 1900 οἰκονομίαν
1900 1830 2035 1901 πλη-

452 1920 562 1991 ρῶν
586 1961 602 1985 ,
650 1921 859 1984 τούτοις
896 1919 1038 1974 ἑκὼν
1070 1921 1341 1992 ὑπέθηκεν
1371 1922 1560 1974 ἑαυτὸν
1585 1965 1599 1987 ,
1630 1923 1705 1987 ὡς
1732 1923 1833 1992 τῆς
1865 1923 2036 1992 αὑτῆς

448 2011 664 2082 φύσεως
696 2015 1033 2083 κοινωνήσας
1066 2016 1197 2085 ἡμῖν
1225 2055 1241 2080 ,
1276 2013 1466 2066 ἔπειτα
1511 2014 1568 2067 δὲ
1616 2014 1765 2086 δηλοῖ
1793 2016 1887 2068 ml
1936 2015 2033 2085 τὴν

446 2104 541 2159 τοῦ
582 2104 754 2163 Ἀδὰμ
779 2107 857 2169 εἰς
885 2106 946 2158 τὸ
967 2106 1192 2178 ἀρχαῖον
1219 2106 1684 2171 ἀποκατάστασιν,
1714 2108 1803 2160 ὅτε
1831 2108 2035 2177 γυμνὸς

447 2193 516 2267 ἦν
544 2199 601 2251 ὲν
628 2197 706 2267 τῷ
743 2198 1056 2269 παραδείσῳ
1108 2201 1202 2254 καὶ
1243 2201 1343 2255 οὑκ
1392 2201 1673 2272 ᾐσχύνετο.
1702 2201 1901 2254 Λοιπὸν
1925 2201 2035 2270 γὰρ

448 2291 523 2353 ὡς
547 2290 679 2355 Θεὸς
704 2330 718 2355 ,
748 2292 798 2344 εἰ
829 2292 921 2344 ml
950 2308 1077 2344 σεσα
1089 2293 1365 2364 ρκωμένος
1387 2334 1402 2357 ,
1451 2293 1575 2363 δόξῃ
1623 2295 1688 2363 τῇ
1735 2292 2035 2365 θεοπρεπεέ

452 2383 620 2454 στάτῃ
654 2382 1067 2454 περιεϐέϐλητο,
1102 2383 1263 2447 αὑτὸς
1293 2382 1370 2436 ὣν
1397 2384 1426 2436 6
1460 2382 1893 2453 ἀναϐαλλόμενος
1919 2382 2036 2451 φῶς

449 2472 527 2537 ὡς
560 2476 796 2544 ἱμάτιον,
905 2493 1068 2546 φησιν
1109 2477 1137 2529 6
1167 2477 1450 2547 προφήτης
1476 2475 1659 2530 Δαόἱδ.
1704 2475 1840 2527 Ἀλλ’
1874 2478 1902 2528 ό
1937 2476 2036 2545 μὲν

450 2565 655 2637 Πέτρος
685 2566 778 2620 ml
817 2567 1070 2636 Ἰωάννης
1110 2567 1474 2631 πιστωθέντες
1516 2569 1579 2620 ἐκ
1616 2566 1724 2620 τῶν
1776 2566 2035 2637 τεθεαμέ-

448 2673 576 2720 νων,
621 2656 929 2728 ἀνεχώρουν
977 2657 1195 2711 οἴκαδεο
1248 2661 1313 2728 τῇ
1344 2658 1530 2729 Μαρίᾳ
1564 2659 1620 2711 δὲ
1672 2656 1822 2711 εἶπον
1859 2660 2031 2713 οὑδέν.

462 2747 741 2819 ᾮκονόμει
796 2749 906 2819 γὰρ
950 2751 979 2803 6
1015 2749 1173 2819 μόνος
1230 2749 1428 2815 σοφὸς,
1479 2749 1553 2813 ὡς
1596 2750 1932 2804 ἀπιστοῦσαν
1971 2753 2035 2805 ἐκ

450 2838 577 2901 θέας
601 2840 770 2911 αὐτὴν
799 2840 1170 2911 προσάγεσθαι
1204 2842 1432 2912 μᾶλλον,
1462 2842 1495 2912 ἢ
1524 2841 1711 2911 ἀκοῆς.
1754 2842 2035 2908 Εὶστήκει

448 2932 628 2985 τοίνυν
657 2932 808 2999 πρὸς
834 2932 915 2997 τῷ
946 2932 1213 3002 μνήματι
1242 2933 1360 2997 ἔξω
1410 2934 1709 2987 κλαίουσα
1729 2974 1743 2996 ,
1784 2933 1881 2986 καὶ
1924 2948 2035 2987 πα-

444 3026 777 3094 ρακύψασα
801 3021 962 3079 εἶδεν
985 3025 1282 3094 ἀγγέλους
1332 3025 1441 3079 δύο
1479 3024 1739 3089 λευκοὺς
1770 3025 1865 3077 καὶ
1899 3040 2034 3093 φαι-

450 3116 631 3187 δροὺς
658 3116 734 3186 τῇ
780 3116 1008 3185 στολῇ,
1051 3116 1480 3186 καθεζομένους
1506 3116 1615 3169 ἕνα
1653 3115 1802 3183 πρὸς
1833 3115 1908 3183 τῇ
1938 3132 2035 3169 κε-

449 3208 647 3279 φαλῇ,
681 3209 781 3263 καὶ
808 3209 917 3263 ἕνα
960 3209 1111 3276 πρὸς
1165 3188 1290 3272 ἑοῖς
1320 3208 1525 3273 ποσὶν,
1574 3208 1726 3261 ὅπου
1752 3206 1943 3261 ἔκειτο
1968 3206 2037 3259 τὸ

450 3302 624 3372 σῶμα
659 3302 766 3357 τοῦ
812 3301 1060 3369 Ἰησοῦ*
1104 3301 1197 3373 καὶ
1252 3301 1369 3353 δέον
1419 3301 1513 3354 τὸν
1559 3300 1790 3370 όδυρμὸν
1830 3302 1910 3362 εἰς
1946 3300 2037 3351 εὑ-

453 3393 725 3466 φροσὺνην
757 3394 1098 3464 μεταϐαλεῖν,
1124 3393 1232 3447 τῶν
1252 3393 1505 3464 δακρύων
1530 3393 1631 3447 οὑκ
1653 3393 1864 3463 ἔληγεν,
1894 3390 2036 3444 ὥστε

450 3488 576 3551 τοὺς
607 3486 871 3555 ἀγγέλους
901 3488 1063 3540 οἱονεὶ
1098 3487 1214 3557 μετ’
1262 3488 1634 3557 ἐπιτιμήσεως
1665 3486 1838 3538 εἰπεῖν
1863 3503 1878 3517 ·
1921 3488 1970 3537 Γ
1973 3485 2037 3538 ὐ-

451 3593 570 3640 ναι,
629 3578 688 3630 τί
734 3577 995 3640 ululare;
1038 3575 1239 3629 ὡσανεὶ
1259 3574 1473 3644 ἔλεγον·
1523 3576 1815 3628 Γυναικεῖα
1863 3573 2036 3626 ταῦτα

450 3668 522 3721 τὰ
569 3668 814 3739 δάκρυα,
850 3669 950 3721 οὑκ
981 3666 1239 3739 εὔφρονος
1282 3668 1395 3720 νοῦ.
1430 3666 1539 3720 Ποῦ
1570 3666 1680 3737 γάρ
1714 3665 1893 3737 χώραν
1924 3666 2036 3735 ἔχει

449 3760 513 3815 τὸ
551 3762 688 3831 μετά
720 3760 975 3830 τοιαύτην
1022 3760 1150 3813 θέαν
1184 3760 1506 3830 όδύρεσθαι;
1536 3760 1777 3830 Κάκείνη
1810 3760 1908 3828 τῆς
1943 3760 2039 3811 αὑ-

450 3858 550 3925 τῆς
587 3854 843 3916 ἀπιστίας
880 3854 1114 3923 ἐχομένη
1156 3852 1550 3923 (παρετεενετο
1595 3854 1702 3923 γάρ
1732 3852 1790 3905 τὸ
1826 3852 1996 3915 πάθος
2018 3892 2035 3915 ,

453 3948 541 4000 ἵνα
572 3950 683 4009 τοῖς
730 3944 875 3999 κατὰ
928 3946 1123 4016 μικρὸν
1171 3942 1580 4015 προτιθεμένοις
1626 3945 1705 4007 εἰς
1739 3943 1918 3996 πίστιν
1951 3961 2039 3996 τε-

451 4039 609 4102 λείως
641 4037 1069 4109 ὲκκαθαρθείη),
1103 4038 1239 4108 πρὸς
1282 4037 1479 4099 αὑτοὺς
1524 4032 1672 4089 εἶπεν
1716 4038 1799 4089 ὅτι
1847 4032 2039 4103 ’Ἥραν

454 4130 560 4183 τὸν
595 4130 810 4196 Κύριον
843 4146 961 4197 μου
1003 4128 1072 4179 ἐκ
1114 4127 1220 4180 τοῦ
1266 4127 1596 4195 μνημείου,
1644 4126 1739 4178 καὶ
1771 4128 1880 4179 οὐκ
1907 4121 2039 4177 οἶδα

455 4220 571 4273 ποῦ
602 4220 827 4285 ἔθηκαν
867 4218 1072 4271 αὐτόν.
1109 4217 1216 4269 Καὶ
1255 4215 1440 4268 ταῦτα
1466 4214 1722 4267 εἰποῦσα
1765 4212 2035 4281 ἐστράφη

2135 1750 2383 1809 potusve,
2413 1748 2507 1792 aut
2537 1738 2983 1793 indumentorum
3017 1736 3341 1807 gestaminis
3372 1742 3537 1803 atque
3583 1748 3718 1803 ope-

2135 1831 2355 1885 rimenti
2381 1840 2631 1901 egentem
2670 1831 2722 1883 in
2769 1845 2937 1883 carne
2986 1828 3267 1899 cognitum
3315 1827 3401 1880 iri.
3441 1824 3505 1879 Et
3550 1826 3595 1879 si
3634 1825 3713 1887 id,

2136 1927 2285 1995 quod
2342 1925 2646 1988 decretum,
2695 1922 3020 1992 dispositum
3068 1935 3132 1976 ac
3188 1920 3519 1975 destinatum
3577 1925 3717 1981 erat,

2135 2033 2445 2089 exsequens
2472 2025 2525 2072 et
2556 2015 2950 2071 administrans
2988 2022 3182 2084 sponte
3215 2029 3311 2068 sua
3348 2028 3405 2067 se
3439 2011 3526 2065 his
3554 2011 3719 2065 rebus

2137 2111 2395 2181 subjecit,
2444 2116 2505 2163 ut
2551 2108 2643 2177 qui
2687 2106 2932 2176 ejusdem
2980 2105 3264 2159 nobiseum
3303 2112 3510 2158 naturae
3555 2104 3721 2173 parti-

2137 2216 2267 2271 ceps
2312 2206 2460 2257 esset
2494 2220 2505 2255 :
2538 2198 2734 2253 deinde
2781 2196 3055 2266 signiﬁcat
3081 2196 3243 2250 etiam
3294 2194 3486 2249 Adami
3523 2194 3577 2248 in
3608 2194 3723 2265 pri-

2138 2295 2344 2349 stinum
2377 2302 2578 2349 statum
2611 2290 3043 2350 restitutionem,
3073 2289 3129 2342 in
3158 2304 3267 2357 quo
3293 2288 3477 2343 nudus
3511 2296 3630 2343 erat
3662 2288 3719 2343 in

2137 2385 2416 2456 paradiso,
2450 2392 2505 2439 et
2530 2398 2641 2438 non
2676 2380 3058 2437 erubescebat.
3092 2378 3226 2433 Nam
3257 2379 3325 2433 de
3357 2387 3555 2433 caetero
3590 2387 3718 2433 tan-

2135 2492 2299 2548 quam
2345 2476 2510 2542 Deus,
2564 2476 2691 2531 licet
2735 2475 3087 2539 incarnatus,
3145 2472 3340 2545 gloria,
3386 2488 3509 2544 quae
3547 2471 3720 2529 Deum

2136 2570 2375 2625 maxime
2408 2569 2587 2633 decet,
2618 2566 2996 2622 circumdatus
3041 2575 3181 2631 erat,
3218 2581 3345 2620 cum
3382 2566 3498 2636 ipse
3535 2566 3607 2621 sit
3646 2566 3718 2630 is,

2136 2663 2228 2731 qui
2257 2662 2464 2716 lumine
2495 2668 2757 2731 tanquam
2790 2659 2960 2730 pallio
2992 2658 3260 2722 induitur,
3288 2667 3350 2712 ut
3380 2659 3559 2728 inquit
3591 2674 3722 2729 pro-

2135 2753 2297 2822 pheta
2327 2752 2496 2807 David
2521 2752 2585 2803 ¹³.
2622 2752 2701 2805 Ae
2740 2749 2935 2804 Petrus
2971 2749 3190 2819 quidem
3226 2758 3279 2803 et
3304 2747 3567 2811 Joannes,
3614 2748 3721 2804 ﬁde

2138 2843 2273 2911 ipsis
2310 2859 2377 2896 ex
2414 2843 2481 2897 iis
2549 2857 2672 2911 quae
2707 2841 2958 2895 viderant
3006 2839 3174 2904 facta,
3205 2840 3428 2895 domum
3484 2852 3723 2896 reverte-

2140 2942 2299 3000 runt;
2324 2933 2508 2991 Mariae
2533 2950 2663 2989 vero
2702 2934 2840 2988 nihil
2879 2933 3154 2987 dixerunt.
3204 2934 3447 2989 Curabat
3475 2935 3622 2989 enim
3662 2942 3721 2989 et

2137 3041 2359 3095 operam
2400 3027 2567 3081 dabat
2616 3027 2682 3091 is,
2722 3027 2817 3096 qui
2849 3027 3001 3081 solus
3032 3026 3252 3096 sapiens
3295 3036 3399 3091 est,
3446 3035 3504 3080 ut
3558 3025 3718 3081 iidem

2135 3132 2246 3171 nou
2277 3116 2485 3171 habens
2516 3132 2613 3187 per
2644 3132 2707 3172 ea
2735 3132 2856 3187 quae
2898 3118 3107 3173 videret
3154 3119 3357 3189 potius,
3402 3133 3566 3188 quam
3595 3133 3721 3188 qua:
3793 3176 3811 3187 ι

2137 3209 2374 3274 audiret,
2423 3212 2490 3262 ad
2520 3208 2855 3264 credendum
2900 3209 3285 3266 adduceretur.
3322 3211 3513 3265 Stabat
3553 3210 3722 3283 igitur

2127 3300 2289 3370 juxta
2322 3310 2717 3354 monumentum
2753 3302 2887 3371 foris
2913 3301 3157 3371 plorans,
3190 3313 3238 3357 et
3261 3319 3381 3356 cum
3410 3303 3720 3357 inclinasset

2137 3408 2213 3453 se,
2244 3390 2373 3444 vidit
2410 3390 2626 3459 angelos
2663 3391 2797 3446 duos
2826 3401 2961 3447 veste
2987 3394 3219 3447 candida
3246 3396 3479 3464 insignes
3507 3405 3556 3449 et
3592 3395 3722 3448 illu-

2137 3493 2294 3547 stres,
2332 3484 2568 3537 sedentes
2614 3500 2780 3537 unum
2826 3485 2895 3538 ad
2935 3496 3114 3554 caput,
3165 3486 3396 3540 alterum
3437 3486 3506 3540 ad
3541 3486 3718 3556 pedes,

2136 3575 2225 3627 ubi
2239 3575 2488 3643 jacuerat
2515 3592 2704 3644 corpus
2736 3574 2864 3630 Jesu
2890 3578 2934 3607 ”
2967 3596 2980 3632 :
3015 3586 3069 3632 et
3109 3593 3234 3631 cum
3274 3579 3718 3635 lamentationem

2137 3666 2324 3721 lmtitia
2357 3678 2696 3722 commutare
2734 3678 3034 3737 oporteret,
3075 3670 3369 3740 lacrymari
3411 3685 3519 3724 non
3567 3671 3718 3726 decl-

2138 3759 2336 3819 stebat,
2372 3759 2508 3814 adeo
2540 3770 2599 3813 ut
2635 3762 2810 3829 angeli
2848 3763 3004 3830 quasi
3060 3778 3183 3817 eum
3229 3763 3605 3833 increpatione
3632 3764 3718 3819 di-

2138 3859 2328 3904 cercnt
2356 3868 2370 3903 :
2408 3850 2628 3915 Mulier,
2669 3852 2795 3922 quid
2827 3853 2920 3921 ﬂes
2941 3856 2966 3907 ?
2990 3854 3217 3923 perinde
3248 3870 3312 3909 ac
3352 3858 3396 3910 si
3427 3857 3671 3910 dicerent
3699 3876 3715 3912 :

2138 3942 2431 3999 Muliebres
2491 3944 2574 3998 ha:
2619 3953 2749 3999 sunt
2813 3947 3111 4017 lacrynue,
3173 3963 3283 4001 non
3359 3949 3466 4003 laeti
3527 3950 3717 4003 animi.

2138 4034 2241 4100 Qui
2289 4037 2435 4089 enim
2482 4037 2661 4089 locum
2711 4038 2877 4093 habet
2928 4039 3246 4094 lamentatio
3274 4050 3397 4110 post
3451 4042 3557 4095 tale
3604 4056 3721 4109 spe-

2138 4127 2455 4181 ctaculum?
2488 4127 2665 4197 Atque
2694 4130 2783 4183 illa
2834 4131 2888 4184 in
2927 4131 3116 4186 eadem
3170 4133 3553 4188 incredulitate
3595 4147 3720 4203 per-

2139 4235 2401 4274 severans
2434 4219 2859 4291 (prorOgabatur
2886 4224 3031 4276 enim
3075 4231 3129 4278 et
3174 4224 3569 4279 extendebatur
3593 4240 3719 4295 per-

453 4314 540 4376 εἰς
583 4311 655 4364 τὰ
689 4311 913 4374 ὀπίσω,
968 4308 1066 4361 καὶ
1129 4307 1334 4373 θεωρεῖ
1363 4305 1468 4358 τὸν
1504 4305 1746 4371 Ἰησοῦν
1786 4305 2035 4365 ἑστῶτα,

2142 4313 2402 4375 turbatio,
2442 4323 2499 4367 ut
2530 4329 2624 4383 per
2652 4330 2715 4367 ea
2759 4330 2882 4383 qua
2911 4315 3170 4383 paulatim
3200 4316 3619 4385 adﬁciebantur,
3651 4317 3720 4372 ad

456 4400 553 4455 καὶ
585 4403 695 4454 οὐκ
748 4400 878 4468 ᾔδει
916 4400 1003 4453 ὅτι
1042 4398 1271 4465 Ἰησοῦς
1316 4396 1446 4448 ἐστι
1468 4414 1480 4426 ·
1511 4396 1667 4449 τοῦτο
1703 4398 1799 4465 μὲν
1830 4398 1893 4449 ἐκ
1926 4397 2034 4449 τῶν

454 4491 704 4563 δακρύων
731 4490 1181 4561 ὲπισκοτουμένη,
1212 4490 1307 4542 καὶ
1334 4484 1444 4541 οἷον
1474 4488 1633 4558 ἀχλύῖ
1663 4488 2035 4558 βεϐαρημένη,

454 4586 611 4638 τοῦτο
652 4585 708 4638 δὲ
742 4583 835 4637 τοῦ
874 4584 1044 4653 Ἰησοῦ
1093 4582 1501 4653 οἱκονομοῦντος
1530 4580 1591 4632 τὸ
1627 4583 1700 4649 μὴ
1731 4579 2036 4648 γνωσθῆναι

454 4678 592 4748 αὐτῇ
619 4694 631 4706 ·
657 4677 737 4729 διὸ
777 4675 871 4727 ml
906 4670 1025 4727 εἷπε
1050 4692 1063 4705 ·
1094 4676 1281 4728 Γύναι
1308 4714 1322 4736 ,
1362 4674 1419 4726 τί
1457 4673 1726 4737 retulere;
1762 4672 1900 4725 Τίνα
1942 4670 2036 4736 ζη-

452 4768 614 4835 τεῖς;
658 4769 888 4835 Ἑκείνη
914 4767 1182 4820 δοκοῦσα
1221 4766 1310 4818 ὅτι
1355 4769 1386 4817 ὁ
1422 4766 1727 4832 κηπουρός
1753 4763 1883 4816 ἐστι
1903 4803 1916 4825 ,
1938 4762 2037 4814 .Ιέ-

450 4880 542 4935 ⁴γει
566 4860 726 4926 αὺτῷ
750 4879 762 4891 ·
794 4862 1002 4927 Κύριε,
1047 4862 1096 4913 εὶ
1144 4858 1225 4912 σὺ
1254 4858 1595 4923 ἐϐάστασας
1643 4856 1863 4920 αὑτὸν,
1906 4855 2037 4908 ειπέ

450 4972 550 5025 μοι
590 4954 705 5007 ποῦ
740 4955 959 5019 ἔθηκας
988 4951 1175 5005 αὑτὸν
1198 4990 1214 5014 ,
1264 4950 1425 5019 κάγὼ
1479 4948 1669 5001 αὑτὸν
1712 4947 1852 5015 ἀρῶ.
1886 4948 2041 5016 Τάχα

451 5045 507 5099 δὲ
548 5046 647 5097 οὑκ
690 5044 794 5108 ἔξω
836 5042 930 5095 τοῦ
964 5041 1263 5111 πρέποντος
1297 5039 1571 5111 κηπουρὸν
1600 5039 1870 5093 ὑπέλαϐεν
1899 5036 2037 5094 εἷναι

450 5138 543 5191 τὸν
581 5136 787 5207 Ἰησοῦν
813 5156 824 5166 ·
856 5137 933 5206 τῷ
966 5136 1081 5187 δντι
1112 5135 1219 5204 γὰρ
1248 5130 1313 5204 ἦν
1346 5134 1505 5196 αὐτὸς
1532 5134 1560 5185 ό
1583 5133 1676 5185 τοῦ
1711 5134 2037 5204 παραδείσου

452 5230 696 5300 γεωργὸς
734 5228 939 5299 ἀληθὴς
984 5229 1075 5279 ml
1105 5226 1400 5287 ἀθάνατος,
1434 5226 1491 5276 ἐν
1523 5226 1599 5294 τῷ
1625 5224 1717 5276 τοῦ
1761 5227 2039 5294 μνήματος

454 5324 615 5393 κήπῳ
658 5321 909 5390 καθάπερ
960 5322 1018 5371 ὲν
1068 5318 1144 5389 τῷ
1172 5318 1486 5389 παραδείσῳ
1521 5317 1621 5387 τὴν
1661 5320 1915 5385 γυναῖκα,
1938 5317 2036 5387 τὴν

454 5414 515 5477 ἐξ
537 5415 790 5477 ἀπιστίας
815 5415 906 5467 τὸν
948 5412 1119 5479 ’Λδάμ
1155 5411 1244 5463 τὸν
1284 5410 1498 5481 πρῶτον
1527 5410 1798 5479 κηπουρὸν
1827 5411 2037 5482 ἀπατή-

456 5504 1046 5575 σασαν,διορθούμενος.
1078 5502 1265 5565 Οὕτως
1296 5498 1389 5554 οῦν
1422 5501 1635 5554 ἅπαντα
1662 5499 2031 5571 μυστηριώδη,

456 5598 549 5651 καὶ
578 5597 748 5666 λόγων
772 5596 981 5666 ἔμπλεα
1009 5595 1293 5665 θειοτέρων
1323 5593 1414 5647 ml
1444 5591 1683 5663 ὑψηλῶν.

2142 4403 2473 4457 credendum
2524 4404 2769 4474 perfecte
2818 4409 3236 4478 expurgarctur)
3275 4407 3341 4460 ad
3392 4423 3488 4462 eos
3534 4409 3717 4466 dixit:

2142 4495 2487 4549 Sustulernnt
2531 4496 2815 4549 Dominum
2849 4514 3022 4550 meum
3052 4514 3117 4551 ea:
3149 4508 3507 4563 monumento,
3542 4510 3589 4552 et
3630 4494 3740 4553 nev"

2140 4586 2249 4637 scio
2286 4584 2376 4638 ubi
2408 4587 2679 4653 posuerint
2712 4603 2851 4640 eum.
2900 4588 3067 4656 Atque
3102 4588 3212 4641 lucc
3257 4589 3431 4641 locuta
3469 4606 3720 4643 conversa

2139 4686 2216 4729 cst
2248 4686 2559 4742 retrorsum,
2614 4688 2663 4731 et
2702 4678 2838 4732 ridet
2880 4677 3060 4732 Jesum
3096 4689 3347 4747 stantem,
3394 4698 3485 4735 nec
3524 4680 3721 4733 sciebat

2140 4769 2277 4839 quod
2309 4767 2465 4823 Jesus
2488 4780 2642 4823 esset.
2684 4769 2887 4824 Partim
2918 4773 3063 4842 quod
3106 4789 3217 4843 prie
3261 4774 3518 4844 laerymis
3547 4767 3749 4847 uti'usa',

2142 4861 2406 4925 tenebris,
2445 4869 2498 4915 et
2528 4863 2684 4931 quasi
2729 4864 2963 4933 caligine
3011 4877 3235 4933 gravata
3286 4876 3479 4932 esset;
3519 4860 3745 4936 partim'

2140 4952 2286 5021 quod
2330 4954 2493 5007 etiam
2522 4952 2683 5009 Iesus
2742 4956 2947 5009 interea
2992 4973 3104 5010 rem
3144 4958 3220 5009 ita
3260 4956 3598 5029 disponeret,
3659 4965 3717 5010 ut

2140 5046 2207 5097 ab
2248 5060 2311 5099 ea
2347 5062 2455 5099 non
2488 5058 2898 5115 agnosceretur.
2942 5049 3310 5114 Quamobrem
3346 5050 3507 5104 ctiam
3536 5050 3713 5105 dixit:

2142 5140 2355 5204 Mulier,
2389 5142 2515 5211 quid
2539 5144 2718 5210 ploras
2742 5145 2765 5195 ?
2798 5144 2961 5209 Quem
2993 5146 3187 5213 quwris
3212 5147 3236 5199 Σ)
3265 5143 3371 5197 Illa
3400 5145 3715 5197 existimans

2134 5229 2272 5297 quod
2336 5231 2649 5285 hortulanus
2717 5244 2882 5299 esset,
2935 5234 3064 5287 dicit
3123 5236 3171 5289 ei
3212 5250 3229 5288 :
3275 5234 3512 5299 Domine,
3549 5237 3597 5291 si
3660 5247 3716 5290 tu

2137 5325 2425 5389 asportasti
2459 5342 2596 5391 eum,
2637 5325 2722 5377 dic
2775 5326 2923 5392 mihi,
2976 5327 3065 5379 ubi
3108 5329 3347 5396 posueris
3388 5345 3527 5395 eum,
3562 5339 3717 5399 atque

2132 5427 2223 5481 ego
2254 5430 2372 5466 cum
2404 5414 2609 5469 tollam.
2644 5414 2892 5469 Forsitan
2922 5426 3102 5471 autem
3130 5433 3240 5472 non
3272 5417 3371 5473 abs
3412 5434 3491 5485 re,
3538 5434 3715 5488 neque

2138 5516 2293 5557 extra
2328 5505 2610 5569 decorum,
2647 5508 2995 5561 hortulanum
3037 5524 3160 5565 esse
3206 5512 3433 5581 putabat
3480 5509 3709 5566 Iesum:

2142 5611 2274 5652 sane
2306 5598 2451 5653 enim
2484 5599 2601 5668 ipse
2626 5614 2791 5653 verus
2815 5608 2869 5654 et
2908 5601 3235 5658 immortalis
3270 5604 3507 5673 agricola
3554 5618 3715 5673 para-

453 5689 560 5743 disi
590 5697 729 5754 erat,
766 5689 823 5743 in
883 5688 1044 5741 horto
1073 5686 1439 5751 monumenti,
1479 5686 1621 5742 sicut
1663 5684 1716 5738 in
1775 5684 2032 5754 paradiso
2070 5689 2379 5758 mulierem,
2439 5707 2561 5764 quae
2594 5691 2865 5749 Adamum
2909 5696 3143 5766 primum
3187 5696 3535 5751 hortulanum
3587 5709 3712 5763 pcr-

527 5805 726 5864 “Joan
756 5808 919 5875 31,9.
1002 5808 1042 5839 ¹³
1066 5807 1209 5865 Psal.
1235 5822 1353 5875 (λιιι,
1392 5806 1445 5861 ‘2.

1526 5808 1565 5839 ”
1596 5788 1747 5863 Joan.
1787 5822 1879 5873 xx,
1916 5806 1970 5862 ll
2011 5823 2130 5881 sqq.
