4154 6354
383 240 495 304 639
904 278 907 283 -
1621 248 1679 308 Β.
1721 249 1946 308 GREGO

2029 252 2049 306 ι
2081 249 2125 305 Ν
2132 250 2381 308 YSSENI-
2761 256 2769 271 '
3545 255 3661 319 64οσ

385 360 821 419 incredulitatem
854 364 1179 437 deceperat,
1209 367 1426 439 lapsam
1468 370 1761 441 corrigens
1815 378 1977 441 atque
2014 372 2331 429 cmendans.
2382 369 2474 430 Sic
2507 371 2674 443 igitur
2702 373 2957 429 universa
3023 371 3412 446 mysteriorum
3462 372 3648 443 plena,

385 454 802 526 rationibusque.
827 457 1030 513 divinis
1048 474 1112 513 ac
1144 460 1475 516 sublimibus
1504 463 1703 517 referta
1737 473 1886 518 sunt.

452 548 724 606 Caeterum
751 565 877 607 cum
906 552 1023 608 haec
1056 554 1286 611 dixisset
1312 555 1505 626 Maria,
1539 566 1597 613 et
1621 559 1769 613 circa
1803 573 1946 622 scru-

2028 598 2036 616 .
2146 555 2308 609 Ἀλλά
2337 554 2510 609 ταῦτα
2547 557 2646 627 τῆς
2678 557 2899 626 Μαρίας
2931 556 3215 628 εἰπούσης.
3241 556 3337 611 καὶ
3369 557 3500 627 περὶ
3548 557 3663 629 τὴν.

382 641 646 706 tationem
700 646 948 715 corporis
996 647 1232 703 sollicita
1265 649 1517 715 haereret,
1565 651 1765 720 acjam
1799 652 1946 710 etian

2066 645 2292 718 ἔρευναν
2326 645 2670 718 ἐπτοημένης
2709 646 2806 700 τοῦ
2850 646 3120 717 σώματος,
3155 647 3250 701 καὶ
3282 647 3481 718 μᾶλλον
3528 647 3652 701 ἐπι-

386 733 557 802 magis
587 749 851 792 conversa
894 749 1039 794 esset
1069 748 1130 794 ut
1173 741 1366 807 abiret,
1426 743 1563 799 satis
1610 744 1856 799 territam
1910 759 1946 800 ο

2067 737 2433 810 στραφείσης,
2484 739 2628 794 ὥστε
2688 739 2782 792 καὶ
2832 739 3184 811 πορευθῆναι,
3232 739 3661 810 βασανισθεῖσαν.

384 824 752 882 exanimatam
789 832 1142 901 conspicatus
1177 833 1246 898 is,
1286 834 1378 904 qui
1409 843 1662 905 penetrat
1689 852 1863 907 usque
1895 838 1946 895 at

2066 831 2266 896 bravii);
2296 831 2631 903 θεασάμενος
2649 831 2678 884 ὁ
2701 830 3072 902 διικνούμενος
3098 832 3230 904 ἄχρι
3261 832 3529 904 μερισμοῦ
3546 835 3649 904 dm-

383 914 704 973 divisionem
744 921 940 977 animae
992 933 1158 994 atque
1203 927 1451 997 spiritus,
1490 938 1705 984 artuum
1745 945 1946 1000 quoqut

2063 923 2165 994 χῆς
2190 922 2284 999 καὶ
2314 921 2645 993 πνεύματος,
2680 921 2873 993 ἁρμῶν
2900 940 2961 975 τε
2988 922 3083 977 καὶ
3112 922 3345 994 μυελῶν,
3384 925 3479 979 καὶ
3527 942 3648 997 κρι-

381 1022 446 1061 ac
471 1010 828 1067 medullarum
854 1017 918 1079 ’⁸,
955 1019 1046 1087 qui
1077 1018 1328 1089 judicare
1353 1036 1569 1092 quoque
1594 1023 1698 1077 scit
1724 1023 1792 1078 de
1813 1025 1946 1094 cogi-

2063 1014 2211 1078 τικὺς
2255 1013 2605 1084 ἐνθυμήσεων
2656 1015 2752 1067 καὶ
2783 1013 3002 1068 ἐννοιῶν
3047 1014 3310 1085 καρδίας)
3358 1018 3508 1087 φωνῇ
3550 1019 3659 1088 μιᾷ

384 1100 682 1158 tationibus
728 1105 913 1162 cordis
960 1122 1026 1162 ac
1079 1111 1277 1166 mentis
1326 1111 1737 1183 agitationibus,
1799 1117 1946 1171 unica

2061 1105 2161 1175 τὴν
2189 1106 2448 1159 ἀπιστίαν
2473 1104 2719 1176 ἐξέκοψε,
2765 1106 2860 1159 καὶ
2898 1105 2961 1159 τὺ
3002 1104 3219 1177 βλέμμα
3259 1106 3361 1175 τῆς
3392 1108 3648 1173 γυναικὸς

378 1207 514 1246 voce
566 1193 1005 1255 incredulitatem
1069 1202 1294 1266 exemit,
1366 1206 1657 1276 visumque
1714 1208 1946 1265 mulieris

2061 1196 2230 1264 ῶξυνε
2263 1197 2400 1268 πρὸς
2428 1198 2741 1266 ἐπίγνωσιν,
2772 1197 2942 1251 είπὼν
2971 1198 3239 1268 μόνον,ὡς
3267 1198 3430 1264 αὐτὸς
3458 1200 3649 1268 ἐγίνωι-

379 1283 527 1337 acuit
574 1284 640 1341 ad
678 1288 1034 1357 agnitionem,
1086 1306 1210 1347 cum
1261 1293 1494 1350 dixisset
1543 1296 1718 1350 solum
1751 1305 1810 1352 ut
1844 1298 1946 1367 ipst

2063 1304 2157 1341 σκε
2181 1326 2197 1350 ,
2237 1287 2610 1359 ὲντροπικῶς·
2657 1288 2914 1359 Μαριάμ.
2971 1291 3082 1344 Καὶ
3136 1291 3479 1361 παραχρῆμα
3521 1293 3646 1344 ἐπι-

379 1374 611 1443 sciebat,
640 1393 763 1432 cum
799 1381 1182 1454 redargutione
1210 1393 1265 1440 et
1302 1395 1451 1440 motu
1482 1389 1550 1441 ad
1578 1390 1946 1455 reverentiam,

2062 1381 2384 1448 στραφεῖσα,
2415 1379 2527 1444 καί,
2544 1380 2842 1442 Ῥαϐουνὶ,
2860 1380 3328 1452 προσηγόρευσεν,
3353 1380 3642 1449 ὃλέγεται,

378 1463 579 1523 Maria.
608 1469 788 1541 Atque
832 1473 921 1527 illa
967 1478 1242 1547 extemplo
1280 1494 1567 1544 conversa,
1602 1488 1658 1534 et
1693 1480 1946 1548 Rabouni,

2058 1467 2431 1533 Διδάσκαλε,
2475 1469 2569 1522 καὶ⁵
2616 1468 2724 1521 τῶν
2760 1468 2919 1522 θείων
2970 1469 3150 1524 ποδῶν
3203 1469 3427 1525 ἐκείνων
3459 1471 3643 1541 ἐζήτει

376 1560 523 1629 quod
580 1561 782 1617 dicitur
821 1566 1089 1636 magister,
1122 1583 1246 1622 eum
1282 1570 1610 1640 appellabat,
1653 1578 1707 1625 et
1746 1571 1946 1628 divinos

2058 1556 2339 1622 λαϐέσθαι,
2376 1558 2471 1612 καὶ
2508 1559 2738 1629 ίιικουσεο⁴
2770 1558 2865 1627 Μή
2905 1576 3026 1628 μου
3064 1558 3277 1614 ἅπτου.
3320 1560 3510 1616 Οὔπω
3534 1561 3645 1629 γὰρ

376 1650 499 1707 illus
546 1653 712 1722 pedes
758 1658 1064 1712 conabatur
1115 1661 1563 1730 apprehendere:
1613 1670 1668 1717 et
1725 1664 1946 1727 audivit.

2057 1654 2399 1723 ἀναϐέϐηκα
2424 1656 2569 1723 πρὸς
2604 1655 2712 1709 τὸν
2740 1656 2972 1725 Πατέρα
2998 1675 3138 1725 μου.
3188 1657 3425 1729 Ταύτης,
3455 1661 3642 1730 φησὶν,

376 1743 462 1799 Ne
516 1763 597 1799 me
644 1756 854 1818 tangas.
910 1753 1161 1805 Nondum
1202 1754 1341 1807 enim
1382 1755 1599 1809 arcendi
1639 1756 1707 1811 ad
1738 1757 1946 1813 Patrem

2057 1744 2159 1815 ἤδη
2189 1744 2289 1818 τῆς
2334 1746 2519 1817 φωνῆς
2546 1746 2785 1818 τυχοῦσα
2830 1747 2932 1818 τῆς
2981 1748 3210 1819 δωρεᾶς,
3266 1749 3361 1803 καὶ
3393 1749 3651 1821 ἁψαμένη

374 1851 587 1891 meum:
639 1837 764 1902 hoc,
824 1840 1022 1910 inquit,
1065 1843 1270 1898 donum
1316 1844 1430 1912 jam
1460 1856 1781 1915 consecuta,
1836 1865 1946 1919 qua

2061 1854 2160 1909 μου
2194 1838 2333 1909 μετὰ
2356 1840 2455 1911 τῆς
2483 1840 2647 1910 ἄλλης
2679 1841 2920 1913 Μαρίας,
2947 1841 3044 1895 καὶ
3077 1844 3526 1913 προσκυνήσασα,
3550 1845 3653 1897 καὶ

374 1943 485 1980 una
512 1944 637 1982 cum
671 1931 841 1987 altera
876 1932 1045 1987 Maria
1085 1941 1138 1989 et
1166 1938 1520 1992 contrectasti
1556 1955 1641 1995 me
1670 1948 1724 1994 et
1757 1941 1946 1995 adora-

2056 1930 2181 1992 τοὺς
2212 1929 2376 1993 πόδας
2420 1932 2743 2002 κρατήσασα
2776 1932 3220 2003 κατηφρόνησας,
3268 1933 3343 1996 ὡς
3389 1934 3486 1988 καὶ
3513 1936 3643 1987 ἀπι-

371 2020 520 2085 visti,
556 2022 830 2093 pedesque
851 2025 1096 2090 tenuisti,
1121 2028 1498 2099 contempsisti
1528 2030 1663 2086 adeo
1708 2040 1766 2084 ut
1786 2010 1946 2086 etiam

2057 2021 2274 2092 στῆσαι,
2328 2023 2421 2075 καὶ
2464 2023 2618 2075 οὐδὲν
2651 2023 2793 2094 μέγα
2830 2023 3111 2096 διενοήθης
3144 2024 3273 2096 περὶ
3318 2024 3474 2095 ἐμοῦ,
3526 2025 3643 2079 ἀλλ’

370 2125 481 2169 non
529 2114 852 2181 credideris,
900 2132 965 2172 ac
1002 2117 1138 2172 nihil
1170 2133 1426 2190 magnum
1455 2120 1522 2176 de
1553 2137 1637 2176 me
1672 2123 1724 2177 in
1767 2125 1946 2178 animo

2054 2112 2133 2167 ἔτι
2168 2114 2296 2186 περὶ
2322 2116 2384 2169 τὸ
2413 2119 2601 2187 μνῆμα
2640 2117 2850 2188 ἐζήτεις
2881 2117 2973 2170 τὸν
3011 2117 3217 2174 ἄνωθεν
3267 2117 3463 2181 θεῖκῶς
3505 2118 3653 2188 πρὸς.

368 2208 691 2278 concepisti,
715 2210 810 2266 sed
841 2211 1019 2267 adhuc
1035 2212 1183 2269 circa
1208 2227 1620 2271 monumentum
1649 2219 1946 2287 quaerebas,

2051 2204 2142 2257 τὸν
2171 2205 2391 2276 Πατέρα
2423 2206 2757 2278 ὑπάρχοντα.
2795 2207 2906 2261 Καὶ
2955 2206 3051 2261 νῦν
3101 2210 3175 2279 μή
3226 2224 3326 2279 μου
3361 2207 3559 2269 ἅπτου.
3592 2210 3641 2262 εί

368 2296 461 2365 qui
511 2297 776 2354 divinitus
825 2316 991 2372 supra
1028 2304 1170 2372 apud
1207 2304 1423 2361 Patrem
1463 2322 1634 2361 eram.
1673 2309 1751 2363 Ac
1803 2324 1946 2364 nunc

2057 2299 2194 2368 μετά
2217 2299 2315 2369 τῆς
2344 2300 2514 2372 αὐτῆς
2560 2301 2796 2364 διανοίας
2832 2300 2893 2354 τὸ
2921 2300 3056 2369 πρὸς
3102 2300 3196 2354 τὸν
3242 2301 3467 2372 Πατέρα
3510 2302 3645 2354 ἀνα-

369 2401 438 2441 ne
493 2402 578 2443 me
631 2390 890 2459 attingas.
943 2394 991 2448 si
1038 2396 1228 2451 eadem
1285 2397 1485 2453 mentis
1539 2399 1835 2468 agitatione
1882 2401 1946 2455 ad

2053 2389 2212 2460 ϐῆναι
2240 2390 2478 2458 νομίζεις
2515 2390 2781 2444 ἐλλείπειν
2817 2408 2925 2461 μοι.
2963 2391 3138 2444 Οὔπω
3166 2391 3275 2460 γὰρ
3301 2391 3642 2456 ἁναόἐϐηκα

368 2477 583 2535 Patrem
632 2485 1009 2542 ascensionem
1041 2488 1234 2545 deesse
1265 2491 1394 2543 mihi
1438 2491 1741 2547 existimas.
1801 2492 1946 2547 Non-

2052 2480 2192 2533 κατὰ
2238 2481 2296 2533 σὲ
2347 2481 2498 2549 πρὸς
2534 2481 2641 2535 τὸν
2679 2481 2912 2550 Πατέρα
2952 2499 3071 2551 μου
3101 2497 3116 2511 ο
3174 2480 3343 2550 πλὴν
3378 2483 3646 2550 πορεύου-

366 2571 492 2626 dum
523 2576 683 2634 enim.
713 2584 773 2629 ut
806 2586 868 2631 tu
901 2577 1130 2648 cogitas,
1168 2581 1383 2635 ascendi
1405 2583 1473 2636 ad
1510 2582 1717 2638 Patrem
1743 2602 1946 2650 meum;

2052 2573 2201 2636 πρὸς
2235 2571 2377 2637 τοὺς
2412 2572 2715 2641 ἀδελφούς
2729 2589 2870 2641 μου,
2905 2573 3001 2625 καὶ
3031 2571 3161 2626 εἰπὲ
3199 2572 3406 2639 αὐτοῖς
3428 2588 3440 2600 ·
3482 2573 3642 2626 Ἀναο

367 2664 458 2719 scd
506 2666 637 2720 vade
666 2667 736 2721 ad
783 2668 980 2739 fratrea
1014 2688 1176 2737 meos,
1227 2682 1277 2727 ct
1311 2673 1395 2727 die
1434 2675 1509 2729 eis
1534 2691 1553 2729 :
1588 2676 1826 2730 Ascendo
1880 2676 1946 2730 ad

2053 2665 2232 2717 ϐαίνω
2255 2664 2406 2733 πρὸς
2424 2665 2532 2719 τὸν
2550 2664 2781 2734 Πατέρα
2793 2683 2933 2734 μου,
2959 2666 3056 2719 καί
3078 2665 3308 2735 Πατέρα
3326 2666 3515 2736 ὑμῶν,
3538 2666 3643 2720 καὶ

367 2757 413 2812 Γ
417 2766 588 2814 atram
614 2777 807 2823 meum,
843 2771 896 2816 et
938 2760 1155 2818 Patrem
1186 2777 1437 2832 vestrum,
1474 2776 1523 2821 et
1556 2767 1721 2821 Deum
1753 2786 1946 2836 meum,

2054 2754 2204 2808 Θεόν
2234 2772 2378 2824 μου,
2409 2755 2508 2809 καί
2542 2754 2691 2809 Θεὸν
2717 2754 2904 2825 ὑμῶν.
2969 2755 3188 2828 Ἐπειδὴ
3215 2755 3437 2825 γέγονα,
3483 2757 3636 2827 φησὶ,

367 2866 433 2905 aa
482 2850 647 2905 Deum
706 2864 957 2907 rastrum.
1022 2854 1321 2924 Quoniam,
1380 2859 1582 2927 inquit,
1644 2860 1946 2916 secundum

2051 2844 2194 2898 κατά
2240 2846 2420 2917 σάρκα
2453 2846 2794 2917 πρωτότοκος
2842 2848 2900 2900 ὲν
2943 2846 3157 2911 πολλοῖς
3201 2847 3487 2918 ἀδελφοῖς,
3536 2847 3637 2900 ούκ

365 2956 586 2996 carnem
624 2942 1020 3012 primogenitus
1061 2944 1136 2998 fui
1178 2934 1320 3001 inter
1349 2948 1552 3004 multos
1587 2949 1804 3013 fratres.
1838 2965 1946 3005 non

2051 2939 2273 3010 ἐμαυτῷ
2316 2939 2434 3004 νῦν,
2482 2939 2596 2994 ἀλλ’
2647 2939 2777 3009 ὑμῖν
2820 2941 2934 3004 τοῖς
2978 2939 3260 3009 ἀδελφοῖς,
3311 2939 3651 3011 σωματικῶςὲ

366 3034 502 3089 mibi
531 3051 701 3100 nunc,
733 3036 827 3091 scd
855 3037 1011 3094 vobis
1037 3035 1320 3104 fratribus,
1362 3042 1722 3110 corporaliter
1750 3058 1946 3097 ascen-

2051 3031 2395 3102 ἀναϐήσομαι
2424 3032 2556 3102 πρὸς
2575 3032 2665 3085 τὸν
2693 3031 2914 3103 Πατέρα
2944 3050 3069 3104 μου,
3099 3032 3194 3084 καὶ⁸
3221 3033 3443 3104 Πατέρα
3461 3032 3636 3104 ὑμῶν,

366 3126 493 3180 dam
524 3126 590 3183 ad
623 3126 838 3182 Patrem
871 3145 1075 3190 meum,
1100 3139 1155 3185 et
1180 3130 1394 3185 Patrem
1420 3141 1680 3198 vestrum,
1706 3142 1761 3188 et
1779 3133 1945 3188 Deum

2051 3123 2144 3176 καί
2176 3122 2307 3176 Θεόν
2338 3141 2462 3193 μου,
2493 3127 2589 3178 καὶ
2611 3124 2743 3179 Θεὸν
2771 3125 2944 3196 ὑμῶν.
2994 3126 3058 3178 El
3092 3127 3165 3195 μὴ
3199 3125 3307 3196 γὰρ
3336 3124 3471 3196 ἐμοῦ
3500 3125 3647 3189 Θεὸς-

366 3236 570 3283 meum,
631 3236 694 3275 ac
734 3220 905 3276 Deum
954 3231 1222 3278 vestrum.
1263 3216 1380 3279 Nisi
1420 3226 1565 3279 enim
1600 3225 1740 3280 Deus
1792 3242 1946 3281 meus

2051 3216 2444 3287 ἐχρημάτισας,
2490 3218 2546 3269 ὲν
2580 3217 2704 3287 ἐμοὶ
2750 3218 2811 3270 τὸ
2863 3217 3092 3288 ἄμωμον
3135 3218 3236 3288 τῆς
3279 3216 3631 3289 ἀνθρωπίνης

365 3313 671 3382 appellatus
694 3320 861 3379 esset,
889 3328 1014 3374 cum
1045 3314 1411 3370 innocentiam
1439 3316 1692 3371 humana:
1713 3326 1945 3384 natura,

2050 3306 2264 3376 φύσεως
2299 3308 2385 3361 διὰ
2415 3308 2477 3361 τὸ
2501 3309 2713 3377 ἀγνοεῖν
2742 3309 3016 3380 ἁμαρτίαν
3037 3351 3053 3375 ,
3103 3309 3179 3373 ὼς
3211 3310 3268 3363 ὲν
3297 3311 3518 3381 ἀπαρχῇ
3544 3307 3639 3364 τοῦ

367 3413 659 3475 propterea
686 3406 851 3474 quod,
885 3406 1033 3461 sicut
1083 3407 1139 3462 in
1183 3408 1454 3478 principio
1482 3413 1722 3479 generis,
1754 3424 1946 3478 pecca-

2048 3401 2239 3470 γένους
2270 3401 2414 3468 ἰδὼν,
2442 3403 2541 3458 οὐκ
2568 3402 2637 3457 ἂν
2663 3402 2817 3474 ὑμῶν
2845 3402 3047 3473 ἐκλήθη
3075 3404 3286 3475 Πατὴρ,
3315 3403 3347 3473 ἦ
3380 3403 3510 3467 Θεὸς
3530 3402 3653 3457 τῶν.

367 3506 482 3552 tum
512 3498 850 3567 ignorabam.
880 3499 935 3553 in
965 3516 1051 3554 me
1078 3500 1215 3554 vidit
1240 3518 1253 3553 :
1285 3507 1464 3556 vester
1488 3501 1652 3556 Pater
1678 3503 1761 3558 vel
1786 3502 1945 3563 Deus.

2048 3492 2575 3564 ἀπηλλοτριωμένων
2606 3493 2792 3548 αὐτοῦ.
2841 3493 2932 3547 Διδ
2976 3495 3071 3548 καὶ
3098 3494 3315 3558 Παῦλος
3363 3494 3640 3565 Ἑϐραίοις

370 3597 556 3659 utpote
599 3605 789 3645 eorum
820 3591 912 3660 qui
948 3592 1018 3646 ab
1048 3606 1116 3648 eo
1160 3593 1452 3647 abalienati
1490 3594 1678 3657 eratis,
1712 3594 1946 3663 appella-

2049 3583 2379 3638 ἐπιστέλλων
2404 3584 2607 3653 ἔλεγεν·
2637 3584 2721 3641 Οὐ
2745 3586 2855 3656 γὰρ
2875 3586 3257 3656 χειροποίητα
3280 3586 3419 3655 ἅγια
3442 3583 3641 3655 εἰσῆλ-

367 3688 459 3735 tus
504 3694 615 3735 non
663 3688 812 3735 esset
870 3680 1215 3752 Quapropter
1256 3682 1419 3737 etiam
1469 3680 1946 3740 Paulus'llebraeis

2049 3674 2153 3726 θεν
2182 3675 2215 3726 ό
2246 3673 2500 3740 Χριστὸς
2526 3674 2823 3728 ἀντίτυπα
2864 3674 2984 3729 τῶν
3015 3674 3338 3740 ἀληθινῶν,
3385 3676 3523 3729 ἀλλ’
3552 3677 3640 3740 εὶς

367 3772 620 3830 scribens
664 3771 921 3828 dicebat:
977 3771 1102 3828 Non
1146 3775 1286 3828 enim
1326 3774 1380 3827 in
1423 3775 1733 3844 mannfacta
1761 3789 1946 3831 sancta

2047 3759 2234 3813 αὐτὸν
2245 3761 2352 3813 τὸν
2362 3760 3238 3834 οἰφανὸννῦνέ[ιι]φωρισθῆναι
3250 3760 3331 3826 τῷ
3342 3760 3638 3829 προσώπῳ

368 3865 602 3920 introivit
633 3863 900 3930 Christus,
949 3864 1020 3918 ad
1056 3865 1461 3920 similitudinem
1490 3865 1636 3935 facta
1664 3883 1905 3921 verorum
1927 3883 1946 3922 :

2051 3845 2368 3934 Geoﬁ'izrze‘p
2393 3846 2581 3916 ἡμῶν.
2609 3848 2868 3919 Ἔρχεται
2899 3845 2991 3903 οὖν
3020 3851 3054 3921 ἡ
3084 3848 3415 3919 Μαγδαληνὴ
3447 3849 3636 3919 Μαρία

367 3953 456 4009 sed
485 3954 539 4008 in
574 3955 746 4024 ipsum
777 3956 988 4022 caelum,
1026 3963 1086 4009 ut
1113 3965 1367 4027 appareat
1398 3934 1537 4011 nunc
1580 3958 1637 4010 in
1670 3969 1946 4026 conspectu

2049 3934 2466 4003 ἀπαγγέλλουσα
2487 3937 2599 3999 τοῖς
2628 3936 2916 4007 μαθηταῖς,
2939 3938 3019 3990 ὅτι
3041 3936 3253 4008 ἑώρακε
3273 3935 3366 3989 τὸν
3404 3936 3631 4006 Κύριον,

370 4046 468 4100 Dei
496 4020 604 4115 pro
631 4048 780 4102 nobis
806 4049 871 4103 η.
917 4020 1080 4103 venit
1123 4020 1290 4118 igitur
1324 4047 1641 4119 Magdalena
1675 4020 1864 4113 Maria,
1897 4059 1946 4105 et

2048 4024 2144 4077 καὶ
2176 4025 2347 4076 ταῦτα
2374 4020 2526 4076 εἶπεν
2552 4024 2708 4096 αὐτῇ.
2745 4023 3169 4096 Παραγενομένη
3216 4023 3273 4077 δὲ
3314 4026 3409 4077 καὶ
3452 4026 3636 4094 ἀπαγ-

368 4110 661 4193 aununtiat
685 4139 1001 4211 discipulis,
1047 4110 1194 4212 quod
1244 4110 1474 4196 vidisset
1527 4140 1812 4196 Dominum
1854 4144 1946 4213 qui

2049 4111 2297 4180 γείλασα,
2345 4110 2506 4165 πάλιν
2541 4111 2785 4182 εὑρίσκει
2817 4111 3034 4183 Μαρίαν
3065 4110 3162 4181 τὴν
3204 4111 3462 4165 Ἰακώϐου
3487 4153 3502 4176 ,
3542 4116 3640 4167 καὶ.

368 4230 488 4286 haec
530 4230 760 4287 dixisset
810 4198 937 4288 sibi.
966 4198 1102 4288 Cum
1155 4233 1396 4289 venisset
1423 4242 1627 4291 autem.
1690 4198 1946 4291 atauelea

2062 4199 2313 4253 Ἰωάνναν
2335 4238 2350 4264 ,
2401 4199 2496 4252 καὶ
2528 4198 2692 4263 ἄλλας
2724 4200 2822 4254 σὺν
2855 4200 3047 4264 αὑταῖς
3097 4201 3234 4270 μετὰ
3281 4202 3639 4274 παρασκευῆς

591 4250 760 4287 ιιδεοι
810 4250 937 4288 ειυι.
966 4250 1102 4288 bum
1155 4250 1396 4289 venisset.
1423 4250 1627 4296 autem,
1690 4250 1854 4304 atque
1883 4250 1947 4291 ea
2228 4250 2263 4299 ’,‘
2294 4250 2303 4253 '
2336 4250 2349 4264 '
2406 4250 2494 4252 '
2939 4250 2973 4253 "
3003 4250 3042 4264 "
3097 4250 3156 4302 Γ
3256 4250 3635 4300 ."“""""""

588 4321 750 4360 in“,
830 4339 1024 4360 mm.”
1084 4324 1288 4360 “mnu
1345 4324 1569 4360 Modum
1633 4324 1814 4360 “Mm
1895 4332 1945 4360 Δ.
2049 4284 2360 4359 ἀρωματων
2393 4285 2488 4338 καὶ
2523 4302 2709 4356 μυρων
2756 4285 2893 4358 πρὸς
2922 4285 3012 4339 τὸν
3054 4303 3226 4355 ταφον
3253 4289 3635 4360 επειγομένας,

370 4324 774 4388 auuuntiasset,
830 4339 1027 4381 rursus
1083 4324 1294 4381 invenit
1344 4324 1572 4379 Mariam
1627 4324 1839 4392 Jacobi,
1894 4332 1950 4382 et
2049 4324 2227 4392 Ϊῗῖῗῖ

376 4371 774 4388 ,_,-____-_“-__-,
832 4371 1026 4381 __-_._-
1628 4371 1839 4392 ,ην-η,
1897 4371 1946 4382 ν-

369 4411 662 4479 Joaunam,
693 4422 747 4471 et
775 4415 912 4472 alias
941 4417 1238 4473 nonnullas
1259 4432 1382 4471 cum
1417 4418 1574 4487 ipsis,
1606 4433 1732 4472 cum
1781 4432 1946 4488 appa-

2049 4371 2143 4425 τοῦ
2168 4373 2392 4437 σκότους
2417 4374 2893 4447 ὑποχωρήσαντος,
2921 4374 3015 4429 καὶ
3042 4374 3241 4446 ὄρθρου
3276 4375 3466 4447 βαθέος
3488 4378 3639 4443 ὄντος

2052 4461 2350 4496 Immin-Jun.
2408 4462 2653 4496 λνρηκιτνο
2723 4464 2814 4496 νηὶ
2869 4463 2988 4496 ιη...
3034 4464 3247 4496 ..ματη-Α..
3287 4464 3612 4496 ιλιι-..ληωὴ

370 4461 662 4479 -.-_----_---,
696 4461 746 4471 ν-
775 4461 912 4472 ...,...,
942 4461 1238 4473 ,..,...........,
1417 4461 1574 4487 Ἴων,
1608 4461 1731 4472 νυ...
1781 4461 1922 4488 ..νγ-

370 4513 494 4561 ratu
526 4515 831 4561 aromatum
858 4514 912 4561 et
935 4515 1340 4579 unguentorum
1371 4509 1439 4563 ad
1473 4509 1784 4579 sepulcrum
1817 4524 1946 4579 pro-

2052 4461 2371 4529 (τουτέστιν,
2408 4462 2673 4533 ἀκριϐῶς,
2723 4464 2819 4517 καὶ
2868 4463 2994 4534 ἄρτι
3034 4464 3247 4535 πρῶτον
3284 4464 3635 4537 ἀρξαμένου),

2053 4550 2235 4579 ..-n.!.-
2261 4568 2426 4579 .-η-..ι
2474 4553 2499 4579 ιι
2554 4552 2759 4579 A-....:-
2830 4553 2919 4579 ...Α
2973 4553 3277 4579 2.-.-..ta---
3317 4555 3511 4579 s-..-.\_..
3545 4556 3635 4579 Α...

370 4597 715 4668 parantes",
754 4598 1025 4655 discussis
1077 4601 1341 4668 tenebris,
1384 4616 1449 4658 ac
1488 4602 1760 4672 profundo
1802 4603 1949 4658 dilu-

370 4686 498 4741 culo
530 4687 667 4758 (hoc
710 4696 814 4745 est.
860 4689 1014 4759 justo
1045 4705 1111 4746 ac
1152 4705 1301 4757 vero,
1332 4698 1386 4746 et
1418 4709 1565 4748 nunc
1597 4694 1831 4764 primum
1865 4695 1942 4749 in-

371 4777 659 4850 cipiente),
696 4786 754 4833 ut
801 4780 978 4851 inquit
1011 4780 1186 4836 Lucas
1210 4783 1274 4847 ¹⁸,
1311 4790 1366 4839 et
1412 4783 1716 4855 adjuugens
1748 4801 1808 4840 se
1840 4800 1949 4840 una

2053 4550 2235 4615 καθώς
2261 4568 2426 4621 φησιν
2472 4553 2501 4605 ὁ
2543 4552 2777 4616 Λουκᾶς,
2830 4553 2924 4606 καὶ
2970 4553 3281 4623 ἀναμίξασα
3314 4555 3511 4625 ἑαυτὴν
3542 4556 3637 4609 σὺν

1982 4624 2029 4684 θ
2054 4642 2263 4707 αὑταῖς,
2299 4641 2609 4712 ἐπορεύετο,
2634 4642 2722 4696 διὰ
2750 4643 2813 4695 τὸ
2838 4642 3041 4715 θερμὸν
3068 4642 3163 4697 τοῦ
3196 4644 3362 4697 πόθου
3390 4624 3485 4698 τού
3511 4644 3637 4715 περὶ

2051 4728 2145 4783 τὸν
2196 4728 2425 4798 Ἰησοῦν,
2453 4728 2704 4800 ἐξάρχειν
2756 4730 2935 4784 αὐτῶν
2979 4730 3209 4785 δοκοῦσα
3237 4772 3251 4796 ,
3299 4733 3395 4785 καὶ
3445 4731 3635 4803 πρώτη

563 4816 754 4889 ξξη,
801 4816 1186 4889 ¹4¹¹ΫΨέ¹ξ¹έ¹¹¹⁷⁶³³
1228 4824 1274 4889 "
1311 4816 1366 4839 *⁵⁸
1412 4816 1716 4889 ⁶¹“³“ξ¹δ“¹’δ
1748 4816 1808 4889 fc
1839 4816 1949 4889 ξ¹ξ¹⁴¹
2054 4816 2205 4888 παρὰ
2248 4819 2361 4880 τοῖς
2402 4817 2815 4886 εὐαγγελισταϊς
2844 4816 3220 4889 ἀριθμουμένη
3245 4860 3258 4883 ,
3310 4819 3398 4872 διὰ
3445 4820 3504 4872 τὸ
3547 4821 3633 4871 ἐν-

371 4885 496 4925 cum
527 4872 609 4926 eis
641 4872 772 4936 ibat,
804 4887 867 4927 ac
900 4882 1122 4944 propter
1146 4874 1345 4930 ardens
1370 4890 1497 4946 erga
1530 4874 1713 4930 Jesum
1739 4876 1946 4932 deside-

2052 4872 2243 4956 csinev
2273 4872 2564 4976 suisqpov:
2608 4872 2902 4976 Ἐπεθύμει
2953 4872 3061 4976 γὰρ
3086 4872 3185 4960 καὶ
3210 4872 3417 4970 ἀὑ-τὰς.
3446 4905 3546 4957 οὐκ
3575 4903 3634 4968 ἐξ

373 4964 516 5030 rium
543 4963 653 5018 dux
693 4979 883 5019 earum
906 4965 1217 5032 videbatur,
1262 4982 1325 5020 ac
1355 4975 1576 5037 propter
1613 4968 1754 5022 hanc
1790 4969 1946 5023 clari-

2054 4985 2129 5046 ὧν
2164 4992 2294 5062 παρ’
2339 4963 2510 5059 auri};
2540 4994 2635 5046 καὶ
2668 4994 2767 5063 τῆς
2813 4963 2980 5062 ἀλλης
3024 4963 3242 5064 Μαρίας
3276 4963 3490 5063 ἤκουον,
3518 4963 3631 5044 ἀλλζ

374 5063 563 5113 tatem.
590 5071 753 5126 quam
775 5072 840 5111 ex
876 5056 1023 5111 facto
1054 5058 1245 5128 adepta
1279 5067 1383 5121 est,
1420 5060 1592 5129 prima
1618 5060 1760 5131 apud
1789 5075 1946 5115 evan-

2054 5081 2113 5144 ἐξ
2145 5056 2314 5151 ebrii];
2337 5084 2435 5150 τῆς
2459 5056 2628 5147 θείας,
2666 5081 2699 5153 ἢ
2727 5056 2974 5151 ἀγγέλων
3007 5056 3327 5143 ἐπιστασίας
3356 5080 3632 5150 πιστωθῆ-

375 5148 597 5218 gelistas
630 5157 971 5204 numeratur.
1002 5149 1269 5219 Cupiebat
1307 5151 1451 5206 enim
1494 5151 1653 5205 etiam
1691 5152 1798 5207 illis
1837 5168 1946 5207 non

2053 5186 2140 5221 ναι
2171 5169 2304 5238 πρὸς
2337 5169 2433 5239 τὴν
2462 5170 2753 5224 ἀνάστασιν
2777 5188 2789 5200 ·
2837 5170 2933 5224 καὶ⁷
2967 5170 3132 5238 συνῆν
3166 5169 3356 5232 αὐταῖς
3399 5169 3634 5232 συνετῶς

374 5255 440 5302 ex
470 5240 558 5301 iis,
597 5256 719 5310 quae
748 5241 817 5296 ab
855 5257 979 5297 sese
1011 5253 1064 5297 et
1094 5244 1162 5297 ab
1193 5245 1362 5298 altera
1393 5243 1559 5298 Maria
1589 5245 1946 5314 audivissent,

2056 5256 2341 5319 σιωπῶσα,
2386 5258 2479 5311 καὶ
2511 5258 2676 5328 μηδὲν
2706 5258 2941 5326 λέγουσα
2967 5256 3468 5326 διαπορευομέναις,
3496 5256 3634 5311 ἀλλὰ

376 5328 473 5384 sed
530 5344 595 5384 ex
658 5331 978 5401 illis,ipsis,
1030 5347 1152 5401 qure
1184 5333 1467 5400 vidissent,
1498 5335 1582 5391 vel
1630 5336 1945 5408 angelorum

2053 5345 2152 5416 τὴν
2198 5343 2306 5397 τῶν
2358 5347 2697 5415 πραγμάτων
2741 5346 3082 5415 ἀναμένουσα
3131 5345 3370 5417 Μαρίαν,
3417 5346 3512 5399 καὶ
3545 5363 3635 5398 πι-

378 5422 668 5491 pmsentia
706 5421 861 5476 ﬁdem
902 5422 1013 5478 ﬁeri
1064 5427 1521 5482 resurrectionis:
1573 5434 1629 5482 et
1668 5436 1787 5482 erat
1824 5445 1946 5485 cum

2058 5431 2320 5485 στεύουσα
2350 5433 2443 5486 καὶ
2473 5433 2666 5496 αὑταῖς
2693 5433 2875 5494 αὐτοῖς
2904 5430 3160 5500 ὄμμασιν
3181 5430 3317 5484 ίδίαν
3346 5432 3467 5486 τινὰ
3500 5431 3634 5502 πλη-

375 5513 461 5569 eis
511 5512 809 5583 prudenter
841 5528 905 5569 ac
941 5514 1120 5570 dedita
1145 5531 1309 5587 Opera
1349 5527 1556 5585 tacens,
1595 5519 1839 5590 nihilque
1866 5519 1946 5574 di-

2059 5520 2315 5590 ροφορίαν
2336 5519 2676 5592 δοθήσεσθαι.
2706 5520 2816 5574 Καὶ
2839 5518 2903 5590 δὴ
2927 5519 3016 5572 τὸν
3039 5517 3184 5573 λίθον
3207 5518 3616 5593 ἀποκεκυλισμὲ

451 5688 497 5723 ¹⁸
527 5687 691 5745 Hebr.
724 5705 794 5757 tv,
826 5690 909 5746 l2.
990 5693 1033 5725 ¹⁶
1065 5690 1231 5749 llcbr.
1262 5709 1335 5763 Ix,
1377 5693 1464 5749 Eli.
1547 5696 1585 5726 ¹⁷
1619 5693 1752 5750 Luc.
1790 5711 1938 5763 xxn',
1986 5694 2049 5751 lO
2076 5711 2221 5768 sqq.;
2256 5694 2420 5753 Marc.
2450 5712 2557 5762 im,
2604 5696 2623 5750 l
2661 5712 2780 5769 sqq.
2861 5697 2900 5728 ’⁸
2928 5694 3057 5752 Luc.
3085 5650 3234 5763 uti",
3263 5695 3314 5751 1.
