4154 6354
502 239 602 296 65.1

1423 241 1489 296 IN
1514 241 1791 296 CHRISTI
1833 239 2468 299 RESURRECTIONEM
2500 241 2706 298 ()RAT.
2743 245 2809 300 Il.

3663 247 3766 300 542

503 376 593 412 νιν
641 359 844 411 ἰδοῦσαι
880 358 973 411 τοῦ
1031 359 1334 429 μνήματος,
1381 357 1525 410 ἔνδον
1560 357 1826 426 ἐγένοντο,
1871 359 1964 411 καὶ
1991 359 2078 426 οὐ)

2195 373 2346 422 cens,
2397 375 2518 413 cum
2552 359 2887 413 admirantes
2915 368 3076 428 atque
3111 359 3421 413 dubitantes
3450 373 3570 413 eam
3601 360 3766 415 inter-

504 449 760 518 εὑροῦσαι
787 450 848 502 τὸ
877 449 1036 519 σῶμα
1064 450 1158 502 τοῦ
1198 449 1394 519 Ἰησοῦ,
1423 451 1516 503 καὶ
1544 451 1934 519 ἀπορούμεναι,
1967 449 2086 518 βλέ-

504 558 694 593 πουσιν
743 543 1068 604 ὲπιστάντας
1121 543 1313 605 αὑταῖς
1359 541 1555 612 ἄνδρας
1600 542 1693 594 δύο
1720 545 1840 604 ταῖς
1874 541 2084 603 στολαῖς

507 634 1003 703 ὲξαστράπτοντας,
1039 635 1131 686 καὶ
1155 635 1352 704 ἤκουον
1375 633 1506 704 παρ’
1533 633 1711 686 αὐτῶν
1738 651 1750 664 ο
1790 635 1848 686 Τι’
1869 631 2085 700 {insita

477 724 609 786 ,τὸν
634 723 819 783 ζῶντα
841 725 993 792 μετὰ
1021 723 1139 776 τῶν
1157 722 1422 790 νεκρῶν;
1451 725 1571 776 Οὐκ
1597 725 1767 778 ἐστιν
1783 717 1919 787 ὦδε,
1946 705 2084 777 ἀλλ’

500 813 740 881 ἠγέρθη,
790 817 885 868 καὶ
928 815 994 867 τὰ
1039 814 1184 886 ἑξῆς.
1242 815 1352 867 Καὶ
1400 813 1847 884 ὑποστρέψασαι,
1896 814 2082 884 φησὶν,

499 906 607 958 ἀπὸ
655 906 747 958 τοῦ
787 904 1090 976 μνημείου,
1138 905 1477 976 ἀπήγγειλαν
1524 903 1698 958 ταῦτα
1745 905 1922 958 πάντα
1971 907 2082 969 τοῖς

500 997 714 1061 ἕνδεκα,
747 998 840 1050 καὶ
878 999 1011 1050 πᾶσι
1040 1000 1147 1061 τοῖς
1180 997 1406 1060 λοιποῖς.

500 1089 825 1156 audiverunt
855 1107 867 1143 :
899 1089 1039 1156 Quid
1079 1091 1318 1160 quwritis
1355 1093 1605 1144 viventem
1638 1107 1757 1143 cum
1802 1090 2027 1145 mortuis
2049 1092 2075 1146 2
2114 1107 2218 1143 ηοη
2247 1102 2322 1145 est
2347 1092 2451 1156 hic,
2484 1093 2574 1147 sed
2598 1094 2825 1147 surrexit
2854 1094 2919 1158 ",
2952 1099 3058 1148 etc.
3125 1089 3192 1144 Et.
3238 1105 3491 1148 reversae.

2193 459 2410 520 rogaret
2436 469 2450 516 ;
2481 451 2574 504 sed
2603 451 2956 519 exspectabat
3003 465 3186 504 rerum
3215 459 3487 520 gestarum
3520 451 3767 506 testimo-

2193 539 2366 603 nium,
2399 550 2452 593 (ιι
2473 541 2730 596 credebat
2752 541 2869 596 fore
2895 549 2955 594 ut.
2977 541 3142 596 etiam
3178 541 3286 596 illis
3319 541 3596 612 sigillatim
3619 553 3767 598 certa

2195 631 2334 686 ﬁdes
2360 632 2627 702 plenaque
2653 633 2941 702 persuasio
2968 649 3061 702 per
3089 632 3372 686 oculorum
3405 632 3555 686 ﬁeret
3581 632 3764 703 inspe-

2193 724 2452 779 ctionem.
2480 724 2666 795 Itaque
2689 740 2816 780 cum
2842 725 3077 796 lapidem
3108 739 3138 778 a
3171 733 3524 779 monumento
3554 724 3768 779 revolu-

2193 825 2308 870 tum
2349 816 2637 882 vidissent,
2683 819 2944 889 ingressae
2981 824 3131 880 sunt,
3180 825 3234 872 et
3261 833 3370 870 non
3397 817 3619 872 invento
3647 833 3768 870 cor-

2190 922 2324 977 pore
2347 906 2498 976 Jesu,
2540 908 2715 963 anxia!
2747 919 2912 979 atque
2946 908 3262 962 haesitantes
3291 905 3474 962 vident
3522 916 3767 962 astantes

2187 999 2293 1054 sibi
2314 999 2464 1054 viros
2493 1000 2632 1056 duos
2662 1001 2818 1055 stolis
2847 1000 3006 1070 quasi
3039 998 3476 1078 eﬂ‘ulgurantes;
3505 1012 3535 1052 a
3564 999 3767 1068 quibus

3571 1090 3765 1148 induit.

501 1187 531 1227 a
571 1189 928 1233 monumento
982 1180 1375 1234 nuntiaverunt
1413 1181 1526 1233 haec
1575 1181 1760 1234 omnia
1820 1182 2072 1235 undecim
2115 1181 2223 1235 illis
2261 1183 2416 1246 viris,
2446 1192 2499 1237 et
2529 1184 2740 1238 caeteris
2769 1183 3048 1239 omnibus.

585 1270 723 1322 Ἀλλ’
755 1270 831 1333 ώς
860 1270 1061 1339 πλῆθος
1092 1270 1241 1333 ὄντες
1263 1310 1277 1333 ,
1331 1271 1529 1340 μᾶλλον
1559 1271 1866 1340 ἠπίστησαν
1900 1271 1993 1324 καὶ
2021 1270 2082 1323 τὸ

498 1359 841 1427 ἀπαγγελθὲν
874 1359 1126 1429 ἓσκωψαν
1157 1361 1250 1413 καὶ
1273 1359 1585 1418 διέπτυσαν,
1641 1363 1944 1430 Ἐφάνησαν
1973 1360 2083 1431 γὰρ

472 1452 631 1513 ¹ώσεὶ
670 1453 832 1522 λῆρος
873 1451 942 1505 τὰ
972 1455 1192 1523 ῥήματα
1222 1453 1418 1517 αὐτῶν,
1453 1453 1548 1506 καὶ
1581 1454 1841 1523 ἠπίστουν
1871 1453 2080 1518 αὑταῖς,

500 1542 640 1596 ὥστε
672 1544 763 1596 τὸν
799 1546 1003 1615 Πέτρον
1051 1543 1187 1616 πρὸς
1219 1545 1318 1615 τὴν
1353 1544 1574 1597 ἐκείνων
1609 1543 1865 1598 ἀπιστίαν
1895 1543 2080 1596 διανα-

2265 1270 2371 1325 Sed
2406 1281 2467 1326 ut
2491 1281 2650 1328 erant
2686 1274 2884 1344 vulgus
2912 1281 2966 1328 et
2997 1274 3287 1330 multitudo
3313 1273 3562 1335 confusa,
3592 1274 3767 1344 magis

2193 1361 2258 1414 ad
2290 1361 2730 1418 incredulitatem
2765 1364 3122 1431 deﬂexerunt,
3167 1372 3330 1434 atque
3359 1365 3410 1418 id
3451 1365 3596 1434 quod
3628 1364 3769 1418 rela-

2190 1463 2306 1508 tmn
2333 1463 2473 1517 erat,
2509 1456 2927 1519 cavillabantur,
2976 1457 3310 1527 respuebant
3352 1466 3408 1510 et
3437 1457 3768 1510 aversaban-

2192 1550 2299 1596 tur.
2332 1542 2670 1599 Videbantur
2719 1561 2866 1599 entm
2919 1545 3085 1600 verba
3123 1562 3312 1601 earum
3358 1547 3519 1616 quasi
3566 1545 3766 1600 delira-

503 1638 700 1691 στάντα
721 1676 734 1698 ,
785 1636 880 1688 καὶ
909 1637 1095 1707 ἡρέμα
1137 1655 1255 1699 πως
1283 1638 1377 1690 καὶ
1401 1637 1564 1690 αὐτὸν
1593 1636 1960 1708 θορυϐηθέντα
1990 1635 2078 1690 καὶ

2186 1643 2389 1699 menta,
2419 1649 2598 1705 neque
2633 1636 2792 1692 ﬁdem
2839 1638 2948 1692 illis
2977 1637 3267 1700 habebant,
3299 1636 3435 1692 adeo
3473 1644 3533 1690 ut
3570 1636 3766 1691 Petrus

501 1729 844 1790 σαλευθέντα,
899 1729 1058 1782 πάλιν
1085 1729 1178 1782 ἐπὶ
1206 1728 1266 1782 τὸ
1301 1731 1564 1799 μνημεῖον
1591 1728 1816 1799 δραμεῖν
1846 1727 1941 1779 καὶ
1970 1743 2077 1780 πα·-

503 1821 760 1892 ρακύψαι,
809 1823 902 1875 καὶ
951 1822 1076 1874 ἰδεῖν
1106 1822 1266 1874 πάλιν
1300 1823 1369 1876 τὰ
1411 1821 1593 1875 ὀθόνια
1640 1822 1888 1890 κείμενα,
1937 1821 2079 1891 ἀπερ

499 1910 754 1964 εἰσελθὼν
801 1912 900 1982 ἥδη
950 1912 1044 1964 καὶ
1092 1910 1426 1981 θεασάμενος
1469 1912 1856 1982 ἀκριϐέστερον
1886 1951 1900 1975 ,
1957 1912 2079 1965 ὅθεν

498 2003 782 2072 ἀρκεσθεὶς
815 2001 894 2072 τῷ
930 2003 1253 2074 παρακύψαι
1286 2004 1465 2072 μόνον,
1502 2003 1596 2057 καὶ
1630 2003 1794 2073 μηδὲν
1836 2001 1959 2056 ἰδὼν
1987 2002 2080 2055 ἀλ-

497 2094 788 2164 λοιότερον,
836 2095 1047 2164 ἀπῆλθε
1091 2095 1386 2165 θαυμάζων
1430 2095 1522 2148 καὶ
1552 2095 1988 2166 ἐκπληττόμενος
2014 2095 2081 2148 τὸ

499 2188 740 2255 γεγονὸς.
770 2189 864 2241 καὶ
889 2187 1127 2254 δοξάζων
1156 2187 1247 2239 τὸν
1276 2187 1450 2240 ταῦτα
1474 2189 1925 2258 οἰκονομήσαντα.
1971 2190 2080 2243 Καὶ

502 2277 662 2329 πάλιν
719 2280 752 2346 ἡ
813 2277 1144 2348 Μαγδαληνὴ
1191 2279 1418 2348 Μαρία,
1472 2278 1723 2350 καθάπερ
1775 2282 1894 2342 ταῖς
1953 2282 2082 2351 περὶ

512 2369 764 2440 Ἰωάννην
811 2369 1008 2440 ὄρθρου
1058 2369 1247 2438 βαθέος
1294 2370 1662 2440 συνεπορεύθη
1708 2371 1996 2441 φερούσαις
2044 2372 2080 2425 ἀ

497 2455 638 2520 ἦσαν
685 2463 1040 2530 έτοιμάσασαι
1093 2463 1200 2530 πρὸ
1243 2459 1336 2512 τοῦ
1394 2460 1670 2513 Σαϐὁάτου
1723 2461 1869 2532 μύρα
1899 2479 1957 2515 τε
1987 2464 2081 2515 καὶ

499 2552 768 2624 ἀρώματα
795 2571 808 2585 ·
862 2554 952 2606 τὸν
981 2553 1141 2606 αὐτὸν
1185 2554 1385 2621 τρόπον
1417 2553 1509 2607 καὶ
1536 2557 1603 2624 τῇ
1638 2553 1904 2628 Σαλώμῃ,
1954 2556 2079 2626 ξένῃ

499 2644 722 2712 γυναικί
751 2643 903 2709 παρά
936 2642 1034 2706 τὰς
1062 2643 1227 2718 ἄλλας
1260 2645 1358 2706 τὰς
1389 2643 1802 2716 ὠνομασμένας,
1841 2645 2080 2715 βραδέως

504 2735 623 2805 μὲν,
655 2735 983 2806 ὠνησαμένη
1025 2734 1082 2786 δὲ
1127 2736 1277 2803 ὅμως
1325 2733 1615 2803 ἀρώματα,
1659 2733 1793 2788 ἀλλά
1840 2735 1978 2804 μετά
2019 2735 2080 2788 τὸ

499 2826 796 2891 Σάϐθατον,
829 2827 1037 2888 ἀόκνως
1074 2825 1210 2893 μετά
1238 2827 1336 2895 τῆς
1365 2824 1533 2895 αὐτῆς
1562 2825 1798 2888 διανοίας
1827 2825 2079 2896 συνέτρε-

500 2937 561 2991 χε
588 2958 603 2982 ,
656 2917 1048 2991 παραλαϐοῦσα
1097 2917 1190 2970 καὶ
1238 2916 1455 2985 Μαρίαν
1497 2915 1598 2986 τὴν
1654 2915 1907 2968 Ἰακώὸου
1959 2916 2078 2986 μεθ’

500 2987 752 3083 ἑαυτῆς,
782 3011 922 3064 ὥστε
967 3011 1060 3063 καὶ
1101 3012 1167 3080 τῇ
1201 3009 1471 3079 ἀγορασίᾳ
1507 3008 1616 3061 τῶν
1645 3009 1952 3080 ἀρωμάτων
1986 3026 2076 3061 κε·
2103 2987 2146 3044 C

498 3098 889 3169 κοινωνηκέναι
918 3098 1113 3150 δοκεῖν.
1148 3099 1562 3167 Κοινωνήσασαι
1590 3097 1696 3168 γάρ
1726 3098 1825 3168 τῆς
1850 3099 1991 3161 ὁδοῦ,
2019 3099 2080 3151 τὸ

501 3193 610 3245 πᾶν
635 3191 829 3254 κοινῶς
869 3191 1176 3258 ὲλογίσαντο
1210 3189 1529 3260 σπούδασμα
1553 3207 1566 3219 ·
1613 3190 1723 3244 Καὶ
1760 3191 1905 3244 λίαν
1932 3191 2081 3260 πρωῒ

499 3283 611 3351 τῆς
642 3281 782 3352 μιᾶς
809 3281 1120 3335 Σαϐϐάτων
1160 3282 1435 3350 ἔρχονται
1471 3282 1567 3334 ἐπὶ
1599 3281 1666 3335 τὸ
1690 3283 1920 3351 μνῆμα.
1959 3285 2080 3337 Ἔτι

499 3378 611 3436 τοῖς
645 3373 1053 3443 ἀκριϐεστέροις
1097 3373 1206 3425 τῶν
1238 3373 1589 3443 ἀντιγράφων
1637 3373 1938 3444 ἐμφέρεται
1986 3374 2080 3445 δη-

499 3465 643 3528 λοῦν,
672 3465 747 3526 ὡς
782 3464 914 3534 πρὸς
943 3466 1062 3526 ταῖς
1095 3463 1195 3533 ήδη
1226 3464 1643 3533 γεγενημέναις,
1678 3467 1771 3517 καὶ
1804 3465 1942 3535 αῦτη
1966 3464 2077 3518 τῶν

499 3557 770 3626 γυναικῶν
796 3558 830 3626 ἡ
859 3557 950 3607 ἐπὶ
969 3555 1029 3607 τὸ
1058 3554 1246 3624 μνῆμα
1274 3555 1456 3624 ἄφιξις
1481 3556 1806 3623 γέγονεν.Τὸ
1824 3557 1901 3619 δὲ,
1930 3557 2081 3611 Λιίιν

499 3650 666 3717 πρωῒ,
677 3648 984 3719 σαφηνίζων
997 3650 1024 3701 ό
1041 3647 1286 3717 Μάρκος,
1305 3649 1745 3713 Ἀνατείλαντος
1756 3648 1859 3703 τοῦ
1875 3649 2078 3716 ἡλίου,

497 3743 857 3813 προσέθηκεν.
902 3741 1012 3794 Kal
1052 3742 1284 3811 ἔλεγον,
1321 3742 1474 3811 φησι,
1522 3741 1671 3809 πρὸς
1708 3742 1942 3806 ἑαυτάς·
1982 3743 2078 3808 Τίς

496 3832 858 3887 ἀποκυλίσει
898 3831 1045 3900 ἡμῖν
1084 3831 1191 3884 τὸν
1217 3833 1393 3885 λίθον
1446 3829 1565 3884 ἀπὸ
1604 3829 1716 3898 τῆς
1754 3832 1938 3899 θύρας
1971 3831 2077 3885 τοῦ

492 3924 784 3993 μνημείου
802 3941 821 3988 ;
856 3923 963 3977 Καὶ
994 3922 1413 3990 ἀναϐλέψασαι
1447 3922 1773 3989 θεωροῦσιν
1810 3923 1900 3978 ὅτι
1929 3925 2076 3978 ἀπο-

498 4016 843 4069 κεκύλισται
885 4017 918 4068 ό
945 4016 1134 4080 λίθος.
1164 4009 1276 4069 Ἦν
1311 4015 1420 4083 γὰρ
1443 4013 1632 4084 μέγας
1664 4016 1919 4084 σφόδρα.
1964 4017 2078 4086 Τῆς

498 4110 604 4178 γὰρ
633 4108 900 4184 Σαλώμης
926 4107 1149 4168 δικαίως
1177 4105 1580 4178 ἀπορουμένης,
1613 4107 1688 4170 ὡς
1721 4108 1781 4160 τὸ
1817 4110 2077 4178 παράπαν

501 4200 576 4269 μὴ
623 4197 1038 4268 ὲπιδημησάσης
1081 4196 1160 4266 τῷ
1202 4197 1388 4267 τάφῳ,
1440 4198 1535 4250 καὶ
1577 4197 1750 4251 ταῦτα
1797 4200 1933 4269 πρὸς
1979 4200 2077 4263 τὰς

500 4289 930 4361 συμϐαδιζούσας
975 4289 1274 4359 λεγούσης,
1327 4291 1531 4343 ἐκεῖναι
1584 4291 1794 4361 σιωπὴν
1847 4291 2076 4359 ἄγουσαι

497 4381 639 4436 κατά
679 4383 771 4435 τὸν
812 4381 1098 4452 εἰρημένον
1131 4381 1388 4452 ἀνωτέρω
1416 4381 1634 4452 τρόπον,
1675 4383 1769 4435 καὶ
1814 4384 1937 4446 τοὺς
1979 4385 2076 4454 όφ-

497 4474 736 4545 θαλμοῦς
762 4474 987 4544 ἀρασαι,
1022 4473 1102 4544 τῷ
1132 4473 1404 4545 βλέμματι
1435 4472 1532 4543 τὴν
1565 4473 1856 4544 ἀπόκρισιν
1885 4477 2074 4547 ἐποιή-

499 4583 698 4619 σαντο’
748 4566 843 4618 καὶ
889 4567 999 4638 γὰρ
1043 4567 1072 4617 ὁ
1119 4565 1266 4629 λίθος
1305 4564 1800 4635 ἀποκεκυλισμένος
1832 4567 1924 4618 ὑπ’
1951 4565 2072 4636 ὄψιν

496 4656 766 4718 ἐφαίνετο.
798 4655 896 4708 Διά
916 4653 973 4706 δὲ
999 4655 1097 4726 τὴν
1123 4654 1304 4725 κοινὴν
1329 4654 1422 4706 καὶ
1449 4655 1576 4724 μίαν
1602 4653 1906 4724 ὁδοιπορίαν
1935 4658 2071 4727 πρὸς

494 4747 728 4818 ἀλλήλας
752 4747 919 4808 αὑτάς
945 4745 1280 4816 ὴπορηκέναι
1310 4746 1405 4799 καὶ
1431 4745 1716 4817 διειλέχθαι
1739 4747 2065 4818 γέγραπται,

493 4843 560 4912 τῇ
597 4821 824 4910 ἀληθεία
853 4838 952 4908 τῆς
989 4838 1224 4908 ἱστορίας
1269 4840 1363 4892 καὶ
1387 4840 1453 4909 τῇ
1491 4838 1651 4906 φύσει
1675 4838 1784 4893 τῶν
1813 4841 2070 4910 πραγμάο

493 4949 600 4986 των
627 4931 659 5002 ἡ
668 4929 783 5000 μῶν
815 4928 1210 5000 προσεχόντων,
1245 4930 1340 4981 καὶ
1361 4929 1740 5000 διακρινόντων
1764 4930 1909 4994 τίνος
1940 4932 2067 4984 ἴδιον

493 5021 705 5094 ὑπῆρχε
735 5022 796 5073 τὸ
818 5020 1113 5090 διαπορεῖν.
1146 5019 1258 5083 Τὰς
1297 5020 1406 5090 γὰρ
1437 5020 1537 5090 ἤδη
1580 5019 1837 5083 πολλάκις
1869 5020 2069 5073 ἀποκε-

491 5113 814 5184 κυλισμένον
842 5112 1184 5182 θεασαμένας
1213 5112 1304 5166 τὸν
1332 5111 1498 5177 λίθον,
1536 5112 1661 5181 περί
1685 5111 1875 5164 τούτου
1905 5129 2068 5183 φρον-

490 5204 658 5268 τίζειν
695 5203 979 5256 ἀπίθανον.
1023 5202 1161 5255 Ἀλλ’
1189 5201 1376 5271 ἐπειδὴ
1402 5204 1521 5264 ταῖς
1551 5201 1702 5272 παρά
1734 5200 1810 5271 τῷ
1854 5201 2066 5272 Μάρκῳ

488 5297 713 5359 ταύταις
746 5296 1008 5366 γυναιξὶν,
1055 5295 1282 5365 ἀγνοοῦν
1313 5294 1374 5346 τὸ
1399 5293 1496 5363 τῆς
1537 5292 1804 5364 Σαλώμης
1832 5295 2069 5365 ἐμφέρε-

491 5407 578 5442 ται
606 5390 913 5460 πρόσωπον,
943 5387 1169 5463 ἀμάχως
1189 5389 1218 5439 ό
1243 5386 1398 5452 λόγος
1421 5383 1530 5454 ἔχει
1559 5385 1618 5438 τὸ
1644 5385 1884 5440 πιθανόν.
1919 5386 2067 5439 Ἐπεὶ

492 5480 756 5533 κάκείνων
786 5481 886 5534 οὐκ
915 5478 1206 5533 ἀκόλουθον
1236 5477 1297 5530 τὸ
1323 5475 1536 5543 λέγειν’
1574 5476 1668 5541 Τίς
1704 5477 2066 5531 ἀποκυλίσει

564 5658 606 5691 ι’
637 5657 771 5714 an.
798 5674 946 5723 ntv,
971 5657 1023 5712 5.
1103 5659 1148 5691 ²⁰
1173 5657 1338 5711 Marc.
1384 5671 1494 5722 ιγι,
1527 5653 1561 5706 ﬁ
1595 5667 1714 5724 sqq.

2181 1727 2346 1782 etiam
2378 1728 2493 1798 ipse
2521 1729 2781 1798 paulatim
2811 1736 3032 1799 propter
3073 1728 3287 1782 illorum
3326 1729 3765 1783 incredulitatem

2182 1820 2369 1890 aliquo
2413 1822 2576 1876 modo
2623 1823 2979 1892 perturbatus
3028 1829 3082 1876 et
3122 1820 3393 1878 ﬂuctuans
3442 1823 3762 1886 surrexerit,

2183 1926 2248 1966 ac
2281 1927 2476 1967 rursus
2510 1912 2577 1966 ad
2609 1922 3025 1968 monumentum
3071 1915 3400 1976 cucurrerit,
3436 1920 3600 1982 atque
3639 1928 3768 1982 pro-

2183 2001 2424 2070 spiciens
2455 2002 2654 2057 iterum
2682 2017 2904 2073 quoque
2927 2002 3125 2056 viderit
3155 2001 3476 2058 linteamina
3502 2005 3763 2073 jacentia,

2185 2107 2307 2162 qua:
2333 2091 2446 2161 jam
2479 2102 2638 2147 antea
2666 2093 2950 2163 ingressus
2980 2093 3196 2164 plenius
3223 2102 3278 2149 et
3307 2095 3555 2149 exactius
3583 2094 3768 2165 inspe-

2182 2193 2356 2248 xerat,
2391 2182 2535 2238 unde
2574 2185 2754 2238 solum
2789 2184 3142 2253 prospexisse
3179 2193 3491 2249 contentus,
3538 2199 3603 2238 ac
3630 2185 3767 2238 nihil

2182 2291 2213 2329 a
2239 2275 2422 2344 priore
2447 2283 2594 2329 statu
2645 2275 2994 2330 immutatum
3041 2277 3416 2346 conspicatus,
3451 2276 3585 2331 abiit
3626 2292 3763 2332 con-

2183 2373 2459 2421 sternatus
2484 2374 2540 2422 et
2567 2365 2848 2422 admirans
2877 2366 2932 2421 id
2961 2368 3109 2437 quod
3150 2368 3426 2423 acciderat
3450 2388 3463 2424 :
3497 2384 3561 2423 ac
3594 2369 3764 2440 glori-

2182 2456 2354 2513 ﬁcans
2381 2473 2503 2511 eum
2532 2460 2624 2527 qui
2649 2459 2856 2514 baacita
2877 2459 3191 2514 ordinasset
3216 2468 3271 2514 et
3297 2459 3759 2515 administrasset.

2183 2549 2261 2602 Ac
2309 2549 2478 2602 Maria
2510 2549 2828 2620 Magdalena
2876 2567 3093 2616 rursus,
3151 2551 3609 2621 quemadmodum
3654 2567 3763 2605 una

2181 2655 2308 2694 cum
2349 2641 2437 2704 iis,
2465 2656 2587 2710 quae
2625 2657 2751 2696 cum
2796 2641 3008 2697 Joanna
3051 2653 3229 2708 erant,
3278 2644 3602 2699 mulieribus
3635 2659 3761 2713 por-

2182 2731 2427 2786 tantibus
2455 2747 2577 2801 qua:
2620 2740 2748 2787 ante
2797 2731 3098 2787 Sabbatum
3140 2743 3598 2804 praeparaverant,
3659 2750 3764 2788 un-

2182 2832 2383 2892 guenta
2415 2833 2580 2893 atque
2612 2823 3188 2900 aromata,__prol‘undo
3233 2825 3475 2880 diluculo
3521 2825 3764 2896 profecta

2184 2922 2346 2967 erat:
2393 2915 2468 2966 ita
2513 2929 2636 2968 cum
2668 2914 2886 2970 Salome
2919 2933 3136 2986 quoque
3185 2919 3415 2972 muliere
3451 2919 3761 2987 peregrina,

2180 3019 2302 3073 quae
2331 3012 2528 3073 praeter
2574 3006 2888 3060 nominatas
2939 3006 3066 3060 licet
3099 3010 3282 3070 tarde,
3339 3015 3549 3062 emerat
3579 3016 3764 3064 tamen

2181 3102 2447 3158 aromata,
2472 3093 2568 3149 sed
2602 3103 2725 3165 post
2755 3094 3083 3160 Sabbatum,
3115 3096 3515 3152 eademtmente
3537 3097 3766 3169 impigre

2179 3185 2459 3250 currebat,
2492 3195 2773 3257 assumpta
2823 3203 3008 3242 secum
3039 3189 3208 3242 etiam
3244 3188 3414 3243 Maria
3447 3189 3658 3258 Jacobi,
3691 3195 3764 3246 ita

2181 3285 2241 3330 ut
2268 3277 2432 3332 etiam
2463 3277 2889 3348 incoemptione
2929 3291 3232 3333 aromatum
3281 3281 3441 3336 sociae
3470 3281 3641 3338 fuisse
3692 3286 3764 3336 vi-

2179 3366 2578 3422 deantur.Cum
2611 3369 2756 3423 enim
2791 3369 2952 3424 sociae
2975 3379 3163 3425 essent
3190 3371 3424 3436 itineris,
3457 3381 3623 3426 totam
3647 3389 3762 3427 rem

2181 3467 2389 3528 gestam
2423 3475 2718 3514 commune
2769 3462 3009 3515 studium
3050 3477 3174 3516 esse
3236 3463 3659 3518 existimabant:
3695 3464 3763 3517 Et

2181 3551 2330 3604 valde
2359 3565 2513 3605 mane
2554 3568 2660 3605 una
2694 3550 3056 3607 Sabbatorum
3083 3556 3292 3608 veniunt
3333 3557 3401 3608 ad
3451 3572 3761 3611 monumen-

2183 3653 2294 3696 tum
2320 3642 2386 3697 ²⁰.
2446 3645 2719 3700 Praiterea
2774 3646 2828 3700 in
2887 3646 3258 3702 exactioribus
3307 3663 3372 3702 ac
3424 3648 3763 3718 plenioribus

2179 3736 2585 3804 exemplaribus
2615 3736 2928 3792 continetur
2958 3737 3035 3804 id,
3061 3738 3206 3808 quod
3233 3739 3598 3810 signiﬁcatur,
3624 3756 3763 3810 pra:—

2181 3837 2263 3881 ter
2291 3827 2400 3896 jam
2429 3827 2600 3883 factas
2628 3827 2972 3884 visitationes
2996 3830 3159 3885 etiam
3197 3831 3341 3886 hunc
3372 3833 3661 3888 mulierum
3691 3833 3761 3887 ad

2179 3927 2596 3971 monumentum
2651 3919 2950 3989 contigisse
3015 3936 3320 3978 accessum.
3383 3924 3522 3990 Quid
3577 3935 3758 3979 autem

2178 4008 2298 4064 λίαν
2335 4012 2500 4081 πρωΐ,
2548 4011 2601 4064 id
2630 4020 2735 4073 est,
2770 4012 2920 4067 valde
2949 4031 3123 4076 mane,
3175 4015 3265 4068 hic
3305 4017 3587 4085 eXplicans
3619 4018 3762 4071 Mar-

2177 4115 2303 4164 cus,
2332 4101 2552 4169 adjecit,
2577 4111 2692 4153 orto
2722 4101 2850 4154 sole.
2886 4101 2953 4154 Et
2983 4103 3249 4166 dicebant,
3283 4105 3484 4174 inquit,
3513 4108 3582 4157 ad
3618 4109 3755 4160 invi-

2178 4209 2287 4246 cem
2315 4209 2332 4246 :
2359 4192 2492 4260 Quis
2547 4193 2773 4247 revolvet
2815 4195 2962 4248 nobis
3015 4195 3243 4264 lapidem
3279 4197 3344 4250 ab
3384 4198 3521 4251 ostio
3573 4215 3758 4252 tuonu-

2105 4322 2154 4382 υ
2180 4287 2384 4340 menti?
2413 4297 2461 4339 et
2493 4286 2721 4340 sublatis
2752 4286 2920 4340 oculis
2948 4287 3124 4341 vident
3170 4287 3400 4355 lapidem
3440 4291 3753 4346 revolutum.

2183 4371 2319 4427 Erat
2349 4376 2489 4428 enim
2515 4391 2736 4446 magnus
2766 4376 2935 4428 valde.
2963 4376 3100 4430 Cum
3135 4377 3283 4430 enim
3315 4376 3532 4434 Salome
3563 4381 3757 4434 merito

2178 4465 2476 4531 dubitaret,
2505 4475 2564 4520 ut
2589 4476 2712 4538 Qua:
2738 4468 2961 4522 omnino
2993 4467 3061 4521 ad
3093 4469 3403 4538 sepulcrum
3434 4486 3542 4525 non
3569 4487 3757 4526 acces-

2178 4559 2360 4626 sisset,
2398 4568 2562 4630 atque
2594 4561 2707 4617 haec
2733 4562 2800 4615 ad
2827 4563 3056 4616 comites
3089 4576 3220 4618 suas
3263 4561 3493 4631 diceret,
3535 4564 3641 4619 illa?
3675 4574 3758 4618 ta-

2176 4661 2385 4714 centes.
2425 4663 2589 4722 prout
2629 4654 2885 4724 superius
2923 4653 3128 4709 dicttnn
3173 4663 3278 4719 est,
3326 4670 3453 4710 cum
3497 4658 3754 4713 sustulis-

2177 4745 2568 4806 sent‘oculos,
2629 4755 2854 4815 aspectu
2904 4746 3024 4816 ipso
3071 4761 3394 4816 responsum
3444 4747 3751 4805 dederunt.

2175 4837 2377 4892 etenim
2429 4836 2568 4906 lapis
2621 4838 2906 4894 revolutus
2964 4839 3020 4892 in
3071 4848 3369 4908 conspectu
3431 4841 3750 4909 apparebat.

2174 4926 2444 4992 Quoniam
2493 4936 2674 4984 autem
2718 4944 2824 4983 una
2859 4928 3030 4991 ibant,
3085 4936 3140 4984 et
3171 4944 3465 4985 commune
3513 4930 3594 4986 eis
3649 4932 3754 4986 iter

2174 5024 2315 5080 erat,
2349 5016 2556 5072 idcirco
2587 5017 2730 5072 inter
2759 5033 2819 5073 se
2851 5018 3055 5072 dixisse
3085 5033 3151 5071 ac
3178 5018 3461 5073 dubitasse
3485 5020 3752 5090 scriptum

2174 5119 2283 5173 est,
2335 5111 2383 5165 si
2429 5125 2612 5164 rerum
2660 5121 2912 5164 naturam
2968 5119 3134 5178 atque
3191 5109 3431 5166 historiae
3465 5107 3749 5167 veritatem

2171 5203 2608 5268 consideremus,
2650 5220 2711 5258 ac
2765 5205 3169 5273 discernamus,
3220 5204 3380 5275 cujus
3406 5219 3594 5260 earum
3625 5222 3751 5275 pro-

2174 5297 2351 5366 prium
2401 5295 2567 5350 fuerit
2606 5296 2879 5353 dubitare.
2937 5297 3071 5354 Nam
3118 5314 3232 5362 eas,
3297 5314 3418 5368 qua:
3448 5299 3561 5368 jam
3607 5315 3750 5369 saepe

2172 5389 2406 5459 lapidem
2441 5391 2750 5444 revolutum
2778 5391 3063 5453 vidissent,
3097 5391 3166 5447 de
3185 5391 3289 5446 hoc
3317 5393 3584 5447 sollicitas
3603 5408 3746 5456 esse,

2173 5479 2456 5551 probabile
2485 5496 2592 5535 non
2625 5491 2761 5538 erat.
2792 5483 2898 5539 Sed
2930 5484 3190 5555 quoniam
3234 5485 3375 5539 inter
3409 5485 3508 5540 has
3550 5484 3750 5540 mulie-
