4154 6354
403 216 513 273 645

1654 217 1712 272 S.
1752 214 2081 273 GREGORH
2120 213 2411 270 NY’SSEN‘I

3556 204 3656 258 6M

404 343 517 393 res,
556 328 624 385 de
666 329 867 398 quibus
898 338 984 385 cst
1000 328 1153 401 apud
1185 328 1449 394 Marcum,
1500 329 1978 401 persouaSalome

2079 330 2229 399 ἡμῖν
2252 330 2359 382 τὸν
2394 329 2590 389 λίθον,
2641 327 2748 380 τῶν
2800 324 3066 379 Ἰουδαίων
3111 321 3527 393 σφραγισάντων
3562 321 3660 393 τήν

404 421 593 489 ignara
624 418 880 485 infertur,
915 420 1124 491 absque
1154 425 1553 483 controversia,
1582 421 1760 475 oratio
1777 423 1984 489 proba-

405 511 534 566 bilis
554 526 618 565 ac
647 511 964 568 verisimilis
983 520 1088 568 est.
1108 511 1243 567 Nam
1273 528 1375 566 nec
1404 512 1526 566 illas
1552 521 1984 566 consentaneum

402 609 490 657 est
519 601 748 665 dixisse,
787 602 917 667 Quis
957 605 1180 658 revolvat
1221 602 1373 656 nobis
1413 603 1661 669 lapidem,
1696 611 1984 673 propterea

403 690 550 760 quod
578 688 750 746 Judaei
778 692 1163 762 obsignassent
1190 692 1398 747 aditum
1450 692 1712 762 sepulcri,
1742 691 1982 746 adhibita

402 782 652 837 custodia
686 782 942 848 militum,
976 790 1032 837 et
1067 784 1264 838 tertius
1292 784 1411 838 dies
1445 783 1699 838 instaret.
1728 783 1984 837 Dixerant

402 876 548 930 enim
580 876 830 932 scelerati
876 876 955 930 illi
1003 876 1073 930 ad
1112 875 1392 933 Pilatum:
1447 876 1727 931 Recordati
1775 892 1979 941 sumus,

401 968 540 1038 quod
560 969 814 1036 impostor
838 968 929 1022 ille
948 968 1113 1038 dixit,
1136 984 1255 1022 cum
1281 967 1452 1023 adhuc
1475 970 1664 1023 viveret
1688 982 1705 1018 :
1730 966 1859 1022 Post
1879 976 1984 1021 tres

401 1059 513 1114 dies
544 1075 815 1130 resurgam
837 1059 904 1114 ιι.
941 1058 999 1114 Si
1027 1059 1290 1116 mulieres
1338 1060 1504 1131 igitur
1533 1058 1784 1115 sciebant
1817 1058 1986 1112 mira-

400 1152 608 1215 culum,
661 1150 809 1221 quod
841 1165 938 1221 per
990 1151 1244 1223 angelum
1288 1150 1495 1206 factum
1542 1157 1682 1214 erat,
1735 1159 1790 1204 et
1837 1148 1985 1218 quod

400 1242 543 1312 lapis
586 1248 836 1297 remotus
883 1248 1052 1308 esset,
1102 1250 1157 1298 et
1184 1241 1443 1299 custodes
1470 1241 1810 1313 expavelacti
1837 1255 1985 1293 mor-

399 1334 618 1404 tuisque
639 1332 848 1390 similes
877 1331 1013 1389 facti
1044 1334 1420 1401 recessissent,
1446 1332 1718 1404 quomodo
1739 1333 1986 1386 sollicita:

399 1435 456 1483 et
484 1427 658 1481 anxia:
679 1425 747 1481 de
789 1424 1136 1481 revolutione
1182 1423 1381 1495 lapidis
1437 1423 1640 1480 erant?
1675 1422 1771 1476 Sin
1802 1430 1984 1476 autem

396 1516 725 1573 miraculum
770 1516 1120 1589 ignorabant,
1160 1515 1462 1587 custodiam
1509 1515 1745 1569 militum
1797 1514 2015 1577 censi:

2085 421 2287 474 εἴσοδον
2330 419 2424 474 τοῦ
2457 420 2653 489 τάφου,
2700 420 2795 473 καὶ
2837 418 2936 489 τὴν
2961 417 3068 470 τῶν
3098 413 3448 487 στρατιωτῶν
3478 430 3655 486 παρα-

2083 512 2542 582 καταστησάντων
2593 511 2856 585 φρουρὰν,
2884 510 2977 563 καὶ
3001 509 3098 580 τῆς
3117 508 3307 580 τρίτης
3335 507 3549 579 ἡμέρας
3572 508 3659 560 ἐνο

2076 604 2345 674 εστὼσης.
2380 605 2524 675 Πρὸς
2567 604 2676 676 γάρ
2723 604 2815 657 τὸν
2866 603 3094 658 Πιλάτον
3142 597 3296 655 εἷπον
3340 602 3389 654 oi
3440 599 3659 673 μιαροί’

2096 696 2514 766 Ἔμνήσθημεν
2561 696 2651 749 ὅτι
2710 698 2744 750 ό
2799 695 3030 762 πλάνος
3081 696 3311 762 ἐκεῖνος
3361 690 3532 749 εἶπεν
3571 694 3660 749 ἔτι

2084 784 2229 847 ζῶνο
2284 787 2448 842 Μετὰ
2490 787 2646 855 τρεῖς
2689 786 2913 856 ἡμέρας
2956 787 3272 857 ἐγείρομαι.
3327 787 3391 840 Ei
3439 789 3538 857 μὲν
3566 773 3659 840 οὖν

2082 878 2303 950 ᾔδεισαν
2358 880 2414 932 αἱ
2458 880 2715 947 γυναῖκες
2761 878 2819 931 τὸ
2862 878 2949 931 διὰ
2980 878 3073 931 τοῦ
3104 877 3337 945 ἀγγέλου
3370 876 3660 947 γενόμενον

2085 971 2290 1042 θαῦμα,
2340 972 2441 1042 τήν
2484 988 2544 1023 τε
2590 970 2915 1041 ἀποκίνησιν
2945 968 3040 1023 τοῦ
3070 969 3242 1032 λίθου,
3275 971 3368 1023 καὶ
3409 968 3507 1039 τὴν
3550 969 3659 1023 τῶν

2085 1063 2340 1133 φυλάκων
2367 1064 2433 1117 ἐκ
2459 1063 2551 1116 τοῦ
2586 1062 2750 1130 φόϐου
2777 1062 3044 1134 νέκρωσίν
3078 1079 3138 1114 τε
3162 1062 3260 1115 καὶ
3287 1060 3656 1132 ἀναχώρησιν,

2084 1155 2200 1217 πῶς
2242 1155 2530 1227 διηπόρουν
2575 1156 2703 1224 περὶ
2744 1154 2840 1207 τοῦ
2883 1153 3312 1222 ἁποκυλισθῆναι
3353 1154 3443 1206 τὸν
3475 1152 3657 1218 λίθον;

2084 1247 2148 1301 Ei
2174 1248 2229 1300 δὲ
2265 1248 2490 1316 ἠγνόουν
2533 1246 2593 1299 τὸ
2622 1246 2722 1299 θαῦ
2732 1264 2827 1316 μα,
2859 1247 2956 1317 τήν
2983 1245 3377 1318 στρατιωτικὴν
3409 1244 3654 1316 φρουρὰν

2081 1342 2284 1394 ἐννοεῖν
2312 1340 2438 1400 ἔδει,
2467 1340 2561 1394 καὶ
2588 1340 2686 1411 τὴν
2710 1340 2908 1406 ἄνοιξιν
2933 1339 3026 1392 τοῦ
3060 1340 3340 1409 μνήματος
3365 1337 3437 1408 μὴ
3459 1337 3660 1407 φαντά-

2085 1432 2290 1497 ζεσθαι.
2325 1432 2481 1491 Ἀλλ’,
2517 1432 2592 1494 ὡς
2633 1432 2787 1502 ἐφην,
2820 1434 2852 1501 ή
2886 1429 3116 1501 Σαλώμη
3143 1430 3237 1483 καὶ
3266 1429 3421 1483 τοῦτο
3452 1428 3658 1500 ἠγνόει,

2083 1526 2178 1578 καὶ
2210 1525 2378 1595 αὐτῆς
2424 1523 2591 1595 μόνης
2639 1523 2708 1575 τὰ
2754 1524 2971 1593 ῥήματα
2999 1517 3087 1592 ἦν.
3132 1520 3320 1592 Μαρία
3352 1520 3459 1591 γὰρ
3488 1521 3521 1590 ἡ
3549 1518 3659 1572 Μα-

395 1606 592 1663 derare
632 1621 701 1663 ac
759 1621 871 1663 nou
901 1607 971 1663 de
1015 1607 1313 1678 aperiendo
1341 1612 1699 1661 monumento
1744 1607 1978 1676 cogitare

2082 1614 2321 1685 γδαληνὴ
2347 1615 2441 1667 καὶ
2466 1615 2499 1684 ἡ
2528 1612 2658 1683 ἄλλη
2698 1613 2906 1682 Μαρία,
2939 1610 3284 1664 καθεσθεῖσαι
3314 1610 3406 1663 τοῦ
3439 1613 3658 1680 μνήμα-

395 1699 701 1770 oportebat.
730 1696 958 1765 Verum,
1006 1670 1068 1753 ut
1095 1697 1233 1764 dixi,
1269 1696 1488 1757 Salome
1514 1705 1571 1753 et
1611 1696 1717 1752 hoc
1762 1670 1978 1767 ignora-

2082 1670 2171 1768 τος
2208 1670 2267 1768 ἐξ
2294 1670 2560 1767 ἐναντίας,
2595 1670 2671 1765 ὡς
2701 1701 2729 1752 ὁ
2764 1670 3035 1765 Ματθαῖος
3064 1700 3345 1772 ἱστόρησε,
3395 1670 3487 1752 καὶ
3512 1670 3659 1767 φῖλο·

399 1790 513 1858 bat,
542 1799 598 1846 et
654 1790 834 1861 ipsius
888 1790 1061 1847 solius
1095 1805 1160 1846 ea
1205 1790 1371 1846 verba
1425 1798 1605 1848 erant.
1640 1787 1778 1844 Nam
1810 1788 1982 1843 Maria

398 1880 716 1954 Magdalena
744 1889 913 1953 atque
939 1882 1111 1937 altera
1160 1881 1335 1937 Maria
1361 1898 1487 1937 cum
1514 1881 1790 1941 sedissent
1822 1895 1853 1935 e
1890 1895 1981 1935 re-

393 1975 561 2046 gione
615 1974 875 2046 sepulcri,
928 1973 1387 2046 quemadmodum
1435 1975 1717 2030 memoriae
1740 1973 1985 2045 prodidit

400 2067 689 2137 Matthzus
709 2069 776 2134 ",
804 2083 1112 2140 magnoque
1141 2067 1326 2124 studio
1353 2077 1516 2137 atque
1540 2065 1813 2121 industria
1840 2066 1981 2122 assi-

394 2155 592 2214 dentes
620 2157 675 2214 id
700 2157 964 2230 egissent,
1009 2167 1125 2213 tum
1160 2158 1444 2229 signacula
1473 2154 1808 2225 Iudaeorum,
1863 2168 1978 2212 tum

397 2257 734 2304 armatorum
788 2248 1098 2305 custodiam
1152 2249 1327 2305 oculis
1384 2240 1502 2304 suis
1558 2258 1976 2319 conspexerant.

395 2338 652 2413 lugressa
695 2350 879 2399 autem
915 2341 1133 2398 Salome
1164 2357 1289 2399 cum
1342 2351 1573 2415 utraque
1603 2341 1793 2408 Maria,
1829 2342 1981 2398 vide-

395 2443 527 2488 runt
570 2435 824 2504 juvenem
853 2433 1135 2490 sedentem
1182 2448 1215 2490 a
1263 2433 1497 2500 dextris,
1550 2434 1809 2489 amictum
1842 2434 1979 2489 stola

394 2523 654 2593 candida,
676 2533 734 2581 et
750 2536 1087 2596 expaverunt
1105 2540 1298 2581 omnes
1324 2527 1406 2581 ’δι
1435 2526 1550 2581 haec
1568 2525 1812 2598 quidem,
1833 2526 1980 2597 quod

397 2615 506 2673 ﬁde
527 2616 813 2689 indigeret,
839 2632 904 2673 ac
930 2618 1105 2689 magis
1134 2618 1376 2675 humano
1400 2631 1550 2674 more
1574 2616 1766 2674 an‘ecta
1792 2626 1974 2673 esset:

397 2708 508 2764 illae
538 2723 670 2764 vero
694 2709 840 2781 quod
869 2709 1072 2779 sapius
1107 2708 1175 2765 ad
1219 2716 1636 2764 monumentum
1672 2709 1975 2773 venissent,

394 2801 727 2872 curioseque
788 2814 853 2856 ac
906 2814 1077 2871 supra
1134 2816 1299 2872 quam
1357 2815 1585 2857 necesse
1632 2809 1796 2873 atque
1839 2816 1979 2872 opus

394 2901 567 2958 esset,
607 2891 866 2963 deinceps
904 2892 1192 2963 explorare
1229 2898 1398 2964 atque
1424 2892 1757 2964 investigare
1790 2908 1978 2950 resur-

2081 1797 2259 1860 πόνως
2290 1794 2773 1867 προσεδρεύσασαι,
2808 1794 2901 1846 καὶ
2926 1794 3025 1856 τὰς
3055 1791 3352 1865 σφραγῖδας
3380 1791 3489 1844 τῶν
3526 1789 3656 1846 Ἰου-

2079 1888 2266 1952 δαίων,
2290 1887 2384 1942 καὶ
2404 1887 2501 1959 τὴν
2522 1886 2631 1939 τῶν
2659 1885 2892 1940 ὁπλιτῶν
2914 1885 3159 1956 φυλακὴν
3179 1884 3300 1953 ὕψει
3328 1881 3653 1954 παρέλαϐον.

2080 1977 2412 2033 Εἰσελθοῦσα
2441 1977 2497 2030 δὲ
2528 1978 2562 2047 ἡ
2597 1974 2831 2046 Σαλώμη
2877 1976 2975 2027 σὺν
3010 1977 3132 2038 ταῖς
3163 1973 3405 2044 Μαρίαις
3430 1972 3652 2043 ἀμφοῖν,

2080 2068 2360 2125 νεανίσκον
2397 2064 2536 2120 εἶδον
2574 2066 2877 2137 καθήμενον
2919 2067 2976 2116 ἐν
3012 2067 3122 2127 τοῖς
3171 2063 3385 2129 δεξιοῖς,
3434 2061 3655 2133 περιδε-

2081 2163 2348 2236 6λημένον
2380 2162 2570 2233 στολὴν
2600 2160 2832 2230 λευκὴν,
2882 2161 2975 2213 καὶ
3014 2157 3357 2229 ἐπτοήθησαν
3406 2157 3614 2212 ἅπασαι
3637 2174 3652 2188 ο

2081 2255 2115 2324 ἡ
2144 2252 2345 2324 μὲν,ὡς
2367 2250 2558 2314 ἐνδεῶς
2578 2249 2774 2321 ἔχουσα
2797 2249 3034 2312 πίστεως
3062 2249 3154 2302 καὶ
3176 2248 3656 2320 ἀνθρωπινώτερον

2057 2344 2394 2421 διακειμένη
2422 2360 2435 2374 ·
2470 2344 2526 2395 αί
2568 2343 2648 2408 δὲ,
2692 2340 2769 2406 ὡς
2805 2340 3265 2412 ἐπιχωριάζουσαι
3320 2338 3528 2411 συχνῶς
3579 2339 3658 2411 τῷ

2084 2440 2346 2509 μνήματι,
2377 2438 2472 2491 καὶ
2504 2435 2977 2505 πολυπραγμονεῖν
3018 2432 3271 2488 δοκοῦσαι
3294 2432 3477 2486 λοιπὸν
3515 2431 3657 2504 πέρα

2078 2531 2173 2585 τοῦ
2201 2530 2411 2595 δέοντος
2443 2529 2540 2602 τὴν
2566 2530 2878 2583 ἀνάστασιν.
2910 2526 3008 2580 Διὰ
3027 2525 3135 2599 γὰρ
3165 2525 3324 2579 τοῦτο
3354 2525 3449 2578 καὶ
3480 2525 3655 2579 νεανί-

2082 2641 2207 2687 σκος
2233 2622 2389 2694 ὤφθη
2412 2621 2759 2691 καταπλῆξαι
2779 2619 2856 2690 τῷ
2871 2618 3095 2691 μεγέθει
3122 2618 3215 2672 καὶ
3243 2616 3404 2686 φόϐον
3432 2615 3657 2688 ἐμποιῆ-

2081 2734 2171 2770 σαι
2193 2717 2509 2787 δυνάμενος,
2532 2714 2628 2769 καὶ
2658 2714 2851 2784 μιγνὺς
2872 2710 2948 2783 τῷ
2974 2701 3191 2783 φοϐερῷ
3213 2710 3274 2764 τὸ
3306 2709 3547 2782 φαιδρὸν,
3569 2709 3658 2765 διὰ

2077 2808 2172 2863 τοῦ
2213 2806 2407 2861 λευκοῦ
2436 2807 2535 2876 τῆς
2560 2806 2772 2875 στολῆς,
2803 2806 2897 2859 καὶ
2921 2805 2996 2868 ὡς
3035 2806 3093 2857 ἐν
3121 2803 3304 2875 ἐορτῇ,
3332 2802 3427 2856 καὶ
3460 2803 3546 2856 ῖνα
3581 2803 3658 2875 μὴ

2079 2900 2300 2970 παγῶσι
2368 2897 2446 2970 τῷ
2498 2897 2641 2962 δέει,
2690 2896 3041 2969 σφοδρότερον
3089 2896 3280 2959 αὐταῖς
3328 2893 3656 2965 διαλέγεται,

397 2985 701 3055 restionem
744 2983 1086 3040 viderentur.
1120 2983 1258 3040 Nam
1307 2984 1514 3040 idcirco
1559 2985 1722 3041 etiam
1758 2984 1977 3056 juvenis

2082 2991 2350 3047 παιδεύων
2402 2989 2572 3052 αὐτὰς
2611 2988 2678 3041 δι’
2730 2982 2806 3042 ὧν
2845 2987 2997 3056 ἐλεγε
3040 2987 3176 3058 μετά
3219 2985 3484 3050 τοσαύτας
3530 2986 3657 3050 θέας

394 3077 673 3149 apparuit,
701 3076 796 3149 qui
819 3075 1196 3149 magnitudine
1228 3075 1656 3149 perterrefacere
1683 3092 1748 3132 ac
1773 3085 1974 3133 metum

395 3171 623 3242 injicere
670 3178 877 3242 posset,
923 3187 989 3227 ac
1013 3171 1213 3228 terrori
1264 3171 1606 3228 alacritatem
1633 3178 1692 3228 et
1732 3171 1975 3227 laetitiam

396 3264 658 3327 miscens,
689 3279 787 3333 per
816 3263 1112 3319 candorem
1144 3263 1323 3330 stolae,
1375 3278 1503 3320 cum
1555 3270 1779 3334 propter
1828 3263 1975 3320 diem

395 3354 613 3412 scilicet
643 3355 868 3423 festum,
918 3363 1035 3410 tum
1066 3370 1138 3410 ne
1161 3362 1316 3411 metu
1342 3354 1770 3420 obticcscerent,
1820 3368 1977 3409 acer-

399 3447 526 3505 bius
553 3463 648 3504 eas
675 3448 995 3517 alloquitur,
1030 3447 1309 3517 castigans
1352 3444 1536 3502 verbis
1566 3451 1620 3501 et
1652 3444 1972 3509 admonens,

398 3554 470 3595 ne
501 3548 625 3609 post
651 3547 732 3595 tot
763 3540 1132 3611 spectationes
1160 3539 1395 3593 curiosa:
1422 3545 1631 3605 essent,
1670 3537 1766 3592 sed
1792 3536 1975 3607 potius

399 3632 571 3686 ﬁrmae
609 3638 893 3686 manerent
937 3630 992 3685 in
1029 3630 1118 3691 iis,
1160 3644 1282 3701 quae
1328 3628 1634 3685 vidissent:
1684 3627 1769 3683 Ite
1804 3628 1971 3694 enim,

398 3723 600 3792 inquit,
649 3721 812 3776 dicite
864 3721 1142 3792 discipulis
1196 3721 1311 3791 ejus
1363 3728 1416 3776 et
1459 3719 1617 3776 Petro
1662 3720 1975 3792 (discipulis

396 3814 643 3886 quidem,
672 3823 858 3885 utpote
888 3814 959 3870 iis
985 3816 1076 3886 qui
1100 3830 1244 3886 saepe
1264 3829 1379 3870 non
1400 3815 1753 3870 crediderunt
1776 3831 1790 3867 :
1814 3812 1974 3868 Petro

396 3921 551 3973 vero,
609 3919 671 3962 ut
711 3907 805 3976 qui
852 3906 1051 3962 iterum
1083 3912 1274 3963 eadem
1321 3907 1605 3963 vobiscum
1654 3906 1974 3961 curiositate

395 3995 668 4052 adductus
714 3997 781 4050 ad
826 4005 1245 4052 monumentum
1298 3996 1477 4067 venit)
1530 3995 1669 4067 quod
1717 3993 1972 4065 prwcedet

393 4104 485 4143 uos
516 4087 572 4141 in
603 4086 928 4143 Galilwam:
968 4089 1043 4143 ibi
1081 4105 1201 4143 eum
1258 4089 1495 4143 uidebitis
1539 4089 1677 4143 sicut
1714 4088 1849 4141 dixit
1881 4104 1972 4141 vo-

395 4179 478 4232 bis
505 4179 570 4244 ³⁵,
589 4180 744 4235 vobis
766 4180 1091 4237 mulieribus
1111 4196 1227 4235 sero
1252 4179 1630 4247 Sabbatorum,
1655 4196 1719 4236 ea
1740 4180 1828 4236 dic
1852 4195 1974 4250 qua!

399 4271 629 4327 lucescit
671 4277 727 4327 in
776 4272 1007 4344 primam
1050 4271 1454 4338 Sabbatorum,
1495 4282 1554 4328 ut
1595 4273 1879 4328 Mattbzeus
1924 4273 1971 4305 “

2086 3083 2160 3155 μὴ
2193 3081 2497 3153 περιέργως
2526 3079 2852 3143 διακεῖσθαι,
2887 3077 3117 3148 βεϐαίως
3150 3076 3207 3131 δέ
3240 3077 3438 3149 μᾶλλον
3468 3077 3554 3147 ἐφ’
3576 3071 3659 3139 οἷς

2080 3170 2219 3227 εἶδον
2262 3174 2504 3227 ἐστάναι.
2562 3169 2836 3240 Ὑπάγετε
2886 3170 3013 3238 γὰρ,
3055 3168 3241 3239 φησὶν,
3274 3168 3480 3223 εἴπατε
3532 3168 3658 3236 τοῖς

2075 3264 2366 3336 μαθηταῖς
2394 3262 2579 3318 αὐτοῦ
2601 3259 2804 3327 καὶτῷ
2834 3261 3034 3329 Πέτρῳ
3077 3262 3209 3332 (τοῖς
3245 3259 3344 3331 μὲν
3369 3259 3656 3331 μαθηταῖς,

2079 3358 2156 3422 ὡς
2176 3357 2433 3420 πολλάκις
2463 3354 2793 3425 ἡπιστηκόσι
2815 3371 2829 3384 ⁸
2861 3353 2937 3424 τῷ
2961 3353 3021 3407 δὲ
3051 3352 3265 3424 Πέτρῳ.
3297 3352 3373 3415 ὡς
3400 3353 3536 3423 μετά
3560 3352 3658 3422 τῆς

2076 3446 2248 3516 αὐτῆς
2276 3446 2403 3516 ὑμῖν
2424 3443 2956 3517 πολυπραγμοσύνης
2985 3442 3235 3513 δεύτερον
3264 3443 3358 3496 ἐπὶ
3382 3443 3445 3495 τὸ
3470 3442 3658 3514 μνῆμα

2079 3536 2340 3606 ἐλθόντι),
2376 3534 2467 3588 ὅτι
2505 3533 2751 3604 προάγει
2800 3531 2955 3600 ὑμᾶς
3005 3533 3094 3598 είς
3135 3532 3252 3602 τὴν
3294 3534 3652 3599 Γαλιλαίαν,

2076 3630 2202 3685 ἐκεῖ
2229 3629 2416 3683 αὑτὸν
2446 3627 2707 3696 ὄψεσθε,
2732 3626 2928 3693 καθὼς
2955 3620 3126 3680 εἶπεν
3156 3625 3299 3696 ὑμῖν
3322 3639 3338 3655 ο
3382 3627 3512 3697 ὑμῖν
3536 3629 3667 3689 ταῖς·

2078 3720 2344 3790 γυναιξὶν,
2374 3718 2520 3787 Ὀψὲ
2538 3716 2874 3783 Σαϐϐάτων,
2911 3718 2979 3787 τῇ
3004 3714 3389 3788 ἐπιφωσκούσῃ
3418 3716 3497 3781 είς
3524 3715 3654 3787 μίαν

2078 3814 2371 3868 Σαϐϐάτων
2413 3812 2731 3881 ἐπιφανεὶς,
2781 3809 2857 3873 ὡς
2898 3811 2929 3863 ὁ
2973 3807 3249 3872 Ματθαῖος
3295 3806 3649 3877 συνέγραψεν.

2079 3906 2203 3968 Τοῖς
2238 3905 2348 3974 γὰρ
2397 3902 2662 3973 μαθηταῖς
2710 3901 2964 3954 οὐδέποτε
3029 3898 3275 3968 φαίνεται
3336 3898 3535 3969 φήσας,
3574 3898 3652 3963 ὡς

2077 3994 2219 4065 μετὰ
2243 3994 2341 4066 τὴν
2364 3992 2578 4064 ἔγερσιν
2616 3992 2796 4055 αὐτοῖς
2832 3993 2890 4044 ἐν
2921 3992 2986 4062 τῇ
3024 3989 3283 4061 Γαλιλαία
3312 3989 3609 4061 φανήσεται
3630 4006 3647 4023 ⁸

2075 4087 2262 4157 εἰμήτι
2304 4102 2369 4154 γε
2404 4087 2580 4138 ἐκεῖνο
2623 4086 2739 4155 ἐρεῖ
2786 4099 2901 4146 τις,
2943 4083 3079 4154 ὅπερ
3123 4084 3153 4145 ὁ
3207 4082 3505 4147 Ματθαῖος,
3554 4081 3652 4137 καὶ

2076 4181 2301 4253 Μάρκος
2327 4178 2563 4250 ἔγραψε,
2601 4177 2737 4248 μετά
2767 4176 2829 4229 τὸ
2860 4175 3070 4229 δεῖπνον
3097 4174 3160 4229 τὸ
3206 4174 3465 4246 μυστικὸν
3498 4174 3651 4239 ἐξελ-

2077 4272 2277 4326 θόντων
2298 4271 2476 4325 αὐτῶν
2499 4273 2577 4335 είς
2605 4272 2667 4324 τὸ
2704 4270 2829 4342 ὅρος
2848 4269 2954 4324 τῶν
2985 4268 3211 4324 Ἐλαιῶν
3236 4268 3379 4341 μετὰ
3401 4267 3464 4322 τὸ
3487 4269 3652 4341 ύμνῆ·

394 4365 750 4435 conseripsit.
790 4364 1085 4436 Discipulis
1113 4367 1259 4420 enim
1288 4378 1567 4436 nunquam
1597 4374 1822 4436 apparet
1847 4381 1969 4420 eum

2079 4379 2190 4428 σαι,
2219 4360 2323 4414 ὑπὸ
2355 4360 2448 4414 τοῦ
2491 4360 2739 4430 Σωτῆρος
2767 4358 3054 4431 εἰρημένον
3080 4351 3182 4412 ὧδέ
3212 4374 3326 4421 πως
3349 4373 3364 4388 °
3389 4355 3553 4411 Μετὰ
3581 4353 3653 4409 δὲ

395 4456 625 4521 dixisse,
660 4457 807 4528 quod
836 4465 961 4529 post
1004 4458 1463 4514 resurrectionem
1497 4459 1635 4530 ipsis
1664 4460 1720 4513 in
1750 4458 1969 4514 Galilaea

2076 4456 2142 4510 τὸ
2166 4452 2479 4524 ἐγερθῆναί
2499 4450 2836 4523 με,προάξω
2862 4450 3019 4519 ὑμᾶς
3037 4452 3124 4517 είς
3154 4450 3269 4519 τὴν
3291 4450 3647 4505 Γαλιλαίαν.

398 4547 752 4618 appariturus
774 4557 940 4614 esset,
977 4548 1085 4604 nisi
1118 4548 1256 4605 forte
1278 4550 1404 4619 quis
1431 4549 1565 4604 illud
1593 4549 1816 4615 dixerit,
1870 4548 2013 4619 quod
2090 4556 2141 4602 ct
2172 4545 2476 4609 blattbaeus,
2528 4553 2584 4598 et
2616 4543 2830 4599 Murcus
2884 4543 3226 4614 scripserunt
3272 4555 3397 4614 post
3436 4558 3651 4599 coenam

397 4641 688 4712 mysticam
718 4641 1042 4697 exeuntibus
1073 4641 1208 4711 ipsis
1232 4640 1383 4697 dicto
1412 4642 1613 4713 hymno
1643 4644 1696 4697 in
1724 4653 1964 4698 montem
2006 4639 2310 4703 Olivarum,
2360 4638 2431 4692 ab
2467 4636 2759 4692 Servatore
2832 4637 2914 4692 sic
2972 4636 3379 4707 quodammodo
3420 4638 3647 4703 dictum,

398 4728 693 4802 Postquam
730 4742 906 4784 autem
936 4747 1293 4808 resurrexero,
1334 4732 1630 4801 prtecedam
1654 4750 1742 4788 vos
1771 4735 1827 4788 in
1861 4732 2138 4788 Gaiilazam
2161 4733 2228 4789 ".

469 4819 718 4892 Egressaa
744 4830 925 4877 autem
959 4838 991 4879 e
1028 4832 1381 4879 monumento
1426 4825 1611 4880 Maria:
1638 4834 1693 4881 et
1727 4826 1968 4892 Salome,

395 4919 638 4969 tremore
669 4920 833 4984 atque
877 4922 1090 4987 terrore
1133 4929 1399 4986 correpta:
1449 4918 1851 4989 profugiebant,
1907 4933 1971 4975 ac

400 5004 607 5060 nemini
635 5005 934 5075 quidquam
974 5004 1270 5062 dicebant:
1307 5007 1557 5062 timebant
1578 5009 1740 5073 enim,
1772 5010 1969 5079 partim

2157 4823 2496 4889 Ἐξελθοῠσαι
2526 4822 2585 4875 δέ
2616 4821 2680 4874 ἐκ
2719 4819 2813 4873 τοῦ
2851 4822 3130 4892 μνήματος
3162 4821 3220 4875 αἱ
3252 4821 3462 4893 Μαρίαι
3497 4822 3586 4877 καὶ
3613 4825 3647 4894 ἡ

2074 4916 2330 4987 Σαλώμη,
2360 4914 2548 4986 τρόμῳ
2581 4914 2675 4967 καὶ
2704 4911 2963 4983 ἐκπλήξει
3005 4913 3380 4983 συνεχόμεναι,
3414 4913 3648 4982 φυγάδες

2071 5009 2338 5078 ἐγένοντο,
2378 5006 2473 5061 κα)⁵
2500 5005 2675 5060 οὐδενὶ
2706 5005 2859 5058 οὐδὲν
2896 5001 3049 5059 εἷπον
3074 5020 3089 5035 ο
3135 5005 3486 5074 Ἐφοϐοῦντο
3514 5005 3646 5074 γὰρ,

396 5097 616 5167 quidem
648 5108 870 5167 propter
900 5105 1165 5153 terrorem
1198 5098 1589 5163 adolescentis,
1611 5100 1806 5170 partim
1841 5115 1965 5155 vero

2079 5100 2228 5154 τοῦτο
2261 5101 2358 5171 μὲν
2384 5098 2471 5152 διὰ
2496 5099 2557 5152 τὸ
2586 5096 2813 5168 φοϐερὸν
2841 5096 2935 5151 τοῦ
2963 5096 3266 5163 νεανίσκου,
3297 5094 3456 5150 τοῦτο
3484 5096 3541 5149 δὲ
3560 5096 3650 5151 διὰ

397 5187 547 5258 quod
572 5188 685 5258 jam
713 5188 832 5245 dies
858 5203 1182 5261 progressus
1215 5198 1382 5255 esset,
1430 5200 1487 5247 et
1513 5189 1684 5247 Judaei
1747 5193 1768 5261 (
1793 5201 1851 5247 ut
1882 5200 1969 5248 est

401 5278 733 5350 verisimile)
762 5294 983 5336 sursum
1013 5279 1268 5337 deorsum
1299 5281 1719 5338 obambulantes
1751 5282 1819 5338 ad
1853 5297 1963 5337 ca:-

403 5369 522 5427 dem
551 5371 725 5442 parati
754 5378 959 5428 essent.
991 5369 1052 5426 In
1078 5373 1486 5443 exemplaribus
1512 5373 1683 5444 paulo
1731 5372 1966 5445 diligen-

500 5575 543 5609 "
579 5571 765 5628 Matth.
798 5586 968 5644 xxvu,
999 5570 1089 5644 65.
1200 5571 1246 5603 ”
1274 5568 1463 5644 Μψίι-
1500 5585 1691 5638 XXVI“:
1727 5568 1753 5624 ί
1789 5584 1911 5644 sqq-

405 5649 443 5680 “
484 5646 668 5701 Matth.
699 5657 848 5708 χχιι,
873 5642 974 5706 3‘2;
1006 5642 1170 5698 Mare.
1203 5657 1314 5710 xw,
1342 5642 1432 5695 21.

2023 5571 2071 5613 ’³
2107 5570 2277 5631 Marc.
2312 5589 2423 5643 xvr,
2463 5575 2517 5633 5.

2069 5190 2129 5243 τὺ
2160 5191 2258 5260 τὴν
2292 5189 2505 5261 ἡμέραν
2547 5190 2649 5260 ἤδη
2683 5187 2991 5260 προελθεῖν,
3035 5189 3130 5243 καὶ
3171 5187 3299 5249 τοὺς
3338 5186 3647 5256 Ἰουδαίους,

2072 5281 2149 5346 ὡς
2190 5281 2357 5346 εἰκὸς,
2411 5279 2683 5352 φονῶντας
2714 5281 2827 5336 ἄνω
2857 5282 2952 5335 καὶ
2982 5282 3132 5334 κάτω
3159 5280 3516 5351 περινοστεῖν.
3561 5280 3650 5334 Ἐν

2077 5371 2175 5443 μὲν
2201 5374 2312 5436 τοῖς
2342 5372 2750 5447 ἀκριϐεστέροις
2778 5371 3136 5445 ἀντιγράφοις
3162 5370 3224 5424 τὸ
3254 5370 3393 5442 μετά
3421 5372 3652 5445 Μάρκον

2627 5578 2677 5610 ’⁸
2721 5577 2853 5635 ibid.
2882 5577 2940 5633 7:
3049 5578 3095 5611 "
3114 5576 3305 5635 Matth.
3358 5591 3552 5633 xxvm.
3590 5574 3647 5633 1.
