4154 6354
431 307 535 361 655
1320 297 1385 353 IN
1423 294 1698 352 CHRISTI
1731 293 2022 348 πεευιιιι

2123 292 2365 345 ιἰυΝΕΜ
2396 289 2603 345 ΟΙΚἈΤ.
2630 288 2692 343 ιι.
3576 290 3679 341 646

432 420 759 489 Εὐαγγέλιον
820 418 979 488 μέχρι
1028 415 1141 479 τοῦ,
1187 413 1542 483 Ἐφοϐοῦντο
1595 412 1729 482 γὰρ.
1786 410 1896 479 ἔχει
1944 408 2006 461 τὸ

2123 405 2229 459 tius
2281 412 2334 458 et
2381 403 2628 458 exactius
2681 400 2902 471 scriptis
2969 401 3321 469 Evangelium
3378 400 3678 455 secundum

429 512 604 574 τέλος.
653 511 739 562 Ἐν
771 508 828 561 δέ
853 525 962 560 τισι
998 507 1310 577 πρόσκειται
1342 504 1433 556 καὶ
1473 503 1642 556 ταῦτα
1662 518 1674 529 ·
1724 498 2004 564 Ἀναστὰς

2123 495 2349 547 llarcum
2393 493 2677 555 hactenus,
2714 491 2755 544 Τ
2760 491 2986 544 imebant
3026 491 3188 554 enim,
3227 489 3385 545 finem
3415 490 3595 545 habet.
3622 489 3681 544 In

429 604 499 656 δὲ
523 602 671 669 πρωῒ
700 599 898 667 πρώτῃ
941 597 1255 652 Σαόϐἁτων
1296 596 1488 664 ἐφάνη
1535 594 1769 662 πρῶτον
1813 591 2009 658 Μαρίᾳ

2123 586 2391 640 nonnullis
2422 586 2634 654 adjecta
2662 593 2790 637 sunt
2818 584 2985 636 etiam
3024 582 3158 646 hzec,
3198 579 3331 635 Cum
3370 583 3681 635 surrexisset

430 693 503 761 τῇ
529 689 922 760 Μαγδαληνῇ,
954 689 1055 756 ἀφ’
1076 683 1150 757 ἧς
1173 686 1518 752 ἐκϐεϐλήκει
1542 685 1691 737 ἑπτὰ
1712 683 2005 750 δαιμόνια.

433 783 601 836 Τοῦτο
632 782 687 835 δὲ
733 780 1046 834 ἐναντίωσίν
1094 795 1216 831 τινα
1264 778 1411 830 δοκεῖ
1450 777 1592 846 ἔχειν
1634 774 1769 844 πρὸς
1796 773 1864 825 τὰ
1916 772 2009 841 ἐμ-

432 872 664 943 προσθεν
700 873 830 942 ἡμῖν
875 869 1160 941 εἰρημένα.
1208 869 1321 936 Τῆς
1370 867 1478 936 γὰρ
1517 866 1663 936 ὥρας
1696 868 1793 933 τῆς
1820 864 2011 924 νυκτὸς

432 962 706 1032 ἀγνώστου
731 954 1271 1032 τυγχανούσης,’καθ’
1299 959 1367 1029 ἢν
1389 961 1416 1011 ὁ
1441 957 1629 1028 Σωτὴρ
1651 956 1871 1025 ἀνέστη,
1895 954 2011 1016 πῶς

432 1055 664 1108 ἐνταῦθα
693 1055 991 1125 ἀναστῆναι
1032 1051 1183 1119 πρωῒ
1223 1050 1531 1121 γέγραπται
1558 1064 1573 1113 ;
1620 1047 1756 1099 Ἀλλ’
1782 1047 1902 1099 οὐδὲ
1930 1047 2013 1097 ἐν·

432 1146 610 1198 αντίον
645 1146 942 1216 φανήσεται
972 1143 1032 1196 τὸ
1059 1141 1251 1212 ῥητὸν,
1295 1142 1343 1193 εἰ
1395 1140 1511 1209 μετ’
1548 1139 1855 1208 ἐπιστήμης
1886 1138 2015 1190 ἀνα-

434 1237 773 1307 γνωσόμεθα.
798 1236 909 1289 Καὶ
933 1235 1041 1306 γὰρ
1065 1232 1347 1297 ὑποστίξαι
1367 1231 1473 1302 χρὴ
1503 1229 1753 1291 συνετῶς,
1778 1228 2013 1291 ἀναστὰς

433 1329 522 1391 δὲ,
567 1327 660 1380 καὶ
689 1325 858 1387 οὕτως
886 1323 1183 1390 ἐπαγαγεῖν
1208 1360 1223 1385 ,
1270 1320 1429 1388 Πρωῒ
1471 1316 1773 1371 Σαϐϐάτου
1821 1315 2013 1385 ἐφάνη

435 1417 669 1487 πρῶτον
684 1416 877 1485 Μαρίᾳ
899 1412 972 1482 τῇ
988 1409 1470 1481 Μαγδαληνῇ,ἵνα
1490 1409 1550 1461 τὸ
1571 1408 1668 1479 μέν
1697 1406 2011 1471 Ἀναστὰς,

435 1509 533 1580 ἔχη
569 1508 667 1577 τὴν
699 1505 974 1576 ἀναφορὰν
1012 1502 1316 1574 συμφώνως
1361 1500 1437 1572 τῷ
1466 1499 1732 1568 Ματθαίῳ
1763 1498 1897 1571 πρὸς
1925 1498 2016 1552 τὸν

438 1598 774 1670 προλαϐόντα
805 1594 992 1665 καιρόν
1018 1611 1033 1626 ο
1062 1593 1123 1645 τὸ
1149 1593 1227 1658 δὲ,
1254 1591 1429 1658 Πρωῒ,
1462 1590 1597 1661 πρὸς
1614 1588 1711 1659 τὴν
1737 1591 1802 1659 τῇ
1830 1588 2017 1658 Μαρίᾳ

436 1688 735 1759 γενομένην
780 1685 1100 1754 ἐπιφάνειαν
1127 1681 1435 1751 ἀποδοθείη,
1459 1682 1650 1753 πρώτῃ
1675 1680 1770 1733 σὺν
1796 1682 1859 1751 τῇ
1883 1678 2015 1748 ἄλλῃ

436 1750 646 1852 Μαρίᾳ,
692 1750 791 1832 οιαὶ
840 1750 1002 1831 πάλιν
1051 1776 1186 1846 μόνη
1251 1750 1560 1843 Θεασαμένη
1622 1750 1719 1823 τὸν
1768 1769 2012 1841 Κύριον·
2049 1750 2091 1804 Β

437 1870 582 1942 πρωῒ
610 1871 716 1941 γάρ
744 1872 891 1922 ἐστιν
925 1868 1069 1921 ἆπαν
1100 1867 1158 1920 τὸ
1182 1866 1487 1935 διάστημα,
1533 1863 1595 1916 τὸ
1627 1861 1763 1932 μετὰ
1792 1860 1887 1932 τὴν
1912 1859 2017 1912 τῶν

418 1964 809 2035 ἀλεκτρυόνων
853 1964 999 2033 βοήν.
1030 1962 1071 2013 Τ
1075 1961 1321 2030 εσσάρων
1368 1958 1546 2011 τοίνυν
1583 1956 1750 2008 ὄντων
1789 1953 2014 2025 καιρῶν,

438 2055 533 2109 καὶ
560 2054 827 2108 τοσούτων
871 2054 1139 2123 ἀφίξεων,
1189 2050 1309 2104 καθ’
1336 2049 1403 2113 ἀς
1432 2050 1488 2101 αἱ
1530 2050 1782 2116 γυναῖκες
1829 2046 1921 2098 ἐπὶ
1958 2044 2020 2099 τὸ

442 2146 630 2216 μνῆμα
684 2142 885 2217 ἦλθον,
946 2144 1173 2198 ἕκαστον
1223 2139 1615 2210 εὐαγγελιστὴν
1673 2136 1770 2190 ἕνα
1830 2135 2019 2206 καιρὸν

416 2237 755 2307 τῲκονόμησε
788 2235 994 2307 γράψαι
1027 2235 1087 2286 τὸ
1116 2232 1341 2303 Πνεῦμα
1384 2231 1444 2283 τὸ
1487 2230 1661 2298 ἅγιον.
1711 2227 1821 2282 Καὶ
1848 2229 1876 2280 ὁ
1922 2227 2019 2297 μὲν

441 2328 732 2393 θιατθαίος,
778 2326 876 2389 τὰς
901 2325 997 2394 ὀψὲ
1024 2324 1316 2377 Σαϐϐάτων
1346 2320 1794 2392 παραγενομένας
1835 2319 1926 2372 ἐπὶ
1958 2318 2021 2369 τὸ

442 2418 632 2490 μνῆμα
662 2416 934 2488 ἱστόρησε,
984 2416 1078 2468 καὶ
1109 2413 1339 2482 ἄγγελον
1382 2412 1477 2464 ἕνα
1521 2408 1933 2477 καταϐεϐηκότα
1961 2406 2020 2471 ἐξ

415 2508 669 2581 ιούρανοῦ
698 2508 794 2561 καὶ
822 2508 913 2560 τὸν
937 2506 1083 2559 λίθον
1116 2502 1520 2558 ἀποκυλίσαντα
1546 2515 1559 2527 ”
1595 2500 1624 2551 ὁ
1651 2499 1708 2551 δὲ
1747 2499 2017 2567 Ἰωάννης,

439 2600 658 2672 Μαρίαν
699 2598 796 2671 τὴν
840 2596 1206 2667 Μαγδαληνὴν
1253 2591 1571 2664 ἐληλυθέναι
1621 2590 1786 2661 μόνην
1839 2591 1896 2641 ἐν
1944 2588 2022 2657 τῷ

440 2693 617 2745 σκότει
658 2690 765 2762 πρὸ
807 2691 904 2761 τῆς
946 2689 1020 2741 ἓω
1052 2687 1435 2756 συγγέγραφε,
1487 2682 1581 2735 καὶ
1622 2680 1715 2733 δύο
1758 2678 2019 2746 ἀγγέλους

443 2782 590 2835 ἔνδον
629 2780 723 2833 τοῦ
754 2780 924 2848 τάφου
952 2777 1247 2832 θεάσασθαι
1272 2793 1286 2806 ’
1323 2774 1538 2837 Λουκᾶς
1577 2772 1658 2838 δὲ,
1684 2771 1847 2833 άλλας
1881 2770 2020 2823 κατά

442 2873 636 2925 ταύτὸν
684 2870 775 2925 τὸν
818 2870 1050 2942 ὄρθρον·
1105 2868 1330 2939 Μάρκος
1373 2866 1455 2931 δὲ,
1489 2863 1680 2934 ἑτέραν
1709 2863 2020 2931 ἀνίσχοντος

442 2965 618 3033 ἡλίου,
650 2959 1213 3033 συναναμεμιγμένων
1243 2958 1405 3011 τινῶν
1435 2957 1532 3009 καὶ
1578 2955 1687 3008 τῶν
1714 2956 1816 3025 ήδη
1851 2972 2023 3025 παρα-

2111 687 2285 730 autem
2318 692 2468 729 mane
2493 676 2661 742 primo
2692 675 2776 728 die
2802 672 3162 728 Sabbatorum
3180 674 3427 742 apparuit
3453 675 3681 741 primunt

2112 769 2305 823 Maria:
2330 768 2688 837 Magdalenw,
2708 783 2775 820 ea:
2798 784 2908 837 qua
2929 768 3151 836 ejeeerat
3180 777 3375 835 septem
3394 767 3679 821 daemonia.

2113 859 2227 913 lloc
2255 868 2434 913 autem
2469 861 2810 913 contrarium
2850 859 3110 929 quiddam
3141 859 3230 923 iis,
3281 875 3402 929 quae
3436 874 3468 913 a
3526 858 3685 912 nobis

2114 967 2279 1021 supra
2327 952 2472 1006 dicta
2524 960 2673 1016 sunt,
2726 953 3008 1007 continere
3061 951 3291 1006 videtur.
3352 950 3488 1005 Cum
3537 950 3683 1005 enim

2116 1044 2250 1099 hora
2284 1045 2485 1107 noctis,
2529 1060 2635 1113 qua
2664 1043 2925 1099 Servator
2952 1044 3215 1110 surrexit,
3249 1044 3431 1114 ignota
3460 1042 3551 1108 sit,
3592 1045 3686 1113 qui

2114 1138 2194 1203 fit,
2229 1148 2283 1191 ut
2311 1138 2365 1191 in
2394 1138 2498 1191 hoc
2531 1140 2672 1199 loco,
2708 1153 2862 1191 mane
2914 1152 3039 1191 eum
3101 1138 3491 1200 resurrexisse,
3550 1139 3688 1191 scri-

2114 1237 2266 1298 ptum
2296 1229 2410 1283 sit?
2441 1227 2549 1284 Sed
2586 1230 2689 1283 hoc
2711 1230 2919 1282 dictum
2964 1229 3117 1282 nullo
3149 1228 3310 1283 modo
3348 1227 3688 1283 contrarium

2116 1318 2422 1388 apparebit,
2456 1319 2501 1373 si
2546 1326 2672 1388 apte
2716 1330 2882 1389 atque
2934 1319 3173 1372 scienter
3219 1318 3536 1388 legerimus.
3588 1317 3687 1371 Et-

2116 1409 2259 1463 enim
2301 1408 2597 1464 subnotare
2628 1418 2682 1464 et
2708 1409 3152 1478 subdistinguere
3184 1408 3343 1462 docte
3378 1418 3543 1478 atque
3599 1409 3687 1462 in-

2117 1503 2424 1572 telligenter
2459 1509 2694 1570 oportet.
2726 1501 2863 1555 Cum
2897 1503 3233 1556 surrexisset
3270 1509 3448 1555 autem
3476 1518 3490 1553 :
3523 1509 3689 1570 atque

2117 1593 2192 1645 ita
2224 1593 2557 1661 subjungere
2587 1601 3008 1661 consequenter,
3042 1610 3193 1646 mane
3243 1593 3414 1661 primo
3447 1592 3531 1646 die
3560 1591 3691 1647 Sab-

2120 1685 2231 1738 bati
2258 1686 2502 1753 apparuit
2528 1686 2761 1753 primum
2782 1684 2975 1739 Maria:
2993 1686 3325 1755 Magdateme
3342 1702 3360 1739 :
3383 1694 3441 1740 ut
3462 1687 3688 1741 verbum

2121 1776 2340 1846 quidem
2382 1776 2640 1842 ἀναστάς,
2681 1777 2737 1831 id
2784 1786 2890 1841 est,
2942 1794 3060 1830 cum
3108 1780 3444 1841 surrexisset,
3490 1793 3692 1831 convc-

2119 1867 2360 1921 nientem
2392 1883 2518 1921 cum
2554 1866 2807 1922 Matthch
2840 1868 2909 1921 ad
2949 1871 3203 1938 superius
3230 1877 3443 1938 tempus
3471 1868 3691 1923 relatio-

2120 1974 2246 2013 nem
2285 1959 2524 2014 habeat:
2562 1961 2789 2014 verbum
2838 1976 2997 2025 vero,
3033 1962 3208 2032 πρωΐ,
3257 1960 3311 2015 id
3356 1972 3469 2025 est,
3514 1976 3686 2027 mane,

2121 2051 2169 2104 ei
2206 2066 2326 2120 quae
2371 2051 2555 2105 Mariae
2605 2051 2752 2107 facta
2799 2062 2905 2116 est,
2958 2053 3285 2123 apparitioni
3325 2054 3687 2109 attribuatur:

2122 2158 2244 2212 quae
2275 2144 2451 2213 prima
2492 2158 2618 2197 eum
2669 2146 2839 2200 altera
2884 2144 3077 2209 Maria,
3131 2154 3293 2215 atque
3331 2146 3526 2200 iterum
3574 2146 3692 2201 sola

2120 2234 2333 2289 viderat
2372 2235 2659 2290 Dominum
2712 2256 2726 2291 :
2759 2237 2903 2307 πρωί
2942 2239 3111 2302 enim,
3164 2238 3216 2292 id
3252 2246 3356 2303 est,
3398 2255 3569 2303 mane,
3605 2239 3692 2293 vel

2121 2323 2379 2391 diluculo,
2413 2326 2729 2380 universum
2777 2327 2912 2381 illud
2961 2328 3198 2396 spatium
3238 2337 3340 2392 est,
3370 2328 3514 2399 quod
3566 2336 3691 2398 post

2124 2417 2389 2487 gallorum
2415 2429 2634 2471 cantum
2688 2418 2998 2475 intercedit.
3032 2421 3169 2475 Cum
3218 2420 3382 2491 igitur
3411 2429 3693 2491 quaterna:

2126 2517 2431 2576 temporum
2460 2509 2570 2562 sint
2598 2508 2768 2573 vices,
2798 2510 3136 2579 totidemque
3182 2524 3461 2573 accessus,
3493 2510 3692 2579 quibus

2123 2600 2384 2656 mulieres
2413 2602 2481 2654 ad
2515 2610 2929 2655 monumentum
2960 2611 3248 2667 venerunt,
3282 2599 3523 2671 Spiritus
3567 2614 3695 2655 san-

2124 2702 2248 2750 ctus
2276 2709 2389 2748 rem
2421 2693 2496 2747 ita
2525 2694 2862 2764 dispensavit
2894 2703 3058 2764 atque
3087 2694 3380 2758 ordinavit,
3408 2701 3468 2748 ut
3492 2693 3695 2761 singuli

2125 2786 2475 2855 evangelistae
2510 2785 2756 2854 singulos
2784 2794 3091 2854 temporum
3129 2786 3391 2841 articulos
3443 2784 3695 2839 conscri-

2124 2874 2334 2929 berent.
2381 2875 2458 2928 Ac
2511 2873 2797 2930 Matthaaus
2849 2876 3067 2945 quidem
3121 2876 3263 2941 illas,
3312 2890 3434 2945 quae
3484 2874 3694 2944 vesperi

2129 2966 2490 3022 Sabbatorum
2541 2978 2809 3025 venerunt
2854 2968 2923 3022 ad
2972 2975 3410 3033 monumentum,
3464 2967 3696 3023 historia

444 3057 771 3128 γενομένων.
799 3055 908 3108 Καὶ
936 3056 1058 3117 ταῖς
1088 3052 1184 3122 μὲν
1209 3050 1304 3104 δύο
1332 3050 1531 3121 ἄνδρας
1560 3048 1886 3109 ἐπιστάντας
1924 3045 2022 3105 αὐ-

2126 3059 2559 3127 comprehendit,
2616 3067 2671 3115 et
2709 3059 2960 3129 angelum
3018 3073 3184 3111 unum
3237 3056 3588 3113 descendisse
3630 3057 3700 3113 de

444 3152 564 3211 ταῖς
589 3164 604 3179 ο
657 3149 777 3210 ταῖς
818 3145 875 3198 δὲ
918 3144 1227 3215 καθήμενον
1276 3143 1334 3193 ἐν
1376 3142 1488 3202 τοῖς
1524 3136 1718 3202 δεξιοῖς
1746 3137 2025 3190 νεανίσκον

447 3240 575 3293 ίδεῖν
604 3254 619 3269 ⁶
673 3238 885 3300 στολαῖς
928 3236 985 3289 δὲ
1034 3236 1279 3297 ἅπαντας
1328 3230 1735 3303 ἠμφιεσμένους
1782 3229 2023 3289 λευκαῖς.

448 3333 611 3384 ’Ὥστε
638 3328 893 3383 δύνασθαί
918 3344 1038 3381 τινα
1067 3326 1208 3380 κατά
1248 3325 1345 3395 τὴν
1390 3323 1497 3377 τῶν
1541 3321 1747 3393 καιρῶν
1776 3320 1928 3387 τάξιν
1960 3319 2027 3373 τὰ

449 3426 580 3496 παρ’
614 3424 841 3477 ἑκάστου
870 3418 1233 3491 γεγραμμένα
1265 3416 1545 3480 συνθέντα,
1586 3415 1715 3485 μίαν
1766 3414 2028 3484 ἁρμονίαν

449 3517 545 3571 καὶ
569 3516 626 3571 ἓν
653 3515 812 3585 σῶμα
842 3512 1022 3582 πάσης
1051 3512 1150 3582 τῆς
1181 3510 1417 3582 ἱστορίας
1449 3506 1786 3580 ἐργάσασθαι
1810 3522 1825 3538 ο
1857 3504 2029 3559 καθά-

452 3626 560 3682 περ
601 3608 719 3671 ἐνὸς
764 3606 825 3660 τὸ
871 3607 980 3660 πᾶν
1030 3602 1367 3675 γεγραφότος
1414 3600 1510 3654 καὶ
1574 3600 1636 3654 οὺ
1684 3598 1910 3653 πολλῶν.
1964 3596 2029 3651 Ei

453 3703 554 3773 μὲν
584 3700 694 3773 γὰρ
733 3701 861 3770 μιᾶς
906 3699 1143 3768 ἀφίξεως
1190 3700 1297 3753 τῶν
1341 3697 1615 3767 γυναικῶν
1642 3698 1701 3751 ἐν
1734 3698 1814 3750 ἐνὶ
1854 3693 2029 3768 καιρῷ

452 3793 749 3864 γενομένης
796 3793 843 3844 οἱ
891 3791 1157 3862 τέσσαρες
1202 3788 1645 3861 ἐμνημόνευσαν,
1690 3788 1785 3841 καὶ
1814 3789 1876 3840 οὐ
1904 3787 2030 3849 τοὺς

452 3885 648 3948 αὐτοὺς
699 3879 850 3936 εἷπον
894 3880 1161 3950 ἀγγέλους
1192 3879 1541 3949 ἐπιφανῆναι,
1583 3878 1617 3948 ἦ
1649 3878 1776 3947 μίαν
1809 3877 1902 3930 καὶ
1933 3875 2030 3947 τὴν

454 3976 622 4044 αὐτὴν
650 3972 991 4042 ἐπιφάνειαν,
1016 3970 1482 4041 ῆγουνιόπτασίαν,
1502 3969 1738 4031 ἅπαντες
1758 3966 1999 4029 εἰπόντες
2014 4004 2028 4029 ,

452 4066 657 4136 ταύτην
683 4065 890 4134 ἔφασαν
921 4065 979 4117 ἐν
1005 4063 1281 4134 διαφόροις
1319 4061 1644 4133 γεγενῆσθαι
1676 4061 1904 4131 καιροῖς,
1933 4059 2032 4127 οὐχ

456 4155 572 4218 ἑνὸς
605 4152 1073 4226 μνημονεύσαντες
1097 4152 1324 4214 ἕκαστος
1352 4151 1570 4222 χρόνου,
1598 4148 1891 4218 διαφωνίας
1918 4143 2032 4217 εἶχε

463 4246 670 4316 μέμψιν
695 4247 723 4299 ὁ
754 4244 932 4311 λόγος.
967 4244 1029 4296 Εἰ
1055 4243 1112 4296 δὲ
1139 4243 1233 4297 καὶ
1260 4244 1308 4296 οἱ
1342 4242 1525 4311 καιροὶ
1555 4242 1800 4311 διάφοροι
1846 4239 1938 4293 καὶ
1963 4238 2032 4292 τὰ

461 4337 747 4408 πρόσωπα,
785 4337 878 4390 καὶ
906 4338 962 4389 αἱ
992 4336 1101 4388 τῶν
1129 4334 1500 4403 ἐπιφανέντων
1530 4333 1678 4402 ὄψεις
1722 4333 1820 4402 οὐχ
1847 4332 1903 4385 αἱ
1934 4331 2032 4383 αὐ·-

2129 3147 2292 3212 emlo,
2321 3149 2413 3218 qui
2446 3149 2679 3219 lapidem
2718 3148 3038 3203 revolvisset
3064 3148 3149 3211 ’7;
3204 3145 3443 3202 Joannes
3490 3155 3697 3211 autem,

2130 3236 2356 3292 Mariam
2421 3238 2796 3310 Magdalenam
2860 3240 3079 3293 venisse
3129 3238 3304 3293 solam
3353 3238 3406 3291 in
3457 3236 3699 3291 tenebris

2130 3337 2255 3385 ante
2288 3332 2463 3385 lucem
2510 3332 2860 3400 conscripsit,
2897 3338 3060 3400 atque
3099 3330 3326 3399 angelos
3368 3330 3507 3384 duos
3554 3329 3700 3383 intra

2130 3430 2546 3473 monumentum
2581 3419 2783 3475 vidisse
2806 3421 2852 3452 ’⁸
2878 3439 2891 3473 :
2920 3419 3100 3474 Lucas
3150 3420 3287 3474 alias
3331 3419 3477 3474 circa
3515 3420 3698 3489 ipsum

2129 3511 2428 3566 diluculum
2450 3505 2519 3579 ’νς
2541 3511 2758 3568 Marcus
2781 3529 2908 3570 vero
2929 3514 3091 3567 aliam
3114 3514 3324 3569 oriente
3347 3514 3482 3579 sole,
3502 3514 3698 3584 adjun-

2131 3602 2237 3658 ctis
2264 3604 2565 3669 nonnullis,
2595 3620 2716 3674 quae
2741 3605 2855 3675 jam
2879 3606 3046 3659 etiam
3081 3613 3241 3660 antea
3273 3604 3342 3660 ad
3374 3621 3702 3661 monumen-

2132 3703 2249 3749 tum
2284 3695 2520 3751 fuissent
2547 3697 2613 3753 ³ο.
2642 3697 2819 3765 Atque
2854 3697 2976 3753 illas
3014 3697 3235 3767 quidem
3266 3697 3405 3754 duos
3439 3698 3586 3754 viros
3608 3699 3703 3769 qui

2133 3789 2268 3859 ipsis
2313 3789 2657 3849 astitissent;
2694 3790 2794 3845 has
2824 3805 2956 3845 vero
2988 3789 3265 3845 sedentem
3305 3805 3337 3845 a
3383 3790 3591 3847 dextris
3613 3791 3705 3861 ju-

2132 3894 2325 3934 venem
2357 3879 2600 3947 vidisse;
2637 3889 2800 3951 atque
2849 3896 3041 3938 omnes
3092 3882 3250 3939 stolis
3296 3883 3435 3939 albis
3484 3883 3706 3939 indutos

2134 3971 2305 4026 fuisse
2356 3972 2632 4027 memoria:
2682 3972 3065 4042 prodiderunt.
3116 3975 3304 4045 Itaque
3350 3977 3398 4031 si
3440 3974 3566 4047 quis
3615 3991 3703 4044 ea,

2134 4078 2257 4134 qua:
2284 4065 2487 4135 singuli
2512 4066 2812 4121 secundum
2851 4066 3097 4121 ordinem
3129 4074 3435 4137 temporum
3468 4068 3708 4138 scripse-

2135 4163 2285 4218 runt,
2364 4157 2755 4226 composuerit,
2807 4156 2981 4226 possit
3040 4172 3201 4211 unam
3256 4160 3706 4224 consonantiam,

2134 4246 2703 4317 concordantiamque
2727 4255 2782 4303 et
2813 4263 2982 4303 unum
3013 4263 3215 4317 corpus
3251 4248 3498 4304 historia:
3536 4250 3707 4307 totius

2135 4337 2389 4394 ellicere:
2421 4339 2648 4407 perinde
2676 4355 2739 4394 ac
2769 4341 2816 4396 si
2858 4356 3000 4396 unus
3026 4350 3193 4395 totam
3221 4356 3335 4396 rem
3380 4350 3611 4413 gestam,
3655 4351 3712 4397 et

460 4426 550 4479 ml.
599 4425 736 4497 (τοῦ
769 4425 902 4478 Θεοῦ
946 4425 1293 4495 βουληθέντος
1325 4424 1413 4477 διὰ
1455 4422 1664 4476 πολλῶν
1699 4423 1916 4492 τρόπων
1944 4438 2022 4472 πι-

2141 4446 2251 4485 non
2280 4431 2590 4502 complures
2620 4432 2992 4502 scripsissent.
3025 4431 3161 4488 Nam
3200 4434 3249 4491 si
3295 4434 3460 4490 unius
3489 4434 3710 4505 quidem

464 4518 769 4572 στώσασθαι
812 4518 873 4571 τὸ
904 4517 1128 4571 ἄπιστον
1158 4516 1344 4586 θαῦμα
1374 4517 1472 4586 τῆς
1503 4514 1889 4583 ἀναστάσεως)
1938 4515 2022 4566 καὶ

2140 4523 2404 4578 adventus
2437 4524 2747 4589 mulierum,
2785 4526 2878 4596 qui
2921 4525 2976 4581 in
3014 4542 3126 4582 uno
3175 4528 3435 4599 temporis
3481 4528 3713 4583 articulo

461 4613 523 4664 τὸ
535 4610 611 4681 τῷ
630 4610 773 4682 ἄλλῳ
803 4610 877 4681 μὴ
894 4608 1084 4679 λεχθὲν
1110 4608 1296 4679 ἓτερος
1325 4607 1607 4678 ἱστόρησεν
1625 4606 2022 4675 εὐαγγελιστής

2150 4612 2463 4678 accidisset,
2498 4628 2691 4669 omnes
2722 4625 2961 4685 quatuor
2989 4618 3320 4674 mentionem
3352 4618 3627 4685 fecissent,
3659 4627 3717 4675 et

466 4703 581 4767 πῶς
608 4703 706 4757 οὐκ
733 4702 878 4755 ἐστιν
912 4704 946 4773 ἡ
972 4702 1218 4773 διήγησις
1257 4701 1354 4771 ὅλη
1385 4700 1600 4772 καθαρὰ
1650 4701 1743 4753 καὶ
1781 4698 2022 4770 ἐλευθέρα

2145 4704 2365 4760 eosdem
2403 4706 2627 4776 angelos
2662 4707 2929 4763 dixissent
2960 4710 3321 4780 apparuisse:
3370 4711 3454 4765 vel
3484 4726 3595 4765 una
3629 4712 3715 4765 at;

464 4796 642 4867 πάσης
672 4794 840 4866 λαϐῆς
860 4811 875 4860 ;

2153 4811 2261 4865 que
2290 4794 2478 4851 eadem
2533 4799 2878 4867 apparitione
2922 4800 3038 4855 sive
3088 4800 3303 4856 visione
3338 4799 3407 4855 ab
3437 4800 3713 4856 universis

463 4891 630 4957 edita,
664 4889 805 4943 hanc
836 4888 892 4941 in
923 4885 1157 4943 diversis
1197 4887 1536 4957 temporibus
1596 4886 1869 4943 accidisse
1935 4887 2226 4955 dixissent,
2283 4902 2337 4946 et
2385 4906 2495 4945 non
2540 4894 2704 4948 unius
2774 4894 3006 4964 quisque
3079 4895 3338 4966 temporis
3382 4896 3715 4951 mentionem

466 4984 757 5048 fecissent,
793 4979 1178 5052 discrepantia
1229 4988 1393 5051 atque
1436 4982 1798 5038 dissensionis
1850 4985 2327 5053 reprehensionem
2361 4987 2600 5059 eﬂugere
2659 4990 2904 5045 narratio
2972 5006 3080 5045 non
3110 4998 3313 5061 posset.
3373 4992 3470 5047 Sin
3533 5001 3714 5048 autem

465 5090 521 5135 et
554 5092 800 5149 persona:
833 5085 887 5130 et
915 5089 1165 5146 tempora
1192 5075 1409 5133 diversa
1465 5078 1709 5142 fuerunt,
1745 5085 1799 5133 et
1848 5092 2041 5132 eorum
2118 5080 2212 5150 qui
2262 5091 2658 5151 apparuerunt,
2714 5084 2883 5139 facies
2930 5099 3040 5138 non
3099 5084 3340 5139 eaedem:
3398 5099 3522 5139 cum
3574 5083 3719 5139 Deus

469 5172 846 5243 compluribus
875 5170 1054 5225 modis
1081 5170 1243 5226 ﬁdem
1270 5170 1451 5227 facere
1478 5174 1714 5227 voluerit
1773 5173 2082 5229 incredibili
2122 5177 2391 5233 miraculo
2422 5179 2877 5249 resurrectionis;
2905 5189 2959 5235 et
2980 5180 3122 5250 quod
3146 5195 3290 5235 unus
3349 5180 3715 5250 praetermisit,

472 5269 613 5324 alius
639 5267 875 5322 historia
907 5275 1230 5336 persecutus
1257 5274 1342 5321 est
1374 5266 1709 5338 evangelista
1739 5286 1751 5321 :
1785 5267 1879 5337 qui
1924 5267 2039 5323 ﬁeri
2077 5279 2281 5340 potest,
2312 5282 2371 5327 ut
2418 5289 2530 5330 non
2582 5283 2694 5329 tota
2733 5274 2977 5329 narratio
3009 5289 3145 5345 pura
3197 5282 3251 5330 et
3284 5274 3351 5329 ab
3419 5277 3566 5331 omni
3638 5292 3720 5332 re-

470 5364 837 5433 prehensione
866 5362 1038 5418 libera
1066 5362 1182 5418 sit?

552 5455 769 5528 Ἐπειδὴ
815 5456 872 5508 δὲ
919 5455 1128 5509 πολλῶν
1162 5455 1389 5526 Μαρῶν
1435 5458 1493 5509 ἐν
1541 5458 1652 5519 τοῖς
1694 5456 2022 5525 Εὐαγγελίοιι

2223 5454 2495 5523 Quoniam
2524 5465 2704 5512 autem
2736 5456 3030 5510 multarum
3064 5455 3356 5513 Mariarum
3395 5458 3449 5512 in
3478 5456 3723 5530 Evange-

471 5546 696 5618 φέρεται
741 5548 961 5618 μνήμη,
1010 5549 1157 5618 τρεῖς
1210 5540 1347 5599 εἶναι
1388 5546 1487 5610 τὰς
1536 5548 1710 5611 πάσας
1758 5546 2022 5617 γινώσκειι

2151 5548 2240 5605 liis
2272 5549 2477 5605 mentio
2502 5550 2581 5615 fit,
2612 5556 2725 5604 tres
2773 5563 3004 5605 numero
3058 5564 3250 5606 omnes
3299 5565 3424 5609 esse
3476 5559 3723 5610 statuere

546 5720 588 5753 "
624 5719 814 5779 Matth.
852 5742 1043 5797 xxvm,
1076 5729 1100 5783 l
1131 5744 1252 5801 sqq.
1329 5730 1373 5763 “
1406 5728 1560 5787 Joan.
1589 5746 1679 5785 xx.
1708 5729 1733 5785 l
1767 5745 1887 5799 sqq.
1967 5729 2011 5762 "
2042 5727 2178 5786 Luc.
2212 5745 2360 5797 xxiv,
2389 5728 2413 5784 1
2446 5744 2567 5800 sqq.
2649 5728 2693 5762 “
2728 5725 2893 5783 Marc.
2931 5741 3048 5793 va,
3081 5726 3106 5781 1
3140 5743 3258 5800 sqq.
