4154 6354
418 223 518 278 647
1665 216 1722 271 S.
1758 214 1999 270 CBEGOJ

2119 210 2414 267 NYSSENI
3574 212 3680 269 648

415 341 678 395 debemus
707 358 720 394 :
754 354 891 409 quas
916 336 1153 392 Joannes
1179 335 1629 405 conproltensim
1660 331 1994 396 numeravit,

2105 328 2416 400 ὀφείλομεν,
2448 328 2513 392 ἃς
2538 330 2566 382 6
2597 327 2846 400 Ἰωάννης
2871 329 3165 400 συλλήϐδην
3186 330 3459 402 ἠρίθμησε
3480 332 3676 401 φήσαςο

416 447 540 485 cum
586 431 793 485 diceret
846 447 862 483 :
908 430 1137 485 Stabant
1184 440 1360 482 autem
1396 427 1562 496 juxta
1608 441 1815 479 crucem
1863 422 1994 478 Jesu

2103 420 2496 487 Εἰστήκεισαν
2526 420 2595 474 δὲ
2626 422 2785 490 παρὰ
2823 420 2903 487 τῷ
2943 422 3185 490 σταυρῷ
3223 423 3331 477 τοῦ
3368 419 3592 492 Ἰησοῦ,
3639 428 3677 495 ἡ

418 533 587 577 mater
619 522 755 587 ejus.
779 533 829 576 et
861 539 1015 577 soror
1039 522 1228 575 matris
1269 520 1406 587 ejus,
1441 518 1619 571 Maria
1652 517 1918 586 Cleupltw.
1943 526 1995 569 et

2103 511 2288 581 μήτηρ
2321 513 2532 577 αὐτοῦ,
2568 515 2668 568 καὶ
2705 516 2744 583 ἠ
2790 515 3022 585 ἀδελφὴ
3061 515 3169 585 τῆς
3207 519 3434 587 μητρὸς
3469 520 3676 587 αὑτοῦ,

416 615 598 669 Maria
630 613 1037 685 Magdalena".
1080 612 1214 666 Nam
1247 612 1471 667 Mariam
1506 609 1697 665 Jacobi
1745 618 1799 666 et
1851 608 1995 664 Josae

415 716 645 763 matrem
680 707 829 777 apud
860 707 1000 762 alios
1045 704 1416 774 evangelistas
1464 702 1828 766 nominatam,
1867 700 1994 755 Dei-

417 813 602 869 param
629 806 684 852 et
713 812 824 851 non
854 797 1018 850 aliam
1049 811 1172 850 esse
1202 795 1501 850 credimus.
1534 794 1803 860 Quoniam
1845 793 1992 847 enim

418 885 491 937 ita
520 883 850 953 dispositum
897 892 955 938 et
998 882 1332 938 destinatum
1384 890 1524 946 erat,
1562 890 1623 937 ut
1657 891 1715 937 et
1771 881 1992 938 divinus

417 987 611 1051 partus
641 978 1086 1044 obumbraretur,
1131 985 1187 1033 et
1220 978 1596 1048 sanguinariis
1643 976 1849 1034 Judaeis
1882 993 1991 1032 non

416 1070 884 1135 manifestaretur,
926 1070 1074 1141 quod
1112 1069 1261 1125 circa
1309 1070 1486 1140 ipsum
1531 1080 1770 1140 tempus,
1813 1069 1996 1140 quoad

416 1164 617 1218 lectum
659 1161 901 1232 jugalem
955 1161 1208 1217 ducenda
1256 1169 1415 1225 erat,
1464 1162 1616 1232 virgo
1659 1177 1724 1216 ex
1784 1160 1994 1231 Spiritu

414 1261 606 1312 sancto
639 1253 989 1324 concepisset
1024 1273 1037 1308 :
1073 1252 1538 1325 quemadmodum
1571 1240 1795 1308 Litteris
1834 1268 1995 1308 man—

414 1345 602 1401 datum
640 1351 747 1409 est,
792 1343 940 1415 quod
987 1350 1042 1399 et
1082 1345 1170 1399 vir
1211 1342 1380 1413 hujus
1416 1350 1471 1399 et
1520 1352 1676 1413 pater
1721 1342 1852 1398 Jesu
1879 1342 1995 1374 ³¹ο³³

415 1446 641 1492 vocatus
676 1435 750 1493 sit
778 1434 984 1506 Joseph
1029 1454 1043 1491 :
1076 1435 1264 1491 eodem
1311 1434 1474 1489 modo
1512 1433 1656 1489 Josa:
1708 1442 1764 1490 et
1806 1431 1995 1489 Jacobi

416 1529 651 1585 ﬁliorum
694 1525 901 1599 Joseph
950 1525 1091 1582 fabri
1131 1542 1200 1584 ex
1239 1527 1517 1598 prioribus
1547 1526 1754 1597 nuptiis
1789 1535 1843 1581 et
1886 1540 1998 1596 prae

415 1628 632 1676 mortua
678 1635 849 1675 uxore
901 1619 1175 1689 puerilem
1201 1628 1414 1674 natalem
1482 1617 1759 1689 agentium
1820 1625 1997 1672 mater

2092 609 2292 674 Μαρία
2330 608 2369 675 ἡ
2403 607 2510 661 τοῦ
2568 611 2810 677 Κλεόφα
2849 610 2946 663 καὶ
2990 611 3184 679 Μαρία
3214 612 3253 678 ἠ
3285 613 3671 681 Μαγδαληνή.

2094 698 2324 768 Μαριὰμ
2356 697 2466 768 γὰρ
2497 697 2595 766 τὴν
2635 697 2914 762 Ἰακώϐου,
2946 700 3041 754 καὶ
3081 701 3238 770 Ἰωσῆ
3284 703 3495 774 μητέρα
3526 705 3678 775 παρὰ

2093 790 2207 852 τοῖς
2242 788 2423 850 ἄλλοις
2456 787 2868 856 εὐαγγελισταῖς
2915 789 3327 861 ὠνομασμένην,
3361 783 3461 864 τὴν
3489 794 3680 848 Θεοτό-

2106 897 2201 933 κον
2247 876 2409 941 εἶναι,
2440 881 2530 933 καὶ
2550 882 2649 933 οὐκ
2676 881 2862 950 ἄλλην,
2902 884 3366 954 πεπιστεύκαμεν.
3410 886 3678 959 Καθάπερ

2094 968 2203 1040 γὰρ
2232 969 2320 1023 διὰ
2363 969 2461 1042 τὴν
2506 971 2818 1041 οἰκονομίαν
2863 973 2956 1026 καὶ
3005 973 3083 1043 τῷ
3128 975 3546 1047 ἐπισκιασθῆναι
3586 979 3678 1032 τὸν

2096 1060 2236 1113 θεῖον
2279 1060 2435 1113 τόκον
2459 1098 2475 1123 ,
2519 1061 2610 1113 καὶ
2662 1060 2739 1131 μὴ
2790 1063 3168 1134 φανερωθῆναι
3216 1066 3331 1128 τοῖς
3374 1067 3678 1135 μιαιφόνοις

2109 1150 2383 1214 Ἰουδαίοις
2430 1152 2560 1222 παρ’
2612 1153 2743 1205 αὐτὸ
2796 1154 2858 1205 τὸ
2908 1153 3120 1224 μέλλειν
3166 1157 3257 1208 ὲπὶ
3298 1156 3397 1226 τὴν
3427 1158 3677 1212 παστάδα

2095 1243 2325 1313 ἄγεσθαι
2352 1243 2450 1315 τὴν
2478 1245 2751 1315 Παρθένον
2777 1247 2840 1299 ὲκ
2872 1247 3182 1318 ΙΙνεύματος
3213 1249 3365 1318 ἁγίου
3397 1250 3677 1304 συλλαϐεῖν

2098 1337 2549 1407 ἀναγέγραπται·
2603 1338 2681 1401 ὡς
2729 1337 2898 1410 ἄνδρα
2955 1339 3157 1410 ταύτης
3200 1342 3538 1413 χρηματίσαι
3587 1343 3678 1397 τὸν

2111 1428 2308 1499 Ἰωσὴφ
2328 1468 2344 1493 ,
2382 1430 2476 1483 καὶ
2510 1432 2724 1502 πατέρα
2767 1430 2860 1484 τοῦ
2904 1429 3076 1502 Ἰησοῦ
3104 1449 3119 1464 ο
3169 1434 3260 1487 τὸν
3293 1434 3454 1488 αὐτὸν
3478 1435 3678 1505 τρόπον

2096 1521 2190 1575 τοῦ
2232 1523 2390 1592 Ἰωσῆ
2420 1522 2516 1578 καὶ
2542 1522 2635 1577 τοῦ
2668 1523 2925 1577 Ἰακώϐου
2951 1524 3154 1579 παίδων
3180 1526 3347 1580 ὄντων
3375 1525 3472 1580 τοῦ
3499 1527 3680 1581 τέκτο-

2099 1629 2188 1676 νος
2222 1613 2439 1683 Ἰωσὴφ,
2466 1612 2723 1684 παιδικὴν
2749 1614 2992 1683 ἀγόντων
3028 1615 3126 1687 τὴν
3184 1616 3401 1686 ἠλικίαν
3439 1618 3505 1671 ὲκ
3542 1634 3681 1688 προ·

415 1711 647 1783 Deipara
677 1720 733 1768 et
763 1711 1148 1782 appellabatur
1200 1718 1255 1767 et
1287 1711 1716 1766 nominabatur:
1766 1711 1883 1765 haec
1912 1710 1989 1763 ni-

2103 1704 2461 1774 ηγησαμένων
2478 1704 2670 1775 γάμων
2698 1706 2793 1759 καὶ
2818 1707 3370 1779 προτετελευτηκυίας
3398 1710 3675 1778 γυναικὸς,

415 1803 614 1858 mirum
642 1803 1022 1859 obtrectantes
1051 1803 1217 1858 etiam
1251 1798 1425 1859 Judaei
1458 1804 1527 1860 de
1574 1803 1868 1858 Servatore
1914 1803 2000 1857 di-

414 1896 652 1951 cebant:
689 1894 771 1950 An
802 1911 907 1949 non
937 1894 1022 1949 hic
1052 1902 1134 1950 est
1170 1895 1318 1964 ﬁlius
1363 1893 1557 1965 fabri?
1600 1893 1793 1949 Nonne
1831 1904 1999 1948 mater

413 1988 528 2054 ejus
553 1995 774 2041 vocatur
806 1984 1014 2053 Maria,
1039 1997 1089 2042 et
1116 1987 1312 2057 fratres
1354 1988 1469 2058 ejus
1504 1985 1763 2053 Iacobus,
1812 1997 1862 2041 et
1896 1985 1999 2040 Jo-

415 2094 518 2145 ses,
551 2087 601 2133 et
628 2076 837 2140 Simon,
870 2088 925 2133 et
966 2078 1140 2134 ludas
1162 2079 1254 2133 “?
1294 2082 1471 2150 Atque
1523 2078 1733 2135 idcirco
1759 2076 2000 2134 Joannes

413 2166 658 2238 quidem,
696 2175 758 2221 ut
788 2168 883 2238 qui
918 2168 1092 2224 libere
1122 2168 1362 2224 divinam
1411 2169 1703 2224 historiam
1752 2169 2000 2224 conscri-

415 2261 588 2325 beret,
622 2275 767 2326 eam,
805 2276 928 2331 qua:
961 2262 1140 2317 stabat
1173 2261 1331 2332 juxta
1359 2275 1601 2327 crucem,
1646 2261 1701 2315 id
1742 2261 1887 2332 quod
1915 2276 1999 2315 re-

415 2355 534 2425 ipsa
564 2361 702 2419 erat,
756 2364 985 2409 matrem
1028 2352 1159 2409 Jesu
1216 2353 1552 2424 appellavit:
1605 2353 1793 2408 caeteri
1855 2366 1989 2407 vero

413 2447 788 2519 evangelista,
819 2447 915 2517 qui
946 2445 1182 2501 multum
1214 2445 1364 2498 circa
1393 2442 1813 2512 dispositionem
1844 2442 1999 2496 labo-

416 2548 703 2603 raverunt,
723 2545 881 2592 certo
905 2536 1140 2592 consilio
1168 2546 1394 2591 matrem
1418 2549 1537 2589 eam
1563 2533 1754 2589 Jacobi
1785 2543 1839 2588 et
1858 2532 2001 2588 Josa:

415 2630 829 2700 appellaverunt
859 2628 878 2699 (
908 2628 962 2681 hi
1014 2628 1160 2682 enim
1193 2626 1357 2696 primi
1409 2634 1585 2691 erant,
1632 2633 1687 2681 et
1732 2625 1999 2694 insignes,

416 2722 514 2776 tilii
560 2720 838 2791 Josephi)
897 2720 1003 2774 hoc
1046 2725 1236 2790 aperte
1290 2718 1639 2789 signiﬁcante
1691 2715 1997 2788 Scriptura,

416 2810 567 2883 quod
619 2812 724 2868 hac
770 2810 1135 2881 dispositione
1182 2816 1238 2865 et
1288 2810 1631 2865 ordinatione
1676 2820 1838 2879 atque
1872 2809 2000 2863 inde

415 2910 680 2972 concepta
712 2901 977 2972 Opinione
1019 2900 1227 2971 absque
1267 2900 1514 2970 periculo
1541 2898 1711 2953 Maria
1755 2897 1999 2968 passioni

2102 1796 2286 1866 μήτηρ
2313 1797 2346 1864 ἡ
2372 1796 2636 1860 θεοτόκος
2672 1797 3115 1869 προσηγορεύετό
3137 1816 3196 1852 τε
3223 1801 3319 1854 καὶ
3347 1800 3677 1872 ὠνομάζετο.

2100 1885 2286 1941 Ταῦτά
2326 1905 2407 1940 τοι
2461 1889 2555 1942 καὶ
2612 1888 3058 1960 βλασφημοῦντες
3098 1890 3240 1945 κατὰ
3284 1891 3380 1945 τοῦ
3429 1893 3678 1965 Σωτῆρος

2099 1978 2284 2048 ἔλεγον
2306 1981 2355 2032 οἱ
2391 1981 2630 2033 Ἰουδαῖοι
2659 1998 2672 2011 ”
2724 1984 2849 2051 Οὐχ
2883 1978 3062 2048 οὗτός
3089 1983 3261 2036 ἐστιν
3288 1986 3322 2036 d
3349 1982 3455 2036 τοῦ
3477 1983 3680 2037 τέκτο-

2098 2091 2206 2139 νος
2230 2076 2395 2141 υἱός;
2437 2077 2551 2144 οὺχ
2583 2077 2623 2144 ἠ
2644 2075 2844 2145 μήτηρ
2868 2076 3056 2130 αὐτοῦ
3082 2079 3314 2143 λέγεται
3338 2078 3551 2144 Μαρία,
3583 2076 3682 2130 καὶ

2099 2169 2155 2221 οι
2179 2165 2428 2235 ἀδελφοὶ
2453 2166 2662 2230 αὑτοῦ,
2695 2165 3093 2234 ’1ἁκωϐος,καὶ
3129 2166 3317 2234 Ἰωσὴ,
3343 2168 3442 2220 καὶ
3463 2168 3679 2236 Σίμων,

2099 2259 2198 2313 καὶ
2236 2258 2465 2324 Ἰούδας
2484 2275 2503 2324 ;
2545 2259 2658 2313 Καὶ
2685 2259 2772 2312 διὰ
2817 2258 2976 2312 τοῦτο
3020 2260 3051 2312 6
3101 2259 3200 2329 μὲν
3250 2260 3500 2331 Ἰωάννης
3522 2299 3539 2325 ,
3585 2262 3681 2315 καὶ

2102 2352 2252 2423 παρὰ
2280 2351 2358 2422 τῷ
2394 2350 2610 2422 σταυρῷ
2652 2353 2918 2414 ἑστῶσαν,
2951 2346 3040 2406 οἵα
3085 2352 3151 2424 δὴ
3199 2352 3337 2424 μετὰ
3370 2354 3682 2425 παρρησίας

2101 2443 2387 2513 θεολογῶν,
2413 2446 2477 2497 ἐκ
2503 2443 2605 2513 τῆς
2630 2443 2887 2513 ἀληθείας
2913 2443 3082 2512 αὐτῆς
3120 2443 3330 2513 μητέρα
3364 2443 3459 2497 τοῦ
3507 2442 3681 2515 Ἰησοῦ

2100 2536 2542 2607 προσηγόρευσεν
2568 2548 2584 2563 '
2634 2535 2685 2588 οί
2714 2534 2771 2587 δὲ
2801 2535 2978 2588 λοιποὶ⁵
3023 2534 3132 2588 τῶν
3170 2534 3570 2604 εὐαγγελιστῶν
3611 2535 3683 2589 τὰ

2101 2622 2272 2682 πολλὰ
2298 2629 2426 2699 περὶ
2446 2627 2544 2699 τὴν
2565 2627 2874 2699 οἰκονομίαν
2895 2627 3307 2699 ἀσχοληθέντες,
3329 2629 3683 2700 οἱκονομικιῖς

2100 2721 2269 2793 αὐτὴν
2306 2723 2520 2792 μητέρα
2583 2720 2839 2775 Ἰακώόου
2884 2722 2980 2775 καὶ
3035 2723 3190 2793 Ἰωσῆ
3234 2723 3682 2794 προσηγόρευσαν

2102 2809 2270 2884 (οὗτοι
2304 2814 2411 2884 γὰρ
2441 2809 2582 2883 ἦσαν
2614 2814 2664 2866 οί
2701 2813 2907 2884 πρῶτοι
2937 2814 3032 2868 καὶ
3076 2815 3336 2886 ἐπίσημοι
3378 2815 3565 2880 παῖδες
3590 2815 3681 2869 τοῦ

2114 2906 2335 2975 Ἰωσήφ)
2353 2920 2368 2935 ·
2391 2903 2548 2958 τοῦτο
2579 2904 2864 2976 δηλοῦντος
2891 2905 2985 2958 τοῦ
3013 2904 3171 2975 λόγου
3202 2906 3410 2975 σαφῶς,
3434 2907 3517 2960 ὅτι
3546 2906 3685 2977 μετὰ

414 2993 645 3049 salutari
683 2994 968 3049 intererat.
989 2991 1127 3048 Nam
1154 2993 1203 3047 si
1221 2992 1418 3063 vulgus
1443 3007 1562 3046 eam
1586 3006 1711 3047 esse
1730 2991 1996 3060 virginem

2103 2995 2303 3066 ταύτης
2331 2999 2430 3066 τῆς
2475 2997 2807 3067 οἰκονομίας,
2857 2997 2951 3050 καὶ
2993 2996 3092 3067 τῆς
3121 2997 3370 3051 ἐντεῦθεν
3410 2998 3680 3061 ὑπονοίας,

414 3086 689 3152 scivisset,
709 3087 921 3158 perdita
947 3085 1181 3142 forsitan
1200 3085 1399 3141 fuisset
1420 3085 1488 3139 ab
1536 3085 1737 3139 invidis
1770 3081 1995 3138 Iudaeis.

417 3174 680 3245 lieperias
711 3185 895 3232 autem
926 3192 1047 3242 eam
1100 3176 1267 3232 etiam
1318 3177 1483 3231 unius
1536 3175 1708 3231 solius
1759 3174 1999 3229 ﬁliorum

415 3270 643 3342 Josephi
679 3281 911 3327 matrem
945 3271 1088 3341 apud
1122 3271 1491 3341 cvangelistas
1515 3269 1853 3323 nominatam
1878 3283 2003 3323 esse

418 3361 647 3417 Mariam
701 3361 915 3427 Jacobi,
963 3373 1018 3418 et
1062 3362 1289 3416 Mariam
1347 3362 1512 3417 Josze.
1553 3360 1769 3418 Marcus
1819 3371 2000 3416 autem

416 3453 605 3510 Jacobi
626 3457 799 3525 parvi,
823 3462 880 3511 et
903 3455 1047 3511 Josae
1072 3464 1301 3511 matrem
1330 3470 1451 3510 eam
1477 3456 1714 3519 vocavit,
1741 3456 2001 3525 quoniam

418 3548 559 3605 alter
586 3556 707 3602 erat
738 3547 983 3603 Jacobus
1036 3546 1269 3617 Alphaei,
1308 3562 1543 3617 magnus
1592 3547 1824 3612 idcirco,
1873 3546 2002 3615 quia

419 3639 711 3695 duodecim
755 3639 1023 3708 apostolis
1055 3644 1495 3693 connumeratus
1532 3645 1676 3694 erat.
1709 3635 1847 3691 Nam
1877 3652 2004 3707 par-

419 3744 523 3785 vus
558 3744 668 3783 non
697 3736 817 3785 erat
841 3728 909 3784 de
941 3743 1176 3782 numero
1203 3743 1418 3784 eorum.
1846 3718 1847 3721 “

418 4064 423 4068 δ
492 3989 567 4046 De
598 3989 693 4044 illo
726 3998 913 4045 autem
968 3990 1175 4061 aliquis
1225 3991 1480 4048 fortassis
1529 3992 1674 4047 haud
1731 3994 2006 4049 immerito

421 4083 828 4138 addubitavcrit
855 4100 871 4138 :
903 4097 1016 4154 quo
1053 4092 1217 4154 pacto
1246 4081 1509 4139 Servator
1539 4085 1828 4155 discipulis
1882 4102 2008 4154 par-

420 4164 518 4233 tim
556 4192 651 4247 per
682 4177 931 4250 angelos,
957 4177 1162 4249 partim
1198 4193 1301 4235 sua
1333 4178 1512 4250 ipsius
1538 4194 1675 4235 voce
1704 4180 2005 4250 pollicitus,

420 4268 569 4340 quod
594 4267 879 4338 profectus
913 4269 967 4323 in
989 4268 1268 4326 Galilaeam
1290 4270 1372 4326 eis
1392 4271 1750 4341 appariturus
1773 4284 1918 4327 esset
1934 4271 2003 4337 ³⁸,

2099 3087 2397 3151 ἀκινδύνως
2421 3089 2455 3158 ἡ
2480 3087 2669 3157 Μαρία
2694 3084 2773 3156 τῷ
2800 3087 3052 3157 σωτηρίῳ
3073 3086 3235 3140 πάθει
3254 3086 3457 3159 παρῆν.
3486 3089 3550 3141 Ei
3575 3088 3682 3160 γὰρ

2103 3178 2372 3249 παρθένος
2423 3178 2833 3247 ὑπεγινώσκετο
2878 3182 2990 3242 τοῖς
3034 3179 3278 3243 πολλοῖς,
3320 3180 3425 3233 ὑπὸ
3451 3180 3559 3234 τῶν
3589 3181 3685 3251 βα-

2102 3271 2316 3323 σκάνων
2363 3256 2630 3323 Ἰουδαίων
2660 3269 2909 3324 ἀπώλετο
2939 3271 3025 3326 ἄν.
3066 3273 3221 3325 Ἔστι
3252 3271 3309 3326 δὲ
3331 3272 3501 3343 αὐτὴν
3531 3272 3682 3343 παρὰ

2100 3363 2214 3422 τοῖς
2261 3360 2674 3429 εὐαγγελισταῖς
2722 3363 2817 3415 καὶ
2859 3362 2952 3415 τοῦ
2982 3363 3100 3427 ἑνὸς
3137 3364 3299 3434 μόνου
3329 3365 3437 3419 τῶν
3478 3366 3683 3420 παίδων

2101 3451 2196 3504 τοῦ
2236 3452 2431 3523 Ἰωσὴφ
2456 3451 2851 3524 ὠνομασμένην
2885 3455 3063 3525 εὑρεῖν
3101 3457 3321 3529 Μαρίαν
3361 3458 3461 3529 τὴν
3497 3458 3684 3511 Ἰακώ-

2102 3545 2221 3610 ϐου,
2247 3545 2341 3598 καὶ
2369 3543 2586 3615 Μαρίαν
2612 3545 2711 3615 τὴν
2748 3546 2938 3616 Ἰωσῆ.-
2974 3547 3031 3599 ’Θ
3057 3546 3114 3600 δὲ
3140 3547 3387 3619 Μάρκος,
3427 3548 3680 3603 Ἰακώϐου

2102 3634 2195 3688 τοῦ
2247 3633 2442 3706 μικροῦ
2482 3636 2576 3688 καὶ
2614 3636 2769 3706 Ἰωσῆ
2804 3638 3012 3710 μητέρα
3042 3638 3210 3711 αὐτὴν
3237 3636 3408 3704 εἶπεν,
3452 3640 3682 3711 ἐπείπερ

2103 3726 2170 3801 ἦν
2202 3730 2358 3795 ἄλλος
2400 3731 2651 3795 Ἰάκωϐος
2679 3735 2707 3785 6
2731 3732 2824 3785 τοῦ
2865 3733 3142 3802 Ἁλφαίου,
3168 3733 3255 3787 διὰ
3286 3734 3443 3788 τοῦτο
3478 3734 3678 3806 μέγας,

2103 3824 2184 3876 ὃτι
2208 3826 2319 3887 τοῖς
2343 3822 2655 3887 ἀποστόλοις
2680 3827 2792 3885 τοῖς
2820 3824 3026 3879 δώδεκα
3059 3825 3448 3899 συνηρίθμητο.
3495 3827 3552 3879 Ὁ
3574 3826 3681 3898 γὰρ

2109 3913 2303 3982 μικρὸς
2326 3912 2427 3966 οὐκ
2449 3908 2519 3980 ἦν
2551 3913 2730 3978 αὐτοῖς
2757 3915 3092 3986 ἐναρίθμιος.

2191 4005 2395 4058 Ἐκεῖνο
2430 4004 2486 4058 δὲ
2515 4005 2591 4071 ξᾶν
2635 4022 2720 4068 τις
2757 4007 2984 4071 εἰκότως
3032 4009 3463 4080 ὲπαπορήσειεν,
3503 4009 3621 4074 πῶς
3653 4012 3682 4063 6

2106 4096 2298 4169 Σωτὴρ
2337 4098 2712 4168 ὑποσχόμενος
2753 4102 2870 4163 τοῖς
2922 4097 3191 4172 μαθηταῖς
3212 4142 3227 4167 ,
3271 4101 3430 4155 τοῦτο
3461 4103 3559 4173 μὲν
3589 4105 3682 4157 καὶ

2106 4182 2195 4236 διᾶ
2213 4184 2320 4238 τῶν
2346 4186 2613 4255 ἀγγέλων,
2639 4187 2802 4240 τοῦτο
2825 4187 2882 4241 δὲ
2902 4190 2996 4242 καὶ
3022 4189 3112 4243 διὰ
3131 4191 3230 4261 τῆς
3248 4193 3457 4257 οἰκείας
3474 4196 3679 4264 φωνῆς,

2108 4277 2190 4332 ὅτι
2212 4280 2289 4341 είς
2322 4279 2422 4350 τὴν
2452 4281 2745 4336 Γαλιλαίαν
2780 4284 3109 4354 ἀφικόμενος
3153 4285 3482 4357 ὀφθήσεται,
3511 4290 3681 4360 ἐφάνη

422 4362 575 4419 visus
606 4362 680 4417 sit
725 4359 1089 4433 Jerosolymis
1116 4376 1335 4433 quoque
1363 4362 1697 4432 promissum
1720 4371 1999 4433 prteslare.

2111 4369 2210 4439 τὴν
2245 4371 2577 4439 ἐπαγγελίαν
2616 4374 2710 4425 καὶ
2755 4375 2814 4426 ὲν
2847 4373 3206 4449 Ἰερουσαλὴμ
3239 4377 3481 4449 πληρῶν.
3527 4359 3685 4433 Κατᾶ

421 4453 559 4509 Nam
593 4455 897 4511 secundum
948 4453 1155 4510 Lucam
1189 4455 1410 4526 quidem
1441 4457 1496 4511 in
1538 4458 1656 4527 ipsa
1679 4458 1769 4514 die
1818 4475 2004 4515 resur-

423 4547 687 4602 rectionis
731 4546 867 4616 ipsis
895 4547 1152 4603 undecim
1182 4550 1532 4619 congregatis
1554 4549 1636 4603 ":
1669 4560 1728 4604 ut
1758 4549 2001 4608 Joannes

423 4644 607 4692 autem
636 4638 847 4702 scribit,
875 4645 930 4692 et
955 4637 1013 4693 in
1045 4638 1152 4692 hoc
1182 4638 1323 4709 ipso,
1347 4649 1402 4694 et
1432 4651 1626 4696 octavo
1658 4640 1745 4697 die
1780 4650 2003 4711 praestat

424 4728 819 4797 apparitionem
851 4736 1007 4785 stans
1074 4727 1133 4783 in
1162 4730 1345 4785 medio
1394 4744 1458 4785 ac
1498 4730 1724 4797 dicens,
1760 4732 1880 4787 Pax
1925 4750 2008 4787 vo-

425 4819 506 4873 bis
537 4820 604 4887 ³⁷,
635 4827 801 4891 atque
820 4822 985 4875 etiam
1018 4820 1243 4876 Thema:
1280 4836 1342 4876 se
1370 4824 1823 4880 contrectandum
1870 4841 2008 4895 prte—

425 4911 581 4969 beus.
616 4912 817 4968 Verum
859 4914 963 4969 hoc
994 4913 1343 4971 liberalitatis
1374 4923 1430 4971 et
1474 4916 1829 4973 humanitatis
1863 4919 2005 4971 divi-

426 5005 538 5062 tias
565 4994 832 5072 ostendit,
872 5022 979 5062 non
1011 5005 1287 5062 mendacii
1334 5009 1545 5064 crimen
1581 5009 1848 5063 continet.
1881 5009 2002 5063 Non

426 5099 574 5154 enim
608 5099 768 5169 dixit,
799 5099 861 5156 in
890 5098 1113 5177 Galilrea
1142 5099 1412 5156 duntaxat
1456 5116 1545 5157 me
1572 5101 1858 5168 videbunt,
1910 5117 2004 5158 ne-

427 5205 535 5260 que
551 5206 681 5250 vero
712 5191 1072 5263 ierosolymis
1103 5193 1281 5257 visus,
1303 5207 1413 5247 non
1442 5193 1694 5264 apparuit
1711 5194 1766 5248 in
1783 5192 2007 5249 Galilaza

429 5281 594 5338 sicuti
625 5283 958 5352 promiserat
985 5283 1004 5355 (
1029 5284 1137 5339 hoc
1161 5285 1308 5341 enim
1348 5295 1496 5341 esset
1542 5301 1673 5341 suos
1719 5301 2006 5343 sermones

431 5375 601 5432 falsos
630 5376 862 5434 reddere
892 5377 1274 5450 mentiendo),
1303 5378 1399 5436 sed
1429 5380 1477 5435 si
1507 5388 1562 5436 et
1601 5381 1657 5435 in
1700 5379 2007 5438 Jerusalem

2113 4462 2212 4531 μὲν
2254 4462 2346 4516 τὸν
2383 4464 2599 4517 Λουκᾶν
2628 4466 2686 4516 ὲν
2716 4465 2854 4536 αὐτῇ
2888 4468 2954 4536 τῇ
2987 4467 3171 4539 ἡμέρα
3206 4468 3308 4538 τῆς
3335 4470 3685 4534 ἀναστάσεως

2111 4554 2591 4625 συνηθροισμένοις
2615 4559 2727 4620 τοῖς
2752 4557 2944 4612 ἕνδεκα
2964 4576 2998 4625 °_
3016 4560 3154 4613 κατὰ
3184 4560 3241 4613 δὲ
3268 4561 3359 4615 τὸν
3412 4563 3682 4633 Ἰωάννην,

2106 4645 2202 4699 καὶ
2222 4647 2280 4698 ἐν
2312 4647 2448 4718 αὐτῇ
2480 4649 2574 4701 καὶ
2604 4648 2663 4701 ἐν
2688 4651 2754 4720 τῇ
2785 4649 2945 4721 ὀγδόῃ
2974 4651 3157 4722 ἡμέρᾳ
3182 4656 3415 4707 ποιεῖται
3436 4653 3534 4726 τὴν
3560 4657 3682 4709 ἑπι-

2108 4739 2356 4809 φάνειαν,
2385 4741 2514 4805 στὰς
2536 4746 2595 4796 ἐν
2625 4743 2794 4814 μέσῳ,
2820 4744 2915 4796 καὶ
2946 4743 3367 4815 λέγων,Είρήνη
3393 4746 3557 4818 ὑμῖν,
3590 4751 3685 4802 καὶ

2106 4832 2183 4903 τῷ
2214 4834 2385 4905 Θωμᾷ
2411 4834 2669 4906 ψηλαφᾷν
2695 4836 2928 4900 ἐνδιδοὺς
2950 4837 3158 4893 ἑαυτόν.
3194 4837 3355 4891 Ἀλλὰ
3377 4838 3533 4893 τοῦτο
3561 4839 3682 4909 φιλ-

2112 4925 2402 4998 ανθρώπου
2438 4927 2752 4998 φιλοτιμίας
2794 4928 3022 4984 πλοῦτον
3068 4929 3417 5002 παρίστησιν,
3450 4932 3512 4985 οὐ
3546 4931 3680 5002 ψεύ-

2111 5018 2232 5083 δους
2265 5019 2377 5091 ἔχει
2411 5021 2766 5092 κατηγορίαν.
2796 5023 2872 5076 Οὐ
2903 5022 3014 5093 γὰρ
3062 5017 3236 5088 εἶπεν,
3301 5024 3391 5077 Ἐν
3414 5027 3482 5095 τῇ
3527 5024 3670 5078 Γαλι.

2112 5109 2239 5180 λαὶᾳ
2267 5126 2335 5180 με
2364 5110 2583 5179 ὄψονται
2619 5112 2797 5181 μόνον,
2827 5112 2951 5167 οὔτε
2973 5112 3078 5184 μὴν
3111 5115 3168 5167 ἐν
3201 5115 3556 5186 Ἰερουσαλὴμ
3581 5132 3684 5185 φα-

2113 5200 2245 5264 νεὶς,
2282 5200 2382 5254 οὐκ
2414 5199 2569 5273 ὤφθη
2592 5202 2736 5256 κατὰ
2761 5204 2861 5275 τὴν
2894 5204 3184 5259 Γαλιλαίαν
3223 5206 3299 5269 ὡς
3324 5209 3688 5279 ἐπηγγείλατο

2117 5292 2136 5361 (
2170 5290 2324 5346 τοῦτο
2351 5292 2459 5364 γὰρ
2484 5290 2554 5365 ἦν
2574 5296 2635 5348 τὸ
2659 5297 2784 5360 τοὺς
2820 5298 3051 5362 οἰκείους
3082 5298 3384 5367 ψεύσασθαι
3431 5299 3622 5370 λόγους
3644 5308 3686 5370 )·

2117 5384 2243 5439 εἰδὲ
2269 5386 2364 5440 καὶ
2398 5386 2455 5441 ὲν
2500 5387 2852 5459 Ἰερουσαλὴμ
2880 5379 3391 5461 άποκεκλεισμένοὶς
3419 5394 3478 5447 ὲν
3505 5393 3690 5465 δωμα-

503 5585 544 5616 ³¹
573 5583 880 5667 Joan.__xt_x,
906 5589 995 5645 25.
1074 5591 1194 5667 "3‘?
1227 5591 1420 5652 Matth.
1454 5611 1562 5665 χνι,
1596 5594 1696 5665 19;
1728 5593 1862 5652 Luc.
1900 5613 1960 5665 ll,
1997 5630 1999 5640 ι

2161 5597 2209 5630 ³⁸
2235 5597 2407 5655 Marc.
2440 5614 2515 5667 vi,
2539 5598 2592 5655 5.
2669 5598 2713 5631 ³⁵
2745 5596 2938 5654 Matth.
2963 5613 3137 5665 xxvu,
3169 5599 3224 5653 7.
3304 5598 3348 5632 “
3369 5598 3504 5658 Luc.
3537 5615 3686 5664 xxxv,

430 5655 500 5712 36
533 5672 655 5728 sqq.
734 5658 777 5692 ³⁷
805 5659 965 5719 Joan.
999 5676 1093 5721 xx.
1121 5662 1187 5716 21
1222 5679 1342 5733 sqq.
