4154 6354
468 239 582 296 ’651

1698 236 1755 291 S.
1776 232 2109 293 GREGOllll
2141 235 2436 295 NYSSENI

3640 240 3743 296 (iiii

485 360 630 412 dicta
660 356 896 412 fuerunt.
932 355 1065 411 Nam
1103 354 1324 411 Galila’a
1353 355 1538 425 lingua
1592 356 1780 412 Grreca
1817 373 2029 411 κατακυ

2160 357 2251 411 τοῦ
2298 358 2577 430 Σωτηρίουη
2613 358 2879 430 στόματος
2926 357 3324 429 προενεχθέντα
3349 356 3517 412 ταῦτα
3546 357 3613 411 τὰ
3646 361 3743 429 ῥή-

485 449 663 521 λιστή,
703 449 758 504 id
781 458 888 512 est,
920 447 1186 512 devoluta,
1221 448 1339 502 sive
1367 446 1680 500 devolubilis
1731 450 2059 517 interpreta-

484 552 595 607 tur,
618 542 762 598 unde
788 542 953 598 etiam
986 541 1168 611 Gelgel
1199 539 1333 595 Mota
1361 543 1696 595 nominatur.
1715 540 1883 610 Igitur
1910 542 2059 595 velut

479 649 549 688 ex
593 641 779 689 monte
824 634 1064 699 excelso,
1101 632 1403 687 Salvatoris
1438 632 1691 686 videlicet
1723 647 1819 687 ore
1845 634 2057 701 prolata

479 725 598 779 haec
655 725 842 790 verba,
877 732 1011 779 rota:
1063 725 1116 778 in
1167 722 1411 787 modum,
1458 725 1512 777 in
1548 723 1735 779 orbem
1787 733 2056 779 terrarum

2170 466 2333 518 ματα,
2367 449 2523 519 δίκην
2553 450 2748 523 τροχοῦ
2790 450 2931 504 κατὰ
2964 447 3066 520 τῆς
3102 450 3430 521 οἰκουμένης
3462 450 3742 521 ἐκυλίσθη,

2167 542 2261 594 καὶ
2302 543 2481 594 πᾶσαν
2510 541 2851 613 ἐπέδραμεν·
2894 541 2990 595 καὶ
3030 540 3439 612 ἐϐαπτίσθησαν
3471 544 3742 605 ἅπαντες,

2165 634 2259 685 καὶ
2299 633 2368 686 τὰ
2399 631 2526 702 ἔθνη
2558 633 2651 687 καί
2672 633 2885 700 πόλεις,
2914 635 3017 699 Είς
3048 632 3113 686 τὸ
3151 633 3339 701 ὄνομα
3370 633 3475 687 τοῦ
3516 634 3736 701 Harpe;

2163 724 2386 779 καὶτοῦ
2415 724 2552 778 Ϊίοῦ
2580 725 2681 778 καὶ
2710 726 2816 780 τοῦ
2840 726 3014 797 ἁγίου
3052 726 3418 794 Πνεύματος.

479 818 783 873 habitatum
816 818 1067 873 devoluta
1099 828 1249 885 sunt,
1278 826 1331 873 et
1362 832 1579 873 omnem
1614 826 2039 888 percurrerunt;
2064 829 2225 889 atque
2247 818 2487 873 universi
2522 818 2780 888 baptizati
2812 830 2959 885 sunt,
2985 829 3036 873 et
3059 829 3266 887 gentes,
3295 827 3347 872 ct
3384 816 3588 872 Ciiilall
3609 831 3653 874 s,
3687 817 3739 871 in

470 912 687 964 stamine
716 909 920 975 Patris,
957 922 1007 965 et
1043 909 1201 975 Filii,
1242 919 1289 963 et
1324 908 1558 978 Spiritus
1600 912 1793 964 sancti.

548 1001 816 1054 Cancrum
851 999 935 1054 his
970 999 1154 1053 verbis
1184 998 1388 1053 auditis
1410 1040 1423 1062 ,
1457 999 1711 1067 discipuli
1746 998 1812 1053 ad
1850 999 2051 1053 nullam

452 1100 693 1171 \gentem
730 1092 916 1146 statim
953 1092 1182 1160 profecti
1215 1073 1344 1146 sunt
1366 1132 1378 1155 ,
1411 1091 1508 1154 sed
1543 1100 1863 1146 manserunt
1893 1089 2051 1146 Jeru—

477 1184 645 1238 salem
680 1198 856 1253 usque
891 1185 956 1237 ad
989 1182 1350 1241 Pentecosnen
1373 1223 1387 1247 ,
1425 1189 1812 1251 exspectantes
1845 1183 2050 1237 adven-

479 1289 591 1327 tum
629 1283 685 1329 et
729 1275 1078 1343 praesentiam
1118 1275 1356 1344 Spiritus
1395 1275 1610 1338 sancti,
1651 1274 1745 1343 qui
1789 1275 1840 1331 in
1876 1274 2050 1344 igneis

452 1365 678 1435 diuguis
710 1365 776 1419 ad
811 1380 906 1421 eos
940 1367 1193 1421 accessit.
1234 1364 1369 1419 Nam
1405 1381 1527 1419 eum
1570 1366 1641 1418 ita
1675 1366 1843 1420 variis
1875 1366 2051 1420 modis

448 1457 555 1512 -cis
585 1455 653 1511 ad
684 1457 1053 1528 quadraginta
1083 1457 1204 1513 dies
1237 1469 1527 1527 appareret
1546 1496 1560 1520 ,
1602 1464 1659 1512 et
1688 1466 2049 1527 congregaret

475 1549 531 1601 in
581 1563 784 1615 lllllllll,
820 1547 1284 1619 quemadmodum
1325 1547 1502 1603 Lucas
1537 1547 1614 1602 ait
1665 1548 1721 1602 in
1775 1550 2046 1619 principio

452 1639 597 1692 .lihri
634 1637 898 1692 Actorum
946 1638 1013 1701 “',
1056 1637 1408 1707 prmcipiebat
1434 1644 1488 1691 ct
1524 1637 1820 1691 mandabat
1869 1655 1932 1693 ne
1978 1643 2044 1693 ab

2245 1001 2404 1055 Ἀλλὰ
2435 1003 2640 1056 τούτων
2673 1001 3007 1063 ἀκούσαντες
3056 1001 3164 1054 τῶν
3195 1002 3456 1073 ῥημάτων
3478 1003 3528 1054 οἰ
3559 1002 3737 1073 μαθη-

2158 1093 2285 1159 ταὶ,
2328 1096 2464 1166 πρὸς
2505 1094 2658 1148 οὐδὲν
2704 1095 2856 1157 ἔθνος
2905 1093 3282 1164 ἐπορεύθησαν
3333 1094 3574 1157 εὐθέως,
3622 1095 3737 1148 ἀλλ’

2157 1184 2347 1255 ἔμενον
2396 1187 2454 1238 ἐν
2540 1185 2895 1257 Ἰερουσαλὴμ
2955 1184 3115 1255 μέχρι
3168 1184 3266 1254 τῆς
3325 1185 3735 1256 ῐΙεντηκοστῆς,

2157 1270 2516 1341 ἀναμένοντες
2539 1272 2637 1345 τὴν
2668 1271 2790 1343 ὲνδη
2800 1272 2925 1343 μίαν
2953 1273 3046 1324 τοῦ
3075 1272 3230 1340 ἁγίου
3257 1272 3589 1344 Πνεύματος,
3614 1275 3735 1347 ἥτις

2157 1362 2342 1426 αὐτοῖς
2375 1363 2433 1415 ὲν
2464 1362 2718 1433 πυρίναις
2756 1363 3081 1434 ἐπεφοίτησε
3110 1362 3401 1433 γλώσσαις.
3445 1352 3600 1418 Οὕτω
3626 1366 3735 1438 γὰρ
3824 1358 3833 1369 ’

2159 1454 2346 1518 αὐτοῖς
2377 1454 2473 1508 ὲπὶ
2500 1455 2904 1527 τεσσαράκοντα
2942 1455 3155 1527 ἡμέρας
3177 1455 3447 1528 διαφόρως
3476 1459 3732 1527 φαινόμε-

2153 1561 2242 1608 νος
2272 1545 2367 1599 καὶ
2403 1545 2871 1618 συναυλιζόμενος,
2958 1564 3122 1616 φησιν
3147 1548 3205 1601 ὲν
3233 1549 3372 1620 ἀρχῇ
3404 1549 3496 1602 τοῦ
3527 1550 3733 1618 βιῧλίου

2151 1634 2261 1688 τῶν
2296 1636 2555 1707 Πράξεων
2576 1638 2605 1691 ὁ
2633 1639 2848 1702 Λουκᾶς
2886 1638 3221 1693 Ἐνετέλλετο
3265 1643 3358 1693 καὶ
3387 1642 3729 1712 παρήγγελλε

468 1728 817 1801 Jerosolymis
840 1726 1164 1783 discederent
1188 1768 1202 1787 .
1229 1727 1318 1781 sed
1343 1737 1397 1780 ut
1422 1737 1784 1797 exspectarent
1810 1730 2041 1797 promis

2156 1724 2350 1793 λέγων,
2399 1728 2539 1781 Ἀπὸ
2585 1728 3009 1797 Ἰεροσολύμων
3042 1728 3127 1798 μὴ
3157 1729 3529 1798 χωρίζεσθαι,
3572 1732 3733 1786 ἀλλὰ

460 1837 590 1874 sum
616 1818 818 1885 Patris,
846 1819 910 1874 de
931 1836 1030 1890 quo
1059 1820 1281 1889 (inquit)
1308 1820 1536 1875 audistis
1568 1834 1634 1874 ea:
1658 1836 1767 1883 me,
1798 1822 2042 1889 quoniam

470 1908 705 1963 Jommcs
738 1909 945 1980 quidem
987 1925 1127 1979 aqua
1164 1910 1450 1977 baptizavit
1476 1950 1492 1977 ,
1527 1926 1615 1964 vos
1656 1921 1829 1965 autem
1872 1911 2043 1978 bapti-

470 2000 725 2054 zabimini
758 2000 962 2069 Spiritu
987 2011 1189 2055 sancto.
1225 1999 1533 2055 Admodum
1567 2010 1749 2057 autem
1784 2002 2008 2071 puichre
2029 2044 2041 2067 ,

454 2090 547 2162 pi)
582 2091 908 2163 χωρίζεσθαι
938 2093 1014 2163 (id
1045 2101 1206 2148 sonat
1237 2090 1429 2147 Latine
1463 2109 1525 2147 ne
1550 2102 1927 2161 separarentur
1963 2094 2043 2147 vel

467 2183 894 2254 disjungcrentur
919 2187 960 2253 ),
994 2185 1099 2240 hoc
1131 2193 1240 2250 est,
1281 2200 1352 2241 ne
1391 2185 1550 2257 longe
1587 2186 1894 2251 distarent,
1938 2203 2041 2240 neu

464 2278 657 2347 procul
710 2278 1006 2341 abessent,
1061 2291 1168 2331 non
1226 2282 1410 2331 autem
1466 2275 1641 2337 dixit,
1694 2291 1761 2331 ne
1816 2290 2043 2346 prorsus

463 2370 677 2425 exirent
706 2386 771 2423 ex
809 2368 1134 2425 Jerusalem.
1178 2367 1314 2424 Nam
1347 2383 1454 2439 qua
1485 2364 1698 2423 ratione
1725 2368 1828 2423 hoc
1866 2370 2042 2423 dictu-

458 2477 561 2517 rus
602 2461 835 2524 fuisset,
882 2461 975 2526 qui
1025 2471 1363 2533 praeceperat
1407 2463 1516 2527 eis,
1572 2470 1629 2515 ut
1680 2463 1731 2514 in
1767 2460 2040 2516 Galilauun

458 2556 760 2611 venirent?
802 2554 958 2622 Quod
993 2562 1177 2609 autem
1217 2554 1269 2607 iu
1307 2554 1416 2607 line
1451 2552 1729 2623 Evangelii
1765 2552 1927 2607 Lucae
1958 2552 2040 2605 di-

452 2657 611 2703 ctum
643 2656 765 2703 est:
806 2645 873 2701 Et
909 2646 1102 2700 accidit
1129 2645 1255 2698 dum
1288 2643 1609 2699 benediceret
1644 2644 1743 2708 eis,
1795 2643 2039 2697 discessit

463 2740 527 2794 ab
579 2740 690 2802 eis,
737 2748 787 2792 et
833 2737 1119 2792 tollebatur
1169 2738 1223 2790 in
1273 2738 1462 2791 caelum
1507 2736 1574 2787 “.
1607 2735 1848 2805 Itemque
1892 2735 2037 2802 quod

463 2832 606 2901 apud
647 2830 888 2886 Marcum
932 2830 1198 2898 scriptum
1226 2837 1312 2884 est
1340 2848 1354 2884 :
1387 2829 1464 2881 Ac
1505 2827 1759 2882 Dominus
1790 2826 1999 2896 quidem
2021 2866 2036 2889 ,

444 2930 738 2993 ,postquan;
783 2920 984 2973 locutus
1013 2920 1197 2988 [uisset
1239 2918 1314 2972 eis
1335 2957 1351 2981 ,
1408 2925 1711 2984 assumptus
1744 2925 1821 2970 est
1856 2916 1909 2969 in
1939 2931 2039 2969 ae-

463 3014 606 3072 tum.
648 3021 696 3065 et
737 3010 871 3065 sedit
912 3028 943 3064 a
979 3010 1181 3064 dextris
1216 3009 1309 3063 Dei
1343 3009 1427 3062 ‘7:
1469 3008 1882 3078 intelligendum
1918 3017 2040 3074 est,

450 3106 731 3161 accidisse
763 3104 1181 3175 quadragesimo
1212 3101 1332 3167 die,
1370 3100 1674 3156 secundum
1711 3101 1761 3154 id
1799 3100 1948 3170 quod
1984 3103 2038 3154 in

461 3198 616 3253 Actis
646 3198 921 3252 memoriae
951 3197 1228 3266 proditum
1256 3204 1358 3250 est.
1388 3194 1520 3260 Quae
1545 3195 1689 3248 enim
1718 3194 1958 3249 breviter
1987 3201 2040 3248 et

461 3290 725 3346 concisim
755 3289 810 3343 in
839 3287 1147 3357 Evangeliis
1170 3287 1458 3351 dixerunt,
1483 3286 1597 3341 haec
1630 3287 1821 3339 latiore
1847 3301 2039 3340 narra-

462 3384 610 3437 tione
638 3383 981 3452 explicantnr
1007 3392 1059 3435 ct
1088 3379 1461 3436 declarantur.
1493 3377 1617 3433 Πίου
1645 3387 1775 3434 sunt
1795 3418 1809 3443 ,
1837 3394 1959 3446 quae
1984 3378 2036 3432 iu

444 3475 790 3546 .evangelicis
839 3473 1168 3529 lectionibus
1202 3473 1493 3527 Dominij
1532 3473 1710 3527 noctis
1756 3472 2041 3526 continen-

460 3576 573 3632 tur,
594 3582 714 3637 quae
743 3567 1081 3633 ignorantem
1107 3564 1428 3634 perturbare
1456 3562 1690 3633 possint,
1718 3576 1838 3632 qua!
1873 3562 2036 3615 etiam

460 3658 617 3711 vobis
637 3666 892 3725 tanquam
917 3654 1158 3709 debitum
1180 3653 1540 3724 dependimus
1565 3669 1578 3706 :
1604 3668 1701 3708 vos
1717 3661 1896 3708 autem
1918 3667 2038 3722 quae

446 3746 661 3799 "t’aeturi
699 3747 820 3799 sitis
856 3745 968 3799 haec
999 3744 1285 3799 audientes
1305 3783 1320 3807 ,
1349 3742 1618 3798 erubesco
1650 3743 1834 3797 dicere
1854 3783 1869 3801 .
1900 3757 2034 3796 con-

458 3840 713 3893 siderans
755 3852 1089 3892 concursum
1137 3835 1204 3890 ad
1255 3838 1631 3908 spectaculum
1661 3876 1676 3899 ,
1721 3836 2037 3906 rabiemque

440 3927 852 3984 multitudinis.
887 3926 1130 3984 Prmbeat
1161 3937 1345 3985 autem
1378 3929 1538 3984 nobis
1567 3927 1833 3983 Dominus
1864 3929 2036 3982 virtu-

452 4031 566 4077 tem
597 4020 665 4075 ad
697 4021 1087 4076 declinandum
1131 4055 1161 4073 ι.
1224 4040 1241 4059 -·
1263 4022 1351 4075 alo
1386 4028 1440 4075 et
1473 4020 1539 4074 ad
1575 4020 1779 4074 bonum
1826 4018 2033 4075 facien-

458 4114 588 4168 dum
624 4129 718 4184 per
748 4115 975 4183 gratiam
1005 4121 1169 4183 atque
1199 4110 1586 4183 benignitatem
1621 4109 1829 4166 Domini
1861 4118 1916 4165 et
1941 4109 2034 4165 Dei

446 4212 513 4259 et
545 4202 854 4258 Servatoris
883 4203 1056 4257 nostri
1084 4201 1213 4256 Jesu
1243 4200 1449 4256 Christi
1483 4221 1494 4255 :
1529 4201 1614 4256 cui
1647 4200 1820 4270 gloria
1851 4209 1903 4255 et
1935 4200 2037 4253 im-

441 4296 670 4366 perium
717 4311 841 4348 cum
889 4292 1087 4365 [Patre
1120 4291 1216 4365 ct]
1263 4292 1476 4363 Spiritu
1524 4299 1754 4356 sancto,
1800 4305 1946 4345 nunc
1982 4297 2037 4344 et

458 4401 693 4454 semper,
725 4392 779 4437 et
814 4388 868 4436 in
905 4384 1103 4438 saecula
1136 4382 1485 4436 saeculorum.
1522 4382 1713 4435 Amen.

1053 4516 1312 4571 ORATIO
1353 4515 1436 4569 ΙΙΙ.

454 4637 531 4690 De
562 4651 714 4688 sacro
739 4634 872 4703 [esto
899 4630 1118 4684 Pascha:
1143 4627 1710 4703 etdekResuri-ectione
1728 4669 1742 4691 ,
1774 4624 1953 4678 habita
1980 4623 2035 4675 in

918 4717 1109 4770 magna
1149 4700 1235 4752 die
1272 4698 1571 4752 Dominica.

525 4842 801 4912 Panperes
827 4839 1099 4902 homines,
1124 4836 1215 4907 qui
1239 4835 1356 4890 dies
1384 4834 1553 4888 festos
1581 4837 1801 4897 amant,
1827 4837 1881 4885 et
1906 4843 2029 4883 cum

456 4934 661 4989 lubenti
685 4948 747 4987 ac
768 4940 957 5003 parato
985 4930 1190 4995 animo,
1209 4936 1323 4983 tum
1353 4926 1538 4980 habitu
1567 4924 1828 4993 cultuque
1852 4924 2036 4993 splen-

454 5028 586 5082 dido
613 5033 915 5081 conventus
941 5039 1004 5076 ac
1031 5021 1379 5077 celebritates
1414 5018 1799 5088 frequentant,
1834 5008 1935 5070 etsi
1967 5014 2034 5069 de

458 5132 561 5174 suo
615 5116 720 5171 sibi
773 5114 1129 5185 suppeditare
1186 5117 1439 5179 sumptus
1500 5109 1566 5161 ad
1622 5106 1885 5170 eam,cui
1917 5116 2031 5160 stu-

455 5211 608 5275 dent,
638 5208 961 5279 elegantiam
995 5219 1103 5258 non
1134 5209 1385 5272 possunt,
1412 5214 1441 5252 a
1472 5200 1615 5254 notis
1650 5206 1832 5253 tamen
1869 5206 2032 5266 atque

450 5302 781 5373 propinquis
807 5288 1031 5354 omnem
1054 5295 1400 5366 magnificum
1434 5307 1498 5347 ae
1532 5290 1833 5361 pretiosum
1865 5305 2031 5343 orna-

454 5401 646 5450 natmn
694 5396 1083 5461 corrogantes,
1126 5387 1406 5449 etlieiunt,
1459 5390 1518 5438 ut
1558 5381 1696 5437 nihil
1740 5381 1843 5436 sibi
1890 5380 2033 5434 desit

450 5488 524 5544 ad
564 5493 888 5559 praasentem
932 5497 1112 5538 usum.
1151 5477 1309 5545 Quod
1345 5475 1477 5530 mihi
1513 5488 1736 5546 quoque
1773 5471 2031 5543 prccsenti

2148 1818 2497 1887 περιμένειν
2522 1819 2638 1885 τὴν
2659 1821 3021 1890 ἐπαγγελίαν
3049 1820 3155 1874 τοῦ
3177 1823 3427 1890 Πατρὸς,
3446 1821 3525 1890 ’ἣν
3551 1825 3732 1893 rixae}-

2146 1911 2295 1963 σιιτέ
2303 1928 2443 1980 μου,
2469 1911 2560 1964 ὅτι
2586 1911 2859 1980 Ἰωάννης
2877 1913 2995 1981 μὲν
3014 1912 3336 1967 ἐϐάπτισεν
3354 1915 3543 1978 ὕδατι,
3560 1918 3727 1985 ὑμεῖς

2146 2001 2215 2053 δὲ
2247 2001 2744 2070 ,ϐαπτισθήσεσθε
2789 2003 2859 2056 ἐν
2896 2005 3197 2072 Πνεύματι
3236 2006 3403 2075 ἁγίῳ.
3435 2007 3631 2072 Καλῶς
3671 2010 3728 2062 ἑὲ
3766 2013 3770 2017 ⁴

2146 2091 2283 2160 ἄγαν
2311 2092 2371 2146 τὸ
2397 2093 2472 2165 μὴ
2507 2093 2869 2165 χωρίζεσθαι,
2914 2094 3072 2147 τοῦτό
3110 2097 3226 2148 ἐστι
3269 2096 3343 2168 μὴ
3377 2099 3593 2167 μακρὰν
3622 2099 3728 2169 ἀφ-

2149 2182 2436 2248 ίστασθαι,
2485 2184 2620 2257 μηδὲ
2655 2185 2844 2257 πόρρω
2884 2185 3164 2253 γίνεσθαι,
3210 2188 3303 2241 καὶ
3341 2188 3442 2242 οὐκ
3485 2188 3607 2243 εἶπε
3650 2191 3725 2261 μὴ

2145 2272 2342 2338 ἐξιέναι
2394 2274 2456 2327 τὸ
2513 2275 2776 2347 παράπαν
2838 2274 2939 2344 τῆς
3009 2275 3383 2347 Ἰερουσαλήμ.
3438 2276 3563 2340 Πῶς
3613 2277 3724 2349 γθρ

2143 2365 2332 2435 ἔμελλε
2379 2365 2537 2419 τοῦτο
2580 2368 2776 2432 εἰπεῖν,
2830 2369 2859 2420 ὁ
2906 2365 3213 2439 προστάξας
3259 2369 3442 2432 αὐτοῖς
3495 2370 3576 2434 είς
3626 2368 3724 2441 τὴν

2142 2457 2431 2512 Γαλιλαίαν
2466 2457 2677 2523 ἑλθεῖν;
2719 2458 2830 2511 Καὶ
2870 2457 2932 2510 τὸ
2962 2457 3250 2528 εἰρημένον
3281 2458 3339 2510 δὲ
3376 2461 3433 2512 ὲν
3464 2459 3540 2530 τῷ
3579 2459 3722 2515 τέλει

2140 2548 2234 2601 τοῦ
2267 2548 2596 2615 Εὐαγγελίου
2621 2547 2697 2619 τῷ
2726 2548 2942 2620 Λουκᾷ·
2990 2550 3094 2603 Κιιί
3131 2549 3368 2617 ἐγένετο
3407 2550 3468 2602 ἐν
3506 2549 3585 2615 τῷ
3616 2552 3718 2603 εὐ-

2139 2639 2344 2709 λογεῖν
2369 2639 2557 2693 αὐτὸν
2576 2638 2818 2704 αὐτοὺς,
2846 2638 3053 2708 διέστη
3099 2641 3200 2695 ἀπ’
3227 2640 3443 2705 αὐτῶν,
3485 2642 3582 2694 καὶ
3618 2641 3722 2696 dr-

2141 2731 2383 2799 εφέρετο
2422 2732 2507 2796 εἰς
2536 2730 2643 2783 τὸν
2671 2732 2951 2798 oi'paro'r.
2997 2732 3225 2802 Ὁμοίως
3261 2733 3318 2785 δὲ
3351 2734 3443 2786 καὶ
3478 2734 3537 2785 τὸ
3571 2734 3722 2805 παρὰ

2141 2820 2218 2891 τῷ
2256 2822 2468 2893 Μάρκῳ
2498 2823 2903 2893 γεγραμμένονο
2950 2823 3011 2875 '0
3040 2823 3157 2893 μὲν
3197 2819 3311 2878 οὖν
3340 2826 3551 2892 Κύριος
3570 2828 3722 2894 μετὰ

2142 2912 2207 2965 τὸ
2248 2912 2517 2981 λαλῆσαι
2554 2911 2791 2978 αὐτοῖς.
2823 2913 3134 2982 ἀνελήφθη
3176 2916 3263 2980 εἰς
3298 2916 3404 2968 τὸν
3436 2918 3718 2985 oitpardr.

2145 3003 2241 3057 καὶ
2270 3001 2551 3058 ἐκάθισεν
2578 3002 2647 3056 ἐκ
2687 3002 2898 3067 δεξιῶν
2930 3004 3035 3058 τοῦ
3081 3005 3256 3059 Θεοῦ⁸
3297 3008 3514 3078 νοητέον
3558 3010 3617 3063 ὲν
3653 3012 3719 3080 τῇ

2068 3076 2114 3137 C
2154 3093 2563 3163 τεσσαρακοστῇ
2616 3091 2798 3164 ἡμέρᾳ
2840 3093 3192 3163 γεγενῆσθαι,
3244 3076 3387 3149 κατᾶ
3423 3097 3483 3150 τὸ
3507 3099 3565 3151 ἐν
3598 3076 3719 3164 ταῖς

2143 3181 2411 3253 Πράξεσιν
2440 3184 2811 3254 ἱστορημένον.
2846 3185 2913 3236 "A
2941 3185 3418 3257 γὰρέπιτεμόντες
3450 3191 3507 3241 ἐν
3537 3190 3719 3259 Εὐαγ-

2142 3273 2339 3341 γελίοις
2388 3274 2675 3345 εἰρήκασι,
2723 3273 2895 3329 ταῦτα
2956 3275 3034 3346 τῷ
3084 3276 3271 3331 πλάτει
3331 3280 3429 3350 τῆς
3481 3282 3723 3351 ἱστορίας

2141 3361 2468 3429 ἐξαπλοῦται
2520 3364 2615 3417 καὶ
2668 3365 3046 3435 σαφηνίζεται.
3094 3366 3280 3423 Ταῦτά
3329 3372 3444 3425 ἐστι
3496 3372 3563 3426 τὰ
3608 3375 3720 3435 τοῖς

2141 3453 2513 3522 εὑαγγελικοῖς
2576 3455 2967 3527 ἀναγνώσμασι
3021 3458 3121 3528 τῆς
3181 3460 3470 3531 Κυριακῆς
3529 3463 3719 3527 νυκτὸς

2140 3544 2535 3615 περιεχόμενα,
2575 3546 2670 3599 καὶ
2702 3546 2951 3617 θορυϐεῖν
2988 3549 3076 3602 τὸν
3105 3550 3399 3618 ἀγνοοῦντα
3424 3552 3716 3624 δυνάμενα,

2138 3635 2173 3689 δι
2224 3636 2317 3689 καὶ
2363 3635 2439 3699 ὡς
2484 3635 2644 3707 χρέος
2695 3636 2824 3707 ὑμῖν
2874 3637 3248 3709 κατεθέμεθα·
3299 3641 3456 3711 ὑμεῖς
3500 3641 3557 3695 δὲ
3599 3642 3718 3699 τίνα
3756 3682 3761 3685 -

2138 3731 2311 3781 ποιεῖν
2347 3726 2590 3797 ὀφείλετε
2618 3727 2824 3782 τούτων
2860 3728 3182 3794 ἀκούοντες,
3220 3732 3456 3803 ἐρυθριῶ
3497 3732 3717 3801 λέγειν,

2136 3819 2226 3872 τὸν
2252 3820 2344 3873 ἐπὶ
2379 3822 2478 3884 τὰς
2507 3819 2634 3882 θέας
2662 3818 2859 3891 δρόμον
2890 3821 2985 3873 καὶ
3014 3820 3111 3892 τὴν
3135 3822 3336 3875 λύσσαν
3365 3823 3474 3876 τῶν
3508 3824 3718 3877 πολλῶν

2137 3910 2502 3981 λογιζόμενος.
2538 3913 2817 3983 Παράσχοι
2845 3911 2900 3965 δὲ
2922 3914 3053 3983 ἡμῖν
3085 3915 3114 3965 ὁ
3136 3913 3335 3986 Κύριος
3361 3914 3607 3985 δύναμιν,
3636 3916 3721 3983 εἰς

2135 4002 2198 4055 τὺ
2230 4002 2501 4057 ἐκκλίνειν
2547 4002 2655 4056 ἀπὸ
2693 4003 2899 4067 κακοῦ,
2932 4004 3027 4058 καὶ
3059 4008 3232 4057 ποιεῖν
3262 4004 3487 4073 ἀγαθὰν.
3530 4005 3717 4077 χάριτι

2138 4094 2232 4149 καὶ
2262 4094 2640 4166 φιλανθρωπίᾳ
2682 4094 2776 4148 τοῦ
2811 4095 3015 4167 Κυρίου
3053 4097 3146 4149 καί
3174 4097 3308 4149 Θεοῦ
3346 4099 3439 4150 καί
3466 4099 3718 4172 Σωτῆρος

2139 4188 2296 4259 ἡμῶν
2343 4187 2519 4258 Ἰησοῦ
2563 4186 2801 4259 Χριστοῦ
2823 4205 2836 4219 ο
2871 4181 2914 4256 ᾧ
2951 4189 2984 4259 ἠ
3019 4188 3145 4253 δόξα
3178 4189 3271 4243 καί
3298 4190 3359 4243 τὸ
3387 4189 3587 4260 κράτος
3621 4191 3719 4244 σὺν

2137 4280 2213 4352 τῷ
2245 4281 2382 4352 ἁγίῳ
2417 4280 2717 4351 Πνεύματι,
2749 4279 2845 4333 νῦν
2884 4279 2979 4333 καὶ
3012 4280 3097 4333 ἀεὶ
3127 4280 3220 4333 καὶ
3259 4281 3336 4345 είς
3362 4282 3488 4339 τοὺς
3515 4281 3719 4344 αἰῶνας

2137 4372 2246 4426 τῶν
2275 4372 2505 4427 αἰώνων.
2558 4372 2753 4443 Ἀμήν.

2767 4502 2986 4556 ΛΟΓΟΣ
3026 4503 3097 4557 I".

2130 4619 2246 4684 Ἐἲς
2293 4616 2360 4671 τὸ
2390 4615 2562 4684 ἅγιον
2594 4614 2832 4683 Πάσχα,
2866 4616 2963 4669 καί
2992 4616 3125 4682 περὶ
3149 4615 3261 4683 τῆς
3297 4615 3711 4682 ἀναστάσεως,

2470 4686 2687 4755 ἐλέχθη
2726 4684 2799 4752 τῇ
2820 4684 3058 4755 μεγάλη
3084 4684 3373 4754 Κιφιιικῇ.

2207 4827 2271 4880 Oi
2299 4826 2526 4896 πένητες
2562 4823 2669 4877 τῶν
2709 4822 3035 4895 ἀνθρώπων,
3071 4824 3342 4897 φιλέορτοί
3370 4842 3427 4878 τε
3454 4826 3547 4879 xa‘t
3580 4843 3716 4896 προ-

2136 4919 2292 4989 θύμῳ
2319 4920 2386 4989 τῇ
2420 4917 2589 4987 ψυχῇ,
2636 4917 2729 4971 καὶ
2754 4916 2944 4988 γαύρῳ
2977 4916 3057 4988 τῷ
3094 4919 3334 4988 σχήματι
3355 4956 3368 4978 .
3400 4916 3499 4978 τὰς
3535 4933 3715 4986 πανη-

2135 5008 2322 5079 γύρεις
2348 5007 2825 5076 κατασπαζόμενοι
2847 5048 2861 5072 ,
2897 5007 2999 5061 κᾶν
3036 5009 3250 5071 ἑαυτοῖς
3283 5008 3357 5078 μὴ
3397 5006 3713 5077 ὲπαρκῶσιν

2135 5102 2215 5163 εἰς
2241 5098 2338 5170 τὴν
2362 5096 2802 5169 σπουδαζομένην
2825 5098 3177 5169 φαιδρότητα,
3205 5097 3352 5167 παρὰ
3372 5096 3480 5149 τῶν
3497 5096 3713 5149 οἰκείων

2139 5191 2231 5245 καὶ
2251 5189 2541 5260 γνωρίμων
2563 5190 2741 5243 πᾶσαν
2768 5190 3115 5244 πολυτέλειαν
3139 5189 3531 5261 ὲρανιζὸμενοι,
3561 5188 3714 5241 ἀνεν-

2138 5284 2275 5346 δεεῖς
2298 5282 2522 5344 ἑαυτοὺς
2543 5281 2622 5345 εἰς
2643 5279 2741 5352 τὴν
2758 5281 3127 5354 προκειμένην
3149 5279 3335 5351 χρείαν
3359 5281 3714 5350 παρασκευά-

2140 5377 2345 5441 ζουσιν.
2372 5375 2551 5444 Ὅπερ
2576 5373 2717 5427 δοκῶ
2752 5374 2889 5446 πρὸς
2913 5376 3013 5445 τὴν
3052 5370 3333 5445 παροῦσαν
3364 5372 3580 5445 ἡμέραν
3612 5374 3718 5428 πά-

2143 5485 2290 5540 σχειν
2332 5466 2462 5538 ἐγώ.
2512 5465 2678 5520 Οὐδὲν
2715 5465 2824 5538 γὰρ
2867 5464 3002 5536 ἔχων
3035 5464 3452 5536 μεγαλοπρεπὲς
3503 5466 3560 5519 ἐν
3594 5470 3717 5531 ταῖς

3727 5340 3740 5395 ί

521 5665 569 5698 ’ν’
601 5664 721 5718 Act.
754 5678 791 5728 ι,
826 5659 878 5722 4,
912 5659 964 5714 5.
1044 5657 1087 5690 “
1114 5655 1248 5711 Luc.
1274 5668 1420 5723 sxw,
1455 5651 1543 5708 51.
1620 5648 1865 5723 “ﬂare.
1902 5660 2012 5715 xvi,
2045 5643 2130 5701 l9.
