  <div class='ocr_page' id='page_1' title='image "/cluster/home/n/w/nwhite01/storage/ocr_20150623/46/nnc1.0046978380/334.png"; bbox 0 0 4154 6354; ppageno 0'>
   <div class='ocr_carea' id='block_1_1' title="bbox 346 309 451 362">
    <p class='ocr_par' dir='ltr' id='par_1_1' title="bbox 346 309 451 362">
     <span class='ocr_line' id='line_1_1' title="bbox 346 309 451 362; baseline 0 0"><span class='ocrx_word' id='word_1_1' title='bbox 346 309 451 362; x_wconf 60' lang='grc'><strong>653</strong></span> 
     </span>
    </p>
   </div>
   <div class='ocr_carea' id='block_1_2' title="bbox 1254 303 2694 362">
    <p class='ocr_par' dir='ltr' id='par_1_2' title="bbox 1254 303 2694 362">
     <span class='ocr_line' id='line_1_2' title="bbox 1254 303 2694 362; baseline 0.001 -3"><span class='ocrx_word' id='word_1_2' title='bbox 1254 306 1321 360; x_wconf 69' lang='lat' dir='ltr'><strong>IN</strong></span> <span class='ocrx_word' id='word_1_3' title='bbox 1362 307 1636 362; x_wconf 69' lang='lat' dir='ltr'><strong>CHRISTI</strong></span> <span class='ocrx_word' id='word_1_4' title='bbox 1679 303 2312 360; x_wconf 72' lang='lat' dir='ltr'><strong>RESUIiltECTIONEM</strong></span> <span class='ocrx_word' id='word_1_5' title='bbox 2354 305 2560 361; x_wconf 71' lang='lat' dir='ltr'><strong>OllAT.</strong></span> <span class='ocrx_word' id='word_1_6' title='bbox 2608 306 2694 360; x_wconf 89' lang='lat' dir='ltr'><strong>lll.</strong></span> 
     </span>
    </p>
   </div>
   <div class='ocr_carea' id='block_1_3' title="bbox 3494 278 3608 363">
    <p class='ocr_par' dir='ltr' id='par_1_3' title="bbox 3494 278 3608 363">
     <span class='ocr_line' id='line_1_3' title="bbox 3494 278 3608 363; baseline 0.009 -1"><span class='ocrx_word' id='word_1_7' title='bbox 3494 278 3608 363; x_wconf 73' lang='lat' dir='ltr'><strong>est</strong></span> 
     </span>
    </p>
   </div>
   <div class='ocr_carea' id='block_1_4' title="bbox 350 421 1945 495">
    <p class='ocr_par' dir='ltr' id='par_1_4' title="bbox 350 421 1925 495">
     <span class='ocr_line' id='line_1_4' title="bbox 350 421 1925 495; baseline 0 -19"><span class='ocrx_word' id='word_1_8' title='bbox 350 421 735 492; x_wconf 72' lang='grc' dir='ltr'><strong>προκειμέναις</strong></span> <span class='ocrx_word' id='word_1_9' title='bbox 757 421 1051 493; x_wconf 74' lang='grc' dir='ltr'>εὐφημίαις</span> <span class='ocrx_word' id='word_1_10' title='bbox 1077 425 1207 494; x_wconf 77' lang='grc' dir='ltr'>παρ’</span> <span class='ocrx_word' id='word_1_11' title='bbox 1232 424 1470 494; x_wconf 80' lang='grc' dir='ltr'>ἐμαυτοῦ</span> <span class='ocrx_word' id='word_1_12' title='bbox 1495 425 1766 479; x_wconf 80' lang='grc' dir='ltr'>συντελεῖν</span> <span class='ocrx_word' id='word_1_13' title='bbox 1790 424 1925 495; x_wconf 73' lang='grc' dir='ltr'>προς</span> 
     </span>
    </p>
   </div>
   <div class='ocr_carea' id='block_1_5' title="bbox 2049 421 3603 495">
    <p class='ocr_par' dir='ltr' id='par_1_5' title="bbox 2049 421 3603 493">
     <span class='ocr_line' id='line_1_5' title="bbox 2049 421 3603 493; baseline 0.001 -19"><span class='ocrx_word' id='word_1_14' title='bbox 2049 421 2116 476; x_wconf 91' lang='lat' dir='ltr'><strong>lie</strong></span> <span class='ocrx_word' id='word_1_15' title='bbox 2152 423 2402 477; x_wconf 88' lang='lat' dir='ltr'><strong>accidere</strong></span> <span class='ocrx_word' id='word_1_16' title='bbox 2430 423 2665 478; x_wconf 86' lang='lat' dir='ltr'><strong>videtur.</strong></span> <span class='ocrx_word' id='word_1_17' title='bbox 2710 421 2843 478; x_wconf 88' lang='lat' dir='ltr'><strong>Cum</strong></span> <span class='ocrx_word' id='word_1_18' title='bbox 2879 423 3024 477; x_wconf 88' lang='lat' dir='ltr'><strong>enim</strong></span> <span class='ocrx_word' id='word_1_19' title='bbox 3059 423 3176 492; x_wconf 89' lang='lat' dir='ltr'><strong>ipse</strong></span> <span class='ocrx_word' id='word_1_20' title='bbox 3209 423 3341 479; x_wconf 78' lang='lat' dir='ltr'><strong>nillil</strong></span> <span class='ocrx_word' id='word_1_21' title='bbox 3379 427 3603 493; x_wconf 56' lang='lat' dir='ltr'><strong>pracla-</strong></span> 
     </span>
    </p>
   </div>
   <div class='ocr_carea' id='block_1_6' title="bbox 347 513 1921 588">
    <p class='ocr_par' dir='ltr' id='par_1_6' title="bbox 347 513 1921 588">
     <span class='ocr_line' id='line_1_6' title="bbox 347 513 1921 588; baseline 0.001 -22"><span class='ocrx_word' id='word_1_22' title='bbox 347 513 446 582; x_wconf 79' lang='grc' dir='ltr'><strong>τὴν</strong></span> <span class='ocrx_word' id='word_1_23' title='bbox 485 514 633 582; x_wconf 72' lang='grc' dir='ltr'>ἱεράν</span> <span class='ocrx_word' id='word_1_24' title='bbox 673 513 829 584; x_wconf 79' lang='grc' dir='ltr'>ᾠδήν.</span> <span class='ocrx_word' id='word_1_25' title='bbox 860 516 926 585; x_wconf 82' lang='grc' dir='ltr'>ἣν</span> <span class='ocrx_word' id='word_1_26' title='bbox 966 516 1168 586; x_wconf 78' lang='grc' dir='ltr'><strong>ἀρτίως</strong></span> <span class='ocrx_word' id='word_1_27' title='bbox 1213 517 1443 588; x_wconf 72' lang='grc' dir='ltr'>ᾔσαμεν,</span> <span class='ocrx_word' id='word_1_28' title='bbox 1492 517 1921 588; x_wconf 77' lang='grc' dir='ltr'>καταφεύξομαι.</span> 
     </span>
    </p>
   </div>
   <div class='ocr_carea' id='block_1_7' title="bbox 361 606 1927 679">
    <p class='ocr_par' dir='ltr' id='par_1_7' title="bbox 361 606 1927 679">
     <span class='ocr_line' id='line_1_7' title="bbox 361 606 1927 679; baseline 0.001 -21"><span class='ocrx_word' id='word_1_29' title='bbox 361 607 602 659; x_wconf 77' lang='grc' dir='ltr'><strong>Ἐκεῖθεν</strong></span> <span class='ocrx_word' id='word_1_30' title='bbox 640 606 717 669; x_wconf 83' lang='grc' dir='ltr'><strong>δὲ,</strong></span> <span class='ocrx_word' id='word_1_31' title='bbox 747 608 864 669; x_wconf 84' lang='grc' dir='ltr'>ταῖς</span> <span class='ocrx_word' id='word_1_32' title='bbox 901 608 1174 677; x_wconf 77' lang='grc' dir='ltr'><strong>ἀφορμαῖς</strong></span> <span class='ocrx_word' id='word_1_33' title='bbox 1217 609 1580 679; x_wconf 81' lang='grc' dir='ltr'>χρησάμενος,</span> <span class='ocrx_word' id='word_1_34' title='bbox 1607 609 1844 661; x_wconf 78' lang='grc' dir='ltr'><strong>ἀποτίσω</strong></span> <span class='ocrx_word' id='word_1_35' title='bbox 1867 607 1927 660; x_wconf 77' lang='grc' dir='ltr'>τὸ</span> 
     </span>
    </p>
   </div>
   <div class='ocr_carea' id='block_1_8' title="bbox 349 697 1923 770">
    <p class='ocr_par' dir='ltr' id='par_1_8' title="bbox 349 697 1923 770">
     <span class='ocr_line' id='line_1_8' title="bbox 349 697 1923 770; baseline 0.001 -19"><span class='ocrx_word' id='word_1_36' title='bbox 349 699 508 767; x_wconf 81' lang='grc' dir='ltr'>χρέος</span> <span class='ocrx_word' id='word_1_37' title='bbox 555 701 621 768; x_wconf 84' lang='grc' dir='ltr'>τῇ</span> <span class='ocrx_word' id='word_1_38' title='bbox 661 697 912 768; x_wconf 76' lang='grc' dir='ltr'>Γραφικῇ</span> <span class='ocrx_word' id='word_1_39' title='bbox 945 697 1087 762; x_wconf 81' lang='grc' dir='ltr'>λέξει</span> <span class='ocrx_word' id='word_1_40' title='bbox 1145 701 1496 770; x_wconf 72' lang='grc' dir='ltr'>προσυςρήνας</span> <span class='ocrx_word' id='word_1_41' title='bbox 1536 701 1630 752; x_wconf 74' lang='grc' dir='ltr'><strong>καὶ</strong></span> <span class='ocrx_word' id='word_1_42' title='bbox 1671 699 1738 752; x_wconf 77' lang='grc' dir='ltr'>τὰ</span> <span class='ocrx_word' id='word_1_43' title='bbox 1780 700 1923 769; x_wconf 73' lang='grc' dir='ltr'>ἐμὰ,</span> 
     </span>
    </p>
   </div>
   <div class='ocr_carea' id='block_1_9' title="bbox 352 790 1928 861">
    <p class='ocr_par' dir='ltr' id='par_1_9' title="bbox 352 790 1928 861">
     <span class='ocr_line' id='line_1_9' title="bbox 352 790 1928 861; baseline 0 -19"><span class='ocrx_word' id='word_1_44' title='bbox 352 790 405 842; x_wconf 80' lang='grc' dir='ltr'>εἴ</span> <span class='ocrx_word' id='word_1_45' title='bbox 426 806 547 842; x_wconf 84' lang='grc' dir='ltr'>τινα</span> <span class='ocrx_word' id='word_1_46' title='bbox 580 791 686 858; x_wconf 83' lang='grc' dir='ltr'>ἄρα</span> <span class='ocrx_word' id='word_1_47' title='bbox 719 790 812 842; x_wconf 73' lang='grc' dir='ltr'><strong>καὶ</strong></span> <span class='ocrx_word' id='word_1_48' title='bbox 839 790 1096 860; x_wconf 78' lang='grc' dir='ltr'>τυγχάνει</span> <span class='ocrx_word' id='word_1_49' title='bbox 1125 790 1274 861; x_wconf 73' lang='grc' dir='ltr'>παρὰ</span> <span class='ocrx_word' id='word_1_50' title='bbox 1301 790 1380 860; x_wconf 79' lang='grc' dir='ltr'>τῷ</span> <span class='ocrx_word' id='word_1_51' title='bbox 1416 791 1606 859; x_wconf 82' lang='grc' dir='ltr'>πένητι</span> <span class='ocrx_word' id='word_1_52' title='bbox 1633 790 1802 860; x_wconf 86' lang='grc' dir='ltr'>δούλῳ</span> <span class='ocrx_word' id='word_1_53' title='bbox 1831 792 1928 859; x_wconf 73' lang='grc' dir='ltr'><strong>τῆς</strong></span> 
     </span>
    </p>
   </div>
   <div class='ocr_carea' id='block_1_10' title="bbox 353 879 1929 951">
    <p class='ocr_par' dir='ltr' id='par_1_10' title="bbox 353 879 1929 951">
     <span class='ocr_line' id='line_1_10' title="bbox 353 879 1929 951; baseline 0 -19"><span class='ocrx_word' id='word_1_54' title='bbox 353 883 432 942; x_wconf 86' lang='grc' dir='ltr'>εἰς</span> <span class='ocrx_word' id='word_1_55' title='bbox 472 879 561 932; x_wconf 72' lang='grc' dir='ltr'>τὸν</span> <span class='ocrx_word' id='word_1_56' title='bbox 592 880 872 950; x_wconf 73' lang='grc' dir='ltr'>Δεσπότην</span> <span class='ocrx_word' id='word_1_57' title='bbox 911 881 1262 950; x_wconf 77' lang='grc' dir='ltr'>εὐχαριστίας</span> <span class='ocrx_word' id='word_1_58' title='bbox 1306 879 1573 951; x_wconf 73' lang='grc' dir='ltr'>ἐγκώμια.</span> <span class='ocrx_word' id='word_1_59' title='bbox 1611 881 1804 948; x_wconf 84' lang='grc' dir='ltr'>Ἔλεγε</span> <span class='ocrx_word' id='word_1_60' title='bbox 1829 881 1929 932; x_wconf 80' lang='grc' dir='ltr'>τοί·</span> 
     </span>
    </p>
   </div>
   <div class='ocr_carea' id='block_1_11' title="bbox 354 971 1929 1041">
    <p class='ocr_par' dir='ltr' id='par_1_11' title="bbox 354 971 1929 1041">
     <span class='ocr_line' id='line_1_11' title="bbox 354 971 1929 1041; baseline 0.001 -17"><span class='ocrx_word' id='word_1_61' title='bbox 354 988 449 1024; x_wconf 87' lang='grc' dir='ltr'><strong>νυν</strong></span> <span class='ocrx_word' id='word_1_62' title='bbox 479 971 682 1040; x_wconf 78' lang='grc' dir='ltr'><strong>ἀρτίως</strong></span> <span class='ocrx_word' id='word_1_63' title='bbox 710 973 738 1024; x_wconf 80' lang='grc' dir='ltr'>ὁ</span> <span class='ocrx_word' id='word_1_64' title='bbox 766 972 949 1031; x_wconf 73' lang='grc' dir='ltr'>Δαϐὶδ,</span> <span class='ocrx_word' id='word_1_65' title='bbox 983 971 1078 1024; x_wconf 69' lang='grc' dir='ltr'>καὶ</span> <span class='ocrx_word' id='word_1_66' title='bbox 1102 973 1262 1041; x_wconf 79' lang='grc' dir='ltr'>ἡμεῖς</span> <span class='ocrx_word' id='word_1_67' title='bbox 1292 975 1406 1041; x_wconf 80' lang='grc' dir='ltr'>μετ’</span> <span class='ocrx_word' id='word_1_68' title='bbox 1441 973 1668 1025; x_wconf 81' lang='grc' dir='ltr'>ἐκείνου·</span> <span class='ocrx_word' id='word_1_69' title='bbox 1705 972 1929 1025; x_wconf 79' lang='grc' dir='ltr'>Αὶνεῖτε</span> 
     </span>
    </p>
   </div>
   <div class='ocr_carea' id='block_1_12' title="bbox 354 1063 1926 1131">
    <p class='ocr_par' dir='ltr' id='par_1_12' title="bbox 354 1063 1926 1131">
     <span class='ocr_line' id='line_1_12' title="bbox 354 1063 1926 1131; baseline 0.001 -16"><span class='ocrx_word' id='word_1_70' title='bbox 354 1063 462 1115; x_wconf 79' lang='grc' dir='ltr'><strong>τὸν</strong></span> <span class='ocrx_word' id='word_1_71' title='bbox 491 1063 727 1131; x_wconf 76' lang='grc' dir='ltr'>Κύριον.</span> <span class='ocrx_word' id='word_1_72' title='bbox 781 1063 976 1116; x_wconf 76' lang='grc' dir='ltr'>πάντα</span> <span class='ocrx_word' id='word_1_73' title='bbox 1018 1064 1089 1117; x_wconf 79' lang='grc' dir='ltr'>τὰ</span> <span class='ocrx_word' id='word_1_74' title='bbox 1132 1063 1300 1130; x_wconf 77' lang='grc' dir='ltr'>ἔθνη,</span> <span class='ocrx_word' id='word_1_75' title='bbox 1335 1063 1691 1117; x_wconf 74' lang='grc' dir='ltr'>ἐπιιινέσιιτε</span> <span class='ocrx_word' id='word_1_76' title='bbox 1722 1064 1926 1129; x_wconf 74' lang='grc' dir='ltr'>αὑτὸν,</span> 
     </span>
    </p>
   </div>
   <div class='ocr_carea' id='block_1_13' title="bbox 357 1153 1930 1227">
    <p class='ocr_par' dir='ltr' id='par_1_13' title="bbox 357 1153 1930 1227">
     <span class='ocr_line' id='line_1_13' title="bbox 357 1153 1930 1227; baseline 0.002 -23"><span class='ocrx_word' id='word_1_77' title='bbox 357 1153 578 1220; x_wconf 71' lang='grc' dir='ltr'>πάντες</span> <span class='ocrx_word' id='word_1_78' title='bbox 601 1157 654 1207; x_wconf 80' lang='grc' dir='ltr'>οἱ</span> <span class='ocrx_word' id='word_1_79' title='bbox 678 1155 835 1208; x_wconf 76' lang='grc' dir='ltr'>λαοί.</span> <span class='ocrx_word' id='word_1_80' title='bbox 865 1155 1046 1208; x_wconf 83' lang='grc' dir='ltr'>Πάντα</span> <span class='ocrx_word' id='word_1_81' title='bbox 1072 1154 1161 1206; x_wconf 73' lang='grc' dir='ltr'>τὸν</span> <span class='ocrx_word' id='word_1_82' title='bbox 1188 1153 1246 1218; x_wconf 76' lang='grc' dir='ltr'>ἐξ</span> <span class='ocrx_word' id='word_1_83' title='bbox 1285 1154 1456 1224; x_wconf 75' lang='grc' dir='ltr'>Ἀδὰμ</span> <span class='ocrx_word' id='word_1_84' title='bbox 1485 1154 1768 1225; x_wconf 79' lang='grc' dir='ltr'>ἄνθρωπον</span> <span class='ocrx_word' id='word_1_85' title='bbox 1796 1157 1930 1227; x_wconf 74' lang='grc' dir='ltr'>πρὸς</span> 
     </span>
    </p>
   </div>
   <div class='ocr_carea' id='block_1_14' title="bbox 355 1245 1928 1317">
    <p class='ocr_par' dir='ltr' id='par_1_14' title="bbox 355 1245 1928 1317">
     <span class='ocr_line' id='line_1_14' title="bbox 355 1245 1928 1317; baseline 0.001 -18"><span class='ocrx_word' id='word_1_86' title='bbox 355 1249 445 1300; x_wconf 75' lang='grc' dir='ltr'><strong>τὸν</strong></span> <span class='ocrx_word' id='word_1_87' title='bbox 493 1246 660 1316; x_wconf 82' lang='grc' dir='ltr'>ὕμνον</span> <span class='ocrx_word' id='word_1_88' title='bbox 707 1247 900 1309; x_wconf 85' lang='grc' dir='ltr'>καλεῖ,</span> <span class='ocrx_word' id='word_1_89' title='bbox 957 1245 1162 1317; x_wconf 76' lang='grc' dir='ltr'>μηδένα</span> <span class='ocrx_word' id='word_1_90' title='bbox 1208 1245 1632 1317; x_wconf 84' lang='grc' dir='ltr'>καταλιμπάνων</span> <span class='ocrx_word' id='word_1_91' title='bbox 1672 1247 1776 1312; x_wconf 72' lang='grc' dir='ltr'>ἔξω</span> <span class='ocrx_word' id='word_1_92' title='bbox 1826 1248 1928 1316; x_wconf 82' lang='grc' dir='ltr'>τῆς</span> 
     </span>
    </p>
   </div>
   <div class='ocr_carea' id='block_1_15' title="bbox 358 1337 1928 1411">
    <p class='ocr_par' dir='ltr' id='par_1_15' title="bbox 358 1337 1928 1411">
     <span class='ocr_line' id='line_1_15' title="bbox 358 1337 1928 1411; baseline -0.001 -18"><span class='ocrx_word' id='word_1_93' title='bbox 358 1341 600 1411; x_wconf 81' lang='grc' dir='ltr'><strong>κλήσεως</strong></span> <span class='ocrx_word' id='word_1_94' title='bbox 625 1354 639 1368; x_wconf 76' lang='grc'><strong>⁸</strong></span> <span class='ocrx_word' id='word_1_95' title='bbox 679 1338 814 1391; x_wconf 73' lang='grc' dir='ltr'>ἀλλὰ</span> <span class='ocrx_word' id='word_1_96' title='bbox 846 1338 972 1400; x_wconf 79' lang='grc' dir='ltr'>τοὺς</span> <span class='ocrx_word' id='word_1_97' title='bbox 1014 1337 1352 1410; x_wconf 82' lang='grc' dir='ltr'>Ἐσπερίους,</span> <span class='ocrx_word' id='word_1_98' title='bbox 1383 1340 1510 1401; x_wconf 75' lang='grc' dir='ltr'>τοὺς</span> <span class='ocrx_word' id='word_1_99' title='bbox 1555 1339 1772 1408; x_wconf 78' lang='grc' dir='ltr'>Ἐᾡους,</span> <span class='ocrx_word' id='word_1_100' title='bbox 1799 1341 1928 1402; x_wconf 73' lang='grc' dir='ltr'>τοὺς</span> 
     </span>
    </p>
   </div>
   <div class='ocr_carea' id='block_1_16' title="bbox 359 1429 1932 1502">
    <p class='ocr_par' dir='ltr' id='par_1_16' title="bbox 359 1429 1932 1502">
     <span class='ocr_line' id='line_1_16' title="bbox 359 1429 1932 1502; baseline 0.015 -18"><span class='ocrx_word' id='word_1_101' title='bbox 359 1433 489 1502; x_wconf 81' lang='grc' dir='ltr'>παρ’</span> <span class='ocrx_word' id='word_1_102' title='bbox 519 1430 783 1501; x_wconf 78' lang='grc' dir='ltr'>ἑκάτερα,</span> <span class='ocrx_word' id='word_1_103' title='bbox 824 1430 877 1482; x_wconf 80' lang='grc' dir='ltr'><strong>εί</strong></span> <span class='ocrx_word' id='word_1_104' title='bbox 900 1447 984 1493; x_wconf 85' lang='grc' dir='ltr'><strong>τις</strong></span> <span class='ocrx_word' id='word_1_105' title='bbox 1011 1429 1213 1500; x_wconf 75' lang='grc' dir='ltr'>ἄρκτου</span> <span class='ocrx_word' id='word_1_106' title='bbox 1242 1429 1438 1498; x_wconf 80' lang='grc' dir='ltr'><strong>γείτων</strong></span> <span class='ocrx_word' id='word_1_107' title='bbox 1465 1433 1555 1484; x_wconf 65' lang='grc' dir='ltr'>καὶ</span> <span class='ocrx_word' id='word_1_108' title='bbox 1585 1431 1683 1500; x_wconf 81' lang='grc' dir='ltr'><strong>τῆς</strong></span> <span class='ocrx_word' id='word_1_109' title='bbox 1716 1449 1932 1501; x_wconf 68' lang='grc' dir='ltr'>μεσημ-</span> 
     </span>
    </p>
   </div>
   <div class='ocr_carea' id='block_1_17' title="bbox 360 1521 1928 1596">
    <p class='ocr_par' dir='ltr' id='par_1_17' title="bbox 360 1521 1928 1596">
     <span class='ocr_line' id='line_1_17' title="bbox 360 1521 1928 1596; baseline -0.002 -19"><span class='ocrx_word' id='word_1_110' title='bbox 360 1525 520 1596; x_wconf 76' lang='grc' dir='ltr'>ϐρίας</span> <span class='ocrx_word' id='word_1_111' title='bbox 558 1524 798 1586; x_wconf 79' lang='grc' dir='ltr'>ἕνοικος.</span> <span class='ocrx_word' id='word_1_112' title='bbox 823 1521 959 1591; x_wconf 79' lang='grc' dir='ltr'>ὁμοῦ</span> <span class='ocrx_word' id='word_1_113' title='bbox 994 1521 1202 1584; x_wconf 78' lang='grc' dir='ltr'>πάντας</span> <span class='ocrx_word' id='word_1_114' title='bbox 1241 1522 1562 1592; x_wconf 77' lang='grc' dir='ltr'><strong>δημαγωγεῖ</strong></span> <span class='ocrx_word' id='word_1_115' title='bbox 1599 1521 1675 1592; x_wconf 79' lang='grc' dir='ltr'>τῷ</span> <span class='ocrx_word' id='word_1_116' title='bbox 1709 1522 1928 1592; x_wconf 68' lang='grc' dir='ltr'>ψαλμῷ.</span> 
     </span>
    </p>
   </div>
   <div class='ocr_carea' id='block_1_18' title="bbox 361 1609 1934 1683">
    <p class='ocr_par' dir='ltr' id='par_1_18' title="bbox 361 1609 1934 1683">
     <span class='ocr_line' id='line_1_18' title="bbox 361 1609 1934 1683; baseline -0.006 -14"><span class='ocrx_word' id='word_1_117' title='bbox 361 1616 472 1669; x_wconf 71' lang='grc' dir='ltr'><strong>Καὶ</strong></span> <span class='ocrx_word' id='word_1_118' title='bbox 514 1612 747 1683; x_wconf 80' lang='grc' dir='ltr'>ἀλλαχοῦ</span> <span class='ocrx_word' id='word_1_119' title='bbox 789 1611 888 1682; x_wconf 83' lang='grc' dir='ltr'><strong>μὲν</strong></span> <span class='ocrx_word' id='word_1_120' title='bbox 937 1611 1044 1664; x_wconf 75' lang='grc' dir='ltr'><strong>ἀπὸ</strong></span> <span class='ocrx_word' id='word_1_121' title='bbox 1093 1610 1294 1682; x_wconf 80' lang='grc' dir='ltr'>μέρους</span> <span class='ocrx_word' id='word_1_122' title='bbox 1337 1609 1448 1664; x_wconf 71' lang='grc' dir='ltr'>τισὶ</span> <span class='ocrx_word' id='word_1_123' title='bbox 1493 1609 1600 1662; x_wconf 82' lang='grc' dir='ltr'><strong>τῶν</strong></span> <span class='ocrx_word' id='word_1_124' title='bbox 1632 1609 1934 1679; x_wconf 70' lang='grc' dir='ltr'>ἀνθρώπω)</span> 
     </span>
    </p>
   </div>
   <div class='ocr_carea' id='block_1_19' title="bbox 361 1700 1934 1776">
    <p class='ocr_par' dir='ltr' id='par_1_19' title="bbox 361 1700 1934 1776">
     <span class='ocr_line' id='line_1_19' title="bbox 361 1700 1934 1776; baseline -0.003 -18"><span class='ocrx_word' id='word_1_125' title='bbox 361 1703 828 1776; x_wconf 79' lang='grc' dir='ltr'>προσδιαλέγεται,</span> <span class='ocrx_word' id='word_1_126' title='bbox 859 1701 892 1770; x_wconf 81' lang='grc' dir='ltr'><strong>ἢ</strong></span> <span class='ocrx_word' id='word_1_127' title='bbox 920 1703 1044 1765; x_wconf 82' lang='grc' dir='ltr'>τοὺς</span> <span class='ocrx_word' id='word_1_128' title='bbox 1063 1701 1246 1765; x_wconf 70' lang='grc' dir='ltr'>ὁσίους</span> <span class='ocrx_word' id='word_1_129' title='bbox 1273 1700 1472 1766; x_wconf 80' lang='grc' dir='ltr'>καλῶν,</span> <span class='ocrx_word' id='word_1_130' title='bbox 1509 1700 1544 1772; x_wconf 77' lang='grc' dir='ltr'><strong>ἢ</strong></span> <span class='ocrx_word' id='word_1_131' title='bbox 1579 1701 1703 1762; x_wconf 75' lang='grc' dir='ltr'>τοὺς</span> <span class='ocrx_word' id='word_1_132' title='bbox 1742 1702 1934 1764; x_wconf 81' lang='grc' dir='ltr'>παῖδας</span> 
     </span>
    </p>
   </div>
   <div class='ocr_carea' id='block_1_20' title="bbox 2029 511 3603 583">
    <p class='ocr_par' dir='ltr' id='par_1_20' title="bbox 2029 511 3603 583">
     <span class='ocr_line' id='line_1_20' title="bbox 2029 511 3603 583; baseline -0.001 -17"><span class='ocrx_word' id='word_1_133' title='bbox 2029 529 2147 566; x_wconf 91' lang='lat' dir='ltr'><strong>rum</strong></span> <span class='ocrx_word' id='word_1_134' title='bbox 2189 523 2354 583; x_wconf 88' lang='lat' dir='ltr'><strong>atque</strong></span> <span class='ocrx_word' id='word_1_135' title='bbox 2392 515 2742 583; x_wconf 89' lang='lat' dir='ltr'><strong>magniﬁcuut</strong></span> <span class='ocrx_word' id='word_1_136' title='bbox 2780 529 2808 566; x_wconf 91' lang='lat' dir='ltr'><strong>a</strong></span> <span class='ocrx_word' id='word_1_137' title='bbox 2848 528 2933 566; x_wconf 86' lang='lat' dir='ltr'><strong>tne</strong></span> <span class='ocrx_word' id='word_1_138' title='bbox 2974 513 3093 582; x_wconf 91' lang='lat' dir='ltr'><strong>ipso</strong></span> <span class='ocrx_word' id='word_1_139' title='bbox 3128 513 3335 582; x_wconf 83' lang='lat' dir='ltr'><strong>possint</strong></span> <span class='ocrx_word' id='word_1_140' title='bbox 3371 511 3438 565; x_wconf 89' lang='lat' dir='ltr'><strong>ad</strong></span> <span class='ocrx_word' id='word_1_141' title='bbox 3471 527 3603 582; x_wconf 84' lang='lat' dir='ltr'><strong>pro-</strong></span> 
     </span>
    </p>
   </div>
   <div class='ocr_carea' id='block_1_21' title="bbox 2028 602 3604 675">
    <p class='ocr_par' dir='ltr' id='par_1_21' title="bbox 2028 602 3604 675">
     <span class='ocr_line' id='line_1_21' title="bbox 2028 602 3604 675; baseline -0.001 -17"><span class='ocrx_word' id='word_1_142' title='bbox 2028 606 2236 675; x_wconf 87' lang='lat' dir='ltr'><strong>positas</strong></span> <span class='ocrx_word' id='word_1_143' title='bbox 2269 604 2456 660; x_wconf 85' lang='lat' dir='ltr'><strong>laudes</strong></span> <span class='ocrx_word' id='word_1_144' title='bbox 2486 605 2950 660; x_wconf 80' lang='lat' dir='ltr'><strong>concelebrandas</strong></span> <span class='ocrx_word' id='word_1_145' title='bbox 2978 602 3255 666; x_wconf 79' lang='lat' dir='ltr'><strong>conferre,</strong></span> <span class='ocrx_word' id='word_1_146' title='bbox 3289 603 3356 656; x_wconf 84' lang='lat' dir='ltr'><strong>ad</strong></span> <span class='ocrx_word' id='word_1_147' title='bbox 3390 617 3604 656; x_wconf 83' lang='lat' dir='ltr'><strong>sacram</strong></span> 
     </span>
    </p>
   </div>
   <div class='ocr_carea' id='block_1_22' title="bbox 2025 696 3610 768">
    <p class='ocr_par' dir='ltr' id='par_1_22' title="bbox 2025 696 3610 768">
     <span class='ocr_line' id='line_1_22' title="bbox 2025 696 3610 768; baseline -0.003 -16"><span class='ocrx_word' id='word_1_148' title='bbox 2025 700 2374 763; x_wconf 77' lang='lat' dir='ltr'><strong>cantionem,</strong></span> <span class='ocrx_word' id='word_1_149' title='bbox 2409 714 2572 768; x_wconf 87' lang='lat' dir='ltr'><strong>quam</strong></span> <span class='ocrx_word' id='word_1_150' title='bbox 2619 700 2778 767; x_wconf 89' lang='lat' dir='ltr'><strong>paulo</strong></span> <span class='ocrx_word' id='word_1_151' title='bbox 2829 707 2954 751; x_wconf 89' lang='lat' dir='ltr'><strong>ante</strong></span> <span class='ocrx_word' id='word_1_152' title='bbox 3005 696 3422 757; x_wconf 88' lang='lat' dir='ltr'><strong>conciuttintus,</strong></span> <span class='ocrx_word' id='word_1_153' title='bbox 3478 711 3610 749; x_wconf 85' lang='lat' dir='ltr'><strong>con-</strong></span> 
     </span>
    </p>
   </div>
   <div class='ocr_carea' id='block_1_23' title="bbox 2029 789 3611 860">
    <p class='ocr_par' dir='ltr' id='par_1_23' title="bbox 2029 789 3611 860">
     <span class='ocr_line' id='line_1_23' title="bbox 2029 789 3611 860; baseline -0.001 -17"><span class='ocrx_word' id='word_1_154' title='bbox 2029 789 2275 860; x_wconf 81' lang='lat' dir='ltr'><strong>fugiant:</strong></span> <span class='ocrx_word' id='word_1_155' title='bbox 2333 801 2498 858; x_wconf 88' lang='lat' dir='ltr'><strong>atquc</strong></span> <span class='ocrx_word' id='word_1_156' title='bbox 2563 790 2686 844; x_wconf 92' lang='lat' dir='ltr'><strong>inde</strong></span> <span class='ocrx_word' id='word_1_157' title='bbox 2734 801 3058 860; x_wconf 81' lang='lat' dir='ltr'><strong>argumento</strong></span> <span class='ocrx_word' id='word_1_158' title='bbox 3107 796 3270 859; x_wconf 89' lang='lat' dir='ltr'><strong>atque</strong></span> <span class='ocrx_word' id='word_1_159' title='bbox 3317 790 3611 844; x_wconf 84' lang='lat' dir='ltr'><strong>occasione</strong></span> 
     </span>
    </p>
   </div>
   <div class='ocr_carea' id='block_1_24' title="bbox 2028 876 3610 949">
    <p class='ocr_par' dir='ltr' id='par_1_24' title="bbox 2028 876 3610 949">
     <span class='ocr_line' id='line_1_24' title="bbox 2028 876 3610 949; baseline -0.006 -13"><span class='ocrx_word' id='word_1_160' title='bbox 2028 887 2248 949; x_wconf 87' lang='lat' dir='ltr'><strong>Sumpta</strong></span> <span class='ocrx_word' id='word_1_161' title='bbox 2280 879 2508 932; x_wconf 82' lang='lat' dir='ltr'><strong>dictioni</strong></span> <span class='ocrx_word' id='word_1_162' title='bbox 2541 879 2839 948; x_wconf 72' lang='lat' dir='ltr'><strong>Seriptttrze</strong></span> <span class='ocrx_word' id='word_1_163' title='bbox 2873 894 2988 931; x_wconf 86' lang='lat' dir='ltr'><strong>mea</strong></span> <span class='ocrx_word' id='word_1_164' title='bbox 3019 893 3237 946; x_wconf 87' lang='lat' dir='ltr'><strong>quoque</strong></span> <span class='ocrx_word' id='word_1_165' title='bbox 3267 876 3610 944; x_wconf 82' lang='lat' dir='ltr'><strong>conjungens</strong></span> 
     </span>
    </p>
   </div>
   <div class='ocr_carea' id='block_1_25' title="bbox 2029 967 3612 1040">
    <p class='ocr_par' dir='ltr' id='par_1_25' title="bbox 2029 967 3612 1040">
     <span class='ocr_line' id='line_1_25' title="bbox 2029 967 3612 1040; baseline -0.004 -15"><span class='ocrx_word' id='word_1_166' title='bbox 2029 980 2084 1025; x_wconf 88' lang='lat' dir='ltr'><strong>et</strong></span> <span class='ocrx_word' id='word_1_167' title='bbox 2118 971 2274 1040; x_wconf 91' lang='lat' dir='ltr'><strong>quasi</strong></span> <span class='ocrx_word' id='word_1_168' title='bbox 2325 979 2608 1033; x_wconf 76' lang='lat' dir='ltr'><strong>attexcns,</strong></span> <span class='ocrx_word' id='word_1_169' title='bbox 2656 971 2867 1024; x_wconf 83' lang='lat' dir='ltr'><strong>solvam</strong></span> <span class='ocrx_word' id='word_1_170' title='bbox 2909 985 2984 1024; x_wconf 69' lang='lat' dir='ltr'><strong>tes</strong></span> <span class='ocrx_word' id='word_1_171' title='bbox 3028 969 3264 1023; x_wconf 87' lang='lat' dir='ltr'><strong>alienum</strong></span> <span class='ocrx_word' id='word_1_172' title='bbox 3301 985 3314 1020; x_wconf 74' lang='grc' dir='ltr'><strong>ε</strong></span> <span class='ocrx_word' id='word_1_173' title='bbox 3354 969 3399 1022; x_wconf 88' lang='lat' dir='ltr'><strong>si</strong></span> <span class='ocrx_word' id='word_1_174' title='bbox 3449 967 3612 1019; x_wconf 79' lang='lat' dir='ltr'><strong>modo</strong></span> 
     </span>
    </p>
   </div>
   <div class='ocr_carea' id='block_1_26' title="bbox 2029 1058 3613 1132">
    <p class='ocr_par' dir='ltr' id='par_1_26' title="bbox 2029 1058 3613 1132">
     <span class='ocr_line' id='line_1_26' title="bbox 2029 1058 3613 1132; baseline -0.003 -16"><span class='ocrx_word' id='word_1_175' title='bbox 2029 1062 2194 1116; x_wconf 89' lang='lat' dir='ltr'><strong>etiam</strong></span> <span class='ocrx_word' id='word_1_176' title='bbox 2245 1062 2442 1132; x_wconf 73' lang='lat' dir='ltr'><strong>aliquae</strong></span> <span class='ocrx_word' id='word_1_177' title='bbox 2499 1061 2722 1131; x_wconf 79' lang='lat' dir='ltr'><strong>pauperi</strong></span> <span class='ocrx_word' id='word_1_178' title='bbox 2767 1076 2927 1116; x_wconf 78' lang='lat' dir='ltr'><strong>SCI&#39;\&#39;0</strong></span> <span class='ocrx_word' id='word_1_179' title='bbox 2961 1077 3025 1115; x_wconf 72' lang='lat' dir='ltr'><strong>es</strong></span> <span class='ocrx_word' id='word_1_180' title='bbox 3063 1060 3232 1114; x_wconf 87' lang='lat' dir='ltr'><strong>animi</strong></span> <span class='ocrx_word' id='word_1_181' title='bbox 3280 1058 3613 1128; x_wconf 84' lang='lat' dir='ltr'><strong>gratitudine</strong></span> 
     </span>
    </p>
   </div>
   <div class='ocr_carea' id='block_1_27' title="bbox 2029 1152 3609 1224">
    <p class='ocr_par' dir='ltr' id='par_1_27' title="bbox 2029 1152 3609 1224">
     <span class='ocr_line' id='line_1_27' title="bbox 2029 1152 3609 1224; baseline 0 -18"><span class='ocrx_word' id='word_1_182' title='bbox 2029 1169 2156 1224; x_wconf 82' lang='lat' dir='ltr'><strong>erga</strong></span> <span class='ocrx_word' id='word_1_183' title='bbox 2210 1154 2494 1207; x_wconf 84' lang='lat' dir='ltr'><strong>dominum</strong></span> <span class='ocrx_word' id='word_1_184' title='bbox 2546 1169 2708 1208; x_wconf 87' lang='lat' dir='ltr'><strong>suum</strong></span> <span class='ocrx_word' id='word_1_185' title='bbox 2759 1153 3016 1223; x_wconf 66' lang='lat' dir='ltr'><strong>profectae</strong></span> <span class='ocrx_word' id='word_1_186' title='bbox 3059 1152 3248 1206; x_wconf 89' lang='lat' dir='ltr'><strong>Iaudes</strong></span> <span class='ocrx_word' id='word_1_187' title='bbox 3291 1158 3609 1221; x_wconf 87' lang='lat' dir='ltr'><strong>suppetunt.</strong></span> 
     </span>
    </p>
   </div>
   <div class='ocr_carea' id='block_1_28' title="bbox 2035 1244 3612 1315">
    <p class='ocr_par' dir='ltr' id='par_1_28' title="bbox 2035 1244 3612 1315">
     <span class='ocr_line' id='line_1_28' title="bbox 2035 1244 3612 1315; baseline -0.003 -17"><span class='ocrx_word' id='word_1_188' title='bbox 2035 1245 2256 1300; x_wconf 62' lang='lat' dir='ltr'><strong>Dicebat</strong></span> <span class='ocrx_word' id='word_1_189' title='bbox 2303 1247 2469 1315; x_wconf 85' lang='lat' dir='ltr'><strong>igitur</strong></span> <span class='ocrx_word' id='word_1_190' title='bbox 2507 1247 2668 1315; x_wconf 86' lang='lat' dir='ltr'><strong>paulo</strong></span> <span class='ocrx_word' id='word_1_191' title='bbox 2712 1254 2839 1299; x_wconf 85' lang='lat' dir='ltr'><strong>ante</strong></span> <span class='ocrx_word' id='word_1_192' title='bbox 2877 1244 3047 1298; x_wconf 82' lang='lat' dir='ltr'><strong>David</strong></span> <span class='ocrx_word' id='word_1_193' title='bbox 3071 1283 3086 1308; x_wconf 96' lang='lat'><strong>,</strong></span> <span class='ocrx_word' id='word_1_194' title='bbox 3122 1252 3176 1298; x_wconf 89' lang='lat' dir='ltr'><strong>et</strong></span> <span class='ocrx_word' id='word_1_195' title='bbox 3213 1258 3313 1298; x_wconf 92' lang='lat' dir='ltr'><strong>nos</strong></span> <span class='ocrx_word' id='word_1_196' title='bbox 3348 1256 3451 1295; x_wconf 89' lang='lat' dir='ltr'><strong>una</strong></span> <span class='ocrx_word' id='word_1_197' title='bbox 3488 1257 3612 1294; x_wconf 83' lang='lat' dir='ltr'><strong>eum</strong></span> 
     </span>
    </p>
   </div>
   <div class='ocr_carea' id='block_1_29' title="bbox 2033 1333 3615 1406">
    <p class='ocr_par' dir='ltr' id='par_1_29' title="bbox 2033 1333 3615 1406">
     <span class='ocr_line' id='line_1_29' title="bbox 2033 1333 3615 1406; baseline -0.003 -16"><span class='ocrx_word' id='word_1_198' title='bbox 2033 1338 2179 1392; x_wconf 86' lang='lat' dir='ltr'><strong>illo:</strong></span> <span class='ocrx_word' id='word_1_199' title='bbox 2238 1336 2480 1391; x_wconf 80' lang='lat' dir='ltr'><strong>Laudate</strong></span> <span class='ocrx_word' id='word_1_200' title='bbox 2536 1337 2853 1400; x_wconf 81' lang='lat' dir='ltr'><strong>Dominum,</strong></span> <span class='ocrx_word' id='word_1_201' title='bbox 2903 1352 3082 1390; x_wconf 84' lang='lat' dir='ltr'><strong>omnes</strong></span> <span class='ocrx_word' id='word_1_202' title='bbox 3129 1345 3342 1406; x_wconf 78' lang='lat' dir='ltr'><strong>gentes,</strong></span> <span class='ocrx_word' id='word_1_203' title='bbox 3399 1333 3615 1388; x_wconf 82' lang='lat' dir='ltr'><strong>laudate</strong></span> 
     </span>
    </p>
   </div>
   <div class='ocr_carea' id='block_1_30' title="bbox 2033 1426 3615 1499">
    <p class='ocr_par' dir='ltr' id='par_1_30' title="bbox 2033 1426 3615 1499">
     <span class='ocr_line' id='line_1_30' title="bbox 2033 1426 3615 1499; baseline -0.004 -16"><span class='ocrx_word' id='word_1_204' title='bbox 2033 1445 2150 1483; x_wconf 85' lang='lat' dir='ltr'><strong>eum</strong></span> <span class='ocrx_word' id='word_1_205' title='bbox 2173 1469 2186 1491; x_wconf 96' lang='lat'><strong>,</strong></span> <span class='ocrx_word' id='word_1_206' title='bbox 2221 1446 2397 1483; x_wconf 81' lang='lat' dir='ltr'><strong>omnes</strong></span> <span class='ocrx_word' id='word_1_207' title='bbox 2426 1433 2606 1499; x_wconf 64' lang='lat' dir='ltr'><strong>populi</strong></span> <span class='ocrx_word' id='word_1_208' title='bbox 2646 1430 2683 1483; x_wconf 88' lang='grc'><strong>¹.</strong></span> <span class='ocrx_word' id='word_1_209' title='bbox 2723 1430 2952 1483; x_wconf 72' lang='lat' dir='ltr'><strong>Omnem</strong></span> <span class='ocrx_word' id='word_1_210' title='bbox 2986 1430 3265 1484; x_wconf 88' lang='lat' dir='ltr'><strong>hominem</strong></span> <span class='ocrx_word' id='word_1_211' title='bbox 3303 1427 3370 1481; x_wconf 88' lang='lat' dir='ltr'><strong>ab</strong></span> <span class='ocrx_word' id='word_1_212' title='bbox 3407 1426 3615 1479; x_wconf 76' lang='lat' dir='ltr'><strong>Azlanto</strong></span> 
     </span>
    </p>
   </div>
   <div class='ocr_carea' id='block_1_31' title="bbox 2036 1516 3612 1590">
    <p class='ocr_par' dir='ltr' id='par_1_31' title="bbox 2036 1516 3612 1590">
     <span class='ocr_line' id='line_1_31' title="bbox 2036 1516 3612 1590; baseline -0.005 -15"><span class='ocrx_word' id='word_1_213' title='bbox 2036 1536 2210 1590; x_wconf 86' lang='lat' dir='ltr'><strong>usque</strong></span> <span class='ocrx_word' id='word_1_214' title='bbox 2231 1561 2245 1583; x_wconf 92' lang='lat'><strong>,</strong></span> <span class='ocrx_word' id='word_1_215' title='bbox 2283 1521 2554 1574; x_wconf 89' lang='lat' dir='ltr'><strong>neminem</strong></span> <span class='ocrx_word' id='word_1_216' title='bbox 2592 1521 3014 1590; x_wconf 64' lang='lat' dir='ltr'><strong>praetermittens</strong></span> <span class='ocrx_word' id='word_1_217' title='bbox 3044 1533 3206 1590; x_wconf 85' lang='lat' dir='ltr'><strong>quem</strong></span> <span class='ocrx_word' id='word_1_218' title='bbox 3235 1533 3342 1572; x_wconf 92' lang='lat' dir='ltr'><strong>non</strong></span> <span class='ocrx_word' id='word_1_219' title='bbox 3377 1516 3574 1571; x_wconf 87' lang='lat' dir='ltr'><strong>invitet</strong></span> <span class='ocrx_word' id='word_1_220' title='bbox 3599 1556 3612 1576; x_wconf 83' lang='lat'><em>.</em></span> 
     </span>
    </p>
   </div>
   <div class='ocr_carea' id='block_1_32' title="bbox 2038 1607 3613 1686">
    <p class='ocr_par' dir='ltr' id='par_1_32' title="bbox 2038 1607 3613 1686">
     <span class='ocr_line' id='line_1_32' title="bbox 2038 1607 3613 1686; baseline -0.004 -20"><span class='ocrx_word' id='word_1_221' title='bbox 2038 1613 2104 1667; x_wconf 92' lang='lat' dir='ltr'><strong>ad</strong></span> <span class='ocrx_word' id='word_1_222' title='bbox 2146 1614 2405 1686; x_wconf 81' lang='lat' dir='ltr'><strong>hymnum</strong></span> <span class='ocrx_word' id='word_1_223' title='bbox 2449 1621 2640 1676; x_wconf 82' lang='lat' dir='ltr'><strong>vocat;</strong></span> <span class='ocrx_word' id='word_1_224' title='bbox 2695 1612 2788 1667; x_wconf 87' lang='lat' dir='ltr'><strong>sed</strong></span> <span class='ocrx_word' id='word_1_225' title='bbox 2835 1610 3244 1672; x_wconf 83' lang='lat' dir='ltr'><strong>occidentales,</strong></span> <span class='ocrx_word' id='word_1_226' title='bbox 3275 1607 3613 1672; x_wconf 70' lang='lat' dir='ltr'><strong>orientales,</strong></span> 
     </span>
    </p>
   </div>
   <div class='ocr_carea' id='block_1_33' title="bbox 2039 1699 3616 1777">
    <p class='ocr_par' dir='ltr' id='par_1_33' title="bbox 2039 1699 3616 1777">
     <span class='ocr_line' id='line_1_33' title="bbox 2039 1699 3616 1777; baseline -0.007 -15"><span class='ocrx_word' id='word_1_227' title='bbox 2039 1715 2094 1762; x_wconf 89' lang='lat' dir='ltr'><strong>et</strong></span> <span class='ocrx_word' id='word_1_228' title='bbox 2140 1708 2199 1763; x_wconf 90' lang='lat' dir='ltr'><strong>si-</strong></span> <span class='ocrx_word' id='word_1_229' title='bbox 2236 1705 2364 1777; x_wconf 89' lang='lat' dir='ltr'><strong>quis</strong></span> <span class='ocrx_word' id='word_1_230' title='bbox 2420 1705 2566 1759; x_wconf 85' lang='lat' dir='ltr'><strong>circa</strong></span> <span class='ocrx_word' id='word_1_231' title='bbox 2615 1705 2950 1767; x_wconf 87' lang='lat' dir='ltr'><strong>alterutros,</strong></span> <span class='ocrx_word' id='word_1_232' title='bbox 3006 1703 3093 1757; x_wconf 89' lang='lat' dir='ltr'><strong>vel</strong></span> <span class='ocrx_word' id='word_1_233' title='bbox 3148 1699 3616 1771; x_wconf 73' lang='lat' dir='ltr'><strong>septentrionibus</strong></span> 
     </span>
    </p>
   </div>
   <div class='ocr_carea' id='block_1_34' title="bbox 364 1792 1945 1868">
    <p class='ocr_par' dir='ltr' id='par_1_34' title="bbox 364 1793 1938 1868">
     <span class='ocr_line' id='line_1_34' title="bbox 364 1793 1938 1868; baseline -0.003 -17"><span class='ocrx_word' id='word_1_234' title='bbox 364 1799 500 1868; x_wconf 65' lang='grc' dir='ltr'>προς</span> <span class='ocrx_word' id='word_1_235' title='bbox 525 1796 692 1867; x_wconf 88' lang='grc' dir='ltr'>ὕμνον</span> <span class='ocrx_word' id='word_1_236' title='bbox 722 1795 950 1867; x_wconf 75' lang='grc' dir='ltr'>ἐγείρων</span> <span class='ocrx_word' id='word_1_237' title='bbox 970 1811 984 1825; x_wconf 83' lang='grc'>⁶</span> <span class='ocrx_word' id='word_1_238' title='bbox 1026 1795 1120 1847; x_wconf 75' lang='grc' dir='ltr'>ἐπὶ</span> <span class='ocrx_word' id='word_1_239' title='bbox 1157 1793 1212 1847; x_wconf 78' lang='grc' dir='ltr'>δὲ</span> <span class='ocrx_word' id='word_1_240' title='bbox 1243 1793 1338 1847; x_wconf 82' lang='grc' dir='ltr'><strong>τοῦ</strong></span> <span class='ocrx_word' id='word_1_241' title='bbox 1381 1794 1647 1866; x_wconf 73' lang='grc' dir='ltr'>παρόντος</span> <span class='ocrx_word' id='word_1_242' title='bbox 1677 1793 1802 1861; x_wconf 78' lang='grc' dir='ltr'>ἔθνη</span> <span class='ocrx_word' id='word_1_243' title='bbox 1843 1794 1938 1847; x_wconf 70' lang='grc' dir='ltr'><strong>καὶ</strong></span> 
     </span>
    </p>
   </div>
   <div class='ocr_carea' id='block_1_35' title="bbox 2049 1792 3615 1868">
    <p class='ocr_par' dir='ltr' id='par_1_35' title="bbox 2049 1792 3615 1865">
     <span class='ocr_line' id='line_1_35' title="bbox 2049 1792 3615 1865; baseline -0.009 -9"><span class='ocrx_word' id='word_1_244' title='bbox 2049 1801 2300 1863; x_wconf 84' lang='lat' dir='ltr'><strong>vicinus,</strong></span> <span class='ocrx_word' id='word_1_245' title='bbox 2363 1799 2446 1852; x_wconf 73' lang='lat' dir='ltr'><strong>vel</strong></span> <span class='ocrx_word' id='word_1_246' title='bbox 2495 1796 2929 1852; x_wconf 86' lang='lat' dir='ltr'><strong>meridianarum</strong></span> <span class='ocrx_word' id='word_1_247' title='bbox 2974 1794 3211 1865; x_wconf 89' lang='lat' dir='ltr'><strong>partitun</strong></span> <span class='ocrx_word' id='word_1_248' title='bbox 3266 1792 3445 1846; x_wconf 91' lang='lat' dir='ltr'><strong>incola</strong></span> <span class='ocrx_word' id='word_1_249' title='bbox 3492 1797 3615 1851; x_wconf 88' lang='lat' dir='ltr'><strong>est,</strong></span> 
     </span>
    </p>
   </div>
   <div class='ocr_carea' id='block_1_36' title="bbox 363 1869 1939 1958">
    <p class='ocr_par' dir='ltr' id='par_1_36' title="bbox 363 1884 1939 1958">
     <span class='ocr_line' id='line_1_36' title="bbox 363 1884 1939 1958; baseline -0.004 -16"><span class='ocrx_word' id='word_1_250' title='bbox 363 1889 528 1952; x_wconf 72' lang='grc' dir='ltr'>λαοὺς</span> <span class='ocrx_word' id='word_1_251' title='bbox 563 1888 638 1958; x_wconf 83' lang='grc' dir='ltr'><strong>τῷ</strong></span> <span class='ocrx_word' id='word_1_252' title='bbox 681 1887 964 1958; x_wconf 70' lang='grc' dir='ltr'>ψαλτηρίῳ</span> <span class='ocrx_word' id='word_1_253' title='bbox 1000 1888 1241 1954; x_wconf 75' lang='grc' dir='ltr'>συνάγει.</span> <span class='ocrx_word' id='word_1_254' title='bbox 1286 1886 1452 1939; x_wconf 85' lang='grc' dir='ltr'>Ὅταν</span> <span class='ocrx_word' id='word_1_255' title='bbox 1493 1884 1631 1954; x_wconf 80' lang='grc' dir='ltr'>γὰρ.</span> <span class='ocrx_word' id='word_1_256' title='bbox 1671 1885 1810 1939; x_wconf 72' lang='grc' dir='ltr'><strong>κατά</strong></span> <span class='ocrx_word' id='word_1_257' title='bbox 1853 1887 1939 1937; x_wconf 63' lang='grc' dir='ltr'>τὴν</span> 
     </span>
    </p>
   </div>
   <div class='ocr_carea' id='block_1_37' title="bbox 379 1974 1938 2048">
    <p class='ocr_par' dir='ltr' id='par_1_37' title="bbox 379 1974 1938 2048">
     <span class='ocr_line' id='line_1_37' title="bbox 379 1974 1938 2048; baseline -0.004 -16"><span class='ocrx_word' id='word_1_258' title='bbox 379 1979 719 2041; x_wconf 53' lang='grc' dir='ltr'>ἰλτσόστολοην,</span> <span class='ocrx_word' id='word_1_259' title='bbox 751 1977 1028 2048; x_wconf 86' lang='grc' dir='ltr'>παρελύθη</span> <span class='ocrx_word' id='word_1_260' title='bbox 1060 1977 1120 2030; x_wconf 67' lang='grc' dir='ltr'>τι</span> <span class='ocrx_word' id='word_1_261' title='bbox 1151 1977 1335 2047; x_wconf 74' lang='grc' dir='ltr'>σχῆμα</span> <span class='ocrx_word' id='word_1_262' title='bbox 1366 1974 1458 2028; x_wconf 78' lang='grc' dir='ltr'>τοῦ</span> <span class='ocrx_word' id='word_1_263' title='bbox 1491 1975 1696 2046; x_wconf 73' lang='grc' dir='ltr'>κόσμου</span> <span class='ocrx_word' id='word_1_264' title='bbox 1721 1977 1938 2040; x_wconf 78' lang='grc' dir='ltr'>τούτου,</span> 
     </span>
    </p>
   </div>
   <div class='ocr_carea' id='block_1_38' title="bbox 369 2067 1938 2141">
    <p class='ocr_par' dir='ltr' id='par_1_38' title="bbox 369 2067 1938 2141">
     <span class='ocr_line' id='line_1_38' title="bbox 369 2067 1938 2141; baseline -0.003 -19"><span class='ocrx_word' id='word_1_265' title='bbox 369 2070 622 2141; x_wconf 75' lang='grc' dir='ltr'>βασιλεὺς</span> <span class='ocrx_word' id='word_1_266' title='bbox 654 2069 709 2122; x_wconf 75' lang='grc' dir='ltr'><strong>δὲ</strong></span> <span class='ocrx_word' id='word_1_267' title='bbox 742 2069 834 2120; x_wconf 73' lang='grc' dir='ltr'><strong>καὶ</strong></span> <span class='ocrx_word' id='word_1_268' title='bbox 857 2067 988 2130; x_wconf 74' lang='grc' dir='ltr'>Θεὸς</span> <span class='ocrx_word' id='word_1_269' title='bbox 1019 2069 1265 2136; x_wconf 65' lang='grc' dir='ltr'>ἐπεφάνη</span> <span class='ocrx_word' id='word_1_270' title='bbox 1295 2068 1458 2119; x_wconf 81' lang='grc' dir='ltr'>πᾶσιν</span> <span class='ocrx_word' id='word_1_271' title='bbox 1486 2068 1514 2119; x_wconf 85' lang='grc' dir='ltr'>ὁ</span> <span class='ocrx_word' id='word_1_272' title='bbox 1542 2067 1796 2137; x_wconf 70' lang='grc' dir='ltr'>Χριστος,</span> <span class='ocrx_word' id='word_1_273' title='bbox 1833 2068 1938 2118; x_wconf 60' lang='grc' dir='ltr'><strong>πᾶα</strong></span> 
     </span>
    </p>
   </div>
   <div class='ocr_carea' id='block_1_39' title="bbox 367 2153 1937 2226">
    <p class='ocr_par' dir='ltr' id='par_1_39' title="bbox 367 2153 1937 2226">
     <span class='ocr_line' id='line_1_39' title="bbox 367 2153 1937 2226; baseline -0.003 -17"><span class='ocrx_word' id='word_1_274' title='bbox 367 2175 464 2209; x_wconf 89' lang='grc' dir='ltr'><strong>σαν</strong></span> <span class='ocrx_word' id='word_1_275' title='bbox 488 2155 663 2226; x_wconf 73' lang='grc' dir='ltr'>ψυχήν</span> <span class='ocrx_word' id='word_1_276' title='bbox 692 2156 916 2209; x_wconf 75' lang='grc' dir='ltr'>ἄπιστον</span> <span class='ocrx_word' id='word_1_277' title='bbox 943 2154 1047 2224; x_wconf 83' lang='grc' dir='ltr'><strong>πλη</strong></span> <span class='ocrx_word' id='word_1_278' title='bbox 1056 2155 1382 2224; x_wconf 69' lang='grc' dir='ltr'>ροφορήσας,</span> <span class='ocrx_word' id='word_1_279' title='bbox 1403 2154 1494 2205; x_wconf 75' lang='grc' dir='ltr'><strong>καὶ</strong></span> <span class='ocrx_word' id='word_1_280' title='bbox 1517 2153 1882 2224; x_wconf 81' lang='grc' dir='ltr'>γλῶσσαν</span> <span class='ocrx_word' id='word_1_281' title='bbox 1896 2171 1937 2204; x_wconf 77' lang='grc' dir='ltr'>σ-</span> 
     </span>
    </p>
   </div>
   <div class='ocr_carea' id='block_1_40' title="bbox 368 2245 1945 2320">
    <p class='ocr_par' dir='ltr' id='par_1_40' title="bbox 368 2245 1945 2320">
     <span class='ocr_line' id='line_1_40' title="bbox 368 2245 1945 2320; baseline -0.001 -20"><span class='ocrx_word' id='word_1_282' title='bbox 368 2266 546 2320; x_wconf 68' lang='grc' dir='ltr'>φηςων</span> <span class='ocrx_word' id='word_1_283' title='bbox 586 2247 923 2318; x_wconf 66' lang='grc' dir='ltr'>χαλινώσας,</span> <span class='ocrx_word' id='word_1_284' title='bbox 968 2246 1142 2316; x_wconf 85' lang='grc' dir='ltr'>στήσῃ</span> <span class='ocrx_word' id='word_1_285' title='bbox 1185 2245 1240 2298; x_wconf 79' lang='grc' dir='ltr'>δὲ</span> <span class='ocrx_word' id='word_1_286' title='bbox 1279 2246 1548 2317; x_wconf 83' lang='grc' dir='ltr'>Ἑλλήνων</span> <span class='ocrx_word' id='word_1_287' title='bbox 1579 2245 1677 2317; x_wconf 80' lang='grc' dir='ltr'>τὴν</span> <span class='ocrx_word' id='word_1_288' title='bbox 1729 2247 1945 2316; x_wconf 78' lang='grc' dir='ltr'>ματαιό-</span> 
     </span>
    </p>
   </div>
   <div class='ocr_carea' id='block_1_41' title="bbox 368 2337 1944 2409">
    <p class='ocr_par' dir='ltr' id='par_1_41' title="bbox 368 2337 1944 2409">
     <span class='ocr_line' id='line_1_41' title="bbox 368 2337 1944 2409; baseline -0.001 -16"><span class='ocrx_word' id='word_1_289' title='bbox 368 2358 534 2409; x_wconf 69' lang='grc' dir='ltr'>τητα,</span> <span class='ocrx_word' id='word_1_290' title='bbox 572 2340 666 2393; x_wconf 76' lang='grc' dir='ltr'><strong>καὶ</strong></span> <span class='ocrx_word' id='word_1_291' title='bbox 711 2339 976 2392; x_wconf 82' lang='grc' dir='ltr'>Ἰουδαίων</span> <span class='ocrx_word' id='word_1_292' title='bbox 1003 2337 1099 2408; x_wconf 83' lang='grc' dir='ltr'>τὴν</span> <span class='ocrx_word' id='word_1_293' title='bbox 1141 2337 1369 2406; x_wconf 83' lang='grc' dir='ltr'>πλάνην,</span> <span class='ocrx_word' id='word_1_294' title='bbox 1410 2337 1505 2391; x_wconf 68' lang='grc' dir='ltr'><strong>καὶ</strong></span> <span class='ocrx_word' id='word_1_295' title='bbox 1545 2338 1650 2391; x_wconf 83' lang='grc' dir='ltr'><strong>τῶν</strong></span> <span class='ocrx_word' id='word_1_296' title='bbox 1683 2339 1944 2409; x_wconf 77' lang='grc' dir='ltr'>αἱρέσεων</span> 
     </span>
    </p>
   </div>
   <div class='ocr_carea' id='block_1_42' title="bbox 370 2428 1944 2502">
    <p class='ocr_par' dir='ltr' id='par_1_42' title="bbox 370 2428 1944 2502">
     <span class='ocr_line' id='line_1_42' title="bbox 370 2428 1944 2502; baseline -0.001 -18"><span class='ocrx_word' id='word_1_297' title='bbox 370 2434 468 2502; x_wconf 78' lang='grc' dir='ltr'><strong>τήν</strong></span> <span class='ocrx_word' id='word_1_298' title='bbox 512 2432 820 2501; x_wconf 66' lang='grc' dir='ltr'>ἀδάμας-τον</span> <span class='ocrx_word' id='word_1_299' title='bbox 873 2428 1285 2498; x_wconf 85' lang='grc' dir='ltr'>γλωσσαλγίαν·</span> <span class='ocrx_word' id='word_1_300' title='bbox 1319 2430 1441 2482; x_wconf 69' lang='grc' dir='ltr'>τότε</span> <span class='ocrx_word' id='word_1_301' title='bbox 1485 2429 1572 2500; x_wconf 81' lang='grc' dir='ltr'><strong>δή,</strong></span> <span class='ocrx_word' id='word_1_302' title='bbox 1616 2429 1737 2482; x_wconf 79' lang='grc' dir='ltr'>τότε</span> <span class='ocrx_word' id='word_1_303' title='bbox 1767 2431 1944 2483; x_wconf 87' lang='grc' dir='ltr'>πάντα</span> 
     </span>
    </p>
   </div>
   <div class='ocr_carea' id='block_1_43' title="bbox 370 2519 1946 2592">
    <p class='ocr_par' dir='ltr' id='par_1_43' title="bbox 370 2519 1946 2592">
     <span class='ocr_line' id='line_1_43' title="bbox 370 2519 1946 2592; baseline 0.018 -18"><span class='ocrx_word' id='word_1_304' title='bbox 370 2522 439 2576; x_wconf 76' lang='grc' dir='ltr'>τὰ</span> <span class='ocrx_word' id='word_1_305' title='bbox 469 2521 594 2592; x_wconf 72' lang='grc' dir='ltr'>ἔθνη</span> <span class='ocrx_word' id='word_1_306' title='bbox 643 2524 736 2573; x_wconf 72' lang='grc' dir='ltr'><strong>καὶ</strong></span> <span class='ocrx_word' id='word_1_307' title='bbox 767 2523 814 2573; x_wconf 75' lang='lat' dir='ltr'><strong>ot</strong></span> <span class='ocrx_word' id='word_1_308' title='bbox 855 2519 949 2573; x_wconf 79' lang='grc' dir='ltr'>ἀπ’</span> <span class='ocrx_word' id='word_1_309' title='bbox 976 2520 1168 2582; x_wconf 77' lang='grc' dir='ltr'>αἰῶνος</span> <span class='ocrx_word' id='word_1_310' title='bbox 1207 2519 1326 2572; x_wconf 70' lang='grc' dir='ltr'>λαοὶ</span> <span class='ocrx_word' id='word_1_311' title='bbox 1351 2521 1759 2590; x_wconf 62' lang='grc' dir='ltr'><strong>ὑποκύψαντες·</strong></span> <span class='ocrx_word' id='word_1_312' title='bbox 1805 2520 1946 2590; x_wconf 57' lang='grc' dir='ltr'>ἀμπ’</span> 
     </span>
    </p>
   </div>
   <div class='ocr_carea' id='block_1_44' title="bbox 372 2611 1942 2686">
    <p class='ocr_par' dir='ltr' id='par_1_44' title="bbox 372 2611 1942 2686">
     <span class='ocr_line' id='line_1_44' title="bbox 372 2611 1942 2686; baseline -0.001 -19"><span class='ocrx_word' id='word_1_313' title='bbox 372 2631 465 2686; x_wconf 72' lang='grc' dir='ltr'><strong>χον</strong></span> <span class='ocrx_word' id='word_1_314' title='bbox 502 2615 600 2684; x_wconf 77' lang='grc' dir='ltr'>τὴν</span> <span class='ocrx_word' id='word_1_315' title='bbox 633 2613 1000 2684; x_wconf 73' lang='grc' dir='ltr'>προσκύνησιν</span> <span class='ocrx_word' id='word_1_316' title='bbox 1041 2611 1453 2681; x_wconf 65' lang='grc' dir='ltr'>ἀναπέμψουσιν</span> <span class='ocrx_word' id='word_1_317' title='bbox 1481 2654 1493 2675; x_wconf 94' lang='grc'><strong>,</strong></span> <span class='ocrx_word' id='word_1_318' title='bbox 1534 2613 1626 2666; x_wconf 70' lang='grc' dir='ltr'><strong>καλ</strong></span> <span class='ocrx_word' id='word_1_319' title='bbox 1658 2613 1942 2684; x_wconf 67' lang='grc' dir='ltr'>θαυμαστή</span> 
     </span>
    </p>
   </div>
   <div class='ocr_carea' id='block_1_45' title="bbox 371 2705 1947 2775">
    <p class='ocr_par' dir='ltr' id='par_1_45' title="bbox 371 2705 1947 2775">
     <span class='ocr_line' id='line_1_45' title="bbox 371 2705 1947 2775; baseline -0.002 -16"><span class='ocrx_word' id='word_1_320' title='bbox 371 2725 456 2770; x_wconf 85' lang='grc' dir='ltr'><strong>τις</strong></span> <span class='ocrx_word' id='word_1_321' title='bbox 489 2707 640 2759; x_wconf 80' lang='grc' dir='ltr'>ἔσται</span> <span class='ocrx_word' id='word_1_322' title='bbox 679 2706 967 2775; x_wconf 70' lang='grc' dir='ltr'>συμφωνίαι</span> <span class='ocrx_word' id='word_1_323' title='bbox 1005 2705 1332 2774; x_wconf 80' lang='grc' dir='ltr'>δοξολογίας,</span> <span class='ocrx_word' id='word_1_324' title='bbox 1361 2705 1470 2756; x_wconf 79' lang='grc' dir='ltr'><strong>τῶν</strong></span> <span class='ocrx_word' id='word_1_325' title='bbox 1503 2707 1599 2774; x_wconf 75' lang='grc' dir='ltr'><strong>μὲν</strong></span> <span class='ocrx_word' id='word_1_326' title='bbox 1623 2707 1785 2758; x_wconf 85' lang='grc' dir='ltr'>ὁσίων</span> <span class='ocrx_word' id='word_1_327' title='bbox 1821 2724 1947 2758; x_wconf 81' lang='grc' dir='ltr'>συν-</span> 
     </span>
    </p>
   </div>
   <div class='ocr_carea' id='block_1_46' title="bbox 321 2789 1948 2872">
    <p class='ocr_par' dir='ltr' id='par_1_46' title="bbox 321 2789 1948 2872">
     <span class='ocr_line' id='line_1_46' title="bbox 321 2789 1948 2872; baseline -0.002 -20"><span class='ocrx_word' id='word_1_328' title='bbox 321 2865 328 2872; x_wconf 32' lang='lat' dir='ltr'><strong><em>l</em></strong></span> <span class='ocrx_word' id='word_1_329' title='bbox 375 2799 521 2869; x_wconf 81' lang='grc' dir='ltr'>ήθως</span> <span class='ocrx_word' id='word_1_330' title='bbox 572 2797 902 2867; x_wconf 72' lang='grc' dir='ltr'>ὑμνούντων,</span> <span class='ocrx_word' id='word_1_331' title='bbox 934 2797 1042 2849; x_wconf 78' lang='grc' dir='ltr'>τῶν</span> <span class='ocrx_word' id='word_1_332' title='bbox 1083 2789 1156 2849; x_wconf 54' lang='grc' dir='ltr'>δὲ’</span> <span class='ocrx_word' id='word_1_333' title='bbox 1185 2796 1418 2855; x_wconf 69' lang='grc' dir='ltr'>ἀσεϐῶν,</span> <span class='ocrx_word' id='word_1_334' title='bbox 1450 2796 1508 2862; x_wconf 77' lang='grc' dir='ltr'>ἐξ</span> <span class='ocrx_word' id='word_1_335' title='bbox 1545 2796 1788 2866; x_wconf 82' lang='grc' dir='ltr'>ἀνάγκης</span> <span class='ocrx_word' id='word_1_336' title='bbox 1838 2799 1948 2850; x_wconf 85' lang='grc' dir='ltr'>ἱκε-</span> 
     </span>
    </p>
   </div>
   <div class='ocr_carea' id='block_1_47' title="bbox 374 2884 1950 2958">
    <p class='ocr_par' dir='ltr' id='par_1_47' title="bbox 374 2884 1950 2958">
     <span class='ocr_line' id='line_1_47' title="bbox 374 2884 1950 2958; baseline -0.003 -17"><span class='ocrx_word' id='word_1_337' title='bbox 374 2891 657 2943; x_wconf 72' lang='grc' dir='ltr'>τευόντων.</span> <span class='ocrx_word' id='word_1_338' title='bbox 711 2890 819 2941; x_wconf 74' lang='grc' dir='ltr'>Καὶ</span> <span class='ocrx_word' id='word_1_339' title='bbox 853 2885 978 2940; x_wconf 75' lang='grc' dir='ltr'>’τότε</span> <span class='ocrx_word' id='word_1_340' title='bbox 1023 2886 1236 2958; x_wconf 82' lang='grc' dir='ltr'>ἀληθῶς</span> <span class='ocrx_word' id='word_1_341' title='bbox 1270 2887 1298 2938; x_wconf 81' lang='grc' dir='ltr'>ὁ</span> <span class='ocrx_word' id='word_1_342' title='bbox 1326 2886 1588 2948; x_wconf 80' lang='grc' dir='ltr'>ἐπινίκιος</span> <span class='ocrx_word' id='word_1_343' title='bbox 1622 2884 1786 2955; x_wconf 73' lang='grc' dir='ltr'>ὕμνος</span> <span class='ocrx_word' id='word_1_344' title='bbox 1822 2902 1950 2955; x_wconf 80' lang='grc' dir='ltr'>συμ-</span> 
     </span>
    </p>
   </div>
   <div class='ocr_carea' id='block_1_48' title="bbox 379 2974 1950 3050">
    <p class='ocr_par' dir='ltr' id='par_1_48' title="bbox 379 2974 1950 3050">
     <span class='ocr_line' id='line_1_48' title="bbox 379 2974 1950 3050; baseline -0.004 -17"><span class='ocrx_word' id='word_1_345' title='bbox 379 2980 568 3050; x_wconf 72' lang='grc' dir='ltr'>φώνως</span> <span class='ocrx_word' id='word_1_346' title='bbox 617 2979 768 3049; x_wconf 72' lang='grc' dir='ltr'>παρὰ</span> <span class='ocrx_word' id='word_1_347' title='bbox 815 2978 1032 3030; x_wconf 85' lang='grc' dir='ltr'>πάντων</span> <span class='ocrx_word' id='word_1_348' title='bbox 1080 2976 1416 3046; x_wconf 85' lang='grc' dir='ltr'>ᾁσθήσεται,</span> <span class='ocrx_word' id='word_1_349' title='bbox 1453 2975 1544 3027; x_wconf 73' lang='grc' dir='ltr'><strong>καὶ</strong></span> <span class='ocrx_word' id='word_1_350' title='bbox 1593 2974 1703 3027; x_wconf 81' lang='grc' dir='ltr'><strong>τῶν</strong></span> <span class='ocrx_word' id='word_1_351' title='bbox 1748 2993 1950 3045; x_wconf 82' lang='grc' dir='ltr'>κρατη-</span> 
     </span>
    </p>
   </div>
   <div class='ocr_carea' id='block_1_49' title="bbox 379 3066 1951 3137">
    <p class='ocr_par' dir='ltr' id='par_1_49' title="bbox 379 3066 1951 3137">
     <span class='ocr_line' id='line_1_49' title="bbox 379 3066 1951 3137; baseline 0.01 -11"><span class='ocrx_word' id='word_1_352' title='bbox 379 3075 578 3127; x_wconf 83' lang='grc' dir='ltr'>θέντων</span> <span class='ocrx_word' id='word_1_353' title='bbox 611 3073 705 3124; x_wconf 71' lang='grc' dir='ltr'><strong>καὶ</strong></span> <span class='ocrx_word' id='word_1_354' title='bbox 737 3071 846 3124; x_wconf 79' lang='grc' dir='ltr'><strong>τῶν</strong></span> <span class='ocrx_word' id='word_1_355' title='bbox 875 3069 1208 3137; x_wconf 77' lang='grc' dir='ltr'>νικησάντων</span> <span class='ocrx_word' id='word_1_356' title='bbox 1227 3087 1238 3098; x_wconf 83' lang='grc'><em>’</em></span> <span class='ocrx_word' id='word_1_357' title='bbox 1265 3069 1384 3119; x_wconf 80' lang='grc' dir='ltr'>τότε</span> <span class='ocrx_word' id='word_1_358' title='bbox 1413 3068 1508 3119; x_wconf 66' lang='grc' dir='ltr'><strong>κειὶ</strong></span> <span class='ocrx_word' id='word_1_359' title='bbox 1533 3068 1561 3119; x_wconf 74' lang='grc' dir='ltr'>ὁ</span> <span class='ocrx_word' id='word_1_360' title='bbox 1589 3067 1686 3136; x_wconf 72' lang='grc' dir='ltr'><strong>τῆς</strong></span> <span class='ocrx_word' id='word_1_361' title='bbox 1708 3066 1951 3136; x_wconf 62' lang='grc' dir='ltr'><strong>ταραχῆς</strong></span> 
     </span>
    </p>
   </div>
   <div class='ocr_carea' id='block_1_50' title="bbox 2045 1882 3615 1953">
    <p class='ocr_par' dir='ltr' id='par_1_50' title="bbox 2045 1882 3615 1953">
     <span class='ocr_line' id='line_1_50' title="bbox 2045 1882 3615 1953; baseline -0.007 -9"><span class='ocrx_word' id='word_1_362' title='bbox 2045 1890 2207 1944; x_wconf 87' lang='lat' dir='ltr'><strong>simul</strong></span> <span class='ocrx_word' id='word_1_363' title='bbox 2244 1903 2434 1943; x_wconf 86' lang='lat' dir='ltr'><strong>omnes</strong></span> <span class='ocrx_word' id='word_1_364' title='bbox 2471 1888 2639 1940; x_wconf 85' lang='lat' dir='ltr'><strong>allicit</strong></span> <span class='ocrx_word' id='word_1_365' title='bbox 2680 1896 2731 1940; x_wconf 83' lang='lat' dir='ltr'><strong>ct</strong></span> <span class='ocrx_word' id='word_1_366' title='bbox 2767 1887 2954 1939; x_wconf 85' lang='lat' dir='ltr'><strong>invitat</strong></span> <span class='ocrx_word' id='word_1_367' title='bbox 3008 1886 3112 1938; x_wconf 90' lang='lat' dir='ltr'><strong>hoc</strong></span> <span class='ocrx_word' id='word_1_368' title='bbox 3171 1883 3401 1953; x_wconf 86' lang='lat' dir='ltr'><strong>psalmo.</strong></span> <span class='ocrx_word' id='word_1_369' title='bbox 3437 1882 3615 1949; x_wconf 82' lang='lat' dir='ltr'><strong>Atque</strong></span> 
     </span>
    </p>
   </div>
   <div class='ocr_carea' id='block_1_51' title="bbox 2045 1972 3618 2048">
    <p class='ocr_par' dir='ltr' id='par_1_51' title="bbox 2045 1972 3618 2048">
     <span class='ocr_line' id='line_1_51' title="bbox 2045 1972 3618 2048; baseline -0.007 -14"><span class='ocrx_word' id='word_1_370' title='bbox 2045 1981 2182 2035; x_wconf 90' lang='lat' dir='ltr'><strong>alias</strong></span> <span class='ocrx_word' id='word_1_371' title='bbox 2215 1978 2434 2048; x_wconf 86' lang='lat' dir='ltr'><strong>quidem</strong></span> <span class='ocrx_word' id='word_1_372' title='bbox 2472 1978 2756 2046; x_wconf 87' lang='lat' dir='ltr'><strong>speciatim</strong></span> <span class='ocrx_word' id='word_1_373' title='bbox 2805 1975 3100 2030; x_wconf 86' lang='lat' dir='ltr'><strong>nonnullos</strong></span> <span class='ocrx_word' id='word_1_374' title='bbox 3130 1974 3384 2027; x_wconf 89' lang='lat' dir='ltr'><strong>homines</strong></span> <span class='ocrx_word' id='word_1_375' title='bbox 3429 1972 3618 2040; x_wconf 90' lang='lat' dir='ltr'><strong>appel-</strong></span> 
     </span>
    </p>
   </div>
   <div class='ocr_carea' id='block_1_52' title="bbox 2047 2062 3613 2136">
    <p class='ocr_par' dir='ltr' id='par_1_52' title="bbox 2047 2062 3613 2136">
     <span class='ocr_line' id='line_1_52' title="bbox 2047 2062 3613 2136; baseline -0.006 -13"><span class='ocrx_word' id='word_1_376' title='bbox 2047 2072 2158 2133; x_wconf 77' lang='lat' dir='ltr'><strong>lat,</strong></span> <span class='ocrx_word' id='word_1_377' title='bbox 2190 2077 2284 2123; x_wconf 89' lang='lat' dir='ltr'><strong>aut</strong></span> <span class='ocrx_word' id='word_1_378' title='bbox 2333 2077 2557 2123; x_wconf 78' lang='lat' dir='ltr'><strong>sanctos</strong></span> <span class='ocrx_word' id='word_1_379' title='bbox 2601 2083 2838 2128; x_wconf 78' lang='lat' dir='ltr'><strong>vocans,</strong></span> <span class='ocrx_word' id='word_1_380' title='bbox 2887 2074 2982 2118; x_wconf 87' lang='lat' dir='ltr'><strong>:tut</strong></span> <span class='ocrx_word' id='word_1_381' title='bbox 3015 2081 3214 2136; x_wconf 88' lang='lat' dir='ltr'><strong>pueros</strong></span> <span class='ocrx_word' id='word_1_382' title='bbox 3247 2063 3314 2117; x_wconf 92' lang='lat' dir='ltr'><strong>ad</strong></span> <span class='ocrx_word' id='word_1_383' title='bbox 3351 2062 3613 2132; x_wconf 85' lang='lat' dir='ltr'><strong>hymnum</strong></span> 
     </span>
    </p>
   </div>
   <div class='ocr_carea' id='block_1_53' title="bbox 2044 2153 3622 2228">
    <p class='ocr_par' dir='ltr' id='par_1_53' title="bbox 2044 2153 3622 2228">
     <span class='ocr_line' id='line_1_53' title="bbox 2044 2153 3622 2228; baseline -0.006 -14"><span class='ocrx_word' id='word_1_384' title='bbox 2044 2162 2291 2215; x_wconf 70' lang='lat' dir='ltr'><strong>excitans</strong></span> <span class='ocrx_word' id='word_1_385' title='bbox 2319 2177 2332 2212; x_wconf 85' lang='lat'><strong>:</strong></span> <span class='ocrx_word' id='word_1_386' title='bbox 2366 2161 2420 2212; x_wconf 88' lang='lat' dir='ltr'><strong>itt</strong></span> <span class='ocrx_word' id='word_1_387' title='bbox 2455 2161 2707 2228; x_wconf 70' lang='lat' dir='ltr'><strong>prmsenti</strong></span> <span class='ocrx_word' id='word_1_388' title='bbox 2742 2174 2869 2212; x_wconf 86' lang='lat' dir='ltr'><strong>vero</strong></span> <span class='ocrx_word' id='word_1_389' title='bbox 2901 2169 3088 2225; x_wconf 78' lang='lat' dir='ltr'><strong>gentes</strong></span> <span class='ocrx_word' id='word_1_390' title='bbox 3122 2171 3184 2209; x_wconf 90' lang='lat' dir='ltr'><strong>ae.</strong></span> <span class='ocrx_word' id='word_1_391' title='bbox 3217 2155 3449 2225; x_wconf 88' lang='lat' dir='ltr'><strong>populos</strong></span> <span class='ocrx_word' id='word_1_392' title='bbox 3481 2153 3622 2222; x_wconf 84' lang='lat' dir='ltr'><strong>psal-</strong></span> 
     </span>
    </p>
   </div>
   <div class='ocr_carea' id='block_1_54' title="bbox 2051 2247 3618 2322">
    <p class='ocr_par' dir='ltr' id='par_1_54' title="bbox 2051 2247 3618 2322">
     <span class='ocr_line' id='line_1_54' title="bbox 2051 2247 3618 2322; baseline -0.008 -13"><span class='ocrx_word' id='word_1_393' title='bbox 2051 2255 2189 2309; x_wconf 88' lang='lat' dir='ltr'><strong>terio</strong></span> <span class='ocrx_word' id='word_1_394' title='bbox 2220 2254 2365 2322; x_wconf 88' lang='lat' dir='ltr'><strong>cogit</strong></span> <span class='ocrx_word' id='word_1_395' title='bbox 2396 2253 2448 2305; x_wconf 88' lang='lat' dir='ltr'><strong>itt</strong></span> <span class='ocrx_word' id='word_1_396' title='bbox 2479 2268 2670 2306; x_wconf 87' lang='lat' dir='ltr'><strong>unum.</strong></span> <span class='ocrx_word' id='word_1_397' title='bbox 2697 2251 2838 2305; x_wconf 84' lang='lat' dir='ltr'><strong>Cum</strong></span> <span class='ocrx_word' id='word_1_398' title='bbox 2866 2251 3009 2304; x_wconf 90' lang='lat' dir='ltr'><strong>enint</strong></span> <span class='ocrx_word' id='word_1_399' title='bbox 3029 2289 3042 2313; x_wconf 90' lang='lat'><strong>,</strong></span> <span class='ocrx_word' id='word_1_400' title='bbox 3073 2257 3129 2303; x_wconf 93' lang='lat' dir='ltr'><strong>ut</strong></span> <span class='ocrx_word' id='word_1_401' title='bbox 3154 2248 3448 2317; x_wconf 80' lang='lat' dir='ltr'><strong>Apostolus</strong></span> <span class='ocrx_word' id='word_1_402' title='bbox 3475 2247 3550 2298; x_wconf 71' lang='lat' dir='ltr'><strong>ait</strong></span> <span class='ocrx_word' id='word_1_403' title='bbox 3574 2248 3618 2306; x_wconf 80' lang='grc'><strong>²,</strong></span> 
     </span>
    </p>
   </div>
   <div class='ocr_carea' id='block_1_55' title="bbox 2051 2336 3624 2414">
    <p class='ocr_par' dir='ltr' id='par_1_55' title="bbox 2051 2336 3624 2414">
     <span class='ocr_line' id='line_1_55' title="bbox 2051 2336 3624 2414; baseline -0.004 -17"><span class='ocrx_word' id='word_1_404' title='bbox 2051 2344 2224 2414; x_wconf 83' lang='lat' dir='ltr'><strong>ﬁgura</strong></span> <span class='ocrx_word' id='word_1_405' title='bbox 2275 2342 2439 2412; x_wconf 82' lang='lat' dir='ltr'><strong>hujus</strong></span> <span class='ocrx_word' id='word_1_406' title='bbox 2482 2341 2668 2395; x_wconf 79' lang='lat' dir='ltr'><strong>mundi</strong></span> <span class='ocrx_word' id='word_1_407' title='bbox 2717 2341 3029 2406; x_wconf 86' lang='lat' dir='ltr'><strong>transierit,</strong></span> <span class='ocrx_word' id='word_1_408' title='bbox 3080 2355 3175 2394; x_wconf 80' lang='lat' dir='ltr'><strong>rex</strong></span> <span class='ocrx_word' id='word_1_409' title='bbox 3219 2354 3348 2392; x_wconf 68' lang='lat' dir='ltr'><strong>vero</strong></span> <span class='ocrx_word' id='word_1_410' title='bbox 3383 2351 3446 2391; x_wconf 89' lang='lat' dir='ltr'><strong>ac</strong></span> <span class='ocrx_word' id='word_1_411' title='bbox 3481 2336 3624 2391; x_wconf 83' lang='lat' dir='ltr'><strong>Dens</strong></span> 
     </span>
    </p>
   </div>
   <div class='ocr_carea' id='block_1_56' title="bbox 2045 2427 3622 2499">
    <p class='ocr_par' dir='ltr' id='par_1_56' title="bbox 2045 2427 3622 2499">
     <span class='ocr_line' id='line_1_56' title="bbox 2045 2427 3622 2499; baseline -0.006 -11"><span class='ocrx_word' id='word_1_412' title='bbox 2045 2435 2334 2496; x_wconf 78' lang='lat' dir='ltr'><strong>Christus,</strong></span> <span class='ocrx_word' id='word_1_413' title='bbox 2375 2433 2521 2487; x_wconf 89' lang='lat' dir='ltr'><strong>omni</strong></span> <span class='ocrx_word' id='word_1_414' title='bbox 2565 2433 2746 2486; x_wconf 86' lang='lat' dir='ltr'><strong>anima</strong></span> <span class='ocrx_word' id='word_1_415' title='bbox 2786 2431 3066 2486; x_wconf 90' lang='lat' dir='ltr'><strong>incredula</strong></span> <span class='ocrx_word' id='word_1_416' title='bbox 3103 2429 3170 2483; x_wconf 88' lang='lat' dir='ltr'><strong>ad</strong></span> <span class='ocrx_word' id='word_1_417' title='bbox 3209 2430 3424 2499; x_wconf 83' lang='lat' dir='ltr'><strong>plenam</strong></span> <span class='ocrx_word' id='word_1_418' title='bbox 3463 2427 3622 2481; x_wconf 74' lang='lat' dir='ltr'><strong>ﬁdem</strong></span> 
     </span>
    </p>
   </div>
   <div class='ocr_carea' id='block_1_57' title="bbox 2049 2520 3623 2596">
    <p class='ocr_par' dir='ltr' id='par_1_57' title="bbox 2049 2520 3623 2596">
     <span class='ocr_line' id='line_1_57' title="bbox 2049 2520 3623 2596; baseline -0.004 -16"><span class='ocrx_word' id='word_1_419' title='bbox 2049 2543 2111 2581; x_wconf 92' lang='lat' dir='ltr'><strong>ac</strong></span> <span class='ocrx_word' id='word_1_420' title='bbox 2140 2535 2349 2580; x_wconf 85' lang='lat' dir='ltr'><strong>certam</strong></span> <span class='ocrx_word' id='word_1_421' title='bbox 2386 2526 2753 2596; x_wconf 86' lang='lat' dir='ltr'><strong>cognitionem</strong></span> <span class='ocrx_word' id='word_1_422' title='bbox 2792 2525 3076 2589; x_wconf 88' lang='lat' dir='ltr'><strong>traducta,</strong></span> <span class='ocrx_word' id='word_1_423' title='bbox 3115 2523 3411 2594; x_wconf 80' lang='lat' dir='ltr'><strong>linguaque</strong></span> <span class='ocrx_word' id='word_1_424' title='bbox 3452 2520 3623 2573; x_wconf 85' lang='lat' dir='ltr'><strong>ntale—</strong></span> 
     </span>
    </p>
   </div>
   <div class='ocr_carea' id='block_1_58' title="bbox 2049 2613 3625 2688">
    <p class='ocr_par' dir='ltr' id='par_1_58' title="bbox 2049 2613 3625 2688">
     <span class='ocr_line' id='line_1_58' title="bbox 2049 2613 3625 2688; baseline -0.006 -15"><span class='ocrx_word' id='word_1_425' title='bbox 2049 2621 2170 2674; x_wconf 80' lang='lat' dir='ltr'><strong>tlica</strong></span> <span class='ocrx_word' id='word_1_426' title='bbox 2207 2620 2446 2673; x_wconf 76' lang='lat' dir='ltr'><strong>cohibita</strong></span> <span class='ocrx_word' id='word_1_427' title='bbox 2484 2627 2648 2688; x_wconf 87' lang='lat' dir='ltr'><strong>atque</strong></span> <span class='ocrx_word' id='word_1_428' title='bbox 2686 2617 2932 2682; x_wconf 84' lang='lat' dir='ltr'><strong>frenata,</strong></span> <span class='ocrx_word' id='word_1_429' title='bbox 2975 2615 3232 2669; x_wconf 88' lang='lat' dir='ltr'><strong>omnibus</strong></span> <span class='ocrx_word' id='word_1_430' title='bbox 3272 2613 3625 2684; x_wconf 87' lang='lat' dir='ltr'><strong>apparuerit;</strong></span> 
     </span>
    </p>
   </div>
   <div class='ocr_carea' id='block_1_59' title="bbox 2050 2703 3630 2767">
    <p class='ocr_par' dir='ltr' id='par_1_59' title="bbox 2050 2703 3630 2767">
     <span class='ocr_line' id='line_1_59' title="bbox 2050 2703 3630 2767; baseline -0.006 -2"><span class='ocrx_word' id='word_1_431' title='bbox 2050 2712 2351 2766; x_wconf 88' lang='lat' dir='ltr'><strong>inltibuerit</strong></span> <span class='ocrx_word' id='word_1_432' title='bbox 2406 2711 2534 2764; x_wconf 83' lang='lat' dir='ltr'><strong>item</strong></span> <span class='ocrx_word' id='word_1_433' title='bbox 2591 2708 2907 2763; x_wconf 66' lang='lat' dir='ltr'><strong>Grateot-ttzn</strong></span> <span class='ocrx_word' id='word_1_434' title='bbox 2945 2705 3238 2759; x_wconf 84' lang='lat' dir='ltr'><strong>vanitatem</strong></span> <span class='ocrx_word' id='word_1_435' title='bbox 3265 2744 3278 2767; x_wconf 95' lang='lat'><strong>,</strong></span> <span class='ocrx_word' id='word_1_436' title='bbox 3320 2712 3374 2758; x_wconf 90' lang='lat' dir='ltr'><strong>et</strong></span> <span class='ocrx_word' id='word_1_437' title='bbox 3411 2703 3630 2757; x_wconf 86' lang='lat' dir='ltr'><strong>Jud:eo-</strong></span> 
     </span>
    </p>
   </div>
   <div class='ocr_carea' id='block_1_60' title="bbox 2055 2797 3630 2865">
    <p class='ocr_par' dir='ltr' id='par_1_60' title="bbox 2055 2797 3630 2865">
     <span class='ocr_line' id='line_1_60' title="bbox 2055 2797 3630 2865; baseline -0.004 -10"><span class='ocrx_word' id='word_1_438' title='bbox 2055 2821 2171 2856; x_wconf 67' lang='lat' dir='ltr'><strong>ruunt</strong></span> <span class='ocrx_word' id='word_1_439' title='bbox 2205 2817 2479 2865; x_wconf 84' lang='lat' dir='ltr'><strong>errorem,</strong></span> <span class='ocrx_word' id='word_1_440' title='bbox 2513 2811 2565 2854; x_wconf 88' lang='lat' dir='ltr'><strong>et</strong></span> <span class='ocrx_word' id='word_1_441' title='bbox 2596 2801 2872 2853; x_wconf 74' lang='lat' dir='ltr'><strong>hau-escort</strong></span> <span class='ocrx_word' id='word_1_442' title='bbox 2907 2797 3232 2851; x_wconf 83' lang='lat' dir='ltr'><strong>indomitum</strong></span> <span class='ocrx_word' id='word_1_443' title='bbox 3260 2798 3458 2864; x_wconf 72' lang='lat' dir='ltr'><strong>lingua:</strong></span> <span class='ocrx_word' id='word_1_444' title='bbox 3489 2811 3630 2848; x_wconf 88' lang='lat' dir='ltr'><strong>tuor-</strong></span> 
     </span>
    </p>
   </div>
   <div class='ocr_carea' id='block_1_61' title="bbox 2052 2889 3630 2960">
    <p class='ocr_par' dir='ltr' id='par_1_61' title="bbox 2052 2889 3630 2960">
     <span class='ocr_line' id='line_1_61' title="bbox 2052 2889 3630 2960; baseline -0.006 -10"><span class='ocrx_word' id='word_1_445' title='bbox 2052 2899 2202 2951; x_wconf 84' lang='lat' dir='ltr'><strong>bum.</strong></span> <span class='ocrx_word' id='word_1_446' title='bbox 2237 2895 2391 2949; x_wconf 88' lang='lat' dir='ltr'><strong>Tunc</strong></span> <span class='ocrx_word' id='word_1_447' title='bbox 2425 2895 2724 2958; x_wconf 86' lang='lat' dir='ltr'><strong>nimirum,</strong></span> <span class='ocrx_word' id='word_1_448' title='bbox 2757 2901 2887 2946; x_wconf 90' lang='lat' dir='ltr'><strong>tunc</strong></span> <span class='ocrx_word' id='word_1_449' title='bbox 2919 2906 3111 2944; x_wconf 86' lang='lat' dir='ltr'><strong>omnes</strong></span> <span class='ocrx_word' id='word_1_450' title='bbox 3146 2897 3331 2960; x_wconf 83' lang='lat' dir='ltr'><strong>gentes</strong></span> <span class='ocrx_word' id='word_1_451' title='bbox 3352 2928 3365 2949; x_wconf 86' lang='lat'><strong>,</strong></span> <span class='ocrx_word' id='word_1_452' title='bbox 3399 2899 3449 2943; x_wconf 92' lang='lat' dir='ltr'><strong>ct</strong></span> <span class='ocrx_word' id='word_1_453' title='bbox 3481 2889 3572 2958; x_wconf 90' lang='lat' dir='ltr'><strong>qui</strong></span> <span class='ocrx_word' id='word_1_454' title='bbox 3605 2904 3630 2941; x_wconf 88' lang='lat' dir='ltr'><strong>:t</strong></span> 
     </span>
    </p>
   </div>
   <div class='ocr_carea' id='block_1_62' title="bbox 2053 2983 3630 3056">
    <p class='ocr_par' dir='ltr' id='par_1_62' title="bbox 2053 2983 3630 3056">
     <span class='ocr_line' id='line_1_62' title="bbox 2053 2983 3630 3056; baseline -0.006 -15"><span class='ocrx_word' id='word_1_455' title='bbox 2053 2988 2253 3041; x_wconf 77' lang='lat' dir='ltr'><strong>szcculo</strong></span> <span class='ocrx_word' id='word_1_456' title='bbox 2304 3002 2478 3056; x_wconf 85' lang='lat' dir='ltr'><strong>usque</strong></span> <span class='ocrx_word' id='word_1_457' title='bbox 2529 2994 2659 3039; x_wconf 83' lang='lat' dir='ltr'><strong>sunt</strong></span> <span class='ocrx_word' id='word_1_458' title='bbox 2706 2985 2890 3055; x_wconf 72' lang='lat' dir='ltr'><strong>populi</strong></span> <span class='ocrx_word' id='word_1_459' title='bbox 2944 2983 3369 3052; x_wconf 53' lang='lat' dir='ltr'><strong>procumbentes</strong></span> <span class='ocrx_word' id='word_1_460' title='bbox 3403 2996 3630 3035; x_wconf 78' lang='lat' dir='ltr'><strong>consen-</strong></span> 
     </span>
    </p>
   </div>
   <div class='ocr_carea' id='block_1_63' title="bbox 2055 3073 3633 3143">
    <p class='ocr_par' dir='ltr' id='par_1_63' title="bbox 2055 3073 3633 3143">
     <span class='ocr_line' id='line_1_63' title="bbox 2055 3073 3633 3143; baseline -0.004 -11"><span class='ocrx_word' id='word_1_461' title='bbox 2055 3080 2275 3132; x_wconf 88' lang='lat' dir='ltr'><strong>tientem</strong></span> <span class='ocrx_word' id='word_1_462' title='bbox 2313 3086 2364 3130; x_wconf 88' lang='lat' dir='ltr'><strong>et</strong></span> <span class='ocrx_word' id='word_1_463' title='bbox 2399 3077 2724 3131; x_wconf 86' lang='lat' dir='ltr'><strong>concordem</strong></span> <span class='ocrx_word' id='word_1_464' title='bbox 2761 3075 3137 3129; x_wconf 82' lang='lat' dir='ltr'><strong>adorationent</strong></span> <span class='ocrx_word' id='word_1_465' title='bbox 3174 3073 3512 3143; x_wconf 70' lang='lat' dir='ltr'><strong>pnestabunt</strong></span> <span class='ocrx_word' id='word_1_466' title='bbox 3538 3113 3549 3133; x_wconf 88' lang='lat'><strong>,</strong></span> <span class='ocrx_word' id='word_1_467' title='bbox 3578 3082 3633 3126; x_wconf 88' lang='lat' dir='ltr'><strong>et</strong></span> 
     </span>
    </p>
   </div>
   <div class='ocr_carea' id='block_1_64' title="bbox 381 3157 1945 3238">
    <p class='ocr_par' dir='ltr' id='par_1_64' title="bbox 381 3157 1945 3230">
     <span class='ocr_line' id='line_1_64' title="bbox 381 3157 1945 3230; baseline -0.006 -13"><span class='ocrx_word' id='word_1_468' title='bbox 381 3164 630 3225; x_wconf 77' lang='grc' dir='ltr'>ὑπαίτιος</span> <span class='ocrx_word' id='word_1_469' title='bbox 657 3165 684 3214; x_wconf 86' lang='grc' dir='ltr'>ὀ</span> <span class='ocrx_word' id='word_1_470' title='bbox 713 3160 810 3230; x_wconf 79' lang='grc' dir='ltr'><strong>τὴν</strong></span> <span class='ocrx_word' id='word_1_471' title='bbox 849 3160 948 3212; x_wconf 78' lang='grc' dir='ltr'>τοῦ</span> <span class='ocrx_word' id='word_1_472' title='bbox 976 3159 1248 3215; x_wconf 78' lang='grc' dir='ltr'>Δεσπότου</span> <span class='ocrx_word' id='word_1_473' title='bbox 1284 3157 1607 3225; x_wconf 77' lang='grc' dir='ltr'>φαντασθεὶς</span> <span class='ocrx_word' id='word_1_474' title='bbox 1639 3157 1817 3222; x_wconf 79' lang='grc' dir='ltr'>ἀξίαν,</span> <span class='ocrx_word' id='word_1_475' title='bbox 1850 3174 1945 3225; x_wconf 89' lang='grc' dir='ltr'>μα-</span> 
     </span>
    </p>
   </div>
   <div class='ocr_carea' id='block_1_65' title="bbox 2049 3157 3634 3238">
    <p class='ocr_par' dir='ltr' id='par_1_65' title="bbox 2055 3165 3634 3238">
     <span class='ocr_line' id='line_1_65' title="bbox 2055 3165 3634 3238; baseline -0.002 -18"><span class='ocrx_word' id='word_1_476' title='bbox 2055 3167 2394 3222; x_wconf 88' lang='lat' dir='ltr'><strong>admirabilis</strong></span> <span class='ocrx_word' id='word_1_477' title='bbox 2423 3168 2644 3238; x_wconf 85' lang='lat' dir='ltr'><strong>quidam</strong></span> <span class='ocrx_word' id='word_1_478' title='bbox 2675 3176 2981 3221; x_wconf 86' lang='lat' dir='ltr'><strong>concentus</strong></span> <span class='ocrx_word' id='word_1_479' title='bbox 3014 3174 3066 3220; x_wconf 91' lang='lat' dir='ltr'><strong>ct</strong></span> <span class='ocrx_word' id='word_1_480' title='bbox 3094 3181 3400 3220; x_wconf 81' lang='lat' dir='ltr'><strong>consensus</strong></span> <span class='ocrx_word' id='word_1_481' title='bbox 3429 3165 3634 3234; x_wconf 82' lang='lat' dir='ltr'><strong>gloriﬁ-</strong></span> 
     </span>
    </p>
   </div>
   <div class='ocr_carea' id='block_1_66' title="bbox 383 3247 1948 3322">
    <p class='ocr_par' dir='ltr' id='par_1_66' title="bbox 383 3247 1948 3322">
     <span class='ocr_line' id='line_1_66' title="bbox 383 3247 1948 3322; baseline -0.006 -13"><span class='ocrx_word' id='word_1_482' title='bbox 383 3256 595 3322; x_wconf 80' lang='grc' dir='ltr'>στιγίας</span> <span class='ocrx_word' id='word_1_483' title='bbox 623 3253 841 3322; x_wconf 81' lang='grc' dir='ltr'>οἰκέτης</span> <span class='ocrx_word' id='word_1_484' title='bbox 874 3251 1166 3321; x_wconf 58' lang='grc' dir='ltr'>ὀφθήσεται</span> <span class='ocrx_word' id='word_1_485' title='bbox 1199 3251 1353 3310; x_wconf 80' lang='grc' dir='ltr'>πᾶσι,</span> <span class='ocrx_word' id='word_1_486' title='bbox 1387 3249 1516 3318; x_wconf 81' lang='grc' dir='ltr'>παρ’</span> <span class='ocrx_word' id='word_1_487' title='bbox 1547 3247 1793 3316; x_wconf 84' lang='grc' dir='ltr'>ἀγγέλων</span> <span class='ocrx_word' id='word_1_488' title='bbox 1813 3249 1948 3317; x_wconf 72' lang='grc' dir='ltr'>πρὸς</span> 
     </span>
    </p>
   </div>
   <div class='ocr_carea' id='block_1_67' title="bbox 381 3338 1949 3413">
    <p class='ocr_par' dir='ltr' id='par_1_67' title="bbox 381 3338 1949 3413">
     <span class='ocr_line' id='line_1_67' title="bbox 381 3338 1949 3413; baseline -0.004 -16"><span class='ocrx_word' id='word_1_489' title='bbox 381 3343 480 3412; x_wconf 77' lang='grc' dir='ltr'><strong>τὴν</strong></span> <span class='ocrx_word' id='word_1_490' title='bbox 507 3342 775 3413; x_wconf 82' lang='grc' dir='ltr'>τιμωρίαν</span> <span class='ocrx_word' id='word_1_491' title='bbox 807 3341 1126 3410; x_wconf 68' lang='grc' dir='ltr'>συρόμενος,</span> <span class='ocrx_word' id='word_1_492' title='bbox 1157 3339 1249 3390; x_wconf 84' lang='grc' dir='ltr'><strong>καὶ</strong></span> <span class='ocrx_word' id='word_1_493' title='bbox 1294 3338 1495 3401; x_wconf 87' lang='grc' dir='ltr'>πάντες</span> <span class='ocrx_word' id='word_1_494' title='bbox 1535 3341 1584 3390; x_wconf 80' lang='grc' dir='ltr'>οἱ</span> <span class='ocrx_word' id='word_1_495' title='bbox 1611 3338 1708 3408; x_wconf 82' lang='grc' dir='ltr'>τῆς</span> <span class='ocrx_word' id='word_1_496' title='bbox 1741 3339 1949 3391; x_wconf 82' lang='grc' dir='ltr'>ἐκείνου</span> 
     </span>
    </p>
   </div>
   <div class='ocr_carea' id='block_1_68' title="bbox 384 3429 1952 3511">
    <p class='ocr_par' dir='ltr' id='par_1_68' title="bbox 384 3429 1952 3511">
     <span class='ocr_line' id='line_1_68' title="bbox 384 3429 1952 3511; baseline -0.004 -24"><span class='ocrx_word' id='word_1_497' title='bbox 384 3434 579 3496; x_wconf 83' lang='grc' dir='ltr'>κακίας</span> <span class='ocrx_word' id='word_1_498' title='bbox 608 3433 875 3501; x_wconf 77' lang='grc' dir='ltr'>ὑπηρέται</span> <span class='ocrx_word' id='word_1_499' title='bbox 910 3431 1002 3484; x_wconf 68' lang='grc' dir='ltr'><strong>καὶ</strong></span> <span class='ocrx_word' id='word_1_500' title='bbox 1033 3430 1305 3500; x_wconf 76' lang='grc' dir='ltr'>συνεργοὶ,</span> <span class='ocrx_word' id='word_1_501' title='bbox 1343 3431 1461 3493; x_wconf 85' lang='grc' dir='ltr'>ταῖς</span> <span class='ocrx_word' id='word_1_502' title='bbox 1494 3429 1836 3511; x_wconf 63' lang='grc' dir='ltr'><strong>πρεπούσαις⁵</strong></span> <span class='ocrx_word' id='word_1_503' title='bbox 1864 3447 1952 3481; x_wconf 88' lang='grc' dir='ltr'>κο-</span> 
     </span>
    </p>
   </div>
   <div class='ocr_carea' id='block_1_69' title="bbox 384 3517 1953 3594">
    <p class='ocr_par' dir='ltr' id='par_1_69' title="bbox 384 3517 1953 3594">
     <span class='ocr_line' id='line_1_69' title="bbox 384 3517 1953 3594; baseline -0.004 -14"><span class='ocrx_word' id='word_1_504' title='bbox 384 3529 571 3581; x_wconf 79' lang='grc' dir='ltr'>λάσεσι</span> <span class='ocrx_word' id='word_1_505' title='bbox 601 3527 696 3579; x_wconf 71' lang='grc' dir='ltr'>καὶ</span> <span class='ocrx_word' id='word_1_506' title='bbox 714 3527 891 3588; x_wconf 78' lang='grc' dir='ltr'>δίκαις</span> <span class='ocrx_word' id='word_1_507' title='bbox 924 3523 1393 3594; x_wconf 79' lang='grc' dir='ltr'>ὑποδληθήσονται</span> <span class='ocrx_word' id='word_1_508' title='bbox 1414 3538 1426 3551; x_wconf 93' lang='grc'>·</span> <span class='ocrx_word' id='word_1_509' title='bbox 1456 3517 1536 3584; x_wconf 82' lang='grc' dir='ltr'><strong>είς</strong></span> <span class='ocrx_word' id='word_1_510' title='bbox 1564 3521 1622 3574; x_wconf 82' lang='grc' dir='ltr'><strong>δὲ</strong></span> <span class='ocrx_word' id='word_1_511' title='bbox 1655 3522 1953 3590; x_wconf 78' lang='grc' dir='ltr'>φανήσεται</span> 
     </span>
    </p>
   </div>
   <div class='ocr_carea' id='block_1_70' title="bbox 386 3611 1955 3686">
    <p class='ocr_par' dir='ltr' id='par_1_70' title="bbox 386 3611 1955 3686">
     <span class='ocr_line' id='line_1_70' title="bbox 386 3611 1955 3686; baseline -0.006 -16"><span class='ocrx_word' id='word_1_512' title='bbox 386 3617 640 3686; x_wconf 72' lang='grc' dir='ltr'>βασιλεὺς</span> <span class='ocrx_word' id='word_1_513' title='bbox 665 3615 758 3668; x_wconf 71' lang='grc' dir='ltr'><strong>καὶ</strong></span> <span class='ocrx_word' id='word_1_514' title='bbox 798 3613 1008 3684; x_wconf 78' lang='grc' dir='ltr'>κριτὴς,</span> <span class='ocrx_word' id='word_1_515' title='bbox 1043 3613 1223 3675; x_wconf 83' lang='grc' dir='ltr'>κοινὸς</span> <span class='ocrx_word' id='word_1_516' title='bbox 1252 3611 1531 3681; x_wconf 81' lang='grc' dir='ltr'>Δεσπότης</span> <span class='ocrx_word' id='word_1_517' title='bbox 1566 3611 1718 3682; x_wconf 85' lang='grc' dir='ltr'><strong>παρά</strong></span> <span class='ocrx_word' id='word_1_518' title='bbox 1742 3611 1955 3663; x_wconf 85' lang='grc' dir='ltr'>πάντων</span> 
     </span>
    </p>
   </div>
   <div class='ocr_carea' id='block_1_71' title="bbox 384 3701 1933 3776">
    <p class='ocr_par' dir='ltr' id='par_1_71' title="bbox 384 3701 1933 3776">
     <span class='ocr_line' id='line_1_71' title="bbox 384 3701 1933 3776; baseline -0.005 -16"><span class='ocrx_word' id='word_1_519' title='bbox 384 3706 838 3776; x_wconf 72' lang='grc' dir='ltr'>ὁμολογούμενοςο</span> <span class='ocrx_word' id='word_1_520' title='bbox 873 3704 1071 3774; x_wconf 75' lang='grc' dir='ltr'>ήσυχία</span> <span class='ocrx_word' id='word_1_521' title='bbox 1105 3703 1163 3755; x_wconf 85' lang='grc' dir='ltr'>δὲ</span> <span class='ocrx_word' id='word_1_522' title='bbox 1193 3703 1342 3755; x_wconf 77' lang='grc' dir='ltr'>ἔσται</span> <span class='ocrx_word' id='word_1_523' title='bbox 1377 3702 1784 3771; x_wconf 86' lang='grc' dir='ltr'>κατεσταλμένη</span> <span class='ocrx_word' id='word_1_524' title='bbox 1806 3741 1820 3765; x_wconf 89' lang='grc'><strong>,</strong></span> <span class='ocrx_word' id='word_1_525' title='bbox 1852 3701 1933 3752; x_wconf 83' lang='grc' dir='ltr'>ὧσ</span> 
     </span>
    </p>
   </div>
   <div class='ocr_carea' id='block_1_72' title="bbox 384 3791 1958 3869">
    <p class='ocr_par' dir='ltr' id='par_1_72' title="bbox 384 3791 1958 3869">
     <span class='ocr_line' id='line_1_72' title="bbox 384 3791 1958 3869; baseline -0.004 -19"><span class='ocrx_word' id='word_1_526' title='bbox 384 3815 491 3869; x_wconf 67' lang='grc' dir='ltr'><strong>περ</strong></span> <span class='ocrx_word' id='word_1_527' title='bbox 519 3798 646 3850; x_wconf 83' lang='grc' dir='ltr'>ὅταν</span> <span class='ocrx_word' id='word_1_528' title='bbox 679 3797 940 3867; x_wconf 70' lang='grc' dir='ltr'>ἄρχοντος</span> <span class='ocrx_word' id='word_1_529' title='bbox 973 3795 1065 3846; x_wconf 76' lang='grc' dir='ltr'>ἐπὶ</span> <span class='ocrx_word' id='word_1_530' title='bbox 1116 3793 1360 3864; x_wconf 78' lang='grc' dir='ltr'>βήματος</span> <span class='ocrx_word' id='word_1_531' title='bbox 1405 3793 1721 3863; x_wconf 82' lang='grc' dir='ltr'>καθημένου</span> <span class='ocrx_word' id='word_1_532' title='bbox 1750 3835 1762 3855; x_wconf 94' lang='grc'><strong>,</strong></span> <span class='ocrx_word' id='word_1_533' title='bbox 1798 3794 1825 3844; x_wconf 75' lang='grc' dir='ltr'>ὁ</span> <span class='ocrx_word' id='word_1_534' title='bbox 1862 3791 1958 3858; x_wconf 85' lang='grc' dir='ltr'><strong>μὲν</strong></span> 
     </span>
    </p>
   </div>
   <div class='ocr_carea' id='block_1_73' title="bbox 385 3883 1959 3961">
    <p class='ocr_par' dir='ltr' id='par_1_73' title="bbox 385 3883 1959 3961">
     <span class='ocr_line' id='line_1_73' title="bbox 385 3883 1959 3961; baseline -0.004 -19"><span class='ocrx_word' id='word_1_535' title='bbox 385 3889 560 3961; x_wconf 67' lang='grc' dir='ltr'>κῆρυξ</span> <span class='ocrx_word' id='word_1_536' title='bbox 591 3886 942 3959; x_wconf 82' lang='grc' dir='ltr'>ὑποσημαίνῃ</span> <span class='ocrx_word' id='word_1_537' title='bbox 977 3885 1075 3956; x_wconf 80' lang='grc' dir='ltr'><strong>τὴν</strong></span> <span class='ocrx_word' id='word_1_538' title='bbox 1123 3885 1356 3956; x_wconf 81' lang='grc' dir='ltr'>σιωπὴν,</span> <span class='ocrx_word' id='word_1_539' title='bbox 1394 3886 1442 3938; x_wconf 75' lang='grc' dir='ltr'>οἱ</span> <span class='ocrx_word' id='word_1_540' title='bbox 1471 3884 1592 3938; x_wconf 75' lang='grc' dir='ltr'>λαοὶ</span> <span class='ocrx_word' id='word_1_541' title='bbox 1623 3884 1678 3936; x_wconf 82' lang='grc' dir='ltr'>δὲ</span> <span class='ocrx_word' id='word_1_542' title='bbox 1717 3885 1810 3936; x_wconf 74' lang='grc' dir='ltr'><strong>καὶ</strong></span> <span class='ocrx_word' id='word_1_543' title='bbox 1838 3883 1959 3952; x_wconf 68' lang='grc' dir='ltr'>ὄψιν</span> 
     </span>
    </p>
   </div>
   <div class='ocr_carea' id='block_1_74' title="bbox 388 3975 1959 4051">
    <p class='ocr_par' dir='ltr' id='par_1_74' title="bbox 388 3975 1959 4051">
     <span class='ocr_line' id='line_1_74' title="bbox 388 3975 1959 4051; baseline -0.003 -18"><span class='ocrx_word' id='word_1_544' title='bbox 388 3982 482 4033; x_wconf 78' lang='grc' dir='ltr'>καὶ</span> <span class='ocrx_word' id='word_1_545' title='bbox 505 3980 673 4051; x_wconf 79' lang='grc' dir='ltr'>ἀκοήν</span> <span class='ocrx_word' id='word_1_546' title='bbox 701 3975 1198 4047; x_wconf 82' lang='grc' dir='ltr'>συντείναντες,τὴν</span> <span class='ocrx_word' id='word_1_547' title='bbox 1221 3977 1320 4046; x_wconf 84' lang='grc' dir='ltr'>τῆς</span> <span class='ocrx_word' id='word_1_548' title='bbox 1340 3976 1677 4048; x_wconf 83' lang='grc' dir='ltr'>δημηγορίας</span> <span class='ocrx_word' id='word_1_549' title='bbox 1700 3975 1959 4047; x_wconf 70' lang='grc' dir='ltr'>ἀκρόασιν</span> 
     </span>
    </p>
   </div>
   <div class='ocr_carea' id='block_1_75' title="bbox 388 4067 1961 4142">
    <p class='ocr_par' dir='ltr' id='par_1_75' title="bbox 388 4067 1961 4142">
     <span class='ocr_line' id='line_1_75' title="bbox 388 4067 1961 4142; baseline -0.003 -17"><span class='ocrx_word' id='word_1_550' title='bbox 388 4072 744 4142; x_wconf 78' lang='grc' dir='ltr'>ἀναμένωσιν.</span> <span class='ocrx_word' id='word_1_551' title='bbox 765 4069 864 4123; x_wconf 76' lang='grc' dir='ltr'>Διά</span> <span class='ocrx_word' id='word_1_552' title='bbox 878 4069 1052 4130; x_wconf 75' lang='grc' dir='ltr'>τοῦτο,</span> <span class='ocrx_word' id='word_1_553' title='bbox 1071 4069 1298 4124; x_wconf 74' lang='grc' dir='ltr'>Αἰνεῖτε</span> <span class='ocrx_word' id='word_1_554' title='bbox 1313 4069 1417 4122; x_wconf 81' lang='grc' dir='ltr'><strong>τὸν</strong></span> <span class='ocrx_word' id='word_1_555' title='bbox 1431 4071 1668 4137; x_wconf 80' lang='grc' dir='ltr'>Κύριον,</span> <span class='ocrx_word' id='word_1_556' title='bbox 1681 4067 1874 4121; x_wconf 75' lang='grc' dir='ltr'>πάντα</span> <span class='ocrx_word' id='word_1_557' title='bbox 1893 4068 1961 4120; x_wconf 83' lang='grc' dir='ltr'>τὰ</span> 
     </span>
    </p>
   </div>
   <div class='ocr_carea' id='block_1_76' title="bbox 389 4160 1962 4229">
    <p class='ocr_par' dir='ltr' id='par_1_76' title="bbox 389 4160 1962 4229">
     <span class='ocr_line' id='line_1_76' title="bbox 389 4160 1962 4229; baseline -0.003 -14"><span class='ocrx_word' id='word_1_558' title='bbox 389 4164 532 4229; x_wconf 76' lang='grc' dir='ltr'>ἔθνη</span> <span class='ocrx_word' id='word_1_559' title='bbox 551 4202 564 4224; x_wconf 87' lang='grc'><strong>,</strong></span> <span class='ocrx_word' id='word_1_560' title='bbox 587 4161 942 4215; x_wconf 74' lang='grc' dir='ltr'>ἐπαινέω-ατε</span> <span class='ocrx_word' id='word_1_561' title='bbox 964 4160 1168 4224; x_wconf 74' lang='grc' dir='ltr'>αὑτὸν,</span> <span class='ocrx_word' id='word_1_562' title='bbox 1204 4160 1425 4226; x_wconf 69' lang='grc' dir='ltr'>πάντες</span> <span class='ocrx_word' id='word_1_563' title='bbox 1447 4164 1501 4214; x_wconf 80' lang='grc' dir='ltr'>οἱ</span> <span class='ocrx_word' id='word_1_564' title='bbox 1527 4161 1684 4214; x_wconf 77' lang='grc' dir='ltr'>λαοί.</span> <span class='ocrx_word' id='word_1_565' title='bbox 1705 4161 1962 4214; x_wconf 83' lang='grc' dir='ltr'>Αίνέσατε</span> 
     </span>
    </p>
   </div>
   <div class='ocr_carea' id='block_1_77' title="bbox 389 4252 1964 4320">
    <p class='ocr_par' dir='ltr' id='par_1_77' title="bbox 389 4252 1964 4320">
     <span class='ocr_line' id='line_1_77' title="bbox 389 4252 1964 4320; baseline 0.001 -18"><span class='ocrx_word' id='word_1_566' title='bbox 389 4252 463 4314; x_wconf 76' lang='grc' dir='ltr'>ὡς</span> <span class='ocrx_word' id='word_1_567' title='bbox 479 4253 722 4313; x_wconf 73' lang='grc' dir='ltr'>δυνατὺν,</span> <span class='ocrx_word' id='word_1_568' title='bbox 737 4253 1059 4305; x_wconf 72' lang='grc' dir='ltr'>ἐπαινέσαιτε</span> <span class='ocrx_word' id='word_1_569' title='bbox 1075 4252 1151 4314; x_wconf 79' lang='grc' dir='ltr'>ὡς</span> <span class='ocrx_word' id='word_1_570' title='bbox 1183 4252 1560 4320; x_wconf 71' lang='grc' dir='ltr'>φιλάνθρωπον</span> <span class='ocrx_word' id='word_1_571' title='bbox 1575 4269 1587 4282; x_wconf 87' lang='grc'>·</span> <span class='ocrx_word' id='word_1_572' title='bbox 1602 4253 1683 4304; x_wconf 84' lang='grc' dir='ltr'>ὅτι</span> <span class='ocrx_word' id='word_1_573' title='bbox 1702 4252 1964 4316; x_wconf 81' lang='grc' dir='ltr'>πεσόντας</span> 
     </span>
    </p>
   </div>
   <div class='ocr_carea' id='block_1_78' title="bbox 391 4341 1966 4414">
    <p class='ocr_par' dir='ltr' id='par_1_78' title="bbox 391 4341 1966 4414">
     <span class='ocr_line' id='line_1_78' title="bbox 391 4341 1966 4414; baseline 0.001 -19"><span class='ocrx_word' id='word_1_574' title='bbox 391 4344 487 4396; x_wconf 69' lang='grc' dir='ltr'><strong>καὶ</strong></span> <span class='ocrx_word' id='word_1_575' title='bbox 529 4344 751 4413; x_wconf 73' lang='grc' dir='ltr'>νεκροὺς</span> <span class='ocrx_word' id='word_1_576' title='bbox 793 4343 950 4402; x_wconf 74' lang='grc' dir='ltr'>ὕντας</span> <span class='ocrx_word' id='word_1_577' title='bbox 994 4341 1150 4405; x_wconf 80' lang='grc' dir='ltr'>αὖθις</span> <span class='ocrx_word' id='word_1_578' title='bbox 1187 4344 1548 4412; x_wconf 77' lang='grc' dir='ltr'>ἐζωοποίησε,</span> <span class='ocrx_word' id='word_1_579' title='bbox 1584 4345 1677 4397; x_wconf 68' lang='grc' dir='ltr'>καὶ</span> <span class='ocrx_word' id='word_1_580' title='bbox 1706 4345 1766 4396; x_wconf 74' lang='grc' dir='ltr'>τὸ</span> <span class='ocrx_word' id='word_1_581' title='bbox 1809 4345 1966 4414; x_wconf 80' lang='grc' dir='ltr'>πονῆ-</span> 
     </span>
    </p>
   </div>
   <div class='ocr_carea' id='block_1_79' title="bbox 395 4433 1965 4503">
    <p class='ocr_par' dir='ltr' id='par_1_79' title="bbox 395 4433 1965 4503">
     <span class='ocr_line' id='line_1_79' title="bbox 395 4433 1965 4503; baseline 0 -17"><span class='ocrx_word' id='word_1_582' title='bbox 395 4451 489 4486; x_wconf 90' lang='grc' dir='ltr'><strong>σαν</strong></span> <span class='ocrx_word' id='word_1_583' title='bbox 519 4433 707 4496; x_wconf 80' lang='grc' dir='ltr'>σκεῦος</span> <span class='ocrx_word' id='word_1_584' title='bbox 732 4433 1068 4486; x_wconf 79' lang='grc' dir='ltr'>ἀνενεώσατο</span> <span class='ocrx_word' id='word_1_585' title='bbox 1094 4433 1273 4498; x_wconf 85' lang='grc' dir='ltr'>πάλιν,</span> <span class='ocrx_word' id='word_1_586' title='bbox 1307 4435 1400 4486; x_wconf 78' lang='grc' dir='ltr'><strong>καὶ</strong></span> <span class='ocrx_word' id='word_1_587' title='bbox 1429 4435 1526 4503; x_wconf 79' lang='grc' dir='ltr'><strong>τήν</strong></span> <span class='ocrx_word' id='word_1_588' title='bbox 1556 4437 1613 4486; x_wconf 84' lang='grc' dir='ltr'>ὲν</span> <span class='ocrx_word' id='word_1_589' title='bbox 1636 4438 1746 4496; x_wconf 81' lang='grc' dir='ltr'>τοῖς</span> <span class='ocrx_word' id='word_1_590' title='bbox 1775 4437 1965 4502; x_wconf 75' lang='grc' dir='ltr'>τάφοις</span> 
     </span>
    </p>
   </div>
   <div class='ocr_carea' id='block_1_80' title="bbox 392 4524 1965 4598">
    <p class='ocr_par' dir='ltr' id='par_1_80' title="bbox 392 4524 1965 4598">
     <span class='ocr_line' id='line_1_80' title="bbox 392 4524 1965 4598; baseline 0.003 -23"><span class='ocrx_word' id='word_1_591' title='bbox 392 4524 500 4577; x_wconf 83' lang='grc' dir='ltr'><strong>τῶν</strong></span> <span class='ocrx_word' id='word_1_592' title='bbox 525 4525 792 4592; x_wconf 63' lang='grc' dir='ltr'>λειψάνων</span> <span class='ocrx_word' id='word_1_593' title='bbox 823 4525 1012 4594; x_wconf 81' lang='grc' dir='ltr'>ἀηδίαν</span> <span class='ocrx_word' id='word_1_594' title='bbox 1048 4528 1126 4588; x_wconf 85' lang='grc' dir='ltr'><strong>εἰς</strong></span> <span class='ocrx_word' id='word_1_595' title='bbox 1181 4525 1319 4590; x_wconf 76' lang='grc' dir='ltr'>ζῶον</span> <span class='ocrx_word' id='word_1_596' title='bbox 1353 4525 1627 4596; x_wconf 77' lang='grc' dir='ltr'>ἄφθαρτον</span> <span class='ocrx_word' id='word_1_597' title='bbox 1671 4527 1965 4598; x_wconf 76' lang='grc' dir='ltr'>φιλανθρώ-</span> 
     </span>
    </p>
   </div>
   <div class='ocr_carea' id='block_1_81' title="bbox 394 4616 1964 4689">
    <p class='ocr_par' dir='ltr' id='par_1_81' title="bbox 394 4616 1964 4689">
     <span class='ocr_line' id='line_1_81' title="bbox 394 4616 1964 4689; baseline 0.002 -22"><span class='ocrx_word' id='word_1_598' title='bbox 394 4633 511 4678; x_wconf 83' lang='grc' dir='ltr'><strong>πως</strong></span> <span class='ocrx_word' id='word_1_599' title='bbox 554 4616 878 4686; x_wconf 71' lang='grc' dir='ltr'>ἐμόρφωσε.</span> <span class='ocrx_word' id='word_1_600' title='bbox 917 4616 1010 4668; x_wconf 77' lang='grc' dir='ltr'><strong>καὶ</strong></span> <span class='ocrx_word' id='word_1_601' title='bbox 1053 4616 1229 4687; x_wconf 66' lang='grc' dir='ltr'>ψυχὴν</span> <span class='ocrx_word' id='word_1_602' title='bbox 1272 4617 1369 4686; x_wconf 84' lang='grc' dir='ltr'>τὴν</span> <span class='ocrx_word' id='word_1_603' title='bbox 1413 4617 1521 4687; x_wconf 80' lang='grc' dir='ltr'><strong>πρὸ</strong></span> <span class='ocrx_word' id='word_1_604' title='bbox 1563 4618 1842 4689; x_wconf 82' lang='grc' dir='ltr'>τεσσάρων</span> <span class='ocrx_word' id='word_1_605' title='bbox 1883 4638 1964 4688; x_wconf 80' lang='grc' dir='ltr'>χι-</span> 
     </span>
    </p>
   </div>
   <div class='ocr_carea' id='block_1_82' title="bbox 393 4703 1966 4776">
    <p class='ocr_par' dir='ltr' id='par_1_82' title="bbox 393 4703 1966 4776">
     <span class='ocr_line' id='line_1_82' title="bbox 393 4703 1966 4776; baseline 0.001 -19"><span class='ocrx_word' id='word_1_606' title='bbox 393 4705 587 4758; x_wconf 74' lang='grc' dir='ltr'>λιάδων</span> <span class='ocrx_word' id='word_1_607' title='bbox 620 4704 754 4756; x_wconf 82' lang='grc' dir='ltr'>ἐτῶν</span> <span class='ocrx_word' id='word_1_608' title='bbox 797 4703 1197 4757; x_wconf 80' lang='grc' dir='ltr'>καταλιποῦσαν</span> <span class='ocrx_word' id='word_1_609' title='bbox 1228 4705 1288 4757; x_wconf 83' lang='grc' dir='ltr'>τὺ</span> <span class='ocrx_word' id='word_1_610' title='bbox 1331 4705 1504 4775; x_wconf 78' lang='grc' dir='ltr'>σῶμα,</span> <span class='ocrx_word' id='word_1_611' title='bbox 1539 4704 1614 4768; x_wconf 82' lang='grc' dir='ltr'>ὡς</span> <span class='ocrx_word' id='word_1_612' title='bbox 1650 4707 1713 4757; x_wconf 80' lang='grc' dir='ltr'><strong>ἐκ</strong></span> <span class='ocrx_word' id='word_1_613' title='bbox 1749 4709 1966 4776; x_wconf 77' lang='grc' dir='ltr'>μακράς</span> 
     </span>
    </p>
   </div>
   <div class='ocr_carea' id='block_1_83' title="bbox 435 4795 1967 4868">
    <p class='ocr_par' dir='ltr' id='par_1_83' title="bbox 435 4795 1967 4868">
     <span class='ocr_line' id='line_1_83' title="bbox 435 4795 1967 4868; baseline 0.003 -19"><span class='ocrx_word' id='word_1_614' title='bbox 435 4797 736 4868; x_wconf 80' lang='grc' dir='ltr'>ποδημίας,</span> <span class='ocrx_word' id='word_1_615' title='bbox 777 4797 855 4858; x_wconf 81' lang='grc' dir='ltr'>εἰς</span> <span class='ocrx_word' id='word_1_616' title='bbox 897 4795 1032 4848; x_wconf 82' lang='grc' dir='ltr'>ἰδίαν</span> <span class='ocrx_word' id='word_1_617' title='bbox 1071 4796 1247 4848; x_wconf 82' lang='grc' dir='ltr'>οἰκίαν</span> <span class='ocrx_word' id='word_1_618' title='bbox 1279 4799 1642 4868; x_wconf 81' lang='grc' dir='ltr'>ἐπανήγαγεν,</span> <span class='ocrx_word' id='word_1_619' title='bbox 1680 4799 1830 4852; x_wconf 80' lang='grc' dir='ltr'>οὐδὲν</span> <span class='ocrx_word' id='word_1_620' title='bbox 1861 4801 1967 4852; x_wconf 81' lang='grc' dir='ltr'><strong>ἀπὸ</strong></span> 
     </span>
    </p>
   </div>
   <div class='ocr_carea' id='block_1_84' title="bbox 393 4887 1965 4961">
    <p class='ocr_par' dir='ltr' id='par_1_84' title="bbox 393 4887 1965 4961">
     <span class='ocr_line' id='line_1_84' title="bbox 393 4887 1965 4961; baseline 0.001 -19"><span class='ocrx_word' id='word_1_621' title='bbox 393 4890 583 4960; x_wconf 71' lang='grc' dir='ltr'>χρίνου</span> <span class='ocrx_word' id='word_1_622' title='bbox 613 4889 705 4942; x_wconf 71' lang='grc' dir='ltr'><strong>καὶ</strong></span> <span class='ocrx_word' id='word_1_623' title='bbox 729 4889 900 4958; x_wconf 83' lang='grc' dir='ltr'>λήθης</span> <span class='ocrx_word' id='word_1_624' title='bbox 937 4887 1282 4957; x_wconf 75' lang='grc' dir='ltr'>ξενιζομένην</span> <span class='ocrx_word' id='word_1_625' title='bbox 1310 4889 1444 4955; x_wconf 75' lang='grc' dir='ltr'>πρὸς</span> <span class='ocrx_word' id='word_1_626' title='bbox 1482 4889 1544 4942; x_wconf 75' lang='grc' dir='ltr'>τὸ</span> <span class='ocrx_word' id='word_1_627' title='bbox 1569 4891 1696 4943; x_wconf 76' lang='grc' dir='ltr'>ἴδιον</span> <span class='ocrx_word' id='word_1_628' title='bbox 1717 4892 1965 4961; x_wconf 72' lang='grc' dir='ltr'>ὄργανον,</span> 
     </span>
    </p>
   </div>
   <div class='ocr_carea' id='block_1_85' title="bbox 394 4979 1968 5054">
    <p class='ocr_par' dir='ltr' id='par_1_85' title="bbox 394 4979 1968 5054">
     <span class='ocr_line' id='line_1_85' title="bbox 394 4979 1968 5054; baseline 0.001 -18"><span class='ocrx_word' id='word_1_629' title='bbox 394 4982 529 5036; x_wconf 86' lang='grc' dir='ltr'><strong>ἀλλά</strong></span> <span class='ocrx_word' id='word_1_630' title='bbox 563 4982 758 5034; x_wconf 77' lang='grc' dir='ltr'>θάττον</span> <span class='ocrx_word' id='word_1_631' title='bbox 792 4981 877 5033; x_wconf 84' lang='grc' dir='ltr'>ἐπ’</span> <span class='ocrx_word' id='word_1_632' title='bbox 903 4979 1035 5031; x_wconf 80' lang='grc' dir='ltr'>αύτὺ</span> <span class='ocrx_word' id='word_1_633' title='bbox 1057 4979 1362 5049; x_wconf 80' lang='grc' dir='ltr'>χωροῦσαν,</span> <span class='ocrx_word' id='word_1_634' title='bbox 1461 4981 1608 5051; x_wconf 73' lang='grc' dir='ltr'>ὅρνις</span> <span class='ocrx_word' id='word_1_635' title='bbox 1633 4985 1723 5036; x_wconf 76' lang='grc' dir='ltr'>ἐπὶ</span> <span class='ocrx_word' id='word_1_636' title='bbox 1751 4987 1850 5054; x_wconf 75' lang='grc' dir='ltr'>τὴν</span> <span class='ocrx_word' id='word_1_637' title='bbox 1872 5003 1968 5037; x_wconf 82' lang='grc' dir='ltr'>κα-</span> 
     </span>
    </p>
   </div>
   <div class='ocr_carea' id='block_1_86' title="bbox 393 5069 1241 5142">
    <p class='ocr_par' dir='ltr' id='par_1_86' title="bbox 393 5069 1241 5142">
     <span class='ocr_line' id='line_1_86' title="bbox 393 5069 1241 5142; baseline -0.001 -18"><span class='ocrx_word' id='word_1_638' title='bbox 393 5071 511 5124; x_wconf 87' lang='grc' dir='ltr'><strong>λιάν</strong></span> <span class='ocrx_word' id='word_1_639' title='bbox 541 5072 636 5142; x_wconf 82' lang='grc' dir='ltr'>τὴν</span> <span class='ocrx_word' id='word_1_640' title='bbox 659 5071 866 5125; x_wconf 78' lang='grc' dir='ltr'>οἰκείαν</span> <span class='ocrx_word' id='word_1_641' title='bbox 888 5069 1241 5124; x_wconf 85' lang='grc' dir='ltr'>καθίπταται.</span> 
     </span>
    </p>
   </div>
   <div class='ocr_carea' id='block_1_87' title="bbox 2053 3257 3631 3328">
    <p class='ocr_par' dir='ltr' id='par_1_87' title="bbox 2053 3257 3631 3328">
     <span class='ocr_line' id='line_1_87' title="bbox 2053 3257 3631 3328; baseline 0.001 -16"><span class='ocrx_word' id='word_1_642' title='bbox 2053 3257 2286 3313; x_wconf 82' lang='lat' dir='ltr'><strong>catiouis</strong></span> <span class='ocrx_word' id='word_1_643' title='bbox 2321 3259 2460 3319; x_wconf 81' lang='lat' dir='ltr'><strong>erit.</strong></span> <span class='ocrx_word' id='word_1_644' title='bbox 2503 3258 2711 3314; x_wconf 81' lang='lat' dir='ltr'><strong>sanctis</strong></span> <span class='ocrx_word' id='word_1_645' title='bbox 2752 3259 2974 3328; x_wconf 87' lang='lat' dir='ltr'><strong>quidem</strong></span> <span class='ocrx_word' id='word_1_646' title='bbox 3021 3273 3172 3312; x_wconf 90' lang='lat' dir='ltr'><strong>more</strong></span> <span class='ocrx_word' id='word_1_647' title='bbox 3223 3259 3387 3312; x_wconf 90' lang='lat' dir='ltr'><strong>solito</strong></span> <span class='ocrx_word' id='word_1_648' title='bbox 3443 3259 3631 3313; x_wconf 82' lang='lat' dir='ltr'><strong>laudes</strong></span> 
     </span>
    </p>
   </div>
   <div class='ocr_carea' id='block_1_88' title="bbox 2053 3347 3630 3419">
    <p class='ocr_par' dir='ltr' id='par_1_88' title="bbox 2053 3347 3630 3419">
     <span class='ocr_line' id='line_1_88' title="bbox 2053 3347 3630 3419; baseline -0.002 -16"><span class='ocrx_word' id='word_1_649' title='bbox 2053 3350 2411 3412; x_wconf 82' lang='lat' dir='ltr'><strong>dicentibus,</strong></span> <span class='ocrx_word' id='word_1_650' title='bbox 2450 3348 2634 3419; x_wconf 87' lang='lat' dir='ltr'><strong>impiis</strong></span> <span class='ocrx_word' id='word_1_651' title='bbox 2690 3358 2870 3403; x_wconf 88' lang='lat' dir='ltr'><strong>autent</strong></span> <span class='ocrx_word' id='word_1_652' title='bbox 2923 3364 2989 3402; x_wconf 82' lang='lat' dir='ltr'><strong>ex</strong></span> <span class='ocrx_word' id='word_1_653' title='bbox 3045 3349 3374 3403; x_wconf 87' lang='lat' dir='ltr'><strong>necessitate</strong></span> <span class='ocrx_word' id='word_1_654' title='bbox 3419 3347 3630 3416; x_wconf 82' lang='lat' dir='ltr'><strong>suppli-</strong></span> 
     </span>
    </p>
   </div>
   <div class='ocr_carea' id='block_1_89' title="bbox 2054 3441 3636 3495">
    <p class='ocr_par' dir='ltr' id='par_1_89' title="bbox 2054 3441 3636 3495">
     <span class='ocr_line' id='line_1_89' title="bbox 2054 3441 3636 3495; baseline 0 -3"><span class='ocrx_word' id='word_1_655' title='bbox 2054 3442 2330 3494; x_wconf 74' lang='lat' dir='ltr'><strong>cantibus.</strong></span> <span class='ocrx_word' id='word_1_656' title='bbox 2373 3443 2436 3493; x_wconf 76' lang='lat' dir='ltr'><strong>Et</strong></span> <span class='ocrx_word' id='word_1_657' title='bbox 2484 3448 2612 3494; x_wconf 85' lang='lat' dir='ltr'><strong>tunc</strong></span> <span class='ocrx_word' id='word_1_658' title='bbox 2653 3455 2841 3495; x_wconf 87' lang='lat' dir='ltr'><strong>revera</strong></span> <span class='ocrx_word' id='word_1_659' title='bbox 2874 3441 3119 3494; x_wconf 70' lang='lat' dir='ltr'><strong>victoriae</strong></span> <span class='ocrx_word' id='word_1_660' title='bbox 3151 3455 3371 3493; x_wconf 87' lang='lat' dir='ltr'><strong>carmen</strong></span> <span class='ocrx_word' id='word_1_661' title='bbox 3405 3454 3636 3493; x_wconf 84' lang='lat' dir='ltr'><strong>consen-</strong></span> 
     </span>
    </p>
   </div>
   <div class='ocr_carea' id='block_1_90' title="bbox 2057 3529 3638 3600">
    <p class='ocr_par' dir='ltr' id='par_1_90' title="bbox 2057 3529 3638 3600">
     <span class='ocr_line' id='line_1_90' title="bbox 2057 3529 3638 3600; baseline -0.003 -16"><span class='ocrx_word' id='word_1_662' title='bbox 2057 3533 2254 3585; x_wconf 87' lang='lat' dir='ltr'><strong>tienler</strong></span> <span class='ocrx_word' id='word_1_663' title='bbox 2289 3533 2356 3584; x_wconf 90' lang='lat' dir='ltr'><strong>ab</strong></span> <span class='ocrx_word' id='word_1_664' title='bbox 2395 3532 2651 3585; x_wconf 90' lang='lat' dir='ltr'><strong>omnibus</strong></span> <span class='ocrx_word' id='word_1_665' title='bbox 2692 3539 2926 3586; x_wconf 85' lang='lat' dir='ltr'><strong>canetur</strong></span> <span class='ocrx_word' id='word_1_666' title='bbox 2965 3539 3074 3584; x_wconf 86' lang='lat' dir='ltr'><strong>tant</strong></span> <span class='ocrx_word' id='word_1_667' title='bbox 3117 3530 3307 3594; x_wconf 79' lang='lat' dir='ltr'><strong>victis,</strong></span> <span class='ocrx_word' id='word_1_668' title='bbox 3351 3545 3515 3600; x_wconf 86' lang='lat' dir='ltr'><strong>quant</strong></span> <span class='ocrx_word' id='word_1_669' title='bbox 3553 3529 3638 3582; x_wconf 89' lang='lat' dir='ltr'><strong>vi-</strong></span> 
     </span>
    </p>
   </div>
   <div class='ocr_carea' id='block_1_91' title="bbox 2057 3621 3637 3685">
    <p class='ocr_par' dir='ltr' id='par_1_91' title="bbox 2057 3621 3637 3685">
     <span class='ocr_line' id='line_1_91' title="bbox 2057 3621 3637 3685; baseline -0.002 -9"><span class='ocrx_word' id='word_1_670' title='bbox 2057 3621 2338 3685; x_wconf 82' lang='lat' dir='ltr'><strong>ctoribus,</strong></span> <span class='ocrx_word' id='word_1_671' title='bbox 2378 3629 2492 3674; x_wconf 91' lang='lat' dir='ltr'><strong>tum</strong></span> <span class='ocrx_word' id='word_1_672' title='bbox 2525 3621 2693 3676; x_wconf 89' lang='lat' dir='ltr'><strong>etiam</strong></span> <span class='ocrx_word' id='word_1_673' title='bbox 2729 3637 2927 3677; x_wconf 81' lang='lat' dir='ltr'><strong>servus</strong></span> <span class='ocrx_word' id='word_1_674' title='bbox 2955 3622 3046 3676; x_wconf 88' lang='lat' dir='ltr'><strong>ille</strong></span> <span class='ocrx_word' id='word_1_675' title='bbox 3073 3638 3154 3676; x_wconf 84' lang='lat' dir='ltr'><strong>vet</strong></span> <span class='ocrx_word' id='word_1_676' title='bbox 3169 3623 3301 3676; x_wconf 86' lang='lat' dir='ltr'><strong>hero</strong></span> <span class='ocrx_word' id='word_1_677' title='bbox 3335 3621 3509 3675; x_wconf 71' lang='lat' dir='ltr'><strong>tut-ba:</strong></span> <span class='ocrx_word' id='word_1_678' title='bbox 3541 3636 3637 3674; x_wconf 90' lang='lat' dir='ltr'><strong>au-</strong></span> 
     </span>
    </p>
   </div>
   <div class='ocr_carea' id='block_1_92' title="bbox 2060 3715 3638 3785">
    <p class='ocr_par' dir='ltr' id='par_1_92' title="bbox 2060 3715 3638 3785">
     <span class='ocr_line' id='line_1_92' title="bbox 2060 3715 3638 3785; baseline 0 -16"><span class='ocrx_word' id='word_1_679' title='bbox 2060 3725 2217 3777; x_wconf 89' lang='lat' dir='ltr'><strong>ctor,</strong></span> <span class='ocrx_word' id='word_1_680' title='bbox 2267 3715 2358 3785; x_wconf 68' lang='lat' dir='ltr'><strong>qui</strong></span> <span class='ocrx_word' id='word_1_681' title='bbox 2391 3715 2494 3769; x_wconf 87' lang='lat' dir='ltr'><strong>sibi</strong></span> <span class='ocrx_word' id='word_1_682' title='bbox 2522 3715 2724 3769; x_wconf 87' lang='lat' dir='ltr'><strong>domini</strong></span> <span class='ocrx_word' id='word_1_683' title='bbox 2757 3716 2838 3768; x_wconf 89' lang='lat' dir='ltr'><strong>sui</strong></span> <span class='ocrx_word' id='word_1_684' title='bbox 2881 3715 3200 3784; x_wconf 79' lang='lat' dir='ltr'><strong>dignitatem</strong></span> <span class='ocrx_word' id='word_1_685' title='bbox 3246 3715 3638 3784; x_wconf 83' lang='lat' dir='ltr'><strong>imaginatione</strong></span> 
     </span>
    </p>
   </div>
   <div class='ocr_carea' id='block_1_93' title="bbox 2060 3804 3638 3874">
    <p class='ocr_par' dir='ltr' id='par_1_93' title="bbox 2060 3804 3638 3874">
     <span class='ocr_line' id='line_1_93' title="bbox 2060 3804 3638 3874; baseline -0.002 -14"><span class='ocrx_word' id='word_1_686' title='bbox 2060 3813 2375 3873; x_wconf 72' lang='lat' dir='ltr'><strong>smnpserat</strong></span> <span class='ocrx_word' id='word_1_687' title='bbox 2408 3815 2462 3858; x_wconf 90' lang='lat' dir='ltr'><strong>ct</strong></span> <span class='ocrx_word' id='word_1_688' title='bbox 2501 3813 2851 3874; x_wconf 70' lang='lat' dir='ltr'><strong>arrogat-crat</strong></span> <span class='ocrx_word' id='word_1_689' title='bbox 2872 3843 2885 3866; x_wconf 90' lang='lat'><strong>,</strong></span> <span class='ocrx_word' id='word_1_690' title='bbox 2921 3805 3196 3858; x_wconf 70' lang='lat' dir='ltr'><strong>Videbitur</strong></span> <span class='ocrx_word' id='word_1_691' title='bbox 3225 3820 3417 3858; x_wconf 84' lang='lat' dir='ltr'><strong>omnes</strong></span> <span class='ocrx_word' id='word_1_692' title='bbox 3448 3804 3638 3857; x_wconf 87' lang='lat' dir='ltr'><strong>admo-</strong></span> 
     </span>
    </p>
   </div>
   <div class='ocr_carea' id='block_1_94' title="bbox 2061 3894 3640 3964">
    <p class='ocr_par' dir='ltr' id='par_1_94' title="bbox 2061 3894 3640 3964">
     <span class='ocr_line' id='line_1_94' title="bbox 2061 3894 3640 3964; baseline -0.002 -16"><span class='ocrx_word' id='word_1_693' title='bbox 2061 3909 2229 3959; x_wconf 89' lang='lat' dir='ltr'><strong>nens,</strong></span> <span class='ocrx_word' id='word_1_694' title='bbox 2267 3894 2397 3947; x_wconf 87' lang='lat' dir='ltr'><strong>duttt</strong></span> <span class='ocrx_word' id='word_1_695' title='bbox 2438 3894 2507 3948; x_wconf 88' lang='lat' dir='ltr'><strong>ab</strong></span> <span class='ocrx_word' id='word_1_696' title='bbox 2549 3895 2760 3964; x_wconf 78' lang='lat' dir='ltr'><strong>angelis</strong></span> <span class='ocrx_word' id='word_1_697' title='bbox 2796 3896 2861 3947; x_wconf 90' lang='lat' dir='ltr'><strong>ad</strong></span> <span class='ocrx_word' id='word_1_698' title='bbox 2907 3895 3238 3963; x_wconf 89' lang='lat' dir='ltr'><strong>supplicium</strong></span> <span class='ocrx_word' id='word_1_699' title='bbox 3282 3896 3547 3956; x_wconf 85' lang='lat' dir='ltr'><strong>trahetur,</strong></span> <span class='ocrx_word' id='word_1_700' title='bbox 3585 3903 3640 3948; x_wconf 91' lang='lat' dir='ltr'><strong>et</strong></span> 
     </span>
    </p>
   </div>
   <div class='ocr_carea' id='block_1_95' title="bbox 2063 3985 3642 4054">
    <p class='ocr_par' dir='ltr' id='par_1_95' title="bbox 2063 3985 3642 4054">
     <span class='ocr_line' id='line_1_95' title="bbox 2063 3985 3642 4054; baseline -0.001 -15"><span class='ocrx_word' id='word_1_701' title='bbox 2063 4000 2259 4040; x_wconf 88' lang='lat' dir='ltr'><strong>omnes</strong></span> <span class='ocrx_word' id='word_1_702' title='bbox 2287 3986 2437 4039; x_wconf 90' lang='lat' dir='ltr'><strong>illius</strong></span> <span class='ocrx_word' id='word_1_703' title='bbox 2472 3986 2730 4054; x_wconf 76' lang='lat' dir='ltr'><strong>nequitia:</strong></span> <span class='ocrx_word' id='word_1_704' title='bbox 2763 3985 2996 4039; x_wconf 87' lang='lat' dir='ltr'><strong>ministri</strong></span> <span class='ocrx_word' id='word_1_705' title='bbox 3029 3994 3084 4038; x_wconf 89' lang='lat' dir='ltr'><strong>et</strong></span> <span class='ocrx_word' id='word_1_706' title='bbox 3113 3986 3248 4039; x_wconf 85' lang='lat' dir='ltr'><strong>socii</strong></span> <span class='ocrx_word' id='word_1_707' title='bbox 3281 3986 3481 4040; x_wconf 89' lang='lat' dir='ltr'><strong>debitis</strong></span> <span class='ocrx_word' id='word_1_708' title='bbox 3510 4001 3642 4054; x_wconf 84' lang='lat' dir='ltr'><strong>snp-</strong></span> 
     </span>
    </p>
   </div>
   <div class='ocr_carea' id='block_1_96' title="bbox 2065 4078 3688 4148">
    <p class='ocr_par' dir='ltr' id='par_1_96' title="bbox 2065 4078 3688 4148">
     <span class='ocr_line' id='line_1_96' title="bbox 2065 4078 3688 4148; baseline 0.002 -18"><span class='ocrx_word' id='word_1_709' title='bbox 2065 4078 2250 4142; x_wconf 84' lang='lat' dir='ltr'><strong>pliciis</strong></span> <span class='ocrx_word' id='word_1_710' title='bbox 2300 4093 2364 4132; x_wconf 92' lang='lat' dir='ltr'><strong>ac</strong></span> <span class='ocrx_word' id='word_1_711' title='bbox 2413 4079 2591 4148; x_wconf 56' lang='lat' dir='ltr'><strong>poenis</strong></span> <span class='ocrx_word' id='word_1_712' title='bbox 2636 4079 2979 4133; x_wconf 85' lang='lat' dir='ltr'><strong>ailieientur:</strong></span> <span class='ocrx_word' id='word_1_713' title='bbox 3029 4096 3169 4135; x_wconf 91' lang='lat' dir='ltr'><strong>unus</strong></span> <span class='ocrx_word' id='word_1_714' title='bbox 3213 4090 3392 4134; x_wconf 85' lang='lat' dir='ltr'><strong>autem</strong></span> <span class='ocrx_word' id='word_1_715' title='bbox 3437 4095 3530 4133; x_wconf 76' lang='lat' dir='ltr'><strong>rex</strong></span> <span class='ocrx_word' id='word_1_716' title='bbox 3576 4094 3640 4133; x_wconf 86' lang='lat' dir='ltr'><strong>ac</strong></span> <span class='ocrx_word' id='word_1_717' title='bbox 3679 4137 3688 4142; x_wconf 26' lang='grc' dir='ltr'><strong>κ</strong></span> 
     </span>
    </p>
   </div>
   <div class='ocr_carea' id='block_1_97' title="bbox 2060 4170 3638 4240">
    <p class='ocr_par' dir='ltr' id='par_1_97' title="bbox 2060 4170 3638 4240">
     <span class='ocr_line' id='line_1_97' title="bbox 2060 4170 3638 4240; baseline 0 -18"><span class='ocrx_word' id='word_1_718' title='bbox 2060 4170 2225 4239; x_wconf 77' lang='lat' dir='ltr'><strong>jttdex</strong></span> <span class='ocrx_word' id='word_1_719' title='bbox 2261 4171 2582 4240; x_wconf 86' lang='lat' dir='ltr'><strong>apparebit,</strong></span> <span class='ocrx_word' id='word_1_720' title='bbox 2614 4186 2774 4239; x_wconf 89' lang='lat' dir='ltr'><strong>quem</strong></span> <span class='ocrx_word' id='word_1_721' title='bbox 2832 4185 3024 4226; x_wconf 80' lang='lat' dir='ltr'><strong>omnes</strong></span> <span class='ocrx_word' id='word_1_722' title='bbox 3063 4186 3408 4224; x_wconf 85' lang='lat' dir='ltr'><strong>communem</strong></span> <span class='ocrx_word' id='word_1_723' title='bbox 3452 4170 3638 4223; x_wconf 75' lang='lat' dir='ltr'><strong>[tomi-</strong></span> 
     </span>
    </p>
   </div>
   <div class='ocr_carea' id='block_1_98' title="bbox 2068 4261 3637 4332">
    <p class='ocr_par' dir='ltr' id='par_1_98' title="bbox 2068 4261 3637 4332">
     <span class='ocr_line' id='line_1_98' title="bbox 2068 4261 3637 4332; baseline 0.001 -17"><span class='ocrx_word' id='word_1_724' title='bbox 2068 4277 2196 4315; x_wconf 86' lang='lat' dir='ltr'><strong>nutu</strong></span> <span class='ocrx_word' id='word_1_725' title='bbox 2233 4277 2355 4316; x_wconf 89' lang='lat' dir='ltr'><strong>esse</strong></span> <span class='ocrx_word' id='word_1_726' title='bbox 2389 4261 2797 4316; x_wconf 89' lang='lat' dir='ltr'><strong>conﬁteantur:</strong></span> <span class='ocrx_word' id='word_1_727' title='bbox 2834 4263 2994 4332; x_wconf 90' lang='lat' dir='ltr'><strong>quies</strong></span> <span class='ocrx_word' id='word_1_728' title='bbox 3036 4263 3166 4317; x_wconf 88' lang='lat' dir='ltr'><strong>item</strong></span> <span class='ocrx_word' id='word_1_729' title='bbox 3211 4263 3318 4318; x_wconf 88' lang='lat' dir='ltr'><strong>erit</strong></span> <span class='ocrx_word' id='word_1_730' title='bbox 3361 4272 3525 4332; x_wconf 90' lang='lat' dir='ltr'><strong>atque</strong></span> <span class='ocrx_word' id='word_1_731' title='bbox 3559 4263 3637 4317; x_wconf 84' lang='lat' dir='ltr'><strong>si-</strong></span> 
     </span>
    </p>
   </div>
   <div class='ocr_carea' id='block_1_99' title="bbox 2069 4351 3639 4424">
    <p class='ocr_par' dir='ltr' id='par_1_99' title="bbox 2069 4351 3639 4424">
     <span class='ocr_line' id='line_1_99' title="bbox 2069 4351 3639 4424; baseline 0.002 -20"><span class='ocrx_word' id='word_1_732' title='bbox 2069 4351 2294 4406; x_wconf 84' lang='lat' dir='ltr'><strong>lentium</strong></span> <span class='ocrx_word' id='word_1_733' title='bbox 2320 4392 2334 4416; x_wconf 91' lang='lat'><strong>,</strong></span> <span class='ocrx_word' id='word_1_734' title='bbox 2371 4353 2836 4423; x_wconf 88' lang='lat' dir='ltr'><strong>quemadmodum</strong></span> <span class='ocrx_word' id='word_1_735' title='bbox 2884 4355 2998 4409; x_wconf 86' lang='lat' dir='ltr'><strong>ﬁeri</strong></span> <span class='ocrx_word' id='word_1_736' title='bbox 3042 4355 3214 4421; x_wconf 92' lang='lat' dir='ltr'><strong>solet,</strong></span> <span class='ocrx_word' id='word_1_737' title='bbox 3249 4370 3370 4408; x_wconf 84' lang='lat' dir='ltr'><strong>eum</strong></span> <span class='ocrx_word' id='word_1_738' title='bbox 3411 4370 3510 4424; x_wconf 89' lang='lat' dir='ltr'><strong>pto</strong></span> <span class='ocrx_word' id='word_1_739' title='bbox 3539 4356 3639 4407; x_wconf 86' lang='lat' dir='ltr'><strong>tri—</strong></span> 
     </span>
    </p>
   </div>
   <div class='ocr_carea' id='block_1_100' title="bbox 2071 4443 3661 4515">
    <p class='ocr_par' dir='ltr' id='par_1_100' title="bbox 2071 4443 3661 4515">
     <span class='ocr_line' id='line_1_100' title="bbox 2071 4443 3661 4515; baseline 0.003 -20"><span class='ocrx_word' id='word_1_740' title='bbox 2071 4443 2253 4496; x_wconf 79' lang='lat' dir='ltr'><strong>bunali</strong></span> <span class='ocrx_word' id='word_1_741' title='bbox 2288 4443 2509 4498; x_wconf 84' lang='lat' dir='ltr'><strong>sedente</strong></span> <span class='ocrx_word' id='word_1_742' title='bbox 2539 4454 2770 4513; x_wconf 62' lang='lat' dir='ltr'><strong>praetore</strong></span> <span class='ocrx_word' id='word_1_743' title='bbox 2802 4461 2978 4515; x_wconf 73' lang='lat' dir='ltr'><strong>przeco</strong></span> <span class='ocrx_word' id='word_1_744' title='bbox 3011 4445 3292 4500; x_wconf 90' lang='lat' dir='ltr'><strong>silentium</strong></span> <span class='ocrx_word' id='word_1_745' title='bbox 3328 4447 3552 4509; x_wconf 84' lang='lat' dir='ltr'><strong>indicit,</strong></span> <span class='ocrx_word' id='word_1_746' title='bbox 3589 4455 3661 4499; x_wconf 69' lang='lat' dir='ltr'><strong>et&#39;</strong></span> 
     </span>
    </p>
   </div>
   <div class='ocr_carea' id='block_1_101' title="bbox 2002 4516 3644 4603">
    <p class='ocr_par' dir='ltr' id='par_1_101' title="bbox 2002 4516 3644 4603">
     <span class='ocr_line' id='line_1_101' title="bbox 2002 4516 3644 4603; baseline 0.002 -15"><span class='ocrx_word' id='word_1_747' title='bbox 2002 4516 2041 4567; x_wconf 66' lang='grc' dir='ltr'><strong>Ι)</strong></span> <span class='ocrx_word' id='word_1_748' title='bbox 2071 4535 2254 4603; x_wconf 76' lang='lat' dir='ltr'><strong>populi</strong></span> <span class='ocrx_word' id='word_1_749' title='bbox 2287 4535 2515 4588; x_wconf 88' lang='lat' dir='ltr'><strong>auribus</strong></span> <span class='ocrx_word' id='word_1_750' title='bbox 2547 4545 2598 4588; x_wconf 90' lang='lat' dir='ltr'><strong>ct</strong></span> <span class='ocrx_word' id='word_1_751' title='bbox 2626 4537 2803 4591; x_wconf 90' lang='lat' dir='ltr'><strong>oculis</strong></span> <span class='ocrx_word' id='word_1_752' title='bbox 2838 4538 3002 4592; x_wconf 90' lang='lat' dir='ltr'><strong>simul</strong></span> <span class='ocrx_word' id='word_1_753' title='bbox 3035 4538 3229 4592; x_wconf 89' lang='lat' dir='ltr'><strong>intenti</strong></span> <span class='ocrx_word' id='word_1_754' title='bbox 3261 4537 3644 4592; x_wconf 86' lang='lat' dir='ltr'><strong>concionantis</strong></span> 
     </span>
    </p>
   </div>
   <div class='ocr_carea' id='block_1_102' title="bbox 2073 4625 3642 4695">
    <p class='ocr_par' dir='ltr' id='par_1_102' title="bbox 2073 4625 3642 4695">
     <span class='ocr_line' id='line_1_102' title="bbox 2073 4625 3642 4695; baseline 0 -17"><span class='ocrx_word' id='word_1_755' title='bbox 2073 4640 2260 4678; x_wconf 85' lang='lat' dir='ltr'><strong>vocem</strong></span> <span class='ocrx_word' id='word_1_756' title='bbox 2313 4634 2656 4695; x_wconf 63' lang='lat' dir='ltr'><strong>eVSpct-tant.</strong></span> <span class='ocrx_word' id='word_1_757' title='bbox 2721 4625 2972 4689; x_wconf 76' lang='lat' dir='ltr'><strong>Idcirco,</strong></span> <span class='ocrx_word' id='word_1_758' title='bbox 3026 4627 3264 4681; x_wconf 80' lang='lat' dir='ltr'><strong>Laudale</strong></span> <span class='ocrx_word' id='word_1_759' title='bbox 3321 4627 3642 4689; x_wconf 82' lang='lat' dir='ltr'><strong>Dominum,</strong></span> 
     </span>
    </p>
   </div>
   <div class='ocr_carea' id='block_1_103' title="bbox 2070 4717 3646 4788">
    <p class='ocr_par' dir='ltr' id='par_1_103' title="bbox 2070 4717 3646 4788">
     <span class='ocr_line' id='line_1_103' title="bbox 2070 4717 3646 4788; baseline 0.001 -19"><span class='ocrx_word' id='word_1_760' title='bbox 2070 4734 2246 4770; x_wconf 72' lang='lat' dir='ltr'><strong>omnes</strong></span> <span class='ocrx_word' id='word_1_761' title='bbox 2274 4727 2449 4787; x_wconf 78' lang='lat' dir='ltr'><strong>gentes</strong></span> <span class='ocrx_word' id='word_1_762' title='bbox 2474 4759 2487 4783; x_wconf 97' lang='lat'><strong>,</strong></span> <span class='ocrx_word' id='word_1_763' title='bbox 2527 4717 2742 4771; x_wconf 79' lang='lat' dir='ltr'><strong>laudate</strong></span> <span class='ocrx_word' id='word_1_764' title='bbox 2776 4735 2892 4772; x_wconf 81' lang='lat' dir='ltr'><strong>cum</strong></span> <span class='ocrx_word' id='word_1_765' title='bbox 2914 4759 2928 4783; x_wconf 96' lang='lat'><strong>,</strong></span> <span class='ocrx_word' id='word_1_766' title='bbox 2964 4736 3139 4773; x_wconf 82' lang='lat' dir='ltr'><strong>omnes</strong></span> <span class='ocrx_word' id='word_1_767' title='bbox 3174 4720 3373 4788; x_wconf 82' lang='lat' dir='ltr'><strong>populi.</strong></span> <span class='ocrx_word' id='word_1_768' title='bbox 3407 4718 3646 4772; x_wconf 86' lang='lat' dir='ltr'><strong>Laudate</strong></span> 
     </span>
    </p>
   </div>
   <div class='ocr_carea' id='block_1_104' title="bbox 2072 4811 3647 4880">
    <p class='ocr_par' dir='ltr' id='par_1_104' title="bbox 2072 4811 3647 4880">
     <span class='ocr_line' id='line_1_104' title="bbox 2072 4811 3647 4880; baseline 0.001 -20"><span class='ocrx_word' id='word_1_769' title='bbox 2072 4816 2331 4878; x_wconf 87' lang='lat' dir='ltr'><strong>tanquam</strong></span> <span class='ocrx_word' id='word_1_770' title='bbox 2368 4816 2641 4878; x_wconf 88' lang='lat' dir='ltr'><strong>potentem</strong></span> <span class='ocrx_word' id='word_1_771' title='bbox 2663 4852 2677 4875; x_wconf 97' lang='lat'><strong>,</strong></span> <span class='ocrx_word' id='word_1_772' title='bbox 2718 4811 2935 4865; x_wconf 85' lang='lat' dir='ltr'><strong>laudate</strong></span> <span class='ocrx_word' id='word_1_773' title='bbox 2971 4822 3230 4878; x_wconf 87' lang='lat' dir='ltr'><strong>tanquam</strong></span> <span class='ocrx_word' id='word_1_774' title='bbox 3263 4812 3555 4880; x_wconf 82' lang='lat' dir='ltr'><strong>benignum</strong></span> <span class='ocrx_word' id='word_1_775' title='bbox 3591 4818 3647 4862; x_wconf 91' lang='lat' dir='ltr'><strong>ct</strong></span> 
     </span>
    </p>
   </div>
   <div class='ocr_carea' id='block_1_105' title="bbox 2076 4900 3646 4972">
    <p class='ocr_par' dir='ltr' id='par_1_105' title="bbox 2076 4900 3646 4972">
     <span class='ocr_line' id='line_1_105' title="bbox 2076 4900 3646 4972; baseline -0.001 -20"><span class='ocrx_word' id='word_1_776' title='bbox 2076 4902 2372 4954; x_wconf 90' lang='lat' dir='ltr'><strong>humanum</strong></span> <span class='ocrx_word' id='word_1_777' title='bbox 2405 4922 2415 4955; x_wconf 89' lang='lat'>:</span> <span class='ocrx_word' id='word_1_778' title='bbox 2453 4903 2710 4971; x_wconf 86' lang='lat' dir='ltr'><strong>quoniam</strong></span> <span class='ocrx_word' id='word_1_779' title='bbox 2747 4919 2842 4958; x_wconf 88' lang='lat' dir='ltr'><strong>eos</strong></span> <span class='ocrx_word' id='word_1_780' title='bbox 2878 4905 2970 4972; x_wconf 90' lang='lat' dir='ltr'><strong>qui</strong></span> <span class='ocrx_word' id='word_1_781' title='bbox 3006 4902 3320 4957; x_wconf 72' lang='lat' dir='ltr'><strong>ceciderant</strong></span> <span class='ocrx_word' id='word_1_782' title='bbox 3347 4914 3402 4955; x_wconf 91' lang='lat' dir='ltr'><strong>et</strong></span> <span class='ocrx_word' id='word_1_783' title='bbox 3447 4900 3646 4953; x_wconf 84' lang='lat' dir='ltr'><strong>mortui</strong></span> 
     </span>
    </p>
   </div>
   <div class='ocr_carea' id='block_1_106' title="bbox 2079 4989 3645 5057">
    <p class='ocr_par' dir='ltr' id='par_1_106' title="bbox 2079 4989 3645 5057">
     <span class='ocr_line' id='line_1_106' title="bbox 2079 4989 3645 5057; baseline -0.001 -14"><span class='ocrx_word' id='word_1_784' title='bbox 2079 4989 2294 5044; x_wconf 75' lang='lat' dir='ltr'><strong>fuerant</strong></span> <span class='ocrx_word' id='word_1_785' title='bbox 2320 5032 2334 5057; x_wconf 95' lang='lat'><strong>,</strong></span> <span class='ocrx_word' id='word_1_786' title='bbox 2370 5007 2566 5046; x_wconf 86' lang='lat' dir='ltr'><strong>rursus</strong></span> <span class='ocrx_word' id='word_1_787' title='bbox 2599 4991 2722 5045; x_wconf 75' lang='lat' dir='ltr'><strong>vita:</strong></span> <span class='ocrx_word' id='word_1_788' title='bbox 2771 4993 3044 5055; x_wconf 86' lang='lat' dir='ltr'><strong>restituit,</strong></span> <span class='ocrx_word' id='word_1_789' title='bbox 3079 5009 3172 5047; x_wconf 84' lang='lat' dir='ltr'><strong>vas</strong></span> <span class='ocrx_word' id='word_1_790' title='bbox 3205 4993 3436 5044; x_wconf 79' lang='lat' dir='ltr'><strong>fractum</strong></span> <span class='ocrx_word' id='word_1_791' title='bbox 3469 4992 3534 5044; x_wconf 87' lang='lat' dir='ltr'><strong>de</strong></span> <span class='ocrx_word' id='word_1_792' title='bbox 3565 4991 3645 5043; x_wconf 88' lang='lat' dir='ltr'><strong>in-</strong></span> 
     </span>
    </p>
   </div>
   <div class='ocr_carea' id='block_1_107' title="bbox 2077 5083 3650 5153">
    <p class='ocr_par' dir='ltr' id='par_1_107' title="bbox 2077 5083 3650 5153">
     <span class='ocr_line' id='line_1_107' title="bbox 2077 5083 3650 5153; baseline 0.001 -20"><span class='ocrx_word' id='word_1_793' title='bbox 2077 5089 2232 5151; x_wconf 86' lang='lat' dir='ltr'><strong>tegro</strong></span> <span class='ocrx_word' id='word_1_794' title='bbox 2263 5083 2580 5144; x_wconf 83' lang='lat' dir='ltr'><strong>renovavit,</strong></span> <span class='ocrx_word' id='word_1_795' title='bbox 2616 5083 2780 5136; x_wconf 89' lang='lat' dir='ltr'><strong>situm</strong></span> <span class='ocrx_word' id='word_1_796' title='bbox 2826 5093 2991 5153; x_wconf 90' lang='lat' dir='ltr'><strong>atque</strong></span> <span class='ocrx_word' id='word_1_797' title='bbox 3030 5083 3486 5153; x_wconf 81' lang='lat' dir='ltr'><strong>injucunditatem</strong></span> <span class='ocrx_word' id='word_1_798' title='bbox 3524 5084 3650 5136; x_wconf 87' lang='lat' dir='ltr'><strong>reli-</strong></span> 
     </span>
    </p>
   </div>
   <div class='ocr_carea' id='block_1_108' title="bbox 394 5166 3652 5249">
    <p class='ocr_par' dir='ltr' id='par_1_108' title="bbox 394 5166 3652 5249">
     <span class='ocr_line' id='line_1_108' title="bbox 394 5166 3652 5249; baseline 0.004 -30"><span class='ocrx_word' id='word_1_799' title='bbox 394 5168 688 5235; x_wconf 87' lang='lat' dir='ltr'><strong>quiarum,</strong></span> <span class='ocrx_word' id='word_1_800' title='bbox 720 5182 842 5236; x_wconf 70' lang='lat' dir='ltr'><strong>quae</strong></span> <span class='ocrx_word' id='word_1_801' title='bbox 884 5166 939 5220; x_wconf 90' lang='lat' dir='ltr'><strong>in</strong></span> <span class='ocrx_word' id='word_1_802' title='bbox 986 5166 1259 5236; x_wconf 89' lang='lat' dir='ltr'><strong>sepulcris</strong></span> <span class='ocrx_word' id='word_1_803' title='bbox 1331 5177 1531 5233; x_wconf 87' lang='lat' dir='ltr'><strong>erant,</strong></span> <span class='ocrx_word' id='word_1_804' title='bbox 1606 5169 1672 5223; x_wconf 88' lang='lat' dir='ltr'><strong>ad</strong></span> <span class='ocrx_word' id='word_1_805' title='bbox 1749 5172 1950 5225; x_wconf 74' lang='lat' dir='ltr'><strong>aninzal</strong></span> <span class='ocrx_word' id='word_1_806' title='bbox 2027 5175 2444 5249; x_wconf 87' lang='lat' dir='ltr'><strong>incorrttptibile</strong></span> <span class='ocrx_word' id='word_1_807' title='bbox 2491 5179 2722 5248; x_wconf 87' lang='lat' dir='ltr'><strong>benigne</strong></span> <span class='ocrx_word' id='word_1_808' title='bbox 2771 5179 3009 5249; x_wconf 81' lang='lat' dir='ltr'><strong>redegit,</strong></span> <span class='ocrx_word' id='word_1_809' title='bbox 3063 5180 3298 5232; x_wconf 79' lang='lat' dir='ltr'><strong>animam</strong></span> <span class='ocrx_word' id='word_1_810' title='bbox 3358 5195 3479 5248; x_wconf 78' lang='lat' dir='ltr'><strong>qua:</strong></span> <span class='ocrx_word' id='word_1_811' title='bbox 3527 5188 3652 5232; x_wconf 90' lang='lat' dir='ltr'><strong>ante</strong></span> 
     </span>
    </p>
   </div>
   <div class='ocr_carea' id='block_1_109' title="bbox 395 5258 3650 5339">
    <p class='ocr_par' dir='ltr' id='par_1_109' title="bbox 395 5258 3650 5339">
     <span class='ocr_line' id='line_1_109' title="bbox 395 5258 3650 5339; baseline 0.003 -29"><span class='ocrx_word' id='word_1_812' title='bbox 395 5267 637 5327; x_wconf 86' lang='lat' dir='ltr'><strong>quatuor</strong></span> <span class='ocrx_word' id='word_1_813' title='bbox 669 5258 837 5311; x_wconf 87' lang='lat' dir='ltr'><strong>millia</strong></span> <span class='ocrx_word' id='word_1_814' title='bbox 870 5271 1137 5310; x_wconf 88' lang='lat' dir='ltr'><strong>annorum</strong></span> <span class='ocrx_word' id='word_1_815' title='bbox 1183 5273 1385 5328; x_wconf 85' lang='lat' dir='ltr'><strong>corpus</strong></span> <span class='ocrx_word' id='word_1_816' title='bbox 1418 5260 1737 5328; x_wconf 87' lang='lat' dir='ltr'><strong>reliquerat,</strong></span> <span class='ocrx_word' id='word_1_817' title='bbox 1779 5264 1942 5318; x_wconf 87' lang='lat' dir='ltr'><strong>veluti</strong></span> <span class='ocrx_word' id='word_1_818' title='bbox 1976 5281 2042 5319; x_wconf 77' lang='lat' dir='ltr'><strong>ex</strong></span> <span class='ocrx_word' id='word_1_819' title='bbox 2077 5266 2238 5336; x_wconf 84' lang='lat' dir='ltr'><strong>longa</strong></span> <span class='ocrx_word' id='word_1_820' title='bbox 2288 5271 2724 5339; x_wconf 86' lang='lat' dir='ltr'><strong>peregrinatione</strong></span> <span class='ocrx_word' id='word_1_821' title='bbox 2754 5270 2818 5322; x_wconf 90' lang='lat' dir='ltr'><strong>ad</strong></span> <span class='ocrx_word' id='word_1_822' title='bbox 2852 5285 3012 5322; x_wconf 84' lang='lat' dir='ltr'><strong>suum</strong></span> <span class='ocrx_word' id='word_1_823' title='bbox 3039 5268 3380 5322; x_wconf 74' lang='lat' dir='ltr'><strong>don&#39;ticilium</strong></span> <span class='ocrx_word' id='word_1_824' title='bbox 3411 5268 3650 5327; x_wconf 78' lang='lat' dir='ltr'><strong>reduxit.</strong></span> 
     </span>
    </p>
   </div>
   <div class='ocr_carea' id='block_1_110' title="bbox 399 5351 3650 5437">
    <p class='ocr_par' dir='ltr' id='par_1_110' title="bbox 399 5351 3650 5437">
     <span class='ocr_line' id='line_1_110' title="bbox 399 5351 3650 5437; baseline 0.003 -32"><span class='ocrx_word' id='word_1_825' title='bbox 399 5366 624 5419; x_wconf 78' lang='lat' dir='ltr'><strong>cunque</strong></span> <span class='ocrx_word' id='word_1_826' title='bbox 659 5368 766 5405; x_wconf 91' lang='lat' dir='ltr'><strong>non</strong></span> <span class='ocrx_word' id='word_1_827' title='bbox 803 5366 916 5421; x_wconf 75' lang='lat' dir='ltr'><strong>pra:</strong></span> <span class='ocrx_word' id='word_1_828' title='bbox 950 5351 1128 5421; x_wconf 85' lang='lat' dir='ltr'><strong>spatio</strong></span> <span class='ocrx_word' id='word_1_829' title='bbox 1156 5353 1419 5422; x_wconf 88' lang='lat' dir='ltr'><strong>temporis</strong></span> <span class='ocrx_word' id='word_1_830' title='bbox 1455 5363 1508 5407; x_wconf 89' lang='lat' dir='ltr'><strong>et</strong></span> <span class='ocrx_word' id='word_1_831' title='bbox 1539 5355 1811 5413; x_wconf 87' lang='lat' dir='ltr'><strong>oblivione</strong></span> <span class='ocrx_word' id='word_1_832' title='bbox 1847 5362 2002 5430; x_wconf 89' lang='lat' dir='ltr'><strong>quasi</strong></span> <span class='ocrx_word' id='word_1_833' title='bbox 2048 5365 2389 5432; x_wconf 85' lang='lat' dir='ltr'><strong>peregrinam</strong></span> <span class='ocrx_word' id='word_1_834' title='bbox 2421 5382 2549 5437; x_wconf 88' lang='lat' dir='ltr'><strong>erga</strong></span> <span class='ocrx_word' id='word_1_835' title='bbox 2585 5381 2746 5420; x_wconf 89' lang='lat' dir='ltr'><strong>suum</strong></span> <span class='ocrx_word' id='word_1_836' title='bbox 2783 5366 3212 5419; x_wconf 89' lang='lat' dir='ltr'><strong>instrumentum</strong></span> <span class='ocrx_word' id='word_1_837' title='bbox 3246 5364 3518 5426; x_wconf 84' lang='lat' dir='ltr'><strong>aﬁ&#39;ectam,</strong></span> <span class='ocrx_word' id='word_1_838' title='bbox 3556 5366 3650 5418; x_wconf 85' lang='lat' dir='ltr'><strong>sel</strong></span> 
     </span>
    </p>
   </div>
   <div class='ocr_carea' id='block_1_111' title="bbox 398 5445 2276 5515">
    <p class='ocr_par' dir='ltr' id='par_1_111' title="bbox 398 5445 2276 5515">
     <span class='ocr_line' id='line_1_111' title="bbox 398 5445 2276 5515; baseline 0.005 -17"><span class='ocrx_word' id='word_1_839' title='bbox 398 5446 560 5498; x_wconf 78' lang='lat' dir='ltr'><strong>citius</strong></span> <span class='ocrx_word' id='word_1_840' title='bbox 602 5445 667 5498; x_wconf 83' lang='lat' dir='ltr'><strong>ad</strong></span> <span class='ocrx_word' id='word_1_841' title='bbox 704 5447 756 5500; x_wconf 88' lang='lat' dir='ltr'><strong>id</strong></span> <span class='ocrx_word' id='word_1_842' title='bbox 799 5448 1137 5511; x_wconf 87' lang='lat' dir='ltr'><strong>tendentem,</strong></span> <span class='ocrx_word' id='word_1_843' title='bbox 1165 5461 1330 5515; x_wconf 89' lang='lat' dir='ltr'><strong>quatn</strong></span> <span class='ocrx_word' id='word_1_844' title='bbox 1369 5447 1486 5502; x_wconf 86' lang='lat' dir='ltr'><strong>avis</strong></span> <span class='ocrx_word' id='word_1_845' title='bbox 1523 5447 1589 5500; x_wconf 90' lang='lat' dir='ltr'><strong>ad</strong></span> <span class='ocrx_word' id='word_1_846' title='bbox 1631 5447 1817 5502; x_wconf 92' lang='lat' dir='ltr'><strong>nidum</strong></span> <span class='ocrx_word' id='word_1_847' title='bbox 1849 5468 2010 5506; x_wconf 91' lang='lat' dir='ltr'><strong>suum</strong></span> <span class='ocrx_word' id='word_1_848' title='bbox 2043 5455 2276 5508; x_wconf 84' lang='lat' dir='ltr'><strong>devolat.</strong></span> 
     </span>
    </p>
   </div>
   <div class='ocr_carea' id='block_1_112' title="bbox 468 5535 1945 5620">
    <p class='ocr_par' dir='ltr' id='par_1_112' title="bbox 468 5535 1945 5610">
     <span class='ocr_line' id='line_1_112' title="bbox 468 5535 1945 5610; baseline 0.007 -22"><span class='ocrx_word' id='word_1_849' title='bbox 468 5535 723 5606; x_wconf 82' lang='grc' dir='ltr'>Εῖπωμεν</span> <span class='ocrx_word' id='word_1_850' title='bbox 748 5537 857 5607; x_wconf 74' lang='grc' dir='ltr'><strong>γάρ</strong></span> <span class='ocrx_word' id='word_1_851' title='bbox 885 5537 952 5592; x_wconf 74' lang='grc' dir='ltr'>τὰ</span> <span class='ocrx_word' id='word_1_852' title='bbox 979 5540 1154 5592; x_wconf 79' lang='grc' dir='ltr'>οἰκεῖα</span> <span class='ocrx_word' id='word_1_853' title='bbox 1183 5537 1284 5608; x_wconf 82' lang='grc' dir='ltr'>τῆς</span> <span class='ocrx_word' id='word_1_854' title='bbox 1315 5539 1530 5610; x_wconf 77' lang='grc' dir='ltr'>ἑορτῆς,</span> <span class='ocrx_word' id='word_1_855' title='bbox 1561 5540 1646 5593; x_wconf 84' lang='grc' dir='ltr'><strong>ἴνα</strong></span> <span class='ocrx_word' id='word_1_856' title='bbox 1672 5542 1945 5598; x_wconf 86' lang='grc' dir='ltr'>ἀκολούθω</span> 
     </span>
    </p>
   </div>
   <div class='ocr_carea' id='block_1_113' title="bbox 2049 5535 3651 5620">
    <p class='ocr_par' dir='ltr' id='par_1_113' title="bbox 2161 5545 3651 5620">
     <span class='ocr_line' id='line_1_113' title="bbox 2161 5545 3651 5620; baseline 0.002 -22"><span class='ocrx_word' id='word_1_857' title='bbox 2161 5545 2417 5603; x_wconf 86' lang='lat' dir='ltr'><strong>Dicamus</strong></span> <span class='ocrx_word' id='word_1_858' title='bbox 2438 5549 2589 5604; x_wconf 83' lang='lat' dir='ltr'><strong>enim</strong></span> <span class='ocrx_word' id='word_1_859' title='bbox 2621 5565 2682 5604; x_wconf 89' lang='lat' dir='ltr'><strong>ea</strong></span> <span class='ocrx_word' id='word_1_860' title='bbox 2704 5565 2827 5619; x_wconf 81' lang='lat' dir='ltr'><strong>quae</strong></span> <span class='ocrx_word' id='word_1_861' title='bbox 2875 5547 3094 5620; x_wconf 84' lang='lat' dir='ltr'><strong>proprie</strong></span> <span class='ocrx_word' id='word_1_862' title='bbox 3144 5547 3207 5600; x_wconf 90' lang='lat' dir='ltr'><strong>ad</strong></span> <span class='ocrx_word' id='word_1_863' title='bbox 3276 5548 3472 5602; x_wconf 64' lang='lat' dir='ltr'><strong>festum</strong></span> <span class='ocrx_word' id='word_1_864' title='bbox 3533 5559 3651 5619; x_wconf 76' lang='lat' dir='ltr'><strong>pcr-</strong></span> 
     </span>
    </p>
   </div>
   <div class='ocr_carea' id='block_1_114' title="bbox 475 5706 1518 5776">
    <p class='ocr_par' dir='ltr' id='par_1_114' title="bbox 475 5706 1518 5776">
     <span class='ocr_line' id='line_1_114' title="bbox 475 5706 1518 5776; baseline 0.009 -17"><span class='ocrx_word' id='word_1_865' title='bbox 475 5708 489 5739; x_wconf 76' lang='grc'><em>³</em></span> <span class='ocrx_word' id='word_1_866' title='bbox 529 5706 670 5761; x_wconf 66' lang='grc' dir='ltr'><strong>Ριιι.</strong></span> <span class='ocrx_word' id='word_1_867' title='bbox 700 5725 843 5773; x_wconf 78' lang='lat' dir='ltr'><strong>cxw,</strong></span> <span class='ocrx_word' id='word_1_868' title='bbox 883 5711 932 5762; x_wconf 88' lang='grc' dir='ltr'><strong>Ι.</strong></span> <span class='ocrx_word' id='word_1_869' title='bbox 1010 5713 1029 5742; x_wconf 81' lang='grc'>²</span> <span class='ocrx_word' id='word_1_870' title='bbox 1063 5709 1079 5762; x_wconf 95' lang='grc' dir='ltr'><strong>Ι</strong></span> <span class='ocrx_word' id='word_1_871' title='bbox 1120 5710 1246 5765; x_wconf 83' lang='lat' dir='ltr'><strong>Cor.</strong></span> <span class='ocrx_word' id='word_1_872' title='bbox 1287 5725 1383 5776; x_wconf 85' lang='lat' dir='ltr'><strong>vn,</strong></span> <span class='ocrx_word' id='word_1_873' title='bbox 1427 5710 1518 5768; x_wconf 74' lang='grc'><strong>51.</strong></span> 
     </span>
    </p>
   </div>
  </div>
