4154 6354
501 287 612 346 635

1784 281 1846 336 S.
1887 280 2215 338 GREGOllll
2253 281 2548 339 NVSSENI

3680 287 3786 343 655

506 402 724 464 tinent,
753 402 810 450 ut
856 393 923 449 ad
962 394 1110 465 ipsas
1175 408 1264 449 res
1307 393 1722 449 accommodate
1779 402 1836 446 et
1887 407 2088 448 conve-

2196 395 2285 447 καὶ
2320 395 2615 466 προσφυῶς
2656 399 2767 459 τοῖς
2813 397 3133 468 πράγμασιν
3166 399 3536 469 ἑορτάσωμεν.
3567 399 3639 453 Τὸ
3677 402 3787 472 γὰρ

506 494 731 548 nienter
776 488 1057 546 ferientur.
1120 484 1257 540 Nam
1298 487 1444 557 quod
1505 487 1866 558 improprium
1901 496 1987 541 est
2034 496 2093 543 ct

506 587 743 641 alienum
770 624 785 648 ,
826 592 1188 654 praeterquam
1223 581 1370 651 quod
1418 579 1554 634 nihil
1593 579 1858 649 prodest,
1894 597 1987 637 res
2007 589 2093 637 est

512 675 820 732 inordinata
844 715 859 741 ,
906 674 1269 744 incomposita
1303 681 1468 743 atque
1499 671 1740 728 absurda
1762 713 1778 738 ,
1838 688 1951 729 non
1996 689 2091 729 so-

510 772 623 827 lum
659 771 715 826 in
744 770 814 826 iis
836 769 1183 825 orationibus
1207 810 1223 836 ,
1249 783 1373 839 quae
1405 768 1472 823 de
1503 769 1771 840 religione
1801 785 1867 825 ac
1892 770 2097 840 pietate

507 862 804 927 habentur,
835 876 1024 915 verum
1066 862 1232 916 etiam
1265 861 1321 916 in
1354 861 1635 924 externis,
1683 870 1738 916 et
1767 861 1835 915 iis
1869 877 1991 932 quae
2026 861 2095 915 ad

512 952 847 1011 mundanam
880 954 1153 1025 pertinent
1173 952 1517 1024 sapientiam.
1547 952 1683 1020 Quis
1707 953 1851 1008 enim
1878 962 2097 1009 estora-

508 1059 597 1101 tor
628 1048 701 1099 ita
743 1044 951 1110 stultus
983 1045 1231 1116 adeoque
1282 1046 1585 1110 ridiculus,
1622 1048 1714 1116 qui
1764 1047 1833 1102 ad
1866 1046 2087 1116 nuptias

511 1138 792 1193 hilaritate
840 1145 896 1192 et
943 1137 1294 1206 iucunditate
1330 1138 1521 1209 plenas
1571 1148 1839 1202 vocatus.
1906 1139 2098 1193 relicto

510 1238 638 1300 apto
666 1236 720 1282 et
748 1226 995 1296 jucundo
1022 1242 1222 1298 genere
1257 1228 1525 1285 orationis
1546 1268 1561 1294 ,
1600 1231 1746 1299 quod
1782 1245 2095 1285 accommo-

509 1321 699 1375 datum
724 1320 833 1384 sit,
883 1335 947 1373 ac
977 1320 1139 1388 quasi
1178 1322 1591 1392 congratulctur
1615 1323 1877 1377 hilaritati
1913 1338 1977 1376 ac
2021 1321 2099 1376 fe-

512 1413 742 1466 stivitati
777 1417 1119 1475 conventus,
1170 1412 1346 1467 tristia
1381 1412 1630 1483 quaedam
1661 1414 1904 1467 carmina
1938 1421 2099 1481 atque

455 1574 462 1580 η
513 1504 768 1575 lugubria
816 1504 1169 1574 pronuntiet,
1200 1512 1255 1559 ct
1277 1521 1342 1559 ex
1385 1482 1653 1574 tragmdia
1692 1505 1894 1576 petitas
1949 1504 2100 1557 cala-
2126 1482 2139 1489 ῃ

515 1598 732 1652 mitates
767 1597 821 1651 in
845 1596 1099 1651 convivio
1130 1595 1364 1666 nuptiali
1391 1605 1446 1652 et
1476 1595 1534 1649 in
1558 1596 1804 1650 thalamo
1837 1592 2101 1650 occinat?

511 1690 621 1743 Αιιι
659 1705 724 1744 ex
754 1690 1037 1743 contrario
1064 1700 1285 1743 mortuo
1339 1687 1507 1742 alicui
1547 1688 1703 1758 justa
1761 1687 1990 1758 exsequi
2042 1699 2097 1742 et

2194 487 2458 541 ἀνοίκειον
2514 488 2608 542 καὶ
2660 488 2941 559 ἀλλότριον
2982 490 3119 560 πρὸς
3171 490 3249 562 τῷ
3300 491 3470 563 μηδὲν
3519 491 3782 561 ὠφελεῖν.

2193 579 2422 634 ἄτακτόν
2467 582 2582 633 ἐστι
2624 581 2719 634 καὶ
2765 579 3075 647 ἀλλόκοτον,
3118 583 3218 636 οὐκ
3252 584 3311 636 ὲν
3356 586 3469 647 τοῖς
3504 585 3633 654 περὶ
3655 582 3787 656 θρη-

2197 672 2384 736 σκείας
2407 674 2500 727 καὶ
2524 672 2809 738 εὐσεϐείας
2835 673 3034 743 λόγοις,
3062 675 3199 729 ἀλλὰ
3224 677 3319 729 καὶ
3339 677 3434 730 ἐπὶ
3455 676 3564 730 τῶν
3587 676 3786 742 ἔξωθεν

2195 765 2412 837 καὶτῆς
2445 765 2538 819 τοῦ
2566 766 2774 838 κόσμου
2807 768 3021 836 σοφίας.
3080 767 3178 831 Τίς
3210 767 3319 840 γὰρ
3351 769 3525 833 οὕτως
3561 770 3786 840 ἀνόητος

2194 856 2228 928 ἢ
2281 858 2631 928 ὐπεργελοῖος
2677 861 2882 930 ῥήτωρ,
2928 859 3004 922 ὡς
3062 858 3283 930 κληθεὶς
3331 862 3413 924 είς
3450 861 3786 932 φαιδρότητα

2193 951 2379 1019 γάμου
2408 952 2710 1023 ἀποστῆναι
2741 952 2840 1021 μὲν
2874 952 2983 1005 τῶν
3021 952 3293 1024 ἁρμοδίων
3325 953 3502 1022 λόγων
3527 955 3620 1007 καὶ
3648 953 3786 1023 γλα-

2197 1043 2387 1116 φυρῶν
2420 1044 2897 1099 συνευπαθούντων
2922 1048 3042 1109 ταῖς
3067 1047 3163 1117 τῆς
3192 1046 3554 1117 πανηγύρεως
3573 1046 3782 1116 χάρισι,

2196 1136 2364 1207 γοερᾶ
2407 1136 2463 1190 δὲ
2513 1136 2651 1208 μέλη
2694 1135 2910 1207 θρηνεῖν
2944 1136 3134 1190 καὶτὰ
3172 1140 3235 1191 ἐκ
3276 1137 3586 1208 τραγῳδίας
3640 1137 3784 1191 κακά

2195 1229 2305 1284 τῶν
2352 1229 2640 1283 παστάδων
2686 1230 3178 1301 κατολοφύρεσθαι;
3225 1229 3346 1301 ἦτὸ
3376 1230 3612 1301 ἔμπαλιν
3659 1232 3785 1283 ἐπι-

2196 1321 2418 1392 ταχθεὶς
2458 1322 2538 1374 ἐνὶ
2566 1321 2673 1373 τῶν
2701 1322 3167 1393 τετελευτηκότων
3200 1322 3269 1375 τά
3303 1321 3666 1393 νενομισμένα
3691 1338 3785 1375 τε-

2198 1412 2330 1474 λεῖν,
2361 1410 2711 1465 ἐπιλαθέσθαι
2758 1411 2858 1483 μὲν
2901 1410 2996 1464 τοῦ
3029 1410 3260 1477 πάθους,
3313 1412 3699 1484 φαιδρύνεσθαι
3727 1413 3786 1468 δὲ

2200 1503 2335 1573 προς
2365 1502 2458 1557 τὸν
2483 1503 2784 1572 κατηφείας
2815 1503 3053 1573 γέμοντα
3083 1504 3374 1573 σύλλογον;
3406 1506 3468 1558 Εἰ
3500 1505 3558 1557 δὲ
3589 1507 3648 1558 ἐν
3670 1509 3785 1570 τοῖς

2200 1597 2513 1667 ἐγκοσμίοις
2537 1598 2700 1650 καλὸν
2726 1600 2758 1667 ή
2790 1596 2942 1664 τάξις
2964 1598 3059 1652 καὶ
3085 1599 3385 1670 ἐπιστήμη,
3411 1598 3591 1671 πολλῷ
3612 1600 3783 1671 δήπου

2201 1686 2362 1740 πλέον
2390 1689 2449 1739 ὲν
2491 1690 2601 1750 τοῖς
2639 1687 2893 1758 μεγάλοις
2928 1689 3022 1742 καὶ
3064 1688 3331 1759 οὐρανίοις
3359 1690 3781 1762 ἁρμοδιώτερον.

511 1782 822 1837 orationem
877 1779 1161 1835 funebrem
1195 1781 1397 1836 habere
1435 1781 1662 1852 jussus,
1713 1781 1919 1836 oblitus
1952 1796 2094 1852 prae-

2197 1778 2431 1849 Χριστὸς
2454 1778 2631 1831 τοίνυν
2671 1779 2868 1848 ἀνέστη
2913 1781 3152 1852 σήμερον
3181 1783 3211 1834 ὁ
3236 1781 3386 1844 Θεὸς,
3421 1785 3450 1836 ὁ
3475 1783 3722 1854 ἀπαθὴς.
3749 1785 3779 1841 ὁ

514 1873 689 1927 sentis
747 1884 948 1933 casus,
987 1868 1296 1939 jucundum
1351 1884 1411 1925 se
1460 1872 1699 1940 praebeat
1757 1882 1812 1925 et
1858 1870 2091 1925 hilarem

512 1963 657 2033 apud
689 1962 947 2017 maestitia
979 1962 1198 2032 plenum
1217 1962 1585 2018 conventum?
1610 1961 1764 2029 Quod
1789 1963 1833 2018 si
1855 1963 1910 2017 in
1935 1962 2096 2017 rebus

512 2055 810 2111 mundanis
878 2070 967 2111 res
1014 2054 1217 2110 decora
1267 2065 1356 2110 est
1400 2055 1540 2109 ordo
1602 2062 1768 2126 atque
1827 2055 2093 2117 scientia,

513 2147 686 2202 multo
717 2146 963 2218 profecto
991 2146 1169 2218 magis
1215 2161 1338 2211 eam
1388 2147 1674 2204 observari
1733 2147 1996 2203 convenit
2038 2148 2095 2202 in

508 2241 678 2296 rebus
720 2240 935 2310 magnis
988 2247 1160 2310 atque
1214 2239 1555 2296 ccelestibus.
1617 2239 1876 2311 Christus
1930 2239 2096 2310 igitur

508 2333 671 2389 nobis
703 2333 1006 2389 resurrevit
1034 2332 1197 2387 hodie
1229 2332 1374 2388 Deus
1395 2370 1412 2397 ,
1467 2332 1879 2387 calamitatibus
1925 2340 1978 2387 et
2003 2348 2093 2386 ca~

510 2425 666 2479 sibus
692 2424 934 2493 amplius
966 2439 1075 2477 non
1104 2424 1380 2479 obnoxius
1402 2464 1418 2485 .
1465 2423 1795 2479 immortalis
1820 2427 1918 2495 (Ac
1952 2426 2093 2480 sub~

510 2518 644 2572 siste
672 2528 967 2585 parumper
1000 2516 1341 2583 tu,ethnice,
1360 2516 1567 2572 omisso
1597 2517 1859 2585 petulanti
1887 2532 1951 2569 ac
1973 2533 2097 2587 pro-

515 2616 672 2663 tervo
693 2609 842 2674 risu,
874 2606 1058 2677 quoad
1088 2607 1276 2661 omnia
1326 2607 1624 2675 audiveris)
1652 2622 1764 2662 non
1794 2606 1862 2662 ad
1896 2622 2094 2663 neces-

512 2700 730 2756 sitatem
755 2714 987 2754 casuum
1015 2739 1033 2763 ,
1069 2698 1156 2755 vel
1189 2698 1258 2754 de
1296 2699 1440 2754 coelo
1468 2698 1805 2755 descendere
1835 2707 2093 2767 coactus,

510 2795 595 2848 vel
653 2793 1114 2849 resurrectionem
1160 2802 1419 2862 tanquam
1475 2791 1912 2861 inexspectatum
1962 2792 2088 2846 ino-

508 2885 827 2956 pinatumve
864 2883 1189 2940 beneﬁcium
1233 2892 1434 2953 praeter
1490 2898 1645 2953 spem
1677 2884 1936 2954 adeptus,
1993 2881 2092 2939 sed

507 2977 603 3048 qui
633 2976 877 3032 novisset
916 2976 1168 3031 omnium
1203 2990 1384 3029 rerum
1421 2974 1581 3030 finem
1607 3014 1623 3040 ,
1668 2986 1831 3046 atque
1880 2977 1952 3029 ita
1986 2975 2093 3030 ini-

506 3071 643 3125 tium
674 3067 932 3135 fecisset,
965 3067 1142 3138 utqui
1200 3067 1255 3121 in
1287 3066 1465 3123 oculis
1494 3067 1804 3122 divinitatis
1860 3066 2090 3122 haberet
2123 3108 2166 3166 C

506 3164 916 3232 propositorum
943 3160 1315 3231 cognitionem
1338 3198 1354 3224 ,
1382 3166 1440 3216 et
1475 3160 1804 3230 priusquam
1830 3158 1898 3214 de
1946 3160 2090 3214 cmlo

506 3255 895 3316 descenderet,
925 3253 1132 3308 videret
1163 3259 1222 3306 et
1262 3251 1506 3322 gentium
1537 3251 2003 3323 perturbationem
2035 3260 2091 3307 et

505 3347 771 3401 duritiam
804 3346 1058 3410 lsraelis,
1087 3355 1142 3402 et
1167 3344 1404 3399 Pilatum
1433 3359 1532 3415 pro
1565 3344 1827 3400 tribunali
1856 3343 2049 3399 sedere
2073 3383 2089 3409 ,

506 3451 564 3494 ct
592 3438 853 3509 Caipbam
891 3446 1101 3494 vestem
1128 3437 1233 3493 sibi
1274 3434 1590 3493 discindere
1614 3473 1631 3500 ,
1662 3444 1718 3492 et
1769 3434 2090 3492 seditiosam

512 3534 721 3603 plebem
754 3532 834 3586 ira
865 3530 1192 3587 inﬂammari
1214 3570 1229 3597 ,
1282 3537 1338 3584 et
1371 3528 1568 3584 ludam
1598 3527 1862 3598 prodere,
1899 3536 1955 3583 ct
1996 3526 2095 3584 Pe-

509 3637 653 3678 trum
694 3637 1061 3692 propugnare,
1088 3630 1146 3676 ct
1175 3622 1337 3692 paulo
1367 3627 1491 3691 post
1512 3620 1754 3689 seipsnm
1776 3634 1873 3690 per
1911 3635 2094 3675 resur-

510 3715 809 3771 rectionem
839 3713 906 3767 ad
934 3714 1164 3785 gloriam
1198 3713 1630 3769 immortalitatis
1663 3712 2089 3769 transformare:

508 3823 575 3862 ne
627 3805 895 3878 quidquid
955 3805 1198 3861 futurum
1250 3813 1402 3870 erat,
1464 3805 1777 3875 cognitione
1844 3805 2094 3875 praescri-

510 3907 665 3967 ptum
715 3897 949 3961 habens,
987 3911 1096 3951 non
1122 3894 1338 3950 distulit
1362 3894 1686 3950 beneficium
1719 3896 1921 3950 homini
1957 3911 2094 3966 pra:—

510 3998 698 4056 stare,
756 4003 935 4058 neque
977 3987 1030 4042 in
1060 3987 1364 4057 longiorem
1399 3986 1545 4042 diem
1607 3988 1843 4041 contulit
1898 4002 2089 4043 earum

508 4092 691 4133 rerum
725 4076 1260 4134 administrationem
1287 4118 1302 4142 ,
1345 4075 1440 4132 sed
1464 4075 1929 4147 quemadmodum
1978 4077 2085 4140 illi,

507 4173 599 4241 qui
620 4170 855 4225 debilem
875 4170 1118 4241 aliquem
1156 4171 1226 4224 ab
1258 4162 1491 4240 impetu'
1526 4171 1791 4224 torrentis
1825 4176 1881 4224 et
1930 4182 2086 4225 vora-

509 4261 650 4321 uinis
677 4261 794 4331 rapi
824 4259 1047 4323 vident,
1080 4259 1207 4314 licet
1251 4258 1393 4313 haud
1432 4260 1747 4329 ignorantes
1772 4258 1918 4328 quod
1972 4257 2089 4313 ﬁeri

511 4353 704 4421 possit,
741 4359 798 4405 ut
828 4365 987 4405 canto
1012 4350 1271 4405 torrentis
1300 4350 1404 4419 ipsi
1448 4365 1667 4419 quoque
1705 4349 2087 4413 involvantur,

2198 1869 2463 1932 ἀθάνατος
2494 1870 2621 1937 (καὶ
2653 1871 2844 1940 μικρῆν
2880 1872 3101 1941 ἐπίσχες
3128 1873 3155 1925 ό
3184 1871 3412 1935 ἐθνικὸς,
3459 1876 3655 1944 παρεὶς
3690 1875 3780 1928 τὸν

2199 1961 2449 2032 προπετῆ
2497 1961 2737 2029 γέλωτα,
2795 1962 2986 2032 μέχρις
3026 1962 3092 2016 ἂν
3124 1963 3340 2018 πάντων
3386 1965 3680 2037 ἀκούσῃς),
3719 1968 3777 2020 οὐ

2198 2052 2334 2122 πρὸς
2382 2052 2626 2123 ἀνάγκην
2657 2052 2864 2119 παθὼν,
2895 2053 3015 2107 οὐδὲ
3048 2054 3147 2125 τὴν
3184 2056 3244 2121 ἐξ
3281 2055 3525 2126 οὐρανῶν
3556 2058 3781 2113 κάθοδον

2200 2142 2463 2214 βιασθεὶς,
2490 2143 2612 2197 οὐδέ
2638 2142 2734 2214 τὴν
2764 2143 3061 2199 ἀνάστασιν
3090 2145 3160 2209 ὡς
3186 2147 3592 2218 ἀπροσδόκητον
3628 2150 3783 2222 εὐερ-

2197 2236 2386 2303 γεσίαν
2425 2235 2557 2307 παρ’
2596 2233 2819 2297 ἐλπίδας
2851 2234 3048 2306 εὑρὼν.
3087 2234 3201 2288 ἀλλ’
3231 2235 3386 2302 εἰδὼς
3424 2239 3643 2292 πάντων
3674 2240 3781 2292 τῶν

2198 2327 2539 2397 πραγμάτων
2567 2324 2628 2378 τὸ
2657 2325 2828 2389 τέλος,
2874 2326 2969 2379 καὶ
3006 2324 3150 2380 οὕτω
3196 2326 3296 2398 τὴν
3339 2327 3514 2400 ἀρχὴν
3552 2331 3782 2400 ποιησάο

2201 2436 2380 2487 μενος,
2404 2417 2544 2487 ἔχων
2586 2419 2645 2471 ἐν
2668 2416 2965 2488 ὀφθαλμοῖς
2991 2418 3092 2487 τῆς
3123 2417 3377 2490 θεότητος
3417 2421 3524 2474 τῶν
3560 2439 3781 2493 προκειο

2199 2510 2377 2579 μένων
2405 2508 2504 2580 τὴν
2533 2506 2755 2578 γνῶσιν,
2799 2509 2892 2562 καὶ
2928 2510 3057 2581 πρὶν
3101 2511 3162 2576 ἐξ
3189 2509 3436 2582 οὐρανῶν
3464 2513 3777 2579 κατελθεῖν,

2199 2600 2412 2672 βλέπων
2438 2597 2663 2654 καὶτῶν
2686 2599 2855 2653 ἐθνῶν
2887 2600 2986 2673 τὴν
3014 2602 3281 2672 ταραχὴν,
3311 2604 3519 2657 καὶτοῦ
3566 2605 3780 2677 Ἰσραὴλ

2196 2693 2296 2764 τὴν
2345 2692 2724 2764 σκληρότητα,
2774 2691 2869 2746 καὶ
2911 2692 3143 2746 Πιλάτον
3198 2695 3637 2765 προκαθήμενον,
3685 2698 3780 2751 καὶ

2199 2786 2452 2852 Καϊάφαν
2474 2784 2622 2855 αὐτῷ
2649 2784 2748 2855 τὴν
2774 2782 2975 2854 ἐσθῆτα
3004 2802 3066 2837 πε
3077 2788 3541 2857 ρισπαράσσοντα,
3564 2790 3668 2843 καῖ
3687 2789 3780 2845 τὸν

2200 2875 2469 2947 στασιώδη
2518 2877 2689 2948 δῆμον
2734 2876 3163 2948 φλεγμαίνοντα,
3212 2881 3304 2932 καὶ
3349 2878 3550 2934 Ἰούδαν
3597 2882 3780 2952 προδι-

2198 2965 2381 3032 δόντα,
2411 2967 2505 3020 καὶ
2554 2968 2759 3039 Πέτρον
2795 2969 3267 3039 ὑπερμαχόμενον,
3315 2973 3409 3025 καὶ
3440 2974 3557 3042 μετ’
3600 2973 3779 3043 ὀλίγον

2198 3058 2389 3111 ἑαυτὸν
2418 3061 2484 3130 τῇ
2518 3059 2812 3114 ἀναστάσει
2855 3064 2936 3124 εἰς
2974 3060 3134 3124 δόξαν
3160 3062 3464 3135 ἀφθαρσίας
3502 3081 3780 3136 μεταμορ-

2201 3150 2302 3220 φού
2311 3168 2472 3220 μενον
2493 3167 2506 3181 ·
2534 3151 2631 3204 καὶ
2654 3152 2763 3205 πᾶν
2799 3152 2861 3204 τὺ
2895 3152 3087 3222 μέλλον
3127 3153 3264 3225 ἔχων
3287 3156 3778 3228 ὑπογεγραμμένον

2197 3245 2265 3314 τῇ
2304 3240 2538 3312 γνώσει,
2586 3243 2690 3297 οὐκ
2735 3244 3030 3298 ἀνεϐάλετο
3076 3244 3175 3316 τὴν
3234 3248 3315 3311 εἰς
3361 3247 3452 3302 τὸν
3493 3250 3778 3322 ἄνθρωπον

2200 3335 2382 3405 χάριν,
2424 3334 2546 3389 οὐδὲ
2589 3334 2887 3407 ὑπερέθετο
2931 3335 3030 3408 τὴν
3063 3338 3405 3409 οἰκονομίαν·
3440 3339 3556 3395 ἀλλ’
3587 3342 3778 3417 ὥσπερ

2199 3427 2248 3478 oi
2284 3425 2376 3507 τὸν
2409 3426 2611 3496 ἀσθενῆ
2655 3431 2807 3499 παρά
2835 3428 3114 3498 χαράδρας
3146 3430 3440 3501 συρόμενον
3469 3432 3775 3503 βλέποντες,

2199 3518 2400 3583 εἰδότες
2429 3520 2504 3583 ὡς
2544 3518 2777 3573 ἐστικαὶ
2820 3521 3064 3593 βορϐόρῳ
3105 3521 3197 3574 τοῦ
3237 3525 3541 3596 χειμάρρου
3574 3527 3780 3600 ἐνειλη-

2201 3609 2381 3681 θῆναι,
2429 3613 2522 3665 καὶ⁵
2562 3613 2663 3679 τῆς
2717 3612 2931 3684 πληγῆς
2961 3615 3291 3685 ἀνασχέσθαι
3320 3616 3431 3669 τῶν
3460 3616 3622 3672 λίθων
3669 3619 3779 3673 τῶν

2202 3702 2626 3772 συνωθουμένων
2670 3705 2821 3776 παρὰ
2866 3706 2960 3759 τοῦ
2995 3706 3207 3773 ὕδατος,
3250 3709 3403 3779 ὅμως
3434 3710 3524 3765 διὰ
3549 3712 3611 3766 τὸ
3642 3730 3778 3782 συμ-

2200 3794 2371 3859 παθὲς
2411 3793 2471 3848 τδ
2518 3798 2647 3868 περὶ
2692 3798 2784 3851 τὸν
2826 3798 3205 3855 κινδυνεύοντα
3248 3802 3349 3854 οὐκ
3404 3804 3623 3858 ὀκνοῦσι
3678 3805 3777 3876 τὴν

2199 3887 2430 3941 εἴσοδον·
2490 3887 2633 3941 οὕτω
2686 3890 2781 3943 καὶ
2830 3892 2860 3942 ὁ
2920 3890 3299 3963 φιλάνθρωπος
3338 3893 3493 3963 ἡμῶν
3546 3895 3773 3968 Σωτὴρ.

2198 3979 2476 4051 ἐθελοντὴς
2520 3982 2812 4051 ὑϐριστικά
2847 3983 2940 4036 καὶ
2973 3983 3144 4054 ἄτιμα
3177 3985 3526 4053 κατεδέξατο,
3569 3988 3654 4042 ἵνα
3683 3991 3776 4043 τὸν

2199 4074 2257 4140 ἐξ
2303 4073 2521 4144 ἀπάτης
2575 4074 2945 4146 ἀπολλύμενον
3000 4073 3183 4147 σώσῃ,
3236 4078 3503 4150 κατῆλθεν
3556 4083 3636 4146 εἰς
3684 4083 3776 4136 τὸν

2200 4163 2333 4234 βίον.
2376 4163 2563 4236 ἐπειδὴ
2609 4165 2828 4236 προῄδει
2869 4167 2963 4219 καὶ
3000 4166 3099 4235 τὴν
3129 4166 3311 4221 ἄνοδον
3341 4169 3568 4236 ἔνδοξον.
3616 4173 3775 4228 Ἀπο-

2198 4256 2377 4309 θανεῖν
2417 4255 2495 4325 τῷ
2530 4256 2856 4329 ἀνθρωπίνῳ
2899 4257 3092 4311 ἑαυτὸν
3134 4259 3535 4332 συνεχώρησεν,
3585 4265 3773 4337 ἐπειδὴ

2198 4346 2292 4400 καὶ
2322 4346 2419 4418 τὴν
2454 4347 2672 4417 ἔγερσιν
2718 4348 3138 4419 προεγίνωσκεν.
3186 4352 3258 4403 Οὐ
3289 4352 3396 4423 γὰρ
3436 4353 3513 4417 ὡς
3554 4348 3634 4418 εἷς
3666 4356 3776 4407 τῶν

506 4456 561 4498 et
590 4443 855 4514 lapidum,
875 4458 1016 4514 quos
1046 4457 1234 4498 secum
1271 4456 1411 4512 aqua
1448 4443 1590 4512 rapit
1619 4452 1784 4513 atque
1814 4441 2088 4512 provehit,

2198 4440 2394 4493 κοινῶν
2440 4438 2765 4511 ἀνθρώπων,
2811 4440 3196 4510 ῥιψοκινδύνως
3238 4443 3440 4515 ἐτόλμα
3468 4449 3535 4518 τῇ
3580 4447 3776 4517 άδηλία

509 4536 709 4590 ictibus
738 4535 1023 4596 laedantur.
1040 4542 1221 4589 tamen
1244 4550 1353 4604 pra).
1371 4534 1749 4590 misericordia
1773 4535 2094 4606 periclitan-

512 4628 586 4683 tis
610 4627 823 4697 ingredi
848 4641 957 4682 non
1000 4636 1297 4697 gravantur
1330 4642 1343 4678 :
1374 4625 1448 4683 ita
1472 4625 1730 4682 Servator
1764 4634 1954 4683 uoster
1982 4627 2090 4681 bu-

2195 4530 2290 4585 τοῢ
2323 4531 2608 4603 μέλλοντος
2647 4532 2960 4603 ἐπιτρέπων
2999 4532 3098 4604 τὴν
3122 4533 3367 4598 ἔκϐασιν,
3398 4535 3515 4590 ἀλλ’
3544 4537 3618 4602 ὼς
3644 4538 3776 4600 Θεὸς

2192 4626 2461 4697 ᾠκονόμει
2499 4624 2562 4677 τὸ
2612 4623 2990 4695 προκείμενον,
3023 4625 3116 4678 ἐπὶ
3148 4626 3297 4698 ῥητῷ
3332 4627 3425 4681 καὶ
3449 4628 3779 4700 ἐγνωσμένῳ

509 4734 706 4775 manus
730 4717 874 4773 ultro
900 4733 963 4773 ac
987 4727 1184 4788 sponte
1212 4733 1312 4773 sua
1339 4719 1739 4775 contumeliosa
1767 4726 1823 4774 et
1849 4718 2089 4789 ignomi—
2184 4717 2262 4788 τῷ
2288 4717 2450 4771 τέλει.
3296 4740 3299 4743 π

510 4816 666 4869 niosa
689 4813 952 4882 suscepit,
981 4821 1040 4866 ut
1067 4828 1190 4867 cum
1222 4813 1315 4882 qui
1349 4811 1542 4868 fraude
1565 4814 1824 4884 perierat,
1852 4823 2116 4877 servaret,
2136 4812 2419 4868 descendit
2441 4813 2494 4868 in
2522 4812 3079 4882 muudnm,quoniam
3106 4811 3438 4883 praevidebat
3465 4813 3630 4869 etiam
3661 4815 3779 4884 glo-

512 4908 717 4962 riosum
735 4920 1047 4962 ascensum.
1072 4904 1203 4960 Mori
1229 4920 1287 4959 se
1316 4906 1502 4976 generi
1531 4908 1767 4961 humano
1789 4906 2059 4975 permisit,
2088 4908 2349 4976 quoniam
2369 4905 2830 4961 resurrectionem
2849 4921 3068 4977 quoque
3093 4908 3493 4975 praesentiebat,
3517 4919 3567 4963 et
3592 4910 3777 4964 animo

509 4989 860 5073 praevidebat.
890 4996 1008 5054 Non
1031 5001 1178 5054 enim
1212 5002 1376 5056 sicuti
1410 5018 1553 5056 unus
1578 5016 1643 5055 ex
1669 5000 1986 5073 vulgaribus
2010 5002 2328 5057 hominibus
2356 5013 2560 5057 temere
2599 5017 2722 5057 sese
2768 5003 3025 5072 periculis
3054 5002 3371 5072 objiciebat,
3399 5005 3775 5061 iurertitudini

511 5091 679 5147 futuri
708 5098 940 5147 eventus
982 5100 1102 5146 rem
1134 5092 1490 5148 committens
1512 5132 1528 5157 ,
1570 5092 1666 5148 sed
1707 5100 1968 5163 tanquam
1993 5093 2135 5150 Deus
2172 5109 2285 5148 rem
2330 5093 2666 5163 propositam
2692 5102 2842 5148 certo
2867 5095 3251 5163 dcstinaloquc
3277 5093 3379 5148 ﬁne
3411 5096 3653 5165 regebat.

580 5182 710 5238 Ha'c
731 5184 900 5254 igitur
925 5192 1003 5237 est
1032 5182 1145 5239 dies
1169 5222 1183 5247 ,
1214 5200 1377 5254 quam
1411 5185 1535 5254 fecit
1576 5184 1866 5252 Dominus,
1902 5186 2085 5240 exsul.-

506 5284 678 5329 (ciuus
718 5281 769 5328 et
821 5274 1062 5329 twtemur
1107 5275 1163 5328 in
1201 5277 1319 5342 ea’,
1357 5292 1464 5332 non
1504 5277 1864 5333 ebrietatibus
1901 5286 1956 5332 et
1996 5293 2089 5331 co-

507 5366 972 5427 messationibus,
1041 5382 1148 5421 non
1207 5369 1394 5426 choris
1462 5376 1517 5424 et
1554 5367 2082 5425 debacchationibus

507 5457 755 5522 insanis,
779 5458 874 5513 sed
913 5459 1114 5514 divinis
1152 5476 1215 5515 ac
1248 5460 1358 5517 Deo
1394 5462 1848 5518 convenientibus
1872 5462 2086 5533 cogita-

501 5548 770 5607 tionibus.
812 5548 985 5608 llodie
1010 5552 1327 5609 universum
1361 5555 1552 5612 orbem
1589 5564 1862 5623 terrarum
1898 5555 2084 5611 videre

575 5730 600 5764 ⁸
628 5730 777 5790 Ρετι.
800 5746 971 5800 cxvii,
997 5732 1089 5788 9.4.

2269 5185 2431 5250 Αὕτη
2481 5186 2657 5238 τοίνυν
2695 5186 2733 5253 ἡ
2755 5183 2965 5255 ἡμέρα,
2998 5184 3078 5253 ῆν
3114 5185 3406 5254 ἐποίησεν
3446 5189 3480 5241 ό
3525 5189 3737 5257 Κύριος
3758 5206 3775 5222 ·

2160 5257 2695 5348 ’ἀγαλλιασώμεθα
2728 5277 2824 5332 καὶ
2873 5277 3297 5347 εὐφρανθῶμεν
3347 5279 3416 5333 ἐν
3463 5279 3638 5350 αὐτῇ,
3700 5283 3775 5351 μὴ

2197 5369 2392 5440 μέθαις
2423 5371 2516 5424 καὶ
2547 5369 2773 5441 κώμοις,
2811 5368 2885 5441 μὴ
2922 5371 3104 5440 χοροῖς
3128 5370 3222 5423 καὶ¹
3253 5371 3563 5441 παροινίαις
3582 5414 3597 5437 ,
3639 5373 3777 5429 ἀλλὰ

2192 5465 2314 5527 ταῖς
2341 5461 2631 5517 θεοειδέσιν
2655 5461 2905 5525 ἐννοίαις.
2940 5461 3187 5533 Σήμερον
3230 5461 3449 5517 ἃπασαν
3478 5462 3577 5535 τὴν
3599 5466 3777 5519 οἰκου-

2195 5556 2364 5628 μένην
2393 5556 2540 5611 ἔστιν
2571 5554 2698 5611 ἰδεῖν
2724 5554 2799 5618 ὡς
2823 5554 2950 5610 μίαν
2975 5553 3152 5608 οἰκίαν
3185 5555 3266 5621 είς
3299 5556 3619 5629 συμφωνίαν
3658 5558 3777 5624 ἐνὸς
