4154 6354
340 417 444 478 65⁷1

1265 414 1329 468 ΙΝ
1365 412 1640 470 CHRISTI
1689 411 2321 472 RIZSUiillECTlONEM
2352 413 2562 472 ORAT.
2596 413 2684 470 lli.

3485 418 3488 422 ’
3513 417 3616 473 (⁵5δί

343 543 666 610 πράγματος
715 536 1076 606 συγχυθεῖσαν
1126 531 1414 589 τούκατά
1457 536 1744 606 συνήθειαν
1792 537 1932 606 πρά-

2044 536 2167 590 licet
2191 575 2207 599 ,
2230 535 2460 604 perinde
2498 549 2559 588 ac
2579 535 2626 590 si
2669 549 2776 589 una
2809 534 3006 591 domus
3052 534 3311 600 esset,in
3343 536 3507 592 amius
3544 543 3620 593 rei

344 649 572 702 γματος,
609 629 1144 703 μετασκευασθεῐσαν
1176 629 1231 682 δὲ
1268 630 1348 682 ἐνί
1384 629 1686 700 συνθήματι
1732 631 1809 692 εἰς
1833 628 1930 699 τὴν

346 723 580 795 σπουδὴν
606 725 705 794 τῆς
734 724 917 793 εὐχῆς.
939 724 1002 775 At
1031 722 1296 795 λεωφόροι
1325 725 1448 786 τοὺς
1485 723 1797 794 ὁδοιπόρους
1831 723 1933 776 οὑκ

347 815 557 886 ἔχουσι·
613 815 858 868 θάλασσα
917 815 1158 886 σήμερον
1209 814 1420 868 ναυτῶν
1479 816 1573 868 καὶ
1627 814 1932 884 πλωτήρων

346 906 548 976 ἕρημος
565 922 577 933 ·
608 903 851 974 γεωργὸς
873 902 969 974 τὴν
997 903 1282 973 σκαπάνην
1306 905 1399 956 καὶ
1417 902 1475 955 τὸ
1492 902 1719 973 ἄροτρον
1746 901 1928 971 ρίψας,

346 1001 424 1060 είς
453 997 513 1049 τὸ
540 995 631 1048 τοῦ
662 995 1013 1066 ἐορτάζοντος
1051 996 1234 1063 σχῆμα
1267 992 1703 1046 ἐκαλλωπίσατο·
1747 993 1802 1044 αί
1835 1009 1934 1044 κα-

348 1091 568 1162 πηλεῖαι
599 1089 697 1160 τῆς
732 1087 1002 1159 ἐμπορίας
1032 1084 1409 1157 σχολάζουσιν·
1446 1087 1502 1139 αί
1536 1084 1787 1155 ὀχλήσεις
1812 1083 1933 1136 ἐλύ-

347 1184 538 1254 θησαν,
573 1183 646 1244 ὡς
671 1179 880 1252 χειμὼν
929 1179 1284 1249 ἐπιφανέντος
1327 1179 1517 1248 ἔαρος·
1561 1177 1779 1248 θόρυϐοι
1841 1178 1932 1231 καὶ

345 1272 582 1343 ταραχαὶ
625 1271 720 1324 καὶ
764 1271 922 1334 ζάλαι
963 1268 1056 1322 τοῦ
1097 1270 1234 1340 βίου,
1264 1271 1326 1339 τῇ
1383 1269 1575 1341 εἰρήνῃ
1606 1269 1700 1338 τῆς
1738 1268 1934 1339 ἑορτῆς

347 1363 722 1434 ὑπεξέστησαν
742 1379 755 1394 ·
785 1365 813 1416 ὁ
853 1362 1022 1433 πένης
1053 1362 1127 1425 ὡς
1155 1361 1409 1424 πλούσιος
1443 1359 1876 1426 καλλωπίζεται·
1904 1363 1934 1414 6

349 1455 601 1518 πλούσιος
648 1455 747 1525 τῆς
779 1453 1066 1524 συνηθείας
1113 1453 1570 1524 περιφανέστερος
1621 1452 1930 1506 δείκνυται·

346 1550 374 1602 6
401 1547 713 1619 πρεσϐύτης
741 1547 816 1610 ὼς
858 1546 976 1608 νέος
1011 1544 1194 1617 τρέχει
1226 1545 1363 1616 πρὸς
1386 1544 1485 1616 τὴν
1515 1545 1806 1615 μετουσίαν
1835 1547 1931 1615 τῆς

347 1639 686 1711 εὐφροσύνης
709 1656 720 1669 ·
750 1639 777 1690 ὁ
807 1637 1058 1710 ἀσθενὴς,
1090 1639 1182 1690 καὶ
1220 1639 1320 1708 τὴν
1355 1637 1510 1691 νόσον
1553 1637 1836 1707 βιάζεται·
1874 1640 1936 1692 τὸ

348 1734 560 1787 παιδίον
606 1737 671 1804 τῇ
708 1732 976 1805 ἐξαλλαγῇ
1015 1735 1114 1803 τῆς
1151 1732 1379 1798 ἐσθῆτος
1440 1732 1714 1802 αίσθητως
1748 1732 1936 1803 ἐορτά-⁹

350 1825 468 1890 ζει,
524 1825 710 1896 ἐπειδὴ
763 1825 968 1894 νοητῶς
1015 1824 1226 1877 οὐδέπω
1275 1823 1516 1877 δύναται.
1561 1824 1624 1876 'll
1667 1824 1934 1894 παρθένος

351 1918 750 1990 ὑπεργάννυται
783 1918 881 1988 τὴν
909 1916 1106 1988 ψυχὴν,
1147 1918 1228 1970 ὅτι
1255 1917 1355 1987 τῆς
1392 1917 1527 1980 ἰδίας
1555 1917 1768 1980 ἐλπίδος
1797 1917 1935 1988 λαμ·
1971 1912 2008 1968 Β

349 2012 494 2081 πράν
537 2012 629 2064 καὶ
672 2010 814 2063 οὑτω
859 2011 1177 2081 τιμωμένην
1221 2011 1322 2080 τὴν
1368 2011 1676 2080 ὑπόμνησιν
1711 2009 1930 2080 βλέπει·

349 2105 646 2177 ὴὲγγαμος
674 2105 779 2174 ὅλῳ
811 2104 887 2173 τῷ
914 2103 1240 2176 πληρώματι
1269 2103 1370 2174 τῆς
1398 2105 1572 2168 οἰκίας
1603 2103 1935 2176 ἑορτάζουσα

350 2198 557 2269 χαίρει·
583 2196 679 2250 νῦν
706 2199 813 2268 γὰρ
840 2197 999 2266 αὑτὴ,
1039 2196 1130 2249 καὶ
1161 2198 1190 2250 6
1227 2197 1492 2262 σύνοικος,
1529 2196 1622 2249 καὶ
1649 2199 1695 2250 οἱ
1725 2198 1932 2263 παῖδες,

349 2290 443 2342 καὶ
470 2289 518 2342 οἱ
559 2289 795 2350 οἰκέται,
829 2288 922 2341 καὶ
952 2288 1153 2351 πάντες
1187 2288 1425 2357 ἐφέστιοι
1454 2289 1777 2355 ἀγάλλονται
1827 2291 1936 2343 Καὶ

349 2384 536 2453 ὥσπερ
583 2382 642 2435 τὸ
689 2382 892 2451 σμῆνος
940 2380 1049 2432 τῶν
1100 2380 1369 2449 μελισσῶν
1403 2381 1464 2434 τὸ
1496 2381 1614 2434 νέον
1649 2382 1742 2434 καὶ
1785 2383 1937 2452 ἀρτί-

349 2491 525 2536 τοκον,
568 2471 782 2543 πρῶτον
832 2472 932 2540 τῆς
973 2471 1384 2541 καταδύσεωςῆ
1435 2471 1542 2526 τῶν
1589 2472 1937 2526 καλαθίσκων

349 2565 484 2636 πρὸς
514 2565 606 2618 τὸν
631 2565 767 2636 ἀέρα
798 2565 892 2618 καὶ
924 2564 984 2617 τὸ
1017 2563 1130 2634 φῶς
1162 2565 1542 2636 ἐξιπτάμενον,
1576 2565 1777 2636 ἄθρουν
1798 2564 1934 2636 ὁμοῦ

349 2658 442 2711 καὶ
479 2658 818 2728 συνηγμένον
865 2659 944 2710 ἐνὶ
996 2658 1174 2728 κλάδῳ
1203 2656 1418 2730 δένδρου
1457 2659 1932 2728 προσπλάσσεται·

349 2749 522 2812 οὕτως
571 2751 662 2803 ἐπί
719 2749 925 2820 ταύτης
973 2751 1073 2821 τῆς
1122 2753 1315 2822 ἑορτῆς
1364 2751 1636 2823 ὁλόκληρα
1689 2752 1756 2805 τὰ
1803 2752 1936 2822 γένη

349 2842 486 2912 πρὸς
514 2841 610 2906 τὰς
639 2842 824 2906 ἑστίας
863 2844 1160 2914 συντρέχει.
1201 2844 1310 2896 Καὶ
1343 2843 1557 2914 ἀληθῶς
1598 2847 1664 2916 τῇ
1709 2847 1938 2917 μιμήσει

352 2932 488 3002 πρὸς
518 2933 616 3004 τὴν
671 2934 968 3005 μέλλουσαν
997 2935 1208 3006 ἡμέραν
1246 2938 1277 3006 ἡ
1313 2936 1561 3006 παροῦσα
1597 2937 1777 3002 καλῶς
1802 2940 1936 2992 dva-

352 3025 595 3096 φέρεται.
643 3027 1009 3098 Ἀθροιστικαὶ
1077 3027 1184 3098 γὰρ
1233 3027 1533 3098 ἀνθρώπιον
1594 3028 1934 3100 ἀμφότεραι,

352 3118 534 3189 ἐκείνη
569 3118 676 3172 τῶν
723 3119 972 3181 καθόλου,
1015 3120 1153 3190 αὕτη
1186 3121 1292 3172 τῶν
1341 3122 1434 3174 ἐπί
1488 3123 1720 3192 μέρους·
1769 3124 1855 3176 ἵνα
1883 3124 1939 3176 δὲ

353 3208 413 3262 τὸ
439 3208 800 3280 ἀληθέστερον
824 3211 1086 3280 εἴπωμεν,
1129 3210 1252 3262 ὅσον
1280 3213 1358 3273 εἰς
1403 3212 1733 3281 φαιδρότητα
1783 3212 1937 3284 φέρει

354 3304 449 3357 καὶ
476 3303 761 3373 εὐθυμίαν,
793 3303 933 3373 αὕτη
963 3306 1061 3375 τῆς
1095 3303 1549 3375 προσδοκωμένης
1577 3305 1935 3378 χαριεστέρα,

354 3389 542 3460 ἐπειδὴ
584 3390 704 3442 τότε
760 3390 856 3460 μὲν
898 3391 1210 3460 ἐπάναγκες
1257 3393 1349 3445 καὶ
1398 3394 1527 3456 τοὺς
1582 3394 1940 3465 ὀδυρομένους

352 3481 600 3553 ὁρᾶσθαι,
648 3476 722 3536 ὧν
768 3484 822 3536 αἱ
873 3484 1137 3554 ἁμαρτίαι
1171 3485 1683 3539 ἀποκαλύπτονται·
1747 3486 1840 3540 νῦν
1884 3489 1966 3542 δὲ-

355 3575 702 3639 ἀνεπίδεκτος
729 3575 834 3629 τῶν
870 3576 1208 3646 σκυθρωπῶν
1233 3579 1378 3630 ἐστιν
1406 3579 1436 3647 ἡ
1461 3578 1746 3632 εὐπάθεια.
1784 3579 1855 3632 "0
1883 3597 1941 3632 τε

355 3667 464 3740 γὰρ
490 3668 696 3732 δίκαιος
731 3669 1102 3740 εὐφραίνεται,
1129 3669 1222 3722 καὶ
1253 3670 1278 3720 ὁ
1313 3671 1376 3723 τὸ
1400 3669 1637 3734 συνειδὸς
1667 3673 1741 3742 μὴ
1770 3670 1941 3725 καθα-

357 3755 530 3827 ρεύων
556 3758 811 3827 ἀναμένει
839 3759 938 3828 τὴν
982 3762 1044 3812 ἐκ
1069 3760 1166 3828 τῆς
1199 3761 1484 3830 μετανοίας
1515 3761 1821 3832 διόρθωσιν,
1851 3763 1944 3815 καὶ

357 3851 506 3902 πᾶσα
533 3851 565 3920 ὴ
596 3849 740 3920 λύπη
774 3851 864 3904 ἐπὶ
901 3851 1002 3919 τῆς
1045 3852 1328 3924 παρούσης
1355 3854 1567 3923 ἡμέρας
1601 3855 1938 3926 κοιμίζεται·

355 3941 531 4005 οὐδεὶς
565 3941 622 3995 δὲ
652 3940 796 3994 οὕτω
827 3942 1156 4007 κατώδυνος,
1180 3942 1254 4008 ὡς
1275 3943 1459 3998 ἄνεσιν
1493 3944 1567 4016 μὴ
1598 3945 1853 4017 εὑρέσθαι
1874 3949 1941 4018 τῇ

360 4034 806 4107 μεγαλοπρεπείᾳ
834 4036 931 4106 τῆς
967 4036 1160 4108 ἑορτῆς
1181 4053 1192 4066 ·
1230 4035 1326 4090 νῦν
1354 4039 1382 4091 6
1411 4037 1694 4109 δεσμώτης
1719 4039 1940 4093 λύεται·

357 4128 386 4180 6
424 4124 704 4196 χρεώστης
726 4125 973 4195 ἀφίεται·
996 4127 1024 4178 6
1047 4125 1232 4189 δοῦλος
1253 4125 1632 4196 ἐλευθεροῦται
1655 4125 1732 4196 τῷ
1755 4126 1945 4198 ἀγαθῷ

358 4217 452 4268 καὶ
477 4215 666 4283 φιλανθ
678 4215 842 4286 ρώπῳ
857 4216 956 4286 τῆς
993 4214 1318 4287 Ἐκκλησίας
1339 4217 1676 4288 κηρύγματι,
1703 4220 1763 4271 οὑ
1793 4221 1946 4292 ῥαπι-

359 4309 586 4377 ζόμενος
622 4310 946 4379 ἀσχημόνως
985 4310 1126 4364 κατά
1174 4314 1274 4381 τῆς
1320 4314 1571 4381 παρειᾶς,
1611 4312 1704 4364 καὶ
1762 4313 1942 4384 πληγῇ

356 4404 456 4471 τῆς
506 4403 716 4473 πληγῆς
756 4404 1082 4474 ἀφιέμενος,
1128 4405 1248 4458 οὑδὲ
1291 4403 1479 4477 ὥσπερ
1532 4407 1589 4458 ἐν
1635 4410 1826 4477 πομπῇ
1869 4405 1946 4478 τῷ

358 4493 517 4562 δήμῳ
557 4494 902 4563 δεικνύμενος
928 4496 1011 4563 ἐφ’
1042 4495 1231 4566 ὑψηλῷ
1263 4495 1501 4567 βήματι,
1546 4497 1702 4569 ὓϐριν
1730 4499 1785 4551 δὲ
1808 4497 1946 4569 ἔχων

2033 629 2100 683 de
2134 645 2286 684 more
2329 629 2446 683 ﬁeri
2477 630 2653 684 solita:
2703 642 3036 684 consensum
3089 642 3154 682 ac
3217 629 3376 697 quasi
3415 643 3620 683 conso-

2035 723 2279 777 nantiam
2324 723 2528 778 coiisse
2556 730 2720 792 atque
2783 723 3096 784 coaluisse,
3141 736 3364 791 unoque
3422 720 3618 792 signo,

2033 815 2192 882 quasi
2231 822 2437 868 tessera
2490 824 2715 879 accepta
2771 811 2838 865 ad
2891 811 3136 867 studimu
3199 811 3470 865 orationis
3511 818 3623 864 tra-

2033 906 2285 961 ductum.
2323 904 2436 959 Viae
2459 904 2691 974 publica:
2728 904 3034 958 viatoribus
3075 911 3260 956 carent
3285 943 3298 963 ,
3343 918 3493 956 mare
3533 902 3622 955 ho-

2032 999 2122 1055 die
2150 1015 2178 1052 a
2219 998 2405 1052 nautis
2432 1009 2486 1053 et
2517 997 2830 1053 vectoribus
2867 996 3141 1052 desertqu
3179 1014 3192 1049 :
3227 994 3468 1065 agricola
3502 1009 3622 1046 ara-

2033 1097 2122 1143 tro
2181 1103 2245 1143 ac
2281 1089 2461 1159 ligone
2502 1088 2744 1159 projecto
2780 1088 2834 1142 in
2895 1087 3140 1142 habitum
3177 1087 3427 1140 feriantis
3471 1101 3622 1138 cotu-

2034 1183 2247 1253 positus
2273 1190 2326 1237 et
2359 1190 2657 1237 exornatus
2673 1192 2777 1244 est,
2806 1196 3071 1251 cauponae
3093 1197 3120 1233 a
3143 1188 3356 1250 quaestu
3383 1187 3612 1232 vacant:

2036 1277 2297 1346 strepitus
2329 1286 2589 1347 tanquam
2633 1276 2810 1330 hiems
2848 1284 3136 1344 appetente
3180 1290 3307 1329 vere
3364 1284 3608 1336 cessant.

2035 1369 2303 1423 tumultus
2327 1411 2340 1434 ,
2386 1369 2558 1424 turba:
2579 1413 2592 1431 ,
2627 1369 2749 1422 vitae
2779 1369 3033 1438 procellae
3061 1367 3183 1437 paci
3219 1376 3273 1421 ct
3302 1367 3471 1437 quieti
3515 1367 3611 1421 dici

2036 1459 2160 1515 festi
2225 1461 2620 1524 decesserunt,
2686 1476 2890 1530 pauper
2942 1469 3000 1514 ut
3058 1460 3212 1515 dives
3277 1468 3578 1512 exornatur

2035 1551 2185 1606 dives
2221 1553 2384 1606 solito
2409 1551 2749 1621 splendidior
2779 1550 3158 1618 conspicitur;
3193 1565 3359 1603 senex
3395 1549 3602 1616 perinah

2037 1660 2100 1698 ac
2131 1645 2352 1710 juvouis
2380 1645 2620 1699 accurrit
2656 1687 2671 1712 ,
2719 1652 2778 1697 ut
2810 1643 3082 1712 particeps
3126 1641 3328 1695 laetitiae
3369 1641 3460 1694 ﬁat
3484 1680 3498 1702 ,
3537 1642 3590 1694 iu

2039 1739 2230 1792 ﬁrmus
2273 1753 2494 1807 quoque
2535 1738 2642 1790 vim
2707 1737 2900 1790 morbo
2929 1733 3131 1789 all'ert:
3174 1734 3389 1804 puellus
3437 1733 3609 1787 infant

2039 1830 2343 1884 mutatione
2368 1830 2537 1884 vestis
2563 1845 2727 1885 sensu
2746 1836 2971 1882 externo
2999 1827 3357 1887 l'estumcolil,
3383 1824 3624 1894 quando-

2039 1922 2260 1992 quidem
2289 1922 2534 1974 interiori
2558 1920 2722 1974 animi
2753 1935 2922 1973 sensu
2956 1917 3196 1972 nondum
3224 1926 3425 1988 potest.
3454 1915 3623 1986 Virgo

2039 2017 2092 2070 iu
2122 2015 2306 2068 animo
2333 2030 2435 2070 suo
2475 2014 2829 2069 vehementer
2867 2013 3085 2072 laetatur
3112 2051 3127 2075 ,
3184 2010 3330 2080 quod
3364 2026 3478 2064 sua:
3507 2013 3620 2079 spei

2037 2107 2476 2164 recordationem
2533 2107 2669 2161 adeo
2724 2106 3010 2178 Splendide
3075 2105 3337 2158 honorari
3393 2106 3618 2168 cernit;

2039 2199 2451 2256 materfamilias
2486 2215 2611 2252 cum
2649 2207 2764 2253 toto
2796 2213 2958 2268 grege
2985 2198 3182 2252 domus
3209 2236 3224 2259 ,
3272 2199 3490 2252 nemine
3539 2195 3625 2248 fa-

2037 2293 2334 2346 miliarium
2384 2300 2547 2361 atque
2610 2290 3036 2346 domesticorum
3101 2289 3366 2351 absente,
3422 2289 3622 2344 festum

2037 2385 2325 2441 celebrans
2358 2386 2579 2438 laetatur
2615 2403 2627 2437 :
2664 2399 2812 2438 nunc
2839 2382 2985 2437 enim
3019 2381 3138 2452 ipsa
3195 2388 3360 2452 atque
3396 2381 3629 2434 maritus

2039 2489 2092 2534 et
2118 2479 2310 2546 liberi,
2362 2487 2416 2532 et
2457 2479 2599 2533 servi
2626 2519 2640 2545 ,
2666 2492 2970 2544 omnesque
3006 2476 3295 2530 domestici
3346 2475 3624 2529 laetantur.

2039 2570 2116 2625 Ac
2141 2571 2305 2626 veluti
2341 2587 2539 2625 novum
2564 2585 2629 2624 ac
2685 2586 2880 2625 recens
2911 2569 3120 2624 editum
3177 2584 3407 2624 examen
3462 2583 3626 2638 apuau

2039 2677 2102 2716 cx
2142 2662 2384 2716 latibulis
2420 2661 2654 2730 primum
2699 2669 2755 2715 et
2817 2659 3130 2713 alvearibus
3165 2658 3328 2712 simul
3376 2666 3628 2712 coactum

2041 2763 2204 2823 atque
2236 2754 2542 2808 confertum
2577 2753 2630 2807 in
2664 2769 2847 2808 acrem
2883 2767 2948 2804 ac
2981 2751 3156 2804 lucem
3210 2751 3436 2804 evolans
3474 2764 3631 2802 ramo

2040 2847 2275 2915 alicujus
2318 2845 2532 2900 arboris
2585 2860 2705 2900 sese
2760 2844 3002 2913 applicat
3038 2851 3092 2897 et
3146 2841 3433 2897 considit:
3485 2840 3630 2893 llulttl

2042 2937 2198 2990 aliter
2222 2936 2274 2988 in
2310 2935 2414 2988 hoc
2449 2934 2587 2988 festo
2629 2935 2854 3001 integrae
2892 2933 3115 2986 familiae
3155 2931 3222 2984 ad
3276 2932 3433 2986 sedes
3465 2946 3613 3000 quac-

2042 3041 2151 3096 que
2205 3041 2335 3081 suas
2385 3024 2696 3079 coallnunt.
2735 3030 2814 3079 Ac
2875 3024 3264 3094 profectoipsa
3320 3023 3631 3077 inuitatione

2043 3132 2282 3187 praesens
2312 3117 2428 3172 dies
2453 3116 2516 3169 ad
2551 3115 2793 3171 futurum
2831 3126 2977 3171 recte
3017 3116 3258 3170 refertur
3291 3125 3455 3184 atque
3479 3131 3630 3169 com-

2042 3219 2286 3278 paratur.
2321 3208 2560 3280 Uterque
2591 3209 2734 3262 enim
2773 3209 3057 3261 hominum
3099 3217 3466 3277 congregatur
3500 3217 3582 3261 est
3613 3225 3625 3259 :

2045 3303 2134 3356 ille
2162 3304 2568 3366 universorum,
2593 3303 2680 3357 hic
2712 3302 3074 3372 singularium
3111 3320 3124 3356 :
3156 3311 3213 3356 ut
3235 3310 3416 3355 autem
3448 3302 3632 3355 verius

2044 3393 2329 3460 dit-amns,
2364 3404 2632 3466 quantum
2665 3395 2732 3450 ad
2797 3395 3040 3450 laetitiam
3093 3394 3331 3464 pertinet
3353 3402 3406 3449 ct
3441 3393 3631 3448 hilari-

2045 3493 2246 3540 tatem:
2292 3485 2406 3540 haec
2439 3501 2602 3556 quam
2637 3486 2727 3539 illa
2754 3529 2768 3551 ,
2823 3503 2946 3555 quae
2978 3494 3366 3556 exspectatur,
3423 3486 3634 3556 gratior

2045 3595 2108 3632 ac
2158 3579 2460 3648 jucundior
2513 3589 2627 3644 est,
2685 3580 2887 3650 quippe
2931 3587 3063 3633 tunc
3122 3578 3344 3649 quidem
3402 3594 3633 3633 necesse

2044 3681 2128 3726 est
2155 3673 2316 3726 etiam
2344 3672 2706 3727 lamentantes
2731 3672 2924 3733 videri,
2959 3687 3194 3740 quorum
3226 3671 3479 3724 Videlicet
3509 3687 3631 3739 pec-

2046 3775 2169 3821 cata
2200 3767 2568 3839 detegunlur;
2630 3771 2918 3838 pra‘sentis
2977 3783 3109 3822 vero
3171 3767 3632 3836 dieijurunalitas

2047 3857 2229 3914 unitos
2260 3858 2501 3912 admittit
2530 3859 2716 3914 tristes
2745 3867 2799 3914 et
2831 3859 3015 3913 animo
3036 3857 3329 3912 demissos.
3385 3855 3518 3910 Nam
3579 3867 3636 3911 et

2042 3951 2228 4022 justus
2259 3951 2510 4015 laetatur,
2545 3960 2599 4005 et
2638 3951 2683 4005 is
2710 3951 2802 4020 qui
2838 3949 3234 4004 conscientiam
3292 3963 3483 4019 puram
3521 3965 3635 4002 non

2047 4043 2210 4097 habet
2245 4082 2260 4106 ,
2300 4042 2790 4112 exresipiscentia
2823 4041 2908 4096 sui
2943 4041 3341 4095 correctionem
3403 4048 3589 4108 sperat
3613 4079 3633 4103 ,

2048 4144 2212 4203 atque
2255 4135 2435 4190 omnis
2473 4133 2526 4188 in
2553 4133 2804 4203 praesenti
2857 4133 2945 4185 die
3005 4131 3224 4185 tristitia
3279 4133 3457 4200 sopita
3511 4139 3630 4186 est:

2049 4227 2232 4281 nullus
2254 4234 2436 4280 autem
2474 4227 2609 4278 aleo
2642 4226 2971 4294 aegritudine
3015 4240 3238 4292 pressus
3272 4232 3325 4277 et
3353 4224 3631 4277 obnoxius

2048 4325 2163 4380 est,
2229 4316 2360 4386 quin
2430 4332 2523 4386 per
2585 4316 2749 4384 hujus
2807 4314 2930 4369 festi
2985 4314 3444 4384 magniﬁcentiam:
3506 4315 3637 4368 ntali

2049 4409 2133 4464 sui
2169 4410 2545 4464 remissionem
2582 4408 2782 4461 sentiat
2817 4417 2980 4477 atque
3032 4407 3275 4460 levamen
3320 4425 3332 4459 :
3400 4406 3503 4459 hoe
3547 4407 3637 4460 die

2050 4503 2175 4556 nexi
2227 4502 2561 4556 solvuntur:
2602 4499 2820 4554 debitor
2866 4499 3206 4564 dimittitur;
3243 4514 3436 4554 servus
3493 4499 3642 4553 bono

359 4587 454 4639 καὶ
505 4586 874 4658 ἓρυθριασμδν
936 4587 1032 4659 τὴν
1080 4589 1255 4661 ἀρχὴν
1291 4591 1388 4660 τῆς
1426 4589 1770 4661 ἐλευθερίας·
1831 4591 1941 4645 ἀλλ’

2052 4604 2103 4646 et.
2145 4593 2385 4647 humano
2433 4589 2709 4662 praeconio
2749 4602 2912 4660 atque
2945 4589 3127 4644 edicto
3160 4587 3414 4644 Ecclesiae
3444 4605 3637 4645 manu-

358 4676 502 4730 οὑτω
547 4678 785 4746 κοσμίως
829 4677 1158 4748 ἀφιέμενος,
1207 4679 1280 4743 ὡς
1319 4679 1677 4748 γινώσκεται.
1727 4681 1948 4753 εὐεργε-

357 4773 530 4823 τεῖται
571 4771 663 4822 καὶ
700 4771 727 4822 6
753 4769 929 4839 μένων
968 4771 1060 4823 ἐπὶ
1090 4771 1187 4841 τῆς
1211 4771 1458 4836 δουλείας
1491 4772 1590 4828 ἔτι.
1624 4775 1685 4827 Ei
1719 4777 1824 4845 γὰρ
1855 4777 1947 4828 καὶ

359 4865 531 4918 πολλὰ
565 4864 660 4918 καὶ
702 4864 871 4935 βαρέα
897 4867 964 4918 τὰ
1001 4866 1392 4938 ἁμαρτήματα,
1424 4868 1758 4938 παραίτησιν
1781 4869 1948 4940 ὑπερ-

360 4956 614 5009 ϐαίνοντα
642 4957 734 5010 καὶ
774 4953 1128 5026 συγγνώμην,
1165 4955 1482 5026 αἰδούμενος
1529 4959 1556 5010 6
1584 4959 1862 5029 Δεσπότης
1887 4959 1949 5011 τὸ

358 5050 456 5120 τῆς
491 5050 706 5120 ἡμέρας
751 5049 985 5119 γαληνὸν
1019 5049 1114 5102 καὶ
1158 5049 1562 5120 φιλάνθρωπον,
1611 5051 1826 5122 δέχεται
1855 5053 1950 5105 τὸν

360 5142 795 5213 ἀπερριμμένον,
849 5142 942 5194 καὶ
988 5143 1044 5195 ἐν
1074 5143 1187 5205 τοῖς
1229 5141 1444 5213 ἀτίμοις
1487 5141 1784 5214 ὁρώμενον,
1822 5145 1952 5209 ὼςὸ

363 5238 564 5308 Φαραὼ
609 5236 702 5289 τὸν
745 5236 984 5305 οἰνοχόον
1015 5237 1080 5288 ἐκ
1114 5234 1208 5288 τοῦ
1241 5236 1638 5306 δεσμωτηρίου.
1675 5232 1798 5290 Οἵδε
1838 5237 1950 5309 γὰρ

359 5331 436 5394 ὡς
478 5329 618 5383 κατὰ
645 5329 742 5400 τὴν
792 5327 1130 5400 προθεσμίαν
1180 5327 1280 5398 τῆς
1317 5328 1691 5394 ἀναστάσεως,
1729 5323 1797 5402 ἧς
1827 5331 1950 5384 καθ’

358 5422 652 5492 ὁμοιότητα
674 5421 772 5493 τὴν
813 5420 1093 5493 παροῦσαν
1126 5419 1394 5492 τιμῶμεν,
1437 5420 1628 5493 χρῄζει
1670 5424 1764 5476 καὶ
1789 5423 1951 5488 αὑτὸς

358 5514 456 5579 τῆς
479 5512 825 5579 ἀνεξικακίας
856 5516 949 5568 καὶ
969 5515 1068 5584 τῆς
1085 5513 1420 5586 ἀγαθὸτητος
1435 5514 1528 5568 τοῦ
1545 5515 1838 5579 Δεσπότου,
1857 5518 1954 5571 καὶ

358 5606 620 5670 δανείζων
651 5605 884 5658 ἐνταῦθα
917 5607 1007 5658 τὸν
1038 5606 1204 5668 ἔλεον,
1255 5607 1531 5678 προσδοκᾷ
1569 5605 1667 5677 τὴν
1697 5607 1952 5661 ἀπόδοσιν

359 5701 420 5751 ἐν)
471 5697 668 5770 καιρῷ.
714 5698 1052 5762 Ἠκούσατε,
1092 5700 1138 5751 οἱ
1189 5699 1483 5763 δεσπόταις
1533 5699 1809 5764 σῐύλάξατε
1858 5699 1951 5752 τὸν

360 5789 520 5858 λόγον
550 5790 624 5853 ὡς
655 5789 881 5858 ἀγαθὸν,
926 5789 1002 5860 μὴ
1028 5789 1318 5860 διαϐἀλητέ
1342 5809 1408 5860 με
1431 5789 1581 5861 παρὰ
1605 5792 1718 5853 τοῖς
1742 5788 1951 5854 δούλοις

359 5882 670 5953 ιῦςψευδῶς
722 5881 818 5952 τὴν
863 5883 1075 5954 ἡμέραν
1107 5883 1546 5954 ἐγκωμιαζὸντα·
1591 5881 1816 5953 ἀφέλετε
1851 5881 1951 5952 τὴν

2056 4686 2329 4751 mittitur,
2373 4700 2473 4739 nec
2515 4694 2695 4740 tamen
2733 4685 2904 4755 alapis
2941 4682 3083 4739 fwtle
3117 4699 3180 4738 os
3221 4683 3342 4752 ejus
3373 4681 3639 4744 caeditur,

2057 4782 2323 4850 plagaque
2357 4794 2386 4832 a
2433 4779 2586 4848 plaga
2615 4778 2881 4833 liberatur
2913 4797 2926 4831 :
2967 4791 3100 4837 nec,
3169 4775 3638 4844 quemadmodum-

2056 4874 2110 4928 in
2140 4888 2338 4943 pompa
2369 4872 2486 4926 ﬁeri
2519 4873 2693 4937 solet,
2730 4872 2783 4925 in
2837 4869 2985 4925 edito
3021 4878 3185 4938 atque
3237 4867 3458 4922 sublimi
3511 4882 3639 4935 sug-

2053 4973 2208 5036 gesto
2263 4965 2464 5034 populo
2521 4970 2874 5027 ostentatur,
2915 4977 2944 5015 a
2991 4962 3194 5015 rubore
3242 4971 3296 5014 et
3356 4967 3640 5012 contume-

2057 5059 2128 5112 lia
2158 5057 2463 5112 libertatem
2483 5071 2638 5109 suam
2664 5070 2896 5110 exorsus
2925 5072 2938 5107 :
2966 5053 3058 5108 sed
3093 5052 3164 5105 ita
3191 5053 3390 5105 decore
3420 5065 3484 5103 ac
3541 5049 3640 5104 ho-

2059 5146 2566 5208 nestedimittitur,
2633 5153 2692 5200 ut
2749 5153 2941 5200 notum
2990 5154 3114 5210 est;
3175 5142 3446 5196 beneﬁcio
3509 5141 3638 5196 item

2057 5239 2291 5292 atlicitur
2346 5239 2414 5298 is,
2453 5237 2546 5306 qui
2602 5237 2784 5291 adhuc
2840 5237 2894 5290 in
2951 5235 3216 5290 servitute
3249 5240 3453 5286 manet.
3505 5229 3640 5286 Nam

2056 5331 2274 5386 etiamsi
2305 5330 2476 5384 anulla
2509 5344 2573 5383 ac
2600 5329 2784 5399 gravia
2837 5328 2950 5383 sint
2975 5327 3204 5388 delicta,
3242 5341 3365 5394 quae
3424 5325 3643 5378 veniam

2059 5438 2123 5478 ac
2152 5421 2595 5492 deprecationem
2636 5419 2906 5475 excedant
2932 5461 2946 5482 ,
2975 5417 3142 5486 hujus
3169 5415 3275 5469 diei
3325 5413 3644 5469 serenitatis

2055 5523 2111 5570 et
2153 5515 2512 5569 humanitatis
2554 5512 2910 5567 veneratione
2958 5509 3227 5562 Dominus
3269 5508 3464 5576 recipit
3495 5505 3644 5572 atie-

2055 5617 2234 5671 ctum,
2287 5617 2340 5662 et
2373 5608 2517 5662 inter
2543 5605 2679 5660 viles
2709 5613 2764 5659 et
2813 5603 3211 5676 ignominiosos
3242 5599 3642 5668 conspicuum,

2058 5698 2518 5769 quemadmodum
2544 5697 2760 5752 Pharao
2784 5711 2849 5751 ex
2891 5711 3115 5750 carcere
3150 5693 3492 5764 pinceruam.
3532 5686 3643 5740 No-

2059 5791 2134 5845 vit
2167 5791 2311 5843 enim
2344 5791 2461 5860 ipse
2504 5801 2750 5860 tempore
2783 5786 3178 5845 resurrectioni
3222 5784 3501 5838 destinato
3522 5821 3537 5847 ,
3574 5778 3644 5834 ad

2058 5883 2217 5954 cujus
2241 5883 2652 5939 similitudinem
2679 5889 3001 5950 praesentem
3023 5877 3648 5937 tlieIu-cehoucstamus.
