4154 6354
481 453 487 460 .
523 407 628 456 υίιυ

1750 405 1805 459 S.
1847 404 2177 460 GliEGORll
2213 401 2509 458 NYSSliNi

3683 388 3786 461 (ω

526 520 687 573 etiam
735 512 977 589 seipsum
1035 534 1173 590 opus
1219 520 1420 576 habere
1473 522 1695 578 leuitate
1738 541 1802 580 ae
1856 527 2099 581 bonitate

2215 524 2375 594 ιύπην
2413 521 2523 576 τῶν
2567 518 2903 589 θλιϐομένων
2953 513 3162 585 ψυχῶν,
3215 512 3289 575 ὡς
3337 512 3366 564 ὀ
3423 508 3630 581 Κύριος
3677 508 3788 562 τῶν

530 611 741 665 nomini
767 650 782 676 ,
819 621 872 665 et
919 614 1074 682 quasi
1106 621 1294 666 mutuo
1336 615 1769 670 misericordiam
1839 618 1925 671 hic
1961 619 2098 674 dans

524 709 807 772 exspectat
843 702 894 755 in
929 712 1169 772 tempore
1202 719 1303 758 suo
1326 705 1642 759 relationem
1664 714 1735 761 -ct
1767 722 2096 776 compensa-

526 791 749 846 tionem.
808 791 1075 852 Audistis,
1127 785 1329 847 domini
1382 814 1394 849 :
1445 795 1731 850 Custodite
1790 813 2096 853 sermonem

527 899 625 953 pro
657 885 835 950 bono,
884 900 954 939 ne
1010 884 1311 941 traducatis
1351 903 1435 941 me
1481 889 1622 958 apud
1662 905 1881 953 servos,
1939 890 2100 959 quasi

531 976 667 1028 fa'so
726 991 789 1030 ac
843 991 949 1030 non
1003 977 1218 1031 sincere
1269 968 1523 1034 laudibus
1582 981 1854 1035 celebrem
1923 982 2098 1045 diem,

527 1066 787 1119 dimittite
832 1066 1210 1133 aegritudinem
1268 1066 1481 1121 atllirtis
1513 1076 1568 1122 et
1625 1069 1806 1122 anxiis
1863 1069 2100 1131 animis,

530 1153 988 1223 quemadmodum
1050 1152 1310 1208 Dominus
1369 1156 2102 1225 corporibusmortificatio-

531 1260 652 1299 nem
689 1264 702 1299 :
740 1246 1008 1299 traducite
1039 1245 1270 1300 infames
1303 1246 1369 1299 ad
1420 1246 1789 1312 honestatem;
1833 1247 2103 1303 restituite

530 1338 824 1408 ignominia
859 1348 1072 1393 notatos
1104 1340 1155 1391 in
1198 1331 1355 1390 Tantm
1387 1338 1753 1409 integritatem
1780 1356 1794 1404 ;
1830 1340 2103 1394 traducite

531 1428 596 1482 ad
632 1427 886 1498 gaudium
920 1428 1146 1484 afﬂictos
1178 1469 1192 1492 ,
1242 1428 1310 1482 ad
1376 1429 1680 1484 libertatem
1735 1434 2005 1485 sermonis
2046 1430 2105 1484 ti—

530 1522 691 1576 dncia
745 1537 810 1576 ac
872 1522 1125 1577 libertate
1185 1524 1455 1577 (‘:It't‘tllt‘S.
1513 1523 1739 1578 Edncite
1779 1539 1845 1578 ex
1905 1524 2105 1596 angulo

530 1623 789 1684 tanquam
824 1629 887 1669 ex
913 1615 1180 1683 sepulcris
1209 1614 1505 1684 projeetos.
1539 1615 1855 1671 Eﬂlorescat
1893 1628 1943 1670 et
1973 1618 2106 1671 emi-

531 1715 656 1761 neat
696 1706 748 1759 in
784 1706 1037 1759 omnibus
1071 1706 1230 1759 sicuti
1267 1705 1365 1759 ﬂos
1390 1748 1404 1769 ,
1448 1706 1615 1761 decor
1655 1706 1762 1760 diei
1796 1705 1936 1762 festi.
1970 1706 2103 1762 Nam

531 1800 576 1853 si
602 1798 797 1851 natalis
837 1796 955 1852 dies
997 1797 1233 1851 hominis
1261 1798 1404 1866 regis
1436 1812 1709 1852 carcerem
1742 1799 1953 1869 aperit:
1989 1799 2106 1856 dies

2203 616 2471 686 σωμάτων
2499 612 2596 685 τὴν
2637 611 2932 682 νέκρωσιν·
2987 604 3459 677 μεταμορφώσατε
3495 603 3622 665 τοὺς
3670 600 3788 654 ἀτί-

2204 724 2337 777 μους
2383 707 2460 767 εῑς
2515 700 2831 773 ἐπιτιμίαν,
2880 698 3006 760 τοὺς
3054 695 3406 765 θλιϐομένους
3442 692 3521 755 εἷς
3575 688 3785 760 χαρὰν,

2199 800 2326 861 τοὺς
2375 795 2887 869 ἀπαρρησιάστους,
2934 791 3014 852 εἰς
3066 786 3399 858 παρρησίαν.
3457 780 3786 849 Ἐξαγάγετ;

2199 891 2296 957 τῆς
2329 887 2529 957 γωνίας
2564 888 2690 949 τοὺς
2735 883 3011 954 ριςοέντας,
3050 878 3126 941 ὡς
3171 877 3391 947 τάτωνς
3424 869 3788 942 ἐπανθησάτω

2201 980 2260 1031 τὺ
2289 979 2387 1046 τῆς
2422 976 2615 1046 ἑορτῆς
2656 973 2849 1035 κάλλος
2887 969 2963 1031 ὡς
3002 967 3160 1029 ἄνθος
3206 968 3317 1029 τοῖς
3362 964 3544 1045 πᾶσιν.
3575 962 3636 1013 Ei
3677 959 3786 1029 γάρ

2205 1065 2465 1136 βασιλέως
2501 1061 2790 1134 ἀνθρώπου
2820 1058 3092 1129 γενέθλιος
3124 1055 3308 1126 ἡμέρα
3337 1051 3542 1120 ἀνοίγει
3571 1049 3788 1119 δεσμω-

2202 1160 2424 1228 τήριον,
2486 1157 2521 1226 ή
2573 1153 2837 1215 ὲπινίκιος
2890 1151 3072 1222 ἡμέρα
3116 1145 3350 1219 Χριστὸς
3399 1140 3637 1205 ἀναστὰς
3686 1140 3787 1193 οὐκ

2203 1251 2402 1320 ἀφήσει
2426 1248 2551 1311 τοὺς
2582 1243 3010 1316 τεθλιμμένουςς
3046 1242 3110 1294 ili
3145 1238 3370 1310 πτωχοὶ,
3389 1237 3487 1307 τὴν
3517 1234 3787 1306 ὑμετέραν

2202 1340 2400 1412 τροφὸν
2429 1337 2750 1394 ἀσπάσασθε
2772 1354 2786 1368 ’
2818 1337 2865 1389 οἱ
2891 1332 3278 1406 διερρυηκότες
3300 1329 3395 1383 καὶ
3422 1326 3786 1397 λελωϐημένοι

2203 1435 2271 1487 τὰ
2305 1432 2565 1503 σώματα,
2613 1431 2714 1500 τὴν
2746 1429 2982 1500 ἱωμένην
3016 1424 3170 1497 ὑμῶν
3211 1423 3308 1487 τάς
3347 1420 3652 1493 συμφοράς.
3688 1418 3790 1472 Διά

2204 1525 2314 1598 γάρ
2364 1524 2462 1596 τὴν
2512 1522 2620 1577 ἀπὸ
2666 1522 2765 1592 τῆς
2837 1520 3189 1581 ἀναστάσεως
3234 1515 3430 1569 ⁴ἐλπίδα
3483 1515 3577 1567 καὶ
3620 1512 3789 1583 ἀρετὴ

2208 1619 2565 1683 σπουδάζεται
2616 1615 2711 1670 καὶ
2749 1614 2916 1668 κακία
2966 1614 3240 1684 μισεῖται,
3274 1609 3398 1663 ἐπεὶ
3440 1607 3788 1667 ἀναστάσεως

2208 1709 2592 1785 ἁκηρημένης,
2654 1702 2735 1771 εἷς
2777 1705 2929 1777 παρά
2978 1705 3112 1757 πᾶσι
3172 1700 3389 1774 κρατῶν
3438 1698 3790 1771 εὑρεθήσεται

2206 1801 2393 1870 λόγος’
2423 1800 2705 1871 Φάγωμεν
2736 1797 2834 1852 καὶ
2864 1797 3117 1866 πίωμεν·
3154 1795 3363 1863 αὔριον
3394 1791 3504 1864 γὰρ
3528 1787 3792 1856 ἀποθνήσ

529 1887 765 1941 victoria
805 1887 1036 1942 celebris
1085 1892 1139 1940 et
1177 1886 1405 1942 illustris
1434 1925 1450 1951 ,
1506 1887 1762 1943 Christus
1816 1904 2110 1959 resurgens
2143 1891 2182 1945 Β
2215 1908 2467 1962 σκομεν.

530 1979 793 2046 amiezos,
860 1995 1157 2049 cupressos
1212 1989 1268 2034 et
1314 1983 1648 2038 constrictos
1705 1998 1811 2037 non
1869 1983 2146 2041 dimittet?
2202 1987 2509 2058 Pauperes,
2563 1984 2951 2057 amplectimini
3006 1990 3244 2039 vestram
3307 1980 3576 2035 nutricem
3632 1995 3647 2032 :
3694 1976 3789 2047 qui

533 2072 770 2130 ohlan-a.
806 2071 1032 2135 vitiata,
1091 2082 1349 2141 corrupta
1412 2072 1732 2129 nmtilatave
1779 2088 2010 2143 corpora
2065 2076 2308 2144 habetis,
2374 2077 2704 2132 curatricem
2753 2086 3057 2131 vestiarum
3119 2071 3491 2127 calamitatum
3556 2066 3790 2138 (diem)

530 2164 785 2223 salutate.
813 2163 1012 2233 quippe
1058 2171 1280 2234 propter
1304 2179 1456 2235 spem
1488 2164 1912 2218 resurrectionis
1959 2166 2146 2222 virtuti
2181 2169 2470 2230 studetur,
2509 2175 2564 2222 et
2604 2167 2796 2225 vitium
2830 2165 2957 2222 odio
2998 2162 3259 2223 habetur.
3287 2159 3545 2231 quoniam
3578 2155 3792 2211 sublata

529 2257 933 2312 resurrectione
963 2273 1105 2313 unus
1135 2258 1278 2328 apud
1311 2271 1501 2312 omnes
1532 2255 1786 2311 obtinens
1814 2273 1996 2312 sermo
2028 2262 2344 2330 reperietur.
2373 2264 2605 2319 Edamus
2633 2273 2680 2318 et
2713 2262 2950 2316 bibamus
2984 2273 3002 2312 :
3036 2274 3152 2313 cras
3175 2255 3313 2311 enim
3342 2253 3624 2307 moriemur
3641 2250 3682 2304 ⁸.

599 2347 683 2402 Ad
734 2349 881 2402 hunc
940 2348 1083 2402 diem
1142 2348 1440 2419 respiciens
1478 2347 1772 2416 Apostolus
1833 2359 2104 2421 tempora-

537 2442 672 2493 riam
706 2440 872 2493 vitam
906 2441 1228 2500 contemnit,
1276 2448 1331 2493 et
1380 2437 1616 2492 futuram
1649 2439 1923 2495 desiderat
1948 2453 2002 2496 et
2032 2441 2108 2496 af-

532 2532 716 2595 fectat,
745 2543 1047 2586 extenuans
1103 2540 1280 2587 autem
1338 2547 1425 2594 ea,
1471 2546 1592 2601 quas
1653 2531 1926 2599 videntur,
1962 2532 2022 2588 Si
2054 2535 2107 2588 in

533 2623 655 2686 Ima,
697 2621 892 2691 in1uit,
924 2622 1029 2675 rita
1068 2636 1211 2701 spent
1261 2621 1554 2690 posuimus.
1612 2623 1843 2677 maxime
1872 2625 2106 2676 omnium

535 2716 806 2768 hominum
868 2712 1276 2766 miserabiliores
1342 2728 1525 2766 sumus
1552 2714 1594 2766 ⁸.
1665 2712 1895 2783 Propter
1977 2715 2118 2770 hanc

534 2806 677 2858 diem
730 2804 982 2857 homirics
1042 2803 1286 2858 haeredes
1330 2802 1422 2857 Dei
1464 2810 1518 2858 et
1567 2803 1878 2857 cohan'edes
1914 2803 2117 2858 Christi

534 2897 823 2950 exsistunt.
858 2894 1085 2965 Propter
1115 2895 1259 2947 hunc
1293 2894 1433 2949 diem
1491 2909 1618 2964 pars
1650 2895 1919 2963 corporis,
1958 2910 2118 2964 quam

537 3001 663 3043 ante
694 2988 840 3042 mille
871 3003 1045 3041 annos
1081 2987 1383 3040 carnivorte
1414 3002 1542 3041 aves
1576 2985 1933 3054 comederint,
1978 2986 2118 3040 inte-

541 3096 634 3152 gra
661 3082 984 3150 reperietur,
1034 3089 1086 3133 et
1122 3094 1284 3151 quam
1318 3078 1400 3133 vel
1426 3093 1612 3143 canes,
1662 3077 1745 3131 vel
1779 3086 1895 3132 rete
1955 3085 2109 3132 (tmte.

2284 2356 2426 2426 Πρὸς
2456 2355 2658 2425 ταύτην
2686 2354 2900 2424 βλέπων
2929 2348 3287 2410 ὀἋπόστολος
3310 2346 3409 2417 τὴν
3434 2344 3665 2416 ἡμέραν,
3694 2345 3796 2412 τῆς

2214 2447 2357 2518 ζωῆς
2410 2449 2506 2516 τῆς
2560 2447 2845 2517 ἐπικαίρου
2889 2443 3253 2512 καταφρονεῖο
3307 2437 3565 2507 ἐπιθυμεῖ
3595 2436 3652 2489 δὲ
3695 2436 3795 2506 τῆς

2217 2538 2548 2609 μελλούσης,
2597 2535 2945 2604 ἐξευτελίζων
2987 2534 3045 2586 δὲ
3083 2532 3152 2586 τά
3198 2529 3452 2602 ὁρώμενά
3499 2545 3683 2599 φησιν·
3723 2530 3797 2581 El

2214 2629 2311 2682 ἐπὶ
2350 2629 2421 2698 τῇ
2456 2628 2570 2697 ζωῇ
2599 2629 2784 2695 ταύτῃ
2814 2624 3139 2693 ἠλπικότες
3164 2620 3372 2691 ἐσμὲν,
3411 2619 3795 2686 ἐλεεινότεροι

2215 2720 2457 2774 πάντων
2484 2718 2812 2786 ἀνθρώπων
2838 2714 3045 2785 ἐσμέν.
3081 2712 3181 2765 Διά
3224 2710 3428 2783 ταύτην
3456 2709 3553 2781 τὴν
3583 2708 3797 2779 ἡμέραν

2216 2812 2542 2883 κληρονόμοι
2576 2807 2710 2863 Θεοῦ
2741 2807 3038 2879 ἄνθρωποι,
3077 2806 3172 2858 καὶ
3206 2802 3637 2874 συγκληρονόμοι
3662 2802 3797 2870 Χρι-

2220 2903 2367 2957 στοῦ.
2421 2901 2521 2955 Διά
2564 2901 2768 2971 ταύτην
2805 2898 2902 2971 τὴν
2939 2897 3155 2968 ἡμέραν
3203 2896 3341 2966 ὅπερ
3387 2896 3437 2948 οἱ
3475 2892 3797 2965 σαρκοϐόρα

2219 2993 2430 3067 ὄρνιθες
2483 2992 2686 3062 ἔφαγον
2743 2992 2848 3063 πρὸ
2906 2989 3092 3060 χιλίων
3161 2986 3422 3041 ἐνιαυτῶν
3472 2986 3636 3055 μέρος
3701 2981 3794 3036 τοῦ

2224 3084 2496 3156 σώματος,
2546 3083 2900 3155 εὑρεθήσεται
2946 3081 3020 3152 μὴ
3070 3079 3288 3133 λεῖπον·
3332 3078 3427 3132 καὶ
3466 3079 3603 3148 ὅπερ
3634 3078 3794 3146 κήτη,

536 3189 708 3244 raque
741 3171 995 3225 animalia
1048 3170 1255 3223 marina
1286 3168 1688 3234 devoraverint,
1724 3183 1829 3221 una
1855 3184 1975 3222 eum
2009 3169 2107 3221 lto-

2215 3178 2305 3232 xa‘t
2331 3177 2512 3243 κύνες,
2546 3176 2638 3231 καὶ
2667 3174 2735 3228 τά
2763 3173 2949 3228 ἐνάλια
2978 3172 3092 3238 ζῶα
3110 3169 3618 3241 κατεϐοσκήθησαν,
3654 3169 3793 3235 ἐγει-

540 3264 687 3317 tuine
751 3263 1022 3317 suscitato
1060 3269 1309 3329 resurget
1367 3277 1379 3312 :
1433 3260 1730 3327 quinetiam
1780 3258 1922 3327 quod
1972 3258 2113 3328 ignis

539 3352 998 3412 conercmaverit.
1062 3351 1206 3420 quod
1269 3351 1468 3405 vermis
1502 3351 1554 3403 in
1596 3349 1859 3419 sepulcris
1897 3365 2112 3403 assum-

543 3444 744 3513 pserit;
776 3452 830 3497 et
860 3449 918 3497 ut
950 3457 1060 3497 rem
1086 3442 1139 3495 in
1168 3455 1437 3497 summam
1472 3439 1775 3504 conferam,
1807 3440 1990 3493 omnia
2022 3439 2112 3493 de-

542 3538 707 3604 nique
742 3549 994 3604 corpora.
1031 3540 1301 3603 quotquot
1332 3540 1456 3602 post
1482 3533 1891 3602 generationem
1919 3547 2112 3587 eorru-

543 3626 657 3695 ptio
687 3625 985 3679 aboleverit
1016 3631 1070 3678 et
1100 3638 1130 3678 e
1164 3622 1341 3677 medio
1364 3622 1669 3683 sustulerit,
1705 3622 1912 3692 integra
1942 3622 2117 3674 nulla-

543 3732 652 3786 que
706 3716 789 3771 sui
849 3722 1006 3785 parte
1063 3713 1306 3768 carentia
1343 3712 1643 3768 reddentur
1689 3727 1720 3767 e
1758 3719 1925 3776 terra,
1973 3722 2026 3767 et
2061 3720 2119 3766 nt

543 3808 745 3863 Paulus
780 3808 939 3861 docet
953 3806 995 3864 ⁸.
1032 3806 1086 3859 in
1121 3813 1394 3859 momento
1417 3805 1560 3859 oculi
1593 3804 1905 3874 perficietur
1934 3819 2118 3858 resur-

546 3900 734 3954 reCtio.
772 3897 918 3953 lctus
948 3905 1128 3951 autem
1184 3912 1279 3953 seu
1334 3905 1665 3951 momentmn
1708 3895 1854 3950 oculi
1911 3896 2118 3950 clausio

545 3991 927 4061 palpebrarum
964 3997 1069 4042 est.
1118 3988 1297 4057 Atque
1348 3987 1451 4042 hac
1516 3987 1806 4042 velocitate
1842 3988 1989 4041 nulla
2031 4003 2119 4043 res

543 4083 647 4135 alia
681 4083 914 4136 celerior
947 4096 1069 4134 esse
1108 4080 1302 4149 possit.
1337 4077 1521 4148 Neque
1567 4079 1811 4134 humano
1842 4095 1994 4135 more
2020 4096 2119 4151 pro

542 4181 703 4242 raptu
738 4180 834 4226 tuo
860 4178 1123 4243 reputans
1156 4170 1519 4240 descripseris
1550 4170 1602 4224 in
1648 4172 1830 4225 animo
1857 4179 1951 4224 tuo
1986 4179 2120 4242 quot

544 4265 654 4319 sint
686 4270 993 4333 temporum
1027 4261 1340 4323 intervalla,
1372 4261 1608 4331 primum
1645 4270 1702 4315 ut
1752 4276 1879 4317 ossa
1930 4271 2118 4331 putre-

544 4356 686 4410 facta
709 4364 763 4411 et
794 4356 846 4410 in
879 4363 1080 4411 terram
1112 4354 1333 4409 redacta
1366 4354 1419 4407 in
1454 4354 1741 4424 pristinam
1775 4355 2029 4409 duritiem
2067 4367 2120 4410 et

543 4449 814 4501 levitatem
855 4445 1280 4514 compingantur
1330 4462 1343 4499 :
1393 4445 1545 4498 unita
1579 4459 1711 4500 vero
1741 4460 1805 4499 ex
1851 4446 1969 4516 ipsa
2013 4447 2118 4500 fra-

541 4537 723 4592 etione
746 4536 1017 4592 rursusin
1047 4544 1227 4606 aptam
1271 4544 1326 4590 et
1352 4537 1764 4592 convenientem
1797 4552 2137 4608 compagem-

543 4636 599 4683 et
631 4627 936 4683 naturalem
967 4635 1161 4682 coeant
1194 4627 1510 4695 juncturam
1555 4635 1610 4683 et
1654 4629 2115 4695 commissuram;

547 4734 724 4789 neque
749 4734 880 4774 vero
909 4719 1106 4774 deinde
1132 4719 1602 4775 animadverteres
1653 4722 1904 4774 carnium
1941 4722 2118 4775 obdu-

544 4809 804 4872 ctionem,
828 4816 884 4864 et
911 4823 1202 4863 nervorum
1235 4807 1531 4878 productas
1553 4811 1990 4877 coniunctiones.
2024 4828 2118 4865 ve-

547 4918 740 4956 narum
780 4901 1218 4971 arteriarumqne
1269 4908 1464 4957 tenues
1513 4909 1568 4957 et
1615 4904 1785 4958 exiles
1817 4903 2037 4966 ductus,
2066 4913 2120 4959 et

544 4995 700 5064 quasi
736 4994 922 5048 alveos
951 4993 1054 5048 sub
1107 5005 1232 5048 cute
1268 4992 1602 5062 explicatos;
1662 4994 1968 5047 animarum
2003 4996 2120 5049 ine-

543 5078 906 5138 narrabilium
957 5090 1013 5137 et
1064 5083 1546 5138 innumerabilium
1600 5083 2003 5138 multitudinem
2053 5101 2119 5140 ex

544 5176 764 5229 areanis
818 5174 1147 5243 quibusdam
1184 5172 1618 5228 habitationibus
1649 5174 1999 5244 (evolantem)
2030 5191 2122 5229 ea-

543 5281 775 5334 rumque
803 5281 1247 5336 unamquamque
1286 5281 1448 5321 suum
1504 5281 1702 5336 corpus
1736 5272 1993 5335 tanquam
2032 5282 2121 5321 ve-

544 5367 681 5411 stem
713 5357 1041 5427 peculiarem
1106 5365 1515 5427 agnoscentem,
1574 5364 1628 5412 et
1681 5357 1736 5412 in
1774 5358 1877 5412 hoc
1924 5373 2118 5413 rursus

543 5449 801 5502 celeriter
842 5448 1259 5513 inhabitantem,
1320 5461 1579 5518 certoque
1604 5448 1925 5505 discrimine
1958 5460 2113 5504 uten-

546 5547 658 5595 tem
713 5541 766 5593 in
818 5547 967 5593 tanta
1002 5541 1345 5595 multitudine
1369 5541 1679 5610 spirituum
1706 5543 1922 5611 generis
1962 5541 2113 5610 ejus-

547 5630 690 5685 dem.
743 5630 931 5701 Cogita
968 5632 1119 5685 enim
1168 5631 1238 5686 ab
1284 5632 1454 5685 Adam
1506 5633 1738 5697 animas,
1795 5640 1849 5686 et
1892 5633 1966 5688 ab
2022 5635 2114 5691 illo

625 5809 645 5842 ⁵
667 5808 689 5865 ι
715 5812 842 5867 Cor.
876 5828 962 5869 xv.
992 5812 1077 5868 δὲ.
1157 5814 1176 5845 ⁸
1205 5810 1312 5876 ibid
1391 5810 1477 5867 10.
1555 5813 1574 5845 ο
1602 5810 1735 5868 ibid.
1773 5810 1862 5867 52.

2219 3267 2436 3339 ρομένῳ
2493 3265 2569 3337 τῷ
2620 3263 2893 3335 ἀνθρώπῳ
2952 3261 3450 3331 συναναστήσεται·
3510 3256 3604 3309 καὶ
3662 3255 3794 3325 ὅπερ

2217 3356 2461 3426 διέφλεξε
2498 3356 2629 3426 πῦρ,
2669 3354 2762 3406 καὶ
2814 3349 3031 3422 σκώληξ
3059 3353 3116 3404 ἐν
3143 3349 3333 3418 τάφοις
3366 3344 3794 3416 κατεδαπάνησε.

2220 3451 2314 3503 καὶ
2342 3448 2529 3511 ἁπλῶς
2560 3446 2737 3500 πάντα
2761 3445 2830 3498 τά
2862 3444 3088 3515 σώματα
3108 3482 3123 3507 ,
3153 3444 3252 3496 ὅσα
3289 3438 3426 3511 μετά
3457 3438 3555 3511 τὴν
3587 3438 3794 3508 γένεσιν

2220 3542 2480 3610 ἠφάνισεν
2507 3540 2539 3611 ὴ
2563 3536 2757 3609 φθορὰ,
2773 3536 3033 3606 ἀνελλιπῆ
3052 3536 3146 3589 καὶ
3167 3533 3400 3606 ἀκέραια
3430 3531 3708 3602 δοθήσεται
3731 3530 3793 3582 ἐκ

2217 3631 2319 3700 τῆς
2348 3631 2582 3701 γῆς,’καὶ
2614 3629 2689 3694 ὡς
2726 3627 2936 3692 Παῦλος
2964 3626 3225 3690 διδάσκει,
3256 3624 3313 3676 ὲν
3345 3624 3483 3693 ῥοπῇ
3517 3618 3796 3691 ὀφθαλμοῦ

2219 3721 2662 3792 τελεσθήσεταιὴ
2695 3719 3009 3782 ἀνάστασις.
3054 3715 3225 3786 Ῥοπὴ
3263 3713 3320 3767 δὲ
3348 3711 3650 3782 ὀφθαλμοῦ,
3675 3709 3799 3763 ἐπί-

2224 3832 2384 3885 μυσις
2434 3812 2720 3883 βλεφάρων
2772 3811 2907 3867 ἐστὲ.
2958 3811 3066 3865 Καὶ
3114 3807 3301 3862 τούτου
3336 3804 3430 3858 τοῦ
3467 3805 3664 3875 τάχους
3697 3803 3801 3856 ούκ

2222 3902 2287 3957 ἂν
2321 3903 2507 3975 ἕτερον
2548 3903 2803 3973 ὀξύτερον
2834 3901 3042 3970 γένοιτο
3064 3915 3077 3929 ’
3117 3898 3237 3952 οὐδὲ
3268 3894 3629 3967 ἀνθρωπικῶς
3657 3890 3802 3946 κατά

2219 3996 2317 4067 τὴν
2354 3994 2582 4059 δύναμιν
2619 3993 2718 4064 τὴν
2763 3990 2964 4046 σαυτοῦ
2998 3987 3364 4059 λογιζόμενος,
3399 3986 3539 4040 πόσα
3576 3985 3798 4055 διαστή-

2224 4104 2371 4160 ματα
2412 4086 2618 4158 χρόνων
2646 4084 2969 4158 διαγράφεις
3004 4082 3062 4135 ἐν
3100 4083 3167 4152 τῇ
3210 4079 3355 4151 ψυχῇ
3390 4095 3517 4131 σου·
3558 4075 3795 4147 πρῶτον,

2221 4179 2307 4231 ἵνα
2334 4178 2403 4231 τά
2437 4175 2772 4229 διασαπέντα
2800 4173 2907 4228 τῶν
2933 4170 3134 4225 ὀστέων
3174 4171 3265 4223 καὶ
3298 4167 3573 4238 γεωθέντα
3600 4167 3677 4229 εἰς
3700 4164 3799 4235 τὴν

2223 4269 2563 4340 σκληρότητα
2584 4267 2677 4321 καὶ
2692 4266 2943 4337 λειότητα
2956 4263 3239 4334 συμπαγῇ,
3264 4261 3399 4314 ένωθ
3407 4260 3534 4313 έντα
3548 4258 3604 4312 δὲ
3621 4260 3683 4312 ἐκ
3700 4259 3799 4328 τῆς

2221 4361 2470 4432 θρύψεως
2494 4359 2656 4412 πάλιν
2682 4360 2762 4422 εἰς
2779 4355 2985 4429 ῥυθμὸν
3015 4354 3305 4425 ἁρμονίας,
3329 4352 3419 4406 καὶ
3441 4351 3539 4423 τὴν
3565 4348 3799 4420 φυσικὴν

2223 4452 2453 4525 συνέλθῃ
2499 4450 2809 4519 συνάφεια-θ.
2860 4444 2992 4501 Εἶτα
3043 4447 3277 4508 ἐπινοεῖς
3303 4444 3400 4515 τὴν
3434 4444 3542 4497 τῶν
3581 4441 3799 4514 σαρκῶν

2223 4540 2570 4611 περίπλασιν,
2633 4539 2724 4592 καὶ⁵
2771 4536 2979 4608 νεύρων
3035 4534 3447 4604 ἀποτεταμένας
3494 4533 3798 4597 συνδέσεις,

2224 4629 2320 4683 καὶ
2380 4628 2592 4699 φλεϐῶν
2646 4628 2738 4681 καὶ
2802 4626 3078 4698 ἀρτηριῶν
3142 4624 3372 4689 λεπτοὺς
3422 4624 3639 4694 ὀχετοὺς
3694 4624 3800 4692 ὑφ-

2225 4722 2579 4792 ηπλωμένους
2618 4720 2697 4791 τῷ
2749 4719 3005 4792 δέρματιο
3053 4717 3240 4789 ψυχῶν
3285 4717 3341 4769 δὲ
3394 4716 3670 4787 ἀμύθητον
3703 4714 3796 4768 καὶ

2225 4813 2594 4884 ἀναρίθμητον
2624 4812 2824 4883 πλῆθος
2855 4811 2918 4865 ἔκ
2949 4828 3110 4865 τινων
3143 4810 3468 4881 ἀπορρήτων
3493 4808 3792 4878 οἰκήσεωνο

2218 4901 2589 4973 γνιορξζουσαν
2629 4901 2685 4954 δὲ
2741 4902 2977 4974 ἑκάστην
3015 4900 3089 4963 ὡς
3142 4900 3355 4969 ἱμάτιον
3406 4896 3682 4967 ἐξαίρετον
3728 4894 3795 4950 τὸ

2219 4997 2348 5050 ἴδιον
2401 4994 2598 5066 σῶμα,
2652 4994 2745 5048 καὶ
2803 4994 2977 5065 τούτῳ
3038 4992 3197 5047 πάλιν
3243 4989 3556 5044 ἐνοικοῦσαν
3606 4989 3795 5056 ὀξέως,

2220 5088 2434 5158 ἀπλανῆ
2471 5088 2529 5142 δὲ
2553 5087 2779 5158 ἔχουσαν
2826 5086 2925 5159 τὴν
2973 5086 3242 5157 διάκρισιν
3269 5083 3410 5138 κατά
3444 5082 3681 5153 πλήθους
3711 5100 3797 5135 το-

2223 5180 2411 5234 σούτου
2458 5179 2743 5250 ὁμοφύλων
2799 5179 3145 5247 πνευμάτων.
3210 5177 3491 5248 Ἐννόησον
3540 5174 3650 5247 γὰρ
3699 5175 3798 5237 τάς

2227 5271 2335 5326 ἀπὸ
2375 5271 2544 5342 ’Λδάμ
2564 5271 2761 5343 ψυχὰς,
2788 5273 2880 5327 καὶ
2900 5271 2969 5324 τά
2990 5271 3083 5324 ἀπ’
3104 5269 3310 5323 ἐκείνου
3341 5268 3567 5337 σώματα
3593 5266 3796 5335 πλῆθος

2222 5364 2492 5417 τοσούτων
2519 5365 2704 5418 οἰκιῶν
2725 5364 3006 5429 λυθεισῶν,
3053 5362 3144 5416 καὶ
3176 5358 3568 5413 οἰκοδεσποτῶν
3599 5359 3662 5410 ὲκ
3695 5374 3796 5427 μα·

2225 5456 2361 5525 κρᾶς
2387 5456 2485 5524 τῆς
2507 5456 2813 5527 ἀποδημίας
2835 5451 3304 5525 ὑποστρεφόντων,
3330 5450 3505 5503 πάντα
3534 5449 3587 5502 δὲ
3620 5464 3795 5518 παρα-

2220 5546 2387 5613 δόξως
2441 5546 2771 5617 τελούμενον
2832 5543 2955 5598 οὔτε
3015 5544 3123 5615 γάρ
3200 5542 3344 5596 oim’a
3396 5537 3793 5610 ἀνακτιζομένη

2228 5638 2495 5709 βραδύνει,
2528 5637 2650 5691 οὔτε
2681 5640 2707 5691 ὀ
2736 5635 2939 5699 ένοικος
2972 5634 3237 5689 πλανᾶται
3268 5632 3361 5686 καὶ
3395 5629 3669 5701 θυραυλεῑ,
3698 5626 3793 5698 ζηο
