  <div class='ocr_page' id='page_1' title='image "/cluster/home/n/w/nwhite01/storage/ocr_20150623/46/nnc1.0046978380/338.png"; bbox 0 0 4154 6354; ppageno 0'>
   <div class='ocr_carea' id='block_1_1' title="bbox 379 435 475 489">
    <p class='ocr_par' dir='ltr' id='par_1_1' title="bbox 379 435 475 489">
     <span class='ocr_line' id='line_1_1' title="bbox 379 435 475 489; baseline -0.01 0"><span class='ocrx_word' id='word_1_1' title='bbox 379 435 475 489; x_wconf 78' lang='grc'><strong>661</strong></span> 
     </span>
    </p>
   </div>
   <div class='ocr_carea' id='block_1_2' title="bbox 1283 407 2692 503">
    <p class='ocr_par' dir='ltr' id='par_1_2' title="bbox 1283 407 2692 503">
     <span class='ocr_line' id='line_1_2' title="bbox 1283 407 2692 503; baseline 0.01 -16"><span class='ocrx_word' id='word_1_2' title='bbox 1283 434 1347 488; x_wconf 77' lang='lat' dir='ltr'><strong>IN</strong></span> <span class='ocrx_word' id='word_1_3' title='bbox 1377 435 1648 492; x_wconf 82' lang='lat' dir='ltr'><strong>cnmsrt</strong></span> <span class='ocrx_word' id='word_1_4' title='bbox 1692 439 2324 498; x_wconf 69' lang='lat' dir='ltr'><strong>RESURRECTIONEM</strong></span> <span class='ocrx_word' id='word_1_5' title='bbox 2355 407 2572 503; x_wconf 18' lang='lat' dir='ltr'><strong>onar.‘</strong></span> <span class='ocrx_word' id='word_1_6' title='bbox 2605 445 2692 502; x_wconf 83' lang='grc' dir='ltr'>ιιι.</span> 
     </span>
    </p>
   </div>
   <div class='ocr_carea' id='block_1_3' title="bbox 3522 447 3635 503">
    <p class='ocr_par' dir='ltr' id='par_1_3' title="bbox 3522 447 3635 503">
     <span class='ocr_line' id='line_1_3' title="bbox 3522 447 3635 503; baseline -0.009 0"><span class='ocrx_word' id='word_1_7' title='bbox 3522 447 3635 503; x_wconf 66' lang='lat'><strong>60‘!</strong></span> 
     </span>
    </p>
   </div>
   <div class='ocr_carea' id='block_1_4' title="bbox 378 545 1957 628">
    <p class='ocr_par' dir='ltr' id='par_1_4' title="bbox 378 545 1954 622">
     <span class='ocr_line' id='line_1_4' title="bbox 378 545 1954 622; baseline 0.003 -22"><span class='ocrx_word' id='word_1_8' title='bbox 378 549 485 600; x_wconf 85' lang='grc' dir='ltr'><strong>τῶν</strong></span> <span class='ocrx_word' id='word_1_9' title='bbox 532 545 633 599; x_wconf 82' lang='grc' dir='ltr'>ποῦ</span> <span class='ocrx_word' id='word_1_10' title='bbox 664 546 733 600; x_wconf 80' lang='grc' dir='ltr'><strong>τά</strong></span> <span class='ocrx_word' id='word_1_11' title='bbox 781 547 888 600; x_wconf 73' lang='grc' dir='ltr'>ἴδια</span> <span class='ocrx_word' id='word_1_12' title='bbox 931 548 1024 600; x_wconf 75' lang='grc' dir='ltr'><strong>καὶ</strong></span> <span class='ocrx_word' id='word_1_13' title='bbox 1069 549 1350 620; x_wconf 74' lang='grc' dir='ltr'><strong>ἐξαίρετα·</strong></span> <span class='ocrx_word' id='word_1_14' title='bbox 1389 553 1548 614; x_wconf 66' lang='grc' dir='ltr'>εὐθὺς</span> <span class='ocrx_word' id='word_1_15' title='bbox 1581 553 1636 606; x_wconf 79' lang='grc' dir='ltr'>δὲ</span> <span class='ocrx_word' id='word_1_16' title='bbox 1668 554 1754 606; x_wconf 84' lang='grc' dir='ltr'>ἐπ’</span> <span class='ocrx_word' id='word_1_17' title='bbox 1787 553 1954 622; x_wconf 76' lang='grc' dir='ltr'>αὐτὴν</span> 
     </span>
    </p>
   </div>
   <div class='ocr_carea' id='block_1_5' title="bbox 2061 545 3627 628">
    <p class='ocr_par' dir='ltr' id='par_1_5' title="bbox 2061 558 3627 628">
     <span class='ocr_line' id='line_1_5' title="bbox 2061 558 3627 628; baseline 0.003 -21"><span class='ocrx_word' id='word_1_18' title='bbox 2061 570 2228 625; x_wconf 88' lang='lat' dir='ltr'><strong>usque</strong></span> <span class='ocrx_word' id='word_1_19' title='bbox 2271 574 2500 628; x_wconf 83' lang='lat' dir='ltr'><strong>corpora</strong></span> <span class='ocrx_word' id='word_1_20' title='bbox 2552 567 2626 615; x_wconf 90' lang='lat' dir='ltr'><strong>tot</strong></span> <span class='ocrx_word' id='word_1_21' title='bbox 2661 575 2889 615; x_wconf 86' lang='lat' dir='ltr'><strong>numero</strong></span> <span class='ocrx_word' id='word_1_22' title='bbox 2918 559 3169 613; x_wconf 77' lang='lat' dir='ltr'><strong>domibus</strong></span> <span class='ocrx_word' id='word_1_23' title='bbox 3207 558 3402 613; x_wconf 88' lang='lat' dir='ltr'><strong>solutis</strong></span> <span class='ocrx_word' id='word_1_24' title='bbox 3429 573 3492 612; x_wconf 86' lang='lat' dir='ltr'><strong>ac</strong></span> <span class='ocrx_word' id='word_1_25' title='bbox 3530 560 3627 612; x_wconf 89' lang='lat' dir='ltr'><strong>de-</strong></span> 
     </span>
    </p>
   </div>
   <div class='ocr_carea' id='block_1_6' title="bbox 381 637 1954 713">
    <p class='ocr_par' dir='ltr' id='par_1_6' title="bbox 381 637 1954 713">
     <span class='ocr_line' id='line_1_6' title="bbox 381 637 1954 713; baseline 0.006 -25"><span class='ocrx_word' id='word_1_26' title='bbox 381 639 568 707; x_wconf 71' lang='grc' dir='ltr'>χωρεῖ,</span> <span class='ocrx_word' id='word_1_27' title='bbox 589 637 720 690; x_wconf 75' lang='grc' dir='ltr'>ὡσεὶ</span> <span class='ocrx_word' id='word_1_28' title='bbox 741 639 1036 709; x_wconf 85' lang='grc' dir='ltr'>περιστερά</span> <span class='ocrx_word' id='word_1_29' title='bbox 1050 641 1186 710; x_wconf 79' lang='grc' dir='ltr'>πρὸς</span> <span class='ocrx_word' id='word_1_30' title='bbox 1209 643 1298 695; x_wconf 83' lang='grc' dir='ltr'><strong>τὸν</strong></span> <span class='ocrx_word' id='word_1_31' title='bbox 1317 643 1446 696; x_wconf 80' lang='grc' dir='ltr'>ἴδιον</span> <span class='ocrx_word' id='word_1_32' title='bbox 1462 644 1687 713; x_wconf 87' lang='grc' dir='ltr'>πύργον,</span> <span class='ocrx_word' id='word_1_33' title='bbox 1711 645 1814 697; x_wconf 71' lang='grc' dir='ltr'>κᾶν</span> <span class='ocrx_word' id='word_1_34' title='bbox 1838 645 1954 697; x_wconf 89' lang='grc' dir='ltr'>πολ-</span> 
     </span>
    </p>
   </div>
   <div class='ocr_carea' id='block_1_7' title="bbox 382 729 1956 806">
    <p class='ocr_par' dir='ltr' id='par_1_7' title="bbox 382 729 1956 806">
     <span class='ocr_line' id='line_1_7' title="bbox 382 729 1956 806; baseline 0.006 -25"><span class='ocrx_word' id='word_1_35' title='bbox 382 730 464 782; x_wconf 74' lang='grc' dir='ltr'>λοὶ</span> <span class='ocrx_word' id='word_1_36' title='bbox 489 730 583 782; x_wconf 76' lang='grc' dir='ltr'><strong>καὶ</strong></span> <span class='ocrx_word' id='word_1_37' title='bbox 609 731 850 799; x_wconf 81' lang='grc' dir='ltr'>συνεχεῖς</span> <span class='ocrx_word' id='word_1_38' title='bbox 879 733 1004 803; x_wconf 80' lang='grc' dir='ltr'>περὶ</span> <span class='ocrx_word' id='word_1_39' title='bbox 1025 732 1114 786; x_wconf 76' lang='grc' dir='ltr'><strong>τὸν</strong></span> <span class='ocrx_word' id='word_1_40' title='bbox 1143 735 1304 788; x_wconf 78' lang='grc' dir='ltr'>αὐτὸν</span> <span class='ocrx_word' id='word_1_41' title='bbox 1325 735 1488 788; x_wconf 84' lang='grc' dir='ltr'>τόπον</span> <span class='ocrx_word' id='word_1_42' title='bbox 1508 729 1641 789; x_wconf 80' lang='grc' dir='ltr'>ὦσιν</span> <span class='ocrx_word' id='word_1_43' title='bbox 1675 737 1956 806; x_wconf 86' lang='grc' dir='ltr'>δι’ὁμοίων</span> 
     </span>
    </p>
   </div>
   <div class='ocr_carea' id='block_1_8' title="bbox 386 821 1958 898">
    <p class='ocr_par' dir='ltr' id='par_1_8' title="bbox 386 821 1958 898">
     <span class='ocr_line' id='line_1_8' title="bbox 386 821 1958 898; baseline 0.005 -26"><span class='ocrx_word' id='word_1_44' title='bbox 386 821 680 890; x_wconf 78' lang='grc' dir='ltr'><strong>σχημάτων</strong></span> <span class='ocrx_word' id='word_1_45' title='bbox 722 822 1113 892; x_wconf 87' lang='grc' dir='ltr'>ἐκλάμποντες.</span> <span class='ocrx_word' id='word_1_46' title='bbox 1160 825 1329 880; x_wconf 85' lang='grc' dir='ltr'>Πόθεν</span> <span class='ocrx_word' id='word_1_47' title='bbox 1378 827 1601 898; x_wconf 73' lang='grc' dir='ltr'>πάλινὴ</span> <span class='ocrx_word' id='word_1_48' title='bbox 1654 827 1958 898; x_wconf 87' lang='grc' dir='ltr'>ἀνάμνησις</span> 
     </span>
    </p>
   </div>
   <div class='ocr_carea' id='block_1_9' title="bbox 385 911 1958 988">
    <p class='ocr_par' dir='ltr' id='par_1_9' title="bbox 385 911 1958 988">
     <span class='ocr_line' id='line_1_9' title="bbox 385 911 1958 988; baseline 0.004 -26"><span class='ocrx_word' id='word_1_49' title='bbox 385 911 477 962; x_wconf 78' lang='grc' dir='ltr'><strong>καὶ</strong></span> <span class='ocrx_word' id='word_1_50' title='bbox 505 913 533 963; x_wconf 88' lang='grc' dir='ltr'>ὁ</span> <span class='ocrx_word' id='word_1_51' title='bbox 567 912 926 983; x_wconf 76' lang='grc' dir='ltr'>ἀναλογισμος</span> <span class='ocrx_word' id='word_1_52' title='bbox 955 915 1048 968; x_wconf 76' lang='grc' dir='ltr'>τοῦ</span> <span class='ocrx_word' id='word_1_53' title='bbox 1080 916 1344 988; x_wconf 81' lang='grc' dir='ltr'><strong>προτέρου</strong></span> <span class='ocrx_word' id='word_1_54' title='bbox 1392 917 1528 987; x_wconf 79' lang='grc' dir='ltr'>βίου,</span> <span class='ocrx_word' id='word_1_55' title='bbox 1577 919 1672 971; x_wconf 63' lang='grc' dir='ltr'><strong>καὶ⁹</strong></span> <span class='ocrx_word' id='word_1_56' title='bbox 1723 919 1958 987; x_wconf 80' lang='grc' dir='ltr'>ἑκάστης</span> 
     </span>
    </p>
   </div>
   <div class='ocr_carea' id='block_1_10' title="bbox 386 1001 1958 1080">
    <p class='ocr_par' dir='ltr' id='par_1_10' title="bbox 386 1001 1958 1080">
     <span class='ocr_line' id='line_1_10' title="bbox 386 1001 1958 1080; baseline 0.005 -27"><span class='ocrx_word' id='word_1_57' title='bbox 386 1002 636 1070; x_wconf 76' lang='grc' dir='ltr'>πράξεως</span> <span class='ocrx_word' id='word_1_58' title='bbox 665 1001 860 1066; x_wconf 75' lang='grc' dir='ltr'>ἔννοια,</span> <span class='ocrx_word' id='word_1_59' title='bbox 908 1004 1078 1069; x_wconf 77' lang='grc' dir='ltr'>οὓτως</span> <span class='ocrx_word' id='word_1_60' title='bbox 1125 1007 1289 1072; x_wconf 80' lang='grc' dir='ltr'>ὀξέως</span> <span class='ocrx_word' id='word_1_61' title='bbox 1340 1009 1846 1080; x_wconf 80' lang='grc' dir='ltr'>συναπαρτιζομένη</span> <span class='ocrx_word' id='word_1_62' title='bbox 1880 1009 1958 1078; x_wconf 85' lang='grc' dir='ltr'><strong>τῷ</strong></span> 
     </span>
    </p>
   </div>
   <div class='ocr_carea' id='block_1_11' title="bbox 389 1092 1957 1170">
    <p class='ocr_par' dir='ltr' id='par_1_11' title="bbox 389 1092 1957 1170">
     <span class='ocr_line' id='line_1_11' title="bbox 389 1092 1957 1170; baseline 0.007 -27"><span class='ocrx_word' id='word_1_63' title='bbox 389 1092 510 1162; x_wconf 81' lang='grc' dir='ltr'><strong>ζὼῳ</strong></span> <span class='ocrx_word' id='word_1_64' title='bbox 560 1095 663 1164; x_wconf 81' lang='grc' dir='ltr'><strong>πρὸ</strong></span> <span class='ocrx_word' id='word_1_65' title='bbox 704 1095 974 1149; x_wconf 80' lang='grc' dir='ltr'>τοσούτων</span> <span class='ocrx_word' id='word_1_66' title='bbox 1027 1097 1237 1152; x_wconf 84' lang='grc' dir='ltr'>αίὼνων</span> <span class='ocrx_word' id='word_1_67' title='bbox 1285 1100 1619 1167; x_wconf 86' lang='grc' dir='ltr'>διαλυθέντι;</span> <span class='ocrx_word' id='word_1_68' title='bbox 1653 1102 1848 1156; x_wconf 78' lang='grc' dir='ltr'>Καίτοι</span> <span class='ocrx_word' id='word_1_69' title='bbox 1893 1119 1957 1170; x_wconf 88' lang='grc' dir='ltr'><strong>γε</strong></span> 
     </span>
    </p>
   </div>
   <div class='ocr_carea' id='block_1_12' title="bbox 387 1187 1956 1268">
    <p class='ocr_par' dir='ltr' id='par_1_12' title="bbox 387 1187 1956 1268">
     <span class='ocr_line' id='line_1_12' title="bbox 387 1187 1956 1268; baseline 0.005 -30"><span class='ocrx_word' id='word_1_70' title='bbox 387 1188 481 1239; x_wconf 81' lang='grc' dir='ltr'>καὶ</span> <span class='ocrx_word' id='word_1_71' title='bbox 524 1187 584 1251; x_wconf 79' lang='grc' dir='ltr'>ἐξ</span> <span class='ocrx_word' id='word_1_72' title='bbox 622 1187 788 1240; x_wconf 82' lang='grc' dir='ltr'>ὕπνου</span> <span class='ocrx_word' id='word_1_73' title='bbox 833 1189 1114 1262; x_wconf 81' lang='grc' dir='ltr'>ἅνθρωπος</span> <span class='ocrx_word' id='word_1_74' title='bbox 1161 1192 1473 1264; x_wconf 82' lang='grc' dir='ltr'>ἀνεγερθεὶς</span> <span class='ocrx_word' id='word_1_75' title='bbox 1520 1194 1839 1268; x_wconf 74' lang='grc' dir='ltr'><strong>βαθυτέραν,</strong></span> <span class='ocrx_word' id='word_1_76' title='bbox 1872 1197 1956 1248; x_wconf 84' lang='grc' dir='ltr'>ἐπ’</span> 
     </span>
    </p>
   </div>
   <div class='ocr_carea' id='block_1_13' title="bbox 385 1277 1958 1354">
    <p class='ocr_par' dir='ltr' id='par_1_13' title="bbox 385 1277 1958 1354">
     <span class='ocr_line' id='line_1_13' title="bbox 385 1277 1958 1354; baseline 0.007 -26"><span class='ocrx_word' id='word_1_77' title='bbox 385 1277 562 1346; x_wconf 87' lang='grc' dir='ltr'>ὀλίγον</span> <span class='ocrx_word' id='word_1_78' title='bbox 597 1278 784 1346; x_wconf 86' lang='grc' dir='ltr'>ἀγνοεῖ</span> <span class='ocrx_word' id='word_1_79' title='bbox 827 1281 974 1344; x_wconf 83' lang='grc' dir='ltr'>ὅστις</span> <span class='ocrx_word' id='word_1_80' title='bbox 1020 1282 1136 1335; x_wconf 76' lang='grc' dir='ltr'>ἐστὶ</span> <span class='ocrx_word' id='word_1_81' title='bbox 1184 1285 1277 1336; x_wconf 64' lang='grc' dir='ltr'><strong>καὶ¹</strong></span> <span class='ocrx_word' id='word_1_82' title='bbox 1304 1285 1424 1338; x_wconf 80' lang='grc' dir='ltr'>ὅποι</span> <span class='ocrx_word' id='word_1_83' title='bbox 1476 1285 1680 1354; x_wconf 79' lang='grc' dir='ltr'><strong>διάγει,</strong></span> <span class='ocrx_word' id='word_1_84' title='bbox 1733 1286 1958 1339; x_wconf 77' lang='grc' dir='ltr'>καὶτῶν</span> 
     </span>
    </p>
   </div>
   <div class='ocr_carea' id='block_1_14' title="bbox 387 1368 1957 1449">
    <p class='ocr_par' dir='ltr' id='par_1_14' title="bbox 387 1368 1957 1449">
     <span class='ocr_line' id='line_1_14' title="bbox 387 1368 1957 1449; baseline 0.008 -29"><span class='ocrx_word' id='word_1_85' title='bbox 387 1368 632 1438; x_wconf 81' lang='grc' dir='ltr'>συνήθων</span> <span class='ocrx_word' id='word_1_86' title='bbox 673 1372 1102 1437; x_wconf 79' lang='grc' dir='ltr'>ἐπιλανθάνεται,</span> <span class='ocrx_word' id='word_1_87' title='bbox 1138 1375 1328 1446; x_wconf 79' lang='grc' dir='ltr'><strong>μέχρις</strong></span> <span class='ocrx_word' id='word_1_88' title='bbox 1357 1377 1423 1429; x_wconf 85' lang='grc' dir='ltr'>ἂν</span> <span class='ocrx_word' id='word_1_89' title='bbox 1448 1378 1480 1447; x_wconf 86' lang='grc' dir='ltr'><strong>ή</strong></span> <span class='ocrx_word' id='word_1_90' title='bbox 1507 1379 1833 1449; x_wconf 74' lang='grc' dir='ltr'>ἐγρήγορσις</span> <span class='ocrx_word' id='word_1_91' title='bbox 1859 1380 1957 1449; x_wconf 83' lang='grc' dir='ltr'><strong>τὴν</strong></span> 
     </span>
    </p>
   </div>
   <div class='ocr_carea' id='block_1_15' title="bbox 387 1461 1958 1542">
    <p class='ocr_par' dir='ltr' id='par_1_15' title="bbox 387 1461 1958 1542">
     <span class='ocr_line' id='line_1_15' title="bbox 387 1461 1958 1542; baseline 0.01 -31"><span class='ocrx_word' id='word_1_92' title='bbox 387 1461 592 1530; x_wconf 83' lang='grc' dir='ltr'>νάρκην</span> <span class='ocrx_word' id='word_1_93' title='bbox 644 1463 1093 1528; x_wconf 84' lang='grc' dir='ltr'>ἀποσκεδάσασα,</span> <span class='ocrx_word' id='word_1_94' title='bbox 1150 1468 1310 1523; x_wconf 77' lang='grc' dir='ltr'>πάλιν</span> <span class='ocrx_word' id='word_1_95' title='bbox 1358 1471 1419 1524; x_wconf 84' lang='grc' dir='ltr'>τὸ</span> <span class='ocrx_word' id='word_1_96' title='bbox 1477 1473 1809 1542; x_wconf 79' lang='grc' dir='ltr'>μνημονικὸν</span> <span class='ocrx_word' id='word_1_97' title='bbox 1865 1475 1958 1526; x_wconf 77' lang='grc' dir='ltr'><strong>καὶ</strong></span> 
     </span>
    </p>
   </div>
   <div class='ocr_carea' id='block_1_16' title="bbox 386 1552 1958 1628">
    <p class='ocr_par' dir='ltr' id='par_1_16' title="bbox 386 1552 1958 1628">
     <span class='ocr_line' id='line_1_16' title="bbox 386 1552 1958 1628; baseline 0.01 -26"><span class='ocrx_word' id='word_1_98' title='bbox 386 1552 606 1620; x_wconf 83' lang='grc' dir='ltr'>ἐνεργὲς</span> <span class='ocrx_word' id='word_1_99' title='bbox 643 1553 1065 1626; x_wconf 80' lang='grc' dir='ltr'>ἀναζωπυρήσῃ.</span> <span class='ocrx_word' id='word_1_100' title='bbox 1120 1559 1304 1612; x_wconf 78' lang='grc' dir='ltr'>Ταῦτα</span> <span class='ocrx_word' id='word_1_101' title='bbox 1351 1562 1446 1614; x_wconf 71' lang='grc' dir='ltr'><strong>καὶ</strong></span> <span class='ocrx_word' id='word_1_102' title='bbox 1485 1563 1553 1615; x_wconf 84' lang='grc' dir='ltr'><strong>τά</strong></span> <span class='ocrx_word' id='word_1_103' title='bbox 1581 1564 1802 1617; x_wconf 78' lang='grc' dir='ltr'>τοιαῦτα</span> <span class='ocrx_word' id='word_1_104' title='bbox 1834 1567 1958 1628; x_wconf 81' lang='grc' dir='ltr'>τοὺς</span> 
     </span>
    </p>
   </div>
   <div class='ocr_carea' id='block_1_17' title="bbox 387 1641 1957 1726">
    <p class='ocr_par' dir='ltr' id='par_1_17' title="bbox 387 1641 1957 1726">
     <span class='ocr_line' id='line_1_17' title="bbox 387 1641 1957 1726; baseline 0.01 -35"><span class='ocrx_word' id='word_1_105' title='bbox 387 1641 677 1710; x_wconf 68' lang='grc' dir='ltr'>λογισμοὺς</span> <span class='ocrx_word' id='word_1_106' title='bbox 713 1645 819 1696; x_wconf 87' lang='grc' dir='ltr'><strong>τῶν</strong></span> <span class='ocrx_word' id='word_1_107' title='bbox 849 1646 1056 1700; x_wconf 85' lang='grc' dir='ltr'>πολλῶν</span> <span class='ocrx_word' id='word_1_108' title='bbox 1087 1650 1453 1720; x_wconf 67' lang='grc' dir='ltr'>ὑποτρέχοντα</span> <span class='ocrx_word' id='word_1_109' title='bbox 1482 1651 1755 1723; x_wconf 77' lang='grc' dir='ltr'>θαύματος</span> <span class='ocrx_word' id='word_1_110' title='bbox 1789 1654 1957 1726; x_wconf 87' lang='grc' dir='ltr'>ὑπερ-</span> 
     </span>
    </p>
   </div>
   <div class='ocr_carea' id='block_1_18' title="bbox 386 1724 1959 1818">
    <p class='ocr_par' dir='ltr' id='par_1_18' title="bbox 386 1724 1959 1818">
     <span class='ocr_line' id='line_1_18' title="bbox 386 1724 1959 1818; baseline 0.009 -36"><span class='ocrx_word' id='word_1_111' title='bbox 386 1724 671 1797; x_wconf 67' lang='grc' dir='ltr'>ϐάλλοντος</span> <span class='ocrx_word' id='word_1_112' title='bbox 716 1735 914 1808; x_wconf 86' lang='grc' dir='ltr'>πληροῖ</span> <span class='ocrx_word' id='word_1_113' title='bbox 956 1739 1054 1808; x_wconf 77' lang='grc' dir='ltr'>τὴν</span> <span class='ocrx_word' id='word_1_114' title='bbox 1098 1741 1356 1807; x_wconf 86' lang='grc' dir='ltr'>διάνοιαν,</span> <span class='ocrx_word' id='word_1_115' title='bbox 1403 1744 1711 1813; x_wconf 75' lang='grc' dir='ltr'>συνεισάγει</span> <span class='ocrx_word' id='word_1_116' title='bbox 1760 1746 1818 1799; x_wconf 75' lang='grc' dir='ltr'>δὲ</span> <span class='ocrx_word' id='word_1_117' title='bbox 1859 1724 1959 1818; x_wconf 71' lang='grc' dir='ltr'><strong>τήν</strong></span> 
     </span>
    </p>
   </div>
   <div class='ocr_carea' id='block_1_19' title="bbox 389 1822 1960 1908">
    <p class='ocr_par' dir='ltr' id='par_1_19' title="bbox 389 1822 1960 1908">
     <span class='ocr_line' id='line_1_19' title="bbox 389 1822 1960 1908; baseline 0.011 -36"><span class='ocrx_word' id='word_1_118' title='bbox 389 1822 646 1876; x_wconf 73' lang='grc' dir='ltr'>ἀπιστίαν</span> <span class='ocrx_word' id='word_1_119' title='bbox 676 1824 754 1892; x_wconf 85' lang='grc' dir='ltr'>τῷ</span> <span class='ocrx_word' id='word_1_120' title='bbox 782 1825 1037 1898; x_wconf 86' lang='grc' dir='ltr'>θαύματι.</span> <span class='ocrx_word' id='word_1_121' title='bbox 1081 1830 1298 1900; x_wconf 82' lang='grc' dir='ltr'>Ἐπειδὴ</span> <span class='ocrx_word' id='word_1_122' title='bbox 1333 1831 1440 1902; x_wconf 75' lang='grc' dir='ltr'>γὰρ</span> <span class='ocrx_word' id='word_1_123' title='bbox 1471 1834 1498 1887; x_wconf 84' lang='grc' dir='ltr'>ὁ</span> <span class='ocrx_word' id='word_1_124' title='bbox 1525 1833 1648 1898; x_wconf 78' lang='grc' dir='ltr'>νοῦς</span> <span class='ocrx_word' id='word_1_125' title='bbox 1688 1835 1784 1905; x_wconf 82' lang='grc' dir='ltr'><strong>οὐχ</strong></span> <span class='ocrx_word' id='word_1_126' title='bbox 1813 1837 1960 1908; x_wconf 89' lang='grc' dir='ltr'>εύρί-</span> 
     </span>
    </p>
   </div>
   <div class='ocr_carea' id='block_1_20' title="bbox 2057 649 3636 722">
    <p class='ocr_par' dir='ltr' id='par_1_20' title="bbox 2057 649 3636 722">
     <span class='ocr_line' id='line_1_20' title="bbox 2057 649 3636 722; baseline 0 -20"><span class='ocrx_word' id='word_1_127' title='bbox 2057 650 2244 711; x_wconf 88' lang='lat' dir='ltr'><strong>sertis,</strong></span> <span class='ocrx_word' id='word_1_128' title='bbox 2275 652 2630 722; x_wconf 89' lang='lat' dir='ltr'><strong>patribusque</strong></span> <span class='ocrx_word' id='word_1_129' title='bbox 2657 651 2889 705; x_wconf 89' lang='lat' dir='ltr'><strong>familias</strong></span> <span class='ocrx_word' id='word_1_130' title='bbox 2925 667 2987 704; x_wconf 79' lang='lat' dir='ltr'><strong>ex</strong></span> <span class='ocrx_word' id='word_1_131' title='bbox 3023 651 3181 720; x_wconf 81' lang='lat' dir='ltr'><strong>longa</strong></span> <span class='ocrx_word' id='word_1_132' title='bbox 3203 649 3358 719; x_wconf 89' lang='lat' dir='ltr'><strong>quasi</strong></span> <span class='ocrx_word' id='word_1_133' title='bbox 3393 651 3636 719; x_wconf 85' lang='lat' dir='ltr'><strong>peregri-</strong></span> 
     </span>
    </p>
   </div>
   <div class='ocr_carea' id='block_1_21' title="bbox 2059 739 3634 811">
    <p class='ocr_par' dir='ltr' id='par_1_21' title="bbox 2059 739 3634 811">
     <span class='ocr_line' id='line_1_21' title="bbox 2059 739 3634 811; baseline -0.001 -19"><span class='ocrx_word' id='word_1_134' title='bbox 2059 740 2283 794; x_wconf 88' lang='lat' dir='ltr'><strong>natione</strong></span> <span class='ocrx_word' id='word_1_135' title='bbox 2327 743 2749 806; x_wconf 88' lang='lat' dir='ltr'><strong>revertentibus,</strong></span> <span class='ocrx_word' id='word_1_136' title='bbox 2783 758 2954 811; x_wconf 85' lang='lat' dir='ltr'><strong>eaque</strong></span> <span class='ocrx_word' id='word_1_137' title='bbox 3015 742 3196 796; x_wconf 82' lang='lat' dir='ltr'><strong>omnia</strong></span> <span class='ocrx_word' id='word_1_138' title='bbox 3229 739 3412 809; x_wconf 82' lang='lat' dir='ltr'><strong>perﬁci</strong></span> <span class='ocrx_word' id='word_1_139' title='bbox 3460 740 3634 793; x_wconf 86' lang='lat' dir='ltr'><strong>admi—</strong></span> 
     </span>
    </p>
   </div>
   <div class='ocr_carea' id='block_1_22' title="bbox 2060 830 3629 901">
    <p class='ocr_par' dir='ltr' id='par_1_22' title="bbox 2060 830 3629 901">
     <span class='ocr_line' id='line_1_22' title="bbox 2060 830 3629 901; baseline 0 -19"><span class='ocrx_word' id='word_1_140' title='bbox 2060 830 2297 886; x_wconf 88' lang='lat' dir='ltr'><strong>rabiliter</strong></span> <span class='ocrx_word' id='word_1_141' title='bbox 2327 840 2381 886; x_wconf 88' lang='lat' dir='ltr'><strong>et</strong></span> <span class='ocrx_word' id='word_1_142' title='bbox 2417 840 2570 886; x_wconf 79' lang='lat' dir='ltr'><strong>extra</strong></span> <span class='ocrx_word' id='word_1_143' title='bbox 2601 849 2942 888; x_wconf 75' lang='lat' dir='ltr'><strong>communem</strong></span> <span class='ocrx_word' id='word_1_144' title='bbox 2992 842 3207 901; x_wconf 88' lang='lat' dir='ltr'><strong>captum</strong></span> <span class='ocrx_word' id='word_1_145' title='bbox 3243 849 3256 883; x_wconf 88' lang='lat'><strong>:</strong></span> <span class='ocrx_word' id='word_1_146' title='bbox 3290 845 3464 900; x_wconf 89' lang='lat' dir='ltr'><strong>neque</strong></span> <span class='ocrx_word' id='word_1_147' title='bbox 3485 831 3629 883; x_wconf 90' lang='lat' dir='ltr'><strong>enim</strong></span> 
     </span>
    </p>
   </div>
   <div class='ocr_carea' id='block_1_23' title="bbox 2059 919 3631 983">
    <p class='ocr_par' dir='ltr' id='par_1_23' title="bbox 2059 919 3631 983">
     <span class='ocr_line' id='line_1_23' title="bbox 2059 919 3631 983; baseline -0.001 -12"><span class='ocrx_word' id='word_1_148' title='bbox 2059 920 2141 973; x_wconf 88' lang='lat' dir='ltr'><strong>vel</strong></span> <span class='ocrx_word' id='word_1_149' title='bbox 2169 921 2366 978; x_wconf 90' lang='lat' dir='ltr'><strong>domus</strong></span> <span class='ocrx_word' id='word_1_150' title='bbox 2397 922 2550 976; x_wconf 89' lang='lat' dir='ltr'><strong>tarde</strong></span> <span class='ocrx_word' id='word_1_151' title='bbox 2577 935 2868 976; x_wconf 86' lang='lat' dir='ltr'><strong>renovatur</strong></span> <span class='ocrx_word' id='word_1_152' title='bbox 2901 931 2954 974; x_wconf 90' lang='lat' dir='ltr'><strong>et</strong></span> <span class='ocrx_word' id='word_1_153' title='bbox 3004 922 3370 983; x_wconf 76' lang='lat' dir='ltr'><strong>instauratur,</strong></span> <span class='ocrx_word' id='word_1_154' title='bbox 3429 919 3510 973; x_wconf 87' lang='lat' dir='ltr'><strong>vel</strong></span> <span class='ocrx_word' id='word_1_155' title='bbox 3546 919 3631 971; x_wconf 89' lang='lat' dir='ltr'><strong>in-</strong></span> 
     </span>
    </p>
   </div>
   <div class='ocr_carea' id='block_1_24' title="bbox 2059 1009 3630 1082">
    <p class='ocr_par' dir='ltr' id='par_1_24' title="bbox 2059 1009 3630 1082">
     <span class='ocr_line' id='line_1_24' title="bbox 2059 1009 3630 1082; baseline -0.003 -19"><span class='ocrx_word' id='word_1_156' title='bbox 2059 1011 2178 1064; x_wconf 87' lang='lat' dir='ltr'><strong>cola</strong></span> <span class='ocrx_word' id='word_1_157' title='bbox 2210 1011 2447 1076; x_wconf 87' lang='lat' dir='ltr'><strong>oberrat,</strong></span> <span class='ocrx_word' id='word_1_158' title='bbox 2479 1029 2542 1066; x_wconf 89' lang='lat' dir='ltr'><strong>ac</strong></span> <span class='ocrx_word' id='word_1_159' title='bbox 2573 1013 2726 1082; x_wconf 87' lang='lat' dir='ltr'><strong>quasi</strong></span> <span class='ocrx_word' id='word_1_160' title='bbox 2753 1016 2854 1067; x_wconf 88' lang='lat' dir='ltr'><strong>sub</strong></span> <span class='ocrx_word' id='word_1_161' title='bbox 2891 1012 2982 1064; x_wconf 91' lang='lat' dir='ltr'><strong>dio</strong></span> <span class='ocrx_word' id='word_1_162' title='bbox 3014 1020 3214 1072; x_wconf 84' lang='lat' dir='ltr'><strong>manet,</strong></span> <span class='ocrx_word' id='word_1_163' title='bbox 3247 1012 3374 1063; x_wconf 81' lang='lat' dir='ltr'><strong>dum</strong></span> <span class='ocrx_word' id='word_1_164' title='bbox 3410 1009 3630 1079; x_wconf 83' lang='lat' dir='ltr'><strong>propria</strong></span> 
     </span>
    </p>
   </div>
   <div class='ocr_carea' id='block_1_25' title="bbox 2060 1100 3628 1175">
    <p class='ocr_par' dir='ltr' id='par_1_25' title="bbox 2060 1100 3628 1175">
     <span class='ocr_line' id='line_1_25' title="bbox 2060 1100 3628 1175; baseline -0.004 -19"><span class='ocrx_word' id='word_1_165' title='bbox 2060 1119 2122 1156; x_wconf 90' lang='lat' dir='ltr'><strong>ac</strong></span> <span class='ocrx_word' id='word_1_166' title='bbox 2152 1104 2446 1173; x_wconf 81' lang='lat' dir='ltr'><strong>peculiaria</strong></span> <span class='ocrx_word' id='word_1_167' title='bbox 2482 1105 2696 1174; x_wconf 77' lang='lat' dir='ltr'><strong>quan-it,</strong></span> <span class='ocrx_word' id='word_1_168' title='bbox 2736 1105 2829 1159; x_wconf 89' lang='lat' dir='ltr'><strong>sed</strong></span> <span class='ocrx_word' id='word_1_169' title='bbox 2867 1106 3114 1175; x_wconf 82' lang='lat' dir='ltr'><strong>protinus</strong></span> <span class='ocrx_word' id='word_1_170' title='bbox 3165 1104 3228 1156; x_wconf 83' lang='lat' dir='ltr'><strong>ad</strong></span> <span class='ocrx_word' id='word_1_171' title='bbox 3289 1117 3406 1156; x_wconf 90' lang='lat' dir='ltr'><strong>eam</strong></span> <span class='ocrx_word' id='word_1_172' title='bbox 3436 1100 3628 1158; x_wconf 71' lang='lat' dir='ltr'><strong>tendit,</strong></span> 
     </span>
    </p>
   </div>
   <div class='ocr_carea' id='block_1_26' title="bbox 2060 1192 3631 1266">
    <p class='ocr_par' dir='ltr' id='par_1_26' title="bbox 2060 1192 3631 1266">
     <span class='ocr_line' id='line_1_26' title="bbox 2060 1192 3631 1266; baseline -0.004 -17"><span class='ocrx_word' id='word_1_173' title='bbox 2060 1207 2316 1266; x_wconf 84' lang='lat' dir='ltr'><strong>tanquam</strong></span> <span class='ocrx_word' id='word_1_174' title='bbox 2343 1197 2595 1251; x_wconf 90' lang='lat' dir='ltr'><strong>columba</strong></span> <span class='ocrx_word' id='word_1_175' title='bbox 2645 1197 2710 1251; x_wconf 86' lang='lat' dir='ltr'><strong>ad</strong></span> <span class='ocrx_word' id='word_1_176' title='bbox 2768 1212 2921 1250; x_wconf 87' lang='lat' dir='ltr'><strong>suam</strong></span> <span class='ocrx_word' id='word_1_177' title='bbox 2953 1197 3166 1257; x_wconf 85' lang='lat' dir='ltr'><strong>turrim,</strong></span> <span class='ocrx_word' id='word_1_178' title='bbox 3203 1194 3416 1249; x_wconf 88' lang='lat' dir='ltr'><strong>etiamsi</strong></span> <span class='ocrx_word' id='word_1_179' title='bbox 3453 1192 3631 1245; x_wconf 74' lang='lat' dir='ltr'><strong>multa:</strong></span> 
     </span>
    </p>
   </div>
   <div class='ocr_carea' id='block_1_27' title="bbox 2059 1285 3626 1358">
    <p class='ocr_par' dir='ltr' id='par_1_27' title="bbox 2059 1285 3626 1358">
     <span class='ocr_line' id='line_1_27' title="bbox 2059 1285 3626 1358; baseline -0.004 -16"><span class='ocrx_word' id='word_1_180' title='bbox 2059 1295 2222 1357; x_wconf 85' lang='lat' dir='ltr'><strong>atque</strong></span> <span class='ocrx_word' id='word_1_181' title='bbox 2253 1289 2562 1358; x_wconf 83' lang='lat' dir='ltr'><strong>frequentes</strong></span> <span class='ocrx_word' id='word_1_182' title='bbox 2585 1289 2729 1344; x_wconf 85' lang='lat' dir='ltr'><strong>circa</strong></span> <span class='ocrx_word' id='word_1_183' title='bbox 2775 1289 3021 1343; x_wconf 90' lang='lat' dir='ltr'><strong>eumdem</strong></span> <span class='ocrx_word' id='word_1_184' title='bbox 3073 1288 3246 1342; x_wconf 90' lang='lat' dir='ltr'><strong>locum</strong></span> <span class='ocrx_word' id='word_1_185' title='bbox 3301 1286 3498 1339; x_wconf 80' lang='lat' dir='ltr'><strong>fuerint</strong></span> <span class='ocrx_word' id='word_1_186' title='bbox 3531 1285 3626 1337; x_wconf 86' lang='lat' dir='ltr'><strong>iis-</strong></span> 
     </span>
    </p>
   </div>
   <div class='ocr_carea' id='block_1_28' title="bbox 2061 1374 3628 1446">
    <p class='ocr_par' dir='ltr' id='par_1_28' title="bbox 2061 1374 3628 1446">
     <span class='ocr_line' id='line_1_28' title="bbox 2061 1374 3628 1446; baseline -0.003 -16"><span class='ocrx_word' id='word_1_187' title='bbox 2061 1377 2181 1430; x_wconf 89' lang='lat' dir='ltr'><strong>dem</strong></span> <span class='ocrx_word' id='word_1_188' title='bbox 2242 1378 2386 1433; x_wconf 89' lang='lat' dir='ltr'><strong>notis</strong></span> <span class='ocrx_word' id='word_1_189' title='bbox 2433 1378 2692 1446; x_wconf 79' lang='lat' dir='ltr'><strong>insignes.</strong></span> <span class='ocrx_word' id='word_1_190' title='bbox 2758 1377 2914 1433; x_wconf 83' lang='lat' dir='ltr'><strong>Unde</strong></span> <span class='ocrx_word' id='word_1_191' title='bbox 2970 1392 3163 1431; x_wconf 89' lang='lat' dir='ltr'><strong>rursus</strong></span> <span class='ocrx_word' id='word_1_192' title='bbox 3220 1374 3528 1429; x_wconf 70' lang='lat' dir='ltr'><strong>recordatio</strong></span> <span class='ocrx_word' id='word_1_193' title='bbox 3576 1381 3628 1426; x_wconf 86' lang='lat' dir='ltr'><strong>et</strong></span> 
     </span>
    </p>
   </div>
   <div class='ocr_carea' id='block_1_29' title="bbox 2063 1455 3632 1538">
    <p class='ocr_par' dir='ltr' id='par_1_29' title="bbox 2063 1455 3632 1538">
     <span class='ocr_line' id='line_1_29' title="bbox 2063 1455 3632 1538; baseline 0.001 -19"><span class='ocrx_word' id='word_1_194' title='bbox 2063 1468 2264 1536; x_wconf 88' lang='lat' dir='ltr'><strong>prioris</strong></span> <span class='ocrx_word' id='word_1_195' title='bbox 2295 1470 2421 1522; x_wconf 75' lang='lat' dir='ltr'><strong>vitae</strong></span> <span class='ocrx_word' id='word_1_196' title='bbox 2453 1469 2718 1538; x_wconf 74' lang='lat' dir='ltr'><strong>expensio</strong></span> <span class='ocrx_word' id='word_1_197' title='bbox 2773 1455 3214 1538; x_wconf 78' lang='lat' dir='ltr'><strong>retractatioque.</strong></span> <span class='ocrx_word' id='word_1_198' title='bbox 3246 1475 3408 1536; x_wconf 88' lang='lat' dir='ltr'><strong>atque</strong></span> <span class='ocrx_word' id='word_1_199' title='bbox 3444 1465 3632 1534; x_wconf 83' lang='lat' dir='ltr'><strong>cujus-</strong></span> 
     </span>
    </p>
   </div>
   <div class='ocr_carea' id='block_1_30' title="bbox 2061 1559 3626 1630">
    <p class='ocr_par' dir='ltr' id='par_1_30' title="bbox 2061 1559 3626 1630">
     <span class='ocr_line' id='line_1_30' title="bbox 2061 1559 3626 1630; baseline -0.004 -16"><span class='ocrx_word' id='word_1_200' title='bbox 2061 1575 2166 1629; x_wconf 87' lang='lat' dir='ltr'><strong>que</strong></span> <span class='ocrx_word' id='word_1_201' title='bbox 2197 1561 2426 1616; x_wconf 87' lang='lat' dir='ltr'><strong>actionis</strong></span> <span class='ocrx_word' id='word_1_202' title='bbox 2449 1561 2732 1630; x_wconf 78' lang='lat' dir='ltr'><strong>cogitatio.</strong></span> <span class='ocrx_word' id='word_1_203' title='bbox 2761 1577 2881 1630; x_wconf 69' lang='lat' dir='ltr'><strong>qua:</strong></span> <span class='ocrx_word' id='word_1_204' title='bbox 2914 1561 3049 1614; x_wconf 89' lang='lat' dir='ltr'><strong>adeo</strong></span> <span class='ocrx_word' id='word_1_205' title='bbox 3083 1559 3329 1613; x_wconf 77' lang='lat' dir='ltr'><strong>celeriter</strong></span> <span class='ocrx_word' id='word_1_206' title='bbox 3369 1572 3474 1610; x_wconf 89' lang='lat' dir='ltr'><strong>una</strong></span> <span class='ocrx_word' id='word_1_207' title='bbox 3505 1572 3626 1609; x_wconf 87' lang='lat' dir='ltr'><strong>cum</strong></span> 
     </span>
    </p>
   </div>
   <div class='ocr_carea' id='block_1_31' title="bbox 2062 1649 3630 1715">
    <p class='ocr_par' dir='ltr' id='par_1_31' title="bbox 2062 1649 3630 1715">
     <span class='ocr_line' id='line_1_31' title="bbox 2062 1649 3630 1715; baseline -0.004 -9"><span class='ocrx_word' id='word_1_208' title='bbox 2062 1651 2283 1706; x_wconf 88' lang='lat' dir='ltr'><strong>animali</strong></span> <span class='ocrx_word' id='word_1_209' title='bbox 2316 1659 2442 1706; x_wconf 84' lang='lat' dir='ltr'><strong>ante</strong></span> <span class='ocrx_word' id='word_1_210' title='bbox 2482 1661 2561 1706; x_wconf 91' lang='lat' dir='ltr'><strong>tot</strong></span> <span class='ocrx_word' id='word_1_211' title='bbox 2601 1652 2798 1707; x_wconf 64' lang='lat' dir='ltr'><strong>saecula</strong></span> <span class='ocrx_word' id='word_1_212' title='bbox 2838 1651 3105 1705; x_wconf 84' lang='lat' dir='ltr'><strong>dissoluto</strong></span> <span class='ocrx_word' id='word_1_213' title='bbox 3139 1649 3439 1704; x_wconf 73' lang='lat' dir='ltr'><strong>absolvitur</strong></span> <span class='ocrx_word' id='word_1_214' title='bbox 3470 1659 3630 1715; x_wconf 87' lang='lat' dir='ltr'><strong>atque</strong></span> 
     </span>
    </p>
   </div>
   <div class='ocr_carea' id='block_1_32' title="bbox 2063 1737 3628 1812">
    <p class='ocr_par' dir='ltr' id='par_1_32' title="bbox 2063 1737 3628 1812">
     <span class='ocr_line' id='line_1_32' title="bbox 2063 1737 3628 1812; baseline -0.006 -15"><span class='ocrx_word' id='word_1_215' title='bbox 2063 1742 2380 1812; x_wconf 83' lang='lat' dir='ltr'><strong>perficitur?</strong></span> <span class='ocrx_word' id='word_1_216' title='bbox 2405 1743 2566 1812; x_wconf 88' lang='lat' dir='ltr'><strong>Atqui</strong></span> <span class='ocrx_word' id='word_1_217' title='bbox 2603 1743 2684 1797; x_wconf 84' lang='lat' dir='ltr'><strong>vel</strong></span> <span class='ocrx_word' id='word_1_218' title='bbox 2713 1758 2776 1796; x_wconf 79' lang='lat' dir='ltr'><strong>ex</strong></span> <span class='ocrx_word' id='word_1_219' title='bbox 2822 1756 3014 1795; x_wconf 85' lang='lat' dir='ltr'><strong>somno</strong></span> <span class='ocrx_word' id='word_1_220' title='bbox 3059 1739 3398 1810; x_wconf 88' lang='lat' dir='ltr'><strong>profundiori</strong></span> <span class='ocrx_word' id='word_1_221' title='bbox 3421 1737 3628 1790; x_wconf 74' lang='lat' dir='ltr'><strong>excita-</strong></span> 
     </span>
    </p>
   </div>
   <div class='ocr_carea' id='block_1_33' title="bbox 2063 1822 3628 1902">
    <p class='ocr_par' dir='ltr' id='par_1_33' title="bbox 2063 1822 3628 1902">
     <span class='ocr_line' id='line_1_33' title="bbox 2063 1822 3628 1902; baseline -0.008 -17"><span class='ocrx_word' id='word_1_222' title='bbox 2063 1842 2152 1888; x_wconf 91' lang='lat' dir='ltr'><strong>tns</strong></span> <span class='ocrx_word' id='word_1_223' title='bbox 2183 1835 2345 1887; x_wconf 90' lang='lat' dir='ltr'><strong>homo</strong></span> <span class='ocrx_word' id='word_1_224' title='bbox 2391 1832 2665 1902; x_wconf 86' lang='lat' dir='ltr'><strong>paulisper</strong></span> <span class='ocrx_word' id='word_1_225' title='bbox 2715 1832 2926 1900; x_wconf 78' lang='lat' dir='ltr'><strong>ignorat</strong></span> <span class='ocrx_word' id='word_1_226' title='bbox 2957 1827 3047 1898; x_wconf 91' lang='lat' dir='ltr'><strong>qui</strong></span> <span class='ocrx_word' id='word_1_227' title='bbox 3099 1827 3190 1889; x_wconf 87' lang='lat' dir='ltr'><strong>sit,</strong></span> <span class='ocrx_word' id='word_1_228' title='bbox 3225 1833 3277 1878; x_wconf 89' lang='lat' dir='ltr'><strong>et</strong></span> <span class='ocrx_word' id='word_1_229' title='bbox 3311 1823 3399 1878; x_wconf 94' lang='lat' dir='ltr'><strong>ubi</strong></span> <span class='ocrx_word' id='word_1_230' title='bbox 3435 1822 3628 1890; x_wconf 79' lang='lat' dir='ltr'><strong>degat;</strong></span> 
     </span>
    </p>
   </div>
   <div class='ocr_carea' id='block_1_34' title="bbox 393 1893 1957 1998">
    <p class='ocr_par' dir='ltr' id='par_1_34' title="bbox 393 1915 1953 1998">
     <span class='ocr_line' id='line_1_34' title="bbox 393 1915 1953 1998; baseline 0.012 -36"><span class='ocrx_word' id='word_1_231' title='bbox 393 1927 511 1964; x_wconf 84' lang='grc' dir='ltr'>σκει</span> <span class='ocrx_word' id='word_1_232' title='bbox 556 1915 664 1967; x_wconf 82' lang='grc' dir='ltr'><strong>τῶν</strong></span> <span class='ocrx_word' id='word_1_233' title='bbox 701 1917 1087 1987; x_wconf 80' lang='grc' dir='ltr'>ἀπορουμένων</span> <span class='ocrx_word' id='word_1_234' title='bbox 1135 1923 1227 1974; x_wconf 79' lang='grc' dir='ltr'><strong>καὶ</strong></span> <span class='ocrx_word' id='word_1_235' title='bbox 1260 1922 1603 1994; x_wconf 79' lang='grc' dir='ltr'>ζητουμένων</span> <span class='ocrx_word' id='word_1_236' title='bbox 1644 1926 1744 1998; x_wconf 85' lang='grc' dir='ltr'><strong>τὴν</strong></span> <span class='ocrx_word' id='word_1_237' title='bbox 1782 1925 1953 1992; x_wconf 81' lang='grc' dir='ltr'>λύσιν,</span> 
     </span>
    </p>
   </div>
   <div class='ocr_carea' id='block_1_35' title="bbox 2061 1893 3626 1998">
    <p class='ocr_par' dir='ltr' id='par_1_35' title="bbox 2067 1913 3626 1994">
     <span class='ocr_line' id='line_1_35' title="bbox 2067 1913 3626 1994; baseline -0.009 -16"><span class='ocrx_word' id='word_1_238' title='bbox 2067 1925 2504 1994; x_wconf 88' lang='lat' dir='ltr'><strong>familiarumque</strong></span> <span class='ocrx_word' id='word_1_239' title='bbox 2539 1931 2593 1977; x_wconf 90' lang='lat' dir='ltr'><strong>et.</strong></span> <span class='ocrx_word' id='word_1_240' title='bbox 2630 1930 3018 1976; x_wconf 82' lang='lat' dir='ltr'><strong>consuetarum</strong></span> <span class='ocrx_word' id='word_1_241' title='bbox 3056 1932 3237 1972; x_wconf 87' lang='lat' dir='ltr'><strong>rerum</strong></span> <span class='ocrx_word' id='word_1_242' title='bbox 3260 1913 3626 1972; x_wconf 76' lang='lat' dir='ltr'><strong>obliviscitur.</strong></span> 
     </span>
    </p>
   </div>
   <div class='ocr_carea' id='block_1_36' title="bbox 386 2001 1956 2087">
    <p class='ocr_par' dir='ltr' id='par_1_36' title="bbox 386 2001 1956 2087">
     <span class='ocr_line' id='line_1_36' title="bbox 386 2001 1956 2087; baseline 0.01 -33"><span class='ocrx_word' id='word_1_243' title='bbox 386 2001 507 2054; x_wconf 83' lang='grc' dir='ltr'><strong>ούδέ</strong></span> <span class='ocrx_word' id='word_1_244' title='bbox 530 2003 751 2058; x_wconf 85' lang='grc' dir='ltr'>δύναται</span> <span class='ocrx_word' id='word_1_245' title='bbox 791 2005 887 2076; x_wconf 79' lang='grc' dir='ltr'><strong>τήν</strong></span> <span class='ocrx_word' id='word_1_246' title='bbox 929 2008 1119 2062; x_wconf 80' lang='grc' dir='ltr'>ἑαυτοῦ</span> <span class='ocrx_word' id='word_1_247' title='bbox 1169 2011 1699 2084; x_wconf 79' lang='grc' dir='ltr'>πολυπραγμοσύνην</span> <span class='ocrx_word' id='word_1_248' title='bbox 1735 2018 1956 2087; x_wconf 86' lang='grc' dir='ltr'>εὑρήσει</span> 
     </span>
    </p>
   </div>
   <div class='ocr_carea' id='block_1_37' title="bbox 388 2093 1958 2176">
    <p class='ocr_par' dir='ltr' id='par_1_37' title="bbox 388 2093 1958 2176">
     <span class='ocr_line' id='line_1_37' title="bbox 388 2093 1958 2176; baseline 0.011 -32"><span class='ocrx_word' id='word_1_249' title='bbox 388 2093 479 2145; x_wconf 75' lang='grc' dir='ltr'><strong>καὶ</strong></span> <span class='ocrx_word' id='word_1_250' title='bbox 509 2093 796 2147; x_wconf 86' lang='grc' dir='ltr'>καταλύσει</span> <span class='ocrx_word' id='word_1_251' title='bbox 828 2100 1300 2168; x_wconf 81' lang='grc' dir='ltr'>προσαναπαῦσαι,</span> <span class='ocrx_word' id='word_1_252' title='bbox 1333 2106 1500 2174; x_wconf 84' lang='grc' dir='ltr'>χωρεῖ</span> <span class='ocrx_word' id='word_1_253' title='bbox 1542 2105 1676 2176; x_wconf 77' lang='grc' dir='ltr'>πρὸς</span> <span class='ocrx_word' id='word_1_254' title='bbox 1701 2107 1958 2162; x_wconf 76' lang='grc' dir='ltr'>ἀπιστίαν</span> 
     </span>
    </p>
   </div>
   <div class='ocr_carea' id='block_1_38' title="bbox 387 2187 1957 2267">
    <p class='ocr_par' dir='ltr' id='par_1_38' title="bbox 387 2187 1957 2267">
     <span class='ocr_line' id='line_1_38' title="bbox 387 2187 1957 2267; baseline 0.011 -30"><span class='ocrx_word' id='word_1_255' title='bbox 387 2187 571 2239; x_wconf 75' lang='grc' dir='ltr'>λοιπον</span> <span class='ocrx_word' id='word_1_256' title='bbox 614 2188 671 2240; x_wconf 85' lang='grc' dir='ltr'><strong>ἐν</strong></span> <span class='ocrx_word' id='word_1_257' title='bbox 695 2191 758 2258; x_wconf 84' lang='grc' dir='ltr'>τῇ</span> <span class='ocrx_word' id='word_1_258' title='bbox 783 2189 1034 2264; x_wconf 77' lang='grc' dir='ltr'>ἀσθενείᾳ</span> <span class='ocrx_word' id='word_1_259' title='bbox 1062 2193 1168 2246; x_wconf 85' lang='grc' dir='ltr'><strong>τῶν</strong></span> <span class='ocrx_word' id='word_1_260' title='bbox 1195 2194 1337 2248; x_wconf 83' lang='grc' dir='ltr'>ἰδίων</span> <span class='ocrx_word' id='word_1_261' title='bbox 1361 2195 1656 2267; x_wconf 82' lang='grc' dir='ltr'>λογισμῶν,</span> <span class='ocrx_word' id='word_1_262' title='bbox 1681 2199 1957 2254; x_wconf 78' lang='grc' dir='ltr'>ἐκϐάλλων</span> 
     </span>
    </p>
   </div>
   <div class='ocr_carea' id='block_1_39' title="bbox 389 2278 1958 2358">
    <p class='ocr_par' dir='ltr' id='par_1_39' title="bbox 389 2278 1958 2358">
     <span class='ocr_line' id='line_1_39' title="bbox 389 2278 1958 2358; baseline 0.01 -28"><span class='ocrx_word' id='word_1_263' title='bbox 389 2279 482 2331; x_wconf 78' lang='grc' dir='ltr'>καὶ</span> <span class='ocrx_word' id='word_1_264' title='bbox 513 2278 720 2333; x_wconf 85' lang='grc' dir='ltr'>ἀθετῶν</span> <span class='ocrx_word' id='word_1_265' title='bbox 751 2281 847 2353; x_wconf 82' lang='grc' dir='ltr'>τὴν</span> <span class='ocrx_word' id='word_1_266' title='bbox 895 2282 1001 2348; x_wconf 85' lang='grc' dir='ltr'><strong>τῶν</strong></span> <span class='ocrx_word' id='word_1_267' title='bbox 1039 2286 1378 2355; x_wconf 83' lang='grc' dir='ltr'>πραγμάτων</span> <span class='ocrx_word' id='word_1_268' title='bbox 1420 2288 1696 2358; x_wconf 78' lang='grc' dir='ltr'>ἀλήθειαν.</span> <span class='ocrx_word' id='word_1_269' title='bbox 1742 2291 1958 2345; x_wconf 83' lang='grc' dir='ltr'>Μᾶλλον</span> 
     </span>
    </p>
   </div>
   <div class='ocr_carea' id='block_1_40' title="bbox 388 2368 1957 2453">
    <p class='ocr_par' dir='ltr' id='par_1_40' title="bbox 388 2368 1957 2453">
     <span class='ocr_line' id='line_1_40' title="bbox 388 2368 1957 2453; baseline 0.01 -33"><span class='ocrx_word' id='word_1_270' title='bbox 388 2368 442 2420; x_wconf 82' lang='grc' dir='ltr'>δὲ</span> <span class='ocrx_word' id='word_1_271' title='bbox 470 2371 655 2441; x_wconf 79' lang='grc' dir='ltr'>ἐπειδὴ</span> <span class='ocrx_word' id='word_1_272' title='bbox 685 2372 787 2442; x_wconf 86' lang='grc' dir='ltr'>ὁδῷ</span> <span class='ocrx_word' id='word_1_273' title='bbox 837 2374 1143 2445; x_wconf 80' lang='grc' dir='ltr'>προϐαίνων</span> <span class='ocrx_word' id='word_1_274' title='bbox 1192 2380 1220 2430; x_wconf 84' lang='grc' dir='ltr'>ὁ</span> <span class='ocrx_word' id='word_1_275' title='bbox 1254 2377 1408 2447; x_wconf 84' lang='grc' dir='ltr'>λόγος</span> <span class='ocrx_word' id='word_1_276' title='bbox 1435 2381 1570 2451; x_wconf 76' lang='grc' dir='ltr'>πρὸς</span> <span class='ocrx_word' id='word_1_277' title='bbox 1614 2383 1673 2434; x_wconf 83' lang='grc' dir='ltr'><strong>τὸ</strong></span> <span class='ocrx_word' id='word_1_278' title='bbox 1718 2384 1957 2453; x_wconf 84' lang='grc' dir='ltr'>συνεχῶς</span> 
     </span>
    </p>
   </div>
   <div class='ocr_carea' id='block_1_41' title="bbox 389 2461 1957 2547">
    <p class='ocr_par' dir='ltr' id='par_1_41' title="bbox 389 2461 1957 2547">
     <span class='ocr_line' id='line_1_41' title="bbox 389 2461 1957 2547; baseline 0.01 -34"><span class='ocrx_word' id='word_1_279' title='bbox 389 2461 714 2534; x_wconf 85' lang='grc' dir='ltr'>λαλούμενον</span> <span class='ocrx_word' id='word_1_280' title='bbox 738 2467 961 2535; x_wconf 78' lang='grc' dir='ltr'>ἀφίκετο</span> <span class='ocrx_word' id='word_1_281' title='bbox 986 2467 1234 2539; x_wconf 78' lang='grc' dir='ltr'>ζήτημα,</span> <span class='ocrx_word' id='word_1_282' title='bbox 1278 2473 1489 2542; x_wconf 80' lang='grc' dir='ltr'>καὶτῆς</span> <span class='ocrx_word' id='word_1_283' title='bbox 1526 2475 1805 2544; x_wconf 81' lang='grc' dir='ltr'>παρούσης</span> <span class='ocrx_word' id='word_1_284' title='bbox 1837 2478 1957 2547; x_wconf 84' lang='grc' dir='ltr'>ἐορ-</span> 
     </span>
    </p>
   </div>
   <div class='ocr_carea' id='block_1_42' title="bbox 387 2554 1957 2637">
    <p class='ocr_par' dir='ltr' id='par_1_42' title="bbox 387 2554 1957 2637">
     <span class='ocr_line' id='line_1_42' title="bbox 387 2554 1957 2637; baseline 0.009 -31"><span class='ocrx_word' id='word_1_285' title='bbox 387 2554 488 2622; x_wconf 81' lang='grc' dir='ltr'><strong>τῆς</strong></span> <span class='ocrx_word' id='word_1_286' title='bbox 526 2557 780 2620; x_wconf 78' lang='grc' dir='ltr'>ὑπόθεσις</span> <span class='ocrx_word' id='word_1_287' title='bbox 818 2560 992 2613; x_wconf 87' lang='grc' dir='ltr'>οίκεία</span> <span class='ocrx_word' id='word_1_288' title='bbox 1031 2561 1125 2613; x_wconf 70' lang='grc' dir='ltr'>καὶ</span> <span class='ocrx_word' id='word_1_289' title='bbox 1163 2562 1454 2634; x_wconf 79' lang='grc' dir='ltr'>συγγενὴς,</span> <span class='ocrx_word' id='word_1_290' title='bbox 1490 2564 1620 2635; x_wconf 81' lang='grc' dir='ltr'>φέρε</span> <span class='ocrx_word' id='word_1_291' title='bbox 1650 2567 1840 2637; x_wconf 68' lang='grc' dir='ltr'>μικρδν</span> <span class='ocrx_word' id='word_1_292' title='bbox 1878 2570 1957 2630; x_wconf 87' lang='grc' dir='ltr'><strong>είς</strong></span> 
     </span>
    </p>
   </div>
   <div class='ocr_carea' id='block_1_43' title="bbox 388 2645 1956 2727">
    <p class='ocr_par' dir='ltr' id='par_1_43' title="bbox 388 2645 1956 2727">
     <span class='ocr_line' id='line_1_43' title="bbox 388 2645 1956 2727; baseline 0.006 -26"><span class='ocrx_word' id='word_1_293' title='bbox 388 2645 560 2716; x_wconf 84' lang='grc' dir='ltr'>ἀρχὴν</span> <span class='ocrx_word' id='word_1_294' title='bbox 592 2649 903 2717; x_wconf 78' lang='grc' dir='ltr'>πρέπουσαν</span> <span class='ocrx_word' id='word_1_295' title='bbox 933 2652 1296 2720; x_wconf 84' lang='grc' dir='ltr'>ἀναγαγόντες</span> <span class='ocrx_word' id='word_1_296' title='bbox 1324 2654 1384 2706; x_wconf 84' lang='grc' dir='ltr'><strong>τὸ</strong></span> <span class='ocrx_word' id='word_1_297' title='bbox 1411 2657 1790 2723; x_wconf 85' lang='grc' dir='ltr'>προκείμενον,</span> <span class='ocrx_word' id='word_1_298' title='bbox 1823 2658 1956 2727; x_wconf 85' lang='grc' dir='ltr'>πλη-</span> 
     </span>
    </p>
   </div>
   <div class='ocr_carea' id='block_1_44' title="bbox 391 2736 1954 2818">
    <p class='ocr_par' dir='ltr' id='par_1_44' title="bbox 391 2736 1954 2818">
     <span class='ocr_line' id='line_1_44' title="bbox 391 2736 1954 2818; baseline 0.01 -32"><span class='ocrx_word' id='word_1_299' title='bbox 391 2736 648 2807; x_wconf 76' lang='grc' dir='ltr'>ροφορίαν</span> <span class='ocrx_word' id='word_1_300' title='bbox 691 2739 986 2808; x_wconf 77' lang='grc' dir='ltr'>ἐμποιῆσαι</span> <span class='ocrx_word' id='word_1_301' title='bbox 1041 2744 1387 2814; x_wconf 77' lang='grc' dir='ltr'>πειραθῶμεν</span> <span class='ocrx_word' id='word_1_302' title='bbox 1429 2750 1540 2809; x_wconf 86' lang='grc' dir='ltr'>τοῖς</span> <span class='ocrx_word' id='word_1_303' title='bbox 1572 2749 1706 2818; x_wconf 70' lang='grc' dir='ltr'>πρὸς</span> <span class='ocrx_word' id='word_1_304' title='bbox 1738 2749 1804 2801; x_wconf 66' lang='grc' dir='ltr'><strong>τὰ</strong></span> <span class='ocrx_word' id='word_1_305' title='bbox 1854 2768 1954 2818; x_wconf 75' lang='grc' dir='ltr'><strong>φα-</strong></span> 
     </span>
    </p>
   </div>
   <div class='ocr_carea' id='block_1_45' title="bbox 389 2826 1957 2908">
    <p class='ocr_par' dir='ltr' id='par_1_45' title="bbox 389 2826 1957 2908">
     <span class='ocr_line' id='line_1_45' title="bbox 389 2826 1957 2908; baseline 0.006 -29"><span class='ocrx_word' id='word_1_306' title='bbox 389 2826 522 2895; x_wconf 83' lang='grc' dir='ltr'><strong>νερά</strong></span> <span class='ocrx_word' id='word_1_307' title='bbox 554 2828 736 2892; x_wconf 86' lang='grc' dir='ltr'>κακῶς</span> <span class='ocrx_word' id='word_1_308' title='bbox 761 2831 1208 2900; x_wconf 74' lang='grc' dir='ltr'>ἀμφιϐάλλουσιν.</span> <span class='ocrx_word' id='word_1_309' title='bbox 1259 2834 1316 2887; x_wconf 78' lang='grc' dir='ltr'>Ὀ</span> <span class='ocrx_word' id='word_1_310' title='bbox 1340 2835 1446 2887; x_wconf 87' lang='grc' dir='ltr'><strong>τῶν</strong></span> <span class='ocrx_word' id='word_1_311' title='bbox 1467 2837 1602 2888; x_wconf 81' lang='grc' dir='ltr'>ὅλων</span> <span class='ocrx_word' id='word_1_312' title='bbox 1631 2836 1957 2908; x_wconf 78' lang='grc' dir='ltr'>δημιουργὸς</span> 
     </span>
    </p>
   </div>
   <div class='ocr_carea' id='block_1_46' title="bbox 389 2914 1954 2998">
    <p class='ocr_par' dir='ltr' id='par_1_46' title="bbox 389 2914 1954 2998">
     <span class='ocr_line' id='line_1_46' title="bbox 389 2914 1954 2998; baseline 0.01 -31"><span class='ocrx_word' id='word_1_313' title='bbox 389 2914 621 2985; x_wconf 81' lang='grc' dir='ltr'>θελήσας</span> <span class='ocrx_word' id='word_1_314' title='bbox 660 2921 837 2974; x_wconf 81' lang='grc' dir='ltr'>κτίσαι</span> <span class='ocrx_word' id='word_1_315' title='bbox 887 2922 978 2975; x_wconf 69' lang='grc' dir='ltr'><strong>τὸν</strong></span> <span class='ocrx_word' id='word_1_316' title='bbox 1021 2923 1325 2995; x_wconf 81' lang='grc' dir='ltr'>ἄνθρωπον,</span> <span class='ocrx_word' id='word_1_317' title='bbox 1375 2926 1472 2996; x_wconf 78' lang='grc' dir='ltr'><strong>οὐχ</strong></span> <span class='ocrx_word' id='word_1_318' title='bbox 1507 2929 1581 2990; x_wconf 85' lang='grc' dir='ltr'>ὠς</span> <span class='ocrx_word' id='word_1_319' title='bbox 1615 2930 1954 2998; x_wconf 58' lang='grc' dir='ltr'>εύκαταξρό-</span> 
     </span>
    </p>
   </div>
   <div class='ocr_carea' id='block_1_47' title="bbox 387 3007 1956 3086">
    <p class='ocr_par' dir='ltr' id='par_1_47' title="bbox 387 3007 1956 3086">
     <span class='ocr_line' id='line_1_47' title="bbox 387 3007 1956 3086; baseline 0.01 -28"><span class='ocrx_word' id='word_1_320' title='bbox 387 3023 546 3075; x_wconf 87' lang='grc' dir='ltr'>νητον</span> <span class='ocrx_word' id='word_1_321' title='bbox 576 3007 732 3076; x_wconf 81' lang='grc' dir='ltr'>ζῶον,</span> <span class='ocrx_word' id='word_1_322' title='bbox 765 3010 876 3063; x_wconf 79' lang='grc' dir='ltr'>ἀλλ’</span> <span class='ocrx_word' id='word_1_323' title='bbox 923 3012 996 3076; x_wconf 87' lang='grc' dir='ltr'>ὼς</span> <span class='ocrx_word' id='word_1_324' title='bbox 1025 3014 1347 3086; x_wconf 74' lang='grc' dir='ltr'>τιμιώτερον</span> <span class='ocrx_word' id='word_1_325' title='bbox 1377 3018 1591 3071; x_wconf 89' lang='grc' dir='ltr'>πάντων</span> <span class='ocrx_word' id='word_1_326' title='bbox 1624 3019 1703 3082; x_wconf 85' lang='grc' dir='ltr'><strong>είς</strong></span> <span class='ocrx_word' id='word_1_327' title='bbox 1732 3019 1790 3072; x_wconf 81' lang='grc' dir='ltr'>τὸ</span> <span class='ocrx_word' id='word_1_328' title='bbox 1817 3016 1956 3074; x_wconf 80' lang='grc' dir='ltr'>εἶναι</span> 
     </span>
    </p>
   </div>
   <div class='ocr_carea' id='block_1_48' title="bbox 389 3102 1956 3178">
    <p class='ocr_par' dir='ltr' id='par_1_48' title="bbox 389 3102 1956 3178">
     <span class='ocr_line' id='line_1_48' title="bbox 389 3102 1956 3178; baseline 0.01 -28"><span class='ocrx_word' id='word_1_329' title='bbox 389 3102 699 3170; x_wconf 86' lang='grc' dir='ltr'>παρήγαγε,</span> <span class='ocrx_word' id='word_1_330' title='bbox 763 3103 856 3156; x_wconf 67' lang='grc' dir='ltr'>καῖ</span> <span class='ocrx_word' id='word_1_331' title='bbox 903 3104 1003 3174; x_wconf 72' lang='grc' dir='ltr'><strong>τῆς</strong></span> <span class='ocrx_word' id='word_1_332' title='bbox 1051 3107 1140 3159; x_wconf 77' lang='grc' dir='ltr'>ὑπ’</span> <span class='ocrx_word' id='word_1_333' title='bbox 1175 3108 1400 3178; x_wconf 74' lang='grc' dir='ltr'>οὐρανὸν</span> <span class='ocrx_word' id='word_1_334' title='bbox 1444 3110 1671 3174; x_wconf 87' lang='grc' dir='ltr'>κτίσεως</span> <span class='ocrx_word' id='word_1_335' title='bbox 1721 3112 1956 3177; x_wconf 81' lang='grc' dir='ltr'>ἀνέδειξε</span> 
     </span>
    </p>
   </div>
   <div class='ocr_carea' id='block_1_49' title="bbox 2059 2008 3627 2086">
    <p class='ocr_par' dir='ltr' id='par_1_49' title="bbox 2059 2008 3627 2086">
     <span class='ocr_line' id='line_1_49' title="bbox 2059 2008 3627 2086; baseline -0.011 -16"><span class='ocrx_word' id='word_1_336' title='bbox 2059 2018 2235 2073; x_wconf 88' lang='lat' dir='ltr'><strong>donec</strong></span> <span class='ocrx_word' id='word_1_337' title='bbox 2265 2016 2448 2086; x_wconf 77' lang='lat' dir='ltr'><strong>vigilia</strong></span> <span class='ocrx_word' id='word_1_338' title='bbox 2484 2016 2738 2070; x_wconf 82' lang='lat' dir='ltr'><strong>discusso</strong></span> <span class='ocrx_word' id='word_1_339' title='bbox 2782 2024 3003 2081; x_wconf 87' lang='lat' dir='ltr'><strong>torpore</strong></span> <span class='ocrx_word' id='word_1_340' title='bbox 3047 2023 3239 2063; x_wconf 84' lang='lat' dir='ltr'><strong>rursus</strong></span> <span class='ocrx_word' id='word_1_341' title='bbox 3273 2008 3380 2058; x_wconf 89' lang='lat' dir='ltr'><strong>vim</strong></span> <span class='ocrx_word' id='word_1_342' title='bbox 3423 2018 3627 2057; x_wconf 89' lang='lat' dir='ltr'><strong>memo-</strong></span> 
     </span>
    </p>
   </div>
   <div class='ocr_carea' id='block_1_50' title="bbox 2061 2095 3629 2163">
    <p class='ocr_par' dir='ltr' id='par_1_50' title="bbox 2061 2095 3629 2163">
     <span class='ocr_line' id='line_1_50' title="bbox 2061 2095 3629 2163; baseline -0.01 -2"><span class='ocrx_word' id='word_1_343' title='bbox 2061 2109 2154 2162; x_wconf 74' lang='lat' dir='ltr'><strong>ria:</strong></span> <span class='ocrx_word' id='word_1_344' title='bbox 2210 2107 2672 2163; x_wconf 81' lang='lat' dir='ltr'><strong>conservatricem</strong></span> <span class='ocrx_word' id='word_1_345' title='bbox 2728 2113 2782 2159; x_wconf 86' lang='lat' dir='ltr'><strong>et</strong></span> <span class='ocrx_word' id='word_1_346' title='bbox 2841 2102 3131 2158; x_wconf 82' lang='lat' dir='ltr'><strong>ellicaciam</strong></span> <span class='ocrx_word' id='word_1_347' title='bbox 3197 2095 3542 2155; x_wconf 85' lang='lat' dir='ltr'><strong>recreaverit,</strong></span> <span class='ocrx_word' id='word_1_348' title='bbox 3575 2099 3629 2146; x_wconf 84' lang='lat' dir='ltr'><strong>et</strong></span> 
     </span>
    </p>
   </div>
   <div class='ocr_carea' id='block_1_51' title="bbox 2062 2185 3625 2268">
    <p class='ocr_par' dir='ltr' id='par_1_51' title="bbox 2062 2185 3625 2268">
     <span class='ocr_line' id='line_1_51' title="bbox 2062 2185 3625 2268; baseline -0.01 -17"><span class='ocrx_word' id='word_1_349' title='bbox 2062 2199 2542 2268; x_wconf 66' lang='lat' dir='ltr'><strong>redintegraverit.</strong></span> <span class='ocrx_word' id='word_1_350' title='bbox 2581 2197 2704 2250; x_wconf 68' lang='grc' dir='ltr'><strong>ΙΙσο</strong></span> <span class='ocrx_word' id='word_1_351' title='bbox 2751 2203 2805 2250; x_wconf 92' lang='lat' dir='ltr'><strong>et</strong></span> <span class='ocrx_word' id='word_1_352' title='bbox 2861 2193 3057 2250; x_wconf 89' lang='lat' dir='ltr'><strong>similia</strong></span> <span class='ocrx_word' id='word_1_353' title='bbox 3093 2189 3450 2260; x_wconf 81' lang='lat' dir='ltr'><strong>cogitationes</strong></span> <span class='ocrx_word' id='word_1_354' title='bbox 3482 2185 3625 2252; x_wconf 81' lang='lat' dir='ltr'><strong>vulgi</strong></span> 
     </span>
    </p>
   </div>
   <div class='ocr_carea' id='block_1_52' title="bbox 2060 2277 3626 2358">
    <p class='ocr_par' dir='ltr' id='par_1_52' title="bbox 2060 2277 3626 2358">
     <span class='ocr_line' id='line_1_52' title="bbox 2060 2277 3626 2358; baseline -0.011 -15"><span class='ocrx_word' id='word_1_355' title='bbox 2060 2290 2349 2343; x_wconf 87' lang='lat' dir='ltr'><strong>subeuntia</strong></span> <span class='ocrx_word' id='word_1_356' title='bbox 2380 2289 2583 2358; x_wconf 82' lang='lat' dir='ltr'><strong>ingenti</strong></span> <span class='ocrx_word' id='word_1_357' title='bbox 2630 2295 2862 2341; x_wconf 89' lang='lat' dir='ltr'><strong>mentem</strong></span> <span class='ocrx_word' id='word_1_358' title='bbox 2899 2283 3124 2352; x_wconf 89' lang='lat' dir='ltr'><strong>implent</strong></span> <span class='ocrx_word' id='word_1_359' title='bbox 3165 2277 3541 2337; x_wconf 86' lang='lat' dir='ltr'><strong>admiratione,</strong></span> <span class='ocrx_word' id='word_1_360' title='bbox 3571 2283 3626 2328; x_wconf 81' lang='lat' dir='ltr'><strong>et</strong></span> 
     </span>
    </p>
   </div>
   <div class='ocr_carea' id='block_1_53' title="bbox 2061 2369 3624 2434">
    <p class='ocr_par' dir='ltr' id='par_1_53' title="bbox 2061 2369 3624 2434">
     <span class='ocr_line' id='line_1_53' title="bbox 2061 2369 3624 2434; baseline -0.011 -1"><span class='ocrx_word' id='word_1_361' title='bbox 2061 2397 2166 2434; x_wconf 90' lang='lat' dir='ltr'><strong>una</strong></span> <span class='ocrx_word' id='word_1_362' title='bbox 2225 2396 2349 2433; x_wconf 82' lang='lat' dir='ltr'><strong>eum</strong></span> <span class='ocrx_word' id='word_1_363' title='bbox 2414 2379 2778 2433; x_wconf 86' lang='lat' dir='ltr'><strong>admiratione</strong></span> <span class='ocrx_word' id='word_1_364' title='bbox 2835 2375 3106 2430; x_wconf 86' lang='lat' dir='ltr'><strong>inducunt.</strong></span> <span class='ocrx_word' id='word_1_365' title='bbox 3162 2369 3624 2425; x_wconf 89' lang='lat' dir='ltr'><strong>incredulitatem.</strong></span> 
     </span>
    </p>
   </div>
   <div class='ocr_carea' id='block_1_54' title="bbox 2058 2461 3628 2536">
    <p class='ocr_par' dir='ltr' id='par_1_54' title="bbox 2058 2461 3628 2536">
     <span class='ocr_line' id='line_1_54' title="bbox 2058 2461 3628 2536; baseline -0.011 -11"><span class='ocrx_word' id='word_1_366' title='bbox 2058 2473 2326 2536; x_wconf 83' lang='lat' dir='ltr'><strong>Quoniam</strong></span> <span class='ocrx_word' id='word_1_367' title='bbox 2351 2473 2497 2525; x_wconf 89' lang='lat' dir='ltr'><strong>enim</strong></span> <span class='ocrx_word' id='word_1_368' title='bbox 2551 2487 2706 2526; x_wconf 90' lang='lat' dir='ltr'><strong>mens</strong></span> <span class='ocrx_word' id='word_1_369' title='bbox 2751 2484 2943 2524; x_wconf 89' lang='lat' dir='ltr'><strong>eorum</strong></span> <span class='ocrx_word' id='word_1_370' title='bbox 2975 2467 3044 2522; x_wconf 90' lang='lat' dir='ltr'><strong>de</strong></span> <span class='ocrx_word' id='word_1_371' title='bbox 3087 2465 3287 2536; x_wconf 90' lang='lat' dir='ltr'><strong>quibus</strong></span> <span class='ocrx_word' id='word_1_372' title='bbox 3333 2461 3544 2515; x_wconf 75' lang='lat' dir='ltr'><strong>dubitat</strong></span> <span class='ocrx_word' id='word_1_373' title='bbox 3575 2466 3628 2510; x_wconf 84' lang='lat' dir='ltr'><strong>et</strong></span> 
     </span>
    </p>
   </div>
   <div class='ocr_carea' id='block_1_55' title="bbox 2058 2553 3624 2632">
    <p class='ocr_par' dir='ltr' id='par_1_55' title="bbox 2058 2553 3624 2632">
     <span class='ocr_line' id='line_1_55' title="bbox 2058 2553 3624 2632; baseline -0.009 -16"><span class='ocrx_word' id='word_1_374' title='bbox 2058 2565 2272 2632; x_wconf 63' lang='lat' dir='ltr'><strong>qua‘rit,</strong></span> <span class='ocrx_word' id='word_1_375' title='bbox 2305 2565 2630 2618; x_wconf 89' lang='lat' dir='ltr'><strong>solutionem</strong></span> <span class='ocrx_word' id='word_1_376' title='bbox 2668 2579 2775 2617; x_wconf 92' lang='lat' dir='ltr'><strong>non</strong></span> <span class='ocrx_word' id='word_1_377' title='bbox 2809 2563 3032 2622; x_wconf 86' lang='lat' dir='ltr'><strong>invenit,</strong></span> <span class='ocrx_word' id='word_1_378' title='bbox 3065 2574 3242 2629; x_wconf 88' lang='lat' dir='ltr'><strong>neque</strong></span> <span class='ocrx_word' id='word_1_379' title='bbox 3267 2571 3419 2610; x_wconf 91' lang='lat' dir='ltr'><strong>suam</strong></span> <span class='ocrx_word' id='word_1_380' title='bbox 3449 2553 3624 2606; x_wconf 79' lang='lat' dir='ltr'><strong>curio-</strong></span> 
     </span>
    </p>
   </div>
   <div class='ocr_carea' id='block_1_56' title="bbox 2059 2649 3624 2714">
    <p class='ocr_par' dir='ltr' id='par_1_56' title="bbox 2059 2649 3624 2714">
     <span class='ocr_line' id='line_1_56' title="bbox 2059 2649 3624 2714; baseline -0.003 -6"><span class='ocrx_word' id='word_1_381' title='bbox 2059 2654 2275 2709; x_wconf 87' lang='lat' dir='ltr'><strong>sitatem</strong></span> <span class='ocrx_word' id='word_1_382' title='bbox 2322 2655 2633 2708; x_wconf 89' lang='lat' dir='ltr'><strong>inventione</strong></span> <span class='ocrx_word' id='word_1_383' title='bbox 2679 2670 2744 2707; x_wconf 88' lang='lat' dir='ltr'><strong>ac</strong></span> <span class='ocrx_word' id='word_1_384' title='bbox 2800 2652 3160 2707; x_wconf 75' lang='lat' dir='ltr'><strong>dissolutione</strong></span> <span class='ocrx_word' id='word_1_385' title='bbox 3202 2649 3390 2703; x_wconf 79' lang='lat' dir='ltr'><strong>sedare</strong></span> <span class='ocrx_word' id='word_1_386' title='bbox 3426 2650 3624 2714; x_wconf 72' lang='grc' dir='ltr'>ιδοιοδιν</span> 
     </span>
    </p>
   </div>
   <div class='ocr_carea' id='block_1_57' title="bbox 2058 2735 3627 2815">
    <p class='ocr_par' dir='ltr' id='par_1_57' title="bbox 2058 2735 3627 2815">
     <span class='ocr_line' id='line_1_57' title="bbox 2058 2735 3627 2815; baseline -0.01 -14"><span class='ocrx_word' id='word_1_387' title='bbox 2058 2747 2317 2814; x_wconf 77' lang='lat' dir='ltr'><strong>deinceps</strong></span> <span class='ocrx_word' id='word_1_388' title='bbox 2373 2755 2594 2815; x_wconf 89' lang='lat' dir='ltr'><strong>propter</strong></span> <span class='ocrx_word' id='word_1_389' title='bbox 2650 2745 3017 2799; x_wconf 86' lang='lat' dir='ltr'><strong>inlirmitatetn</strong></span> <span class='ocrx_word' id='word_1_390' title='bbox 3075 2755 3296 2795; x_wconf 81' lang='lat' dir='ltr'><strong>suarum</strong></span> <span class='ocrx_word' id='word_1_391' title='bbox 3343 2735 3627 2804; x_wconf 78' lang='lat' dir='ltr'><strong>cogitatio-</strong></span> 
     </span>
    </p>
   </div>
   <div class='ocr_carea' id='block_1_58' title="bbox 2057 2827 3629 2895">
    <p class='ocr_par' dir='ltr' id='par_1_58' title="bbox 2057 2827 3629 2895">
     <span class='ocr_line' id='line_1_58' title="bbox 2057 2827 3629 2895; baseline -0.008 -4"><span class='ocrx_word' id='word_1_392' title='bbox 2057 2853 2188 2891; x_wconf 88' lang='lat' dir='ltr'><strong>num</strong></span> <span class='ocrx_word' id='word_1_393' title='bbox 2215 2845 2269 2892; x_wconf 90' lang='lat' dir='ltr'><strong>et</strong></span> <span class='ocrx_word' id='word_1_394' title='bbox 2297 2851 2556 2890; x_wconf 87' lang='lat' dir='ltr'><strong>sensuum</strong></span> <span class='ocrx_word' id='word_1_395' title='bbox 2585 2835 2757 2890; x_wconf 88' lang='lat' dir='ltr'><strong>tendit</strong></span> <span class='ocrx_word' id='word_1_396' title='bbox 2796 2835 2862 2888; x_wconf 89' lang='lat' dir='ltr'><strong>ad</strong></span> <span class='ocrx_word' id='word_1_397' title='bbox 2915 2833 3370 2889; x_wconf 85' lang='lat' dir='ltr'><strong>incrudelitatem,</strong></span> <span class='ocrx_word' id='word_1_398' title='bbox 3401 2827 3629 2895; x_wconf 85' lang='lat' dir='ltr'><strong>ejicicus</strong></span> 
     </span>
    </p>
   </div>
   <div class='ocr_carea' id='block_1_59' title="bbox 2057 2919 3628 2997">
    <p class='ocr_par' dir='ltr' id='par_1_59' title="bbox 2057 2919 3628 2997">
     <span class='ocr_line' id='line_1_59' title="bbox 2057 2919 3628 2997; baseline -0.008 -17"><span class='ocrx_word' id='word_1_399' title='bbox 2057 2936 2112 2981; x_wconf 90' lang='lat' dir='ltr'><strong>et</strong></span> <span class='ocrx_word' id='word_1_400' title='bbox 2150 2927 2452 2997; x_wconf 79' lang='lat' dir='ltr'><strong>reprobatis</strong></span> <span class='ocrx_word' id='word_1_401' title='bbox 2491 2942 2671 2981; x_wconf 90' lang='lat' dir='ltr'><strong>rerum</strong></span> <span class='ocrx_word' id='word_1_402' title='bbox 2705 2927 3003 2981; x_wconf 83' lang='lat' dir='ltr'><strong>veritatem.</strong></span> <span class='ocrx_word' id='word_1_403' title='bbox 3059 2923 3344 2976; x_wconf 81' lang='lat' dir='ltr'><strong>Enimvero</strong></span> <span class='ocrx_word' id='word_1_404' title='bbox 3371 2919 3628 2988; x_wconf 88' lang='lat' dir='ltr'><strong>quoniam</strong></span> 
     </span>
    </p>
   </div>
   <div class='ocr_carea' id='block_1_60' title="bbox 2060 3007 3630 3088">
    <p class='ocr_par' dir='ltr' id='par_1_60' title="bbox 2060 3007 3630 3088">
     <span class='ocr_line' id='line_1_60' title="bbox 2060 3007 3630 3088; baseline -0.009 -15"><span class='ocrx_word' id='word_1_405' title='bbox 2060 3035 2226 3074; x_wconf 67' lang='lat' dir='ltr'><strong>cursu</strong></span> <span class='ocrx_word' id='word_1_406' title='bbox 2283 3033 2386 3073; x_wconf 86' lang='lat' dir='ltr'><strong>suo</strong></span> <span class='ocrx_word' id='word_1_407' title='bbox 2423 3017 2779 3088; x_wconf 79' lang='lat' dir='ltr'><strong>progrediens</strong></span> <span class='ocrx_word' id='word_1_408' title='bbox 2823 3017 3000 3070; x_wconf 87' lang='lat' dir='ltr'><strong>oratio</strong></span> <span class='ocrx_word' id='word_1_409' title='bbox 3053 3015 3116 3068; x_wconf 91' lang='lat' dir='ltr'><strong>ad</strong></span> <span class='ocrx_word' id='word_1_410' title='bbox 3164 3029 3305 3077; x_wconf 91' lang='lat' dir='ltr'><strong>eam,</strong></span> <span class='ocrx_word' id='word_1_411' title='bbox 3353 3025 3472 3079; x_wconf 72' lang='lat' dir='ltr'><strong>qure</strong></span> <span class='ocrx_word' id='word_1_412' title='bbox 3522 3007 3630 3060; x_wconf 86' lang='lat' dir='ltr'><strong>frc-</strong></span> 
     </span>
    </p>
   </div>
   <div class='ocr_carea' id='block_1_61' title="bbox 2061 3104 3631 3180">
    <p class='ocr_par' dir='ltr' id='par_1_61' title="bbox 2061 3104 3631 3180">
     <span class='ocr_line' id='line_1_61' title="bbox 2061 3104 3631 3180; baseline -0.01 -17"><span class='ocrx_word' id='word_1_413' title='bbox 2061 3120 2291 3180; x_wconf 85' lang='lat' dir='ltr'><strong>quenter</strong></span> <span class='ocrx_word' id='word_1_414' title='bbox 2325 3117 2615 3170; x_wconf 85' lang='lat' dir='ltr'><strong>tractatur,</strong></span> <span class='ocrx_word' id='word_1_415' title='bbox 2663 3107 3020 3177; x_wconf 66' lang='lat' dir='ltr'><strong>quaestionem</strong></span> <span class='ocrx_word' id='word_1_416' title='bbox 3055 3104 3316 3176; x_wconf 87' lang='lat' dir='ltr'><strong>pervenit,</strong></span> <span class='ocrx_word' id='word_1_417' title='bbox 3355 3111 3518 3168; x_wconf 87' lang='lat' dir='ltr'><strong>atque</strong></span> <span class='ocrx_word' id='word_1_418' title='bbox 3542 3112 3631 3150; x_wconf 88' lang='lat' dir='ltr'><strong>ar-</strong></span> 
     </span>
    </p>
   </div>
   <div class='ocr_carea' id='block_1_62' title="bbox 389 3187 1957 3285">
    <p class='ocr_par' dir='ltr' id='par_1_62' title="bbox 389 3191 1957 3275">
     <span class='ocr_line' id='line_1_62' title="bbox 389 3191 1957 3275; baseline 0.011 -34"><span class='ocrx_word' id='word_1_419' title='bbox 389 3191 628 3258; x_wconf 75' lang='grc' dir='ltr'>βασιλέα.</span> <span class='ocrx_word' id='word_1_420' title='bbox 664 3194 832 3247; x_wconf 75' lang='grc' dir='ltr'>Τοῦτο</span> <span class='ocrx_word' id='word_1_421' title='bbox 858 3196 1235 3267; x_wconf 81' lang='grc' dir='ltr'>προελόμενος,</span> <span class='ocrx_word' id='word_1_422' title='bbox 1262 3202 1353 3253; x_wconf 75' lang='grc' dir='ltr'><strong>καὶ</strong></span> <span class='ocrx_word' id='word_1_423' title='bbox 1383 3201 1620 3254; x_wconf 82' lang='grc' dir='ltr'>τοιοῦτον</span> <span class='ocrx_word' id='word_1_424' title='bbox 1651 3203 1957 3275; x_wconf 83' lang='grc' dir='ltr'>ἀπαρτίσας</span> 
     </span>
    </p>
   </div>
   <div class='ocr_carea' id='block_1_63' title="bbox 2061 3187 3633 3285">
    <p class='ocr_par' dir='ltr' id='par_1_63' title="bbox 2061 3187 3633 3270">
     <span class='ocr_line' id='line_1_63' title="bbox 2061 3187 3633 3270; baseline -0.008 -17"><span class='ocrx_word' id='word_1_425' title='bbox 2061 3209 2377 3270; x_wconf 81' lang='lat' dir='ltr'><strong>gumentum</strong></span> <span class='ocrx_word' id='word_1_426' title='bbox 2409 3215 2517 3254; x_wconf 90' lang='lat' dir='ltr'><strong>non</strong></span> <span class='ocrx_word' id='word_1_427' title='bbox 2557 3199 2816 3262; x_wconf 88' lang='lat' dir='ltr'><strong>alienum,</strong></span> <span class='ocrx_word' id='word_1_428' title='bbox 2867 3198 2960 3254; x_wconf 87' lang='lat' dir='ltr'><strong>sed</strong></span> <span class='ocrx_word' id='word_1_429' title='bbox 3008 3195 3288 3266; x_wconf 90' lang='lat' dir='ltr'><strong>proprium</strong></span> <span class='ocrx_word' id='word_1_430' title='bbox 3326 3192 3489 3260; x_wconf 87' lang='lat' dir='ltr'><strong>hujus</strong></span> <span class='ocrx_word' id='word_1_431' title='bbox 3523 3187 3633 3242; x_wconf 84' lang='lat' dir='ltr'><strong>dici</strong></span> 
     </span>
    </p>
   </div>
   <div class='ocr_carea' id='block_1_64' title="bbox 387 3287 1954 3366">
    <p class='ocr_par' dir='ltr' id='par_1_64' title="bbox 387 3287 1954 3366">
     <span class='ocr_line' id='line_1_64' title="bbox 387 3287 1954 3366; baseline 0.008 -30"><span class='ocrx_word' id='word_1_432' title='bbox 387 3287 548 3352; x_wconf 73' lang='grc' dir='ltr'>σοφὸν</span> <span class='ocrx_word' id='word_1_433' title='bbox 573 3288 663 3339; x_wconf 76' lang='grc' dir='ltr'><strong>καὶ</strong></span> <span class='ocrx_word' id='word_1_434' title='bbox 683 3287 908 3356; x_wconf 78' lang='grc' dir='ltr'>θεοειδῆ,</span> <span class='ocrx_word' id='word_1_435' title='bbox 935 3290 1026 3342; x_wconf 76' lang='grc' dir='ltr'>καὶ</span> <span class='ocrx_word' id='word_1_436' title='bbox 1045 3290 1209 3360; x_wconf 81' lang='grc' dir='ltr'>πολλῇ</span> <span class='ocrx_word' id='word_1_437' title='bbox 1231 3294 1653 3364; x_wconf 68' lang='grc' dir='ltr'>κατακοσμήσεις</span> <span class='ocrx_word' id='word_1_438' title='bbox 1668 3297 1732 3365; x_wconf 81' lang='grc' dir='ltr'>τῇ</span> <span class='ocrx_word' id='word_1_439' title='bbox 1751 3295 1954 3366; x_wconf 84' lang='grc' dir='ltr'>χάριτι,</span> 
     </span>
    </p>
   </div>
   <div class='ocr_carea' id='block_1_65' title="bbox 387 3374 1954 3457">
    <p class='ocr_par' dir='ltr' id='par_1_65' title="bbox 387 3374 1954 3457">
     <span class='ocr_line' id='line_1_65' title="bbox 387 3374 1954 3457; baseline 0.006 -27"><span class='ocrx_word' id='word_1_440' title='bbox 387 3374 494 3446; x_wconf 85' lang='grc' dir='ltr'>ἆρα</span> <span class='ocrx_word' id='word_1_441' title='bbox 524 3381 658 3448; x_wconf 77' lang='grc' dir='ltr'><strong>μετά</strong></span> <span class='ocrx_word' id='word_1_442' title='bbox 685 3379 907 3450; x_wconf 82' lang='grc' dir='ltr'>γνώμης</span> <span class='ocrx_word' id='word_1_443' title='bbox 947 3381 1199 3452; x_wconf 85' lang='grc' dir='ltr'>τοιαύτης</span> <span class='ocrx_word' id='word_1_444' title='bbox 1242 3385 1322 3446; x_wconf 85' lang='grc' dir='ltr'>εἱς</span> <span class='ocrx_word' id='word_1_445' title='bbox 1355 3383 1414 3436; x_wconf 80' lang='grc' dir='ltr'><strong>τὸ</strong></span> <span class='ocrx_word' id='word_1_446' title='bbox 1448 3380 1585 3438; x_wconf 77' lang='grc' dir='ltr'>εἶναι</span> <span class='ocrx_word' id='word_1_447' title='bbox 1616 3388 1954 3457; x_wconf 85' lang='grc' dir='ltr'>παρήγαγεν,</span> 
     </span>
    </p>
   </div>
   <div class='ocr_carea' id='block_1_66' title="bbox 389 3469 1950 3547">
    <p class='ocr_par' dir='ltr' id='par_1_66' title="bbox 389 3469 1950 3547">
     <span class='ocr_line' id='line_1_66' title="bbox 389 3469 1950 3547; baseline 0.006 -27"><span class='ocrx_word' id='word_1_448' title='bbox 389 3470 475 3522; x_wconf 84' lang='grc' dir='ltr'><strong>ἵνα</strong></span> <span class='ocrx_word' id='word_1_449' title='bbox 501 3469 780 3538; x_wconf 81' lang='grc' dir='ltr'>γεννηθεὶς</span> <span class='ocrx_word' id='word_1_450' title='bbox 809 3471 1009 3542; x_wconf 76' lang='grc' dir='ltr'>φθαρῇ,</span> <span class='ocrx_word' id='word_1_451' title='bbox 1047 3474 1139 3525; x_wconf 79' lang='grc' dir='ltr'><strong>καὶ</strong></span> <span class='ocrx_word' id='word_1_452' title='bbox 1170 3473 1378 3526; x_wconf 87' lang='grc' dir='ltr'>τελείαν</span> <span class='ocrx_word' id='word_1_453' title='bbox 1414 3475 1620 3546; x_wconf 82' lang='grc' dir='ltr'>ύποστῇ</span> <span class='ocrx_word' id='word_1_454' title='bbox 1691 3476 1789 3547; x_wconf 81' lang='grc' dir='ltr'><strong>τὴν</strong></span> <span class='ocrx_word' id='word_1_455' title='bbox 1841 3477 1950 3529; x_wconf 79' lang='grc' dir='ltr'><strong>ἀπο</strong></span> 
     </span>
    </p>
   </div>
   <div class='ocr_carea' id='block_1_67' title="bbox 385 3560 1956 3638">
    <p class='ocr_par' dir='ltr' id='par_1_67' title="bbox 385 3560 1956 3638">
     <span class='ocr_line' id='line_1_67' title="bbox 385 3560 1956 3638; baseline 0.006 -28"><span class='ocrx_word' id='word_1_456' title='bbox 385 3560 610 3624; x_wconf 81' lang='grc' dir='ltr'>ὡλειανς</span> <span class='ocrx_word' id='word_1_457' title='bbox 654 3560 811 3616; x_wconf 86' lang='grc' dir='ltr'>Ἀλλά</span> <span class='ocrx_word' id='word_1_458' title='bbox 843 3563 1066 3632; x_wconf 82' lang='grc' dir='ltr'>μάταιος</span> <span class='ocrx_word' id='word_1_459' title='bbox 1091 3565 1118 3615; x_wconf 84' lang='grc' dir='ltr'>ὁ</span> <span class='ocrx_word' id='word_1_460' title='bbox 1143 3566 1359 3630; x_wconf 86' lang='grc' dir='ltr'>σκοπὸς,</span> <span class='ocrx_word' id='word_1_461' title='bbox 1384 3567 1478 3619; x_wconf 75' lang='grc' dir='ltr'>καὶ</span> <span class='ocrx_word' id='word_1_462' title='bbox 1510 3567 1712 3638; x_wconf 68' lang='grc' dir='ltr'>σφόδρα</span> <span class='ocrx_word' id='word_1_463' title='bbox 1738 3568 1956 3632; x_wconf 80' lang='grc' dir='ltr'>ἀνάξιον</span> 
     </span>
    </p>
   </div>
   <div class='ocr_carea' id='block_1_68' title="bbox 387 3651 1958 3729">
    <p class='ocr_par' dir='ltr' id='par_1_68' title="bbox 387 3651 1958 3729">
     <span class='ocr_line' id='line_1_68' title="bbox 387 3651 1958 3729; baseline 0.006 -27"><span class='ocrx_word' id='word_1_464' title='bbox 387 3652 486 3719; x_wconf 76' lang='grc' dir='ltr'><strong>τὴν</strong></span> <span class='ocrx_word' id='word_1_465' title='bbox 532 3651 784 3722; x_wconf 76' lang='grc' dir='ltr'>τοιαύτην</span> <span class='ocrx_word' id='word_1_466' title='bbox 820 3653 1025 3706; x_wconf 74' lang='grc' dir='ltr'>ἔννοιαν</span> <span class='ocrx_word' id='word_1_467' title='bbox 1074 3655 1153 3718; x_wconf 88' lang='grc' dir='ltr'><strong>είς</strong></span> <span class='ocrx_word' id='word_1_468' title='bbox 1189 3655 1319 3707; x_wconf 82' lang='grc' dir='ltr'>Θεὸν</span> <span class='ocrx_word' id='word_1_469' title='bbox 1368 3659 1678 3729; x_wconf 60' lang='grc' dir='ltr'>ἀναφέρειν.</span> <span class='ocrx_word' id='word_1_470' title='bbox 1720 3659 1958 3723; x_wconf 85' lang='grc' dir='ltr'>Παιδίοις</span> 
     </span>
    </p>
   </div>
   <div class='ocr_carea' id='block_1_69' title="bbox 386 3742 1959 3820">
    <p class='ocr_par' dir='ltr' id='par_1_69' title="bbox 386 3742 1959 3820">
     <span class='ocr_line' id='line_1_69' title="bbox 386 3742 1959 3820; baseline 0.004 -25"><span class='ocrx_word' id='word_1_471' title='bbox 386 3742 494 3813; x_wconf 80' lang='grc' dir='ltr'>γὰρ</span> <span class='ocrx_word' id='word_1_472' title='bbox 526 3744 698 3808; x_wconf 76' lang='grc' dir='ltr'>οὕτως</span> <span class='ocrx_word' id='word_1_473' title='bbox 746 3745 1133 3810; x_wconf 83' lang='grc' dir='ltr'>ἀπεικάζεται,</span> <span class='ocrx_word' id='word_1_474' title='bbox 1197 3747 1530 3818; x_wconf 77' lang='grc' dir='ltr'>οἰκοδομοῦσι</span> <span class='ocrx_word' id='word_1_475' title='bbox 1587 3749 1813 3820; x_wconf 79' lang='grc' dir='ltr'>σπουδῇ,</span> <span class='ocrx_word' id='word_1_476' title='bbox 1865 3751 1959 3802; x_wconf 75' lang='grc' dir='ltr'>καὶ</span> 
     </span>
    </p>
   </div>
   <div class='ocr_carea' id='block_1_70' title="bbox 386 3835 1958 3912">
    <p class='ocr_par' dir='ltr' id='par_1_70' title="bbox 386 3835 1958 3912">
     <span class='ocr_line' id='line_1_70' title="bbox 386 3835 1958 3912; baseline 0.005 -25"><span class='ocrx_word' id='word_1_477' title='bbox 386 3836 569 3888; x_wconf 81' lang='grc' dir='ltr'>λύουσι</span> <span class='ocrx_word' id='word_1_478' title='bbox 599 3835 807 3906; x_wconf 73' lang='grc' dir='ltr'>ταχέως</span> <span class='ocrx_word' id='word_1_479' title='bbox 855 3837 915 3889; x_wconf 81' lang='grc' dir='ltr'>τὸ</span> <span class='ocrx_word' id='word_1_480' title='bbox 961 3837 1405 3907; x_wconf 79' lang='grc' dir='ltr'>κατασκεύασμα,</span> <span class='ocrx_word' id='word_1_481' title='bbox 1438 3839 1571 3908; x_wconf 72' lang='grc' dir='ltr'>πρὸς</span> <span class='ocrx_word' id='word_1_482' title='bbox 1592 3841 1744 3893; x_wconf 75' lang='grc' dir='ltr'>οὐδὲν</span> <span class='ocrx_word' id='word_1_483' title='bbox 1786 3842 1958 3912; x_wconf 86' lang='grc' dir='ltr'>πέρας</span> 
     </span>
    </p>
   </div>
   <div class='ocr_carea' id='block_1_71' title="bbox 386 3927 1958 4004">
    <p class='ocr_par' dir='ltr' id='par_1_71' title="bbox 386 3927 1958 4004">
     <span class='ocr_line' id='line_1_71' title="bbox 386 3927 1958 4004; baseline 0.006 -25"><span class='ocrx_word' id='word_1_484' title='bbox 386 3927 682 3997; x_wconf 77' lang='grc' dir='ltr'>εὔχρηστον</span> <span class='ocrx_word' id='word_1_485' title='bbox 726 3929 824 3998; x_wconf 80' lang='grc' dir='ltr'>τῆς</span> <span class='ocrx_word' id='word_1_486' title='bbox 866 3928 1103 3992; x_wconf 88' lang='grc' dir='ltr'>διανοίας</span> <span class='ocrx_word' id='word_1_487' title='bbox 1150 3928 1328 3982; x_wconf 75' lang='grc' dir='ltr'>αὐτῶν</span> <span class='ocrx_word' id='word_1_488' title='bbox 1373 3931 1807 4004; x_wconf 78' lang='grc' dir='ltr'>καταληγούσης.</span> <span class='ocrx_word' id='word_1_489' title='bbox 1843 3935 1958 3988; x_wconf 77' lang='grc' dir='ltr'><strong>Πᾶν</strong></span> 
     </span>
    </p>
   </div>
   <div class='ocr_carea' id='block_1_72' title="bbox 385 4019 1960 4094">
    <p class='ocr_par' dir='ltr' id='par_1_72' title="bbox 385 4019 1960 4094">
     <span class='ocr_line' id='line_1_72' title="bbox 385 4019 1960 4094; baseline 0.006 -24"><span class='ocrx_word' id='word_1_490' title='bbox 385 4019 441 4071; x_wconf 83' lang='grc' dir='ltr'>δὲ</span> <span class='ocrx_word' id='word_1_491' title='bbox 486 4019 791 4072; x_wconf 75' lang='grc' dir='ltr'>τούναντίον</span> <span class='ocrx_word' id='word_1_492' title='bbox 833 4019 1222 4092; x_wconf 84' lang='grc' dir='ltr'>ἐδιδάχθημεν·</span> <span class='ocrx_word' id='word_1_493' title='bbox 1267 4022 1349 4074; x_wconf 81' lang='grc' dir='ltr'><strong>ὅτι</strong></span> <span class='ocrx_word' id='word_1_494' title='bbox 1396 4024 1486 4074; x_wconf 70' lang='grc' dir='ltr'>τὸν</span> <span class='ocrx_word' id='word_1_495' title='bbox 1536 4025 1960 4094; x_wconf 81' lang='grc' dir='ltr'>πρωτόπλαστον</span> 
     </span>
    </p>
   </div>
   <div class='ocr_carea' id='block_1_73' title="bbox 387 4111 1961 4186">
    <p class='ocr_par' dir='ltr' id='par_1_73' title="bbox 387 4111 1961 4186">
     <span class='ocr_line' id='line_1_73' title="bbox 387 4111 1961 4186; baseline 0.005 -23"><span class='ocrx_word' id='word_1_496' title='bbox 387 4111 655 4163; x_wconf 78' lang='grc' dir='ltr'>ἀθάνατον</span> <span class='ocrx_word' id='word_1_497' title='bbox 685 4112 916 4164; x_wconf 75' lang='grc' dir='ltr'>ἔκτισεν.</span> <span class='ocrx_word' id='word_1_498' title='bbox 960 4113 1372 4182; x_wconf 77' lang='grc' dir='ltr'>Ἑπισυμϐάσης</span> <span class='ocrx_word' id='word_1_499' title='bbox 1395 4113 1450 4166; x_wconf 74' lang='grc' dir='ltr'>δὲ</span> <span class='ocrx_word' id='word_1_500' title='bbox 1479 4114 1578 4185; x_wconf 84' lang='grc' dir='ltr'>τῆς</span> <span class='ocrx_word' id='word_1_501' title='bbox 1601 4116 1961 4186; x_wconf 75' lang='grc' dir='ltr'>παραϐάσεως</span> 
     </span>
    </p>
   </div>
   <div class='ocr_carea' id='block_1_74' title="bbox 388 4203 1960 4279">
    <p class='ocr_par' dir='ltr' id='par_1_74' title="bbox 388 4203 1960 4279">
     <span class='ocr_line' id='line_1_74' title="bbox 388 4203 1960 4279; baseline 0.007 -27"><span class='ocrx_word' id='word_1_502' title='bbox 388 4203 481 4253; x_wconf 78' lang='grc' dir='ltr'><strong>καὶ</strong></span> <span class='ocrx_word' id='word_1_503' title='bbox 528 4203 622 4270; x_wconf 78' lang='grc' dir='ltr'>τῆς</span> <span class='ocrx_word' id='word_1_504' title='bbox 665 4203 964 4272; x_wconf 84' lang='grc' dir='ltr'>ἁμαρτίας,</span> <span class='ocrx_word' id='word_1_505' title='bbox 1014 4205 1093 4266; x_wconf 82' lang='grc' dir='ltr'>εἰς</span> <span class='ocrx_word' id='word_1_506' title='bbox 1129 4203 1284 4277; x_wconf 85' lang='grc' dir='ltr'>δίκην</span> <span class='ocrx_word' id='word_1_507' title='bbox 1344 4204 1438 4258; x_wconf 83' lang='grc' dir='ltr'>τοῦ</span> <span class='ocrx_word' id='word_1_508' title='bbox 1496 4206 1960 4279; x_wconf 85' lang='grc' dir='ltr'>πλημμελήματος</span> 
     </span>
    </p>
   </div>
   <div class='ocr_carea' id='block_1_75' title="bbox 387 4292 1960 4369">
    <p class='ocr_par' dir='ltr' id='par_1_75' title="bbox 387 4292 1960 4369">
     <span class='ocr_line' id='line_1_75' title="bbox 387 4292 1960 4369; baseline 0.008 -26"><span class='ocrx_word' id='word_1_509' title='bbox 387 4294 486 4361; x_wconf 75' lang='grc' dir='ltr'><strong>τῆς</strong></span> <span class='ocrx_word' id='word_1_510' title='bbox 529 4294 827 4357; x_wconf 81' lang='grc' dir='ltr'>ἀθανασίας</span> <span class='ocrx_word' id='word_1_511' title='bbox 870 4296 1190 4366; x_wconf 83' lang='grc' dir='ltr'>ἐστέρησεν·</span> <span class='ocrx_word' id='word_1_512' title='bbox 1232 4292 1350 4350; x_wconf 78' lang='grc' dir='ltr'>εἶτα</span> <span class='ocrx_word' id='word_1_513' title='bbox 1381 4300 1413 4368; x_wconf 85' lang='grc' dir='ltr'><strong>ή</strong></span> <span class='ocrx_word' id='word_1_514' title='bbox 1449 4299 1596 4369; x_wconf 70' lang='grc' dir='ltr'>πηγὴ</span> <span class='ocrx_word' id='word_1_515' title='bbox 1625 4299 1724 4369; x_wconf 77' lang='grc' dir='ltr'>τῆς</span> <span class='ocrx_word' id='word_1_516' title='bbox 1759 4301 1960 4369; x_wconf 82' lang='grc' dir='ltr'>ἀγαθό-</span> 
     </span>
    </p>
   </div>
   <div class='ocr_carea' id='block_1_76' title="bbox 387 4384 1962 4462">
    <p class='ocr_par' dir='ltr' id='par_1_76' title="bbox 387 4384 1962 4462">
     <span class='ocr_line' id='line_1_76' title="bbox 387 4384 1962 4462; baseline 0.006 -27"><span class='ocrx_word' id='word_1_517' title='bbox 387 4402 547 4454; x_wconf 84' lang='grc' dir='ltr'>τητος</span> <span class='ocrx_word' id='word_1_518' title='bbox 578 4384 988 4454; x_wconf 78' lang='grc' dir='ltr'>ύπερϐλύζουσα</span> <span class='ocrx_word' id='word_1_519' title='bbox 1016 4387 1114 4457; x_wconf 75' lang='grc' dir='ltr'>τὴν</span> <span class='ocrx_word' id='word_1_520' title='bbox 1154 4387 1579 4459; x_wconf 76' lang='grc' dir='ltr'>φιλανθρωπίαν,</span> <span class='ocrx_word' id='word_1_521' title='bbox 1610 4392 1701 4443; x_wconf 79' lang='grc' dir='ltr'>καὶ</span> <span class='ocrx_word' id='word_1_522' title='bbox 1732 4392 1866 4462; x_wconf 74' lang='grc' dir='ltr'>πρὸς</span> <span class='ocrx_word' id='word_1_523' title='bbox 1901 4393 1962 4446; x_wconf 76' lang='grc' dir='ltr'>τὸ</span> 
     </span>
    </p>
   </div>
   <div class='ocr_carea' id='block_1_77' title="bbox 389 4475 1964 4551">
    <p class='ocr_par' dir='ltr' id='par_1_77' title="bbox 389 4475 1964 4551">
     <span class='ocr_line' id='line_1_77' title="bbox 389 4475 1964 4551; baseline 0.006 -25"><span class='ocrx_word' id='word_1_524' title='bbox 389 4475 548 4546; x_wconf 77' lang='grc' dir='ltr'>ἔργον</span> <span class='ocrx_word' id='word_1_525' title='bbox 593 4476 980 4530; x_wconf 83' lang='grc' dir='ltr'>ἐπικλασθεῖσα</span> <span class='ocrx_word' id='word_1_526' title='bbox 1036 4479 1144 4531; x_wconf 85' lang='grc' dir='ltr'><strong>τῶν</strong></span> <span class='ocrx_word' id='word_1_527' title='bbox 1187 4479 1329 4532; x_wconf 82' lang='grc' dir='ltr'>ἰδίων</span> <span class='ocrx_word' id='word_1_528' title='bbox 1383 4479 1597 4550; x_wconf 78' lang='grc' dir='ltr'>χειρῶν,</span> <span class='ocrx_word' id='word_1_529' title='bbox 1661 4483 1820 4551; x_wconf 70' lang='grc' dir='ltr'>σοφία</span> <span class='ocrx_word' id='word_1_530' title='bbox 1868 4485 1964 4536; x_wconf 73' lang='grc' dir='ltr'><strong>καὶ</strong></span> 
     </span>
    </p>
   </div>
   <div class='ocr_carea' id='block_1_78' title="bbox 2063 3284 3626 3362">
    <p class='ocr_par' dir='ltr' id='par_1_78' title="bbox 2063 3284 3626 3362">
     <span class='ocr_line' id='line_1_78' title="bbox 2063 3284 3626 3362; baseline -0.011 -14"><span class='ocrx_word' id='word_1_531' title='bbox 2063 3293 2183 3348; x_wconf 78' lang='lat' dir='ltr'><strong>festi</strong></span> <span class='ocrx_word' id='word_1_532' title='bbox 2212 3301 2326 3358; x_wconf 91' lang='lat' dir='ltr'><strong>est;</strong></span> <span class='ocrx_word' id='word_1_533' title='bbox 2368 3307 2468 3362; x_wconf 82' lang='lat' dir='ltr'><strong>age</strong></span> <span class='ocrx_word' id='word_1_534' title='bbox 2529 3291 2808 3362; x_wconf 86' lang='lat' dir='ltr'><strong>paululum</strong></span> <span class='ocrx_word' id='word_1_535' title='bbox 2857 3290 2924 3344; x_wconf 88' lang='lat' dir='ltr'><strong>ad</strong></span> <span class='ocrx_word' id='word_1_536' title='bbox 2967 3288 3178 3343; x_wconf 90' lang='lat' dir='ltr'><strong>initium</strong></span> <span class='ocrx_word' id='word_1_537' title='bbox 3230 3286 3353 3340; x_wconf 86' lang='lat' dir='ltr'><strong>huic</strong></span> <span class='ocrx_word' id='word_1_538' title='bbox 3384 3284 3626 3352; x_wconf 52' lang='lat' dir='ltr'><strong>disputa»</strong></span> 
     </span>
    </p>
   </div>
   <div class='ocr_carea' id='block_1_79' title="bbox 2061 3373 3631 3454">
    <p class='ocr_par' dir='ltr' id='par_1_79' title="bbox 2061 3373 3631 3454">
     <span class='ocr_line' id='line_1_79' title="bbox 2061 3373 3631 3454; baseline -0.008 -17"><span class='ocrx_word' id='word_1_539' title='bbox 2061 3384 2194 3438; x_wconf 91' lang='lat' dir='ltr'><strong>tioni</strong></span> <span class='ocrx_word' id='word_1_540' title='bbox 2220 3393 2401 3454; x_wconf 87' lang='lat' dir='ltr'><strong>aptum</strong></span> <span class='ocrx_word' id='word_1_541' title='bbox 2434 3391 2596 3452; x_wconf 88' lang='lat' dir='ltr'><strong>atque</strong></span> <span class='ocrx_word' id='word_1_542' title='bbox 2632 3381 2965 3436; x_wconf 78' lang='lat' dir='ltr'><strong>conveniens</strong></span> <span class='ocrx_word' id='word_1_543' title='bbox 2994 3377 3350 3449; x_wconf 67' lang='lat' dir='ltr'><strong>qumstionem</strong></span> <span class='ocrx_word' id='word_1_544' title='bbox 3378 3373 3631 3445; x_wconf 77' lang='lat' dir='ltr'><strong>proposi-</strong></span> 
     </span>
    </p>
   </div>
   <div class='ocr_carea' id='block_1_80' title="bbox 2060 3467 3633 3542">
    <p class='ocr_par' dir='ltr' id='par_1_80' title="bbox 2060 3467 3633 3542">
     <span class='ocr_line' id='line_1_80' title="bbox 2060 3467 3633 3542; baseline -0.008 -13"><span class='ocrx_word' id='word_1_545' title='bbox 2060 3485 2168 3529; x_wconf 86' lang='lat' dir='ltr'><strong>tam</strong></span> <span class='ocrx_word' id='word_1_546' title='bbox 2198 3487 2540 3538; x_wconf 86' lang='lat' dir='ltr'><strong>revocantes,</strong></span> <span class='ocrx_word' id='word_1_547' title='bbox 2576 3482 2781 3529; x_wconf 86' lang='lat' dir='ltr'><strong>certam</strong></span> <span class='ocrx_word' id='word_1_548' title='bbox 2828 3470 3237 3542; x_wconf 77' lang='lat' dir='ltr'><strong>persuasionem</strong></span> <span class='ocrx_word' id='word_1_549' title='bbox 3280 3467 3538 3522; x_wconf 78' lang='lat' dir='ltr'><strong>inducere</strong></span> <span class='ocrx_word' id='word_1_550' title='bbox 3568 3476 3633 3517; x_wconf 85' lang='lat' dir='ltr'><strong>ae</strong></span> 
     </span>
    </p>
   </div>
   <div class='ocr_carea' id='block_1_81' title="bbox 2061 3557 3633 3635">
    <p class='ocr_par' dir='ltr' id='par_1_81' title="bbox 2061 3557 3633 3635">
     <span class='ocr_line' id='line_1_81' title="bbox 2061 3557 3633 3635; baseline -0.01 -13"><span class='ocrx_word' id='word_1_551' title='bbox 2061 3567 2220 3622; x_wconf 88' lang='lat' dir='ltr'><strong>tidem</strong></span> <span class='ocrx_word' id='word_1_552' title='bbox 2245 3567 2424 3622; x_wconf 87' lang='lat' dir='ltr'><strong>facere</strong></span> <span class='ocrx_word' id='word_1_553' title='bbox 2464 3582 2728 3622; x_wconf 88' lang='lat' dir='ltr'><strong>conenmr</strong></span> <span class='ocrx_word' id='word_1_554' title='bbox 2778 3567 2868 3632; x_wconf 90' lang='lat' dir='ltr'><strong>iis,</strong></span> <span class='ocrx_word' id='word_1_555' title='bbox 2902 3565 2993 3635; x_wconf 90' lang='lat' dir='ltr'><strong>qui</strong></span> <span class='ocrx_word' id='word_1_556' title='bbox 3025 3577 3308 3633; x_wconf 87' lang='lat' dir='ltr'><strong>perperam</strong></span> <span class='ocrx_word' id='word_1_557' title='bbox 3350 3557 3633 3627; x_wconf 75' lang='lat' dir='ltr'><strong>ambigunt</strong></span> 
     </span>
    </p>
   </div>
   <div class='ocr_carea' id='block_1_82' title="bbox 2059 3650 3631 3714">
    <p class='ocr_par' dir='ltr' id='par_1_82' title="bbox 2059 3650 3631 3714">
     <span class='ocr_line' id='line_1_82' title="bbox 2059 3650 3631 3714; baseline -0.01 -1"><span class='ocrx_word' id='word_1_558' title='bbox 2059 3659 2126 3714; x_wconf 88' lang='lat' dir='ltr'><strong>de</strong></span> <span class='ocrx_word' id='word_1_559' title='bbox 2160 3661 2324 3714; x_wconf 88' lang='lat' dir='ltr'><strong>rebus</strong></span> <span class='ocrx_word' id='word_1_560' title='bbox 2384 3658 2708 3712; x_wconf 89' lang='lat' dir='ltr'><strong>manifestis.</strong></span> <span class='ocrx_word' id='word_1_561' title='bbox 2767 3659 2992 3711; x_wconf 77' lang='lat' dir='ltr'><strong>Creator</strong></span> <span class='ocrx_word' id='word_1_562' title='bbox 3022 3669 3201 3708; x_wconf 89' lang='lat' dir='ltr'><strong>rertnn</strong></span> <span class='ocrx_word' id='word_1_563' title='bbox 3254 3650 3631 3705; x_wconf 89' lang='lat' dir='ltr'><strong>universarum</strong></span> 
     </span>
    </p>
   </div>
   <div class='ocr_carea' id='block_1_83' title="bbox 2060 3738 3634 3810">
    <p class='ocr_par' dir='ltr' id='par_1_83' title="bbox 2060 3738 3634 3810">
     <span class='ocr_line' id='line_1_83' title="bbox 2060 3738 3634 3810; baseline -0.009 -6"><span class='ocrx_word' id='word_1_564' title='bbox 2060 3765 2184 3804; x_wconf 90' lang='lat' dir='ltr'><strong>cum</strong></span> <span class='ocrx_word' id='word_1_565' title='bbox 2240 3749 2523 3804; x_wconf 87' lang='lat' dir='ltr'><strong>statuisset</strong></span> <span class='ocrx_word' id='word_1_566' title='bbox 2557 3749 2828 3802; x_wconf 86' lang='lat' dir='ltr'><strong>hominem</strong></span> <span class='ocrx_word' id='word_1_567' title='bbox 2887 3760 3094 3809; x_wconf 86' lang='lat' dir='ltr'><strong>creare,</strong></span> <span class='ocrx_word' id='word_1_568' title='bbox 3139 3759 3244 3797; x_wconf 88' lang='lat' dir='ltr'><strong>non</strong></span> <span class='ocrx_word' id='word_1_569' title='bbox 3294 3738 3437 3810; x_wconf 88' lang='lat' dir='ltr'><strong>quod</strong></span> <span class='ocrx_word' id='word_1_570' title='bbox 3477 3738 3634 3790; x_wconf 79' lang='lat' dir='ltr'><strong>facile</strong></span> 
     </span>
    </p>
   </div>
   <div class='ocr_carea' id='block_1_84' title="bbox 2061 3829 3633 3908">
    <p class='ocr_par' dir='ltr' id='par_1_84' title="bbox 2061 3829 3633 3908">
     <span class='ocr_line' id='line_1_84' title="bbox 2061 3829 3633 3908; baseline -0.011 -11"><span class='ocrx_word' id='word_1_571' title='bbox 2061 3842 2334 3897; x_wconf 88' lang='lat' dir='ltr'><strong>contemni</strong></span> <span class='ocrx_word' id='word_1_572' title='bbox 2367 3847 2570 3908; x_wconf 81' lang='lat' dir='ltr'><strong>posset,</strong></span> <span class='ocrx_word' id='word_1_573' title='bbox 2602 3838 2695 3893; x_wconf 87' lang='lat' dir='ltr'><strong>sed</strong></span> <span class='ocrx_word' id='word_1_574' title='bbox 2722 3836 2865 3908; x_wconf 70' lang='lat' dir='ltr'><strong>quad</strong></span> <span class='ocrx_word' id='word_1_575' title='bbox 2913 3835 3126 3890; x_wconf 72' lang='lat' dir='ltr'><strong>creteris</strong></span> <span class='ocrx_word' id='word_1_576' title='bbox 3169 3833 3423 3887; x_wconf 91' lang='lat' dir='ltr'><strong>omnibus</strong></span> <span class='ocrx_word' id='word_1_577' title='bbox 3452 3829 3633 3897; x_wconf 81' lang='lat' dir='ltr'><strong>digni-</strong></span> 
     </span>
    </p>
   </div>
   <div class='ocr_carea' id='block_1_85' title="bbox 2063 3919 3634 4002">
    <p class='ocr_par' dir='ltr' id='par_1_85' title="bbox 2063 3919 3634 4002">
     <span class='ocr_line' id='line_1_85' title="bbox 2063 3919 3634 4002; baseline -0.01 -15"><span class='ocrx_word' id='word_1_578' title='bbox 2063 3943 2173 3988; x_wconf 84' lang='lat' dir='ltr'><strong>tate</strong></span> <span class='ocrx_word' id='word_1_579' title='bbox 2204 3939 2508 4002; x_wconf 67' lang='lat' dir='ltr'><strong>prazstarct,</strong></span> <span class='ocrx_word' id='word_1_580' title='bbox 2550 3931 2747 3983; x_wconf 88' lang='lat' dir='ltr'><strong>animal</strong></span> <span class='ocrx_word' id='word_1_581' title='bbox 2797 3930 2850 3982; x_wconf 88' lang='lat' dir='ltr'><strong>in</strong></span> <span class='ocrx_word' id='word_1_582' title='bbox 2908 3943 3084 3982; x_wconf 88' lang='lat' dir='ltr'><strong>rerum</strong></span> <span class='ocrx_word' id='word_1_583' title='bbox 3120 3933 3367 3979; x_wconf 88' lang='lat' dir='ltr'><strong>naturam</strong></span> <span class='ocrx_word' id='word_1_584' title='bbox 3428 3919 3634 3992; x_wconf 86' lang='lat' dir='ltr'><strong>produ-</strong></span> 
     </span>
    </p>
   </div>
   <div class='ocr_carea' id='block_1_86' title="bbox 2063 4019 3633 4094">
    <p class='ocr_par' dir='ltr' id='par_1_86' title="bbox 2063 4019 3633 4094">
     <span class='ocr_line' id='line_1_86' title="bbox 2063 4019 3633 4094; baseline -0.011 -15"><span class='ocrx_word' id='word_1_585' title='bbox 2063 4027 2163 4090; x_wconf 78' lang='lat' dir='ltr'><strong>xit,</strong></span> <span class='ocrx_word' id='word_1_586' title='bbox 2220 4026 2450 4094; x_wconf 87' lang='lat' dir='ltr'><strong>ejusque</strong></span> <span class='ocrx_word' id='word_1_587' title='bbox 2507 4037 2630 4094; x_wconf 76' lang='lat' dir='ltr'><strong>quae</strong></span> <span class='ocrx_word' id='word_1_588' title='bbox 2694 4021 2796 4076; x_wconf 90' lang='lat' dir='ltr'><strong>sub</strong></span> <span class='ocrx_word' id='word_1_589' title='bbox 2853 4019 2994 4074; x_wconf 75' lang='lat' dir='ltr'><strong>cmlo</strong></span> <span class='ocrx_word' id='word_1_590' title='bbox 3047 4028 3149 4081; x_wconf 90' lang='lat' dir='ltr'><strong>est,</strong></span> <span class='ocrx_word' id='word_1_591' title='bbox 3217 4021 3484 4069; x_wconf 62' lang='lat' dir='ltr'><strong>creatura:</strong></span> <span class='ocrx_word' id='word_1_592' title='bbox 3549 4025 3633 4063; x_wconf 91' lang='lat' dir='ltr'><strong>rc-</strong></span> 
     </span>
    </p>
   </div>
   <div class='ocr_carea' id='block_1_87' title="bbox 2063 4107 3635 4189">
    <p class='ocr_par' dir='ltr' id='par_1_87' title="bbox 2063 4107 3635 4189">
     <span class='ocr_line' id='line_1_87' title="bbox 2063 4107 3635 4189; baseline -0.012 -15"><span class='ocrx_word' id='word_1_593' title='bbox 2063 4135 2182 4189; x_wconf 75' lang='lat' dir='ltr'><strong>gem</strong></span> <span class='ocrx_word' id='word_1_594' title='bbox 2241 4117 2568 4187; x_wconf 81' lang='lat' dir='ltr'><strong>designavit.</strong></span> <span class='ocrx_word' id='word_1_595' title='bbox 2627 4113 2740 4168; x_wconf 82' lang='lat' dir='ltr'><strong>Hoc</strong></span> <span class='ocrx_word' id='word_1_596' title='bbox 2783 4128 2906 4166; x_wconf 89' lang='lat' dir='ltr'><strong>cum</strong></span> <span class='ocrx_word' id='word_1_597' title='bbox 2967 4112 3152 4164; x_wconf 88' lang='lat' dir='ltr'><strong>animo</strong></span> <span class='ocrx_word' id='word_1_598' title='bbox 3195 4107 3548 4167; x_wconf 84' lang='lat' dir='ltr'><strong>destinasset,</strong></span> <span class='ocrx_word' id='word_1_599' title='bbox 3580 4110 3635 4156; x_wconf 84' lang='lat' dir='ltr'><strong>et</strong></span> 
     </span>
    </p>
   </div>
   <div class='ocr_carea' id='block_1_88' title="bbox 2067 4192 3637 4277">
    <p class='ocr_par' dir='ltr' id='par_1_88' title="bbox 2067 4192 3637 4277">
     <span class='ocr_line' id='line_1_88' title="bbox 2067 4192 3637 4277; baseline -0.01 -16"><span class='ocrx_word' id='word_1_600' title='bbox 2067 4209 2228 4262; x_wconf 88' lang='lat' dir='ltr'><strong>talem</strong></span> <span class='ocrx_word' id='word_1_601' title='bbox 2259 4205 2579 4277; x_wconf 86' lang='lat' dir='ltr'><strong>perfecisset</strong></span> <span class='ocrx_word' id='word_1_602' title='bbox 2621 4203 2886 4275; x_wconf 89' lang='lat' dir='ltr'><strong>sapientia</strong></span> <span class='ocrx_word' id='word_1_603' title='bbox 2919 4203 3200 4270; x_wconf 87' lang='lat' dir='ltr'><strong>formaque</strong></span> <span class='ocrx_word' id='word_1_604' title='bbox 3229 4197 3412 4252; x_wconf 88' lang='lat' dir='ltr'><strong>divina</strong></span> <span class='ocrx_word' id='word_1_605' title='bbox 3442 4192 3637 4265; x_wconf 62' lang='lat' dir='ltr'><strong>praedi-</strong></span> 
     </span>
    </p>
   </div>
   <div class='ocr_carea' id='block_1_89' title="bbox 2065 4294 3635 4368">
    <p class='ocr_par' dir='ltr' id='par_1_89' title="bbox 2065 4294 3635 4368">
     <span class='ocr_line' id='line_1_89' title="bbox 2065 4294 3635 4368; baseline -0.01 -14"><span class='ocrx_word' id='word_1_606' title='bbox 2065 4310 2204 4363; x_wconf 92' lang='lat' dir='ltr'><strong>tum,</strong></span> <span class='ocrx_word' id='word_1_607' title='bbox 2233 4314 2296 4353; x_wconf 85' lang='lat' dir='ltr'><strong>ac</strong></span> <span class='ocrx_word' id='word_1_608' title='bbox 2325 4298 2491 4352; x_wconf 90' lang='lat' dir='ltr'><strong>multa</strong></span> <span class='ocrx_word' id='word_1_609' title='bbox 2530 4297 2707 4368; x_wconf 80' lang='lat' dir='ltr'><strong>gratia</strong></span> <span class='ocrx_word' id='word_1_610' title='bbox 2742 4304 2905 4366; x_wconf 89' lang='lat' dir='ltr'><strong>atque</strong></span> <span class='ocrx_word' id='word_1_611' title='bbox 2943 4294 3141 4348; x_wconf 88' lang='lat' dir='ltr'><strong>decore</strong></span> <span class='ocrx_word' id='word_1_612' title='bbox 3171 4297 3447 4351; x_wconf 89' lang='lat' dir='ltr'><strong>ornatum,</strong></span> <span class='ocrx_word' id='word_1_613' title='bbox 3477 4302 3635 4340; x_wconf 90' lang='lat' dir='ltr'><strong>num-</strong></span> 
     </span>
    </p>
   </div>
   <div class='ocr_carea' id='block_1_90' title="bbox 2064 4377 3637 4464">
    <p class='ocr_par' dir='ltr' id='par_1_90' title="bbox 2064 4377 3637 4464">
     <span class='ocr_line' id='line_1_90' title="bbox 2064 4377 3637 4464; baseline -0.01 -19"><span class='ocrx_word' id='word_1_614' title='bbox 2064 4392 2194 4464; x_wconf 90' lang='lat' dir='ltr'><strong>quid</strong></span> <span class='ocrx_word' id='word_1_615' title='bbox 2221 4406 2286 4445; x_wconf 91' lang='lat' dir='ltr'><strong>eo</strong></span> <span class='ocrx_word' id='word_1_616' title='bbox 2326 4389 2555 4442; x_wconf 90' lang='lat' dir='ltr'><strong>consilio</strong></span> <span class='ocrx_word' id='word_1_617' title='bbox 2605 4388 2754 4440; x_wconf 87' lang='lat' dir='ltr'><strong>illum</strong></span> <span class='ocrx_word' id='word_1_618' title='bbox 2807 4389 2860 4439; x_wconf 85' lang='lat' dir='ltr'><strong>in</strong></span> <span class='ocrx_word' id='word_1_619' title='bbox 2914 4399 3094 4438; x_wconf 87' lang='lat' dir='ltr'><strong>rerum</strong></span> <span class='ocrx_word' id='word_1_620' title='bbox 3134 4390 3384 4436; x_wconf 90' lang='lat' dir='ltr'><strong>naturam</strong></span> <span class='ocrx_word' id='word_1_621' title='bbox 3415 4377 3637 4448; x_wconf 84' lang='lat' dir='ltr'><strong>produ-</strong></span> 
     </span>
    </p>
   </div>
   <div class='ocr_carea' id='block_1_91' title="bbox 2067 4469 3639 4551">
    <p class='ocr_par' dir='ltr' id='par_1_91' title="bbox 2067 4469 3639 4551">
     <span class='ocr_line' id='line_1_91' title="bbox 2067 4469 3639 4551; baseline -0.011 -13"><span class='ocrx_word' id='word_1_622' title='bbox 2067 4487 2164 4545; x_wconf 79' lang='lat' dir='ltr'><strong>xit,</strong></span> <span class='ocrx_word' id='word_1_623' title='bbox 2199 4491 2255 4536; x_wconf 91' lang='lat' dir='ltr'><strong>ttt</strong></span> <span class='ocrx_word' id='word_1_624' title='bbox 2285 4483 2499 4551; x_wconf 74' lang='lat' dir='ltr'><strong>genitus</strong></span> <span class='ocrx_word' id='word_1_625' title='bbox 2553 4487 3018 4549; x_wconf 87' lang='lat' dir='ltr'><strong>corrumperetur,</strong></span> <span class='ocrx_word' id='word_1_626' title='bbox 3059 4485 3113 4532; x_wconf 88' lang='lat' dir='ltr'><strong>et</strong></span> <span class='ocrx_word' id='word_1_627' title='bbox 3148 4483 3450 4529; x_wconf 72' lang='lat' dir='ltr'><strong>extremum</strong></span> <span class='ocrx_word' id='word_1_628' title='bbox 3486 4469 3639 4526; x_wconf 89' lang='lat' dir='ltr'><strong>subi-</strong></span> 
     </span>
    </p>
   </div>
   <div class='ocr_carea' id='block_1_92' title="bbox 388 4561 1957 4645">
    <p class='ocr_par' dir='ltr' id='par_1_92' title="bbox 388 4568 1957 4645">
     <span class='ocr_line' id='line_1_92' title="bbox 388 4568 1957 4645; baseline 0.006 -28"><span class='ocrx_word' id='word_1_629' title='bbox 388 4569 666 4639; x_wconf 74' lang='grc' dir='ltr'>ἐπιστήμῃ</span> <span class='ocrx_word' id='word_1_630' title='bbox 716 4568 1144 4639; x_wconf 86' lang='grc' dir='ltr'>κατεκόσμησεν,</span> <span class='ocrx_word' id='word_1_631' title='bbox 1180 4570 1238 4632; x_wconf 79' lang='grc' dir='ltr'>ὃς</span> <span class='ocrx_word' id='word_1_632' title='bbox 1279 4572 1358 4633; x_wconf 88' lang='grc' dir='ltr'><strong>είς</strong></span> <span class='ocrx_word' id='word_1_633' title='bbox 1411 4571 1505 4642; x_wconf 79' lang='grc' dir='ltr'>τὴν</span> <span class='ocrx_word' id='word_1_634' title='bbox 1549 4573 1782 4643; x_wconf 84' lang='grc' dir='ltr'>ἀρχαίαν</span> <span class='ocrx_word' id='word_1_635' title='bbox 1813 4576 1957 4645; x_wconf 74' lang='grc' dir='ltr'>ἡμᾶς</span> 
     </span>
    </p>
   </div>
   <div class='ocr_carea' id='block_1_93' title="bbox 2061 4561 3635 4645">
    <p class='ocr_par' dir='ltr' id='par_1_93' title="bbox 2067 4563 3635 4632">
     <span class='ocr_line' id='line_1_93' title="bbox 2067 4563 3635 4632; baseline -0.01 -4"><span class='ocrx_word' id='word_1_636' title='bbox 2067 4583 2146 4630; x_wconf 89' lang='lat' dir='ltr'><strong>ret</strong></span> <span class='ocrx_word' id='word_1_637' title='bbox 2198 4573 2509 4628; x_wconf 87' lang='lat' dir='ltr'><strong>interitum?</strong></span> <span class='ocrx_word' id='word_1_638' title='bbox 2555 4573 2621 4624; x_wconf 88' lang='lat' dir='ltr'><strong>At</strong></span> <span class='ocrx_word' id='word_1_639' title='bbox 2671 4586 2867 4624; x_wconf 85' lang='lat' dir='ltr'><strong>vanum</strong></span> <span class='ocrx_word' id='word_1_640' title='bbox 2911 4568 2963 4622; x_wconf 88' lang='lat' dir='ltr'><strong>itl</strong></span> <span class='ocrx_word' id='word_1_641' title='bbox 3023 4566 3337 4628; x_wconf 88' lang='lat' dir='ltr'><strong>consilimn,</strong></span> <span class='ocrx_word' id='word_1_642' title='bbox 3393 4563 3635 4632; x_wconf 88' lang='lat' dir='ltr'><strong>ineptum</strong></span> 
     </span>
    </p>
   </div>
   <div class='ocr_carea' id='block_1_94' title="bbox 387 4652 1957 4738">
    <p class='ocr_par' dir='ltr' id='par_1_94' title="bbox 387 4661 1427 4729">
     <span class='ocr_line' id='line_1_94' title="bbox 387 4661 1427 4729; baseline 0.004 -18"><span class='ocrx_word' id='word_1_643' title='bbox 387 4661 678 4729; x_wconf 66' lang='grc' dir='ltr'>εὐδόκησεν</span> <span class='ocrx_word' id='word_1_644' title='bbox 710 4661 1052 4714; x_wconf 87' lang='grc' dir='ltr'>ἀνακαινίσαι</span> <span class='ocrx_word' id='word_1_645' title='bbox 1079 4663 1427 4715; x_wconf 81' lang='grc' dir='ltr'>κατάστασιν.</span> 
     </span>
    </p>
   </div>
   <div class='ocr_carea' id='block_1_95' title="bbox 2061 4652 3638 4738">
    <p class='ocr_par' dir='ltr' id='par_1_95' title="bbox 2064 4652 3638 4738">
     <span class='ocr_line' id='line_1_95' title="bbox 2064 4652 3638 4738; baseline -0.01 -17"><span class='ocrx_word' id='word_1_646' title='bbox 2064 4667 2404 4738; x_wconf 88' lang='lat' dir='ltr'><strong>propositum</strong></span> <span class='ocrx_word' id='word_1_647' title='bbox 2440 4671 2493 4719; x_wconf 87' lang='lat' dir='ltr'><strong>et</strong></span> <span class='ocrx_word' id='word_1_648' title='bbox 2534 4661 2773 4716; x_wconf 88' lang='lat' dir='ltr'><strong>absurda</strong></span> <span class='ocrx_word' id='word_1_649' title='bbox 2820 4661 3017 4716; x_wconf 87' lang='lat' dir='ltr'><strong>fuisset</strong></span> <span class='ocrx_word' id='word_1_650' title='bbox 3061 4657 3336 4713; x_wconf 89' lang='lat' dir='ltr'><strong>intentio:</strong></span> <span class='ocrx_word' id='word_1_651' title='bbox 3378 4671 3443 4710; x_wconf 88' lang='lat' dir='ltr'><strong>ac</strong></span> <span class='ocrx_word' id='word_1_652' title='bbox 3474 4652 3638 4707; x_wconf 43' lang='lat' dir='ltr'><strong>velie‘</strong></span> 
     </span>
    </p>
   </div>
   <div class='ocr_carea' id='block_1_96' title="bbox 389 4749 3635 4823">
    <p class='ocr_par' dir='ltr' id='par_1_96' title="bbox 389 4749 3635 4823">
     <span class='ocr_line' id='line_1_96' title="bbox 389 4749 3635 4823; baseline -0.001 -19"><span class='ocrx_word' id='word_1_653' title='bbox 389 4763 599 4805; x_wconf 84' lang='lat' dir='ltr'><strong>menter</strong></span> <span class='ocrx_word' id='word_1_654' title='bbox 629 4769 760 4807; x_wconf 87' lang='lat' dir='ltr'><strong>sane</strong></span> <span class='ocrx_word' id='word_1_655' title='bbox 792 4753 1008 4822; x_wconf 74' lang='lat' dir='ltr'><strong>indigna</strong></span> <span class='ocrx_word' id='word_1_656' title='bbox 1041 4769 1128 4807; x_wconf 84' lang='lat' dir='ltr'><strong>res</strong></span> <span class='ocrx_word' id='word_1_657' title='bbox 1168 4760 1252 4807; x_wconf 87' lang='lat' dir='ltr'><strong>est</strong></span> <span class='ocrx_word' id='word_1_658' title='bbox 1284 4755 1444 4806; x_wconf 88' lang='lat' dir='ltr'><strong>talem</strong></span> <span class='ocrx_word' id='word_1_659' title='bbox 1475 4755 1860 4823; x_wconf 79' lang='lat' dir='ltr'><strong>cogitationem</strong></span> <span class='ocrx_word' id='word_1_660' title='bbox 1889 4759 1955 4813; x_wconf 88' lang='lat' dir='ltr'><strong>ad</strong></span> <span class='ocrx_word' id='word_1_661' title='bbox 1983 4760 2152 4814; x_wconf 89' lang='lat' dir='ltr'><strong>Deum</strong></span> <span class='ocrx_word' id='word_1_662' title='bbox 2196 4757 2420 4822; x_wconf 88' lang='lat' dir='ltr'><strong>referre,</strong></span> <span class='ocrx_word' id='word_1_663' title='bbox 2453 4763 2506 4809; x_wconf 92' lang='lat' dir='ltr'><strong>et</strong></span> <span class='ocrx_word' id='word_1_664' title='bbox 2538 4753 2850 4823; x_wconf 89' lang='lat' dir='ltr'><strong>hujusmodi</strong></span> <span class='ocrx_word' id='word_1_665' title='bbox 2883 4751 3181 4822; x_wconf 79' lang='lat' dir='ltr'><strong>quidquam</strong></span> <span class='ocrx_word' id='word_1_666' title='bbox 3222 4749 3289 4804; x_wconf 90' lang='lat' dir='ltr'><strong>de</strong></span> <span class='ocrx_word' id='word_1_667' title='bbox 3317 4763 3382 4804; x_wconf 91' lang='lat' dir='ltr'><strong>eo</strong></span> <span class='ocrx_word' id='word_1_668' title='bbox 3411 4749 3635 4803; x_wconf 88' lang='lat' dir='ltr'><strong>sentire-</strong></span> 
     </span>
    </p>
   </div>
   <div class='ocr_carea' id='block_1_97' title="bbox 394 4844 3640 4918">
    <p class='ocr_par' dir='ltr' id='par_1_97' title="bbox 394 4844 3640 4918">
     <span class='ocr_line' id='line_1_97' title="bbox 394 4844 3640 4918; baseline -0 -21"><span class='ocrx_word' id='word_1_669' title='bbox 394 4844 643 4900; x_wconf 80' lang='lat' dir='ltr'><strong>Pueiulis</strong></span> <span class='ocrx_word' id='word_1_670' title='bbox 668 4848 811 4899; x_wconf 78' lang='lat' dir='ltr'><strong>enim</strong></span> <span class='ocrx_word' id='word_1_671' title='bbox 848 4848 945 4899; x_wconf 90' lang='lat' dir='ltr'><strong>hac</strong></span> <span class='ocrx_word' id='word_1_672' title='bbox 971 4847 1179 4900; x_wconf 86' lang='lat' dir='ltr'><strong>ratione</strong></span> <span class='ocrx_word' id='word_1_673' title='bbox 1202 4848 1536 4902; x_wconf 88' lang='lat' dir='ltr'><strong>assimilatur</strong></span> <span class='ocrx_word' id='word_1_674' title='bbox 1568 4851 1810 4906; x_wconf 79' lang='lat' dir='ltr'><strong>studiose</strong></span> <span class='ocrx_word' id='word_1_675' title='bbox 1836 4853 2257 4918; x_wconf 83' lang='lat' dir='ltr'><strong>aedificantibus,</strong></span> <span class='ocrx_word' id='word_1_676' title='bbox 2298 4861 2352 4906; x_wconf 91' lang='lat' dir='ltr'><strong>et</strong></span> <span class='ocrx_word' id='word_1_677' title='bbox 2379 4852 2629 4906; x_wconf 87' lang='lat' dir='ltr'><strong>celeriter</strong></span> <span class='ocrx_word' id='word_1_678' title='bbox 2657 4858 2991 4904; x_wconf 85' lang='lat' dir='ltr'><strong>structuram</strong></span> <span class='ocrx_word' id='word_1_679' title='bbox 3016 4846 3354 4902; x_wconf 82' lang='lat' dir='ltr'><strong>solventibus</strong></span> <span class='ocrx_word' id='word_1_680' title='bbox 3383 4863 3397 4899; x_wconf 89' lang='lat'><strong>:</strong></span> <span class='ocrx_word' id='word_1_681' title='bbox 3439 4845 3640 4914; x_wconf 83' lang='lat' dir='ltr'><strong>quippe</strong></span> 
     </span>
    </p>
   </div>
   <div class='ocr_carea' id='block_1_98' title="bbox 389 4935 3636 5012">
    <p class='ocr_par' dir='ltr' id='par_1_98' title="bbox 389 4935 3636 5012">
     <span class='ocr_line' id='line_1_98' title="bbox 389 4935 3636 5012; baseline -0.001 -23"><span class='ocrx_word' id='word_1_682' title='bbox 389 4937 594 4990; x_wconf 88' lang='lat' dir='ltr'><strong>tmllum</strong></span> <span class='ocrx_word' id='word_1_683' title='bbox 628 4938 786 4991; x_wconf 88' lang='lat' dir='ltr'><strong>finem</strong></span> <span class='ocrx_word' id='word_1_684' title='bbox 813 4938 995 4992; x_wconf 87' lang='lat' dir='ltr'><strong>utilem</strong></span> <span class='ocrx_word' id='word_1_685' title='bbox 1025 4946 1204 4991; x_wconf 88' lang='lat' dir='ltr'><strong>mente</strong></span> <span class='ocrx_word' id='word_1_686' title='bbox 1229 4953 1415 4991; x_wconf 88' lang='lat' dir='ltr'><strong>eorum</strong></span> <span class='ocrx_word' id='word_1_687' title='bbox 1443 4949 1740 5008; x_wconf 84' lang='lat' dir='ltr'><strong>spectante.</strong></span> <span class='ocrx_word' id='word_1_688' title='bbox 1768 4941 2116 4998; x_wconf 81' lang='lat' dir='ltr'><strong>Contrarium</strong></span> <span class='ocrx_word' id='word_1_689' title='bbox 2146 4951 2326 4997; x_wconf 89' lang='lat' dir='ltr'><strong>autem</strong></span> <span class='ocrx_word' id='word_1_690' title='bbox 2352 4956 2575 5012; x_wconf 88' lang='lat' dir='ltr'><strong>prorsus</strong></span> <span class='ocrx_word' id='word_1_691' title='bbox 2600 4939 2775 4995; x_wconf 89' lang='lat' dir='ltr'><strong>cdocti</strong></span> <span class='ocrx_word' id='word_1_692' title='bbox 2811 4953 3021 5000; x_wconf 90' lang='lat' dir='ltr'><strong>sumus,</strong></span> <span class='ocrx_word' id='word_1_693' title='bbox 3047 4935 3302 5006; x_wconf 91' lang='lat' dir='ltr'><strong>quoniam</strong></span> <span class='ocrx_word' id='word_1_694' title='bbox 3325 4949 3446 4989; x_wconf 92' lang='lat' dir='ltr'><strong>eum</strong></span> <span class='ocrx_word' id='word_1_695' title='bbox 3475 4948 3636 5002; x_wconf 91' lang='lat' dir='ltr'><strong>quem</strong></span> 
     </span>
    </p>
   </div>
   <div class='ocr_carea' id='block_1_99' title="bbox 388 5033 3634 5108">
    <p class='ocr_par' dir='ltr' id='par_1_99' title="bbox 388 5033 3634 5108">
     <span class='ocr_line' id='line_1_99' title="bbox 388 5033 3634 5108; baseline -0.002 -21"><span class='ocrx_word' id='word_1_696' title='bbox 388 5037 620 5104; x_wconf 89' lang='lat' dir='ltr'><strong>primum</strong></span> <span class='ocrx_word' id='word_1_697' title='bbox 655 5036 827 5097; x_wconf 82' lang='lat' dir='ltr'><strong>tinxit,</strong></span> <span class='ocrx_word' id='word_1_698' title='bbox 863 5035 1218 5088; x_wconf 79' lang='lat' dir='ltr'><strong>immortalem</strong></span> <span class='ocrx_word' id='word_1_699' title='bbox 1250 5036 1482 5098; x_wconf 86' lang='lat' dir='ltr'><strong>creavit;</strong></span> <span class='ocrx_word' id='word_1_700' title='bbox 1523 5050 1705 5090; x_wconf 86' lang='lat' dir='ltr'><strong>verum</strong></span> <span class='ocrx_word' id='word_1_701' title='bbox 1733 5053 1856 5093; x_wconf 92' lang='lat' dir='ltr'><strong>cum</strong></span> <span class='ocrx_word' id='word_1_702' title='bbox 1883 5049 2065 5108; x_wconf 85' lang='lat' dir='ltr'><strong>postea</strong></span> <span class='ocrx_word' id='word_1_703' title='bbox 2098 5041 2388 5095; x_wconf 90' lang='lat' dir='ltr'><strong>accidisset</strong></span> <span class='ocrx_word' id='word_1_704' title='bbox 2418 5036 2783 5107; x_wconf 82' lang='lat' dir='ltr'><strong>transgressio</strong></span> <span class='ocrx_word' id='word_1_705' title='bbox 2813 5043 2975 5104; x_wconf 91' lang='lat' dir='ltr'><strong>atque</strong></span> <span class='ocrx_word' id='word_1_706' title='bbox 3002 5041 3307 5104; x_wconf 86' lang='lat' dir='ltr'><strong>peceatum,</strong></span> <span class='ocrx_word' id='word_1_707' title='bbox 3338 5033 3388 5084; x_wconf 90' lang='lat' dir='ltr'><strong>in</strong></span> <span class='ocrx_word' id='word_1_708' title='bbox 3416 5045 3634 5100; x_wconf 70' lang='lat' dir='ltr'><strong>poenam</strong></span> 
     </span>
    </p>
   </div>
   <div class='ocr_carea' id='block_1_100' title="bbox 385 5125 3637 5195">
    <p class='ocr_par' dir='ltr' id='par_1_100' title="bbox 385 5125 3637 5195">
     <span class='ocr_line' id='line_1_100' title="bbox 385 5125 3637 5195; baseline -0.003 -12"><span class='ocrx_word' id='word_1_709' title='bbox 385 5131 566 5184; x_wconf 76' lang='lat' dir='ltr'><strong>delicti</strong></span> <span class='ocrx_word' id='word_1_710' title='bbox 603 5143 725 5183; x_wconf 89' lang='lat' dir='ltr'><strong>eum</strong></span> <span class='ocrx_word' id='word_1_711' title='bbox 767 5127 1178 5181; x_wconf 71' lang='lat' dir='ltr'><strong>iu‘nuortalitate</strong></span> <span class='ocrx_word' id='word_1_712' title='bbox 1222 5129 1454 5195; x_wconf 73' lang='lat' dir='ltr'><strong>privavit</strong></span> <span class='ocrx_word' id='word_1_713' title='bbox 1496 5146 1509 5182; x_wconf 92' lang='lat'><strong>:</strong></span> <span class='ocrx_word' id='word_1_714' title='bbox 1545 5128 1740 5184; x_wconf 90' lang='lat' dir='ltr'><strong>deinde</strong></span> <span class='ocrx_word' id='word_1_715' title='bbox 1779 5131 1902 5186; x_wconf 92' lang='lat' dir='ltr'><strong>fons</strong></span> <span class='ocrx_word' id='word_1_716' title='bbox 1949 5133 2206 5188; x_wconf 89' lang='lat' dir='ltr'><strong>bonitatis</strong></span> <span class='ocrx_word' id='word_1_717' title='bbox 2253 5132 2536 5188; x_wconf 78' lang='lat' dir='ltr'><strong>exundans</strong></span> <span class='ocrx_word' id='word_1_718' title='bbox 2597 5131 2968 5191; x_wconf 88' lang='lat' dir='ltr'><strong>humanitate,</strong></span> <span class='ocrx_word' id='word_1_719' title='bbox 3023 5136 3076 5181; x_wconf 92' lang='lat' dir='ltr'><strong>et</strong></span> <span class='ocrx_word' id='word_1_720' title='bbox 3111 5125 3175 5179; x_wconf 90' lang='lat' dir='ltr'><strong>ad</strong></span> <span class='ocrx_word' id='word_1_721' title='bbox 3205 5140 3342 5194; x_wconf 90' lang='lat' dir='ltr'><strong>opus</strong></span> <span class='ocrx_word' id='word_1_722' title='bbox 3375 5136 3637 5178; x_wconf 87' lang='lat' dir='ltr'><strong>manuum</strong></span> 
     </span>
    </p>
   </div>
   <div class='ocr_carea' id='block_1_101' title="bbox 386 5218 3639 5289">
    <p class='ocr_par' dir='ltr' id='par_1_101' title="bbox 386 5218 3639 5289">
     <span class='ocr_line' id='line_1_101' title="bbox 386 5218 3639 5289; baseline -0.003 -12"><span class='ocrx_word' id='word_1_723' title='bbox 386 5237 608 5280; x_wconf 83' lang='lat' dir='ltr'><strong>suarum</strong></span> <span class='ocrx_word' id='word_1_724' title='bbox 643 5219 835 5281; x_wconf 78' lang='lat' dir='ltr'><strong>flexus,</strong></span> <span class='ocrx_word' id='word_1_725' title='bbox 868 5218 1133 5287; x_wconf 87' lang='lat' dir='ltr'><strong>sapientia</strong></span> <span class='ocrx_word' id='word_1_726' title='bbox 1174 5228 1337 5287; x_wconf 90' lang='lat' dir='ltr'><strong>atque</strong></span> <span class='ocrx_word' id='word_1_727' title='bbox 1387 5219 1612 5274; x_wconf 87' lang='lat' dir='ltr'><strong>scientia</strong></span> <span class='ocrx_word' id='word_1_728' title='bbox 1659 5223 1964 5289; x_wconf 88' lang='lat' dir='ltr'><strong>adornavit,</strong></span> <span class='ocrx_word' id='word_1_729' title='bbox 2005 5224 2180 5279; x_wconf 88' lang='lat' dir='ltr'><strong>donec</strong></span> <span class='ocrx_word' id='word_1_730' title='bbox 2213 5226 2285 5278; x_wconf 88' lang='lat' dir='ltr'><strong>ita</strong></span> <span class='ocrx_word' id='word_1_731' title='bbox 2326 5222 2470 5277; x_wconf 88' lang='lat' dir='ltr'><strong>factu</strong></span> <span class='ocrx_word' id='word_1_732' title='bbox 2514 5221 2859 5278; x_wconf 87' lang='lat' dir='ltr'><strong>commodmn</strong></span> <span class='ocrx_word' id='word_1_733' title='bbox 2890 5221 2937 5276; x_wconf 87' lang='lat' dir='ltr'><strong>ei</strong></span> <span class='ocrx_word' id='word_1_734' title='bbox 2967 5221 3144 5275; x_wconf 87' lang='lat' dir='ltr'><strong>visum</strong></span> <span class='ocrx_word' id='word_1_735' title='bbox 3181 5227 3434 5281; x_wconf 85' lang='lat' dir='ltr'><strong>estesse,</strong></span> <span class='ocrx_word' id='word_1_736' title='bbox 3465 5226 3521 5268; x_wconf 91' lang='lat' dir='ltr'><strong>ut</strong></span> <span class='ocrx_word' id='word_1_737' title='bbox 3585 5226 3639 5267; x_wconf 83' lang='lat' dir='ltr'><strong>in</strong></span> 
     </span>
    </p>
   </div>
   <div class='ocr_carea' id='block_1_102' title="bbox 387 5314 1814 5384">
    <p class='ocr_par' dir='ltr' id='par_1_102' title="bbox 387 5314 1814 5384">
     <span class='ocr_line' id='line_1_102' title="bbox 387 5314 1814 5384; baseline 0.003 -18"><span class='ocrx_word' id='word_1_738' title='bbox 387 5315 674 5384; x_wconf 88' lang='lat' dir='ltr'><strong>pristinutn</strong></span> <span class='ocrx_word' id='word_1_739' title='bbox 705 5328 805 5366; x_wconf 81' lang='lat' dir='ltr'><strong>nos</strong></span> <span class='ocrx_word' id='word_1_740' title='bbox 843 5324 1044 5368; x_wconf 88' lang='lat' dir='ltr'><strong>statum</strong></span> <span class='ocrx_word' id='word_1_741' title='bbox 1081 5314 1389 5368; x_wconf 87' lang='lat' dir='ltr'><strong>restitueret</strong></span> <span class='ocrx_word' id='word_1_742' title='bbox 1416 5328 1480 5366; x_wconf 89' lang='lat' dir='ltr'><strong>ac</strong></span> <span class='ocrx_word' id='word_1_743' title='bbox 1509 5324 1814 5370; x_wconf 80' lang='lat' dir='ltr'><strong>renOVaret.</strong></span> 
     </span>
    </p>
   </div>
   <div class='ocr_carea' id='block_1_103' title="bbox 455 5401 1957 5480">
    <p class='ocr_par' dir='ltr' id='par_1_103' title="bbox 455 5407 1957 5480">
     <span class='ocr_line' id='line_1_103' title="bbox 455 5407 1957 5480; baseline 0.001 -18"><span class='ocrx_word' id='word_1_744' title='bbox 455 5409 640 5464; x_wconf 82' lang='grc' dir='ltr'>Ταῦτα</span> <span class='ocrx_word' id='word_1_745' title='bbox 667 5411 758 5462; x_wconf 74' lang='grc' dir='ltr'><strong>καὶ</strong></span> <span class='ocrx_word' id='word_1_746' title='bbox 789 5408 962 5480; x_wconf 83' lang='grc' dir='ltr'>ἀληθῆ</span> <span class='ocrx_word' id='word_1_747' title='bbox 982 5410 1262 5479; x_wconf 86' lang='grc' dir='ltr'>τυγχάνει,</span> <span class='ocrx_word' id='word_1_748' title='bbox 1291 5407 1385 5462; x_wconf 71' lang='grc' dir='ltr'><strong>καὶ</strong></span> <span class='ocrx_word' id='word_1_749' title='bbox 1406 5408 1505 5480; x_wconf 78' lang='grc' dir='ltr'><strong>τῆς</strong></span> <span class='ocrx_word' id='word_1_750' title='bbox 1526 5410 1652 5478; x_wconf 70' lang='grc' dir='ltr'>περὶ</span> <span class='ocrx_word' id='word_1_751' title='bbox 1683 5410 1816 5462; x_wconf 82' lang='grc' dir='ltr'>Θεοῦ</span> <span class='ocrx_word' id='word_1_752' title='bbox 1839 5411 1957 5463; x_wconf 81' lang='grc' dir='ltr'>ὑπο-</span> 
     </span>
    </p>
   </div>
   <div class='ocr_carea' id='block_1_104' title="bbox 2061 5401 3639 5480">
    <p class='ocr_par' dir='ltr' id='par_1_104' title="bbox 2137 5401 3639 5472">
     <span class='ocr_line' id='line_1_104' title="bbox 2137 5401 3639 5472; baseline -0.002 -13"><span class='ocrx_word' id='word_1_753' title='bbox 2137 5405 2259 5461; x_wconf 72' lang='grc' dir='ltr'>ΙΙαιο</span> <span class='ocrx_word' id='word_1_754' title='bbox 2289 5414 2342 5459; x_wconf 92' lang='lat' dir='ltr'><strong>et</strong></span> <span class='ocrx_word' id='word_1_755' title='bbox 2373 5421 2500 5460; x_wconf 86' lang='lat' dir='ltr'><strong>vera</strong></span> <span class='ocrx_word' id='word_1_756' title='bbox 2534 5413 2681 5467; x_wconf 91' lang='lat' dir='ltr'><strong>sunt,</strong></span> <span class='ocrx_word' id='word_1_757' title='bbox 2721 5411 2774 5458; x_wconf 91' lang='lat' dir='ltr'><strong>et</strong></span> <span class='ocrx_word' id='word_1_758' title='bbox 2821 5411 2982 5472; x_wconf 82' lang='lat' dir='ltr'><strong>digna</strong></span> <span class='ocrx_word' id='word_1_759' title='bbox 3017 5418 3078 5457; x_wconf 87' lang='lat' dir='ltr'><strong>ea</strong></span> <span class='ocrx_word' id='word_1_760' title='bbox 3113 5419 3276 5472; x_wconf 88' lang='lat' dir='ltr'><strong>quam</strong></span> <span class='ocrx_word' id='word_1_761' title='bbox 3311 5403 3378 5456; x_wconf 90' lang='lat' dir='ltr'><strong>de</strong></span> <span class='ocrx_word' id='word_1_762' title='bbox 3407 5401 3515 5456; x_wconf 85' lang='lat' dir='ltr'><strong>Deo</strong></span> <span class='ocrx_word' id='word_1_763' title='bbox 3545 5403 3639 5456; x_wconf 91' lang='lat' dir='ltr'><strong>ha-</strong></span> 
     </span>
    </p>
   </div>
   <div class='ocr_carea' id='block_1_105' title="bbox 386 5497 1964 5570">
    <p class='ocr_par' dir='ltr' id='par_1_105' title="bbox 386 5497 1964 5570">
     <span class='ocr_line' id='line_1_105' title="bbox 386 5497 1964 5570; baseline 0.002 -19"><span class='ocrx_word' id='word_1_764' title='bbox 386 5499 598 5570; x_wconf 79' lang='grc' dir='ltr'>λήψεως</span> <span class='ocrx_word' id='word_1_765' title='bbox 649 5499 790 5563; x_wconf 82' lang='grc' dir='ltr'>ἀξια.</span> <span class='ocrx_word' id='word_1_766' title='bbox 845 5500 1264 5570; x_wconf 84' lang='grc' dir='ltr'>Προσμαρτυρεῖ</span> <span class='ocrx_word' id='word_1_767' title='bbox 1316 5499 1424 5569; x_wconf 68' lang='grc' dir='ltr'>γὰρ</span> <span class='ocrx_word' id='word_1_768' title='bbox 1475 5497 1624 5568; x_wconf 82' lang='grc' dir='ltr'>αὑτῷ</span> <span class='ocrx_word' id='word_1_769' title='bbox 1677 5499 1816 5570; x_wconf 86' lang='grc' dir='ltr'><strong>μετά</strong></span> <span class='ocrx_word' id='word_1_770' title='bbox 1865 5499 1964 5569; x_wconf 79' lang='grc' dir='ltr'>τῆς</span> 
     </span>
    </p>
   </div>
   <div class='ocr_carea' id='block_1_106' title="bbox 387 5590 1964 5662">
    <p class='ocr_par' dir='ltr' id='par_1_106' title="bbox 387 5590 1964 5662">
     <span class='ocr_line' id='line_1_106' title="bbox 387 5590 1964 5662; baseline -0.001 -16"><span class='ocrx_word' id='word_1_771' title='bbox 387 5591 720 5660; x_wconf 69' lang='grc' dir='ltr'>ἀγαθὸτητος</span> <span class='ocrx_word' id='word_1_772' title='bbox 767 5592 861 5644; x_wconf 76' lang='grc' dir='ltr'><strong>καὶ</strong></span> <span class='ocrx_word' id='word_1_773' title='bbox 907 5590 1005 5661; x_wconf 83' lang='grc' dir='ltr'><strong>τὴν</strong></span> <span class='ocrx_word' id='word_1_774' title='bbox 1056 5591 1306 5662; x_wconf 82' lang='grc' dir='ltr'>δύναμιν.</span> <span class='ocrx_word' id='word_1_775' title='bbox 1356 5592 1428 5644; x_wconf 88' lang='grc' dir='ltr'>Τὸ</span> <span class='ocrx_word' id='word_1_776' title='bbox 1459 5591 1517 5644; x_wconf 89' lang='grc' dir='ltr'><strong>δέ</strong></span> <span class='ocrx_word' id='word_1_777' title='bbox 1547 5590 1770 5655; x_wconf 85' lang='grc' dir='ltr'>ἀπαθῶς</span> <span class='ocrx_word' id='word_1_778' title='bbox 1822 5591 1964 5661; x_wconf 82' lang='grc' dir='ltr'>ἔχειν</span> 
     </span>
    </p>
   </div>
   <div class='ocr_carea' id='block_1_107' title="bbox 389 5682 1959 5754">
    <p class='ocr_par' dir='ltr' id='par_1_107' title="bbox 389 5682 1959 5754">
     <span class='ocr_line' id='line_1_107' title="bbox 389 5682 1959 5754; baseline -0.003 -17"><span class='ocrx_word' id='word_1_779' title='bbox 389 5685 481 5738; x_wconf 74' lang='grc' dir='ltr'><strong>καὶ</strong></span> <span class='ocrx_word' id='word_1_780' title='bbox 505 5683 751 5753; x_wconf 86' lang='grc' dir='ltr'>σκληρῶς</span> <span class='ocrx_word' id='word_1_781' title='bbox 782 5683 918 5753; x_wconf 80' lang='grc' dir='ltr'>πρὸς</span> <span class='ocrx_word' id='word_1_782' title='bbox 947 5683 1014 5736; x_wconf 83' lang='grc' dir='ltr'><strong>τά</strong></span> <span class='ocrx_word' id='word_1_783' title='bbox 1043 5683 1318 5754; x_wconf 86' lang='grc' dir='ltr'>ἀρχόμενά</span> <span class='ocrx_word' id='word_1_784' title='bbox 1345 5701 1402 5736; x_wconf 91' lang='grc' dir='ltr'><strong>τε</strong></span> <span class='ocrx_word' id='word_1_785' title='bbox 1429 5683 1522 5736; x_wconf 80' lang='grc' dir='ltr'><strong>καὶ</strong></span> <span class='ocrx_word' id='word_1_786' title='bbox 1544 5682 1959 5752; x_wconf 83' lang='grc' dir='ltr'>ποιμαινόμενα,</span> 
     </span>
    </p>
   </div>
   <div class='ocr_carea' id='block_1_108' title="bbox 387 5771 1960 5843">
    <p class='ocr_par' dir='ltr' id='par_1_108' title="bbox 387 5771 1960 5843">
     <span class='ocr_line' id='line_1_108' title="bbox 387 5771 1960 5843; baseline 0.001 -18"><span class='ocrx_word' id='word_1_787' title='bbox 387 5772 507 5826; x_wconf 73' lang='grc' dir='ltr'><strong>οὐδέ</strong></span> <span class='ocrx_word' id='word_1_788' title='bbox 534 5771 832 5842; x_wconf 82' lang='grc' dir='ltr'>ἀνθρώπων</span> <span class='ocrx_word' id='word_1_789' title='bbox 865 5771 982 5824; x_wconf 74' lang='grc' dir='ltr'>ἐστὶ</span> <span class='ocrx_word' id='word_1_790' title='bbox 1028 5774 1280 5843; x_wconf 84' lang='grc' dir='ltr'>χρηστῶν</span> <span class='ocrx_word' id='word_1_791' title='bbox 1313 5775 1406 5826; x_wconf 67' lang='grc' dir='ltr'><strong>καὶ</strong></span> <span class='ocrx_word' id='word_1_792' title='bbox 1435 5772 1744 5842; x_wconf 85' lang='grc' dir='ltr'>βελτίστων.</span> <span class='ocrx_word' id='word_1_793' title='bbox 1775 5771 1960 5836; x_wconf 76' lang='grc' dir='ltr'>Οὕτως</span> 
     </span>
    </p>
   </div>
   <div class='ocr_carea' id='block_1_109' title="bbox 390 5863 1962 5935">
    <p class='ocr_par' dir='ltr' id='par_1_109' title="bbox 390 5863 1962 5935">
     <span class='ocr_line' id='line_1_109' title="bbox 390 5863 1962 5935; baseline 0 -18"><span class='ocrx_word' id='word_1_794' title='bbox 390 5866 416 5917; x_wconf 81' lang='grc' dir='ltr'><strong>ό</strong></span> <span class='ocrx_word' id='word_1_795' title='bbox 457 5864 657 5935; x_wconf 76' lang='grc' dir='ltr'>ποιμὴν</span> <span class='ocrx_word' id='word_1_796' title='bbox 688 5863 932 5934; x_wconf 73' lang='grc' dir='ltr'>βούλεται</span> <span class='ocrx_word' id='word_1_797' title='bbox 977 5863 1245 5934; x_wconf 78' lang='grc' dir='ltr'>ἐῤῥῶσθαι</span> <span class='ocrx_word' id='word_1_798' title='bbox 1293 5864 1352 5918; x_wconf 77' lang='grc' dir='ltr'>τὺ</span> <span class='ocrx_word' id='word_1_799' title='bbox 1401 5864 1643 5934; x_wconf 72' lang='grc' dir='ltr'>ποίμνιον</span> <span class='ocrx_word' id='word_1_800' title='bbox 1680 5863 1843 5935; x_wconf 76' lang='grc' dir='ltr'>αὐτῷ,</span> <span class='ocrx_word' id='word_1_801' title='bbox 1870 5865 1962 5918; x_wconf 66' lang='grc' dir='ltr'><strong>καλ¹</strong></span> 
     </span>
    </p>
   </div>
   <div class='ocr_carea' id='block_1_110' title="bbox 2064 5495 3637 5570">
    <p class='ocr_par' dir='ltr' id='par_1_110' title="bbox 2064 5495 3637 5570">
     <span class='ocr_line' id='line_1_110' title="bbox 2064 5495 3637 5570; baseline -0.005 -15"><span class='ocrx_word' id='word_1_802' title='bbox 2064 5501 2192 5555; x_wconf 88' lang='lat' dir='ltr'><strong>bere</strong></span> <span class='ocrx_word' id='word_1_803' title='bbox 2244 5514 2342 5570; x_wconf 84' lang='lat' dir='ltr'><strong>par</strong></span> <span class='ocrx_word' id='word_1_804' title='bbox 2386 5507 2470 5553; x_wconf 85' lang='lat' dir='ltr'><strong>est</strong></span> <span class='ocrx_word' id='word_1_805' title='bbox 2531 5497 2809 5567; x_wconf 90' lang='lat' dir='ltr'><strong>opinione.</strong></span> <span class='ocrx_word' id='word_1_806' title='bbox 2863 5495 3154 5550; x_wconf 81' lang='lat' dir='ltr'><strong>Testantur</strong></span> <span class='ocrx_word' id='word_1_807' title='bbox 3185 5496 3328 5550; x_wconf 86' lang='lat' dir='ltr'><strong>enim</strong></span> <span class='ocrx_word' id='word_1_808' title='bbox 3377 5497 3497 5564; x_wconf 87' lang='lat' dir='ltr'><strong>ejus</strong></span> <span class='ocrx_word' id='word_1_809' title='bbox 3528 5511 3637 5548; x_wconf 87' lang='lat' dir='ltr'><strong>non</strong></span> 
     </span>
    </p>
   </div>
   <div class='ocr_carea' id='block_1_111' title="bbox 2064 5585 3636 5657">
    <p class='ocr_par' dir='ltr' id='par_1_111' title="bbox 2064 5585 3636 5657">
     <span class='ocr_line' id='line_1_111' title="bbox 2064 5585 3636 5657; baseline -0.005 -11"><span class='ocrx_word' id='word_1_810' title='bbox 2064 5593 2358 5646; x_wconf 89' lang='lat' dir='ltr'><strong>bonitatem</strong></span> <span class='ocrx_word' id='word_1_811' title='bbox 2419 5591 2616 5652; x_wconf 92' lang='lat' dir='ltr'><strong>solum,</strong></span> <span class='ocrx_word' id='word_1_812' title='bbox 2669 5604 2855 5643; x_wconf 91' lang='lat' dir='ltr'><strong>verum</strong></span> <span class='ocrx_word' id='word_1_813' title='bbox 2907 5589 3070 5643; x_wconf 77' lang='lat' dir='ltr'><strong>etiam</strong></span> <span class='ocrx_word' id='word_1_814' title='bbox 3133 5588 3451 5657; x_wconf 88' lang='lat' dir='ltr'><strong>potentiam.</strong></span> <span class='ocrx_word' id='word_1_815' title='bbox 3501 5585 3636 5639; x_wconf 78' lang='lat' dir='ltr'><strong>Nam</strong></span> 
     </span>
    </p>
   </div>
   <div class='ocr_carea' id='block_1_112' title="bbox 2064 5679 3641 5748">
    <p class='ocr_par' dir='ltr' id='par_1_112' title="bbox 2064 5679 3641 5748">
     <span class='ocr_line' id='line_1_112' title="bbox 2064 5679 3641 5748; baseline -0.003 -12"><span class='ocrx_word' id='word_1_816' title='bbox 2064 5698 2171 5736; x_wconf 91' lang='lat' dir='ltr'><strong>non</strong></span> <span class='ocrx_word' id='word_1_817' title='bbox 2199 5681 2404 5736; x_wconf 92' lang='lat' dir='ltr'><strong>moveri</strong></span> <span class='ocrx_word' id='word_1_818' title='bbox 2444 5697 2507 5736; x_wconf 88' lang='lat' dir='ltr'><strong>ac</strong></span> <span class='ocrx_word' id='word_1_819' title='bbox 2533 5681 2732 5735; x_wconf 89' lang='lat' dir='ltr'><strong>durtnn</strong></span> <span class='ocrx_word' id='word_1_820' title='bbox 2774 5695 2895 5736; x_wconf 87' lang='lat' dir='ltr'><strong>esse</strong></span> <span class='ocrx_word' id='word_1_821' title='bbox 2939 5680 3204 5734; x_wconf 89' lang='lat' dir='ltr'><strong>adversus</strong></span> <span class='ocrx_word' id='word_1_822' title='bbox 3252 5679 3498 5748; x_wconf 87' lang='lat' dir='ltr'><strong>subjecta</strong></span> <span class='ocrx_word' id='word_1_823' title='bbox 3539 5693 3641 5731; x_wconf 86' lang='lat' dir='ltr'><strong>nu-</strong></span> 
     </span>
    </p>
   </div>
   <div class='ocr_carea' id='block_1_113' title="bbox 2068 5769 3638 5844">
    <p class='ocr_par' dir='ltr' id='par_1_113' title="bbox 2068 5769 3638 5844">
     <span class='ocr_line' id='line_1_113' title="bbox 2068 5769 3638 5844; baseline -0.004 -15"><span class='ocrx_word' id='word_1_824' title='bbox 2068 5784 2307 5844; x_wconf 80' lang='lat' dir='ltr'><strong>straeque</strong></span> <span class='ocrx_word' id='word_1_825' title='bbox 2334 5788 2478 5829; x_wconf 71' lang='lat' dir='ltr'><strong>cum</strong></span> <span class='ocrx_word' id='word_1_826' title='bbox 2503 5773 2818 5837; x_wconf 89' lang='lat' dir='ltr'><strong>commissa,</strong></span> <span class='ocrx_word' id='word_1_827' title='bbox 2851 5788 2951 5827; x_wconf 87' lang='lat' dir='ltr'><strong>nec</strong></span> <span class='ocrx_word' id='word_1_828' title='bbox 2993 5773 3269 5826; x_wconf 91' lang='lat' dir='ltr'><strong>hominum</strong></span> <span class='ocrx_word' id='word_1_829' title='bbox 3301 5770 3518 5841; x_wconf 88' lang='lat' dir='ltr'><strong>quidem</strong></span> <span class='ocrx_word' id='word_1_830' title='bbox 3547 5769 3638 5823; x_wconf 86' lang='lat' dir='ltr'><strong>be—</strong></span> 
     </span>
    </p>
   </div>
   <div class='ocr_carea' id='block_1_114' title="bbox 2070 5861 3642 5935">
    <p class='ocr_par' dir='ltr' id='par_1_114' title="bbox 2070 5861 3642 5935">
     <span class='ocr_line' id='line_1_114' title="bbox 2070 5861 3642 5935; baseline -0.003 -14"><span class='ocrx_word' id='word_1_831' title='bbox 2070 5869 2355 5935; x_wconf 77' lang='lat' dir='ltr'><strong>nignorum</strong></span> <span class='ocrx_word' id='word_1_832' title='bbox 2390 5874 2436 5921; x_wconf 90' lang='lat' dir='ltr'><strong>et</strong></span> <span class='ocrx_word' id='word_1_833' title='bbox 2471 5866 2800 5935; x_wconf 84' lang='lat' dir='ltr'><strong>optimorum</strong></span> <span class='ocrx_word' id='word_1_834' title='bbox 2831 5872 2932 5919; x_wconf 88' lang='lat' dir='ltr'><strong>cst.</strong></span> <span class='ocrx_word' id='word_1_835' title='bbox 2987 5861 3060 5916; x_wconf 91' lang='lat' dir='ltr'><strong>lta</strong></span> <span class='ocrx_word' id='word_1_836' title='bbox 3118 5863 3281 5933; x_wconf 88' lang='lat' dir='ltr'><strong>opilio</strong></span> <span class='ocrx_word' id='word_1_837' title='bbox 3316 5862 3430 5917; x_wconf 83' lang='lat' dir='ltr'><strong>vult</strong></span> <span class='ocrx_word' id='word_1_838' title='bbox 3461 5861 3642 5916; x_wconf 83' lang='lat' dir='ltr'><strong>valere</strong></span> 
     </span>
    </p>
   </div>
  </div>
