4154 6354
506 414 705 479 διΐῖ’

1760 422 1820 477 S.
1855 412 2179 473 GRLGURII
2211 411 2501 472 NYSSEM

3669 410 3769 465 δὶίζ

509 541 611 593 sibi
644 555 885 609 gregem,
938 557 1001 596 ac
1062 543 1452 613 propemodum
1485 543 1848 599 immortalem
1900 554 2025 595 esse
2065 557 2079 593 :

2188 538 2373 607 σχεδὸν
2393 537 2663 609 ὑπάρχειν
2682 537 2945 591 ἀθάνατον
2977 553 2988 565 ·
3018 533 3112 589 καὶ
3141 530 3171 587 ὁ
3211 532 3465 606 βουκόλος
3505 529 3747 585 παντοδα

508 632 637 686 item
662 633 936 688 bubulcus
963 635 1130 690 variis
1159 636 1310 690 curis
1343 636 1510 690 bores
1554 644 1717 706 auget
1752 653 1764 689 :
1802 636 2084 703 caprarius

508 724 636 777 item
660 739 854 795 capras
885 725 1026 782 fetus
1048 728 1308 798 gemellos
1348 743 1570 799 quoquo
1605 736 1849 797 tempore
1895 742 2085 797 parere

507 821 701 882 optat:
734 824 788 869 et
825 815 876 868 iu
908 831 1143 882 summa,
1176 819 1354 873 omnis
1382 826 1571 890 pastor
1600 819 1921 889 pecorisque
1969 833 2084 872 ma-

508 904 679 970 gister
715 904 782 957 ad
834 906 995 962 tinem
1026 909 1316 976 quemdam
1366 910 1555 965 utilem
1609 910 1930 979 respiciens.
1956 924 2081 962 cum

508 996 710 1050 durare
760 1003 924 1067 atque
981 1013 1301 1068 permanere
1359 1001 1465 1056 sibi
1524 1016 1741 1071 gregem
1792 1010 1959 1071 atque
1990 1015 2081 1053 ur-

510 1095 752 1140 mentum
798 1087 1093 1150 desiderat.
1132 1100 1245 1144 tum
1291 1091 1470 1147 fetura
1523 1092 1753 1148 feliciter
1796 1091 2081 1161 propagari

509 1180 675 1246 cupit.
717 1178 828 1233 Iloc
853 1197 975 1234 cum
1002 1184 1076 1235 ita
1101 1183 1190 1245 sit,
1223 1190 1280 1238 et
1316 1198 1381 1239 ex
1418 1184 1485 1239 iis
1518 1200 1638 1254 qttae
1664 1201 1693 1238 a
1725 1185 1882 1239 nobis
1920 1187 2083 1237 modo

422 1318 425 1323 .
509 1271 653 1325 dieta
676 1282 802 1327 sunt
829 1286 1106 1329 ostensum
1167 1276 1261 1338 sit,
1312 1277 1546 1333 maxime
1577 1277 1768 1332 decere
1813 1275 2077 1330 artiﬁcem

509 1371 573 1415 ac
609 1374 912 1419 creatorem
944 1368 1161 1435 generis
1209 1369 1383 1422 nostri
1434 1368 1737 1423 reformare
1782 1377 1835 1422 et
1872 1369 2083 1423 instau-

510 1455 634 1509 rare
661 1467 980 1526 corruptum
1016 1472 1157 1528 opus
1197 1474 1209 1510 :
1256 1460 1430 1528 palam
1466 1469 1566 1521 cst.
1599 1460 1743 1530 quod
1785 1460 1876 1529 qui
1929 1467 2083 1514 catc-

508 1543 589 1597 ris
649 1543 806 1600 fidem
836 1563 944 1601 non
1001 1549 1222 1613 habent,
1284 1566 1389 1604 non
1429 1567 1495 1606 ex
1560 1552 1742 1621 aliqua
1785 1566 1950 1607 causa
1984 1567 2081 1619 puo

506 1644 678 1703 gnam
706 1644 763 1689 et
793 1638 1183 1702 adversantur,
1215 1657 1376 1711 quam
1409 1642 1553 1712 quod
1590 1642 1928 1716 arbitrantur
1964 1641 2078 1695 lleri

508 1738 618 1781 non
649 1745 831 1799 posse,
870 1742 927 1784 ut
962 1732 1103 1787 Deus
1144 1735 1223 1795 id,
1255 1734 1402 1803 quod
1436 1743 1711 1788 mortuum
1746 1749 1812 1788 ar.
1851 1733 2082 1789 dissolu-

509 1826 622 1872 ttun
646 1829 748 1883 est,
778 1824 1084 1878 resuscitet.
1115 1823 1451 1879 Mortuorum
1483 1838 1671 1879 revera
1695 1840 1970 1895 sensuque
1990 1840 2082 1878 ca-

511 1908 749 1961 rentium
804 1910 1096 1978 cogitatio,
1153 1914 1246 1982 qui
1308 1914 1630 1969 existimant
1680 1916 1885 1985 aliquid
1935 1931 2077 1979 esse,

506 1996 655 2065 quod
688 2013 719 2051 a
755 1998 864 2054 Deo
895 2004 1077 2070 perlici
1111 2015 1164 2058 et
1196 2005 1437 2071 expediri
1469 2021 1575 2058 non
1609 2007 1799 2074 possit,
1841 2017 1895 2060 et
1925 2022 2078 2061 suam

510 2087 751 2156 ipsorum
785 2091 1158 2149 infirmitatem
1208 2097 1478 2165 maiestati
1535 2099 1897 2167 omnipotenti
1945 2100 2082 2152 ιιιεί-

508 2189 694 2250 guunt.
734 2183 838 2239 Sed
871 2198 929 2239 ut
979 2187 1316 2257 argumentis
1340 2197 1402 2243 et
1437 2189 1856 2258 probationibus
1887 2206 2078 2243 eorum

510 2273 973 2341 reprehendamus
999 2279 1316 2345 amentiam,
1358 2294 1425 2334 ex
1455 2283 1821 2350 pra-sentibus
1863 2293 1914 2335 et
1945 2298 2080 2351 prm-

514 2364 692 2417 teritis
713 2366 1040 2422 ostendatur
1065 2369 1119 2423 id
1147 2370 1293 2439 quod
1326 2369 1568 2425 futurum
1601 2372 1815 2442 quidem
1847 2382 1950 2437 est,
1983 2373 2077 2428 sed

511 2452 757 2508 futurum
784 2474 904 2513 esse
932 2475 1040 2513 non
1078 2461 1340 2516 creditur.
1386 2462 1599 2518 Audisti
1632 2463 1777 2533 quod
1808 2465 1985 2534 pulvis
2012 2466 2077 2519 ad

511 2541 739 2599 formam
782 2547 1036 2605 redactus
1051 2552 1280 2606 ethomo
1311 2552 1486 2608 factus
1506 2564 1614 2609 cst.
1638 2554 1956 2626 Doceigitur
1972 2572 2078 2619 me,

509 2650 717 2701 (μείρεο,
752 2647 807 2692 ιιι
836 2641 928 2708 qui
972 2651 1063 2695 tua
1115 2644 1385 2713 sapientia
1416 2647 1600 2700 onmia
1641 2648 1929 2717 c0u=pleeti
1972 2651 2075 2709 vis,

508 2740 616 2792 qua
652 2728 863 2785 ratione
896 2734 1072 2789 tenuis
1130 2736 1307 2803 pulvis
1345 2737 1646 2803 dissipatus
1692 2747 1920 2794 coactus
1964 2740 2029 2795 sit
2062 2758 2075 2803 ;

507 2820 782 2884 quomodo
810 2828 954 2877 terra
987 2838 1117 2878 caro
1146 2824 1286 2880 facta
1308 2828 1401 2891 sit,
1422 2837 1586 2898 atque
1613 2829 1801 2884 eadem
1829 2830 2075 2895 materia,

507 2921 614 2976 qua
645 2911 857 2966 ratione
901 2924 958 2968 et
996 2929 1152 2981 ossa,
1185 2927 1239 2971 ct
1269 2926 1471 2981 cutem,
1503 2928 1556 2973 ct
1595 2919 1831 2990 adipem,
1861 2929 1915 2975 et
1940 2922 2079 2992 pilos

506 2998 840 3067 confecerit;
880 3007 1160 3073 quomodo
1206 3024 1329 3062 eum
1368 3025 1478 3064 una
1523 3010 1596 3064 sit
1648 3026 1798 3074 caro,
1846 3012 2080 3067 diversa!

505 3103 630 3144 cum
664 3089 852 3148 forma:
886 3098 1277 3163 membrorum,
1322 3112 1434 3157 tum
1482 3103 1775 3171 qualitates
1802 3112 1857 3157 et
1899 3111 2078 3159 tactus

2186 633 2313 693 παῖς
2337 629 2654 702 θεραπείαις
2673 630 2826 695 αὔξει
2856 629 2955 692 τὰς
2996 626 3151 698 βοῦςο
3182 625 3274 680 καὶ
3309 625 3408 687 τάς
3432 622 3596 691 αἶγας
3622 620 3764 673 διδυ-

2188 724 2445 793 μοτόκους
2469 724 2732 794 ὑπάρχειν
2766 723 2795 776 ό
2827 720 3044 783 αἰπόλος
3061 717 3277 789 εὔχεται
3296 732 3310 746 ·
3340 716 3437 770 καὶ
3463 716 3572 777 πᾶς
3604 711 3739 780 ἁγελ

2183 815 2358 886 άρχης
2393 814 2578 879 ἁπλῶς
2609 814 2886 886 διαμένειν
2947 809 3095 882 αὑτῷ
3118 810 3213 865 καὶ
3235 807 3577 879 εὐθηνεῖσθαι
3610 803 3771 858 ποθεῖ

2182 908 2280 976 τὴν
2308 908 2530 979 ἀγέλην,
2561 907 2699 980 πρός
2732 926 2788 961 τι
2825 906 2975 970 τέλος
3013 903 3313 974 εὔχρηστον
3358 899 3599 970 ἀφορῶν.
3629 898 3766 951 Τού-

2181 1018 2276 1055 του
2304 1002 2359 1055 δὲ
2387 1000 2560 1064 οὕτως
2592 999 2825 1071 ἔχοντος,
2857 999 2951 1053 καί
2988 999 3052 1051 ἐκ
3079 995 3187 1049 τῶν
3223 994 3575 1067 ἁρτίωςὴμῖν
3609 994 3760 1062 εἰρη-

2187 1094 2365 1164 μένων
2402 1090 2705 1162 δειχθέντος
2741 1087 3196 1162 πρεπωδέστατον
3241 1085 3508 1155 ὑπάρχειν
3548 1080 3629 1152 τῷ
3663 1082 3761 1150 δη-

2185 1181 2430 1255 μιουργῷ
2470 1182 2562 1236 καὶ¹
2591 1181 2810 1251 τεχνίτῃ
2835 1178 2927 1233 τοῦ
2961 1178 3153 1246 γένους
3183 1175 3341 1246 ἡμῶν
3368 1173 3673 1228 ἀναπλάσαι
3701 1171 3767 1224 τό

2183 1274 2384 1344 φθαρὲν
2407 1273 2638 1344 ποίημα,
2661 1269 2923 1343 πρόδηλον
2942 1269 3019 1332 ὡς
3043 1269 3093 1321 οἱ
3117 1270 3229 1331 τοῖς
3254 1264 3383 1335 ἑξῆς
3413 1263 3763 1327 ἀπειθοῦντες

2181 1366 2281 1418 οὐκ
2313 1362 2534 1418 ἄλλοθέν
2563 1359 2728 1415 ποθεν
2762 1359 3161 1431 άπομάχονται,
3201 1356 3234 1427 ἢ
3277 1357 3366 1409 διὰ
3415 1355 3478 1409 τδ
3519 1354 3765 1425 νομίζειν

2182 1455 2443 1511 ἀδύνατον
2465 1449 2606 1508 εἶναι
2634 1450 2712 1522 τῷ
2732 1449 2853 1522 Θεῷ
2874 1448 2937 1504 τὸ
2963 1447 3223 1520 τεθνηκὸς
3257 1446 3353 1501 καὶ
3384 1445 3631 1500 διαλυθὲν
3666 1445 3762 1498 ἀν-

2182 1550 2408 1619 εγεῖραι.
2439 1544 2666 1616 Νεκρῶν
2685 1542 2899 1614 ἀληθῶς
2914 1542 3008 1595 καὶ
3029 1539 3368 1611 ἀναισθήτων
3390 1536 3454 1593 τὸ
3478 1539 3649 1609 φρόνη
3657 1555 3755 1608 μα.

2179 1638 2241 1691 τὸ
2275 1638 2533 1692 ἀδύνατον
2556 1635 2649 1690 καλ⁸
2677 1635 2956 1705 ἀμήχανον
2985 1633 3076 1687 ἐπὶ
3102 1631 3239 1685 Θεοῦ
3263 1629 3648 1701 λογιζομένων,
3666 1631 3761 1684 καὶ

2180 1727 2247 1781 τὰ
2281 1726 2382 1797 τῆς
2425 1725 2560 1789 ἰδίας
2596 1719 2874 1785 ἀσθενείας
2925 1722 3017 1776 ἐπὶ
3065 1721 3165 1792 τὴν
3208 1719 3616 1791 παντοδύναμον
3664 1736 3761 1789 φε-

2186 1819 2387 1889 ρόντων
2443 1817 2940 1890 μεγαλοπρέπειαν.
2960 1815 3078 1869 Ἵνα
3111 1815 3167 1868 δὲ
3214 1813 3392 1883 λόγοις
3425 1812 3760 1882 ὲλεγκτικοϊς

2182 1915 2278 1984 τῆς
2313 1914 2498 1976 ἀνοίας
2551 1910 2728 1966 αὐτῶν
2767 1908 3152 1979 καθικώμεθα,
3182 1908 3246 1960 ὲκ
3295 1905 3405 1960 τῶν
3458 1905 3760 1975 γεγονότων

2181 2006 2277 2060 καὶ
2305 2005 2473 2059 ὄντων
2500 2002 2873 2074 ἀποδειχθήτω
2892 2000 2954 2054 τὸ
2984 1999 3174 2070 μέλλον
3210 1999 3300 2053 καὶ
3333 1996 3755 2068 ἀπιστούμενον.

2186 2098 2464 2158 Ἤκουσας
2492 2095 2570 2148 ὅτι
2591 2095 2619 2147 ὁ
2648 2092 2777 2164 χοῦς
2797 2091 3063 2162 ἐπλάσθη,
3086 2089 3182 2144 καὶ
3205 2088 3422 2158 ἐγένετο
3451 2087 3757 2160 ἄνθρωπος.

2181 2188 2400 2252 Δίδαξον
2432 2183 2524 2241 οὖν
2551 2203 2644 2257 με,
2671 2183 2998 2256 παρακαλῶ,
3026 2185 3054 2235 ὁ
3084 2182 3263 2236 πάντα
3310 2180 3475 2246 ἀξιῶν
3500 2184 3568 2251 τῇ
3596 2181 3760 2251 σοφίᾳ

2179 2286 2245 2353 τῇ
2302 2280 2495 2335 ἑαυτοῦ
2546 2276 3023 2351 περιδράσσεσθαι,
3065 2275 3182 2340 πῶς
3231 2275 3259 2328 ὁ
3309 2273 3503 2338 λεπτὸς
3560 2273 3690 2343 χοῦς
3728 2276 3764 2327 ὁ

2180 2373 2572 2443 ἐσκεδασμένοις
2598 2370 2858 2441 συνήχθη,
2893 2369 3011 2432 πῶς
3038 2370 3072 2439 ἡ
3094 2369 3167 2440 γῆ
3208 2367 3345 2439 σὰρξ
3378 2366 3593 2435 ἐγένετο
3614 2407 3628 2429 ,
3664 2364 3763 2419 καὶ

2181 2468 2214 2536 ἡ
2247 2465 2382 2535 αὑτὴ
2410 2463 2532 2534 ὕλη.
2567 2464 2659 2517 καὶ
2697 2461 2858 2515 ὀστέα
2884 2460 3126 2532 εποίησε,
3173 2460 3267 2513 καὶ
3293 2458 3489 2529 δέρμα,
3530 2457 3623 2510 καὶ
3671 2473 3759 2508 πι-

2184 2557 2350 2628 μελὴν
2369 2598 2383 2619 ,
2412 2557 2503 2610 καὶ
2530 2555 2725 2625 τρίχας
2742 2572 2755 2584 ⁸
2792 2553 2911 2616 πῶς
2942 2554 3068 2624 μιᾶς
3094 2549 3261 2623 οὔσης
3281 2551 3381 2622 τῆς
3415 2550 3613 2621 σαρκὸς
3640 2547 3762 2602 διά-

2181 2666 2335 2718 φοροι
2374 2649 2428 2702 αἱ
2459 2647 2593 2701 ἰδέαι
2615 2645 2723 2699 τῶν
2758 2644 2934 2714 μελῶν
2954 2644 3049 2697 καὶ
3077 2644 3133 2696 αἱ
3157 2643 3437 2712 ποιότητες
3456 2641 3553 2694 καὶ
3586 2639 3720 2710 ἁφαί
3738 2656 3757 2672 ο

2180 2740 2297 2803 πῶς
2345 2742 2373 2793 ὀ
2427 2738 2557 2792 τωεύ
2568 2755 2682 2808 μων
2733 2735 2942 2799 ἁπαλὸς
2993 2736 3092 2805 τὴν
3148 2734 3313 2805 ἁφὴν,
3371 2731 3614 2795 πελιδνὸς
3660 2730 3760 2800 τὴν

2179 2829 2375 2899 Χράαν
2400 2823 2627 2901 τδῆπσιρ
2656 2825 2959 2898 στριφ[ν]δν
2990 2823 3360 2896 καὶζὲρυθρόν,
3383 2824 3416 2893 ἡ
3444 2822 3639 2892 καρδία
3665 2839 3762 2874 πε-

2181 2920 2309 2990 πιλη
2320 2919 2453 2989 μένη
2484 2917 2581 2972 καὶ
2606 2916 2969 2988 σκληρότατον
3001 2915 3188 2987 μόριον
3213 2916 3270 2969 ὲν
3308 2915 3503 2985 σαρκὶ,
3530 2915 3558 2967 ὁ
3587 2912 3761 2983 σπλὴν

2179 3010 2370 3082 ἀραιὸς
2430 3010 2524 3063 καὶ
2580 3008 2778 3079 μέλας·
2806 3010 2834 3060 ὁ
2863 3007 3124 3071 ἐπίπλους
3161 3005 3372 3071 λευκὸς,
3420 3004 3515 3060 καὶ
3546 3004 3765 3059 δίκτυον

2180 3101 2481 3157 ἁλιευτικὸν
2521 3099 3013 3170 συμπεπλεγμένον
3035 3098 3184 3170 παρά
3215 3097 3315 3168 τῆς
3351 3094 3586 3166 (ptisana;
3626 3094 3762 3146 Σκε-

507 3180 654 3247 sint;
684 3187 962 3253 quomodo
1002 3190 1186 3257 pulmo
1216 3198 1362 3247 tactu
1394 3194 1595 3253 mollis.
1628 3195 1813 3249 colore
1856 3196 2076 3258 lividus.

2182 3191 2406 3263 ψώμεθα
2453 3192 2710 3245 κάκεῖνα⁸
2752 3188 2871 3252 πῶς
2901 3190 2935 3259 ή
2981 3188 3171 3278 πρῴτη
3210 3189 3369 3260 γυνὴ,
3397 3187 3506 3242 ἀπὸ
3563 3183 3761 3278 μικροῦ

503 3271 660 3339 jecur
685 3276 943 3343 solidum,
973 3279 1183 3335 firmum
1221 3290 1275 3336 et
1311 3299 1417 3338 non
1471 3286 1670 3341 cedens
1717 3301 1781 3341 ac
1814 3289 2079 3355 ruhcum;

506 3369 979 3424 corcoustrictum
1014 3387 1079 3427 ac
1101 3373 1395 3431 durissima
1420 3379 1685 3447 particula
1717 3381 1929 3445 earuis;
1972 3381 2077 3436 lieu

507 3468 670 3511 rarus
710 3465 766 3509 et
797 3460 968 3529 niger.
1001 3471 1281 3517 omentum
1316 3464 1499 3521 album
1540 3475 1595 3520 et
1625 3468 1803 3523 instar
1845 3469 2078 3539 piscatoo

506 3549 588 3604 ris
614 3549 752 3605 retis
806 3565 836 3604 a
888 3561 1086 3607 natura
1133 3555 1541 3625 complicatum.
1572 3559 1995 3616 Consideremus
2027 3571 2081 3618 et

506 3639 624 3703 illa,
658 3656 768 3710 quo
800 3648 961 3711 pacto
995 3644 1171 3712 prima
1216 3646 1410 3701 mulier
1449 3662 1513 3701 ex
1558 3663 1723 3717 parva
1756 3661 1908 3719 parte
1951 3652 2083 3707 late-

506 3731 588 3786 ris
612 3731 882 3802 integrum
923 3733 1126 3787 animal
1149 3734 1330 3791 simile
1359 3736 1602 3806 perfecto
1629 3755 1691 3793 ac
1733 3741 1908 3810 pI-ium
1939 3743 2081 3798 facta

505 3833 614 3888 cst;
645 3832 700 3877 et
732 3839 860 3893 pars
905 3825 973 3878 ad
1021 3828 1204 3881 omnia
1237 3828 1473 3890 suffecit.
1519 3840 1572 3886 et
1610 3834 1868 3903 exiguum
1904 3845 2079 3890 totum

506 3915 818 3977 constituit,
844 3924 997 3970 costa
1052 3916 1197 3972 facta
1236 3931 1331 3975 test
1356 3929 1542 3991 caput,
1584 3938 1778 3979 manus
1806 3934 1860 3980 ct
1895 3928 2079 3996 pedes,

508 4003 783 4059 viscerum
814 4013 868 4061 et
908 4006 1291 4063 intestinorum
1330 4007 1574 4067 ﬂexuosa
1625 4022 1980 4086 tortuosaque
2017 4033 2080 4073 ac

506 4097 662 4151 varia
707 4098 881 4168 liguta
926 4107 1092 4170 atque
1132 4099 1417 4157 distinctio
1457 4122 1470 4157 :
1513 4119 1663 4167 caro,
1698 4106 1811 4174 pili,
1866 4109 2078 4172 oculus,

509 4203 698 4256 nasus,
725 4204 812 4256 os,
851 4191 1035 4245 omnia
1071 4190 1305 4262 denique
1349 4197 1463 4260 (ne
1516 4195 1730 4266 longius
1777 4199 2080 4254 orationem

510 4283 862 4353 producam),
902 4284 1084 4338 stultia
1108 4284 1472 4353 admirabilia,
1499 4288 1849 4344 abhorrentia
1887 4306 1917 4344 a
1939 4307 2085 4346 com-

512 4375 658 4427 muni
696 4375 954 4445 opinione
980 4386 1032 4431 et
1060 4393 1248 4442 sensu,
1280 4393 1344 4432 ac
1382 4381 1579 4435 mentis
1603 4394 1825 4443 nosnrze,
1845 4384 1935 4448 qui
1975 4383 2083 4437 Deo

506 4464 815 4532 comparati
872 4466 1113 4520 universi
1157 4467 1352 4536 exigua
1402 4470 1668 4538 quaepiam
1734 4472 2077 4540 portiuncula

2186 3279 2386 3350 μέρους
2412 3280 2512 3351 τῆς
2537 3277 2797 3351 πλευρᾶς,
2827 3278 3033 3351 ὑπέστη
3059 3276 3196 3343 ζῶον
3220 3278 3512 3349 ὁλόκληρον
3528 3316 3543 3340 ,
3575 3277 3765 3348 ὅμοιον

2181 3371 2259 3442 τῷ
2290 3371 2407 3426 τελε
2417 3355 2480 3442 [ip
2501 3371 2594 3425 καὶ
2612 3369 2835 3442 πρώτῳ,
2849 3368 2945 3425 καὶ
2971 3369 3033 3424 τδ
3060 3370 3226 3443 μέρος
3248 3370 3385 3443 πρὸς
3405 3370 3583 3424 πάντα
3606 3368 3691 3438 διή
3701 3386 3760 3438 ρο

2184 3480 2311 3517 κεσε
2337 3462 2432 3518 καὶ
2459 3462 2523 3516 τὸ
2565 3462 2744 3531 ὀλίγον
2767 3461 2829 3516 τὸ
2872 3463 2981 3516 πᾶν
3033 3462 3424 3532 συνεστήσατο,
3453 3461 3488 3532 ἡ
3528 3458 3759 3530 πλευρὰ,

2181 3556 2395 3625 ἐγένετο
2445 3553 2675 3626 κεφαλὴ,
2718 3557 2898 3626 χεῖρες
2930 3554 3026 3609 καὶ
3057 3553 3217 3617 πόδες
3239 3594 3255 3617 ,
3283 3553 3531 3623 ὲγκάτων
3575 3550 3760 3606 σκολιὰ

2181 3647 2275 3702 καὶ
2314 3643 2529 3717 ποικίλη
2558 3643 2876 3709 διάπλασις,
2917 3642 3072 3716 σὰρξ.
3102 3644 3197 3698 καὶ
3234 3644 3439 3715 τρίχες,
3461 3643 3759 3715 ὀφθαλμὸς,

2182 3739 2276 3792 καὶ
2297 3740 2403 3807 ῥὶς,
2443 3736 2538 3790 καὶ
2572 3735 2745 3805 στόμα
2769 3776 2782 3798 .
2816 3737 2911 3790 καὶ
2955 3736 3132 3790 πάντα
3162 3735 3380 3800 ἁπλῶς,
3418 3736 3508 3790 ἵνα
3550 3735 3625 3806 μὴ
3657 3752 3760 3806 μα·-

2181 3829 2312 3899 κρὸν
2337 3827 2608 3896 ἀπαγάγω
2634 3826 2725 3881 τὸν
2746 3825 2920 3894 λόγον,
2942 3826 3117 3881 πάντα
3136 3826 3423 3896 θαυμαστὰ
3458 3828 3552 3880 καὶ
3581 3826 3761 3897 παράο

2179 3919 2310 3984 δοξα
2346 3920 2478 3990 ἡμῖν
2511 3920 2624 3982 τοῖς
2665 3917 2887 3988 ὀλίγοις,
2919 3918 3198 3990 πρόχειροι
3226 3918 3283 3972 δὲ
3318 3918 3470 3988 παρὰ
3496 3917 3617 3989 Θεῷ
3660 3918 3762 3988 τῆς

2182 4009 2525 4075 κατασκευῆς
2577 4009 2627 4063 οἱ
2680 4006 2826 4076 λόγοι
2859 4009 2954 4062 καὶ
2991 4009 3110 4063 λίαν
3161 4008 3602 4079 όμολογούμενοι.
3634 4009 3759 4072 Πῶς

2180 4100 2274 4158 οὖν
2327 4103 2623 4173 σωφρονεῖν
2675 4099 2917 4167 δόξουσιν
2963 4102 3010 4155 οἱ
3036 4102 3138 4173 τὴν
3196 4102 3294 4172 μὲν
3342 4101 3470 4172 μίαν
3517 4101 3756 4172 πλευρὰν

2185 4193 2590 4265 συγχωροῦντες
2612 4194 2862 4263 γενέσθαι
2894 4193 3199 4264 ἄνθρωπον,
3230 4193 3336 4246 ἀπὸ
3370 4193 3424 4247 δὲ
3460 4193 3756 4263 ὁλοκλήρου

2184 4289 2280 4357 τῆς
2312 4285 2405 4340 τοῦ
2440 4284 2726 4357 ἀνθρώπου
2761 4284 2894 4357 ὕλης
2920 4285 3275 4347 ἀπιστοῦντες
3301 4284 3391 4338 τὸν
3432 4284 3593 4339 αὐτὸν
3626 4285 3759 4337 ἀνα-

2184 4377 2497 4443 κτίζεσθαι;
2529 4376 2643 4430 υῦκ
2676 4376 2843 4439 ἔστιν,
2873 4377 2974 4429 οὐκ
3018 4375 3164 4429 ἔστιν
3197 4375 3460 4439 ἐπινοίαις
3482 4374 3759 4446 ἀνθρωπι-

2184 4472 2308 4531 καῖς
2342 4467 2477 4522 Θεοῦ
2512 4466 2983 4537 πολυπραγμονεῖν
3016 4467 3314 4536 ἐνεργείας.
3354 4466 3415 4518 Εί
3448 4464 3555 4534 γὰρ
3585 4465 3763 4518 πάντα

510 4566 730 4615 sumus,
760 4562 981 4623 captum
1011 4556 1327 4610 excedentia
1364 4577 1376 4611 :
1418 4559 1559 4628 apud
1597 4557 1763 4614 Deum
1816 4578 1944 4617 vero
1991 4580 2079 4616 ra-

2184 4554 2251 4628 ἧν
2294 4560 2425 4629 ἡμῖν
2463 4556 2783 4626 καταληπτά
2806 4595 2821 4621 ,
2858 4556 2957 4609 οὐκ
3008 4554 3073 4609 ἂν
3126 4555 3387 4627 κρείττων
3426 4551 3495 4626 ἦν
3541 4554 3695 4626 ἡμῶν
3733 4555 3765 4606 ὁ

510 4647 691 4699 tiones
735 4644 1115 4703 fabricationis
1170 4649 1222 4702 in
1280 4658 1532 4720 promptu
1592 4659 1723 4706 sunt
1763 4659 1817 4707 et
1869 4652 2082 4721 faciles,

511 4752 837 4805 muneraque
867 4737 1264 4792 dubitationem
1295 4739 1666 4805 excludentes,
1698 4750 1752 4795 et
1788 4742 2083 4799 admodum

2190 4651 2469 4721 κρείττων.
2505 4648 2570 4701 Τί
2609 4647 2753 4717 λέγω
2791 4647 2922 4719 περὶ
2951 4647 3088 4702 Θεοῦ
3117 4664 3132 4714 ;
3167 4648 3303 4702 Οὐδὲ
3331 4647 3468 4719 πρὸς
3494 4646 3562 4700 τὰ
3593 4646 3765 4714 ἄλογα

2183 4743 2293 4796 τῶν
2325 4741 2479 4805 ζώων
2529 4740 2623 4794 ἐπί
2650 4757 2811 4794 τινων
2839 4739 3123 4811 δυνάμεων
3170 4739 3455 4810 σύγκρισίν
3488 4755 3611 4792 τινα
3646 4736 3766 4808 έχο-

510 4838 692 4883 ρονιίιι.
728 4830 847 4894 Quo
886 4831 1051 4900 igitur
1094 4840 1253 4901 pacto
1286 4845 1419 4886 sana
1465 4839 1646 4886 mente
1697 4835 1908 4901 praediti
1965 4853 2080 4893 esse

2188 4850 2306 4904 μεν,
2356 4831 2492 4886 ἀλλὰ
2544 4832 2811 4887 κάκείνων
2857 4831 3283 4904 ἀπολειπόμεθα.
3321 4831 3530 4885 Αὐτίκα
3576 4829 3764 4899 δρόμῳ

510 4919 860 4982 videbuntur,
888 4923 979 4991 qui
1007 4923 1317 4978 concedunt
1364 4939 1432 4977 ex
1490 4939 1597 4977 una
1640 4925 1869 4993 quidem
1925 4939 2083 4983 costa

512 5013 790 5068 hominem
816 5029 938 5069 esse
970 5014 1194 5077 factum,
1240 5029 1346 5068 non
1379 5024 1558 5070 autem
1595 5017 1829 5070 credunt
1876 5033 1938 5072 ex
2002 5020 2084 5073 iu-

512 5104 649 5173 tcgri
679 5104 918 5159 hominis
953 5106 1180 5160 materia
1206 5105 1457 5160 eumdem
1485 5109 1782 5162 renovari?
1813 5109 1931 5164 Non
1985 5126 2084 5180 po-

512 5204 620 5249 test
657 5196 796 5257 lieri.
836 5213 941 5250 non
977 5205 1173 5265 potest,
1205 5205 1263 5251 ut
1293 5198 1545 5253 humanae
1576 5201 1778 5255 mentis
1826 5203 2082 5272 agitatio.

2185 4927 2284 4995 μεν
2311 4925 2455 4995 ἡμᾶς
2473 4923 2902 4995 ὑπερϐάλλονται
2933 4925 3090 4979 ἵπποι
3112 4965 3128 4987 ,
3156 4925 3252 4978 καὶ
3283 4922 3443 4986 κύνες
3460 4962 3475 4984 ,
3509 4921 3604 4975 καὶ
3630 4919 3766 4976 ἄλλα

2182 5016 2379 5071 πολλὰ·
2419 5015 2646 5086 δυνάμει
2677 5015 2733 5069 δὲ
2781 5015 3015 5088 κάμηλοι
3047 5016 3140 5070 καὶ
3181 5015 3429 5086 ἡμίονοιο
3466 5010 3768 5086 σημειώσει

2190 5108 2248 5164 δὲ
2278 5107 2432 5170 ὁδῶν,
2471 5108 2523 5160 οἱ
2556 5107 2700 5160 ὄνον
2726 5107 2822 5161 καὶν
2871 5107 2932 5161 τὸ
2974 5108 3075 5177 τῆς
3124 5106 3385 5178 δορκάδος
3428 5103 3672 5171 ὀξυωπὸν
3705 5104 3767 5156 ὲν

2191 5198 2478 5271 ἡμετέροις
2506 5196 2805 5268 ὀφθαλμοῖς
2832 5199 2931 5269 οὐχ
2957 5198 3288 5269 εὑρίσκεται.

512 5289 676 5343 uibus
714 5288 894 5343 divina
947 5290 1032 5344 vis
1078 5292 1133 5344 in
1182 5291 1347 5345 rebus
1396 5291 1698 5347 eliiciendis
1751 5294 2086 5364 inquirendo
2125 5291 2403 5363 explorari
2474 5298 2530 5346 et
2578 5291 2901 5363 investigari
2975 5292 3173 5361 pOSsit.
3222 5290 3357 5344 Nam
3403 5289 3451 5344 si
3499 5288 3686 5344 omnia
3740 5302 3769 5337 a

509 5377 671 5433 nobis
697 5381 903 5450 percipi
957 5383 1457 5454 eomprehendiquc
1494 5397 1744 5454 possent,
1780 5402 1889 5442 non
1945 5393 2232 5458 praestaret
2264 5384 2426 5440 nobis
2479 5383 2528 5439 is
2595 5384 2689 5455 qui
2761 5391 3004 5454 praestat.
3071 5383 3213 5450 Quid
3264 5385 3459 5453 loquor
3504 5382 3573 5438 de
3617 5379 3774 5435 Deo?

508 5468 622 5524 Nec
653 5488 780 5529 cum
812 5476 990 5531 brutis
1014 5477 1235 5547 quidem
1303 5479 1664 5541 animalibus.
1720 5482 1868 5552 quod
1935 5483 2002 5537 ad
2065 5478 2333 5552 quasdam
2377 5477 2572 5533 attinet
2610 5478 2885 5549 potentias
2934 5484 2992 5533 et
3046 5475 3357 5539 facultates,
3410 5471 3766 5544 comparandi

509 5564 699 5632 aliquo
728 5567 910 5631 modo.
945 5570 1040 5624 sed
1080 5580 1134 5625 et
1167 5569 1275 5626 illis
1296 5584 1516 5642 quoque
1542 5570 1836 5630 inferiores
1863 5589 2076 5632 sumus.
2118 5571 2197 5630 Ne
2224 5569 2446 5640 longius
2502 5569 2690 5636 abeas,
2731 5584 2901 5624 cursu
2939 5568 3159 5638 quidem
3187 5582 3288 5621 nos
3353 5567 3504 5636 equi,
3572 5582 3763 5625 canes.

510 5654 731 5724 aliaque
768 5656 1029 5713 animalia
1068 5658 1240 5714 multa
1295 5660 1615 5731 praecedunt
1646 5680 1663 5720 :
1703 5664 1917 5720 viribus
1982 5666 2116 5720 item
2184 5661 2381 5719 cameli
2416 5669 2471 5716 et
2496 5659 2654 5726 muli,
2683 5660 2998 5716 potationes
3041 5675 3170 5713 vero
3208 5660 3443 5718 viarum,
3480 5656 3623 5711 asini
3660 5672 3761 5710 nu-

509 5746 596 5803 bis
622 5750 1004 5820 antecellunt,
1042 5762 1096 5809 et
1126 5770 1357 5810 acumen
1398 5754 1554 5813 visus
1582 5763 1639 5813 et
1686 5758 1838 5815 acies
1889 5760 2197 5827 oculorum,
2228 5772 2337 5829 qua
2377 5770 2588 5827 caprea:
2623 5756 2865 5826 praedita:
2899 5764 3048 5823 sunt,
3084 5755 3136 5809 iu
3179 5754 3358 5810 mzulis
3409 5754 3618 5809 nostris
3654 5767 3765 5807 non

513 5841 810 5904 reperitur.
