4154 6354
421 277 528 356 665

1347 299 1411 353 ΙΝ
1443 299 1720 355 CllRlS‘l'l
1771 299 2403 360 RESUIIRECTIONEM
2445 302 2655 358 ORA'I'.
2696 300 2782 357 111.

3599 298 3706 356 οδε

493 415 582 466 Διὸ
616 415 973 485 εὐγνωμόνων
1003 415 1096 466 καὶ
1132 413 1556 486 σωτρονούντων
1587 417 1702 468 ἐστὶ
1737 415 2014 470 πιστεύειν

2189 419 2459 484 Quocirca
2507 416 2809 475 candidos,
2868 421 3058 483 gratos
3113 419 3167 466 ct
3216 426 3382 466 sanos
3454 409 3706 466 homines

420 511 531 571 τοῖς
561 508 712 578 παρᾶ
743 507 838 560 τοῦ
873 507 1007 561 Θεοῦ
1035 508 1348 578 λεγομένοις
1367 527 1379 539 ·
1409 509 1537 572 τοὺς
1568 509 1624 561 δὲ
1664 510 1898 579 τρόπους
1923 509 2015 563 καὶ

426 603 519 662 τὶς
565 600 745 662 αἰτίας
796 599 902 655 τῶν
952 601 1262 672 ἐνεργειῶν,
1314 601 1389 666 ὠς
1441 602 1895 672 ὑπερϐαινούσας,
1941 602 2015 674 μὴ

423 694 695 746 ἀπαιτεῖν.
743 693 895 745 Ἐπεὶ
921 692 1244 762 λεχθήσεται
1271 694 1352 746 ἐνὶ
1373 693 1484 747 τῶν
1521 695 2014 766 πολυπραγμόνων

425 786 606 850 Δεῖξόν
634 803 723 856 μοι
751 786 829 856 τῷ
858 785 1000 857 λόγῳ
1033 804 1126 840 σου
1157 788 1256 858 τὴν
1280 787 1392 842 τῶν
1420 788 1712 860 ὁρωμένων
1738 789 2014 844 οὐσίωσιν.

427 880 561 932 Εἰπὲ
598 879 726 951 ποίᾳ
755 881 917 951 τέχνῃ
967 879 1066 951 τὴν
1123 879 1473 952 πολύμορφον
1519 881 1725 952 ταύτην
1755 881 2018 952 ἐργασίαν

427 965 883 1038 ἐδημιούργησεν.
939 969 1036 1020 "Av
1085 968 1194 1039 γὰρ
1246 969 1421 1023 ταῦτα
1475 969 1738 1041 ἐξεύρῃς,
1793 971 2018 1034 εἰκότως

427 1059 730 1130 ἀμηχανεῖς
755 1059 850 1112 καὶ
891 1061 1198 1131 ἀσχάλλεις,
1253 1061 1386 1114 διότι
1415 1061 1514 1133 τὴν
1561 1065 1663 1134 τῆς
1693 1061 2018 1130 παλιγγενε-

431 1148 550 1212 σίας
587 1151 996 1222 μετακόσμησιν
1030 1155 1266 1222 ἀγνοεῖς,
1305 1155 1333 1206 ὁ
1356 1154 1457 1224 τῆς
1501 1155 1774 1224 γενέσεως
1804 1155 1895 1208 τὸν
1931 1155 2018 1208 λό-

429 1258 524 1310 γον
553 1242 732 1307 εἰδώς.
767 1245 830 1298 Et
861 1244 918 1298 δὲ
957 1245 1092 1318 ὖναρ
1120 1263 1202 1300 σοι
1242 1248 1427 1300 ἐκεῖνα
1476 1248 1570 1300 καὶ
1615 1245 2019 1317 φαντασία,καὶ

429 1334 766 1405 πανταχόθεν
804 1337 836 1407 ἡ
879 1337 1172 1406 ἐπίγνωσις
1220 1337 1454 1409 ἄπορος.
1494 1339 1569 1411 μὴ
1613 1339 2018 1408 ἀγανάκτει,εί

427 1427 520 1480 τὸν
550 1428 708 1496 λόγον
734 1429 833 1500 τῆς
858 1431 1206 1502 κατασκευῆς
1227 1431 1458 1500 ἀγνοῶν,
1487 1432 1582 1486 καὶ
1614 1432 1713 1504 τὴν
1733 1432 2018 1503 διόρθωσιν

429 1519 524 1572 τοῦ
557 1519 859 1592 φθαρέντος
903 1521 962 1575 οὐ
1017 1524 1266 1594 συνορᾷς.
1313 1523 1371 1576 'O
1416 1524 1580 1589 αὐτὸς
1612 1525 1861 1596 τεχνίτης
1904 1523 2019 1576 ἐστὶ

436 1614 530 1664 καὶ
556 1612 658 1682 τῆς
686 1613 912 1685 πρώτης
941 1614 1190 1678 κτίσεως,
1217 1616 1434 1686 καὶτῆς
1481 1617 1741 1688 δευτέρας
1784 1631 2018 1688 μετακο-

437 1706 708 1776 σμήσεως.
737 1703 892 1759 Οἶδεν
920 1707 1070 1770 ὅπως
1091 1706 1152 1760 τὸ
1184 1706 1312 1760 ἴδιον
1334 1706 1494 1777 ἔργον
1513 1707 1756 1760 διάλυσιν
1787 1709 2018 1779 ὑπομεί-

432 1817 528 1852 ναν
560 1800 892 1871 συναρμόσει
934 1799 1094 1854 πάλιν
1128 1802 1208 1865 εἰς
1251 1801 1350 1872 τὴν
1391 1799 1625 1872 ἀρχαίαν
1664 1803 2015 1857 κατάστασιν.

433 1893 496 1946 Ei
527 1892 716 1961 σοφίας
751 1892 940 1964 χρεία,
972 1893 1005 1962 ἡ
1041 1891 1192 1963 πηγὴ
1237 1892 1338 1962 τῆς
1383 1890 1575 1961 σοφίας
1634 1893 1764 1961 παρ’
1807 1891 2020 1962 ὲκείνῳυ

431 1985 480 2036 εἰ
505 1983 814 2055 δυνάμεως,
853 1985 913 2038 οὐ
949 1984 1142 2056 χρῄζει
1182 1984 1442 2056 συνεργοῦ
1489 1984 1583 2038 καὶ
1633 1983 2020 2056 συλλήπτορος.

431 2069 600 2139 Οὗτός
629 2078 776 2130 ἐστιν
807 2077 836 2128 ὁ
867 2076 1004 2130 κατᾶ
1033 2075 1132 2147 τὴν
1167 2075 1351 2146 φωνὴν
1392 2074 1486 2128 τοῦ
1537 2077 1850 2144 σοφωτάτου
1889 2078 2023 2149 Προ-

438 2173 603 2240 φήτον
647 2170 925 2242 μετρήσας
970 2171 1036 2240 τῇ
1071 2168 1214 2240 χειρὶ
1260 2169 1321 2221 τὸ
1368 2167 1546 2240 ὕδωρ,
1585 2170 1678 2221 καὶ
1717 2168 1810 2222 τὸν
1848 2169 2023 2240 μέγαν

445 2263 526 2315 ’.ταὶ
576 2263 806 2316 ἄπλετον
835 2262 1063 2333 οὐρανὸν
1097 2261 1380 2332 σπιθαμῇ,
1411 2261 1506 2314 καὶ
1535 2262 1635 2332 τὴν
1681 2264 1786 2332 γῆν
1839 2261 2017 2333 δρακί.

461 2354 721 2426 ὶεὼρησον
777 2356 1022 2419 εἰκόνας,
1068 2354 1350 2426 ἐνεργείας
1391 2357 1592 2425 σημεῖα
1639 2354 2019 2428 παρεχομένας

444 2449 529 2518 ιῆς
560 2449 800 2519 ἀρρήτου
835 2447 1117 2517 δυνάμεως
1145 2489 1156 2508 ,
1191 2447 1500 2515 ἀπόγνωσιν
1544 2447 1878 2516 ἐμποιούσας
1911 2450 2021 2509 τοῖς

438 2545 708 2613 λογισμοῖς
754 2542 928 2612 ἡμῶν,
969 2540 1062 2594 τοῦ
1111 2540 1275 2611 μηδὲν
1304 2539 1562 2594 δύνασθαι
1601 2539 1751 2606 ἀξιον
1789 2542 1887 2610 τῆς
1927 2539 2018 2593 τοῦ

433 2633 566 2686 Θεοῦ
617 2634 830 2703 φύσεως
876 2632 1264 2702 φαντασθῆναι.
1304 2631 1715 2702 Παντοδύναμος
1769 2633 1861 2686 καὶ
1904 2633 2020 2683 ἔστι

433 2728 526 2781 καὶ
558 2727 794 2794 λέγεται.
819 2726 971 2794 Τειχα
999 2723 1106 2795 γὰρ
1143 2726 1201 2776 οὐ
1240 2723 1645 2795 ζυγομαχίισεις
1679 2723 1813 2794 πρὶς
1842 2721 2015 2788 τοῦτο,

433 2818 568 2872 ἀλλά
616 2817 806 2880 δώσεις
861 2815 935 2879 ὡς
994 2815 1484 2885 συγκεχιιιρημὲνον
1535 2818 1776 2885 κρατεῖν.
1819 2814 1907 2884 Τῷ
1963 2814 2019 2866 δὲ

436 2911 613 2963 πάντα
663 2908 969 2978 δυναμένῳ,
999 2906 1150 2958 οὐδὲν
1185 2907 1387 2975 ἄπορον
1420 2905 1452 2974 ἣ
1499 2904 1799 2974 ἀμήχανον.
1836 2904 2020 2974 Ἔχεις

435 3002 604 3056 πολλά
645 3001 741 3070 τῆς
791 2999 1025 3061 πίστεως
1069 2998 1296 3068 ἐνέχυρα
1337 2996 1751 3064 ἀναγκαστι>;ιτ)ς
1787 3013 1844 3049 σε
1895 3013 2018 3048 συν-

435 3097 726 3151 ελαύνοντα
778 3093 914 3164 πρὸς
947 3092 1005 3145 τὸ
1052 3090 1391 3144 συντίθεσθαι
1427 3092 1540 3153 τοῖς
1569 3092 1697 3162 παρ’
1735 3091 1891 3162 ἡμῶν
1933 3091 2020 3144 λε-

437 3189 716 3260 γομένοις·
751 3184 965 3256 πρῶτον
1007 3183 1105 3252 μὲν
1145 3182 1324 3235 πᾶσαν
1369 3179 1466 3250 τὴν
1508 3179 1759 3252 ποικίλην
1798 3181 1892 3233 καὶ
1924 3199 2023 3234 πο-

437 3280 760 3334 λυσύνθετον
790 3275 967 3329 κτίσιν
999 3273 1209 3344 βοῶσαν
1235 3272 1435 3335 παντὸς
1476 3272 1830 3344 κηρύγματος
1863 3274 2025 3345 span-

443 3375 691 3445 μότερον,
716 3373 798 3425 ὅτι
835 3371 864 3423 ό
918 3367 1092 3439 μέγας
1145 3365 1236 3418 καὶ
1286 3362 1448 3432 σοφὸς
1480 3366 1751 3436 τεχνίτης,
1787 3366 1815 3418 ὁ
1848 3367 2026 3420 πάντα

439 3468 509 3521 τὰ
543 3466 846 3538 βλεπόμενα
887 3459 1308 3532 τεχνησάμενος.
1342 3457 1483 3528 Πρὸς
1529 3457 1584 3510 δὲ
1637 3457 1837 3529 ταύτην
1887 3474 2025 3529 προ-

445 3559 624 3631 μηθὴς
659 3557 734 3609 ὢν
792 3557 819 3608 ό
867 3553 1036 3618 Θεὸς,
1071 3553 1164 3605 καὶ
1212 3549 1280 3604 τὰ
1330 3548 1438 3602 τῶν
1493 3549 1739 3603 ἀπίστων
1781 3550 2026 3620 ψυχάρια

441 3649 724 3723 πόρρωθεν
782 3644 1050 3716 καθορῶν,
1101 3642 1246 3715 ἔργῳ
1282 3641 1381 3712 τὴν
1415 3641 1524 3694 τῶν
1568 3643 1778 3712 νεκρᾷν
1809 3641 2026 3713 ἔγερσιν

442 3746 794 3807 ἐϐεεαίωσεν,
823 3741 992 3794 πολλὰ
1024 3737 1253 3808 σώματα
1289 3736 1400 3790 τῶν
1429 3737 1892 3808 τετελευτηκότων
1925 3741 2028 3808 ψυ-

440 3839 642 3910 χώσας.
671 3837 768 3890 Διά
797 3833 954 3888 τοῦτο
983 3831 1230 3903 Λάζαρος
1265 3832 1639 3900 τετραήμερος
1686 3831 1876 3900 νεκρός
1930 3830 2028 3900 τῆς

443 3933 616 4003 θήκης
644 3929 869 4000 ἐξήλατο
894 3943 907 3956 ⁶
945 3926 1040 3979 καὶ
1065 3925 1164 3994 τῆς
1193 3924 1370 3994 χήρας
1393 3925 1421 3976 ό
1462 3922 1756 3994 μονογενὴς
1790 3921 2026 3991 ἀπεδόθη

443 4029 510 4098 τῇ
537 4024 724 4096 μητρὶ,
751 4024 816 4075 ἐκ
843 4021 942 4092 τῆς
974 4017 1161 4089 κλίνης
1195 4019 1287 4071 καὶ
1317 4018 1416 4088 τῆς
1455 4017 1691 4087 ἐκφορᾶς
1739 4015 1873 4088 πρὸς
1901 4015 2028 4080 τοὺς

445 4119 653 4182 ζῶντας
677 4114 982 4179 ἀναλυθεὶς,
1031 4111 1126 4164 καὶ
1157 4110 1306 4165 ἄλλοι
1341 4110 1523 4180 μυρίοι
1571 4108 1665 4173 οὓς
1695 4107 2028 4180 ἀπαριθμεῖ-

445 4211 570 4264 σθαι
598 4209 692 4262 νῦν
720 4207 970 4278 ὀχληρόν.
1007 4205 1072 4258 Τί
1121 4204 1268 4273 λέγω
1301 4204 1428 4275 περὶ
1460 4203 1555 4256 τοῦ
1609 4200 1744 4255 Θεοῦ
1777 4202 1870 4255 καὶ
1918 4202 2031 4254 Σω-

443 4306 642 4376 τῆρος,
665 4303 826 4356 ὁπότε
851 4343 864 4364 ,
913 4302 1001 4353 ἵνα
1048 4297 1307 4352 ἐπιπλέον
1352 4295 1744 4366 δυσωπηθῶσιν
1773 4297 1820 4348 οἱ
1861 4296 2030 4365 ἀμφι-

445 4397 753 4459 ϐάλλοντες,
785 4393 881 4447 καὶ
930 4395 1040 4456 τοῖς
1095 4390 1302 4454 δούλοις
1346 4387 1510 4444 αὑτοῦ
1551 4391 1663 4452 τοῖς
1712 4387 2030 4451 ἀποστόλοις

2122 511 2282 566 fidem
2312 511 2514 567 habere
2545 511 2704 564 decet
2742 509 2833 571 iis,
2875 523 2998 578 qme
3039 522 3068 560 a
3103 505 3214 560 Deo
3252 506 3552 560 dicuntur:
3590 521 3708 558 nm-

2119 603 2221 659 dos
2255 611 2437 658 autem
2471 611 2527 658 et
2549 617 2750 657 causas
2772 601 3046 656 actionum
3069 606 3123 654 et
3149 613 3402 668 operum,
3441 603 3705 666 tanquam

2119 705 2364 751 nostram
2404 696 2823 766 intelligentiam
2857 695 3206 758 cst-edentes,
3256 694 3548 763 exquirere
3597 707 3707 745 nou

2118 798 2350 860 oportet.
2382 788 2604 842 Dicetur
2617 790 2771 842 enim
2797 789 3030 842 ειιίιὶὶιςιι
3057 787 3292 842 istorum
3314 785 3664 841 curiosorum
3689 801 3703 837 :

2118 882 2357 936 Ostende
2381 881 2513 934 mihi
2558 883 2770 934 ratione
2789 887 2956 947 atque
2979 878 3232 933 oratione
3268 884 3385 943 tua,
3429 875 3706 947 quomodo

2121 973 2201 1028 ha:
2238 989 2344 1038 res,
2363 990 2502 1042 quas
2536 973 2810 1034 videmus,
2838 972 2904 1024 ad
2931 969 3230 1026 essentiam
3260 969 3540 1039 producta:
3569 969 3701 1023 sint.

2121 1066 2217 1120 Dic
2251 1083 2358 1138 qua
2392 1078 2509 1121 arte
2552 1065 2894 1119 multiforme
2923 1078 3064 1134 opus
3101 1063 3206 1116 hoc
3227 1061 3458 1116 creavit.
3488 1058 3624 1114 Nam
3655 1061 3704 1116 si

2120 1160 2239 1214 lucc
2274 1157 2677 1227 excogitaveris
2706 1166 2762 1210 et
2799 1157 3156 1226 compereris,
3187 1154 3383 1209 merito
3417 1154 3708 1224 perplevus

2118 1259 2173 1308 et
2207 1252 2503 1322 implicitus
2545 1251 2766 1306 hmsitas
2793 1291 2808 1316 ,
2843 1261 2898 1303 et
2937 1263 3232 1303 succenses
3272 1256 3326 1304 et
3375 1246 3701 1317 indigna-ris,

2119 1346 2266 1417 quod
2293 1344 2730 1415 regenerationis
2771 1341 3321 1398 transformatirmem
3369 1339 3574 1405 nescis,
3611 1339 3704 1408 qui

2119 1435 2489 1507 generationis
2519 1434 2788 1489 rationem
2831 1433 2975 1487 haud
3008 1433 3252 1503 ignores.
3299 1430 3458 1498 Quod
3513 1431 3558 1486 si
3615 1430 3706 1484 illa

2121 1530 2218 1583 tibi
2253 1529 2391 1582 nihil
2423 1529 2571 1582 aliud
2606 1544 2771 1598 quam
2797 1527 3071 1582 somnium
3108 1535 3164 1580 et
3218 1525 3537 1596 imaginatio
3579 1530 3708 1580 sunt

2120 1631 2286 1691 atque
2345 1619 2589 1688 undique
2662 1618 2905 1690 cognitio
2964 1617 3256 1689 perplexa,
3305 1614 3706 1686 inexplicabilis

2120 1723 2174 1769 et
2241 1712 2639 1782 investigabilis
2679 1720 2783 1774 est,
2833 1727 2902 1766 ne
2943 1709 3282 1780 indigneris,
3343 1707 3391 1763 si
3447 1723 3571 1762 cum
3621 1721 3709 1760 ra-

2123 1805 2321 1859 tionem
2382 1803 2762 1858 fabricationis
2833 1802 3086 1874 ignores.
3166 1801 3333 1856 etiam
3403 1800 3703 1856 correctio-

2126 1915 2250 1954 nem
2297 1907 2464 1968 atque
2511 1897 2916 1966 reparationem
2965 1895 3214 1966 corrupti
3251 1910 3362 1949 non
3420 1892 3704 1964 intelligis.

2123 1993 2268 2048 Idem
2301 1992 2497 2047 artifex
2534 1999 2622 2046 est
2652 1998 2705 2046 et
2761 1990 2949 2061 primae
2982 1989 3282 2045 creationis
3331 1996 3386 2042 et
3445 1985 3704 2043 secunda:

2123 2085 2653 2142 transformationis.
2689 2083 2850 2138 Novit
2893 2082 3168 2154 quomodo
3197 2097 3356 2137 suum
3414 2095 3552 2151 opus
3590 2079 3710 2134 d's-

2123 2180 2364 2235 solutum
2393 2193 2586 2234 rursus
2621 2176 2935 2241 concinnet,
2972 2183 3028 2230 et
3058 2175 3125 2230 ad
3163 2174 3458 2245 pristinum
3501 2181 3706 2227 statum

2123 2273 2370 2327 reducat.
2414 2270 2471 2326 Si
2507 2270 2777 2341 sapientia
2807 2285 2946 2340 opus
2982 2275 3090 2331 est,
3144 2266 3268 2322 fons
3313 2265 3595 2336 sapicntim
3627 2273 3712 2318 est

2122 2363 2264 2434 apud
2299 2363 2450 2417 illum
2488 2381 2501 2416 :
2535 2361 2580 2416 si
2635 2361 2882 2432 potentia
2929 2367 2983 2415 et
3019 2359 3228 2414 viribus
3264 2372 3404 2426 opus
3458 2365 3566 2418 est,
3602 2370 3709 2409 non

2121 2457 2326 2527 indiget
2356 2454 2506 2511 socio
2533 2463 2699 2524 atque
2722 2451 2997 2522 adjutorc.
3025 2449 3123 2504 llic
3151 2457 3237 2504 cst
3289 2447 3381 2518 qui
3428 2447 3581 2514 juxta
3617 2460 3713 2497 vo-

2123 2565 2240 2603 cem
2278 2547 2674 2617 sapientissimi
2709 2547 2988 2616 pmpheta:
3016 2544 3059 2605 ⁷,
3091 2557 3256 2595 manu
3298 2555 3396 2594 sua
3424 2538 3710 2593 dimensus

2121 2652 2203 2698 est
2233 2657 2456 2712 aquam,
2488 2649 2542 2696 et
2564 2655 2819 2710 magnum
2851 2636 3253 2692 etimtnensutn
3282 2632 3481 2687 cadum
3506 2630 3710 2700 palmo,

2121 2744 2175 2789 et
2208 2745 2409 2789 terram
2449 2748 2652 2802 pugno.
2693 2730 3082 2798 Contemplare
3118 2725 3404 2795 imagines,
3437 2721 3710 2778 evidentia

2122 2831 2279 2897 signa
2311 2827 2619 2898 prmhenles
2655 2823 2945 2879 iucﬂ'abilis
2978 2820 3254 2891 potentiae,
3287 2815 3712 2886 cogitationibus

2124 2921 2330 2975 nostris
2360 2915 2802 2988 desperationem
2824 2911 3169 2971 inducentes,
3196 2906 3331 2961 nihil
3361 2905 3584 2973 dignum
3619 2902 3712 2962 [λιιί

2123 3019 2318 3066 natura
2353 3024 2515 3079 posse
2548 3022 2650 3062 nos
2704 3001 3014 3075 imaginari.
3045 2998 3407 3068 Omnipotens
3445 3007 3496 3052 ct
3536 3004 3620 3052 est
3650 3007 3704 3050 et

2050 3119 2099 3182 ο
2128 3105 2355 3159 dicitur.
2392 3098 2648 3154 Forsitan
2699 3097 2845 3153 enim
2888 3110 2998 3148 non
3054 3089 3434 3147 adversaberis
3491 3089 3546 3144 in
3588 3088 3712 3152 hoc,

2127 3201 2220 3252 sed
2251 3195 2408 3250 dabis
2439 3201 2700 3263 tanquam
2729 3205 3055 3246 concessum
3113 3187 3384 3249 obtinere,
3417 3191 3584 3253 atque
3631 3183 3706 3236 ita

2128 3308 2186 3346 se
2220 3288 2442 3343 habere.
2488 3284 2640 3340 Atei
2696 3284 2789 3355 qui
2819 3283 3003 3339 omnia
3032 3289 3235 3353 potest,
3278 3278 3414 3334 nihil
3463 3285 3550 3332 est
3594 3292 3715 3346 per-

2127 3385 2367 3453 plcxum,
2407 3380 2543 3434 nihil
2587 3379 2735 3449 quod
2774 3376 3034 3448 explicari
3061 3383 3154 3430 aut
3181 3371 3426 3444 expediri
3460 3369 3716 3441 perficive

2129 3492 2236 3530 non
2281 3474 2477 3548 possit.
2513 3470 2681 3527 Multa
2715 3470 2838 3525 ﬁdei
2872 3469 3104 3541 pignora
3153 3467 3344 3533 habes,
3372 3480 3493 3535 qum
3523 3478 3716 3518 neces-

2128 3569 2276 3624 sario
2310 3575 2363 3622 te
2391 3565 2740 3636 compellant,
2776 3570 2836 3618 ut
2862 3562 3187 3619 assentiaris
3219 3561 3308 3626 iis,
3333 3574 3456 3630 quae
3494 3573 3525 3610 a
3559 3556 3716 3610 uehis

2127 3662 2389 3716 dicuntur
2424 3678 2437 3713 :
2501 3658 2739 3728 primum
2773 3655 2994 3726 quidem
3051 3654 3364 3708 universam
3401 3656 3714 3705 creaturam

2129 3753 2340 3806 variam
2358 3759 2411 3806 et
2443 3749 2824 3819 multiplicem,
2848 3747 3098 3816 cujusvis
3143 3743 3410 3816 praecurris
3449 3756 3582 3796 voce
3607 3740 3719 3794 cla.

2129 3847 2246 3900 rius
2271 3852 2325 3899 et
2348 3842 2752 3912 significantius
2777 3843 3230 3912 proclamantem,
3257 3835 3402 3907 quod
3421 3846 3720 3903 crntagnus

2129 3949 2184 3992 et
2217 3937 2439 4007 sapiens
2471 3935 2669 3989 artifex
2708 3934 2780 3989 sit
2811 3933 2881 3997 is,
2909 3933 3001 3990 aui
3033 3947 3097 3986 ea
3144 3945 3267 4001 qua:
3305 3928 3587 3990 videntur,
3641 3925 3719 3978 fas

2129 4029 2376 4084 bricatus
2409 4034 2513 4080 est;
2548 4024 2686 4080 Cum
2716 4030 2899 4078 autem
2941 4023 3208 4077 adversus
3233 4021 3374 4074 hanc
3408 4026 3722 4078 creaturam

2132 4121 2276 4176 Deus
2329 4119 2592 4190 providus
2627 4120 2720 4180 sit,
2754 4124 2922 4186 atque
2964 4115 3130 4171 etiam
3180 4112 3372 4184 procul
3419 4109 3725 4167 infidelium.

2131 4213 2403 4270 animulas
2462 4211 2787 4273 intueatur,
2839 4209 2960 4278 ipso
3021 4221 3188 4276 opere
3249 4202 3724 4271 resurrectionem

2133 4315 2474 4362 tnortuormn
2494 4301 2862 4363 confirmavit,
2891 4285 3080 4354 multis
3107 4296 3442 4368 corporibus
3473 4300 3726 4348 mortuo».

2133 4415 2252 4452 rum
2282 4398 2462 4450 anima
2497 4394 2773 4451 restituta.
2809 4391 2922 4447 llac
2965 4393 3033 4448 de
3063 4405 3230 4446 causa
3281 4388 3522 4444 Lazarus
3549 4399 3720 4457 quar-

443 4491 540 4561 τὴν
575 4488 667 4542 τοῦ
703 4489 934 4556 ἐγείρειν
957 4484 1183 4556 νεκροὺς
1207 4482 1498 4554 ἐχαρίσατο
1544 4482 1809 4553 δύναμιν;
1844 4481 2023 4535 Ἔστιν

2134 4500 2245 4546 ιιιιιι
2275 4488 2388 4556 jam
2426 4486 2570 4540 diem
2612 4493 2862 4539 mortuus
2887 4482 3109 4539 exsiluit
3141 4498 3172 4536 e
3198 4480 3454 4551 sepulcro
3476 4479 3545 4532 ⁷⁵.
3582 4475 3729 4531 11ιιί-.

444 4581 536 4639 οὖν
575 4585 607 4653 ἡ
647 4579 919 4643 ἀπόδειξις
965 4578 1223 4648 ἐναργής.
1257 4576 1366 4630 Καὶ
1400 4575 1489 4629 διὰ
1528 4577 1602 4637 τί,
1637 4577 1685 4629 οἱ
1719 4573 2030 4644 φιλόνεικοι,

446 4677 750 4749 πράγματα
803 4673 938 4743 ἡμῖν
971 4670 1259 4740 παρέχετε,
1291 4669 1367 4732 ὡς
1421 4668 1826 4722 ἀναποδείκτων
1856 4667 2032 4735 λόγων

443 4768 768 4838 ὲξηγηταῖςς
807 4764 894 4826 Ὡς
941 4757 1021 4825 εἷς
1071 4761 1314 4832 ἠγέρθη,
1345 4760 1487 4814 οὕτω
1520 4761 1613 4814 καὶ
1650 4760 1817 4813 δέκα·
1863 4759 1939 4822 ὡς
1983 4761 2032 4811 οἱ

443 4866 613 4930 δέκα,
663 4861 755 4932 καὶ
800 4858 1141 4930 τριακόσιοιο
1189 4857 1264 4920 ὡς
1299 4857 1634 4927 τριακόσιοι,
1681 4855 1776 4908 καὶ
1823 4853 2026 4908 πολλοί.

457 4959 516 5013 '0
578 4956 690 5027 γάρ
743 4953 861 5017 ὲνδς
913 4950 1228 5022 ἀνδριάντος
1278 4949 1558 5019 τεχνίτης,
1629 4949 1780 5002 ἔσται
1833 4947 2036 5019 ῥᾳδίως

445 5053 541 5107 καὶ
588 5049 795 5122 μυρίων
837 5043 1188 5116 δημιουργός.
1248 5042 1360 5097 Οὐκ
1410 5041 1582 5096 εἴδετε
1627 5042 1754 5104 τοὺς
1799 5058 2032 5111 μηχανι-

446 5145 612 5206 κοὺς,
654 5141 803 5202 ὅπως
849 5136 958 5190 τῶν
1011 5134 1263 5206 μεγάλων
1308 5133 1403 5187 καὶ
1445 5131 1698 5197 ἐξαισίων
1747 5130 2033 5202 οἰκοδομη-

448 5238 633 5308 μάτων
678 5235 736 5286 ὲν
782 5230 950 5300 ὀλίγῳ
983 5227 1140 5299 κηρῷ
1161 5228 1261 5290 τὰς
1297 5224 1511 5297 μορφὰς
1551 5227 1644 5278 καὶ
1676 5227 1801 5288 τοὺς
1829 5224 2035 5288 τύπους

446 5324 1044 5398 προσαναπλάττουσιν;
1063 5319 1174 5373 Καὶ
1199 5320 1228 5370 ό
1245 5318 1304 5371 ὲν
1328 5316 1408 5387 τῷ
1433 5315 1614 5388 μικρῷ
1638 5317 1791 5384 λόγος
1815 5316 1913 5386 τὴν
1935 5317 2032 5370 αὑ-

445 5421 540 5490 τὴν
570 5417 682 5486 ἔχει
709 5415 938 5484 δύναμιν
967 5413 1026 5466 ὲν
1057 5413 1178 5475 ταῖς
1211 5408 1435 5473 πολλαῖς
1461 5410 1554 5468 καὶ
1584 5409 1848 5478 μεγάλαις
1872 5425 2035 5464 κατα-

450 5511 691 5571 σκευαῖς.
706 5508 897 5574 Μέγας
922 5507 951 5557 ὁ
971 5504 1220 5576 οὐρανὸς,
1241 5501 1486 5572 τεχνικὸν
1505 5500 1599 5556 τοῦ
1623 5500 1756 5554 Θεοῦ
1773 5500 2031 5572 δημιούρ-

447 5613 516 5664 γη
527 5613 622 5666 μα.
665 5593 882 5663 Ἐπειδὴ
917 5591 975 5646 δὲ
1010 5592 1228 5660 λογικὸν
1250 5590 1390 5656 ζῶον
1420 5593 1449 5645 ὁ
1475 5591 1606 5655 Θεὸς
1634 5589 1725 5643 τὸν
1746 5589 2032 5661 ἄνθρωπον

522 5783 542 5813 ⁷
563 5781 670 5839 lsa.
703 5797 797 5851 XL,
828 5784 909 5842 l2.

987 5787 1026 5818 τ’
1052 5782 1208 5840 Joan.
1243 5801 1316 5851 xu,
1351 5784 1439 5840 45.
1516 5785 1532 5810 ⁸¹
1567 5781 1701 5837 Luc.
1741 5794 1838 5850 vn,
1869 5777 1960 5836 15.

2129 4600 2228 4639 cus
2271 4583 2398 4636 item
2435 4581 2526 4634 ille
2565 4579 2744 4633 viduae
2777 4577 2920 4632 filius
2943 4591 3011 4630 ex
3042 4575 3259 4638 lectica,
3316 4587 3427 4643 qua
3459 4567 3724 4626 effereba-

2127 4687 2239 4740 tur,
2276 4674 2340 4728 ad
2372 4673 2523 4728 vivos
2556 4676 2849 4725 revocatus
2906 4668 3066 4723 matri
3099 4683 3214 4723 Siue
3257 4665 3511 4721 redditus
3541 4673 3625 4718 est
3653 4662 3674 4694 ⁸
3703 4678 3725 4727 ξ

2129 4778 2294 4838 atque
2327 4766 2416 4819 alii
2471 4763 2755 4825 sexcenti,
2791 4777 2930 4831 quos
2970 4774 3297 4815 enumerare
3346 4770 3496 4812 nunc
3550 4754 3724 4808 mole—

2127 4870 2272 4913 stmn
2305 4856 2486 4911 fuerit.
2521 4853 2664 4922 Quid
2695 4853 2822 4908 dico
2844 4852 2911 4908 de
2935 4851 3042 4907 Deo
3079 4866 3146 4905 ac
3193 4846 3523 4904 Servatorc?
3547 4860 3722 4916 quan-

2134 4950 2450 5021 doquidem,
2495 4958 2552 5002 ut
2603 4944 2778 5016 magis
2833 4942 3125 4999 ﬂectantur
3158 4949 3213 4996 et
3260 4945 3586 4998 moveantur
3642 4935 3724 5002 illi

2134 5048 2225 5116 qui
2261 5042 2564 5108 ambigunt,
2605 5039 2770 5092 etiam
2803 5036 2979 5093 servis
3007 5036 3125 5090 suis
3164 5032 3434 5103 apostolis
3475 5039 3723 5086 mortuos

2133 5133 2408 5191 excitandi
2441 5132 2698 5185 virtutem
2726 5128 2960 5196 largitus
2983 5133 3086 5180 est.
3125 5121 3532 5179 Demonstratio
3557 5120 3727 5190 igitur-

2133 5226 2360 5282 cvidens
2379 5232 2465 5279 est
2486 5238 2548 5276 ac
2567 5217 2876 5274 manifesta.
2906 5215 2970 5270 Et
2992 5231 3091 5271 cur
3107 5215 3265 5270 nobis
3279 5212 3554 5284 negotium
3570 5209 3723 5266 exbiq

2137 5323 2299 5382 betis,
2316 5315 2667 5380 contentiosi,
2687 5313 2846 5384 quasi
2867 5325 3207 5370 sermonum,
3228 5307 3319 5378 qui
3345 5304 3715 5363 demonstrari

2142 5426 2253 5465 non
2278 5408 2516 5481 possint,
2551 5402 2910 5460 auctoribus?
2947 5400 3419 5468 Quemadmodum
3461 5412 3602 5454 unus
3625 5411 3720 5450 ex-

2139 5502 2344 5556 citatus
2365 5506 2468 5564 est,
2503 5498 2692 5554 eodem
2729 5493 2894 5549 modo
2921 5493 3133 5557 decem,
3168 5493 3241 5547 ita
3271 5500 3326 5548 et
3361 5488 3622 5555 trecenti;
3662 5501 3719 5550 u;

2139 5593 2392 5656 trecenti,
2427 5592 2501 5648 ita
2531 5589 2695 5645 etiam
2726 5587 2931 5659 plures.
2970 5582 3148 5642 Unius
3175 5584 3321 5638 enim
3355 5589 3552 5640 statua:
3585 5575 3719 5644 arti-
