4154 6354
464 300 565 394 637

1725 358 1780 413 S.
1824 358 2153 418 GREGORII
2190 361 2485 421 NYSSENI

3613 373 3717 431 668

464 457 549 511 fex
583 458 667 513 vel
702 469 1086 518 sexcentarum
1128 464 1287 524 facile
1326 470 1505 539 opifex
1548 472 1670 527 erit.
1708 476 1904 532 Annon
1955 477 2005 532 vi

2107 523 2109 535 .
2144 480 2417 553 ἐποίησεν,
2448 481 2534 537 ἵνα
2565 485 2629 556 τῇ
2664 485 2962 558 καταλήψει
3010 487 3118 540 τῶν
3165 488 3484 559 ποιημάτων
3518 488 3715 566 δοξάσῃ

461 549 602 605 dctis
660 554 1040 623 mechanicosi,
1084 561 1555 629 quemadmodum
1606 581 1929 637 magnorum
1976 580 2032 627 et

462 640 760 709 ingentium
792 645 1145 703 aedificiorum
1173 648 1378 707 formas
1410 661 1464 707 et
1502 653 1704 725 figuras
1744 658 1798 711 in
1832 661 2029 731 exigua

457 746 582 787 cera
622 736 939 804 speciminis
998 740 1120 795 loco
1167 742 1429 814 efﬁngunt
1474 755 1639 817 atque
1697 750 2031 819 designant?

457 827 536 879 Ac
561 828 701 881 ratio
748 844 870 898 qua:
917 830 968 883 in
999 847 1168 901 parvo
1187 841 1291 900 est,
1349 838 1595 894 eamdem
1627 840 1734 895 vim
1757 842 1921 898 habet
1972 844 2027 899 in

458 917 657 971 multis.
684 933 748 972 ac
772 922 985 991 magnis
1020 927 1334 985 structuris.
1366 927 1619 1000 Magnum
1679 934 1909 999 caelum,
1938 951 2028 989 ar-

456 1008 749 1064 tiliciosum
779 1010 871 1066 Dei
935 1014 1214 1083 opificium
1257 1027 1361 1076 est.
1424 1021 1505 1077 Ac
1569 1024 1830 1094 quoniam
1884 1026 2045 1083 Deus

456 1097 733 1153 hominem
758 1101 957 1157 animal
986 1105 1255 1164 ralionale
1283 1108 1430 1175 fecit,
1452 1118 1512 1165 ut
1535 1115 2028 1184 comprehensione

452 1203 680 1258 operum
712 1192 976 1261 glorificct.
1005 1197 1307 1266 sapientem
1337 1210 1392 1255 et.
1424 1202 1680 1258 solertem
1711 1220 1901 1260 eorum
1938 1206 2024 1261 fa-

452 1279 802 1347 bricatorem,
848 1285 1396 1347 videasaslronomi
1460 1294 1728 1363 sphaaram
1788 1314 2021 1367 parvam

449 1370 695 1439 quidem,
725 1374 818 1428 sed
858 1375 909 1428 in
941 1392 1104 1431 manu
1139 1379 1366 1436 scientis
1402 1381 1476 1436 ita
1503 1385 1730 1445 moveri,
1763 1388 2026 1456 quemad-

450 1462 669 1515 modum
702 1478 733 1517 a
783 1463 891 1520 Deo
951 1469 1152 1524 catlum
1186 1485 1454 1528 movetur.
1488 1474 1567 1529 Ac
1609 1476 1831 1530 minima
1876 1487 2025 1534 stru-

448 1562 605 1611 ctura
671 1556 850 1626 magni
904 1558 1052 1615 illius
1106 1562 1306 1631 opificii
1367 1564 1721 1621 simulacrum
1778 1577 1861 1624 est
1913 1588 1925 1624 :
1970 1579 2026 1625 ct

450 1643 612 1710 ratio,
642 1661 764 1714 qua:
809 1647 862 1702 in
896 1650 1080 1719 parvis
1132 1662 1236 1720 est,
1268 1655 1513 1711 declarat
1568 1658 1856 1723 immensa,
1902 1678 2023 1731 qua:

447 1743 695 1789 nostrum
723 1752 942 1797 sensum
967 1749 1021 1796 et
1050 1744 1383 1801 intellectum
1413 1760 1745 1818 exsuperant
1768 1759 1822 1807 et
1851 1768 2020 1809 cxce-

2130 570 2220 624 τὺν
2257 571 2416 641 σοφὸν
2458 574 2551 626 καὶ
2574 574 2881 647 εὐμήχανον
2913 576 3159 648 ποιητὴν,
3177 577 3295 647 ὄψει
3312 577 3371 631 τὸ
3394 578 3489 631 τοῦ
3515 580 3700 651 ἀστροο

2129 663 2293 733 νόμου
2324 666 2572 738 σφαιρίον
2595 669 2788 738 μικρὸν
2824 669 2942 736 μὲν,
2972 671 3033 722 ὲν
3052 670 3108 723 δὲ
3137 673 3202 741 τῇ
3231 672 3375 741 χειρὶ
3396 671 3713 742 κινούμενον

2127 754 2222 809 τοῦ
2249 758 2609 830 ἐπιστήμονος
2661 759 2835 825 οὕτως
2870 761 2944 826 ὡς
2975 762 3202 833 οὐρανὸς
3241 762 3390 834 παρά
3426 763 3517 816 τοῦ
3549 764 3708 828 Θεοῦ,

2129 850 2222 902 καὶ
2244 848 2304 902 τὸ
2321 850 2599 920 ἐλάχιστον
2619 853 3049 923 κατασκεύασμα
3069 854 3164 906 τοῦ
3190 855 3426 925 μεγάλου
3453 855 3518 924 δη
3526 874 3650 927 μιου
3657 874 3712 926 p-

2129 939 2376 1009 γήματος
2409 939 2574 992 εἰκὼν
2596 940 2804 1009 γίνεται
2838 958 2853 973 ·
2891 944 2986 996 καὶ
3010 946 3065 998 ὲν
3098 946 3212 1007 τοῖς
3250 947 3468 1017 μικροῖς
3490 946 3519 997 ὁ
3553 945 3710 1014 λόγος

2129 1028 2422 1098 ἐρμηνεύει
2472 1029 2539 1083 τὰ
2572 1031 2813 1103 ὑπέροχα
2860 1035 2952 1087 καὶ
2980 1035 3047 1087 τὰ
3090 1035 3189 1105 τὴν
3241 1034 3491 1106 αἴσθησιν
3550 1037 3707 1106 ήμῶν

2128 1118 2541 1189 ὑπερϐαίνοντα.
2563 1121 2746 1175 Ταῦτα
2784 1123 2840 1175 δὲ
2890 1124 3027 1194 πρὸς
3062 1124 3115 1176 τί
3147 1124 3364 1195 διῆλθον
3390 1143 3403 1187 ;
3437 1125 3524 1178 ἵνα
3552 1124 3706 1193 γινώ-

2128 1227 2263 1282 σκῃς
2285 1211 2366 1264 ὅτι
2397 1212 2500 1265 κᾶν
2529 1213 2808 1286 ἐρωτήσῃς
2841 1232 2909 1284 με
2939 1214 3058 1278 πῶς
3113 1215 3267 1269 ἔσται
3304 1216 3413 1270 τῶν
3444 1217 3539 1270 ἀπ’
3575 1215 3704 1268 αἰῶ·

2126 1319 2215 1365 νος
2246 1303 2512 1373 σωμάτων
2537 1305 2568 1373 ἡ
2599 1304 2927 1368 ἀνάστασις,
2959 1306 3267 1381 ἀντακούσῃ
3316 1309 3548 1378 ταχέως,
3581 1306 3704 1371 Πῶς

2124 1393 2154 1444 ὁ
2184 1394 2559 1465 τετραήμερος
2611 1396 2819 1468 ἠγέρθη
2857 1398 3105 1471 Λάζαρος
3135 1418 3150 1467 ;
3185 1401 3456 1471 Πρόδηλον
3489 1401 3597 1472 γάρ
3627 1401 3704 1466 ὡς

2122 1480 2219 1552 τὴν
2247 1483 2338 1535 ἐπὶ
2377 1482 2454 1553 τῷ
2476 1485 2556 1537 ἐνὶ
2579 1485 2684 1555 πλη
2694 1488 2967 1557 ροφορίαν,
2998 1490 3103 1542 κάν
3129 1492 3241 1553 τοῖς
3259 1490 3474 1554 πολλοῖς
3501 1492 3700 1561 ὁμοίως

2125 1574 2418 1645 σωφρονῶν
2447 1576 2826 1646 παραδέξεται.
2871 1577 3004 1631 Θεὸν
3031 1580 3413 1650 ὑποτιθέμενος
3453 1582 3545 1634 τὸν
3583 1598 3703 1636 ποι-

2121 1663 2284 1719 οῦντα
2309 1706 2325 1730 ,
2364 1665 2532 1735 μηδὲν
2580 1666 2742 1739 είπῃς
2773 1666 3054 1731 ἀδύνατον,
3103 1670 3239 1741 μηδὲ
3270 1673 3338 1742 τῇ
3388 1671 3583 1725 σαυτοῦ
3617 1673 3703 1726 ἐν·

2121 1756 2240 1828 νοίᾳ
2268 1757 2621 1828 καταληπτὴν
2651 1758 2881 1831 νομίσῃς
2906 1760 3005 1831 τὴν
3045 1762 3141 1815 τοῦ
3172 1763 3562 1834 ἀκαταλήπτου
3610 1782 3702 1817 σο-

445 1823 604 1878 dunt.
629 1826 744 1890 ,Sed
767 1845 865 1891 cur
900 1832 1013 1888 haec
1040 1838 1308 1907 exposui?
1346 1851 1405 1895 ut
1435 1841 1732 1914 intelligas,
1781 1845 1929 1915 quod
1970 1846 2010 1902 si

2121 1823 2268 1917 (ρίαν.
2304 1845 2440 1901 Οῦτε
2463 1823 2595 1919 “γάῥ
2626 1823 2889 1920 ἐκείνῳ-τι
2933 1823 3177 1923 ἄπειρον,
3205 1855 3298 1908 καὶ
3350 1823 3434 1909 σολ.
3477 1855 3548 1910 τὰ
3599 1854 3697 1910 τοῦ

445 1929 530 1969 me
584 1933 802 1989 quoque
854 1922 1313 1995 interrogaveris,
1364 1932 1641 2001 quomodo
1689 1950 2017 2005 corporum,

441 2021 565 2073 quae
598 2008 667 2062 ab
721 2013 922 2066 sacculo
956 2032 1129 2088 usque
1163 2018 1402 2085 fuerunt,
1439 2026 1775 2079 resurrectio
1840 2026 2024 2082 futura

2125 1939 2354 2012 ἀπείρου
2386 1940 2785 2014 ἀνεξερεύνητα

353 2480 362 2489 ·
435 2466 734 2537 quidquam.
783 2468 1053 2526 infinitum
1098 2491 1112 2527 :

441 2095 574 2157 rrit,
610 2109 805 2157 contra
840 2106 1021 2160 statim
1070 2110 1262 2166 audies
1292 2129 1306 2167 :
1338 2113 1612 2181 quomodo
1639 2115 1901 2180 Lazarus,
1943 2118 2038 2188 qui
2070 2130 2324 2189 quartum
2360 2120 2472 2191 jam
2505 2121 2650 2178 diem
2699 2125 2946 2194 sepultus
2990 2134 3139 2191 erat,
3173 2128 3526 2192 resuscitatus
3579 2134 3703 2188 est?

439 2185 794 2259 Perspicuum
828 2197 972 2252 enim
1012 2208 1118 2259 est.
1152 2202 1297 2271 quod
1332 2218 1453 2258 eam
1494 2205 1653 2261 fidem
1689 2217 1744 2262 et
1782 2185 2154 2279 probationem
2186 2228 2305 2282 qua:
2336 2185 2389 2267 in
2429 2228 2539 2270 uno
2582 2214 2659 2273 fit.
2711 2216 2874 2272 etiam
2911 2217 2965 2272 in
3021 2218 3204 2273 multis
3245 2219 3496 2275 similiter
3534 2220 3702 2276 homo

436 2294 607 2334 sanus
663 2282 968 2343 admiserit.
1012 2288 1201 2345 Posito
1258 2293 1402 2361 quod
1440 2294 1584 2351 Deus
1623 2297 1716 2362 sit,
1747 2298 1841 2368 qui
1879 2299 2065 2366 faciat,
2105 2303 2241 2356 nihil
2299 2304 2505 2361 dixeris
2537 2308 2691 2372 esse',
2722 2308 2870 2378 quod
2924 2308 3043 2364 fieri
3092 2326 3198 2365 non
3254 2313 3427 2381 possit
3468 2330 3481 2366 :
3522 2329 3699 2384 neque

439 2382 529 2427 tua
588 2376 916 2445 cogitatione
963 2381 1169 2449 percipi
1208 2398 1370 2453 posse
1419 2396 1577 2456 putes
1618 2389 1786 2458 illius,
1828 2392 1918 2461 qni
1959 2395 2346 2463 comprehendi
2396 2411 2503 2451 non
2554 2376 2789 2466 potest“,
2818 2399 3164 2469 sapientiam.
3215 2400 3399 2469 Neque
3438 2403 3583 2458 enim
3619 2404 3697 2483 illi

1160 2481 1218 2529 at
1270 2476 1368 2531 tibi
1422 2494 1507 2544 ea,
1542 2496 1664 2550 qua:
1701 2484 1973 2551 pertinent
2008 2487 2073 2541 ad
2121 2486 2320 2541 infiniti
2370 2493 2755 2558 quamstioncm,
2798 2491 3176 2547 inscrutabilia
3205 2501 3260 2547 ct
3298 2476 3695 2567 investigabilia

435 2572 582 2620 ευιιι.

506 2699 826 2759 Videbimus
892 2714 1072 2761 autem
1140 2709 1280 2765 hanc
1340 2714 1607 2769 rationem
1653 2718 1900 2788 pulchre,
1959 2721 2005 2776 si

2188 2721 2465 2794 Ὀψόμεθα
2492 2724 2549 2777 δὲ
2582 2723 2771 2779 τοῦτον
2799 2726 2889 2779 τὸν
2914 2726 3072 2796 λόγον
3092 2726 3294 2793 καλῶς,
3315 2729 3381 2783 ἂν
3417 2730 3553 2801 πρὸς
3580 2735 3696 2797 τοῖς

434 2801 634 2863 praeter
666 2810 727 2850 ea
751 2811 874 2865 quae
893 2796 1039 2853 dicta
1062 2809 1210 2867 sunt,
1240 2815 1548 2860 scrutemur
1577 2816 1632 2862 et
1653 2815 2006 2880 exquiramus

2107 2823 2414 2894 εἰρημένοις
2440 2825 2535 2877 καὶ
2565 2825 2655 2879 τὸν
2681 2827 2881 2898 τρόπον
2912 2830 3011 2898 τῆς
3052 2829 3322 2897 γενέσεως
3348 2832 3380 2902 ἡ
3391 2832 3506 2901 μῶν
3545 2833 3693 2886 δοκι-

434 2885 655 2939 modum
693 2889 1062 2956 generationis
1105 2905 1330 2956 nostrae.
1364 2911 1470 2951 non
1503 2899 1737 2967 primunt
1786 2911 1838 2955 et
1868 2902 2009 2956 anti-

2110 2914 2394 2985 μάσωμεν,
2429 2915 2490 2968 οὐ
2537 2916 2628 2969 τὸν
2681 2917 2896 2988 πρῶτον
2930 2919 3023 2972 καὶ
3067 2920 3439 2991 πρεσϐύτατον
3486 2925 3692 2978 ἐκεῖνον

433 2974 758 3044 quissimum
784 2978 958 3044 illum,
988 2999 1015 3035 a
1050 2981 1159 3037 Deo
1182 2986 1458 3054 proditum
1482 2999 1536 3043 et
1566 2991 1900 3057 institutum,
1940 2994 2008 3049 de

2107 2974 2195 3060 τὸν
2237 2974 2391 3076 παρά
2417 3007 2573 3072 Θεοῦ,
2600 2974 2816 3080 περίοῦ
2859 3012 2917 3063 ὲν
2960 3014 3073 3074 τοῖς
3113 2974 3427 3083 ἔμπροσθεν
3472 3014 3686 3087 εἴρηται
3762 3001 3768 3007 ³

432 3082 544 3135 quo
569 3066 621 3120 in
663 3069 1039 3138 superioribus
1085 3075 1226 3130 dicta
1259 3086 1386 3133 sunt
1445 3078 1591 3146 lucc;
1624 3082 1717 3136 sed
1749 3098 1872 3136 eum
1912 3085 2007 3152 qui

433 3173 610 3228 usque
633 3161 699 3214 ad
728 3159 832 3216 hoc
867 3171 1084 3235 tempus
1112 3169 1473 3225 consimiliter
1505 3187 1533 3224 a
1576 3175 2008 3245 natura'perﬁci-
2042 3182 2045 3187 ’

431 3255 545 3305 tur.
571 3248 976 3321 lnexplicabilis
1007 3257 1152 3311 enim
1180 3257 1270 3313 hic
1317 3269 1423 3325 est,
1456 3269 1512 3317 et
1553 3263 1871 3335 cogitationi
1900 3264 2004 3320 hu-
2033 3277 2076 3334 (Γ,

431 3355 607 3395 mana:
638 3342 971 3401 inaccessus.
1022 3345 1155 3401 Nam
1202 3366 1309 3420 qua
1345 3353 1578 3417 ratione,
1621 3369 1746 3409 cum
1777 3370 1864 3411 res
1904 3355 2006 3409 hu-

433 3432 598 3497 mida,
636 3435 787 3490 rudis
825 3446 878 3490 et
928 3437 1179 3496 informis
1214 3441 1310 3507 sit,
1353 3458 1536 3499 semen
1564 3446 1618 3500 in
1653 3455 1817 3516 caput
1872 3463 2004 3503 eon-

431 3524 652 3590 crescit,
684 3525 847 3581 tibias
883 3536 937 3583 et
968 3538 1153 3587 costas
1201 3534 1445 3590 durescit
1500 3544 1555 3591 et
1605 3540 2002 3607 consolidatur,

430 3612 716 3667 cerebrum
741 3614 903 3669 eﬂicit
927 3626 1173 3673 tenerum
1216 3636 1532 3692 rartmtque,
1564 3637 1616 3678 ct
1647 3640 1710 3680 os
1730 3642 1837 3696 quo
1868 3642 2002 3682 con-

429 3703 657 3766 tinetur,
698 3705 837 3761 adeo
871 3708 1067 3763 durum
1110 3726 1176 3766 ac
1225 3713 1480 3783 rigidum,
1526 3717 1733 3771 variam
1768 3718 2003 3789 denique

430 3794 685 3850 animalis
718 3796 1135 3855 fabricationem
1158 3811 1212 3857 et
1260 3806 1732 3875 compositionem.
1776 3815 1835 3861 ut
1881 3809 2005 3865 bre-

428 3885 570 3940 viter
611 3887 813 3956 dicam,
855 3905 918 3944 ac
952 3892 1156 3949 nimius
1189 3912 1256 3950 ne
1289 3897 1393 3951 sim
1442 3899 1752 3953 minutatim
1788 3902 2000 3972 singula

429 3979 822 4047 persequendo.
860 3981 1331 4048 Quemadmodum
1380 3990 1546 4060 igitur
1588 4009 1798 4058 semen,
1855 3997 1999 4065 quod

429 4066 586 4121 initio
625 4068 858 4128 informe
891 4083 999 4140 est,
1033 4076 1179 4131 dum'
1218 4082 1433 4135 occulta
1467 4091 1521 4137 et
1568 4084 1824 4140 ineffabili
1884 4096 2002 4143 arte

430 4152 526 4212 Dei
559 4166 847 4231 tractatur,
880 4166 937 4221 in
977 4170 1213 4238 speciem
1255 4174 1543 4244 redigitur,
1572 4186 1627 4231 et
1657 4179 1712 4233 in
1766 4195 1999 4250 corpora

427 4251 739 4317 grandescit
787 4264 838 4310 et
890 4258 1152 4314 adolescit
1194 4281 1206 4316 :
1251 4262 1324 4317 ita
1379 4280 1487 4320 non
1542 4268 1705 4324 modo
1753 4287 1862 4325 non
1916 4281 2000 4327 est

425 4339 692 4397 absonum
738 4352 793 4401 et
853 4349 1179 4419 absurdum,
1233 4371 1419 4411 verum
1485 4361 1648 4414 etiam
1706 4362 1996 4418 admodum

424 4444 852 4492 consentaneum
905 4450 1069 4512 atque
1106 4447 1385 4514 probabile
1419 4452 1701 4506 materiam
1756 4470 1880 4524 qua:
1918 4467 2000 4512 est

404 4522 477 4575 in
550 4528 839 4595 sepulcris,
876 4548 997 4601 quae
1028 4539 1302 4605 quondam
1332 4550 1448 4595 erat
1480 4541 1535 4597 in
1580 4542 1776 4607 forma,
1807 4562 1998 4602 rursus

2113 3107 2316 3171 ταῦτα,
2352 3107 2488 3162 ἀλλά
2547 3109 2640 3163 τὸν
2689 3110 2852 3181 μέχρι
2894 3110 2990 3165 νῦν
3041 3113 3347 3178 ἀκολούθως
3391 3118 3541 3187 ποιρά
3590 3119 3691 3189 τῆς

2114 3206 2328 3277 φύσεως
2344 3206 2563 3261 ὲκτελού
2572 3222 2751 3280 μενον.
2775 3211 3010 3282 Ἀπορος
3032 3212 3140 3283 γὰρ
3155 3207 3310 3277 οὗτος
3331 3215 3424 3267 καὶ
3446 3214 3690 3288 λογισμῷ

2107 3307 2432 3379 ἀνθρωπίνῳ
2477 3309 2791 3379 ἀπρόσιτος.
2834 3311 2959 3375 Πῶς
2988 3312 3096 3384 γὰρ
3146 3313 3207 3366 τὸ
3258 3316 3478 3386 σπέρμα
3530 3317 3692 3370 οὐσία

2105 3395 2240 3454 οὖσα
2289 3400 2432 3471 ὑγρά
2465 3403 2559 3455 καὶ
2603 3402 2877 3467 ἄπλαστος
2905 3404 2998 3458 καὶ
3036 3406 3286 3478 ἀνειδὴς,
3319 3409 3399 3471 είς
3451 3408 3689 3480 κεφαλὴν

2107 3503 2399 3571 πήγνυται,
2432 3502 2524 3555 καὶ
2554 3503 2633 3566 εἰς
2673 3503 3003 3574 ἀντικνήμια
3033 3505 3127 3559 καὶ⁵
3160 3506 3399 3580 πλευρὰς
3432 3510 3684 3582 στερεοῦ-

2103 3610 2214 3658 ται,
2237 3593 2332 3647 καὶ
2369 3597 2512 3647 ποιεῖ
2543 3594 2843 3664 ἐγκέφαλον
2889 3596 3098 3652 ἁπαλὸν
3137 3600 3232 3654 καὶ
3282 3599 3469 3670 μανὸν,
3504 3602 3598 3654 καὶ
3629 3600 3691 3656 τὸ

2104 3686 2355 3757 περιέχον
2386 3687 2548 3740 αὐτὸν
2574 3687 2760 3741 ὀστέον
2802 3687 2945 3742 οὕτω
2980 3690 3210 3762 σκληρὸν
3254 3692 3347 3745 καὶ
3378 3693 3692 3761 ἀντιτυπὲς,

2104 3778 2199 3830 καὶ
2218 3777 2314 3847 τὴν
2338 3778 2584 3849 ποικίλην
2610 3779 2702 3833 τοῦ
2728 3778 2866 3843 ζώου
2901 3784 3266 3854 κατασκευὴν.
3300 3787 3385 3839 ἵνα
3410 3788 3685 3857 συντόμως,

2102 3868 2264 3932 εἴπω,
2292 3869 2384 3923 καὶ
2405 3869 2482 3941 μὴ
2506 3871 2763 3943 παρὲλκω
2785 3873 3135 3945 λεπομερῶς
3164 3876 3393 3941 ἐπεξιὼν
3416 3881 3525 3942 τοῖς
3548 3881 3680 3933 καθ-

2103 3960 2342 4028 intacta;
2374 3962 2460 4026 Ὠς
2511 3959 2604 4016 οὖν
2657 3964 2717 4016 τὸ
2766 3964 2986 4036 σπέρμα
3035 3966 3275 4038 ὑπάρχον
3328 3968 3574 4040 ἄμορφον
3625 3974 3685 4026 ἑν

2102 4062 2315 4131 ἀρχαῖς,
2350 4064 2430 4127 εἰς
2459 4063 2645 4135 σχῆμα
2678 4064 2962 4130 τυποῦται,
2990 4060 3196 4129 καὶλείς
3232 4068 3429 4136 ὄγκους
3459 4071 3684 4142 (1695;15-

2101 4171 2208 4215 ται,
2224 4156 2288 4224 τῇ
2316 4154 2610 4226 ἀπορρήτῳ
2634 4156 2727 4209 τοῦ
2752 4156 2887 4210 Θεοῦ
2916 4160 3453 4237 κατασκευαζόμενον
3480 4162 3642 4236 τέχνῃ
3663 4180 3680 4196 ο

2100 4251 2271 4314 οὕτως
2296 4253 2446 4305 οὐδὲν
2473 4252 2716 4317 ἀπεικὸς,
2751 4253 2887 4308 ἀλλά
2917 4255 3009 4308 καὶ
3044 4256 3187 4310 πάνυ
3226 4257 3515 4314 ἀκόλουθον
3534 4301 3549 4326 ,
3580 4261 3685 4333 τὴν

2100 4344 2157 4394 ἐν
2178 4346 2292 4406 τοῖς
2325 4343 2518 4412 τάφοις
2558 4342 2711 4415 ῦλην,
2748 4346 2846 4416 τήν
2878 4362 3009 4398 ποτε
3038 4341 3203 4401 οὖσαν
3236 4349 3294 4400 ὲν
3336 4349 3485 4415 εἴδει,
3522 4348 3681 4417 αὖθις

2101 4435 2182 4498 εἰς
2214 4434 2312 4504 τὴν
2344 4434 2581 4488 παλαιὰν
2612 4436 3064 4508 ἀνακαινισθῆναι
3099 4438 3408 4525 διάπλασιν,
3449 4443 3542 4496 καὶ
3572 4443 3676 4497 πά-

2048 4563 2052 4567 <
2098 4533 2183 4588 λιν
2229 4535 2478 4603 γενέσθαι
2524 4536 2614 4590 τὸν
2658 4536 2786 4608 χοῦν
2815 4536 3099 4609 ἄνθρωπον
3129 4556 3141 4570 ·
3166 4539 3356 4612 ὥσπερ
3384 4541 3448 4613 δὴ
3482 4543 3573 4596 καὶ
3618 4544 3682 4598 τὸ

423 4612 476 4665 in
514 4616 800 4683 pristinam
843 4625 1092 4678 renovari
1144 4626 1370 4697 ﬁguram
1401 4646 1465 4687 ac
1496 4648 1688 4689 rursus
1719 4636 1994 4705 pulverem

2107 4627 2315 4698 πρῶτον
2371 4628 2579 4682 ἐκεῖθεν
2624 4628 2749 4699 ἔσχε
2796 4630 2895 4700 τὴν
2944 4631 3176 4699 γένεσιν.
3226 4612 3679 4707 Συγχωρήσωμεν

404 4705 536 4757 .flcri
600 4705 872 4763 hominem
927 4729 942 4766 :
993 4716 1449 4783 quemadmodum
1508 4722 1766 4778 nimirum
1833 4727 1998 4781 etiam

420 4797 578 4852 initio
614 4810 808 4856 nactus
845 4815 928 4858 est
980 4806 1108 4860 inde
1152 4813 1579 4877 generationem.
1619 4817 1999 4876 Concedanms

420 4888 552 4959 Deo,
593 4895 738 4962 quod
797 4907 999 4951 tantum
1037 4904 1231 4971 possit,
1281 4916 1544 4975 quantum
1582 4911 1724 4966 valet
1751 4911 1995 4982 ﬁgulus:

404 4982 631 5051 etquid
662 4984 747 5038 hic
779 4984 967 5054 faciat,
1026 4993 1458 5052 consideremus.
1496 4998 1650 5057 Rude
1703 5010 1869 5074 atque
1914 5006 1998 5060 in-

417 5072 590 5131 forme
630 5077 799 5133 lutum
849 5095 1133 5154 acceptum
1181 5087 1248 5143 ad
1298 5088 1528 5146 formam
1575 5095 1721 5151 vasis
1769 5072 1987 5168 redigit,

416 5167 582 5236 idque
630 5171 801 5229 radiis
835 5176 968 5231 solis
1014 5181 1321 5248 expositum
1369 5183 1540 5239 siccat
1580 5200 1644 5240 ac
1677 5188 1859 5244 durat.
1893 5191 1989 5247 Est

419 5268 621 5322 autent,
657 5264 807 5318 verbi
846 5268 1040 5336 gratia,
1070 5270 1121 5323 id
1152 5273 1297 5341 quod
1341 5275 1563 5345 tingitur
1595 5286 1758 5339 atque
1794 5281 1989 5338 forma-

416 5356 508 5403 tur
542 5355 819 5418 urceolus.
856 5358 937 5412 vel
965 5362 1214 5430 scutella,
1246 5364 1327 5418 vel
1361 5366 1569 5421 dolium
1647 5371 1744 5425 -ed
1778 5388 1822 5428 ει
1854 5375 1986 5444 qtnd

419 5447 623 5496 temere
664 5443 918 5502 inciderit
946 5458 1000 5503 et
1037 5452 1388 5522 subverterit,
1415 5458 1718 5528 collapsum
1753 5463 1988 5519 confrin-

419 5530 586 5599 gitur,
622 5544 676 5589 et
709 5537 863 5594 rudis
895 5549 950 5595 et
980 5540 1230 5602 informis
1270 5555 1413 5602 terra
1449 5550 1524 5615 fit,
1556 5568 1821 5624 suamque
1859 5573 1985 5627 spe-

418 5619 556 5675 ciem
588 5624 805 5681 amittit.
844 5626 914 5683 At
949 5632 1165 5702 artifex,
1206 5636 1254 5690 si
1286 5638 1543 5709 voluerit,
1581 5619 1838 5701 celeriter
1870 5619 1988 5703 cor-

417 5710 548 5783 rigit
568 5729 630 5770 ac
661 5717 831 5775 reficit
853 5721 903 5777 id
928 5724 1071 5795 quod
1093 5743 1221 5786 casu
1247 5744 1561 5804 corruptum
1584 5745 1688 5802 est,
1707 5753 1769 5795 ac
1792 5755 1985 5799 rursus

2095 4726 2172 4797 τῷ
2196 4727 2314 4798 Θεῷ
2352 4728 2610 4782 δύνασθαι
2646 4727 2922 4793 τοσοῦτον,
2952 4732 3075 4785 ὅσον
3094 4734 3123 4786 ὁ
3160 4735 3435 4804 κεραμεὺς
3464 4736 3637 4805 ἰσχύει
3660 4750 3674 4769 ο

2094 4818 2147 4870 τί
2171 4822 2279 4890 γὰρ
2311 4813 2467 4883 οὗτος
2502 4822 2664 4882 ποιεῖ,
2683 4820 3045 4893 λογισώμεθα.
3084 4825 3259 4895 Πηλὸν
3285 4825 3464 4880 λαϐὼν
3500 4828 3673 4897 ἄμορ-

2095 4926 2214 4977 φον.
2247 4911 2328 4973 είς
2358 4902 2551 4974 σκεῦος
2590 4912 2843 4976 ὁδοποιεῖ,
2878 4916 2973 4968 καὶ
3000 4915 3159 4969 τοῦτο
3182 4916 3318 4987 πρὸς
3342 4919 3441 5000 τὴν
3480 4919 3674 4975 ἀκτῖνα

2092 5001 2191 5070 τὴν
2219 5001 2445 5073 ἡλιακὴν
2468 5003 2802 5075 προθέμενος
2840 5005 3202 5087 ξηραίνει-καὶ
3253 5009 3468 5077 στερεὸν
3498 5010 3671 5080 ἀπερ-

2097 5101 2340 5168 γάζεται.
2376 5103 2529 5157 Ἔστι
2557 5104 2614 5156 δὲ
2655 5105 3072 5177 ἀμφορίσκος,ἢ
3113 5107 3301 5173 πίναξ,
3337 5108 3369 5177 ἢ
3414 5106 3569 5171 πίθος
3609 5109 3671 5161 τὸ

2096 5194 2465 5265 πλαττόμενον
2489 5212 2503 5228 ’
2542 5196 2659 5250 ἀλλ’
2709 5199 3041 5268 ἐμπεσόντος
3090 5199 3233 5262 τινὸς
3280 5199 3527 5262 ἀτάκτως
3575 5200 3669 5253 καὶ

2093 5285 2514 5357 ἀνατρέψαντος,
2535 5289 2876 5360 συντρίϐεται
2909 5289 3232 5344 καταπεσὼν
3259 5331 3273 5355 ,
3316 5290 3408 5343 καὶ
3462 5290 3670 5359 γίνεται

2095 5378 2418 5448 ἀμύρφωτος
2579 5382 2636 5436 '0
2665 5382 2721 5436 δὲ
2751 5382 3001 5454 τεχνίτης
3036 5382 3315 5452 βουληθεὶς
3355 5382 3522 5449 ὀξέως
3572 5386 3670 5438 ὲπ-

2092 5474 2310 5546 ανορθοῖ
2334 5475 2395 5528 τὸ
2441 5476 2675 5547 συμϐὰν,
2709 5477 2805 5531 καὶ
2838 5477 3001 5532 πάλιν
3027 5482 3196 5537 πηλὸν
3226 5477 3573 5547 σχηματίσας
3599 5479 3665 5547 τῇ

2089 5559 2274 5632 τέχνῃ,
2314 5562 2463 5617 οὐδὲν
2515 5566 2694 5635 χεῖρον
2728 5562 2823 5617 τοῦ
2866 5580 2995 5616 ποτε
3030 5564 3181 5626 ὄντος
3212 5563 3587 5634 ἀπεργάζεται
3608 5563 3668 5615 τὸ

2093 5654 2304 5717 σκεῦος.
2338 5655 2447 5709 Καὶ
2484 5657 2513 5709 ὁ
2546 5655 2644 5726 μὲν
2677 5655 2952 5726 κεραμεὺς
2984 5649 3158 5720 οὗτος,
3201 5655 3394 5727 μικρὸν
3440 5655 3540 5726 τῆς
3571 5653 3666 5708 τοῦ

2092 5748 2226 5802 Θεοῦ
2259 5749 2538 5815 δυνάμεως
2596 5751 2819 5819 κτίσμα,
2865 5751 2893 5804 ὁ
2941 5750 2996 5806 δὲ
3025 5753 3158 5818 Θεὸς
3210 5754 3520 5808 ἀπιστεῖται
3557 5749 3664 5804 ῦπ-
