4154 6354
433 376 538 433 669

1348 376 1414 430 IN
1444 375 1717 434 CllRlSTl
1747 373 2380 439 RESURRECTIONEH
2423 382 2638 438 OllA'f.
2679 383 2768 439 lll.

3610 378 3709 433 670

435 486 780 560 ισχνούμενος
851 487 1218 552 ἀνακαινίζειν
1272 489 1361 542 τὸν
1419 491 1773 563 τεθνηκότας
1835 494 2029 565 Πολλῆς

2143 507 2260 551 arte
2299 497 2473 552 lutum
2504 497 2712 568 ﬁngens
2738 495 2910 550 nihilo
2935 495 3116 565 priore
3139 493 3380 548 deterius
3403 508 3498 546 vas
3521 491 3708 546 efﬁcit.

434 582 605 636 ταῦτα
624 583 721 653 τῆς
754 581 938 645 ἀνοίας
971 583 1107 634 ἐστί.

506 846 882 918 (θεωρήσωμεν
919 848 1013 901 καὶ
1038 848 1097 900 τ’)
1120 847 1214 902 τοῦ
1259 849 1406 901 σίτου
1441 848 1744 919 ὑπόδειγμα
1763 890 1776 914 ,
1882 848 2028 904 Παῦ-

441 936 529 998 λος
551 939 578 990 ὁ
602 938 874 1008 πάνσοφος
895 939 1135 993 παιδεύει
1164 941 1286 1004 τοὺς
1309 941 1568 1012 ἄφρονας,
1585 941 2024 1012 λέγων,”Αφρον,

439 1030 522 1083 σὺ
550 1030 580 1084 ὃ
610 1033 896 1101 σπείρεις,
917 1036 987 1088 οὐ
1016 1033 1082 1088 τὸ
1109 1033 1280 1104 σῶμα
1301 1036 1368 1089 τὸ
1404 1037 1814 1106 γενησόμενον
1849 1035 1993 1090 (mel
2007 1067 2023 1076 -

435 1138 583 1188 ρεις,
630 1122 789 1175 ἀλλὰ
837 1123 1066 1192 γυμνὸν
1122 1126 1369 1187 κόκκον,
1417 1128 1468 1179 εὶ
1525 1127 1726 1194 τύχοι,
1762 1126 1958 1190 σίτου,
1987 1125 2027 1194 ἦ

441 1228 604 1278 τινος
634 1211 754 1266 τῶν
776 1213 1004 1268 λοιπῶν
1037 1215 1393 1286 σπερμάτων
1411 1233 1424 1248 ·
1463 1221 1496 1272 ό
1523 1217 1592 1272 δὲ
1613 1217 1755 1283 Θεὸς
1781 1217 2030 1272 δίδωσιν

442 1302 602 1368 αὐτῷ
665 1302 875 1375 σῶμα,
930 1307 1124 1374 καθὼς
1175 1307 1497 1376 ἠθέλησεν.
1547 1309 1811 1380 Ἀκριϐώς
1863 1326 2025 1380 προσ-

445 1394 654 1466 έχωμεν
679 1399 745 1468 τῇ
778 1395 989 1466 γενέσει
1030 1399 1123 1452 τοῦ
1168 1400 1340 1463 σίτου,
1375 1401 1467 1454 καὶ
1513 1401 1651 1470 τάχα
1680 1400 1767 1454 τὸν
1791 1399 2026 1456 ἀναστά-

444 1505 581 1552 σεως
632 1489 785 1558 λόγον
844 1490 1312 1563 διδαχθησόμεθα·
1359 1492 1416 1546 Ὀ
1446 1494 1589 1556 σῖτος
1641 1492 1892 1564 ῥίπτεται
1949 1494 2027 1558 εἰς

441 1580 538 1652 τὴν
568 1581 689 1652 γῆν.
731 1582 1025 1646 Διασαπεὶς
1052 1583 1107 1636 δὲ
1134 1585 1192 1636 ἐν
1241 1586 1307 1655 τῇ
1334 1584 1520 1650 νοτίδι,
1549 1585 1643 1638 καὶ
1678 1584 1752 1648 ὡς
1788 1583 1855 1638 ἂν
1887 1586 2028 1640 εἴποι

442 1687 526 1732 τις
543 1672 764 1743 τελευτή
776 1689 894 1736 σας,
920 1672 1184 1745 ἀπολήγει
1214 1675 1289 1739 είς
1317 1691 1439 1728 τινα
1470 1674 1791 1745 γαλακτώδη
1821 1675 2027 1738 οὐσίαν,

443 1762 565 1831 ἥτις
631 1765 866 1830 παγεῖσα
909 1764 1120 1835 μικρόν,
1162 1764 1254 1830 ὀξῦ
1302 1766 1393 1817 καὶ
1437 1765 1627 1819 λευκὸν
1667 1765 1872 1834 γίνεται
1909 1767 2029 1820 κέν-

2131 590 2306 658 Atque
2338 590 2425 642 hic
2457 587 2676 658 quidem
2723 587 2918 656 ﬁgulus
2951 599 3114 654 parva
3145 585 3400 652 potentim
3438 582 3528 637 Dei
3557 599 3708 636 crea-

2133 689 2254 733 tura
2283 687 2386 743 est,
2418 688 2471 734 et
2509 679 2616 733 Deo
2653 693 2758 731 non
2791 677 3035 732 creditur
3057 675 3332 746 pollicenti
3374 689 3432 729 se
3464 681 3710 727 mortuos

2108 772 2558 826 renovaturum‘l
2587 770 2814 825 Multum
2846 769 3079 823 amentis
3102 778 3187 824 est
3208 768 3310 823 ista
3332 767 3707 837 pronuntiare.

2199 861 2625 916 Consideremus
2650 861 2775 914 item
2811 857 3226 914 similitudinem
3267 855 3458 919 tritici,
3493 870 3598 924 qua
3631 869 3711 910 sa-

2133 951 2511 1022 pientissimus
2532 949 2735 1004 Paulus
2765 947 3088 1017 insipientes
3118 945 3419 1014 corripitet
3445 944 3707 1007 instituit,

2130 1044 2340 1104 dicens,
2373 1041 2563 1106 Stulte,
2602 1052 2657 1094 tu
2686 1039 2824 1110 quod
2841 1040 3089 1101 seminus,
3117 1055 3218 1091 non
3252 1038 3306 1089 id
3351 1036 3489 1106 quod
3524 1054 3712 1091 nasce-

2133 1145 2216 1189 tur
2259 1151 2450 1202 corpus
2499 1133 2750 1195 seminas,
2805 1130 2894 1184 sed
2939 1129 3139 1184 nudum
3180 1145 3429 1199 granum,
3483 1127 3710 1194 exempli

2129 1229 2324 1298 gratia,
2359 1226 2525 1280 tritici
2577 1233 2670 1278 aut
2730 1223 2960 1291 alicujus
3025 1221 3350 1290 reliquorum
3392 1219 3645 1273 seminum
3687 1233 3707 1271 :

2132 1321 2277 1375 Deus
2317 1329 2492 1374 autem
2537 1316 2629 1370 dat
2666 1317 2712 1370 ei
2749 1331 2967 1384 corpus,
3002 1313 3440 1383 quemadmodum
3471 1312 3634 1366 uoluit
3663 1312 3705 1365 ’.

2132 1412 2424 1483 Diligenter
2457 1409 2803 1465 attendamus
2839 1405 3179 1478 generationi
3235 1405 3420 1468 tritici,
3482 1416 3534 1458 et
3565 1404 3709 1458 cele-

2130 1506 2265 1561 riter
2314 1501 2742 1559 resurrectionis
2775 1501 3040 1555 rationem
3091 1497 3394 1553 discemus.
3429 1495 3700 1550 Triticum

2131 1596 2184 1652 in
2221 1604 2423 1652 terram
2462 1595 2777 1665 projicitur,
2834 1589 3331 1662 computrefactum
3364 1601 3542 1645 autem
3593 1589 3700 1643 hu-

2129 1706 2301 1754 more,
2335 1698 2388 1746 et
2419 1696 2477 1744 ut
2501 1690 2576 1743 ita
2600 1688 2811 1751 dicam,
2849 1692 3125 1739 mortuum
3155 1683 3355 1740 desinit
3385 1684 3437 1737 in
3475 1683 3702 1736 lactcam

2130 1782 2424 1852 quamdam
2468 1787 2745 1845 naturam,
2801 1793 2922 1847 qua:
2951 1776 3214 1846 paulatim
3260 1782 3518 1830 concreta
3547 1781 3710 1843 atque

445 1854 906 1925 τρον,αὐξηθεῖτα
951 1857 1008 1909 δὲ
1053 1858 1176 1910 ὅσον
1217 1858 1491 1929 προκύῴαι
1539 1859 1636 1927 τῆς
1670 1859 1792 1929 γῆς,
1836 1861 1898 1912 ἐκ
1931 1857 2024 1912 τοῦ

2131 1870 2350 1932 coalita,
2387 1868 2547 1940 quasi
2577 1867 2836 1924 stimulus
2863 1865 3086 1936 quidam
3131 1865 3186 1918 lit
3215 1865 3374 1919 albus
3406 1873 3458 1919 et
3479 1871 3707 1929 acutus;

445 1941 638 1996 λευκοῦ
670 1943 804 2015 πρὸς
825 1945 1005 2015 ἠρέμα
1037 1945 1411 2018 χλοαινόμενον
1435 1948 1850 2018 μεταϐάλλεται.
1871 1946 2024 2010 Εἶτα,

446 2035 654 2100 γίνεται
701 2037 806 2089 πόα
856 2038 950 2090 καὶ
987 2039 1130 2110 κόμη
1161 2040 1269 2094 τῶν
1305 2038 1492 2111 βώλων
1515 2057 1530 2072 ⁸
1565 2042 1947 2112 ὲφαπλωθεῖσα
1971 2043 2027 2096 δὲ

448 2127 630 2188 αὐτοῖς
658 2127 750 2180 καὶ
794 2129 1146 2184 σκεδασθεῖσα
1181 2132 1435 2202 μετρίως,
1463 2133 1758 2204 πολυσχιδῆ
1785 2133 2027 2188 κάτωθεν

448 2219 746 2292 ὑποτρέφει
785 2221 884 2292 τὴν
916 2221 1090 2294 ῥίζαν,
1119 2225 1195 2295 τῷ
1228 2225 1472 2294 μέλλοντι
1513 2227 1669 2299 βάρει
1701 2228 1800 2298 τὴν
1826 2228 2027 2282 ὑποϐά-

449 2309 584 2379 θραν
640 2311 1160 2382 προευτρεπίζουσα.
1213 2316 1324 2368 Καὶ
1375 2316 1562 2388 ὥσπερ
1615 2319 1664 2371 οἱ
1723 2320 1860 2372 ίστοὶ
1921 2320 2028 2372 τῶν

449 2401 648 2454 πλοίων
677 2403 946 2468 πλείστοις
967 2406 1301 2476 πανταχόθεν
1323 2407 1674 2462 διατείνονται
1702 2409 1907 2474 κάλοις,
1942 2409 2027 2462 ἵνα

450 2494 634 2561 πάγιοι
670 2496 901 2566 μένωσιν
929 2498 1233 2568 ίσορῤόποις
1260 2503 1378 2562 ταῖς
1399 2500 1584 2564 ὀλκαῖς
1605 2501 2025 2571 ἀντισπώμενοι,

453 2589 626 2652 οὕτως
661 2591 716 2643 αἱ
748 2590 1090 2660 σχοινοειδεῖς
1141 2591 1440 2658 ἀποφύσεις
1473 2592 1573 2658 τῆς
1604 2591 1778 2662 ῥίζης,
1815 2592 2030 2644 ἀντιλα-

450 2681 542 2735 ﬁeri
578 2683 682 2734 τῶν
707 2683 992 2753 ἀσταχύων
1022 2682 1258 2750 γίνονται
1299 2684 1390 2737 καὶ
1419 2684 1738 2756 ἐρείσματα.
1783 2684 2028 2737 Ἐπειδὰν

450 2776 528 2836 εἰς
552 2774 795 2842 κάλαμον
817 2777 845 2827 6
872 2777 1017 2837 σῖτος
1047 2775 1328 2844 διαναστῇ,
1356 2776 1450 2828 καὶ
1480 2775 1614 2847 πρὸς
1642 2776 1700 2829 τῦ
1727 2775 1858 2844 ὕψος
1884 2776 2031 2828 ἐπεί-

451 2882 636 2934 γηται,
670 2865 889 2932 γόνασιν
922 2865 1083 2918 αὑτὸν
1119 2867 1212 2919 καὶ
1243 2867 1466 2937 κόμϐοις
1500 2869 1527 2920 6
1561 2867 1691 2929 Θεὸς
1737 2867 2027 2938 ὑπερείδει,

448 2953 560 3009 οἷον
595 2956 769 3008 οἰκίαν
818 2955 938 3008 τινὰ
995 2956 1314 3028 συνδέσμοις
1362 2957 1788 3029 ἀσφαλιζόμενος
1816 2958 1903 3011 διὰ
1936 2957 2031 3028 τὴν

452 3049 901 3120 προσδοκωμένην
916 3053 1015 3120 τῆς
1036 3050 1210 3120 κόμης
1229 3051 1526 3122 βαρύτητα.
1552 3049 1702 3114 Εἶτα,
1719 3054 1817 3122 τῆς
1850 3050 2032 3122 ἰσχύος

452 3142 907 3212 ὲτοιμασθείσης,
937 3141 1036 3213 τὴν
1087 3143 1300 3196 κάλυκα
1359 3143 1569 3213 σχίσας,
1629 3144 1894 3214 προσάγει
1940 3142 2029 3194 τὸν

451 3235 705 3303 ἄσταχυν.
728 3235 837 3287 Καὶ
857 3233 1017 3286 πάλιν
1043 3235 1161 3287 ἐκεῖ
1187 3233 1438 3304 θαύματα
1473 3235 1776 3306 κρείττονα.
1811 3236 2032 3304 Στοιχη-

451 3327 538 3379 δὸν
564 3326 672 3398 γὰρ
700 3329 727 3380 6
771 3329 912 3390 σῖτος
957 3326 1106 3398 αὑτῷ
1143 3327 1500 3398 περιφύεται,
1537 3326 1632 3380 καὶ
1663 3326 1772 3380 τῶν
1819 3327 2031 3381 κόκκων

452 3415 680 3476 ἕκαστος
713 3414 985 3486 ἐξαίρετον
1012 3411 1122 3485 ἔχει
1149 3415 1246 3486 τὴν
1274 3415 1558 3488 ἀποθήκην
1575 3434 1590 3448 ⁸
1615 3417 1707 3470 καὶ
1737 3417 2032 3472 τελευταῖοι

454 3506 849 3576 προϐέϐληνται
883 3509 930 3560 οἱ
973 3507 1258 3579 ἀνθέρικες
1304 3508 1442 3573 ὀξεῖς
1497 3509 1589 3562 καὶ
1616 3509 1823 3571 λεπτοὶ,
1869 3509 2030 3572 ὅπλα,

452 3594 626 3668 οἶμαι,
675 3599 816 3652 κατά
872 3598 988 3652 τῶν
1040 3599 1429 3671 σπερμολόγων
1473 3599 1724 3671 ὀρνίθων,
1775 3601 1862 3654 ἵνα
1915 3604 2033 3665 ταῖς

452 3689 678 3742 ἐκείνων
705 3691 911 3760 ἀκμαῖς
933 3691 1264 3762 νυττόμενοι,
1298 3691 1376 3762 τῷ
1405 3691 1602 3764 καρπῷ
1629 3691 1702 3763 μὴ
1741 3692 2034 3762 λυμαίνων-

453 3801 560 3835 ται.
597 3785 760 3855 Ὁρᾷς
790 3784 922 3854 ὅσην
948 3779 1028 3846 εἷς
1061 3784 1258 3848 κόκκος
1289 3785 1570 3848 διασαπεὶς
1591 3785 2032 3858 θαυματουργίαν

453 3874 584 3944 ἔχει,
627 3876 718 3929 καὶ
766 3873 948 3946 μόνος
979 3876 1161 3930 πεσὼν
1213 3876 1329 3948 μεθ’
1353 3878 1493 3932 ὅσων
1557 3879 1864 3950 ὲγείρεται;
1903 3880 2032 3932 Ἀν-

453 3962 669 4032 θρωπος
721 3963 777 4018 δὲ
824 3965 975 4018 οὐδὲν
1010 3966 1419 4037 προσλαμϐάνει
1469 3967 1632 4021 πλέον
1671 3986 1684 3999 ·
1719 3968 1747 4021 ὃ
1790 3969 1848 4022 δὲ
1890 3965 2032 4040 εἶχεν

454 4057 850 4127 ἀπολαμϐάνει,
873 4059 966 4112 καὶ
999 4059 1089 4112 διὰ
1115 4059 1274 4113 τοῦτο
1302 4060 1402 4130 τῆς
1431 4061 1703 4132 γεωργίας
1738 4061 1832 4115 τοῦ
1864 4062 2030 4128 σίτου,

453 4151 482 4200 ὁ
513 4149 780 4220 ἡμέτερος
813 4151 1206 4222 ἀνακαινισμδς
1246 4151 1609 4222 εὐκολώτερος
1654 4155 2028 4224 ἀναφαίνεται.

469 4240 746 4294 Ἐντεῦθεν
787 4244 1055 4316 μετάϐηθι
1085 4244 1219 4318 πρὸς
1244 4245 1343 4313 τὴν
1393 4245 1597 4300 ἔννοιαν
1637 4247 1746 4300 τῶν
1778 4247 2030 4318 δένδρων,

455 4331 600 4394 ὅπως
631 4331 658 4383 ὁ
697 4335 898 4403 χειμὼν
926 4335 1113 4398 αὐτοῖς
1159 4334 1278 4388 καθ’
1311 4335 1538 4390 ἕκαστον
1562 4336 1680 4400 ἔτος
1715 4338 1834 4391 ἀντὶ
1866 4337 2032 4391 θανά-

457 4437 550 4472 του
582 4421 808 4487 γίνεται.
842 4423 1206 4495 Ἀπορῤύεται
1247 4425 1355 4496 γὰρ
1385 4428 1416 4494 ἡ
1443 4425 1653 4497 ὀπώρα,
1686 4428 1780 4480 καὶ
1803 4427 1865 4480 τὺ
1899 4427 2031 4497 φύλ-

2058 3198 2102 3257 C

2129 1970 2290 2016 aucta
2331 1960 2530 2016 deinde
2561 1961 2614 2014 in
2649 1975 2768 2014 eam
2804 1956 3260 2028 magnitudinem,
3295 1965 3352 2010 ut
3383 1965 3527 2010 terra
3585 1970 3710 2024 pro-

2129 2055 2335 2110 minere
2360 2063 2413 2108 et
2441 2064 2659 2109 exstare
2689 2051 2887 2124 possit,
2932 2067 2996 2107 ex
3028 2050 3152 2104 albo
3181 2050 3386 2105 sensim
3429 2049 3482 2102 in
3512 2049 3710 2102 herbe-

2129 2158 2368 2204 srentcm
2402 2146 2734 2201 viriditatem
2783 2151 3061 2208 mutatur;
3098 2151 3286 2213 postea
3335 2141 3391 2195 ﬁt
3434 2141 3599 2196 herba
3654 2147 3709 2194 et

2128 2255 2286 2297 coma
2337 2239 2619 2311 glebarum
2660 2256 2673 2292 :
2711 2237 2911 2309 quibus
2955 2233 3137 2288 infusa
3186 2241 3240 2288 et
3281 2232 3472 2287 leviter
3515 2244 3706 2300 sparsa

2129 2331 2504 2401 compluribus
2541 2329 2724 2383 nixam
2754 2327 2907 2383 ﬁbris
2943 2326 3180 2380 radicem
3217 2324 3414 2379 subtus
3458 2323 3575 2386 alit,
3625 2321 3710 2375 fu-

2131 2429 2255 2475 turo
2301 2419 2528 2490 ponderi
2582 2416 3017 2475 sustentaculum
3063 2423 3117 2470 et
3150 2413 3541 2469 adminiculum
3571 2426 3710 2481 prte—

2129 2526 2369 2581 parans;
2407 2525 2471 2564 ac
2525 2507 2986 2580 quemadmodum
3030 2506 3248 2561 navium
3289 2503 3416 2559 mali
3463 2503 3711 2571 plurimis

2131 2604 2374 2672 undique
2405 2602 2628 2656 funibus
2669 2600 3078 2660 distenduntur,
3112 2606 3172 2652 ut
3207 2597 3344 2651 ﬁrmi
3367 2595 3710 2664 stabilcsque

2134 2702 2509 2766 permaneant,
2573 2691 2954 2763 azquilibribus
3019 2689 3287 2744 tractibus
3343 2687 3576 2743 obnixi:
3636 2686 3711 2740 ita

2132 2788 2341 2842 funium
2384 2788 2438 2841 in
2471 2787 2691 2840 modum
2740 2801 2805 2840 ex
2833 2783 3016 2839 radice
3046 2790 3221 2837 enatte
3249 2781 3395 2836 ﬁbrae
3426 2787 3707 2837 sustenta-

2132 2889 2315 2934 menta
2352 2878 2629 2948 spicarum
2658 2884 2713 2932 ct
2759 2875 3058 2933 retinacula
3092 2875 3247 2929 ﬁunt.
3281 2875 3576 2944 Postquam
3616 2891 3714 2928 au-

2131 2980 2238 3026 tem
2281 2971 2332 3023 in
2362 2970 2604 3024 culmum
2635 2976 2880 3024 erectum
2908 2968 3148 3021 triticum
3196 2968 3250 3021 in
3288 2967 3456 3020 altum
3493 2967 3716 3021 tendere

2131 3061 2384 3130 coeperit,
2438 3058 2706 3128 geniculis
2739 3066 2793 3114 et
2837 3056 2998 3113 nodis
3028 3057 3169 3112 licus
3206 3057 3257 3111 id
3294 3059 3494 3121 ﬁrmat,
3541 3057 3710 3111 veluti

2133 3155 2355 3210 domum
2415 3152 2654 3222 aliquam
2713 3150 3094 3219 conjuncturis
3146 3149 3437 3212 muniens,
3492 3156 3714 3218 propter

2133 3263 2276 3313 eam,
2328 3260 2449 3316 quae
2499 3249 2757 3313 speratur
2791 3257 2962 3297 coma:
3013 3239 3386 3311 gravitatem:
3427 3246 3549 3309 post
3597 3238 3715 3306 hagc

2134 3335 2496 3405 maturisjam
2544 3334 2774 3397 viribus,
2837 3332 3081 3386 diductis
3124 3331 3358 3400 vaginis,
3396 3331 3598 3400 quibus
3631 3329 3716 3383 in-

2131 3428 2472 3490 cludebatur,
2505 3425 2755 3494 producit
2785 3425 3012 3494 spicam.
3051 3423 3228 3493 Atque
3256 3423 3366 3476 illic
3394 3437 3585 3476 rursus
3611 3421 3714 3474 mi-

2133 3515 2325 3568 racula
2357 3513 2583 3581 majora.
2621 3510 2828 3567 Ordine
2849 3511 2992 3566 enim
3039 3519 3292 3582 porrecto
3323 3520 3584 3565 structam
3613 3527 3712 3564 un—

2132 3606 2298 3675 dique
2325 3605 2510 3660 videre
2545 3604 2671 3658 licet
2696 3603 2745 3657 ci
2789 3602 2998 3673 frugem
3035 3601 3386 3658 adnascendo
3415 3602 3573 3670 quasi
3603 3602 3712 3654 cir-

2133 3695 2374 3750 eumfudi
2401 3710 2416 3759 ;
2449 3705 2504 3750 et
2539 3693 2753 3763 singula
2789 3707 2958 3764 grana
2983 3693 3311 3763 peculiarem
3349 3699 3403 3746 et
3428 3692 3708 3762 proprium

2135 3787 2436 3846 folliculum
2467 3794 2522 3841 et
2550 3785 2708 3850 quasi
2744 3785 2935 3840 cellam
2973 3784 3215 3851 habent;
3251 3791 3530 3854 postremo
3561 3799 3706 3852 pra:-

2134 3879 2438 3934 tenduntur
2460 3876 2642 3931 arista:
2668 3877 2905 3947 graciles
2943 3878 3188 3946 quredam
3220 3884 3273 3930 et
3303 3883 3498 3938 acutae,
3535 3891 3712 3940 arma,

2132 3971 2350 4041 Opinor,
2389 3971 2655 4026 adversus
2688 3970 2930 4024 aviculas
2961 3970 3266 4024 seminibus
3297 3969 3546 4024 insidiari
3581 3969 3715 4023 soli-

2134 4073 2239 4126 tas,
2278 4072 2337 4118 ut
2363 4065 2494 4119 dum
2538 4063 2753 4117 illarum
2786 4062 2943 4132 quasi
2977 4062 3205 4131 spiculis
3229 4071 3563 4131 panguntur,
3596 4062 3712 4115 fru-

2132 4172 2251 4227 gem
2278 4171 2504 4226 carpere
2531 4163 2694 4226 atque
2728 4162 2943 4210 vastare
2962 4154 3237 4208 desinant.
3255 4153 3422 4209 Vides
3446 4161 3709 4224 quantum

2134 4263 2304 4302 unum
2336 4261 2561 4317 granum
2603 4243 2967 4316 putrefactum
3016 4245 3408 4298 miraculorum
3453 4244 3710 4299 effectum

2134 4330 2187 4394 in
2217 4356 2276 4395 se
2303 4339 2603 4403 contineat,
2629 4353 2692 4391 ac
2724 4352 2848 4390 eum
2879 4337 3052 4390 solum
3072 4335 3356 4398 ceciderit,
3377 4351 3539 4404 quam
3565 4335 3710 4389 mul-

2133 4431 2301 4500 tiplex
2325 4436 2596 4498 resurgat.
2631 4430 2699 4480 At
2734 4427 2895 4481 homo
2927 4426 3062 4480 nihil
3100 4427 3322 4495 insuper
3351 4427 3550 4496 accipit
3579 4441 3701 4478 am-

457 4509 547 4562 λον
577 4510 784 4576 πίπτει,
816 4513 909 4566 καὶ
945 4513 1083 4584 ξηρὰ
1129 4514 1280 4583 μένει
1318 4515 1385 4569 τά
1429 4515 1563 4582 ξύλα
1599 4517 1778 4587 πάσης
1813 4518 2029 4589 χάριτος

2137 4521 2310 4589 plius;
2343 4519 2434 4574 sed
2489 4516 2685 4588 recipit
2729 4517 2781 4570 id
2831 4515 2978 4586 quod
3028 4516 3280 4578 habebat,
3332 4530 3394 4569 ae
3423 4521 3714 4585 propterea

459 4600 578 4650 ἐστε
589 4600 819 4670 ρημένα.
851 4603 1096 4657 Ἐπειδὰν
1119 4605 1175 4658 δὲ
1195 4606 1290 4660 τοῦ
1318 4607 1477 4679 ἔαρος
1495 4609 1524 4662 ὀ
1552 4609 1740 4680 καιρὸς
1763 4610 2028 4676 ἐπιλάϐοι,

459 4689 618 4752 ἄνθος
655 4691 834 4755 αὐτοῖς
885 4696 1236 4766 χαριέστατον
1267 4698 1604 4770 ὑπερφύεται
1628 4743 1643 4767 ,
1676 4701 1768 4754 καὶ
1807 4703 1944 4772 μετὰ
1972 4703 2034 4756 τὸ

461 4781 618 4845 ἄνθος
650 4783 950 4851 ἐπιγίνεται
979 4786 1085 4840 τῶν
1135 4789 1346 4857 φύλλων
1387 4793 1419 4861 ἡ
1466 4792 1664 4860 σκέπη,
1696 4793 1785 4846 καὶ
1807 4792 1928 4846 τότε
1961 4793 2034 4857 ὡς

458 4873 660 4937 εὐειδὲς
693 4873 871 4946 θέαμα
899 4876 1200 4948 ἀνθρώπων
1227 4897 1286 4932 τε
1317 4881 1413 4944 τὰς
1441 4881 1591 4950 ὄψεις
1619 4883 2034 4950 ἐφέλκεται,καὶ

458 4966 686 5036 ὀρνίθων
731 4966 942 5038 ᾠδικῶν
974 4969 1306 5040 ἐργαστήρια
1344 4973 1586 5040 γίνεται,
1631 4976 1742 5036 τοῖς
1784 4975 2034 5038 πετάλοις

459 5057 874 5129 ὲγκαθημένων,
912 5062 1006 5114 καὶ
1060 5061 1347 5134 θαυμαστή
1400 5083 1483 5128 τις
1531 5069 1658 5138 περὶ
1697 5067 1837 5122 αὐτὰ
1876 5069 2034 5140 χάρις

459 5151 765 5221 ἐκλάμπει·
798 5152 937 5205 ὥστε
994 5154 1178 5207 πολλοὶ
1228 5158 1323 5210 καὶ
1371 5154 1517 5212 οἷκον
1578 5161 1796 5230 ἀφῆκαν
1850 5161 2034 5232 χρυσῷ

462 5245 892 5315 κεκοσμημένον,
926 5247 1021 5300 καὶ
1068 5247 1199 5318 λίθῳ
1241 5248 1319 5320 τῷ
1352 5251 1608 5324 Θεσσαλῷ
1651 5255 1743 5306 καὶ
1793 5255 2030 5319 Λάκωνι,

459 5336 694 5407 τερπνὴν
745 5338 800 5391 δὲ
836 5339 1034 5409 μᾶλλον
1073 5341 1282 5405 ἑαυτοῖς
1326 5343 1509 5398 ἔθεντο
1546 5346 1643 5417 τὴν
1689 5347 1792 5400 ὑπὸ
1844 5347 2035 5418 δένδρα

460 5425 752 5498 διαγωγήν.
786 5429 875 5483 Διὸ
904 5431 998 5484 καὶ
1025 5433 1055 5485 6
1087 5434 1431 5505 πατριάρχης
1478 5436 1729 5508 ’Λϐραάμ
1769 5439 1872 5493 ὑπὸ
1912 5439 2036 5510 δρυῒ

461 5516 557 5584 τὴν
609 5520 810 5590 σκηνὴν
844 5521 1101 5593 ἐπήξατο,
1137 5525 1236 5577 οὐκ
1282 5525 1459 5590 οἰκίας
1516 5528 1732 5593 πάντως
1789 5531 2031 5603 ἀπορῶν,

461 5607 595 5661 ἀλλὰ
634 5611 732 5676 τῆς
787 5613 880 5666 ἐπὶ
909 5614 1014 5668 τῶν
1049 5615 1258 5670 κλάδων
1301 5618 1738 5692 ἐπαγαλλόμενος
1768 5621 2029 5693 τέρψεως.

536 5786 555 5814 ⁹
585 5783 601 5838 Ι
633 5784 760 5840 Cor.
795 5801 881 5849 xv,
916 5788 1106 5847 56-38.

2131 4607 2306 4662 nostri
2369 4605 2653 4661 renovatio
2697 4603 2917 4659 videtur
2964 4620 3088 4660 esse
3145 4605 3392 4671 facilior,
3443 4621 3603 4674 quam
3655 4604 3712 4658 id

2130 4699 2276 4770 quod
2308 4698 2363 4752 in
2398 4698 2734 4768 agricultura
2773 4696 2973 4751 accidit
3008 4696 3301 4752 frumento.
3353 4693 3549 4752 Transi
3581 4696 3711 4750 hinc

2130 4793 2195 4847 ad
2226 4789 2722 4846 considerationem
2752 4789 3034 4852 arborum,
3065 4797 3123 4842 ut
3144 4788 3318 4844 hiems
3339 4789 3420 4844 eis
3443 4789 3704 4843 omnibus

2131 4885 2290 4938 annis
2343 4883 2464 4938 loco
2499 4883 2691 4937 mortis
2725 4880 2815 4936 sit.
2877 4878 3146 4935 Decidunt
3177 4879 3320 4934 enim
3361 4894 3542 4948 poma,
3580 4878 3707 4933 folia

2131 4975 2397 5035 deﬂuunt,
2435 4973 2587 5028 arida
2643 4979 2928 5028 remanent
2983 4971 3131 5041 ligna
3175 4970 3324 5025 omni
3361 4970 3560 5025 decore
3589 4986 3711 5040 spo-

2132 5068 2282 5122 liata.
2343 5065 2646 5135 Postquam
2700 5073 2883 5119 autem
2937 5071 3152 5132 tempus
3205 5062 3350 5116 veris
3397 5062 3710 5132 appetierit,

2130 5159 2230 5215 llos
2253 5160 2334 5215 eis
2379 5157 2729 5230 gratissimus
2783 5155 3090 5210 innascitur
3139 5173 3153 5208 :
3210 5153 3396 5209 ﬁorem
3449 5153 3704 5208 foliorum

2131 5258 2502 5323 tegumentum
2564 5248 2810 5318 excipit:
2845 5255 2899 5301 at
2951 5255 3082 5301 tunc
3110 5245 3278 5301 veluti
3339 5245 3628 5317 pulchrum
3655 5256 3708 5300 et

2131 5357 2406 5398 amoenum
2439 5341 2813 5412 spectaculum
2859 5353 2984 5394 cum
3021 5338 3300 5392 hominum
3333 5338 3524 5393 oculos
3557 5337 3612 5392 in
3648 5352 3720 5393 se-

2137 5441 2487 5500 convertuut,
2528 5441 2642 5488 tum
2685 5431 2863 5485 avium
2904 5431 3268 5485 cantatricum
3307 5429 3595 5485 frondibus
3625 5429 3710 5482 in-

2135 5527 2429 5584 sidentium
2453 5525 2611 5596 quasi
2651 5523 2889 5582 ofﬁcinae
2919 5523 3212 5584 exsistunt,
3254 5531 3306 5577 et
3367 5521 3710 5577 admirabilis

2131 5617 2379 5696 quaedam
2405 5616 2552 5674 circa
2589 5631 2683 5672 eas
2710 5615 2998 5672 amoenitas
3034 5629 3095 5668 ac
3119 5615 3291 5686 gratia
3316 5614 3542 5678 relucet,
3574 5613 3710 5668 adeo
