4154 6354
422 312 545 367 ’671

1689 324 1752 382 ὅ.-
1778 324 2108 384 ωιΕοοῐιιι
2150 326 2439 386 NYSSENI

3613 321 3718 394 672

439 437 500 525 ut
533 427 692 483 multi
726 430 872 487 aedes
905 448 1042 489 auro
1075 444 1129 491 et
1160 436 1338 507 lapide
1391 449 1504 494 tum
1532 438 1876 507 Thessalico,
1909 450 2002 498 tun

2141 445 2358 519 Ὀδηγεῖ
2377 466 2443 520 με
2467 449 2603 521 πρὸς
2633 450 3029 520 συγκατάθεσιν
3051 451 3143 506 τοῦ
3169 451 3537 525 προκειμένου
3559 452 3717 523 λόγου

434 518 713 577 Laconico
751 534 1051 583 exornatas
1104 529 1450 588 deserto-rint
1479 573 1497 600 ,
1547 541 1603 589 et
1644 534 2028 603 jucundiorem

437 612 543 666 sibi
566 613 672 669 sub
707 616 998 674 arboribus
1034 618 1429 675 habitationem
1463 636 1588 678 esse
1626 622 1904 679 duxerint.
1946 623 2032 678 ld-

437 706 590 759 circo
620 708 929 776 patriarcha
961 726 1182 781 quoque
1209 712 1489 767 Abraham
1545 715 1648 770 sub
1697 731 1907 786 quercu
1947 726 2028 771 ta-

438 797 798 855 bernaculum
833 803 969 869 fixit,
1002 820 1112 859 non
1146 822 1374 876 prorsus
1400 807 1587 878 inopia
1615 808 1904 873 domicilii,
1930 812 2024 866 sed

438 892 568 958 quia
601 895 897 950 tenebatur
924 912 1010 960 ea,
1054 912 1177 968 qua:
1225 914 1293 956 ex
1331 901 1501 956 ramis
1539 900 1824 968 edebatur,
1869 904 2026 959 volu-

434 989 608 1049 ptate.
657 983 833 1038 Etiam
864 987 972 1041 vita
1014 991 1350 1059 serpentium
1401 1007 1487 1046 tne
1516 992 1738 1049 deducit
1763 993 1831 1048 ad
1870 1008 2024 1050 com-

432 1075 814 1143 probationem
856 1082 1155 1150 proposita:
1203 1084 1456 1140 rationis.
1500 1083 1718 1140 Illorum
1761 1087 1907 1142 eltim
1946 1088 2027 1142 vi-

432 1166 563 1220 vida
591 1168 767 1225 virtus
790 1170 1023 1228 hiberno
1071 1184 1322 1246 tempore
1374 1178 1758 1245 niortiticatur,
1785 1194 1850 1234 ac
1880 1194 2025 1235 men-

2134 542 2226 594 καὶ
2246 540 2353 594 τῶν
2384 542 2687 616 ἑρπετῶνη
2721 543 2855 613 ζωή.
2886 544 3190 616 Νεκροῦται
3212 545 3331 619 γὰρ’
3346 545 3569 601 ἐκείνων
3601 545 3717 619 ὥρᾳ

2131 631 2397 701 χειμῶνος
2448 634 2480 704 ἡ
2511 632 2764 705 ζὼπυρος
2801 634 3030 706 δύναμις
3056 676 3072 700 ,
3105 637 3201 691 καὶ
3250 636 3342 691 τὸν
3377 636 3566 708 χρόνον
3608 637 3717 691 τῶν

2133 722 2408 796 ἓξξμηνῶν
2439 728 2497 780 ὲν
2524 729 2638 790 τοῖς
2659 727 2886 799 φωλεοῖς
2914 729 3258 791 κατάκειται,
3288 729 3567 793 παντελῶς
3594 731 3713 784 ἀκί-

2130 834 2288 888 νητα.
2346 817 2596 872 Ἐπειδὰν
2642 819 2700 873 δὲ
2742 821 2771 873 ό
2803 821 3135 892 τεταγμένος
3182 821 3311 894 ἔλθῃ
3359 822 3586 895 καιρὸς,
3622 822 3717 875 καὶ

2131 908 2326 981 βροντὴ
2361 909 2644 983 κατηχηθῇ
2667 910 2760 965 τοῦ
2788 913 3015 984 κόσμου,
3042 912 3234 985 ὥσπερ
3264 932 3317 967 τι
3349 913 3599 984 σύνθημα
3618 913 3715 983 τῆς

2128 998 2274 1070 ζωῆς
2295 1000 2385 1054 τὸν
2430 1000 2633 1055 κτύπον
2664 1002 2927 1074 δεχόμενα
2973 1002 3140 1069 ὀξέως
3166 1004 3436 1077 ἀναπηδᾷ,
3481 1005 3576 1059 καὶ⁹
3623 1004 3711 1058 διὰ

2129 1093 2342 1164 μακροῦ
2385 1093 2477 1147 τοῦ
2526 1095 2719 1166 χρόνον
2773 1098 2986 1170 ἐνεργεῖ
3016 1098 3085 1151 τὰ
3119 1097 3345 1170 συνήθη.
3374 1098 3470 1162 Τίς
3491 1101 3519 1153 ὁ
3555 1098 3711 1168 λόγος

2124 1178 2315 1252 οὗτος
2342 1186 2563 1255 Λεγέτω
2615 1205 2706 1260 μοι
2734 1190 2763 1243 ὁ
2789 1190 2897 1243 τῶν
2919 1189 3172 1262 πράξεων
3201 1192 3294 1246 τοῦ
3320 1190 3454 1245 Θεοῦ
3486 1190 3709 1262 βασανι-

433 1271 528 1314 ses
559 1274 654 1314 sex
680 1260 733 1315 in
771 1265 1026 1321 cavernis
1061 1267 1390 1323 delitescunt
1439 1269 1659 1339 penitus
1690 1271 1997 1327 immobiles

2125 1277 2256 1350 στῆς
2279 1279 2373 1332 καὶ
2405 1280 2753 1353 ἐπιγνώμων,
2789 1284 2884 1337 καὶ
2910 1260 3209 1338 διδασκέτω
3242 1300 3330 1355 με,
3363 1260 3709 1355 πῶς-βροντὴ

432 1349 568 1403 Cum
596 1361 777 1408 autem
815 1364 1083 1412 statutum
1104 1367 1324 1430 tempus
1355 1361 1665 1427 advenerit,
1692 1372 1746 1419 et
1773 1365 2002 1420 tonitru:

2126 1369 2225 1439 μὲν
2277 1371 2401 1434 τοὺς
2447 1371 2599 1442 ὄφεις
2632 1373 2991 1446 διεγείρεσθαι
3037 1377 3314 1447 συγχωρεῖ
3341 1375 3570 1447 νεκροὺς
3604 1375 3705 1427 ὑπ-

431 1441 489 1539 i-n
515 1445 720 1500 mundo
749 1448 1009 1503 exaudita
1041 1449 1268 1519 fuerim,
1299 1454 1457 1523 quasi
1493 1455 1769 1526 quoddam
1801 1456 2002 1528 signuu

2122 1461 2417 1533 ἀρχοντας,
2448 1441 2770 1537 ἀνθρώπους
2913 1467 2975 1521 ού
3018 1441 3199 1523 δίδωσι
3227 1441 3563 1539 φυκοῦσθαι,
3611 1467 3709 1537 τῆς

432 1534 707 1608 fragorem
757 1540 1107 1616 (tonitruum)
1159 1547 1519 1617 accipientes,
1576 1549 1834 1604 celeriter
1873 1550 2002 1604 exsi-

2118 1551 2211 1605 τοῦ
2235 1551 2372 1605 Θεοῦ
2397 1534 2696 1624 σάλπιγγος
2725 1554 2783 1622 ἐξ
2812 1555 3058 1628 οὐρανῶν
3103 1534 3438 1627 ἐπηχόύᾶης,
3477 1534 3708 1616 καθὼς-ὁ

430 1630 597 1694 liunt,
631 1642 687 1688 et
734 1634 901 1706 longo
923 1636 1217 1694 intervallo
1239 1649 1506 1697 consueta
1536 1650 1724 1711 agunt.
1752 1642 2002 1708 Quaenam

2119 1642 2261 1707 θεῖος
2286 1643 2443 1713 λόγος
2463 1645 2629 1716 φησί·
2650 1647 2942 1701 Σαλπίσει
2969 1647 3099 1717 γὰρ,
3117 1647 3214 1700 καὶ
3243 1648 3298 1700 οί
3329 1644 3526 1714 νεκροὶ
3559 1644 3706 1698 ἀνα-

429 1723 597 1793 hujus
618 1728 699 1780 rei
736 1731 875 1784 ratio
905 1731 1027 1786 est?
1052 1730 1210 1786 Dicat
1251 1733 1384 1787 mihi
1429 1734 1697 1799 quaesitor
1722 1732 1932 1789 arbiter
1960 1743 2002 1789 et

2117 1734 2468 1802 στήσονται.
2487 1738 2597 1792 Καὶ
2616 1738 2847 1810 ἀλλαχοῦ
2875 1740 3035 1795 πάλιν
3062 1739 3295 1809 σαφέστε
3305 1738 3537 1809 ρον,Καί
3561 1737 3707 1790 ἁπο-

426 1820 750 1887 explorator
768 1837 998 1892 operum
1031 1822 1150 1890 Dei,
1193 1825 1499 1896 doceatque
1538 1841 1645 1890 me,
1673 1842 1781 1897 qua
1806 1827 2002 1881 ratiom

2120 1826 2326 1880 στελεῐ
2385 1826 2528 1894 τοὺς
2582 1828 2881 1899 ἀγγέλους
2934 1829 3122 1884 αὑτοῦ
3166 1828 3319 1899 μετὰ
3369 1826 3706 1896 σάλπιγγος

422 1914 694 1968 comedat
729 1930 939 1986 angues
980 1916 1203 1988 quidem
1243 1917 1460 1989 fragore
1495 1920 1723 1974 tonitrui
1766 1927 2002 1975 mortuos

2122 1920 2327 1989 φωνῆς
2344 1922 2635 1992 μεγάλης,
2682 1924 2780 1978 καὶ
2816 1923 3172 1989 ἐπισυνάξει
3210 1922 3354 1991 τοὺς
3379 1920 3706 1986 ἐκλεκτοὺς

423 2008 772 2074 rcsuscitari,
831 2009 1083 2065 homines
1139 2025 1271 2066 vero
1307 2027 1415 2066 non
1467 2012 1719 2066 admittat
1759 2012 1889 2067 tuba
1922 2013 2016 2067 Dei
2125 2011 2335 2066 αὑτοῦ.

422 2101 491 2156 de
525 2101 666 2156 caelo
720 2111 1019 2157 resonante
1067 2102 1304 2156 animam
1377 2103 1627 2173 recipere
1700 2113 1753 2159 et
1803 2101 2090 2164 vivilit-ari,
2129 2101 2588 2172 quemadmodum
2618 2102 2805 2160 divina
2836 2103 3126 2177 Scriptura
3161 2105 3312 2171 dicit,
3367 2102 3532 2160 Cauet
3565 2103 3705 2156 enim

421 2193 567 2256 tuba,
599 2204 649 2248 et
676 2197 874 2249 mortui
896 2205 1169 2266 resurgent
1188 2196 1251 2250 ¹⁰.
1286 2195 1352 2250 Et
1379 2195 1509 2251 alibi
1559 2197 1824 2266 apertius,
1868 2196 1936 2251 Et
1976 2198 2177 2253 emittet
2198 2197 2413 2267 angelos
2437 2214 2560 2253 suos
2587 2215 2705 2253 cum
2736 2199 2875 2255 tubw
2897 2216 3021 2255 tore
3051 2215 3264 2269 magna,
3288 2206 3336 2252 ct
3374 2194 3708 2268 congregabit

420 2290 607 2344 electos
632 2307 756 2344 suos
774 2290 839 2345 ”.

486 2432 567 2489 Ne
594 2433 758 2504 igitur
791 2430 950 2488 [idem
980 2431 1339 2489 detrahamus
1372 2433 1772 2490 mutationibus
1814 2443 1869 2489 et
1913 2448 2005 2488 re-

417 2526 827 2583 novationibus.
858 2526 1071 2582 Etenim
1116 2527 1427 2597 plantarum
1480 2536 1534 2582 et
1569 2527 1888 2582 animalium
1929 2526 2006 2581 di-

418 2635 724 2683 versorum,
756 2622 927 2688 atque
952 2618 1197 2688 ipsorum
1236 2620 1376 2674 adeo
1424 2618 1707 2673 hominum
1751 2618 1861 2671 vita
1905 2632 2006 2673 nos

416 2712 625 2779 edocet,
654 2711 797 2781 quod
826 2711 963 2765 nihil
1000 2726 1215 2772 eorum,
1248 2725 1372 2778 qua:
1423 2709 1759 2779 generationi
1798 2717 1852 2765 et
1883 2725 2002 2764 cor-

416 2805 655 2874 ruptioni
684 2805 919 2859 obnoxia
945 2811 1095 2864 sunt,
1121 2804 1174 2858 in
1204 2804 1394 2857 eodem
1429 2810 1577 2859 statu
1602 2802 1888 2868 subsistat,
1908 2802 2003 2858 sed

414 2913 469 2950 In
497 2897 664 2951 alium
679 2896 913 2952 subinde
931 2902 1172 2950 vertatur
1197 2903 1361 2966 atque
1385 2902 1646 2949 mutetur.
1664 2894 1743 2947 Ar
1766 2894 2001 2965 primum

414 2985 654 3054 quidem,
691 2985 736 3042 si
766 2985 966 3055 placet.
998 2999 1142 3049 eam,
1195 3000 1319 3055 qua:
1379 2984 1434 3039 in
1484 2986 1739 3040 aetatibus
1795 2984 2001 3041 nostris

413 3075 492 3142 ﬁt,
509 3075 862 3131 mutationem
887 3074 1292 3147 perpendamus
1306 3084 1362 3131 et
1382 3075 1814 3133 consideremus.
1837 3075 1998 3134 Puel-

412 3166 524 3221 lum
557 3168 876 3230 lactentem,
926 3167 1109 3239 qualis
1142 3167 1247 3232 sit,
1305 3165 1446 3222 haud
1491 3168 1780 3223 didfculter
1834 3185 2001 3241 agno-

413 3261 644 3316 scimus.
672 3260 883 3333 Exiguo
934 3261 1114 3332 spatio
1139 3261 1403 3331 temporis
1433 3263 1731 3332 praeterito,
1767 3264 1910 3319 vires
1935 3263 2001 3319 ad

414 3354 712 3423 rependum
754 3353 1099 3424 adipiscitur,
1159 3368 1223 3409 ac
1250 3353 1388 3408 nihil
1419 3370 1448 3408 a
1504 3354 1747 3425 parvulis
1802 3356 2002 3411 catulis

411 3447 616 3508 ditlcrt,
648 3446 773 3502 nisu
787 3456 1056 3517 quaterno
1085 3460 1211 3502 sese
1237 3453 1580 3503 sustentans.
1610 3446 1771 3501 Circa
1795 3462 1998 3504 annum

410 3542 629 3599 tertium
660 3539 880 3602 accidit.
905 3549 964 3595 ut
993 3546 1215 3596 erectus
1242 3546 1296 3595 et
1323 3538 1533 3595 arduus
1566 3540 1927 3611 ingrediatur,
1946 3549 2001 3598 et

409 3650 600 3690 vocem
632 3634 820 3704 aliquo
854 3632 1018 3687 modo
1061 3632 1147 3688 vel
1182 3633 1569 3688 balbutientem
1634 3634 1717 3688 vel
1757 3635 1997 3700 blaasam,

407 3738 464 3782 et
492 3726 817 3783 titubantem
851 3725 1278 3795 impeditamque
1314 3724 1566 3781 emittat:
1605 3726 1804 3782 deinde
1859 3729 1998 3791 arti—

409 3817 591 3873 culate
625 3821 790 3885 atque
817 3815 1054 3885 perferte
1091 3815 1254 3870 verba
1284 3817 1626 3886 pronuntiat,
1678 3825 1732 3872 et
1787 3818 1998 3889 lepidus

410 3907 854 3965 adolescentulus
872 3915 931 3963 et
956 3908 1116 3978 pusio
1146 3908 1244 3964 ﬁt:
1286 3924 1352 3964 ex
1388 3909 1480 3965 illa
1523 3919 1683 3967 aetate
1719 3912 1771 3966 in
1815 3914 1998 3984 impu-

347 4039 353 4044 ι
409 4001 595 4057 berem
620 4000 1021 4057 adolescentem
1070 4001 1294 4058 evadit:
1344 4003 1602 4075 lanugine
1629 4020 1760 4060 vero
1802 4009 1999 4063 titain-

409 4092 495 4150 las
523 4108 590 4149 ac
622 4102 867 4150 mentum
897 4096 1184 4159 vestientc,
1212 4096 1479 4153 barbatus
1505 4105 1560 4152 et
1578 4097 1828 4155 hirsutus
1861 4116 1997 4169 pau-

407 4184 588 4253 latim,
627 4195 680 4243 et
712 4188 853 4244 alius
872 4203 941 4243 ex
975 4188 1123 4243 alio:
1165 4187 1365 4243 deinde
1406 4188 1519 4259 jam
1568 4191 1724 4260 plene
1774 4192 1995 4250 adultus

406 4279 515 4343 vir,
547 4294 708 4350 asper
740 4280 1161 4350 laboriosusquc
1192 4281 1426 4336 exsistit.
1454 4281 1591 4336 Cum
1637 4292 1816 4338 autem
1865 4301 1996 4355 pra:-

408 4371 658 4429 tericrint
685 4373 814 4427 anni
842 4374 1227 4445 quadraginta,
1255 4375 1471 4428 initium
1505 4374 1760 4433 ﬂexionis
1813 4377 1990 4445 adest,

406 4463 748 4535 canitiesque
784 4464 1042 4534 paulatim
1082 4474 1244 4535 caput
1273 4465 1510 4531 dealhat,
1548 4476 1601 4521 et
1631 4469 1800 4521 robur
1827 4468 1993 4523 adin-
2025 4495 2067 4550 υ

408 4556 723 4613 ﬁrmitatem
755 4557 1015 4622 declinat,
1076 4565 1132 4612 et
1173 4558 1392 4613 tandem
1446 4567 1702 4615 senectus
1758 4561 1991 4626 accedit,

408 4655 653 4704 extrema
702 4647 901 4702 virium
950 4649 1198 4703 abolitio.
1248 4649 1465 4720 Corpus
1517 4656 1698 4705 autem
1760 4650 1995 4707 ﬂectitur

406 4747 463 4801 et
485 4737 553 4799 ad
583 4746 784 4794 terram
813 4745 1095 4804 curvatur,
1126 4739 1588 4808 quemadmodum
1630 4741 1817 4810 spicae,
1871 4758 1993 4813 qua:

405 4832 639 4895 nimium
664 4838 1035 4885 exaruerunt:
1078 4830 1224 4900 quod
1252 4841 1635 4901 experrectum
1667 4848 1731 4887 ac.
1756 4833 1888 4889 latve
1912 4834 1993 4890 fu-

400 4930 540 4984 erat.
560 4938 820 4994 rugosum
849 4934 906 4980 ot
929 4933 1273 4980 contractum
1297 4923 1547 4987 edicitur,
1565 4933 1620 4979 et
1642 4925 1689 4982 is
1709 4925 1800 4996 qui
1819 4943 1992 4998 quoa-

400 5017 527 5072 dam
559 5017 745 5087 vigore
781 5018 956 5073 relatis
981 5033 1047 5073 ac
1077 5018 1276 5072 virium
1316 5018 1627 5088 praestabat.
1658 5018 1840 5076 infans
1863 5036 1980 5075 rur-

400 5125 496 5164 sus
521 5108 724 5174 evadit,
759 5110 1092 5175 balbutiens,
1132 5109 1986 5181 ineptiens,delirans,manibus

404 5213 464 5254 ac
498 5199 727 5268 pedibus
754 5201 1029 5265 similiter,
1058 5210 1119 5257 ut
1158 5203 1310 5267 olim,
1356 5217 1575 5273 repens.
1631 5203 1756 5260 Haec
1802 5208 1986 5263 omnia

408 5286 532 5357 quid
557 5288 655 5341 tibi
683 5303 806 5343 esse
830 5290 1132 5344 videntur?
1160 5290 1356 5348 Annon
1384 5292 1672 5350 alteratio?
1711 5294 1852 5351 Nunt
1887 5312 1986 5352 va-

403 5381 496 5435 riae
527 5381 895 5437 mutationes?
920 5381 1058 5437 Nam
1083 5383 1316 5440 diversa:
1355 5387 1652 5455 novitates,
1682 5405 1806 5460 quae
1829 5407 1979 5447 mor-

400 5473 505 5526 tale
532 5471 737 5527 animal
767 5473 933 5529 etiam
962 5481 1091 5530 ante
1112 5487 1342 5530 mortem
1365 5478 1982 5548 transformant‘lQuin-

395 5563 560 5618 etiam
588 5578 818 5621 somnus
851 5573 1039 5623 noster
1070 5575 1125 5624 et
1174 5567 1358 5640 vigilia
1411 5571 1691 5639 quomodo
1749 5574 1982 5646 sapienti

464 5785 508 5816 ¹⁰
543 5784 560 5839 l
591 5783 720 5841 Cor.
747 5803 839 5847 xv.
868 5787 957 5845 52.
1035 5789 1076 5823 “
1107 5786 1297 5873 Matth.
1334 5804 1485 5856 stur,
1513 5791 1603 5849 ⁵51.

2181 2432 2273 2502 Μὴ
2303 2432 2481 2486 τοίνυν
2508 2434 2630 2497 ταῖς
2654 2430 2972 2486 ἀλλοιώσεσι
3004 2431 3099 2484 καὶ
3138 2433 3250 2494 τοῖς
3289 2429 3706 2499 ἀνακαινισμοῖς

2110 2520 2449 2591 ἀπιστῶμεν.
2492 2522 2602 2576 Καὶ
2648 2522 2758 2594 γὰρ
2805 2521 2988 2590 φυτῶν
3033 2522 3128 2574 καί
3182 2519 3337 2584 ζώων
3378 2518 3706 2592 διαφόρωνό

2113 2613 2245 2684 βίος,
2276 2615 2370 2669 καὶ
2405 2616 2588 2670 αὐτῶν
2623 2633 2687 2684 γε
2721 2616 2829 2670 τῶν
2861 2614 3160 2687 ἀνθρώπων
3187 2616 3336 2686 ἡμᾶς
3363 2612 3699 2675 ὲκπαιδεύει,

2111 2707 2188 2770 ὡς
2207 2707 2359 2762 οὐδὲν
2395 2709 2455 2763 ἐν
2475 2709 2766 2780 ταύτότητι
2791 2708 2900 2763 τῶν
2925 2710 2983 2762 ὲν
3026 2707 3223 2780 φθορᾷ.
3244 2708 3338 2761 καὶ
3373 2707 3605 2776 γενέσει.
3641 2708 3699 2758 ἐν

2112 2797 2395 2853 ἀλλοιώσει
2423 2799 2482 2853 δὲ
2505 2800 2599 2854 καὶ
2629 2803 2824 2872 τροπῇ.
2858 2798 2968 2855 Καὶ
2999 2797 3214 2870 πρῶτόν
3236 2815 3319 2867 γε.
3339 2798 3386 2850 εί
3413 2797 3582 2860 δοκεῖ,
3601 2796 3700 2867 τὴν

2108 2890 2168 2943 ἐν
2193 2893 2313 2953 ταῖς
2344 2891 2581 2962 ἡλικίαις
2613 2890 2773 2962 ἡμῶν
2806 2892 3112 2963 μεταϐολὴν
3167 2892 3597 2963 καταμάθωμεν·
3626 2891 3699 2945 Τὸ

2106 2983 2316 3037 παιδίον
2347 2984 2408 3038 τὸ
2438 2984 2760 3055 ὑπομάζιον,
2794 2982 2908 3039 οἷόν
2940 2986 3058 3038 ἐστι
3082 2983 3442 3055 γνωρίζομεν.
3485 2983 3696 3052 Ὀλίγον

2104 3077 2297 3149 χρόνου
2344 3077 2727 3150 παρελθόντος,
2771 3078 2872 3150 τὴν
2922 3078 3259 3150 ἑρπυστικὴν
3295 3078 3562 3150 λαμϐάνει
3601 3077 3693 3131 δύ-

2102 3185 2286 3239 ναμιν,
2340 3170 2434 3224 καὶ
2486 3170 2637 3224 οὐδὲν
2668 3169 2913 3243 διαφέρει
2964 3168 3075 3225 τῶν
3126 3170 3339 3243 μικρῶν
3388 3170 3694 3233 σκυλάκων,

2099 3259 2355 3332 τέταρσιν
2385 3260 2724 3333 ἐρειδόμενον
2770 3260 3010 3333 βάσεσιν.
3062 3263 3199 3333 Περὶ
3239 3260 3331 3316 τὸν
3379 3262 3559 3333 τρίτον
3589 3263 3695 3316 ἐνι-

2101 3354 2264 3407 αυτὸν
2310 3353 2490 3425 ὄρθιον
2524 3355 2754 3422 γίνεται,
2803 3353 2899 3408 καὶ
2930 3353 3115 3426 φωνὴν
3160 3354 3695 3425 ὑποτραυλιζομένην

2099 3444 2194 3497 καὶ
2224 3443 2616 3516 ψελλιζομένην
2654 3447 2929 3516 προΐεταν
2972 3442 3091 3500 εἶτα
3124 3445 3370 3518 διαρθροῖ
3395 3446 3485 3500 τὸν
3515 3445 3692 3514 λόγον,

2099 3538 2194 3591 καὶ
2222 3537 2412 3611 χαρίεν
2450 3539 2794 3593 ἀποτελεῖται
2837 3540 3153 3613 μειράκιον·
3203 3541 3300 3594 ἀπ’
3342 3539 3560 3608 ἐκείνης
3595 3541 3694 3611 τῆς

2099 3629 2313 3700 ἡλικίας
2363 3630 2502 3704 πρὸς
2549 3630 2641 3686 τὸν
2696 3630 2898 3703 ἔφηϐον
2944 3632 3041 3687 καὶ
3079 3631 3362 3688 νεανίσκον
3414 3631 3689 3685 ἐκϐαίνει·

2100 3722 2275 3778 ίούλου
2313 3724 2371 3778 δὲ
2414 3724 2515 3795 τὴν
2561 3724 2795 3797 παρειὰν
2840 3724 3201 3797 καλύψαντος,
3251 3725 3466 3794 γενειὰς
3510 3725 3693 3787 λάσιος

2100 3819 2218 3888 μετ’
2243 3818 2441 3888 ὀλίγον,
2476 3819 2570 3874 καὶ
2605 3819 2763 3885 ἄλλος
2805 3820 2866 3887 ἐξ
2916 3820 3108 3876 ἄλλου·
3149 3815 3288 3880 εἶτα,
3337 3819 3476 3890 ἀνὴρ
3511 3818 3692 3889 ἀκμά-

2097 3909 2225 3977 ζων,
2260 3913 2464 3982 τραχὺς
2518 3913 2614 3967 καὶ
2653 3912 2958 3985 τληπαθής.
2995 3912 3245 3966 Ἐπειδὰν
3287 3911 3344 3965 δὲ
3379 3911 3690 3984 παρέλθωσι

2095 4000 2358 4073 τέσσαρες
2396 4002 2619 4069 δεκάδες
2667 4004 2953 4069 ἐνιαυτῶν,
2998 4003 3148 4077 ἁρχὴ
3191 4004 3291 4075 τῆς
3343 4005 3691 4075 ὑποστροφῆς

2096 4091 2272 4147 καίνει
2306 4098 2319 4117 ”
2348 4094 2450 4166 τὴν
2506 4095 2768 4169 κεφαλὴν,
2819 4098 2915 4151 καὶ
2957 4097 2992 4168 ἡ
3026 4094 3185 4167 ῥώμη
3229 4097 3367 4169 πρὸς
3404 4096 3693 4151 ἀσθένειαν

2095 4186 2398 4247 ἀποκλίνει.
2428 4189 2522 4243 καὶ
2552 4190 2914 4262 παραγίνεται
2940 4193 3248 4245 τελευταῖον
3278 4189 3339 4244 τὺ
3369 4191 3566 4261 γῆρας,
3600 4189 3690 4244 τέ-

2094 4279 2236 4345 λειος
2277 4282 2583 4354 ἀφανισμὸς
2628 4284 2733 4355 τῆς
2780 4285 2981 4356 ίσχύος.
3022 4286 3278 4340 κλίνεται
3320 4284 3377 4340 δὲ
3426 4286 3488 4339 τὸ
3532 4283 3690 4356 σῶμα

2095 4374 2187 4426 καὶ
2213 4373 2507 4445 κυρτοῦται
2536 4377 2672 4449 πρὸς
2700 4378 2826 4450 γῆν,
2859 4379 2935 4444 ὡς
2961 4381 3010 4432 οἱ
3041 4378 3161 4434 λίαν
3189 4378 3689 4452 ὑπερξηρανθέντες

2093 4465 2203 4520 τῶν
2230 4467 2537 4539 ἀσταχύων,
2567 4470 2661 4524 καὶ
2706 4470 2768 4523 τὸ
2812 4471 2954 4526 λεῖον
2992 4472 3331 4526 ἀποτελεῖται
3373 4472 3557 4543 ῥυσὸν,
3592 4473 3688 4526 καὶ

2094 4559 2257 4614 πάλιν
2296 4559 2495 4630 βρέφος
2521 4560 2551 4614 δ
2584 4576 2713 4615 ποτε
2757 4562 3038 4628 νεανίσκος
3059 4563 3153 4618 καὶ
3196 4564 3475 4636 ἀριστεὺς,
3501 4562 3684 4634 ψελλι-

2091 4650 2337 4721 ζόμενος,
2377 4653 2727 4724 ἀνοηταίνων,
2760 4655 2850 4708 ἐπὶ
2895 4656 3095 4728 χειρῶν
3141 4658 3235 4710 καὶ
3280 4656 3458 4710 ποδῶν
3486 4656 3687 4727 ὁμοίως

2089 4743 2294 4813 ἕρπων,
2337 4743 2414 4809 ὡς
2460 4745 2648 4801 πάλαι.
2688 4746 2873 4800 Ταῦτα
2924 4747 3102 4803 πάντα
3142 4748 3198 4801 τί
3236 4765 3317 4802 σοι
3354 4748 3537 4813 δοκεῖς
3570 4749 3684 4802 Ούκ

2087 4836 2407 4907 ἀλλοίωσις;
2449 4840 2524 4893 Ού
2572 4840 2863 4910 μεταϐολαὶ
2912 4841 3273 4915 πολύτροποι;
3313 4842 3388 4897 Οὐ
3435 4841 3682 4914 διάφοροι

2089 4929 2410 5002 καινότητες
2439 4930 2500 4984 τὸ
2543 4932 2736 5003 θνητὸν
2781 4931 2920 4997 ζῶον
2966 4934 3410 5007 μεταμορφοῦσαι
3440 4934 3534 4989 καὶ
3578 4933 3684 5005 πρὸ

2091 5021 2322 5076 θανάτου
2349 5041 2363 5088 ;
2408 5024 2469 5077 ’0
2500 5024 2559 5078 δὲ
2588 5024 2758 5089 ’ύπνος
2804 5026 2962 5097 ἡμῶν
2990 5026 3084 5081 καὶ
3114 5028 3147 5099 ἠ
3183 5027 3528 5099 ἐγρήγορσις,
3565 5025 3681 5089 πῶς

2089 5116 2190 5171 οὐκ
2218 5114 2284 5169 ἃν
2310 5115 2390 5187 τῷ
2418 5116 2566 5188 σοφῷ
2587 5117 2795 5186 γένοιτο
2815 5118 3159 5174 διδασκάλων
3182 5119 3272 5174 τοῦ
3307 5118 3638 5190 ζητουμένου
3664 5136 3678 5185 ;

2101 5206 2162 5260 '0
2194 5206 2293 5278 μὲν
2325 5207 2455 5278 γὰρ,
2488 5207 2652 5263 εἰκών
2678 5196 2924 5265 εστ-(τοῦ
2956 5211 3217 5265 θανάτου·
3252 5213 3285 5281 ὴ
3313 5210 3388 5274 δὲ,
3426 5212 3525 5283 τῆς
3555 5212 3683 5264 ἀνα-

2092 5296 2335 5361 στάσεως
2368 5298 2615 5370 μίμημα.
2648 5301 2739 5355 Διὸ
2777 5302 2870 5356 καί
2912 5320 3058 5367 τινες
3101 5303 3210 5356 τῶν
3241 5302 3440 5369 ἔξωθεν
3479 5303 3678 5372 σοφῶν,

2089 5388 2315 5461 ἀδελφὸν
2345 5396 2640 5463 προσεῖπον
2682 5394 2777 5449 τοῦ
2823 5394 3052 5450 θανάτου
3096 5395 3191 5450 τὸν
3230 5394 3419 5460 ὕπνον,
3458 5395 3547 5451 διὰ
3583 5395 3682 5466 τὴν

2087 5483 2380 5556 ὁμοιότητα
2423 5486 2533 5542 τῶν
2577 5489 2670 5559 ἀφ’
2708 5488 2970 5560 ἑκατέρου
3014 5487 3420 5560 συμϐαινόντων
3468 5485 3677 5542 παθῶν.

2089 5576 2243 5650 Λήθη
2272 5576 2382 5650 γὰρ
2420 5578 2622 5651 ὁμοίως
2670 5580 2757 5633 ἐπ’
2812 5580 3139 5653 ἀμφοτέρων
3189 5579 3284 5636 καὶ
3340 5581 3533 5649 ἄγνοια
3570 5577 3681 5634 τῶν
