4154 6354
417 321 520 377 673

1284 315 1351 370 ΙΝ
1389 315 1668 373 CHRISTI
1721 312 2357 374 RESURRECTIONEM
2391 312 2605 370 ORAT.
2637 313 2729 370 lli.

3612 309 3718 363 οτι.

416 437 794 510 παρελθόντων
824 435 1049 490 καὶτῶν
1080 433 1402 506 μελλόντων,
1433 437 1527 490 καὶ
1553 437 1614 491 τὸ
1654 436 1813 508 σῶμα
1841 437 2019 490 κεῖται

2132 441 2179 490 et
2209 445 2374 491 acuto
2402 433 2611 487 homini
2647 432 3040 487 documentum
3071 428 3370 500 propositae
3396 428 3721 498 qtta‘stionis

419 528 760 600 ἀναίσθητον,
787 528 940 597 φίλον
959 528 1058 581 οὑκ
1087 526 1246 590 είδὺς,
1271 526 1466 598 ἐχθρὸν
1491 530 1552 581 ού
1583 529 1874 598 γινῶσκον,
1897 529 2024 593 τοὺς

419 619 788 690 περιεστῶτας
827 620 920 673 καὶ
970 617 1309 688 θεωροῦντας
1352 621 1426 688 μὴ
1481 618 1698 689 βλέπον,
1751 621 2023 693 παρειμέο

421 727 526 771 νον,
555 710 770 780 νεκρὸν,
823 711 1005 779 πάσης
1055 709 1322 780 ἀμοιροῦν
1366 711 1668 782 ἐνεργείας,
1717 713 1871 766 οὐδὲν
1912 712 2026 766 δια-

418 803 582 874 φέρον
615 803 722 857 τῶν
757 804 1139 874 ἀποκειμένων
1182 805 1241 856 ἐν
1269 805 1463 873 τάφοις
1490 807 1584 858 καὶ
1623 807 1834 877 θήκαις.
1869 805 2026 860 Οὕτω

417 911 498 948 τοι
529 895 693 966 συλᾷς
721 897 798 959 ὡς
830 898 1043 968 νεκρὸν,
1067 899 1114 950 εἰ
1147 897 1444 965 θέλοις,τὸν
1473 897 1822 962 καθεύδοντα,
1851 901 2027 962 κενοῖς

417 989 518 1058 τὴν
549 989 746 1049 οἰκίαν,
777 989 953 1059 δεσμὰ
980 989 1299 1062 προσάγεις,
1334 991 1427 1045 καὶ
1453 991 1678 1062 οὑδεμία
1704 991 1813 1044 τῶν
1849 1009 2024 1062 πρατ-

417 1079 663 1149 τομένων
712 1081 965 1152 αἴσθησις
1018 1083 1346 1151 ἐπιγίνεται.
1391 1082 1603 1151 Ὀλίγον
1663 1082 1720 1135 δὲ
1777 1081 2023 1154 ὕστερον,

420 1173 756 1243 ὃταν²ἀνοχή
809 1191 892 1237 τις
937 1176 1030 1228 καὶ
1079 1174 1325 1246 λώφησις
1368 1175 1591 1245 γένηται
1644 1174 1739 1227 τοῦ
1795 1174 2022 1241 πάθους,

422 1269 610 1342 ὥσπερ
656 1272 777 1343 ἀρτι
825 1272 1182 1343 ζωοποιηθεὶς
1237 1275 1266 1326 ὁ
1331 1272 1616 1345 ἄνθρωπος
1664 1272 2022 1334 διανίσταται,

423 1364 565 1418 κατά
603 1365 796 1436 μικρὸν
833 1366 912 1428 εἰς
947 1365 1300 1436 συναίσθησιν
1345 1364 1541 1420 ἑαυτοῦ
1585 1365 1680 1418 καὶ
1723 1363 1830 1418 τῶν
1880 1382 2024 1435 πρα-

421 1457 646 1528 γμάτων
671 1457 986 1528 ἐρχόμενος,
1017 1457 1113 1510 καὶ
1149 1458 1311 1530 σχολῇ
1347 1457 1444 1520 τάς
1477 1457 1758 1529 ἐνεργείας
1783 1457 2025 1529 ἀναλαμ-

423 1548 622 1613 ϐάνων,
650 1550 743 1602 καὶ
778 1545 889 1603 οἷον
917 1548 1092 1620 ψυχού
1102 1567 1262 1620 μενος
1299 1552 1364 1622 τῇ
1401 1548 1715 1622 ζωπυρήσει
1742 1551 1840 1620 τῆς
1868 1553 2025 1623 ἐγρη-

423 1641 684 1712 γόρσεως.
720 1640 863 1693 Είδέ
899 1640 1210 1709 ὑψεστῶτος
1258 1641 1339 1694 ἔτι
1387 1641 1481 1695 τοῦ
1538 1640 1678 1707 ζὼου
1735 1643 1829 1695 καὶ
1869 1657 2026 1713 περι-

423 1736 574 1797 όντος
605 1733 868 1789 τοσαῦται
899 1733 1115 1804 νύκτωρ
1149 1735 1243 1788 καὶ
1295 1734 1414 1806 μεθ’
1457 1735 1669 1806 ἡμέραν
1713 1735 2022 1800 ἐκστάσεις,

2129 540 2254 581 esse
2282 541 2390 579 non
2426 523 2827 595 possunt‘Hlle
2870 522 3032 577 eninr
3073 521 3270 576 mortis
3327 523 3529 591 imago.
3601 519 3721 574 haec

2125 616 2550 671 resurrectionis
2603 615 3006 670 imitamentum
3066 622 3169 668 est.
3225 611 3496 679 Quocirca
3556 613 3717 666 etiam

2127 708 2373 762 nonnulli
2406 707 2617 762 externi
2651 707 2927 777 sapientes
2959 721 3279 777 germanum
3315 708 3508 761 mortis
3559 721 3712 760 som-

2127 816 2254 854 num
2292 808 2578 862 vocarunt,
2612 809 2838 871 propter
2876 801 3298 857 similitudinem
3351 816 3564 863 eorum,
3623 798 3717 869 qui

2128 895 2442 965 lnntroque
2499 894 2776 957 accidunt,
2842 892 3068 949 allectus
3121 905 3175 946 et
3253 894 3712 962 perturbationes.

2127 985 2342 1042 Oblivio
2375 1002 2614 1058 namque
2642 987 2848 1058 pariter
2872 994 2926 1058 et
2962 987 3266 1056 ignorantia
3314 987 3716 1056 pta-tcritorutn

2125 1088 2178 1132 ct
2211 1079 2520 1133 futurorum
2541 1080 2594 1132 in
2616 1089 2852 1149 utroque
2868 1080 3156 1150 contingit,
3182 1094 3384 1150 corpus
3410 1080 3528 1134 sine
3551 1094 3720 1133 sensu

2123 1171 2287 1240 jaCt'l,
2327 1173 2562 1225 amicum
2602 1188 2712 1225 non
2769 1174 2941 1233 novit,
2978 1173 3259 1227 inimicum
3318 1175 3554 1244 ignorat,
3613 1173 3722 1225 eir-

2126 1272 2467 1319 cnmstantcs
2507 1277 2560 1319 ct
2602 1275 2914 1337 spcctanlcs
2959 1283 3068 1320 non
3101 1266 3265 1330 videt,
3305 1264 3569 1329 tabidum,
3611 1264 3721 1317 fra-

2127 1365 2299 1421 ctum,
2330 1357 2668 1429 languidum,
2715 1360 2981 1424 solutum,
3039 1363 3355 1422 remissum,
3391 1358 3552 1412 modo
3609 1374 3720 1412 non

2128 1458 2426 1515 tnortnum,
2459 1452 2639 1506 omnis
2671 1468 2867 1523 expers
2894 1452 3170 1517 ellicaciaw,
3202 1451 3338 1506 nihil
3367 1451 3626 1506 diﬂ'erens
3653 1451 3722 1504 ab

2128 1541 2214 1603 iis.
2244 1558 2363 1613 qua:
2398 1545 2450 1597 in
2484 1543 2679 1599 loculis
2713 1557 2760 1600 et
2795 1545 3070 1616 sepulcris
3116 1545 3358 1615 reposita
3404 1555 3554 1599 sunt.
3617 1541 3720 1598 Pe-

2127 1639 2286 1694 rinde
2313 1640 2572 1694 nimirum
2608 1640 2996 1704 dormientem,
3032 1641 3079 1696 si
3114 1641 3273 1705 velis,
3322 1639 3611 1711 compilas,
3657 1655 3722 1693 ac

2129 1733 2172 1787 si
2201 1743 2448 1787 mortuus
2477 1741 2645 1797 esset,
2678 1750 2918 1788 evacnas
2945 1742 2999 1788 et
3023 1733 3285 1790 exhauris
3309 1733 3478 1799 mdes,
3499 1733 3722 1787 vincula

426 1826 756 1890 ἀλλοιώσεις,
818 1826 1137 1898 μεταϐολαὶ,
1180 1825 1340 1896 mea;
1393 1827 1487 1881 καὶ
1541 1828 1756 1898 μνῆμαι
1802 1828 1880 1897 τῷ
1927 1829 2024 1900 βίῳ

2132 1823 2330 1893 injicis,
2368 1839 2431 1878 ac
2465 1825 2650 1880 nullus
2686 1840 2876 1880 eorum
2911 1842 3034 1896 qua:
3069 1826 3204 1879 liunt
3231 1841 3429 1880 sensus
3484 1826 3722 1880 interve-

427 1919 884 1989 παραπεπήγασι,
917 1917 1035 1971 λίαν
1068 1917 1293 1988 ἀνόητον
1323 1917 1418 1971 καὶ
1447 1918 1768 1987 φιλόνεικον,
1802 1918 1920 1989 Θεῷ
1950 1919 2023 1989 μὴ

429 2009 704 2062 πιστεύειν
730 2009 820 2062 τὸν
854 2009 1079 2081 ἔσχατον
1108 2009 1502 2081 ἀνακαινισμὸν
1544 2009 2022 2080 ἐπαγγελλομένῳ,

427 2102 506 2173 τῷ
555 2103 648 2155 καὶ
694 2103 791 2174 τὴν
843 2102 1067 2174 πρώτην
1112 2101 1308 2156 πλάσιν
1354 2101 1834 2173 δημιουργήσαντι,
1873 2104 1937 2154 "0
1970 2101 2026 2154 δέ

432 2195 665 2265 μάλιστα
713 2193 942 2265 φράττει
994 2194 1120 2258 τοὺς
1170 2193 1582 2262 ἀντιλέγοντας,
1628 2194 1724 2249 καὶ
1777 2194 2025 2248 ἀπιστεῖν

429 2286 872 2359 παρασκευάζει,
933 2285 1091 2340 τοῦτο
1147 2287 1254 2358 πρὸ
1303 2286 1552 2350 πάντων,
1605 2287 1682 2350 ὡς
1737 2281 1911 2357 οἶμαι,
1966 2286 2026 2338 τὸ

427 2379 672 2449 νομίζειν
697 2379 1006 2450 ἀφανισμὸν
1036 2379 1274 2449 παντελῆ
1319 2377 1564 2446 γίνεσθαι
1592 2379 1700 2432 τῶν
1734 2381 2023 2450 σωμάτων.

432 2472 585 2540 Ἔχει
613 2469 669 2522 δὲ
693 2469 791 2540 οὑχ
815 2469 1008 2530 οὑτως.
1049 2469 1123 2522 Οὑ
1155 2469 1264 2540 γάρ
1301 2469 1488 2522 τέλεον
1523 2469 1862 2538 ἀφανίζεται.
1891 2467 2026 2520 ἀλλά

427 2562 698 2616 δ;αλύεται
728 2565 806 2626 εἰς
845 2563 914 2615 sit
943 2562 1002 2626 ἐξ
1030 2556 1104 2615 ὧν
1138 2562 1394 2632 συνετέθη
1417 2580 1430 2592 ·
1465 2564 1560 2616 καὶ
1589 2562 1735 2615 ἐστιν
1765 2564 1822 2616 ἐν
1853 2561 2023 2624 ὕδατι,

427 2656 520 2707 καὶ
565 2654 706 2725 ἀέρι,
761 2655 863 2706 καὶ
894 2655 987 2724 γῇ,
1035 2653 1127 2705 καὶ
1178 2653 1330 2724 πυρί.
1381 2653 1501 2708 Τῶν
1549 2653 1605 2706 δὲ
1658 2653 2028 2723 πρωτοτύπων

430 2746 709 2816 στοιχείων
741 2748 1031 2814 μενόντων,
1067 2744 1158 2797 καὶ
1199 2744 1306 2797 τῶν
1353 2745 1450 2798 ἀπ’
1485 2744 1708 2798 ἐκείνων
1756 2743 1894 2814 μετά
1931 2745 2030 2814 τήν

429 2839 671 2891 διάλυσιν
723 2836 953 2899 ἐκείνοις
1005 2838 1540 2908 προσχωρησάντων,
1582 2837 1640 2888 ἐν
1685 2833 1766 2900 οἷς
1802 2835 2028 2889 καθόλου

431 2928 661 2991 σώζεται
706 2930 799 2981 καὶ
843 2928 910 2980 τά
943 2928 1115 2998 μέρη·
1148 2927 1268 2998 Θεῷ
1302 2927 1356 2980 δὲ
1395 2929 1629 2998 μάλιστα
1668 2929 1767 2998 μὲν
1799 2927 2031 2999 εὔπορον

433 3023 489 3086 ἐξ
518 3021 615 3073 οὐκ
653 3021 821 3072 ὄντων
859 3019 1214 3090 δημιουργεῖν
1245 3019 1360 3090 (καὶ
1392 3019 1501 3090 γὰρ
1534 3018 1705 3083 οὕτως
1737 3021 1794 3073 ἐν
1838 3021 2032 3092 ἀρχαῖς

435 3112 588 3165 ἔλαϐε
617 3112 684 3165 τὰ
718 3111 892 3164 πάντα
925 3109 1020 3182 τὴν
1054 3109 1320 3179 γένεσιν)·
1369 3111 1430 3163 τὸ
1480 3111 1537 3164 δὲ
1593 3111 1654 3175 ἐξ
1697 3111 1879 3182 ἀρχῶν
1926 3112 2032 3166 τῶν

435 3201 610 3254 οὐσῶν
634 3202 1033 3268 γενεσιουργεῖν
1059 3197 1238 3269 πολλῷ
1256 3200 1426 3270 δήπου
1458 3201 1653 3272 ῥᾷστον
1680 3201 1773 3254 καὶ
1801 3201 2034 3254 εὐκολώ-

437 3310 618 3347 τατον.
661 3291 750 3361 Μή
779 3291 957 3344 τοίνυν
1004 3291 1102 3360 τὴν
1149 3291 1321 3363 καλὴν
1363 3292 1553 3348 ἐλπίδα
1590 3292 1699 3349 τῶν
1733 3293 2035 3365 ἀνθρώπων

442 3382 750 3451 ἀνέλωμεν,
798 3381 895 3452 τὴν
945 3381 1315 3452 ἐπανόρθωσιν
1366 3382 1466 3453 τῆς
1521 3383 1804 3448 ἀσθενείας
1856 3385 2032 3456 ἡμῶν,

442 3476 534 3527 καὶ
579 3476 678 3546 τήν
728 3474 1007 3545 δευτέραν,
1063 3475 1138 3539 ὡς
1175 3474 1253 3543 Ιάν
1298 3475 1439 3528 εἴποι
1494 3493 1615 3541 τις,
1666 3477 1879 3545 γένεσιν
1936 3477 2034 3548 τὴν

441 3567 730 3639 ἐλευθέραν
793 3568 1053 3633 θανάτου,
1089 3568 1224 3640 μηδέ
1261 3569 1568 3639 φιληδονίας
1613 3571 1883 3643 ὑπερϐολῇ
1937 3572 2033 3644 τὴν

439 3659 649 3729 ἀγαθὴν
680 3661 772 3713 καὶ
819 3659 1198 3730 φιλάνθρωπον
1236 3659 1330 3712 τοῦ
1381 3658 1516 3712 Θεοῦ
1557 3660 1850 3731 ὑπόσχεσιν
1898 3663 2034 3716 καθ-

439 3746 770 3817 υϐρίσωμεν.
818 3745 970 3818 Ἐμοὶ
1003 3748 1110 3819 γὰρ
1142 3747 1388 3802 δοκοῦσιν
1429 3751 1476 3802 οἱ
1528 3750 1622 3821 τῆς
1668 3754 2034 3824 προκειμένης

438 3839 748 3902 ὑποθέσεως
782 3839 1036 3903 ἐναντίοι,
1069 3839 1261 3912 ἄνδρες
1303 3835 1442 3894 εἶναι
1475 3842 1674 3906 κακίας
1705 3845 1909 3916 ἑταῖροι
1941 3845 2034 3897 καὶ

437 3932 637 4002 ἀρετῆς
666 3931 868 4003 ἐχθροὶ,
899 3931 1084 3999 λάγνοι
1118 3933 1212 3985 καὶ
1256 3932 1594 4000 πλεονέκται,
1640 3935 1736 3988 καὶ
1776 3937 2034 4007 ἀκρατεῖς

435 4026 756 4098 ὀφθαλμοῖς,
801 4027 895 4080 καὶ
929 4029 1067 4100 ἀκοῇ
1096 4028 1192 4082 καὶ
1234 4028 1519 4101 ὀσφρήσει,
1557 4029 1654 4083 καὶ
1683 4029 1885 4095 πάσαις
1916 4035 2034 4096 ταῖς

439 4119 751 4191 αἰσθήσεσιν
783 4121 1016 4190 ῥέουσαν
1057 4121 1142 4173 ἐπ’
1173 4121 1356 4185 αὐτοῖς
1409 4121 1508 4192 τὴν
1561 4122 1752 4194 ἡδονὴν
1793 4124 2032 4195 εἰσδεχό-

442 4228 612 4282 μενοι.
653 4212 869 4282 Ἐπειδὴ
896 4212 951 4265 δέ
982 4214 1010 4265 ὁ
1038 4212 1139 4282 τῆς
1171 4212 1520 4276 ἀναστάσεως
1547 4213 1704 4281 λόγος
1737 4217 2035 4288 προκειμέ-

442 4319 538 4372 νην
568 4302 678 4373 ἔχει
706 4305 804 4374 τὴν
839 4305 1040 4375 κρίσιν,
1073 4307 1167 4358 καὶ
1199 4304 1307 4358 τῶν
1345 4306 1505 4375 ιερῶν
1535 4305 1731 4375 βίϐλων
1776 4309 2033 4363 ἀκούουσι

442 4396 712 4465 λεγουσῶν
734 4396 1050 4468 διαρρήδην,
1083 4397 1157 4461 ὡς
1186 4401 1287 4450 οὑκ
1321 4397 1612 4462 ἀνεύθυνος
1642 4401 1674 4470 ἡ
1685 4399 1801 4470 μῶν
1830 4402 1858 4452 ὁ
1887 4401 1998 4471 βίος
2016 4419 2030 4434 ·

2127 1916 2226 1970 nit.
2259 1914 2429 1971 Paulo
2464 1924 2585 1985 post
2618 1917 2706 1971 ubi
2744 1918 3083 1974 intermissio
3107 1919 3287 1988 aliqua
3320 1927 3412 1972 aut
3439 1918 3722 1971 laxamen-

2128 2013 2242 2058 tum
2275 2004 2503 2062 achcIus
2534 2007 2839 2074 advenerit,
2886 2008 3046 2079 quasi
3107 2009 3269 2063 modo
3294 2009 3418 2063 vita:
3469 2007 3723 2063 redditus

2129 2095 2292 2151 homo
2322 2098 2520 2168 surgit,
2550 2099 2813 2169 paulatim
2855 2100 2921 2154 ad
2948 2103 3031 2156 sui
3071 2101 3247 2172 ipsius
3277 2116 3574 2171 rerumque
3629 2117 3722 2155 rc-

2127 2190 2284 2245 diens
2347 2206 2592 2257 sensum,
2649 2193 2983 2264 pedetentim
3018 2193 3290 2248 eﬂicacias
3333 2193 3547 2263 recipit,
3599 2203 3722 2246 tan—

2129 2299 2291 2352 quam
2311 2288 2585 2342 animatus
2601 2286 2797 2358 vigilite
2817 2288 3173 2342 recreatinnc.
3208 2286 3365 2354 Quod
3389 2287 3433 2342 si
3471 2294 3725 2343 exstante

2127 2376 2292 2431 etiam
2325 2394 2470 2433 nunc
2502 2381 2557 2434 in
2599 2395 2785 2434 rerum
2821 2389 3015 2435 natura
3059 2390 3223 2451 atque
3259 2382 3558 2452 superstite
3602 2383 3724 2435 ani-

2131 2469 2282 2532 mali,
2317 2479 2425 2524 tam
2456 2472 2640 2527 multa:
2698 2483 2857 2526 nocte
2887 2483 2940 2527 et
2973 2473 3208 2528 interdiu
3267 2474 3466 2529 mentis
3515 2473 3726 2527 aliena-

2132 2563 2332 2629 tiones,
2352 2563 2731 2629 alterationcs,
2772 2567 3127 2632 mutationes,
3162 2565 3470 2642 obliviones
3513 2573 3566 2619 et
3607 2581 3726 2621 me-

2133 2655 2318 2709 moria}
2351 2656 2470 2710 vitae
2502 2657 2812 2726 conjuncta:
2841 2668 3005 2712 sunt:
3040 2659 3196 2712 valde
3229 2659 3459 2712 stultum
3484 2670 3538 2714 et
3587 2674 3722 2713 con-

2133 2749 2428 2804 tentiosum
2463 2757 2548 2805 est
2577 2750 2686 2806 Deo
2731 2765 2838 2804 non
2893 2752 3118 2806 credere
3179 2753 3426 2806 ultimam
3494 2767 3726 2808 renova-

2133 2845 2336 2897 tionem
2369 2845 2732 2912 promittenti,
2769 2861 2894 2900 cum
2930 2847 3092 2900 etiam
3124 2848 3392 2916 primmva:
3439 2846 3722 2901 formatio-

2134 2937 2220 2992 nis
2256 2945 2452 2992 auctor
2491 2939 2582 2992 sit.
2615 2938 2772 3004 Quod
2803 2947 2985 2993 autem
3051 2940 3287 2993 maxime
3339 2940 3724 2994 contradicen-

2136 3039 2216 3085 tes
2252 3037 2449 3096 armat,
2479 3042 2535 3085 et
2592 3031 3000 3087 incredulitatis
3043 3047 3234 3086 eorum
3283 3047 3451 3087 causa
3484 3031 3724 3089 «(ﬁciens

2137 3131 2250 3177 est:
2283 3122 2407 3185 hoc,
2443 3130 2503 3177 ut
2543 3123 2761 3194 opinor,
2817 3124 3152 3195 praecipuum
3185 3133 3290 3186 est,
3323 3125 3470 3196 quod
3528 3142 3724 3197 corpo-

2141 3229 2262 3267 rum
2301 3221 2602 3270 extremam
2647 3215 2760 3271 ﬁeri
2797 3217 3152 3270 abolitionem
3212 3227 3268 3273 et
3299 3218 3577 3272 interitum
3607 3219 3726 3273 esi-

2140 3307 2387 3360 stimant.
2433 3305 2540 3363 Sed
2574 3323 2663 3364 res
2699 3309 2773 3362 ita
2806 3324 2866 3364 se
2892 3325 3000 3363 non
3040 3309 3225 3364 habet.
3272 3308 3390 3364 Non
3417 3311 3562 3365 enim
3605 3327 3726 3366 om-

2139 3396 2270 3450 nino
2299 3398 2573 3454 intcreunt
2613 3408 2665 3453 et
2695 3400 3006 3465 abolentur,
3069 3402 3164 3456 sed
3222 3402 3601 3457 dissolvuntur
3668 3404 3724 3458 in

2137 3504 2231 3544 eas
2269 3506 2375 3556 res,
2403 3507 2469 3545 ex
2499 3491 2700 3562 quibus
2725 3493 3030 3564 composita
3055 3504 3186 3548 sunt
3212 3512 3227 3549 :
3258 3503 3456 3549 etsunt
3479 3497 3532 3549 in
3553 3510 3720 3565 aqua,

2137 3580 2193 3634 in
2235 3596 2382 3645 aere,
2416 3583 2469 3636 in
2526 3591 2670 3638 terra
2707 3594 2761 3640 et
2812 3584 2865 3638 in
2934 3584 3080 3655 igne.
3135 3583 3484 3640 Manentibus
3539 3597 3722 3642 autem

2138 3674 2538 3745 principalibus
2574 3677 2884 3741 elementis,
2917 3686 2971 3733 et
3004 3678 3093 3744 iis,
3128 3694 3250 3748 qua:
3306 3694 3374 3734 ex
3424 3679 3536 3735 illis
3586 3696 3724 3736 con-

2137 3774 2304 3831 stant,
2343 3775 2467 3838 post
2521 3768 2944 3824 dissolutionem
3003 3771 3070 3823 ad
3103 3785 3165 3824 ea
3204 3769 3621 3836 accedentibus,
3666 3772 3722 3828 in

2136 3859 2336 3927 quibus
2387 3875 2616 3932 prorsus
2651 3861 2816 3915 salvae
2858 3868 3084 3915 manent
3118 3862 3282 3915 etiam
3334 3872 3554 3930 partes:
3594 3879 3722 3918 cunt

2136 3952 2248 4006 Deo
2286 3955 2520 4009 maxime
2553 3954 2774 4024 quidem
2804 3955 2964 4011 facile
2988 3964 3076 4011 est
3107 3957 3189 4009 vel
3222 3972 3286 4011 ex
3321 3957 3411 4021 iis,
3446 3974 3567 4028 qua:
3607 3974 3720 4016 non

2136 4045 2730 4117 sunt,creare(etcnim
2760 4048 2915 4102 sicin
2946 4048 3231 4117 principiis
3261 4049 3721 4105 rerumuniversa

2136 4146 2386 4192 naturam
2404 4147 2458 4192 et
2484 4139 2755 4208 originem
2776 4144 3158 4209 sumpserunt)
3193 4148 3306 4193 tum
3337 4155 3404 4194 ex
3429 4141 3721 4212 principiis

2136 4231 2552 4300 suppetentibus
2583 4240 2834 4285 naturam
2858 4233 3071 4288 cllicere
3104 4234 3261 4302 longe
3314 4244 3462 4288 certe
3524 4235 3722 4290 facilli-

2137 4335 2284 4373 mum
2343 4330 2396 4373 et
2455 4321 2950 4390 expeditissimum.
3017 4322 3094 4376 Ne
3166 4324 3332 4394 igitur
3402 4326 3721 4394 praeclaram

2137 4428 2289 4481 spem
2343 4412 2662 4476 hominum,
2715 4415 3114 4470 correctionem
3170 4425 3226 4469 ιιι
3281 4417 3722 4473 emendationem

441 4489 556 4543 ἀλλ’
586 4491 715 4542 ὅταν
744 4490 879 4560 πρὸς
923 4491 1021 4562 τὴν
1061 4490 1318 4561 δευτέραν
1359 4492 1834 4564 ἀνακαινισθῶμεν
1865 4495 2028 4566 ζωήν,

2140 4506 2395 4561 videlicet
2457 4507 2796 4564 inﬁrmitatis
2867 4525 2933 4564 ac
3010 4509 3320 4581 fragilitatis
3375 4520 3610 4576 nostrae,
3665 4518 3723 4567 et

443 4583 642 4644 πάντες
671 4582 1135 4654 παραστησόμεθα
1167 4582 1244 4655 τῷ
1279 4584 1484 4655 βήματι
1535 4583 1628 4638 τοῦ
1670 4585 1929 4657 Χριστοῦ,
1961 4588 2037 4653 ὡς

443 4673 534 4727 ὑπ’
563 4673 753 4744 ἐκείνῳ
780 4677 938 4745 κριτῇ
969 4675 1064 4738 τὰς
1094 4676 1228 4746 πρὸς
1259 4674 1412 4740 ἀξίαν
1443 4675 1677 4748 ἀμοιϐὰς
1706 4677 1813 4730 τῶν
1839 4677 2028 4749 βεϐιω-

445 4766 622 4836 μένων
650 4766 977 4836 κομίσασθαι
1001 4786 1012 4798 ·
1041 4768 1339 4834 συνειδότες
1366 4770 1578 4834 ἑαυτοῖς
1605 4769 1833 4842 πράξεις
1865 4773 2035 4844 αἰσχί-

445 4876 594 4922 στας,
644 4858 852 4911 πολλῶν
907 4859 1063 4924 egra;
1115 4861 1415 4930 τιμωριῶν,
1462 4861 1611 4932 μίσει
1655 4861 1757 4933 τῆς
1801 4865 2035 4935 κρίσεως

440 4951 724 5024 ἀναιροῦσι
751 4951 843 5004 καὶ
864 4951 960 5021 τὴν
990 4951 1302 5006 ἀνάστασιν.
1344 4953 1551 5024 ’Ὠσπερ
1578 4955 1626 5008 oi
1656 4957 1882 5026 πονηροὶ
1918 4956 2028 5010 τῶν

440 5044 661 5109 δούλων,
710 5044 760 5098 οἱ
811 5042 909 5116 τὴν
959 5043 1146 5096 οὐσίαν
1212 5043 1306 5097 τοῦ
1356 5045 1544 5116 κυρίου
1594 5047 2026 5120 δαπανήσαντες,

441 5139 668 5193 θανάτου
705 5137 762 5190 δὲ
796 5136 890 5190 τοῦ
924 5135 1188 5191 δεσπότου
1231 5137 1325 5191 καὶ
1353 5137 1626 5203 ἀπωλείας
1657 5141 1868 5205 ἑαυτοῖς
1898 5143 2030 5196 ὑπο-

462 5230 761 5301 υράφοντες,
789 5228 886 5283 καὶ
919 5228 1054 5301 πρὸς
1093 5229 1191 5302 τὴν
1235 5229 1369 5284 ἰδίαν
1416 5230 1713 5302 ἐπιθυμίαν
1752 5234 2029 5300 διακένους

468 5323 729 5394 ογισμοὺς
762 5322 1222 5386 ἀναπλάσσοντες.

2135 4597 2453 4661 secundam,
2506 4607 2568 4653 ut
2626 4600 2698 4654 ita
2757 4600 2960 4669 dicam,
3011 4605 3416 4672 generationem
3471 4619 3501 4659 a
3543 4613 3724 4660 morte

2137 4687 2363 4742 liberam
2423 4690 2700 4756 tollamus,
2736 4707 2916 4761 neque
2973 4693 3143 4748 nimio
3177 4694 3366 4750 studio
3419 4695 3723 4766 voluptatis

2135 4780 2458 4853 benignam,
2505 4783 2801 4854 studioque
2833 4793 2889 4840 et
2947 4801 3135 4843 amore
3171 4788 3453 4843 hominum
3518 4788 3722 4845 factam

2136 4873 2566 4941 promissionem
2604 4875 2700 4930 Dei
2733 4877 3060 4946 sugillemus
3079 4891 3242 4949 atque
3271 4880 3718 4936 dehonestemus.

2137 4961 2265 5018 Mihi
2300 4966 2445 5020 enim
2483 4969 2774 5037 praesentis
2793 4973 3104 5041 argumenti
3132 4973 3434 5028 adversarii
3463 4972 3723 5029 videntur

2136 5069 2259 5110 esse
2294 5055 2544 5113 homines
2599 5057 2714 5113 vitii
2763 5069 2929 5130 atque
2959 5063 3215 5132 nequitiae
3257 5064 3441 5129 amici,
3501 5065 3721 5120 virtutis

2137 5147 2370 5211 inimici,
2406 5148 2706 5218 libidinosi,
2733 5152 2909 5219 avari,
2959 5156 3208 5210 etoeulis
3268 5156 3720 5226 intemperantes,

2138 5245 2251 5290 tum
2288 5238 2477 5292 auditu
2507 5249 2561 5294 et
2591 5239 2816 5307 olfactu,
2851 5244 3109 5300 omnibus
3177 5246 3414 5316 denique
3461 5247 3722 5304 sensibus

2138 5329 2458 5386 inﬂuentem
2485 5341 2539 5387 et
2567 5333 2920 5403 obrepentem
2952 5337 3088 5406 ipsis
3127 5339 3458 5409 voluptatem
3497 5341 3553 5396 in
3600 5357 3724 5396 sese

446 5435 467 5473 ιι
492 5418 810 5475 Ιιιιὶιιειιιεε.
860 5418 1132 5486 Quoniam
1182 5425 1364 5473 autem
1403 5425 1668 5475 tractatus
1697 5423 2114 5478 resurrectionis
2145 5423 2418 5492 judicium
2461 5426 2802 5496 propositum
2848 5427 3043 5494 habet,
3077 5437 3132 5486 et
3174 5447 3365 5490 sacros
3397 5435 3568 5491 libros
3622 5453 3724 5491 au-

443 5511 620 5576 :linnt,
641 5513 695 5567 in
730 5512 932 5582 quibus
960 5528 1218 5583 expresse
1246 5527 1308 5567 ac
1334 5512 1537 5568 diserte
1561 5514 1895 5582 continetur,
1915 5516 2062 5587 quod
2085 5528 2274 5574 nostra
2292 5520 2404 5572 vita
2421 5523 2713 5590 quaestioni
2733 5530 2785 5576 et
2808 5525 3206 5582 examinationi
3225 5539 3476 5600 exetnpta
3496 5547 3602 5585 non
3626 5534 3721 5597 sit,

445 5605 533 5659 sed
565 5622 689 5659 cum
709 5604 776 5659 ad
795 5606 1023 5660 alteram
1051 5606 1214 5660 vitam
1238 5605 1485 5662 renovati
1511 5605 2084 5675 l‘uerimus,l‘uturum,
2111 5621 2169 5665 ut
2191 5627 2384 5668 omnes
2416 5613 2483 5666 ad
2510 5615 2752 5670 tribunal
2783 5616 2989 5673 Christi
3018 5622 3304 5687 sistamur,
3337 5634 3396 5678 ut
3429 5625 3724 5692 illojudice

445 5703 636 5771 dignas
667 5711 802 5756 actae
824 5703 950 5756 vita:
988 5702 1382 5758 retributiones
1410 5712 1464 5757 et
1494 5707 1977 5772 compensationcs
2003 5706 2338 5776 recipiamus
2369 5724 2384 5764 :
2413 5709 2562 5778 quod
2607 5711 2711 5765 sibi
2751 5715 2966 5769 conscii
3005 5724 3136 5770 sunt
3168 5717 3614 5787 turpissimarum
3656 5734 3724 5775 ac

445 5800 641 5856 i'xdiss'
658 5813 870 5854 marum
885 5801 1184 5868 actionum,
1205 5799 1404 5871 quibus
1438 5800 1638 5856 multas
1669 5815 1862 5872 paruas
1881 5803 2056 5859 meriti
2081 5804 2795 5877 Sunt,odiojudiciitolluut
2817 5812 2980 5867 etiam
3011 5815 3470 5873 resurrectionem
3493 5832 3716 5876 :aucm-
