4154 6354
418 247 531 305 675

1664 242 1739 298 ε.
1771 237 2109 297 cm
2128 239 2417 296 KYSSENI

3593 236 3700 295 676

412 362 708 417 admodum
738 358 883 417 servi
921 357 1070 423 mali,
1109 359 1204 431 qui
1233 358 1522 415 facuitatcs
1546 367 1601 415 et
1624 358 1765 412 bona
1802 354 2017 411 domini
2043 362 2619 428 Met
2640 362 2868 411 mortem
2901 363 2955 410 et
2989 353 3267 411 interitum
3308 352 3577 423 (interim)
3602 353 3698 406 do-

416 453 549 507 mini
581 451 688 507 sibi
723 463 1063 521 proponunt,
1095 459 1150 505 et
1181 463 1281 519 pro
1310 463 1376 504 eo
1401 448 1548 518 quod
1578 447 1812 516 cupiunt
1832 455 1887 500 et
1906 453 2121 514 optant,
2159 459 2330 500 vanas
2361 444 2873 514 cum“
2900 445 3130 514 lingunt.

488 542 695 597 Verum
729 555 892 596 nemo
938 554 1109 594 sanus
1143 539 1219 593 ita
1267 539 1489 595 sentiet.
1544 540 1676 603 Qua:
1721 543 1807 591 cst
1859 537 2005 589 enim
2036 544 2080 596 Α

416 637 631 690 utilitas
654 633 929 704 iustitiae?
963 631 1119 698 Quod
1158 630 1511 686 commodum
1546 629 1816 693 veritatis,
1847 628 2004 682 boni-

414 727 547 781 tatis
579 732 633 780 ct
665 725 844 779 omnis
875 722 1219 778 honestatis?
1242 721 1414 791 Cujus
1469 721 1547 776 rei
1604 720 1782 792 gratia
1825 719 2005 774 homi-

417 834 516 875 nes
548 818 820 881 laborant,
853 824 907 870 et
938 813 1123 870 studio
1158 814 1446 884 sapientia:
1472 812 1643 867 dediti
1668 811 1837 867 sunt?
1863 808 2005 865 Ven-

419 910 518 964 tris
564 908 900 977 voluptatem
967 905 1072 961 sibi
1129 905 1520 975 subiugantes,
1605 902 2004 959 continentiam

420 997 953 1069 temperantiamque
987 995 1392 1065 amplexantes,
1419 1008 1618 1050 somno
1645 992 1714 1047 ad
1750 992 2005 1063 exiguum

418 1098 638 1159 tempus
691 1088 1061 1157 indulgentes,
1121 1094 1504 1158 tempestatem
1551 1093 1607 1142 et
1638 1094 1832 1141 aestum
1874 1084 2010 1139 tole-

420 1189 629 1246 rantes,
652 1179 697 1235 si
730 1179 1062 1234 resurrectio
1087 1194 1195 1232 nnn
1231 1178 1353 1233 est?
1384 1177 1812 1247 Dicamusjusta
1842 1176 2006 1230 verba

419 1269 619 1327 Pauli:
655 1269 893 1325 Erlamus
923 1278 973 1324 et
1002 1268 1267 1335 bibamus,
1298 1285 1418 1323 cras
1456 1269 1596 1322 enim
1640 1269 1899 1321 morimur
1938 1266 2004 1321 ¹².

421 1361 479 1417 Si
504 1362 836 1419 resurrectio
864 1362 1034 1427 nulla,
1062 1361 1187 1418 ﬁnis
1213 1376 1344 1416 vero
1362 1362 1490 1416 vita:
1514 1375 1664 1417 mors
1697 1368 1782 1416 est
1803 1401 1816 1427 ,
1867 1358 1997 1413 tolle

418 1455 550 1510 mihi
584 1454 960 1509 accusationes
1003 1461 1165 1524 atque
1204 1452 1701 1524 reprehensiones;
1752 1450 2007 1522 permitte

418 1546 731 1611 homicidm,
759 1558 819 1600 ut
847 1546 1057 1615 absque
1087 1545 1487 1617 impedimento
1512 1560 1612 1601 sua
1644 1544 1864 1600 licentia
1884 1551 2005 1597 uta-

420 1645 547 1703 tur;
582 1637 702 1693 sine
734 1637 1043 1692 adulterum
1078 1637 1248 1693 libere
1302 1635 1551 1693 insidiari
1603 1636 2004 1704 matrimoniis;

422 1730 654 1786 insultet
684 1728 1016 1784 adversariis
1043 1729 1196 1785 dives
1226 1743 1425 1784 avarus
1465 1737 1517 1784 et
1546 1728 1709 1783 alieni
1769 1743 2007 1798 usurpa-

421 1829 529 1889 tor,
593 1836 754 1877 nemo
799 1820 1225 1876 conviciatorem
1263 1826 1534 1884 coerceat,
1590 1819 1740 1890 iuret
1785 1819 2008 1875 assidue

422 1913 714 1987 periurus:
745 1920 928 1967 manet
952 1911 1103 1967 enim
1138 1927 1288 1968 mors
1319 1912 1484 1968 etiam
1510 1911 1746 1981 iustum,
1795 1911 2010 1981 religio-
2042 1898 2084 1953 Β

419 2020 564 2068 sum,
599 2019 664 2059 ac
697 2006 868 2075 pium,
896 2002 1149 2076 iurisque
1171 2003 1396 2074 iurandi
1419 2004 1822 2059 observantem.
1857 2002 2006 2057 Men-

423 2095 592 2150 tiatur
632 2095 812 2165 quivis
843 2096 983 2149 alius
1008 2102 1274 2165 quantum
1305 2095 1436 2150 velit
1467 2112 1480 2149 :
1518 2094 1704 2150 nullus
1734 2095 1878 2150 enim
1916 2110 2006 2150 ve-

427 2188 611 2242 rilatis
648 2187 864 2242 fructus
887 2228 903 2253 ,
934 2200 1096 2242 nemo
1129 2185 1389 2257 pauperis
1417 2186 1779 2253 misereatur;
1808 2180 2006 2256 expers

419 2280 567 2334 eri-im
595 2277 978 2335 misericordia
1025 2276 1295 2333 mercedis
1347 2285 1453 2333 est.
1506 2275 1831 2347 Huiusmodi
1880 2294 2004 2333 scn-

421 2384 518 2424 sus
553 2378 607 2424 et
632 2368 995 2440 cogitationes
1038 2365 1276 2437 peiorem
1309 2364 1514 2422 diluvio
1548 2365 1820 2420 inducunt
1871 2381 2005 2420 cou—

423 2459 717 2520 l‘nsioncm.
747 2467 802 2513 et
826 2473 1047 2514 omnem
1094 2471 1284 2512 sanam
1316 2457 1537 2528 quidem
1586 2457 1857 2511 rationem
1912 2473 2006 2512 ex-

424 2552 677 2624 pellunt;
717 2550 1050 2605 iuriosorum
1086 2558 1268 2605 autem
1299 2561 1353 2604 et
1402 2549 1677 2603 latronum
1731 2548 2004 2618 quaslibet

423 2644 790 2714 cogitationes
822 2651 876 2697 et
916 2641 1147 2697 consilia
1205 2648 1411 2696 acuunt
1440 2649 1602 2710 atque
1652 2639 1999 2694 confirmant.

422 2734 559 2790 liam
592 2733 639 2789 si
670 2733 1004 2789 resurrectio
1034 2747 1143 2788 non
1174 2740 1295 2796 est,
1343 2723 1413 2787 ne
1460 2730 1726 2800 iudicium
1782 2733 2000 2800 quidem

422 2825 563 2890 erit;
603 2823 820 2878 sublato
844 2830 1025 2878 autem
1061 2821 1294 2892 iudicio,
1318 2822 1479 2876 etiam
1501 2821 1664 2875 timor
1696 2818 1788 2874 Dei
1838 2821 2001 2875 simul

424 2914 658 2985 eiicitur.
681 2911 782 2968 Ubi
813 2921 995 2969 autem
1019 2913 1185 2968 timor
1213 2929 1322 2967 non
1352 2912 1599 2976 cohibet,
1625 2926 1725 2967 nec
1746 2911 1800 2965 in
1827 2912 2003 2966 oliiciu

424 3004 678 3061 honiines
710 3004 973 3070 continet,
1001 3004 1074 3059 ibi
1101 3019 1225 3058 cum
1281 3013 1507 3074 peccato
1535 3003 1784 3058 diabolus
1829 3004 2004 3073 tl‘ipzx-

424 3096 558 3157 diat,
591 3106 756 3167 atque
792 3097 1024 3152 choreas
1049 3095 1222 3151 ducit.
1256 3094 1434 3166 Atque
1459 3094 1750 3149 admodum
1804 3110 2002 3148 conve—

425 3187 643 3241 nienter
671 3194 725 3239 et
758 3196 881 3257 apte
910 3185 1176 3242 adversus
1228 3186 1367 3241 tales
1411 3184 1581 3240 David
1641 3187 1795 3240 illum
1857 3188 2002 3255 psal-

2191 532 2332 586 ’Δλλ⁹
2369 534 2545 598 οὐδεὶς
2600 533 2751 589 οὕτω
2785 535 3051 606 Mm
3091 532 3197 587 τῶν
3254 531 3695 602 σωφρονούντων.

2106 624 2172 677 Τί
2186 624 2258 692 γά
2279 642 2308 697 ρ
2329 624 2520 694 ὄφελος
2531 624 2895 695 δικαιοσύνης,
2917 626 3015 679 καὶ
3041 624 3323 697 “in.
3350 623 3446 677 καὶ
3465 623 3699 694 χρηστό-

2105 735 2303 789 τητος,
2343 720 2441 772 καὶ
2486 718 2688 782 παντὸς
2727 718 2822 772 τοῦ
2865 718 3071 784 καλοῦ;
3124 718 3271 788 ὑπὲρ
3304 715 3553 781 diruptis
3601 731 3700 785 μο-

2105 808 2296 879 χθοῦσι
2328 810 2423 863 καὶ
2452 809 2830 879 φιλοσοφοῦσιν
2874 810 3149 882 ἄνθρωποι
3172 850 3188 877 ,
3233 808 3475 878 γαστρὸς
3504 806 3698 879 ἡδονὴν

2105 900 2600 971 δου).αγωγοῦντες,
2664 903 2759 955 καὶ
2814 901 3132 971 ἀγαπῶντες
3190 901 3514 971 ἐγκράτειαν
3535 938 3551 963 ,
3604 897 3704 955 ad

2109 993 2278 1048 ὓπνου
2307 993 2444 1065 πρὸς
2467 992 2646 1061 ὀλίγον
2688 992 3205 1064 μεταλαγχάνοντες,
3236 991 3329 1045 καὶ
3362 987 3701 1061 παραταττό-

2110 1102 2261 1156 μενοι
2306 1085 2443 1156 πρδς
2483 1085 2727 1156 χειμῶνα
2776 1085 2868 1138 καὶ
2907 1087 3115 1153 πνῖγος,
3161 1085 3210 1136 εί
3253 1082 3569 1145 ἀνάστασις·
3597 1081 3698 1133 οὐκ

2107 1175 2288 1241 gmw;
2316 1174 2572 1246 Εἴπωμεν
2604 1174 2740 1246 πρὸς
2772 1175 2934 1242 αὐτὰ,
2961 1175 3029 1229 τὰ
3050 1177 3270 1246 ῥήματα
3301 1171 3552 1237 Παύλου;
3583 1169 3698 1225 Φά-

2107 1285 2302 1340 γωμεν
2349 1267 2446 1322 καί
2490 1268 2751 1338 πίωμεν-ο
2803 1267 3014 1336 αὔριον
3053 1268 3166 1337 γὰρ
3206 1264 3694 1334 ἀποθνήσκομεν.

2108 1363 2171 1415 Εἰ
2196 1360 2490 1424 ἀνάστασις
2515 1360 2615 1415 οὐκ
2656 1359 2822 1424 ἔστιν,
2863 1357 2998 1413 ἀλλὰ
3032 1359 3204 1430 πέρας
3252 1357 3347 1411 τοῦ
3383 1357 3497 1428 βίου
3531 1356 3698 1410 θάνα-

2107 1472 2219 1520 τος,
2237 1453 2402 1510 ’άνελέ
2433 1471 2522 1523 μοι
2559 1453 2894 1525 κατηγορίας
2923 1452 3017 1506 καὶ
3046 1453 3246 1522 ψόγους
3264 1468 3277 1480 ·
3300 1451 3391 1514 δὸς
3420 1449 3695 1505 ἀκώλυτον

2107 1548 2184 1619 τῷ
2221 1547 2530 1618 ἀνδροφόνῳ
2567 1546 2665 1618 τὴν
2702 1544 2981 1611 ἐξουσίαν’
3026 1544 3162 1614 ἄφες
3197 1543 3286 1597 τὸν
3334 1543 3518 1613 μοιχὸν
3561 1542 3699 1607 μετά

2109 1638 2421 1711 παρρησίας
2454 1636 2823 1694 ἐπιϐουλεύειν
2853 1638 2968 1702 τοῖς
3004 1637 3223 1707 γάμοις,
3257 1634 3516 1707 τρυφάτω
3556 1633 3698 1687 κατὰ

2106 1732 2214 1785 τῶν
2265 1731 2521 1786 ἐναντίων
2573 1730 2920 1800 πλεονέκτης,
2983 1729 3170 1800 μηδεὶς
3216 1727 3557 1781 ἐπικοπτέτω
3609 1725 3699 1778 τὸν

2109 1822 2366 1894 λοίδορον,
2396 1822 2612 1894 ὀμνύτω
2646 1820 2882 1892 συνεχῶς
2916 1822 2945 1874 ὀ
2978 1821 3264 1892 ἐπίορκος’
3294 1819 3443 1890 μένει
3473 1818 3582 1888 γάρ
3607 1818 3701 1870 θᾶ-

2113 1930 2272 1977 νατος
2309 1912 2403 1966 καὶ
2432 1913 2522 1966 τὸν
2558 1910 2801 1984 εὔορκον.
2840 1909 3134 1964 Ψευδέσθω
3177 1908 3335 1971 ἄλλος
3377 1907 3476 1961 ὅσα
3517 1905 3701 1977 βούλε-

2115 2023 2235 2059 ται·
2271 2006 2444 2069 οὐδεὶς
2470 2003 2578 2075 γάρ
2603 2004 2698 2072 τῆς
2719 2002 2976 2074 ἀληθείας
3000 2000 3231 2072 καρπός.
3255 1999 3462 2070 Μηδεὶς
3484 1998 3701 2052 ἐλεείτω

2113 2097 2203 2150 τὸν
2251 2096 2488 2168 πένητα·
2529 2095 2758 2165 ἄμισθος
2790 2095 2899 2165 γάρ
2937 2096 3085 2148 ἐστιν
3125 2095 3154 2148 ό
3197 2092 3365 2155 ἔλεος.
3407 2090 3593 2146 Ταῦτα
3632 2092 3700 2145 τά

2113 2190 2458 2261 φρονήματα,
2492 2188 2708 2261 χείρονα
2742 2189 2887 2240 ποιεῖ
2928 2185 3023 2240 τοῦ
3069 2183 3454 2257 κατακλυσμοῦ
3498 2182 3701 2253 σύγχυ-

2115 2299 2199 2335 σιν
2225 2298 2239 2311 ·
2273 2281 2368 2334 καὶ
2394 2281 2569 2334 πάντα
2595 2280 2693 2350 μὲν
2725 2278 2974 2333 ἐκϐάλλει
3020 2277 3271 2352 σώφρονα
3297 2277 3475 2342 λόγον,
3512 2276 3618 2328 πᾶν
3645 2275 3703 2328 δε

2111 2372 2287 2444 νόημα
2317 2370 2541 2442 μανικὸν
2572 2372 2665 2426 καὶ
2694 2370 2983 2444 λῃστρικὸν
3015 2369 3289 2442 ἐπιθήγει.
3332 2369 3394 2421 Εί
3429 2367 3536 2438 γάρ
3569 2367 3702 2421 ἀνά-

2113 2483 2300 2528 στασις
2331 2465 2431 2518 οὐκ
2460 2464 2628 2529 ἐστιν,
2656 2464 2774 2519 οὐδὲ
2803 2465 2983 2535 κρίσις
3003 2481 3016 2493 ·
3042 2464 3090 2517 εἰ
3125 2462 3179 2515 δέ
3208 2460 3385 2532 κρίσις
3414 2458 3700 2530 ἀνῄρηται,

2111 2554 2205 2608 καὶ
2245 2553 2408 2622 φόϐος
2457 2552 2589 2606 Θεοῦ
2638 2553 3072 2607 συνεκϐάλλεται.
3109 2552 3283 2604 Ὅπου
3334 2549 3388 2602 δὲ
3433 2547 3595 2615 φόϐος
3637 2547 3700 2598 οὗ

2112 2644 2456 2715 σωφρονίζει,
2485 2645 2602 2699 ἐκεῖ
2643 2644 2856 2716 χορεύει
2889 2645 3025 2715 μετά
3058 2642 3157 2713 τῆς
3194 2640 3468 2713 ἁμαρτίας
3514 2641 3542 2693 ὁ
3584 2638 3703 2692 διάο

2110 2734 2285 2798 ϐολος.
2330 2734 2438 2788 Καὶ
2484 2734 2605 2788 λίαν
2651 2734 2924 2807 ἁρμοδίως
2972 2734 3109 2806 πρὸς
3155 2733 3426 2797 τοιούτους
3463 2733 3490 2784 ὁ
3540 2731 3704 2784 Δαεὶὸ

2109 2828 2315 2881 ἐκεῖνον
2343 2827 2616 2899 ἀνέγραψε
2644 2827 2732 2880 τὸν
2757 2825 2969 2898 ψαλμὸν
2985 2843 2998 2856 ·
3031 2821 3217 2880 Εἶπεν
3243 2824 3446 2892 ἄφρων
3472 2823 3541 2876 ἐν
3567 2839 3703 2890 xop-

2108 2919 2208 2988 δίῃ
2262 2920 2449 2974 αὑτοῦ
2477 2937 2490 2950 ·
2553 2922 2672 2974 οὐκ
2724 2918 2855 2973 ἔστι
2920 2920 3083 2983 Θεός.
3140 2915 3553 2985 Δίεςεθάρησιιν
3605 2914 3703 2967 καὶ

2107 3009 2561 3080 ἐϐδελύχθησάν
2616 3010 2688 3064 ἐν
2740 3008 3227 3078 ἐπιτηδεύμασιν.
3284 3008 3345 3060 Εἰ
3408 3005 3703 3068 ἀνάστασις

2108 3103 2208 3156 οὐκ
2240 3103 2375 3167 ἐστι,
2410 3102 2627 3174 μῦθοςὸ
2654 3101 2925 3174 Λάζαρος,
2986 3101 3079 3153 καὶ
3120 3103 3147 3153 ό
3195 3098 3470 3163 πλούσιος,
3508 3097 3603 3152 καὶ
3642 3097 3703 3149 τὸ

2110 3194 2377 3265 φρικῶδες
2405 3194 2592 3264 χάσμα
2613 3233 2628 3259 ,
2658 3193 2752 3247 καὶ
2775 3193 2807 3265 ἡ
2831 3190 2925 3245 τοῦ
2956 3191 3127 3263 πυρὸς
3158 3191 3383 3260 ἄσχετος
3408 3190 3699 3259 φλόγωσις,

427 3291 576 3330 mum
606 3276 864 3346 scripsit:
900 3275 1049 3329 Dixit
1085 3290 1265 3329 amens
1293 3276 1343 3328 in
1380 3274 1536 3329 corde
1568 3289 1703 3329 suo:
1765 3273 1887 3329 Non
1931 3285 2007 3328 est

2115 3251 2270 3358 Ᾱςῖιιὴ
2297 3251 2529 3358 διακαὴς
2553 3251 2807 3356 vltima;
2829 3284 2923 3339 καὶ
2955 3285 2988 3356 ἡ
3018 3251 3326 3354 ποθουμένη
3364 3281 3578 3352 σταγὼν
3607 3281 3701 3336 τοῦ

429 3367 590 3423 θείω.
628 3366 878 3437 Corrupli
900 3377 950 3423 et
979 3366 1366 3422 abominabiles
1400 3368 1533 3437 facti
1583 3376 1704 3421 sunt
1737 3367 1790 3421 in
1818 3366 2011 3423 studiis

425 3468 476 3513 et
497 3460 763 3513 exercitiis
794 3460 907 3514 suis
944 3460 1009 3514 ".
1035 3457 1192 3525 Quod
1223 3459 1268 3513 si
1289 3459 1622 3514 resurrectio
1652 3475 1759 3513 non
1792 3469 1896 3523 est,
1929 3459 2011 3513 ia-

428 3550 557 3606 hula
588 3551 832 3605 Lazarus
861 3558 916 3605 et
946 3550 1102 3606 dives
1129 3551 1221 3605 ille
1245 3559 1331 3606 est
1355 3570 1369 3604 :
1398 3550 1527 3605 item
1560 3549 1933 3607 formidabilis
1959 3559 2013 3605 et

427 3642 737 3699 horrendus
783 3642 875 3698 ille
904 3643 1126 3710 hiatus;
1179 3649 1234 3697 et
1276 3642 1370 3698 ille
1429 3642 1787 3697 intolerabilis
1850 3645 2013 3696 ardor

428 3735 570 3807 ignis
599 3745 653 3789 et
683 3733 1072 3801 inﬂammatio;
1128 3734 1312 3803 lingua
1346 3732 1476 3787 item
1510 3732 1741 3788 ardens:
1786 3732 1851 3788 ad
1900 3734 2013 3789 haec

350 3814 409 3834 ’³
428 3825 740 3883 desiderata
771 3833 922 3895 gutta
955 3840 1131 3896 aquae,
1157 3824 1471 3896 digitusque
1502 3823 1765 3880 mendici.
1825 3825 2010 3881 Palam

427 3919 574 3975 enim
602 3928 708 3982 est,
736 3917 882 3988 quod
914 3917 1028 3971 haec
1050 3917 1235 3971 omnia
1287 3917 1447 3972 nobis
1509 3914 1748 3971 futuram
1803 3918 2012 3987 signiﬁ-

429 4018 559 4065 cant
585 4009 1075 4066 resurrectionem.
1121 4006 1331 4080 Lingua
1380 4009 1527 4065 enim
1558 4024 1620 4063 ac
1655 4008 1865 4079 digitus
1901 4026 2008 4064 non

431 4105 768 4174 incorporea:
795 4102 1039 4156 membra
1071 4100 1265 4156 anima:
1292 4101 1692 4169 intelliguntur,
1712 4103 1805 4157 sed
1829 4112 2012 4173 partes

431 4197 701 4267 corporis.
744 4195 823 4251 Ac
850 4209 1012 4248 nemo
1040 4201 1192 4265 putet
1222 4194 1338 4249 haec
1381 4194 1497 4265 iam
1537 4196 1861 4265 contigisse,
1915 4198 2009 4252 sed

436 4285 847 4357 p-"adictionem
882 4299 1007 4340 esse
1056 4284 1258 4338 futuri:
1312 4286 1566 4342 evenient
1626 4294 1807 4340 autem
1858 4296 2008 4355 tunc,

429 4393 555 4432 cum
584 4377 866 4433 renovatio
888 4378 1128 4431 animam
1181 4378 1416 4435 mortuis
1463 4377 1779 4445 reddiderit,
1829 4390 1885 4433 et
1940 4380 2009 4434 ad

430 4468 763 4524 reddendam
794 4477 931 4522 actae
963 4469 1088 4522 vitae
1134 4467 1398 4523 rationem
1429 4484 1874 4539 unumqumnque
1922 4485 2010 4525 re-

429 4562 669 4623 duxerit,
702 4559 1067 4630 compositurum
1118 4560 1309 4614 eodem
1337 4559 1498 4614 modo
1550 4575 1659 4630 quo
1712 4562 1886 4630 prius,
1942 4577 2005 4617 ex

431 4651 611 4706 anima
636 4659 689 4705 et
709 4664 938 4719 corpore
960 4657 1329 4704 constantem.
1359 4648 1530 4704 Porro
1555 4649 2008 4706 Ezechieldivino

431 4743 628 4815 spiritu
656 4752 850 4812 raptus
880 4740 951 4807 “‘,
994 4749 1047 4795 ct
1089 4757 1407 4814 magnarum
1463 4743 1734 4798 visionum
1801 4758 2015 4813 specta-

431 4847 539 4902 tor,
569 4834 634 4890 ad
691 4848 852 4905 quam
918 4833 1107 4904 utique
1165 4834 1496 4889 sententiam
1554 4843 1610 4888 et
1671 4834 2008 4891 intellectum

431 4928 827 4992 deducebatur,
856 4939 981 4979 cum
1028 4924 1162 4980 vidit
1192 4940 1445 4996 magnum
1501 4925 1675 4992 illum,
1737 4941 1802 4981 ac
1851 4927 2011 4998 longe

430 5024 648 5091 lateque
683 5026 956 5089 patentem
987 5033 1239 5088 campum
1261 5017 1515 5074 humanis
1534 5018 1753 5074 ossibus
1769 5020 2024 5090 comple—‘

431 5124 567 5178 tum,
603 5112 671 5166 de
696 5110 896 5181 quibus
920 5108 1218 5179 iubebatur
1245 5108 1573 5179 prophetare
1592 5110 1618 5164 τ
1652 5110 1856 5167 Carnes
1888 5112 2011 5183 qui-

430 5207 554 5259 dem
578 5202 689 5257 illis
716 5202 898 5257 statim
929 5199 1345 5255 obducebantur
1365 5219 1378 5255 :
1400 5216 1522 5271 quae
1553 5210 1731 5256 autem
1756 5203 1933 5257 soluta
1949 5217 2013 5259 ac

429 5304 636 5352 temere
659 5292 919 5362 nulloque
939 5291 1133 5347 ordine
1156 5291 1387 5361 disiecta
1405 5300 1583 5355 erant,
1608 5293 1661 5347 in
1680 5302 1863 5363 aptum
1881 5310 1983 5349 con
1998 5324 2014 5336 -

432 5386 849 5454 venientemque
867 5383 972 5440 sibi
992 5383 1225 5439 invicem
1245 5383 1495 5439 ordinem
1521 5392 1574 5439 et
1591 5400 1906 5455 compagem
1928 5401 2017 5443 re-

432 5481 759 5550 digebantur
793 5479 967 5548 atque
995 5477 1399 5533 coalescebant.
1426 5480 1621 5533 Annon
1655 5481 2007 5551 perspicuum

506 5659 548 5691 ¹²
584 5659 764 5716 lCor.
798 5676 889 5728 xv,
920 5660 1008 5714 32.
1090 5658 1131 5691 ’³
1173 5655 1319 5712 Psai.
1350 5670 1472 5724 xm,
1509 5656 1561 5712 l.

2115 3379 2326 3445 ὓδατος,
2356 3381 2450 3433 καὶ
2474 3381 2502 3432 ὁ
2524 3378 2785 3442 δάκτυλος
2810 3377 2902 3432 τοῦ
2927 3377 3166 3449 πτωχοῦ.
3195 3377 3467 3448 Πρόδηλον
3491 3374 3598 3447 γὰρ
3621 3376 3703 3429 ὅτι

2112 3471 2285 3525 ταῦτα
2314 3471 2515 3537 πάντα,
2548 3471 2610 3525 τὸ
2645 3471 2834 3543 μέλλον
2866 3471 3181 3539 ἐξεικονίζει
3210 3471 3310 3541 τῆς
3332 3470 3700 3532 ἀναστάσεως.

2113 3564 2340 3619 nam:
2376 3563 2486 3634 γάρ
2531 3564 2626 3619 καὶ
2670 3563 2950 3630 δάκτυλος,
2995 3563 3056 3617 οὐ
3099 3553 3198 3633 τῆς
3235 3563 3525 3633 ἀσωμάτου
3567 3562 3702 3634 μέλη

2111 3656 2289 3726 ψυχῆς
2323 3659 2545 3723 νοεῖται,
2576 3655 2711 3711 ἀλλὰ
2756 3657 2898 3730 μέρη
2939 3657 3033 3710 τοῦ
3066 3656 3337 3726 σώματος.
3372 3657 3480 3709 Καὶ
3515 3655 3704 3727 μηδεὶς

2112 3747 2308 3802 οἰέσθω
2343 3746 2516 3803 ταῦτα
2558 3748 2658 3821 ἤδη
2705 3748 3043 3820 πεπράχθαι,
3074 3749 3210 3803 ἀλλά
3252 3746 3702 3820 προαναφώνησιν

2113 3834 2253 3892 εἶναι
2299 3836 2394 3891 τοῦ
2435 3838 2720 3909 μέλλοντος
2739 3856 2753 3870 ·
2784 3839 2938 3894 ἔσται
2983 3840 3039 3894 δὲ
3070 3840 3213 3907 τότε,
3242 3842 3369 3896 ὅταν
3401 3843 3434 3912 ἡ
3468 3840 3704 3911 μετακὸ-

2115 3943 2343 3999 σμησις,
2386 3925 2684 3997 ψυχὼσασα
2714 3927 2843 3993 τοὺς
2894 3929 3140 4001 νεκροὺς,
3169 3930 3305 3999 πρὸς
3335 3928 3431 3993 τὰς
3475 3929 3711 4005 εὐθύνας

2111 4018 2345 4072 ἕκαστον
2381 4018 2491 4072 τῶν
2538 4018 2884 4090 βεϐιωμένων
2939 4020 3191 4094 ἀναγάγῃ
3214 4062 3227 4085 ,
3274 4021 3525 4075 σύνθετον
3575 4020 3704 4074 ὄντα

2112 4109 2296 4175 καθὼς
2329 4111 2619 4183 πρότερον,
2664 4110 2760 4165 καὶ
2804 4111 2893 4165 διά
2926 4110 3104 4183 ψυχῆς
3150 4113 3244 4167 καὶ
3288 4111 3537 4183 σώματος
3576 4129 3703 4166 συν-

2112 4201 2338 4256 εστῶτα.
2379 4201 2437 4255 Ὀ
2465 4200 2523 4255 δέ
2556 4200 2982 4273 θεοφορούμενος
3021 4202 3297 4274 Ἰεζεκιὴλ,
3331 4204 3426 4257 καὶ
3462 4203 3571 4257 τῶν
3607 4220 3707 4274 μευ·

2114 4291 2296 4361 γάλων
2337 4292 2613 4348 ὀπασιῶν
2658 4293 2883 4367 θεωρὸς,
2925 4294 3061 4366 πρὸς
3107 4296 3266 4350 ποίαν
3315 4296 3425 4371 ᾷρα
3466 4296 3703 4350 διςὶνοιαν

2110 4384 2466 4456 ὁδηγούμενος
2499 4384 2693 4438 ἔϐλεπε
2726 4384 2787 4438 τὸ
2809 4387 2951 4456 μέγα
2984 4387 3079 4440 καὶ
3111 4387 3496 4460 ἀνηπλωμένον
3528 4388 3704 4442 ἐκεῖνο

2111 4474 2309 4539 πεδίον,
2354 4473 2415 4527 τὺ
2453 4475 2621 4547 γέμον
2662 4476 2769 4529 τῶν
2815 4476 3170 4548 ἀνθρωπίνων
3207 4478 3428 4542 ὀστέων,
3476 4477 3598 4532 καθ’
3628 4472 3701 4531 ὧν

2111 4561 2391 4616 ἐκελεύετο
2419 4564 2813 4636 προφητεύεινς
2847 4565 2958 4618 Καὶ
2995 4565 3196 4638 σάρκες
3238 4567 3335 4637 μὲν
3360 4567 3587 4632 ἐκείνοις
3614 4568 3703 4620 εύ-

2112 4655 2208 4720 θὺς
2249 4657 2624 4728 περιεφύοντο,
2655 4656 2724 4710 τά
2783 4656 2838 4710 δέ
2890 4657 3159 4730 λελυμένα
3195 4659 3287 4712 καὶ
3334 4659 3584 4724 ἀτάκτοις
3624 4658 3703 4713 δι-

2114 4748 2449 4820 ερριμμένα,
2496 4750 2579 4813 είς
2617 4748 2769 4814 τάξιν
2820 4753 2914 4803 καὶ
2967 4751 3230 4821 ἁρμονίαν
3285 4750 3536 4822 ἀλλήλοις
3581 4767 3703 4804 συν-

2112 4839 2388 4893 εκολλᾶτο.
2421 4841 2493 4893 Ἦ
2525 4840 2812 4913 πρόδηλον,
2854 4842 2933 4907 ὡς
2973 4843 3064 4897 διά
3100 4843 3210 4899 τῶν
3245 4841 3500 4897 τοιούτων
3529 4843 3703 4913 λόγων

2111 4934 2214 5004 τὴν
2246 4934 2347 5005 τῆς
2376 4934 2578 5006 σαρκὸς
2616 4933 2817 5005 ταύτης
2854 4936 3149 4991 ἀναϐίωσιν
3179 4939 3310 5009 ἡμῖν
3343 4937 3543 5002 ἱκανῶς
3567 4938 3701 4991 biso-

2112 5023 2382 5077 δείκνυσιν
2407 5041 2423 5091 ;
2470 5024 2624 5095 Ἐμοὶ
2655 5023 2712 5079 δὲ
2742 5025 2989 5079 δοκοῦσιν
3022 5027 3070 5078 οἱ
3112 5025 3248 5097 πρὸς
3280 5024 3467 5079 τοῦτον
3494 5025 3585 5079 τὸν
3613 5025 3703 5077 λό-

2106 5133 2201 5184 γον
2235 5115 2523 5184 ἐριστικῶς
2553 5114 2790 5186 ἕχοντες,
2824 5119 2885 5171 ού
2916 5117 3196 5181 δυσσεϐεῖς
3230 5118 3411 5188 μόνον,
3445 5117 3580 5171 ἀλλὰ
3610 5119 3703 5172 καὶ

2106 5206 2511 5276 παραπαίοντες
2542 5202 2702 5263 εἶναι.
2744 5208 3066 5274 Ἀνάστασις
3112 5208 3222 5283 γάρ
3275 5210 3369 5264 καὶ
3409 5210 3703 5274 ἁναϐίωσις

2109 5297 2204 5350 καὶ
2249 5297 2659 5371 μετακόσμησις
2710 5300 2804 5353 καὶ
2831 5303 3007 5355 πάντα
3043 5302 3111 5356 τά
3161 5300 3388 5356 τοιαῦτα
3436 5303 3699 5373 ὀνόματα,

2108 5388 2247 5460 πρὸς
2278 5389 2338 5442 τὸ
2367 5388 2526 5460 σῶμα
2558 5391 2618 5445 τὸ
2647 5394 2711 5464 τῇ
2749 5392 2924 5464 φθορᾷ
2958 5393 3314 5465 ὑποκείμενον
3359 5393 3454 5447 τοῦ
3489 5394 3702 5464 ἀκροω-

2120 5478 2280 5548 μένου
2331 5478 2487 5551 φέρει
2534 5480 2631 5551 τὴν
2673 5480 2901 5537 ἔννοιαν.
2946 5481 3036 5546 Ὠς
3069 5482 3104 5553 ἦ
3136 5498 3199 5552 γε
3232 5480 3377 5554 ψυχὴ
3414 5479 3552 5553 αὐτὴ
3583 5475 3703 5533 καθ’

1642 5657 1688 5689 ιδ
1722 5655 1923 5712 Ezech.
1951 5671 2161 5726 xxxv",
2196 5657 2222 5711 1
2248 5674 2370 5730 sqq.
