4154 6354
409 278 510 333 ὅῗῗ
1310 283 1378 340 IN
1418 283 1695 344 CHRISTI
1734 287 2373 349 RESURRECTIONEM
2414 296 2620 351 ORAT.
2665 299 2755 356 ΙΙΙ.
3578 306 3683 364 678

408 394 602 466 ἑαυτὴν
642 392 1021 465 ἐξεταζομένη,
1068 393 1262 449 οὔποτε
1292 399 1673 470 ἀναστήσεται,
1715 402 1899 474 ἐπειδὴ
1933 421 1953 474 ι

2056 410 2080 466 l
2109 409 2351 476 estquod
2373 425 2466 478 per
2483 410 2796 480 hujusmodi
2826 412 2982 470 nobis
2998 415 3199 486 scripta
3221 423 3681 494 earnishujusre-

407 489 654 557 τελευτᾷ,
683 487 796 540 ἀλλ’
815 486 1088 557 ἄφθαρτός
1111 488 1220 540 ἐστι
1252 489 1346 542 καὶ
1370 490 1690 563 ἀνώλεθρος.
1711 493 1953 546 Ἀοάνατι

2103 497 2516 553 suscitatiouem
2533 501 2750 556 abunde
2769 503 2902 559 satis
2921 505 3285 564 demonstrat?
3300 511 3424 567 Mihi
3446 531 3574 568 vero
3588 520 3678 586 qni

405 581 460 632 δὲ
488 579 828 649 ὑπάρχουσα,
853 577 1044 648 θνητὸν
1072 578 1184 649 ἔχει
1209 581 1268 632 τὸ
1296 583 1547 636 κοινωνὸν
1590 584 1696 637 τῶν
1732 587 1996 657 πραγμάο

404 689 541 722 των’
581 671 674 723 καὶ
716 670 802 722 διὰ
842 669 999 722 τοῦτο
1045 671 1193 741 παρά
1236 670 1312 742 τῷ
1359 672 1551 742 δικαίῳ
1597 677 1758 745 κριτῇ
1807 679 1867 730 ἐν
1919 676 1995 746 τῷ

406 762 581 833 καιρῷ
629 762 736 814 τῶν
783 762 1020 814 εὐθυνῶν
1068 763 1337 834 ἐνοικήσει
1391 765 1550 819 πάλιν
1609 766 1684 836 τῷ
1726 767 1990 838 συνεργῷ,

406 857 490 906 ἵνα
524 856 639 922 μετ’
663 854 869 907 ἐκείνου
904 853 1088 918 κοινὰς
1129 855 1346 926 δέξηται
1395 857 1494 921 τὰς
1533 858 1780 923 κολάσεις
1817 860 1848 930 ἤ
1894 862 1992 924 τάς

401 947 582 1016 τιμάς.
639 946 850 999 Μᾶλλον
897 946 952 999 δὲ
981 946 1068 998 ἴνα
1097 950 1189 1000 καὶ
1233 949 1391 1001 πλέον
1423 953 1556 1020 ἡμῖν
1584 945 1619 1001 ’ὁ
1659 949 1814 1018 λόγος
1860 953 1990 1005 ἀκο-

401 1038 714 1108 λουθότερος
741 1038 984 1106 γένηται,
1030 1037 1171 1091 οὓτω
1219 1041 1602 1111 σκοπήσωμεψ
1641 1042 1744 1094 Τὸν
1782 1042 1990 1113 ἄνθρω-

401 1148 502 1182 πον
533 1131 583 1181 τί
618 1147 796 1200 φαμεν
823 1147 836 1193 ;
868 1129 929 1182 τὸ
963 1133 1386 1202 συναμφότερον,
1413 1132 1444 1202 ἢ
1477 1133 1534 1184 τὸ
1567 1133 1786 1203 ἓτερον;
1829 1133 1991 1187 Ἀλλά

405 1221 666 1292 πρόδηλον
707 1220 781 1284 ὡς
828 1223 861 1292 ἡ
920 1221 1150 1290 συζυγία
1207 1222 1314 1275 τῶν
1358 1221 1451 1275 δύο
1500 1223 1892 1294 χαρακτηρίζει
1929 1223 1990 1276 τὸ

403 1311 560 1376 ζῶον.
593 1314 665 1365 Οὑ
705 1314 813 1385 γάρ
839 1315 1116 1385 προσῆκεν
1145 1316 1201 1366 ἐν
1223 1317 1334 1376 τοῖς
1361 1315 1860 1386 ἀναμφισϐητήτως
1894 1316 1988 1368 καὶ

399 1404 695 1474 γνωρίμοις
728 1405 1042 1475 παρέλκειν.
1073 1404 1273 1457 Τούτου
1305 1405 1362 1458 δὲ
1409 1404 1578 1468 οὕτως
1618 1405 1850 1475 ἔχοντος,
1887 1407 1988 1459 κά-

401 1500 544 1548 κεῖνο
597 1496 1099 1567 προσλογισώμεθα,
1154 1498 1413 1568 πότερον,
1456 1497 1490 1551 ἃ.
1535 1498 1858 1568 πράττουσιν
1895 1499 1987 1552 ἄν-

398 1586 626 1657 θρωποι,
665 1586 776 1639 οἷον
818 1587 1084 1658 μοιχείαν,
1117 1589 1295 1658 φόνον,
1321 1589 1548 1661 κλοπὴν,
1592 1591 1686 1644 καὶ
1720 1593 1828 1644 πᾶν
1859 1591 1911 1642 εἰ
1932 1608 1982 1644 τι

393 1677 602 1740 τούτοις
631 1679 912 1748 ἑπόμενον,
941 1679 972 1748 ἢ
1007 1680 1335 1746 τούναντίον,
1372 1681 1743 1753 σωφροσύνην,
1783 1681 1983 1754 ἐγκρά-

2101 587 2366 646 adversus
2395 591 2540 646 hunc
2580 608 2889 649 sermonem
2921 599 3275 666 pertinaciter
3313 608 3676 674 contendunt,

2099 695 2208 733 non
2240 680 2390 751 impii
2447 685 2648 750 solum,
2671 690 3027 744 verumetiam
3058 692 3234 748 insani
3262 711 3386 751 esse
3403 699 3673 755 videntur.

2096 769 2448 828 Resurrectio
2470 776 2614 830 enim
2637 784 2690 832 et
2715 778 2922 835 reditus
2951 782 3017 835 ad
3039 786 3226 849 vitam,
3245 796 3297 840 et
3317 787 3680 844 transforma-

2095 862 2192 926 tio,
2235 871 2288 916 et
2317 864 2498 919 omnia
2532 867 2657 920 talia
2691 869 2954 924 vocabula
2984 872 3049 925 ad
3084 889 3285 943 corpus
3336 881 3672 949 corruptioni

2094 953 2388 1008 obnoxium
2419 957 2805 1027 cogitationem
2833 963 3105 1018 audientis
3141 965 3368 1024 ducunt.
3390 969 3522 1024 Nam
3553 974 3672 1026 ani-

2094 1061 2180 1100 ma
2213 1046 2453 1116 quidem,
2480 1049 2524 1102 si
2553 1050 2670 1120 ipsa
2708 1067 2804 1121 per
2830 1066 2950 1108 sese
2972 1056 3396 1114 examineturct
3418 1064 3668 1116 excutia-

2091 1145 2202 1200 tur,
2242 1153 2518 1209 nunquam
2551 1153 2825 1212 resurget,
2855 1145 3074 1214 quando
3111 1149 3328 1218 quidem
3363 1167 3468 1206 non
3500 1157 3668 1208 mori-

2093 1239 2198 1293 tur,
2246 1231 2339 1284 sed
2382 1232 2637 1287 interitus
2673 1243 2726 1288 et
2762 1237 3130 1306 corruptionis
3172 1249 3255 1294 est
3287 1258 3505 1312 expers.
3529 1245 3664 1299 Cum

2090 1325 2271 1372 autem
2309 1318 2378 1372 sit
2404 1319 2749 1384 immortalis,
2780 1325 3225 1397 morta!ecorpus
3254 1333 3465 1384 sociqu
3506 1333 3666 1388 habet

2089 1409 2366 1462 actionum
2416 1428 2430 1464 :
2482 1422 2646 1480 atque
2685 1412 2892 1468 idcirco
2942 1416 3082 1484 apud
3135 1418 3345 1488 justmn
3397 1421 3660 1492 judicem,

2087 1506 2332 1570 tempore
2363 1501 2762 1559 rcddendarum
2809 1507 3106 1575 rationum,
3144 1526 3336 1568 rursus
3366 1514 3517 1569 socio
3561 1532 3662 1569 suo

2087 1591 2434 1658 inhabitahit,
2488 1603 2546 1648 ut
2600 1612 2722 1649 cum
2766 1597 2858 1650 illo
2921 1614 3238 1659 communes
3295 1605 3524 1675 recipiat
3577 1610 3659 1662 vel

2087 1697 2276 1751 plenas
2309 1687 2388 1738 vel
2423 1687 2662 1754 praemia.
2696 1687 2850 1744 Enim
2875 1706 3003 1746 vero
3028 1709 3137 1763 quo
3153 1696 3326 1766 magis
3357 1697 3515 1754 nobis
3535 1714 3661 1753 ora-

393 1786 565 1834 τειαν,
595 1753 686 1823 καὶ
711 1773 890 1824 πᾶσαν
914 1769 1011 1842 τὴν
1037 1772 1309 1825 ἀντίθετον
1334 1773 1432 1842 τῆς
1460 1772 1655 1835 κακίας
1680 1771 1953 1843 ἐνέργειαν

2056 1795 2058 1806 ι
2086 1777 2162 1828 tio
2188 1786 2557 1832 consentanea
2586 1783 2678 1845 sit,
2715 1782 2813 1836 hoc
2845 1784 3005 1840 modo
3051 1801 3163 1840 rem
3224 1791 3652 1848 consideremus.

392 1862 503 1915 τῶν
529 1863 620 1916 δύο
653 1863 829 1934 φαμὲν
879 1864 1143 1934 ὑπάρχειν
1191 1863 1623 1935 ἀποτελέσματα,
1654 1864 1688 1934 ἢ
1727 1867 1791 1936 τῇ
1839 1864 1981 1936 ψυχῇ

393 1955 531 2025 μόνῃ
558 1955 654 2020 τὰς
687 1957 913 2027 πράξεις
945 1955 1361 2026 περιορίζομεν;

2083 1862 2370 1918 Hominem
2401 1867 2530 1935 quid
2556 1884 2680 1924 esse
2705 1869 2960 1937 dicimus,
3014 1887 3307 1948 utrumque
3355 1881 3541 1948 simul,
3585 1899 3654 1938 an

2081 1955 2311 2008 alterum
2350 1958 2642 2026 separatim
2668 1959 2692 2013 ?
2717 1962 2784 2013 At
2809 1964 3158 2020 manifestum
3189 1976 3293 2032 est,
3322 1971 3469 2039 quod
3520 1989 3655 2028 con-

388 2045 602 2112 junctio
629 2049 914 2100 amborum
955 2047 1206 2118 designat
1235 2047 1458 2100 animal.
1493 2045 1610 2101 Non
1637 2048 1782 2102 enim
1816 2047 2072 2102 convenit
2101 2047 2154 2100 in
2192 2047 2356 2103 rebus
2390 2051 2571 2114 notis,
2606 2065 2669 2105 ac
2700 2052 2834 2106 nihil
2868 2057 3259 2112 controversiae
3291 2060 3344 2113 in
3385 2078 3443 2116 se
3475 2068 3654 2120 conti-

391 2144 667 2209 nentihus,
697 2143 972 2214 superﬂuo
1004 2146 1078 2198 uti
1108 2145 1532 2200 sermone.Cum
1568 2145 1671 2199 hoc
1702 2146 1775 2200 ita
1799 2146 1888 2209 sit,
1919 2145 2052 2199 illud
2085 2160 2304 2214 quoque
2332 2145 2556 2217 insuper
2586 2149 3018 2217 consideremus,
3043 2164 3224 2208 utrum
3249 2171 3332 2222 ea,
3360 2173 3482 2226 qua:
3503 2175 3654 2214 com-

390 2238 612 2292 u-ittunt
647 2253 710 2292 ac
737 2249 1049 2308 perpetrant
1076 2240 1346 2304 homines,
1371 2242 1516 2294 verbi
1545 2240 1742 2311 gratia,
1771 2240 2120 2305 adulterium,
2148 2242 2368 2305 easdem,
2405 2241 2607 2297 furtum
2634 2259 2698 2298 ac
2721 2246 2986 2317 quidquid
3018 2249 3101 2305 his
3123 2250 3280 2306 aliine
3301 2263 3383 2307 est
3413 2272 3426 2308 :
3458 2265 3551 2310 aut
3584 2274 3648 2311 ev

387 2329 684 2390 contrario,
729 2330 1102 2392 sobrietatem,
1145 2332 1560 2395 continentiam,
1597 2340 1649 2388 et
1680 2347 1895 2388 omnem
1927 2334 2060 2388 vitio
2097 2335 2404 2405 oppositam
2445 2336 2746 2404 actionem,
2781 2339 3064 2411 utriusque
3103 2341 3338 2400 dicimus
3368 2361 3492 2401 esse
3523 2350 3651 2403 elic-

389 2432 531 2484 ctus,
565 2437 632 2475 au
673 2425 868 2476 anima:
907 2423 1080 2477 solum
1107 2424 1616 2479 circumscribimus
1640 2426 1926 2478 actiones?

378 2551 380 2554 μ
468 2513 626 2565 Ἀλλά
659 2514 761 2566 κᾶν
785 2513 927 2566 οὑτω
954 2513 1216 2584 πρόδηλος
1241 2516 1272 2585 ἡ
1303 2514 1545 2583 ἀλήθεια.
1573 2515 1822 2586 Ούδαμοῦ
1852 2515 1960 2586 γάρ

384 2606 753 2674 ἀποσχίζουσα
803 2603 897 2658 τοῦ
948 2605 1202 2675 σώματος
1246 2608 1278 2674 ἡ
1329 2605 1475 2676 ψυχὴ
1501 2646 1514 2667 ,
1553 2607 1584 2676 ἦ
1622 2607 1718 2677 τὴν
1753 2607 1959 2675 κλοπὴν

382 2698 727 2768 ἐπιτηδεύει,
760 2697 793 2766 ἢ
839 2696 936 2766 τὴν
972 2699 1329 2768 τοιχωρυχίαν
1377 2699 1698 2768 ἐργάζεται·
1751 2697 1858 2751 οὐδ’
1889 2695 1956 2752 αὖ

383 2791 518 2863 μόνη
555 2790 631 2859 τῷ
680 2790 933 2841 πεινῶντι
970 2788 1059 2841 τὸν
1091 2788 1253 2858 ἄρτον
1291 2789 1524 2852 δίδωσιν,
1561 2789 1594 2860 ἢ
1632 2792 1834 2854 ποτίζει
1866 2789 1956 2842 τὸν

377 2878 612 2947 διψῶντα
637 2917 650 2940 ,
681 2879 712 2947 ἢ
756 2879 888 2950 πρὸς
922 2879 978 2932 τὸ
1009 2878 1384 2948 δεσμωτήριον
1422 2879 1630 2942 ἀόκνως
1656 2879 1954 2946 ἐπείγεται,

380 2972 466 3024 ἵνα
513 2971 824 3040 θεραπεύσῃ
869 2972 958 3022 τὸν
1002 2969 1362 3040 δεσμωτηρίῳ
1395 2970 1799 3040 κεκακωμένον·
1841 2970 1956 3023 ἀλλ’

2139 2514 2206 2568 At
2241 2515 2402 2569 etiam
2434 2517 2486 2570 in
2519 2516 2620 2570 hoc
2653 2517 2938 2574 manifesta
2992 2524 3189 2579 veritas
3239 2535 3341 2580 est.
3371 2527 3646 2601 Nusquam

2065 2609 2208 2659 enim
2243 2624 2271 2658 a
2299 2623 2530 2676 corpore
2557 2617 2806 2678 separata
2833 2612 3014 2667 anima
3036 2616 3115 2668 vel
3153 2616 3353 2672 fultum
3391 2625 3647 2677 conlinit-

2067 2698 2153 2760 tit,
2181 2698 2262 2752 Vel
2312 2703 2546 2767 parietes
2594 2706 2891 2773 perrumpit
2919 2722 2932 2769 ;
2987 2722 3162 2775 neque
3197 2720 3386 2764 contra
3415 2714 3530 2767 sola
3561 2717 3644 2770 vcl

2065 2805 2255 2857 panem
2280 2794 2675 2859 esurientidat,
2702 2796 2781 2848 vel
2806 2806 2990 2865 potum
3044 2800 3250 2854 sitienti
3302 2805 3524 2872 pra-bet,
3562 2809 3643 2860 vel

2065 2883 2120 2934 in
2153 2898 2428 2936 carcerem
2467 2883 2609 2938 haud
2645 2890 2908 2955 gravatim
2941 2892 3192 2946 concedit
3235 2901 3291 2946 ut
3319 2896 3556 2950 ol'lieium
3589 2908 3643 2952 et

2065 2975 2434 3029 ministerium
2467 2984 2684 3045 pra-stet
2713 2977 2762 3031 ei
2781 2979 2872 3047 qui
2894 2995 3114 3036 carcere
3143 2984 3434 3055 alnigitur;
3465 2989 3556 3042 sed
3584 2990 3640 3043 in

379 3066 471 3115 ἐπὶ
501 3064 677 3133 πάσης
711 3061 962 3132 πράξεως
1008 3061 1256 3131 ἀλλήλοις
1291 3062 1574 3131 ἀμφότερα
1622 3062 1953 3128 συνεφάπτε-

2062 3066 2210 3118 onmi
2247 3067 2459 3120 actione
2491 3068 2650 3120 ambo
2673 3067 2773 3121 sibi
2810 3069 3042 3124 invicem
3073 3073 3361 3140 conjuncta
3394 3078 3555 3131 simul
3589 3092 3642 3134 et

376 3172 465 3209 ται
495 3155 588 3206 καὶ
615 3152 964 3205 συναποτελεῖ
988 3153 1055 3204 τά
1088 3152 1367 3222 γινόμενα.
1400 3152 1522 3214 Πῶς
1547 3153 1723 3206 τοίνυν
1751 3153 1955 3207 τούτων

375 3245 548 3307 οὕτως
586 3245 836 3313 ἐχόντων,
874 3244 967 3296 καὶ
999 3244 1182 3313 κρίσιν
1212 3243 1322 3295 τῶν
1352 3243 1698 3314 βεϐιωμένων
1733 3244 1953 3299 ἔσεσθαι

377 3335 692 3404 συγχωρῶν,
729 3335 977 3403 ἀποσπᾷς
1003 3333 1095 3385 τοῦ
1127 3333 1316 3404 ἐτέρου
1355 3334 1414 3385 τὸ
1447 3335 1662 3405 ἕτερον;
1695 3336 1804 3388 Καὶ
1842 3354 1954 3389 κοι-

376 3427 480 3478 νῶν
512 3426 679 3478 ὄντων
707 3425 813 3476 τῶν
841 3425 1235 3494 εἰργασμένων,
1262 3428 1327 3496 τῇ
1357 3426 1500 3495 ψυχῇ
1537 3426 1670 3496 μόνῃ
1714 3427 1952 3498 περιορί-

372 3518 485 3583 ζεις
515 3518 576 3570 τὸ
603 3517 982 3587 δικαστήριον;
1018 3517 1079 3568 Εἰ
1107 3515 1163 3568 δέ
1193 3533 1274 3579 τις
1301 3515 1534 3586 ἀκριϐὴς
1564 3516 1772 3584 γένοιτο
1799 3516 1950 3570 δικα-

374 3609 505 3680 στὴς
542 3607 649 3661 τῶν
687 3607 1040 3678 ἀνθρωπίνων
1069 3605 1579 3677 πλημμελημάτων,
1617 3607 1710 3660 καὶ
1739 3609 1946 3682 σκοπή-

372 3719 512 3754 σειεν
536 3698 837 3770 ἐπιμελῶς,
874 3698 1034 3752 πόῗλεν
1063 3699 1285 3766 φύονται
1320 3700 1375 3751 αἱ
1408 3698 1623 3768 πρῶται
1645 3699 1744 3769 τῆς
1765 3700 1945 3771 ἀμαρ-

369 3794 488 3855 τίας
518 3793 708 3855 αἰτίαι,
737 3791 875 3860 τάχα
907 3791 1120 3859 πρῶτον
1152 3789 1416 3842 ἁτακτοῦν
1444 3791 1500 3843 ἐν
1527 3793 1637 3853 τοῖς
1666 3791 1945 3862 ἐγκλήμα-

369 3902 453 3937 σιν
483 3886 700 3955 εὑρήσει
729 3884 787 3936 τὸ
825 3883 1002 3954 σῶμα.
1049 3881 1388 3952 Ἦρεμούσης
1425 3883 1532 3954 γάρ
1560 3883 1817 3946 πολλάκις
1844 3884 1943 3951 τῆς

363 3977 560 4048 ψυχῆς,
591 3978 683 4030 καὶ
706 3977 944 4048 γαλήνην
970 3975 1201 4047 ἐχούσης
1223 3975 1513 4046 ἀτάραχον,
1542 3971 1678 4028 εἶδεν
1699 3978 1726 4028 ὁ
1747 3976 1943 4044 ὀφθαλ-

369 4070 466 4141 μ⁵ς
490 4071 744 4140 ἐμπαθῶς
766 4069 800 4124 ἃ
827 4070 899 4140 μὴ
924 4068 1218 4122 θεάσασθαι
1245 4067 1450 4137 βέλτιον
1473 4064 1560 4139 ἦν,
1587 4069 1680 4122 καὶ
1702 4071 1766 4140 τῇ
1793 4069 1937 4140 ψυχῇ

364 4161 739 4232 φνρραπέμψας
767 4162 866 4230 τὴν
915 4160 1088 4222 νόσον,
1142 4159 1219 4220 εἰς
1259 4157 1507 4228 χειμῶνα
1549 4158 1642 4211 καὶ
1695 4157 1938 4212 κλύδωνα

365 4264 460 4324 την
499 4254 728 4322 ἡσυχίαν
775 4251 1089 4322 μετέϐαλεν.
1132 4249 1363 4318 Ὁμοίως
1403 4250 1456 4301 αἱ
1490 4249 1650 4302 ἀκοαὶ
1688 4251 1938 4320 ἀσχημό-

363 4364 469 4396 νων
492 4345 650 4397 τινῶν
682 4344 713 4413 ἢ
743 4342 1149 4414 παροξυντικῶν
1190 4340 1563 4393 ἐπακούσασαι
1594 4341 1788 4410 λόγων,
1823 4336 1933 4394 οἷον

360 4439 449 4492 διά
474 4454 630 4490 τινων
666 4436 920 4505 σωλήνων
957 4435 1165 4489 ἑαυτῶν
1193 4435 1284 4488 τὸν
1324 4434 1422 4502 τῆς
1454 4433 1699 4503 ταραχῆς
1723 4472 1736 4496 ,
1769 4433 1801 4503 ἢ
1843 4433 1934 4486 τὸν

360 4531 457 4599 τῆς
487 4527 753 4597 ἀκοσμίας
798 4525 1054 4599 βόρϐορον
1089 4529 1200 4589 τοῖς
1221 4526 1499 4594 λογισμοῖς
1540 4524 1930 4594 ἐπεισρέουσιν.

363 4619 518 4671 Ἔστι
545 4617 597 4670 δὲ
637 4619 726 4669 ὅτε
761 4617 854 4670 καὶ⁴
893 4620 926 4685 ή
964 4619 1046 4685 ῥὶς
1087 4615 1172 4668 διὰ
1212 4616 1310 4685 τῆς
1341 4615 1642 4683 αἰσθήσεως
1689 4614 1781 4666 καὶ
1825 4614 1932 4667 τῶν

359 4709 547 4778 ἀτμῶν
581 4707 790 4777 μεγάλα
828 4723 885 4758 τε
917 4708 1010 4759 καὶ
1049 4707 1341 4759 άνείκαστα
1376 4707 1520 4758 κακή
1549 4705 1815 4773 διατίθησι
1842 4705 1931 4758 τὸν

356 4801 559 4857 ἔσωθεν
584 4802 888 4870 ἄνθρωπον.
922 4799 1108 4851 Οίδασι
1143 4799 1236 4851 καὶ
1257 4801 1437 4868 χεῖρες
1466 4797 1554 4850 διὰ
1582 4797 1681 4868 τῆς
1712 4798 1931 4867 ἐπαφῆς

356 4894 629 4964 καρτερᾶς
682 4890 860 4961 ψυχῆς
906 4887 1220 4958 ἐκθηλύνειν
1274 4889 1626 4960 στερρότητα.
1683 4889 1789 4950 Καί
1838 4906 1928 4957 μοι

354 4985 493 5043 κατὰ
523 4985 715 5055 μικρὸν
739 4982 906 5044 οὕτως
937 4982 1144 5034 ἐπιόντι
1173 4982 1266 5034 καὶ
1300 4983 1652 5052 σκοπουμένῳ
1682 4982 1928 5035 ὑπαίτιον

352 5076 662 5145 εὑρίσκεται
684 5073 790 5126 τῶν
824 5071 1032 5124 πολλῶν
1057 5071 1342 5142 ἁμαρτιῶν
1371 5072 1430 5124 τι
1454 5074 1747 5148 σωμάτιον,
1769 5074 1926 5144 Φέρει

351 5165 404 5216 δέ
437 5165 681 5226 καὶτοὺς
733 5163 872 5234 ὑπὲρ
920 5163 1119 5233 ἀρετῆς
1170 5161 1394 5227 πόνους,
1446 5165 1538 5216 καὶ
1574 5167 1686 5226 τοῖς
1721 5165 1925 5232 ἀγῶσιν

351 5255 614 5325 ἐμμοχθεῖ
645 5255 752 5307 τῶν
783 5253 986 5317 καλῶν,
1026 5254 1354 5324 τεμνόμενον
1390 5253 1591 5326 σιδήρῳ
1611 5297 1625 5320 ,
1673 5257 1764 5308 καὶ
1792 5258 1924 5328 πυρὶ

351 5347 698 5416 φλεγόμενον,
724 5347 817 5399 καὶ
841 5345 1150 5416 ξαινόμενον
1173 5344 1412 5415 μάστιξι,
1437 5346 1530 5398 καὶ
1561 5347 1923 5418 βαρυνόμενον

349 5438 634 5507 ἀργαλέοις
672 5440 909 5509 δεσμοῖς,
954 5437 1048 5490 καί
1092 5437 1270 5489 πᾶσαν
1303 5436 1571 5506 ὑπομένον
1607 5438 1807 5508 λώϐην,
1837 5440 1921 5492 ἵνα

351 5529 427 5598 μὴ
456 5528 636 5598 προδῷ
666 5529 762 5600 τὴν
807 5529 958 5600 ἱερὰν
989 5527 1327 5598 φιλοσοφίαν,
1374 5527 1561 5600 ὥσπερ
1601 5530 1723 5583 τινὰ
1767 5533 1921 5585 πόλιν

349 5619 681 5690 κσλίπυργον
722 5621 1144 5692 κεκυκλωμένην
1184 5619 1264 5690 τῷ
1299 5620 1397 5689 τῆς
1443 5621 1638 5684 κακίας
1676 5624 1916 5696 πολέμῳς

347 5710 408 5763 Εἰ
438 5711 612 5766 τοίνυν
645 5713 700 5764 ἐν
752 5711 1137 5783 κατορθώμασι
1173 5712 1474 5783 συμμοχθεί
1509 5715 1575 5784 τῇ
1608 5713 1750 5787 ψυχῇ
1780 5756 1794 5781 ,
1826 5719 1917 5772 καὶ

2057 3166 2352 3224 capessunt
2376 3165 2426 3209 et
2456 3154 2743 3224 perﬁciunt
2769 3171 2832 3210 ca
2866 3173 2985 3226 qua:
3007 3168 3260 3228 aguntur.
3289 3161 3405 3228 Qua
3431 3165 3640 3220 ratione

2057 3247 2222 3315 igitur
2257 3261 2378 3300 cum
2404 3246 2518 3300 hzec
2554 3246 2625 3300 ita
2666 3247 2797 3309 sint,
2848 3257 2900 3303 et
2928 3258 3051 3324 ante
3085 3262 3333 3306 acturum
3365 3255 3635 3324 judicium

2055 3339 2170 3394 fore
2196 3338 2488 3403 concedas,
2551 3339 2781 3393 alterum
2813 3339 2883 3394 ab
2933 3341 3102 3396 altero
3149 3343 3360 3400 divellis
3383 3347 3406 3399 ?
3428 3357 3479 3402 et
3510 3365 3634 3404 cum

2052 3431 2282 3485 alterum
2327 3431 2484 3485 alteri
2517 3431 2570 3484 in
2610 3433 2921 3487 commissis
2957 3443 3010 3486 et
3064 3439 3388 3505 perpetratis
3422 3443 3632 3496 socium

2050 3535 2175 3574 esse
2209 3519 2327 3584 des,
2386 3521 2565 3572 anima
2626 3521 2744 3575 sola
2785 3521 3052 3589 judicium
3085 3523 3415 3581 deacrmiuas
3471 3539 3634 3596 atque

2048 3610 2500 3666 circumscribis?
2527 3611 2680 3676 Quod
2715 3611 2760 3665 si
2800 3612 2924 3682 quis
2979 3629 3138 3670 Verus
3166 3615 3488 3672 delictorum
3525 3621 3631 3674 hu-

2047 3716 2330 3755 manorum
2358 3701 2524 3770 judex
2563 3701 2763 3768 fuerit,
2810 3710 2864 3756 et
2924 3703 3212 3772 diligenter
3257 3709 3625 3777 perpenderit,

2047 3795 2189 3847 unde
2220 3794 2405 3862 prima:
2437 3794 2644 3863 peccati
2676 3809 2855 3848 causae
2885 3795 3156 3860 oriantur,
3212 3799 3443 3855 fortasse
3476 3804 3630 3871 prius

2045 3883 2097 3935 in
2131 3882 2287 3951 culpa
2347 3895 2510 3953 atque
2555 3884 2788 3940 crimine
2835 3902 3037 3957 corpus
3103 3889 3341 3946 inveniet
3377 3893 3544 3949 ollicii
3575 3905 3630 3951 ct

2043 3972 2345 4028 honestatis
2381 3973 2513 4029 lines
2539 3975 2823 4032 excedere.
2868 3977 3000 4032 Nam
3033 3982 3350 4049 quiescente
3378 4001 3628 4054 saepenu-

2043 4077 2192 4116 mero
2231 4063 2434 4128 anima,
2469 4073 2523 4118 et
2553 4064 2605 4118 in
2639 4068 2932 4136 tranquillo
2965 4078 3108 4124 statu
3143 4063 3281 4127 Vsine
3340 4075 3446 4128 ulla
3504 4093 3626 4146 per-

2041 4149 2353 4206 turbatione
2404 4153 2722 4220 constituta,
2779 4157 2971 4212 oculus
3032 4172 3338 4218 commotus
3392 4165 3536 4221 videt
3561 4184 3624 4223 ea

2039 4273 2160 4326 qua:
2190 4275 2295 4313 non
2327 4264 2680 4332 conspexisse
2727 4266 2922 4321 melius
2953 4266 3172 4335 luisset,
3219 4279 3274 4326 ct
3303 4273 3356 4327 in
3383 4276 3620 4331 animam

2039 4353 2289 4405 morbum
2322 4355 2724 4422 transmittens,
2755 4357 2810 4410 in
2843 4365 3222 4429 tempestatem
3255 4379 3319 4418 ac
3346 4367 3618 4424 turbinem

2038 4441 2274 4508 quietem
2307 4445 2826 4513 actranquillitatem
2856 4453 3434 4528 com'ertit._Similiter
3459 4472 3622 4515 ames

2039 4532 2423 4592 inverecundis
2452 4539 2777 4608 quibusdam
2808 4551 2971 4613 atque
3016 4549 3472 4607 cxacerbanlibus
3500 4569 3619 4607 ver-

2035 4621 2120 4676 bis
2166 4626 2430 4694 exceptis,
2464 4643 2558 4695 per
2611 4631 2872 4698 quasdam
2921 4636 3077 4701 quasi
3121 4636 3206 4688 sui
3258 4637 3497 4706 ipsarum
3549 4640 3614 4694 li-

2033 4716 2224 4779 stulas,
2296 4722 2726 4787 perturbationis
2791 4732 2885 4778 aut
2941 4725 3339 4784 invcrecundim
3396 4746 3614 4787 caenum

2031 4809 2457 4876 cogitationibus
2511 4812 2754 4867 inferunt
2809 4825 2972 4886 atque
3029 4818 3313 4875 inducunt.
3345 4820 3614 4879 Nonnun-

2030 4916 2190 4968 quam
2253 4902 2414 4956 etiaru
2472 4920 2638 4959 nasus
2692 4906 2890 4962 olfactu
2946 4919 3000 4962 ct
3065 4918 3297 4966 attractu
3347 4929 3608 4983 vaporum

2029 4991 2241 5060 magnis
2256 5001 2309 5046 et
2336 4993 2674 5052 inconcessis
2707 4998 2851 5052 vitiis
2883 4999 3153 5056 hominem
3184 5004 3353 5057 inlicit
3386 5005 3612 5060 interio—

2028 5097 2165 5138 rem.
2229 5083 2416 5140 Solent
2481 5089 2606 5144 item
2667 5107 2864 5147 manus
2927 5098 3357 5148 contrectatione
3417 5096 3609 5151 validas

2026 5174 2222 5229 anima:
2254 5178 2420 5231 robur
2455 5179 2788 5236 clleminare.
2843 5183 3018 5254 Atque
3069 5200 3170 5254 ego
3230 5187 3491 5255 paulatim
3532 5189 3606 5242 ita

2026 5267 2382 5335 progrediens
2416 5273 2979 5341 atqueconsiderans,
3011 5292 3220 5346 magna:
3258 5280 3605 5346 peccatorum

2025 5356 2196 5424 partis
2228 5362 2616 5428 corpusculum
2651 5378 2773 5418 esse
2818 5379 3040 5419 causam
3097 5367 3334 5421 invenio.
3387 5369 3607 5423 Tolerat

2023 5455 2203 5500 autem
2229 5450 2387 5502 ctiam
2416 5467 2511 5519 pro
2537 5453 2737 5508 virtute
2764 5454 2998 5521 labores,
3035 5465 3087 5509 et
3123 5457 3176 5510 in
3207 5459 3605 5513 certaminilms
3672 5507 3690 5514 -

2024 5538 2374 5594 honestarum
2415 5559 2597 5597 rerum
2651 5547 2857 5600 laborat
2895 5553 2949 5600 et
2987 5547 3266 5618 allligitur,
3328 5549 3457 5604 dum
3522 5551 3604 5604 vel

2023 5629 2168 5683 ferro
2222 5643 2460 5697 secatur,
2493 5635 2575 5688 vel
2603 5635 2712 5706 igni
2765 5646 3062 5702 crematur,
3107 5640 3189 5692 vel
3227 5638 3411 5709 ﬂagris
3440 5641 3597 5694 caedi-

2022 5731 2127 5790 tur,
2165 5724 2245 5778 vel
2276 5726 2534 5795 gravibus
2572 5729 2804 5785 vinculis
2831 5737 3114 5796 oneratur,
3152 5742 3204 5786 ct
3233 5746 3450 5787 omnem
3478 5746 3603 5789 sus-
