4154 6354
490 226 599 281 ϐ’ῖ9

1782 226 1840 281 S.
1871 222 2199 280 GRECOlill
2224 219 2516 280 NYSSENI

3663 234 3773 293 (330

489 338 627 393 tinet
666 334 1050 393 adversitatem
1096 343 1151 391 et
1188 335 1560 404 afﬂictioncm,
1603 354 1670 392 ne
1705 354 1920 393 sacram
1956 354 2074 409 pro-

2186 340 2244 393 ἐν
2275 340 2666 412 ἁμαρτήμασιν
2694 342 2793 395 ούκ
2832 342 3289 413 ἀπολιμπάνεται’
3324 347 3484 400 πόθεν
3516 350 3775 423 ὁρμώμε-

488 428 585 483 dat
611 427 1035 498 philosophiam,
1067 434 1331 498 tauquam
1357 429 1596 500 egregiis
1627 431 1873 487 turribus
1918 447 2083 485 orna-

489 512 819 568 tam'urbem
855 514 1153 585 quamdam
1175 514 1322 569 bello
1355 515 1612 571 vitiorum
1636 525 1799 589 atque
1826 520 2083 590 nequitia:

486 605 933 660 circumsessam.
967 603 1023 659 Si
1058 605 1225 676 igitur
1244 606 1299 661 in
1328 606 1605 677 prmelaris
1631 609 1788 667 faetis
1816 626 1923 665 una
1956 628 2079 666 cum

488 696 674 750 anima
735 697 948 753 laborat
1006 705 1061 752 et
1122 696 1399 771 affligitur,
1456 710 1511 755 et
1561 701 1616 756 in
1678 704 1917 772 peccatis
1970 721 2079 760 non

487 787 645 844 abest
678 806 690 843 :
729 789 929 858 quibus
965 789 1273 844 rationibus
1302 800 1353 845 ct
1385 794 1723 862 argumentis
1777 802 1959 849 motus
1989 810 2081 850 so-

486 881 595 935 lam
648 882 1024 953 incorpoream
1084 882 1137 937 in
1168 883 1434 953 judicium
1472 884 1739 941 adducis?
1784 888 1856 940 At
1901 903 2081 958 neque

478 974 631 1042 jnsta
658 989 834 1043 neque
872 989 1130 1030 sanorum
1155 975 1439 1031 hominum
1466 979 1642 1033 oratio
1664 989 1768 1035 est.
1798 980 1855 1034 Si
1886 982 1999 1037 sola
2026 991 2081 1037 et

486 1064 633 1119 nuda
671 1066 939 1136 peccavit,
966 1066 1139 1121 solam
1164 1068 1329 1122 etiam
1367 1069 1557 1139 puniet
1590 1069 1713 1124 :sin
1747 1080 1930 1127 autem
1964 1087 2082 1127 ma-

483 1157 746 1213 nifestum
775 1159 939 1216 habet
970 1158 1297 1230 adjutorem,
1360 1177 1470 1217 non
1508 1163 1657 1218 hunc
1687 1165 1873 1234 justus
1908 1167 2076 1235 judt-x

478 1250 742 1307 dimittet.
802 1250 916 1322 Ego
944 1261 1122 1307 autem
1182 1253 1346 1308 etiam
1382 1256 1483 1309 hoc
1533 1254 1873 1326 Scripturam
1915 1260 2080 1313 audio

483 1340 830 1411 prodentem,
863 1341 1008 1413 quin!
1040 1343 1389 1399 condemnati
1422 1344 1591 1415 iustis
1614 1347 1926 1404 afficientur
1955 1366 2082 1421 sup.

484 1429 686 1499 pliciis,
723 1432 866 1501 igne,
892 1430 1154 1499 tenebris,
1191 1447 1397 1487 verme.
1427 1431 1559 1500 Qua:
1588 1437 1772 1490 omnia
1801 1442 2078 1508 composi-

434 1578 446 1591 ,
484 1531 687 1587 torum,
759 1538 823 1576 ac
875 1523 1240 1578 materialium
1294 1539 1591 1593 corporum
1655 1543 1830 1598 patrne
1863 1532 2079 1585 crucia-

483 1623 683 1685 tusque
711 1622 842 1669 sunt
873 1631 886 1668 :
918 1615 1156 1669 animam
1200 1631 1331 1671 vero
1354 1631 1452 1687 per
1470 1633 1591 1673 sese
1616 1622 1906 1689 separatim
1936 1621 2077 1694 ignis

482 1720 763 1777 umquam
796 1707 1037 1778 attigerit
1063 1727 1076 1763 :
1111 1724 1210 1763 nec
1239 1709 1476 1765 tenebrae
1505 1711 1723 1782 quidem
1753 1713 1801 1769 ei
1836 1715 2076 1772 molesta:

484 1798 711 1866 fuerint,
741 1810 928 1872 utpote
957 1816 1080 1872 quae
1105 1801 1282 1858 oculis
1323 1810 1495 1868 caret,
1528 1810 1583 1859 et
1612 1805 1830 1861 videndi
1868 1806 2076 1865 instru~

483 1901 792 1947 mentorum
826 1908 1024 1964 expers
1051 1901 1154 1949 est.
1179 1893 1322 1960 Quid
1368 1904 1551 1951 autem
1584 1897 1785 1954 vermis
1814 1897 2074 1965 effecerit,

482 1984 578 2053 qui
614 1999 906 2055 corporum
938 2000 1047 2040 non
1084 1986 1373 2055 spirituum
1405 1990 1805 2059 corruptricem
1836 1994 1941 2046 vim
1975 1993 2072 2048 ha-

485 2076 613 2131 bet?
633 2076 809 2147 Atque
843 2076 1054 2132 idcirco
1076 2079 1461 2135 consentaneis
1504 2079 1591 2137 his
1623 2084 2073 2140 considerationi-

484 2170 590 2225 lius
625 2178 681 2225 et
707 2169 1226 2227 ratiocinationibus
1262 2173 1506 2244 undique
1552 2176 1956 2245 compellimur,
2007 2179 2073 2233 ad

483 2261 950 2332 Comprobaudam
1009 2265 1471 2320 resurreCtionem
1506 2274 1875 2333 mortuorum,
1907 2284 2073 2339 quam

484 2351 944 2407 emwenientibus
962 2354 1298 2422 temporibus
1314 2352 1459 2410 Deus
1477 2355 1743 2425 perficiet,
1760 2359 1923 2413 rebus
1940 2360 2075 2429 ipsis

486 2459 618 2499 suos
641 2444 1039 2514 promissiones
1072 2444 1424 2501 confirmans.
1450 2445 1755 2503 Credamus
1788 2449 1955 2519 igitur
1987 2450 2074 2504 di-

482 2538 629 2591 ccnti
651 2554 663 2589 :
686 2535 852 2591 Cauet
876 2536 1013 2591 enim
1037 2536 1185 2595 tuba.
1201 2545 1250 2592 et
1268 2538 1462 2592 mortui
1486 2550 1757 2610 resurgent
1773 2541 1815 2572 ¹⁸
1832 2558 1847 2604 ;
1867 2556 1930 2596 ac
1951 2559 2073 2597 tur-

485 2641 604 2684 sus,
632 2623 780 2679 Venit
801 2625 953 2688 liora,
978 2626 1153 2696 inqua
1174 2642 1353 2681 omnes
1371 2628 1463 2696 qui
1483 2629 1537 2681 in
1561 2631 1911 2685 monumentis
1930 2641 2073 2696 sunt,

483 2718 705 2773 audient
724 2733 893 2772 vocem
916 2716 1053 2787 ejus,
1074 2725 1124 2771 et
1148 2716 1455 2787 prodibant,
1481 2720 1535 2771 Ιιὶ
1556 2721 1645 2790 qui
1662 2721 1797 2775 bona
1823 2722 2074 2790 fecerunt,

484 2808 541 2862 in
572 2807 1007 2863 resurrectionem
1036 2808 1159 2862 vitae
1176 2823 1194 2871 ;
1225 2808 1315 2879 qui
1360 2818 1536 2863 autem
1567 2812 1713 2865 mala
1761 2812 1985 2882 faciunt,
2021 2815 2077 2869 in

485 2901 924 2956 resurrectionem
942 2900 1137 2971 judicii
1161 2899 1226 2956 ".
1252 2898 1371 2954 Non
1398 2902 1541 2955 enim
1573 2904 1842 2973 promittit
1870 2906 2070 2973 solum,

482 3007 675 3048 verum
711 2992 875 3048 etiam
908 2990 1193 3063 operibus,
1245 3006 1367 3062 qtue
1405 2993 1648 3061 quotidie
1701 2995 1851 3060 facit,
1886 3007 2074 3066 aperte

483 3084 644 3139 docet
676 3081 821 3155 quod
854 3083 927 3139 sit
971 3083 1342 3153 omnipotens.
1387 3082 1575 3154 Neque
1632 3087 1777 3139 enim
1809 3087 1862 3140 in
1917 3088 2074 3143 initio

482 3174 616 3230 dum
637 3182 871 3237 crearet,
898 3173 1167 3229 laboravit
1197 3188 1261 3228 ac
1291 3173 1623 3244 defatigatus
1651 3186 1754 3239 est,
1818 3193 1994 3248 neque
2020 3180 2072 3233 in

482 3263 930 3322 transformando
964 3264 1238 3335 sapientia
1268 3262 1554 3334 indigebit.
1589 3263 1891 3320 Pm-seutia
1937 3282 2073 3321 cou-

482 3360 815 3431 sideremus,
853 3364 909 3411 et
951 3358 1030 3411 rei
1087 3356 1284 3411 futura:
1335 3355 1495 3409 fidem
1548 3372 1656 3411 non
1696 3356 2071 3417 detrahenms.

481 3452 620 3506 Cum
654 3451 799 3508 enim
830 3451 1012 3504 omnis
1042 3448 1282 3504 efficacia
1334 3449 1517 3503 di\iua
1561 3451 1819 3505 comitem
1873 3453 2071 3507 habent

480 3555 767 3613 stuporem
819 3549 875 3596 et
934 3542 1434 3597 consternationem
1494 3562 1507 3597 :
1551 3551 1664 3597 tum
1716 3558 1969 3615 magnum
2022 3556 2076 3600 ct

480 3632 867 3705 inexplicabile
895 3631 1219 3687 miraculum
1244 3640 1349 3698 est,
1386 3649 1511 3688 cum
1564 3643 1780 3706 patrum
1826 3644 1880 3691 ct
1915 3648 2074 3705 prea-

478 3742 680 3781 vurum
706 3723 1094 3780 similitudines
1124 3724 1284 3795 plene
1306 3726 1546 3781 transire
1581 3727 2073 3782 animadvertimus

477 3821 541 3875 in
571 3817 1111 3882 formasliberorum,
1169 3831 1235 3872 ac
1258 3828 1510 3888 posteros
1542 3819 1810 3887 majorum
1847 3838 2072 3876 suorum

476 3910 644 3981 quasi
660 3908 971 3979 exprimere
991 3916 1155 3977 atque
1177 3907 1383 3963 referre
1411 3908 1795 3981 figuras.'l‘uue
1814 3911 2071 3966 nimirum

476 4009 658 4060 artem
690 3999 1127 4071 praestantissimi
1157 3999 1372 4069 opificis
1401 4015 1469 4055 ac
1494 4002 1792 4058 servatoris
1826 4003 1921 4059 Dei
1951 4020 2075 4060 om-

476 4106 608 4150 nem
659 4090 939 4146 solertiam
994 4089 1053 4145 in
1105 4104 1227 4146 sese
1283 4092 1623 4162 complexam
1681 4108 1805 4149 cum
1864 4096 2071 4167 ingenti

482 4193 710 4255 stupere
730 4182 993 4251 admiror,
1008 4181 1285 4254 quomodo
1312 4198 1523 4249 eorum,
1557 4200 1680 4255 quae
1711 4202 1811 4242 nec
1833 4198 2069 4257 exstent,

480 4290 589 4333 nec
609 4283 931 4345 appareant,
957 4274 1259 4344 primorum
1284 4274 1502 4330 illorum
1523 4278 1917 4349 exemplarium
1947 4282 2072 4338 imi-

2184 443 2275 490 vo;
2318 429 2489 497 μόνην
2523 427 2625 497 τὴν
2662 426 2956 497 ἀσώματον
2987 428 3081 481 ἐπὶ
3108 429 3168 482 τὸ
3194 429 3545 503 δικαστήριον
3582 435 3773 502 ἀγειςς

2196 518 2335 572 Ἀλλ’
2366 518 2465 576 οὐκ
2512 519 2659 572 ἐστιν
2701 517 2823 573 οὔτε
2868 519 3074 585 δίκαιος
3112 521 3236 576 οὔτε
3277 524 3700 595 σωφρονούντων
3746 528 3776 579 ό

2181 609 2359 679 λόγος.
2386 611 2448 663 Εἰ
2478 609 2613 681 μήνη
2647 611 2741 665 καὶ
2769 612 2953 683 γυμνὴ
2996 611 3266 685 διήμαρτε
3292 654 3306 676 ,
3342 614 3512 687 μόνην
3548 617 3642 668 καὶ
3679 635 3771 670 κο.

2182 703 2357 757 λάσει·
2383 704 2431 756 εί
2463 702 2519 754 δὲ
2565 701 2798 773 φανερὸν
2828 702 2942 773 ἔχει
2981 703 3075 757 τὸν
3111 705 3394 776 συνεργὸν,
3441 707 3542 761 οὐκ
3574 710 3772 778 ἀφήσει

2179 790 2369 844 τοῦτον
2393 792 2421 843 ό
2450 788 2642 863 κριτὴς
2679 789 2885 855 δίκαιος
2924 788 3020 844 ῶν.
3074 790 3219 860 Ἐγὼ
3257 792 3315 846 δὲ
3354 794 3448 847 καὶ
3485 795 3643 849 τοῦτο
3674 798 3772 867 τῆς

2182 883 2404 954 Γραφῆς
2446 882 2628 935 ἀκούω
2680 881 2977 953 λεγούσης,
3023 883 3106 938 ὅτι
3153 885 3265 949 τοῖς
3301 888 3771 957 κατεγνωσμένοις

2182 974 2591 1044 ἐπιτεθήσονται
2620 974 2823 1027 δίκαιαι
2848 975 3137 1046 τιμωρίαι,
3160 976 3292 1048 πῦρ,
3318 978 3411 1031 καὶ
3438 979 3645 1043 σκότος,
3675 981 3770 1034 καὶ

2185 1066 2419 1139 σκώληξ.
2460 1069 2527 1122 Ἀ
2560 1069 2736 1121 πάντα
2763 1067 2871 1120 τῶν
2902 1068 3171 1122 συνθέτων
3204 1071 3298 1123 καὶ
3340 1070 3540 1124 ὑλικῶν
3583 1072 3753 1142 σωμά

2185 1178 2294 1214 των
2325 1161 2575 1225 κολάσεις
2605 1161 2762 1214 εἰσίν³
2792 1161 2970 1231 ψυχῆς
3004 1162 3061 1215 δὲ
3090 1162 3214 1215 καθ’
3246 1163 3446 1235 ἑαυτὴν
3489 1163 3673 1218 οὔποτ’
3702 1165 3768 1218 ἂν

2181 1250 2378 1320 ἅψαιτο
2407 1251 2539 1323 πῦρ·
2562 1252 2669 1305 οὐδ’
2700 1251 2765 1305 ἂν
2791 1254 2981 1316 σκότος
3007 1253 3178 1325 αὐτὴν
3199 1253 3491 1325 λυπήσειεν
3516 1256 3764 1327 ἀμοιροῦ-

2183 1357 2283 1393 σαν
2334 1339 2630 1412 ὀφθαλμῶν
2676 1341 2769 1394 καὶ
2808 1341 2918 1394 τῶν
2959 1342 3266 1412 βλεπτικῶν
3306 1344 3575 1414 ὀργάνων.
3611 1347 3676 1399 Τί
3717 1346 3763 1401 δ’

2180 1428 2246 1484 ἂν
2276 1431 2369 1484 καὶ
2395 1429 2612 1503 σκώληξ
2646 1432 2894 1503 πράξειε.
2932 1433 3199 1502 σωμάτων
3239 1435 3498 1505 ὑπάρχων
3531 1434 3763 1506 φθαρτι-

2180 1522 2302 1586 κδς,
2336 1522 2396 1576 οὐ
2431 1522 2793 1594 πνευμάτων;
2844 1523 2954 1577 Καὶ
2985 1524 3075 1577 διὰ
3107 1525 3264 1579 τοῦτο
3307 1529 3418 1590 τοῖς
3451 1527 3764 1593 ἀκολούθοις

2179 1614 2460 1687 λογισμοῖς
2490 1615 2826 1687 πανταχόθεν
2856 1615 3290 1688 ωνελαυνόμεθα
3321 1619 3457 1690 πρὸς
3488 1623 3764 1689 συγκατά-

2110 1695 2150 1751 Β
2180 1707 2329 1761 θεσιν
2356 1707 2458 1778 τῆς
2498 1708 2769 1780 ὲγέρσεως
2799 1707 2911 1761 τῶν
2940 1708 3172 1779 νεκρῶν,
3212 1711 3278 1781 ἦν
3315 1712 3429 1773 τοῖς
3459 1711 3762 1781 καθήκουσι

2179 1800 2392 1872 χρόνοις
2438 1798 2711 1853 ὲκτελέσει
2745 1802 2775 1854 ό
2819 1799 2983 1864 Θεὸς,
3019 1800 3201 1871 ἔργοις
3236 1800 3468 1870 βεϐαιῶν
3499 1802 3599 1865 τὰς
3628 1803 3763 1867 ἰδίας

2180 1891 2531 1959 ἐπαγγελίας.
2570 1891 2962 1962 Πιστεύσωμεν
2988 1892 3169 1946 τοίνυν
3208 1891 3287 1962 τῷ
3321 1892 3533 1961 λέγοντι
3557 1910 3569 1923 °
3608 1897 3762 1949 Σαλ.

2176 1984 2341 2037 alo-st
2395 1984 2542 2052 γὰρ,
2598 1983 2697 2036 καί
2756 1985 2809 2036 ct
2866 1981 3065 2050 νεκροὶ
3119 1981 3570 2047 ἀναστήσονται
3592 1999 3606 2013 ·
3667 1983 3762 2036 καὶ

2179 2077 2378 2130 πάλιν
2435 2077 2708 2144 Ἔρχεται
2756 2074 2900 2144 ὥρα,
2965 2076 3036 2128 ἐν
3077 2068 3119 2147 ᾗ
3164 2074 3386 2142 πάντες
3433 2079 3486 2128 ci
3529 2078 3599 2129 ἐν
3641 2077 3763 2141 τοῖς

2171 2168 2485 2238 μνημείοις
2542 2167 2913 2222 ἀκούσονται
2979 2165 3091 2235 τῆς
3144 2164 3348 2235 φωνῆς
3395 2167 3617 2233 αὐτοῦ,
3663 2168 3763 2221 καί

2175 2258 2649 2329 ἐκπορεύσονται
2710 2262 2766 2313 οἱ
2834 2258 2907 2314 τὰ
2985 2258 3178 2329 ἀγαθά
3240 2260 3603 2327 ποιήσαντες
3675 2262 3762 2325 είς

2173 2351 2521 2407 ἀνάστασιν
2566 2350 2719 2419 ζωῆς
2738 2391 2753 2410 .
2801 2353 2855 2405 οἱ
2903 2349 2973 2404 δὲ
3018 2351 3091 2406 τὰ
3136 2351 3341 2420 φαῦλα
3381 2351 3765 2421 πράσσοντες

2170 2447 2264 2510 εις
2314 2442 2660 2499 ἀνάστασιν
2711 2444 2985 2510 κρίσεως.
3024 2442 3099 2497 Οὐ
3134 2443 3248 2514 γὰρ
3288 2443 3629 2515 ὑπισχνεῖται
3663 2444 3764 2515 μό-

2174 2553 2286 2601 νον,
2332 2534 2470 2590 ἀλλά
2518 2535 2613 2588 καὶ
2654 2537 2767 2598 τοῖς
2816 2533 3031 2605 ἔργοις,
3078 2529 3162 2598 οἷς
3197 2535 3409 2588 ὲκτελεῖ
3450 2536 3574 2590 καθ’
3625 2536 3762 2606 ἠμέν

2177 2644 2300 2698 ραν,
2339 2626 2584 2681 διδάσκει
2638 2626 2826 2697 σαφῶς
2870 2626 2946 2689 ὡς
2990 2624 3107 2679 ἐστι
3146 2625 3576 2698 παντοδύναμος.
3622 2627 3763 2681 Οὕτε

2175 2718 2286 2790 γὰρ
2318 2720 2376 2773 ὲν
2411 2719 2555 2791 ἀρχῇ
2601 2718 2949 2790 δημιουργῶν
2980 2717 3208 2788 ἔκαμεν,
3242 2717 3363 2772 οὔτε
3394 2720 3764 2790 μεταμορφῶν

2176 2813 2442 2884 ἀπορήσει
2474 2811 2691 2882 σοφίας.
2723 2810 2806 2864 Τά
2834 2811 3077 2883 παρόντα
3120 2809 3513 2883 θεωρήσωμεν,
3552 2814 3648 2866 καὶ
3681 2811 3763 2884 τῷ

2178 2900 2426 2973 μέλλοντι
2470 2902 2572 2955 οὐκ
2622 2901 3014 2973 ἀπιστήσομεν.
3081 2900 3270 2975 Πάσης
3320 2902 3429 2974 γὰρ
3480 2904 3762 2975 ἐνεργείας

2176 2991 2269 3045 τοῦ
2332 2991 2468 3045 Θεοῦ
2528 2990 2823 3046 ἀκόλουθον
2877 2991 3107 3062 ἐχούσης
3166 2990 3266 3062 τὴν
3318 2990 3609 3064 ἔκπληξιν,
3665 2995 3763 3048 καὶ

2178 3085 2311 3138 πολὺ
2348 3084 2410 3138 τὸ
2447 3083 2633 3155 θαῦμα
2673 3083 2768 3136 καὶ
2807 3083 3107 3153 ἄφραστον,
3147 3083 3278 3139 ὅταν
3307 3083 3405 3148 τὰς
3450 3085 3559 3139 τῶν
3595 3085 3757 3142 πατέ-

2180 3195 2288 3249 ρων
2321 3177 2413 3232 καὶ
2468 3177 2821 3248 προπάππων
2865 3176 3189 3247 ὁμοιότητας
3247 3176 3554 3248 κατίδωμεν
3590 3193 3761 3247 μετα-

2176 3269 2466 3332 ϐαινούσας
2491 3267 2736 3339 ἀκριϐῶς
2783 3269 2863 3332 είς
2894 3267 2994 3331 τάς
3039 3266 3150 3321 τῶν
3198 3269 3480 3337 ἀπογόνων
3522 3268 3757 3343 μορφὰς,

2175 3362 2269 3415 καὶ
2302 3363 2572 3431 ἐκμαγεῖα
2601 3359 2919 3430 γινομένους
2959 3358 3088 3424 τοὺς
3123 3361 3321 3424 παῖδας
3348 3360 3457 3416 ἀπὸ
3479 3362 3586 3415 τῶν
3623 3377 3759 3434 προσ

2175 3450 2448 3521 πατόρων.
2477 3449 2613 3503 Τότε
2654 3448 2718 3521 δὴ
2758 3448 2859 3519 τὴν
2885 3449 3161 3518 πάνσοφον
3192 3449 3391 3521 τέχνην
3417 3450 3512 3503 τοῦ
3541 3451 3761 3522 ἀριστο-

2173 3539 2363 3610 τέχνου
2419 3538 2558 3592 Θεοῦ
2604 3538 2700 3593 καὶ
2759 3538 3017 3609 Σωτῆρος
3039 3539 3585 3612 ὑπερεκπλήττομαι,
3638 3542 3758 3607 πῶς

2172 3629 2281 3685 τῶν
2309 3631 2444 3702 μήτε
2476 3628 2647 3684 ὄντων
2679 3630 2819 3700 μήτε
2849 3629 3193 3701 φαινομένων
3221 3630 3547 3703 ἀρχετύπων
3575 3633 3632 3685 αἱ
3668 3651 3758 3704 μι-

2176 3723 2373 3794 μήσεις
2407 3722 2464 3777 ἓν
2496 3722 2795 3793 ἀπορρήτῳ
2839 3722 3124 3795 μυστηρίῳ
3159 3722 3616 3795 δημιουργοῦνται
3663 3726 3760 3783 καὶ

2174 3815 2629 3877 ἀναπλάσσονται,
2654 3814 2849 3879 ἀλλους
2873 3814 3028 3879 τινὰς
3054 3816 3181 3879 τοὺς
3205 3816 3508 3882 τεθνεῶτας
3542 3818 3632 3873 διὰ
3656 3819 3759 3888 τῆς

2173 3907 2454 3980 ἐνεργείας
2495 3905 2603 3959 τῶν
2645 3905 2831 3961 τύπων
2881 3906 3211 3977 ἐγείρουσαι.
3255 3908 3519 3976 Πολλάκις
3567 3911 3624 3966 δὲ
3663 3912 3760 3967 καὶ

2174 3999 2385 4053 πολλῶν
2413 3997 2549 4069 ὁμοῦ
2573 3996 2884 4070 προσώπων
2909 3997 2980 4052 τὰ
3010 3998 3275 4071 ἰδιώματα
3304 4001 3362 4053 ὲν
3392 4001 3473 4060 ἑνὶ
3496 4001 3758 4068 ἐξεικονί-

2173 4089 2326 4156 ζεται
2368 4088 2618 4162 σώματι⁹
2658 4088 2753 4146 τοῦ
2807 4088 3010 4161 πατρὸς
3062 4090 3096 4162 ή
3148 4091 3264 4163 ῥὶς,
3311 4091 3407 4147 τοῦ
3463 4093 3687 4150 πάππου
3720 4094 3758 4148 ό

2170 4183 2469 4256 ὀφθαλμὸς,
2498 4182 2594 4239 τοῦ
2626 4183 2772 4238 θείου
2795 4183 2858 4238 τὸ
2880 4183 3135 4256 βάδισμα,
3168 4185 3267 4256 τῆς
3297 4185 3499 4257 μητρὸς
3526 4186 3590 4240 τὸ
3625 4185 3755 4257 φθέ-

2171 4294 2289 4349 γμα
2313 4295 2326 4307 ·
2360 4278 2455 4330 καὶ
2488 4272 2568 4341 εἷς
2601 4276 2884 4348 ἄνθρωπος
2915 4277 3202 4348 θεωρεῖται
3230 4278 3481 4351 καθάπερ
3505 4296 3559 4335 τι
3590 4278 3756 4348 φυτὸν

477 4375 723 4425 tameota
764 4382 967 4424 arcano
995 4368 1262 4437 mysterio
1310 4380 1574 4424 creentur
1601 4381 1658 4427 et
1709 4372 2065 4446 effingantur,

2175 4366 2386 4421 πολλῶν
2416 4366 2648 4438 δένδρων
2675 4368 2774 4431 τὰς
2803 4367 3063 4432 ἐπιϐολὰς
3104 4368 3418 4440 δεξάμενον,
3450 4371 3544 4424 καλ⁵
3584 4372 3755 4443 μυρία

476 4464 643 4537 quasi
688 4465 889 4521 alteros
932 4464 1198 4534 quosdam
1244 4477 1360 4527 eos,
1403 4463 1496 4533 qui
1546 4464 1778 4530 mortui,
1814 4475 1943 4522 sunt
1977 4482 2075 4538 per

474 4555 790 4614 efficaciam
823 4555 1123 4610 fonnarum
1153 4554 1470 4610 excitantia.
1501 4554 1657 4625 Saepe
1706 4567 1888 4612 autem
1924 4558 2069 4611 mul-

476 4658 669 4706 tarum
698 4648 862 4704 etiam
895 4660 1261 4720 personarum
1295 4648 1655 4719 proprietates
1681 4648 1846 4703 simul
1880 4648 1934 4704 in
1963 4666 2073 4706 uno

476 4755 721 4810 corpore
769 4739 1155 4810 exprimuntur
1182 4744 1237 4791 et
1283 4738 1639 4809 effinguntur.
1672 4737 1854 4797 Patris
1878 4755 2069 4805 nasus,

477 4837 573 4890 avi
604 4834 824 4896 oculus,
876 4829 1056 4903 patrui
1115 4830 1389 4896 incessus,
1426 4831 1622 4887 matris
1644 4846 1817 4888 sonus
1836 4833 1988 4888 vocis
2020 4843 2073 4888 et

477 4929 737 4999 loquelas.
756 4928 933 4997 Atque
965 4940 1109 4981 unus
1136 4924 1299 4979 homo
1320 4932 1599 4995 spectatur
1624 4933 1884 4996 tanquam
1913 4927 2072 4996 plan-

475 5030 541 5076 ta
572 5019 844 5093 quazdam,
878 5033 1002 5090 qua:
1049 5016 1347 5071 multarum
1372 5017 1630 5071 arborum
1663 5017 1904 5073 surculis
1934 5018 2074 5073 insi-

478 5115 623 5171 titiis
647 5114 701 5169 in
735 5128 795 5169 se
821 5112 1057 5180 receptis
1085 5110 1375 5167 innumera
1412 5124 1633 5181 quoque
1678 5109 1955 5165 fructuum
1982 5126 2077 5181 ge-

482 5222 622 5262 nera
661 5204 1084 5276 decerpentibus
1137 5213 1191 5260 et
1234 5201 1620 5274 eolligcnti'ous
1680 5202 1905 5273 praebet.
1944 5201 2073 5258 Haec

480 5298 671 5353 omnia
695 5296 1037 5354 admirabilia
1057 5295 1279 5367 quidem
1306 5303 1457 5360 sunt,
1474 5294 1568 5350 sed
1602 5309 1710 5365 quo
1736 5302 1895 5366 pacto
1917 5294 2070 5362 fiant,

485 5387 653 5443 nobis
681 5387 927 5459 ignotum
966 5394 1053 5444 est
1086 5385 1302 5458 :qpifici
1342 5395 1524 5441 autem
1563 5384 1744 5441 facilia
1776 5396 1941 5457 atque
1973 5401 2071 5442 ex-

486 5478 695 5551 pedita,
719 5484 775 5534 et
801 5476 869 5533 ab
899 5493 965 5534 eo
988 5477 1141 5533 nullo
1162 5476 1401 5548 negotio,
1434 5484 1493 5531 ut
1509 5475 1739 5542 scimus,
1778 5475 2075 5549 perficiun-

565 5656 613 5693 ”
644 5653 667 5713 ι
692 5654 818 5713 Cor.
860 5671 951 5726 xv,
977 5655 1066 5712 52.
1146 5656 1190 5689 ¹⁰
1217 5653 1381 5712 Joan.
1415 5671 1468 5723 ν,
1490 5652 1583 5724 28,
1609 5653 1701 5710 29.

2172 4457 2556 4531 καρποφοροῦν
2586 4458 2717 4527 γένη
2764 4460 2877 4522 τοῖς
2921 4459 3303 4531 όπωρίζουσιν.
3349 4459 3532 4515 Ταῦτα
3574 4464 3755 4517 πάντα

2173 4552 2461 4624 θαυμαστὰ
2492 4552 2612 4622 μὲν,
2644 4551 2739 4604 καὶ
2768 4552 2915 4615 ὅπως
2963 4551 3171 4621 γίνεται
3201 4554 3332 4625 ἡμίν
3373 4554 3711 4627 ἀγνοούμενα
3732 4599 3752 4623 ,

2174 4644 2441 4716 πρόχειρα
2489 4642 2547 4696 δὲ
2583 4641 2662 4713 τῷ
2705 4642 3034 4715 Δημιουργῷ
3083 4644 3177 4698 καὶ
3233 4644 3372 4715 μετά
3413 4644 3644 4716 πολλῆς,
3676 4647 3755 4712 ὡς

2173 4738 2353 4809 ῐσμεν,
2386 4738 2486 4807 τῆς
2517 4733 2801 4809 ῥᾳστώνης
2838 4735 3250 4808 ἐπιτελούμενα.
3286 4738 3522 4792 ’Δτοπην
3548 4738 3606 4794 δὲ
3632 4739 3754 4794 λίαν

2172 4831 2267 4885 καὶ
2297 4828 2542 4900 ἀμαθὲς,
2570 4827 2641 4882 τὰ
2688 4827 2787 4899 μὲν
2816 4828 2928 4882 τῶν
2974 4829 3254 4884 σαπέντων
3299 4831 3396 4884 καὶ
3435 4831 3752 4904 φθαρέντων

2171 4925 2271 4996 ήδη
2317 4921 2588 4995 σωμάτιον
2621 4922 2979 4994 γνωρίσματα
3011 4924 3069 4976 ὲν
3101 4925 3215 4986 τοῖς
3251 4923 3347 4976 νῦν
3384 4924 3506 4978 καθ’
3537 4924 3752 4996 ἡμέραν

2172 5017 2459 5088 φυομένοις
2490 5014 2822 5086 ἐγείρεσθαι,
2854 5016 2950 5069 καὶ
2988 5013 3058 5069 τὰ
3098 5013 3354 5086 ἀλλότρια
3401 5016 3752 5085 μεταϐαίνειν

2173 5111 2254 5173 είς
2280 5107 2492 5173 ἄλλους,
2523 5106 2592 5161 τὰ
2619 5107 2678 5162 δὲ
2710 5106 2817 5160 ῐδια
2845 5107 2940 5160 καὶ
2968 5106 3242 5178 ἐξαίρετα,
3277 5106 3405 5179 περὶ
3435 5107 3613 5161 αὐτῶν
3642 5108 3752 5161 τῶν

2174 5215 2304 5253 ποτε
2352 5198 2706 5269 κεκτημένων
2762 5196 3120 5252 ἀνανεοῦσθαι
3166 5198 3261 5252 καὶ
3313 5196 3750 5252 ἀναϐιώσκεοθαι

2178 5293 2252 5365 μὴ
2283 5290 2679 5363 συνομολογεῖν,
2725 5290 2860 5347 ἀλλά
2901 5293 3208 5348 τούναντίον
3240 5291 3478 5364 ἀκυροῦν
3511 5292 3605 5347 καὶ
3635 5291 3753 5346 δια-

2178 5382 2463 5457 μάχεσθαι,
2493 5383 2585 5437 καλ.
2614 5382 2806 5454 μῦθον,
2836 5385 2897 5437 οὕ
2920 5384 3078 5454 λόγον
3108 5384 3207 5456 τὴν
3232 5382 3567 5454 ἐπαγγελίαν
3593 5382 3753 5454 νομί-

2174 5475 2309 5548 ζειν,
2353 5474 2447 5530 τοῦ
2477 5476 2586 5531 πᾶν
2618 5475 2735 5530 τόδε
2778 5476 2841 5530 τὸ
2884 5475 3160 5551 ὁρώμενον
3209 5475 3617 5550 συστησαμένου
3656 5470 3763 5528 καὶ
