4154 6354
384 337 485 394 681

1295 346 1364 401 ΙΝ
1404 346 1680 402 CHRISTI
1720 347 2355 407 RESURRECT'ZONEM
2394 351 2599 405 ῡιιΛΤ.
2647 352 2732 406 lV.

3555 357 3663 411 εει

396 454 768 526 κοσμήσαντος
798 457 874 522 ὼς
908 459 1191 529 ἠθέλησεν.
1267 463 1406 515 Ἀλλ’
1438 466 1601 534 ἡμεῖς
1660 467 1759 535 μὲν
1801 482 1959 518 πεπι-

2066 477 2177 522 tur.
2215 467 2384 523 Valde
2405 477 2588 522 autem
2614 468 2913 523 absurdum
2944 476 3145 523 etcum
3180 470 3351 523 multa
3382 469 3660 541 imperitia

387 547 695 617 στεύκαμεν
735 553 802 620 τῇ
837 552 1169 617 ἀναστάσει,
1223 554 1381 619 δόξαν
1418 558 1838 628 ἀναπέμποντες
1889 556 1968 627 τῷ

387 640 563 697 "arpi
595 641 689 694 καὶ
721 642 800 712 τῷ
843 643 958 714 Υίῷ
1001 646 1096 699 καὶ
1128 646 1207 716 τῷ
1241 648 1381 717 ἁγίῳ
1410 648 1708 720 Πνεύματι,
1742 648 1836 702 νῦν
1873 651 1968 702 καὶ

384 731 493 797 ἀεὶ,
525 734 618 787 καὶ
646 735 725 797 είς
755 736 884 799 τοὺς
913 736 1117 801 αἰῶνας
1144 738 1257 791 τῶν
1285 740 1519 796 αἰώνων.
1565 742 1758 811 Ἀμήν.

2075 560 2429 629 coniunctum
2458 560 2643 623 fuerit,
2670 564 2715 615 si
2735 562 2860 631 quis
2888 562 3322 633 putrefactorum
3350 564 3573 634 quidem
3604 571 3662 617 e‘.

2075 658 2461 719 corruptorum
2510 650 2621 719 jam
2681 665 2975 719 corporum
3009 651 3242 721 insignia
3308 653 3571 707 concedat
3602 653 3659 705 in

2083 742 2169 807 iis,
2203 741 2297 811 qui
2322 756 2468 796 nunc
2498 742 2743 810 quotidie
2767 750 3091 805 nascuntur,
3117 744 3368 808 excitari,
3396 755 3450 798 et
3478 745 3659 797 alit-ua

382 829 625 883 transire
654 828 709 883 in
740 830 909 898 alios;
936 835 1157 902 propria
1189 844 1369 889 autem
1407 851 1471 890 ac
1511 837 1807 906 peculiaria
1848 837 1904 890 in
1945 836 2014 891 iis
2050 837 2145 907 qui
2179 836 2316 892 alias
2343 852 2407 891 ea
2435 837 2767 899 habuerunt,
2797 838 3050 891 renovari
3074 852 3139 892 ac
3164 838 3512 900 reviviscere,
3547 852 3656 890 non

381 923 544 975 etiam
585 924 751 979 simul
789 928 1143 991 asseutiatur,
1210 930 1305 984 sed
1361 940 1554 985 contra
1606 931 1877 1001 improbet
1948 941 2114 1002 atque
2164 933 2463 1002 impugnet,
2508 947 2572 986 ac
2629 932 2895 997 fabulam,
2942 947 3052 986 non
3109 946 3296 986 verum
3342 945 3654 986 sermonem

382 1016 656 1071 existimet
684 1033 810 1073 esse
869 1020 1290 1087 promissionem
1337 1022 1483 1093 ejus,
1552 1025 1645 1093 qui
1697 1023 1800 1077 hoc
1842 1039 2006 1078 omne
2033 1025 2181 1094 quod
2216 1026 2450 1087 videtur,
2487 1026 2793 1090 constituit,
2825 1034 2879 1079 et
2922 1032 2976 1078 ut
3003 1024 3199 1088 voluit,
3261 1022 3495 1076 ornavit.
3541 1023 3657 1076 Nos

384 1123 513 1161 vero
565 1107 841 1163 credimus
899 1113 1320 1181 resurrectioni,
1374 1114 1605 1185 gloriam
1655 1115 1944 1171 reddentes
1985 1112 2131 1169 Patri
2162 1127 2215 1171 et
2249 1116 2390 1173 Filio
2421 1130 2475 1174 et
2501 1118 2728 1189 Spiritui
2760 1126 2971 1182 sancto,
3009 1130 3157 1171 nunc
3188 1126 3243 1171 et
3269 1130 3483 1185 semper
3506 1123 3563 1169 et
3602 1116 3654 1169 in

380 1201 581 1255 saecula
612 1204 963 1260 saeculorum.
982 1204 1177 1261 Amen.

1006 1340 1228 1394 ΛΟΓΟΣ
1258 1344 1330 1399 Δθ.

590 1452 695 1515 Εἰς
729 1450 795 1504 τὸ
824 1450 997 1521 ἅγιον
1024 1454 1124 1509 καὶ
1165 1455 1468 1522 σωτήριον
1513 1456 1749 1526 Πάσχα.

462 1561 530 1614 'H
570 1562 670 1633 μὲν
699 1562 925 1634 ἀληθινὴ
949 1563 1043 1617 τοῦ
1076 1565 1353 1620 Σαδΰάτου
1380 1568 1721 1633 κατάπαυσις
1740 1612 1755 1635 ,
1797 1572 1831 1639 ἡ
1869 1571 1969 1640 τὴν

378 1653 633 1720 εὐλογίαν
665 1654 757 1707 τοῦ
803 1654 938 1709 Θεοῦ
970 1656 1237 1729 δεξαμένη
1260 1698 1275 1721 ,
1324 1660 1384 1712 ὲν
1498 1661 1837 1716 κατέπαυσεν
1862 1662 1970 1715 ἀπὺ

2656 1336 2918 1392 ORATIO
2974 1335 3064 1389 IV.

2285 1454 2361 1509 De
2406 1464 2591 1509 sancto
2634 1463 2682 1506 et
2724 1453 2958 1506 salutari
2992 1451 3124 1521 [esto
3179 1448 3420 1503 Paschw.

2145 1564 2285 1621 Vera
2302 1565 2523 1635 quidem
2553 1565 2779 1620 Sabbati
2800 1567 3040 1634 requies,
3078 1577 3199 1630 qua:
3219 1559 3653 1616 benedictionem

2076 1656 2170 1711 Dei
2202 1658 2432 1726 accepit,
2461 1658 2515 1711 in
2544 1671 2650 1726 qua
2689 1655 2956 1726 requievit
2984 1653 3246 1710 Dominus
3290 1653 3358 1706 ab
3394 1650 3653 1720 operibus

378 1747 489 1799 τῶν
520 1746 711 1800 ἑαυτοῦ
735 1748 912 1819 ἔργων
935 1751 963 1802 ὁ
985 1749 1187 1819 Κύριος
1212 1750 1351 1820 ὑπὲρ
1376 1752 1475 1821 τῆς
1502 1751 1598 1805 τοῦ
1624 1753 1829 1823 κόσμου
1858 1773 1959 1807 σω-

2063 1750 2202 1811 suis,
2217 1764 2317 1819 pro
2333 1750 2509 1804 salute
2521 1748 2708 1802 mundi
2731 1748 2924 1802 mortis
2943 1744 3188 1801 efﬁcacia
3216 1742 3387 1797 fracta
3406 1741 3653 1804 feriatus,

379 1844 577 1911 τηρίας
616 1843 683 1912 τῇ
726 1842 965 1913 ἀπραξίᾳ
1004 1844 1097 1896 τοῦ
1140 1843 1369 1898 Θανάτου
1403 1845 1831 1913 ὲνσαόὅατίσας,
1871 1848 1971 1918 ἤδη

382 1934 553 2003 πέρας
583 1932 694 2003 ἔχει
713 1974 729 1997 ,
766 1934 861 1987 καὶ
886 1935 985 2005 τὴν
1019 1935 1153 1989 ἰδίαν
1173 1935 1341 2003 ἔδειξε
1366 1938 1525 2009 χάριν
1560 1938 1653 1991 καὶ
1676 1938 1973 2009 ὀφθαλμοῖς

380 2026 474 2076 καὶ
499 2025 690 2089 ἀκοαῖς
714 2026 806 2079 καὶ
832 2026 1049 2099 καρδίαο
1072 2028 1160 2082 διὰ
1182 2028 1400 2082 πάντων
1426 2029 1630 2083 τούτων
1650 2030 1750 2100 τῆς
1775 2031 1970 2102 ἑορτῆς

382 2117 516 2185 ἡμῖν
544 2116 910 2189 τελεσθείσης,
944 2114 1026 2183 οἷς
1055 2121 1287 2192 εῖδομεν,
1316 2118 1397 2186 οἷς
1423 2123 1759 2193 ἠκούσαμεν,
1791 2119 1874 2187 οἷς
1901 2126 1967 2195 τῇ

379 2206 578 2276 καρδίᾳ
621 2206 719 2279 τὴν
762 2208 1101 2281 εὐφροσύνην
1163 2209 1559 2282 ὑπεδεξάμεθα.
1608 2214 1681 2266 Τὸ
1722 2215 1821 2285 μὲν
1860 2214 1968 2286 γὰρ

376 2297 654 2367 ὁρώμενον
681 2301 791 2362 τοῖς
819 2299 1137 2368 ὀφθαλμοῖς,
1185 2302 1301 2371 φῶς
1348 2299 1412 2374 ἦν
1446 2307 1511 2374 τῇ
1552 2304 1648 2356 τοῦ
1681 2304 1850 2375 πυρὸς
1882 2322 1969 2359 νε-

380 2388 519 2460 φέλῃ
545 2390 630 2443 διὰ
655 2391 764 2445 τῶν
791 2391 1091 2462 λαμπάδων
1121 2395 1254 2464 ἡμῖν
1289 2396 1346 2447 ἐν
1385 2398 1451 2466 τῇ
1487 2397 1641 2449 νυκτὶ
1675 2396 1962 2468 δᾳδουχοῦ-

382 2495 565 2546 μενον.
607 2478 664 2531 Ὀ
693 2479 750 2532 δὲ
777 2480 1070 2550 παννύχιος
1108 2484 1227 2543 ταῖς
1254 2484 1443 2545 ἀκοαῖς
1476 2484 1770 2554 προσηχῶν
1812 2485 1970 2552 λόγος

377 2572 436 2622 ὲν
462 2570 697 2651 ψαλμοῖς
726 2573 819 2623 καὶ
852 2570 1042 2642 ὕμνοις
1077 2574 1171 2625 καὶ
1197 2573 1363 2643 ᾠδαῖς
1395 2579 1824 2644 πνευματικαῖς,
1854 2573 1967 2630 οἶόν

381 2662 560 2729 ῥεῦμα
604 2662 777 2730 χαρᾶς
803 2660 869 2713 δι’
896 2662 1066 2731 ἀκοῆς
1097 2663 1177 2725 εἰς
1201 2664 1299 2733 τὴν
1328 2662 1499 2734 ψυχὴν
1554 2665 1807 2734 εἰσρέων,
1834 2666 1967 2737 πλή-

381 2766 494 2820 ρεις
523 2752 554 2820 ἡ
565 2752 670 2819 μᾶς
696 2751 804 2803 τῶν
828 2751 1051 2819 ἀγαθῶν
1078 2753 1308 2806 ἐλπίδων
1335 2755 1609 2825 ἐποίησεν.
1650 2757 1714 2808 Ἠ
1747 2756 1804 2810 δὲ
1832 2774 1965 2824 καρ-

373 2841 464 2895 δία
492 2844 604 2904 τοῖς
624 2842 939 2913 λεγομένοις
963 2860 1023 2895 τε
1052 2844 1146 2898 καὶ
1168 2844 1521 2914 βλεπομένοις
1541 2847 1961 2921 εὐφραινομένη,

376 2934 475 3004 τὴν
500 2934 775 3005 ἄφραστον
801 2934 1066 2987 ἑτυποῦτο
1104 2938 1503 3007 μακαριότητα.
1526 2938 1611 2991 διὰ
1641 2939 1748 2991 τῶν
1774 2957 1956 3007 φαινο-

380 3024 559 3094 μένων
589 3026 1073 3095 χειραγωγουμένη
1107 3026 1238 3095 πρὸς
1278 3026 1338 3079 τὸ
1367 3028 1617 3098 ἀόρατον,
1656 3028 1818 3081 Ὥστε
1852 3029 1961 3083 τῶν

2071 1841 2182 1908 jam
2214 1839 2371 1893 tinem
2409 1838 2592 1905 habet,
2620 1848 2672 1892 et
2701 1838 2931 1909 gratiam
2961 1850 3117 1891 suam
3146 1850 3273 1890 cum
3302 1832 3499 1897 oculis,
3530 1840 3653 1885 tum

2073 1930 2323 1993 auribus,
2367 1939 2482 1985 tum
2514 1930 2669 1985 cordi
2703 1929 3123 1992 demonstravit,
3160 1943 3258 2000 per
3284 1928 3398 1981 haec
3442 1926 3652 1986 omnia,

2070 2036 2192 2091 quae
2206 2022 2460 2087 vidimus,
2479 2038 2600 2092 qua:
2621 2022 2955 2086 audivimus,
2973 2036 3071 2092 per
3084 2036 3207 2092 qua:
3226 2018 3391 2076 corde
3410 2017 3652 2072 laetitiam

2072 2113 2450 2181 recepimus.a
2478 2114 2641 2170 nobis
2669 2113 2809 2169 festo
2833 2124 3074 2184 peracto.
3120 2111 3257 2166 Nam
3292 2110 3435 2181 quod
3474 2109 3652 2164 oculis

2069 2205 2337 2267 cernitur,
2364 2206 2547 2261 lumen
2578 2215 2739 2262 nocte
2765 2205 2925 2261 nobis
2965 2220 3062 2276 per
3091 2205 3375 2275 lampades
3417 2203 3470 2258 in
3507 2203 3653 2259 nube

2069 2295 2212 2364 ignis
2235 2295 2652 2365 praeferebatur.
2690 2295 2886 2350 Sermo
2911 2304 3092 2350 autem
3119 2308 3216 2364 per
3238 2302 3405 2349 totam
3438 2303 3653 2347 noctem

2066 2402 2233 2443 aures
2301 2396 2522 2444 nostras
2566 2389 2989 2444 circumsonans
3035 2388 3090 2442 in
3124 2388 3382 2458 psalmis,
3434 2386 3654 2457 hymnis

2068 2481 2528 2551 cantionibusque
2552 2482 2930 2551 spiritualibus
2960 2490 3218 2551 tanquam
3246 2480 3445 2535 ﬂumen
3474 2481 3651 2549 quod-

2067 2571 2190 2624 dam
2220 2571 2403 2641 gaudii
2435 2587 2531 2642 per
2561 2587 2727 2627 aures
2766 2572 2819 2626 in
2864 2572 3107 2626 animum
3133 2571 3389 2638 inﬂuens,
3425 2588 3528 2629 nos
3555 2587 3653 2643 op-

2067 2665 2198 2717 tima
2215 2680 2311 2734 spe
2328 2665 2579 2734 replevit.
2606 2665 2715 2719 Cor
2735 2681 2889 2728 vero,
2908 2666 3038 2720 dum
3070 2672 3125 2721 et
3151 2665 3219 2722 iis
3249 2681 3369 2736 qua:
3387 2666 3653 2721 diceban-

2065 2763 2155 2806 tur
2188 2763 2240 2806 et
2270 2752 2593 2807 videbantur
2621 2752 3015 2816 oblectaretur,
3042 2753 3448 2824 inexplicabiiis
3481 2755 3653 2809 beati-

2062 2839 2271 2892 tudinis
2302 2839 2529 2909 iiguram
2560 2840 2886 2909 accipiebat,
2920 2840 3050 2893 dum
3076 2854 3251 2909 perea
3275 2856 3398 2909 qua:
3421 2856 3654 2911 appare-

2065 2926 2214 2990 bant,
2244 2928 2400 2996 quasi
2426 2943 2591 2981 manu
2625 2927 2924 2982 duceretur
2954 2928 3020 2982 ad
3039 2942 3186 2993 eum,
3211 2929 3305 2998 qui
3333 2928 3505 2983 videri
3538 2944 3652 2984 non

2060 3024 2259 3087 potest.
2282 3018 2469 3088 Itaque
2500 3018 2667 3087 hujus
2688 3020 2954 3089 requietis
2972 3019 3112 3073 bona
3130 3035 3225 3090 per
3242 3036 3362 3076 sese
3394 3020 3551 3076 (idem
3576 3022 3650 3075 l'a-

377 3110 598 3177 ἀγαθῶν
649 3111 892 3175 ἐκείνων,
925 3111 959 3165 ἃ
1000 3110 1123 3164 οὔτε
1168 3113 1446 3183 ὀφθαλμὸς
1489 3110 1649 3177 εἶδεν,
1698 3114 1821 3169 οὔτε
1870 3112 1959 3180 οὖς

2066 3110 2266 3163 cicutia
2306 3110 2569 3165 ineﬂabili
2601 3112 2718 3181 spei
2777 3126 2995 3177 eorum,
3031 3128 3156 3181 quae
3186 3113 3457 3167 destinata
3487 3116 3651 3183 atque

375 3202 629 3269 ἤκουσεν,
668 3200 792 3255 οὔτε
824 3202 916 3254 ἐπὶ
960 3203 1187 3274 καρδίαν
1229 3204 1516 3274 ἀνθρώπου
1551 3206 1744 3277 ἀνέϐη,
1780 3209 1964 3262 είκὸνα

375 3290 514 3347 εἶναι
546 3296 615 3348 τὰ
641 3295 741 3365 τῆς
764 3294 1160 3360 καταπαύσεως
1188 3297 1391 3368 ταύτης
1428 3299 1628 3367 ἀγαθά,
1664 3300 1731 3353 δι’
1754 3302 1964 3355 ὲαυτῶν

377 3387 477 3455 τὴν
520 3386 899 3456 ἁνεκφὼνητον
938 3389 1128 3441 ἐλπίδα
1162 3389 1271 3443 τῶν
1315 3392 1699 3462 ἀποκειμένων
1734 3393 1963 3447 πιστού-

379 3494 540 3547 μενα.
586 3480 803 3550 Ἐπειδὴ
834 3479 1011 3535 τοίνυν
1045 3483 1280 3554 φωτεινὴ
1306 3483 1401 3549 νὺξ
1428 3480 1566 3552 αὕτη
1588 3524 1603 3543 ,
1637 3484 1735 3548 τὰς
1761 3487 1825 3538 ὲκ
1855 3485 1963 3539 τῶν

378 3570 678 3641 λαμπάδων
713 3572 886 3639 αὐγὰς
914 3573 1195 3644 ὀρθριναῖς
1222 3575 1406 3629 ἀκτῖσι
1432 3576 1525 3630 τοῦ
1570 3577 1721 3647 ἡλίου
1756 3578 1962 3648 συμμί-

380 3661 539 3725 ξασα,
574 3662 703 3732 μίαν
726 3663 867 3716 κατὰ
892 3665 953 3717 τὸ
992 3666 1213 3736 συνεχὲς
1238 3667 1450 3737 ἡμέραν
1476 3670 1719 3742 ἐποίησε,
1744 3670 1818 3741 μὴ
1844 3671 1960 3723 δια-

380 3755 699 3823 μερισθεῖσα
750 3758 816 3826 τῇ
861 3757 1182 3831 παρενθήκη
1221 3758 1314 3811 τοῦ
1358 3760 1612 3827 σκότους,
1658 3766 1959 3832 νοήσωμεν,

377 3844 614 3913 ἀδελφοὶ,
659 3845 758 3913 τὴν
786 3847 1120 3915 προφητείαν
1164 3846 1264 3918 τὴν
1310 3847 1610 3917 λέγουσαν,
1659 3852 1740 3904 ὅτι
1800 3852 1960 3919 Αὕτη

374 3934 547 3987 εστὶν
576 3936 613 4002 ἠ
640 3934 852 4004 ἡμέρα,
882 3934 963 4002 ἢν
985 3936 1280 4005 ἐποίησεν
1300 3942 1331 3991 ό
1357 3940 1591 4006 Κύριος.
1630 3941 1716 3993 Ἑν
1801 3942 1960 4012 ἔργον

374 4027 546 4087 ἐστὶν,
578 4027 637 4078 οὐ
664 4025 800 4097 βαρύ
821 4044 874 4079 τι
904 4028 997 4081 καὶ
1032 4028 1495 4101 δυσκατόρθωτον,
1518 4032 1655 4085 ἀλλὰ
1696 4034 1839 4105 χαρὰ
1864 4035 1957 4087 καὶ

375 4117 681 4188 εὐφροσύνη
710 4118 803 4170 καὶ
822 4118 1136 4189 άγαλλίαμα
1157 4136 1169 4147 ·
1196 4119 1371 4184 οὕτως
1397 4123 1640 4186 εἰπόντος
1654 4124 1746 4176 τοῦ
1776 4125 1955 4193 λόγου·

378 4208 458 4260 ὅτι
520 4208 1038 4278 Ἀγιιλλιασὼμεθα
1080 4210 1175 4264 καὶ
1217 4212 1641 4282 εὐφρανθῶμεν
1670 4216 1741 4269 ἐν
1780 4216 1954 4287 αὐτῇ.

379 4298 444 4349 Ὦ
486 4296 665 4350 καλῶν
697 4302 1073 4370 πραγμάτωνι
1111 4302 1156 4355 ὼ
1191 4302 1448 4371 γλυκείας
1474 4306 1829 4376 νομοθεσίαςί
1862 4311 1958 4374 Τίς

379 4386 723 4458 ὑπερτίθεται
766 4391 902 4460 πρὸς
946 4391 1007 4443 τὸ
1048 4392 1355 4447 ὑπακοῦσαι
1414 4395 1669 4459 τοιούτοις
1716 4399 1956 4469 προστά-

376 4494 583 4547 γμασι;
616 4478 700 4542 τίς
737 4478 794 4531 δὲ
815 4480 933 4550 οὐχὶ
957 4480 1160 4552 ζημίαν
1205 4484 1418 4553 ἡγεῖται
1454 4486 1549 4537 καὶ
1581 4484 1678 4556 τὴν
1707 4488 1764 4540 ὲν
1792 4488 1955 4559 ὀλίγῳ

376 4568 484 4620 τῶν
522 4568 863 4639 πραγμάτων
889 4571 1194 4642 ὰναόολήνς
1222 4573 1542 4647 Εὑφροσύνη
1571 4577 1631 4629 τὸ
1654 4576 1833 4649 ἔργον,
1862 4582 1956 4632 καὶ

375 4659 691 4731 ἀγαλλίαμά
728 4664 845 4714 ὲστι
881 4661 943 4714 τὸ
985 4663 1293 4735 ἐπίταγμα*
1356 4665 1424 4719 δι’
1466 4660 1540 4720 ὧν
1584 4668 1875 4723 ἀναλύεται
1920 4672 1953 4740 ἡ

376 4752 468 4804 ἐπὶ
496 4754 561 4822 τῇ
593 4751 839 4823 ἁμαρτία
862 4754 1207 4824 κατάκρισις,
1225 4758 1315 4809 καὶ
1338 4758 1418 4822 εἰς
1444 4758 1619 4830 χαρὰν
1644 4758 1714 4813 τὰ
1734 4759 1955 4831 λυπηρὰ

377 4841 805 4912 μεθαρμόζεται.

443 4930 612 4984 Τοῦτό
633 4932 757 4984 ’ὲστι
776 4931 835 4985 τὸ
858 4932 957 5002 τῆς
988 4933 1179 5003 σοφίας
1204 4935 1551 5007 ἀπόφθεγμα,
1574 4938 1656 4992 ὅτι
1684 4941 1741 4991 ἐν
1768 4939 1951 5010 ἡμέρᾳ

371 5023 743 5094 εὐφροσύνης,
790 5024 1066 5093 ἀμνηστία
1107 5026 1313 5081 κακῶν.
1364 5028 1548 5098 Λήθην
1588 5030 1810 5102 ἐποίησε
1854 5032 1950 5101 τῆς

377 5113 596 5185 πρώτης
622 5114 745 5167 καθ’
771 5115 927 5186 ἡμῶν
953 5116 1310 5185 ἀποφάσεως,
1343 5121 1375 5189 ὴ
1405 5119 1584 5190 ἡμέρα
1611 5121 1747 5193 αὕτη
1771 5137 1784 5150 ·
1815 5122 1951 5191 μᾶλ-

371 5205 460 5257 λον
496 5204 553 5257 δὲ
592 5206 918 5277 ἀφανισμὸν,
953 5207 1074 5277 οὐχὶ
1105 5206 1297 5278 λήθην.
1338 5209 1615 5279 Ἑξήλειψε
1647 5211 1754 5280 γὰρ
1783 5210 1947 5265 καθό-

371 5296 463 5348 λου
519 5299 627 5351 πᾶν
671 5298 1010 5369 μνημόσυνον
1054 5301 1151 5370 τῆς
1194 5300 1314 5352 καθ’
1356 5300 1513 5371 ήμῶν
1554 5302 1944 5373 κατακρίσεως.

372 5387 504 5439 Τότε
534 5389 591 5441 ὲν
612 5388 808 5453 λύπαις
832 5392 861 5443 ό
882 5391 1102 5453 τοκετός
1119 5407 1132 5420 ·
1156 5389 1249 5443 νῦν
1275 5392 1443 5461 χωρὶς
1469 5390 1671 5445 ὠδίνων
1705 5396 1737 5463 ή
1764 5396 1949 5463 γέννη-

372 5490 476 5533 σις.
515 5474 647 5528 Τότε
674 5480 737 5529 ὲκ
768 5479 967 5548 σαρκὸς
990 5479 1357 5551 ἐγεννήθημεν
1383 5480 1602 5551 σάρκες·
1630 5482 1723 5535 νῦν
1743 5485 1803 5536 τὸ
1831 5502 1947 5553 γεν-

370 5563 531 5633 νοηθὲν
561 5566 775 5637 πνεῦμά
797 5570 941 5622 ἐστιν
968 5572 1032 5622 ὲκ
1058 5570 1389 5640 πνεύματος.
1423 5571 1557 5623 Τότε
1593 5574 1698 5626 υἱοὶ
1744 5575 1946 5645 ἀνθρώ-

373 5670 497 5706 πουο
527 5654 622 5707 νῦν
651 5658 815 5711 τέκνα
853 5659 988 5713 Θεοῦ
1031 5661 1417 5733 ἐγεννήθημεν.
1454 5663 1587 5716 Τότε
1619 5667 1698 5728 είς
1723 5665 1825 5735 γῆν
1851 5668 1942 5719 ἀπ’

442 5776 459 5807 ⁸
497 5775 666 5829 iCor.
704 5794 762 5842 ll,
787 5778 836 5836 9.
919 5782 962 5811 ί·
993 5780 1136 5837 Psal.
1171 5798 1338 5850 cxvu,
1378 5783 1467 5838 24.

529 5872 799 5931 ΡΑΉιυι.
840 5875 956 5935 (in.
996 5876 1215 5940 XLVI.

2068 3200 2309 3268 reposita
2335 3211 2485 3263 sunt,
2514 3202 2697 3271 imago
2718 3213 2848 3258 sunt
2866 3204 3087 3258 illorum
3113 3205 3530 3276 bonorum,quw
3555 3224 3650 3263 ne-

2065 3306 2173 3359 que
2193 3293 2387 3347 oculus
2414 3292 2570 3357 vidit,
2607 3309 2785 3364 neque
2821 3296 2972 3350 auris
3003 3296 3231 3362 audivit,
3259 3314 3435 3367 neque
3466 3300 3520 3354 in
3554 3316 3649 3355 cur

2067 3379 2307 3434 hominis
2337 3382 2705 3435 ascenderunt
2732 3383 2747 3413 ⁸
2778 3424 2792 3437 .
2831 3382 3103 3449 Quoniam
3135 3384 3301 3453 igitur
3325 3386 3439 3441 haec
3463 3388 3647 3443 lucida

2065 3481 2172 3518 nox
2205 3467 2510 3523 commistis
2546 3467 2856 3538 lampadum
2893 3471 3193 3527 luminibus
3214 3489 3337 3527 cum
3361 3478 3647 3531 matutinis

2066 3553 2233 3607 radiis
2256 3555 2389 3609 solis
2412 3571 2580 3609 unum
2598 3558 2921 3611 continuum
2943 3560 3217 3615 nullarum
3267 3561 3645 3631 interpositio-

2065 3660 2134 3697 ne
2168 3646 2519 3701 tenebrarum
2551 3646 2883 3717 diremptum
2914 3649 3057 3705 diem
3090 3651 3289 3717 cﬂ'ecit,
3316 3655 3642 3711 considere-

2065 3753 2187 3791 mus
2229 3747 2282 3791 et
2327 3739 2715 3811 intelligamus,
2778 3742 2996 3810 fratres,
3049 3745 3388 3814 prophetiam
3427 3764 3548 3818 quae
3587 3750 3643 3805 di

2063 3832 2129 3883 cii
2159 3831 2355 3885 ":Hic
2373 3841 2451 3884 est
2473 3831 2605 3894 dies,
2639 3849 2795 3902 quem
2824 3833 2949 3901 fecit
2982 3833 3259 3890 Dominus.
3299 3834 3356 3891 lu
3378 3854 3486 3907 quo
3505 3855 3643 3909 opus

2064 3920 2401 3988 propositum
2428 3930 2511 3975 est
2531 3936 2637 3975 non
2657 3938 2820 3989 grave
2849 3924 3069 3993 aliquod
3098 3935 3148 3977 et
3179 3925 3375 3981 ell‘ectu
3398 3928 3639 3993 difficile,

2062 4013 2155 4065 sed
2190 4013 2466 4081 gaudium,
2500 4014 2591 4067 sed
2631 4015 2836 4077 laetitia,
2864 4016 2959 4070 sed
2981 4017 3291 4082 exsultatio,
3324 4020 3397 4072 ita
3426 4020 3643 4077 dicente

2063 4104 2373 4173 Scriptura,
2408 4103 2753 4159 Exsullemus
2776 4119 2824 4160 et
2846 4107 3088 4161 lmtemur
3111 4108 3166 4167 ίιι
3193 4125 3273 4162 eo.
3305 4108 3349 4163 Ο
3381 4112 3641 4167 mandata

2061 4198 2365 4267 prteclara!
2419 4199 2465 4254 Ο
2512 4199 2729 4253 dulcem
2781 4200 3283 4254 constitutionem!
3336 4201 3473 4268 Quis
3518 4205 3665 4263 sine.

2061 4307 2211 4347 mora
2231 4301 2395 4363 atque
2427 4293 2923 4362 procrastinatioue
2954 4293 3158 4348 talibus
3188 4295 3475 4365 praeceptis
3526 4312 3638 4352 non

2058 4386 2492 4456 obtemperabit?
2538 4382 2655 4440 lmo
2706 4386 2830 4455 quis
2878 4401 2984 4439 non
3034 4386 3086 4438 in
3117 4385 3318 4442 damno
3360 4399 3525 4457 ponet
3553 4391 3639 4444 vel

2058 4478 2310 4547 exiguam
2337 4478 2618 4545 jussorum
2643 4479 2956 4532 allationem
2982 4477 3004 4529 ἱ)
3045 4476 3254 4531 Laetitia
3282 4488 3369 4532 est
3396 4495 3555 4548 Opus,
3582 4487 3639 4533 ct

2056 4571 2350 4635 exsultatio,
2383 4579 2469 4625 est
2498 4570 2549 4624 id
2588 4570 2733 4640 quod
2774 4570 3106 4640 praecipitur,
3133 4586 3229 4640 per
3261 4586 3383 4640 quze
3414 4580 3637 4641 propter

2057 4670 2339 4730 puccatum
2367 4662 2509 4715 facta
2541 4660 2928 4716 condemnatio
2956 4663 3309 4729 rescinditur,
3339 4673 3393 4718 et
3420 4664 3473 4717 in
3504 4680 3636 4732 gau-

2055 4757 2203 4806 dium
2236 4753 2458 4808 tristitia
2486 4755 2843 4808 convertitur.

2123 4930 2237 4985 [loc
2261 4939 2346 4985 est
2376 4931 2658 5001 sapientia:
2691 4931 2927 4985 notabile
2956 4930 3189 4994 dictum,
3226 4930 3281 4984 in
3310 4929 3398 4984 die
3432 4930 3633 4987 latitia:

2052 5022 2255 5076 oblivio
2282 5031 2444 5091 atque
2477 5020 2704 5074 abolitio
2733 5021 3022 5073 malorum.
3063 5017 3404 5073 Oblivionem
3441 5020 3631 5089 prima:

2052 5124 2243 5169 contra
2281 5129 2379 5168 nos
2411 5114 2693 5167 sententia:
2720 5113 3082 5181 pronuntiata:
3104 5111 3221 5167 dies
3260 5111 3349 5166 hic
3374 5111 3626 5168 induxit:

2054 5207 2163 5261 imo
2225 5220 2354 5259 vero
2414 5204 2789 5265 abolitionem,
2854 5220 2959 5257 non
3012 5204 3363 5261 oblivionem.
3420 5202 3629 5259 Delevit

2048 5298 2195 5351 enim
2241 5305 2295 5351 et
2333 5298 2490 5365 quasi
2558 5295 2730 5349 erasit
2774 5309 2991 5348 onmem
3044 5294 3265 5363 penitus
3305 5294 3625 5349 memoriam

2048 5399 2239 5443 contra
2272 5405 2371 5442 nos
2404 5387 2560 5441 facta:
2612 5385 3106 5441 condemnatiouis.
3144 5385 3298 5441 Tunc
3338 5388 3392 5441 in
3418 5387 3625 5443 dolori-

2051 5482 2149 5534 hus
2193 5487 2383 5549 partus
2430 5477 2732 5532 edebatur:
2793 5492 2941 5532 nunc
2996 5479 3204 5546 absque
3248 5478 3630 5548 parturitionis

2046 5571 2388 5626 cruciatibus
2420 5570 2678 5626 nativitas
2698 5569 2938 5625 exsistit.
2970 5569 3125 5625 Tunc
3147 5585 3213 5624 ex
3238 5585 3406 5624 carne
3433 5584 3633 5626 carnes

2047 5667 2157 5719 nali
2185 5681 2373 5719 sumus
2405 5683 2417 5718 :
2456 5680 2603 5720 nunc
2631 5664 2773 5734 quod
2811 5671 2996 5717 nutum
3042 5673 3126 5717 est
3159 5663 3387 5733 spiritus
3432 5673 3515 5717 est
3560 5676 3630 5715 ex

3123 5876 3197 5935 22
