4154 6354
513 309 620 366 683

1778 307 1838 361 S.
1863 304 2187 362 GREGORII
2218 307 2512 364 NYSSENI

3665 303 3772 364 σει

514 428 732 500 spiritu.
767 427 922 484 Tunc
959 426 1054 482 lilii
1085 425 1388 488 hominum,
1427 439 1574 480 nunc
1608 423 1700 478 filii
1735 423 1828 480 Dei
1860 426 1970 479 nati
1997 441 2089 481 su-

2191 425 2434 496 οὐρανῶν
2479 423 2852 496 ἀπελύθημεν,
2906 422 3005 481 νῦν
3044 425 3073 478 6
3118 423 3438 494 ἐπουράνιος
3483 420 3579 477 καί
3621 423 3768 494 ήμᾶς

515 537 660 576 mus.
701 520 856 576 Tune
900 519 956 574 in
984 563 988 568 .
1014 528 1216 583 terram
1244 516 1312 572 de
1348 515 1508 571 cmlis
1562 515 1784 586 relegati
1832 531 2023 571 sumus
2072 532 2084 568 :

517 627 664 667 nunc
685 611 734 667 is
759 611 853 680 qui
883 608 1131 665 ccelcstis
1156 618 1261 676 est,
1315 607 1478 661 etiam
1509 621 1610 662 nos
1661 607 1915 662 caelestes
1937 605 2087 662 fecit.

515 702 671 758 Tunc
705 714 800 770 per
830 707 1112 770 peccatum
1141 711 1289 750 mors
1331 694 1592 764 regnabat
1637 712 1650 748 :
1679 709 1825 749 nunc
1856 693 2088 749 invicem

511 791 726 865 iustitia
759 805 857 860 per
897 789 1063 842 vitam
1117 786 1311 856 recipit
1372 785 1684 855 imperium.
1728 784 1884 839 Tunc
1949 800 2091 840 unus

518 883 679 939 morti
704 883 883 936 locum
903 876 1215 934 introeundi
1240 875 1389 932 dedit
1414 893 1429 930 :
1457 890 1552 946 per
1576 890 1743 930 unum
1761 877 1925 930 etiam
1942 889 2090 931 nunc

518 981 706 1028 contra
765 969 874 1025 vita
935 966 1318 1023 introducitur.
1370 963 1525 1020 Tunc
1578 979 1675 1034 per
1719 975 1949 1020 mortem
1983 963 2090 1019 vita

517 1062 822 1118 excidimus
854 1078 868 1114 :
924 1073 1072 1114 nunc
1102 1072 1134 1110 a
1184 1057 1292 1111 vita
1327 1071 1474 1112 mors
1517 1056 1747 1110 deletur.
1800 1053 1954 1109 Tunc
1982 1070 2092 1125 prae

517 1154 726 1226 pudore
765 1152 869 1208 sub
902 1150 1005 1205 ficu
1043 1149 1302 1204 occultati
1331 1147 1534 1203 fuimus
1579 1166 1594 1204 :
1631 1162 1781 1201 nunc
1827 1162 1922 1216 per
1973 1148 2091 1218 glo-

519 1245 656 1298 riam
702 1243 849 1312 ligno
906 1239 1032 1296 vita:
1095 1238 1624 1310 appropinquamus.
1666 1235 1821 1292 Tunc
1869 1247 2092 1309 propter

521 1331 940 1388 inobedientiam
993 1345 1058 1386 ex
1104 1329 1358 1400 paradiso
1408 1329 1618 1398 expulsi
1654 1344 1845 1383 sumus
1886 1347 1898 1383 :
1946 1342 2088 1383 nunc

521 1440 620 1494 per
649 1423 805 1478 fidem
863 1422 916 1475 in
947 1421 1271 1491 paradisum
1321 1420 1681 1476 admittimur.
1729 1415 1941 1476 Rursus
1975 1419 2091 1474 fru-

519 1526 645 1571 ctus
677 1517 800 1570 vita:
830 1513 896 1568 ad
927 1513 1152 1570 delicias
1183 1513 1345 1568 nobis
1396 1512 1709 1582 propositus
1734 1519 1820 1566 est
1849 1510 1914 1565 ad
1943 1511 2091 1566 arbi-

519 1605 704 1660 trium.
730 1602 943 1660 Rursus
972 1602 1094 1657 fons
1127 1602 1366 1673 paradisi
1403 1601 1804 1671 quadripartito
1835 1601 2091 1657 diductus

521 1683 997 1765 per'evangelieos
1023 1708 1213 1749 amnes
1263 1692 1572 1748 universam
1606 1693 1860 1747 Ecclesia:
1898 1692 2090 1747 faciem

521 1762 734 1857 irrigat,
765 1762 901 1846 adeo
939 1792 1000 1839 ut
1028 1785 1193 1841 etiam
1235 1785 1374 1840 sulci
1426 1784 1730 1838 animarum
1779 1791 2094 1840 nostrarum
2123 1762 2165 1816 Β

521 1875 880 1941 inebrientur,
925 1890 1066 1945 quos
1113 1875 1162 1931 is
1194 1875 1290 1946 qui
1310 1883 1606 1930 sementem
1660 1875 1932 1930 sermonis
1965 1874 2094 1930 facit

523 1976 706 2024 aratro
734 1967 998 2022 doctrinae
1029 1967 1394 2038 proscidit,ac
1410 1966 1837 2036 multiplicentur
1850 1967 2093 2036 germina

521 2061 681 2116 fructi
710 2074 844 2130 “que
880 2058 1117 2113 virtutis.
1149 2057 1290 2124 Quid
1319 2057 1486 2129 igitur
1515 2057 1586 2113 ob
1619 2056 1734 2112 haec
1763 2057 1944 2115 facere
1969 2073 2096 2113 con-

518 2168 665 2207 rem;
681 2164 696 2201 ι
711 2149 853 2216 Quid
870 2148 1206 2218 aliud,quam
1224 2148 1427 2203 imitari
1447 2157 1660 2204 montes
1676 2149 2026 2219 propheticos
2040 2158 2094 2204 et

518 2241 688 2296 colles
735 2239 1230 2298 exsultationibus?
1262 2236 1470 2292 Montes
1496 2239 1661 2304 enim,
1691 2240 1885 2309 inquit,
1910 2245 2094 2294 exsut-

517 2341 754 2387 tarerunt
785 2340 841 2384 ut
863 2332 1075 2393 arietes,
1105 2339 1154 2384 et
1175 2329 1336 2383 colles
1357 2329 1491 2384 sicut
1530 2330 1654 2400 agni
1703 2331 1875 2383 ovium
1907 2332 1947 2386 ².
1993 2330 2095 2385 Ve-

517 2423 633 2478 nite
665 2422 857 2493 igitur,
884 2421 1223 2476 exsultemus
1265 2419 1515 2485 Domino,
1556 2421 1650 2490 qui
1690 2419 1847 2491 fregit
1876 2421 2020 2476 vires
2040 2432 2095 2476 et

519 2514 814 2584 potentiam
869 2511 1046 2567 hostis
1096 2519 1151 2566 et
1215 2525 1469 2583 magnum
1531 2523 1630 2582 pro
1688 2511 1849 2566 nobis
1908 2513 2092 2566 crucis

519 2603 818 2675 trephazum
849 2603 904 2657 in
952 2603 1109 2656 ruina
1138 2600 1440 2656 adversarii
1469 2601 1662 2657 erexit.
1690 2600 2092 2673 Ἀλαλάξωμεν,

516 2693 573 2750 id
597 2701 701 2758 est,
755 2693 1053 2757 iubilemus,
1106 2691 1421 2762 ἀλαλαγμός
1453 2699 1656 2758 autem,
1706 2693 1822 2747 sive
1862 2692 2090 2762 jubilus,

516 2795 602 2840 est
638 2786 692 2839 in
729 2784 960 2839 victoria
1011 2783 1187 2850 fausta
1226 2797 1291 2838 ac
1347 2783 1466 2836 laeta
1504 2782 1850 2848 acclamatio,
1910 2799 2031 2852 quae
2061 2798 2093 2837 a

519 2872 823 2928 victoribus
844 2873 1106 2928 adversus
1133 2871 1305 2926 victos
1322 2873 1610 2925 excitatur.
1634 2872 1899 2938 Quoniam
1931 2873 2095 2942 igitur

519 2969 794 3032 prostrata
833 2971 919 3018 est
949 2963 1097 3018 acies
1151 2961 1346 3025 hostis,
1386 2971 1548 3031 atque
1571 2963 1661 3016 ille
1691 2963 1827 3032 ipse,
1862 2963 1955 3033 qui
1988 2963 2093 3016 im-

2189 513 2470 584 οὐρανίους
2493 513 2736 572 ἐποίησε.
2785 512 2918 566 Τότε
2951 512 3038 566 διά
3059 513 3158 583 τῆς
3193 512 3466 584 ἁμαρτίας
3490 513 3520 565 6
3541 512 3768 576 θάνατος

2191 602 2503 656 ἐϐασίλευσε
2525 619 2538 633 ·
2584 602 2678 656 νῦν
2709 603 3243 673 ἀντιμεταλαμϐάνει
3289 603 3378 656 διά
3411 603 3512 673 τῆς
3552 601 3696 671 ζωῆς
3733 603 3769 673 ἡ

2189 697 2501 770 δικαιοσύνη
2540 699 2600 751 τὸ
2639 700 2860 771 κράτος.
2903 697 2998 765 Εἷς
3025 700 3204 771 ῆνοιξε
3240 700 3360 753 τότε
3401 697 3496 751 τοῦ
3535 698 3768 752 θανάτου

2189 791 2288 859 τὴν
2306 790 2526 843 εἴσοδον·
2551 791 2618 844 δι’
2649 791 2766 856 ἐνὸς
2789 794 2880 846 καὶ
2902 793 2996 847 νῦν
3019 796 3052 865 ή
3079 794 3192 865 ζωὴ
3214 791 3612 860 ἀντεισάγεται.
3634 790 3769 844 Τότε
3809 775 3812 780 ’

2189 878 2275 931 διὰ
2308 878 2402 930 τοῦ
2436 878 2666 932 θανάτου
2709 881 2810 950 τῆς
2844 880 2989 953 ζωῆς
3018 882 3378 950 ἐξεπέσαμεν·
3411 882 3506 936 νῦν
3543 881 3647 933 ὑπὸ
3667 881 3768 950 τῆς

2191 967 2334 1038 ζωῆς
2360 969 2660 1040 ἀναιρεῖται
2683 973 2714 1024 6
2733 972 2978 1037 θάνατος.
2996 975 3130 1027 Τότε
3146 975 3236 1026 ὑπ’
3258 973 3521 1043 αἰσχύνης
3537 976 3604 1043 τῇ
3627 975 3768 1043 συκῇ

2193 1058 2599 1131 ὐπεκρύϐημεν·
2620 1060 2712 1114 νῦν
2749 1061 2836 1116 διὰ
2852 1062 3007 1132 δόξης
3029 1061 3090 1115 τὸ
3125 1061 3277 1126 ξύλον
3299 1063 3399 1131 τῆς
3427 1061 3570 1132 ζωῆς
3602 1077 3770 1130 προσ-

2189 1148 2499 1220 εγγίζομεν.
2563 1152 2697 1205 Τότε
2729 1152 2815 1206 διά
2855 1155 2954 1224 τῆς
2983 1153 3268 1224 παρακοῆς
3318 1152 3413 1206 τοῦ
3441 1151 3769 1223 παραδείσου

2190 1239 2584 1313 ἐξῳκίσθημεν·
2624 1243 2718 1296 νῦν
2755 1245 2844 1297 διὰ
2873 1243 3107 1306 πίστεως
3144 1244 3237 1297 τοῦ
3267 1244 3598 1314 παραδείσου
3638 1242 3773 1294 εἵσω

2190 1334 2471 1404 γινόμεθα.
2505 1334 2673 1390 Πάλιν
2700 1338 2729 1389 6
2758 1335 2968 1406 καρπὸς
2990 1337 3088 1406 τῆς
3118 1334 3266 1406 ζωῆς
3292 1337 3371 1399 είς
3402 1335 3613 1406 τρυφὴν
3639 1335 3770 1404 ἡμῖν

2192 1423 2472 1496 πρόκειται
2521 1427 2640 1478 κατ’
2679 1425 2944 1490 ἐξουσίαν.
2993 1425 3162 1481 Πάλιν
3211 1429 3244 1496 ή
3292 1425 3387 1479 τοῦ
3438 1424 3770 1494 παραδείσου

2192 1513 2364 1584 πηγὴ,
2393 1515 2425 1585 ή
2453 1516 2689 1586 τετραχῆ
2727 1515 2815 1569 διὰ
2849 1515 2960 1569 τῶν
2987 1508 3356 1583 εὐαγγελικῶν
3383 1515 3644 1584 ποταμῶν
3668 1531 3766 1584 με·

2195 1605 2484 1677 ριζομένη,
2533 1605 2678 1660 ἀπαν
2707 1606 2913 1669 ποτίζει
2954 1607 3016 1660 τὸ
3058 1607 3348 1678 πρόσωπον
3391 1607 3491 1677 τῆς
3540 1603 3768 1674 Ἐκκλη-

2194 1699 2314 1762 σίας
2334 1715 2347 1729 ·
2389 1698 2465 1762 ὡς
2495 1699 2589 1752 καὶ
2613 1697 2905 1767 μεθύσκειν
2935 1697 3090 1769 ἡμῶν
3119 1698 3217 1762 τὰς
3253 1696 3496 1760 αὔλακας
3530 1696 3638 1749 τῶν
3665 1696 3766 1766 ψυ-

2193 1788 2325 1858 χῶν,
2356 1788 2422 1852 ἃς
2443 1790 2472 1841 6
2497 1789 2734 1860 σπείρων
2762 1788 2853 1842 τὸν
2873 1788 3030 1858 λόγον
3055 1787 3132 1858 τῷ
3153 1788 3368 1859 ἀρότρῳ
3394 1787 3493 1858 τῆς
3517 1785 3768 1840 διδασκα-

2193 1880 2312 1942 λίας
2353 1880 2612 1950 ἀνέτεμε,
2652 1881 2745 1933 καὶ
2773 1879 3060 1950 πληθύνειν
3095 1879 3194 1949 τῆς
3235 1878 3436 1949 ἀρετῆς
3472 1877 3537 1930 τὰ
3574 1878 3767 1948 γεννή-

2197 1981 2362 2034 ματα.
2399 1965 2462 2017 Τί
2484 1961 2577 2018 οὖν
2606 1966 2698 2018 ἐπὶ
2741 1965 2951 2030 τούτοις
2977 1968 3244 2039 προσήκει
3275 1968 3482 2031 ποιεῖν;
3512 1965 3577 2017 Τί
3603 1965 3730 2018 ἄλλο
3748 2002 3765 2026 ,

2194 2051 2230 2122 ἦ
2269 2051 2550 2124 μιμεῖσθαι
2588 2053 2654 2106 τὰ
2682 2053 2782 2124 ὅρη
2813 2055 2881 2109 τά
2914 2055 3222 2127 προφητικὰ
3280 2055 3521 2118 καὶτοὺς
3549 2054 3768 2124 βουνοὺς

2193 2144 2304 2205 τοῖς
2329 2144 2694 2214 σκιρτήμασι;
2736 2146 2812 2199 Τὰ
2858 2146 2967 2214 ὅρη
3002 2149 3131 2218 γὰρ,
3170 2147 3353 2216 φησιν,
3398 2147 3769 2213 eone/prnom-

2192 2234 2334 2286 ὡσεὶ
2392 2235 2576 2303 κριοὶ,
2613 2237 2709 2290 καὶ
2763 2241 2814 2291 οὶ
2844 2237 3060 2301 βουνοί
3105 2237 3185 2303 ὡς
3220 2238 3397 2306 ἀρνία
3439 2239 3766 2306 προϐατων.

2195 2322 2402 2377 Οὐκοῦν
2430 2323 2604 2387 δεῦτε,
2649 2325 3102 2396 ἀγαλλιασὼμεθα
3149 2326 3226 2397 τῷ
3267 2327 3454 2398 Κυρίῳ
3475 2366 3490 2390 ,
3521 2326 3599 2396 τῷ
3633 2326 3767 2380 καθ-

2193 2413 2364 2466 ελόντι
2380 2413 2472 2467 τοῦ
2491 2416 2750 2484 πολεμίου
2775 2416 2870 2487 τὴν
2891 2417 3138 2487 δύναμιν,
3158 2418 3251 2471 καὶ⁴
3269 2418 3329 2470 τὸ
3348 2417 3490 2488 μέγα
3509 2418 3769 2489 τρόπαιον

2193 2504 2286 2555 τοῦ
2313 2507 2543 2576 σταυροῦ
2582 2506 2722 2577 ὑπὲρ
2749 2507 2905 2578 ήμῶν
2933 2509 3296 2578 ἀναστήσαντι
3325 2511 3382 2562 ἐν
3406 2508 3484 2579 τῷ
3511 2508 3764 2579 πτώματι

2191 2593 2286 2647 τοῦ
2315 2596 2712 2667 ἀντικειμένου,
2755 2599 3152 2670 Ἀλαλάζωμεν.
3190 2599 3524 2670 ’Λλαλαγμὸς
3543 2600 3600 2652 δέ
3620 2601 3770 2652 ἐστιν

2193 2685 2457 2750 ἐπινίκιος
2480 2687 2744 2758 εὐφημία,
2789 2689 2939 2758 παρὰ
2975 2689 3082 2742 τῶν
3110 2689 3531 2760 κεκρατηκότων
3555 2692 3766 2760 ἐ-γειρο-

2196 2777 2331 2847 μένη
2365 2777 2504 2830 κατά
2550 2779 2657 2831 τῶν
2695 2782 3034 2851 ἡττημένων.
3097 2782 3250 2834 Ἐπεὶ
3296 2777 3388 2834 οὖν
3424 2781 3707 2834 πέπτωκεν
3732 2783 3768 2850 ή

2191 2866 2284 2920 τοῦ
2315 2868 2576 2939 πολεμίου
2601 2872 2925 2943 παράταξις,
2966 2873 3060 2923 καὶ
3093 2872 3253 2934 αὐτὸς
3274 2873 3477 2935 ἐκεῖνος
3500 2873 3528 2925 6
3550 2874 3610 2925 τὸ
3633 2873 3767 2944 κρά-

2191 2975 2284 3021 τος
2306 2957 2442 3028 ἔχων
2461 2960 2559 3030 τῆς
2585 2962 2823 3030 πονηρᾶς
2846 2961 2955 3014 τῶν
2979 2963 3248 3032 δαιμόνων
3275 2965 3532 3034 στρατιᾶς
3559 2964 3766 3034 οἴχεται

519 3055 726 3125 perium
751 3053 947 3110 nefarii
965 3053 1239 3109 exercitus
1265 3053 1571 3108 daemonum
1589 3054 1888 3118 obtinebat,
1909 3054 2087 3123 periit,

2195 3046 2289 3100 καὶ
2310 3046 2623 3116 ἠφάνισται,
2650 3049 2742 3101 καὶ
2764 3049 2841 3110 είς
2873 3049 2934 3101 τὸ
2966 3050 3040 3120 μὴ
3072 3049 3130 3102 ὃν
3158 3050 3257 3121 ἤδη
3285 3051 3760 3122 μετακεχὼρηκενο

517 3145 728 3200 deletus
766 3152 817 3199 et
850 3144 917 3199 ad
979 3143 1210 3198 nihilum
1246 3144 1354 3214 jam
1384 3143 1638 3198 redactus
1683 3150 1768 3199 est
1805 3144 2089 3197 :dicamus

2194 3137 2457 3207 εἴπωμεν,
2484 3139 2566 3192 ὄτι
2587 3139 2716 3203 Θεὸς
2749 3139 2920 3210 μέγας
2949 3142 3170 3211 Κύριος,
3200 3141 3296 3193 ml.
3320 3141 3569 3212 βασιλεὺς
3593 3145 3766 3212 μέγας

516 3234 662 3305 quod
697 3233 837 3290 Deus
879 3235 952 3290 sit
996 3250 1228 3304 magnus
1283 3235 1562 3300 Dominus,
1623 3244 1677 3290 et
1725 3252 1817 3291 rex
1862 3251 2089 3306 magnus

2194 3229 2285 3281 ἐπὶ
2309 3230 2489 3282 πᾶσαν
2522 3228 2618 3299 τὴν
2660 3229 2783 3298 γῆν,
2822 3230 2852 3280 6
2890 3228 3186 3299 εὐλογήσας
3228 3229 3319 3280 τὸν
3364 3229 3624 3298 στέφανον
3665 3230 3764 3282 τοῦ

518 3341 683 3397 super
701 3341 918 3383 omnem
957 3333 1181 3392 terram,
1238 3328 1330 3396 qui
1365 3328 1638 3384 benedixit
1692 3344 1908 3384 coronae
1964 3330 2091 3384 anni

519 3416 865 3488 benignitatis
889 3430 1023 3483 suae,
1067 3426 1127 3472 et
1159 3417 1420 3474 conduxit
1459 3435 1559 3474 nos
1602 3420 1659 3474 in
1688 3421 1833 3475 hunc
1863 3422 2089 3475 chorum

516 3514 572 3562 et
592 3515 795 3564 cmtum
844 3507 1187 3578 spiritualem
1237 3525 1333 3580 per
1374 3511 1651 3565 Christum
1684 3510 1868 3566 Jesum
1908 3511 2091 3566 Domi-

516 3613 646 3654 num
665 3607 936 3666 nostrum,
963 3599 1050 3655 cui
1075 3599 1244 3671 gloria
1269 3601 1324 3654 in
1348 3602 1568 3656 sazcula.
1596 3603 1786 3657 Amen.

1110 3771 1366 3829 ORATIO
1429 3773 1489 3830 V.

517 3901 586 3958 In
623 3903 883 3959 ilmstrem
923 3913 974 3958 et
1014 3913 1254 3958 sanctam
1296 3904 1514 3985 βουπιηὶ
1557 3905 1747 3977 Deique
1787 3907 1956 3962 nostri
2009 3925 2090 3962 re-

1108 3985 1503 4030 surrecttonem.

591 4134 922 4192 Benedictus
947 4133 1115 4193 Deus.
1152 4134 1409 4192 Dicamus
1437 4137 1586 4192 bona
1616 4137 1778 4193 verba
1800 4179 1816 4204 ,
1845 4147 1901 4194 et
1945 4140 2088 4196 cele-

513 4225 735 4283 brcmus
751 4226 912 4282 hodie
933 4227 1218 4299 unigenam
1244 4227 1333 4283 Dei
1358 4227 1766 4295 Filium,verum
1787 4231 2087 4286 caelestium

513 4323 918 4384 procreatorem
967 4333 980 4371 :
1023 4316 1118 4387 qui
1205 4331 1270 4371 ex
1340 4319 1578 4374 occultis
1646 4328 1807 4374 terrae
1864 4321 2082 4379 sinibus

2193 3320 2435 3375 ἐνιαυτοῦ
2489 3321 2589 3389 τῆς
2643 3321 3007 3394 χρηστότητος
3050 3320 3213 3374 αὐτοῦ
3239 3338 3253 3352 ·
3300 3322 3393 3375 καὶ
3441 3323 3764 3391 συναγαγὼν

2192 3414 2338 3483 ἡμᾶς
2377 3415 2456 3477 εἰς
2500 3412 2599 3485 τὴν
2644 3413 3019 3483 πνευματικὴν
3057 3413 3260 3484 ταύτην
3294 3415 3668 3485 χοροστασίαν,
3700 3415 3765 3466 ἐν

2194 3505 2412 3576 Χριστῷ
2447 3506 2622 3590 Ἰησορ
2651 3506 2729 3578 τῷ
2756 3504 2977 3577 Κυρίῳ,
2999 3498 3043 3574 ᾧ
3062 3507 3096 3575 ἡ
3120 3505 3244 3570 δόξα
3273 3510 3354 3572 είς
3384 3508 3509 3572 τοὺς
3540 3509 3758 3572 αἰῶνας.

2205 3597 2393 3670 Ἀμήν.

2804 3781 3022 3836 ΛΟΓΟΣ
3050 3781 3126 3835 E'.

2186 3911 2291 3977 Εὶς
2316 3910 2431 3979 τὴν
2457 3911 2806 3982 secutos:de
2829 3912 2928 3966 καὶ
2955 3913 3132 3981 ἁγίαν
3155 3913 3496 3969 ἀνάστασιν
3511 3914 3620 3970 τοῦ
3644 3919 3760 3971 Κυ-

2625 3983 2764 4050 ρίου
2801 3983 2898 4036 καί
2933 3983 3081 4037 Θεοῦ
3122 3983 3304 4053 ἡμῶν.

2260 4136 2561 4207 Εὐλογητπ
2586 4137 2615 4189 6
2641 4136 2793 4200 Θεός.
2820 4137 3240 4210 Εὐφημήσωμεν
3267 4139 3501 4210 τήμερον
3527 4140 3617 4194 τὸν
3645 4141 3760 4195 Mo-

2192 4229 2384 4300 νογενῆ
2411 4230 2562 4294 Θεὸν,
2593 4229 2684 4283 τὸν
2716 4229 2824 4282 τῶν
2861 4231 3126 4301 οὐρανίων
3170 4231 3490 4302 γεννήτορα,
3519 4233 3611 4285 τὸν
3645 4233 3756 4286 τῶν

2191 4320 2435 4390 κρυφίων
2468 4319 2708 4388 λαγόνων
2755 4319 2856 4388 τῆς
2906 4322 3010 4391 γῆς
3055 4319 3465 4390 ὑπερκύψαντα,
3508 4322 3602 4375 καὶ⁵
3635 4326 3756 4387 ταῖς

513 4405 736 4460 emersit
757 4445 772 4470 ,
807 4414 862 4462 et
888 4405 1209 4463 clarissimis
1245 4406 1412 4462 radiis
1438 4407 1623 4463 orbem
1649 4415 1919 4464 terrarum
1951 4426 2082 4482 ope-

2189 4411 2515 4482 φαοσφόρυις
2535 4411 2715 4464 ἀκτῖσι
2738 4411 2834 4482 τὴν
2847 4411 2972 4481 ὅλην
3001 4413 3322 4484 οἰκουμένην
3339 4413 3753 4469 ἐπισκιάσαντα.

515 4498 645 4552 ruit.
686 4497 1038 4554 tlelebremus
1087 4498 1250 4554 hodie
1280 4499 1610 4569 sepulturam
1656 4498 1951 4571 Unigeniti,
1995 4519 2087 4559 re-

514 4589 908 4644 surrectionem
959 4589 1216 4666 victoris,
1271 4589 1528 4658 gaudium
1587 4591 1777 4646 mundi
1822 4603 1877 4648 et
1921 4593 2087 4649 vitam

516 4679 760 4749 gentium
787 4672 1403 4737 mundi.'Cclebremus
1443 4680 1606 4738 hodie
1653 4696 1780 4749 eum
1829 4683 1922 4753 qui
1958 4700 2086 4754 pec-

515 4777 700 4824 catum
753 4768 1024 4826 induerat.
1077 4770 1430 4828 Celebremus
1461 4772 1620 4828 hodie
1655 4773 1748 4829 Dei
1801 4772 2037 4830 Verbum
2066 4817 2082 4844 ,

513 4861 658 4931 quod
689 4859 876 4915 mundi
911 4860 1236 4931 sapientiam
1259 4862 1443 4932 arguit
1465 4903 1480 4928 ,
1519 4862 1910 4932 prophetarum
1940 4880 2079 4936 pra:-

512 4953 804 5008 dictionem
883 4951 1226 5007 confirmavit
1265 4991 1282 5018 ,
1358 4955 1730 5023 apostolorum
1802 4955 2076 5012 vinculum

512 5045 809 5100 connexuit
831 5083 848 5109 ,
889 5042 1149 5100 Ecclesiae
1190 5045 1549 5111 vocationem,
1583 5045 1822 5118 Spiritus
1847 5049 2077 5118 gratiam

513 5137 828 5206 esplicavit.
855 5133 997 5191 Ecce
1025 5137 1170 5190 enim
1193 5151 1293 5191 nos
1323 5137 1417 5208 qui
1440 5137 1570 5192 olim
1594 5139 1756 5193 alieni
1796 5155 1828 5194 a
1861 5139 1954 5195 Dei
1979 5155 2078 5195 no-

514 5229 629 5281 titia
669 5241 911 5290 eramus,
949 5223 1122 5281 Deum
1163 5228 1523 5297 agnovimus,
1569 5239 1622 5284 et
1649 5230 1778 5284 olim
1810 5230 2075 5300 scriptum

512 5316 809 5389 perfectum
829 5323 913 5372 est
931 5333 945 5370 :
970 5313 1402 5384 Reminiscentur,
1425 5328 1474 5373 et
1499 5330 1864 5375 convertentur
1890 5320 1960 5376 ad
1979 5321 2078 5376 Do-

510 5411 710 5464 minum
757 5423 933 5464 omnes
967 5408 1096 5478 ﬁnes
1141 5418 1295 5466 terra:
1316 5425 1336 5466 :
1357 5420 1409 5466 et
1437 5411 1735 5468 adorabunt
1769 5414 1824 5468 in
1862 5430 2076 5484 conspe-

509 5511 596 5556 ctu
619 5501 732 5572 ejus
761 5500 1016 5555 universa:
1038 5500 1263 5570 familia:
1291 5505 1523 5574 gentium
1545 5505 1612 5560 ".
1639 5504 1809 5578 Cujus
1845 5506 1921 5562 rei
1957 5521 2075 5563 me-

580 5673 601 5703 ¹
626 5670 768 5729 Psal.
794 5689 946 5738 erm,
981 5674 1035 5732 4.
1109 5655 1156 5707 ί·
1187 5673 1332 5730 Psal.
1373 5661 1487 5741 im,
1518 5673 1607 5729 28.

2187 4504 2603 4575 Εὐφημήσωμεν
2644 4505 2879 4576 τήμερον
2907 4505 3005 4576 τὴν
3049 4505 3228 4576 ταφὴν
3256 4505 3350 4559 τοῦ
3391 4506 3754 4575 Μονοτενοῦςν

2183 4594 2281 4666 τὴν
2308 4580 2603 4648 ἀνάστασιν
2653 4593 2746 4648 τοῦ
2775 4594 3013 4666 νικητοῦ,
3046 4595 3144 4667 τὴν
3175 4595 3346 4667 χαράν
3390 4595 3482 4650 τοῦ
3527 4598 3754 4669 κόσμου,

2181 4687 2280 4757 τὴν
2318 4686 2462 4757 ζωὴν
2490 4686 2598 4738 τῶν
2627 4685 2796 4739 ἐθνῶν
2827 4686 2922 4740 τοῦ
2953 4686 3179 4758 κόσμου.
3214 4688 3637 4758 Εὐφημήσωμεν
3660 4690 3755 4760 τή-

2185 4794 2346 4847 μερον
2371 4776 2460 4829 τὸν
2493 4775 2590 4846 τὴν
2624 4777 2897 4848 ἁμαρτίαν
2920 4777 3297 4847 ἐνδυσάμενον.
3328 4776 3754 4848 Εὐφημήσωμεν

2180 4871 2418 4940 τήμερον
2453 4869 2544 4923 τὸν
2574 4867 2707 4923 Θεὸν
2735 4869 2926 4938 Λόγον,
2956 4869 3016 4934 ὃς
3055 4871 3153 4941 τὴν
3182 4869 3278 4924 τοῦ
3310 4871 3515 4940 κόσμου
3560 4871 3754 4939 σοφίαν

2179 4957 2404 5028 ἤλεγξε·
2460 4957 2566 5010 τῶν
2623 4958 2918 5029 προφητῶν
2963 4958 3064 5031 τὴν
3117 4959 3420 5030 πρόρρησιν
3471 4959 3748 5030 ἐκύρωσε·

2178 5045 2286 5099 τῶν
2313 5045 2624 5098 ἀποστόλων
2653 5045 2745 5099 τὸν
2780 5045 3074 5118 σύνδεσμον
3105 5046 3422 5118 συνήθροισε
3441 5065 3456 5080 ·
3487 5047 3588 5117 τῆς
3626 5047 3754 5100 Ἐκ-

2178 5137 2407 5207 κλησίας
2435 5136 2534 5208 τὴν
2580 5137 2792 5208 κλῆσιν,
2828 5137 2921 5190 τοῦ
2964 5139 3280 5209 Πνεύματος
3307 5138 3405 5210 τὴν
3447 5139 3606 5210 χάριν
3652 5139 3753 5207 ἐφ-

2180 5227 2418 5297 ήπλωσε.
2466 5227 2595 5279 Ἰδοὺ
2630 5226 2739 5296 γὰρ
2773 5229 2931 5298 ἡμεῖς
2962 5229 3019 5281 οἵ
3038 5244 3166 5281 ποτε
3189 5227 3328 5294 ξένοι
3355 5227 3456 5298 τῆς
3482 5225 3575 5280 τοῦ
3615 5226 3751 5280 Θεοῦ

2183 5315 2548 5386 ἐπιγνώσεως,
2589 5317 2678 5369 τὸν
2720 5316 2852 5370 Θεὸν
2897 5316 3249 5387 ἐπέγνωμεν·
3281 5317 3374 5370 καὶ
3404 5317 3466 5370 τὸ
3504 5331 3756 5386 γεγραμ-

2186 5408 2346 5478 μένον
2375 5408 2725 5481 πεπλήρωται
2745 5423 2760 5440 ⁶
2813 5409 3285 5477 Μνησθήσονται
3333 5409 3432 5463 καί
3473 5410 3754 5476 ἐπιστρα-

2181 5498 2478 5567 φήσονται
2495 5501 2643 5570 πρὸς
2667 5502 2886 5571 Κύριον
2905 5501 3105 5556 πάντα
3130 5501 3200 5556 τὰ
3230 5513 3450 5571 «spata
3476 5500 3585 5571 τῆς
3606 5497 3717 5571 τῆς
3734 5536 3754 5566 ,
