4154 6354
375 370 485 426 1585
1243 376 1309 430 IN
1348 376 1624 433 CHRISTI
1667 381 2300 446 RESURRECTIONEM
2344 394 2548 451 ORAT.
2591 397 2653 453 V.
3526 408 3628 470 6ἒο

378 480 480 533 καί
534 481 1082 549 προσκυνήσουσιν
1126 486 1383 542 ἐνώπιον
1429 493 1614 547 αὐτοῦ
1671 496 1859 552 πᾶσαι
1905 515 1920 549 ι

2020 510 2036 557 t
2068 518 2246 562 mores
2275 510 2477 564 erunt?
2506 510 2727 583 Antiqui
2764 511 2971 582 lapsus,
2996 524 3049 569 et
3079 531 3232 571 novae
3269 522 3625 573 resurrectio-

375 569 617 637 πατριαὶ
664 570 785 624 τῶν
834 572 1045 629 ἐθνῶν,
1100 575 1163 628 Τί
1205 580 1642 652 μνησθήσονται;
1697 586 1807 656 Τὴν
1862 606 1920 640 πε

2060 597 2179 661 nis,
2214 606 2268 652 ct
2314 569 2715 659 emendationis
2744 569 2865 675 quae
2889 613 3078 677 postea
3109 617 3296 663 secuta
3338 618 3455 664 est:
3501 610 3624 667 Erae

375 661 532 714 λαιάν
588 662 831 729 πτῶσιν,
877 666 977 736 τὴν
1023 667 1148 721 νέαν
1203 671 1536 738 ἀνάστασιν,
1581 675 1682 747 τὴν
1725 678 1920 748 ἀρχαία

2058 687 2334 755 interitus,
2360 692 2590 762 virginis
2619 702 2794 759 ortus,
2828 661 3069 768 gentium
3102 701 3494 767 restitutionis,
3529 702 3625 757 deo

374 753 707 824 παράϐασιν,
749 755 844 808 καὶ
872 755 972 827 τὴν
1015 757 1241 831 ὕστερον
1274 762 1559 834 διόρθωσιν
1581 782 1595 795 ·
1635 766 1735 837 τὴν
1767 768 1920 839 θνῆσι

2056 753 2417 851 linquentium
2447 753 2858 854 absolutionis:
2889 790 3276 860 prophetarum
3308 792 3622 862 praedictio-

371 841 473 913 τῆς
518 841 683 905 Εὔας,
716 843 816 914 τῆς
853 844 1134 915 Παρθένου
1317 851 1589 924 γέννησιν,
1643 856 1750 909 τῶν
1787 857 1920 911 ἐθνῶ

2151 841 2168 851 .
2798 841 2817 844 -
2839 841 2854 854 ,
2890 841 2934 858 .7
2963 841 3275 860 ,ηπ-ω
3308 841 3586 862 rm---“

2055 874 2139 926 nis
2160 914 2177 938 ,
2217 878 2586 944 apostolorum
2617 879 3043 947 praedicationis,
3084 883 3309 952 piscinae
3342 900 3622 955 regenera-

372 931 472 1003 τὴν
503 932 898 1003 ἐπανόρθωσιν,
944 936 1050 989 τῶν
1088 940 1427 1009 ἁμαρτωλῶν
1466 945 1563 1016 τὴν
1597 946 1810 1014 ἄφεσιν,
1843 950 1920 1002 τῶ

2164 931 2174 938 .
2252 931 2268 944 .
2617 931 2636 947 .
3085 931 3308 952 ,ηπ-η.
3344 931 3598 955 --ον-πη

2052 965 2239 1031 tionis,
2269 967 2321 1021 in
2351 969 2659 1038 paradisum
2694 972 3109 1029 introductionis
3138 1018 3154 1042 ,
3186 977 3394 1032 reditus
3424 978 3476 1032 in
3507 993 3620 1032 cm-

372 1022 664 1093 προφητῶν
697 1024 797 1095 τὴν
829 1025 1153 1097 πρόρρησιν,
1189 1030 1297 1082 τῶν
1335 1034 1650 1089 ἀποστόλων
1687 1040 1746 1092 τὸ
1787 1041 1951 1111 κῆρυ-

371 1128 508 1181 γμα,
541 1112 642 1182 τῆς
671 1113 1058 1188 κολυμϐήθρας
1093 1118 1192 1189 τὴν
1222 1122 1601 1197 ἁναγέννησιν,
1635 1129 1728 1182 τοῦ
1770 1150 1948 1202 παρα-

364 1202 547 1256 δείσου
592 1204 690 1274 τὴν
741 1206 1058 1277 είσοίκησιν,
1101 1211 1210 1263 τῶν
1255 1213 1502 1284 οὐρανῶν
1537 1216 1633 1289 τὴν
1668 1220 1944 1286 ἐπάνοδον,

366 1286 460 1339 τὸν
474 1290 816 1361 Δημιουργὸν
846 1292 1223 1366 ἀνιστάμενον,
1248 1300 1338 1353 τὸν
1362 1303 1460 1373 τὴν
1486 1286 1791 1376 ἀπρέπειαν
1819 1312 1947 1364 ἁπο-

363 1378 685 1450 δυσάμενον,
733 1382 826 1435 τὸν
875 1388 941 1457 τῇ
992 1385 1145 1459 θεῖκῇ
1188 1392 1568 1465 μεγαλουργίᾳ.
1601 1398 1664 1451 τὸ
1709 1399 1945 1471 φθαρτὸν

366 1471 446 1535 εἰς
475 1473 784 1546 ἀφθαρσίαν
823 1478 1251 1547 μεταλλάξαντα.
1288 1485 1398 1537 Καὶ
1445 1488 1606 1543 ποίαν
1637 1491 1944 1563 ἀπρέπειαν

361 1562 631 1630 eiusdsm;
681 1568 785 1620 Ἦν
831 1568 1057 1635 Ἡσαΐας
1101 1570 1246 1641 εἶπε,
1300 1576 1411 1630 Καὶ
1455 1579 1695 1650 εἴδομεν
1726 1562 1940 1653 αὐτὸν,

364 1658 550 1723 φησὶν,
603 1658 701 1709 καί
728 1660 841 1712 οὐκ
884 1656 1049 1730 εἶχεν
1088 1660 1249 1731 είδος
1292 1668 1435 1722 οὐδέ
1461 1670 1709 1739 κάλλος.
1757 1676 1942 1730 Ἀλλὰ

361 1741 429 1793 τό
453 1740 612 1809 εἶδος
638 1744 825 1799 αὑτοῦ
851 1747 1081 1819 ἄτιμον,
1103 1753 1387 1810 ἐκλεῖπον
1408 1760 1568 1828 παρὰ
1600 1764 1739 1829 τοὺς
1770 1766 1938 1832 υἱοὺς

360 1829 477 1883 τῶν
507 1832 852 1902 άνίψὼπων.
893 1841 1029 1893 Πότε
1075 1837 1145 1913 ἦν
1186 1845 1415 1916 ἄτιμος;
1451 1850 1580 1905 Ὅτε
1619 1856 1732 1916 τοῖς
1763 1829 1938 1929 άλιτηζ
1972 1831 2010 1885 Β

357 1922 494 1993 ρίοις
551 1926 824 1994 Ἰουδαίοις
869 1934 1238 2005 προσωμίλειξ
1288 1941 1381 1993 καὶ
1427 1943 1795 2017 Σαμαρείτης,
1845 1922 1936 2003 καὶ

353 2016 633 2085 δαιμόνιον
660 2018 799 2090 ἔχων
842 2023 1089 2080 ἐκαλεῖτο
1114 2045 1127 2059 ·
1169 2029 1259 2084 ὅτε
1297 2031 1496 2097 Ἰούδας
1519 2035 1548 2087 6
1585 2036 1937 2112 Ἰσκαριώτης

357 2105 449 2156 καὶ
476 2105 544 2158 τά
576 2108 669 2161 τοῦ
702 2111 924 2176 σκότους
950 2118 1284 2188 γεννήματα,
1307 2121 1440 2192 πρὸς
1468 2124 1627 2192 φόνον
1671 2105 1933 2198 ἐκράτουν

355 2196 445 2247 τὸν
468 2195 769 2268 ἁχώρητον.
798 2204 912 2257 υῦκ
935 2205 1192 2272 ἀσκόπως
1220 2210 1403 2277 ἔλεγεν
1436 2213 1618 2279 αὐτοῖς
1661 2195 1927 2291 Ἰωάννης·

356 2290 712 2359 Γεννήματα
743 2295 1018 2367 ἐχιδνῶν,
1066 2302 1158 2368 τίς
1199 2302 1516 2369 ὑπέδειξεν
1543 2309 1686 2377 ὑμῖν
1716 2290 1931 2382 φυγεῖν

350 2378 469 2432 ἀπὸ
509 2380 618 2447 τῆς
662 2388 1014 2457 μελλούσης
1056 2391 1274 2461 ὀργῆς-ς
1320 2397 1528 2461 Ὄντως
1570 2378 1744 2472 γὰρὴ
1790 2378 1929 2476 ἀργὴ

350 2469 443 2523 τοῦ
492 2472 625 2525 Θεοῦ
672 2480 827 2545 μενεῖ
866 2480 954 2532 ἐπ’
995 2482 1213 2545 αὐτούς.
1260 2485 1397 2539 Πότε
1440 2482 1507 2558 ἦν
1531 2489 1758 2560 ἄτιμοςς
1799 2494 1928 2547 Ὅτε

349 2560 410 2612 τὸ
451 2561 737 2633 βλάστημα
764 2567 865 2638 τῆς
910 2570 1211 2637 ἐπιεικείας
1244 2575 1495 2647 ῥάπισμα
1531 2579 1922 2652 διελάμϐανεν,

349 2652 444 2704 καὶ
476 2653 597 2721 μεθ’
636 2656 814 2746 ὅρκων
853 2659 1080 2732 ἠρώτων
1109 2664 1218 2717 τῶν
1257 2666 1436 2737 ὅρκων
1465 2669 1726 2745 δικαστὴν
1758 2676 1925 2746 ὑπάρ-

348 2758 529 2810 χοντα.
558 2746 694 2799 Πότε
731 2745 802 2818 ἦν
832 2749 1056 2821 ἄτιμος;
1108 2756 1237 2808 Ὅτε
1274 2758 1552 2823 ἐδικάζετο
1586 2765 1615 2817 6
1642 2745 1918 2839 δικαστὴς,

348 2832 441 2884 καὶ
470 2835 712 2905 ἐκρίνετο
737 2840 766 2890 6
798 2840 988 2911 κριτὴς
1011 2843 1105 2897 τοῦ
1134 2846 1340 2917 κόσμου
1360 2862 1375 2878 ⁸
1407 2853 1437 2904 6
1465 2853 1683 2925 οἰκέτης
1710 2832 1915 2928 ἠρώτα,

344 2922 609 2993 δεσπότης
636 2928 865 2997 ἐσιώπα,
894 2935 989 2987 καὶ
1032 2935 1093 2988 τὸ
1137 2937 1251 3005 φῶς
1296 2940 1555 3011 ἡσύχαζε,
1606 2922 1701 2999 κά).
1731 2922 1920 3015 σκότος

346 3016 613 3087 ἐγαυρία·
644 3019 703 3071 τὸ
746 3021 970 3110 πλάσμα
1012 3026 1355 3097 ἐθρασύνετο,
1388 3034 1481 3086 καὶ
1525 3036 1554 3087 6
1590 3035 1919 3110 δημιουργὸς

346 3106 650 3201 ἐκαρτέρει.
688 3111 824 3165 Πότε
850 3109 919 3184 ἧν
946 3116 1169 3186 ἄτιμος;
1207 3119 1333 3173 Ὅτε
1360 3124 1408 3174 oi
1445 3123 1635 3196 ταῦροι
1672 3106 1915 3201 ἐκεράτι⁴

347 3193 473 3262 ζον,
508 3200 599 3250 καὶ
632 3203 660 3252 6
703 3202 902 3272 μόσχος
933 3206 1260 3275 παρίστατο·
1301 3211 1389 3264 ὅτε
1426 3215 1455 3266 6
1498 3193 1631 3269 λέων
1666 3193 1914 3289 ὠρύᾶτο,

347 3288 441 3340 καὶ
473 3290 522 3341 oi
553 3290 743 3362 ταῦροι
762 3293 1142 3365 ἐγαυρύνοντο,
1167 3298 1692 3376 καθὼςγέγραπταν
1718 3288 1915 3378 Περιε-

345 3379 669 3434 κύκλωσάν
687 3400 763 3450 με
785 3386 1010 3454 μόσχοι
1050 3392 1287 3454 πολλοὶ,
1332 3395 1534 3463 ταῦροι
1573 3398 1776 3466 πίονες
1814 3417 1915 3455 πε-

334 3468 591 3539 ριέσχον
622 3491 719 3541 με.
764 3476 1051 3542 Ἠνοιξαν
1091 3480 1183 3533 ἐπ’
1215 3483 1320 3552 ἐμὲ
1352 3486 1419 3538 τό
1457 3488 1650 3557 στόμα
1695 3491 1910 3558 αὐτῶν,

342 3560 423 3626 ὡς
457 3561 613 3615 λέων
636 3565 905 3631 ἁρπάζων
928 3570 1025 3623 καὶ
1053 3571 1405 3643 ὼρυόμενος.
1434 3580 1569 3633 Πότε
1592 3577 1661 3653 ἦν
1684 3585 1875 3655 ἄτιμος
1896 3604 1910 3648 ;

342 3652 471 3705 Ὅτε
500 3655 549 3707 oi
589 3655 746 3717 κύνες
783 3658 1066 3725 ὑλάκτουν.
1104 3667 1196 3719 καὶ
1240 3668 1269 3719 ὁ
1304 3670 1580 3744 Δεσπότης
1632 3652 1909 3748 ἠνείχετο·

338 3744 428 3796 ὅτε
459 3746 510 3796 οἱ
553 3744 703 3800 λύκοι
736 3749 1002 3819 ἥρπαζον,
1038 3754 1129 3807 καὶ
1162 3754 1224 3807 τὸ
1272 3759 1540 3829 πρόϐατον
1572 3744 1871 3837 παρίστατο
1892 3789 1905 3802 ·

336 3834 425 3885 ὅτε
449 3834 651 3932 ληστὴς
679 3840 759 3901 είς
784 3839 927 3912 ζωὴν
952 3843 1226 3911 ἐκαλεῖτο,
1270 3851 1301 3918 ή
1351 3850 1408 3904 δὲ
1441 3851 1554 3926 ζωὴ
1580 3834 1675 3910 τού
1705 3859 1909 3932 κόσμου

335 3925 416 3987 είς
446 3924 673 3980 θάνατον
706 3929 912 3984 εἵλκετο
932 3948 947 3963 ο
995 3933 1083 3986 ὅτε
1113 3936 1281 3990 ἐϐόων
1310 3942 1523 4013 ἐκείνην
1541 3924 1646 4018 τὴν
1677 3924 1909 4009 ἄτακτον

338 4016 430 4066 καὶ
491 4016 731 4087 ὀλέθριον
765 4022 966 4091 φωνὴν,
995 4020 1199 4092 Ἀρον,
1236 4021 1403 4097 ἆρον,
1430 4016 1783 4105 σταύρωσον
1805 4047 1909 4098 αὐ-

336 4105 461 4157 τόν.
502 4106 570 4159 T6
622 4103 764 4177 αἷμα
802 4113 986 4167 αὑτοῦ
1015 4114 1108 4182 ἐφ’
1142 4117 1300 4186 ἡμᾶς
1342 4123 1437 4176 καί
1477 4103 1682 4184 ἐπί-τὰ
1726 4133 1907 4190 τέκνα

336 4193 523 4261 ἡμῶν.
561 4198 623 4249 Οἱ
651 4199 1023 4271 Κυριοκτόνοι,
1067 4206 1117 4257 oi
1151 4215 1596 4284 προφητοκτόνοι,
1628 4222 1676 4274 oi
1707 4220 1903 4295 θεομά-

333 4299 452 4352 χοι,
490 4285 537 4336 οί
572 4288 833 4357 μισόθεοι,
877 4293 925 4346 οί
955 4294 1049 4347 τοῦ
1090 4296 1253 4368 νόμου
1287 4301 1558 4373 ὑϐρισταὶ,
1600 4311 1650 4363 οἱ
1684 4314 1781 4385 τῆς
1801 4285 1904 4387 ’χά-

334 4392 480 4446 ριτος
510 4377 773 4448 πολέμιοι,
801 4384 851 4436 oi
880 4384 1145 4457 ἀλλότριοι
1174 4393 1274 4462 τῆς
1311 4394 1545 4462 πίστεως
1582 4403 1688 4457 τῶν
1733 4377 1921 4465 imit-

335 4483 473 4535 ρων,
506 4470 554 4520 oi
586 4472 870 4544 συνήγοροι
906 4475 1000 4528 τοῦ
1028 4476 1272 4534 διαϐόλου
1291 4523 1307 4549 ,
1344 4485 1427 4539 τάν
1453 4492 1762 4563 γεννήματα
1787 4499 1896 4553 τῶν
1929 4474 1972 4529 D

332 4559 355 4608 ἐ
362 4576 393 4627 χ
401 4558 575 4624 ιδνῶν,

328 4652 393 4717 τῇ
428 4649 653 4721 διανοίᾳ,

325 4739 433 4788 τῶν
459 4740 747 4810 δαιμόνων,
792 4747 842 4799 oi
870 4747 1184 4820 ἀλάστορες,
1218 4756 1269 4807 oi
1299 4758 1632 4829 πάμφαυλοι,
1658 4768 1709 4819 οἱ
1746 4739 1893 4825 λίθαο

325 4832 468 4930 erat,
512 4834 563 4885 οί
610 4835 912 4903 μισόκαλοι.
968 4841 1207 4905 Εἰκότως
1237 4846 1345 4917 γάρ
1384 4848 1632 4921 ἔκραζονο
1683 4854 1890 4930 'Apor,

322 4915 489 4987 ἆρον,
544 4928 898 4994 σταύρωσον
944 4934 1148 4987 αὐτόν.
1205 4915 1417 5011 Ἐδάρει
1451 4915 1573 5016 ⁷γὰρ
1614 4915 1810 5017 αὐτοῦς

323 5015 584 5086 ἐπιδημία
633 5019 732 5090 τῆς
778 5020 1028 5093 θεότητος
1088 5027 1224 5096 μετά
1281 5033 1512 5102 σαρκὸς,
1547 5015 1654 5091 καὶ
1702 5015 1889 5098 ἐλύὴπεί

319 5105 427 5205 τῶν
456 5107 690 5178 ἐλέγχων
716 5113 745 5164 6
772 5115 971 5184 τρόπος
991 5132 1005 5146 ο
1038 5116 1157 5181 ἔθος
1200 5119 1306 5192 γάρ
1338 5124 1675 5197 ἁμαρτωλοῖς
1712 5140 1887 5205 μισεῖν

318 5194 414 5265 τὴν
442 5197 550 5251 τῶν
578 5199 799 5255 δικαίων
829 5206 1135 5275 συντυχίαν.

392 5287 525 5378 Πότε
570 5286 639 5361 ἧν
680 5292 899 5365 άτιμος;
957 5297 1084 5350 Ὅτε
1128 5300 1289 5355 αὑτὸν
1330 5306 1764 5378 ἐφραγέλλωσαν,
1796 5321 1890 5373 καὶ

316 5372 376 5471 το
409 5374 565 5444 σῶμα
594 5379 757 5433 αὐτοῦ
787 5384 847 5435 τὸ
882 5385 1037 5453 ἅγιον
1079 5372 1416 5459 ἐϐασάνιζον,
1456 5372 1686 5471 (ρὲροντα
1733 5372 1890 5461 ἐνκουέ

317 5461 444 5526 σίως
475 5467 661 5533 πάθος,
701 5471 786 5525 ἵνα
812 5476 937 5539 τοὺς
959 5479 1219 5544 παλαιοὺς
1249 5461 1648 5552 μώλωπας-τῶν
1690 5497 1889 5565 ἡμετὲ-

315 5570 426 5626 ρων
474 5557 882 5633 ἁμαρτημάτων
927 5568 1277 5647 θεραπεύσῃ·
1326 5578 1414 5631 ὅτε
1468 5580 1530 5633 τὸ
1581 5557 1741 5646 ξύλον
1790 5588 1885 5642 τοῦ

2054 1055 2157 1118 los,
2195 1072 2374 1112 rerum
2410 1059 2633 1131 Opiﬁcis
2663 1064 2731 1119 ad
2760 1064 2924 1118 vitam
2955 1064 3255 1131 redeuntis,
3286 1081 3412 1120 cum
3462 1067 3618 1123 inde-

2049 1147 2281 1201 centiam
2340 1151 2616 1217 exuisset,
2680 1168 2745 1208 ac
2788 1153 2970 1210 divina
3026 1156 3427 1227 magniﬁcentia
3471 1160 3616 1228 quod

2046 1247 2166 1289 σει-ιιι
2196 1241 2425 1294 mortale
2470 1252 2524 1296 et
2554 1253 2897 1315 corruptum,
2929 1247 2984 1302 in
3018 1249 3326 1303 immortale
3352 1257 3407 1304 et
3436 1249 3619 1304 incor-

2046 1337 2264 1397 ruptum
2311 1340 2727 1388 commutasset.
2786 1332 3011 1401 Qualem
3066 1350 3197 1391 vero
3251 1335 3611 1392 indecentiam

2043 1419 2334 1486 deposuit?
2363 1434 2482 1474 eam
2515 1436 2680 1491 quam
2726 1422 2865 1478 dixit
2917 1425 3085 1480 Isaias
3119 1425 3206 1481 his
3236 1426 3417 1483 verbis
3469 1442 3483 1479 :
3542 1426 3611 1481 Et

2043 1511 2266 1564 vidimus
2295 1510 2487 1580 ipsum,
2509 1521 2559 1566 et
2599 1530 2703 1567 non
2753 1525 2868 1568 erat
2907 1517 3120 1584 species,
3151 1534 3242 1571 nec
3272 1517 3448 1572 decor.
3505 1517 3610 1573 Sed

2041 1601 2205 1668 facies
2232 1602 2344 1671 ejus
2376 1614 2492 1658 erat
2530 1604 2796 1675 ignobilis,
2841 1608 3062 1675 inferior
3109 1609 3285 1678 forma
3337 1627 3446 1677 pra:
3478 1612 3608 1680 ﬁliis

2043 1692 2312 1746 hominum
2335 1694 2378 1746 ³.
2425 1694 2654 1760 Quando
2716 1697 2972 1767 ignobilis
3013 1700 3417 1771 erat?quando
3480 1717 3605 1757 cum

2041 1780 2321 1837 sceleratis
2348 1780 2550 1837 Judazis
2579 1786 3025 1854 conversabatur,
3058 1796 3111 1843 et
3151 1786 3525 1846 Samaritanus
3552 1799 3607 1845 et

2038 1872 2308 1927 daemonio
2366 1876 2671 1945 exagitatus
2716 1876 3021 1933 dicebatur.
3056 1878 3285 1945 Quando
3326 1879 3499 1935 Judas
3527 1879 3607 1937 ls-

2036 1965 2274 2019 cariotes
2306 1975 2356 2019 et
2388 1966 2733 2022 tenebrarum
2767 1969 3053 2039 progenies
3086 1970 3344 2024 tenebant
3391 1970 3462 2025 ad
3497 1986 3603 2027 caa-

2035 2052 2157 2108 dem
2187 2069 2334 2120 eum,
2366 2071 2528 2125 quem
2564 2058 2747 2113 nullus
2794 2059 2948 2114 locus
2999 2074 3194 2129 capere
3243 2069 3440 2129 potest.
3483 2061 3599 2116 Non

2034 2142 2133 2198 abs
2166 2158 2223 2198 re
2249 2144 2464 2200 dicebat
2497 2146 2630 2215 ipsis
2658 2146 2931 2214 Joannes,
2968 2146 3245 2203 Genimina
3281 2152 3597 2218 viperarum,

2030 2232 2147 2300 quis
2172 2233 2396 2288 ostendit
2427 2236 2567 2290 vobis
2589 2236 2766 2308 fugere
2788 2255 2820 2291 a
2846 2239 3030 2301 futura
3062 2240 3145 2293 ira
3166 2243 3204 2272 ³·
3227 2242 3250 2294 '!
3288 2240 3421 2298 Vere
3453 2244 3597 2298 enim

2031 2323 2112 2377 ira
2137 2322 2230 2380 Dei
2253 2327 2493 2382 manebit
2525 2343 2691 2398 super
2723 2329 2876 2400 ipsis.
2909 2320 3141 2398 Quando
3176 2332 3277 2387 fuit
3301 2332 3601 2406 ignobilis?

2030 2412 2166 2469 Tum
2200 2432 2324 2471 cum
2348 2419 2532 2475 nobile
2579 2437 2801 2491 germen
2847 2424 3120 2494 aequitatis
3163 2426 3314 2496 gravi
3368 2426 3598 2496 colapho

2027 2521 2227 2561 casum
2252 2516 2337 2564 est
2366 2548 2380 2572 ,
2407 2519 2600 2564 etcum
2637 2528 2825 2567 verum
2868 2514 3231 2584 jurisjurandi
3285 2516 3592 2586 praesidem,

2027 2611 2152 2651 cum
2182 2608 2527 2655 sacramento
2550 2600 2845 2669 juramenti
2905 2605 3325 2677 interrogarent.
3361 2607 3593 2672 Quando

2025 2687 2149 2742 sine
2187 2687 2395 2745 honore
2429 2690 2564 2745 fuit?
2589 2692 2723 2746 Cum
2754 2694 3095 2763 judicaretur
3142 2697 3329 2767 judex,
3361 2705 3416 2753 et
3443 2699 3593 2753 arbi-

2025 2784 2110 2829 trr
2156 2780 2344 2834 mundi
2370 2780 2757 2850 damnaretur;
2798 2801 2921 2839 cum
2961 2802 3155 2842 servus
3187 2788 3505 2859 inquireret,
3536 2799 3592 2845 et

2025 2867 2190 2924 herus
2218 2871 2610 2927 conticescet-et
2638 2891 2653 2940 ;
2680 2889 2804 2929 cum
2839 2876 2928 2929 lux
2957 2878 3282 2946 quiesceret,
3318 2888 3373 2935 et
3414 2882 3590 2952 caligo

2021 2960 2356 3028 cxsultaret;
2387 2978 2508 3017 cum
2564 2963 2877 3035 ﬁgmentum
2928 2967 3211 3023 audaciam
3243 2985 3356 3040 pra:
3393 2986 3454 3026 se
3477 2971 3589 3029 fer-

2025 3057 2127 3113 ret,
2157 3058 2213 3105 et
2249 3066 2429 3106 rerum
2462 3053 2639 3124 opifex
2668 3068 3062 3125 perpeterctur.
3095 3058 3324 3125 Quando
3352 3061 3453 3117 fuit
3501 3064 3590 3118 in-

1943 3148 1985 3205 c
2019 3141 2225 3209 glorias
2250 3148 2272 3197 1’
2294 3144 2428 3199 Cum
2463 3150 2604 3201 tauri
2637 3150 2899 3205 cornibus
2935 3150 3277 3221 impeterent,
3313 3162 3370 3208 et
3392 3155 3586 3238 juven-

2018 3246 2117 3285 cus
2146 3248 2206 3288 se
2236 3234 2616 3304 submitteret;
2648 3253 2773 3293 cum
2792 3240 2998 3309 rugiret
3027 3241 3130 3308 leo,
3153 3250 3209 3298 et
3243 3234 3586 3314 superbireut

2018 3322 2160 3376 tauri
2195 3339 2209 3375 :
2244 3325 2385 3380 sicut
2419 3327 2686 3397 scriptum
2718 3339 2803 3386 est
2836 3348 2849 3384 :
2877 3330 3345 3389 Circumdederuut
3388 3352 3468 3390 me
3507 3329 3617 3391 υἱ-χ

2017 3416 2117 3466 tuli
2153 3416 2326 3480 mulli,
2386 3419 2527 3472 tauri
2570 3420 2783 3489 pingues
2843 3422 3151 3477 obsederunt
3195 3441 3295 3479 nte.
3350 3429 3584 3496 Aperue-

2016 3515 2136 3558 runt
2166 3523 2322 3577 super
2352 3525 2432 3564 me
2466 3526 2522 3563 os
2542 3527 2713 3575 suum,
2739 3514 2873 3567 sicut
2902 3514 2979 3568 leo
3006 3516 3214 3583 rapiens
3247 3526 3297 3571 et
3317 3519 3524 3588 rugiens
3538 3519 3579 3573 ⁸.

2013 3592 2244 3659 Quando
2281 3595 2381 3651 fuit
2411 3598 2810 3657 inhonoratus?
2844 3602 2979 3658 Cum
3008 3619 3172 3659 canes
3203 3605 3465 3661 latrarent
3489 3626 3505 3674 ;
3528 3616 3583 3662 et

2013 3685 2275 3742 Dominus
2303 3688 2573 3758 patienter
2611 3691 2813 3758 ferret;
2857 3709 2982 3749 cum
3020 3695 3128 3765 lupi
3173 3696 3492 3768 diriperent,
3528 3708 3583 3754 et

2010 3775 2130 3834 ovis
2169 3779 2532 3848 consisteret;
2592 3799 2717 3838 cum
2767 3785 2904 3840 latro
2963 3796 3251 3843 vocaretur
3280 3789 3347 3843 ad
3377 3790 3578 3858 vitam,

2011 3879 2065 3922 at
2092 3870 2200 3927 vita
2236 3871 2423 3927 mundi
2454 3874 2763 3932 traheretur
2792 3877 2859 3931 ad
2896 3887 3168 3944 mortem;
3215 3896 3339 3936 cum
3389 3882 3579 3936 incon-

2009 3962 2172 4017 cinna
2198 3970 2252 4019 et
2273 3963 2504 4021 exitiosa
2536 3981 2669 4021 voce
2692 3967 3028 4023 clamarent:
3064 3970 3213 4024 Tolle
3236 4012 3253 4036 ,
3278 3972 3423 4036 tolle,
3451 3989 3579 4027 cru-

2007 4053 2162 4122 ciﬁge
2237 4056 2413 4109 eum“.
2464 4055 2693 4127 Sanguis
2727 4058 2894 4126 ipsius
2920 4076 3073 4127 super
3106 4079 3199 4116 nos
3248 4073 3295 4116 et
3326 4081 3481 4133 super
3513 4067 3576 4125 li-

2008 4142 2108 4194 lios
2155 4155 2360 4197 nostros
2382 4145 2423 4199 ⁸.
2461 4144 2677 4200 Domini
2716 4163 2973 4214 cwsores,
3013 4152 3399 4220 prophetarum
3430 4155 3574 4208 occi-

2008 4250 2195 4302 sores,
2222 4234 2315 4289 Dei
2362 4236 2580 4292 hostes:
2616 4237 2707 4294 Dei
2743 4254 2954 4305 osores,
3010 4243 3063 4297 in
3125 4244 3295 4313 legem
3349 4245 3569 4315 injurii,

2005 4326 2190 4393 gratiae
2218 4329 2515 4384 adversarii
2548 4374 2564 4395 ,
2598 4332 2758 4387 alieni
2794 4350 2822 4386 a
2855 4334 2960 4391 fide
2989 4345 3272 4404 parentum
3300 4380 3314 4401 ,
3358 4341 3569 4407 patroni

2004 4416 2228 4483 diaboli,
2263 4419 2547 4490 progenies
2581 4421 2927 4491 viperarum,
2950 4440 3302 4495 susurrones,
3333 4429 3570 4485 blatero-

2005 4523 2100 4563 nes
2138 4550 2152 4575 ,
2182 4518 2362 4566 mente
2394 4511 2639 4567 involuta
2685 4516 2947 4579 tenebris,
2992 4516 3315 4572 fermentum
3373 4518 3567 4575 Phar—i-

595 4563 643 4613 οί
666 4561 1001 4634 ψιθυρισταὶ,
1028 4571 1076 4621 ot
1106 4572 1417 4641 κατάλαλοι,
1449 4580 1497 4632 oi
1523 4561 1894 4657 ισμένοι

2020 4614 2255 4664 reorum,
2282 4616 2574 4659 consessus
2612 4605 2935 4662 dzemonum.
2970 4606 3308 4677 Faeinorosi,
3340 4612 3569 4668 deterri-

701 4655 735 4725 ή
787 4652 1090 4760 ζύμηιτῶν
1131 4662 1473 4735 Φαρισαίων,
1520 4672 1580 4726 τὸ
1627 4652 1896 4752 συνέδριον

2291 4652 2572 4659 --__---__-
2614 4652 2935 4662 -..ηπ-..η
2972 4652 3308 4677 -..ν....,..,υ.,
3340 4652 3567 4668 νων...-

2020 4691 2095 4751 ηἰ,
2132 4691 2480 4760 lapidatores,
2524 4695 2823 4753 honestatis
2871 4713 3079 4756 osores.
3113 4702 3327 4756 Atenim
3375 4706 3567 4758 merito

1996 4781 2307 4837 clamabant
2337 4801 2348 4835 :
2374 4785 2518 4839 Tolle
2548 4825 2561 4847 ,
2596 4788 2738 4851 tolle,
2762 4791 3006 4859 cruciﬁge
3028 4809 3165 4850 eum.
3205 4794 3395 4855 Gravis
3419 4797 3563 4849 enim

1998 4874 2127 4943 ipsis
2150 4886 2266 4931 erat
2293 4878 2593 4935 divinitatis
2624 4897 2745 4936 cum
2777 4899 2943 4938 carne
2972 4890 3422 4952 conversatio;et
3442 4907 3543 4943 ron

1999 4966 2231 5021 suetudo
2269 4970 2722 5039 reprehendendi,
2750 4972 2948 5031 infesta
2986 4986 3140 5031 erat:
3178 4994 3300 5033 nam
3337 4980 3390 5034 in
3416 4997 3564 5035 mor-

2057 5319 2288 5385 Quando
2323 5321 2423 5376 fuit
2458 5322 2752 5392 ignobilis?
2778 5324 2914 5383 Cum
2949 5328 3127 5398 ipsum
3159 5328 3342 5401 ﬂagris
3408 5332 3554 5390 inse-

1991 5413 2121 5465 ctati
2150 5422 2299 5479 sunt,
2331 5423 2384 5468 et
2424 5427 2672 5473 sanctum
2725 5420 2846 5488 ejus
2895 5437 3094 5494 corpus
3118 5434 3422 5492 torserunt,
3463 5432 3559 5498 qui

1989 5503 2235 5559 lubenter
2295 5506 2597 5562 cruciatum
2644 5511 2985 5580 perferebat,
3022 5526 3082 5570 ut
3117 5518 3369 5592 antiquos
3421 5522 3559 5576 vibi-

1986 5606 2077 5647 ces
2120 5602 2431 5651 nostrorum
2495 5599 2660 5655 animi
2702 5601 2987 5659 vulnerum
3034 5616 3290 5664 sanaret'
3336 5613 3556 5680 quando

383 5731 405 5763 ³
431 5730 533 5788 lsa.
560 5750 678 5803 ιιιι,
704 5740 759 5806 2,
797 5742 847 5795 '5.
885 5743 925 5775 ³⁸
954 5743 1086 5801 Luc.
1113 5764 1193 5815 Ill,
1223 5767 1319 5807 ru.
1398 5754 1420 5786 ⁸
1452 5753 1597 5811 Psal.
1631 5774 1742 5827 ni,
1778 5762 1863 5829 12,
1900 5766 1920 5820 1

2065 5772 2086 5802 ⁸
2113 5770 2247 5829 Luc.
2284 5791 2439 5842 “In,
2476 5778 2559 5834 l9.
2637 5781 2657 5811 ⁸
2686 5782 2876 5838 Matth.
2913 5800 3081 5846 um.
3105 5787 3193 5841 ‘25.
