4154 6354
545 367 649 424 637

1815 360 1874 415 S.
1910 356 2232 416 GREGORH
2267 358 2308 415 N
2321 359 2560 415 YSSENI

3699 358 3803 414 638

545 480 754 550 lignum
781 475 963 532 crucis
1000 491 1166 546 super
1213 476 1457 533 humeris
1499 476 1768 548 gestabat,
1825 483 1880 529 ut
1927 483 2118 545 tropa:-

2228 475 2465 547 σταυροῦ
2494 475 2586 529 ἐπὶ
2631 474 2737 528 τῶν
2785 473 2950 545 ὤμων
2994 473 3258 529 ἐϐάστασε
3293 472 3353 528 τὸ
3385 473 3525 528 κατά
3555 473 3652 528 τοῦ
3690 478 3802 531 δια-

546 587 634 625 υιιι
703 568 967 623 adversus
999 567 1315 631 diabolum;
1368 583 1493 622 cum
1541 582 1806 623 coronam
1859 581 1890 621 e
1945 565 2120 636 spinis

545 663 921 731 imposuerunt
969 660 1044 723 ei,
1087 659 1182 728 qui
1241 673 1446 713 corona
1485 657 1654 713 donat
1695 671 1791 712 eos
1826 655 1922 728 qui
1951 654 2124 711 confi-

542 752 682 806 dunt
726 751 780 805 in
842 750 999 820 ipso;
1044 749 1268 819 quando
1318 764 1562 820 purpura
1607 749 1905 805 induerunt
1954 764 2078 805 eum
2105 786 2122 813 ,

543 843 637 914 qui
657 841 1130 898 immortalitatem
1155 840 1387 910 largitur
1442 840 1511 894 iis
1536 882 1552 905 ,
1582 840 1677 909 qui
1731 845 2125 909 regenerantur

541 949 606 987 ex
632 946 772 1002 aqua
803 939 858 987 et
885 930 1094 1000 Spiritu
1123 941 1316 986 sancto
1341 932 1396 997 ";
1435 930 1656 1000 quando
1699 929 2020 985 suﬂixerunt
2057 930 2123 985 li-

542 1037 649 1092 gno
678 1023 803 1077 vitae
833 1021 1096 1090 necisque
1130 1020 1420 1077 Dominum
1438 1021 1480 1076 ⁸.
1513 1019 1747 1086 Quando
1781 1019 1888 1074 fuit
1936 1019 2120 1090 inglo-

543 1112 702 1168 rius?
749 1113 887 1167 Cum
936 1113 1162 1177 milites,
1205 1112 1446 1167 coelestis
1498 1110 1773 1166 exercitus
1827 1111 2125 1180 imperato-

544 1218 656 1260 rem
687 1203 980 1259 illudentes
1005 1203 1432 1272 triumpharent.
1461 1202 1692 1270 Quando
1741 1203 1842 1258 fuit
1889 1203 2123 1274 ignomi—

543 1295 779 1352 niosus?
822 1295 960 1350 Cum
1018 1294 1278 1364 adjuncta
1334 1294 1592 1350 arundini
1641 1295 1892 1365 spongia,
1950 1307 2125 1366 eaque

542 1398 698 1448 aceto
729 1385 1036 1442 madefacta
1069 1395 1258 1456 potum
1281 1386 1332 1441 ei
1362 1384 1652 1451 dederunt,
1683 1394 1736 1440 et
1791 1384 1859 1441 fel
1911 1386 2124 1442 obtule-

541 1485 672 1532 runt
698 1478 754 1534 ei
781 1477 872 1547 qui
899 1491 1098 1530 manna
1142 1475 1361 1533 abunde
1391 1476 1525 1546 ipsis
1560 1475 1871 1544 infuderat;
1902 1477 2122 1547 quando

541 1577 709 1639 petrae
741 1569 976 1639 diruptze
1005 1574 1166 1633 sunt,
1200 1575 1253 1624 et
1295 1568 1476 1627 velum
1521 1569 1706 1640 templi
1741 1570 1980 1625 scissum
2012 1576 2118 1636 est,

540 1658 698 1731 quasi
746 1657 1142 1730 ﬂagitiosorum
1194 1657 1480 1712 audaciam
1536 1658 2120 1730 stuperent;gquando

542 1752 681 1807 luxit
702 1751 810 1814 sol,
842 1759 896 1805 et
924 1749 1212 1819 caliginem
1239 1759 1498 1819 tanquam
1531 1763 1756 1806 saccum
1781 1750 1982 1814 induit,
2012 1749 2114 1806 Ju-

2225 565 2379 619 ϐόλου
2407 566 2667 637 τρόπαιον
2685 579 2698 592 ·
2741 565 2830 617 ὅτε
2861 565 3120 633 στέφανον
3149 565 3206 630 ἐξ
3232 564 3482 619 ἀκανθῶν
3517 565 3804 634 περιέϐαλ-

2223 656 2314 712 λον
2340 657 2418 727 τῷ
2446 655 2793 725 στεφανοῦντι
2819 655 2945 719 τοὺς
2981 655 3309 719 πεποιθότας
3350 656 3436 709 ἐπ’
3473 655 3638 710 αὐτόν
3657 672 3674 688 ο
3715 656 3803 711 ὅτε

2227 747 2512 819 πορφύραν
2543 746 2800 800 ἐνέδυσαν
2829 745 2919 798 τὸν
2947 745 3254 816 ἀφθαρσίαν
3285 748 3398 809 τοῖς
3425 746 3802 818 ἀναγεννωμέ-

2224 850 2335 898 νοις
2367 834 2433 887 δι’
2479 833 2666 896 ὓδατος
2709 835 2803 886 καὶ
2847 833 3160 904 Πνεύματος
3205 833 3362 902 ἁγίου
3412 834 3798 906 χαριζόμενον

2224 926 2312 979 ὂτε
2336 924 2693 996 προσήλωσαν
2720 923 2797 995 τῷ
2827 923 2966 995 ξύλῳ
2996 924 3088 978 τὸν
3131 923 3275 996 ζωῆς
3301 925 3395 979 καὶ
3439 925 3531 980 τοῦ
3570 925 3804 980 θανάτου

2225 1018 2426 1088 Κύριον
2465 1017 2796 1088 ὑπάρχοντα.
2846 1015 2985 1070 Πότε
3029 1012 3097 1088 ἦν
3133 1016 3360 1088 ἀτιμος;
3401 1017 3529 1072 Ὅτε
3574 1017 3802 1092 ἐθριάμ-

2225 1111 2380 1164 ϐευον
2425 1109 2784 1180 ἐμπαίζοντες
2825 1111 2874 1162 oi
2922 1108 3251 1178 στρατιῶται
3291 1111 3382 1164 τὺν
3413 1112 3513 1182 τῆς
3545 1115 3805 1183 στρατιᾶς

2225 1199 2331 1252 τῶν
2367 1198 2610 1270 οὐρανῶν
2642 1198 2927 1269 δεσπότην.
2981 1198 3118 1252 Πότε
3163 1195 3232 1271 ἦν
3276 1201 3502 1271 ἄτιμοςς
3535 1201 3664 1256 Ὅτε
3705 1221 3804 1257 καο

2221 1290 2380 1361 λάμῳ
2419 1290 2736 1361 περιθέντες
2766 1290 3023 1359 σπόγγον,
3055 1290 3433 1361 ἐμπλήσαντες
3473 1291 3629 1358 ὄξους
3673 1294 3801 1346 ἐπό-

2195 1381 2365 1446 ’τιζον
2395 1381 2578 1446 αὐτὸν,
2610 1382 2706 1434 καὶ
2741 1381 2904 1452 χολὴν
2933 1380 3136 1435 ἐδίδουν
3176 1382 3267 1435 τὸν
3312 1382 3372 1436 τὸ
3407 1383 3582 1453 μάννα
3623 1385 3806 1446 αὐτοῖς

2220 1471 2673 1543 ἐπομϐρήσαντα·
2723 1473 2812 1525 ὅτε
2858 1473 2915 1526 αἱ
2965 1473 3162 1543 πέτραι
3203 1473 3557 1545 ἐρρήγνυντο,
3604 1473 3697 1527 καὶ
3741 1473 3804 1525 τὸ

2219 1563 2620 1633 καταπέτασμα
2649 1561 2743 1615 τοῦ
2771 1561 2901 1616 ναοῦ
2932 1563 3177 1634 ἐσχίζετο
3203 1601 3219 1627 ,
3248 1563 3357 1617 τῶν
3385 1563 3676 1636 ἀλιτηρίων
3703 1563 3803 1634 τὴν

2217 1653 2420 1725 τόλμαν
2464 1652 2909 1723 ἐκπληττόμενα·
2956 1654 3047 1708 ὅτε
3088 1655 3121 1706 6
3149 1653 3300 1724 ἥλιος
3347 1653 3562 1707 ἐπένθει
3617 1654 3710 1707 καὶ
3743 1652 3806 1706 τὸ

2224 1742 2412 1806 σκότος
2432 1741 2508 1806 ὼς
2535 1742 2736 1810 σάκκον
2758 1743 3020 1808 ἐνεδύετο,
3042 1743 3254 1798 πενθῶν
3272 1745 3371 1816 τὴν
3396 1744 3503 1797 τῶν
3537 1744 3805 1798 Ἰουδαίων

540 1843 786 1921 dazorum
819 1841 1036 1895 ruinam
1071 1838 1395 1911 deplorans:
1427 1840 1546 1897 dies
1571 1841 1715 1897 enim
1757 1842 1875 1912 ipse
1907 1842 2118 1897 lamen-

2221 1834 2558 1888 ἀπόπτωσιν.
2631 1833 2880 1904 Ἑθρήνει
2926 1835 3036 1906 γὰρ
3072 1835 3106 1905 ὴ
3156 1813 3340 1906 ἡμέρα
3378 1835 3478 1900 τὰς
3536 1835 3805 1890 Ἰουδαίων

542 1933 764 1989 labatur
788 1931 1101 1988 Iudaeorum
1123 1946 1429 2000 aerumnas;
1469 1947 1594 1987 cum
1630 1933 1685 1987 in
1725 1933 1908 1989 medio
1942 1934 2112 1989 latro-

542 2039 674 2078 nam
711 2025 822 2079 vita
853 2021 1112 2095 penderet
1148 2040 1160 2076 :
1198 2022 1368 2081 altero
1395 2023 1615 2093 quidem
1648 2025 2028 2092 conviciante,
2062 2031 2118 2081 et

541 2115 896 2186 obloquente,
945 2115 1118 2170 altero
1147 2129 1280 2170 vero
1302 2113 1622 2183 paenitentia
1655 2115 1969 2183 paradisum
2020 2115 2118 2170 de-

543 2206 842 2278 pra'd'anto.
906 2204 1134 2272 Quando
1165 2202 1269 2257 fuit
1311 2203 1622 2273 inglorius?
1657 2203 1887 2268 Quando
1918 2218 2120 2274 corpus

541 2298 664 2368 ejus
705 2295 1006 2367 sepulturae
1045 2293 1306 2349 traditum
1335 2303 1438 2349 est.
1489 2292 1718 2362 Quando
1765 2291 1869 2346 fuit
1912 2293 2121 2364 ignobi-

545 2391 614 2444 lis
639 2390 662 2442 ?
689 2387 826 2444 Cum
857 2386 1055 2442 milites
1089 2386 1266 2456 ipsum
1309 2384 1713 2450 custodierunt,
1744 2392 1797 2439 et
1825 2394 1965 2438 terra
1992 2400 2118 2440 eum

544 2477 853 2543 abscondit,
891 2477 984 2546 qui
1016 2490 1183 2546 super
1223 2474 1384 2544 aquis
1413 2481 1617 2529 terram
1651 2473 1978 2542 fundaverat
2011 2492 2025 2530 :
2063 2485 2118 2530 et

543 2583 668 2624 cum
701 2567 934 2638 apostoli
961 2567 1301 2621 occultarent
1323 2579 1402 2628 se.
1435 2572 1488 2619 et
1517 2564 1876 2619 tentationum
1910 2566 2120 2636 magni-

544 2659 787 2720 tudinem
831 2658 974 2713 l'erre
1008 2671 1116 2711 non
1146 2661 1388 2726 possent.
1426 2653 1532 2710 Sed
1570 2655 1692 2710 vide
1717 2697 1734 2723 ,
1758 2654 2080 2710 charissime
2102 2698 2116 2722 ,

543 2749 640 2804 Dei
673 2746 958 2813 miracula,
993 2754 1048 2801 ct
1094 2753 1219 2816 post
1257 2745 1569 2814 passionem
1604 2785 1619 2810 ,
1661 2745 1859 2799 laetitiae
1897 2759 2120 2801 succes-

545 2856 642 2895 sus
695 2837 1108 2910 profectusque.
1167 2833 1426 2906 lgnobilis
1503 2835 1558 2890 in
1629 2836 1899 2890 claritatis
1951 2835 2120 2892 decus

545 2940 787 2986 mutatus
819 2937 925 2994 est,
958 2938 1012 2984 et
1040 2927 1232 2982 mundi
1277 2925 1537 2996 gaudium
1575 2925 1884 2982 immortale
1913 2928 2119 2981 excita-

544 3035 658 3080 tum
689 3031 776 3081 est
808 3038 931 3077 cum
965 3035 1219 3092 corpore.
1255 3019 1410 3074 Tunc
1433 3019 1696 3090 .parturiit
1725 3026 1894 3082 terra,
1919 3025 1974 3073 et
1999 3017 2118 3073 dies

2223 1925 2539 1996 συμφορὰς,
2585 1925 2676 1978 ὅτε
2711 1926 2770 1978 ἐν
2818 1924 2967 1996 μέσῳ
3002 1925 3214 1997 λῃστῶν
3259 1927 3293 1997 ἡ
3327 1925 3440 1998 ζωὴ
3489 1927 3800 1998 ἐκρέματο·

2219 2015 2314 2069 τοῦ
2363 2017 2462 2084 μὲν
2489 2015 2838 2080 ὀνειδίζοντος
2879 2017 2975 2095 καὶ
3022 2016 3452 2082 καταλαλοῦντος
3471 2059 3486 2085 ,
3530 2017 3623 2072 τοῦ
3650 2019 3706 2073 δὲ
3735 2021 3804 2091 τῇ

2225 2108 2484 2180 μετανοίᾳ
2523 2107 2874 2180 ληστεύοντος
2905 2108 2998 2164 τὸν
3043 2109 3388 2181 παράδεισον.
3417 2110 3555 2164 Πότε
3581 2105 3649 2182 ἦν
3691 2112 3804 2165 ἀτι-

2224 2216 2352 2270 μος;
2385 2199 2513 2252 Ὅτε
2538 2197 2600 2251 τὸ
2619 2197 2780 2268 σῶμα
2819 2198 2956 2269 πρὸς
2995 2199 3172 2270 ταφὴν
3195 2199 3410 2253 ἐδίδοτο.
3441 2199 3578 2252 Πότε
3594 2195 3661 2271 ἦν
3686 2199 3805 2254 ἀτι-

2225 2307 2356 2362 μος;
2385 2291 2514 2344 ’Ὀτε
2544 2289 2872 2362 στρατιῶται
2904 2289 3222 2360 ἐφύλαττον,
3254 2290 3348 2344 καὶ
3373 2291 3407 2362 ἡ
3435 2291 3508 2362 γῆ
3536 2291 3806 2362 κατέκρυ·

2221 2398 2352 2436 πτεν
2372 2381 2465 2435 τὸν
2505 2380 2603 2452 τὴν
2630 2382 2733 2453 γῆν
2773 2383 2865 2434 ἐπὶ
2889 2381 2997 2435 τῶν
3027 2382 3235 2436 ὑδάτων
3267 2381 3572 2454 ἐδράσαντα
3591 2399 3605 2413 ο
3633 2383 3720 2436 ὅτε
3754 2385 3805 2436 οἱ

2220 2473 2504 2527 ἀπόστολοι
2533 2472 2884 2544 ἐκρύπτοντο,
2918 2473 3027 2528 τῶν
3059 2475 3380 2546 πειρασμῶν
3410 2475 3502 2528 τὸν
3540 2476 3702 2544 ὄγκον
3740 2477 3804 2529 οὐ

2219 2563 2507 2634 δυνάμενοι
2536 2564 2744 2636 φέρειν.
2783 2564 2945 2617 Ἀλλά
2969 2565 3092 2635 ὅρα,
3138 2565 3408 2636 ἀγαπητὲ,
3440 2565 3535 2618 τοῦ
3563 2565 3699 2620 Θεοῦ
3735 2569 3806 2622 τά

2221 2654 2494 2725 θαύματα,
2531 2657 2624 2708 καὶ
2652 2655 2790 2726 μετὰ
2817 2655 2880 2708 τὸ
2911 2655 3082 2719 πάθος
3105 2657 3203 2726 τῆς
3227 2657 3401 2726 χαρᾶς
3428 2655 3499 2709 τά
3525 2656 3806 2729 κατορθώ-

2223 2764 2389 2816 ματα.
2441 2747 2501 2800 Ὀ
2551 2747 2744 2816 ἄτιμος
2789 2748 2866 2810 είς
2914 2746 3154 2812 εὐδοξίαν
3207 2747 3585 2818 μετεϐάλλετο,
3627 2749 3722 2803 καὶ
3769 2752 3806 2820 ἡ

2219 2837 2313 2889 τοῦ
2348 2834 2556 2907 κόσμου
2582 2837 2728 2908 χαρά
2761 2837 3036 2908 ἄφθαρτος
3073 2839 3369 2911 ἐγήγερται
3401 2840 3536 2910 μετά
3559 2837 3653 2893 τοῦ
3699 2839 3806 2893 σώο

2224 2944 2412 2997 ματος.
2440 2929 2573 2981 Τότε
2596 2928 2785 2983 ὤδινεν
2813 2931 2846 3000 ἡ
2886 2931 2979 3000 γῆ,
3007 2931 3102 2983 καὶ
3145 2931 3512 3002 ἐκυοφόρησεν
3536 2933 3569 3002 ἡ
3599 2933 3803 3004 ἡμέρα,

2221 3019 2316 3077 καὶ
2346 3019 2656 3074 ἀπέπτυσεν
2683 3022 2711 3072 6
2738 3020 2966 3084 θάνατος
2997 3022 3095 3093 τὴν
3124 3023 3340 3076 πάντων
3383 3023 3554 3094 ζωήν.
3591 3024 3666 3078 Οὐ
3693 3024 3805 3095 γάρ

543 3114 818 3186 concepit,
839 3123 893 3170 et
915 3127 1066 3168 mors
1091 3112 1318 3182 regessit
1345 3111 1588 3165 omnium
1619 3110 1806 3164 vitam.
1835 3108 1952 3163 Non
1974 3110 2116 3162 enim

2221 3107 2290 3182 ἦν
2321 3111 2542 3166 δυνατὸν
2575 3113 2893 3183 κρατεῖσθαι
2946 3114 3050 3168 ὐπὸ
3095 3115 3187 3168 τοῦ
3235 3115 3465 3169 θανάτου
3503 3114 3594 3168 τὸν
3627 3117 3806 3170 πάντα

547 3205 660 3260 fieri
693 3210 911 3274 poterat
959 3211 1020 3274 ut
1057 3201 1105 3256 is
1149 3217 1179 3254 a
1215 3208 1388 3255 morte
1434 3200 1789 3262 detineretur,
1824 3199 1917 3269 qui
1957 3199 2120 3253 verbo

546 3300 694 3354 tenet
753 3294 964 3349 omnia.
1041 3292 1394 3347 Celebremus
1433 3290 1600 3360 igitur
1664 3292 2119 3345 resurrectionem

546 3386 714 3439 tertio
756 3385 857 3439 die
874 3384 1075 3438 factam
1105 3421 1123 3449 ,
1175 3392 1392 3436 aeterna:
1420 3382 1545 3435 vita:
1571 3380 2017 3436 conciliatricem.
2052 3378 2122 3434 Ut

545 3481 688 3533 enim
722 3475 890 3529 Maria
921 3474 1014 3529 Dei
1045 3490 1264 3544 parens,
1306 3472 1662 3542 virginalibus
1694 3480 1856 3541 atque
1879 3471 2121 3540 innuptis

547 3568 813 3639 partubus
867 3580 975 3620 non
1031 3564 1250 3627 solutis,
1277 3563 1370 3617 Dei
1394 3563 1671 3618 voluntate
1710 3570 1762 3616 ct
1786 3562 1962 3615 sancti
1992 3560 2120 3631 Spi-

554 3662 693 3716 ritus
733 3639 924 3729 .gratia
995 3657 1182 3728 genuit
1219 3655 1541 3711 saeculorum
1607 3653 1855 3723 opiﬁcem
1881 3693 1896 3717 ,
1921 3669 1987 3709 cx
2014 3652 2121 3708 Deo

558 3753 726 3807 Deum
769 3750 1006 3805 Verbum
1040 3765 1052 3800 :
1086 3749 1166 3804 sic
1215 3748 1376 3802 ctiam
1409 3758 1550 3802 terra
1581 3763 1642 3802 ex
1677 3747 1912 3816 propriis
1961 3761 2123 3816 pcne-

489 3849 492 3854 '
547 3841 803 3906 tralibus,
838 3840 952 3894 fetu
988 3841 1180 3894 mortis
1203 3837 1373 3902 edito,
1404 3839 1592 3892 bcrum
1627 3837 1935 3891 Judaeorum
1965 3838 2121 3907 jussa

545 3941 630 3987 est
653 3947 926 3988 exserere.
969 3929 1182 3984 Etenim
1215 3928 1461 3983 detinere
1501 3942 1608 3980 non
1640 3935 1852 3996 poterat
1880 3943 2078 3997 corpus
2103 3967 2118 3991 ,

545 4024 695 4093 quod
715 4022 1144 4078 immortalitatis
1183 4021 1496 4077 vehiculum
1520 4022 1824 4074 exstiterat.
1851 4019 2120 4084 Quocirca

545 4132 673 4172 rum
722 4116 985 4188 propheta
1044 4113 1210 4168 David
1248 4113 1492 4168 decentis
1545 4119 1722 4167 status
1773 4113 2121 4166 constitutin-

547 4224 692 4270 nem,
732 4207 924 4263 mortis
953 4205 1306 4267 solutionem,
1340 4211 1396 4259 et
1422 4204 1696 4273 quondam
1743 4217 2022 4258 servorum
2053 4204 2118 4256 Ii-

546 4301 805 4355 berlatem
832 4298 1229 4359 consideraret,
1260 4296 1529 4351 exclamat
1581 4305 1636 4350 et
1681 4297 1950 4360 enuntiat,
2012 4296 2120 4350 Do-

547 4391 719 4444 minus
749 4389 980 4458 regnavit
1006 4426 1020 4448 .
1058 4387 1298 4441 decorem
1327 4385 1546 4441 indutus
1575 4395 1652 4440 est
1677 4387 1719 4441 ν.
1761 4387 1987 4453 Qualem
2027 4403 2120 4442 ce-

2221 3203 2361 3274 λόγῳ
2380 3203 2700 3276 κρατοῦντα.
2735 3205 3116 3277 Ἐορτάσωμεν
3147 3205 3325 3259 τοίνυν
3345 3225 3374 3260 τ
3384 3209 3468 3279 ριή
3478 3225 3644 3278 μερον
3667 3208 3800 3261 ἀνά-

2222 3309 2431 3357 στασιν,
2479 3292 2624 3364 ζωῆς
2651 3295 2872 3348 αίωνίου
2915 3295 3194 3366 πρόξενον.
3224 3297 3434 3368 Ὠσπερ
3465 3296 3572 3368 γάρ
3614 3297 3804 3368 Μαρία

2221 3384 2255 3453 ἡ
2290 3383 2556 3450 θεοτόκος,
2598 3385 2930 3456 παρθενικὰς
2963 3386 3056 3440 καὶ
3098 3387 3474 3458 ἀνυμφεύτους
3503 3388 3697 3452 ὠδῖνας
3739 3389 3801 3441 οὐ

2221 3474 2429 3529 λύσασα
2472 3475 2720 3548 βουλήσει
2767 3477 2902 3531 Θεοῦ
2943 3480 3042 3533 καὶ
3083 3479 3396 3550 Πνεύματος
3430 3479 3612 3551 χάριτι
3652 3481 3802 3548 ἐγέν-

2222 3581 2351 3636 νησε
2379 3565 2470 3619 τὸν
2503 3567 2611 3618 τῶν
2644 3566 2856 3620 αἰώνων
2882 3569 3132 3639 ποιητὴν,
3164 3569 3256 3622 τὸν
3283 3572 3348 3624 ἐκ
3375 3570 3510 3623 Θεοῦ
3536 3571 3667 3624 Θεὸν
3695 3573 3800 3624 Λό-

2222 3670 2339 3723 γονο
2381 3653 2556 3718 οὓτως
2596 3657 2691 3712 καὶ
2737 3659 2770 3727 ή
2818 3659 2916 3729 γῆ,
2963 3660 3027 3712 ἐκ
3048 3659 3155 3712 τῶν
3183 3659 3398 3714 οίκείων
3420 3660 3660 3729 λαγόνων
3703 3663 3802 3727 τὰς

2221 3745 2415 3807 ὠδῖνας
2459 3745 2553 3798 τοῦ
2586 3746 2817 3800 θανάτου
2860 3748 3092 3813 λύσασα,
3116 3749 3398 3803 ἀπέπτυσε
3448 3750 3799 3806 κελευσθεῖσα

2221 3837 2312 3891 τὸν
2343 3839 2449 3890 τῶν
2488 3840 2755 3893 Ἰουδαίων
2800 3840 3099 3912 δεσπότην·
3131 3842 3189 3895 οὐ
3233 3841 3340 3913 γὰρ
3377 3843 3606 3914 ἠδύνατο
3668 3862 3801 3898 κατ-

2222 3929 2364 3998 έχειν
2400 3930 2595 4000 σῶμα,
2639 3934 2852 4002 φορεῖον
2899 3931 3195 3997 ἀθανασίας
3217 3935 3525 4005 γενόμενον.
3577 3937 3801 3990 Σκοπῶν

2220 4019 2398 4071 τοίνυν
2442 4020 2470 4070 6
2515 4021 2798 4090 προφήτης
2835 4021 2999 4074 Δαὸὶδ
3026 4023 3121 4090 τῆς
3151 4023 3485 4092 εὐπρεπείας
3519 4023 3618 4095 τὴν
3659 4023 3800 4094 διόρο

2223 4108 2407 4175 θωσιν,
2440 4109 2530 4164 τοῦ
2566 4111 2796 4166 θανάτου
2829 4113 2928 4183 τὴν
2957 4113 3130 4180 λύσιν,
3164 4114 3273 4168 τῶν
3303 4131 3431 4168 ποτε
3463 4114 3665 4171 δούλων
3699 4116 3800 4185 τὴν

2222 4197 2550 4266 ἐλευθερίαν,
2585 4199 2681 4269 βοᾷ
2707 4199 2800 4252 καὶ
2833 4199 2998 4268 λέγει·
3046 4201 3110 4254 'O
3139 4203 3352 4270 Κύριος
3379 4203 3797 4270 ἐϐασίλευσεν,

2221 4289 2582 4358 εὐπρέπειαν·
2624 4291 2971 4346 ἐνεδύσατο.
3030 4293 3197 4346 Ποίαν
3235 4295 3568 4366 εὐπρέπειαν
3616 4295 3798 4351 ἐνεδύ-

2224 4397 2387 4447 σατο;
2411 4380 2521 4450 Τὴν
2540 4381 2868 4450 ἀφθαρσίαν,
2890 4383 2988 4452 τὴν
3017 4382 3338 4449 ἀθανασίαν,
3362 4384 3470 4439 τῶν
3488 4385 3800 4440 ἀποστόλων

547 4482 618 4535 do
645 4480 899 4535 decorem
932 4477 1112 4532 induit
1136 4478 1160 4530 ’ὲ
1190 4474 1509 4546 Perpetuam
1546 4477 1932 4546 integritatem,
1961 4486 2119 4546 atquc

2226 4471 2323 4543 τὴν
2357 4471 2677 4543 σύγκλητον,
2701 4473 2798 4543 τῆς
2833 4473 3155 4544 Ἐκκλησίας
3181 4475 3272 4528 τὸν
3294 4475 3572 4544 στέφανον.
3601 4478 3799 4532 Οὐκέτι

549 4569 1048 4633 immortalitatem,
1106 4567 1476 4636 apostolorum
1534 4575 1735 4620 coetum
1769 4606 1784 4630 ,
1863 4565 2120 4622 Ecclesiae

547 4673 828 4715 coronam.
862 4660 977 4713 Non
995 4657 1242 4728 amplius
1277 4655 1452 4712 Judas
1481 4658 1680 4727 prodit.
1713 4656 1831 4726 Non
1885 4659 2121 4728 amplius

547 4753 785 4822 Caiplias
813 4747 1115 4804 minitatur.
1139 4746 1256 4802 Non
1285 4748 1516 4818 amplius
1551 4748 1792 4803 llerodes
1839 4749 1904 4803 ad
1929 4764 2122 4818 puero-

551 4857 671 4896 rum
703 4840 904 4895 cmdem
931 4846 1193 4892 armatur.
1222 4837 1340 4892 Non
1370 4838 1578 4908 judlcat
1611 4839 1843 4908 amplius
1871 4838 2119 4906 Pilatus;

551 4947 728 5004 neque
759 4930 998 5001 amplius
1023 4929 1285 4987 lsraelitae
1316 4929 1436 4998 ipso
1481 4929 1785 4999 potiuntur.
1826 4929 2119 4986 Enimvero

549 5026 699 5094 quod
731 5023 928 5092 fragile
958 5029 1014 5076 ct
1044 5019 1311 5076 caducum
1338 5029 1476 5084 erat,
1522 5021 1723 5074 factum
1753 5030 1838 5076 est
1868 5021 2122 5078 incorru-

549 5123 722 5184 ptum.
761 5110 901 5166 Tum
937 5111 1031 5180 qui
1059 5109 1200 5180 apud
1236 5118 1331 5164 eos
1359 5111 1684 5164 censebatur
1713 5112 1873 5165 homo
1907 5112 2115 5177 nudus,

553 5205 693 5259 licus
726 5217 894 5257 verus
935 5208 1020 5255 est
1072 5203 1500 5257 demonstratus.
1548 5199 1753 5256 ldt’lrco
1803 5219 1903 5257 nos
1954 5207 2115 5258 etiam

547 5296 847 5348 clamamus
875 5307 889 5344 :
935 5291 1160 5346 Ubinam
1183 5302 1302 5345 tuus
1330 5302 1426 5356 est,
1464 5311 1495 5346 ο
1522 5309 1684 5358 mors,
1723 5295 1941 5348 aculeus
1963 5298 1988 5348 Ξ)
2020 5295 2120 5349 Ubi

551 5394 642 5436 tua
675 5392 776 5446 est,
823 5380 1048 5449 inferne,
1103 5380 1324 5433 uictoria
1350 5380 1394 5411 ¹⁰
1418 5381 1440 5433 ?
1463 5379 1712 5434 Decorem
1752 5381 1964 5436 induit:
2023 5380 2116 5434 In-

549 5475 662 5528 duit
702 5471 956 5527 Dominus
1016 5472 1336 5540 potenlfam,
1373 5479 1423 5524 et
1451 5473 1682 5526 accinxit
1726 5474 1864 5527 ac“.
1921 5471 2118 5526 Poten-

550 5566 678 5619 tiam
709 5563 844 5618 dicit
874 5563 1066 5618 salutis
1095 5563 1555 5631 dispensationem
1589 5579 1688 5632 per
1728 5578 1949 5620 carnem
2001 5564 2116 5617 fac-

619 5740 637 5770 τ
669 5736 774 5792 Tit.
804 5753 885 5796 ιιι,
929 5737 978 5792 5.
1054 5735 1218 5790 'Acl.
1250 5753 1326 5802 ιιι,
1356 5739 1438 5792 15.

1533 5743 1554 5772 ⁸
1581 5735 1724 5794 Psal.
1752 5751 1880 5804 xc",
1906 5738 1956 5791 l.
2001 5739 2044 5770 ¹⁰
2079 5739 2245 5795 lCor.
2281 5759 2367 5814 xv,
2399 5743 2488 5798 55.

2234 4563 2434 4627 Ἰούδας
2467 4564 2787 4635 προδίδωσιν
2809 4579 2825 4595 ο
2866 4563 3047 4617 οὐκέτι
3082 4566 3297 4635 Καῖφας
3335 4568 3580 4621 ἀπειλεῖ·
3616 4568 3799 4623 οὐκέτι

2225 4653 2453 4716 Πιλάτος
2485 4654 2714 4718 δικάζει,
2749 4654 2871 4708 οὔτε
2919 4656 3243 4728 Ἰσραηλῖται
3269 4658 3547 4730 κρατοῦσι.
3583 4660 3656 4713 Τὸ
3687 4660 3799 4732 γάρ

2223 4742 2460 4813 φθαρτὸν
2489 4743 2706 4812 γέγονεν
2743 4745 3039 4816 ἄφθαρτον,
3067 4749 3159 4800 καὶ
3197 4751 3224 4801 ό
3263 4751 3391 4819 παρ’
3425 4751 3607 4813 αὐτοῖς
3643 4767 3801 4819 νομιο

2223 4834 2445 4905 ζόμενος
2467 4835 2750 4907 ἄνθρωπος
2770 4837 2942 4907 ψιλὸς,
2975 4839 3108 4904 Θεὸς
3128 4840 3499 4894 ἀποδέδεικται
3521 4841 3794 4912 ἀληθινός.

2221 4926 2312 4979 Αιδ
2345 4928 2440 4980 καὶ
2485 4929 2647 4998 ἡμεῖς
2679 4928 2911 5000 βοῶμεν·
2960 4932 3086 4986 Ποῦ
3130 4948 3267 4997 σου,
3301 4933 3537 4998 θάνατε,
3565 4935 3630 4988 τὸ
3659 4933 3796 4987 κέν-

2219 5033 2392 5085 τρον;
2446 5018 2565 5073 ποῦ
2601 5035 2738 5084 σου,
2779 5021 2916 5088 (ian,
2950 5021 3014 5075 τὸ
3059 5023 3263 5090 rimo;
3310 5024 3364 5076 '0
3411 5025 3626 5092 Κύριος
3663 5023 3798 5077 ἐσα-

2219 5110 2547 5174 σίλευσεν,
2612 5111 2976 5179 εὐπρέπειαν
3041 5097 3399 5168 ἐνεδύσατο·
3468 5117 3797 5170 ἐνεδύσατο

2219 5202 2432 5268 Κύριος
2458 5203 2732 5271 δύναμιν,
2769 5205 2864 5257 καὶ
2907 5204 3313 5273 περιεζώσατο.
3359 5207 3597 5278 Δύναμιν
3647 5208 3795 5276 λέγει

2217 5290 2314 5362 τὴν
2343 5292 2428 5345 διὰ
2480 5294 2678 5364 σαρκὸς
2723 5293 3053 5366 οἳκονομίαν.
3087 5297 3216 5350 Ὅτε
3250 5298 3358 5369 γὰρ
3401 5299 3612 5369 ἐκείνης
3640 5299 3796 5352 δυναο

2216 5385 2451 5454 τὼτερον
2497 5384 2680 5451 οὐδὲν,
2729 5386 2817 5440 διὰ
2858 5387 3108 5457 σώματος
3148 5390 3176 5442 ό
3214 5388 3500 5460 ἀσώματος
3537 5390 3795 5461 δαίμονας

2217 5474 2505 5528 κατέϐαλε·
2558 5475 2644 5529 διὰ
2693 5478 2923 5549 σταυρὸν
2970 5478 3067 5541 τάς
3099 5480 3478 5550 ἀντικειμένας
3532 5482 3792 5553 δυνάμεις

2219 5563 2684 5640 ἐξεπολιόρκησεν.
2731 5569 2946 5641 Ἐπειδὴ
2980 5570 3087 5642 γὰρ
3127 5571 3194 5625 τὰ
3241 5574 3432 5645 πρῶτα
3467 5573 3670 5628 ἐκλόνει
3696 5574 3795 5644 τὴν

2568 5745 2608 5775 ¹¹
2642 5743 2784 5798 Psal.
2821 5760 2949 5808 xc",
2985 5746 3034 5798 l.
