4154 6354
375 291 482 349 689

1543 299 1607 353 IN
1644 301 1921 358 CHRISTI
1964 305 2469 363 ASCENSIONEM.

3534 303 3640 357 693

372 409 477 476 γῆν
533 406 565 476 ἠ
620 407 882 477 ἁμαρτία,
934 409 1169 475 ἀναστὰς
1218 411 1247 463 ὁ
1294 411 1497 483 Κύριος
1543 412 1698 484 ἡμῶν
1755 413 1997 484 Ἰησοῦς⁴

2066 426 2197 471 tam.
2223 415 2673 487 Quandoquidem
2708 415 2842 470 nihil
2879 414 2968 469 illa
2990 413 3283 483 potentius.
3312 412 3415 470 Per
3438 429 3641 485 corpus

376 496 645 565 Χριστὸς,
703 497 884 562 καθὼς
938 503 1217 569 προεῖπεν,
1267 502 1597 573 ἐστερέωσεν
1648 504 1819 574 αὐτὴν
1882 504 1959 575 τῷ

377 587 517 658 ξύλῳ
558 586 653 641 τοῦ
697 589 955 661 σταυροῦ,
996 592 1202 664 μηκέτι
1250 593 1385 665 πρὸς
1428 594 1640 648 ὖλισθον
1683 595 1956 659 ἀπωλείας

376 677 651 748 βαδίζειν,
715 682 852 752 μήτε
903 683 1134 753 χειμῶσι
1187 684 1288 755 τῆς
1360 684 1567 756 πλάνης
1626 684 1955 756 ριπίζεσθαι.

373 770 647 842 Μάρτυρα
672 772 728 825 δὲ
754 772 849 826 τοῦ
872 773 1030 843 λόγου
1059 776 1150 828 τὸν
1179 774 1448 847 μακάριον
1498 775 1706 829 Παῦλον
1746 776 1960 845 ἀγάγω-

376 879 497 933 μεν.
548 863 775 932 λέγοντα
804 865 1024 929 ἁπλῶςο
1065 867 1167 920 Δεῖ
1205 868 1316 937 γὰρ
1359 868 1427 921 τὸ
1466 868 1728 937 φθαρτὸν
1780 869 1957 923 τοῦτο

371 954 743 1010 ἐνδύσασθαι
774 958 1136 1026 ἀφθαρσίαν.
1173 960 1263 1013 Διὸ
1288 961 1379 1013 καὶ
1404 962 1433 1014 ὁ
1458 959 1762 1030 Ψαλμῳδδς
1786 960 1955 1029 λέγει’

375 1043 651 1115 Ἕτοιμος
674 1050 707 1100 ὀ
732 1049 945 1115 θρόνος
983 1066 1099 1105 σου
1121 1051 1241 1105 ἀπὸ
1272 1053 1403 1106 τότε
1428 1067 1441 1080 '
1468 1051 1587 1106 ἀπὸ
1614 1052 1721 1106 τοῦ
1740 1052 1961 1119 αἰῶνος

372 1135 453 1189 σὺ
477 1137 552 1189 εἷο
594 1136 711 1202 καὶ,
754 1137 824 1192 Ἦ
860 1140 1151 1204 ,Βασιλεία
1187 1157 1324 1208 σου,
1360 1144 1651 1207 ,βασιλεία
1693 1143 1956 1211 αἰώνιος,

372 1225 506 1294 ἣτις
537 1228 609 1282 οὺ
648 1228 1137 1299 διαφθαρήσεται.
1171 1234 1282 1287 Kal.
1338 1235 1533 1289 πάλιν·
1581 1235 1640 1291 Ἠ
1675 1235 1960 1300 βασιλεία

370 1334 513 1384 σου,
549 1318 842 1383 ,ϐασιλεία
884 1322 1127 1377 πάντων
1158 1323 1279 1379 τῶν
1314 1325 1565 1380 αἰώνων.
1610 1326 1720 1380 Καὶ
1771 1325 1954 1380 πάλιν·

383 1407 447 1461 ὐ
496 1411 713 1478 Κύριος
758 1412 1195 1480 ἐϐασίλευσεν,
1238 1415 1702 1485 ἀγαλλιασθήτω
1758 1419 1796 1485 ἡ
1854 1417 1956 1486 γῆ,

370 1501 883 1570 εὐφρανθήτωσαν
912 1504 1095 1574 νῆσοι
1128 1507 1373 1561 πολλαί.
1406 1508 1531 1561 Ὅτι
1566 1506 1715 1578 αὐτῷ
1754 1509 1787 1577 ή
1828 1507 1957 1573 δόξα

386 1593 481 1645 καὶ
513 1592 573 1646 τὸ
604 1595 826 1665 κράτος.
872 1597 1064 1668 ’Δμήν.

374 1782 515 1848 Quia
554 1782 658 1853 ipsi
695 1784 868 1855 gloria
896 1792 951 1842 et
981 1787 1245 1842 fortitudo
1276 1788 1554 1843 convenit.
1597 1787 1791 1843 Amen.

445 1935 534 1990 ιιι
567 1936 693 2009 Cor.
728 1955 817 2005 xv,
852 1940 941 1996 53.
1024 1942 1067 1974 ¹³
1091 1941 1238 1999 Psal.
1269 1959 1399 2009 xcn,
1435 1944 1489 1998 2.
1570 1942 1613 1975 ⁸⁸
1643 1942 1787 1997 l‘sal.
1819 1957 2002 2006 cxuv,
2035 1937 2120 1993 1'5.

373 2023 522 2071 XCVI,
565 2008 619 2062 1.

2065 509 2210 563 enim
2238 496 2375 564 liher
2399 523 2429 561 a
2454 523 2684 577 corpore
2711 506 2990 562 daemonas
3013 506 3243 576 depulit.
3277 504 3383 561 Per
3415 522 3638 562 crucem

2061 599 2341 669 oppositas
2403 607 2699 669 potestates
2751 597 2986 653 obsedit.
3047 595 3182 652 Nam
3216 597 3474 667 quoniam
3527 597 3641 668 pri-

2066 703 2213 742 mum
2236 696 2442 743 terram
2478 695 2835 742 concusserat
2873 692 3181 756 peccatum,
3220 696 3513 758 resurgens
3535 686 3637 740 Do-

2064 779 2245 835 minus
2274 786 2461 835 noster
2491 778 2650 834 .Iesus
2680 776 2957 842 Christus,
2987 784 3047 832 ut
3077 776 3425 847 praedixerat,
3468 778 3640 832 stabi-

2059 869 2180 924 ‘livit
2220 870 2392 940 ipsam
2433 869 2578 939 ligno
2634 867 2857 932 crucis,
2917 883 2987 923 ne
3018 869 3130 923 ullo
3175 884 3415 938 unquam
3480 868 3633 937 lapsu

2061 974 2305 1030 praeceps
2339 959 2394 1013 in
2430 958 2726 1029 perniciem
2761 965 2983 1025 rueret,
3011 973 3189 1029 neque
3229 956 3435 1013 erroris
3496 965 3637 1012 tem-

2058 1050 2364 1120 peStatibus
2398 1049 2720 1119 agitaretur.
2753 1048 2969 1102 Testem
3001 1064 3128 1103 vero
3184 1048 3456 1104 dictorum
3510 1062 3639 1117 pro-

2058 1142 2324 1197 ducamus
2354 1141 2575 1195 beatum
2632 1138 2861 1193 Paulum
2908 1139 3141 1194 aientem
3176 1159 3189 1194 :
3227 1138 3445 1209 Oportet
3497 1140 3638 1193 etaim

2060 1232 2400 1303 corruptibile
2429 1231 2525 1285 hoc
2556 1233 2770 1286 induere
2804 1230 3380 1299 incorruptibilitatem,
3413 1239 3464 1282 et
3500 1244 3640 1281 mor-

2056 1324 2162 1378 tale
2181 1324 2276 1378 Itoc
2310 1324 2525 1377 induere
2558 1322 3013 1376 immortalitatem
3036 1321 3099 1372 ".
3130 1318 3366 1389 Ideoque
3390 1318 3639 1375 Psalmo-

2054 1415 2295 1488 graphus
2326 1418 2422 1482 ait,
2462 1413 2666 1469 Parata
2688 1424 2768 1469 est
2796 1413 2943 1468 sedes
2974 1421 3069 1466 tua
3096 1426 3160 1466 ea:
3185 1420 3309 1464 tunc
3332 1429 3351 1477 ;
3381 1429 3413 1465 a
3442 1408 3638 1464 stacqu

2057 1518 2112 1562 tu
2137 1526 2191 1563 es
2216 1510 2294 1560 “z
2321 1517 2396 1573 et,
2439 1506 2669 1577 Regnum
2702 1514 2869 1568 tuum,
2906 1520 3124 1576 regnum
3160 1504 3538 1571 sempiternum
3558 1500 3633 1566 “;

2043 1599 2182 1668 quod
2214 1615 2317 1653 non
2344 1605 2707 1665 corrumpetur
2727 1596 2807 1659 ¹⁸;
2836 1604 2890 1650 et
2919 1596 3112 1649 iterum
3137 1636 3154 1660 ,
3192 1592 3424 1663 Regnum
3460 1602 3631 1655 tuum,

371 1704 586 1757 regnum
610 1691 847 1744 omnium
867 1693 1181 1747 surculorum
1203 1693 1276 1758 "‘;
1306 1708 1369 1749 ac
1388 1709 1619 1771 rursus,
1672 1692 1924 1748 Dominus
1969 1697 2199 1765 regnavit
2235 1738 2248 1762 ,
2273 1699 2501 1750 exsultet
2565 1702 2746 1757 terra;
2777 1696 3023 1749 (tuentur
3076 1692 3267 1747 insula:
3314 1690 3498 1757 multa:

3553 1686 3636 1749 ιτς

2225 1938 2268 1969 ¹⁸
2303 1937 2437 1991 Dan.
2472 1952 2568 2003 xu,
2600 1936 2687 1990 M.
2773 1935 2816 1967 ‘°
2846 1934 2987 1989 Psal.
3016 1949 3199 2001 cmv,
3237 1936 3322 1989 l5.
3414 1936 3455 1966 "
3489 1934 3631 1991 Psal.

394 2187 3604 2231 mm:

1630 2351 1857 2436 ΤΟΥ

1967 2349 2345 2437 ΑΥΤΟΥ

649 2547 893 2659 ΕΙΣ
981 2546 1297 2659 ΤΗΝ
1372 2543 1674 2659 ΤΟΥ
1768 2542 2424 2658 ΧΡΙΣΤΟΥ
2531 2534 3351 2655 ΑΝΑΛΗΨῙΝ

1035 2759 1181 2813 ΤΗΝ
1214 2759 1641 2814 ΛΕΓΟΜΕΝΗΝ
1680 2759 1766 2830 Τῼ
1802 2757 2123 2829 ΕΠΙΧΩΡΙῼ
2162 2756 2295 2811 ΤΩΝ
2324 2756 2799 2811 ΚΑΠΠΛΔΟΚΩΝ
2833 2756 2985 2809 ΕΘΕΙ

1592 2914 1735 2970 ΊῊΝ
1763 2912 2359 2968 ΕΠῙΣΩΖΟΜΕΝΗΝ.

1732 3238 2270 3331 EJUSDEM

983 3454 1137 3569 IN
1219 3448 2312 3567 ASCENSIONEM
2400 3448 3044 3565 CHRISTI

1195 3664 1364 3734 QUAE
1408 3665 1560 3721 DIES
1596 3665 1817 3722 FESTA
1878 3664 2404 3724 CAPPADOCIBUS
2434 3664 2643 3724 DICTA
2680 3664 2813 3720 EST

1776 3819 2158 3879 CONSECRA
2174 3821 2283 3877 TA.

1642 3976 1902 4029 Francisco
1924 3979 1963 4025 Ζ
1970 3975 2047 4029 ina
2069 3977 2343 4040 interprete.

465 4286 553 4349 Ὠς
590 4286 795 4355 γλυκὺς
836 4287 1175 4359 συνέμπορος
1223 4286 1314 4341 τοῦ
1369 4286 1710 4358 ἀνθρωπίνου
1765 4286 1880 4356 βίου
1930 4286 1997 4345 δι

2131 4282 2305 4347 Quam
2336 4277 2512 4334 dulcis
2547 4275 2828 4330 hominum
2860 4288 3047 4329 comes
3080 4272 3343 4343 prepheta
3370 4271 3540 4326 David
3583 4271 3640 4327 in

388 4378 669 4451 προφήτης
702 4378 884 4443 Δαϐὶδ,
924 4380 983 4434 ὲν
1015 4379 1216 4443 πάσαις
1241 4381 1361 4443 ταῖς
1388 4379 1526 4440 ὁδοῖς
1554 4378 1655 4448 τῆς
1692 4377 1836 4447 ζωῆς
1872 4376 1963 4429 εὑ-

392 4468 713 4540 ρισκόμενος
739 4508 755 4533 ,
796 4469 892 4521 καὶ
922 4469 1124 4531 πάσαις
1144 4470 1264 4531 ταῖς
1304 4468 1697 4537 πνευματικαῖς
1723 4465 1964 4536 ἡλικίαις

388 4553 713 4626 προσφόρως
752 4554 1249 4625 καταμιγνύμενος,
1307 4555 1505 4618 παντὸς
1542 4554 1819 4624 τάγματος
1856 4552 1964 4607 τῶν

389 4644 805 4715 προκοπτόντων
890 4645 1393 4715 συνεφαπτόμενοςί
1446 4647 1571 4709 Τοῖς
1633 4647 1775 4699 κατὰ
1831 4644 1964 4698 Θεὸν

385 4732 600 4803 νηπίοις
630 4731 957 4802 συμπαίζει,
991 4736 1103 4797 τοῖς
1127 4734 1351 4805 ἀνδράσι
1382 4732 1961 4802 συναγωνίζεται,παιο

385 4823 622 4892 δαγωγεῖ
640 4824 739 4893 τὴν
758 4824 1006 4895 νεότητα,
1025 4825 1376 4897 ὑποστηρίζει
1396 4827 1457 4879 τὸ
1480 4828 1678 4898 γῆρας,
1703 4829 1815 4889 τοῖς
1829 4828 1963 4879 πᾶσι

386 4916 564 4969 πάντα
597 4914 835 4983 γίνεται,
884 4916 1230 4985 στρατιωτῶν
1270 4918 1454 4981 ὅπλον,
1500 4917 1749 4989 ἀθλητῶν
1773 4919 1962 4973 παιδο-

383 5007 598 5077 τρίϐης,
624 5008 1052 5079 γυμναζομένων
1077 5007 1403 5080 παλαίστρα,
1431 5010 1706 5063 νικώντων
1767 5010 1963 5076 στέφα-

385 5112 496 5161 νος,
527 5096 910 5167 ὲπιτραπέζιος
936 5097 1264 5168 εὐφροσύνη.
1286 5099 1593 5169 ἐπικήδειος
1621 5099 1960 5170 παραμυθία.

388 5186 502 5239 Οὐκ
535 5186 650 5269 ἔστι
695 5205 748 5241 τι
795 5188 905 5242 τῶν
952 5188 1093 5242 κατά
1131 5191 1222 5242 τὸν
1266 5189 1378 5259 βίον
1418 5191 1577 5261 ἡμῶν
1607 5191 1707 5261 τῆς
1738 5191 1958 5262 χάριτος

388 5279 588 5349 ταύτης
635 5279 918 5351 ἀμέτοχον.
983 5282 1080 5346 Τίς
1121 5284 1429 5353 προσευχῆς
1473 5283 1719 5355 δύναμις,
1769 5280 1838 5356 ἦς
1888 5284 1964 5357 μὴ

392 5370 555 5424 sum
619 5374 1055 5443 συνεφάπτεται;
1114 5375 1199 5438 τίς
1249 5375 1443 5446 ἑορτῆς
1490 5376 1830 5447 εὐφροσύνη,
1891 5376 1966 5448 μὴ

392 5459 487 5511 τοῦ
549 5460 834 5532 Προφήτου
894 5464 1098 5533 ταύτην
1155 5464 1575 5536 φαιδρΰνοντος;
1643 5466 1709 5518 '0
1764 5465 1826 5536 δὴ
1873 5466 1967 5520 καὶ

2063 4373 2318 4429 omnibus
2347 4372 2471 4426 vita:
2499 4368 2826 4424 itineribus!
2870 4382 3043 4437 quam,
3066 4376 3226 4435 aptus
3260 4364 3641 4436 spiritualibus

2064 4465 2277 4521 cunctis
2300 4462 2587 4519 aetatibus!
2636 4474 2800 4531 quam
2840 4458 2990 4515 omni
3034 4457 3433 4528 proﬁcientium
3460 4456 3641 4513 ordini

2065 4555 2476 4623 conditionique
2513 4550 2837 4607 commodus
2869 4542 3153 4606 invenitur
3172 4550 3185 4603 !
3222 4548 3359 4603 Cum
3391 4548 3520 4614 illis,
3546 4549 3641 4619 qui

2066 4648 2208 4719 apud
2243 4648 2409 4702 Deum
2443 4646 2594 4717 pueri
2623 4643 2969 4713 infantesque
3008 4651 3165 4707 sunt,
3200 4640 3447 4695 colludit.
3493 4638 3642 4694 Viris

2064 4740 2120 4793 in
2161 4737 2463 4794 certamine
2512 4742 2566 4791 et
2599 4749 2780 4806 pugna
2824 4748 2884 4788 se
2924 4732 3137 4789 socium
3193 4731 3416 4802 praebet,
3448 4730 3641 4800 juven-

2064 4839 2234 4885 tutem
2275 4828 2478 4894 erudit,
2516 4833 2857 4881 senectutem
2889 4822 3200 4887 conﬁrmat,
3231 4821 3488 4876 omnibus
3518 4834 3640 4874 om-

2064 4921 2153 4975 nia
2187 4919 2266 4984 lit,
2303 4918 2538 4973 militum
2588 4930 2760 4977 arma,
2802 4914 3060 4983 magister
3087 4911 3354 4982 pugilum,
3385 4911 3639 4981 palaestra

2064 5012 2413 5073 certantium,
2444 5023 2649 5064 corona
2675 5006 2966 5070 victorum,
2997 5004 3051 5057 in
3073 5003 3337 5058 conviviis
3366 5001 3637 5064 hilaritas,

2065 5105 2121 5158 in
2171 5102 2361 5157 funere
2417 5102 2716 5171 lugentium
2785 5097 3111 5153 consolatio.
3174 5094 3334 5148 Nulla
3403 5092 3639 5165 denique

2065 5208 2192 5263 pars
2240 5193 2492 5247 humanae
2519 5192 2646 5245 vita:
2689 5190 2836 5245 illius
2872 5203 3096 5242 munere
3143 5195 3200 5241 et
3250 5187 3424 5257 gratia
3457 5192 3638 5242 vacat.

2064 5285 2325 5351 Quaenam
2357 5294 2442 5341 est
2472 5283 2805 5354 precationis
2852 5279 3083 5335 facultas
3122 5288 3284 5349 quam
3320 5276 3488 5332 David
3527 5291 3641 5332 non

2068 5374 2488 5431 subministret?
2536 5374 2669 5439 Quae
2710 5371 3003 5428 celebritas
3053 5368 3273 5433 laetitiae,
3317 5382 3480 5438 quam
3532 5380 3643 5422 non

2066 5476 2292 5521 exornet
2325 5465 2642 5535 Propheta?
2700 5465 2754 5520 id
2801 5462 2945 5535 quod
3004 5463 3058 5515 in
3086 5459 3377 5530 praesentia
3424 5472 3644 5529 quoque

392 5549 488 5602 νῦν
534 5549 677 5603 ἔστιν
714 5553 838 5606 ἰδεῖν
859 5570 872 5583 ·
907 5555 988 5608 ὃτι
1027 5556 1120 5609 καὶ
1150 5555 1324 5618 ἄλλως
1360 5556 1600 5626 μεγάλην
1639 5558 1771 5627 ἡμῖν
1803 5554 1966 5611 οὖσαν

2071 5559 2194 5613 licet
2233 5559 2457 5614 intueri.
2496 5557 2825 5613 Hodiernum
2880 5555 3025 5611 enim
3056 5552 3453 5616 celebritatem,
3504 5551 3642 5607 satis

390 5642 490 5712 τὴν
523 5643 735 5715 ἑορτὴν,
775 5645 993 5714 μείζονα
1021 5648 1087 5701 δι’
1135 5648 1328 5701 ἑαυτοῦ
1381 5649 1409 5701 ὁ
1456 5649 1746 5720 Προφήτης
1788 5649 1965 5719 ἐποίη-

2072 5666 2165 5719 per
2192 5665 2251 5704 se
2276 5665 2552 5720 magnam,
2582 5651 2698 5721 ipse
2733 5648 2995 5718 majorem
3023 5646 3205 5712 efﬁcit,
3236 5646 3367 5700 dum
3395 5643 3473 5698 illi
3503 5658 3639 5708 gau~

397 5750 507 5799 σεν,
556 5736 879 5808 προσφόρως
929 5741 992 5809 τῇ
1043 5738 1293 5792 ὑποθέσει
1332 5740 1432 5811 τὴν
1474 5742 1537 5794 ἐκ
1581 5739 1690 5793 τῶν
1732 5740 1963 5811 ψαλμῶν

2071 5742 2221 5797 dium
2274 5756 2304 5797 e
2336 5743 2561 5813 psalmis
2611 5743 2859 5813 apposite
2909 5739 3177 5811 adiungit.
3235 5740 3299 5793 lu
3354 5750 3461 5791 uno
3493 5736 3637 5789 enim
