4154 6354
532 311 630 367 691

1809 314 1864 367 S.
1898 311 2226 369 GREGORII
2264 313 2557 371 NYSSENI

3668 324 3770 379 69‘}

505 426 747 482 "illorum
778 443 933 484 ovem
959 437 1014 485 te
1037 428 1195 500 jubet
1219 446 1361 496 esse,
1393 446 1514 501 qua:
1540 446 1570 485 a
1607 429 1718 487 Deo
1745 431 2010 500 pascaris,
2043 438 2096 485 et

2205 428 2620 499 συνεισενεγκὼν
2637 429 2986 501 εὐφροσύνην.
3022 430 3110 483 Ἐν
3145 430 3243 503 μὲν
3272 431 3380 503 γὰρ
3414 431 3488 500 τῷ
3519 433 3620 497 ἐνὶ,
3643 437 3762 506 πρό-

527 523 784 577 omnibus
827 523 1095 578 bonorum
1126 523 1300 594 copiis
1342 524 1550 591 amuas,
1589 534 1648 579 ut
1684 525 1772 579 cui
1801 532 1856 578 et
1905 524 2096 587 herba,

527 620 582 665 et
623 610 903 681 pabulum,
948 622 1005 668 et
1054 627 1195 683 aqua
1228 613 1496 684 refrigerii
1547 615 1862 685 suppetat‘.
1893 611 2014 669 Tibi
2046 622 2101 669 et

528 705 734 770 cibum,
789 715 844 760 et
889 707 1324 773 tabernaculum,
1378 716 1434 764 et
1475 709 1640 773 viam,
1683 715 1738 764 et
1777 708 1995 770 ducem,
2045 713 2101 761 et

530 796 713 849 omnia
743 811 804 852 se
827 797 1030 866 pnaebet
1056 805 1246 868 pastor
1267 799 1540 869 egregius,
1572 799 1915 870 gratiamque
1943 812 2098 851 suam

531 884 598 938 ad
626 901 841 942 omnem
889 875 1050 942 usum
1083 894 1206 957 apte
1238 887 1539 944 distribuit.
1573 888 1650 944 Ex
1694 889 1896 959 quibus
1925 889 2101 943 omni-

531 975 636 1030 bus
681 975 984 1032 Ecclesiam
1029 978 1271 1041 instruit,
1320 987 1574 1050 oportere
1604 988 1657 1035 te
1686 980 1920 1049 primum
1975 980 2101 1035 boni

529 1065 766 1133 pastoris
793 1079 949 1121 ovem
978 1066 1096 1123 ﬁeri
1117 1083 1215 1139 per
1242 1069 1438 1122 bonam
1478 1067 1812 1123 catochesim
1836 1076 1893 1122 et
1921 1067 2104 1122 initia-

530 1155 735 1212 tionem
775 1157 844 1212 ad
887 1158 1084 1213 divinae
1135 1160 1400 1214 doctrinae
1451 1174 1657 1230 pascua
1697 1160 1985 1232 fontesque
2010 1161 2104 1216 de-

530 1247 778 1312 ductum,
833 1257 893 1302 ut
929 1265 1052 1305 cum
1096 1248 1190 1305 illo
1221 1250 1502 1321 sepeliaris
1544 1266 1638 1320 per
1665 1251 1998 1322 baptismum
2049 1252 2103 1306 in

529 1349 780 1403 mortem,
840 1356 1015 1411 neque
1063 1351 1245 1397 tamen
1295 1352 1522 1398 mortem
1553 1343 1824 1414 ejusmodi
1851 1343 2106 1400 reformi-

529 1428 680 1485 dare.
705 1429 821 1486 Non
840 1432 986 1487 enim
1023 1447 1172 1488 mors
1200 1443 1285 1487 est
1311 1433 1437 1494 ista,
1470 1433 1566 1488 sed
1599 1433 1793 1490 mortis
1831 1435 2022 1489 umbra
2050 1442 2107 1489 et

529 1520 1006 1577 similitudo.Nam
1034 1523 1082 1576 si
1100 1523 1460 1590 ambulavero,
1491 1525 1688 1596 inquit,
1721 1526 1775 1579 in
1807 1526 1976 1579 medio
1999 1542 2107 1580 um-

528 1611 639 1668 bras
672 1614 881 1681 mortis,
911 1632 1014 1670 non
1053 1615 1266 1680 timebo,
1299 1627 1354 1669 ut
1395 1617 1618 1682 malum,
1654 1616 1708 1670 id
1740 1618 1878 1686 quod
1903 1617 2108 1672 accide-

2198 521 2363 574 ϐατόν
2392 538 2450 574 σε
2487 521 2696 578 κελεύει
2728 522 2985 592 γενέσθαι
3021 523 3173 594 παρὰ
3203 522 3298 577 τοῦ
3333 523 3470 578 Θεοῦ
3501 527 3770 596 ποιμαινὰ

2203 628 2360 681 μενον
2381 650 2397 676 ,
2423 613 2518 666 καὶ
2548 613 2760 677 οὐδενὸς
2781 613 2890 668 τῶν
2919 613 3139 682 ἀγαθῶν
3160 615 3284 667 ὕστε
3293 618 3385 687 ρού
3393 633 3552 686 μενον
3570 634 3582 644 ·
3615 610 3661 685 ᾧ
3683 617 3771 670 καὶ

2202 703 2308 757 πόα
2333 704 2526 774 νομῆς,
2569 705 2664 760 καὶ
2710 704 2853 778 ὕδωρ
2893 705 3272 770 ἀναπαύσεως,
3318 709 3412 761 καὶ
3443 707 3639 779 τροφὴ,
3681 709 3775 764 καὶ

2205 795 2397 865 σκηνὴ,
2444 795 2540 850 καὶ
2589 795 2795 866 τρίϐος,
2843 796 2939 851 καὶ
2970 797 3186 868 ὁδηγία,
3230 798 3325 850 καὶ
3351 798 3527 852 πάντα
3565 801 3777 868 γίνεται

2200 885 2229 936 6
2287 883 2491 955 ποιμὴν
2535 886 2564 938 6
2606 885 2802 950 καλὸς,
2830 886 2964 957 πρὸς
3015 889 3194 941 πᾶσαν
3222 889 3410 960 χρείαν
3441 889 3540 962 τὴν
3579 892 3780 946 ἑαυτοῦ

2202 973 2362 1046 χάριν
2417 975 2741 1046 προσφόρως
2802 977 3202 1048 καταμερίζων.
3261 979 3339 1031 Δι’
3392 973 3468 1034 ὧν
3522 981 3781 1036 ἀπάντων

2203 1064 2447 1118 παιδεύει
2505 1065 2606 1134 τὴν
2666 1065 3025 1137 Ἐκκλησίαν,
3088 1067 3171 1121 ὅτι
3236 1070 3341 1140 χρή
3399 1086 3459 1122 σε
3505 1069 3782 1141 πρόϐατον

2205 1157 2419 1227 πρῶτον
2437 1156 2805 1225 γενέσθαι.τοῦ
2835 1156 3001 1212 καλοῦ
3030 1175 3119 1212 ποι
3128 1159 3306 1230 μένος,
3337 1160 3426 1215 διὰ
3449 1163 3547 1231 τῆς
3565 1163 3781 1232 ἀγαθῆς

2205 1249 2560 1319 κατηχήσεως
2603 1249 2741 1320 πρὸς
2784 1249 2886 1312 τάς
2927 1249 3079 1314 θείας
3104 1251 3212 1304 τῶν
3236 1251 3578 1321 διδαγμάτων
3606 1254 3779 1324 νομάς

2205 1358 2263 1395 τε
2302 1341 2397 1394 καὶ
2435 1341 2616 1412 πηγὰς
2645 1340 3026 1411 δδηγούμενον,
3063 1337 3143 1405 είς
3171 1342 3232 1395 τδ
3265 1343 3597 1414 συνταφῆναι
3627 1343 3780 1414 αὐτῷ

2204 1431 2294 1485 διά
2319 1430 2413 1485 τοῦ
2435 1429 2741 1501 βαπτισμοῢ
2765 1432 2844 1495 είς
2871 1431 2963 1484 τὸν
2983 1431 3231 1495 θάνατον,
3254 1434 3347 1486 καὶ
3374 1433 3449 1506 μὴ
3473 1433 3780 1505 φοϐηθῆναι

2205 1519 2298 1573 τὸν
2325 1519 2563 1572 τοιοῦτον
2607 1517 2854 1573 θάνατον.
2902 1519 2978 1572 Οὐ
3022 1517 3132 1588 γάρ
3167 1518 3395 1582 Θάνατος
3421 1514 3576 1582 οὗτός
3604 1519 3780 1583 ἐστιν,

2205 1607 2342 1664 ἀλλὰ
2356 1609 2587 1664 Θανάτου
2607 1609 2733 1663 σκιά
2749 1609 2842 1662 καὶ
2851 1608 3173 1680 ὲκτύπωμα.
3205 1608 3347 1663 Ἐὰν
3362 1609 3471 1680 γὰρ
3486 1608 3781 1678 πορευθῶ,

528 1704 620 1768 rit,
653 1707 905 1776 quoniam
938 1717 992 1761 ιιι
1021 1724 1224 1762 mecum
1259 1724 1314 1762 es
1339 1709 1403 1763 ".
1445 1707 1652 1764 Deinde
1695 1709 1920 1779 spiritus
1954 1711 2104 1780 virga

2209 1717 2393 1772 φησιν,
2432 1700 2503 1754 ἐν
2521 1700 2690 1770 μέσῳ
2726 1698 2904 1764 σκιᾶς
2937 1699 3218 1762 θανάτου,
3250 1700 3322 1753 οὐ
3366 1698 3779 1768 φοϐηθήσομαι

527 1799 868 1853 consolatur.
928 1799 1166 1868 Spiritus
1225 1800 1372 1855 enim
1431 1801 1743 1856 consolator
1793 1809 1899 1856 est.
1961 1799 2099 1855 Tum

2205 1793 2284 1858 ὠς
2325 1793 2517 1846 κακὸν
2563 1791 2629 1846 τὸ
2684 1792 2998 1862 γινόμενον
3021 1805 3033 1821 ·

527 1903 772 1945 mensam
810 1890 1092 1961 mysticum
1121 1891 1377 1961 proponit
1409 1907 1474 1947 ex
1499 1890 1730 1946 adverso
1765 1906 1966 1947 mensae
1991 1891 2101 1944 dae-

529 1994 751 2032 monum
785 1980 1134 2037 instructam.
1189 1981 1292 2039 Per
1337 1983 1702 2038 idololatriam
1749 1983 1894 2038 enim
1923 1983 2102 2038 homi-

529 2084 660 2123 num
710 2070 873 2124 vitam
901 2070 1210 2129 alilixerunt
1249 2074 1547 2138 daemones,
1589 2073 1792 2144 quibus
1825 2074 2102 2129 contraria

528 2165 616 2213 est
647 2156 886 2229 Spiritus
913 2177 1123 2220 mensa.
1156 2163 1239 2218 Ad
1265 2163 1381 2219 haec
1406 2167 1526 2219 oleo
1555 2165 1782 2234 spiritus
1814 2171 1977 2235 caput
2001 2180 2102 2218 un-

528 2250 627 2321 git,
671 2258 726 2307 et
769 2253 978 2319 vinum,
1025 2254 1173 2325 quod
1215 2257 1402 2311 laetitia
1455 2271 1553 2312 eor
1590 2257 1760 2312 al'licit
1780 2259 1824 2322 ',
1872 2256 2102 2322 addens,

528 2340 770 2396 sobriam
814 2343 962 2398 illam
995 2346 1180 2401 animo
1207 2346 1526 2402 ebrietatem
1571 2345 1769 2417 injicit,
1797 2356 1850 2403 et
1879 2361 1911 2402 e
1935 2346 2095 2402 cadu-

528 2432 610 2488 eis
653 2432 924 2505 ﬂuxisque
951 2435 1118 2491 rebus
1153 2445 1388 2492 mentem
1418 2438 1580 2492 trahit
1623 2437 1690 2492 ad
1719 2437 2100 2507 sempiternas.

529 2522 740 2579 Etenim
768 2525 865 2595 qui
902 2526 996 2580 tali
1019 2537 1101 2582 est
1131 2527 1359 2584 affectus
1379 2528 1665 2590 ebrietate,
1699 2528 1912 2583 brevem
1937 2528 2101 2581 vitam

529 2629 652 2670 eum
705 2616 1114 2674 immortalitate
1168 2627 1488 2685 commutat,
1543 2629 1598 2674 et
1652 2620 1706 2674 in
1767 2619 2105 2690 longitudine

528 2705 742 2761 dierum
779 2707 988 2762 habitat
1023 2711 1077 2763 in
1105 2709 1269 2773 domo
1302 2710 1536 2765 Domini.
1558 2709 1684 2766 Haec
1713 2711 1869 2766 nobis
1909 2711 1963 2764 in
1995 2725 2104 2764 uno

529 2794 874 2852 Psalmorum
910 2798 1197 2870 elargitus,
1245 2799 1311 2854 ad
1349 2800 1608 2870 majorem
1637 2810 1690 2856 et
1725 2799 2101 2871 periectiorem

528 2886 586 2941 in
607 2886 802 2952 altero,
835 2889 926 2958 qui
950 2890 1192 2958 proxime
1213 2891 1484 2960 sequitur,
1507 2892 1840 2961 voluptatem
1860 2891 2102 2945 animum

528 2979 751 3043 excitat,
801 2978 962 3048 cujus
994 2981 1316 3036 sententiam
1347 2981 1527 3046 vobis,
1567 2982 1614 3037 si
1646 2982 1880 3044 videtur,
1911 2980 2104 3052 paucis

528 3070 832 3141 explicabo.
866 3071 1083 3128 Domini
1104 3082 1182 3127 est
1212 3083 1354 3128 terra
1379 3082 1427 3127 et
1451 3073 1726 3142 plenitudo
1753 3073 1870 3144 ejus
1893 3073 1935 3125 ³.
1961 3071 2102 3139 Quid
2131 3093 2173 3151 ς

531 3161 708 3231 igitur.
728 3161 854 3217 novi
885 3163 1173 3234 contingit,
1210 3163 1398 3229 homo,
1425 3164 1472 3220 si
1500 3163 1643 3219 Deus
1665 3175 1850 3219 noster
1878 3163 1933 3218 in
1955 3172 2098 3219 terra

529 3252 683 3308 visus
709 3261 817 3318 cst,
879 3254 927 3309 si
959 3269 1084 3309 eum
1136 3254 1451 3311 hominib‘iis
1509 3255 1686 3309 vixit?
1729 3253 1851 3325 Ipse
1897 3263 2103 3309 terram

530 3344 736 3398 creavit
766 3351 821 3399 et
850 3344 1117 3400 condidit.
1167 3345 1349 3412 Quare
1378 3360 1480 3400 nec
1510 3345 1832 3402 inusitatum
1867 3359 1967 3400 nec
2001 3344 2100 3398 ab-

531 3432 758 3487 surdum
791 3442 896 3499 est,
945 3441 1004 3489 ut
1030 3434 1097 3490 ad
1131 3436 1350 3505 propria
1385 3434 1650 3492 Dominus
1677 3435 1882 3491 veniat.
1915 3434 2103 3506 Neque

530 3525 675 3579 enim
703 3525 760 3580 in
793 3527 925 3581 orbe
956 3534 1216 3582 versatur
1237 3527 1438 3590 alieno,
1472 3525 1569 3582 sed
1596 3527 1651 3581 in
1673 3541 1740 3582 eo
1790 3542 1953 3596 quem
1986 3527 2103 3598 ipse

532 3619 819 3674 constituit
865 3629 918 3675 et
943 3618 1243 3675 fabricatus
1261 3627 1366 3682 est,
1397 3619 1490 3688 qui
1513 3633 1679 3688 super
1700 3618 1873 3674 maria
1901 3628 2101 3674 terram

531 3707 784 3764 fundavit
823 3716 877 3764 et
922 3708 1120 3773 eﬁeeit,
1172 3719 1233 3764 ut
1285 3724 1445 3765 secus
1480 3707 1764 3763 ﬂuminum
1808 3708 2102 3764 decursum

531 3801 734 3872 Optime
761 3787 1026 3855 coilocata
1048 3807 1212 3857 esset.
1243 3799 1414 3866 Quam
1445 3808 1625 3855 autem
1662 3799 1735 3855 ob
1759 3814 1979 3855 causam
2006 3800 2104 3854 ad-

530 3891 701 3957 venit,
746 3891 854 3947 nisi
883 3898 942 3946 ut
971 3899 1025 3947 te
1054 3906 1121 3947 ex
1146 3891 1358 3962 peccati
1396 3876 1660 3960 voragine
1698 3889 2009 3954 liberatum,
2049 3897 2104 3945 et

531 3982 687 4054 regni
712 3997 962 4049 currum,
1023 3982 1078 4037 id
1110 3991 1217 4049 est,
1268 3981 1490 4036 virtutis
1539 3980 1850 4038 institutum
1894 3981 1952 4034 in
1985 3980 2108 4051 ipso

533 4089 767 4130 ascensu
799 4073 1168 4138 adhibentem,
1203 4075 1257 4126 in
1290 4081 1530 4128 montem
1560 4069 2112 4141 adducereti‘Neque

3081 1791 3171 1843 ὅτι
3213 1790 3296 1844 σὺ
3336 1791 3465 1858 μετ’
3507 1787 3655 1857 ἐμοῦ
3700 1785 3776 1841 εἶ.

2204 1881 2357 1936 Μετά
2397 1880 2570 1935 ταῦτα
2608 1880 2998 1952 παρακαλέσας
3041 1882 3108 1951 τῇ
3156 1879 3430 1950 βακτηρίᾳ⁵
3463 1881 3560 1933 τοῦ
3607 1879 3780 1934 Ilsz-

2207 1989 2407 2046 ματοςλο
2454 1973 2484 2025 ό
2530 1972 2640 2044 γὰρ
2682 1972 3031 2044 παράκλητος
3075 1971 3136 2024 τὸ
3195 1971 3421 2042 Πνεῦμά
3472 1973 3622 2026 ἐστι’
3678 1971 3780 2042 τὴν

2205 2064 2472 2136 μυστικὴν
2506 2063 2794 2135 προτίθησι
2833 2062 3135 2133 τράπεζαν,
3168 2062 3269 2134 τὴν
3303 2063 3365 2129 ἐξ
3406 2063 3645 2116 ἐναντίου
3678 2063 3781 2133 τῆς

2201 2155 2310 2208 τῶν
2335 2154 2600 2225 δαιμόνων
2633 2153 2909 2225 τραπέζης
2936 2153 3368 2226 ἐτοιμασθεῖσαν.
3404 2156 3636 2209 Ἐκεῖνοι
3668 2154 3787 2226 γὰρ

2199 2251 2341 2327 ἦσαν
2365 2256 2415 2309 οἱ
2437 2255 2524 2309 διὰ
2549 2254 2650 2325 τῆς
2675 2253 3118 2326 είδωλολατρείας
3145 2253 3245 2324 τὴν
3266 2249 3410 2322 ζωὴν
3437 2248 3546 2302 τῶν
3575 2245 3781 2318 ἀνθρώ-

2201 2363 2323 2400 πων
2349 2346 2719 2410 ὲκθλίϐοντες·
2752 2339 2828 2401 ὧν
2869 2345 2928 2412 ἐξ
2969 2345 3210 2400 ἐναντίου
3259 2343 3294 2414 ή
3326 2340 3423 2396 τοῦ
3465 2338 3783 2408 Πνεύματος

2201 2437 2466 2508 τράπεζα.
2512 2432 2645 2490 Εἶτα
2688 2437 2910 2508 μυρίζει
2937 2435 3043 2508 τὴν
3081 2433 3323 2505 κεφαλὴν
3361 2431 3440 2502 τῷ
3480 2430 3643 2501 ἐλαίῳ
3681 2427 3783 2482 τοῦ

2206 2529 2545 2600 Πνεύματος,
2573 2529 2671 2582 καὶ
2694 2529 2948 2600 προσθεὶς
2971 2527 3118 2599 αὐτῷ
3143 2522 3284 2580 οἶνον
3311 2525 3403 2578 τὸν
3422 2522 3522 2594 τὴν
3554 2520 3788 2592 καρδίαν

2203 2620 2582 2692 εὐφραίνοντα,
2626 2618 2728 2690 τήν
2768 2620 3044 2690 νήφουσαν
3085 2617 3303 2686 ἐκείνην
3345 2613 3515 2686 μέθην
3559 2612 3786 2682 ἐμποιεῖ

2203 2714 2268 2783 τῇ
2296 2711 2466 2783 ψυχῇ.
2491 2712 2692 2782 στήσας
2715 2712 2842 2775 τοὺς
2859 2709 3153 2781 λογισμοὺς
3172 2707 3281 2762 ἀπδ
3297 2705 3414 2759 τῶν
3428 2703 3780 2777 προσκαίρων

2203 2804 2342 2874 πρὸς
2355 2802 2417 2856 τὸ
2440 2803 2610 2858 ἀΐδιον
2624 2817 2640 2834 ⁸
2661 2805 2690 2856 6
2707 2802 2816 2872 γὰρ
2836 2802 2938 2872 τῆς
2955 2799 3210 2871 τοιαύτης
3229 2798 3562 2868 γευσάμενος
3584 2793 3790 2865 μέθης,

2203 2889 2541 2960 διαμείϐεται
2580 2888 2677 2944 τοῦ
2715 2889 3006 2961 ῶκυμόρου
3044 2889 3106 2942 τὸ
3148 2885 3523 2955 ἀτελεύτητον.
3553 2884 3633 2946 είς
3680 2898 3787 2952 μα-

2205 2981 2444 3052 κρότητα
2472 2981 2697 3053 ήμερῶν
2746 2980 2843 3051 τὴν
2868 2981 2926 3033 ἐν
2955 2979 3033 3051 τῷ
3057 2979 3193 3050 οῖκῳ
3213 2977 3307 3032 τοῦ
3336 2975 3472 3031 Θεοῦ
3499 2971 3792 3043 διαγωγήν

2209 3071 2569 3142 παρατείνων.
2617 3069 2854 3126 Τοιαῦτα
2896 3072 3027 3142 ἡμῖν
3062 3072 3120 3123 ὲν
3160 3067 3238 3140 τῷ
3277 3069 3358 3122 ἑνὶ
3399 3067 3508 3120 τῶν
3547 3063 3789 3136 ψαλμῶν

2206 3163 2589 3236 χαρισάμενος,
2617 3163 2753 3236 πρὸς
2793 3162 3012 3232 μείζονα
3038 3161 3134 3214 καὶ
3161 3158 3492 3230 τελεωτέραν
3517 3154 3783 3228 εὐφροσύ-

2207 3272 2306 3325 νην
2326 3255 2384 3311 iv
2407 3254 2484 3324 τῷ
2505 3253 2632 3326 ἑξῆς
2664 3253 2864 3325 ψαλμῷ
2894 3253 2992 3324 τὴν
3025 3251 3204 3324 ψυχὴν
3229 3251 3539 3322 ἑπεγείρει’
3570 3249 3689 3311 καὶ,
3727 3248 3791 3302 εἰ

2206 3346 2372 3413 δοκεῖ,
2421 3347 2516 3401 καὶ
2553 3344 2744 3400 τούτου
2786 3345 2887 3417 τήν
2926 3345 3164 3400 διάνοιαν
3205 3345 3336 3415 ὑμῖν
3383 3338 3778 3414 παραϐώμεθα,

2206 3437 2273 3491 δι’
2301 3437 2497 3507 ὀλίγων
2537 3438 2937 3508 ὲπιτεμόμενοι.
2977 3437 3087 3492 Τοῦ
3121 3437 3339 3506 Κυρίου
3377 3437 3416 3504 ἠ
3464 3434 3540 3506 γῆ
3582 3433 3680 3488 καὶ
3709 3433 3779 3486 τὸ

2209 3529 2498 3599 πλήρωμα
2523 3527 2735 3598 αὐτῆς.
2764 3529 2830 3582 Τί
2858 3524 2951 3584 οὖν
2994 3527 3195 3600 ξενίζῃ,
3239 3521 3285 3581 ὦ
3325 3526 3600 3598 άνθρωπε,
3644 3525 3694 3578 εἰ
3748 3523 3790 3575 δ

2209 3621 2340 3684 Θεὸς
2362 3619 2518 3691 ήμῶν
2542 3620 2635 3673 ἐπὶ
2654 3620 2756 3692 γῆς
2778 3618 2954 3690 ὤφθη,
2983 3618 3211 3680 καὶτοῖς
3256 3615 3564 3688 ἀνθρώποις
3589 3631 3782 3669 συναν-

2209 3713 2488 3783 εστράφη;
2509 3711 2716 3782 κτίσμα
2735 3710 2851 3781 γὰρ
2865 3710 3074 3764 ἐκείνου
3090 3711 3123 3779 ἡ
3143 3709 3239 3778 γῆ,
3266 3707 3402 3762 διότι
3424 3705 3520 3760 καὶ
3545 3705 3784 3775 ποίημα.

2210 3802 2420 3858 Οὐκοῦν
2474 3803 2628 3856 οὐδὲν
2674 3802 2882 3868 καινὸν,
2925 3801 3044 3855 οὐδὲ
3091 3800 3195 3865 ἔξω
3240 3799 3334 3854 τοῦ
3373 3798 3691 3871 πρέποντος,
3717 3796 3784 3849 τὸ

2210 3897 2291 3959 είς
2314 3895 2382 3949 τά
2408 3895 2514 3948 ι’δια
2544 3894 2716 3949 ἐλθεῖν
2746 3895 2838 3948 τὸν
2864 3891 3162 3962 Δεσπότην·
3192 3892 3256 3945 οὐ
3296 3890 3405 3962 γάρ
3431 3891 3490 3943 ὲν
3516 3886 3788 3958 ἀλλοτρίῳ

2210 3989 2415 4056 γίνεται
2468 3987 2676 4057 κόσμῳ,
2725 3986 2839 4039 ἀλλ’
2877 3985 2936 4039 ὃν
2986 3984 3147 4048 αύτδς
3185 3983 3571 4054 συνεστήσατο,
3611 3981 3641 4032 6
3686 3979 3786 4032 ἐπὶ

2211 4077 2494 4134 θαλασσῶν
2542 4076 2875 4146 θεμελιώσας
2921 4076 3018 4149 τὴν
3063 4077 3185 4148 γῆν,
3217 4075 3310 4129 καὶ
3352 4073 3488 4146 πρὸς
3531 4070 3632 4142 τὴν
3671 4067 3791 4123 τῶν

535 4166 679 4222 enim
707 4165 835 4222 licet
865 4167 920 4221 in
951 4173 1191 4222 montem
1241 4165 1394 4218 illum
1426 4161 1747 4225 ascendere,
1783 4162 1890 4217 nisi
1932 4162 2105 4216 virtu-

2213 4167 2472 4238 ποταμῶν
2509 4167 2676 4220 δίοδον
2699 4165 2915 4220 εὔθετον
2952 4165 3121 4237 αὐτὴν
3159 4161 3300 4219 εἶναι
3328 4160 3778 4234 παρασκευάσας.

534 4263 622 4313 tes
652 4255 751 4311 tibi
783 4256 1011 4312 comites
1061 4253 1400 4324 adjunxeris,
1449 4261 1506 4309 et
1553 4252 1818 4309 innocens
1847 4251 2106 4308 manibus

2223 4260 2392 4332 Ὑπὲρ
2419 4259 2560 4324 τίνος
2584 4255 2676 4315 οὖν
2701 4261 2734 4328 ή
2771 4258 3074 4330 παρουσία;
3109 4259 3224 4311 Ἵνα
3250 4273 3310 4310 σε
3347 4255 3458 4310 τῶν
3492 4251 3789 4325 βαράθρων

534 4347 728 4413 tueris,
783 4355 838 4402 et
874 4346 1028 4402 nullo
1059 4346 1266 4402 scelere
1298 4346 1708 4416 coinquinatus,
1763 4343 1859 4400 sed
1899 4343 2104 4399 mundo

2211 4351 2310 4423 τῆς
2337 4350 2610 4422 ἁμαρτίας
2642 4348 2908 4417 ἐκϐαλὼν,
2931 4348 3026 4401 ἐπὶ
3043 4347 3245 4420 τὸλὸρος
3267 4346 3469 4418 ἀγάγῃ,
3507 4342 3783 4416 βασιλείας

534 4439 700 4495 corde
743 4438 812 4494 ad
859 4437 1064 4492 nullam
1099 4437 1394 4510 vanitatem
1450 4436 1696 4491 animum
1733 4444 1889 4490 tuum
1931 4435 2106 4504 appli-

2207 4443 2443 4515 ὀχήματι
2487 4443 2625 4514 πρὸς
2663 4443 2761 4514 τὴν
2805 4440 2988 4494 ἄνοδον
3033 4443 3101 4512 τῇ
3147 4439 3267 4494 κατ’
3304 4437 3505 4512 ἀρετὴν
3541 4434 3787 4505 πολιτείᾳ

535 4531 739 4592 eueris,
783 4543 884 4586 nec
915 4528 1046 4584 dolo
1066 4528 1375 4598 proximum
1415 4535 1568 4583 tuum
1607 4525 1907 4596 deceperis.
1938 4525 2106 4582 Istius

2213 4535 2574 4606 χρησάμενον.
2637 4534 2713 4588 οὺ
2771 4531 2880 4603 γὰρ
2923 4531 3068 4586 ἐστιν
3117 4531 3358 4586 ἀνελθεῖν
3409 4529 3504 4583 ἐπὶ
3547 4527 3610 4581 τὸ
3655 4527 3787 4598 ὅρος

507 4635 802 4677 .aseensus
834 4620 1118 4693 praemium
1161 4628 1247 4676 ost
1277 4619 1603 4685 benedictio,
1638 4619 1769 4674 huic
1812 4618 2104 4690 repositam

2214 4623 2409 4685 ἐκεῖνο,
2459 4623 2508 4676 εί
2553 4622 2627 4694 μὴ
2667 4623 2791 4686 ταῖς
2833 4622 3056 4694 ἀρεταῖς
3104 4619 3473 4676 συνοδεύσειεο
3516 4618 3635 4682 ταῖς
3683 4615 3786 4687 μὲν

471 4756 478 4763 .
535 4707 683 4765 Deus
733 4707 1168 4766 misericordiam
1220 4708 1469 4780 largitur.
1531 4708 1662 4764 Haec
1713 4717 1790 4763 est
1840 4710 2106 4780 generatio

2213 4713 2400 4785 χερσὶν
2436 4713 2610 4778 ἀθῶος
2633 4711 2941 4782 γενόμενος,
2972 4711 3067 4766 καὶ
3091 4711 3329 4784 μηδεμιᾷ
3353 4709 3567 4781 πονηρᾷ
3587 4704 3784 4778 πράξει

535 4801 884 4872 qum-entiam
911 4817 1052 4867 eum,
1088 4814 1187 4871 per
1207 4799 1464 4856 virtutem
1491 4800 1545 4855 in
1583 4799 1817 4856 sublime
1843 4814 2106 4857 conscen-

2215 4800 2573 4874 ρυπούμενος,
2609 4801 2846 4873 καθαρὸς
2880 4801 2937 4856 δὲ
2963 4804 3030 4872 τῇ
3060 4800 3279 4874 καρδίᾳ,
3325 4800 3462 4872 πρὸς
3497 4797 3651 4854 οὐδὲν
3677 4796 3784 4869 μά-

512 4891 806 4956 ,ἁεηῑίυιη,
841 4899 891 4946 et
912 4891 1258 4961 querentium
1291 4889 1484 4958 facient
1518 4889 1616 4945 Dei
1653 4889 1842 4944 Iacob.

2213 4907 2364 4946 ταιον
2403 4892 2502 4966 τὴν
2537 4891 2713 4963 ψυχὴν
2742 4890 2936 4946 ἑαυτοῦ
2973 4891 3174 4963 φέρων,
3219 4890 3355 4962 μηδέ
3375 4906 3498 4945 τινα
3521 4888 3671 4942 δόλον
3704 4885 3785 4957 τῷ

538 4981 765 5052 πλησίον
808 4982 1226 5056 ἐξαρτυόμενος,
1247 4981 1463 5052 Ταύτης
1495 4983 1592 5053 τῆς
1629 4981 1943 5046 ἀναϐάσεως
1972 4979 2203 5036 ἐπαθλόν
2230 4982 2379 5038 ἐστιν
2438 4986 2472 5055 ή
2505 4983 2758 5052 εὐλογίαν
2824 4983 2997 5054 τούτῳ
3032 4983 3217 5037 δίδωσι
3277 4982 3377 5053 τὴν
3413 4978 3784 5049 ἀποκειμένην

536 5074 904 5144 ἐλεημοσύνην
923 5076 952 5128 6
971 5073 1193 5146 Κύριοςο
1215 5074 1375 5142 Αὕτη
1395 5074 1567 5128 ἐστὶν
1585 5076 1624 5144 ἠ
1645 5075 1760 5128 τῶν
1779 5073 2108 5143 ζητούντων
2143 5075 2330 5129 αὐτὸν
2357 5075 2550 5146 γενεὰ,
2576 5077 2685 5130 τῶν
2724 5076 2789 5130 δι’
2822 5077 3023 5148 ἀρετῆς
3056 5077 3192 5147 πρὸς
3262 5073 3396 5145 ὕψος
3467 5070 3786 5128 ἀναϐαινόν-

538 5183 668 5226 των.
692 5167 789 5220 καὶ
818 5165 1154 5235 ζητούντων
1186 5167 1253 5220 τὸ
1281 5166 1604 5235 πρόσωπον
1633 5167 1740 5222 τοῦ
1767 5166 1916 5221 Θεοῦ
1963 5166 2178 5220 Ἰακώϐ.

512 5289 520 5311 -.
609 5260 852 5333 Hujusce
880 5261 1079 5332 psalmi
1111 5275 1239 5331 pars
1268 5261 1479 5332 reliqua
1511 5260 1749 5317 forsitan
1796 5260 2108 5330 evangelica

538 5351 704 5406 etiam
733 5366 869 5408 voce
895 5351 1256 5422 doctrinaque
1289 5351 1577 5408 sublimior
1621 5358 1728 5408 est.
1756 5349 1892 5405 Nam
1927 5351 2108 5407 Evan-

540 5441 740 5512 gelium
798 5440 1015 5498 Domini
1075 5443 1526 5516 consuetudinem
1585 5449 1638 5498 et
1692 5441 1883 5506 vitam,
1945 5454 2106 5511 quam

2216 5435 2324 5505 γάρ
2357 5431 2714 5500 Εὐαγγέλιον,
2747 5433 2843 5505 τὴν
2877 5434 2969 5486 ἐπὶ
2991 5433 3092 5517 γῇς
3127 5431 3230 5486 τοῦ
3257 5430 3457 5501 Κυρίου
3483 5427 3778 5517 διαγωγὴν,

539 5533 654 5607 egit
680 5533 735 5588 in
764 5541 933 5600 terra,
962 5541 1018 5590 et
1045 5535 1166 5606 ejus
1199 5514 1431 5593 reditum
1462 5535 1516 5590 in
1541 5535 1744 5592 calum
1773 5542 1981 5589 narrat.
2014 5531 2106 5590 Hic

2218 5529 2312 5582 καὶ
2343 5524 2439 5596 τὴν
2475 5525 2818 5596 ἀναστροφὴν
2847 5513 3156 5596 διηγήσατο.
3214 5524 3274 5579 '0
3304 5521 3362 5578 δὲ
3393 5519 3594 5592 ὑψηλὸς
3629 5513 3788 5588 οὗτος

2285 5254 2358 5307 Τὸ
2387 5252 2443 5306 δὲ
2480 5251 2674 5322 ἐφεξῆς
2701 5253 2800 5324 τῆς
2830 5253 3168 5324 ψαλμῳδίας,
3196 5252 3290 5318 καὶ
3317 5251 3488 5322 αὐτῆς
3515 5251 3656 5320 τάχα
3683 5247 3782 5319 τῆς

2215 5343 2573 5414 εὑαγγελικῆς
2613 5344 2958 5408 διδασκαλίας
2998 5347 3146 5398 ἐστὶν
3184 5344 3533 5415 ὑψηλότερον.
3569 5343 3643 5396 Τὸ
3681 5341 3782 5412 μὶν

617 5709 808 5772 Ῥθδίι.
833 5709 1021 5778 “11,1
1055 5727 1176 5788 sqq.
1255 5711 1296 5744 ¹⁶
1336 5708 1638 5794 halant,
1669 5709 1721 5768 4.
1798 5713 1816 5743 ²
1851 5709 2002 5769 [‘sal.
2025 5725 2106 5770 cu:

2205 5708 2255 5764 5.
2337 5707 2359 5740 ³
2385 5706 2533 5764 Psal.
2561 5719 2722 5770 nul,
2753 5703 2779 5760 ι
2812 5718 2932 5778 sqq.
