4154 6354
375 311 481 369 693

1509 309 1577 365 IN
1613 308 1890 367 CHRISTI
1916 304 2422 368 ASCENSIONEM.

3527 306 3636 365 696

380 426 688 497 προφήτης,
718 422 887 488 ἐκϐὰς
918 422 1081 488 αὐτὸς
1116 423 1326 491 ἐαυτὸν,
1356 425 1433 490 ὡς
1462 426 1528 480 ἂν
1559 428 1634 498 μὴ
1655 426 1952 498 ’βαρύνοιτο

2076 438 2233 486 xulem
2251 444 2502 486 οιοειειιε
2526 427 2796 501 Propheta
2816 442 2983 501 supra
3014 442 3074 486 se
3092 427 3273 501 ipsum
3312 426 3631 499 egrediens,

380 517 458 589 τῷ
507 517 743 587 ἐφολκίῳ
788 514 883 569 τοῦ
932 516 1204 588 σώματος,
1259 518 1353 571 καὶ
1400 520 1521 582 ταῖς
1565 519 1956 590 ύπερκοσμίοις

380 608 674 680 δυνάμεσιν
714 608 906 663 ἐαυτὸν
939 608 1278 679 καταμίξας,
1303 609 1403 673 τὰς
1437 608 1661 663 ἐκείνων
1691 611 1822 681 ἡμῖν
1846 628 1960 680 φω-

384 699 478 759 νὰς
511 698 875 772 διεξέρχεται,
901 700 991 752 ὅτε
1021 699 1508 770 προπομπεύουσαι
1547 698 1642 754 τοῦ
1689 701 1958 755 Δεσπότου

386 790 479 842 ἐπὶ
504 788 601 861 τὴν
631 788 878 854 κάθοδον,
899 788 1200 861 ἐπαρθῆναι
1230 790 1510 846 κελεύουσι
1531 792 1640 845 τῶν
1668 793 1960 862 περιγείων

386 879 654 948 ἀγγέλων,
672 877 781 932 τῶν
804 878 905 949 τὴν
933 878 1279 952 ἀνθρωπίνην
1310 880 1457 951 ζωὴν
1489 882 1961 953 πεπιστευμένων,

388 970 487 1033 τὰς
512 970 769 1036 εἰσόδους,
796 969 1074 1039 λέγουσαι⁸
1106 972 1310 1039 Ἄρατε
1334 973 1556 1039 πύλας,
1573 974 1628 1026 οἱ
1651 972 1961 1041 ἄρχοντες,

388 1062 576 1131 ὑμῶν,
608 1062 706 1116 καί
732 1061 1047 1130 ἐπάρθητε,
1081 1064 1265 1116 πύλαι
1293 1064 1535 1130 aitEn-tor,
1568 1063 1669 1118 καὶ
1698 1065 1965 1118 εἰσελεύ-

389 1168 561 1207 σεται
590 1157 623 1207 ό
656 1153 955 1220 Βασιλεὺς
989 1151 1099 1223 τῆς
1125 1153 1332 1220 δόξης.
1364 1154 1474 1208 Καὶ
1503 1153 1687 1226 ἐπειδὴ
1717 1157 1797 1218 είς
1833 1154 1862 1207 ὃ
1896 1154 1963 1208 ἂν

392 1245 617 1315 γένηται
640 1247 670 1298 6
693 1245 754 1298 τὸ
772 1246 879 1317 πᾶν
904 1247 962 1299 ἐν
987 1245 1166 1315 ἐαυτῷ
1190 1245 1479 1317 περιέχων,
1513 1246 1824 1317 σύμμετρον
1847 1248 1966 1299 ἐαυ-

392 1336 485 1388 τὸν
514 1335 592 1406 τῷ
619 1336 889 1408 δεχομένῳ
922 1339 1099 1390 ποιεῖ’
1125 1337 1186 1390 οὐ
1231 1336 1340 1407 γάρ
1385 1338 1544 1408 μόνον
1575 1339 1633 1390 ἐν
1659 1336 1963 1408 ἀνθρώποις

394 1428 677 1499 ἄνθρωπος
708 1428 937 1496 γίνεται,
967 1427 1102 1481 ἁλλά
1158 1428 1298 1481 κατά
1326 1428 1388 1480 τὸ
1416 1428 1705 1482 ἀκόλουθον
1750 1429 1967 1490 πάντως

394 1518 489 1573 καὶ
528 1522 586 1572 ἐν
615 1519 865 1587 ἀγγέλοις
896 1520 1196 1589 γινόμενος,
1235 1518 1371 1591 πρὸς
1407 1520 1509 1589 τὴν
1539 1520 1763 1573 ἐκείνων
1804 1521 1965 1588 φύσιν

397 1610 588 1664 ἐαυτὸν
619 1610 955 1678 συγκατάγει
977 1627 990 1639 ·
1019 1610 1114 1664 διὰ
1140 1609 1298 1663 τοῦτο
1328 1610 1619 1683 χρῄζουσιν
1648 1612 1699 1664 oi
1727 1610 1966 1681 πυλωροὶ

397 1702 489 1754 τοῦ
507 1701 828 1765 δεικνύντος·
859 1702 954 1767 Τίς
978 1702 1148 1755 ἐστιν
1171 1696 1348 1767 οὗτος
1372 1706 1405 1756 ὁ
1425 1703 1725 1769 Βασιλεὺς
1750 1700 1858 1769 τῆς
1873 1701 1968 1754 δό-

2059 530 2318 590 tanquam
2350 520 2600 589 corporis
2647 531 2816 574 onere
2848 518 2985 574 nihil
3019 527 3319 591 prematur,
3376 517 3542 573 infert
3577 532 3636 573 se

2059 609 2375 665 caelestibus
2412 610 2793 681 potestatibus,
2839 620 2894 665 et
2923 625 3087 667 voces
3116 625 3305 667 earum
3349 610 3507 665 nobis
3540 625 3637 665 ex-

2060 698 2233 768 ponit,
2286 713 2413 753 cum
2465 699 2519 754 in
2553 699 2753 757 cmlum
2806 700 3122 756 redeuntem
3173 698 3464 755 Dominum
3505 700 3639 770 ipsae

2060 792 2408 859 comitantes,
2456 793 2685 864 angelis,
2737 793 2832 863 qui
2870 800 3161 848 versantur
3192 792 3247 847 in
3297 792 3484 859 terris,
3514 793 3639 863 qui-

2060 883 2273 953 busque
2323 884 2379 937 in
2432 882 2727 938 humanam
2758 884 2926 939 vitam
2976 884 3261 956 ingressus
3305 886 3637 943 commissus

2061 980 2165 1037 est,
2234 973 2505 1043 imperant
2553 975 2619 1027 ad
2664 973 2811 1028 hunc
2863 972 3084 1028 modum
3124 989 3141 1027 :
3189 973 3379 1028 Tollite
3432 983 3636 1042 portas,

2060 1064 2342 1133 principes,
2378 1074 2598 1127 vestras,
2637 1070 2686 1117 et
2727 1063 3023 1128 elevamini,
3061 1073 3230 1132 porta:
3259 1064 3558 1130 a’ternales,
3588 1074 3639 1118 σε

2062 1153 2304 1208 introibit
2336 1153 2445 1208 Rea:
2474 1155 2681 1225 gloriae.
2723 1154 2787 1209 Et
2814 1155 3095 1225 quoniam,
3122 1156 3433 1227 ubicunque
3480 1155 3641 1211 fuerit

2066 1246 2175 1313 ille,
2212 1246 2305 1316 qui
2338 1247 2391 1301 in
2426 1247 2609 1317 seipso
2653 1248 2836 1302 omnia
2870 1248 3135 1313 continet,
3186 1262 3286 1319 pro
3338 1248 3642 1318 suscipien-

2065 1337 2197 1391 tium
2234 1347 2397 1407 captu
2427 1352 2486 1393 se
2517 1339 2696 1408 ipsum
2726 1337 3047 1404 dimetitur;
3084 1352 3261 1409 neque
3292 1338 3437 1393 enim
3463 1339 3638 1393 solum

2066 1429 2209 1484 inter
2234 1429 2485 1483 homines
2534 1429 2696 1484 homo
2748 1429 2828 1492 lit,
2884 1430 3262 1493 verumetiam,
3317 1428 3445 1483 dum
3502 1428 3644 1484 inter

2066 1520 2287 1589 angelos
2318 1529 2586 1584 versatur,
2634 1519 2702 1573 ad
2747 1520 2962 1574 illorum
3002 1526 3253 1574 naturam
3285 1535 3408 1575 sese
3443 1520 3642 1575 demit-

2068 1611 2171 1666 tit:
2204 1611 2409 1666 idcirco
2441 1618 2751 1665 narrantem
2792 1610 3054 1681 ianitores
3079 1611 3454 1683 interrogant:
3510 1610 3641 1677 Qui:

2065 1713 2140 1757 est
2173 1704 2273 1757 iste
2300 1702 2411 1757 Rea:
2442 1703 2668 1774 glorice?
2699 1701 3054 1773 Respondent
3084 1692 3218 1772 ipsis
3242 1702 3647 1758 demonstrant-

395 1796 547 1861 ξης;
582 1787 657 1847 Oh
689 1794 849 1864 χάριν
880 1794 969 1847 τὸν
1007 1794 1265 1864 κραταιὸν
1308 1794 1488 1857 αὐτοῖς
1530 1794 1625 1847 καὶ
1655 1792 1880 1848 δυνατὸν
1907 1795 1969 1845 ἐν

2076 1810 2175 1865 que
2205 1794 2398 1849 fortem
2436 1773 2489 1849 et
2526 1801 2800 1864 potentem
2830 1794 2885 1848 in
2920 1794 3133 1863 proelio,
3182 1793 3275 1863 qui
3308 1797 3647 1862 pugnaturus

400 1885 620 1955 πολέμῳ
645 1884 1070 1949 ὑποδεικνύουσι,
1092 1884 1182 1937 τὸν
1209 1884 1469 1953 μέλλοντα
1498 1885 1635 1953 πρὸς
1657 1885 1747 1937 τὸν
1770 1885 1970 1954 αίχμα-

399 1972 699 2025 λωτίσαντα
729 1972 826 2041 τὴν
874 1971 1217 2043 ἀνθρωπίνην
1241 1971 1402 2041 φύσιν
1428 1972 1854 2043 συμπλέκεσθαι,
1878 1974 1972 2025 καὶ

400 2060 688 2114 καταλύειν
730 2060 822 2113 τὸν
866 2059 1056 2131 ἔχοντα
1104 2061 1200 2114 τοῦ
1252 2061 1482 2115 θανάτου
1520 2063 1580 2116 τὸ
1616 2063 1845 2134 κράτος·
1888 2064 1976 2117 ἵνα

399 2149 492 2202 τοῦ
523 2151 750 2221 ἐσχάτου
782 2150 979 2221 ἐχθροῦ
1004 2150 1411 2219 ἀφανισθέντος,
1455 2154 1537 2215 είς
1574 2151 1885 2222 ἐλευθερίαν
1913 2169 1973 2205 τε

402 2242 497 2293 καὶ
527 2242 749 2311 εἰρήνην
775 2240 1050 2312 ἀνακληθῇ
1082 2241 1143 2294 τὸ
1174 2242 1530 2313 ἀνθρώπινον.
1573 2243 1743 2297 Πάλιν
1767 2243 1971 2313 διεξέρ-

404 2350 557 2402 χεται
581 2333 679 2397 τὰς
706 2333 896 2403 ὁμοίας
923 2333 1127 2401 φωνάς’
1161 2333 1514 2405 πεπλήρωται
1535 2334 1642 2405 γάρ
1667 2335 1766 2405 ἡδη
1792 2336 1855 2388 τὸ
1879 2335 1975 2388 τοῦ

405 2426 635 2479 θανάτου
676 2427 972 2496 μυστήριον
994 2464 1010 2490 ,
1044 2425 1140 2479 καὶ
1171 2425 1525 2496 κατώρθωται
1563 2427 1702 2479 κατὰ
1739 2427 1847 2480 τῶν
1886 2444 1978 2480 πο-

404 2515 607 2585 λεμίων
652 2517 685 2585 ἡ
721 2513 842 2584 νίκη
864 2555 880 2579 ,
916 2514 1011 2568 καὶ
1042 2516 1339 2587 ἐγήγερται
1377 2515 1438 2569 τὸ
1476 2518 1596 2569 κατ’
1635 2515 1814 2571 αὐτῶν
1854 2517 1977 2587 τρό-

407 2623 565 2658 παιον
588 2608 616 2658 6
641 2604 890 2675 σταυρός·
919 2606 1027 2658 Καὶ
1052 2606 1239 2659 πάλιν
1260 2606 1442 2674 ἀνέϐη
1464 2608 1551 2672 είς
1570 2608 1748 2675 ὕψος,
1766 2610 1979 2678 aluta-

409 2695 680 2748 λωτεύων
706 2693 821 2761 τὴν
854 2696 912 2747 al
916 2695 1290 2762 χμιιλωσιαν,
1322 2697 1351 2748 6
1376 2696 1498 2759 δοὺς
1517 2697 1616 2767 τὴν
1640 2697 1786 2769 ζωήν
1804 2716 1864 2751 τε
1887 2699 1981 2753 καὶ

410 2787 506 2855 τὴν
536 2784 842 2854 βασιλείαν,
872 2784 939 2837 τά
972 2783 1151 2853 ἀγαθά
1176 2784 1348 2839 ταῦτα
1388 2786 1594 2856 δόματα
1620 2790 1732 2852 τοῖς
1772 2789 1981 2860 ἀνθρώ-

412 2894 551 2940 ποις.
600 2877 709 2931 Καὶ
755 2878 837 2931 δεῖ
880 2876 1039 2929 πάλιν
1082 2875 1392 2945 ἀνοιχθῆναι
1438 2878 1534 2941 τὰς
1582 2879 1983 2950 ὑπερκειμένας

2070 1896 2187 1941 crat
2215 1893 2405 1940 contra
2434 1886 2610 1949 illum,
2643 1886 2736 1956 qui
2780 1895 3031 1940 naturam
3067 1886 3361 1940 humanam
3392 1884 3447 1939 in
3477 1884 3651 1940 servi-

2073 1982 2189 2030 tute
2249 1976 2517 2045 captivam
2573 1974 2868 2036 detinebat,
2929 1982 2985 2029 et
3034 1989 3327 2030 eversurus
3375 1988 3499 2028 eum
3554 1973 3648 2042 qui

2072 2065 2266 2121 mortis
2317 2067 2553 2121 habebat
2611 2066 2966 2137 imperium‘,
3026 2072 3086 2119 ut
3119 2063 3443 2136 gravissimo
3493 2062 3651 2118 hoste

2073 2166 2352 2227 superato,
2402 2170 2575 2225 genus
2610 2156 2891 2211 hominum
2925 2157 2978 2210 in
3021 2155 3326 2211 libertatem
3376 2162 3431 2207 et
3459 2168 3650 2223 pacem

2074 2247 2398 2304 vindicaret.
2435 2245 2674 2302 Rursum
2714 2247 2911 2313 repetit
2939 2246 3159 2303 easdem
3186 2259 3368 2301 voces.
3399 2244 3655 2313 Comple-

2078 2347 2192 2395 tum
2225 2339 2370 2393 enim
2394 2339 2508 2407 jam
2531 2346 2616 2394 est
2644 2339 2837 2393 mortis
2866 2337 3208 2408 mysterium,
3243 2343 3300 2392 et
3322 2335 3552 2391 victoria
3581 2334 3651 2390 de

2078 2432 2335 2488 hostibus
2356 2442 2649 2501 reportata,
2678 2440 2731 2487 et
2750 2439 2941 2487 contra
2968 2433 3120 2500 ipsos
3151 2431 3447 2486 excitatum
3472 2420 3656 2483 crucis

2080 2533 2361 2590 Iropzrum.
2408 2522 2652 2590 Aspendii
2689 2524 2742 2577 in
2767 2523 2955 2586 altum,
2990 2523 3251 2591 captivam
3267 2522 3462 2575 ducens
3483 2522 3656 2587 capti-

2080 2617 2295 2693 vitatem
2311 2615 2352 2679 ',
2371 2615 2465 2685 qui
2485 2615 2672 2678 vitam,
2685 2621 2741 2669 et
2762 2628 3012 2683 regnum,
3030 2620 3085 2667 et
3102 2612 3367 2682 praeclara
3386 2611 3501 2665 haec
3515 2610 3656 2665 dona

2082 2703 2398 2759 hominibus
2420 2702 2633 2758 tribuit.
2654 2702 2926 2773 Imposita:
2949 2702 3030 2755 illi
3054 2715 3249 2756 rursus
3271 2697 3660 2769 patefacienda:
3742 2750 3763 2767 .

2082 2803 2209 2849 sunt
2247 2802 2434 2863 portae.
2466 2794 2778 2849 Occurrunt
2813 2794 2863 2847 ei
2907 2792 3082 2847 nostri
3129 2791 3403 2855 custodes,
3440 2798 3493 2843 et
3524 2803 3654 2858 por-

2084 2892 2169 2938 tas
2189 2884 2383 2954 jubent
2410 2884 2638 2950 recludi,
2668 2892 2727 2937 ut
2756 2885 2812 2937 in
2839 2884 2973 2953 ipsis
2995 2898 3212 2937 rursum
3239 2880 3469 2951 gloriam
3504 2894 3659 2934 asse-

414 2965 586 3029 πύλας
624 2966 793 3036 αὐτῷ.
842 2966 1459 3036 Ἀντιμεταλαμὸάνουσι
1506 2968 1605 3038 τὴν
1651 2970 1976 3041 προπομπὴν

2085 2983 2304 3044 quatur.
2343 2974 2544 3030 Verum
2592 2991 2699 3031 non
2729 2981 3029 3046 agnoscunt
3054 2988 3201 3035 eum,
3249 2972 3343 3041 qui
3382 2968 3658 3024 sordidam

408 3060 462 3111 οἱ
493 3058 748 3129 ἡμέτεροι
772 3057 1029 3127 φύλακες,
1063 3059 1158 3112 καὶ
1187 3058 1497 3134 ἀνοιχθῆναι
1524 3061 1670 3131 αὐτῷ
1691 3061 1790 3125 τὰς
1816 3063 1976 3133 ὑπερ⁴

2089 3062 2213 3117 vita:
2261 3071 2465 3117 nostra:
2493 3065 2687 3117 stolam
2723 3062 2948 3118 indutus
2974 3068 3080 3125 est,
3130 3060 3290 3128 cujus
3335 3059 3500 3113 rubra
3533 3066 3663 3113 sunt

414 3150 673 3221 κειμένας
698 3151 868 3212 πύλας
903 3149 1385 3219 παρακελεύονται,
1410 3151 1494 3204 ἵνα
1524 3151 1685 3206 πάλιν
1708 3153 1767 3205 ἐν
1796 3153 1976 3217 αὑταῖς

2091 3152 2416 3209 vestimenta
2466 3170 2530 3208 ex
2588 3153 2950 3207 humanorum
3009 3151 3276 3205 malorum
3329 3148 3659 3204 torculari‘.

418 3240 666 3311 δοξασθῇ.
711 3240 847 3293 Ἀλλ’
880 3241 1152 3309 ἀγνοεῖται
1184 3242 1212 3293 6
1242 3241 1341 3311 τὴν
1374 3242 1632 3312 ῥυπαρὰν
1672 3243 1862 3315 στολὴν
1892 3244 1976 3298 τοῦ

2088 3244 2275 3312 Itaque
2298 3257 2489 3298 rursus
2520 3242 2746 3297 comites
2767 3242 2888 3311 ejus
2926 3240 3152 3296 vocibus
3186 3239 3293 3294 illis
3330 3240 3662 3306 interrogau-

420 3333 687 3402 ἡμετέρου
731 3332 846 3400 βίου
893 3331 1339 3402 περιϐαλόμενος,
1375 3327 1436 3387 οὗ
1481 3333 1543 3386 τὸ
1588 3334 1840 3406 ἐρύθημα
1880 3336 1976 3389 τῶι

2089 3341 2199 3387 tur.
2242 3331 2372 3396 Quis
2406 3344 2482 3386 est
2510 3335 2609 3386 iste
2640 3331 2750 3386 Rex
2794 3331 3025 3401 gloriae?
3055 3328 3439 3399 Respondetur
3482 3334 3664 3381 autem

421 3423 653 3492 ἱματίων
684 3424 747 3475 ἐκ
784 3422 884 3491 τῆς
924 3422 1084 3492 ληνοῦ
1111 3423 1220 3476 τῶν
1264 3423 1621 3496 ἀνθρωπίνων
1654 3426 1859 3479 κακῶν.
1894 3427 1976 3479 Διά

2091 3439 2200 3479 non
2231 3424 2503 3493 ampliusc
2540 3424 2744 3489 Fortis,
2775 3432 2828 3477 et
2857 3432 3039 3491 potens
3082 3422 3134 3475 in
3169 3420 3353 3489 pra'lio
3376 3434 3394 3471 :
3426 3417 3523 3473 scd
3561 3415 3665 3471 Do-

423 3513 578 3565 τοῦτο
602 3515 728 3583 παρ’
758 3512 980 3567 ἐκείνων
1012 3516 1045 3585 ἡ
1075 3515 1460 3587 ἐρωτηματικὴ
1493 3516 1630 3587 αὕτη
1666 3519 1817 3588 φωνὴ
1856 3520 1976 3591 πρὸς

2092 3516 2274 3570 minus
2300 3516 2583 3577 virtutum,
2637 3515 2732 3585 qui
2782 3513 2971 3569 mundi
3006 3513 3368 3584 principatum
3410 3510 3664 3575 obtinuit,

424 3605 549 3668 τοὺς
585 3605 1069 3674 προπομπεύοντας
1112 3605 1343 3674 γίνεταισ
1386 3609 1482 3673 Τίς
1515 3607 1687 3661 ἐστιν
1729 3606 1906 3676 οὗτος
1955 3631 1976 3665 ‹

2089 3608 2185 3676 qui
2215 3606 2527 3661 summatim
2554 3606 2737 3678 omnia
2763 3606 2818 3660 in
2850 3620 2908 3661 se
2934 3605 3175 3674 collegit,
3206 3604 3299 3674 qui
3324 3604 3380 3657 in
3410 3602 3667 3656 omnibus

426 3696 723 3761 Βασιλεὺς
774 3694 882 3763 τῆς
919 3695 1133 3764 δόξης;
1167 3692 1320 3760 εἶτα,
1355 3700 1388 3768 ἡ
1430 3699 1634 3751 τούτων
1680 3701 1992 3771 ἀπόκρισις,

419 3786 631 3850 οὐκέτι,
659 3788 711 3838 '0
742 3786 1017 3854 κραταιὸς
1044 3788 1142 3840 καί
1167 3787 1423 3855 δυνατὸς
1448 3790 1519 3843 ἐν
1544 3791 1801 3860 πολέμῳ,
1836 3792 1992 3859 ἀλλά,

427 3878 632 3948 Κύριος
668 3878 775 3931 τῶν
820 3879 1119 3948 δυνάμεων,
1161 3881 1190 3931 6
1221 3879 1317 3933 τοῦ
1352 3882 1553 3945 παντὸς
1598 3882 1903 3954 ἐξημμένος
1934 3886 1996 3939 τὸ

396 4010 397 4013 η
430 3972 648 4041 κράτος,
688 3973 716 4024 6
740 3971 1221 4040 ἀνακεφαλαιώσας
1248 3972 1317 4025 τὰ
1350 3973 1524 4026 πάντα
1562 3975 1621 4026 ἐν
1651 3976 1846 4046 ἐαυτῷ,
1879 3979 1907 4030 6
1939 3979 1997 4031 ἐν

430 4064 564 4114 πᾶσι
596 4062 909 4131 πρωτεύων,
937 4064 966 4116 6
1007 4064 1086 4126 είς
1122 4063 1221 4134 τὴν
1259 4062 1481 4134 πρώτην
1510 4065 1685 4119 κτίσιν
1723 4068 1999 4121 ἀποκατα-

435 4155 635 4224 στήσας
659 4155 729 4207 τὰ
758 4155 933 4207 πάντα
953 4193 970 4219 ,
1002 4155 1162 4217 αὐτός
1186 4156 1331 4208 ἐστιν
1361 4157 1390 4209 6
1423 4156 1683 4221 Βασιλεὺς
1702 4158 1798 4228 τῆς
1819 4158 1996 4229 δόξης.

2095 3698 2301 3769 primas
2340 3705 2508 3761 tenet,
2555 3697 2647 3766 qui
2690 3697 2976 3766 pristinum
3015 3696 3069 3749 in
3117 3701 3318 3751 statum
3346 3702 3542 3747 cuncta
3576 3707 3665 3746 re-

2095 3791 2295 3853 stituit,
2328 3790 2444 3858 ipse
2468 3797 2553 3844 est
2583 3787 2693 3841 Rex
2723 3787 2927 3858 gloriae.
2963 3786 3223 3851 Cernitis,
3250 3784 3525 3855 quomodo
3556 3782 3669 3837 dul-

2095 3880 2299 3935 ciorem
2356 3881 2514 3935 nobis
2577 3879 2947 3934 celebritatem
3001 3876 3169 3931 David
3225 3874 3482 3938 ell'ecerit,
3540 3873 3669 3926 dum

2098 3968 2359 4025 Ecclesiae
2390 3969 2648 4024 hilaritati
2673 3968 2902 4037 gratiam
2927 3967 3196 4021 immiscet
3230 3978 3406 4020 suam.
3437 3961 3671 4017 Proinde

2100 4075 2200 4116 nos
2224 4061 2376 4122 item,
2405 4067 2666 4129 quantum
2696 4072 3009 4127 possumus,
3048 4055 3325 4110 imitemur
3346 4052 3671 4122 Prophetam

2100 4151 2154 4206 in
2189 4151 2455 4205 charilate
2490 4163 2616 4218 erga
2650 4147 2841 4212 Deum,
2875 4149 2928 4202 in
2960 4145 3380 4201 mansuetudine
3412 4145 3558 4208 vitae,
3614 4143 3671 4198 in

445 4250 637 4321 Ὁρᾶτε
669 4251 814 4315 ὅπως
857 4253 989 4322 ἡμῖν
1024 4252 1358 4323 γλυκυτέραν
1396 4252 1495 4322 τὴν
1535 4251 1727 4323 ἑορτήν
1767 4252 1797 4303 6
1837 4252 2001 4304 Δαϐὶδ

434 4341 837 4409 ἀπειργάσατο,
887 4341 1004 4413 τὴν,
1038 4342 1173 4395 ίδίαν
1218 4342 1376 4412 χάριν
1422 4344 1489 4411 τῇ
1538 4340 1854 4410 φαιδρότητι
1901 4340 2000 4410 τῆς

450 4431 771 4499 Ἐκκλησίας
818 4432 1210 4501 ἐγκαταμίξας.
1256 4428 1464 4483 Οὐκοῦν
1500 4427 1870 4499 μιμησὼμεθα
1910 4445 1976 4482 κα

2076 4444 2077 4459 π
2105 4428 2235 4483 dum
2262 4426 2372 4481 dux
2409 4424 2781 4494 magistraque
2823 4422 2916 4485 sit,
2948 4422 3003 4475 in
3033 4420 3255 4475 Christo
3286 4416 3416 4474 Jcsu
3447 4415 3674 4471 Domino

438 4520 597 4589 ἡμεῖς
620 4519 709 4572 τὸν
739 4520 1048 4591 Προφήτην,
1084 4522 1141 4573 ἐν
1167 4515 1248 4584 οἷς
1275 4517 1494 4573 δυνατόν
1518 4519 1634 4570 ἐστι
1660 4517 1976 4588 κατορθῶσα

2107 4525 2317 4583 nostro,
2349 4517 2438 4572 cui
2474 4516 2644 4587 gloria
2675 4517 2728 4570 in
2760 4513 2958 4569 saecula
2989 4512 3338 4567 saeculorum.
3367 4508 3562 4563 Amen.

437 4614 537 4684 τὴν
567 4614 817 4686 μίμησιν,
858 4615 917 4666 ἐν
940 4617 1006 4682 τῇ
1026 4614 1162 4683 πρὸς
1186 4615 1317 4667 Θεὸν
1346 4616 1557 4685 ἀγάπῃ,
1586 4613 1643 4667 ἐν
1671 4614 1737 4683 τῇ
1762 4610 1856 4665 τοῦ
1887 4611 2002 4681 βίου
2042 4612 2329 4683 πραότητι,
2364 4612 2422 4663 ἐν
2490 4612 2557 4681 τῇ
2628 4610 2763 4679 πρὸς
2794 4608 2918 4670 τοὺς
2958 4604 3247 4677 μισοῦντας
3286 4598 3635 4672 μακροθυμίᾳ
3657 4614 3672 4630 ο

440 4708 528 4760 ἵνα
553 4707 774 4777 γένηται
800 4708 833 4776 ή
872 4706 967 4759 τοῦ
997 4708 1279 4779 Προφήτου
1306 4708 1617 4763 διδασκαλία
1659 4708 1757 4777 τῆς
1795 4707 1934 4761 κατά
1965 4708 2098 4762 Θεὸν
2125 4707 2395 4769 πολιτείας
2434 4705 2800 4777 χειραγωγία,
2834 4704 2893 4757 ἐν
2921 4699 3141 4773 Χριστῷ
3175 4698 3349 4754 Ἰησοῦ
3386 4697 3464 4771 τῷ
3490 4695 3675 4766 Κυρίῳ

441 4796 617 4869 ἡμῶν,
640 4793 685 4865 ᾧ
715 4799 748 4869 ἡ
772 4797 896 4863 δόξα
926 4800 1005 4863 είς
1030 4802 1155 4863 τοὺς
1184 4801 1385 4865 αἰῶνας
1420 4802 1525 4855 τῶν
1552 4799 1781 4854 αἰώνων.
1834 4798 2023 4869 Ἀμήν.

2100 4241 2386 4297 tolerantia
2414 4255 2543 4311 erga
2571 4240 2693 4294 illos
2721 4238 2814 4309 qui
2847 4253 2946 4294 nos
2974 4238 3104 4293 odio
3153 4244 3581 4307 prosequuntur,
3617 4241 3672 4287 ut

2101 4334 2387 4405 Prophetas
2424 4333 2674 4389 doctrina
2717 4333 2876 4387 nobis
2907 4330 2974 4385 ad
3007 4331 3145 4386 lmine
3183 4330 3445 4398 beateque
3483 4327 3672 4381 viven-

510 4982 532 5013 ⁸
562 4979 699 5036 lleh.
737 4996 797 5044 ιι,
832 4981 917 5037 ll.
982 4979 1170 5039 llPsal.
1196 4999 1369 5049 uvn,
1410 4984 1491 5039 l9.
1567 4986 1589 5016 ⁸
1617 4983 1720 5039 lsa.
1761 4998 1913 5048 um,
1943 4983 2000 5037 2.
