  <div class='ocr_page' id='page_1' title='image "/cluster/home/n/w/nwhite01/storage/ocr_20150623/46/nnc1.0046978380/355.png"; bbox 0 0 4154 6354; ppageno 0'>
   <div class='ocr_carea' id='block_1_1' title="bbox 499 336 609 396">
    <p class='ocr_par' dir='ltr' id='par_1_1' title="bbox 499 336 609 396">
     <span class='ocr_line' id='line_1_1' title="bbox 499 336 609 396; baseline -0.009 0"><span class='ocrx_word' id='word_1_1' title='bbox 499 336 609 396; x_wconf 71' lang='grc'><strong>693</strong></span> 
     </span>
    </p>
   </div>
   <div class='ocr_carea' id='block_1_2' title="bbox 506 486 1582 520">
    <p class='ocr_par' dir='ltr' id='par_1_2' title="bbox 506 486 1582 520">
     <span class='ocr_line' id='line_1_2' title="bbox 506 486 1582 520; baseline -0.005 0"><span class='ocrx_word' id='word_1_2' title='bbox 506 486 1582 520; x_wconf 50' lang='grc' dir='ltr'><strong>*ΞΜ</strong></span> 
     </span>
    </p>
   </div>
   <div class='ocr_carea' id='block_1_3' title="bbox 1737 332 2492 391">
    <p class='ocr_par' dir='ltr' id='par_1_3' title="bbox 1737 332 2492 391">
     <span class='ocr_line' id='line_1_3' title="bbox 1737 332 2492 391; baseline -0.005 0"><span class='ocrx_word' id='word_1_3' title='bbox 1737 335 1793 391; x_wconf 89' lang='lat' dir='ltr'>S.</span> <span class='ocrx_word' id='word_1_4' title='bbox 1827 335 2155 390; x_wconf 69' lang='lat' dir='ltr'><strong>GREGORII</strong></span> <span class='ocrx_word' id='word_1_5' title='bbox 2198 332 2492 389; x_wconf 75' lang='lat' dir='ltr'><strong>NYSSENI</strong></span> 
     </span>
    </p>
   </div>
   <div class='ocr_carea' id='block_1_4' title="bbox 3648 327 3756 388">
    <p class='ocr_par' dir='ltr' id='par_1_4' title="bbox 3648 327 3756 388">
     <span class='ocr_line' id='line_1_4' title="bbox 3648 327 3756 388; baseline 0.019 -2"><span class='ocrx_word' id='word_1_6' title='bbox 3648 327 3756 388; x_wconf 68' lang='lat'><strong>696</strong></span> 
     </span>
    </p>
   </div>
   <div class='ocr_carea' id='block_1_5' title="bbox 1496 478 3721 518">
    <p class='ocr_par' dir='ltr' id='par_1_5' title="bbox 1496 478 3721 518">
     <span class='ocr_line' id='line_1_5' title="bbox 1496 478 3721 518; baseline -0.004 -2"><span class='ocrx_word' id='word_1_7' title='bbox 1496 478 3721 518; x_wconf 43' lang='grc' dir='ltr'><em>Μ</em></span> 
     </span>
    </p>
   </div>
   <div class='ocr_carea' id='block_1_6' title="bbox 1585 507 1791 516">
    <p class='ocr_par' dir='ltr' id='par_1_6' title="bbox 1585 507 1791 516">
     <span class='ocr_line' id='line_1_6' title="bbox 1585 507 1791 516; baseline -0.01 -1"><span class='ocrx_word' id='word_1_8' title='bbox 1585 507 1791 516; x_wconf 55' lang='grc' dir='ltr'><strong>--η-ι,</strong></span> 
     </span>
    </p>
   </div>
   <div class='ocr_carea' id='block_1_7' title="bbox 1776 643 2002 730">
    <p class='ocr_par' dir='ltr' id='par_1_7' title="bbox 1776 643 2002 730">
     <span class='ocr_line' id='line_1_7' title="bbox 1776 643 2002 730; baseline 0 -1"><span class='ocrx_word' id='word_1_9' title='bbox 1776 643 2002 730; x_wconf 89' lang='grc' dir='ltr'><strong>ΤΟΥ</strong></span> 
     </span>
    </p>
   </div>
   <div class='ocr_carea' id='block_1_8' title="bbox 2337 507 2438 518">
    <p class='ocr_par' dir='ltr' id='par_1_8' title="bbox 2337 507 2438 518">
     <span class='ocr_line' id='line_1_8' title="bbox 2337 507 2438 518; baseline 0 0"><span class='ocrx_word' id='word_1_10' title='bbox 2337 507 2438 518; x_wconf 52' lang='grc' dir='ltr'><strong>νυ-</strong></span> 
     </span>
    </p>
   </div>
   <div class='ocr_carea' id='block_1_9' title="bbox 2091 643 2469 730">
    <p class='ocr_par' dir='ltr' id='par_1_9' title="bbox 2091 643 2469 730">
     <span class='ocr_line' id='line_1_9' title="bbox 2091 643 2469 730; baseline 0.011 -3"><span class='ocrx_word' id='word_1_11' title='bbox 2091 643 2469 730; x_wconf 87' lang='grc' dir='ltr'>ΑΥΤΟΥ</span> 
     </span>
    </p>
   </div>
   <div class='ocr_carea' id='block_1_10' title="bbox 865 855 3400 982">
    <p class='ocr_par' dir='ltr' id='par_1_10' title="bbox 865 855 3400 982">
     <span class='ocr_line' id='line_1_10' title="bbox 865 855 3400 982; baseline -0.004 -6"><span class='ocrx_word' id='word_1_12' title='bbox 865 855 1395 977; x_wconf 87' lang='grc' dir='ltr'><strong>ΛΟΓΟΣ</strong></span> <span class='ocrx_word' id='word_1_13' title='bbox 1501 865 1742 979; x_wconf 90' lang='grc' dir='ltr'><strong>ΕΙΣ</strong></span> <span class='ocrx_word' id='word_1_14' title='bbox 1847 865 2053 982; x_wconf 88' lang='grc' dir='ltr'><strong>ΤΟ</strong></span> <span class='ocrx_word' id='word_1_15' title='bbox 2149 862 2629 978; x_wconf 87' lang='grc' dir='ltr'><strong>ΑΓΙΟΝ</strong></span> <span class='ocrx_word' id='word_1_16' title='bbox 2724 859 3400 976; x_wconf 86' lang='grc' dir='ltr'><strong>ΠΝΕΥΜΑ.</strong></span> 
     </span>
    </p>
   </div>
   <div class='ocr_carea' id='block_1_11' title="bbox 1865 1264 2408 1355">
    <p class='ocr_par' dir='ltr' id='par_1_11' title="bbox 1865 1264 2408 1355">
     <span class='ocr_line' id='line_1_11' title="bbox 1865 1264 2408 1355; baseline -0.004 -1"><span class='ocrx_word' id='word_1_17' title='bbox 1865 1264 2408 1355; x_wconf 76' lang='lat' dir='ltr'><strong>EJUSDEM</strong></span> 
     </span>
    </p>
   </div>
   <div class='ocr_carea' id='block_1_12' title="bbox 1076 1477 3192 1593">
    <p class='ocr_par' dir='ltr' id='par_1_12' title="bbox 1076 1477 3192 1593">
     <span class='ocr_line' id='line_1_12' title="bbox 1076 1477 3192 1593; baseline 0 -1"><span class='ocrx_word' id='word_1_18' title='bbox 1076 1477 1617 1593; x_wconf 84' lang='lat' dir='ltr'><strong>ORATIO</strong></span> <span class='ocrx_word' id='word_1_19' title='bbox 1705 1477 1886 1589; x_wconf 88' lang='lat' dir='ltr'><strong>DE</strong></span> <span class='ocrx_word' id='word_1_20' title='bbox 1963 1477 2540 1592; x_wconf 78' lang='lat' dir='ltr'><strong>SPIRITU</strong></span> <span class='ocrx_word' id='word_1_21' title='bbox 2622 1477 3192 1592; x_wconf 84' lang='lat' dir='ltr'><strong>SANCTO</strong></span> 
     </span>
    </p>
   </div>
   <div class='ocr_carea' id='block_1_13' title="bbox 1599 1701 2670 1776">
    <p class='ocr_par' dir='ltr' id='par_1_13' title="bbox 1599 1701 2670 1776">
     <span class='ocr_line' id='line_1_13' title="bbox 1599 1701 2670 1776; baseline -0.002 -16"><span class='ocrx_word' id='word_1_22' title='bbox 1599 1703 1781 1761; x_wconf 77' lang='lat' dir='ltr'><strong>SIVE</strong></span> <span class='ocrx_word' id='word_1_23' title='bbox 1826 1702 1916 1758; x_wconf 86' lang='lat' dir='ltr'><strong>IN</strong></span> <span class='ocrx_word' id='word_1_24' title='bbox 1971 1701 2517 1759; x_wconf 79' lang='lat' dir='ltr'><strong>PENTECUSTEN</strong></span> <span class='ocrx_word' id='word_1_25' title='bbox 2569 1704 2670 1776; x_wconf 90' lang='lat' dir='ltr'><strong>(l).</strong></span> 
     </span>
    </p>
   </div>
   <div class='ocr_carea' id='block_1_14' title="bbox 1453 1859 2816 1925">
    <p class='ocr_par' dir='ltr' id='par_1_14' title="bbox 1453 1859 2816 1925">
     <span class='ocr_line' id='line_1_14' title="bbox 1453 1859 2816 1925; baseline -0.001 -13"><span class='ocrx_word' id='word_1_26' title='bbox 1453 1861 1738 1925; x_wconf 88' lang='lat' dir='ltr'><strong>Interprete</strong></span> <span class='ocrx_word' id='word_1_27' title='bbox 1763 1868 1816 1911; x_wconf 87' lang='lat' dir='ltr'><strong>et</strong></span> <span class='ocrx_word' id='word_1_28' title='bbox 1835 1861 2098 1911; x_wconf 81' lang='lat' dir='ltr'><strong>scho‘liaste</strong></span> <span class='ocrx_word' id='word_1_29' title='bbox 2127 1861 2396 1910; x_wconf 82' lang='lat' dir='ltr'><strong>Laurentio</strong></span> <span class='ocrx_word' id='word_1_30' title='bbox 2414 1859 2656 1922; x_wconf 80' lang='lat' dir='ltr'><strong>Zacagnio</strong></span> <span class='ocrx_word' id='word_1_31' title='bbox 2677 1864 2733 1912; x_wconf 83' lang='lat' dir='ltr'><strong>V.</strong></span> <span class='ocrx_word' id='word_1_32' title='bbox 2787 1895 2816 1912; x_wconf 67' lang='grc' dir='ltr'><strong>ρ.</strong></span> 
     </span>
    </p>
   </div>
   <div class='ocr_carea' id='block_1_15' title="bbox 580 2169 2096 2250">
    <p class='ocr_par' dir='ltr' id='par_1_15' title="bbox 580 2174 2096 2250">
     <span class='ocr_line' id='line_1_15' title="bbox 580 2174 2096 2250; baseline 0.001 -20"><span class='ocrx_word' id='word_1_33' title='bbox 580 2174 874 2242; x_wconf 81' lang='lat' dir='ltr'><strong>Quodlibet</strong></span> <span class='ocrx_word' id='word_1_34' title='bbox 897 2174 1110 2232; x_wconf 62' lang='lat' dir='ltr'><strong>festiva:</strong></span> <span class='ocrx_word' id='word_1_35' title='bbox 1129 2178 1466 2233; x_wconf 70' lang='lat' dir='ltr'><strong>celebritatis</strong></span> <span class='ocrx_word' id='word_1_36' title='bbox 1498 2187 1878 2250; x_wconf 74' lang='lat' dir='ltr'><strong>argumentum</strong></span> <span class='ocrx_word' id='word_1_37' title='bbox 1912 2191 2010 2249; x_wconf 88' lang='lat' dir='ltr'><strong>per</strong></span> <span class='ocrx_word' id='word_1_38' title='bbox 2033 2191 2096 2232; x_wconf 83' lang='lat' dir='ltr'><strong>se</strong></span> 
     </span>
    </p>
   </div>
   <div class='ocr_carea' id='block_1_16' title="bbox 2196 2169 3774 2250">
    <p class='ocr_par' dir='ltr' id='par_1_16' title="bbox 2273 2169 3774 2249">
     <span class='ocr_line' id='line_1_16' title="bbox 2273 2169 3774 2249; baseline -0.004 -19"><span class='ocrx_word' id='word_1_39' title='bbox 2273 2177 2462 2230; x_wconf 81' lang='grc' dir='ltr'>Πᾶσαν</span> <span class='ocrx_word' id='word_1_40' title='bbox 2512 2177 2705 2249; x_wconf 79' lang='grc' dir='ltr'><strong>ἑορτῆς</strong></span> <span class='ocrx_word' id='word_1_41' title='bbox 2743 2176 3001 2232; x_wconf 84' lang='grc' dir='ltr'>ὑπόθεσιν</span> <span class='ocrx_word' id='word_1_42' title='bbox 3049 2171 3411 2246; x_wconf 76' lang='grc' dir='ltr'>φαιδροτέραν</span> <span class='ocrx_word' id='word_1_43' title='bbox 3443 2173 3472 2226; x_wconf 85' lang='grc' dir='ltr'>ὀ</span> <span class='ocrx_word' id='word_1_44' title='bbox 3511 2170 3674 2225; x_wconf 69' lang='grc' dir='ltr'>Δαεὶδ</span> <span class='ocrx_word' id='word_1_45' title='bbox 3707 2169 3774 2225; x_wconf 75' lang='grc' dir='ltr'><strong>δι’</strong></span> 
     </span>
    </p>
   </div>
   <div class='ocr_carea' id='block_1_17' title="bbox 511 2266 2092 2338">
    <p class='ocr_par' dir='ltr' id='par_1_17' title="bbox 511 2266 2092 2338">
     <span class='ocr_line' id='line_1_17' title="bbox 511 2266 2092 2338; baseline -0.001 -16"><span class='ocrx_word' id='word_1_46' title='bbox 511 2266 630 2338; x_wconf 80' lang='lat' dir='ltr'><strong>ipse</strong></span> <span class='ocrx_word' id='word_1_47' title='bbox 663 2267 932 2323; x_wconf 76' lang='lat' dir='ltr'><strong>illustrius</strong></span> <span class='ocrx_word' id='word_1_48' title='bbox 953 2266 1119 2323; x_wconf 86' lang='lat' dir='ltr'><strong>eﬁicit</strong></span> <span class='ocrx_word' id='word_1_49' title='bbox 1154 2267 1493 2334; x_wconf 89' lang='lat' dir='ltr'><strong>David,dum</strong></span> <span class='ocrx_word' id='word_1_50' title='bbox 1529 2270 1911 2326; x_wconf 78' lang='lat' dir='ltr'><strong>suavissimam</strong></span> <span class='ocrx_word' id='word_1_51' title='bbox 1944 2269 2092 2322; x_wconf 83' lang='lat' dir='ltr'><strong>illam</strong></span> 
     </span>
    </p>
   </div>
   <div class='ocr_carea' id='block_1_18' title="bbox 509 2358 2094 2430">
    <p class='ocr_par' dir='ltr' id='par_1_18' title="bbox 509 2358 2094 2430">
     <span class='ocr_line' id='line_1_18' title="bbox 509 2358 2094 2430; baseline -0.001 -16"><span class='ocrx_word' id='word_1_52' title='bbox 509 2359 778 2414; x_wconf 80' lang='lat' dir='ltr'><strong>citharam</strong></span> <span class='ocrx_word' id='word_1_53' title='bbox 811 2358 876 2412; x_wconf 88' lang='lat' dir='ltr'><strong>ad</strong></span> <span class='ocrx_word' id='word_1_54' title='bbox 903 2359 980 2421; x_wconf 89' lang='lat' dir='ltr'><strong>id,</strong></span> <span class='ocrx_word' id='word_1_55' title='bbox 1004 2359 1152 2428; x_wconf 82' lang='lat' dir='ltr'><strong>quod</strong></span> <span class='ocrx_word' id='word_1_56' title='bbox 1185 2361 1308 2416; x_wconf 85' lang='lat' dir='ltr'><strong>usui</strong></span> <span class='ocrx_word' id='word_1_57' title='bbox 1338 2368 1444 2425; x_wconf 77' lang='lat' dir='ltr'><strong>est,</strong></span> <span class='ocrx_word' id='word_1_58' title='bbox 1481 2369 1607 2430; x_wconf 83' lang='lat' dir='ltr'><strong>apte</strong></span> <span class='ocrx_word' id='word_1_59' title='bbox 1634 2375 1852 2430; x_wconf 87' lang='lat' dir='ltr'><strong>semper</strong></span> <span class='ocrx_word' id='word_1_60' title='bbox 1879 2374 2094 2414; x_wconf 84' lang='lat' dir='ltr'><strong>accom-</strong></span> 
     </span>
    </p>
   </div>
   <div class='ocr_carea' id='block_1_19' title="bbox 511 2449 2095 2522">
    <p class='ocr_par' dir='ltr' id='par_1_19' title="bbox 511 2449 2095 2522">
     <span class='ocr_line' id='line_1_19' title="bbox 511 2449 2095 2522; baseline 0.001 -18"><span class='ocrx_word' id='word_1_61' title='bbox 511 2450 716 2505; x_wconf 84' lang='lat' dir='ltr'><strong>ruodat.</strong></span> <span class='ocrx_word' id='word_1_62' title='bbox 764 2449 1113 2520; x_wconf 85' lang='lat' dir='ltr'><strong>Quapropter</strong></span> <span class='ocrx_word' id='word_1_63' title='bbox 1160 2452 1442 2521; x_wconf 72' lang='lat' dir='ltr'><strong>sapientia:</strong></span> <span class='ocrx_word' id='word_1_64' title='bbox 1472 2452 1670 2509; x_wconf 84' lang='lat' dir='ltr'><strong>ﬁdibus</strong></span> <span class='ocrx_word' id='word_1_65' title='bbox 1713 2451 1949 2522; x_wconf 85' lang='lat' dir='ltr'><strong>Spiritus</strong></span> <span class='ocrx_word' id='word_1_66' title='bbox 1981 2452 2095 2521; x_wconf 85' lang='lat' dir='ltr'><strong>ple-</strong></span> 
     </span>
    </p>
   </div>
   <div class='ocr_carea' id='block_1_20' title="bbox 509 2541 2092 2612">
    <p class='ocr_par' dir='ltr' id='par_1_20' title="bbox 509 2541 2092 2612">
     <span class='ocr_line' id='line_1_20' title="bbox 509 2541 2092 2612; baseline -0.001 -16"><span class='ocrx_word' id='word_1_67' title='bbox 509 2549 632 2596; x_wconf 88' lang='lat' dir='ltr'><strong>ctro</strong></span> <span class='ocrx_word' id='word_1_68' title='bbox 662 2541 918 2611; x_wconf 85' lang='lat' dir='ltr'><strong>pulsatis,</strong></span> <span class='ocrx_word' id='word_1_69' title='bbox 947 2550 1172 2596; x_wconf 89' lang='lat' dir='ltr'><strong>cantum</strong></span> <span class='ocrx_word' id='word_1_70' title='bbox 1212 2541 1413 2606; x_wconf 82' lang='lat' dir='ltr'><strong>edens,</strong></span> <span class='ocrx_word' id='word_1_71' title='bbox 1444 2541 1588 2597; x_wconf 88' lang='lat' dir='ltr'><strong>idem</strong></span> <span class='ocrx_word' id='word_1_72' title='bbox 1628 2543 1786 2598; x_wconf 86' lang='lat' dir='ltr'><strong>nobis</strong></span> <span class='ocrx_word' id='word_1_73' title='bbox 1818 2542 2092 2612; x_wconf 80' lang='lat' dir='ltr'><strong>Propheta</strong></span> 
     </span>
    </p>
   </div>
   <div class='ocr_carea' id='block_1_21' title="bbox 510 2631 2090 2702">
    <p class='ocr_par' dir='ltr' id='par_1_21' title="bbox 510 2631 2090 2702">
     <span class='ocr_line' id='line_1_21' title="bbox 510 2631 2090 2702; baseline -0.001 -16"><span class='ocrx_word' id='word_1_74' title='bbox 510 2647 760 2702; x_wconf 86' lang='lat' dir='ltr'><strong>magnam</strong></span> <span class='ocrx_word' id='word_1_75' title='bbox 791 2648 1011 2702; x_wconf 84' lang='lat' dir='ltr'><strong>quoque</strong></span> <span class='ocrx_word' id='word_1_76' title='bbox 1044 2632 1397 2688; x_wconf 81' lang='lat' dir='ltr'><strong>Pentecostes</strong></span> <span class='ocrx_word' id='word_1_77' title='bbox 1425 2631 1798 2688; x_wconf 84' lang='lat' dir='ltr'><strong>celebritatem</strong></span> <span class='ocrx_word' id='word_1_78' title='bbox 1835 2631 2090 2686; x_wconf 91' lang='lat' dir='ltr'><strong>illustret.</strong></span> 
     </span>
    </p>
   </div>
   <div class='ocr_carea' id='block_1_22' title="bbox 405 2723 2094 2800">
    <p class='ocr_par' dir='ltr' id='par_1_22' title="bbox 405 2723 2094 2800">
     <span class='ocr_line' id='line_1_22' title="bbox 405 2723 2094 2800; baseline -0.001 -23"><span class='ocrx_word' id='word_1_79' title='bbox 405 2793 414 2800; x_wconf 85' lang='lat'>_</span> <span class='ocrx_word' id='word_1_80' title='bbox 510 2723 668 2779; x_wconf 83' lang='lat' dir='ltr'><strong>Dicat</strong></span> <span class='ocrx_word' id='word_1_81' title='bbox 700 2725 924 2794; x_wconf 84' lang='lat' dir='ltr'><strong>proinde</strong></span> <span class='ocrx_word' id='word_1_82' title='bbox 949 2740 1016 2781; x_wconf 76' lang='lat' dir='ltr'><strong>ex</strong></span> <span class='ocrx_word' id='word_1_83' title='bbox 1051 2725 1234 2780; x_wconf 84' lang='lat' dir='ltr'><strong>divina</strong></span> <span class='ocrx_word' id='word_1_84' title='bbox 1267 2725 1360 2778; x_wconf 87' lang='lat' dir='ltr'><strong>illa</strong></span> <span class='ocrx_word' id='word_1_85' title='bbox 1391 2725 1765 2781; x_wconf 88' lang='lat' dir='ltr'><strong>modulatione</strong></span> <span class='ocrx_word' id='word_1_86' title='bbox 1798 2739 1897 2780; x_wconf 88' lang='lat' dir='ltr'><strong>sua</strong></span> <span class='ocrx_word' id='word_1_87' title='bbox 1950 2725 2094 2794; x_wconf 81' lang='lat' dir='ltr'><strong>psal-</strong></span> 
     </span>
    </p>
   </div>
   <div class='ocr_carea' id='block_1_23' title="bbox 511 2814 2092 2885">
    <p class='ocr_par' dir='ltr' id='par_1_23' title="bbox 511 2814 2092 2885">
     <span class='ocr_line' id='line_1_23' title="bbox 511 2814 2092 2885; baseline -0.001 -15"><span class='ocrx_word' id='word_1_88' title='bbox 511 2831 659 2870; x_wconf 90' lang='lat' dir='ltr'><strong>mum</strong></span> <span class='ocrx_word' id='word_1_89' title='bbox 696 2816 845 2869; x_wconf 88' lang='lat' dir='ltr'><strong>illnm</strong></span> <span class='ocrx_word' id='word_1_90' title='bbox 880 2816 1144 2872; x_wconf 87' lang='lat' dir='ltr'><strong>hodierno</strong></span> <span class='ocrx_word' id='word_1_91' title='bbox 1181 2814 1275 2870; x_wconf 85' lang='lat' dir='ltr'><strong>Dei</strong></span> <span class='ocrx_word' id='word_1_92' title='bbox 1310 2815 1574 2870; x_wconf 90' lang='lat' dir='ltr'><strong>beneﬁcio</strong></span> <span class='ocrx_word' id='word_1_93' title='bbox 1604 2830 1905 2885; x_wconf 83' lang='lat' dir='ltr'><strong>congruum</strong></span> <span class='ocrx_word' id='word_1_94' title='bbox 1941 2834 1954 2870; x_wconf 86' lang='lat'><strong>:</strong></span> <span class='ocrx_word' id='word_1_95' title='bbox 1992 2815 2092 2869; x_wconf 87' lang='lat' dir='ltr'><strong>Ve-</strong></span> 
     </span>
    </p>
   </div>
   <div class='ocr_carea' id='block_1_24' title="bbox 510 2904 2096 2972">
    <p class='ocr_par' dir='ltr' id='par_1_24' title="bbox 510 2904 2096 2972">
     <span class='ocr_line' id='line_1_24' title="bbox 510 2904 2096 2972; baseline 0 -11"><span class='ocrx_word' id='word_1_96' title='bbox 510 2909 639 2972; x_wconf 79' lang='lat' dir='ltr'><strong>nite,</strong></span> <span class='ocrx_word' id='word_1_97' title='bbox 676 2907 1000 2962; x_wconf 68' lang='lat' dir='ltr'><strong>exsultemns</strong></span> <span class='ocrx_word' id='word_1_98' title='bbox 1045 2906 1276 2962; x_wconf 81' lang='lat' dir='ltr'><strong>Domino</strong></span> <span class='ocrx_word' id='word_1_99' title='bbox 1307 2907 1347 2958; x_wconf 83' lang='grc'><strong>¹.</strong></span> <span class='ocrx_word' id='word_1_100' title='bbox 1393 2904 1642 2960; x_wconf 90' lang='lat' dir='ltr'><strong>Primum</strong></span> <span class='ocrx_word' id='word_1_101' title='bbox 1697 2915 1877 2962; x_wconf 90' lang='lat' dir='ltr'><strong>autem</strong></span> <span class='ocrx_word' id='word_1_102' title='bbox 1929 2921 2096 2961; x_wconf 88' lang='lat' dir='ltr'><strong>nosse</strong></span> 
     </span>
    </p>
   </div>
   <div class='ocr_carea' id='block_1_25' title="bbox 509 2998 2096 3070">
    <p class='ocr_par' dir='ltr' id='par_1_25' title="bbox 509 2998 2096 3070">
     <span class='ocr_line' id='line_1_25' title="bbox 509 2998 2096 3070; baseline -0.002 -14"><span class='ocrx_word' id='word_1_103' title='bbox 509 3007 726 3070; x_wconf 89' lang='lat' dir='ltr'><strong>oportet</strong></span> <span class='ocrx_word' id='word_1_104' title='bbox 762 2999 1035 3070; x_wconf 86' lang='lat' dir='ltr'><strong>quodnam</strong></span> <span class='ocrx_word' id='word_1_105' title='bbox 1083 2999 1158 3054; x_wconf 85' lang='lat' dir='ltr'><strong>sit</strong></span> <span class='ocrx_word' id='word_1_106' title='bbox 1202 2999 1308 3054; x_wconf 94' lang='lat' dir='ltr'><strong>hoc</strong></span> <span class='ocrx_word' id='word_1_107' title='bbox 1357 2998 1449 3054; x_wconf 89' lang='lat' dir='ltr'><strong>Dei</strong></span> <span class='ocrx_word' id='word_1_108' title='bbox 1496 2998 1855 3063; x_wconf 83' lang='lat' dir='ltr'><strong>beneﬁcium,</strong></span> <span class='ocrx_word' id='word_1_109' title='bbox 1898 2999 2096 3055; x_wconf 87' lang='lat' dir='ltr'><strong>deinde</strong></span> 
     </span>
    </p>
   </div>
   <div class='ocr_carea' id='block_1_26' title="bbox 510 3089 2092 3162">
    <p class='ocr_par' dir='ltr' id='par_1_26' title="bbox 510 3089 2092 3162">
     <span class='ocr_line' id='line_1_26' title="bbox 510 3089 2092 3162; baseline -0.001 -17"><span class='ocrx_word' id='word_1_110' title='bbox 510 3091 784 3147; x_wconf 88' lang='lat' dir='ltr'><strong>orationis</strong></span> <span class='ocrx_word' id='word_1_111' title='bbox 802 3098 1124 3162; x_wconf 88' lang='lat' dir='ltr'><strong>argumento</strong></span> <span class='ocrx_word' id='word_1_112' title='bbox 1155 3089 1395 3161; x_wconf 86' lang='lat' dir='ltr'><strong>aptanda</strong></span> <span class='ocrx_word' id='word_1_113' title='bbox 1425 3099 1556 3146; x_wconf 88' lang='lat' dir='ltr'><strong>sunt</strong></span> <span class='ocrx_word' id='word_1_114' title='bbox 1573 3092 1737 3146; x_wconf 89' lang='lat' dir='ltr'><strong>verba</strong></span> <span class='ocrx_word' id='word_1_115' title='bbox 1760 3091 2092 3162; x_wconf 65' lang='lat' dir='ltr'><strong>prophetim;</strong></span> 
     </span>
    </p>
   </div>
   <div class='ocr_carea' id='block_1_27' title="bbox 511 3181 2095 3254">
    <p class='ocr_par' dir='ltr' id='par_1_27' title="bbox 511 3181 2095 3254">
     <span class='ocr_line' id='line_1_27' title="bbox 511 3181 2095 3254; baseline 0.001 -18"><span class='ocrx_word' id='word_1_116' title='bbox 511 3197 718 3253; x_wconf 87' lang='lat' dir='ltr'><strong>perque</strong></span> <span class='ocrx_word' id='word_1_117' title='bbox 750 3197 846 3238; x_wconf 81' lang='lat' dir='ltr'><strong>vos</strong></span> <span class='ocrx_word' id='word_1_118' title='bbox 877 3181 1009 3236; x_wconf 90' lang='lat' dir='ltr'><strong>mihi</strong></span> <span class='ocrx_word' id='word_1_119' title='bbox 1038 3183 1219 3245; x_wconf 89' lang='lat' dir='ltr'><strong>liceat,</strong></span> <span class='ocrx_word' id='word_1_120' title='bbox 1254 3197 1376 3252; x_wconf 68' lang='lat' dir='ltr'><strong>qua:</strong></span> <span class='ocrx_word' id='word_1_121' title='bbox 1410 3183 1477 3236; x_wconf 89' lang='lat' dir='ltr'><strong>ad</strong></span> <span class='ocrx_word' id='word_1_122' title='bbox 1515 3183 1629 3237; x_wconf 74' lang='lat' dir='ltr'><strong>lucc</strong></span> <span class='ocrx_word' id='word_1_123' title='bbox 1661 3184 1958 3254; x_wconf 86' lang='lat' dir='ltr'><strong>pertinent,</strong></span> <span class='ocrx_word' id='word_1_124' title='bbox 1993 3185 2095 3237; x_wconf 80' lang='lat' dir='ltr'><strong>ali-</strong></span> 
     </span>
    </p>
   </div>
   <div class='ocr_carea' id='block_1_28' title="bbox 510 3272 2094 3344">
    <p class='ocr_par' dir='ltr' id='par_1_28' title="bbox 510 3272 2094 3344">
     <span class='ocr_line' id='line_1_28' title="bbox 510 3272 2094 3344; baseline -0.001 -16"><span class='ocrx_word' id='word_1_125' title='bbox 510 3289 624 3344; x_wconf 85' lang='lat' dir='ltr'><strong>quo</strong></span> <span class='ocrx_word' id='word_1_126' title='bbox 653 3275 846 3328; x_wconf 82' lang='lat' dir='ltr'><strong>ordine</strong></span> <span class='ocrx_word' id='word_1_127' title='bbox 883 3288 984 3342; x_wconf 92' lang='lat' dir='ltr'><strong>pro</strong></span> <span class='ocrx_word' id='word_1_128' title='bbox 1021 3272 1238 3328; x_wconf 86' lang='lat' dir='ltr'><strong>viribus</strong></span> <span class='ocrx_word' id='word_1_129' title='bbox 1273 3273 1567 3342; x_wconf 82' lang='lat' dir='ltr'><strong>explicare.</strong></span> <span class='ocrx_word' id='word_1_130' title='bbox 1606 3273 1766 3328; x_wconf 90' lang='lat' dir='ltr'><strong>Initio</strong></span> <span class='ocrx_word' id='word_1_131' title='bbox 1803 3274 2094 3329; x_wconf 73' lang='lat' dir='ltr'><strong>aberrare-</strong></span> 
     </span>
    </p>
   </div>
   <div class='ocr_carea' id='block_1_29' title="bbox 510 3365 2093 3436">
    <p class='ocr_par' dir='ltr' id='par_1_29' title="bbox 510 3365 2093 3436">
     <span class='ocr_line' id='line_1_29' title="bbox 510 3365 2093 3436; baseline -0.003 -15"><span class='ocrx_word' id='word_1_132' title='bbox 510 3376 636 3421; x_wconf 84' lang='lat' dir='ltr'><strong>rant</strong></span> <span class='ocrx_word' id='word_1_133' title='bbox 691 3367 941 3421; x_wconf 85' lang='lat' dir='ltr'><strong>homines</strong></span> <span class='ocrx_word' id='word_1_134' title='bbox 973 3381 1004 3420; x_wconf 88' lang='lat' dir='ltr'><strong>a</strong></span> <span class='ocrx_word' id='word_1_135' title='bbox 1052 3365 1368 3436; x_wconf 86' lang='lat' dir='ltr'><strong>cognitione</strong></span> <span class='ocrx_word' id='word_1_136' title='bbox 1396 3365 1526 3429; x_wconf 89' lang='lat' dir='ltr'><strong>Dei,</strong></span> <span class='ocrx_word' id='word_1_137' title='bbox 1565 3366 1868 3434; x_wconf 87' lang='lat' dir='ltr'><strong>relictoque</strong></span> <span class='ocrx_word' id='word_1_138' title='bbox 1913 3380 2093 3418; x_wconf 89' lang='lat' dir='ltr'><strong>rerum</strong></span> 
     </span>
    </p>
   </div>
   <div class='ocr_carea' id='block_1_30' title="bbox 511 3453 2093 3521">
    <p class='ocr_par' dir='ltr' id='par_1_30' title="bbox 511 3453 2093 3521">
     <span class='ocr_line' id='line_1_30' title="bbox 511 3453 2093 3521; baseline -0.003 -13"><span class='ocrx_word' id='word_1_139' title='bbox 511 3455 756 3508; x_wconf 89' lang='lat' dir='ltr'><strong>omnium</strong></span> <span class='ocrx_word' id='word_1_140' title='bbox 804 3453 1077 3521; x_wconf 89' lang='lat' dir='ltr'><strong>Domino,</strong></span> <span class='ocrx_word' id='word_1_141' title='bbox 1114 3455 1206 3508; x_wconf 87' lang='lat' dir='ltr'><strong>alii</strong></span> <span class='ocrx_word' id='word_1_142' title='bbox 1250 3454 1442 3508; x_wconf 89' lang='lat' dir='ltr'><strong>mundi</strong></span> <span class='ocrx_word' id='word_1_143' title='bbox 1489 3454 1746 3509; x_wconf 78' lang='lat' dir='ltr'><strong>colebant</strong></span> <span class='ocrx_word' id='word_1_144' title='bbox 1785 3453 2093 3516; x_wconf 87' lang='lat' dir='ltr'><strong>elementa,</strong></span> 
     </span>
    </p>
   </div>
   <div class='ocr_carea' id='block_1_31' title="bbox 439 3543 2097 3614">
    <p class='ocr_par' dir='ltr' id='par_1_31' title="bbox 439 3543 2097 3614">
     <span class='ocr_line' id='line_1_31' title="bbox 439 3543 2097 3614; baseline 0 -16"><span class='ocrx_word' id='word_1_145' title='bbox 439 3606 446 3614; x_wconf 26' lang='grc' dir='ltr'><strong>ρ</strong></span> <span class='ocrx_word' id='word_1_146' title='bbox 513 3544 604 3598; x_wconf 81' lang='lat' dir='ltr'><strong>alii</strong></span> <span class='ocrx_word' id='word_1_147' title='bbox 633 3543 912 3598; x_wconf 70' lang='lat' dir='ltr'><strong>danuones</strong></span> <span class='ocrx_word' id='word_1_148' title='bbox 944 3544 1292 3599; x_wconf 73' lang='lat' dir='ltr'><strong>venerandos</strong></span> <span class='ocrx_word' id='word_1_149' title='bbox 1320 3543 1640 3608; x_wconf 85' lang='lat' dir='ltr'><strong>censebant,</strong></span> <span class='ocrx_word' id='word_1_150' title='bbox 1664 3543 1942 3614; x_wconf 84' lang='lat' dir='ltr'><strong>plerisque</strong></span> <span class='ocrx_word' id='word_1_151' title='bbox 1967 3558 2097 3598; x_wconf 86' lang='lat' dir='ltr'><strong>vero</strong></span> 
     </span>
    </p>
   </div>
   <div class='ocr_carea' id='block_1_32' title="bbox 513 3633 2097 3707">
    <p class='ocr_par' dir='ltr' id='par_1_32' title="bbox 513 3633 2097 3707">
     <span class='ocr_line' id='line_1_32' title="bbox 513 3633 2097 3707; baseline -0.001 -18"><span class='ocrx_word' id='word_1_152' title='bbox 513 3635 844 3690; x_wconf 67' lang='lat' dir='ltr'><strong>manufactae</strong></span> <span class='ocrx_word' id='word_1_153' title='bbox 888 3636 1052 3690; x_wconf 88' lang='lat' dir='ltr'><strong>etiam</strong></span> <span class='ocrx_word' id='word_1_154' title='bbox 1104 3636 1528 3691; x_wconf 86' lang='lat' dir='ltr'><strong>simulacrorum</strong></span> <span class='ocrx_word' id='word_1_155' title='bbox 1575 3635 1840 3707; x_wconf 75' lang='lat' dir='ltr'><strong>imagines</strong></span> <span class='ocrx_word' id='word_1_156' title='bbox 1871 3633 2097 3689; x_wconf 88' lang='lat' dir='ltr'><strong>numina</strong></span> 
     </span>
    </p>
   </div>
   <div class='ocr_carea' id='block_1_33' title="bbox 513 3724 2099 3796">
    <p class='ocr_par' dir='ltr' id='par_1_33' title="bbox 513 3724 2099 3796">
     <span class='ocr_line' id='line_1_33' title="bbox 513 3724 2099 3796; baseline 0 -16"><span class='ocrx_word' id='word_1_157' title='bbox 513 3739 638 3780; x_wconf 78' lang='lat' dir='ltr'><strong>esse</strong></span> <span class='ocrx_word' id='word_1_158' title='bbox 656 3724 1000 3793; x_wconf 82' lang='lat' dir='ltr'><strong>videbantur,</strong></span> <span class='ocrx_word' id='word_1_159' title='bbox 1031 3726 1232 3795; x_wconf 89' lang='lat' dir='ltr'><strong>quibus</strong></span> <span class='ocrx_word' id='word_1_160' title='bbox 1259 3725 1507 3781; x_wconf 83' lang='lat' dir='ltr'><strong>colendis</strong></span> <span class='ocrx_word' id='word_1_161' title='bbox 1535 3739 1682 3788; x_wconf 82' lang='lat' dir='ltr'><strong>aras,</strong></span> <span class='ocrx_word' id='word_1_162' title='bbox 1713 3734 1768 3781; x_wconf 91' lang='lat' dir='ltr'><strong>et</strong></span> <span class='ocrx_word' id='word_1_163' title='bbox 1793 3725 2018 3796; x_wconf 89' lang='lat' dir='ltr'><strong>templa,</strong></span> <span class='ocrx_word' id='word_1_164' title='bbox 2043 3735 2099 3780; x_wconf 91' lang='lat' dir='ltr'><strong>et</strong></span> 
     </span>
    </p>
   </div>
   <div class='ocr_carea' id='block_1_34' title="bbox 515 3815 2110 3906">
    <p class='ocr_par' dir='ltr' id='par_1_34' title="bbox 515 3815 2110 3906">
     <span class='ocr_line' id='line_1_34' title="bbox 515 3815 2110 3906; baseline 0.001 -36"><span class='ocrx_word' id='word_1_165' title='bbox 515 3829 708 3881; x_wconf 79' lang='lat' dir='ltr'><strong>sacra,</strong></span> <span class='ocrx_word' id='word_1_166' title='bbox 737 3822 793 3869; x_wconf 92' lang='lat' dir='ltr'><strong>et</strong></span> <span class='ocrx_word' id='word_1_167' title='bbox 819 3815 1105 3879; x_wconf 83' lang='lat' dir='ltr'><strong>victimas,</strong></span> <span class='ocrx_word' id='word_1_168' title='bbox 1135 3823 1190 3870; x_wconf 90' lang='lat' dir='ltr'><strong>et</strong></span> <span class='ocrx_word' id='word_1_169' title='bbox 1223 3816 1384 3881; x_wconf 78' lang='lat' dir='ltr'><strong>fana,</strong></span> <span class='ocrx_word' id='word_1_170' title='bbox 1419 3823 1473 3872; x_wconf 89' lang='lat' dir='ltr'><strong>et</strong></span> <span class='ocrx_word' id='word_1_171' title='bbox 1505 3816 1731 3870; x_wconf 85' lang='lat' dir='ltr'><strong>delubra</strong></span> <span class='ocrx_word' id='word_1_172' title='bbox 1776 3816 1994 3887; x_wconf 88' lang='lat' dir='ltr'><strong>aliaque</strong></span> <span class='ocrx_word' id='word_1_173' title='bbox 2041 3817 2110 3906; x_wconf 56' lang='lat' dir='ltr'><strong>id</strong></span> 
     </span>
    </p>
   </div>
   <div class='ocr_carea' id='block_1_35' title="bbox 515 3902 2098 3977">
    <p class='ocr_par' dir='ltr' id='par_1_35' title="bbox 515 3902 2098 3977">
     <span class='ocr_line' id='line_1_35' title="bbox 515 3902 2098 3977; baseline 0.001 -16"><span class='ocrx_word' id='word_1_174' title='bbox 515 3921 688 3975; x_wconf 77' lang='lat' dir='ltr'><strong>genus</strong></span> <span class='ocrx_word' id='word_1_175' title='bbox 717 3902 1122 3961; x_wconf 78' lang='lat' dir='ltr'><strong>dedicaverunt.</strong></span> <span class='ocrx_word' id='word_1_176' title='bbox 1180 3906 1436 3976; x_wconf 85' lang='lat' dir='ltr'><strong>Beuiguis</strong></span> <span class='ocrx_word' id='word_1_177' title='bbox 1466 3906 1633 3977; x_wconf 88' lang='lat' dir='ltr'><strong>igitur</strong></span> <span class='ocrx_word' id='word_1_178' title='bbox 1677 3907 1857 3962; x_wconf 90' lang='lat' dir='ltr'><strong>oculis</strong></span> <span class='ocrx_word' id='word_1_179' title='bbox 1887 3902 2098 3963; x_wconf 50' lang='lat' dir='ltr'><strong>natura?</strong></span> 
     </span>
    </p>
   </div>
   <div class='ocr_carea' id='block_1_36' title="bbox 519 3996 2099 4069">
    <p class='ocr_par' dir='ltr' id='par_1_36' title="bbox 519 3996 2099 4069">
     <span class='ocr_line' id='line_1_36' title="bbox 519 3996 2099 4069; baseline 0.004 -20"><span class='ocrx_word' id='word_1_180' title='bbox 519 3996 783 4053; x_wconf 87' lang='lat' dir='ltr'><strong>Dominus</strong></span> <span class='ocrx_word' id='word_1_181' title='bbox 811 4005 1122 4066; x_wconf 84' lang='lat' dir='ltr'><strong>corruptam</strong></span> <span class='ocrx_word' id='word_1_182' title='bbox 1158 3997 1441 4050; x_wconf 88' lang='lat' dir='ltr'><strong>hominum</strong></span> <span class='ocrx_word' id='word_1_183' title='bbox 1473 4004 1727 4052; x_wconf 82' lang='lat' dir='ltr'><strong>naturam</strong></span> <span class='ocrx_word' id='word_1_184' title='bbox 1756 3998 2018 4069; x_wconf 80' lang='lat' dir='ltr'><strong>respexit,</strong></span> <span class='ocrx_word' id='word_1_185' title='bbox 2041 4007 2099 4055; x_wconf 88' lang='lat' dir='ltr'><strong>et</strong></span> 
     </span>
    </p>
   </div>
   <div class='ocr_carea' id='block_1_37' title="bbox 516 4086 2095 4159">
    <p class='ocr_par' dir='ltr' id='par_1_37' title="bbox 516 4086 2095 4159">
     <span class='ocr_line' id='line_1_37' title="bbox 516 4086 2095 4159; baseline 0.001 -17"><span class='ocrx_word' id='word_1_186' title='bbox 516 4086 815 4143; x_wconf 82' lang='lat' dir='ltr'><strong>humanam</strong></span> <span class='ocrx_word' id='word_1_187' title='bbox 852 4088 1018 4142; x_wconf 81' lang='lat' dir='ltr'><strong>vitam</strong></span> <span class='ocrx_word' id='word_1_188' title='bbox 1053 4088 1123 4142; x_wconf 90' lang='lat' dir='ltr'><strong>ab</strong></span> <span class='ocrx_word' id='word_1_189' title='bbox 1146 4102 1334 4142; x_wconf 91' lang='lat' dir='ltr'><strong>errore</strong></span> <span class='ocrx_word' id='word_1_190' title='bbox 1355 4087 1423 4141; x_wconf 86' lang='lat' dir='ltr'><strong>ad</strong></span> <span class='ocrx_word' id='word_1_191' title='bbox 1456 4086 1710 4145; x_wconf 78' lang='lat' dir='ltr'><strong>veritatis</strong></span> <span class='ocrx_word' id='word_1_192' title='bbox 1731 4089 2095 4159; x_wconf 85' lang='lat' dir='ltr'><strong>cognitionem</strong></span> 
     </span>
    </p>
   </div>
   <div class='ocr_carea' id='block_1_38' title="bbox 515 4181 2096 4253">
    <p class='ocr_par' dir='ltr' id='par_1_38' title="bbox 515 4181 2096 4253">
     <span class='ocr_line' id='line_1_38' title="bbox 515 4181 2096 4253; baseline 0.001 -17"><span class='ocrx_word' id='word_1_193' title='bbox 515 4183 848 4252; x_wconf 84' lang='lat' dir='ltr'><strong>quibusdam</strong></span> <span class='ocrx_word' id='word_1_194' title='bbox 891 4183 1051 4252; x_wconf 89' lang='lat' dir='ltr'><strong>quasi</strong></span> <span class='ocrx_word' id='word_1_195' title='bbox 1086 4181 1350 4253; x_wconf 85' lang='lat' dir='ltr'><strong>gradibus</strong></span> <span class='ocrx_word' id='word_1_196' title='bbox 1391 4183 1690 4237; x_wconf 74' lang='lat' dir='ltr'><strong>revocavit.</strong></span> <span class='ocrx_word' id='word_1_197' title='bbox 1725 4181 2096 4249; x_wconf 79' lang='lat' dir='ltr'><strong>Quemadmo-</strong></span> 
     </span>
    </p>
   </div>
   <div class='ocr_carea' id='block_1_39' title="bbox 517 4271 2099 4342">
    <p class='ocr_par' dir='ltr' id='par_1_39' title="bbox 517 4271 2099 4342">
     <span class='ocr_line' id='line_1_39' title="bbox 517 4271 2099 4342; baseline 0.001 -16"><span class='ocrx_word' id='word_1_198' title='bbox 517 4274 648 4327; x_wconf 89' lang='lat' dir='ltr'><strong>dum</strong></span> <span class='ocrx_word' id='word_1_199' title='bbox 691 4273 838 4328; x_wconf 87' lang='lat' dir='ltr'><strong>enim</strong></span> <span class='ocrx_word' id='word_1_200' title='bbox 860 4272 961 4342; x_wconf 86' lang='lat' dir='ltr'><strong>qui</strong></span> <span class='ocrx_word' id='word_1_201' title='bbox 990 4272 1250 4327; x_wconf 85' lang='lat' dir='ltr'><strong>diuturna</strong></span> <span class='ocrx_word' id='word_1_202' title='bbox 1285 4271 1430 4327; x_wconf 81' lang='lat' dir='ltr'><strong>fame.</strong></span> <span class='ocrx_word' id='word_1_203' title='bbox 1454 4274 1743 4328; x_wconf 77' lang='lat' dir='ltr'><strong>conlectos</strong></span> <span class='ocrx_word' id='word_1_204' title='bbox 1771 4287 1837 4328; x_wconf 71' lang='lat' dir='ltr'><strong>ex</strong></span> <span class='ocrx_word' id='word_1_205' title='bbox 1873 4274 2099 4330; x_wconf 66' lang='lat' dir='ltr'><strong>medicae</strong></span> 
     </span>
    </p>
   </div>
   <div class='ocr_carea' id='block_1_40' title="bbox 519 4363 2098 4434">
    <p class='ocr_par' dir='ltr' id='par_1_40' title="bbox 519 4363 2098 4434">
     <span class='ocr_line' id='line_1_40' title="bbox 519 4363 2098 4434; baseline 0.001 -16"><span class='ocrx_word' id='word_1_206' title='bbox 519 4363 800 4419; x_wconf 71' lang='lat' dir='ltr'><strong>iacultatis</strong></span> <span class='ocrx_word' id='word_1_207' title='bbox 825 4365 1149 4434; x_wconf 61' lang='lat' dir='ltr'><strong>praescripto</strong></span> <span class='ocrx_word' id='word_1_208' title='bbox 1182 4364 1472 4427; x_wconf 89' lang='lat' dir='ltr'><strong>reﬁciunt,</strong></span> <span class='ocrx_word' id='word_1_209' title='bbox 1500 4364 1815 4420; x_wconf 86' lang='lat' dir='ltr'><strong>eorumdem</strong></span> <span class='ocrx_word' id='word_1_210' title='bbox 1852 4365 2098 4421; x_wconf 87' lang='lat' dir='ltr'><strong>imbecil-</strong></span> 
     </span>
    </p>
   </div>
   <div class='ocr_carea' id='block_1_41' title="bbox 517 4454 2097 4525">
    <p class='ocr_par' dir='ltr' id='par_1_41' title="bbox 517 4454 2097 4525">
     <span class='ocr_line' id='line_1_41' title="bbox 517 4454 2097 4525; baseline 0.002 -16"><span class='ocrx_word' id='word_1_211' title='bbox 517 4455 659 4510; x_wconf 85' lang='lat' dir='ltr'><strong>litati</strong></span> <span class='ocrx_word' id='word_1_212' title='bbox 695 4455 1130 4525; x_wconf 85' lang='lat' dir='ltr'><strong>prospicientes,</strong></span> <span class='ocrx_word' id='word_1_213' title='bbox 1159 4454 1305 4510; x_wconf 88' lang='lat' dir='ltr'><strong>hand</strong></span> <span class='ocrx_word' id='word_1_214' title='bbox 1345 4455 1495 4511; x_wconf 87' lang='lat' dir='ltr'><strong>illico</strong></span> <span class='ocrx_word' id='word_1_215' title='bbox 1535 4456 1619 4512; x_wconf 89' lang='lat' dir='ltr'><strong>eis</strong></span> <span class='ocrx_word' id='word_1_216' title='bbox 1666 4456 1736 4511; x_wconf 89' lang='lat' dir='ltr'><strong>ad</strong></span> <span class='ocrx_word' id='word_1_217' title='bbox 1789 4458 2097 4513; x_wconf 83' lang='lat' dir='ltr'><strong>satietatem</strong></span> 
     </span>
    </p>
   </div>
   <div class='ocr_carea' id='block_1_42' title="bbox 519 4545 2098 4617">
    <p class='ocr_par' dir='ltr' id='par_1_42' title="bbox 519 4545 2098 4617">
     <span class='ocr_line' id='line_1_42' title="bbox 519 4545 2098 4617; baseline 0.003 -19"><span class='ocrx_word' id='word_1_218' title='bbox 519 4545 1091 4615; x_wconf 85' lang='lat' dir='ltr'><strong>cibos-suppeditant;</strong></span> <span class='ocrx_word' id='word_1_219' title='bbox 1126 4545 1218 4601; x_wconf 87' lang='lat' dir='ltr'><strong>sed</strong></span> <span class='ocrx_word' id='word_1_220' title='bbox 1250 4554 1606 4617; x_wconf 83' lang='lat' dir='ltr'><strong>posteaquam</strong></span> <span class='ocrx_word' id='word_1_221' title='bbox 1632 4547 1780 4602; x_wconf 92' lang='lat' dir='ltr'><strong>victu</strong></span> <span class='ocrx_word' id='word_1_222' title='bbox 1812 4548 2098 4603; x_wconf 87' lang='lat' dir='ltr'><strong>moderato</strong></span> 
     </span>
    </p>
   </div>
   <div class='ocr_carea' id='block_1_43' title="bbox 517 4638 2097 4710">
    <p class='ocr_par' dir='ltr' id='par_1_43' title="bbox 517 4638 2097 4710">
     <span class='ocr_line' id='line_1_43' title="bbox 517 4638 2097 4710; baseline 0.002 -18"><span class='ocrx_word' id='word_1_223' title='bbox 517 4639 665 4693; x_wconf 69' lang='lat' dir='ltr'><strong>vires</strong></span> <span class='ocrx_word' id='word_1_224' title='bbox 701 4648 1117 4707; x_wconf 84' lang='lat' dir='ltr'><strong>recuperarunt,</strong></span> <span class='ocrx_word' id='word_1_225' title='bbox 1147 4646 1263 4692; x_wconf 89' lang='lat' dir='ltr'><strong>tum</strong></span> <span class='ocrx_word' id='word_1_226' title='bbox 1295 4638 1516 4695; x_wconf 91' lang='lat' dir='ltr'><strong>demum</strong></span> <span class='ocrx_word' id='word_1_227' title='bbox 1545 4640 1684 4710; x_wconf 89' lang='lat' dir='ltr'><strong>ipsis</strong></span> <span class='ocrx_word' id='word_1_228' title='bbox 1713 4639 1780 4694; x_wconf 87' lang='lat' dir='ltr'><strong>ad</strong></span> <span class='ocrx_word' id='word_1_229' title='bbox 1807 4640 2097 4696; x_wconf 87' lang='lat' dir='ltr'><strong>arbitrium</strong></span> 
     </span>
    </p>
   </div>
   <div class='ocr_carea' id='block_1_44' title="bbox 519 4729 2094 4798">
    <p class='ocr_par' dir='ltr' id='par_1_44' title="bbox 519 4729 2094 4798">
     <span class='ocr_line' id='line_1_44' title="bbox 519 4729 2094 4798; baseline 0.001 -13"><span class='ocrx_word' id='word_1_230' title='bbox 519 4743 644 4785; x_wconf 76' lang='lat' dir='ltr'><strong>sese</strong></span> <span class='ocrx_word' id='word_1_231' title='bbox 667 4729 954 4797; x_wconf 79' lang='lat' dir='ltr'><strong>explendi,</strong></span> <span class='ocrx_word' id='word_1_232' title='bbox 1003 4737 1325 4798; x_wconf 89' lang='lat' dir='ltr'><strong>potestatem</strong></span> <span class='ocrx_word' id='word_1_233' title='bbox 1361 4729 1572 4786; x_wconf 79' lang='lat' dir='ltr'><strong>faciunt</strong></span> <span class='ocrx_word' id='word_1_234' title='bbox 1607 4749 1622 4786; x_wconf 92' lang='lat'><strong>:</strong></span> <span class='ocrx_word' id='word_1_235' title='bbox 1664 4731 1745 4786; x_wconf 87' lang='lat' dir='ltr'><strong>sic</strong></span> <span class='ocrx_word' id='word_1_236' title='bbox 1771 4732 1932 4787; x_wconf 87' lang='lat' dir='ltr'><strong>etiam</strong></span> <span class='ocrx_word' id='word_1_237' title='bbox 1969 4747 2094 4787; x_wconf 91' lang='lat' dir='ltr'><strong>cum</strong></span> 
     </span>
    </p>
   </div>
   <div class='ocr_carea' id='block_1_45' title="bbox 2196 2260 3780 2340">
    <p class='ocr_par' dir='ltr' id='par_1_45' title="bbox 2196 2260 3780 2340">
     <span class='ocr_line' id='line_1_45' title="bbox 2196 2260 3780 2340; baseline -0.004 -18"><span class='ocrx_word' id='word_1_238' title='bbox 2196 2267 2391 2323; x_wconf 81' lang='grc' dir='ltr'>ἑαυτοῦ</span> <span class='ocrx_word' id='word_1_239' title='bbox 2417 2269 2811 2340; x_wconf 82' lang='grc' dir='ltr'>ἀπεργάζεται,</span> <span class='ocrx_word' id='word_1_240' title='bbox 2838 2269 2938 2340; x_wconf 81' lang='grc' dir='ltr'>τὴν</span> <span class='ocrx_word' id='word_1_241' title='bbox 2959 2264 3356 2337; x_wconf 87' lang='grc' dir='ltr'>πολυαρμόνιον</span> <span class='ocrx_word' id='word_1_242' title='bbox 3387 2263 3599 2334; x_wconf 87' lang='grc' dir='ltr'>ἐκείνην</span> <span class='ocrx_word' id='word_1_243' title='bbox 3629 2260 3780 2316; x_wconf 79' lang='grc' dir='ltr'>κιθά·</span> 
     </span>
    </p>
   </div>
   <div class='ocr_carea' id='block_1_46' title="bbox 2195 2353 3774 2434">
    <p class='ocr_par' dir='ltr' id='par_1_46' title="bbox 2195 2353 3774 2434">
     <span class='ocr_line' id='line_1_46' title="bbox 2195 2353 3774 2434; baseline -0.006 -19"><span class='ocrx_word' id='word_1_244' title='bbox 2195 2377 2297 2433; x_wconf 88' lang='grc' dir='ltr'><strong>ραν</strong></span> <span class='ocrx_word' id='word_1_245' title='bbox 2338 2361 2662 2434; x_wconf 83' lang='grc' dir='ltr'>προσφόρως</span> <span class='ocrx_word' id='word_1_246' title='bbox 2686 2360 2773 2414; x_wconf 63' lang='grc' dir='ltr'><strong>ἀεὶ⁵</strong></span> <span class='ocrx_word' id='word_1_247' title='bbox 2797 2361 2863 2431; x_wconf 75' lang='grc' dir='ltr'>τῇ</span> <span class='ocrx_word' id='word_1_248' title='bbox 2893 2358 3055 2430; x_wconf 79' lang='grc' dir='ltr'>χρείᾳ</span> <span class='ocrx_word' id='word_1_249' title='bbox 3090 2353 3586 2428; x_wconf 81' lang='grc' dir='ltr'>μεθαρμοζὸμενος.</span> <span class='ocrx_word' id='word_1_250' title='bbox 3632 2353 3774 2426; x_wconf 76' lang='grc' dir='ltr'>Οὐκ-</span> 
     </span>
    </p>
   </div>
   <div class='ocr_carea' id='block_1_47' title="bbox 2192 2444 3780 2525">
    <p class='ocr_par' dir='ltr' id='par_1_47' title="bbox 2192 2444 3780 2525">
     <span class='ocr_line' id='line_1_47' title="bbox 2192 2444 3780 2525; baseline -0.006 -18"><span class='ocrx_word' id='word_1_251' title='bbox 2192 2453 2287 2507; x_wconf 77' lang='grc' dir='ltr'>οῦν</span> <span class='ocrx_word' id='word_1_252' title='bbox 2345 2454 2436 2507; x_wconf 78' lang='grc' dir='ltr'>καὶ</span> <span class='ocrx_word' id='word_1_253' title='bbox 2475 2452 2574 2524; x_wconf 81' lang='grc' dir='ltr'><strong>τὴν</strong></span> <span class='ocrx_word' id='word_1_254' title='bbox 2605 2452 2846 2525; x_wconf 80' lang='grc' dir='ltr'><strong>μεγάλην</strong></span> <span class='ocrx_word' id='word_1_255' title='bbox 2875 2452 2976 2521; x_wconf 82' lang='grc' dir='ltr'>τῆς</span> <span class='ocrx_word' id='word_1_256' title='bbox 3004 2446 3388 2520; x_wconf 80' lang='grc' dir='ltr'>Ηεντηκοστῆς</span> <span class='ocrx_word' id='word_1_257' title='bbox 3428 2444 3622 2516; x_wconf 77' lang='grc' dir='ltr'>ἑορτὴν</span> <span class='ocrx_word' id='word_1_258' title='bbox 3654 2460 3780 2514; x_wconf 81' lang='grc' dir='ltr'>φαι-</span> 
     </span>
    </p>
   </div>
   <div class='ocr_carea' id='block_1_48' title="bbox 2191 2533 3779 2615">
    <p class='ocr_par' dir='ltr' id='par_1_48' title="bbox 2191 2533 3779 2615">
     <span class='ocr_line' id='line_1_48' title="bbox 2191 2533 3779 2615; baseline -0.006 -18"><span class='ocrx_word' id='word_1_259' title='bbox 2191 2544 2433 2615; x_wconf 74' lang='grc' dir='ltr'>δρυνέτω</span> <span class='ocrx_word' id='word_1_260' title='bbox 2475 2546 2607 2615; x_wconf 81' lang='grc' dir='ltr'>ἡμῖν</span> <span class='ocrx_word' id='word_1_261' title='bbox 2656 2546 2686 2598; x_wconf 84' lang='grc' dir='ltr'><strong>ό</strong></span> <span class='ocrx_word' id='word_1_262' title='bbox 2719 2543 2882 2606; x_wconf 74' lang='grc' dir='ltr'>αὐτὸς</span> <span class='ocrx_word' id='word_1_263' title='bbox 2919 2541 3235 2612; x_wconf 80' lang='grc' dir='ltr'><strong>Προφήτης,</strong></span> <span class='ocrx_word' id='word_1_264' title='bbox 3271 2537 3352 2609; x_wconf 80' lang='grc' dir='ltr'>τῷ</span> <span class='ocrx_word' id='word_1_265' title='bbox 3387 2537 3649 2610; x_wconf 83' lang='grc' dir='ltr'><strong>πλήκτρῳ</strong></span> <span class='ocrx_word' id='word_1_266' title='bbox 3685 2533 3779 2590; x_wconf 77' lang='grc' dir='ltr'><strong>τοῦ</strong></span> 
     </span>
    </p>
   </div>
   <div class='ocr_carea' id='block_1_49' title="bbox 2193 2626 3782 2704">
    <p class='ocr_par' dir='ltr' id='par_1_49' title="bbox 2193 2626 3782 2704">
     <span class='ocr_line' id='line_1_49' title="bbox 2193 2626 3782 2704; baseline -0.006 -17"><span class='ocrx_word' id='word_1_267' title='bbox 2193 2633 2515 2704; x_wconf 83' lang='grc' dir='ltr'>Πνεύματος</span> <span class='ocrx_word' id='word_1_268' title='bbox 2571 2635 2630 2687; x_wconf 92' lang='grc' dir='ltr'><strong>ἐν</strong></span> <span class='ocrx_word' id='word_1_269' title='bbox 2679 2636 2799 2697; x_wconf 89' lang='grc' dir='ltr'>ταῖς</span> <span class='ocrx_word' id='word_1_270' title='bbox 2846 2632 3064 2703; x_wconf 82' lang='grc' dir='ltr'><strong>χορδαῖς</strong></span> <span class='ocrx_word' id='word_1_271' title='bbox 3111 2633 3210 2700; x_wconf 82' lang='grc' dir='ltr'>τῆς</span> <span class='ocrx_word' id='word_1_272' title='bbox 3261 2629 3454 2697; x_wconf 86' lang='grc' dir='ltr'>σοφίας</span> <span class='ocrx_word' id='word_1_273' title='bbox 3499 2627 3561 2680; x_wconf 83' lang='grc' dir='ltr'><strong>τὺ</strong></span> <span class='ocrx_word' id='word_1_274' title='bbox 3620 2626 3782 2696; x_wconf 80' lang='grc' dir='ltr'>μέλος</span> 
     </span>
    </p>
   </div>
   <div class='ocr_carea' id='block_1_50' title="bbox 2193 2717 3784 2796">
    <p class='ocr_par' dir='ltr' id='par_1_50' title="bbox 2193 2717 3784 2796">
     <span class='ocr_line' id='line_1_50' title="bbox 2193 2717 3784 2796; baseline -0.008 -16"><span class='ocrx_word' id='word_1_275' title='bbox 2193 2725 2646 2796; x_wconf 74' lang='grc' dir='ltr'><strong>ἀνακρουόμενος.</strong></span> <span class='ocrx_word' id='word_1_276' title='bbox 2682 2724 2903 2778; x_wconf 82' lang='grc' dir='ltr'>Είπάτω</span> <span class='ocrx_word' id='word_1_277' title='bbox 2939 2721 3120 2776; x_wconf 90' lang='grc' dir='ltr'>τοίνυν</span> <span class='ocrx_word' id='word_1_278' title='bbox 3159 2723 3225 2773; x_wconf 89' lang='grc' dir='ltr'><strong>ἐκ</strong></span> <span class='ocrx_word' id='word_1_279' title='bbox 3279 2719 3383 2789; x_wconf 83' lang='grc' dir='ltr'>τῆς</span> <span class='ocrx_word' id='word_1_280' title='bbox 3433 2717 3619 2772; x_wconf 83' lang='grc' dir='ltr'>ἐνθέου</span> <span class='ocrx_word' id='word_1_281' title='bbox 3655 2717 3784 2788; x_wconf 85' lang='grc' dir='ltr'>μελ-</span> 
     </span>
    </p>
   </div>
   <div class='ocr_carea' id='block_1_51' title="bbox 2194 2806 3782 2886">
    <p class='ocr_par' dir='ltr' id='par_1_51' title="bbox 2194 2806 3782 2886">
     <span class='ocr_line' id='line_1_51' title="bbox 2194 2806 3782 2886; baseline -0.006 -15"><span class='ocrx_word' id='word_1_282' title='bbox 2194 2815 2362 2885; x_wconf 86' lang='grc' dir='ltr'>ῳδίας</span> <span class='ocrx_word' id='word_1_283' title='bbox 2384 2816 2620 2886; x_wconf 79' lang='grc' dir='ltr'><strong>ἐκείνης,</strong></span> <span class='ocrx_word' id='word_1_284' title='bbox 2641 2816 2703 2870; x_wconf 73' lang='grc' dir='ltr'><strong>τὸ</strong></span> <span class='ocrx_word' id='word_1_285' title='bbox 2740 2819 2805 2886; x_wconf 84' lang='grc' dir='ltr'><strong>τῇ</strong></span> <span class='ocrx_word' id='word_1_286' title='bbox 2841 2813 3093 2885; x_wconf 76' lang='grc' dir='ltr'>παρούσῃ</span> <span class='ocrx_word' id='word_1_287' title='bbox 3126 2812 3311 2883; x_wconf 83' lang='grc' dir='ltr'>χάριτι</span> <span class='ocrx_word' id='word_1_288' title='bbox 3343 2810 3654 2880; x_wconf 79' lang='grc' dir='ltr'>πρόσφορον</span> <span class='ocrx_word' id='word_1_289' title='bbox 3679 2806 3782 2876; x_wconf 70' lang='lat'><strong>(2),</strong></span> 
     </span>
    </p>
   </div>
   <div class='ocr_carea' id='block_1_52' title="bbox 2193 2900 3785 2976">
    <p class='ocr_par' dir='ltr' id='par_1_52' title="bbox 2193 2900 3785 2976">
     <span class='ocr_line' id='line_1_52' title="bbox 2193 2900 3785 2976; baseline -0.006 -16"><span class='ocrx_word' id='word_1_290' title='bbox 2193 2907 2276 2960; x_wconf 86' lang='grc' dir='ltr'>ὃτι</span> <span class='ocrx_word' id='word_1_291' title='bbox 2335 2906 2534 2968; x_wconf 74' lang='grc' dir='ltr'>Δεῦτε.</span> <span class='ocrx_word' id='word_1_292' title='bbox 2583 2904 3083 2976; x_wconf 61' lang='grc' dir='ltr'>ἀχωλιασώμεθα</span> <span class='ocrx_word' id='word_1_293' title='bbox 3122 2901 3202 2968; x_wconf 78' lang='grc' dir='ltr'>τῷ</span> <span class='ocrx_word' id='word_1_294' title='bbox 3251 2901 3464 2967; x_wconf 81' lang='grc' dir='ltr'>Κυρίῳ.</span> <span class='ocrx_word' id='word_1_295' title='bbox 3513 2900 3785 2972; x_wconf 78' lang='grc' dir='ltr'>Πρότερον</span> 
     </span>
    </p>
   </div>
   <div class='ocr_carea' id='block_1_53' title="bbox 2194 2987 3787 3071">
    <p class='ocr_par' dir='ltr' id='par_1_53' title="bbox 2194 2987 3787 3071">
     <span class='ocr_line' id='line_1_53' title="bbox 2194 2987 3787 3071; baseline -0.007 -20"><span class='ocrx_word' id='word_1_296' title='bbox 2194 2999 2300 3071; x_wconf 77' lang='grc' dir='ltr'>χρὴ</span> <span class='ocrx_word' id='word_1_297' title='bbox 2350 2997 2551 3069; x_wconf 80' lang='grc' dir='ltr'>γνῶναι</span> <span class='ocrx_word' id='word_1_298' title='bbox 2591 2999 2690 3069; x_wconf 79' lang='grc' dir='ltr'>τὴν</span> <span class='ocrx_word' id='word_1_299' title='bbox 2735 2998 2913 3067; x_wconf 77' lang='grc' dir='ltr'>χάριν.</span> <span class='ocrx_word' id='word_1_300' title='bbox 2949 2996 3070 3066; x_wconf 73' lang='grc' dir='ltr'>ἥτις</span> <span class='ocrx_word' id='word_1_301' title='bbox 3117 2991 3285 3055; x_wconf 67' lang='grc' dir='ltr'>ἐστὶν,</span> <span class='ocrx_word' id='word_1_302' title='bbox 3331 2987 3431 3044; x_wconf 83' lang='grc' dir='ltr'>εἷθ’</span> <span class='ocrx_word' id='word_1_303' title='bbox 3467 2989 3640 3053; x_wconf 77' lang='grc' dir='ltr'>οὕτως</span> <span class='ocrx_word' id='word_1_304' title='bbox 3685 2988 3787 3058; x_wconf 79' lang='grc' dir='ltr'>τὴν</span> 
     </span>
    </p>
   </div>
   <div class='ocr_carea' id='block_1_54' title="bbox 2197 3078 3785 3162">
    <p class='ocr_par' dir='ltr' id='par_1_54' title="bbox 2197 3078 3785 3162">
     <span class='ocr_line' id='line_1_54' title="bbox 2197 3078 3785 3162; baseline -0.009 -17"><span class='ocrx_word' id='word_1_305' title='bbox 2197 3090 2535 3162; x_wconf 80' lang='grc' dir='ltr'>κατάλληλον</span> <span class='ocrx_word' id='word_1_306' title='bbox 2561 3090 2627 3144; x_wconf 82' lang='grc' dir='ltr'><strong>ἐκ</strong></span> <span class='ocrx_word' id='word_1_307' title='bbox 2656 3089 2755 3161; x_wconf 74' lang='grc' dir='ltr'>τῆς</span> <span class='ocrx_word' id='word_1_308' title='bbox 2793 3086 3131 3159; x_wconf 79' lang='grc' dir='ltr'>προφητείας</span> <span class='ocrx_word' id='word_1_309' title='bbox 3163 3082 3472 3155; x_wconf 73' lang='grc' dir='ltr'>ἐφαρμόσαι</span> <span class='ocrx_word' id='word_1_310' title='bbox 3496 3083 3562 3152; x_wconf 82' lang='grc' dir='ltr'>τῇ</span> <span class='ocrx_word' id='word_1_311' title='bbox 3591 3078 3785 3134; x_wconf 76' lang='grc' dir='ltr'>ὐποθέ-</span> 
     </span>
    </p>
   </div>
   <div class='ocr_carea' id='block_1_55' title="bbox 2197 3169 3787 3254">
    <p class='ocr_par' dir='ltr' id='par_1_55' title="bbox 2197 3169 3787 3254">
     <span class='ocr_line' id='line_1_55' title="bbox 2197 3169 3787 3254; baseline -0.009 -17"><span class='ocrx_word' id='word_1_312' title='bbox 2197 3201 2281 3236; x_wconf 80' lang='grc' dir='ltr'><strong>σει</strong></span> <span class='ocrx_word' id='word_1_313' title='bbox 2314 3185 2500 3254; x_wconf 85' lang='grc' dir='ltr'>φωνήν</span> <span class='ocrx_word' id='word_1_314' title='bbox 2526 3199 2540 3212; x_wconf 91' lang='grc'><strong>·</strong></span> <span class='ocrx_word' id='word_1_315' title='bbox 2577 3183 2673 3237; x_wconf 89' lang='grc' dir='ltr'><strong>καί</strong></span> <span class='ocrx_word' id='word_1_316' title='bbox 2716 3199 2806 3252; x_wconf 78' lang='grc' dir='ltr'><strong>μοι</strong></span> <span class='ocrx_word' id='word_1_317' title='bbox 2840 3179 2980 3249; x_wconf 78' lang='grc' dir='ltr'>δότε,</span> <span class='ocrx_word' id='word_1_318' title='bbox 3022 3175 3204 3241; x_wconf 83' lang='grc' dir='ltr'>καθὼς</span> <span class='ocrx_word' id='word_1_319' title='bbox 3235 3175 3301 3230; x_wconf 76' lang='grc' dir='ltr'>ἂν</span> <span class='ocrx_word' id='word_1_320' title='bbox 3407 3172 3650 3235; x_wconf 64' lang='grc' dir='ltr'>δυνατόν,</span> <span class='ocrx_word' id='word_1_321' title='bbox 3698 3171 3787 3224; x_wconf 84' lang='grc' dir='ltr'>διά</span> 
     </span>
    </p>
   </div>
   <div class='ocr_carea' id='block_1_56' title="bbox 2193 3264 3786 3343">
    <p class='ocr_par' dir='ltr' id='par_1_56' title="bbox 2193 3264 3786 3343">
     <span class='ocr_line' id='line_1_56' title="bbox 2193 3264 3786 3343; baseline -0.005 -15"><span class='ocrx_word' id='word_1_322' title='bbox 2193 3293 2341 3340; x_wconf 85' lang='grc' dir='ltr'>τινος</span> <span class='ocrx_word' id='word_1_323' title='bbox 2375 3275 2672 3330; x_wconf 81' lang='grc' dir='ltr'>ἀκολούθου</span> <span class='ocrx_word' id='word_1_324' title='bbox 2702 3273 2913 3340; x_wconf 76' lang='grc' dir='ltr'>τάξεως</span> <span class='ocrx_word' id='word_1_325' title='bbox 2943 3272 3273 3343; x_wconf 79' lang='grc' dir='ltr'>διασαφῆσαι</span> <span class='ocrx_word' id='word_1_326' title='bbox 3303 3267 3396 3324; x_wconf 73' lang='grc' dir='ltr'><strong>τὸν</strong></span> <span class='ocrx_word' id='word_1_327' title='bbox 3421 3285 3549 3341; x_wconf 86' lang='grc' dir='ltr'>περι</span> <span class='ocrx_word' id='word_1_328' title='bbox 3578 3264 3786 3323; x_wconf 73' lang='grc' dir='ltr'>τούτων</span> 
     </span>
    </p>
   </div>
   <div class='ocr_carea' id='block_1_57' title="bbox 2195 3361 3788 3437">
    <p class='ocr_par' dir='ltr' id='par_1_57' title="bbox 2195 3361 3788 3437">
     <span class='ocr_line' id='line_1_57' title="bbox 2195 3361 3788 3437; baseline -0.005 -16"><span class='ocrx_word' id='word_1_329' title='bbox 2195 3368 2370 3436; x_wconf 80' lang='grc' dir='ltr'>λόγον·</span> <span class='ocrx_word' id='word_1_330' title='bbox 2420 3366 2742 3437; x_wconf 85' lang='grc' dir='ltr'>Πεπλάνητο</span> <span class='ocrx_word' id='word_1_331' title='bbox 2779 3367 2899 3421; x_wconf 86' lang='grc' dir='ltr'>κατ’</span> <span class='ocrx_word' id='word_1_332' title='bbox 2932 3364 3108 3437; x_wconf 86' lang='grc' dir='ltr'>ἀρχὰς</span> <span class='ocrx_word' id='word_1_333' title='bbox 3146 3366 3206 3418; x_wconf 77' lang='grc' dir='ltr'><strong>τδ</strong></span> <span class='ocrx_word' id='word_1_334' title='bbox 3243 3362 3606 3435; x_wconf 82' lang='grc' dir='ltr'>ἀνθρώπινον,</span> <span class='ocrx_word' id='word_1_335' title='bbox 3649 3361 3788 3432; x_wconf 83' lang='grc' dir='ltr'>πρὸς</span> 
     </span>
    </p>
   </div>
   <div class='ocr_carea' id='block_1_58' title="bbox 2199 3452 3787 3530">
    <p class='ocr_par' dir='ltr' id='par_1_58' title="bbox 2199 3452 3787 3530">
     <span class='ocr_line' id='line_1_58' title="bbox 2199 3452 3787 3530; baseline -0.003 -20"><span class='ocrx_word' id='word_1_336' title='bbox 2199 3459 2297 3530; x_wconf 78' lang='grc' dir='ltr'>τὴν</span> <span class='ocrx_word' id='word_1_337' title='bbox 2326 3459 2420 3510; x_wconf 82' lang='grc' dir='ltr'><strong>τοῦ</strong></span> <span class='ocrx_word' id='word_1_338' title='bbox 2445 3457 2583 3511; x_wconf 78' lang='grc' dir='ltr'>Θεοῦ</span> <span class='ocrx_word' id='word_1_339' title='bbox 2617 3457 2966 3528; x_wconf 77' lang='grc' dir='ltr'>κατανόησιν,</span> <span class='ocrx_word' id='word_1_340' title='bbox 3008 3456 3104 3510; x_wconf 69' lang='grc' dir='ltr'>καὶ</span> <span class='ocrx_word' id='word_1_341' title='bbox 3144 3455 3538 3518; x_wconf 83' lang='grc' dir='ltr'>καταλιπόντες</span> <span class='ocrx_word' id='word_1_342' title='bbox 3567 3453 3658 3506; x_wconf 78' lang='grc' dir='ltr'>τὸν</span> <span class='ocrx_word' id='word_1_343' title='bbox 3686 3452 3787 3523; x_wconf 82' lang='grc' dir='ltr'>τῆς</span> 
     </span>
    </p>
   </div>
   <div class='ocr_carea' id='block_1_59' title="bbox 2201 3542 3790 3621">
    <p class='ocr_par' dir='ltr' id='par_1_59' title="bbox 2201 3542 3790 3621">
     <span class='ocr_line' id='line_1_59' title="bbox 2201 3542 3790 3621; baseline -0.006 -18"><span class='ocrx_word' id='word_1_344' title='bbox 2201 3549 2432 3614; x_wconf 81' lang='grc' dir='ltr'>κτίσεως</span> <span class='ocrx_word' id='word_1_345' title='bbox 2467 3549 2675 3621; x_wconf 80' lang='grc' dir='ltr'>Κύριον</span> <span class='ocrx_word' id='word_1_346' title='bbox 2698 3589 2714 3612; x_wconf 87' lang='grc'><strong>,</strong></span> <span class='ocrx_word' id='word_1_347' title='bbox 2743 3549 2793 3601; x_wconf 88' lang='grc' dir='ltr'><strong>οί</strong></span> <span class='ocrx_word' id='word_1_348' title='bbox 2826 3548 2926 3619; x_wconf 81' lang='grc' dir='ltr'>μὲν</span> <span class='ocrx_word' id='word_1_349' title='bbox 2959 3549 3073 3610; x_wconf 88' lang='grc' dir='ltr'>τοῖς</span> <span class='ocrx_word' id='word_1_350' title='bbox 3115 3546 3210 3601; x_wconf 84' lang='grc' dir='ltr'><strong>τοῦ</strong></span> <span class='ocrx_word' id='word_1_351' title='bbox 3257 3546 3461 3615; x_wconf 84' lang='grc' dir='ltr'>κόσμου</span> <span class='ocrx_word' id='word_1_352' title='bbox 3506 3542 3790 3612; x_wconf 85' lang='grc' dir='ltr'>στοιχείοις</span> 
     </span>
    </p>
   </div>
   <div class='ocr_carea' id='block_1_60' title="bbox 2193 3633 3788 3711">
    <p class='ocr_par' dir='ltr' id='par_1_60' title="bbox 2193 3633 3788 3711">
     <span class='ocr_line' id='line_1_60' title="bbox 2193 3633 3788 3711; baseline -0.006 -19"><span class='ocrx_word' id='word_1_353' title='bbox 2193 3639 2264 3692; x_wconf 82' lang='grc' dir='ltr'><strong>δι’</strong></span> <span class='ocrx_word' id='word_1_354' title='bbox 2307 3641 2527 3710; x_wconf 84' lang='grc' dir='ltr'>ἀπάτην</span> <span class='ocrx_word' id='word_1_355' title='bbox 2551 3639 2629 3711; x_wconf 76' lang='lat'><strong>(3)</strong></span> <span class='ocrx_word' id='word_1_356' title='bbox 2667 3640 3010 3702; x_wconf 76' lang='grc' dir='ltr'>ὑπέκυπτον,</span> <span class='ocrx_word' id='word_1_357' title='bbox 3049 3637 3198 3692; x_wconf 78' lang='grc' dir='ltr'>ἄλλοι</span> <span class='ocrx_word' id='word_1_358' title='bbox 3229 3636 3284 3690; x_wconf 87' lang='grc' dir='ltr'><strong>δέ</strong></span> <span class='ocrx_word' id='word_1_359' title='bbox 3319 3637 3418 3706; x_wconf 81' lang='grc' dir='ltr'>τὴν</span> <span class='ocrx_word' id='word_1_360' title='bbox 3456 3634 3564 3687; x_wconf 84' lang='grc' dir='ltr'><strong>τῶν</strong></span> <span class='ocrx_word' id='word_1_361' title='bbox 3599 3633 3788 3700; x_wconf 84' lang='grc' dir='ltr'>δαιμό-</span> 
     </span>
    </p>
   </div>
   <div class='ocr_carea' id='block_1_61' title="bbox 2199 3723 3786 3804">
    <p class='ocr_par' dir='ltr' id='par_1_61' title="bbox 2199 3723 3786 3804">
     <span class='ocr_line' id='line_1_61' title="bbox 2199 3723 3786 3804; baseline -0.008 -17"><span class='ocrx_word' id='word_1_362' title='bbox 2199 3748 2306 3786; x_wconf 88' lang='grc' dir='ltr'>νων</span> <span class='ocrx_word' id='word_1_363' title='bbox 2345 3731 2506 3804; x_wconf 86' lang='grc' dir='ltr'>φύσιν</span> <span class='ocrx_word' id='word_1_364' title='bbox 2533 3730 2812 3786; x_wconf 80' lang='grc' dir='ltr'>ἐποιοῦντο</span> <span class='ocrx_word' id='word_1_365' title='bbox 2866 3730 3188 3800; x_wconf 77' lang='grc' dir='ltr'>σεὸάσμιον,</span> <span class='ocrx_word' id='word_1_366' title='bbox 3219 3725 3434 3788; x_wconf 82' lang='grc' dir='ltr'>πολλοῖς</span> <span class='ocrx_word' id='word_1_367' title='bbox 3461 3724 3517 3778; x_wconf 85' lang='grc' dir='ltr'><strong>δέ</strong></span> <span class='ocrx_word' id='word_1_368' title='bbox 3540 3723 3601 3776; x_wconf 79' lang='grc' dir='ltr'>τὸ</span> <span class='ocrx_word' id='word_1_369' title='bbox 3629 3723 3786 3775; x_wconf 88' lang='grc' dir='ltr'>Θεῖον</span> 
     </span>
    </p>
   </div>
   <div class='ocr_carea' id='block_1_62' title="bbox 2199 3808 3788 3894">
    <p class='ocr_par' dir='ltr' id='par_1_62' title="bbox 2199 3808 3788 3894">
     <span class='ocr_line' id='line_1_62' title="bbox 2199 3808 3788 3894; baseline -0.008 -16"><span class='ocrx_word' id='word_1_370' title='bbox 2199 3824 2374 3878; x_wconf 86' lang='grc' dir='ltr'>ἐδόκει</span> <span class='ocrx_word' id='word_1_371' title='bbox 2402 3825 2497 3878; x_wconf 72' lang='grc' dir='ltr'>καὶ</span> <span class='ocrx_word' id='word_1_372' title='bbox 2541 3825 2574 3894; x_wconf 79' lang='grc' dir='ltr'><strong>ἡ</strong></span> <span class='ocrx_word' id='word_1_373' title='bbox 2613 3821 2990 3894; x_wconf 83' lang='grc' dir='ltr'>χειροποίητος</span> <span class='ocrx_word' id='word_1_374' title='bbox 3028 3819 3137 3872; x_wconf 85' lang='grc' dir='ltr'><strong>τῶν</strong></span> <span class='ocrx_word' id='word_1_375' title='bbox 3184 3817 3416 3870; x_wconf 78' lang='grc' dir='ltr'>εἰδώλων</span> <span class='ocrx_word' id='word_1_376' title='bbox 3451 3813 3665 3886; x_wconf 85' lang='grc' dir='ltr'>μορφὴ,</span> <span class='ocrx_word' id='word_1_377' title='bbox 3704 3808 3788 3877; x_wconf 74' lang='grc' dir='ltr'>οἷς</span> 
     </span>
    </p>
   </div>
   <div class='ocr_carea' id='block_1_63' title="bbox 2203 3904 3786 3988">
    <p class='ocr_par' dir='ltr' id='par_1_63' title="bbox 2203 3904 3786 3988">
     <span class='ocr_line' id='line_1_63' title="bbox 2203 3904 3786 3988; baseline -0.009 -17"><span class='ocrx_word' id='word_1_378' title='bbox 2203 3916 2374 3988; x_wconf 82' lang='grc' dir='ltr'>βωμοί</span> <span class='ocrx_word' id='word_1_379' title='bbox 2399 3934 2481 3981; x_wconf 89' lang='grc' dir='ltr'><strong>τε,</strong></span> <span class='ocrx_word' id='word_1_380' title='bbox 2507 3918 2604 3970; x_wconf 73' lang='grc' dir='ltr'>καὶ</span> <span class='ocrx_word' id='word_1_381' title='bbox 2642 3917 2783 3977; x_wconf 74' lang='grc' dir='ltr'>ναοὶ,</span> <span class='ocrx_word' id='word_1_382' title='bbox 2813 3915 2908 3969; x_wconf 76' lang='grc' dir='ltr'>καὶ</span> <span class='ocrx_word' id='word_1_383' title='bbox 2943 3913 3191 3971; x_wconf 77' lang='grc' dir='ltr'>τελεταὶ,</span> <span class='ocrx_word' id='word_1_384' title='bbox 3220 3909 3315 3963; x_wconf 76' lang='grc' dir='ltr'><strong>καὶ</strong></span> <span class='ocrx_word' id='word_1_385' title='bbox 3348 3906 3550 3968; x_wconf 81' lang='grc' dir='ltr'>θυσίαι,</span> <span class='ocrx_word' id='word_1_386' title='bbox 3581 3904 3676 3958; x_wconf 76' lang='grc' dir='ltr'>καὶ</span> <span class='ocrx_word' id='word_1_387' title='bbox 3697 3921 3786 3958; x_wconf 79' lang='grc' dir='ltr'>τε·</span> 
     </span>
    </p>
   </div>
   <div class='ocr_carea' id='block_1_64' title="bbox 2203 3994 3788 4079">
    <p class='ocr_par' dir='ltr' id='par_1_64' title="bbox 2203 3994 3788 4079">
     <span class='ocr_line' id='line_1_64' title="bbox 2203 3994 3788 4079; baseline -0.009 -17"><span class='ocrx_word' id='word_1_388' title='bbox 2203 4008 2362 4079; x_wconf 83' lang='grc' dir='ltr'>μένη,</span> <span class='ocrx_word' id='word_1_389' title='bbox 2403 4007 2497 4061; x_wconf 73' lang='grc' dir='ltr'>καὶ</span> <span class='ocrx_word' id='word_1_390' title='bbox 2538 4006 2923 4076; x_wconf 85' lang='grc' dir='ltr'>ἀφιδρύματα,</span> <span class='ocrx_word' id='word_1_391' title='bbox 2958 4002 3053 4056; x_wconf 76' lang='grc' dir='ltr'>καὶ</span> <span class='ocrx_word' id='word_1_392' title='bbox 3084 4001 3260 4054; x_wconf 86' lang='grc' dir='ltr'>πάντα</span> <span class='ocrx_word' id='word_1_393' title='bbox 3288 3997 3358 4052; x_wconf 83' lang='grc' dir='ltr'>τὰ</span> <span class='ocrx_word' id='word_1_394' title='bbox 3393 3994 3618 4051; x_wconf 79' lang='grc' dir='ltr'>τοιαῦτα</span> <span class='ocrx_word' id='word_1_395' title='bbox 3653 3996 3788 4066; x_wconf 75' lang='grc' dir='ltr'>παρ’</span> 
     </span>
    </p>
   </div>
   <div class='ocr_carea' id='block_1_65' title="bbox 2199 4086 3789 4164">
    <p class='ocr_par' dir='ltr' id='par_1_65' title="bbox 2199 4086 3789 4164">
     <span class='ocr_line' id='line_1_65' title="bbox 2199 4086 3789 4164; baseline -0.01 -11"><span class='ocrx_word' id='word_1_396' title='bbox 2199 4099 2378 4154; x_wconf 84' lang='grc' dir='ltr'>αὐτῶν</span> <span class='ocrx_word' id='word_1_397' title='bbox 2441 4095 2715 4150; x_wconf 82' lang='grc' dir='ltr'>ἀνετίθετο</span> <span class='ocrx_word' id='word_1_398' title='bbox 2769 4096 2848 4159; x_wconf 86' lang='grc' dir='ltr'><strong>εἰς</strong></span> <span class='ocrx_word' id='word_1_399' title='bbox 2905 4091 3202 4164; x_wconf 87' lang='grc' dir='ltr'>θεραπείαν</span> <span class='ocrx_word' id='word_1_400' title='bbox 3257 4089 3364 4142; x_wconf 85' lang='grc' dir='ltr'><strong>τῶν</strong></span> <span class='ocrx_word' id='word_1_401' title='bbox 3416 4086 3789 4157; x_wconf 80' lang='grc' dir='ltr'>ψευδωνύμων</span> 
     </span>
    </p>
   </div>
   <div class='ocr_carea' id='block_1_66' title="bbox 2199 4175 3787 4256">
    <p class='ocr_par' dir='ltr' id='par_1_66' title="bbox 2199 4175 3787 4256">
     <span class='ocr_line' id='line_1_66' title="bbox 2199 4175 3787 4256; baseline -0.009 -14"><span class='ocrx_word' id='word_1_402' title='bbox 2199 4189 2359 4244; x_wconf 86' lang='grc' dir='ltr'>θεῶν.</span> <span class='ocrx_word' id='word_1_403' title='bbox 2388 4183 2510 4241; x_wconf 81' lang='grc' dir='ltr'>Εῐδε</span> <span class='ocrx_word' id='word_1_404' title='bbox 2537 4187 2716 4241; x_wconf 86' lang='grc' dir='ltr'>τοίνυν</span> <span class='ocrx_word' id='word_1_405' title='bbox 2740 4185 2818 4256; x_wconf 83' lang='grc' dir='ltr'>τῷ</span> <span class='ocrx_word' id='word_1_406' title='bbox 2842 4185 2939 4256; x_wconf 85' lang='grc' dir='ltr'>τῆς</span> <span class='ocrx_word' id='word_1_407' title='bbox 2963 4179 3370 4252; x_wconf 85' lang='grc' dir='ltr'>φιλανθρωπίας</span> <span class='ocrx_word' id='word_1_408' title='bbox 3391 4175 3656 4248; x_wconf 82' lang='grc' dir='ltr'>ὀφθαλμῷ</span> <span class='ocrx_word' id='word_1_409' title='bbox 3684 4175 3787 4245; x_wconf 81' lang='grc' dir='ltr'>τὴν</span> 
     </span>
    </p>
   </div>
   <div class='ocr_carea' id='block_1_67' title="bbox 2197 4266 3786 4352">
    <p class='ocr_par' dir='ltr' id='par_1_67' title="bbox 2197 4266 3786 4352">
     <span class='ocr_line' id='line_1_67' title="bbox 2197 4266 3786 4352; baseline -0.009 -17"><span class='ocrx_word' id='word_1_410' title='bbox 2197 4281 2296 4352; x_wconf 86' lang='grc' dir='ltr'>τῆς</span> <span class='ocrx_word' id='word_1_411' title='bbox 2320 4279 2538 4350; x_wconf 84' lang='grc' dir='ltr'>φύσεως</span> <span class='ocrx_word' id='word_1_412' title='bbox 2557 4279 2668 4332; x_wconf 88' lang='grc' dir='ltr'><strong>τῶν</strong></span> <span class='ocrx_word' id='word_1_413' title='bbox 2691 4276 2994 4349; x_wconf 83' lang='grc' dir='ltr'>ἀνθρώπων</span> <span class='ocrx_word' id='word_1_414' title='bbox 3018 4271 3317 4344; x_wconf 74' lang='grc' dir='ltr'>διαφθορὰν</span> <span class='ocrx_word' id='word_1_415' title='bbox 3334 4272 3362 4324; x_wconf 85' lang='grc' dir='ltr'>ὁ</span> <span class='ocrx_word' id='word_1_416' title='bbox 3385 4269 3662 4338; x_wconf 82' lang='grc' dir='ltr'>Δεσπότης</span> <span class='ocrx_word' id='word_1_417' title='bbox 3686 4266 3786 4336; x_wconf 78' lang='grc' dir='ltr'>τῆς</span> 
     </span>
    </p>
   </div>
   <div class='ocr_carea' id='block_1_68' title="bbox 2199 4357 3786 4444">
    <p class='ocr_par' dir='ltr' id='par_1_68' title="bbox 2199 4357 3786 4444">
     <span class='ocr_line' id='line_1_68' title="bbox 2199 4357 3786 4444; baseline -0.013 -14"><span class='ocrx_word' id='word_1_418' title='bbox 2199 4375 2445 4444; x_wconf 88' lang='grc' dir='ltr'>φύσεως,</span> <span class='ocrx_word' id='word_1_419' title='bbox 2476 4373 2571 4428; x_wconf 73' lang='grc' dir='ltr'>καὶ</span> <span class='ocrx_word' id='word_1_420' title='bbox 2613 4372 2702 4426; x_wconf 83' lang='grc' dir='ltr'>διά</span> <span class='ocrx_word' id='word_1_421' title='bbox 2734 4386 2880 4433; x_wconf 88' lang='grc' dir='ltr'>τινος</span> <span class='ocrx_word' id='word_1_422' title='bbox 2925 4364 3245 4428; x_wconf 86' lang='grc' dir='ltr'>ἀκολουθίας</span> <span class='ocrx_word' id='word_1_423' title='bbox 3289 4361 3399 4417; x_wconf 78' lang='grc' dir='ltr'>ἀπὸ</span> <span class='ocrx_word' id='word_1_424' title='bbox 3426 4361 3526 4431; x_wconf 82' lang='grc' dir='ltr'>τῆς</span> <span class='ocrx_word' id='word_1_425' title='bbox 3577 4357 3786 4426; x_wconf 79' lang='grc' dir='ltr'>πλάνης</span> 
     </span>
    </p>
   </div>
   <div class='ocr_carea' id='block_1_69' title="bbox 2199 4445 3782 4535">
    <p class='ocr_par' dir='ltr' id='par_1_69' title="bbox 2199 4445 3782 4535">
     <span class='ocr_line' id='line_1_69' title="bbox 2199 4445 3782 4535; baseline -0.013 -16"><span class='ocrx_word' id='word_1_426' title='bbox 2199 4466 2461 4534; x_wconf 81' lang='grc' dir='ltr'>ἐπανάγει</span> <span class='ocrx_word' id='word_1_427' title='bbox 2502 4463 2601 4535; x_wconf 75' lang='grc' dir='ltr'>τὴν</span> <span class='ocrx_word' id='word_1_428' title='bbox 2634 4459 2982 4532; x_wconf 83' lang='grc' dir='ltr'>ἀνθρωπίνην</span> <span class='ocrx_word' id='word_1_429' title='bbox 3023 4455 3168 4528; x_wconf 75' lang='grc' dir='ltr'>ζωὴν</span> <span class='ocrx_word' id='word_1_430' title='bbox 3203 4453 3341 4525; x_wconf 82' lang='grc' dir='ltr'>πρὸς</span> <span class='ocrx_word' id='word_1_431' title='bbox 3381 4449 3481 4522; x_wconf 78' lang='grc' dir='ltr'>τὴν</span> <span class='ocrx_word' id='word_1_432' title='bbox 3523 4451 3622 4519; x_wconf 80' lang='grc' dir='ltr'>τῆς</span> <span class='ocrx_word' id='word_1_433' title='bbox 3656 4445 3782 4517; x_wconf 82' lang='grc' dir='ltr'>ἀληο</span> 
     </span>
    </p>
   </div>
   <div class='ocr_carea' id='block_1_70' title="bbox 2199 4535 3788 4622">
    <p class='ocr_par' dir='ltr' id='par_1_70' title="bbox 2199 4535 3788 4622">
     <span class='ocr_line' id='line_1_70' title="bbox 2199 4535 3788 4622; baseline -0.013 -14"><span class='ocrx_word' id='word_1_434' title='bbox 2199 4553 2349 4618; x_wconf 87' lang='grc' dir='ltr'>θείας</span> <span class='ocrx_word' id='word_1_435' title='bbox 2375 4554 2689 4622; x_wconf 83' lang='grc' dir='ltr'>ἐπίγνωσιν.</span> <span class='ocrx_word' id='word_1_436' title='bbox 2723 4551 2933 4619; x_wconf 84' lang='grc' dir='ltr'>Ὥσπερ</span> <span class='ocrx_word' id='word_1_437' title='bbox 2958 4547 3066 4618; x_wconf 80' lang='grc' dir='ltr'>γὰρ</span> <span class='ocrx_word' id='word_1_438' title='bbox 3091 4546 3140 4599; x_wconf 79' lang='grc' dir='ltr'>οἱ</span> <span class='ocrx_word' id='word_1_439' title='bbox 3171 4545 3298 4607; x_wconf 81' lang='grc' dir='ltr'>τοὺς</span> <span class='ocrx_word' id='word_1_440' title='bbox 3326 4543 3384 4594; x_wconf 87' lang='grc' dir='ltr'><strong>ἐν</strong></span> <span class='ocrx_word' id='word_1_441' title='bbox 3413 4538 3562 4611; x_wconf 86' lang='grc' dir='ltr'>λιμῷ</span> <span class='ocrx_word' id='word_1_442' title='bbox 3585 4535 3788 4609; x_wconf 85' lang='grc' dir='ltr'>χρονίῳ</span> 
     </span>
    </p>
   </div>
   <div class='ocr_carea' id='block_1_71' title="bbox 2201 4631 3786 4716">
    <p class='ocr_par' dir='ltr' id='par_1_71' title="bbox 2201 4631 3786 4716">
     <span class='ocr_line' id='line_1_71' title="bbox 2201 4631 3786 4716; baseline -0.011 -17"><span class='ocrx_word' id='word_1_443' title='bbox 2201 4645 2623 4716; x_wconf 84' lang='grc' dir='ltr'>συντετηκότας,</span> <span class='ocrx_word' id='word_1_444' title='bbox 2668 4641 2808 4714; x_wconf 88' lang='grc' dir='ltr'><strong>μετά</strong></span> <span class='ocrx_word' id='word_1_445' title='bbox 2833 4657 2983 4702; x_wconf 91' lang='grc' dir='ltr'>τινος</span> <span class='ocrx_word' id='word_1_446' title='bbox 3013 4635 3261 4709; x_wconf 85' lang='grc' dir='ltr'>ἰατρικῆς</span> <span class='ocrx_word' id='word_1_447' title='bbox 3303 4633 3618 4703; x_wconf 79' lang='grc' dir='ltr'>ἐπιστήμης</span> <span class='ocrx_word' id='word_1_448' title='bbox 3652 4631 3786 4683; x_wconf 84' lang='grc' dir='ltr'>ἀνα-</span> 
     </span>
    </p>
   </div>
   <div class='ocr_carea' id='block_1_72' title="bbox 2197 4719 3787 4808">
    <p class='ocr_par' dir='ltr' id='par_1_72' title="bbox 2197 4719 3787 4808">
     <span class='ocr_line' id='line_1_72' title="bbox 2197 4719 3787 4808; baseline -0.013 -17"><span class='ocrx_word' id='word_1_449' title='bbox 2197 4736 2592 4808; x_wconf 75' lang='grc' dir='ltr'>λαμϐάνοντες,</span> <span class='ocrx_word' id='word_1_450' title='bbox 2641 4733 2742 4786; x_wconf 81' lang='grc' dir='ltr'>οὐκ</span> <span class='ocrx_word' id='word_1_451' title='bbox 2775 4731 2986 4803; x_wconf 87' lang='grc' dir='ltr'>ἀθρόως</span> <span class='ocrx_word' id='word_1_452' title='bbox 3033 4727 3127 4781; x_wconf 71' lang='grc' dir='ltr'><strong>ἐπὶ</strong></span> <span class='ocrx_word' id='word_1_453' title='bbox 3167 4725 3260 4780; x_wconf 84' lang='grc' dir='ltr'>τὸν</span> <span class='ocrx_word' id='word_1_454' title='bbox 3305 4725 3468 4795; x_wconf 89' lang='grc' dir='ltr'>κόρον</span> <span class='ocrx_word' id='word_1_455' title='bbox 3509 4719 3787 4792; x_wconf 80' lang='grc' dir='ltr'>προάγου-</span> 
     </span>
    </p>
   </div>
   <div class='ocr_carea' id='block_1_73' title="bbox 522 4810 2096 4896">
    <p class='ocr_par' dir='ltr' id='par_1_73' title="bbox 522 4815 2094 4891">
     <span class='ocr_line' id='line_1_73' title="bbox 522 4815 2094 4891; baseline 0.002 -19"><span class='ocrx_word' id='word_1_456' title='bbox 522 4815 794 4872; x_wconf 86' lang='lat' dir='ltr'><strong>borrenda</strong></span> <span class='ocrx_word' id='word_1_457' title='bbox 829 4818 994 4872; x_wconf 88' lang='lat' dir='ltr'><strong>veluti</strong></span> <span class='ocrx_word' id='word_1_458' title='bbox 1025 4818 1167 4874; x_wconf 81' lang='lat' dir='ltr'><strong>fame</strong></span> <span class='ocrx_word' id='word_1_459' title='bbox 1194 4819 1496 4874; x_wconf 89' lang='lat' dir='ltr'><strong>humanum</strong></span> <span class='ocrx_word' id='word_1_460' title='bbox 1528 4835 1702 4889; x_wconf 90' lang='lat' dir='ltr'><strong>genus</strong></span> <span class='ocrx_word' id='word_1_461' title='bbox 1744 4821 2094 4891; x_wconf 89' lang='lat' dir='ltr'><strong>absumptum</strong></span> 
     </span>
    </p>
   </div>
   <div class='ocr_carea' id='block_1_74' title="bbox 2196 4810 3790 4896">
    <p class='ocr_par' dir='ltr' id='par_1_74' title="bbox 2202 4810 3790 4896">
     <span class='ocr_line' id='line_1_74' title="bbox 2202 4810 3790 4896; baseline -0.012 -15"><span class='ocrx_word' id='word_1_462' title='bbox 2202 4843 2255 4880; x_wconf 89' lang='grc' dir='ltr'><strong>σι</strong></span> <span class='ocrx_word' id='word_1_463' title='bbox 2287 4825 2400 4896; x_wconf 70' lang='grc'>(4),</span> <span class='ocrx_word' id='word_1_464' title='bbox 2434 4825 2609 4894; x_wconf 82' lang='grc' dir='ltr'>φειδοῖ</span> <span class='ocrx_word' id='word_1_465' title='bbox 2643 4825 2743 4894; x_wconf 86' lang='grc' dir='ltr'>τῆς</span> <span class='ocrx_word' id='word_1_466' title='bbox 2787 4821 3073 4882; x_wconf 86' lang='grc' dir='ltr'>ἀσθενείας</span> <span class='ocrx_word' id='word_1_467' title='bbox 3120 4816 3338 4873; x_wconf 74' lang='grc' dir='ltr'>αὐτῶνο</span> <span class='ocrx_word' id='word_1_468' title='bbox 3382 4812 3520 4869; x_wconf 85' lang='grc' dir='ltr'><strong>ἀλλά</strong></span> <span class='ocrx_word' id='word_1_469' title='bbox 3561 4811 3650 4864; x_wconf 81' lang='grc' dir='ltr'><strong>διὰ</strong></span> <span class='ocrx_word' id='word_1_470' title='bbox 3691 4810 3790 4876; x_wconf 77' lang='grc' dir='ltr'>τῆς</span> 
     </span>
    </p>
   </div>
   <div class='ocr_carea' id='block_1_75' title="bbox 521 4899 2096 4989">
    <p class='ocr_par' dir='ltr' id='par_1_75' title="bbox 521 4911 2095 4982">
     <span class='ocr_line' id='line_1_75' title="bbox 521 4911 2095 4982; baseline 0.001 -17"><span class='ocrx_word' id='word_1_471' title='bbox 521 4917 704 4974; x_wconf 84' lang='lat' dir='ltr'><strong>esset,</strong></span> <span class='ocrx_word' id='word_1_472' title='bbox 732 4911 1120 4982; x_wconf 87' lang='lat' dir='ltr'><strong>mysteriorum</strong></span> <span class='ocrx_word' id='word_1_473' title='bbox 1165 4926 1350 4967; x_wconf 87' lang='lat' dir='ltr'><strong>escam</strong></span> <span class='ocrx_word' id='word_1_474' title='bbox 1389 4912 1576 4966; x_wconf 89' lang='lat' dir='ltr'><strong>divina</strong></span> <span class='ocrx_word' id='word_1_475' title='bbox 1607 4912 1717 4967; x_wconf 90' lang='lat' dir='ltr'><strong>illis</strong></span> <span class='ocrx_word' id='word_1_476' title='bbox 1755 4911 2095 4982; x_wconf 85' lang='lat' dir='ltr'><strong>providentia</strong></span> 
     </span>
    </p>
   </div>
   <div class='ocr_carea' id='block_1_76' title="bbox 2196 4899 3790 4989">
    <p class='ocr_par' dir='ltr' id='par_1_76' title="bbox 2210 4899 3790 4989">
     <span class='ocr_line' id='line_1_76' title="bbox 2210 4899 3790 4989; baseline -0.012 -17"><span class='ocrx_word' id='word_1_477' title='bbox 2210 4917 2523 4989; x_wconf 83' lang='grc' dir='ltr'>συμμέτρου</span> <span class='ocrx_word' id='word_1_478' title='bbox 2569 4914 2775 4987; x_wconf 85' lang='grc' dir='ltr'>τροφῆς</span> <span class='ocrx_word' id='word_1_479' title='bbox 2813 4909 3216 4983; x_wconf 85' lang='grc' dir='ltr'>ἀναληφθείσης</span> <span class='ocrx_word' id='word_1_480' title='bbox 3261 4906 3449 4970; x_wconf 85' lang='grc' dir='ltr'>αὐτοῖς</span> <span class='ocrx_word' id='word_1_481' title='bbox 3494 4904 3595 4973; x_wconf 82' lang='grc' dir='ltr'>τῆς</span> <span class='ocrx_word' id='word_1_482' title='bbox 3626 4899 3790 4989; x_wconf 78' lang='grc' dir='ltr'>δυνά-</span> 
     </span>
    </p>
   </div>
   <div class='ocr_carea' id='block_1_77' title="bbox 521 4986 2096 5079">
    <p class='ocr_par' dir='ltr' id='par_1_77' title="bbox 521 5000 2096 5074">
     <span class='ocr_line' id='line_1_77' title="bbox 521 5000 2096 5074; baseline 0.001 -18"><span class='ocrx_word' id='word_1_483' title='bbox 521 5000 627 5056; x_wconf 86' lang='lat' dir='ltr'><strong>hac</strong></span> <span class='ocrx_word' id='word_1_484' title='bbox 657 5002 871 5058; x_wconf 88' lang='lat' dir='ltr'><strong>ratione</strong></span> <span class='ocrx_word' id='word_1_485' title='bbox 895 5000 1254 5074; x_wconf 84' lang='lat' dir='ltr'><strong>dispensavit,</strong></span> <span class='ocrx_word' id='word_1_486' title='bbox 1284 5012 1346 5057; x_wconf 91' lang='lat' dir='ltr'><strong>ut</strong></span> <span class='ocrx_word' id='word_1_487' title='bbox 1381 5003 1436 5056; x_wconf 90' lang='lat' dir='ltr'><strong>in</strong></span> <span class='ocrx_word' id='word_1_488' title='bbox 1469 5003 1588 5060; x_wconf 87' lang='lat' dir='ltr'><strong>dies</strong></span> <span class='ocrx_word' id='word_1_489' title='bbox 1619 5003 1901 5072; x_wconf 88' lang='lat' dir='ltr'><strong>paulatim,</strong></span> <span class='ocrx_word' id='word_1_490' title='bbox 1933 5011 2096 5074; x_wconf 86' lang='lat' dir='ltr'><strong>atque</strong></span> 
     </span>
    </p>
   </div>
   <div class='ocr_carea' id='block_1_78' title="bbox 2196 4986 3788 5079">
    <p class='ocr_par' dir='ltr' id='par_1_78' title="bbox 2211 4986 3788 5079">
     <span class='ocr_line' id='line_1_78' title="bbox 2211 4986 3788 5079; baseline -0.015 -16"><span class='ocrx_word' id='word_1_491' title='bbox 2211 4986 2378 5079; x_wconf 81' lang='grc' dir='ltr'>μεως,</span> <span class='ocrx_word' id='word_1_492' title='bbox 2409 4986 2532 5060; x_wconf 76' lang='grc' dir='ltr'>τότε</span> <span class='ocrx_word' id='word_1_493' title='bbox 2581 4986 2924 5075; x_wconf 83' lang='grc' dir='ltr'>συγχωροῦσι</span> <span class='ocrx_word' id='word_1_494' title='bbox 2971 4997 3092 5054; x_wconf 80' lang='grc' dir='ltr'>κατ’</span> <span class='ocrx_word' id='word_1_495' title='bbox 3141 4995 3390 5063; x_wconf 79' lang='grc' dir='ltr'>ἐξουσίαν</span> <span class='ocrx_word' id='word_1_496' title='bbox 3427 4986 3788 5066; x_wconf 83' lang='grc' dir='ltr'>ἐμφορεῖσθαι</span> 
     </span>
    </p>
   </div>
   <div class='ocr_carea' id='block_1_79' title="bbox 594 5180 1060 5248">
    <p class='ocr_par' dir='ltr' id='par_1_79' title="bbox 594 5180 1060 5248">
     <span class='ocr_line' id='line_1_79' title="bbox 594 5180 1060 5248; baseline 0.002 -14"><span class='ocrx_word' id='word_1_497' title='bbox 594 5182 612 5214; x_wconf 88' lang='grc'>¹</span> <span class='ocrx_word' id='word_1_498' title='bbox 652 5180 798 5239; x_wconf 85' lang='lat' dir='ltr'><strong>Psal.</strong></span> <span class='ocrx_word' id='word_1_499' title='bbox 823 5196 968 5248; x_wconf 78' lang='lat' dir='ltr'><strong>xcrv,</strong></span> <span class='ocrx_word' id='word_1_500' title='bbox 1007 5181 1060 5235; x_wconf 80' lang='grc'><strong>1.</strong></span> 
     </span>
    </p>
   </div>
   <div class='ocr_carea' id='block_1_80' title="bbox 597 5321 3786 5404">
    <p class='ocr_par' dir='ltr' id='par_1_80' title="bbox 597 5321 3786 5404">
     <span class='ocr_line' id='line_1_80' title="bbox 597 5321 3786 5404; baseline -0.004 -17"><span class='ocrx_word' id='word_1_501' title='bbox 597 5333 674 5404; x_wconf 89' lang='lat' dir='ltr'><strong>(l)</strong></span> <span class='ocrx_word' id='word_1_502' title='bbox 696 5335 994 5400; x_wconf 66' lang='lat' dir='ltr'><strong>GALLM‘D.,</strong></span> <span class='ocrx_word' id='word_1_503' title='bbox 1027 5331 1116 5393; x_wconf 67' lang='lat' dir='ltr'><strong>Vl,</strong></span> <span class='ocrx_word' id='word_1_504' title='bbox 1153 5330 1278 5404; x_wconf 62' lang='lat' dir='ltr'><strong>(illi.</strong></span> <span class='ocrx_word' id='word_1_505' title='bbox 1323 5329 1606 5404; x_wconf 78' lang='lat' dir='ltr'><strong>-—_Edita</strong></span> <span class='ocrx_word' id='word_1_506' title='bbox 1634 5339 1718 5404; x_wconf 83' lang='lat' dir='ltr'><strong>est</strong></span> <span class='ocrx_word' id='word_1_507' title='bbox 1746 5329 1885 5404; x_wconf 76' lang='lat' dir='ltr'><strong>_h_:e_c</strong></span> <span class='ocrx_word' id='word_1_508' title='bbox 1925 5329 2102 5384; x_wconf 87' lang='lat' dir='ltr'><strong>oratio</strong></span> <span class='ocrx_word' id='word_1_509' title='bbox 2206 5331 2343 5384; x_wconf 80' lang='lat' dir='ltr'><strong>alios</strong></span> <span class='ocrx_word' id='word_1_510' title='bbox 2369 5331 2590 5404; x_wconf 81' lang='lat' dir='ltr'><strong>codices</strong></span> <span class='ocrx_word' id='word_1_511' title='bbox 2616 5331 2838 5404; x_wconf 73' lang='lat' dir='ltr'><strong>collato,</strong></span> <span class='ocrx_word' id='word_1_512' title='bbox 2863 5325 3058 5404; x_wconf 72' lang='lat' dir='ltr'><strong>addita</strong></span> <span class='ocrx_word' id='word_1_513' title='bbox 3115 5325 3342 5392; x_wconf 88' lang='lat' dir='ltr'><strong>insuper</strong></span> <span class='ocrx_word' id='word_1_514' title='bbox 3375 5321 3637 5404; x_wconf 56' lang='lat' dir='ltr'><strong>versione</strong></span> <span class='ocrx_word' id='word_1_515' title='bbox 3683 5331 3786 5399; x_wconf 73' lang='lat' dir='ltr'><strong>uo-</strong></span> 
     </span>
    </p>
   </div>
   <div class='ocr_carea' id='block_1_81' title="bbox 522 5396 3786 5465">
    <p class='ocr_par' dir='ltr' id='par_1_81' title="bbox 522 5396 3786 5465">
     <span class='ocr_line' id='line_1_81' title="bbox 522 5396 3786 5465; baseline -0.005 -7"><span class='ocrx_word' id='word_1_516' title='bbox 522 5396 718 5459; x_wconf 78' lang='lat' dir='ltr'><strong>Latine</strong></span> <span class='ocrx_word' id='word_1_517' title='bbox 752 5396 1078 5459; x_wconf 46' lang='lat' dir='ltr'><strong>tantum&#39;cx</strong></span> <span class='ocrx_word' id='word_1_518' title='bbox 1115 5401 1367 5456; x_wconf 80' lang='lat' dir='ltr'><strong>versione</strong></span> <span class='ocrx_word' id='word_1_519' title='bbox 1414 5399 1694 5454; x_wconf 83' lang='lat' dir='ltr'><strong>Francisci</strong></span> <span class='ocrx_word' id='word_1_520' title='bbox 1746 5399 1868 5452; x_wconf 89' lang='lat' dir='ltr'><strong>Ziui</strong></span> <span class='ocrx_word' id='word_1_521' title='bbox 1909 5419 1920 5451; x_wconf 91' lang='lat'><strong>:</strong></span> <span class='ocrx_word' id='word_1_522' title='bbox 1975 5416 2098 5452; x_wconf 86' lang='lat' dir='ltr'><strong>cum</strong></span> <span class='ocrx_word' id='word_1_523' title='bbox 2205 5412 2341 5458; x_wconf 83' lang='lat' dir='ltr'><strong>stra,</strong></span> <span class='ocrx_word' id='word_1_524' title='bbox 2369 5410 2428 5454; x_wconf 94' lang='lat' dir='ltr'><strong>ut</strong></span> <span class='ocrx_word' id='word_1_525' title='bbox 2460 5402 2656 5456; x_wconf 87' lang='lat' dir='ltr'><strong>melius</strong></span> <span class='ocrx_word' id='word_1_526' title='bbox 2674 5399 2876 5455; x_wconf 87' lang='lat' dir='ltr'><strong>eruditi</strong></span> <span class='ocrx_word' id='word_1_527' title='bbox 2899 5396 3221 5465; x_wconf 75' lang='lat' dir='ltr'><strong>dignoscere</strong></span> <span class='ocrx_word' id='word_1_528' title='bbox 3240 5396 3476 5462; x_wconf 82' lang='lat' dir='ltr'><strong>possint,</strong></span> <span class='ocrx_word' id='word_1_529' title='bbox 3502 5407 3569 5446; x_wconf 87' lang='lat' dir='ltr'><strong>an</strong></span> <span class='ocrx_word' id='word_1_530' title='bbox 3591 5396 3786 5463; x_wconf 76' lang='lat' dir='ltr'><strong>genui-</strong></span> 
     </span>
    </p>
   </div>
   <div class='ocr_carea' id='block_1_82' title="bbox 528 5468 2869 5542">
    <p class='ocr_par' dir='ltr' id='par_1_82' title="bbox 528 5468 2869 5542">
     <span class='ocr_line' id='line_1_82' title="bbox 528 5468 2869 5542; baseline -0.003 -16"><span class='ocrx_word' id='word_1_531' title='bbox 528 5484 710 5528; x_wconf 85' lang='lat' dir='ltr'><strong>autcm</strong></span> <span class='ocrx_word' id='word_1_532' title='bbox 736 5472 925 5529; x_wconf 66' lang='lat' dir='ltr'><strong>Graece</strong></span> <span class='ocrx_word' id='word_1_533' title='bbox 961 5474 1269 5542; x_wconf 9' lang='lat' dir='ltr'><strong>haberetur,</strong></span> <span class='ocrx_word' id='word_1_534' title='bbox 1289 5473 1342 5525; x_wconf 92' lang='lat' dir='ltr'><strong>in</strong></span> <span class='ocrx_word' id='word_1_535' title='bbox 1373 5471 1553 5524; x_wconf 89' lang='lat' dir='ltr'><strong>tribus</strong></span> <span class='ocrx_word' id='word_1_536' title='bbox 1607 5469 1948 5540; x_wconf 89' lang='lat' dir='ltr'><strong>perantiquis</strong></span> <span class='ocrx_word' id='word_1_537' title='bbox 1977 5468 2101 5542; x_wconf 52' lang='grc' dir='ltr'><strong>Χο-</strong></span> <span class='ocrx_word' id='word_1_538' title='bbox 2204 5487 2311 5542; x_wconf 85' lang='lat' dir='ltr'><strong>nus</strong></span> <span class='ocrx_word' id='word_1_539' title='bbox 2334 5471 2417 5542; x_wconf 91' lang='lat' dir='ltr'><strong>_sit</strong></span> <span class='ocrx_word' id='word_1_540' title='bbox 2445 5470 2672 5542; x_wconf 82' lang='lat' dir='ltr'><strong>Nysseui</strong></span> <span class='ocrx_word' id='word_1_541' title='bbox 2705 5470 2869 5525; x_wconf 81' lang='lat' dir='ltr'><strong>fetus.</strong></span> 
     </span>
    </p>
   </div>
   <div class='ocr_carea' id='block_1_83' title="bbox 527 5537 2096 5672">
    <p class='ocr_par' dir='ltr' id='par_1_83' title="bbox 527 5537 2096 5672">
     <span class='ocr_line' id='line_1_83' title="bbox 527 5537 2096 5610; baseline -0.004 -13"><span class='ocrx_word' id='word_1_542' title='bbox 527 5546 724 5598; x_wconf 82' lang='lat' dir='ltr'><strong>ticame</strong></span> <span class='ocrx_word' id='word_1_543' title='bbox 761 5542 1104 5597; x_wconf 67' lang='lat' dir='ltr'><strong>bibliothecae</strong></span> <span class='ocrx_word' id='word_1_544' title='bbox 1153 5541 1440 5596; x_wconf 85' lang='lat' dir='ltr'><strong>codicibus</strong></span> <span class='ocrx_word' id='word_1_545' title='bbox 1487 5537 1716 5610; x_wconf 82' lang='lat' dir='ltr'><strong>signatis</strong></span> <span class='ocrx_word' id='word_1_546' title='bbox 1762 5553 1916 5591; x_wconf 93' lang='lat' dir='ltr'><strong>num.</strong></span> <span class='ocrx_word' id='word_1_547' title='bbox 1971 5539 2096 5602; x_wconf 71' lang='grc'><strong>564,</strong></span> 
     </span>
     <span class='ocr_line' id='line_1_84' title="bbox 531 5606 2096 5672; baseline -0.002 -7"><span class='ocrx_word' id='word_1_548' title='bbox 531 5615 669 5668; x_wconf 73' lang='lat' dir='ltr'><strong>M33</strong></span> <span class='ocrx_word' id='word_1_549' title='bbox 702 5612 940 5672; x_wconf 57' lang='lat'><strong>(41907.</strong></span> <span class='ocrx_word' id='word_1_550' title='bbox 967 5613 1020 5665; x_wconf 90' lang='lat' dir='ltr'><strong>in</strong></span> <span class='ocrx_word' id='word_1_551' title='bbox 1048 5613 1250 5672; x_wconf 83' lang='lat' dir='ltr'><strong>quibus</strong></span> <span class='ocrx_word' id='word_1_552' title='bbox 1281 5611 1465 5665; x_wconf 87' lang='lat' dir='ltr'><strong>omnia</strong></span> <span class='ocrx_word' id='word_1_553' title='bbox 1515 5611 1629 5664; x_wconf 77' lang='lat' dir='ltr'><strong>fere</strong></span> <span class='ocrx_word' id='word_1_554' title='bbox 1667 5607 1913 5672; x_wconf 80' lang='lat' dir='ltr'><strong>Gregorii</strong></span> <span class='ocrx_word' id='word_1_555' title='bbox 1956 5606 2096 5672; x_wconf 76' lang='lat' dir='ltr'><strong>Nys-</strong></span> 
     </span>
    </p>
   </div>
   <div class='ocr_carea' id='block_1_84' title="bbox 2196 5537 3092 5672">
    <p class='ocr_par' dir='ltr' id='par_1_84' title="bbox 2274 5537 3092 5672">
     <span class='ocr_line' id='line_1_85' title="bbox 2275 5537 3092 5672; baseline -0.011 -78"><span class='ocrx_word' id='word_1_556' title='bbox 2275 5540 2351 5672; x_wconf 55' lang='grc' dir='ltr'><strong>(ἒξ</strong></span> <span class='ocrx_word' id='word_1_557' title='bbox 2386 5537 2538 5594; x_wconf 75' lang='lat' dir='ltr'><strong>Alitis</strong></span> <span class='ocrx_word' id='word_1_558' title='bbox 2567 5541 2759 5602; x_wconf 78' lang='lat' dir='ltr'><strong>codex,</strong></span> <span class='ocrx_word' id='word_1_559' title='bbox 2785 5537 3092 5604; x_wconf 85' lang='grc' dir='ltr'>πρόσφορα.</span> 
     </span>
     <span class='ocr_line' id='line_1_86' title="bbox 2274 5604 3092 5672; baseline -0.023 -1"><span class='ocrx_word' id='word_1_560' title='bbox 2274 5614 2330 5672; x_wconf 76' lang='grc'><strong>(3</strong></span> <span class='ocrx_word' id='word_1_561' title='bbox 2392 5612 2546 5664; x_wconf 83' lang='lat' dir='ltr'><strong>Alius</strong></span> <span class='ocrx_word' id='word_1_562' title='bbox 2574 5611 2766 5671; x_wconf 75' lang='lat' dir='ltr'><strong>codex,</strong></span> <span class='ocrx_word' id='word_1_563' title='bbox 2799 5606 2866 5659; x_wconf 78' lang='grc' dir='ltr'>δι’</span> <span class='ocrx_word' id='word_1_564' title='bbox 2896 5604 3092 5672; x_wconf 54' lang='grc' dir='ltr'>ἀπάτηέ</span> 
     </span>
    </p>
   </div>
   <div class='ocr_carea' id='block_1_85' title="bbox 531 5604 3140 5681">
    <p class='ocr_par' dir='ltr' id='par_1_85' title="bbox 531 5604 3140 5681">
     <span class='ocr_line' id='line_1_87' title="bbox 531 5604 3140 5681; baseline -0.004 -16"><span class='ocrx_word' id='word_1_565' title='bbox 531 5615 669 5668; x_wconf 73' lang='lat' dir='ltr'><strong>M33</strong></span> <span class='ocrx_word' id='word_1_566' title='bbox 702 5612 940 5672; x_wconf 57' lang='lat'><strong>(41907.</strong></span> <span class='ocrx_word' id='word_1_567' title='bbox 967 5613 1020 5665; x_wconf 90' lang='lat' dir='ltr'><strong>in</strong></span> <span class='ocrx_word' id='word_1_568' title='bbox 1048 5613 1250 5681; x_wconf 83' lang='lat' dir='ltr'><strong>quibus</strong></span> <span class='ocrx_word' id='word_1_569' title='bbox 1281 5611 1465 5665; x_wconf 90' lang='lat' dir='ltr'><strong>omnia</strong></span> <span class='ocrx_word' id='word_1_570' title='bbox 1515 5604 1629 5664; x_wconf 74' lang='lat' dir='ltr'><strong>fere</strong></span> <span class='ocrx_word' id='word_1_571' title='bbox 1667 5607 1913 5681; x_wconf 82' lang='lat' dir='ltr'><strong>Gregorii</strong></span> <span class='ocrx_word' id='word_1_572' title='bbox 1956 5606 2099 5681; x_wconf 81' lang='lat' dir='ltr'><strong>_Nys-</strong></span> <span class='ocrx_word' id='word_1_573' title='bbox 2274 5604 2351 5678; x_wconf 62' lang='lat'><strong>(&#39;3)</strong></span> <span class='ocrx_word' id='word_1_574' title='bbox 2392 5612 2546 5664; x_wconf 84' lang='lat' dir='ltr'><strong>Alius</strong></span> <span class='ocrx_word' id='word_1_575' title='bbox 2574 5611 2766 5681; x_wconf 74' lang='lat' dir='ltr'><strong>codex,</strong></span> <span class='ocrx_word' id='word_1_576' title='bbox 2799 5606 2866 5659; x_wconf 78' lang='grc' dir='ltr'>δι’</span> <span class='ocrx_word' id='word_1_577' title='bbox 2896 5604 3140 5681; x_wconf 69' lang='grc' dir='ltr'>ἀπάτης.</span> 
     </span>
    </p>
   </div>
   <div class='ocr_carea' id='block_1_86' title="bbox 529 5674 2096 5753">
    <p class='ocr_par' dir='ltr' id='par_1_86' title="bbox 529 5674 2096 5753">
     <span class='ocr_line' id='line_1_88' title="bbox 529 5674 2096 5753; baseline -0.004 -16"><span class='ocrx_word' id='word_1_578' title='bbox 529 5685 644 5737; x_wconf 69' lang='lat' dir='ltr'><strong>aeui</strong></span> <span class='ocrx_word' id='word_1_579' title='bbox 671 5697 836 5753; x_wconf 75' lang='lat' dir='ltr'><strong>opera</strong></span> <span class='ocrx_word' id='word_1_580' title='bbox 876 5674 1251 5753; x_wconf 63' lang='lat' dir='ltr'><strong>continentur.</strong></span> <span class='ocrx_word' id='word_1_581' title='bbox 1287 5687 1654 5753; x_wconf 84' lang='lat' dir='ltr'><strong>opportunqu</strong></span> <span class='ocrx_word' id='word_1_582' title='bbox 1696 5674 1859 5753; x_wconf 60' lang='lat' dir='ltr'><strong>nobis</strong></span> <span class='ocrx_word' id='word_1_583' title='bbox 1885 5674 2096 5753; x_wconf 59' lang='lat' dir='ltr'><strong>_visuu]</strong></span> 
     </span>
    </p>
   </div>
   <div class='ocr_carea' id='block_1_87' title="bbox 2196 5674 3138 5753">
    <p class='ocr_par' dir='ltr' id='par_1_87' title="bbox 2277 5674 3138 5751">
     <span class='ocr_line' id='line_1_89' title="bbox 2277 5674 3138 5751; baseline -0.013 -17"><span class='ocrx_word' id='word_1_584' title='bbox 2277 5674 2354 5751; x_wconf 77' lang='grc' dir='ltr'><strong>(ι)</strong></span> <span class='ocrx_word' id='word_1_585' title='bbox 2385 5681 2539 5736; x_wconf 80' lang='lat' dir='ltr'><strong>Alius</strong></span> <span class='ocrx_word' id='word_1_586' title='bbox 2562 5679 2753 5738; x_wconf 68' lang='lat' dir='ltr'><strong>codex,</strong></span> <span class='ocrx_word' id='word_1_587' title='bbox 2782 5674 3138 5746; x_wconf 75' lang='grc' dir='ltr'>προσάγουσι.</span> 
     </span>
    </p>
   </div>
   <div class='ocr_carea' id='block_1_88' title="bbox 530 5746 2102 5819">
    <p class='ocr_par' dir='ltr' id='par_1_88' title="bbox 530 5746 2102 5819">
     <span class='ocr_line' id='line_1_90' title="bbox 530 5746 2102 5819; baseline -0.004 -11"><span class='ocrx_word' id='word_1_588' title='bbox 530 5762 637 5811; x_wconf 66' lang='lat' dir='ltr'><strong>est.</strong></span> <span class='ocrx_word' id='word_1_589' title='bbox 686 5746 809 5808; x_wconf 73' lang='lat' dir='ltr'><strong>eam</strong></span> <span class='ocrx_word' id='word_1_590' title='bbox 858 5765 1074 5819; x_wconf 71' lang='lat' dir='ltr'><strong>mtoque</strong></span> <span class='ocrx_word' id='word_1_591' title='bbox 1110 5751 1296 5806; x_wconf 68' lang='lat' dir='ltr'><strong>Graece.</strong></span> <span class='ocrx_word' id='word_1_592' title='bbox 1323 5746 1484 5804; x_wconf 80' lang='lat' dir='ltr'><strong>edere</strong></span> <span class='ocrx_word' id='word_1_593' title='bbox 1511 5766 1575 5803; x_wconf 74' lang='lat' dir='ltr'><strong>ex</strong></span> <span class='ocrx_word' id='word_1_594' title='bbox 1607 5749 1796 5802; x_wconf 83' lang='lat' dir='ltr'><strong>codice</strong></span> <span class='ocrx_word' id='word_1_595' title='bbox 1842 5746 2002 5814; x_wconf 70' lang='lat'><strong>“53,</strong></span> <span class='ocrx_word' id='word_1_596' title='bbox 2032 5747 2102 5802; x_wconf 83' lang='lat' dir='ltr'><strong>ad</strong></span> 
     </span>
    </p>
   </div>
  </div>
