4154 6354
425 304 535 360 697

1714 310 1802 366 DE
1843 311 2114 371 SPIRITU
2146 312 2437 369 SANCTO.

3590 310 3697 367 698

423 421 526 474 τοῦ
556 420 757 488 κόρου·
790 420 930 474 κατὰ
969 420 1061 474 τὸν
1096 420 1257 475 αὑτὸν
1286 422 1484 493 τρόπον
1516 424 1594 497 τῷ
1627 428 1843 500 φοϐερῷ
1871 429 2015 499 λιμῷ

2119 430 2309 485 ordine
2336 429 2706 499 proficientes.
2737 428 2803 483 ad
2837 425 3191 499 perfectionis
3225 424 3442 480 tandem
3486 424 3694 494 apicem

423 514 528 581 τῆς
556 511 910 584 ἀνθρωπίνης
936 512 1147 583 φύσεως
1171 514 1589 588 δαπανηθείσης,
1614 521 2013 591 τεταμιευμένη

424 604 647 670 γίνεται
670 604 854 667 αὐτοῖς
874 606 1024 676 παρὰ
1048 606 1146 673 τῆς
1168 607 1476 677 οἰκονομίας
1495 611 1529 677 ἡ
1554 610 1652 680 τῆς
1676 611 1784 663 τῶν
1814 628 2017 682 μυστηο

428 695 569 763 ρίων
622 695 833 765 τροφῆς
888 697 1177 765 μετουσία⁸
1213 697 1355 751 ῶστε
1401 700 1488 753 διά
1535 718 1677 764 τινος
1724 702 2015 758 ἀκολούθου

424 782 645 847 τάξεως
674 786 760 837 ἀεὶ
791 785 853 837 τὸ
878 786 1083 840 τέλειον
1129 789 1644 859 προσλαμὸἀνοντας
1663 832 1676 854 ,
1713 793 1885 856 οὕτως
1922 795 2016 846 ἐπὶ

425 873 491 924 το
526 874 708 943 πέρας
736 876 937 944 φθάσαι
964 878 1062 949 τῆς
1085 879 1436 949 τελειότητος.
1471 882 1544 935 Τὸ
1580 883 1677 952 μὲν
1703 883 1811 953 γὰρ
1844 884 2019 949 σῶζον

427 967 583 1035 ἡμᾶς
612 970 646 1038 ἡ
684 968 943 1033 ζωοποιός
986 972 1101 1024 ἐστι
1138 971 1384 1042 δύναμις,
1414 974 1471 1025 ἐν
1516 973 1736 1043 ὀνόματι
1781 975 2014 1045 Πατρὺς,

427 1060 528 1110 καὶ
572 1059 705 1112 Υίοῦ
726 1100 740 1121 ,
769 1061 865 1115 καὶ
898 1062 1052 1129 ἁγίου
1084 1062 1395 1134 Πνεύματος
1436 1066 1818 1137 πιστευομένη.
1860 1068 1921 1120 Oi
1960 1067 2016 1120 δὲ

426 1149 527 1203 τοῦ
562 1152 769 1215 παντὸς
793 1154 1065 1223 ἀχώρητοι
1094 1154 1180 1209 διὰ
1204 1155 1304 1225 τὴν
1335 1156 1710 1227 γεγενημένην
1739 1157 1922 1219 αὐτοῖς
1951 1157 2016 1210 ὲκ

429 1240 531 1294 τοῦ
579 1242 741 1313 λιμοῦ
790 1244 899 1298 τῶν
938 1246 1123 1316 ψυχῶν
1174 1245 1491 1312 ἀσθένειαν,
1526 1247 1788 1319 πρότερον
1823 1249 1887 1301 ἐκ
1915 1249 2015 1318 τῆς

432 1333 732 1399 πολυθεῖας
761 1336 866 1389 ὑπὸ
895 1338 1003 1390 τῶν
1030 1338 1323 1408 προφητῶν
1352 1355 1434 1402 τε,
1465 1340 1561 1392 καὶ
1601 1338 1694 1391 τοῦ
1722 1340 1887 1410 νόμου
1920 1356 2013 1409 με-

431 1426 780 1490 τατεθέντες,
812 1430 890 1491 είς
928 1429 1055 1498 μίαν
1092 1429 1319 1497 θεότητα
1349 1428 1567 1499 βλέπειν
1599 1429 1888 1494 ἐθίζονται,
1919 1431 2017 1484 καὶ

434 1513 496 1565 ὲν
524 1517 592 1584 τῇ
632 1516 729 1586 μιᾷ
758 1516 970 1586 θεότητι
1001 1517 1167 1586 μόνην
1196 1517 1293 1588 τὴν
1318 1517 1413 1570 τοῦ
1438 1518 1648 1588 Πατρδς
1672 1518 1899 1589 δύναμιν
1926 1536 2018 1572 κα-

432 1605 741 1667 τανοοῦσιν,
774 1607 1065 1678 ἀχώρητοι,
1088 1608 1270 1672 καθὼς
1307 1606 1481 1674 εἷπον,
1504 1610 1653 1674 ὄντες
1672 1612 1771 1681 τῆς
1806 1610 2017 1674 τελείας

434 1699 666 1769 τροφῆς.
705 1696 836 1753 Εἶτα
877 1701 965 1754 διὰ
996 1701 1091 1754 τοῦ
1140 1702 1472 1770 Εὐαγγελίου
1514 1703 1609 1757 καὶ
1645 1705 1674 1756 ὁ
1724 1703 2016 1774 μονογενὴς

2123 523 2488 591 pervenirent.
2542 522 2695 587 Quod
2737 522 2883 577 enim
2933 522 3093 577 nobis
3141 520 3368 574 salutem
3421 517 3695 586 impertit,

2124 610 2302 664 vitalis
2335 616 2418 663 est
2453 610 2544 663 illa
2579 610 2773 674 virtus,
2801 610 2853 663 in
2884 623 3049 679 quam
3078 608 3132 661 in
3167 606 3387 661 nomine
3416 604 3614 666 Patris,
3639 612 3694 656 et

2123 699 2266 764 Filii,
2304 708 2359 755 et
2394 700 2632 771 Spiritus
2672 700 2847 755 sancti
2880 699 3175 754 credimus.
3212 701 3280 750 At
3314 711 3439 749 cum
3476 702 3695 763 pr0ptcr

2123 792 2429 846 animarum
2466 792 2890 847 imbecillitatem
2914 830 2930 854 ,
2967 806 3033 845 ex
3076 789 3310 859 quadam
3352 786 3514 840 veluti
3556 785 3698 839 fame

2122 893 2482 951 contractam,
2517 883 2585 937 ad
2619 882 3026 953 percipiendum
3068 880 3389 951 mysterium
3424 877 3554 931 illud
3598 877 3696 929 bo-

2122 974 2297 1029 mines
2336 990 2677 1044 nequaquam
2707 984 2892 1029 essent
2923 973 3127 1035 idonei,
3159 987 3189 1025 a
3216 971 3513 1024 multorum
3544 970 3695 1037 prius

2122 1064 2351 1120 deorum
2386 1066 2536 1119 cultu
2571 1080 2667 1134 per
2700 1065 3026 1136 prophetas,
3059 1073 3111 1117 et
3142 1063 3314 1133 legem
3341 1062 3423 1115 sic
3452 1059 3692 1115 revocati

2122 1161 2273 1217 sunt,
2303 1161 2363 1208 ut
2398 1170 2561 1207 unam
2595 1169 2820 1209 cernere
2857 1155 3220 1218 divinitatem,
3248 1160 3302 1206 et
3333 1151 3387 1205 in
3425 1164 3532 1203 una
3558 1148 3698 1202 divi~

2122 1247 2291 1301 nitate
2329 1245 2501 1299 solam
2531 1244 2710 1300 Patris
2754 1245 3050 1314 potentiam
3083 1257 3381 1313 agnoscere
3409 1254 3697 1296 assuesce-

2122 1344 2275 1402 rent,
2306 1336 2506 1406 quippe
2547 1336 2640 1405 qui
2692 1335 2959 1399 solidiori,
3007 1343 3065 1387 ut
3102 1334 3380 1397 diximus,
3432 1331 3555 1385 cibo
3586 1344 3693 1382 non

2120 1436 2306 1483 essent
2337 1427 2537 1482 idonei.
2565 1426 2770 1482 Deinde
2804 1441 2942 1496 quos
2964 1425 3029 1479 ad
3060 1424 3359 1494 pleniorem
3390 1419 3695 1475 divinitatis

2122 1518 2487 1590 cognitionem
2521 1518 2603 1573 lex
2635 1525 3054 1587 praeparaverat,
3085 1517 3151 1570 iis
3187 1515 3460 1570 revelatus
3493 1522 3575 1567 est
3600 1527 3696 1581 per

2122 1610 2469 1681 Evangelium
2494 1611 2807 1680 unigenitus
2823 1608 3027 1667 Filius:
3054 1623 3115 1663 ac
3133 1616 3413 1679 postremo
3430 1605 3593 1661 datus
3610 1613 3694 1658 est

2122 1703 2281 1756 nobis
2307 1700 2579 1773 perfectus
2603 1710 2813 1757 naturae
2829 1709 3029 1757 nostra:
3049 1701 3229 1765 cibus,
3253 1701 3306 1753 in
3325 1713 3434 1769 quo
3459 1697 3569 1751 vita
3584 1705 3691 1755 est,

437 1787 572 1851 Υἱὸς
606 1790 683 1859 (5)
712 1791 823 1854 τοῖς
854 1790 943 1844 διὰ
971 1792 1061 1845 τοῦ
1090 1795 1258 1864 νόμου
1297 1794 1840 1864 προτετελειωμένοις
1880 1797 2013 1849 ἀπο-

2119 1793 2357 1863 Spiritus
2385 1803 2632 1848 sanctus.
2661 1792 2776 1847 Hoc
2802 1792 3081 1847 hodiernae
3125 1790 3459 1846 celebritatis
3491 1794 3575 1841 est
3601 1801 3693 1839 ar-

440 1880 775 1935 κα).ύπτεται
795 1922 810 1948 ,
849 1882 987 1952 μετὰ
1015 1883 1172 1937 τοῦτο
1210 1885 1572 1956 παραγίνεται
1601 1886 1732 1955 ἡμῖν
1761 1887 1794 1955 ὴ
1834 1885 2016 1939 τελεία

433 1974 541 2043 τῆς
576 1974 791 2044 φύσεως
814 1975 971 2046 ἡμῶν
1000 1975 1194 2047 τροφὴ,
1229 1977 1290 2029 τὸ
1328 1977 1554 2046 Πνεῦμα
1586 1978 1646 2030 τὸ
1671 1977 1846 2045 ἅγιον,
1882 1979 1940 2030 tv
1970 1971 2015 2044 ᾧ

433 2062 589 2117 ἐστιν
612 2066 646 2136 ἠ
673 2063 808 2136 ζωή.
835 2064 982 2137 Αὕτη
1013 2068 1110 2136 τῆς
1137 2068 1330 2137 ἑορτῆς
1352 2069 1386 2137 ἡ
1416 2067 1690 2130 ὑπόθεσις·
1718 2068 1805 2120 διὰ
1843 2066 2015 2122 ταῦτα

435 2154 622 2217 καλῶς
648 2154 785 2225 ἔχει,
822 2156 1085 2226 χορευτὰς
1114 2158 1260 2227 ἡμᾶς
1287 2158 1606 2227 γενομένους
1636 2157 1731 2211 τοῦ
1763 2158 2014 2229 Πνεύμα-

436 2262 551 2309 τος,
587 2248 867 2301 πείθεσθαι
899 2248 977 2319 τῷ
1013 2249 1298 2319 κορυφαίῳ
1342 2249 1439 2319 τῆς
1476 2251 1849 2319 πνευματικῆς
1881 2250 2016 2303 ταύ-

2110 1894 2429 1954 gumentum
2454 1901 2468 1947 ;
2496 1884 2854 1953 quamobrem
2876 1897 3089 1953 acquum
3113 1890 3219 1945 est,
3245 1888 3307 1934 ut
3320 1894 3446 1934 cum
3471 1877 3538 1931 ad
3562 1877 3686 1930 cho-

2114 1993 2204 2031 ros
2240 1979 2294 2031 in
2337 1978 2513 2033 sancti
2563 1976 2802 2046 Spiritus
2836 1976 3129 2030 festivitate
3161 1970 3519 2028 celebrandos
3562 1982 3694 2023 con-

2112 2070 2428 2125 venerimus
2450 2108 2467 2134 ,
2508 2069 2811 2135 spiritualis
2840 2068 3009 2137 hujus
3038 2067 3193 2122 chori
3230 2063 3462 2135 principi
3499 2058 3693 2115 Davidi

2112 2175 2444 2230 pareamus,
2488 2160 2725 2226 dicenti,
2784 2160 2998 2225 Venite,
3041 2158 3366 2213 exsultemus
3426 2154 3651 2207 Domino
3672 2166 3693 2216 ;

2117 2252 2373 2305 Dominus
2403 2261 2602 2315 autent,
2631 2262 2691 2306 ut
2737 2251 2914 2321 inquit
2942 2250 3259 2320 Apostolus.
3290 2247 3521 2315 Spiritus
3544 2254 3621 2299 est
3649 2246 3691 2300 ³.

437 2356 540 2409 της
564 2337 638 2407 (6)
668 2337 1029 2408 χοροστασίας
1086 2338 1250 2391 Δασὶδ
1313 2337 1389 2409 τῷ
1418 2338 1662 2406 λέγοντι·
1719 2339 1921 2404 Δεῦτε,
1978 2340 2471 2411 ἀγαλλιασώμεθα
2513 2340 2593 2407 τῷ
2641 2343 2854 2410 Κυρίῳ
2906 2342 2960 2395 '0
3002 2341 3071 2395 δὲ
3104 2343 3315 2410 Κύριος
3354 2340 3421 2394 τὸ
3462 2336 3697 2408 πνεῦμά

436 2427 588 2491 ἐστι,
619 2428 801 2492 καθώς
835 2445 999 2498 φησιν
1030 2430 1059 2481 ὁ
1098 2427 1439 2491 Ἀπόστολος.

510 2520 758 2591 Σήμερον
783 2520 892 2591 γὰρ
917 2520 1057 2573 κατὰ
1083 2520 1183 2591 τὴν
1212 2523 1426 2592 ἐτήσιον
1448 2521 1543 2576 τοῦ
1584 2524 1738 2587 ἔτους
1770 2525 2016 2594 περίοδον

436 2610 538 2680 τῆς
576 2612 949 2681 πεντηκοστῆς
995 2613 1517 2685 συμπληρουμένης,
1561 2617 1704 2667 κατὰ
1736 2617 1836 2685 τὴν
1867 2615 2015 2686 ὥραν

438 2702 661 2771 ταύτην,
688 2704 800 2768 εῐγε
823 2703 949 2771 περὶ
965 2703 1065 2773 τὴν
1086 2704 1275 2775 τρίτην
1297 2704 1446 2776 ῶραν
1469 2706 1569 2775 τῆς
1591 2708 1803 2777 ἡμέρας
1826 2708 2013 2776 ἐσμὲν,

440 2793 710 2862 ὲγένετοή
742 2792 1130 2863 ἀνεκδιήγητος
1166 2793 1342 2865 χάρις.
1371 2796 1689 2867 Κατεμίχθη
1722 2796 1829 2868 γὰρ
1856 2796 2017 2850 πάλιν

438 2885 551 2947 τοῖς
578 2884 884 2955 ἀνθρώποις
914 2886 973 2937 τὸ
1004 2885 1244 2954 Πνεῦμα,
1279 2885 1415 2955 ὅπερ
1446 2886 1523 2955 (7)
1548 2888 1809 2958 πρότερον
1837 2888 1925 2940 διὰ
1953 2888 2013 2939 τὸ

440 2975 693 3043 γενέσθαι
742 2977 921 3047 σάρκα
971 2976 1062 3029 τὸν
1112 2976 1396 3047 ἄνθρωπον
1444 2978 1541 3047 τῆς
1592 2976 1809 3046 φύσεως
1858 2978 2014 3048 ἡμῶν

437 3068 773 3136 ἁπεφοίτησε
795 3083 809 3097 ·
840 3067 934 3120 καὶ
972 3066 1060 3119 διὰ
1098 3067 1199 3135 τῆς
1227 3066 1406 3135 βιαίας
1438 3068 1652 3138 ἐκείνης
1682 3068 1878 3138 πνοῆς,
1908 3068 2014 3122 τῶν

442 3155 828 3225 πνευματικῶν
868 3157 970 3225 τῆς
1020 3157 1284 3227 πονηρίας
1320 3157 1620 3227 δυνάμεων,
1662 3160 1755 3211 καὶ
1800 3160 2017 3213 πάντων
2042 3132 2085 3190 C

440 3246 549 3299 τῶν
585 3246 846 3317 ῥυπαρῶν
893 3248 1183 3317 δαιμονίων
1224 3250 1736 3302 ἀποσκεδασθέντων
1769 3251 1877 3303 ἀπὸ
1922 3250 2016 3303 τοῦ

442 3340 629 3410 ἀέρος,
673 3340 731 3393 tv
761 3342 827 3411 τῇ
862 3340 1071 3411 καθόδῳ
1107 3340 1202 3394 τοῦ
1250 3340 1604 3412 Πνεύματος,
1658 3342 1885 3412 πλήρεις
1920 3342 2018 3412 τῆς

446 3430 596 3493 θείας
635 3429 934 3500 δυνάμεως,
963 3433 1020 3483 ὲν
1063 3432 1193 3486 εἴδει
1243 3433 1434 3504 πυρὸς,
1468 3434 1519 3485 ol
1569 3435 1627 3486 tv
1677 3433 1754 3487 τῶ
1787 3432 2019 3504 ὑπερῴῳ

447 3520 896 3591 καταλειφθέντες
922 3523 1185 3590 ἐγένοντο·
1202 3523 1319 3576 οὐδὲ
1345 3523 1453 3595 γάρ
1479 3526 1593 3577 ἐστι
1609 3524 1831 3577 δυνατὸν
1845 3524 2017 3588 ἄλλως

446 3613 670 3682 μέτοχον
699 3613 1014 3683 Πνεύματος
1043 3616 1194 3683 ἁγίου
1215 3615 1469 3683 γενέσθαι
1494 3616 1637 3680 τινὰ,
1660 3615 1736 3687 μὴ
1755 3616 1833 3687 τῷ
1860 3616 2021 3689 ὑπερ·

442 3704 534 3773 ὠῳ
573 3704 674 3773 τῆς
719 3705 861 3775 ζωῆς
920 3705 1121 3776 ταύτης
1161 3706 1591 3776 ὲνδιαιτὼμενον.
1630 3709 1784 3761 Ὅσοι
1815 3708 1923 3778 γὰρ
1948 3707 2019 3762 τὰ

442 3790 555 3844 ἄνω
589 3790 865 3860 φρονοῦσι,
918 3791 1242 3861 μεταθέντες
1282 3792 1491 3845 ἑαυτῶν
1528 3792 1635 3845 ἀπὸ
1670 3794 1773 3863 γῆς
1809 3795 1889 3857 είς
1929 3794 2019 3847 οὐ-

446 3882 604 3951 ρανὸν
635 3883 696 3935 τὸ
728 3882 1047 3953 πολίτευμα.
1082 3883 1173 3936 τοῦ
1210 3883 1460 3955 ὑπερῴου
1490 3886 1589 3954 τῆς
1623 3884 1833 3955 ὑψηλῆς
1867 3886 2018 3939 πολι-

442 3974 590 4036 τείας
620 3973 773 4038 ὅντες
804 3976 1105 4046 οἰκήτορες,
1146 3977 1205 4028 tv
1245 3976 1502 4047 μετουσίᾳ
1529 3975 1623 4028 τοῦ
1659 3976 1813 4043 ἁγίου
1845 3977 2017 4029 Πνεῦ-

448 4081 617 4133 ματος
643 4066 904 4132 γίνονται.
935 4065 1092 4119 Οὕτω
1120 4066 1227 4137 γάρ
1255 4084 1419 4137 φησιν
1446 4069 1478 4135 ὴ
1509 4067 1717 4136 ἱστορία
1748 4067 1855 4119 τῶν
1878 4067 2020 4138 Πρά-

449 4153 603 4219 ξεων,
636 4157 716 4208 ὅτι
750 4157 1103 4226 συνηγμένων
1134 4156 1315 4210 αὐτῶν
1344 4159 1401 4209 ὲν
1428 4157 1507 4227 τῷ
1531 4157 1783 4227 ὑπερώῳ,
1822 4157 1880 4210 τὸ
1920 4174 2019 4210 κα⁹

446 4247 609 4315 θαρὺν
638 4250 811 4300 ἐκεῖνο
834 4249 930 4301 καὶ
976 4248 1136 4302 ἇῦλον
1183 4250 1293 4319 πῦρ
1324 4250 1405 4312 είς
1432 4248 1545 4319 εἴδη
1572 4248 1855 4317 γλωσσῶν,
1880 4249 2020 4302 κατὰ

444 4338 535 4389 τὸν
575 4337 806 4407 ἀριθμὸν
838 4339 947 4390 τῶν
975 4339 1255 4409 μαθητῶν,
1292 4339 1883 4408 διασχίζεται.Ἐκεῖνοι
1919 4339 2018 4410 μὲν

2193 2520 2367 2577 Hodie
2406 2522 2553 2577 enim
2586 2528 2880 2577 transactis
2905 2559 2923 2587 ,
2949 2529 3105 2590 juxta
3152 2519 3321 2575 annui
3354 2519 3506 2575 orbis
3553 2527 3696 2574 stata

2122 2623 2365 2685 tempora
2385 2654 2400 2678 ,
2430 2615 2827 2685 quinquaginta
2867 2630 2898 2669 a
2926 2613 3211 2669 Paschatis
3254 2612 3547 2667 festivitate
3576 2611 3694 2666 die-

2119 2707 2243 2771 bus,
2281 2707 2383 2762 hac
2408 2706 2545 2776 ipsa,
2576 2706 2739 2760 tertia
2761 2705 2973 2760 scilicet
2995 2704 3105 2758 diei
3135 2703 3295 2764 hora.
3327 2702 3533 2757 donum
3563 2700 3698 2755 illud

2122 2798 2435 2852 bominibtts
2469 2796 2698 2865 largitus
2728 2804 2813 2851 est
2843 2794 2986 2849 Deus
3006 2836 3022 2860 ,
3053 2794 3196 2863 quod
3228 2808 3445 2847 omnem
3480 2792 3697 2847 dicendi

2120 2894 2226 2943 vim
2262 2896 2505 2959 superat.
2540 2886 2756 2943 Rursus
2780 2886 2925 2942 enim
2960 2884 3169 2940 homini
3200 2884 3470 2940 admistus
3495 2892 3581 2939 est
3609 2885 3699 2939 ille

2122 2977 2393 3048 Spiritus,
2442 2978 2537 3047 qui
2586 2987 2783 3039 antea,
2833 2982 3121 3046 propterea
3167 2975 3312 3045 quod
3359 2975 3522 3028 homo
3550 2985 3700 3030 esset

2120 3086 2282 3133 caro,
2318 3085 2348 3123 a
2376 3078 2573 3125 natura
2604 3078 2792 3125 nostra
2844 3073 3178 3129 recesserat,
3220 3072 3272 3121 et
3317 3065 3700 3135 spiritualibus

2119 3163 2381 3232 nequitiae
2412 3160 2779 3232 potestatibus
2812 3174 2911 3229 per
2952 3159 3330 3213 vehementem
3387 3156 3543 3211 illum
3585 3158 3695 3227 spi-

2064 3320 2070 3331 .
2118 3255 2284 3309 ritum
2320 3252 2590 3320 disjectis,
2623 3252 2948 3321 cunctisque
2978 3248 3140 3304 fmdis
3172 3247 3513 3303 dmmonibus
3544 3247 3693 3317 ejus-

2118 3344 2239 3400 dem
2276 3344 2511 3399 adventu
2540 3359 2607 3398 ex
2638 3357 2763 3399 aere
2790 3341 3057 3411 expulsis,
3095 3341 3281 3395 divina
3319 3339 3542 3403 virtute,
3575 3353 3698 3409 spe-

2118 3435 2256 3489 ciem
2288 3434 2431 3505 ignis
2461 3449 2573 3504 prae
2610 3448 2670 3490 se
2703 3431 2947 3497 ferente,
2983 3430 3175 3501 repleti
3202 3438 3351 3495 sunt,
3386 3430 3481 3500 qui
3509 3428 3564 3483 in
3605 3444 3701 3483 su-

2118 3524 2336 3594 periore
2380 3526 2579 3581 domus
2616 3531 2769 3595 parte
2814 3522 3125 3593 degebant;
3165 3536 3341 3591 neque
3374 3522 3523 3576 enim
3578 3519 3698 3575 fieri

2120 3625 2335 3688 potest,
2378 3624 2439 3671 ut
2465 3618 2591 3687 quis
2628 3615 2806 3672 sancti
2844 3614 3083 3685 Spiritus
3126 3614 3401 3683 particeps
3429 3613 3557 3676 flat,
3591 3612 3698 3666 nisi

2119 3713 2174 3767 in
2222 3711 2530 3766 sublimiori
2575 3709 2743 3779 bujus
2775 3708 2900 3762 vita:
2939 3705 3190 3760 instituto
3237 3711 3507 3759 versetur.
3559 3700 3697 3755 Nam

2120 3803 2213 3872 qui
2248 3816 2311 3857 ea
2331 3841 2345 3864 ,
2377 3816 2499 3871 quae
2523 3816 2740 3857 sursum
2767 3808 2927 3865 sunt,
2956 3799 3197 3869 sapiunt,
3227 3803 3282 3850 et
3311 3795 3437 3849 vita:
3465 3808 3699 3848 conver-

2120 3892 2333 3945 satione
2365 3906 2395 3945 e
2445 3897 2593 3949 terra
2637 3890 2692 3943 in
2727 3889 2926 3945 cmlum
2975 3888 3277 3951 translata,
3319 3885 3375 3940 in
3409 3884 3700 3940 cmnaculo

2122 3981 2372 4035 sublimis
2394 3981 2544 4035 illius
2570 3980 2694 4034 vitaz
2720 3979 2954 4034 rationis
2977 3978 3221 4032 habitant
3246 4014 3261 4039 ,
3290 3974 3344 4029 bi
3372 3975 3548 4030 sancti
3576 3972 3701 4044 Spi-

2122 4072 2261 4127 ritus
2294 4071 2591 4141 participes
2633 4071 2789 4126 tiunt.
2838 4068 3195 4139 Congregatis
3233 4066 3377 4121 enim
3408 4065 3464 4120 in
3504 4078 3696 4120 cuina-

2123 4162 2249 4216 culo
2279 4161 2585 4232 discipulis,
2612 4170 2670 4215 ut
2699 4162 2753 4214 in
2782 4162 3017 4214 Actuum
3064 4158 3437 4228 apostolorum
3470 4154 3699 4210 historia

2122 4260 2400 4316 narratur,
2427 4252 2571 4321 ignis
2613 4253 2703 4307 ille
2742 4250 2962 4304 divinus
2996 4250 3283 4317 omnisque
3322 4245 3571 4300 materiei
3606 4260 3699 4298 ex-

2123 4360 2269 4414 pers,
2288 4344 2353 4397 ad
2375 4344 2679 4413 linguarum
2700 4343 2895 4405 instar,
2919 4356 3020 4411 pro
3051 4337 3366 4396 earumdem
3398 4337 3700 4409 discipulo-

445 4426 538 4483 οὖν
576 4429 833 4498 Πάρθοις,
863 4430 956 4482 καὶ
990 4429 1210 4501 Μήδοις,
1250 4430 1343 4483 καὶ
1394 4430 1727 4500 Ἐλαμίταις,
1772 4431 1867 4483 καὶ
1905 4432 2017 4493 τοῖς

2122 4451 2240 4488 rum
2259 4450 2508 4498 numero,
2525 4433 2734 4490 divisus
2753 4441 2860 4489 est.
2885 4433 2964 4486 llli
2995 4446 3125 4501 ergo
3142 4428 3395 4493 Parthos,
3421 4427 3628 4489 Medos,
3644 4436 3701 4484 ct

445 4521 650 4582 λοιποῖς
679 4520 855 4573 ἔθνεσι
885 4520 1205 4589 διελέγοντο,
1238 4522 1358 4574 κατ’
1382 4520 1631 4585 ἐξουσίαν
1661 4520 1799 4592 πρὸς
1836 4524 2015 4575 πᾶσαν

446 4611 663 4681 ὲθνικὴν
695 4610 945 4679 γλῶσσαν
969 4612 1066 4675 τὰς
1089 4613 1297 4665 ἑαυτῶν
1326 4612 1508 4681 φωνὰς
1548 4611 1981 4683 μεθαρμόζοντες
2000 4627 2013 4641 ο

457 4703 599 4773 Ἐγὼ
638 4703 724 4768 δὲ,
753 4704 935 4767 καθώς
975 4721 1138 4773 φησιν
1183 4706 1212 4758 ὀ
1251 4704 1593 4769 Ἀπόστολος,
1643 4704 1795 4758 θέλω
1839 4703 2019 4757 πέντε

443 4794 666 4863 λόγους
701 4794 771 4847 ἐν
812 4795 1141 4861 Ἑκκλησίᾳ
1185 4793 1265 4859 τῷ
1298 4796 1399 4849 νοΐ
1418 4814 1535 4864 μου
1586 4793 1871 4861 λαλῆσαι,
1919 4796 2019 4848 ἵνα

444 4885 543 4939 καὶ
564 4886 793 4950 ἄλλους
816 4885 1127 4953 ὠφελήσω,
1159 4886 1197 4953 ἦ
1216 4886 1468 4953 μυρίους
1486 4886 1707 4953 λόγους
1733 4888 1803 4939 ἐν
1828 4885 2019 4955 γλώσ-

444 4994 551 5045 σῃ.
599 4978 734 5031 Τότε
770 4977 869 5047 μὲν
902 4977 1170 5048 χρήσιμον
1211 4976 1272 5028 τὸ
1312 4977 1593 5046 ὁμόφωνον
1634 4978 1878 5045 γίνεσθαι
1906 4980 2019 5041 τοῖς

444 5066 857 5136 ἀλλογλώσσοις,
887 5067 962 5130 ὼς
988 5066 1054 5120 ἂν
1080 5066 1157 5136 μὴ
1183 5067 1537 5138 ἁνενέργητον
1566 5070 1650 5139 εἴη
1674 5069 1734 5122 τὸ
1757 5071 2016 5139 κήρυγμα

443 5164 556 5223 τοῖς
584 5159 868 5228 ἀγνοοῦσι,
906 5160 972 5229 τῇ
1002 5160 1151 5229 φωνῇ
1176 5157 1287 5210 τῶν
1317 5159 1698 5229 κηρυσσόντων
1730 5159 2016 5229 ἐμποδιζό-

449 5266 606 5319 μενον
626 5266 639 5280 ·
673 5248 767 5302 νῦν
796 5247 975 5319 μέντοι
1010 5247 1109 5317 τῆς
1139 5247 1278 5301 κατὰ
1308 5247 1401 5318 τὴν
1432 5248 1678 5316 γλῶσσαν
1706 5250 2015 5319 ὁμοφωνίας

519 5426 539 5455 ²
566 5423 609 5477 ll
641 5423 765 5479 Cor.
800 5441 884 5490 ut,
924 5425 1015 5479 1⁸7.
1085 5425 1155 5479 ³1
1188 5425 1313 5479 Cor.
1342 5439 1452 5488 xlv,
1492 5388 1583 5478 l9.-

522 5586 595 5706 (ξς)
624 5585 794 5707 Z'inus
834 5585 961 5655 legit
982 5586 1133 5651 Θεός,
1159 5602 1321 5657 atque
1344 5601 1414 5640 ita
1445 5587 1606 5640 etiam
1651 5588 1788 5639 alter
1836 5585 2011 5639 Vatic.

522 5673 618 5707 u-x
674 5664 804 5707 ιιαιι.

448 5671 618 5709 eniti-tt
656 5671 804 5722 Ιιιμιι.

523 5728 598 5793 (ti)
651 5725 957 5778 l’t'nnomen
1019 5723 1221 5795 ταύτης
1270 5743 1376 5781 non
1404 5735 1519 5781 erat
1564 5726 1616 5778 in
1653 5722 1771 5777 Zini
1801 5724 2010 5789 codice,

2124 4525 2405 4588 Elamitas,
2427 4540 2490 4580 ac
2513 4525 2753 4594 reliquas
2779 4532 2970 4594 gentes
2998 4521 3444 4589 alloquebantur,
3471 4520 3535 4572 ad
3563 4534 3698 4588 qna-

2123 4617 2378 4673 rumlibet
2406 4630 2593 4672 earum
2635 4616 2850 4685 linguas
2880 4629 3044 4668 voces
3094 4627 3223 4667 suas
3272 4627 3373 4681 pro
3417 4611 3574 4664 libitu
3607 4625 3700 4663 ac-

2123 4707 2557 4762 commodantes.
2610 4715 2679 4761 At
2712 4722 2825 4776 ego,
2860 4715 2915 4759 ut
2952 4705 3130 4774 inquit
3174 4703 3503 4772 Apostolus,
3533 4702 3697 4765 malo,

2123 4816 2279 4853 sensu
2312 4815 2424 4853 meo
2454 4799 2678 4868 quinque
2702 4796 2856 4850 verba
2888 4797 3031 4866 loqui
3070 4796 3123 4849 in
3158 4795 3400 4847 Ecclesia
3422 4831 3437 4857 ,
3474 4801 3533 4846 ut
3574 4792 3697 4845 aliis

2123 4892 2282 4944 etiam
2316 4889 2534 4956 prosim,
2575 4906 2734 4958 quant
2766 4887 2938 4941 decem
2974 4886 3147 4939 millia
3192 4885 3462 4939 verborum
3507 4883 3561 4936 in
3596 4882 3698 4935 lin-

2122 4998 2225 5050 gua
2253 4980 2294 5034 ³.
2330 4979 2525 5034 Verum
2558 4988 2689 5034 tunc
2723 4979 2942 5049 quidem
2966 4977 3194 5031 multum
3224 4975 3448 5045 profuit,
3478 4983 3700 5043 aposto-

2124 5073 2301 5124 lorum
2346 5085 2531 5123 vocem
2578 5070 2808 5123 aliarum
2855 5068 3099 5138 gentium
3142 5066 3344 5135 linguis
3379 5064 3589 5133 aptari,
3629 5077 3697 5116 ne

2125 5174 2431 5229 pra2conum
2470 5158 2706 5228 linguam
2730 5157 3111 5226 ignorantibus
3140 5154 3418 5222 Evangelii
3451 5153 3696 5223 promul-

2118 5250 2265 5321 gatio
2302 5250 2582 5305 incassum
2629 5248 2813 5314 ﬁeret;
2859 5262 3005 5301 nunc
3046 5254 3227 5300 autem
3282 5244 3546 5315 quoniam
3588 5257 3697 5301 una

2120 5599 2220 5639 nec
2270 5594 2447 5639 exstat
2505 5586 2555 5638 in
2613 5600 2721 5637 uno
2776 5581 3190 5655 expVaticanis,
3230 5584 3283 5639 in
3319 5584 3480 5655 cujus
3504 5591 3689 5639 tamen

2122 5654 2367 5721 margine
2396 5655 2615 5709 additur
2645 5670 2809 5708 manu
2840 5653 3079 5710 diversa.

2192 5723 2268 5794 (7)
2304 5722 2459 5780 Alius
2490 5724 2685 5792 codex,
2720 5725 2768 5779 ὃ.
