4154 6354
476 308 571 364 701

1786 324 1852 380 ΙΝ
1889 326 1949 383 S.
1992 327 2438 388 STEPHANUM.

3621 339 3727 393 70?.

476 427 617 494 μένα
680 428 1056 497 φωτίζουσαν,
1084 433 1117 505 ἢ
1160 434 1238 498 ὡς
1273 438 1718 511 πεπληρωμένων
1747 443 1841 496 τοῦ
1885 445 2041 513 γλεύε

2147 451 2360 519 plenos,
2392 450 2739 507 irridebunt?
2769 452 2880 523 Ego
2911 466 3072 515 vero,
3100 450 3350 521 quamvis
3381 451 3497 507 haec
3528 464 3721 508 contra

473 532 601 577 κους
650 519 1138 589 καταγελάσουσινς
1209 525 1348 595 Ἐγὼ
1391 528 1446 582 δὲ
1488 530 1590 583 κᾶν
1633 531 1803 586 ταῦτα
1847 533 2046 602 λέγωσι

472 606 598 659 καθ’
627 608 805 677 ἡμῶν,
838 612 1190 681 συμϐουλεύω
1222 617 1384 686 ὑμῖν,
1419 619 1658 689 ἀδελφοὶ,
1696 623 1771 693 μὴ
1807 624 2048 695 φοϐηθῆ-

444 712 557 748 ,ναι
588 698 676 750 τὸν
704 698 1003 771 ὀνειδισμὸν
1030 704 1140 756 τῶν
1170 707 1447 773 τοιούτων,
1480 712 1615 782 μηδὲ
1646 711 1723 783 τῷ
1756 714 2048 785 φαυλΐσμῷ

471 789 649 843 αὐτῶν
682 792 999 865 ἡττηθῆναι.
1056 797 1179 850 Εἴθε
1229 798 1338 871 γὰρ
1376 801 1584 870 γένοιτό
1625 805 1736 876 (12)
1780 822 1912 859 ποτε
1951 808 2047 861 καὶ

470 880 697 944 ἐκείνοις
730 883 790 935 τὸ
826 884 1055 953 γλεῦκος
1085 888 1264 955 τοῦτο,
1298 891 1326 943 6
1349 891 1625 965 νεοθλιϐὴς
1652 890 1805 959 οὗτος
1830 892 1993 964 οἶνος,
2017 903 2048 953 6

470 974 536 1024 ἐκ
560 972 661 1043 τῆς
689 974 849 1045 ληνοῦ
886 980 1170 1050 προχεθεὶς
1189 1021 1204 1047 ,
1242 985 1309 1054 ἢν
1337 985 1576 1056 ἐπάτησε
1608 987 1695 1042 διὰ
1732 989 1824 1042 τοῦ
1864 990 2045 1058 Εὐαγ-

469 1062 647 1152 γελίου
676 1064 705 1117 6
740 1067 962 1139 Κύριος,
983 1070 1069 1123 ἴνα
1093 1088 1175 1125 σοι
1201 1074 1429 1146 πότιμον
1455 1078 1549 1130 τοῦ
1578 1074 1711 1131 ἰδίου
1739 1078 1963 1152 βότρυος
1984 1080 2052 1135 τὸ

469 1150 609 1224 αἷμα
640 1158 838 1229 ποιήσῃ
869 1161 1002 1228 (15).
1043 1160 1170 1217 Εἴθε
1219 1165 1327 1237 γὰρ
1360 1167 1759 1238 ἐπληρώθησαν
1799 1150 2043 1224 κάκεῖνοι

470 1248 562 1300 τοῦ
595 1248 715 1302 νέου
745 1251 934 1306 τούτου
965 1253 1131 1319 οἴνου,
1168 1256 1228 1309 ὃν
1259 1257 1487 1325 γλεῦκος
1514 1259 1826 1330 ὠνόμασαν,
1857 1262 2045 1333 ὅςτὴν

467 1339 553 1394 διὰ
595 1340 686 1393 τοῦ
730 1342 1009 1413 οἰίρετικοῦ
1054 1346 1164 1418 (Μ)
1194 1346 1381 1413 ὕδατος
1424 1352 1703 1422 ἐπιμιξίαν
1749 1355 1899 1424 παρὰ
1934 1354 2043 1408 τῶν

468 1428 725 1497 καπήλων
754 1433 852 1487 οὐκ
880 1433 1047 1487 ἔπαθε
1068 1452 1082 1465 ⁸
1115 1438 1330 1503 πάντως
1354 1438 1463 1509 γὰρ
1489 1442 1697 1496 καὶτοῦ
1727 1443 2043 1515 Πνεύματος

468 1514 693 1587 πλήρεις
722 1520 988 1588 ἐγένοντο,
1015 1524 1083 1577 δι’
1109 1518 1170 1578 οὗ
1199 1527 1260 1581 τὸ
1284 1528 1427 1599 παχύ
1462 1547 1521 1582 τε
1543 1531 1639 1583 καὶ
1671 1514 1891 1596 ἰλυῶδες
1943 1536 2042 1604 τῆς

466 1607 723 1671 ἀπιστίας
767 1610 817 1662 οί
865 1612 1142 1684 Πνεῦματι
1185 1616 1397 1682 ζέοντες
1434 1620 1528 1687 ἀφ’
1568 1621 1775 1674 ἑαυτῶν
1819 1622 2042 1692 ἐξαφρί-

466 1696 650 1761 ξουσιν
682 1701 817 1769 (Ιό).
859 1704 1000 1756 Ἀλλ’
1027 1707 1089 1759 οὐ
1125 1706 1377 1762 δύνανται
1405 1710 1455 1762 οἱ
1478 1712 1706 1765 τοιοῦτοι
1745 1714 1803 1765 ὲν
1828 1715 2041 1778 ἑαυτοῖς

2148 555 2250 596 nos
2289 541 2495 606 dicant,
2527 542 2883 598 nihilominus
2912 550 3107 597 auctor
3138 542 3466 606 vobii'sum,
3503 543 3719 598 fratres.

2147 637 2207 685 ut
2228 645 2418 686 eorum
2448 631 2679 687 dicteria
2707 633 2782 686 nil
2811 632 3070 698 timeatis,
3105 647 3240 687 neve
3278 631 3594 687 eorumdem
3626 634 3723 686 dc-

2147 718 2446 777 risionibus
2484 721 2881 777 succumbatis.
2928 721 3150 778 Utinam
3178 722 3323 777 enim
3368 730 3422 777 et
3454 723 3590 792 ipsis
3621 723 3713 775 ali-

2144 811 2365 882 quando
2392 812 2531 868 foret
2559 812 2663 868 hoc
2682 822 2943 879 mustum,
2966 829 3183 878 recens,
3216 813 3460 884 inquam,
3482 813 3722 869 effusum

2147 903 2249 958 hoc
2293 903 2502 969 vinum,
2546 918 2609 957 ac
2638 919 2704 959 ex
2749 905 3005 959 torculari
3056 904 3373 974 profusum,
3424 906 3570 975 quod
3625 921 3721 976 per

2145 991 2498 1063 Evangelium
2543 993 2805 1049 Dominus
2838 995 3126 1057 calcavit",
3159 1003 3217 1049 ut
3260 995 3357 1050 tibi
3397 996 3599 1065 proprii
3631 1010 3717 1048 ra-

2144 1084 2283 1138 cemi
2333 1083 2653 1154 sanguinem
2687 1085 2983 1154 potandum
3020 1084 3195 1139 daret.
3245 1083 3465 1139 Utinam
3512 1094 3568 1140 et
3615 1085 3719 1153 ipsi

2144 1176 2332 1246 repleti
2380 1176 2578 1231 fuerint
2618 1193 2758 1231 novo
2784 1177 2887 1231 hoc
2916 1177 3064 1241 vino,
3096 1175 3242 1247 quod
3270 1184 3511 1231 mustum
3535 1177 3721 1246 appel-

2144 1269 2414 1330 laverunt,
2451 1266 2601 1338 quod
2641 1268 2909 1322 haeretica:
2941 1282 3097 1338 aquae
3130 1267 3458 1321 admistionc
3495 1282 3605 1320 non
3633 1274 3718 1320 est

2144 1374 2173 1411 a
2211 1358 2549 1427 cauponibus
2593 1358 2956 1414 adulteratam
2992 1376 3005 1411 :
3054 1373 3283 1427 prorsus
3312 1357 3456 1412 enim
3510 1355 3721 1426 Spiritu

2141 1448 2304 1501 etiam
2337 1447 2527 1516 repleti
2559 1446 2813 1510 fuissent,
2843 1446 3003 1515 cujus
3036 1461 3225 1515 opera,
3252 1446 3345 1515 qui
3377 1460 3441 1498 eo
3467 1444 3677 1499 fervent
3698 1484 3713 1507 ,

2142 1553 2384 1593 crassam
2415 1536 2655 1607 perﬁdiae
2702 1538 2872 1593 fecem
2906 1552 2973 1591 ex
3008 1538 3250 1607 ipsorum
3291 1536 3489 1589 animis
3523 1534 3718 1604 despm

2142 1641 2312 1684 mant.
2339 1628 2540 1685 Verum
2571 1629 2731 1685 istius
2760 1628 2979 1699 generis
2998 1628 3249 1682 homines
3272 1626 3325 1680 in
3352 1641 3413 1681 se
3440 1625 3572 1695 ipsis
3597 1641 3717 1678 mu-

2141 1732 2281 1777 stun.
2313 1720 2445 1776 illud
2473 1737 2669 1792 capere
2693 1738 2798 1777 non
2825 1728 3055 1790 possunt
3074 1759 3089 1784 ,
3113 1732 3239 1773 cum
3268 1718 3449 1773 adhuc
3478 1724 3721 1771 veterem

465 1790 526 1843 τὸ
556 1791 785 1859 γλεῦκος
808 1795 1082 1863 δέξασθαι,
1120 1799 1198 1852 ἔτι
1233 1801 1322 1854 τὸν
1356 1802 1585 1855 παλαιὸν
1614 1804 1782 1858 ἀσκὸν
1812 1806 2037 1876 περιφέ-

2142 1821 2318 1866 utrem
2341 1811 2754 1877 circumferant,
2780 1812 2872 1882 qui
2905 1825 3031 1865 cum
3058 1808 3329 1879 ejusmodi
3367 1808 3551 1862 vinum
3584 1821 3718 1861 con-

470 1898 671 1951 ροντες,
696 1883 754 1948 ὃς
780 1890 1132 1958 περικρατεῖν
1156 1890 1247 1943 τὸν
1276 1890 1514 1945 τοιοῦτον
1546 1894 1619 1963 μὴ
1642 1893 1941 1965 δυνάμενος
1966 1892 2038 1949 οἵ·

465 1989 575 2030 νον.
635 1975 926 2046 αἱρετικῶς
980 1980 1414 2051 ἀποῤῥήγνυται.
1494 1984 1631 2037 Ἀλλ’
1683 1987 1844 2056 ἡμεῖς
1888 1986 2034 2057 (16),

464 2064 704 2132 ἀδελφοὶ,
732 2067 912 2132 καθώς
941 2087 1105 2141 φησιν
1133 2072 1162 2123 ὁ
1183 2074 1505 2146 Προφήτης,
1530 2075 1728 2139 Δεῦτε,
1750 2077 2037 2146 ἀγαλλια-

463 2156 701 2225 σώμεθα
746 2160 826 2224 τῷ
860 2164 1073 2230 Κυρίῳ,
1107 2164 1373 2229 πίνοντες,
1407 2169 1499 2219 καὶ
1528 2167 1597 2220 τὰ
1626 2169 1726 2238 τῆς
1758 2169 2038 2232 εὐσεϐείας

463 2247 843 2318 γλυκάσματα,
901 2252 1083 2317 καθὼς
1130 2256 1160 2307 6
1217 2256 1452 2327 Ἔσδρας
1501 2258 1891 2322 διακελεύεται,
1943 2261 2038 2314 καὶ

462 2342 583 2402 ταῖς
610 2340 716 2393 τῶν
768 2343 1082 2397 ἀποστόλων
1117 2362 1175 2398 τε
1206 2348 1298 2400 καὶ
1332 2349 1623 2419 προφητῶν
1652 2352 2036 2420 χοροστασίαις

463 2432 971 2503 ἔμφαιδρυνόμενοι,
999 2436 1138 2490 κατά
1174 2437 1271 2509 τὴν
1306 2437 1512 2510 δωρεὰν
1546 2439 1640 2493 τοῦ
1679 2442 1834 2509 ἁγίου
1864 2442 2035 2495 Πνεῦ-

465 2539 637 2594 51110;
678 2526 1133 2600 ἀγαλλιασώμεθα
1177 2531 1272 2584 καὶ
1296 2531 1688 2603 εὐφρανθῶμεν
1711 2535 1805 2587 ἐπὶ
1824 2538 1892 2606 τῇ
1921 2535 2032 2605 (l7)

2136 1906 2312 1958 tinere
2359 1918 2470 1958 non
2511 1905 2723 1967 valeat,
2760 1902 3016 1957 hatretica
3052 1900 3293 1955 fractura
3333 1897 3715 1965 disrumpitur.

2133 1994 2242 2050 Nos
2277 2005 2479 2055 autem,
2524 1993 2743 2058 fratres,
2777 2001 2837 2048 ut
2866 1994 2940 2047 ait
2972 1990 3262 2060 PrOphcta.
3307 1987 3507 2052 Venite,
3532 1984 3717 2040 exsut-

2136 2095 2302 2140 temus
2346 2086 2589 2143 Domino.
2646 2085 2906 2139 Bihamus
2954 2082 3173 2153 pietatis
3225 2077 3603 2138 dulcedinem,
3657 2082 3720 2128 ut.

2136 2177 2340 2233 Esdras
2381 2179 2623 2247 praecipit
2648 2179 2691 2241 ⁸,
2729 2185 2784 2232 et
2818 2177 2872 2231 in
2918 2176 3290 2245 apostolorum
3329 2178 3383 2225 et
3423 2168 3719 2240 propheta-

2138 2286 2260 2324 rum
2309 2270 2497 2324 choris
2550 2269 2890 2339 gaudentes,
2922 2283 3021 2336 pro
3068 2265 3244 2320 sancti
3282 2262 3523 2332 Spiritus
3572 2258 3723 2313 dono

2138 2361 2499 2425 exsultcmus,
2535 2370 2590 2415 et
2623 2361 2869 2414 lmtemur
2899 2359 2954 2412 in
2994 2358 3099 2411 hac
3136 2355 3226 2409 die
3260 2367 3423 2424 quam
3456 2350 3583 2405 fecit
3611 2347 3720 2401 Do-

2137 2452 2340 2518 minus,
2385 2453 2440 2506 in
2484 2453 2706 2507 Christo
2750 2450 2882 2507 Iesu
2915 2449 3149 2504 Domino
3180 2454 3393 2511 nostro,
3428 2444 3515 2498 cui
3543 2440 3721 2513 gloria

2140 2539 2193 2592 in
2224 2541 2443 2595 saecula.
2476 2541 2672 2596 Amen.

463 2621 646 2708 ἡμέρᾳ
693 2621 884 2694 ταύτην
927 2624 994 2693 ἢν
1047 2626 1302 2694 ἐποίησεν
1340 2626 1370 2678 ὁ
1421 2624 1677 2697 Κύριος,
1706 2630 1766 2681 ὲν
1814 2630 2033 2700 Χριστῷ
2083 2632 2263 2704 Ἰησοῦν
2286 2635 2363 2706 τῷ
2392 2637 2582 2708 Κυρίῳ
2623 2637 2797 2708 ἡμῶν,
2834 2629 2879 2706 ᾧ
2913 2638 2948 2707 ἡ
2990 2634 3117 2698 δόξα
3158 2633 3239 2697 είς
3304 2631 3429 2696 τοὺς
3495 2627 3721 2688 αἰῶνας.

476 2707 535 2760 ’Δ
542 2710 671 2777 μήν.

537 2866 557 2897 ⁷
582 2864 688 2921 lsa.
726 2882 881 2931 u'u,
915 2869 967 2923 5.
1046 2868 1068 2900 ⁸
1091 2868 1159 2923 III
1190 2870 1350 2925 Esdr.
1386 2886 1464 2926 Ix.
1496 2871 1585 2927 52.

538 3019 648 3098 (lg)
696 3018 868 3098 _Zinu_s
899 3022 1117 3098 videtur
1155 3026 1671 3098 legisse,yév0two,
1712 3026 2039 3098 refraganti-

467 3089 569 3143 bus
596 3090 877 3172 vaticanis
910 3096 1165 3172 omnibus
1202 3089 1518 3172 codicibus,
1562 3089 1725 3151 vertit
1749 3089 1918 3161 enim,
1947 3099 2045 3151 At-

465 3175 581 3239 que.
595 3162 802 3239 £1123.qu
824 3162 940 3239 ipsi
967 3179 1167 3239 quoque
1197 3171 1468 3239 degustent
1500 3166 1595 3219 hoc
1621 3176 1873 3239 mustum:

538 3230 648 3294 (εδ)
680 3227 908 3283 Videtur
936 3227 1099 3286 aliam
1129 3227 1416 3289 lectionem
1446 3245 1672 3290 secutus
1701 3251 1821 3289 esse
1850 3235 2038 3295 Zinus.

466 3299 558 3365 qui
596 3299 1009 3382 interpretatur,
1050 3303 1117 3357 Ut
1153 3306 1302 3382 nobis
1335 3313 1588 3374 tanquam
1620 3308 1815 3359 racemi
1840 3306 2042 3374 proprii

467 3374 1040 3441 corporis‘sdnguinem
1071 3374 1397 3441 propinaret.

539 3438 651 3507 (14)
685 3435 879 3494 Omisit
907 3435 1081 3497 Zinus
1096 3435 1306 3507 vocem,
1330 3442 1422 3496 τοῦ
1445 3443 1746 3515 αἱρετικοῦ.

2214 3028 2328 3096 (15)
2395 3025 2626 3080 Videtur
2652 3027 2810 3080 aliter
2829 3025 3026 3095 legisse
3054 3026 3245 3089 Zinus,
3269 3024 3352 3080 vel
3383 3026 3563 3096 potius
3601 3026 3721 3096 vim

2141 3098 2316 3151 Graeci
2348 3105 2530 3151 textus
2561 3112 2669 3150 non
2701 3112 2827 3152 esse
2866 3106 3187 3157 assecutus;
3222 3111 3343 3148 nam
3371 3095 3564 3159 vertit,
3598 3095 3719 3161 Quo

2140 3169 2349 3235 quidem
2404 3166 2690 3235 ferventes,
2773 3183 3010 3219 crassam
3069 3166 3414 3235 limosamqne
3477 3166 3719 3232 perﬁdiae

2140 3252 2379 3305 spumam
2407 3252 2471 3289 ea:
2498 3237 2690 3289 animis
2717 3237 2828 3290 suis
2858 3237 3205 3303 effunderent,
3241 3245 3290 3289 et
3328 3235 3637 3305 abjicerem.

2211 3306 2325 3376 (16)
2351 3306 2523 3361 Zinus
2556 3308 2707 3376 legit,
2742 3308 2921 3375 ὑμεῖς.

2214 3377 2326 3446 (l7)
2354 3378 2510 3430 Alius
2538 3376 2707 3431 codex
2738 3376 3054 3431 Vaticanus.
3080 3376 3136 3427 ὲν
3168 3376 3256 3446 τῇ.

482 3656 3691 3693 W3

1752 3822 2050 3937 ΤΟΥ
2130 3822 2620 3937 ΑΥΤΟΥ

1976 4033 2331 4089 ΕΓΚΩΜΙΟΝ

679 4232 850 4318 ΕΙΣ
937 4231 1160 4315 ΤΟΝ
1230 4229 1566 4315 APION
1622 4228 2210 4316 ΣΤΕΦΑΝΟΝ
2300 4230 2524 4315 ΤΟΝ
2599 4228 3500 4317 ΙΙΡΩΤΟΜΑΡΤΥΡΛ.

1752 4582 2419 4689 EJUSDEM

1915 4790 2281 4851 ENCOMIUM

725 4969 849 5060 IN
926 4967 1474 5058 SANCTUM
1545 4962 2270 5056 STEPHANUM
2339 4960 3459 5055 PROTOMARTYREM.

1704 5155 1970 5209 Laurentio
2002 5157 2171 5209 Sifano
2201 5154 2495 5219 interprete.

552 5459 640 5526 Ὦς
674 5459 812 5532 καλὴ
856 5461 965 5515 τῶν
1022 5461 1239 5531 ἀγαθῶν
1273 5462 1306 5531 ἠ
1340 5459 1665 5515 ἀκολουθίαῐ
1699 5462 1773 5526 ὡς
1812 5460 2036 5531 γλυκεῖα

2210 5459 2383 5527 Quam
2408 5461 2634 5532 pulchra
2656 5462 2928 5517 bonorum
2962 5465 3359 5534 consequentia
3377 5465 3498 5524 est!
3531 5465 3709 5532 Onam

473 5551 571 5622 τῆς
615 5553 953 5625 εὐφροσύνης
1001 5556 1034 5626 ἡ
1085 5554 1341 5624 διαδοχήί
1410 5554 1539 5607 Ἰδοὺ
1585 5554 1693 5624 γὰρ
1746 5556 1941 5628 ἑορτὴν
1981 5555 2038 5622 ἐξ

2141 5552 2387 5624 jucunda
2418 5554 2616 5610 lzetitiae
2649 5555 2967 5611 successio!
2994 5555 3132 5612 Ecce
3165 5560 3310 5612 enim
3340 5557 3482 5614 diem
3512 5558 3713 5613 festum

473 5641 704 5714 ἑορτῆς,
752 5645 847 5697 καὶ
893 5646 1052 5714 χάριν
1101 5645 1565 5717 ἁντιλαμϐἁνομεν
1610 5647 1845 5717 χάριτος.
1896 5646 2039 5710 Χθὲς

2142 5659 2207 5697 ex
2246 5643 2333 5698 dic
2372 5643 2536 5707 festo,
2564 5656 2617 5699 ct
2638 5647 2866 5716 gratiam
2886 5662 2985 5716 pro
3015 5648 3188 5715 gratia
3228 5648 3550 5719 accipimus.
3584 5646 3710 5700 fleri

474 5734 618 5802 ἡμᾶς
659 5736 687 5787 ό
721 5735 813 5787 τοῦ
852 5736 1046 5799 παντὸς
1093 5736 1366 5808 Δεσπότης
1411 5737 1670 5801 εἱστίασε,
1705 5738 1967 5808 σήμερον,
2005 5737 2039 5790 ὁ

2143 5731 2408 5791 Dominus
2428 5734 2668 5790 universi
2700 5750 2799 5791 nos
2827 5736 2995 5806 pavit,
3018 5735 3175 5791 hodie
3202 5733 3415 5790 Domini
3440 5737 3707 5790 imitator.
