  <div class='ocr_page' id='page_1' title='image "/cluster/home/n/w/nwhite01/storage/ocr_20150623/46/nnc1.0046978380/359.png"; bbox 0 0 4154 6354; ppageno 0'>
   <div class='ocr_carea' id='block_1_1' title="bbox 440 238 542 296">
    <p class='ocr_par' dir='ltr' id='par_1_1' title="bbox 440 238 542 296">
     <span class='ocr_line' id='line_1_1' title="bbox 440 238 542 296; baseline 0.039 -4"><span class='ocrx_word' id='word_1_1' title='bbox 440 238 542 296; x_wconf 64' lang='lat'><strong>705</strong></span> 
     </span>
    </p>
   </div>
   <div class='ocr_carea' id='block_1_2' title="bbox 1635 244 2388 300">
    <p class='ocr_par' dir='ltr' id='par_1_2' title="bbox 1635 244 2388 300">
     <span class='ocr_line' id='line_1_2' title="bbox 1635 244 2388 300; baseline -0.003 0"><span class='ocrx_word' id='word_1_2' title='bbox 1635 245 1692 300; x_wconf 87' lang='lat' dir='ltr'><strong>S.</strong></span> <span class='ocrx_word' id='word_1_3' title='bbox 1735 244 2057 300; x_wconf 77' lang='lat' dir='ltr'><strong>GREGORII</strong></span> <span class='ocrx_word' id='word_1_4' title='bbox 2096 244 2388 300; x_wconf 76' lang='lat' dir='ltr'><strong>NYSSENI</strong></span> 
     </span>
    </p>
   </div>
   <div class='ocr_carea' id='block_1_3' title="bbox 3587 239 3690 295">
    <p class='ocr_par' dir='ltr' id='par_1_3' title="bbox 3587 239 3690 295">
     <span class='ocr_line' id='line_1_3' title="bbox 3587 239 3690 295; baseline 0.068 -7"><span class='ocrx_word' id='word_1_5' title='bbox 3587 239 3690 295; x_wconf 72' lang='grc' dir='ltr'><strong>ἰοι</strong></span> 
     </span>
    </p>
   </div>
   <div class='ocr_carea' id='block_1_4' title="bbox 429 349 2029 428">
    <p class='ocr_par' dir='ltr' id='par_1_4' title="bbox 429 351 2011 423">
     <span class='ocr_line' id='line_1_4' title="bbox 429 351 2011 423; baseline 0.004 -18"><span class='ocrx_word' id='word_1_6' title='bbox 429 351 721 417; x_wconf 75' lang='lat' dir='ltr'><strong>Quomodo</strong></span> <span class='ocrx_word' id='word_1_7' title='bbox 777 351 886 415; x_wconf 90' lang='lat' dir='ltr'><strong>hic,</strong></span> <span class='ocrx_word' id='word_1_8' title='bbox 937 362 1030 406; x_wconf 91' lang='lat' dir='ltr'><strong>aut</strong></span> <span class='ocrx_word' id='word_1_9' title='bbox 1095 355 1371 423; x_wconf 86' lang='lat' dir='ltr'><strong>quomodo</strong></span> <span class='ocrx_word' id='word_1_10' title='bbox 1415 356 1548 410; x_wconf 91' lang='lat' dir='ltr'><strong>ille?</strong></span> <span class='ocrx_word' id='word_1_11' title='bbox 1597 356 1689 412; x_wconf 85' lang='lat' dir='ltr'><strong>Ille</strong></span> <span class='ocrx_word' id='word_1_12' title='bbox 1737 358 2011 413; x_wconf 85' lang='lat' dir='ltr'><strong>hominem</strong></span> 
     </span>
    </p>
   </div>
   <div class='ocr_carea' id='block_1_5' title="bbox 2130 349 3690 428">
    <p class='ocr_par' dir='ltr' id='par_1_5' title="bbox 2130 349 3690 428">
     <span class='ocr_line' id='line_1_5' title="bbox 2130 349 3690 428; baseline 0 -19"><span class='ocrx_word' id='word_1_13' title='bbox 2130 356 2360 428; x_wconf 49' lang='lat' dir='ltr'><strong>neganti];</strong></span> <span class='ocrx_word' id='word_1_14' title='bbox 2389 355 2482 409; x_wconf 77' lang='grc' dir='ltr'>τοῦ</span> <span class='ocrx_word' id='word_1_15' title='bbox 2517 358 2807 410; x_wconf 79' lang='grc' dir='ltr'>Δεσποτου.</span> <span class='ocrx_word' id='word_1_16' title='bbox 2848 355 2972 420; x_wconf 86' lang='grc' dir='ltr'>Πῶς</span> <span class='ocrx_word' id='word_1_17' title='bbox 2998 349 3173 419; x_wconf 76' lang='grc' dir='ltr'>οὗτος,</span> <span class='ocrx_word' id='word_1_18' title='bbox 3210 355 3243 425; x_wconf 80' lang='grc' dir='ltr'>ἦ</span> <span class='ocrx_word' id='word_1_19' title='bbox 3290 354 3403 417; x_wconf 87' lang='grc' dir='ltr'><strong>πῶς</strong></span> <span class='ocrx_word' id='word_1_20' title='bbox 3445 357 3646 419; x_wconf 80' lang='grc' dir='ltr'>ἐκεῖνος</span> <span class='ocrx_word' id='word_1_21' title='bbox 3675 376 3690 421; x_wconf 84' lang='grc'>;</span> 
     </span>
    </p>
   </div>
   <div class='ocr_carea' id='block_1_6' title="bbox 437 445 2007 515">
    <p class='ocr_par' dir='ltr' id='par_1_6' title="bbox 437 445 2007 515">
     <span class='ocr_line' id='line_1_6' title="bbox 437 445 2007 515; baseline 0.003 -17"><span class='ocrx_word' id='word_1_22' title='bbox 437 461 538 515; x_wconf 91' lang='lat' dir='ltr'><strong>pro</strong></span> <span class='ocrx_word' id='word_1_23' title='bbox 573 445 732 500; x_wconf 90' lang='lat' dir='ltr'><strong>nobis</strong></span> <span class='ocrx_word' id='word_1_24' title='bbox 789 445 1044 512; x_wconf 85' lang='lat' dir='ltr'><strong>induens,</strong></span> <span class='ocrx_word' id='word_1_25' title='bbox 1094 446 1182 500; x_wconf 93' lang='lat' dir='ltr'><strong>hic</strong></span> <span class='ocrx_word' id='word_1_26' title='bbox 1217 462 1314 515; x_wconf 93' lang='lat' dir='ltr'><strong>pro</strong></span> <span class='ocrx_word' id='word_1_27' title='bbox 1341 448 1433 502; x_wconf 91' lang='lat' dir='ltr'><strong>illo</strong></span> <span class='ocrx_word' id='word_1_28' title='bbox 1480 448 1752 502; x_wconf 90' lang='lat' dir='ltr'><strong>hominem</strong></span> <span class='ocrx_word' id='word_1_29' title='bbox 1778 464 2007 506; x_wconf 84' lang='lat' dir='ltr'><strong>exuens.</strong></span> 
     </span>
    </p>
   </div>
   <div class='ocr_carea' id='block_1_7' title="bbox 439 536 2009 610">
    <p class='ocr_par' dir='ltr' id='par_1_7' title="bbox 439 536 2009 610">
     <span class='ocr_line' id='line_1_7' title="bbox 439 536 2009 610; baseline 0.003 -21"><span class='ocrx_word' id='word_1_30' title='bbox 439 537 535 590; x_wconf 84' lang='lat' dir='ltr'><strong>Ille</strong></span> <span class='ocrx_word' id='word_1_31' title='bbox 570 536 693 590; x_wconf 67' lang='lat' dir='ltr'><strong>vitae</strong></span> <span class='ocrx_word' id='word_1_32' title='bbox 723 537 1037 606; x_wconf 84' lang='lat' dir='ltr'><strong>speluncam</strong></span> <span class='ocrx_word' id='word_1_33' title='bbox 1068 546 1294 606; x_wconf 78' lang='lat' dir='ltr'><strong>propter</strong></span> <span class='ocrx_word' id='word_1_34' title='bbox 1331 553 1431 592; x_wconf 92' lang='lat' dir='ltr'><strong>nos</strong></span> <span class='ocrx_word' id='word_1_35' title='bbox 1471 537 1719 603; x_wconf 87' lang='lat' dir='ltr'><strong>subiens,</strong></span> <span class='ocrx_word' id='word_1_36' title='bbox 1759 539 1846 594; x_wconf 90' lang='lat' dir='ltr'><strong>hic</strong></span> <span class='ocrx_word' id='word_1_37' title='bbox 1883 555 2009 610; x_wconf 83' lang='lat' dir='ltr'><strong>pro-</strong></span> 
     </span>
    </p>
   </div>
   <div class='ocr_carea' id='block_1_8' title="bbox 440 627 2012 700">
    <p class='ocr_par' dir='ltr' id='par_1_8' title="bbox 440 627 2012 700">
     <span class='ocr_line' id='line_1_8' title="bbox 440 627 2012 700; baseline 0.004 -20"><span class='ocrx_word' id='word_1_38' title='bbox 440 641 560 697; x_wconf 86' lang='lat' dir='ltr'><strong>pter</strong></span> <span class='ocrx_word' id='word_1_39' title='bbox 605 628 758 680; x_wconf 91' lang='lat' dir='ltr'><strong>illum</strong></span> <span class='ocrx_word' id='word_1_40' title='bbox 820 642 883 681; x_wconf 77' lang='lat' dir='ltr'><strong>ex</strong></span> <span class='ocrx_word' id='word_1_41' title='bbox 940 627 1206 696; x_wconf 83' lang='lat' dir='ltr'><strong>spelunca</strong></span> <span class='ocrx_word' id='word_1_42' title='bbox 1243 627 1540 683; x_wconf 79' lang='lat' dir='ltr'><strong>excedens.</strong></span> <span class='ocrx_word' id='word_1_43' title='bbox 1575 627 1670 684; x_wconf 88' lang='lat' dir='ltr'><strong>Ille</strong></span> <span class='ocrx_word' id='word_1_44' title='bbox 1723 645 1823 700; x_wconf 89' lang='lat' dir='ltr'><strong>pro</strong></span> <span class='ocrx_word' id='word_1_45' title='bbox 1850 632 2012 686; x_wconf 91' lang='lat' dir='ltr'><strong>nobis</strong></span> 
     </span>
    </p>
   </div>
   <div class='ocr_carea' id='block_1_9' title="bbox 443 718 2015 790">
    <p class='ocr_par' dir='ltr' id='par_1_9' title="bbox 443 718 2015 790">
     <span class='ocr_line' id='line_1_9' title="bbox 443 718 2015 790; baseline 0.001 -18"><span class='ocrx_word' id='word_1_46' title='bbox 443 719 630 773; x_wconf 77' lang='lat' dir='ltr'><strong>fasciis</strong></span> <span class='ocrx_word' id='word_1_47' title='bbox 665 718 968 781; x_wconf 89' lang='lat' dir='ltr'><strong>involutus,</strong></span> <span class='ocrx_word' id='word_1_48' title='bbox 1006 718 1094 771; x_wconf 91' lang='lat' dir='ltr'><strong>hic</strong></span> <span class='ocrx_word' id='word_1_49' title='bbox 1126 733 1226 786; x_wconf 84' lang='lat' dir='ltr'><strong>pro</strong></span> <span class='ocrx_word' id='word_1_50' title='bbox 1257 719 1352 774; x_wconf 93' lang='lat' dir='ltr'><strong>illo</strong></span> <span class='ocrx_word' id='word_1_51' title='bbox 1403 719 1704 790; x_wconf 78' lang='lat' dir='ltr'><strong>lapidatus.</strong></span> <span class='ocrx_word' id='word_1_52' title='bbox 1737 721 1834 776; x_wconf 88' lang='lat' dir='ltr'><strong>llle</strong></span> <span class='ocrx_word' id='word_1_53' title='bbox 1864 737 2015 776; x_wconf 91' lang='lat' dir='ltr'><strong>mor-</strong></span> 
     </span>
    </p>
   </div>
   <div class='ocr_carea' id='block_1_10' title="bbox 441 809 2013 878">
    <p class='ocr_par' dir='ltr' id='par_1_10' title="bbox 441 809 2013 878">
     <span class='ocr_line' id='line_1_10' title="bbox 441 809 2013 878; baseline 0.003 -17"><span class='ocrx_word' id='word_1_54' title='bbox 441 819 548 862; x_wconf 91' lang='lat' dir='ltr'><strong>tem</strong></span> <span class='ocrx_word' id='word_1_55' title='bbox 583 810 926 870; x_wconf 88' lang='lat' dir='ltr'><strong>interimens,</strong></span> <span class='ocrx_word' id='word_1_56' title='bbox 958 809 1048 862; x_wconf 93' lang='lat' dir='ltr'><strong>hic</strong></span> <span class='ocrx_word' id='word_1_57' title='bbox 1093 809 1254 862; x_wconf 89' lang='lat' dir='ltr'><strong>morti</strong></span> <span class='ocrx_word' id='word_1_58' title='bbox 1289 809 1492 878; x_wconf 83' lang='lat' dir='ltr'><strong>jacenti</strong></span> <span class='ocrx_word' id='word_1_59' title='bbox 1529 811 1824 867; x_wconf 86' lang='lat' dir='ltr'><strong>insultans.</strong></span> <span class='ocrx_word' id='word_1_60' title='bbox 1856 811 2013 866; x_wconf 83' lang='lat' dir='ltr'><strong>Enim</strong></span> 
     </span>
    </p>
   </div>
   <div class='ocr_carea' id='block_1_11' title="bbox 442 899 2014 962">
    <p class='ocr_par' dir='ltr' id='par_1_11' title="bbox 442 899 2014 962">
     <span class='ocr_line' id='line_1_11' title="bbox 442 899 2014 962; baseline 0.005 -12"><span class='ocrx_word' id='word_1_61' title='bbox 442 914 593 962; x_wconf 92' lang='lat' dir='ltr'><strong>vero,</strong></span> <span class='ocrx_word' id='word_1_62' title='bbox 655 899 874 960; x_wconf 87' lang='lat' dir='ltr'><strong>fratres.</strong></span> <span class='ocrx_word' id='word_1_63' title='bbox 908 913 1310 954; x_wconf 90' lang='lat' dir='ltr'><strong>concurramns</strong></span> <span class='ocrx_word' id='word_1_64' title='bbox 1339 902 1504 954; x_wconf 81' lang='lat' dir='ltr'><strong>etiam</strong></span> <span class='ocrx_word' id='word_1_65' title='bbox 1537 917 1641 956; x_wconf 89' lang='lat' dir='ltr'><strong>nos</strong></span> <span class='ocrx_word' id='word_1_66' title='bbox 1667 907 2014 958; x_wconf 87' lang='lat' dir='ltr'><strong>sermone-ad</strong></span> 
     </span>
    </p>
   </div>
   <div class='ocr_carea' id='block_1_12' title="bbox 443 992 2018 1062">
    <p class='ocr_par' dir='ltr' id='par_1_12' title="bbox 443 992 2018 1062">
     <span class='ocr_line' id='line_1_12' title="bbox 443 992 2018 1062; baseline 0.006 -19"><span class='ocrx_word' id='word_1_67' title='bbox 443 992 738 1048; x_wconf 84' lang='lat' dir='ltr'><strong>theatrum.</strong></span> <span class='ocrx_word' id='word_1_68' title='bbox 773 1007 882 1061; x_wconf 88' lang='lat' dir='ltr'><strong>quo</strong></span> <span class='ocrx_word' id='word_1_69' title='bbox 913 1007 1144 1062; x_wconf 83' lang='lat' dir='ltr'><strong>magnus</strong></span> <span class='ocrx_word' id='word_1_70' title='bbox 1190 992 1280 1046; x_wconf 90' lang='lat' dir='ltr'><strong>ille</strong></span> <span class='ocrx_word' id='word_1_71' title='bbox 1314 995 1518 1048; x_wconf 82' lang='lat' dir='ltr'><strong>athleta</strong></span> <span class='ocrx_word' id='word_1_72' title='bbox 1569 995 1806 1060; x_wconf 89' lang='lat' dir='ltr'><strong>laborat,</strong></span> <span class='ocrx_word' id='word_1_73' title='bbox 1835 1007 1890 1052; x_wconf 92' lang='lat' dir='ltr'><strong>et</strong></span> <span class='ocrx_word' id='word_1_74' title='bbox 1918 999 2018 1053; x_wconf 84' lang='lat' dir='ltr'><strong>ad-</strong></span> 
     </span>
    </p>
   </div>
   <div class='ocr_carea' id='block_1_13' title="bbox 445 1082 2016 1152">
    <p class='ocr_par' dir='ltr' id='par_1_13' title="bbox 445 1082 2016 1152">
     <span class='ocr_line' id='line_1_13' title="bbox 445 1082 2016 1152; baseline 0.007 -19"><span class='ocrx_word' id='word_1_75' title='bbox 445 1097 634 1136; x_wconf 89' lang='lat' dir='ltr'><strong>versus</strong></span> <span class='ocrx_word' id='word_1_76' title='bbox 693 1083 1000 1152; x_wconf 86' lang='lat' dir='ltr'><strong>improbum</strong></span> <span class='ocrx_word' id='word_1_77' title='bbox 1051 1082 1303 1138; x_wconf 62' lang='lat' dir='ltr'><strong>humanae</strong></span> <span class='ocrx_word' id='word_1_78' title='bbox 1351 1086 1475 1140; x_wconf 75' lang='lat' dir='ltr'><strong>vitae</strong></span> <span class='ocrx_word' id='word_1_79' title='bbox 1516 1087 1890 1143; x_wconf 89' lang='lat' dir='ltr'><strong>adversarium</strong></span> <span class='ocrx_word' id='word_1_80' title='bbox 1947 1089 2016 1144; x_wconf 91' lang='lat' dir='ltr'><strong>ad</strong></span> 
     </span>
    </p>
   </div>
   <div class='ocr_carea' id='block_1_14' title="bbox 437 1175 2016 1244">
    <p class='ocr_par' dir='ltr' id='par_1_14' title="bbox 437 1175 2016 1244">
     <span class='ocr_line' id='line_1_14' title="bbox 437 1175 2016 1244; baseline 0.006 -18"><span class='ocrx_word' id='word_1_81' title='bbox 437 1183 718 1228; x_wconf 78' lang='lat' dir='ltr'><strong>certamen</strong></span> <span class='ocrx_word' id='word_1_82' title='bbox 753 1175 1057 1244; x_wconf 74' lang='lat' dir='ltr'><strong>accingitur</strong></span> <span class='ocrx_word' id='word_1_83' title='bbox 1084 1176 1137 1229; x_wconf 92' lang='lat' dir='ltr'><strong>in</strong></span> <span class='ocrx_word' id='word_1_84' title='bbox 1171 1175 1348 1230; x_wconf 84' lang='lat' dir='ltr'><strong>stadio</strong></span> <span class='ocrx_word' id='word_1_85' title='bbox 1387 1177 1773 1236; x_wconf 75' lang='lat' dir='ltr'><strong>confessionis.</strong></span> <span class='ocrx_word' id='word_1_86' title='bbox 1809 1178 2016 1236; x_wconf 76' lang='lat' dir='ltr'><strong>Revera</strong></span> 
     </span>
    </p>
   </div>
   <div class='ocr_carea' id='block_1_15' title="bbox 443 1265 2017 1340">
    <p class='ocr_par' dir='ltr' id='par_1_15' title="bbox 443 1265 2017 1340">
     <span class='ocr_line' id='line_1_15' title="bbox 443 1265 2017 1340; baseline 0.004 -21"><span class='ocrx_word' id='word_1_87' title='bbox 443 1265 786 1333; x_wconf 79' lang='lat' dir='ltr'><strong>enim,juxta</strong></span> <span class='ocrx_word' id='word_1_88' title='bbox 817 1281 1004 1320; x_wconf 87' lang='lat' dir='ltr'><strong>vocem</strong></span> <span class='ocrx_word' id='word_1_89' title='bbox 1039 1267 1190 1320; x_wconf 80' lang='lat' dir='ltr'><strong>Pauli</strong></span> <span class='ocrx_word' id='word_1_90' title='bbox 1214 1268 1253 1332; x_wconf 78' lang='grc'>⁸,</span> <span class='ocrx_word' id='word_1_91' title='bbox 1290 1268 1494 1322; x_wconf 85' lang='lat' dir='ltr'><strong>mundo</strong></span> <span class='ocrx_word' id='word_1_92' title='bbox 1527 1278 1580 1324; x_wconf 85' lang='lat' dir='ltr'><strong>et</strong></span> <span class='ocrx_word' id='word_1_93' title='bbox 1605 1271 1812 1340; x_wconf 82' lang='lat' dir='ltr'><strong>angelis</strong></span> <span class='ocrx_word' id='word_1_94' title='bbox 1845 1272 2017 1327; x_wconf 85' lang='lat' dir='ltr'><strong>etho-</strong></span> 
     </span>
    </p>
   </div>
   <div class='ocr_carea' id='block_1_16' title="bbox 446 1356 2012 1433">
    <p class='ocr_par' dir='ltr' id='par_1_16' title="bbox 446 1356 2012 1433">
     <span class='ocr_line' id='line_1_16' title="bbox 446 1356 2012 1433; baseline 0.007 -27"><span class='ocrx_word' id='word_1_95' title='bbox 446 1356 684 1410; x_wconf 84' lang='lat' dir='ltr'><strong>minibus</strong></span> <span class='ocrx_word' id='word_1_96' title='bbox 724 1357 1040 1425; x_wconf 84' lang='lat' dir='ltr'><strong>spectacqu</strong></span> <span class='ocrx_word' id='word_1_97' title='bbox 1076 1357 1179 1412; x_wconf 89' lang='lat' dir='ltr'><strong>fuit</strong></span> <span class='ocrx_word' id='word_1_98' title='bbox 1245 1373 1478 1428; x_wconf 82' lang='lat' dir='ltr'><strong>magnus</strong></span> <span class='ocrx_word' id='word_1_99' title='bbox 1527 1359 1618 1415; x_wconf 91' lang='lat' dir='ltr'><strong>ille</strong></span> <span class='ocrx_word' id='word_1_100' title='bbox 1679 1360 2012 1433; x_wconf 87' lang='lat' dir='ltr'><strong>Stephanus,</strong></span> 
     </span>
    </p>
   </div>
   <div class='ocr_carea' id='block_1_17' title="bbox 443 1446 2017 1517">
    <p class='ocr_par' dir='ltr' id='par_1_17' title="bbox 443 1446 2017 1517">
     <span class='ocr_line' id='line_1_17' title="bbox 443 1446 2017 1517; baseline 0.011 -22"><span class='ocrx_word' id='word_1_101' title='bbox 443 1446 534 1514; x_wconf 90' lang='lat' dir='ltr'><strong>qui</strong></span> <span class='ocrx_word' id='word_1_102' title='bbox 563 1447 773 1515; x_wconf 92' lang='lat' dir='ltr'><strong>primus</strong></span> <span class='ocrx_word' id='word_1_103' title='bbox 827 1447 1127 1517; x_wconf 86' lang='lat' dir='ltr'><strong>Stephano,</strong></span> <span class='ocrx_word' id='word_1_104' title='bbox 1181 1450 1232 1504; x_wconf 88' lang='lat' dir='ltr'><strong>id</strong></span> <span class='ocrx_word' id='word_1_105' title='bbox 1279 1461 1386 1513; x_wconf 84' lang='lat' dir='ltr'><strong>est,</strong></span> <span class='ocrx_word' id='word_1_106' title='bbox 1420 1468 1616 1506; x_wconf 84' lang='lat' dir='ltr'><strong>corona</strong></span> <span class='ocrx_word' id='word_1_107' title='bbox 1649 1453 2017 1512; x_wconf 81' lang='lat' dir='ltr'><strong>confessionis</strong></span> 
     </span>
    </p>
   </div>
   <div class='ocr_carea' id='block_1_18' title="bbox 442 1537 2016 1614">
    <p class='ocr_par' dir='ltr' id='par_1_18' title="bbox 442 1537 2016 1614">
     <span class='ocr_line' id='line_1_18' title="bbox 442 1537 2016 1614; baseline 0.006 -23"><span class='ocrx_word' id='word_1_108' title='bbox 442 1537 733 1592; x_wconf 86' lang='lat' dir='ltr'><strong>redimitus</strong></span> <span class='ocrx_word' id='word_1_109' title='bbox 761 1547 816 1593; x_wconf 91' lang='lat' dir='ltr'><strong>et</strong></span> <span class='ocrx_word' id='word_1_110' title='bbox 870 1548 1100 1596; x_wconf 90' lang='lat' dir='ltr'><strong>ornatus</strong></span> <span class='ocrx_word' id='word_1_111' title='bbox 1129 1548 1234 1605; x_wconf 89' lang='lat' dir='ltr'><strong>est,</strong></span> <span class='ocrx_word' id='word_1_112' title='bbox 1262 1552 1563 1614; x_wconf 80' lang='lat' dir='ltr'><strong>martyrum</strong></span> <span class='ocrx_word' id='word_1_113' title='bbox 1607 1545 1772 1600; x_wconf 63' lang='lat' dir='ltr'><strong>coetui</strong></span> <span class='ocrx_word' id='word_1_114' title='bbox 1809 1546 2016 1601; x_wconf 87' lang='lat' dir='ltr'><strong>aditum</strong></span> 
     </span>
    </p>
   </div>
   <div class='ocr_carea' id='block_1_19' title="bbox 447 1627 2018 1706">
    <p class='ocr_par' dir='ltr' id='par_1_19' title="bbox 447 1627 2018 1706">
     <span class='ocr_line' id='line_1_19' title="bbox 447 1627 2018 1706; baseline 0.008 -26"><span class='ocrx_word' id='word_1_115' title='bbox 447 1627 615 1694; x_wconf 88' lang='lat' dir='ltr'><strong>fecit;</strong></span> <span class='ocrx_word' id='word_1_116' title='bbox 663 1629 756 1698; x_wconf 86' lang='lat' dir='ltr'><strong>qui</strong></span> <span class='ocrx_word' id='word_1_117' title='bbox 793 1629 1004 1700; x_wconf 84' lang='lat' dir='ltr'><strong>primus</strong></span> <span class='ocrx_word' id='word_1_118' title='bbox 1059 1647 1234 1702; x_wconf 90' lang='lat' dir='ltr'><strong>usque</strong></span> <span class='ocrx_word' id='word_1_119' title='bbox 1285 1632 1353 1687; x_wconf 85' lang='lat' dir='ltr'><strong>ad</strong></span> <span class='ocrx_word' id='word_1_120' title='bbox 1413 1638 1737 1706; x_wconf 87' lang='lat' dir='ltr'><strong>sanguinem</strong></span> <span class='ocrx_word' id='word_1_121' title='bbox 1792 1648 2018 1706; x_wconf 83' lang='lat' dir='ltr'><strong>peccato</strong></span> 
     </span>
    </p>
   </div>
   <div class='ocr_carea' id='block_1_20' title="bbox 2086 447 3690 522">
    <p class='ocr_par' dir='ltr' id='par_1_20' title="bbox 2086 447 3690 522">
     <span class='ocr_line' id='line_1_20' title="bbox 2086 447 3690 522; baseline -0.001 -20"><span class='ocrx_word' id='word_1_122' title='bbox 2086 451 2384 522; x_wconf 14' lang='grc' dir='ltr'>νἘκεῖνος,</span> <span class='ocrx_word' id='word_1_123' title='bbox 2435 448 2525 501; x_wconf 83' lang='grc' dir='ltr'>τὸν</span> <span class='ocrx_word' id='word_1_124' title='bbox 2569 447 2852 519; x_wconf 81' lang='grc' dir='ltr'>ἄνθρωπον</span> <span class='ocrx_word' id='word_1_125' title='bbox 2907 448 3049 519; x_wconf 84' lang='grc' dir='ltr'>ὑπὲρ</span> <span class='ocrx_word' id='word_1_126' title='bbox 3098 447 3258 518; x_wconf 79' lang='grc' dir='ltr'>ἡμῶν</span> <span class='ocrx_word' id='word_1_127' title='bbox 3313 447 3690 518; x_wconf 85' lang='grc' dir='ltr'>ἐνδυσάμενος,</span> 
     </span>
    </p>
   </div>
   <div class='ocr_carea' id='block_1_21' title="bbox 2109 533 2306 604">
    <p class='ocr_par' dir='ltr' id='par_1_21' title="bbox 2109 533 2306 604">
     <span class='ocr_line' id='line_1_21' title="bbox 2109 533 2306 604; baseline 0 -12"><span class='ocrx_word' id='word_1_128' title='bbox 2109 533 2265 603; x_wconf 73' lang='grc' dir='ltr'>οὗτος</span> <span class='ocrx_word' id='word_1_129' title='bbox 2291 580 2306 604; x_wconf 91' lang='grc'><strong>,</strong></span> 
     </span>
    </p>
   </div>
   <div class='ocr_carea' id='block_1_22' title="bbox 2355 537 3691 610">
    <p class='ocr_par' dir='ltr' id='par_1_22' title="bbox 2355 537 3691 610">
     <span class='ocr_line' id='line_1_22' title="bbox 2355 537 3691 610; baseline 0 -18"><span class='ocrx_word' id='word_1_130' title='bbox 2355 539 2448 592; x_wconf 85' lang='grc' dir='ltr'>τὸν</span> <span class='ocrx_word' id='word_1_131' title='bbox 2499 537 2782 607; x_wconf 83' lang='grc' dir='ltr'>ἄνθρωπον</span> <span class='ocrx_word' id='word_1_132' title='bbox 2816 538 2956 610; x_wconf 79' lang='grc' dir='ltr'>ὑπὲρ</span> <span class='ocrx_word' id='word_1_133' title='bbox 3005 539 3212 592; x_wconf 89' lang='grc' dir='ltr'>ἐκείνου</span> <span class='ocrx_word' id='word_1_134' title='bbox 3261 537 3691 607; x_wconf 88' lang='grc' dir='ltr'>ἀποδυσάμενος.</span> 
     </span>
    </p>
   </div>
   <div class='ocr_carea' id='block_1_23' title="bbox 2123 629 3692 700">
    <p class='ocr_par' dir='ltr' id='par_1_23' title="bbox 2123 629 3692 700">
     <span class='ocr_line' id='line_1_23' title="bbox 2123 629 3692 700; baseline -0.001 -17"><span class='ocrx_word' id='word_1_135' title='bbox 2123 631 2381 695; x_wconf 83' lang='grc' dir='ltr'>Ἐκεῖνος,</span> <span class='ocrx_word' id='word_1_136' title='bbox 2409 629 2468 682; x_wconf 86' lang='grc' dir='ltr'>τὸ</span> <span class='ocrx_word' id='word_1_137' title='bbox 2490 629 2582 682; x_wconf 80' lang='grc' dir='ltr'>τοῦ</span> <span class='ocrx_word' id='word_1_138' title='bbox 2610 629 2724 700; x_wconf 83' lang='grc' dir='ltr'>βίου</span> <span class='ocrx_word' id='word_1_139' title='bbox 2754 629 3014 698; x_wconf 77' lang='grc' dir='ltr'>σπήλαιον</span> <span class='ocrx_word' id='word_1_140' title='bbox 3039 629 3105 682; x_wconf 88' lang='grc' dir='ltr'><strong>δι’</strong></span> <span class='ocrx_word' id='word_1_141' title='bbox 3134 630 3276 699; x_wconf 76' lang='grc' dir='ltr'>ἡμᾶς</span> <span class='ocrx_word' id='word_1_142' title='bbox 3303 629 3692 699; x_wconf 83' lang='grc' dir='ltr'>ὑπερχόμενος,</span> 
     </span>
    </p>
   </div>
   <div class='ocr_carea' id='block_1_24' title="bbox 2112 717 3693 792">
    <p class='ocr_par' dir='ltr' id='par_1_24' title="bbox 2112 717 3693 792">
     <span class='ocr_line' id='line_1_24' title="bbox 2112 717 3693 792; baseline 0.001 -17"><span class='ocrx_word' id='word_1_143' title='bbox 2112 717 2286 785; x_wconf 65' lang='grc' dir='ltr'>οὗτος,</span> <span class='ocrx_word' id='word_1_144' title='bbox 2312 721 2404 775; x_wconf 81' lang='grc' dir='ltr'>τοῦ</span> <span class='ocrx_word' id='word_1_145' title='bbox 2435 720 2699 791; x_wconf 78' lang='grc' dir='ltr'><strong>σπηλαίου</strong></span> <span class='ocrx_word' id='word_1_146' title='bbox 2723 721 2790 774; x_wconf 84' lang='grc' dir='ltr'><strong>δι’</strong></span> <span class='ocrx_word' id='word_1_147' title='bbox 2815 723 3018 774; x_wconf 86' lang='grc' dir='ltr'>ἐκεῖνον</span> <span class='ocrx_word' id='word_1_148' title='bbox 3049 721 3498 792; x_wconf 82' lang='grc' dir='ltr'>ὕπεξερχόμενος.</span> <span class='ocrx_word' id='word_1_149' title='bbox 3516 722 3693 776; x_wconf 86' lang='grc' dir='ltr'>Ἐκεῖ-</span> 
     </span>
    </p>
   </div>
   <div class='ocr_carea' id='block_1_25' title="bbox 2113 806 3692 884">
    <p class='ocr_par' dir='ltr' id='par_1_25' title="bbox 2113 806 3692 884">
     <span class='ocr_line' id='line_1_25' title="bbox 2113 806 3692 884; baseline -0.001 -19"><span class='ocrx_word' id='word_1_150' title='bbox 2113 831 2222 877; x_wconf 88' lang='grc' dir='ltr'>νος,</span> <span class='ocrx_word' id='word_1_151' title='bbox 2249 813 2388 884; x_wconf 80' lang='grc' dir='ltr'>ὑπὲρ</span> <span class='ocrx_word' id='word_1_152' title='bbox 2421 812 2576 882; x_wconf 86' lang='grc' dir='ltr'>ήμῶν</span> <span class='ocrx_word' id='word_1_153' title='bbox 2607 811 3110 882; x_wconf 80' lang='grc' dir='ltr'>σπαργανούμενος,</span> <span class='ocrx_word' id='word_1_154' title='bbox 3141 806 3460 882; x_wconf 76' lang='grc' dir='ltr'>οὗτος,ὑπὲρ</span> <span class='ocrx_word' id='word_1_155' title='bbox 3482 813 3692 866; x_wconf 87' lang='grc' dir='ltr'>ἐκείνου</span> 
     </span>
    </p>
   </div>
   <div class='ocr_carea' id='block_1_26' title="bbox 2115 902 3692 975">
    <p class='ocr_par' dir='ltr' id='par_1_26' title="bbox 2115 902 3692 975">
     <span class='ocr_line' id='line_1_26' title="bbox 2115 902 3692 975; baseline 0.001 -17"><span class='ocrx_word' id='word_1_156' title='bbox 2115 904 2591 975; x_wconf 83' lang='grc' dir='ltr'>καταλιθούμενος.</span> <span class='ocrx_word' id='word_1_157' title='bbox 2629 905 2866 967; x_wconf 80' lang='grc' dir='ltr'>Ἐκεῖνος</span> <span class='ocrx_word' id='word_1_158' title='bbox 2895 904 3135 974; x_wconf 81' lang='grc' dir='ltr'><strong>ἀναιρῶν</strong></span> <span class='ocrx_word' id='word_1_159' title='bbox 3159 903 3250 958; x_wconf 76' lang='grc' dir='ltr'>τὸν</span> <span class='ocrx_word' id='word_1_160' title='bbox 3267 904 3518 970; x_wconf 80' lang='grc' dir='ltr'>θάνατον,</span> <span class='ocrx_word' id='word_1_161' title='bbox 3541 902 3692 970; x_wconf 73' lang='grc' dir='ltr'>οὗτος</span> 
     </span>
    </p>
   </div>
   <div class='ocr_carea' id='block_1_27' title="bbox 2114 993 3693 1068">
    <p class='ocr_par' dir='ltr' id='par_1_27' title="bbox 2114 993 3693 1068">
     <span class='ocr_line' id='line_1_27' title="bbox 2114 993 3693 1068; baseline 0 -18"><span class='ocrx_word' id='word_1_162' title='bbox 2114 996 2458 1067; x_wconf 76' lang='grc' dir='ltr'>ἐπεμϐαίνων</span> <span class='ocrx_word' id='word_1_163' title='bbox 2509 996 2588 1067; x_wconf 81' lang='grc' dir='ltr'><strong>τῷ</strong></span> <span class='ocrx_word' id='word_1_164' title='bbox 2635 995 2847 1064; x_wconf 80' lang='grc' dir='ltr'><strong>θανάτῳ</strong></span> <span class='ocrx_word' id='word_1_165' title='bbox 2891 993 3148 1068; x_wconf 83' lang='grc' dir='ltr'><strong>κειμένῳ.</strong></span> <span class='ocrx_word' id='word_1_166' title='bbox 3208 996 3370 1050; x_wconf 81' lang='grc' dir='ltr'>Ἀλλά</span> <span class='ocrx_word' id='word_1_167' title='bbox 3414 997 3524 1068; x_wconf 92' lang='lat'><strong>7&amp;9</strong></span> <span class='ocrx_word' id='word_1_168' title='bbox 3568 1015 3693 1051; x_wconf 85' lang='grc' dir='ltr'>συν-</span> 
     </span>
    </p>
   </div>
   <div class='ocr_carea' id='block_1_28' title="bbox 2115 1087 3693 1159">
    <p class='ocr_par' dir='ltr' id='par_1_28' title="bbox 2115 1087 3693 1159">
     <span class='ocr_line' id='line_1_28' title="bbox 2115 1087 3693 1159; baseline 0.001 -18"><span class='ocrx_word' id='word_1_169' title='bbox 2115 1087 2447 1159; x_wconf 84' lang='grc' dir='ltr'>δράμωμεν,</span> <span class='ocrx_word' id='word_1_170' title='bbox 2497 1088 2748 1156; x_wconf 78' lang='grc' dir='ltr'>ἀδελφοὶ,</span> <span class='ocrx_word' id='word_1_171' title='bbox 2796 1088 2889 1141; x_wconf 78' lang='grc' dir='ltr'>καὶ</span> <span class='ocrx_word' id='word_1_172' title='bbox 2935 1090 3097 1159; x_wconf 82' lang='grc' dir='ltr'><strong>ἡμεῖς</strong></span> <span class='ocrx_word' id='word_1_173' title='bbox 3145 1087 3221 1158; x_wconf 79' lang='grc' dir='ltr'>τῷ</span> <span class='ocrx_word' id='word_1_174' title='bbox 3274 1087 3416 1159; x_wconf 87' lang='grc' dir='ltr'>λόγῳ</span> <span class='ocrx_word' id='word_1_175' title='bbox 3457 1088 3594 1158; x_wconf 80' lang='grc' dir='ltr'>πρὸς</span> <span class='ocrx_word' id='word_1_176' title='bbox 3632 1088 3693 1142; x_wconf 81' lang='grc' dir='ltr'>τὸ</span> 
     </span>
    </p>
   </div>
   <div class='ocr_carea' id='block_1_29' title="bbox 2117 1179 3692 1252">
    <p class='ocr_par' dir='ltr' id='par_1_29' title="bbox 2117 1179 3692 1252">
     <span class='ocr_line' id='line_1_29' title="bbox 2117 1179 3692 1252; baseline 0.006 -19"><span class='ocrx_word' id='word_1_177' title='bbox 2117 1180 2361 1252; x_wconf 87' lang='grc' dir='ltr'>θέατρον,</span> <span class='ocrx_word' id='word_1_178' title='bbox 2391 1180 2466 1243; x_wconf 89' lang='grc' dir='ltr'><strong>ώς</strong></span> <span class='ocrx_word' id='word_1_179' title='bbox 2493 1183 2522 1234; x_wconf 97' lang='lat'><strong>6</strong></span> <span class='ocrx_word' id='word_1_180' title='bbox 2549 1179 2786 1251; x_wconf 86' lang='grc' dir='ltr'>ἀθλητὴς</span> <span class='ocrx_word' id='word_1_181' title='bbox 2826 1181 2856 1232; x_wconf 86' lang='grc' dir='ltr'>ὁ</span> <span class='ocrx_word' id='word_1_182' title='bbox 2892 1179 3063 1250; x_wconf 81' lang='grc' dir='ltr'>μέγας</span> <span class='ocrx_word' id='word_1_183' title='bbox 3107 1180 3518 1249; x_wconf 79' lang='grc' dir='ltr'>ἐναγωνίσηται,</span> <span class='ocrx_word' id='word_1_184' title='bbox 3557 1179 3692 1250; x_wconf 79' lang='grc' dir='ltr'>πρὸς</span> 
     </span>
    </p>
   </div>
   <div class='ocr_carea' id='block_1_30' title="bbox 2117 1267 3693 1340">
    <p class='ocr_par' dir='ltr' id='par_1_30' title="bbox 2117 1267 3693 1340">
     <span class='ocr_line' id='line_1_30' title="bbox 2117 1267 3693 1340; baseline -0.001 -19"><span class='ocrx_word' id='word_1_185' title='bbox 2117 1269 2205 1323; x_wconf 74' lang='grc' dir='ltr'><strong>τὸν</strong></span> <span class='ocrx_word' id='word_1_186' title='bbox 2236 1269 2471 1340; x_wconf 70' lang='grc' dir='ltr'>πονηρὸν</span> <span class='ocrx_word' id='word_1_187' title='bbox 2511 1269 2803 1322; x_wconf 76' lang='grc' dir='ltr'>ἀντίπαλον</span> <span class='ocrx_word' id='word_1_188' title='bbox 2831 1269 2932 1340; x_wconf 87' lang='grc' dir='ltr'><strong>τῆς</strong></span> <span class='ocrx_word' id='word_1_189' title='bbox 2979 1267 3327 1339; x_wconf 79' lang='grc' dir='ltr'><strong>ἀνθρωπίνης</strong></span> <span class='ocrx_word' id='word_1_190' title='bbox 3359 1267 3504 1336; x_wconf 82' lang='grc' dir='ltr'>ζωῆς</span> <span class='ocrx_word' id='word_1_191' title='bbox 3533 1268 3589 1319; x_wconf 93' lang='grc' dir='ltr'><strong>ἐν</strong></span> <span class='ocrx_word' id='word_1_192' title='bbox 3617 1267 3693 1337; x_wconf 85' lang='grc' dir='ltr'>τῷ</span> 
     </span>
    </p>
   </div>
   <div class='ocr_carea' id='block_1_31' title="bbox 2118 1357 3690 1434">
    <p class='ocr_par' dir='ltr' id='par_1_31' title="bbox 2118 1357 3690 1434">
     <span class='ocr_line' id='line_1_31' title="bbox 2118 1357 3690 1434; baseline -0.004 -19"><span class='ocrx_word' id='word_1_193' title='bbox 2118 1362 2316 1432; x_wconf 84' lang='grc' dir='ltr'><strong>σταδίῳ</strong></span> <span class='ocrx_word' id='word_1_194' title='bbox 2352 1361 2453 1434; x_wconf 83' lang='grc' dir='ltr'><strong>τῆς</strong></span> <span class='ocrx_word' id='word_1_195' title='bbox 2499 1361 2788 1431; x_wconf 78' lang='grc' dir='ltr'><strong>ὁμολογίας</strong></span> <span class='ocrx_word' id='word_1_196' title='bbox 2835 1359 3219 1430; x_wconf 83' lang='grc' dir='ltr'><strong>ἀποδυόμενος.</strong></span> <span class='ocrx_word' id='word_1_197' title='bbox 3287 1357 3525 1430; x_wconf 80' lang='grc' dir='ltr'>’Λληθῶς</span> <span class='ocrx_word' id='word_1_198' title='bbox 3563 1358 3690 1427; x_wconf 82' lang='grc' dir='ltr'>γὰρ,</span> 
     </span>
    </p>
   </div>
   <div class='ocr_carea' id='block_1_32' title="bbox 2117 1452 3694 1526">
    <p class='ocr_par' dir='ltr' id='par_1_32' title="bbox 2117 1452 3694 1526">
     <span class='ocr_line' id='line_1_32' title="bbox 2117 1452 3694 1526; baseline -0.004 -16"><span class='ocrx_word' id='word_1_199' title='bbox 2117 1457 2259 1510; x_wconf 86' lang='grc' dir='ltr'><strong>κατά</strong></span> <span class='ocrx_word' id='word_1_200' title='bbox 2285 1456 2384 1526; x_wconf 83' lang='grc' dir='ltr'>τὴν</span> <span class='ocrx_word' id='word_1_201' title='bbox 2411 1454 2622 1509; x_wconf 83' lang='grc' dir='ltr'>Παύλου</span> <span class='ocrx_word' id='word_1_202' title='bbox 2654 1455 2858 1526; x_wconf 80' lang='grc' dir='ltr'>φωνὴν,</span> <span class='ocrx_word' id='word_1_203' title='bbox 2889 1453 3114 1524; x_wconf 84' lang='grc' dir='ltr'>θέατρον</span> <span class='ocrx_word' id='word_1_204' title='bbox 3141 1452 3373 1524; x_wconf 76' lang='grc' dir='ltr'>ἐγενήθη</span> <span class='ocrx_word' id='word_1_205' title='bbox 3403 1452 3481 1523; x_wconf 86' lang='grc' dir='ltr'>τῷ</span> <span class='ocrx_word' id='word_1_206' title='bbox 3505 1453 3694 1523; x_wconf 83' lang='grc' dir='ltr'>κόσμῳ</span> 
     </span>
    </p>
   </div>
   <div class='ocr_carea' id='block_1_33' title="bbox 2118 1544 3696 1617">
    <p class='ocr_par' dir='ltr' id='par_1_33' title="bbox 2118 1544 3696 1617">
     <span class='ocr_line' id='line_1_33' title="bbox 2118 1544 3696 1617; baseline -0.001 -19"><span class='ocrx_word' id='word_1_207' title='bbox 2118 1546 2212 1599; x_wconf 80' lang='grc' dir='ltr'>καὶ</span> <span class='ocrx_word' id='word_1_208' title='bbox 2235 1545 2483 1614; x_wconf 82' lang='grc' dir='ltr'><strong>ἀγγέλοις</strong></span> <span class='ocrx_word' id='word_1_209' title='bbox 2507 1547 2600 1600; x_wconf 76' lang='grc' dir='ltr'>καὶ</span> <span class='ocrx_word' id='word_1_210' title='bbox 2627 1544 2936 1617; x_wconf 86' lang='grc' dir='ltr'>ἀνθρώποις</span> <span class='ocrx_word' id='word_1_211' title='bbox 2959 1546 2988 1598; x_wconf 87' lang='lat'><strong>6</strong></span> <span class='ocrx_word' id='word_1_212' title='bbox 3019 1545 3188 1616; x_wconf 81' lang='grc' dir='ltr'>μέγας</span> <span class='ocrx_word' id='word_1_213' title='bbox 3221 1544 3512 1612; x_wconf 81' lang='grc' dir='ltr'>Στέφανος,</span> <span class='ocrx_word' id='word_1_214' title='bbox 3548 1544 3696 1617; x_wconf 84' lang='grc' dir='ltr'>πρῶ-</span> 
     </span>
    </p>
   </div>
   <div class='ocr_carea' id='block_1_34' title="bbox 2117 1635 3698 1708">
    <p class='ocr_par' dir='ltr' id='par_1_34' title="bbox 2117 1635 3698 1708">
     <span class='ocr_line' id='line_1_34' title="bbox 2117 1635 3698 1708; baseline -0.001 -18"><span class='ocrx_word' id='word_1_215' title='bbox 2117 1655 2208 1700; x_wconf 83' lang='grc' dir='ltr'><strong>τος</strong></span> <span class='ocrx_word' id='word_1_216' title='bbox 2241 1637 2330 1692; x_wconf 82' lang='grc' dir='ltr'>τὸν</span> <span class='ocrx_word' id='word_1_217' title='bbox 2358 1638 2621 1706; x_wconf 83' lang='grc' dir='ltr'>στέφανον</span> <span class='ocrx_word' id='word_1_218' title='bbox 2647 1638 2746 1708; x_wconf 88' lang='grc' dir='ltr'><strong>τῆς</strong></span> <span class='ocrx_word' id='word_1_219' title='bbox 2775 1636 3523 1708; x_wconf 85' lang='grc' dir='ltr'>όμολογίαςάναδησάμενος,</span> <span class='ocrx_word' id='word_1_220' title='bbox 3547 1635 3698 1706; x_wconf 83' lang='grc' dir='ltr'>πρῶ-</span> 
     </span>
    </p>
   </div>
   <div class='ocr_carea' id='block_1_35' title="bbox 435 1709 2029 1801">
    <p class='ocr_par' dir='ltr' id='par_1_35' title="bbox 435 1720 2018 1796">
     <span class='ocr_line' id='line_1_35' title="bbox 435 1720 2018 1796; baseline 0.007 -24"><span class='ocrx_word' id='word_1_221' title='bbox 435 1720 769 1775; x_wconf 82' lang='lat' dir='ltr'><strong>adversatus</strong></span> <span class='ocrx_word' id='word_1_222' title='bbox 797 1731 900 1778; x_wconf 83' lang='lat' dir='ltr'><strong>est.</strong></span> <span class='ocrx_word' id='word_1_223' title='bbox 933 1725 1010 1779; x_wconf 84' lang='lat' dir='ltr'><strong>Ac</strong></span> <span class='ocrx_word' id='word_1_224' title='bbox 1037 1726 1171 1780; x_wconf 90' lang='lat' dir='ltr'><strong>mihi</strong></span> <span class='ocrx_word' id='word_1_225' title='bbox 1203 1725 1422 1780; x_wconf 88' lang='lat' dir='ltr'><strong>videtur</strong></span> <span class='ocrx_word' id='word_1_226' title='bbox 1447 1728 2018 1796; x_wconf 86' lang='lat' dir='ltr'><strong>supranmndanorum</strong></span> 
     </span>
    </p>
   </div>
   <div class='ocr_carea' id='block_1_36' title="bbox 2130 1709 3694 1801">
    <p class='ocr_par' dir='ltr' id='par_1_36' title="bbox 2130 1727 3694 1801">
     <span class='ocr_line' id='line_1_36' title="bbox 2130 1727 3694 1801; baseline -0.002 -19"><span class='ocrx_word' id='word_1_227' title='bbox 2130 1746 2213 1794; x_wconf 81' lang='grc' dir='ltr'><strong>τος</strong></span> <span class='ocrx_word' id='word_1_228' title='bbox 2243 1727 2320 1800; x_wconf 85' lang='grc' dir='ltr'>τῷ</span> <span class='ocrx_word' id='word_1_229' title='bbox 2349 1728 2495 1800; x_wconf 81' lang='grc' dir='ltr'>χορῷ</span> <span class='ocrx_word' id='word_1_230' title='bbox 2521 1729 2628 1784; x_wconf 87' lang='grc' dir='ltr'><strong>τῶν</strong></span> <span class='ocrx_word' id='word_1_231' title='bbox 2662 1728 2953 1801; x_wconf 88' lang='grc' dir='ltr'>μαρτύρων</span> <span class='ocrx_word' id='word_1_232' title='bbox 2982 1728 3305 1799; x_wconf 82' lang='grc' dir='ltr'>ὀδοποιήσας</span> <span class='ocrx_word' id='word_1_233' title='bbox 3333 1729 3434 1798; x_wconf 79' lang='grc' dir='ltr'>τὴν</span> <span class='ocrx_word' id='word_1_234' title='bbox 3470 1727 3694 1793; x_wconf 82' lang='grc' dir='ltr'>εἴσοδον,</span> 
     </span>
    </p>
   </div>
   <div class='ocr_carea' id='block_1_37' title="bbox 436 1810 2023 1888">
    <p class='ocr_par' dir='ltr' id='par_1_37' title="bbox 436 1810 2023 1888">
     <span class='ocr_line' id='line_1_37' title="bbox 436 1810 2023 1888; baseline 0.007 -26"><span class='ocrx_word' id='word_1_235' title='bbox 436 1810 721 1864; x_wconf 81' lang='lat' dir='ltr'><strong>exercitus</strong></span> <span class='ocrx_word' id='word_1_236' title='bbox 754 1813 954 1878; x_wconf 90' lang='lat' dir='ltr'><strong>omnis,</strong></span> <span class='ocrx_word' id='word_1_237' title='bbox 978 1820 1033 1866; x_wconf 87' lang='lat' dir='ltr'><strong>et</strong></span> <span class='ocrx_word' id='word_1_238' title='bbox 1066 1828 1256 1870; x_wconf 88' lang='lat' dir='ltr'><strong>omnes</strong></span> <span class='ocrx_word' id='word_1_239' title='bbox 1284 1816 1602 1886; x_wconf 82' lang='lat' dir='ltr'><strong>angelorum</strong></span> <span class='ocrx_word' id='word_1_240' title='bbox 1626 1818 1888 1888; x_wconf 85' lang='lat' dir='ltr'><strong>legiones,</strong></span> <span class='ocrx_word' id='word_1_241' title='bbox 1911 1827 2023 1873; x_wconf 88' lang='lat' dir='ltr'><strong>tam</strong></span> 
     </span>
    </p>
   </div>
   <div class='ocr_carea' id='block_1_38' title="bbox 445 1899 2021 1979">
    <p class='ocr_par' dir='ltr' id='par_1_38' title="bbox 445 1899 2021 1979">
     <span class='ocr_line' id='line_1_38' title="bbox 445 1899 2021 1979; baseline 0.008 -26"><span class='ocrx_word' id='word_1_242' title='bbox 445 1899 875 1955; x_wconf 87' lang='lat' dir='ltr'><strong>ministrantium</strong></span> <span class='ocrx_word' id='word_1_243' title='bbox 906 1919 1068 1972; x_wconf 90' lang='lat' dir='ltr'><strong>quam</strong></span> <span class='ocrx_word' id='word_1_244' title='bbox 1101 1905 1512 1962; x_wconf 86' lang='lat' dir='ltr'><strong>assistentium:</strong></span> <span class='ocrx_word' id='word_1_245' title='bbox 1541 1922 1606 1962; x_wconf 89' lang='lat' dir='ltr'><strong>ac</strong></span> <span class='ocrx_word' id='word_1_246' title='bbox 1633 1909 1678 1964; x_wconf 91' lang='lat' dir='ltr'><strong>si</strong></span> <span class='ocrx_word' id='word_1_247' title='bbox 1714 1908 1846 1979; x_wconf 90' lang='lat' dir='ltr'><strong>quid</strong></span> <span class='ocrx_word' id='word_1_248' title='bbox 1876 1910 2021 1965; x_wconf 87' lang='lat' dir='ltr'><strong>aliud</strong></span> 
     </span>
    </p>
   </div>
   <div class='ocr_carea' id='block_1_39' title="bbox 436 1988 2024 2068">
    <p class='ocr_par' dir='ltr' id='par_1_39' title="bbox 436 1988 2024 2068">
     <span class='ocr_line' id='line_1_39' title="bbox 436 1988 2024 2068; baseline 0.011 -29"><span class='ocrx_word' id='word_1_249' title='bbox 436 1988 716 2057; x_wconf 75' lang='lat' dir='ltr'><strong>dignitate</strong></span> <span class='ocrx_word' id='word_1_250' title='bbox 746 1991 1034 2059; x_wconf 69' lang='lat' dir='ltr'><strong>praeditum</strong></span> <span class='ocrx_word' id='word_1_251' title='bbox 1085 1994 1140 2048; x_wconf 95' lang='lat' dir='ltr'><strong>in</strong></span> <span class='ocrx_word' id='word_1_252' title='bbox 1174 1997 1428 2064; x_wconf 88' lang='lat' dir='ltr'><strong>supernis</strong></span> <span class='ocrx_word' id='word_1_253' title='bbox 1459 1998 1704 2066; x_wconf 87' lang='lat' dir='ltr'><strong>partibus</strong></span> <span class='ocrx_word' id='word_1_254' title='bbox 1737 1999 2024 2068; x_wconf 88' lang='lat' dir='ltr'><strong>audimus,</strong></span> 
     </span>
    </p>
   </div>
   <div class='ocr_carea' id='block_1_40' title="bbox 445 2079 2028 2153">
    <p class='ocr_par' dir='ltr' id='par_1_40' title="bbox 445 2079 2028 2153">
     <span class='ocr_line' id='line_1_40' title="bbox 445 2079 2028 2153; baseline 0.009 -21"><span class='ocrx_word' id='word_1_255' title='bbox 445 2079 593 2148; x_wconf 87' lang='lat' dir='ltr'><strong>quod</strong></span> <span class='ocrx_word' id='word_1_256' title='bbox 653 2081 706 2135; x_wconf 93' lang='lat' dir='ltr'><strong>in</strong></span> <span class='ocrx_word' id='word_1_257' title='bbox 738 2083 1166 2153; x_wconf 89' lang='lat' dir='ltr'><strong>principatibus,</strong></span> <span class='ocrx_word' id='word_1_258' title='bbox 1206 2094 1261 2141; x_wconf 91' lang='lat' dir='ltr'><strong>et</strong></span> <span class='ocrx_word' id='word_1_259' title='bbox 1290 2087 1589 2144; x_wconf 81' lang='lat' dir='ltr'><strong>virtutibus</strong></span> <span class='ocrx_word' id='word_1_260' title='bbox 1637 2097 1693 2145; x_wconf 89' lang='lat' dir='ltr'><strong>et</strong></span> <span class='ocrx_word' id='word_1_261' title='bbox 1724 2090 1942 2146; x_wconf 86' lang='lat' dir='ltr'><strong>thronis</strong></span> <span class='ocrx_word' id='word_1_262' title='bbox 1971 2101 2028 2146; x_wconf 88' lang='lat' dir='ltr'><strong>et</strong></span> 
     </span>
    </p>
   </div>
   <div class='ocr_carea' id='block_1_41' title="bbox 442 2175 2026 2245">
    <p class='ocr_par' dir='ltr' id='par_1_41' title="bbox 442 2175 2026 2245">
     <span class='ocr_line' id='line_1_41' title="bbox 442 2175 2026 2245; baseline 0.008 -19"><span class='ocrx_word' id='word_1_263' title='bbox 442 2175 814 2243; x_wconf 82' lang='lat' dir='ltr'><strong>potestatibus</strong></span> <span class='ocrx_word' id='word_1_264' title='bbox 862 2185 916 2230; x_wconf 87' lang='lat' dir='ltr'><strong>et</strong></span> <span class='ocrx_word' id='word_1_265' title='bbox 962 2175 1432 2234; x_wconf 86' lang='lat' dir='ltr'><strong>dominationibus</strong></span> <span class='ocrx_word' id='word_1_266' title='bbox 1464 2189 1735 2245; x_wconf 84' lang='lat' dir='ltr'><strong>versetur,</strong></span> <span class='ocrx_word' id='word_1_267' title='bbox 1760 2189 1816 2236; x_wconf 93' lang='lat' dir='ltr'><strong>et</strong></span> <span class='ocrx_word' id='word_1_268' title='bbox 1845 2185 2026 2239; x_wconf 90' lang='lat' dir='ltr'><strong>omnis</strong></span> 
     </span>
    </p>
   </div>
   <div class='ocr_carea' id='block_1_42' title="bbox 439 2265 2027 2330">
    <p class='ocr_par' dir='ltr' id='par_1_42' title="bbox 439 2265 2027 2330">
     <span class='ocr_line' id='line_1_42' title="bbox 439 2265 2027 2330; baseline 0.008 -13"><span class='ocrx_word' id='word_1_269' title='bbox 439 2265 691 2321; x_wconf 70' lang='lat' dir='ltr'><strong>cmlestis</strong></span> <span class='ocrx_word' id='word_1_270' title='bbox 715 2277 1016 2323; x_wconf 89' lang='lat' dir='ltr'><strong>conventus</strong></span> <span class='ocrx_word' id='word_1_271' title='bbox 1063 2275 1196 2322; x_wconf 84' lang='lat' dir='ltr'><strong>tunc</strong></span> <span class='ocrx_word' id='word_1_272' title='bbox 1240 2268 1504 2324; x_wconf 89' lang='lat' dir='ltr'><strong>athletam</strong></span> <span class='ocrx_word' id='word_1_273' title='bbox 1543 2286 1670 2326; x_wconf 91' lang='lat' dir='ltr'><strong>cum</strong></span> <span class='ocrx_word' id='word_1_274' title='bbox 1707 2273 2027 2330; x_wconf 86' lang='lat' dir='ltr'><strong>adversario</strong></span> 
     </span>
    </p>
   </div>
   <div class='ocr_carea' id='block_1_43' title="bbox 439 2355 2029 2432">
    <p class='ocr_par' dir='ltr' id='par_1_43' title="bbox 439 2355 2029 2432">
     <span class='ocr_line' id='line_1_43' title="bbox 439 2355 2029 2432; baseline 0.007 -22"><span class='ocrx_word' id='word_1_275' title='bbox 439 2355 830 2427; x_wconf 83' lang='lat' dir='ltr'><strong>conﬂigentem</strong></span> <span class='ocrx_word' id='word_1_276' title='bbox 879 2361 1196 2428; x_wconf 87' lang='lat' dir='ltr'><strong>spectaculo</strong></span> <span class='ocrx_word' id='word_1_277' title='bbox 1226 2360 1330 2416; x_wconf 91' lang='lat' dir='ltr'><strong>sibi</strong></span> <span class='ocrx_word' id='word_1_278' title='bbox 1372 2363 1753 2432; x_wconf 89' lang='lat' dir='ltr'><strong>pr0posuisse.</strong></span> <span class='ocrx_word' id='word_1_279' title='bbox 1801 2364 2029 2422; x_wconf 86' lang='lat' dir='ltr'><strong>Patebat</strong></span> 
     </span>
    </p>
   </div>
   <div class='ocr_carea' id='block_1_44' title="bbox 438 2450 2028 2525">
    <p class='ocr_par' dir='ltr' id='par_1_44' title="bbox 438 2450 2028 2525">
     <span class='ocr_line' id='line_1_44' title="bbox 438 2450 2028 2525; baseline 0.008 -23"><span class='ocrx_word' id='word_1_280' title='bbox 438 2450 594 2503; x_wconf 76' lang='lat' dir='ltr'><strong>enim</strong></span> <span class='ocrx_word' id='word_1_281' title='bbox 641 2452 805 2505; x_wconf 91' lang='lat' dir='ltr'><strong>veluti</strong></span> <span class='ocrx_word' id='word_1_282' title='bbox 835 2453 1072 2507; x_wconf 88' lang='lat' dir='ltr'><strong>stadium</strong></span> <span class='ocrx_word' id='word_1_283' title='bbox 1133 2455 1408 2525; x_wconf 86' lang='lat' dir='ltr'><strong>quoddam</strong></span> <span class='ocrx_word' id='word_1_284' title='bbox 1459 2457 1876 2514; x_wconf 88' lang='lat' dir='ltr'><strong>decertantibus</strong></span> <span class='ocrx_word' id='word_1_285' title='bbox 1926 2460 2028 2514; x_wconf 81' lang='lat' dir='ltr'><strong>hu-</strong></span> 
     </span>
    </p>
   </div>
   <div class='ocr_carea' id='block_1_45' title="bbox 447 2542 2027 2620">
    <p class='ocr_par' dir='ltr' id='par_1_45' title="bbox 447 2542 2027 2620">
     <span class='ocr_line' id='line_1_45' title="bbox 447 2542 2027 2620; baseline 0.008 -26"><span class='ocrx_word' id='word_1_286' title='bbox 447 2556 610 2596; x_wconf 88' lang='lat' dir='ltr'><strong>mana</strong></span> <span class='ocrx_word' id='word_1_287' title='bbox 641 2542 776 2607; x_wconf 87' lang='lat' dir='ltr'><strong>vita,</strong></span> <span class='ocrx_word' id='word_1_288' title='bbox 833 2545 1132 2598; x_wconf 81' lang='lat' dir='ltr'><strong>tendebant</strong></span> <span class='ocrx_word' id='word_1_289' title='bbox 1186 2555 1366 2602; x_wconf 86' lang='lat' dir='ltr'><strong>autem</strong></span> <span class='ocrx_word' id='word_1_290' title='bbox 1414 2556 1645 2620; x_wconf 88' lang='lat' dir='ltr'><strong>uterque</strong></span> <span class='ocrx_word' id='word_1_291' title='bbox 1691 2552 1832 2605; x_wconf 88' lang='lat' dir='ltr'><strong>alter</strong></span> <span class='ocrx_word' id='word_1_292' title='bbox 1870 2551 2027 2605; x_wconf 85' lang='lat' dir='ltr'><strong>alteri</strong></span> 
     </span>
    </p>
   </div>
   <div class='ocr_carea' id='block_1_46' title="bbox 449 2632 2032 2707">
    <p class='ocr_par' dir='ltr' id='par_1_46' title="bbox 449 2632 2032 2707">
     <span class='ocr_line' id='line_1_46' title="bbox 449 2632 2032 2707; baseline 0.006 -20"><span class='ocrx_word' id='word_1_293' title='bbox 449 2632 657 2696; x_wconf 86' lang='lat' dir='ltr'><strong>infesti,</strong></span> <span class='ocrx_word' id='word_1_294' title='bbox 696 2634 822 2689; x_wconf 90' lang='lat' dir='ltr'><strong>hinc</strong></span> <span class='ocrx_word' id='word_1_295' title='bbox 874 2635 1094 2705; x_wconf 87' lang='lat' dir='ltr'><strong>quidem</strong></span> <span class='ocrx_word' id='word_1_296' title='bbox 1137 2637 1426 2707; x_wconf 85' lang='lat' dir='ltr'><strong>improbus</strong></span> <span class='ocrx_word' id='word_1_297' title='bbox 1481 2640 1736 2694; x_wconf 67' lang='lat' dir='ltr'><strong>humana:</strong></span> <span class='ocrx_word' id='word_1_298' title='bbox 1771 2641 1897 2696; x_wconf 67' lang='lat' dir='ltr'><strong>vita:</strong></span> <span class='ocrx_word' id='word_1_299' title='bbox 1939 2641 2032 2696; x_wconf 91' lang='lat' dir='ltr'><strong>ad-</strong></span> 
     </span>
    </p>
   </div>
   <div class='ocr_carea' id='block_1_47' title="bbox 449 2726 2028 2798">
    <p class='ocr_par' dir='ltr' id='par_1_47' title="bbox 449 2726 2028 2798">
     <span class='ocr_line' id='line_1_47' title="bbox 449 2726 2028 2798; baseline 0.008 -20"><span class='ocrx_word' id='word_1_300' title='bbox 449 2727 750 2792; x_wconf 81' lang='lat' dir='ltr'><strong>versarius,</strong></span> <span class='ocrx_word' id='word_1_301' title='bbox 785 2726 896 2796; x_wconf 86' lang='lat' dir='ltr'><strong>jam</strong></span> <span class='ocrx_word' id='word_1_302' title='bbox 923 2728 1050 2782; x_wconf 91' lang='lat' dir='ltr'><strong>inde</strong></span> <span class='ocrx_word' id='word_1_303' title='bbox 1084 2743 1114 2781; x_wconf 91' lang='lat' dir='ltr'><strong>a</strong></span> <span class='ocrx_word' id='word_1_304' title='bbox 1163 2729 1319 2798; x_wconf 88' lang='lat' dir='ltr'><strong>lapsu</strong></span> <span class='ocrx_word' id='word_1_305' title='bbox 1351 2731 1526 2798; x_wconf 90' lang='lat' dir='ltr'><strong>primo</strong></span> <span class='ocrx_word' id='word_1_306' title='bbox 1547 2733 1898 2787; x_wconf 87' lang='lat' dir='ltr'><strong>conditorum</strong></span> <span class='ocrx_word' id='word_1_307' title='bbox 1929 2734 2028 2790; x_wconf 82' lang='lat' dir='ltr'><strong>ho-</strong></span> 
     </span>
    </p>
   </div>
   <div class='ocr_carea' id='block_1_48' title="bbox 451 2817 2032 2893">
    <p class='ocr_par' dir='ltr' id='par_1_48' title="bbox 451 2817 2032 2893">
     <span class='ocr_line' id='line_1_48' title="bbox 451 2817 2032 2893; baseline 0.006 -22"><span class='ocrx_word' id='word_1_308' title='bbox 451 2817 659 2872; x_wconf 92' lang='lat' dir='ltr'><strong>minum</strong></span> <span class='ocrx_word' id='word_1_309' title='bbox 685 2857 702 2882; x_wconf 95' lang='lat'><strong>,</strong></span> <span class='ocrx_word' id='word_1_310' title='bbox 741 2834 918 2889; x_wconf 90' lang='lat' dir='ltr'><strong>usque</strong></span> <span class='ocrx_word' id='word_1_311' title='bbox 962 2821 1028 2875; x_wconf 89' lang='lat' dir='ltr'><strong>ad</strong></span> <span class='ocrx_word' id='word_1_312' title='bbox 1071 2830 1316 2892; x_wconf 90' lang='lat' dir='ltr'><strong>tempora</strong></span> <span class='ocrx_word' id='word_1_313' title='bbox 1367 2822 1649 2893; x_wconf 88' lang='lat' dir='ltr'><strong>Stephani,</strong></span> <span class='ocrx_word' id='word_1_314' title='bbox 1683 2825 1929 2881; x_wconf 70' lang='grc' dir='ltr'>νίιιονὶἱε</span> <span class='ocrx_word' id='word_1_315' title='bbox 1963 2827 2032 2881; x_wconf 91' lang='lat' dir='ltr'><strong>de</strong></span> 
     </span>
    </p>
   </div>
   <div class='ocr_carea' id='block_1_49' title="bbox 453 2910 2031 2989">
    <p class='ocr_par' dir='ltr' id='par_1_49' title="bbox 453 2910 2031 2989">
     <span class='ocr_line' id='line_1_49' title="bbox 453 2910 2031 2989; baseline 0.006 -25"><span class='ocrx_word' id='word_1_316' title='bbox 453 2910 766 2968; x_wconf 89' lang='lat' dir='ltr'><strong>hominibus</strong></span> <span class='ocrx_word' id='word_1_317' title='bbox 796 2914 970 2982; x_wconf 89' lang='lat' dir='ltr'><strong>partis</strong></span> <span class='ocrx_word' id='word_1_318' title='bbox 1020 2914 1358 2970; x_wconf 79' lang='lat' dir='ltr'><strong>exercitatus</strong></span> <span class='ocrx_word' id='word_1_319' title='bbox 1393 2933 1405 2969; x_wconf 95' lang='lat'>:</span> <span class='ocrx_word' id='word_1_320' title='bbox 1441 2917 1593 2972; x_wconf 91' lang='lat' dir='ltr'><strong>illinc</strong></span> <span class='ocrx_word' id='word_1_321' title='bbox 1640 2933 1771 2972; x_wconf 87' lang='lat' dir='ltr'><strong>vero</strong></span> <span class='ocrx_word' id='word_1_322' title='bbox 1800 2934 2031 2989; x_wconf 80' lang='lat' dir='ltr'><strong>magnus</strong></span> 
     </span>
    </p>
   </div>
   <div class='ocr_carea' id='block_1_50' title="bbox 453 3004 2025 3067">
    <p class='ocr_par' dir='ltr' id='par_1_50' title="bbox 453 3004 2025 3067">
     <span class='ocr_line' id='line_1_50' title="bbox 453 3004 2025 3067; baseline 0.006 -10"><span class='ocrx_word' id='word_1_323' title='bbox 453 3004 539 3059; x_wconf 81' lang='lat' dir='ltr'><strong>ille</strong></span> <span class='ocrx_word' id='word_1_324' title='bbox 575 3004 695 3060; x_wconf 83' lang='lat' dir='ltr'><strong>fidei</strong></span> <span class='ocrx_word' id='word_1_325' title='bbox 723 3005 949 3067; x_wconf 84' lang='lat' dir='ltr'><strong>athleta,</strong></span> <span class='ocrx_word' id='word_1_326' title='bbox 976 3006 1127 3060; x_wconf 89' lang='lat' dir='ltr'><strong>nihili</strong></span> <span class='ocrx_word' id='word_1_327' title='bbox 1150 3006 1354 3064; x_wconf 88' lang='lat' dir='ltr'><strong>faciens</strong></span> <span class='ocrx_word' id='word_1_328' title='bbox 1389 3007 1687 3064; x_wconf 75' lang='lat' dir='ltr'><strong>adversarii</strong></span> <span class='ocrx_word' id='word_1_329' title='bbox 1724 3011 2025 3066; x_wconf 87' lang='lat' dir='ltr'><strong>incursum.</strong></span> 
     </span>
    </p>
   </div>
   <div class='ocr_carea' id='block_1_51' title="bbox 451 3096 2030 3174">
    <p class='ocr_par' dir='ltr' id='par_1_51' title="bbox 451 3096 2030 3174">
     <span class='ocr_line' id='line_1_51' title="bbox 451 3096 2030 3174; baseline 0.005 -25"><span class='ocrx_word' id='word_1_330' title='bbox 451 3097 618 3149; x_wconf 85' lang='lat' dir='ltr'><strong>Arma</strong></span> <span class='ocrx_word' id='word_1_331' title='bbox 643 3103 822 3148; x_wconf 88' lang='lat' dir='ltr'><strong>autem</strong></span> <span class='ocrx_word' id='word_1_332' title='bbox 853 3096 1120 3152; x_wconf 89' lang='lat' dir='ltr'><strong>ambobus</strong></span> <span class='ocrx_word' id='word_1_333' title='bbox 1139 3097 1296 3152; x_wconf 86' lang='lat' dir='ltr'><strong>alteri</strong></span> <span class='ocrx_word' id='word_1_334' title='bbox 1323 3098 1584 3156; x_wconf 88' lang='lat' dir='ltr'><strong>adversus</strong></span> <span class='ocrx_word' id='word_1_335' title='bbox 1601 3100 1828 3155; x_wconf 82' lang='lat' dir='ltr'><strong>alterum</strong></span> <span class='ocrx_word' id='word_1_336' title='bbox 1850 3112 2030 3174; x_wconf 89' lang='lat' dir='ltr'><strong>erant;</strong></span> 
     </span>
    </p>
   </div>
   <div class='ocr_carea' id='block_1_52' title="bbox 456 3188 2035 3266">
    <p class='ocr_par' dir='ltr' id='par_1_52' title="bbox 456 3188 2035 3266">
     <span class='ocr_line' id='line_1_52' title="bbox 456 3188 2035 3266; baseline 0.007 -26"><span class='ocrx_word' id='word_1_337' title='bbox 456 3188 723 3241; x_wconf 68' lang='lat' dir='ltr'><strong>inventori</strong></span> <span class='ocrx_word' id='word_1_338' title='bbox 768 3188 986 3258; x_wconf 85' lang='lat' dir='ltr'><strong>quidem</strong></span> <span class='ocrx_word' id='word_1_339' title='bbox 1036 3190 1254 3254; x_wconf 90' lang='lat' dir='ltr'><strong>mortis,</strong></span> <span class='ocrx_word' id='word_1_340' title='bbox 1297 3191 1490 3247; x_wconf 85' lang='lat' dir='ltr'><strong>mortis</strong></span> <span class='ocrx_word' id='word_1_341' title='bbox 1525 3199 1732 3256; x_wconf 83' lang='lat' dir='ltr'><strong>terror;</strong></span> <span class='ocrx_word' id='word_1_342' title='bbox 1761 3193 2035 3266; x_wconf 80' lang='lat' dir='ltr'><strong>discipulo</strong></span> 
     </span>
    </p>
   </div>
   <div class='ocr_carea' id='block_1_53' title="bbox 453 3279 2036 3348">
    <p class='ocr_par' dir='ltr' id='par_1_53' title="bbox 453 3279 2036 3348">
     <span class='ocr_line' id='line_1_53' title="bbox 453 3279 2036 3348; baseline 0.006 -17"><span class='ocrx_word' id='word_1_343' title='bbox 453 3285 634 3332; x_wconf 84' lang='lat' dir='ltr'><strong>autem</strong></span> <span class='ocrx_word' id='word_1_344' title='bbox 665 3279 810 3343; x_wconf 69' lang='lat' dir='ltr'><strong>vitae,</strong></span> <span class='ocrx_word' id='word_1_345' title='bbox 839 3279 1120 3336; x_wconf 87' lang='lat' dir='ltr'><strong>confessio</strong></span> <span class='ocrx_word' id='word_1_346' title='bbox 1151 3281 1296 3336; x_wconf 84' lang='lat' dir='ltr'><strong>fidei.</strong></span> <span class='ocrx_word' id='word_1_347' title='bbox 1332 3281 1466 3348; x_wconf 84' lang='lat' dir='ltr'><strong>Quis</strong></span> <span class='ocrx_word' id='word_1_348' title='bbox 1487 3283 1631 3338; x_wconf 89' lang='lat' dir='ltr'><strong>enim</strong></span> <span class='ocrx_word' id='word_1_349' title='bbox 1659 3299 1766 3338; x_wconf 93' lang='lat' dir='ltr'><strong>non</strong></span> <span class='ocrx_word' id='word_1_350' title='bbox 1798 3287 2036 3342; x_wconf 87' lang='lat' dir='ltr'><strong>admira-</strong></span> 
     </span>
    </p>
   </div>
   <div class='ocr_carea' id='block_1_54' title="bbox 451 3372 2036 3443">
    <p class='ocr_par' dir='ltr' id='par_1_54' title="bbox 451 3372 2036 3443">
     <span class='ocr_line' id='line_1_54' title="bbox 451 3372 2036 3443; baseline 0.007 -21"><span class='ocrx_word' id='word_1_351' title='bbox 451 3377 546 3424; x_wconf 76' lang='lat' dir='ltr'><strong>tus</strong></span> <span class='ocrx_word' id='word_1_352' title='bbox 571 3379 718 3425; x_wconf 81' lang='lat' dir='ltr'><strong>esset</strong></span> <span class='ocrx_word' id='word_1_353' title='bbox 747 3385 944 3424; x_wconf 87' lang='lat' dir='ltr'><strong>novam</strong></span> <span class='ocrx_word' id='word_1_354' title='bbox 975 3373 1118 3426; x_wconf 90' lang='lat' dir='ltr'><strong>hanc</strong></span> <span class='ocrx_word' id='word_1_355' title='bbox 1151 3373 1468 3429; x_wconf 85' lang='lat' dir='ltr'><strong>certaminis</strong></span> <span class='ocrx_word' id='word_1_356' title='bbox 1505 3372 1758 3443; x_wconf 85' lang='lat' dir='ltr'><strong>formam,</strong></span> <span class='ocrx_word' id='word_1_357' title='bbox 1784 3393 1907 3432; x_wconf 92' lang='lat' dir='ltr'><strong>cum</strong></span> <span class='ocrx_word' id='word_1_358' title='bbox 1944 3395 2036 3433; x_wconf 90' lang='lat' dir='ltr'><strong>ve-</strong></span> 
     </span>
    </p>
   </div>
   <div class='ocr_carea' id='block_1_55' title="bbox 455 3461 2034 3532">
    <p class='ocr_par' dir='ltr' id='par_1_55' title="bbox 455 3461 2034 3532">
     <span class='ocr_line' id='line_1_55' title="bbox 455 3461 2034 3532; baseline 0.004 -17"><span class='ocrx_word' id='word_1_359' title='bbox 455 3461 594 3516; x_wconf 88' lang='lat' dir='ltr'><strong>ritas</strong></span> <span class='ocrx_word' id='word_1_360' title='bbox 625 3461 736 3515; x_wconf 87' lang='lat' dir='ltr'><strong>vita</strong></span> <span class='ocrx_word' id='word_1_361' title='bbox 766 3476 831 3516; x_wconf 88' lang='lat' dir='ltr'><strong>ac</strong></span> <span class='ocrx_word' id='word_1_362' title='bbox 876 3471 1053 3518; x_wconf 90' lang='lat' dir='ltr'><strong>morte</strong></span> <span class='ocrx_word' id='word_1_363' title='bbox 1087 3462 1516 3532; x_wconf 86' lang='lat' dir='ltr'><strong>dijudicabatur,</strong></span> <span class='ocrx_word' id='word_1_364' title='bbox 1553 3480 1617 3519; x_wconf 88' lang='lat' dir='ltr'><strong>ac</strong></span> <span class='ocrx_word' id='word_1_365' title='bbox 1646 3465 2034 3523; x_wconf 69' lang='lat' dir='ltr'><strong>documentum</strong></span> 
     </span>
    </p>
   </div>
   <div class='ocr_carea' id='block_1_56' title="bbox 457 3552 2038 3626">
    <p class='ocr_par' dir='ltr' id='par_1_56' title="bbox 457 3552 2038 3626">
     <span class='ocr_line' id='line_1_56' title="bbox 457 3552 2038 3626; baseline 0.005 -19"><span class='ocrx_word' id='word_1_366' title='bbox 457 3553 706 3608; x_wconf 81' lang='lat' dir='ltr'><strong>veritatis</strong></span> <span class='ocrx_word' id='word_1_367' title='bbox 751 3568 903 3608; x_wconf 89' lang='lat' dir='ltr'><strong>mors</strong></span> <span class='ocrx_word' id='word_1_368' title='bbox 957 3553 1102 3608; x_wconf 85' lang='lat' dir='ltr'><strong>fuit?</strong></span> <span class='ocrx_word' id='word_1_369' title='bbox 1149 3553 1283 3609; x_wconf 87' lang='lat' dir='ltr'><strong>Nam</strong></span> <span class='ocrx_word' id='word_1_370' title='bbox 1316 3571 1496 3626; x_wconf 69' lang='lat' dir='ltr'><strong>praeco</strong></span> <span class='ocrx_word' id='word_1_371' title='bbox 1531 3552 1652 3612; x_wconf 78' lang='lat' dir='ltr'><strong>lid’ei</strong></span> <span class='ocrx_word' id='word_1_372' title='bbox 1697 3559 2038 3616; x_wconf 59' lang='lat' dir='ltr'><strong>absconditae</strong></span> 
     </span>
    </p>
   </div>
   <div class='ocr_carea' id='block_1_57' title="bbox 455 3647 2036 3719">
    <p class='ocr_par' dir='ltr' id='par_1_57' title="bbox 455 3647 2036 3719">
     <span class='ocr_line' id='line_1_57' title="bbox 455 3647 2036 3719; baseline 0.004 -19"><span class='ocrx_word' id='word_1_373' title='bbox 455 3661 522 3701; x_wconf 87' lang='lat' dir='ltr'><strong>ac</strong></span> <span class='ocrx_word' id='word_1_374' title='bbox 564 3647 706 3711; x_wconf 62' lang='lat' dir='ltr'><strong>vitae,</strong></span> <span class='ocrx_word' id='word_1_375' title='bbox 756 3661 878 3716; x_wconf 65' lang='lat' dir='ltr'><strong>quae</strong></span> <span class='ocrx_word' id='word_1_376' title='bbox 927 3647 1305 3717; x_wconf 79' lang='lat' dir='ltr'><strong>ignorabatur,</strong></span> <span class='ocrx_word' id='word_1_377' title='bbox 1350 3649 1529 3718; x_wconf 88' lang='lat' dir='ltr'><strong>reipsa</strong></span> <span class='ocrx_word' id='word_1_378' title='bbox 1589 3649 2036 3719; x_wconf 64' lang='lat' dir='ltr'><strong>praedicationem</strong></span> 
     </span>
    </p>
   </div>
   <div class='ocr_carea' id='block_1_58' title="bbox 456 3734 2036 3808">
    <p class='ocr_par' dir='ltr' id='par_1_58' title="bbox 456 3734 2036 3808">
     <span class='ocr_line' id='line_1_58' title="bbox 456 3734 2036 3808; baseline 0.003 -20"><span class='ocrx_word' id='word_1_379' title='bbox 456 3735 774 3789; x_wconf 87' lang='lat' dir='ltr'><strong>hominibus</strong></span> <span class='ocrx_word' id='word_1_380' title='bbox 832 3734 1148 3803; x_wconf 81' lang='lat' dir='ltr'><strong>divulgabat</strong></span> <span class='ocrx_word' id='word_1_381' title='bbox 1185 3748 1199 3786; x_wconf 91' lang='lat'><strong>:</strong></span> <span class='ocrx_word' id='word_1_382' title='bbox 1239 3750 1336 3804; x_wconf 85' lang='lat' dir='ltr'><strong>per</strong></span> <span class='ocrx_word' id='word_1_383' title='bbox 1388 3735 1490 3790; x_wconf 91' lang='lat' dir='ltr'><strong>hoc</strong></span> <span class='ocrx_word' id='word_1_384' title='bbox 1534 3738 1680 3791; x_wconf 90' lang='lat' dir='ltr'><strong>enim</strong></span> <span class='ocrx_word' id='word_1_385' title='bbox 1715 3739 1858 3808; x_wconf 91' lang='lat' dir='ltr'><strong>quod</strong></span> <span class='ocrx_word' id='word_1_386' title='bbox 1891 3739 2036 3794; x_wconf 86' lang='lat' dir='ltr'><strong>haud</strong></span> 
     </span>
    </p>
   </div>
   <div class='ocr_carea' id='block_1_59' title="bbox 457 3825 2034 3898">
    <p class='ocr_par' dir='ltr' id='par_1_59' title="bbox 457 3825 2034 3898">
     <span class='ocr_line' id='line_1_59' title="bbox 457 3825 2034 3898; baseline 0.004 -20"><span class='ocrx_word' id='word_1_387' title='bbox 457 3833 682 3894; x_wconf 80' lang='lat' dir='ltr'><strong>gravate</strong></span> <span class='ocrx_word' id='word_1_388' title='bbox 735 3839 912 3894; x_wconf 91' lang='lat' dir='ltr'><strong>neque</strong></span> <span class='ocrx_word' id='word_1_389' title='bbox 957 3831 1286 3880; x_wconf 87' lang='lat' dir='ltr'><strong>cunctanter</strong></span> <span class='ocrx_word' id='word_1_390' title='bbox 1336 3825 1480 3881; x_wconf 90' lang='lat' dir='ltr'><strong>hanc</strong></span> <span class='ocrx_word' id='word_1_391' title='bbox 1541 3829 1710 3882; x_wconf 85' lang='lat' dir='ltr'><strong>vitam</strong></span> <span class='ocrx_word' id='word_1_392' title='bbox 1768 3829 2034 3898; x_wconf 78' lang='lat' dir='ltr'><strong>deseruit,</strong></span> 
     </span>
    </p>
   </div>
   <div class='ocr_carea' id='block_1_60' title="bbox 458 3915 2034 3990">
    <p class='ocr_par' dir='ltr' id='par_1_60' title="bbox 458 3915 2034 3990">
     <span class='ocr_line' id='line_1_60' title="bbox 458 3915 2034 3990; baseline 0.003 -21"><span class='ocrx_word' id='word_1_393' title='bbox 458 3926 609 3972; x_wconf 90' lang='lat' dir='ltr'><strong>recte</strong></span> <span class='ocrx_word' id='word_1_394' title='bbox 643 3932 754 3970; x_wconf 92' lang='lat' dir='ltr'><strong>rem</strong></span> <span class='ocrx_word' id='word_1_395' title='bbox 800 3915 1204 3971; x_wconf 78' lang='lat' dir='ltr'><strong>:estimantibus</strong></span> <span class='ocrx_word' id='word_1_396' title='bbox 1237 3915 1740 3986; x_wconf 84' lang='lat' dir='ltr'><strong>demonstrabatur,</strong></span> <span class='ocrx_word' id='word_1_397' title='bbox 1771 3919 1915 3990; x_wconf 89' lang='lat' dir='ltr'><strong>quod</strong></span> <span class='ocrx_word' id='word_1_398' title='bbox 1947 3937 2034 3986; x_wconf 91' lang='lat' dir='ltr'><strong>ea,</strong></span> 
     </span>
    </p>
   </div>
   <div class='ocr_carea' id='block_1_61' title="bbox 451 4006 2034 4076">
    <p class='ocr_par' dir='ltr' id='par_1_61' title="bbox 451 4006 2034 4076">
     <span class='ocr_line' id='line_1_61' title="bbox 451 4006 2034 4076; baseline 0.003 -17"><span class='ocrx_word' id='word_1_399' title='bbox 451 4021 582 4074; x_wconf 71' lang='lat' dir='ltr'><strong>qua:</strong></span> <span class='ocrx_word' id='word_1_400' title='bbox 599 4006 1015 4076; x_wconf 85' lang='lat' dir='ltr'><strong>relinquebatur</strong></span> <span class='ocrx_word' id='word_1_401' title='bbox 1033 4007 1166 4071; x_wconf 86' lang='lat' dir='ltr'><strong>vita,</strong></span> <span class='ocrx_word' id='word_1_402' title='bbox 1187 4008 1560 4076; x_wconf 69' lang='lat' dir='ltr'><strong>praestantiori</strong></span> <span class='ocrx_word' id='word_1_403' title='bbox 1582 4018 2034 4065; x_wconf 85' lang='lat' dir='ltr'><strong>commutaretur.</strong></span> 
     </span>
    </p>
   </div>
   <div class='ocr_carea' id='block_1_62' title="bbox 457 4096 2036 4173">
    <p class='ocr_par' dir='ltr' id='par_1_62' title="bbox 457 4096 2036 4173">
     <span class='ocr_line' id='line_1_62' title="bbox 457 4096 2036 4173; baseline 0.004 -22"><span class='ocrx_word' id='word_1_404' title='bbox 457 4096 664 4153; x_wconf 73' lang='lat' dir='ltr'><strong>Verum</strong></span> <span class='ocrx_word' id='word_1_405' title='bbox 697 4098 842 4152; x_wconf 91' lang='lat' dir='ltr'><strong>haud</strong></span> <span class='ocrx_word' id='word_1_406' title='bbox 897 4099 1304 4154; x_wconf 91' lang='lat' dir='ltr'><strong>incommodum</strong></span> <span class='ocrx_word' id='word_1_407' title='bbox 1346 4098 1534 4166; x_wconf 81' lang='lat' dir='ltr'><strong>fuerit,</strong></span> <span class='ocrx_word' id='word_1_408' title='bbox 1571 4110 1832 4173; x_wconf 87' lang='lat' dir='ltr'><strong>tanquam</strong></span> <span class='ocrx_word' id='word_1_409' title='bbox 1872 4105 1926 4158; x_wconf 95' lang='lat' dir='ltr'><strong>in</strong></span> <span class='ocrx_word' id='word_1_410' title='bbox 1954 4112 2036 4158; x_wconf 89' lang='lat' dir='ltr'><strong>ta-</strong></span> 
     </span>
    </p>
   </div>
   <div class='ocr_carea' id='block_1_63' title="bbox 459 4189 2039 4264">
    <p class='ocr_par' dir='ltr' id='par_1_63' title="bbox 459 4189 2039 4264">
     <span class='ocr_line' id='line_1_63' title="bbox 459 4189 2039 4264; baseline 0.004 -20"><span class='ocrx_word' id='word_1_411' title='bbox 459 4189 610 4254; x_wconf 84' lang='lat' dir='ltr'><strong>bula,</strong></span> <span class='ocrx_word' id='word_1_412' title='bbox 645 4190 898 4245; x_wconf 86' lang='lat' dir='ltr'><strong>oratione</strong></span> <span class='ocrx_word' id='word_1_413' title='bbox 922 4198 1114 4246; x_wconf 81' lang='lat' dir='ltr'><strong>exacte</strong></span> <span class='ocrx_word' id='word_1_414' title='bbox 1159 4191 1318 4262; x_wconf 88' lang='lat' dir='ltr'><strong>quasi</strong></span> <span class='ocrx_word' id='word_1_415' title='bbox 1353 4191 1644 4264; x_wconf 84' lang='lat' dir='ltr'><strong>depingere</strong></span> <span class='ocrx_word' id='word_1_416' title='bbox 1671 4198 2039 4252; x_wconf 85' lang='lat' dir='ltr'><strong>concertatio-</strong></span> 
     </span>
    </p>
   </div>
   <div class='ocr_carea' id='block_1_64' title="bbox 457 4285 2038 4352">
    <p class='ocr_par' dir='ltr' id='par_1_64' title="bbox 457 4285 2038 4352">
     <span class='ocr_line' id='line_1_64' title="bbox 457 4285 2038 4352; baseline 0.004 -17"><span class='ocrx_word' id='word_1_417' title='bbox 457 4297 607 4343; x_wconf 87' lang='lat' dir='ltr'><strong>nem,</strong></span> <span class='ocrx_word' id='word_1_418' title='bbox 636 4289 693 4334; x_wconf 91' lang='lat' dir='ltr'><strong>nt</strong></span> <span class='ocrx_word' id='word_1_419' title='bbox 723 4296 820 4350; x_wconf 87' lang='lat' dir='ltr'><strong>per</strong></span> <span class='ocrx_word' id='word_1_420' title='bbox 853 4297 1036 4337; x_wconf 91' lang='lat' dir='ltr'><strong>rerum</strong></span> <span class='ocrx_word' id='word_1_421' title='bbox 1067 4291 1347 4352; x_wconf 82' lang='lat' dir='ltr'><strong>gestarum</strong></span> <span class='ocrx_word' id='word_1_422' title='bbox 1383 4285 1583 4340; x_wconf 88' lang='lat' dir='ltr'><strong>seriem</strong></span> <span class='ocrx_word' id='word_1_423' title='bbox 1614 4287 1905 4342; x_wconf 88' lang='lat' dir='ltr'><strong>commode</strong></span> <span class='ocrx_word' id='word_1_424' title='bbox 1939 4289 2038 4342; x_wconf 91' lang='lat' dir='ltr'><strong>mi-</strong></span> 
     </span>
    </p>
   </div>
   <div class='ocr_carea' id='block_1_65' title="bbox 2126 1817 3698 1890">
    <p class='ocr_par' dir='ltr' id='par_1_65' title="bbox 2126 1817 3698 1890">
     <span class='ocr_line' id='line_1_65' title="bbox 2126 1817 3698 1890; baseline -0.001 -19"><span class='ocrx_word' id='word_1_425' title='bbox 2126 1818 2340 1890; x_wconf 86' lang='grc' dir='ltr'>πρῶτος</span> <span class='ocrx_word' id='word_1_426' title='bbox 2369 1819 2764 1882; x_wconf 82' lang='grc' dir='ltr'>ἀντικαταστάς</span> <span class='ocrx_word' id='word_1_427' title='bbox 2790 1819 2927 1890; x_wconf 75' lang='grc' dir='ltr'>πρὸς</span> <span class='ocrx_word' id='word_1_428' title='bbox 2949 1817 3048 1890; x_wconf 85' lang='grc' dir='ltr'>τὴν</span> <span class='ocrx_word' id='word_1_429' title='bbox 3083 1817 3363 1890; x_wconf 84' lang='grc' dir='ltr'>ἁμαρτίαν</span> <span class='ocrx_word' id='word_1_430' title='bbox 3387 1817 3581 1888; x_wconf 80' lang='grc' dir='ltr'>μέχρις</span> <span class='ocrx_word' id='word_1_431' title='bbox 3610 1818 3698 1871; x_wconf 77' lang='grc' dir='ltr'>αῖο</span> 
     </span>
    </p>
   </div>
   <div class='ocr_carea' id='block_1_66' title="bbox 2129 1910 3697 1982">
    <p class='ocr_par' dir='ltr' id='par_1_66' title="bbox 2129 1910 3697 1982">
     <span class='ocr_line' id='line_1_66' title="bbox 2129 1910 3697 1982; baseline -0.002 -17"><span class='ocrx_word' id='word_1_432' title='bbox 2129 1928 2317 1982; x_wconf 84' lang='grc' dir='ltr'>ματος.</span> <span class='ocrx_word' id='word_1_433' title='bbox 2380 1911 2490 1966; x_wconf 87' lang='grc' dir='ltr'>Καί</span> <span class='ocrx_word' id='word_1_434' title='bbox 2545 1929 2636 1982; x_wconf 92' lang='grc' dir='ltr'><strong>μοι</strong></span> <span class='ocrx_word' id='word_1_435' title='bbox 2681 1911 2828 1965; x_wconf 90' lang='grc' dir='ltr'>δοκεῖ</span> <span class='ocrx_word' id='word_1_436' title='bbox 2871 1911 3020 1965; x_wconf 82' lang='grc' dir='ltr'>πᾶσα</span> <span class='ocrx_word' id='word_1_437' title='bbox 3064 1910 3173 1964; x_wconf 92' lang='grc' dir='ltr'><strong>τῶν</strong></span> <span class='ocrx_word' id='word_1_438' title='bbox 3225 1910 3612 1982; x_wconf 86' lang='grc' dir='ltr'>ύπερκοσμίων</span> <span class='ocrx_word' id='word_1_439' title='bbox 3662 1911 3697 1980; x_wconf 88' lang='grc' dir='ltr'><strong>ή</strong></span> 
     </span>
    </p>
   </div>
   <div class='ocr_carea' id='block_1_67' title="bbox 2127 2000 3699 2074">
    <p class='ocr_par' dir='ltr' id='par_1_67' title="bbox 2127 2000 3699 2074">
     <span class='ocr_line' id='line_1_67' title="bbox 2127 2000 3699 2074; baseline -0.001 -19"><span class='ocrx_word' id='word_1_440' title='bbox 2127 2002 2375 2074; x_wconf 82' lang='grc' dir='ltr'>στρατιὰ,</span> <span class='ocrx_word' id='word_1_441' title='bbox 2408 2003 2505 2056; x_wconf 75' lang='grc' dir='ltr'>καὶ</span> <span class='ocrx_word' id='word_1_442' title='bbox 2530 2003 2699 2056; x_wconf 76' lang='grc' dir='ltr'>πᾶσαι</span> <span class='ocrx_word' id='word_1_443' title='bbox 2725 2001 2835 2056; x_wconf 86' lang='grc' dir='ltr'><strong>τῶν</strong></span> <span class='ocrx_word' id='word_1_444' title='bbox 2861 2001 3108 2070; x_wconf 85' lang='grc' dir='ltr'>ἀγγέλων</span> <span class='ocrx_word' id='word_1_445' title='bbox 3136 2003 3191 2055; x_wconf 80' lang='lat' dir='ltr'><strong>al</strong></span> <span class='ocrx_word' id='word_1_446' title='bbox 3223 2001 3482 2072; x_wconf 84' lang='grc' dir='ltr'>μυριάδες</span> <span class='ocrx_word' id='word_1_447' title='bbox 3509 2000 3618 2054; x_wconf 91' lang='grc' dir='ltr'><strong>τῶν</strong></span> <span class='ocrx_word' id='word_1_448' title='bbox 3641 2018 3699 2055; x_wconf 84' lang='grc' dir='ltr'><strong>τε</strong></span> 
     </span>
    </p>
   </div>
   <div class='ocr_carea' id='block_1_68' title="bbox 2125 2094 3704 2167">
    <p class='ocr_par' dir='ltr' id='par_1_68' title="bbox 2125 2094 3704 2167">
     <span class='ocr_line' id='line_1_68' title="bbox 2125 2094 3704 2167; baseline 0.001 -20"><span class='ocrx_word' id='word_1_449' title='bbox 2125 2094 2581 2167; x_wconf 84' lang='grc' dir='ltr'>λειτουργούντων</span> <span class='ocrx_word' id='word_1_450' title='bbox 2622 2095 2716 2148; x_wconf 79' lang='grc' dir='ltr'>καὶ</span> <span class='ocrx_word' id='word_1_451' title='bbox 2759 2094 2870 2148; x_wconf 81' lang='grc' dir='ltr'><strong>τῶν</strong></span> <span class='ocrx_word' id='word_1_452' title='bbox 2921 2094 3376 2165; x_wconf 80' lang='grc' dir='ltr'>παρεστηκότων,</span> <span class='ocrx_word' id='word_1_453' title='bbox 3419 2095 3515 2147; x_wconf 69' lang='grc' dir='ltr'>καὶ</span> <span class='ocrx_word' id='word_1_454' title='bbox 3557 2095 3609 2146; x_wconf 84' lang='grc' dir='ltr'><strong>εί</strong></span> <span class='ocrx_word' id='word_1_455' title='bbox 3646 2109 3704 2148; x_wconf 77' lang='grc' dir='ltr'><strong>τι</strong></span> 
     </span>
    </p>
   </div>
   <div class='ocr_carea' id='block_1_69' title="bbox 2127 2183 3703 2256">
    <p class='ocr_par' dir='ltr' id='par_1_69' title="bbox 2127 2183 3703 2256">
     <span class='ocr_line' id='line_1_69' title="bbox 2127 2183 3703 2256; baseline 0 -18"><span class='ocrx_word' id='word_1_456' title='bbox 2127 2184 2270 2238; x_wconf 78' lang='grc' dir='ltr'><strong>κατά</strong></span> <span class='ocrx_word' id='word_1_457' title='bbox 2300 2184 2399 2256; x_wconf 82' lang='grc' dir='ltr'>τὴν</span> <span class='ocrx_word' id='word_1_458' title='bbox 2425 2185 2537 2239; x_wconf 81' lang='grc' dir='ltr'>ἄνω</span> <span class='ocrx_word' id='word_1_459' title='bbox 2561 2183 2712 2255; x_wconf 82' lang='grc' dir='ltr'>λῆξιν</span> <span class='ocrx_word' id='word_1_460' title='bbox 2739 2184 2846 2238; x_wconf 85' lang='grc' dir='ltr'><strong>τῶν</strong></span> <span class='ocrx_word' id='word_1_461' title='bbox 2875 2187 3071 2256; x_wconf 83' lang='grc' dir='ltr'>τιμίων</span> <span class='ocrx_word' id='word_1_462' title='bbox 3103 2185 3394 2255; x_wconf 79' lang='grc' dir='ltr'>ἀκούομεν.</span> <span class='ocrx_word' id='word_1_463' title='bbox 3424 2186 3484 2240; x_wconf 85' lang='grc' dir='ltr'><strong>ἐν</strong></span> <span class='ocrx_word' id='word_1_464' title='bbox 3509 2185 3703 2256; x_wconf 81' lang='grc' dir='ltr'>ἀρχαῖς</span> 
     </span>
    </p>
   </div>
   <div class='ocr_carea' id='block_1_70' title="bbox 2128 2280 3703 2352">
    <p class='ocr_par' dir='ltr' id='par_1_70' title="bbox 2128 2280 3703 2352">
     <span class='ocr_line' id='line_1_70' title="bbox 2128 2280 3703 2352; baseline -0.001 -18"><span class='ocrx_word' id='word_1_465' title='bbox 2128 2299 2187 2334; x_wconf 91' lang='grc' dir='ltr'><strong>τε</strong></span> <span class='ocrx_word' id='word_1_466' title='bbox 2217 2283 2312 2336; x_wconf 69' lang='grc' dir='ltr'>καὶ</span> <span class='ocrx_word' id='word_1_467' title='bbox 2337 2280 2596 2352; x_wconf 84' lang='grc' dir='ltr'>δυνάμεσι</span> <span class='ocrx_word' id='word_1_468' title='bbox 2618 2281 2712 2334; x_wconf 65' lang='grc' dir='ltr'>καὶ</span> <span class='ocrx_word' id='word_1_469' title='bbox 2738 2280 2946 2352; x_wconf 79' lang='grc' dir='ltr'>θρόνοις</span> <span class='ocrx_word' id='word_1_470' title='bbox 2976 2281 3071 2334; x_wconf 75' lang='grc' dir='ltr'>καὶ</span> <span class='ocrx_word' id='word_1_471' title='bbox 3097 2280 3368 2346; x_wconf 75' lang='grc' dir='ltr'>ἐξουσίαις</span> <span class='ocrx_word' id='word_1_472' title='bbox 3395 2280 3488 2334; x_wconf 82' lang='grc' dir='ltr'>καὶ</span> <span class='ocrx_word' id='word_1_473' title='bbox 3516 2280 3703 2351; x_wconf 82' lang='grc' dir='ltr'>κυριό-</span> 
     </span>
    </p>
   </div>
   <div class='ocr_carea' id='block_1_71' title="bbox 2129 2369 3706 2442">
    <p class='ocr_par' dir='ltr' id='par_1_71' title="bbox 2129 2369 3706 2442">
     <span class='ocr_line' id='line_1_71' title="bbox 2129 2369 3706 2442; baseline -0.001 -18"><span class='ocrx_word' id='word_1_474' title='bbox 2129 2388 2274 2440; x_wconf 86' lang='grc' dir='ltr'>τησι,</span> <span class='ocrx_word' id='word_1_475' title='bbox 2305 2372 2402 2426; x_wconf 74' lang='grc' dir='ltr'>καὶ</span> <span class='ocrx_word' id='word_1_476' title='bbox 2433 2372 2582 2424; x_wconf 78' lang='grc' dir='ltr'>πᾶσα</span> <span class='ocrx_word' id='word_1_477' title='bbox 2607 2373 2642 2442; x_wconf 84' lang='grc' dir='ltr'><strong>ἡ</strong></span> <span class='ocrx_word' id='word_1_478' title='bbox 2667 2370 2893 2442; x_wconf 81' lang='grc' dir='ltr'>οὐρανία</span> <span class='ocrx_word' id='word_1_479' title='bbox 2942 2373 3268 2441; x_wconf 87' lang='grc' dir='ltr'>πανήγυρις,</span> <span class='ocrx_word' id='word_1_480' title='bbox 3316 2369 3498 2440; x_wconf 89' lang='grc' dir='ltr'>θέαμα</span> <span class='ocrx_word' id='word_1_481' title='bbox 3535 2370 3706 2424; x_wconf 90' lang='grc' dir='ltr'>ποιεῖ-</span> 
     </span>
    </p>
   </div>
   <div class='ocr_carea' id='block_1_72' title="bbox 2133 2459 3703 2534">
    <p class='ocr_par' dir='ltr' id='par_1_72' title="bbox 2133 2459 3703 2534">
     <span class='ocr_line' id='line_1_72' title="bbox 2133 2459 3703 2534; baseline -0.001 -19"><span class='ocrx_word' id='word_1_482' title='bbox 2133 2463 2256 2516; x_wconf 85' lang='grc' dir='ltr'>σθαι</span> <span class='ocrx_word' id='word_1_483' title='bbox 2293 2461 2413 2516; x_wconf 87' lang='grc' dir='ltr'>τότε</span> <span class='ocrx_word' id='word_1_484' title='bbox 2441 2460 2533 2516; x_wconf 74' lang='grc' dir='ltr'>τὸν</span> <span class='ocrx_word' id='word_1_485' title='bbox 2567 2460 2835 2534; x_wconf 78' lang='grc' dir='ltr'>ἀθλητήν,</span> <span class='ocrx_word' id='word_1_486' title='bbox 2879 2460 2959 2531; x_wconf 78' lang='grc' dir='ltr'>τῷ</span> <span class='ocrx_word' id='word_1_487' title='bbox 2990 2461 3362 2532; x_wconf 75' lang='grc' dir='ltr'>ἀνταγωνιστῇ</span> <span class='ocrx_word' id='word_1_488' title='bbox 3395 2459 3703 2531; x_wconf 74' lang='grc' dir='ltr'>συμπλεκό-</span> 
     </span>
    </p>
   </div>
   <div class='ocr_carea' id='block_1_73' title="bbox 2137 2549 3705 2624">
    <p class='ocr_par' dir='ltr' id='par_1_73' title="bbox 2137 2549 3705 2624">
     <span class='ocr_line' id='line_1_73' title="bbox 2137 2549 3705 2624; baseline -0.003 -17"><span class='ocrx_word' id='word_1_489' title='bbox 2137 2569 2315 2624; x_wconf 90' lang='grc' dir='ltr'>μενον.</span> <span class='ocrx_word' id='word_1_490' title='bbox 2354 2552 2746 2624; x_wconf 79' lang='grc' dir='ltr'>Ἐφηπλώσατο</span> <span class='ocrx_word' id='word_1_491' title='bbox 2787 2553 2885 2622; x_wconf 75' lang='grc' dir='ltr'>μὲν</span> <span class='ocrx_word' id='word_1_492' title='bbox 2925 2553 3036 2622; x_wconf 90' lang='lat'><strong>7&amp;9</strong></span> <span class='ocrx_word' id='word_1_493' title='bbox 3081 2549 3194 2606; x_wconf 77' lang='grc' dir='ltr'>οἷόν</span> <span class='ocrx_word' id='word_1_494' title='bbox 3241 2571 3294 2606; x_wconf 88' lang='grc' dir='ltr'><strong>τι</strong></span> <span class='ocrx_word' id='word_1_495' title='bbox 3337 2551 3548 2607; x_wconf 85' lang='grc' dir='ltr'>στάδιον</span> <span class='ocrx_word' id='word_1_496' title='bbox 3598 2551 3705 2614; x_wconf 61' lang='grc' dir='ltr'>τοῖς</span> 
     </span>
    </p>
   </div>
   <div class='ocr_carea' id='block_1_74' title="bbox 2132 2641 3706 2714">
    <p class='ocr_par' dir='ltr' id='par_1_74' title="bbox 2132 2641 3706 2714">
     <span class='ocr_line' id='line_1_74' title="bbox 2132 2641 3706 2714; baseline -0.005 -14"><span class='ocrx_word' id='word_1_497' title='bbox 2132 2643 2652 2713; x_wconf 82' lang='grc' dir='ltr'>ἀνταγωνιζομένοις</span> <span class='ocrx_word' id='word_1_498' title='bbox 2698 2643 2728 2696; x_wconf 82' lang='lat'><strong>6</strong></span> <span class='ocrx_word' id='word_1_499' title='bbox 2771 2641 3116 2713; x_wconf 83' lang='grc' dir='ltr'>ἀνθρώπινος</span> <span class='ocrx_word' id='word_1_500' title='bbox 3167 2642 3278 2713; x_wconf 86' lang='grc' dir='ltr'>βίος</span> <span class='ocrx_word' id='word_1_501' title='bbox 3332 2641 3706 2714; x_wconf 82' lang='grc' dir='ltr'>ἀντεφώρμων</span> 
     </span>
    </p>
   </div>
   <div class='ocr_carea' id='block_1_75' title="bbox 2132 2733 3706 2806">
    <p class='ocr_par' dir='ltr' id='par_1_75' title="bbox 2132 2733 3706 2806">
     <span class='ocr_line' id='line_1_75' title="bbox 2132 2733 3706 2806; baseline -0.003 -18"><span class='ocrx_word' id='word_1_502' title='bbox 2132 2735 2189 2788; x_wconf 86' lang='grc' dir='ltr'><strong>δέ</strong></span> <span class='ocrx_word' id='word_1_503' title='bbox 2236 2733 2482 2805; x_wconf 85' lang='grc' dir='ltr'>ἀλλήλοις</span> <span class='ocrx_word' id='word_1_504' title='bbox 2519 2733 2818 2806; x_wconf 77' lang='grc' dir='ltr'>ἀμφότεροι</span> <span class='ocrx_word' id='word_1_505' title='bbox 2845 2750 2860 2764; x_wconf 75' lang='grc' dir='ltr'><strong><em>ο</em></strong></span> <span class='ocrx_word' id='word_1_506' title='bbox 2907 2734 2996 2787; x_wconf 72' lang='grc' dir='ltr'>ὅτε</span> <span class='ocrx_word' id='word_1_507' title='bbox 3029 2734 3262 2805; x_wconf 77' lang='grc' dir='ltr'>πονηρὸς</span> <span class='ocrx_word' id='word_1_508' title='bbox 3290 2733 3580 2796; x_wconf 88' lang='grc' dir='ltr'>ἀντίπαλος</span> <span class='ocrx_word' id='word_1_509' title='bbox 3607 2733 3706 2801; x_wconf 80' lang='grc' dir='ltr'><strong>τῆς</strong></span> 
     </span>
    </p>
   </div>
   <div class='ocr_carea' id='block_1_76' title="bbox 2131 2824 3705 2898">
    <p class='ocr_par' dir='ltr' id='par_1_76' title="bbox 2131 2824 3705 2898">
     <span class='ocr_line' id='line_1_76' title="bbox 2131 2824 3705 2898; baseline -0.001 -18"><span class='ocrx_word' id='word_1_510' title='bbox 2131 2826 2478 2898; x_wconf 84' lang='grc' dir='ltr'>ἀνθρωπίνης</span> <span class='ocrx_word' id='word_1_511' title='bbox 2503 2825 2648 2895; x_wconf 78' lang='grc' dir='ltr'>ζωῆς</span> <span class='ocrx_word' id='word_1_512' title='bbox 2673 2824 2781 2878; x_wconf 81' lang='grc' dir='ltr'>ἀπὸ</span> <span class='ocrx_word' id='word_1_513' title='bbox 2809 2824 2902 2878; x_wconf 76' lang='grc' dir='ltr'><strong>τοῦ</strong></span> <span class='ocrx_word' id='word_1_514' title='bbox 2937 2825 3226 2896; x_wconf 84' lang='grc' dir='ltr'>πτώματος</span> <span class='ocrx_word' id='word_1_515' title='bbox 3252 2825 3360 2879; x_wconf 85' lang='grc' dir='ltr'><strong>τῶν</strong></span> <span class='ocrx_word' id='word_1_516' title='bbox 3389 2825 3705 2897; x_wconf 80' lang='grc' dir='ltr'>πρωτοπλά-</span> 
     </span>
    </p>
   </div>
   <div class='ocr_carea' id='block_1_77' title="bbox 2135 2911 3827 2986">
    <p class='ocr_par' dir='ltr' id='par_1_77' title="bbox 2135 2911 3827 2986">
     <span class='ocr_line' id='line_1_77' title="bbox 2135 2911 3827 2986; baseline 0 -21"><span class='ocrx_word' id='word_1_517' title='bbox 2135 2930 2275 2968; x_wconf 90' lang='grc' dir='ltr'>στων</span> <span class='ocrx_word' id='word_1_518' title='bbox 2304 2913 2468 2985; x_wconf 90' lang='grc' dir='ltr'>μέχρι</span> <span class='ocrx_word' id='word_1_519' title='bbox 2487 2912 2597 2966; x_wconf 89' lang='grc' dir='ltr'><strong>τῶν</strong></span> <span class='ocrx_word' id='word_1_520' title='bbox 2629 2911 2770 2966; x_wconf 74' lang='grc' dir='ltr'>κατὰ</span> <span class='ocrx_word' id='word_1_521' title='bbox 2791 2912 3064 2982; x_wconf 82' lang='grc' dir='ltr'>Στέφανον</span> <span class='ocrx_word' id='word_1_522' title='bbox 3090 2915 3299 2986; x_wconf 80' lang='grc' dir='ltr'>χρόνων</span> <span class='ocrx_word' id='word_1_523' title='bbox 3331 2918 3396 2986; x_wconf 80' lang='grc' dir='ltr'><strong>τῇ</strong></span> <span class='ocrx_word' id='word_1_524' title='bbox 3429 2914 3570 2968; x_wconf 85' lang='grc' dir='ltr'><strong>κατά</strong></span> <span class='ocrx_word' id='word_1_525' title='bbox 3599 2913 3708 2967; x_wconf 86' lang='grc' dir='ltr'><strong>τῶν</strong></span> <span class='ocrx_word' id='word_1_526' title='bbox 3815 2929 3827 2939; x_wconf 92' lang='grc'><strong>·</strong></span> 
     </span>
    </p>
   </div>
   <div class='ocr_carea' id='block_1_78' title="bbox 2056 3003 3707 3094">
    <p class='ocr_par' dir='ltr' id='par_1_78' title="bbox 2056 3003 3707 3094">
     <span class='ocr_line' id='line_1_78' title="bbox 2056 3003 3707 3094; baseline 0.001 -36"><span class='ocrx_word' id='word_1_527' title='bbox 2056 3037 2098 3094; x_wconf 77' lang='lat' dir='ltr'>c</span> <span class='ocrx_word' id='word_1_528' title='bbox 2135 3003 2435 3076; x_wconf 85' lang='grc' dir='ltr'>ἀνθρώπων</span> <span class='ocrx_word' id='word_1_529' title='bbox 2476 3003 2957 3075; x_wconf 74' lang='grc' dir='ltr'>ἐγγυμνασάμενος</span> <span class='ocrx_word' id='word_1_530' title='bbox 3003 3005 3128 3076; x_wconf 81' lang='grc' dir='ltr'>νίκῃ</span> <span class='ocrx_word' id='word_1_531' title='bbox 3155 3043 3171 3071; x_wconf 93' lang='grc'><strong>,</strong></span> <span class='ocrx_word' id='word_1_532' title='bbox 3214 3007 3309 3060; x_wconf 81' lang='grc' dir='ltr'>καὶ</span> <span class='ocrx_word' id='word_1_533' title='bbox 3339 3007 3368 3060; x_wconf 88' lang='lat'><strong>6</strong></span> <span class='ocrx_word' id='word_1_534' title='bbox 3402 3004 3576 3076; x_wconf 80' lang='grc' dir='ltr'>μέγας</span> <span class='ocrx_word' id='word_1_535' title='bbox 3605 3004 3707 3075; x_wconf 84' lang='grc' dir='ltr'><strong>τῆς</strong></span> 
     </span>
    </p>
   </div>
   <div class='ocr_carea' id='block_1_79' title="bbox 2138 3095 3697 3168">
    <p class='ocr_par' dir='ltr' id='par_1_79' title="bbox 2138 3095 3697 3168">
     <span class='ocr_line' id='line_1_79' title="bbox 2138 3095 3697 3168; baseline 0.002 -18"><span class='ocrx_word' id='word_1_536' title='bbox 2138 3098 2371 3160; x_wconf 88' lang='grc' dir='ltr'>πίστεως</span> <span class='ocrx_word' id='word_1_537' title='bbox 2413 3096 2906 3168; x_wconf 81' lang='grc' dir='ltr'>ἀγωνιστὴς,¹ἀντ’</span> <span class='ocrx_word' id='word_1_538' title='bbox 2947 3096 3158 3160; x_wconf 79' lang='grc' dir='ltr'>οὐδενὸς</span> <span class='ocrx_word' id='word_1_539' title='bbox 3191 3097 3390 3166; x_wconf 85' lang='grc' dir='ltr'>κρίνων</span> <span class='ocrx_word' id='word_1_540' title='bbox 3420 3095 3514 3151; x_wconf 84' lang='grc' dir='ltr'>τοῦ</span> <span class='ocrx_word' id='word_1_541' title='bbox 3556 3097 3697 3153; x_wconf 73' lang='grc' dir='ltr'>ἀντι-</span> 
     </span>
    </p>
   </div>
   <div class='ocr_carea' id='block_1_80' title="bbox 2137 3187 3708 3260">
    <p class='ocr_par' dir='ltr' id='par_1_80' title="bbox 2137 3187 3708 3260">
     <span class='ocr_line' id='line_1_80' title="bbox 2137 3187 3708 3260; baseline 0.001 -20"><span class='ocrx_word' id='word_1_542' title='bbox 2137 3187 2307 3241; x_wconf 87' lang='grc' dir='ltr'>πάλου</span> <span class='ocrx_word' id='word_1_543' title='bbox 2328 3187 2424 3258; x_wconf 82' lang='grc' dir='ltr'>τὴν</span> <span class='ocrx_word' id='word_1_544' title='bbox 2453 3187 2658 3257; x_wconf 77' lang='grc' dir='ltr'>ἔφοδον.</span> <span class='ocrx_word' id='word_1_545' title='bbox 2692 3187 2871 3242; x_wconf 85' lang='grc' dir='ltr'>Ὅπλα</span> <span class='ocrx_word' id='word_1_546' title='bbox 2891 3187 2950 3242; x_wconf 91' lang='grc' dir='ltr'><strong>δέ</strong></span> <span class='ocrx_word' id='word_1_547' title='bbox 2974 3189 3093 3241; x_wconf 82' lang='grc' dir='ltr'>κατ’</span> <span class='ocrx_word' id='word_1_548' title='bbox 3113 3188 3358 3260; x_wconf 89' lang='grc' dir='ltr'>ἀλλήλων</span> <span class='ocrx_word' id='word_1_549' title='bbox 3381 3187 3708 3259; x_wconf 82' lang='grc' dir='ltr'>ἀμφοτέροις</span> 
     </span>
    </p>
   </div>
   <div class='ocr_carea' id='block_1_81' title="bbox 2134 3275 3705 3356">
    <p class='ocr_par' dir='ltr' id='par_1_81' title="bbox 2134 3275 3705 3356">
     <span class='ocr_line' id='line_1_81' title="bbox 2134 3275 3705 3356; baseline 0.001 -24"><span class='ocrx_word' id='word_1_550' title='bbox 2134 3275 2225 3350; x_wconf 83' lang='grc' dir='ltr'>ἦν,</span> <span class='ocrx_word' id='word_1_551' title='bbox 2271 3277 2348 3350; x_wconf 80' lang='grc' dir='ltr'>τῷ</span> <span class='ocrx_word' id='word_1_552' title='bbox 2385 3280 2485 3350; x_wconf 83' lang='grc' dir='ltr'>μὲν</span> <span class='ocrx_word' id='word_1_553' title='bbox 2516 3279 2724 3351; x_wconf 77' lang='grc' dir='ltr'>εύρετῇ,</span> <span class='ocrx_word' id='word_1_554' title='bbox 2759 3278 2853 3333; x_wconf 81' lang='grc' dir='ltr'><strong>τοῦ</strong></span> <span class='ocrx_word' id='word_1_555' title='bbox 2881 3278 3110 3335; x_wconf 85' lang='grc' dir='ltr'>θανάτου</span> <span class='ocrx_word' id='word_1_556' title='bbox 3143 3280 3362 3356; x_wconf 68' lang='grc' dir='ltr'>ἀπειλὴ,</span> <span class='ocrx_word' id='word_1_557' title='bbox 3409 3280 3488 3352; x_wconf 82' lang='grc' dir='ltr'>τῷ</span> <span class='ocrx_word' id='word_1_558' title='bbox 3511 3279 3569 3334; x_wconf 87' lang='grc' dir='ltr'>δὲ</span> <span class='ocrx_word' id='word_1_559' title='bbox 3597 3295 3705 3351; x_wconf 89' lang='grc' dir='ltr'>μα-</span> 
     </span>
    </p>
   </div>
   <div class='ocr_carea' id='block_1_82' title="bbox 2138 3370 3707 3443">
    <p class='ocr_par' dir='ltr' id='par_1_82' title="bbox 2138 3370 3707 3443">
     <span class='ocr_line' id='line_1_82' title="bbox 2138 3370 3707 3443; baseline 0.001 -20"><span class='ocrx_word' id='word_1_560' title='bbox 2138 3371 2275 3443; x_wconf 81' lang='grc' dir='ltr'>θητῇ</span> <span class='ocrx_word' id='word_1_561' title='bbox 2298 3372 2398 3441; x_wconf 89' lang='grc' dir='ltr'><strong>τῆς</strong></span> <span class='ocrx_word' id='word_1_562' title='bbox 2424 3370 2588 3442; x_wconf 80' lang='grc' dir='ltr'>ζωῆς,</span> <span class='ocrx_word' id='word_1_563' title='bbox 2614 3371 2928 3443; x_wconf 77' lang='grc' dir='ltr'>ήόμο).ογία</span> <span class='ocrx_word' id='word_1_564' title='bbox 2947 3371 3046 3441; x_wconf 88' lang='grc' dir='ltr'><strong>τῆς</strong></span> <span class='ocrx_word' id='word_1_565' title='bbox 3074 3372 3328 3436; x_wconf 84' lang='grc' dir='ltr'>πίστεως.</span> <span class='ocrx_word' id='word_1_566' title='bbox 3355 3371 3452 3437; x_wconf 85' lang='grc' dir='ltr'><strong>Τίς</strong></span> <span class='ocrx_word' id='word_1_567' title='bbox 3478 3371 3586 3442; x_wconf 80' lang='grc' dir='ltr'>γὰρ</span> <span class='ocrx_word' id='word_1_568' title='bbox 3607 3370 3707 3424; x_wconf 81' lang='grc' dir='ltr'>οὐκ</span> 
     </span>
    </p>
   </div>
   <div class='ocr_carea' id='block_1_83' title="bbox 2138 3460 3706 3534">
    <p class='ocr_par' dir='ltr' id='par_1_83' title="bbox 2138 3460 3706 3534">
     <span class='ocr_line' id='line_1_83' title="bbox 2138 3460 3706 3534; baseline 0 -19"><span class='ocrx_word' id='word_1_569' title='bbox 2138 3461 2205 3516; x_wconf 81' lang='grc' dir='ltr'>ἂν</span> <span class='ocrx_word' id='word_1_570' title='bbox 2234 3461 2449 3532; x_wconf 75' lang='grc' dir='ltr'>ἠγάσθη</span> <span class='ocrx_word' id='word_1_571' title='bbox 2477 3462 2538 3516; x_wconf 81' lang='grc' dir='ltr'>τὸ</span> <span class='ocrx_word' id='word_1_572' title='bbox 2567 3463 2750 3516; x_wconf 78' lang='grc' dir='ltr'>καινὸν</span> <span class='ocrx_word' id='word_1_573' title='bbox 2797 3462 2956 3517; x_wconf 82' lang='grc' dir='ltr'>τοῦτο</span> <span class='ocrx_word' id='word_1_574' title='bbox 2985 3463 3086 3533; x_wconf 88' lang='grc' dir='ltr'><strong>τῆς</strong></span> <span class='ocrx_word' id='word_1_575' title='bbox 3113 3463 3353 3534; x_wconf 87' lang='grc' dir='ltr'>ἀγωνίας</span> <span class='ocrx_word' id='word_1_576' title='bbox 3393 3460 3531 3528; x_wconf 76' lang='grc' dir='ltr'>εἶδος</span> <span class='ocrx_word' id='word_1_577' title='bbox 3555 3503 3572 3528; x_wconf 95' lang='grc'><strong>,</strong></span> <span class='ocrx_word' id='word_1_578' title='bbox 3617 3462 3706 3516; x_wconf 81' lang='grc' dir='ltr'>ὅτε</span> 
     </span>
    </p>
   </div>
   <div class='ocr_carea' id='block_1_84' title="bbox 2138 3551 3708 3628">
    <p class='ocr_par' dir='ltr' id='par_1_84' title="bbox 2138 3551 3708 3628">
     <span class='ocr_line' id='line_1_84' title="bbox 2138 3551 3708 3628; baseline -0.002 -20"><span class='ocrx_word' id='word_1_579' title='bbox 2138 3555 2250 3625; x_wconf 76' lang='grc' dir='ltr'><strong>ζωῇ</strong></span> <span class='ocrx_word' id='word_1_580' title='bbox 2282 3555 2374 3608; x_wconf 77' lang='grc' dir='ltr'>καὶ</span> <span class='ocrx_word' id='word_1_581' title='bbox 2404 3554 2617 3626; x_wconf 86' lang='grc' dir='ltr'>θανάτῳ</span> <span class='ocrx_word' id='word_1_582' title='bbox 2645 3557 2679 3626; x_wconf 87' lang='grc' dir='ltr'><strong>ἡ</strong></span> <span class='ocrx_word' id='word_1_583' title='bbox 2713 3555 2937 3626; x_wconf 82' lang='grc' dir='ltr'>ἀλήθεια</span> <span class='ocrx_word' id='word_1_584' title='bbox 2963 3556 3280 3628; x_wconf 85' lang='grc' dir='ltr'>διεκρίνετο,</span> <span class='ocrx_word' id='word_1_585' title='bbox 3307 3555 3403 3610; x_wconf 73' lang='grc' dir='ltr'>καὶ</span> <span class='ocrx_word' id='word_1_586' title='bbox 3439 3551 3708 3618; x_wconf 81' lang='grc' dir='ltr'>ἀπόδειξις</span> 
     </span>
    </p>
   </div>
   <div class='ocr_carea' id='block_1_85' title="bbox 2140 3643 3708 3717">
    <p class='ocr_par' dir='ltr' id='par_1_85' title="bbox 2140 3643 3708 3717">
     <span class='ocr_line' id='line_1_85' title="bbox 2140 3643 3708 3717; baseline 0.007 -19"><span class='ocrx_word' id='word_1_587' title='bbox 2140 3646 2347 3713; x_wconf 83' lang='grc' dir='ltr'>ἐγίνετο</span> <span class='ocrx_word' id='word_1_588' title='bbox 2378 3647 2477 3716; x_wconf 90' lang='grc' dir='ltr'><strong>τῆς</strong></span> <span class='ocrx_word' id='word_1_589' title='bbox 2505 3645 2762 3716; x_wconf 83' lang='grc' dir='ltr'>ἀληθείας</span> <span class='ocrx_word' id='word_1_590' title='bbox 2789 3647 2818 3700; x_wconf 85' lang='lat'><strong>6</strong></span> <span class='ocrx_word' id='word_1_591' title='bbox 2850 3647 3116 3712; x_wconf 78' lang='grc' dir='ltr'>θάνατοςς</span> <span class='ocrx_word' id='word_1_592' title='bbox 3175 3648 3234 3700; x_wconf 88' lang='grc' dir='ltr'>Ὁ</span> <span class='ocrx_word' id='word_1_593' title='bbox 3271 3646 3379 3717; x_wconf 84' lang='grc' dir='ltr'>γὰρ</span> <span class='ocrx_word' id='word_1_594' title='bbox 3405 3643 3578 3716; x_wconf 82' lang='grc' dir='ltr'>κήρυξ</span> <span class='ocrx_word' id='word_1_595' title='bbox 3609 3644 3708 3714; x_wconf 84' lang='grc' dir='ltr'><strong>τῆς</strong></span> 
     </span>
    </p>
   </div>
   <div class='ocr_carea' id='block_1_86' title="bbox 2139 3737 3710 3810">
    <p class='ocr_par' dir='ltr' id='par_1_86' title="bbox 2139 3737 3710 3810">
     <span class='ocr_line' id='line_1_86' title="bbox 2139 3737 3710 3810; baseline -0.001 -20"><span class='ocrx_word' id='word_1_596' title='bbox 2139 3737 2524 3810; x_wconf 89' lang='grc' dir='ltr'>κεκρυμμένης</span> <span class='ocrx_word' id='word_1_597' title='bbox 2560 3738 2792 3802; x_wconf 84' lang='grc' dir='ltr'>πίστεως</span> <span class='ocrx_word' id='word_1_598' title='bbox 2833 3738 2927 3792; x_wconf 77' lang='grc' dir='ltr'>καὶ</span> <span class='ocrx_word' id='word_1_599' title='bbox 2961 3738 3328 3808; x_wconf 84' lang='grc' dir='ltr'>ἀγνοουμένης</span> <span class='ocrx_word' id='word_1_600' title='bbox 3365 3737 3529 3806; x_wconf 82' lang='grc' dir='ltr'>ζωῆς,</span> <span class='ocrx_word' id='word_1_601' title='bbox 3565 3737 3710 3808; x_wconf 77' lang='grc' dir='ltr'>ἔργῳ</span> 
     </span>
    </p>
   </div>
   <div class='ocr_carea' id='block_1_87' title="bbox 2138 3826 3709 3899">
    <p class='ocr_par' dir='ltr' id='par_1_87' title="bbox 2138 3826 3709 3899">
     <span class='ocr_line' id='line_1_87' title="bbox 2138 3826 3709 3899; baseline -0.001 -18"><span class='ocrx_word' id='word_1_602' title='bbox 2138 3827 2422 3897; x_wconf 80' lang='grc' dir='ltr'>διήγγελλε</span> <span class='ocrx_word' id='word_1_603' title='bbox 2449 3829 2560 3891; x_wconf 90' lang='grc' dir='ltr'>τοῖς</span> <span class='ocrx_word' id='word_1_604' title='bbox 2585 3827 2891 3898; x_wconf 84' lang='grc' dir='ltr'>ἀνθρώποις</span> <span class='ocrx_word' id='word_1_605' title='bbox 2913 3829 2976 3882; x_wconf 81' lang='grc' dir='ltr'>τὸ</span> <span class='ocrx_word' id='word_1_606' title='bbox 3003 3830 3266 3899; x_wconf 85' lang='grc' dir='ltr'>κήρυγμα</span> <span class='ocrx_word' id='word_1_607' title='bbox 3288 3845 3302 3858; x_wconf 77' lang='grc' dir='ltr'><strong>ο</strong></span> <span class='ocrx_word' id='word_1_608' title='bbox 3342 3827 3404 3880; x_wconf 83' lang='grc' dir='ltr'>τὸ</span> <span class='ocrx_word' id='word_1_609' title='bbox 3433 3827 3540 3898; x_wconf 83' lang='grc' dir='ltr'>γὰρ</span> <span class='ocrx_word' id='word_1_610' title='bbox 3569 3826 3709 3880; x_wconf 82' lang='grc' dir='ltr'>ἐτοί-</span> 
     </span>
    </p>
   </div>
   <div class='ocr_carea' id='block_1_88' title="bbox 2143 3916 3711 3991">
    <p class='ocr_par' dir='ltr' id='par_1_88' title="bbox 2143 3916 3711 3991">
     <span class='ocr_line' id='line_1_88' title="bbox 2143 3916 3711 3991; baseline -0.001 -19"><span class='ocrx_word' id='word_1_611' title='bbox 2143 3936 2259 3990; x_wconf 90' lang='grc' dir='ltr'><strong>μως</strong></span> <span class='ocrx_word' id='word_1_612' title='bbox 2281 3918 2469 3972; x_wconf 81' lang='grc' dir='ltr'>τοῦτον</span> <span class='ocrx_word' id='word_1_613' title='bbox 2497 3919 2810 3974; x_wconf 83' lang='grc' dir='ltr'>καταλιπεῖν</span> <span class='ocrx_word' id='word_1_614' title='bbox 2830 3922 2921 3973; x_wconf 85' lang='grc' dir='ltr'>τὸν</span> <span class='ocrx_word' id='word_1_615' title='bbox 2948 3920 3084 3991; x_wconf 85' lang='grc' dir='ltr'>βίον,</span> <span class='ocrx_word' id='word_1_616' title='bbox 3111 3919 3383 3986; x_wconf 81' lang='grc' dir='ltr'>ἀπόδειξις</span> <span class='ocrx_word' id='word_1_617' title='bbox 3407 3921 3520 3982; x_wconf 88' lang='grc' dir='ltr'>τοῖς</span> <span class='ocrx_word' id='word_1_618' title='bbox 3537 3916 3711 3990; x_wconf 79' lang='grc' dir='ltr'>ὀρθῶς</span> 
     </span>
    </p>
   </div>
   <div class='ocr_carea' id='block_1_89' title="bbox 2141 4006 3712 4082">
    <p class='ocr_par' dir='ltr' id='par_1_89' title="bbox 2141 4006 3712 4082">
     <span class='ocr_line' id='line_1_89' title="bbox 2141 4006 3712 4082; baseline 0 -20"><span class='ocrx_word' id='word_1_619' title='bbox 2141 4011 2414 4080; x_wconf 91' lang='grc' dir='ltr'>κρίνουσιν</span> <span class='ocrx_word' id='word_1_620' title='bbox 2457 4006 2546 4080; x_wconf 80' lang='grc' dir='ltr'>ἦν,</span> <span class='ocrx_word' id='word_1_621' title='bbox 2579 4009 2673 4063; x_wconf 82' lang='grc' dir='ltr'>τοῦ</span> <span class='ocrx_word' id='word_1_622' title='bbox 2704 4010 2800 4080; x_wconf 80' lang='grc' dir='ltr'>τὴν</span> <span class='ocrx_word' id='word_1_623' title='bbox 2842 4012 3240 4082; x_wconf 83' lang='grc' dir='ltr'>προτιμοτέραν</span> <span class='ocrx_word' id='word_1_624' title='bbox 3277 4010 3423 4081; x_wconf 78' lang='grc' dir='ltr'>ζωὴν</span> <span class='ocrx_word' id='word_1_625' title='bbox 3468 4010 3588 4062; x_wconf 78' lang='grc' dir='ltr'>ἀντὶ</span> <span class='ocrx_word' id='word_1_626' title='bbox 3613 4009 3712 4078; x_wconf 74' lang='grc' dir='ltr'><strong>τῆς</strong></span> 
     </span>
    </p>
   </div>
   <div class='ocr_carea' id='block_1_90' title="bbox 2141 4101 3712 4174">
    <p class='ocr_par' dir='ltr' id='par_1_90' title="bbox 2141 4101 3712 4174">
     <span class='ocr_line' id='line_1_90' title="bbox 2141 4101 3712 4174; baseline -0.003 -18"><span class='ocrx_word' id='word_1_627' title='bbox 2141 4103 2610 4174; x_wconf 67' lang='grc' dir='ltr'>καταλειπομένης</span> <span class='ocrx_word' id='word_1_628' title='bbox 2639 4101 2990 4170; x_wconf 79' lang='grc' dir='ltr'>ἀλλάξασθαι.</span> <span class='ocrx_word' id='word_1_629' title='bbox 3033 4103 3192 4156; x_wconf 87' lang='grc' dir='ltr'>Ἀλλά</span> <span class='ocrx_word' id='word_1_630' title='bbox 3221 4101 3382 4155; x_wconf 86' lang='grc' dir='ltr'>καλὸν</span> <span class='ocrx_word' id='word_1_631' title='bbox 3414 4101 3482 4154; x_wconf 85' lang='grc' dir='ltr'>ἂν</span> <span class='ocrx_word' id='word_1_632' title='bbox 3506 4101 3591 4170; x_wconf 76' lang='grc' dir='ltr'>εἴη</span> <span class='ocrx_word' id='word_1_633' title='bbox 3617 4117 3712 4153; x_wconf 81' lang='grc' dir='ltr'>κα-</span> 
     </span>
    </p>
   </div>
   <div class='ocr_carea' id='block_1_91' title="bbox 2142 4190 3712 4266">
    <p class='ocr_par' dir='ltr' id='par_1_91' title="bbox 2142 4190 3712 4266">
     <span class='ocr_line' id='line_1_91' title="bbox 2142 4190 3712 4266; baseline -0.003 -20"><span class='ocrx_word' id='word_1_634' title='bbox 2142 4193 2318 4264; x_wconf 87' lang='grc' dir='ltr'>θάπερ</span> <span class='ocrx_word' id='word_1_635' title='bbox 2358 4194 2448 4246; x_wconf 72' lang='grc' dir='ltr'>ἐπὶ</span> <span class='ocrx_word' id='word_1_636' title='bbox 2480 4194 2706 4256; x_wconf 84' lang='grc' dir='ltr'>πίνακος</span> <span class='ocrx_word' id='word_1_637' title='bbox 2731 4193 2973 4266; x_wconf 74' lang='grc' dir='ltr'>ἀκριϐῶς</span> <span class='ocrx_word' id='word_1_638' title='bbox 2998 4192 3074 4264; x_wconf 83' lang='grc' dir='ltr'><strong>τῷ</strong></span> <span class='ocrx_word' id='word_1_639' title='bbox 3103 4193 3245 4262; x_wconf 87' lang='grc' dir='ltr'>λόγῳ</span> <span class='ocrx_word' id='word_1_640' title='bbox 3270 4190 3712 4263; x_wconf 73' lang='grc' dir='ltr'>διαζωγραφῆσαι</span> 
     </span>
    </p>
   </div>
   <div class='ocr_carea' id='block_1_92' title="bbox 2139 4279 3714 4353">
    <p class='ocr_par' dir='ltr' id='par_1_92' title="bbox 2139 4279 3714 4353">
     <span class='ocr_line' id='line_1_92' title="bbox 2139 4279 3714 4353; baseline -0.001 -19"><span class='ocrx_word' id='word_1_641' title='bbox 2139 4282 2239 4335; x_wconf 65' lang='grc' dir='ltr'><strong>τὴν</strong></span> <span class='ocrx_word' id='word_1_642' title='bbox 2272 4281 2517 4352; x_wconf 77' lang='grc' dir='ltr'>ἄθλησιν,</span> <span class='ocrx_word' id='word_1_643' title='bbox 2564 4282 2640 4346; x_wconf 84' lang='grc' dir='ltr'>ὡς</span> <span class='ocrx_word' id='word_1_644' title='bbox 2673 4283 2739 4336; x_wconf 83' lang='grc' dir='ltr'>ἂν</span> <span class='ocrx_word' id='word_1_645' title='bbox 2773 4282 2893 4336; x_wconf 85' lang='grc' dir='ltr'>καθ’</span> <span class='ocrx_word' id='word_1_646' title='bbox 2923 4281 3038 4336; x_wconf 83' lang='grc' dir='ltr'>ὁδὸν</span> <span class='ocrx_word' id='word_1_647' title='bbox 3066 4284 3197 4353; x_wconf 79' lang='grc' dir='ltr'>ἡμῖν</span> <span class='ocrx_word' id='word_1_648' title='bbox 3226 4283 3315 4336; x_wconf 89' lang='grc' dir='ltr'><strong>διά</strong></span> <span class='ocrx_word' id='word_1_649' title='bbox 3356 4281 3458 4351; x_wconf 86' lang='grc' dir='ltr'><strong>τῆς</strong></span> <span class='ocrx_word' id='word_1_650' title='bbox 3485 4279 3594 4335; x_wconf 90' lang='grc' dir='ltr'><strong>τῶν</strong></span> <span class='ocrx_word' id='word_1_651' title='bbox 3621 4295 3714 4348; x_wconf 86' lang='grc' dir='ltr'>γε-</span> 
     </span>
    </p>
   </div>
   <div class='ocr_carea' id='block_1_93' title="bbox 461 4362 2029 4446">
    <p class='ocr_par' dir='ltr' id='par_1_93' title="bbox 461 4372 2029 4446">
     <span class='ocr_line' id='line_1_93' title="bbox 461 4372 2029 4446; baseline 0.005 -22"><span class='ocrx_word' id='word_1_652' title='bbox 461 4372 771 4426; x_wconf 90' lang='lat' dir='ltr'><strong>raculorum</strong></span> <span class='ocrx_word' id='word_1_653' title='bbox 797 4373 938 4428; x_wconf 92' lang='lat' dir='ltr'><strong>ratio</strong></span> <span class='ocrx_word' id='word_1_654' title='bbox 971 4373 1402 4430; x_wconf 87' lang='lat' dir='ltr'><strong>demonstretur.</strong></span> <span class='ocrx_word' id='word_1_655' title='bbox 1432 4374 1615 4446; x_wconf 85' lang='lat' dir='ltr'><strong>Nuper</strong></span> <span class='ocrx_word' id='word_1_656' title='bbox 1647 4377 1793 4432; x_wconf 88' lang='lat' dir='ltr'><strong>enim</strong></span> <span class='ocrx_word' id='word_1_657' title='bbox 1825 4378 2029 4433; x_wconf 89' lang='lat' dir='ltr'><strong>violen-</strong></span> 
     </span>
    </p>
   </div>
   <div class='ocr_carea' id='block_1_94' title="bbox 2130 4362 3715 4446">
    <p class='ocr_par' dir='ltr' id='par_1_94' title="bbox 2140 4369 3715 4443">
     <span class='ocr_line' id='line_1_94' title="bbox 2140 4369 3715 4443; baseline -0.002 -18"><span class='ocrx_word' id='word_1_658' title='bbox 2140 4374 2374 4428; x_wconf 68' lang='grc' dir='ltr'>γηνότων</span> <span class='ocrx_word' id='word_1_659' title='bbox 2418 4373 2734 4437; x_wconf 82' lang='grc' dir='ltr'>ἀκολουθίας</span> <span class='ocrx_word' id='word_1_660' title='bbox 2790 4374 2824 4443; x_wconf 89' lang='grc' dir='ltr'><strong>ή</strong></span> <span class='ocrx_word' id='word_1_661' title='bbox 2873 4371 2982 4426; x_wconf 86' lang='grc' dir='ltr'><strong>τῶν</strong></span> <span class='ocrx_word' id='word_1_662' title='bbox 3007 4372 3299 4443; x_wconf 85' lang='grc' dir='ltr'>θαυμάτων</span> <span class='ocrx_word' id='word_1_663' title='bbox 3329 4371 3482 4437; x_wconf 82' lang='grc' dir='ltr'>τάξις</span> <span class='ocrx_word' id='word_1_664' title='bbox 3513 4369 3715 4424; x_wconf 86' lang='grc' dir='ltr'>ἐπιδει-</span> 
     </span>
    </p>
   </div>
   <div class='ocr_carea' id='block_1_95' title="bbox 456 4463 2041 4539">
    <p class='ocr_par' dir='ltr' id='par_1_95' title="bbox 456 4463 2041 4539">
     <span class='ocr_line' id='line_1_95' title="bbox 456 4463 2041 4539; baseline 0.007 -24"><span class='ocrx_word' id='word_1_665' title='bbox 456 4470 555 4517; x_wconf 80' lang='lat' dir='ltr'><strong>tus</strong></span> <span class='ocrx_word' id='word_1_666' title='bbox 576 4463 665 4518; x_wconf 91' lang='lat' dir='ltr'><strong>ille</strong></span> <span class='ocrx_word' id='word_1_667' title='bbox 683 4478 747 4516; x_wconf 90' lang='lat' dir='ltr'><strong>ac</strong></span> <span class='ocrx_word' id='word_1_668' title='bbox 759 4464 1050 4520; x_wconf 87' lang='lat' dir='ltr'><strong>vehemens</strong></span> <span class='ocrx_word' id='word_1_669' title='bbox 1066 4463 1226 4521; x_wconf 85' lang='lat' dir='ltr'><strong>ﬂatus</strong></span> <span class='ocrx_word' id='word_1_670' title='bbox 1243 4480 1480 4536; x_wconf 90' lang='lat' dir='ltr'><strong>superne</strong></span> <span class='ocrx_word' id='word_1_671' title='bbox 1497 4466 1739 4531; x_wconf 89' lang='lat' dir='ltr'><strong>delatus,</strong></span> <span class='ocrx_word' id='word_1_672' title='bbox 1756 4467 2041 4539; x_wconf 89' lang='lat' dir='ltr'><strong>dissipatis</strong></span> 
     </span>
    </p>
   </div>
   <div class='ocr_carea' id='block_1_96' title="bbox 467 4553 2040 4622">
    <p class='ocr_par' dir='ltr' id='par_1_96' title="bbox 467 4553 2040 4622">
     <span class='ocr_line' id='line_1_96' title="bbox 467 4553 2040 4622; baseline 0.008 -18"><span class='ocrx_word' id='word_1_673' title='bbox 467 4561 631 4621; x_wconf 90' lang='lat' dir='ltr'><strong>atque</strong></span> <span class='ocrx_word' id='word_1_674' title='bbox 653 4553 902 4622; x_wconf 87' lang='lat' dir='ltr'><strong>disjectis</strong></span> <span class='ocrx_word' id='word_1_675' title='bbox 939 4556 1194 4612; x_wconf 88' lang='lat' dir='ltr'><strong>omnibus</strong></span> <span class='ocrx_word' id='word_1_676' title='bbox 1227 4558 1392 4613; x_wconf 86' lang='lat' dir='ltr'><strong>aeriis</strong></span> <span class='ocrx_word' id='word_1_677' title='bbox 1434 4571 1498 4613; x_wconf 91' lang='lat' dir='ltr'><strong>ac</strong></span> <span class='ocrx_word' id='word_1_678' title='bbox 1529 4555 1818 4616; x_wconf 82' lang='lat' dir='ltr'><strong>fallacibus</strong></span> <span class='ocrx_word' id='word_1_679' title='bbox 1845 4561 2040 4616; x_wconf 64' lang='lat' dir='ltr'><strong>daemo-</strong></span> 
     </span>
    </p>
   </div>
   <div class='ocr_carea' id='block_1_97' title="bbox 468 4644 2037 4722">
    <p class='ocr_par' dir='ltr' id='par_1_97' title="bbox 468 4644 2037 4722">
     <span class='ocr_line' id='line_1_97' title="bbox 468 4644 2037 4722; baseline 0.004 -25"><span class='ocrx_word' id='word_1_680' title='bbox 468 4659 598 4697; x_wconf 91' lang='lat' dir='ltr'><strong>num</strong></span> <span class='ocrx_word' id='word_1_681' title='bbox 643 4644 840 4714; x_wconf 85' lang='lat' dir='ltr'><strong>copiis,</strong></span> <span class='ocrx_word' id='word_1_682' title='bbox 896 4645 1232 4702; x_wconf 88' lang='lat' dir='ltr'><strong>domicilium</strong></span> <span class='ocrx_word' id='word_1_683' title='bbox 1277 4649 1654 4718; x_wconf 89' lang='lat' dir='ltr'><strong>apostolorum</strong></span> <span class='ocrx_word' id='word_1_684' title='bbox 1697 4651 2037 4722; x_wconf 86' lang='lat' dir='ltr'><strong>repleverat;</strong></span> 
     </span>
    </p>
   </div>
   <div class='ocr_carea' id='block_1_98' title="bbox 458 4735 2040 4812">
    <p class='ocr_par' dir='ltr' id='par_1_98' title="bbox 458 4735 2040 4812">
     <span class='ocr_line' id='line_1_98' title="bbox 458 4735 2040 4812; baseline 0.004 -22"><span class='ocrx_word' id='word_1_685' title='bbox 458 4744 520 4790; x_wconf 82' lang='lat' dir='ltr'><strong>et</strong></span> <span class='ocrx_word' id='word_1_686' title='bbox 549 4735 854 4805; x_wconf 86' lang='lat' dir='ltr'><strong>linguarum</strong></span> <span class='ocrx_word' id='word_1_687' title='bbox 887 4736 942 4791; x_wconf 95' lang='lat' dir='ltr'><strong>in</strong></span> <span class='ocrx_word' id='word_1_688' title='bbox 967 4737 1189 4792; x_wconf 90' lang='lat' dir='ltr'><strong>modum</strong></span> <span class='ocrx_word' id='word_1_689' title='bbox 1221 4741 1503 4810; x_wconf 83' lang='lat' dir='ltr'><strong>ignearum</strong></span> <span class='ocrx_word' id='word_1_690' title='bbox 1544 4741 1756 4797; x_wconf 88' lang='lat' dir='ltr'><strong>divisus</strong></span> <span class='ocrx_word' id='word_1_691' title='bbox 1788 4758 1885 4812; x_wconf 87' lang='lat' dir='ltr'><strong>pro</strong></span> <span class='ocrx_word' id='word_1_692' title='bbox 1939 4759 2040 4797; x_wconf 85' lang='lat' dir='ltr'><strong>nu-</strong></span> 
     </span>
    </p>
   </div>
   <div class='ocr_carea' id='block_1_99' title="bbox 466 4826 2042 4903">
    <p class='ocr_par' dir='ltr' id='par_1_99' title="bbox 466 4826 2042 4903">
     <span class='ocr_line' id='line_1_99' title="bbox 466 4826 2042 4903; baseline 0.006 -23"><span class='ocrx_word' id='word_1_693' title='bbox 466 4841 618 4881; x_wconf 87' lang='lat' dir='ltr'><strong>mero</strong></span> <span class='ocrx_word' id='word_1_694' title='bbox 647 4826 848 4882; x_wconf 90' lang='lat' dir='ltr'><strong>donum</strong></span> <span class='ocrx_word' id='word_1_695' title='bbox 900 4829 1284 4899; x_wconf 87' lang='lat' dir='ltr'><strong>accipientium</strong></span> <span class='ocrx_word' id='word_1_696' title='bbox 1327 4828 1568 4900; x_wconf 91' lang='lat' dir='ltr'><strong>Spiritus</strong></span> <span class='ocrx_word' id='word_1_697' title='bbox 1613 4834 1667 4885; x_wconf 89' lang='lat' dir='ltr'><strong>in</strong></span> <span class='ocrx_word' id='word_1_698' title='bbox 1711 4848 2042 4903; x_wconf 90' lang='lat' dir='ltr'><strong>unoquoque</strong></span> 
     </span>
    </p>
   </div>
   <div class='ocr_carea' id='block_1_100' title="bbox 468 4916 2039 4991">
    <p class='ocr_par' dir='ltr' id='par_1_100' title="bbox 468 4916 2039 4991">
     <span class='ocr_line' id='line_1_100' title="bbox 468 4916 2039 4991; baseline 0.006 -21"><span class='ocrx_word' id='word_1_699' title='bbox 468 4916 762 4973; x_wconf 86' lang='lat' dir='ltr'><strong>resederat.</strong></span> <span class='ocrx_word' id='word_1_700' title='bbox 823 4919 902 4973; x_wconf 86' lang='lat' dir='ltr'><strong>Ac</strong></span> <span class='ocrx_word' id='word_1_701' title='bbox 939 4919 1051 4988; x_wconf 89' lang='lat' dir='ltr'><strong>jam</strong></span> <span class='ocrx_word' id='word_1_702' title='bbox 1117 4923 1185 4976; x_wconf 87' lang='lat' dir='ltr'><strong>ad</strong></span> <span class='ocrx_word' id='word_1_703' title='bbox 1251 4921 1593 4991; x_wconf 79' lang='lat' dir='ltr'><strong>inepinatum</strong></span> <span class='ocrx_word' id='word_1_704' title='bbox 1643 4932 1699 4979; x_wconf 90' lang='lat' dir='ltr'><strong>et</strong></span> <span class='ocrx_word' id='word_1_705' title='bbox 1732 4925 2039 4979; x_wconf 89' lang='lat' dir='ltr'><strong>inauditum</strong></span> 
     </span>
    </p>
   </div>
   <div class='ocr_carea' id='block_1_101' title="bbox 467 5009 2045 5087">
    <p class='ocr_par' dir='ltr' id='par_1_101' title="bbox 467 5009 2045 5087">
     <span class='ocr_line' id='line_1_101' title="bbox 467 5009 2045 5087; baseline 0.006 -25"><span class='ocrx_word' id='word_1_706' title='bbox 467 5010 620 5064; x_wconf 83' lang='lat' dir='ltr'><strong>vocis</strong></span> <span class='ocrx_word' id='word_1_707' title='bbox 669 5025 734 5065; x_wconf 87' lang='lat' dir='ltr'><strong>ac</strong></span> <span class='ocrx_word' id='word_1_708' title='bbox 773 5009 972 5082; x_wconf 76' lang='lat' dir='ltr'><strong>lingua:</strong></span> <span class='ocrx_word' id='word_1_709' title='bbox 1005 5011 1328 5067; x_wconf 88' lang='lat' dir='ltr'><strong>miraculum</strong></span> <span class='ocrx_word' id='word_1_710' title='bbox 1358 5029 1455 5070; x_wconf 90' lang='lat' dir='ltr'><strong>eos</strong></span> <span class='ocrx_word' id='word_1_711' title='bbox 1489 5015 1580 5084; x_wconf 85' lang='lat' dir='ltr'><strong>qui</strong></span> <span class='ocrx_word' id='word_1_712' title='bbox 1606 5031 1671 5070; x_wconf 81' lang='lat' dir='ltr'><strong>ex</strong></span> <span class='ocrx_word' id='word_1_713' title='bbox 1704 5015 1852 5070; x_wconf 90' lang='lat' dir='ltr'><strong>omni</strong></span> <span class='ocrx_word' id='word_1_714' title='bbox 1882 5025 2045 5087; x_wconf 85' lang='lat' dir='ltr'><strong>gente</strong></span> 
     </span>
    </p>
   </div>
   <div class='ocr_carea' id='block_1_102' title="bbox 467 5099 2045 5174">
    <p class='ocr_par' dir='ltr' id='par_1_102' title="bbox 467 5099 2045 5174">
     <span class='ocr_line' id='line_1_102' title="bbox 467 5099 2045 5174; baseline 0.006 -22"><span class='ocrx_word' id='word_1_715' title='bbox 467 5099 736 5168; x_wconf 86' lang='lat' dir='ltr'><strong>profecti,</strong></span> <span class='ocrx_word' id='word_1_716' title='bbox 790 5099 1152 5174; x_wconf 83' lang='lat' dir='ltr'><strong>Jerosolymis</strong></span> <span class='ocrx_word' id='word_1_717' title='bbox 1212 5105 1612 5170; x_wconf 86' lang='lat' dir='ltr'><strong>versabantur,</strong></span> <span class='ocrx_word' id='word_1_718' title='bbox 1662 5107 2045 5162; x_wconf 89' lang='lat' dir='ltr'><strong>consternatio</strong></span> 
     </span>
    </p>
   </div>
   <div class='ocr_carea' id='block_1_103' title="bbox 467 5190 2043 5265">
    <p class='ocr_par' dir='ltr' id='par_1_103' title="bbox 467 5190 2043 5265">
     <span class='ocr_line' id='line_1_103' title="bbox 467 5190 2043 5265; baseline 0.006 -25"><span class='ocrx_word' id='word_1_719' title='bbox 467 5190 832 5261; x_wconf 68' lang='lat' dir='ltr'><strong>confusioque</strong></span> <span class='ocrx_word' id='word_1_720' title='bbox 889 5192 1191 5258; x_wconf 87' lang='lat' dir='ltr'><strong>invaserat,</strong></span> <span class='ocrx_word' id='word_1_721' title='bbox 1240 5194 1499 5249; x_wconf 91' lang='lat' dir='ltr'><strong>omnibus</strong></span> <span class='ocrx_word' id='word_1_722' title='bbox 1534 5198 1628 5265; x_wconf 91' lang='lat' dir='ltr'><strong>qui</strong></span> <span class='ocrx_word' id='word_1_723' title='bbox 1665 5197 1720 5250; x_wconf 89' lang='lat' dir='ltr'><strong>in</strong></span> <span class='ocrx_word' id='word_1_724' title='bbox 1767 5199 1948 5252; x_wconf 84' lang='lat' dir='ltr'><strong>varias</strong></span> <span class='ocrx_word' id='word_1_725' title='bbox 1978 5213 2043 5250; x_wconf 91' lang='lat' dir='ltr'><strong>ac</strong></span> 
     </span>
    </p>
   </div>
   <div class='ocr_carea' id='block_1_104' title="bbox 467 5280 2046 5358">
    <p class='ocr_par' dir='ltr' id='par_1_104' title="bbox 467 5280 2046 5358">
     <span class='ocr_line' id='line_1_104' title="bbox 467 5280 2046 5358; baseline 0.004 -24"><span class='ocrx_word' id='word_1_726' title='bbox 467 5280 1051 5354; x_wconf 76' lang='lat' dir='ltr'><strong>diversaslinguarum</strong></span> <span class='ocrx_word' id='word_1_727' title='bbox 1090 5285 1294 5342; x_wconf 89' lang='lat' dir='ltr'><strong>formas</strong></span> <span class='ocrx_word' id='word_1_728' title='bbox 1335 5288 1498 5345; x_wconf 87' lang='lat' dir='ltr'><strong>divisi</strong></span> <span class='ocrx_word' id='word_1_729' title='bbox 1537 5289 1778 5352; x_wconf 88' lang='lat' dir='ltr'><strong>fuerant,</strong></span> <span class='ocrx_word' id='word_1_730' title='bbox 1821 5296 2046 5358; x_wconf 87' lang='lat' dir='ltr'><strong>repente</strong></span> 
     </span>
    </p>
   </div>
   <div class='ocr_carea' id='block_1_105' title="bbox 467 5375 2046 5451">
    <p class='ocr_par' dir='ltr' id='par_1_105' title="bbox 467 5375 2046 5451">
     <span class='ocr_line' id='line_1_105' title="bbox 467 5375 2046 5451; baseline 0.004 -24"><span class='ocrx_word' id='word_1_731' title='bbox 467 5388 597 5427; x_wconf 86' lang='lat' dir='ltr'><strong>cum</strong></span> <span class='ocrx_word' id='word_1_732' title='bbox 654 5375 941 5446; x_wconf 90' lang='lat' dir='ltr'><strong>discipulis</strong></span> <span class='ocrx_word' id='word_1_733' title='bbox 985 5378 1232 5447; x_wconf 83' lang='lat' dir='ltr'><strong>ejusdem</strong></span> <span class='ocrx_word' id='word_1_734' title='bbox 1285 5379 1484 5451; x_wconf 67' lang='lat' dir='ltr'><strong>linguae</strong></span> <span class='ocrx_word' id='word_1_735' title='bbox 1518 5379 1712 5447; x_wconf 85' lang='lat' dir='ltr'><strong>factis;</strong></span> <span class='ocrx_word' id='word_1_736' title='bbox 1746 5395 1872 5435; x_wconf 91' lang='lat' dir='ltr'><strong>cum</strong></span> <span class='ocrx_word' id='word_1_737' title='bbox 1899 5380 2046 5434; x_wconf 86' lang='lat' dir='ltr'><strong>nulla</strong></span> 
     </span>
    </p>
   </div>
   <div class='ocr_carea' id='block_1_106' title="bbox 473 5466 2045 5542">
    <p class='ocr_par' dir='ltr' id='par_1_106' title="bbox 473 5466 2045 5542">
     <span class='ocr_line' id='line_1_106' title="bbox 473 5466 2045 5542; baseline 0.003 -23"><span class='ocrx_word' id='word_1_738' title='bbox 473 5466 813 5535; x_wconf 67' lang='lat' dir='ltr'><strong>prmcedente</strong></span> <span class='ocrx_word' id='word_1_739' title='bbox 847 5467 1142 5540; x_wconf 88' lang='lat' dir='ltr'><strong>disciplina</strong></span> <span class='ocrx_word' id='word_1_740' title='bbox 1177 5479 1341 5542; x_wconf 88' lang='lat' dir='ltr'><strong>atque</strong></span> <span class='ocrx_word' id='word_1_741' title='bbox 1397 5471 1808 5537; x_wconf 75' lang='lat' dir='ltr'><strong>exercitatione,</strong></span> <span class='ocrx_word' id='word_1_742' title='bbox 1853 5471 1948 5527; x_wconf 87' lang='lat' dir='ltr'><strong>scd</strong></span> <span class='ocrx_word' id='word_1_743' title='bbox 1977 5484 2045 5524; x_wconf 77' lang='lat' dir='ltr'><strong>ex</strong></span> 
     </span>
    </p>
   </div>
   <div class='ocr_carea' id='block_1_107' title="bbox 551 5641 966 5711">
    <p class='ocr_par' dir='ltr' id='par_1_107' title="bbox 551 5641 966 5711">
     <span class='ocr_line' id='line_1_107' title="bbox 551 5641 966 5711; baseline 0.01 -17"><span class='ocrx_word' id='word_1_744' title='bbox 551 5643 564 5672; x_wconf 89' lang='grc'>¹</span> <span class='ocrx_word' id='word_1_745' title='bbox 600 5641 617 5695; x_wconf 89' lang='grc' dir='ltr'><strong>Ι</strong></span> <span class='ocrx_word' id='word_1_746' title='bbox 657 5641 780 5700; x_wconf 86' lang='lat' dir='ltr'><strong>Cor.</strong></span> <span class='ocrx_word' id='word_1_747' title='bbox 810 5660 884 5711; x_wconf 82' lang='lat' dir='ltr'><strong>Iv,</strong></span> <span class='ocrx_word' id='word_1_748' title='bbox 913 5645 966 5700; x_wconf 88' lang='lat'><strong>9.</strong></span> 
     </span>
    </p>
   </div>
   <div class='ocr_carea' id='block_1_108' title="bbox 2144 4462 3716 4536">
    <p class='ocr_par' dir='ltr' id='par_1_108' title="bbox 2144 4462 3716 4536">
     <span class='ocr_line' id='line_1_108' title="bbox 2144 4462 3716 4536; baseline -0.003 -17"><span class='ocrx_word' id='word_1_749' title='bbox 2144 4464 2391 4536; x_wconf 83' lang='grc' dir='ltr'>κνύηται.</span> <span class='ocrx_word' id='word_1_750' title='bbox 2426 4465 2582 4535; x_wconf 82' lang='grc' dir='ltr'>’Λρτι</span> <span class='ocrx_word' id='word_1_751' title='bbox 2611 4464 2709 4535; x_wconf 80' lang='grc' dir='ltr'>μὲν</span> <span class='ocrx_word' id='word_1_752' title='bbox 2744 4462 2854 4535; x_wconf 80' lang='grc' dir='ltr'>γὰρ</span> <span class='ocrx_word' id='word_1_753' title='bbox 2878 4464 2911 4534; x_wconf 86' lang='grc' dir='ltr'>ἡ</span> <span class='ocrx_word' id='word_1_754' title='bbox 2944 4463 3149 4518; x_wconf 80' lang='grc' dir='ltr'>ἀνωθεν</span> <span class='ocrx_word' id='word_1_755' title='bbox 3180 4463 3328 4534; x_wconf 85' lang='grc' dir='ltr'>βιαία</span> <span class='ocrx_word' id='word_1_756' title='bbox 3351 4462 3509 4534; x_wconf 83' lang='grc' dir='ltr'>πνοὴ,</span> <span class='ocrx_word' id='word_1_757' title='bbox 3536 4463 3716 4516; x_wconf 79' lang='grc' dir='ltr'>πᾶσαν</span> 
     </span>
    </p>
   </div>
   <div class='ocr_carea' id='block_1_109' title="bbox 2141 4553 3716 4628">
    <p class='ocr_par' dir='ltr' id='par_1_109' title="bbox 2141 4553 3716 4628">
     <span class='ocr_line' id='line_1_109' title="bbox 2141 4553 3716 4628; baseline -0.003 -18"><span class='ocrx_word' id='word_1_758' title='bbox 2141 4557 2241 4628; x_wconf 84' lang='grc' dir='ltr'>τὴν</span> <span class='ocrx_word' id='word_1_759' title='bbox 2270 4556 2510 4628; x_wconf 79' lang='grc' dir='ltr'>ἐναέριον</span> <span class='ocrx_word' id='word_1_760' title='bbox 2538 4556 2632 4610; x_wconf 74' lang='grc' dir='ltr'>καὶ</span> <span class='ocrx_word' id='word_1_761' title='bbox 2674 4555 2956 4627; x_wconf 78' lang='grc' dir='ltr'>ἀπατηλήν</span> <span class='ocrx_word' id='word_1_762' title='bbox 3002 4554 3110 4608; x_wconf 88' lang='grc' dir='ltr'><strong>τῶν</strong></span> <span class='ocrx_word' id='word_1_763' title='bbox 3141 4555 3408 4624; x_wconf 85' lang='grc' dir='ltr'>δαιμόνων</span> <span class='ocrx_word' id='word_1_764' title='bbox 3435 4553 3716 4608; x_wconf 84' lang='grc' dir='ltr'>διασκεδά-</span> 
     </span>
    </p>
   </div>
   <div class='ocr_carea' id='block_1_110' title="bbox 2145 4639 3714 4718">
    <p class='ocr_par' dir='ltr' id='par_1_110' title="bbox 2145 4639 3714 4718">
     <span class='ocr_line' id='line_1_110' title="bbox 2145 4639 3714 4718; baseline -0.003 -17"><span class='ocrx_word' id='word_1_765' title='bbox 2145 4664 2284 4701; x_wconf 89' lang='grc' dir='ltr'>σασα</span> <span class='ocrx_word' id='word_1_766' title='bbox 2312 4647 2556 4718; x_wconf 88' lang='grc' dir='ltr'>δύναμιν,</span> <span class='ocrx_word' id='word_1_767' title='bbox 2589 4645 2870 4718; x_wconf 83' lang='grc' dir='ltr'>ἐπλήρωσε</span> <span class='ocrx_word' id='word_1_768' title='bbox 2911 4643 3018 4698; x_wconf 89' lang='grc' dir='ltr'><strong>τῶν</strong></span> <span class='ocrx_word' id='word_1_769' title='bbox 3063 4643 3373 4698; x_wconf 85' lang='grc' dir='ltr'>ἀποστόλων</span> <span class='ocrx_word' id='word_1_770' title='bbox 3411 4644 3500 4698; x_wconf 85' lang='grc' dir='ltr'>τὸν</span> <span class='ocrx_word' id='word_1_771' title='bbox 3528 4639 3674 4698; x_wconf 83' lang='grc' dir='ltr'>οἷκον</span> <span class='ocrx_word' id='word_1_772' title='bbox 3699 4661 3714 4676; x_wconf 79' lang='grc' dir='ltr'><strong>ο</strong></span> 
     </span>
    </p>
   </div>
   <div class='ocr_carea' id='block_1_111' title="bbox 2143 4735 3713 4809">
    <p class='ocr_par' dir='ltr' id='par_1_111' title="bbox 2143 4735 3713 4809">
     <span class='ocr_line' id='line_1_111' title="bbox 2143 4735 3713 4809; baseline -0.001 -17"><span class='ocrx_word' id='word_1_773' title='bbox 2143 4739 2237 4793; x_wconf 77' lang='grc' dir='ltr'>καὶ</span> <span class='ocrx_word' id='word_1_774' title='bbox 2267 4738 2565 4809; x_wconf 87' lang='grc' dir='ltr'>πυροειδῶς</span> <span class='ocrx_word' id='word_1_775' title='bbox 2596 4739 2676 4800; x_wconf 81' lang='grc' dir='ltr'><strong>είς</strong></span> <span class='ocrx_word' id='word_1_776' title='bbox 2704 4735 2954 4805; x_wconf 84' lang='grc' dir='ltr'>γλώσσας</span> <span class='ocrx_word' id='word_1_777' title='bbox 2997 4736 3344 4808; x_wconf 75' lang='grc' dir='ltr'>διαμερισθὲν</span> <span class='ocrx_word' id='word_1_778' title='bbox 3376 4736 3439 4790; x_wconf 83' lang='grc' dir='ltr'>τὸ</span> <span class='ocrx_word' id='word_1_779' title='bbox 3465 4736 3713 4807; x_wconf 79' lang='grc' dir='ltr'>Πνεῦμα,</span> 
     </span>
    </p>
   </div>
   <div class='ocr_carea' id='block_1_112' title="bbox 2145 4825 3717 4900">
    <p class='ocr_par' dir='ltr' id='par_1_112' title="bbox 2145 4825 3717 4900">
     <span class='ocr_line' id='line_1_112' title="bbox 2145 4825 3717 4900; baseline 0 -18"><span class='ocrx_word' id='word_1_780' title='bbox 2145 4828 2286 4884; x_wconf 89' lang='grc' dir='ltr'><strong>κατά</strong></span> <span class='ocrx_word' id='word_1_781' title='bbox 2315 4828 2408 4882; x_wconf 81' lang='grc' dir='ltr'>τὸν</span> <span class='ocrx_word' id='word_1_782' title='bbox 2449 4826 2678 4900; x_wconf 84' lang='grc' dir='ltr'>ἀριθμὸν</span> <span class='ocrx_word' id='word_1_783' title='bbox 2705 4825 2814 4878; x_wconf 89' lang='grc' dir='ltr'><strong>τῶν</strong></span> <span class='ocrx_word' id='word_1_784' title='bbox 2840 4825 3140 4894; x_wconf 86' lang='grc' dir='ltr'>δεχομένων</span> <span class='ocrx_word' id='word_1_785' title='bbox 3171 4826 3268 4898; x_wconf 82' lang='grc' dir='ltr'>τὴν</span> <span class='ocrx_word' id='word_1_786' title='bbox 3299 4826 3462 4898; x_wconf 84' lang='grc' dir='ltr'>χάριν</span> <span class='ocrx_word' id='word_1_787' title='bbox 3489 4827 3549 4879; x_wconf 87' lang='grc' dir='ltr'><strong>ἐν</strong></span> <span class='ocrx_word' id='word_1_788' title='bbox 3590 4826 3717 4882; x_wconf 83' lang='grc' dir='ltr'>ἐκα-</span> 
     </span>
    </p>
   </div>
   <div class='ocr_carea' id='block_1_113' title="bbox 2148 4915 3717 4992">
    <p class='ocr_par' dir='ltr' id='par_1_113' title="bbox 2148 4915 3717 4992">
     <span class='ocr_line' id='line_1_113' title="bbox 2148 4915 3717 4992; baseline -0.003 -18"><span class='ocrx_word' id='word_1_789' title='bbox 2148 4939 2257 4992; x_wconf 88' lang='grc' dir='ltr'><strong>στῳ</strong></span> <span class='ocrx_word' id='word_1_790' title='bbox 2306 4921 2533 4990; x_wconf 79' lang='grc' dir='ltr'>ἐγίνετο.</span> <span class='ocrx_word' id='word_1_791' title='bbox 2579 4918 2718 4987; x_wconf 84' lang='grc' dir='ltr'>Ἤδη</span> <span class='ocrx_word' id='word_1_792' title='bbox 2759 4917 2836 4983; x_wconf 86' lang='grc' dir='ltr'><strong>δέ,</strong></span> <span class='ocrx_word' id='word_1_793' title='bbox 2875 4917 3007 4988; x_wconf 83' lang='grc' dir='ltr'>πρὸς</span> <span class='ocrx_word' id='word_1_794' title='bbox 3035 4917 3096 4970; x_wconf 78' lang='grc' dir='ltr'>τὸ</span> <span class='ocrx_word' id='word_1_795' title='bbox 3125 4917 3424 4989; x_wconf 83' lang='grc' dir='ltr'>παράδοξον</span> <span class='ocrx_word' id='word_1_796' title='bbox 3449 4915 3544 4970; x_wconf 82' lang='grc' dir='ltr'><strong>τοῦ</strong></span> <span class='ocrx_word' id='word_1_797' title='bbox 3575 4916 3717 4971; x_wconf 89' lang='grc' dir='ltr'><strong>κατά</strong></span> 
     </span>
    </p>
   </div>
   <div class='ocr_carea' id='block_1_114' title="bbox 2145 5006 3717 5082">
    <p class='ocr_par' dir='ltr' id='par_1_114' title="bbox 2145 5006 3717 5082">
     <span class='ocr_line' id='line_1_114' title="bbox 2145 5006 3717 5082; baseline -0.003 -17"><span class='ocrx_word' id='word_1_798' title='bbox 2145 5012 2241 5082; x_wconf 76' lang='grc' dir='ltr'>τὴν</span> <span class='ocrx_word' id='word_1_799' title='bbox 2265 5010 2443 5080; x_wconf 76' lang='grc' dir='ltr'>φωνὴν</span> <span class='ocrx_word' id='word_1_800' title='bbox 2465 5009 2558 5064; x_wconf 74' lang='grc' dir='ltr'>καὶ</span> <span class='ocrx_word' id='word_1_801' title='bbox 2578 5009 2676 5079; x_wconf 81' lang='grc' dir='ltr'>τὴν</span> <span class='ocrx_word' id='word_1_802' title='bbox 2695 5007 2945 5077; x_wconf 90' lang='grc' dir='ltr'>γλῶσσαν</span> <span class='ocrx_word' id='word_1_803' title='bbox 2971 5006 3263 5077; x_wconf 80' lang='grc' dir='ltr'>θαύματος,</span> <span class='ocrx_word' id='word_1_804' title='bbox 3284 5008 3409 5071; x_wconf 81' lang='grc' dir='ltr'>τοὺς</span> <span class='ocrx_word' id='word_1_805' title='bbox 3435 5009 3499 5061; x_wconf 89' lang='grc' dir='ltr'><strong>ἐκ</strong></span> <span class='ocrx_word' id='word_1_806' title='bbox 3518 5007 3717 5071; x_wconf 79' lang='grc' dir='ltr'>παντὸς</span> 
     </span>
    </p>
   </div>
   <div class='ocr_carea' id='block_1_115' title="bbox 2147 5098 3716 5170">
    <p class='ocr_par' dir='ltr' id='par_1_115' title="bbox 2147 5098 3716 5170">
     <span class='ocr_line' id='line_1_115' title="bbox 2147 5098 3716 5170; baseline -0.003 -16"><span class='ocrx_word' id='word_1_807' title='bbox 2147 5101 2330 5165; x_wconf 82' lang='grc' dir='ltr'>ἔθνους</span> <span class='ocrx_word' id='word_1_808' title='bbox 2383 5099 2776 5170; x_wconf 84' lang='grc' dir='ltr'>Ἰεροσολύμοις</span> <span class='ocrx_word' id='word_1_809' title='bbox 2851 5098 3270 5169; x_wconf 79' lang='grc' dir='ltr'>ἐπιδημοῦντας,</span> <span class='ocrx_word' id='word_1_810' title='bbox 3329 5099 3589 5169; x_wconf 78' lang='grc' dir='ltr'>ἔκπληξίς</span> <span class='ocrx_word' id='word_1_811' title='bbox 3655 5115 3716 5151; x_wconf 89' lang='grc' dir='ltr'><strong>τε</strong></span> 
     </span>
    </p>
   </div>
   <div class='ocr_carea' id='block_1_116' title="bbox 2149 5189 3717 5262">
    <p class='ocr_par' dir='ltr' id='par_1_116' title="bbox 2149 5189 3717 5262">
     <span class='ocr_line' id='line_1_116' title="bbox 2149 5189 3717 5262; baseline -0.002 -17"><span class='ocrx_word' id='word_1_812' title='bbox 2149 5193 2460 5262; x_wconf 77' lang='grc' dir='ltr'>κατειλήφει</span> <span class='ocrx_word' id='word_1_813' title='bbox 2493 5192 2586 5244; x_wconf 58' lang='grc' dir='ltr'><strong>καὶ⁵</strong></span> <span class='ocrx_word' id='word_1_814' title='bbox 2605 5191 2887 5260; x_wconf 77' lang='grc' dir='ltr'>σύγχυσιςο</span> <span class='ocrx_word' id='word_1_815' title='bbox 2907 5189 3012 5243; x_wconf 90' lang='grc' dir='ltr'><strong>τῶν</strong></span> <span class='ocrx_word' id='word_1_816' title='bbox 3028 5191 3108 5254; x_wconf 82' lang='grc' dir='ltr'><strong>είς</strong></span> <span class='ocrx_word' id='word_1_817' title='bbox 3125 5189 3372 5253; x_wconf 90' lang='grc' dir='ltr'>ποικίλας</span> <span class='ocrx_word' id='word_1_818' title='bbox 3398 5207 3457 5244; x_wconf 90' lang='grc' dir='ltr'><strong>τε</strong></span> <span class='ocrx_word' id='word_1_819' title='bbox 3484 5191 3578 5243; x_wconf 78' lang='grc' dir='ltr'><strong>καὶ</strong></span> <span class='ocrx_word' id='word_1_820' title='bbox 3603 5189 3717 5242; x_wconf 86' lang='grc' dir='ltr'>δια-</span> 
     </span>
    </p>
   </div>
   <div class='ocr_carea' id='block_1_117' title="bbox 2145 5278 3718 5354">
    <p class='ocr_par' dir='ltr' id='par_1_117' title="bbox 2145 5278 3718 5354">
     <span class='ocr_line' id='line_1_117' title="bbox 2145 5278 3718 5354; baseline -0.002 -20"><span class='ocrx_word' id='word_1_821' title='bbox 2145 5283 2340 5354; x_wconf 84' lang='grc' dir='ltr'>φόρους</span> <span class='ocrx_word' id='word_1_822' title='bbox 2369 5280 2628 5350; x_wconf 83' lang='grc' dir='ltr'>γλωσσῶν</span> <span class='ocrx_word' id='word_1_823' title='bbox 2661 5281 2804 5343; x_wconf 86' lang='grc' dir='ltr'>ίδέας</span> <span class='ocrx_word' id='word_1_824' title='bbox 2829 5279 3237 5350; x_wconf 83' lang='grc' dir='ltr'>διεσχισμένων,</span> <span class='ocrx_word' id='word_1_825' title='bbox 3275 5279 3488 5332; x_wconf 88' lang='grc' dir='ltr'>πάντων</span> <span class='ocrx_word' id='word_1_826' title='bbox 3507 5278 3718 5349; x_wconf 85' lang='grc' dir='ltr'>ἀθρόως</span> 
     </span>
    </p>
   </div>
   <div class='ocr_carea' id='block_1_118' title="bbox 2143 5369 3717 5446">
    <p class='ocr_par' dir='ltr' id='par_1_118' title="bbox 2143 5369 3717 5446">
     <span class='ocr_line' id='line_1_118' title="bbox 2143 5369 3717 5446; baseline -0.005 -18"><span class='ocrx_word' id='word_1_827' title='bbox 2143 5373 2502 5446; x_wconf 83' lang='grc' dir='ltr'>ὁμογλώσσων</span> <span class='ocrx_word' id='word_1_828' title='bbox 2529 5375 2638 5436; x_wconf 88' lang='grc' dir='ltr'>τοῖς</span> <span class='ocrx_word' id='word_1_829' title='bbox 2666 5372 2930 5442; x_wconf 84' lang='grc' dir='ltr'>μαθηταῖς</span> <span class='ocrx_word' id='word_1_830' title='bbox 2956 5370 3335 5441; x_wconf 82' lang='grc' dir='ltr'>γεγενημένων</span> <span class='ocrx_word' id='word_1_831' title='bbox 3361 5385 3374 5398; x_wconf 92' lang='grc'>·</span> <span class='ocrx_word' id='word_1_832' title='bbox 3409 5369 3496 5423; x_wconf 83' lang='grc' dir='ltr'>ὅτε</span> <span class='ocrx_word' id='word_1_833' title='bbox 3525 5369 3624 5421; x_wconf 81' lang='grc' dir='ltr'>οὐκ</span> <span class='ocrx_word' id='word_1_834' title='bbox 3653 5370 3717 5421; x_wconf 90' lang='grc' dir='ltr'><strong>ἐκ</strong></span> 
     </span>
    </p>
   </div>
   <div class='ocr_carea' id='block_1_119' title="bbox 2144 5459 3718 5540">
    <p class='ocr_par' dir='ltr' id='par_1_119' title="bbox 2144 5459 3718 5540">
     <span class='ocr_line' id='line_1_119' title="bbox 2144 5459 3718 5540; baseline -0.004 -19"><span class='ocrx_word' id='word_1_835' title='bbox 2144 5463 2583 5540; x_wconf 78' lang='grc' dir='ltr'>προπαιδεύσεως</span> <span class='ocrx_word' id='word_1_836' title='bbox 2609 5465 2702 5518; x_wconf 73' lang='grc' dir='ltr'>καὶ</span> <span class='ocrx_word' id='word_1_837' title='bbox 2733 5462 2962 5536; x_wconf 85' lang='grc' dir='ltr'>μελέτης</span> <span class='ocrx_word' id='word_1_838' title='bbox 2993 5461 3156 5536; x_wconf 79' lang='grc' dir='ltr'>τινὸς,</span> <span class='ocrx_word' id='word_1_839' title='bbox 3202 5460 3314 5514; x_wconf 84' lang='grc' dir='ltr'>ἀλλ’</span> <span class='ocrx_word' id='word_1_840' title='bbox 3346 5460 3407 5526; x_wconf 82' lang='grc' dir='ltr'>ἐξ</span> <span class='ocrx_word' id='word_1_841' title='bbox 3433 5459 3718 5522; x_wconf 81' lang='grc' dir='ltr'>ἐπιπνοίας</span> 
     </span>
    </p>
   </div>
  </div>
