4154 6354
468 354 571 409 705

1754 354 1818 408 IN
1862 354 1920 409 S.
1966 352 2413 412 STEPHANUM.

3602 348 3710 405 ῬῚὶ

462 469 556 522 τοῦ
596 468 933 539 Πνεύματος,
980 469 1186 541 ἀθρόως
1219 473 1333 534 τοῖς
1360 470 1675 534 ἀποστόλοις
1704 472 1906 541 ταύτης
1948 472 2034 525 ἐν-

2139 470 2499 541 inspiratione
2527 468 2765 538 Spiritus
2794 476 2960 540 atque
2989 480 3209 540 repente
3237 484 3299 524 ex
3334 477 3577 538 tempore
3603 469 3707 524 hoc

463 561 850 632 σχεδασθείσης
879 561 980 631 τῆς
1012 563 1251 633 χάριτος,
1286 563 1320 633 ή
1344 561 1436 616 τοῦ
1470 562 1797 632 φθέγγεσθαι
1817 563 2044 634 δύναμις

461 648 839 720 προσεγένετο.
892 650 1039 704 Ἔδει
1069 652 1177 720 γὰρ
1204 652 1332 714 τοὺς
1378 653 1471 705 ἐπὶ
1517 654 1584 722 τῇ
1632 653 1796 724 γηῖνῃ
1843 669 2044 723 πυργο-

460 739 613 811 ποιίᾳ
643 740 743 811 τήν
773 742 1081 812 ὁμοφωνίαν
1125 741 1390 805 λύσαντας
1410 783 1424 804 ,
1470 742 1561 796 ἐπ)⁵
1598 747 1666 814 τῇ
1700 746 2038 814 πνευματικῇ

461 829 623 883 πάλιν
642 830 743 900 τῆς
770 831 1091 903 Ἑκκλησίας
1111 831 1387 902 οἰκοδομῇ,
1412 832 1491 895 είς
1509 832 1815 901 ὁμοφωνίαν
1844 832 2037 885 ἐλθεῖν·

460 922 555 974 καὶ
582 921 669 975 διὰ
696 920 852 975 τοῦτο
875 923 1056 987 καλῶς
1080 922 1325 977 ἐντεῦθεν
1352 925 1386 993 ἡ
1418 922 1511 977 τοῦ
1542 924 1694 991 ἁγίου
1723 924 2037 995 Πνεύματος

458 1013 738 1084 οἰκονομία
766 1015 865 1085 τῆς
893 1014 1110 1085 χάριτος
1159 1014 1404 1086 ἄρχεται·
1438 1014 1577 1068 ῶστε
1602 1015 1701 1085 τὴν
1724 1016 1907 1088 κοινὴν
1927 1016 2036 1069 τῶν

459 1104 760 1175 ἀνθρώπων
808 1106 1157 1178 εὐεργεσίαν,
1201 1108 1278 1170 είς
1327 1108 1505 1160 πᾶσαν
1546 1106 1781 1161 διάνοιαν
1814 1108 1913 1178 τῆς
1941 1110 2036 1162 ἀν-

461 1192 738 1264 θρωπίνης
769 1194 1132 1266 καταμερίσαι
1165 1195 1368 1266 φωνῆς,
1417 1196 1503 1249 ἵνα
1555 1196 1631 1265 μὴ
1679 1197 1780 1266 μιᾷ
1818 1196 2036 1267 γλώσσῃ

464 1284 599 1355 μόνῃ
648 1285 710 1338 τὸ
754 1286 1017 1357 κήρυγμα
1058 1285 1158 1355 τῆς
1207 1286 1488 1349 εὐσεϐείας
1535 1287 2033 1358 ἐναποκλειόμενον,

459 1378 739 1447 ἄπρακτον
775 1381 886 1441 τοίς
917 1376 1311 1446 ἀλλογλώσσοις
1346 1379 1503 1449 μείνῃ
1532 1380 1627 1433 καὶ
1651 1380 2028 1451 ἀνενέργητον.

532 1559 673 1629 Ἤδη
713 1558 892 1612 τοίνυν
936 1557 1048 1615 τῶν
1095 1559 1195 1628 μὲν
1239 1557 1547 1627 Φαρισαίων
1589 1558 1685 1610 καὶ
1723 1559 1843 1621 ταῖς
1875 1556 2032 1621 ίδίαις

2139 562 2285 617 dono
2313 567 2722 631 repraesentato.
2759 561 2991 617 facultas
3028 562 3283 632 loquendi
3319 560 3583 630 apostolis
3615 575 3708 615 ac-

2139 652 2419 708 cessisset.
2442 649 2899 721 Oportebatenim
2930 666 3045 715 eos,
3083 652 3177 722 qui
3203 652 3256 705 in
3281 660 3513 705 terrena:
3540 651 3708 705 turris

2137 742 2512 798 exstructione
2544 743 2983 797 communionem
3024 742 3241 811 linguae,
3276 741 3537 810 vocisque
3577 755 3710 794 cnn-

2138 834 2380 890 cordiam
2443 833 2739 896 solverant,
2772 834 2825 886 in
2856 832 3125 903 spirituali
3171 832 3428 887 Ecclesia:
3469 831 3708 885 aediﬁca-

2137 924 2289 980 tione
2313 939 2507 980 rursus
2561 924 2627 977 ad
2670 924 3062 979 commercium
3088 925 3284 993 linguae
3304 924 3514 986 venire,
3545 937 3710 996 atque

2138 1015 2346 1070 idcirco
2391 1017 2566 1071 sancti
2622 1015 2861 1087 Spiritus
2911 1016 3250 1086 dispensatio
3288 1024 3435 1071 recte
3474 1019 3705 1086 gratiam

2140 1108 2269 1162 hinc
2303 1110 2541 1171 orditur,
2582 1116 2639 1161 ιιι
2669 1123 2958 1163 commune
2988 1109 3269 1163 hominum
3300 1109 3618 1162 beneﬁcium
3652 1109 3708 1161 in

2135 1215 2352 1255 omnem
2421 1199 2755 1254 intellectum
2803 1199 3056 1253 humanae
3108 1200 3258 1253 vocis
3294 1199 3708 1269 dispertiretur,

2137 1305 2207 1344 ne
2236 1289 2282 1344 si
2322 1291 2377 1343 in
2408 1304 2570 1343 unam
2617 1289 2857 1359 linguam
2900 1289 3070 1343 solam
3124 1289 3439 1359 praedicatio
3486 1288 3707 1358 pietatis

2137 1380 2534 1443 includeretur,
2552 1380 2798 1435 incﬂicax
2826 1387 2879 1435 et
2904 1380 3118 1434 inutilis
3136 1380 3451 1435 hominibus
3477 1372 3707 1434 diversae

2136 1471 2333 1541 linguae
2357 1478 2621 1524 maneret.

2208 1559 2328 1615 Jam
2362 1562 2529 1631 igitur
2549 1576 2673 1614 cum
2709 1559 2973 1615 Pharisaei
3016 1561 3234 1631 quidem
3276 1560 3393 1615 suis
3422 1560 3587 1613 etiam
3620 1559 3705 1627 ip-

459 1650 649 1712 ἁκοαῖς
690 1648 1063 1703 ἀπιστούντων
1083 1689 1099 1715 ,
1151 1649 1241 1702 καὶ
1266 1650 1391 1711 τοὺς
1420 1646 1903 1718 ἐκπεπληγμένους
1934 1648 2033 1719 τὴν

2140 1665 2325 1707 sorum
2358 1652 2585 1707 auribus
2621 1665 2727 1705 non
2759 1652 3067 1716 crederent,
3096 1668 3159 1705 ae
3191 1652 3457 1706 miraculo
3494 1651 3570 1706 rei
3601 1651 3705 1705 ob-

460 1740 903 1811 θαυματουργίαν
964 1739 1278 1809 διεσφάλθαι
1340 1739 1851 1811 καταχλευαζόντων
1877 1778 1893 1804 ,
1957 1739 2033 1802 ὡς

2136 1742 2478 1813 stupefactos
2501 1750 2733 1799 caeteros
2756 1758 2941 1799 errare
2962 1744 3359 1798 contenderent
3386 1742 3703 1808 irridentes,

458 1833 721 1901 γλεύκους
766 1835 950 1897 αὐτοῖς
993 1832 1092 1902 τὴν
1141 1831 1392 1902 τοιαύτην
1432 1831 1755 1903 παραφορὰν
1803 1831 2033 1901 ἐμποιή-

461 1938 649 1986 σαντος
672 1937 689 1953 ο
718 1921 811 1974 τοῦ
837 1922 895 1976 δέ
926 1921 1133 1992 Πέτρου
1167 1923 1262 1993 μιᾷ
1283 1920 1377 1976 τοῦ
1408 1922 1567 1991 λόγου
1591 1920 1852 1992 περιϐολῇ
1881 1937 2033 1991 τρισ-

459 2013 634 2084 χιλίας
689 2012 864 2085 ψυχάς
896 2013 976 2085 τῷ
1020 2014 1239 2085 Χριστῷ
1275 2013 1744 2085 σαγηνεύσαντος,
1794 2013 1890 2065 καὶ
1932 2029 2033 2065 κα·-

460 2104 619 2176 θεξῆς
645 2105 731 2160 ἀεὶ
758 2107 825 2177 τῇ
854 2106 1140 2179 προσθήκῃ
1169 2107 1276 2159 τῶν
1319 2105 1640 2176 σωζομένων
1660 2106 1759 2175 τῆς
1803 2103 2030 2173 Ἐκκλη-

461 2200 583 2262 σίας
607 2199 687 2261 είς
712 2198 915 2270 πλῆθος
942 2198 1280 2269 ἐπιδιδούσης
1304 2214 1318 2228 ·
1348 2198 1442 2252 καὶ
1465 2196 1557 2250 τοῦ
1586 2198 1651 2250 ἐκ
1681 2196 1908 2265 γενετῆς
1933 2213 2035 2265 χω-

458 2291 551 2344 λοῦ
583 2291 745 2344 πάλιν
774 2290 872 2360 τὴν
897 2291 1107 2363 ὡραίαν
1136 2290 1231 2344 τοῦ
1263 2289 1408 2361 ἱεροῦ
1442 2288 1619 2360 πύλην
1648 2289 1760 2350 τοῖς
1788 2287 2029 2357 σωζομέ-

459 2400 569 2447 νοις
610 2382 948 2448 ἀνοίξαντος,
1070 2382 1519 2454 προσκαθήμενος
1568 2379 1647 2449 τῷ
1689 2379 1814 2433 καθ’
1845 2380 2032 2433 ἐαυτὸν

459 2475 698 2547 θαύματι
726 2477 825 2546 τῆς
859 2476 1051 2539 ίάσεως
1071 2516 1085 2539 ,
1132 2476 1258 2539 τοὺς
1309 2475 1452 2529 κατά
1492 2473 1669 2543 ψυχὴν
1700 2471 2033 2543 χωλεύοντας

458 2566 549 2619 ἐπὶ
574 2565 673 2637 τὴν
701 2566 883 2619 πίστιν
909 2565 1336 2636 ἐχειραγὼγησε.
1368 2564 1585 2618 Πολλῶν
1614 2563 1793 2615 τοίνυν
1816 2562 1950 2632 πρὸς
1975 2561 2034 2613 τὸ

459 2656 719 2727 κήρυγμα
760 2656 858 2727 τῆς
892 2658 1125 2719 πίστεως
1155 2655 1523 2726 συρρεόντων,
1572 2654 1666 2708 καὶ
1713 2653 1812 2723 τῆς
1847 2653 2034 2724 χρείας

457 2748 678 2801 πλείονα
705 2749 805 2819 τὴν
835 2747 1179 2819 πολυχειρίαν
1208 2746 1571 2818 ἐπιζητούσης
1599 2745 1705 2799 τῶν
1725 2744 2034 2799 διακονούνο

457 2856 565 2892 των
594 2842 659 2910 τῇ
690 2839 908 2911 χάριτι·
957 2840 1077 2892 τότε
1105 2839 1347 2894 καλεῖται
1392 2839 1528 2910 πρὸς
1568 2838 1889 2909 ἐπικουρίαν
1925 2836 2033 2890 τῶν

458 2932 767 2985 ἀποστόλων
796 2932 901 2985 ὑπὸ
928 2931 1023 2984 τοῦ
1050 2932 1363 3001 Πνεύματος
1399 2934 1427 2984 6
1459 2931 1626 2993 πολὺς
1655 2933 1721 3000 τῇ
1753 2929 1911 3001 σοφίᾳ
1939 2929 2034 2982 καὶ

2132 1835 2291 1904 quasi
2322 1843 2564 1890 mustum
2582 1835 2745 1889 talem
2771 1834 3084 1888 vecordiam
3111 1843 3276 1902 atque
3306 1831 3543 1887 furorem
3574 1846 3706 1901 apo-

2132 1926 2292 1981 stolis
2354 1926 2768 1997 ingenerasset;
2828 1924 3023 1979 Petrus
3075 1934 3253 1979 autent
3290 1938 3399 1978 uno
3437 1923 3707 1978 orationis

2132 2018 2453 2089 complexu,
2504 2019 2809 2073 animarum
2846 2017 3013 2072 millia
3064 2018 3165 2072 tria
3214 2016 3374 2087 quasi
3433 2016 3707 2071 verriculo

2132 2118 2323 2179 captas
2355 2109 2578 2163 Christo
2629 2108 2994 2164 lucrifecisset
3017 2109 3061 2172 ⁸,
3105 2123 3169 2163 ac
3209 2107 3467 2176 deinceps
3492 2120 3708 2177 semper

2133 2201 2440 2272 adiectione
2460 2215 2671 2266 eorum,
2700 2202 2791 2269 qui
2818 2201 2952 2256 salvi
2977 2202 3189 2262 ﬂerent,
3212 2199 3456 2254 Ecclesia
3473 2213 3705 2253 numero

2133 2309 2197 2348 ac
2229 2294 2582 2348 multitudine
2618 2299 2889 2347 cresceret
2920 2308 2935 2345 :
2970 2292 3207 2361 itemque
3253 2292 3321 2354 is,
3367 2290 3459 2359 qui
3507 2304 3538 2342 a
3563 2289 3707 2343 nati-

2133 2385 2303 2440 vitate
2348 2383 2575 2438 claudus
2630 2382 2829 2444 fuerat,
2881 2381 3185 2451 speciosam
3241 2389 3453 2450 portam
3516 2378 3704 2448 templi

2133 2493 2330 2533 rursus
2358 2478 2448 2539 iis,
2480 2475 2573 2546 qui
2606 2474 2740 2530 salvi
2798 2472 3013 2538 ﬁerent,
3038 2473 3343 2542 aperuisset
3367 2472 3410 2535 ³,
3442 2470 3531 2525 cui
3570 2472 3710 2525 assi-

2134 2566 2271 2621 dens
2304 2580 2418 2621 suze
2462 2563 2765 2619 sanationis
2802 2562 3070 2617 miraculo
3097 2563 3276 2615 anima
3330 2561 3706 2617 claudicantes

2135 2656 2202 2711 ad
2234 2656 2397 2712 ﬁdem
2423 2654 2745 2709 adduxerat.
2781 2653 2917 2708 Cum
2948 2652 3105 2709 multi
3139 2654 3306 2722 igitur
3336 2653 3405 2707 ad
3446 2652 3709 2722 praedica-

2132 2748 2337 2801 tionem
2397 2744 2521 2800 lidei
2561 2743 2923 2811 conﬂuerent,
2978 2752 3141 2814 atque
3186 2742 3449 2812 majorem
3485 2756 3706 2795 manum

2134 2837 2323 2908 gratia:
2350 2836 2779 2890 ministrantium
2813 2849 2901 2890 res
2928 2835 3252 2905 posmlaret,
3275 2843 3408 2888 tunc
3438 2834 3708 2903 sapientia

2134 2942 2198 2981 ac
2214 2927 2385 2998 gratia
2408 2925 2694 2982 abundans
2715 2926 3026 2995 Stephanus
3047 2940 3076 2979 a
3111 2924 3320 2996 Spiritu
3357 2925 3411 2979 in
3438 2926 3703 2978 auxilium

457 3021 524 3089 τῇ
558 3018 737 3090 χάριτι
786 3019 1073 3086 Στέφανος.
1125 3019 1235 3072 Καὶ
1284 3019 1471 3089 μηδεὶς
1514 3020 1592 3089 τῷ
1634 3022 1732 3089 τῇς
1760 3018 2033 3081 διακονίας

2137 3018 2507 3087 apostolorum
2547 3027 2776 3072 vocatur
2808 3017 2851 3071 ‘.
2880 3020 2958 3070 Ac
2995 3032 3155 3071 nemo
3181 3016 3403 3073 nomine
3419 3016 3707 3072 ministerii

460 3109 719 3181 ὀνόματι,
767 3108 1102 3182 δευτερεύειν
1140 3110 1303 3164 αὐτὸν
1352 3110 1504 3183 παρά
1543 3110 1641 3181 τὴν
1671 3109 2036 3180 ἀποστολικὴν

459 3200 618 3265 ἀξίαν
645 3200 936 3253 ὐπονοείτω
958 3218 972 3231 ο
1008 3201 1130 3254 ἐπεὶ
1152 3203 1245 3255 καὶ
1270 3202 1480 3266 Παῦλος
1507 3201 1696 3255 ἑαυτὸν
1724 3197 1831 3255 οἵδε
1859 3201 2037 3255 διάκο-

459 3305 549 3341 νον
578 3289 891 3360 μυστηρίων
920 3290 1179 3361 Χριστοῦ,
1202 3293 1297 3346 καὶ
1338 3295 1367 3347 6
1399 3293 1490 3347 τοῦ
1521 3295 1720 3359 παντὸς
1753 3296 1977 3368 Κύριος,
2007 3299 2036 3352 6

458 3380 547 3433 διὰ
575 3381 775 3451 σαρκὸς
800 3381 898 3452 τήν
922 3381 1266 3455 ἀνθρωπίνην
1294 3386 1565 3456 σωτηρίαν
1598 3389 1914 3459 οἰκονομῶν,
1936 3390 2036 3445 οὐκ

462 3470 777 3542 ἐπῃσχύνθη
828 3471 905 3543 τῷ
948 3473 1046 3543 τῆς
1081 3472 1357 3538 διακονίας
1402 3475 1664 3547 ὀνόματι,
1719 3478 1927 3532 είπὼν·
1976 3482 2034 3535 ἐν

466 3562 652 3630 μέσοις
696 3558 949 3628 εἷναι,ὼς
978 3566 1007 3618 6
1054 3564 1336 3629 διακονῶν,
1380 3568 1408 3620 6
1451 3568 1549 3631 τάς
1589 3567 1880 3641 διαιρέσεις
1925 3572 2035 3628 τῶν

461 3650 743 3705 διακονιῶν
769 3652 1024 3724 ἐνεργῶν,
1050 3652 1125 3717 ῶς
1153 3671 1316 3724 φησιν
1344 3657 1373 3709 6
1412 3656 1748 3723 Ἀπόστολος.
1772 3661 2035 3733 Καθάπερ

462 3740 571 3812 γὰρ
596 3742 657 3795 τὸ
699 3740 811 3813 πῦρ
857 3741 959 3813 τῆς
1003 3743 1311 3814 ἐπιτηδείας
1354 3744 1487 3816 ῦλης
1533 3746 1868 3820 δραξάμενον
1895 3789 1911 3815 ,
1956 3752 2035 3813 είς

464 3832 595 3903 ὕψος
619 3834 761 3905 αἴρει
788 3834 886 3906 τὴν
912 3834 1108 3905 φλόγα,
1136 3838 1229 3890 καὶ
1256 3839 1720 3910 περιφανεστέραν
1745 3840 1842 3911 τὴν
1862 3841 2035 3912 αῦγὴν

463 3924 871 3996 ἀπεργάζεται·
920 3925 1062 3978 οὕτω
1111 3926 1172 3979 τὸ
1201 3908 1419 3998 Πνεῦμα
1461 3928 1523 3981 τὸ
1564 3908 1738 3997 ἅγιον,
1759 3908 1817 3984 ἐν
1844 3908 2032 4002 viro-5

463 4015 735 4083 Στεφάνου
767 4014 1105 4086 μεγαλοφυῖᾳ
1132 4016 1439 4085 γενόμενον,
1476 4017 1831 4090 ἐκδηλοτέρας
1861 4020 2033 4073 ἐποίει

461 4106 561 4170 τὰς
607 4107 831 4170 ἀκτῖνας
874 4107 974 4176 τῆς
1022 4108 1263 4178 χάριτος.
1312 4110 1403 4162 Διὸ
1449 4111 1649 4176 πάντες
1689 4112 1825 4181 πρὸς
1870 4114 2034 4169 αὐτὸν

461 4198 746 4268 ἀφεώρων,
791 4200 850 4252 ἐν
892 4199 1036 4264 ὅσοις
1064 4195 1133 4272 ἦν
1162 4200 1414 4269 γνώσεώς
1462 4220 1605 4268 τινος
1649 4205 1904 4274 μετουσία
1938 4207 2034 4259 καὶ

464 4290 795 4353 παιδεύσεως
819 4308 831 4322 ·
878 4291 975 4345 καὶ
1000 4292 1139 4346 κατὰ
1174 4294 1459 4357 συστάσεις
1486 4294 1534 4348 οἱ
1564 4296 1671 4349 τῶν
1712 4296 1915 4349 λοιπῶν
1947 4298 2032 4350 δο-

2139 3116 2343 3174 motus,
2405 3109 2707 3165 secundum
2746 3124 2871 3165 eum
2898 3110 2966 3163 ab
2996 3109 3295 3180 apostolica
3324 3108 3591 3179 dignitate
3621 3108 3708 3163 lo-

2136 3214 2260 3253 cum
2293 3200 2541 3255 obtinere
2604 3200 2958 3270 suspicetur:
3010 3198 3267 3267 quoniam
3306 3197 3469 3253 etiam
3505 3196 3709 3254 Paulus

2144 3306 2265 3346 sese
2288 3290 2599 3346 ministrum
2630 3289 3013 3361 mysteriorum
3032 3289 3237 3344 Christi
3262 3289 3541 3360 agnoscit‘
3566 3306 3578 3343 :
3608 3305 3710 3344 nec

2134 3385 2515 3437 universarum
2549 3396 2732 3436 rerum
2763 3380 3052 3435 Dominum
3084 3380 3175 3451 qui
3213 3396 3310 3450 per
3353 3395 3575 3435 carnem
3605 3378 3709 3433 bu-

2134 3488 2349 3528 manam
2396 3473 2627 3529 salutem
2657 3472 3100 3539 administrabat,
3133 3471 3430 3530 ministerii
3466 3472 3709 3527 nominis

2134 3565 2368 3635 puduit,
2422 3577 2549 3619 cum
2597 3564 2801 3620 diceret
2836 3579 2959 3620 sese
3007 3565 3061 3619 in
3086 3564 3270 3619 medio
3303 3579 3425 3619 esse
3446 3572 3706 3633 tanquam

2136 3656 2469 3723 ministrum,
2504 3652 2598 3726 qui
2633 3655 2933 3711 divisiones
2980 3654 3408 3711 ministeriorum
3437 3653 3619 3720 eﬂicit,
3649 3663 3709 3708 ut

2134 3746 2313 3815 inquit
2344 3744 2641 3815 Apostolus
2670 3746 2711 3799 ⁸.
2746 3744 3215 3811 Quemadmodum
3236 3745 3382 3799 enim
3412 3743 3555 3814 ignis
3584 3754 3707 3813 apta

2134 3835 2529 3904 comprehensa
2578 3836 2829 3900 materia,
2875 3835 3147 3889 ﬂammam
3184 3835 3241 3889 in
3272 3836 3444 3889 altum
3473 3836 3633 3901 tollit,
3655 3846 3709 3889 et

2135 3923 2490 3979 illustriorem
2522 3924 2870 3994 splendorem
2906 3924 3069 3979 eﬂicit
3102 3944 3116 3979 :
3151 3925 3225 3979 ita
3259 3926 3423 3980 etiam
3466 3924 3707 3996 Spiritus

2135 4023 2379 4077 sanctus,
2411 4031 2536 4069 cum
2592 4016 2648 4069 in
2686 4032 2879 4086 magna
2914 4017 3005 4071 illa
3038 4016 3299 4086 Stephani
3330 4018 3495 4071 animi
3523 4019 3709 4073 indole

2132 4116 2469 4173 versaretur,
2498 4107 2686 4178 gratiae
2719 4108 2903 4163 radios
2918 4108 3182 4163 clariores
3203 4108 3488 4164 eﬂiciebat.
3506 4110 3708 4175 Quam-

2133 4200 2322 4254 obrem
2349 4215 2562 4261 onmes,
2600 4200 2655 4253 in
2687 4200 2887 4270 quibus
2920 4198 3248 4255 eruditionis
3277 4207 3439 4270 atque
3466 4202 3709 4255 scientiae

2136 4292 2387 4346 nonnihil
2419 4293 2618 4355 iuerat,
2637 4292 2691 4345 in
2720 4308 2840 4346 sese
2878 4291 3229 4345 convertebat
3261 4306 3275 4342 :
3304 4306 3369 4346 ex
3389 4292 3457 4347 iis
3480 4295 3570 4362 qui
3598 4308 3707 4347 cae-

462 4380 682 4444 κοῦντες
709 4381 873 4434 πλέον
908 4381 1073 4451 ἔχειν,
1104 4380 1215 4436 οἷον
1250 4385 1329 4447 είς
1362 4384 1646 4453 φάλαγγάς
1671 4402 1820 4448 τινας
1846 4385 1913 4439 δι’
1940 4384 2031 4438 ἀλ·

2140 4382 2274 4439 teris
2308 4393 2569 4452 praestare
2597 4383 2944 4449 videbantur,
2973 4383 3209 4437 coitione
3234 4390 3397 4452 atque
3424 4385 3709 4454 conspira—

462 4474 636 4544 λήλων
666 4475 1185 4546 καταπυκνούμενοι,
1212 4476 1383 4539 οὕτως
1411 4476 1702 4547 ὑπομένειν
1736 4477 2034 4547 ἐπειρῶντο

461 4563 555 4618 τοῦ
600 4565 867 4634 Στεφάνου
915 4564 1012 4637 τὴν
1061 4566 1386 4638 προσϐολήν.
1441 4566 1499 4620 Ὀ
1538 4567 1595 4621 δέ
1632 4569 1796 4620 πᾶσιν
1840 4568 2034 4639 ἐπίσης

462 4658 671 4727 ἄμαχος
697 4653 784 4727 ἦν,
825 4658 919 4710 καὶ
961 4657 1176 4722 πολλοῖς
1229 4659 1553 4730 συμμίσγων
1596 4661 1716 4713 κατ’
1748 4659 1909 4713 αὑτὸν
1942 4660 2035 4712 καὶ

462 4748 757 4802 ἐλάττοσιν.
813 4748 902 4802 Ἐν
950 4748 1123 4818 τούτῳ
1158 4749 1367 4815 τοίνυν,
1424 4749 1486 4803 τὸ
1533 4749 1633 4821 μὲν
1686 4750 2030 4821 φαινόμενον,

475 4838 838 4910 Ἀλεξανδρεῖς
881 4838 975 4892 καὶ
1024 4839 1323 4911 Λιϐερτϊνοι
1370 4841 1466 4894 καὶ
1498 4842 1796 4913 Κυρηναῖοι
1844 4842 1938 4894 καὶ
1983 4842 2033 4893 οἱ

463 4929 796 5000 πανταχόθεν
838 4925 980 5000 ἦσαν
1014 4929 1288 4999 ἅνθρωποι
1336 4932 1472 5003 πρὸς
1516 4930 1607 4984 τδν
1645 4931 1742 5002 τῆς
1776 4930 2034 5001 ἀληθείας

461 5019 766 5091 ἀγωνιστὴν
823 5019 1295 5091 συμπλεκόμενοι·
1334 5020 1362 5073 δ
1388 5020 1445 5074 δέ
1470 5020 1558 5074 διά
1582 5021 1673 5073 τοῦ
1709 5021 2032 5091 φαινομένου

462 5112 767 5183 νοούμενος,
798 5112 826 5164 6
858 5113 1040 5183 πατὴρ
1066 5110 1161 5165 τοῦ
1188 5110 1415 5182 ψεύδους
1450 5106 1540 5183 ἦν,
1583 5111 1649 5165 δι’
1677 5112 2031 5184 ἀνθρωπίνων

462 5203 766 5275 προσώπων
794 5203 929 5273 πρὸς
960 5204 1058 5273 τὴν
1080 5203 1137 5255 ἐν
1159 5202 1238 5274 τῷ
1267 5202 1521 5272 Στεφάνῳ
1544 5202 1873 5273 λαλουμένην
1902 5201 2034 5274 ἀλή-

462 5294 612 5347 θειαν
637 5292 827 5346 ἐαυτὸν
860 5292 1204 5364 ἀντεγείρων.
1254 5291 1393 5345 Ἀλλ’
1420 5294 1454 5364 ή
1500 5292 1599 5363 μὲν
1636 5292 1861 5365 ἀλήθεια
1893 5292 2035 5346 κατά

460 5383 553 5435 τοῦ
596 5383 825 5452 ψεύδους
870 5384 1268 5455 τροπαιοφόρος
1314 5379 1424 5455 ἦν,
1470 5382 1653 5447 καλῶς
1695 5384 2032 5456 τρεψαμένου

459 5473 555 5527 τοῦ
590 5474 853 5543 ἀριστέως
885 5476 1259 5539 πάνταςτοὺς
1304 5476 1715 5547 προαγωνιστὰς
1756 5476 1855 5546 τῆς
1894 5476 2036 5530 ἀπά-

461 5585 559 5640 της
585 5587 597 5600 ·
646 5569 675 5619 6
720 5566 777 5619 δὲ
821 5566 1065 5629 δίακονος
1097 5566 1198 5636 τῆς
1224 5566 1480 5637 ἀληθείας
1516 5565 1667 5638 παρὰ
1704 5566 1798 5620 τοῦ
1837 5565 2033 5637 ἐχθροῦ

538 5749 557 5778 ²
582 5748 701 5801 Act.
741 5765 799 5812 ιι,
828 5749 913 5802 ti.
994 5750 1012 5780 ³
1045 5750 1167 5804 Act.
1212 5764 1295 5815 ιιι,
1339 5750 1515 5820 sqq."
1591 5751 1707 5803 Act.
1739 5766 1810 5814 vr,
1847 5751 1899 5807 5.

1973 5750 2036 5803 ⁸1
2070 5749 2196 5803 Cor.
2229 5766 2299 5815 tv,
2328 5751 2376 5805 Ι.

2134 4476 2282 4529 tione
2318 4473 2483 4539 facta,
2504 4475 2672 4530 veluti
2700 4476 2753 4529 in
2773 4474 3076 4546 phalangas
3102 4474 3369 4545 quasdam
3390 4477 3705 4545 constipati,

2135 4566 2215 4621 sic
2244 4567 2501 4636 impetum
2553 4567 2819 4637 Stephani
2853 4566 3125 4622 sustinere
3158 4565 3492 4620 nitebantur.
3523 4567 3591 4619 At
3623 4567 3710 4619 ille

2133 4658 2390 4714 omnibus
2416 4659 2621 4728 pariter
2643 4659 2881 4714 invictus
2911 4665 3055 4720 erat,
3093 4657 3206 4712 sive
3233 4672 3357 4712 cum
3389 4658 3575 4712 multis
3618 4672 3710 4711 so-

2135 4747 2243 4812 lus,
2278 4746 2394 4801 sive
2445 4760 2570 4799 cum
2629 4747 2821 4815 paucis
2870 4747 3317 4816 congrederetur.
3357 4744 3512 4801 Tunc
3545 4746 3710 4816 igitur

2134 4838 2190 4892 in
2251 4839 2488 4908 speciem
2540 4838 2761 4909 quidem
2822 4838 3201 4905 Alexandrini,
3246 4838 3625 4908 Libertinique
3654 4847 3709 4892 ct

2133 4930 2493 5002 Cyrenenses,
2523 4933 2726 5001 quique
2765 4932 3005 5001 tmdique
3033 4941 3399 4986 convenerant
3436 4932 3705 4994 homines.

2134 5038 2255 5077 cum
2283 5024 2532 5077 veritatis
2589 5023 2790 5077 athleta
2839 5021 3225 5092 conﬂigebant.
3255 5021 3358 5087 Qui
3404 5031 3584 5077 autem
3612 5039 3710 5092 per

2129 5113 2183 5168 id
2218 5112 2373 5184 quod-
2427 5114 2725 5184 apparebat
2758 5114 3103 5182 intelligitur,
3160 5114 3207 5169 is
3244 5123 3400 5183 pater
3438 5113 3707 5169 mendacii

2130 5213 2268 5267 erat,
2322 5219 2417 5273 per
2472 5205 2670 5275 ﬁguras
2713 5203 2985 5258 humanas
3032 5204 3297 5258 adversus
3350 5219 3493 5271 eam,
3523 5221 3645 5275 quae
3673 5221 3704 5258 a

2132 5292 2409 5363 Stephano
2456 5293 2852 5362 proferebatur,
2900 5293 3183 5349 veritatem
3240 5294 3551 5364 insurgens.
3600 5294 3708 5352 Sed

2132 5386 2332 5441 veritas
2353 5386 2571 5457 quidem
2598 5385 2665 5439 de
2700 5383 2986 5439 mendacio
3062 5392 3326 5455 tr0pazum
3369 5388 3705 5456 reportabat,

2132 5494 2255 5532 cum
2287 5479 2371 5532 vir
2395 5478 2485 5531 ille
2508 5483 2767 5532 strenuus
2785 5490 2977 5530 omnes
3016 5487 3452 5547 proriugnatores
3493 5476 3706 5532 fraudis

2131 5568 2187 5623 in
2229 5568 2411 5641 fugam
2451 5568 2667 5639 egregie
2724 5567 2979 5623 vertisset
3012 5585 3025 5620 :
3061 5568 3306 5624 minister
3356 5578 3537 5624 autem
3569 5569 3709 5624 veri-

2456 5752 2473 5777 ‘
2506 5752 2702 5823 Epltcs.
2738 5769 2813 5819 tv,
2858 5752 2946 5822 ll;
2975 5749 2991 5803 I
3019 5752 3142 5806 Cor.
3185 5766 3281 5817 xu,
3318 5753 3344 5806 4
3379 5770 3497 5822 sqq.
