4154 6354
399 271 505 328 707
1610 270 1667 326 S.
1708 266 2034 325 GREGORII
2071 264 2361 319 NYSSENI
3562 267 3661 321 708

401 384 532 443 tatis
555 383 625 438 ab
654 382 812 441 hoste
831 384 1077 440 veritatis
1102 383 1320 440 insidiis
1337 383 1646 454 petebatur,
1680 382 1839 452 quasi
1870 396 1978 434 non

2117 379 2181 447 ἧς
2215 375 2475 448 ἀληθείας
2523 374 2929 439 ἐπεϐουλεύετο,
2976 376 3052 440 ὡς
3097 377 3217 447 οὐχὶ
3270 394 3520 449 φανερῶν
3564 381 3662 453 τὴν

404 472 735 544 patefaceret
762 489 906 541 eam,
949 491 1072 545 qua:
1124 490 1314 529 revera
1356 482 1525 535 esset,
1562 473 1656 527 sed
1689 488 1833 534 eam,
1862 487 1983 540 qua}

2116 465 2270 530 ὗσαν,
2298 467 2432 521 ἀλλά
2460 467 2631 519 ποιῶν
2656 466 2754 537 τὴν
2782 466 2857 537 μὴ
2888 462 3054 520 οὖσαν
3086 468 3365 540 ἀλήθειαν.
3398 471 3463 522 Τί
3492 474 3663 525 ταῦτα

406 577 514 615 non
568 571 736 624 esset,
788 561 1014 633 fingeret
1073 564 1376 617 veritatem.
1412 561 1555 628 Quid
1600 560 1716 615 haec
1769 560 1983 615 moliris

2116 560 2396 631 υσκευάζῃ
2423 559 2563 611 κατὰ
2585 558 2680 611 τοῦ
2710 561 2970 629 κήρυκος,
3012 558 3148 631 πρὸς
3178 560 3270 612 τὸν
3296 559 3562 625 διάϐολον,
3590 563 3659 615 εί·

406 652 674 708 adversus
705 668 1049 723 praeconem,
1084 655 1150 709 ad
1178 655 1455 710 diabolum
1487 654 1756 710 dixerim?
1794 652 1853 709 Si
1888 655 1982 710 tibi

2116 666 2242 719 ῖοιμι
2269 649 2371 715 άν;
2403 650 2467 702 El
2499 649 2580 702 σοί
2613 648 2695 712 τίς
2724 649 2840 702 ἐστι
2874 649 3135 719 δύναμις,
3178 649 3280 722 τὴν
3321 652 3380 704 ἐν
3422 651 3502 722 τῷ
3540 654 3663 706 Στε-

410 742 609 812 aliquae
628 750 760 799 sunt
782 743 948 806 vires.
980 744 1327 799 incommoda
1356 744 1594 807 veritati,
1627 762 1748 815 qua:
1777 746 1831 800 in
1865 744 1987 800 Stc-

2116 741 2237 811 ίάνῳ
2272 739 2473 810 βλάψον
2518 738 2778 811 ἀλήθειαν
2801 755 2817 770 ·
2872 742 2919 793 εἰ
2964 739 3020 793 δὲ
3052 739 3233 812 ἐκείνη
3267 741 3377 795 τῶν
3421 743 3529 799 σῶν
3564 761 3663 815 μη-

410 833 594 902 phano
622 834 835 902 elucet;
864 835 948 890 sin
975 842 1157 889 autem
1192 836 1281 889 illa
1322 836 1435 891 tuis
1482 837 1986 892 machinationibus

2116 832 2412 901 ανημάτων
2452 831 2775 903 ὑψηλοτέρα,
2824 830 2877 884 τί
2916 833 3043 903 περὶ
3074 832 3135 885 τὸ
3166 833 3357 897 σκεῦος
3388 836 3487 905 τῆς
3532 836 3666 907 ἀλη-

408 920 699 975 sublimior
722 928 827 983 est,
856 922 986 991 quid
1009 922 1155 977 circa
1184 924 1433 978 veritatis
1460 939 1555 979 vas
1592 925 1985 995 malignitatem

2121 922 2235 985 είας
2294 922 2624 991 ἀπασχολεῖς
2663 923 2762 992 τὴν
2811 922 3099 977 κακόνοιαν
3125 963 3139 985 ,
3189 924 3282 976 καὶ
3325 924 3569 995 ἀναιρεῖς
3607 926 3667 978 τὸ

405 1027 653 1075 exerces,
687 1020 852 1082 atque
876 1015 1083 1069 omisso
1119 1030 1186 1069 co
1212 1015 1358 1085 quod
1410 1018 1745 1081 continetur,
1779 1017 1927 1072 tollis
1956 1030 1988 1070 e

2116 1012 2359 1084 περιέχον,
2389 1010 2703 1065 καταλιπὼν
2729 1013 2790 1065 τὸ
2814 1013 3162 1084 ἐγκείμενον;
3196 1010 3307 1068 οἷόν
3344 1032 3397 1068 τι
3423 1015 3666 1069 ποιοῦσιν

410 1103 587 1156 medio
616 1103 668 1158 id
703 1106 847 1174 quod
882 1106 1147 1170 continet,
1181 1122 1289 1161 non
1321 1123 1481 1164 secus
1505 1123 1569 1162 ac
1602 1107 1783 1164 facere
1810 1109 1988 1163 solent

2121 1104 2137 1155 ί
2160 1103 2337 1166 κύνες,
2361 1104 2488 1166 τοὺς
2513 1102 2693 1166 λίθους
2718 1099 2799 1166 οἷς
2826 1102 3105 1172 βάλλονται
3128 1104 3552 1175 περιχαίνοντες,
3572 1105 3669 1160 τοῦ

414 1211 602 1262 canes,
644 1198 738 1267 qui
770 1198 980 1267 lapides
1008 1198 1208 1268 quibus
1240 1207 1498 1269 petuntur
1530 1200 1668 1253 rictu
1704 1198 1986 1263 invadunt,

409 1298 464 1343 et
484 1305 608 1343 eum
640 1305 668 1342 a
690 1304 799 1359 quo
825 1300 1101 1359 petuntur,
1132 1306 1240 1346 non
1268 1291 1588 1360 attingunt?
1623 1289 1988 1361 Posteaquam

411 1380 579 1447 igitur
612 1378 957 1434 mendacium
994 1396 1088 1451 per
1117 1396 1181 1436 ea
1230 1396 1352 1450 quae
1389 1381 1828 1450 opponebantur,
1860 1396 1991 1433 con-

2116 1395 2157 1448 ιν
2188 1377 2216 1429 6
2246 1376 2487 1447 Πονηρὸς
2537 1375 2694 1428 ἄλλον
2727 1375 2845 1429 τινὰ
2869 1378 3284 1449 προαγωνιστὴν
3314 1379 3413 1448 τῆς
3453 1377 3667 1447 ἀπάτης

413 1468 645 1521 futatum
670 1478 833 1537 atque
856 1469 1169 1524 convictum
1190 1477 1330 1533 erat,
1360 1484 1461 1525 nec
1480 1469 1988 1539 quetnquatnalium

2121 1467 2287 1537 ὐρεῖν,
2336 1467 2552 1519 πάντων
2600 1464 2737 1535 πρὸς
2780 1466 2878 1536 τὴν
2922 1466 3229 1537 φανέρωσιν
3269 1467 3368 1538 τῆς
3414 1466 3670 1538 ἀληθείας

413 1559 698 1629 improbus
748 1559 841 1614 ille
876 1568 1062 1630 postea
1088 1567 1549 1631 propugnatorem
1599 1559 1811 1615 fraudis
1841 1559 1992 1614 inve-

2116 1555 2527 1620 ιποϐλεπόντων,
2561 1557 2940 1628 ἀναμέμνηται
2970 1557 3064 1611 τοῦ
3101 1558 3229 1611 ίδίου
3270 1558 3669 1629 παλαίσματος,

415 1651 536 1703 nire
582 1656 841 1718 poterat,
892 1650 1149 1704 omnibus
1195 1650 1261 1705 ad
1310 1649 1639 1720 patefactam
1705 1650 1989 1705 veritatem

2116 1651 2185 1705 ιαὶ
2228 1648 2604 1720 καταμερίσας
2634 1648 2829 1702 ἑαυτοῦ
2872 1647 2971 1718 τὴν
3017 1648 3298 1719 ἐνέργειαν
3334 1650 3414 1710 είς
3458 1666 3517 1701 τε
3546 1650 3670 1713 τοὺς

416 1738 839 1809 respicientibus
874 1777 889 1803 ,
934 1756 1043 1794 non
1092 1740 1438 1796 obliviscitur
1488 1740 1575 1796 sui
1634 1741 1989 1805 certaminis,

2116 1716 2458 1811 ιατηγόρους⁷
2482 1739 2577 1791 καὶ
2615 1739 2745 1803 τοὺς
2780 1716 3040 1802 δικαστάς
3064 1755 3077 1769 ·
3112 1716 3218 1792 καὶ
3248 1741 3306 1792 ἐν
3337 1740 3668 1811 ἀμφοτέροις

416 1838 582 1899 atque
610 1828 905 1883 efﬁcaciam
947 1845 1103 1885 suam
1130 1838 1240 1884 tam
1270 1831 1325 1884 in
1355 1838 1709 1887 accusatores
1735 1846 1899 1901 quam
1935 1831 1991 1886 in

2116 1831 2401 1901 νενόμενος,
2439 1831 2563 1893 τοὺς
2591 1831 2690 1901 μὲν
2727 1830 2906 1898 λέγειν
2932 1830 3000 1884 τὰ
3028 1830 3193 1902 ψευδῆ
3233 1830 3378 1886 κατά
3413 1832 3504 1885 τοῦ
3544 1833 3670 1884 £1:-

413 1920 629 1989 judices
655 1919 905 1989 partitur,
929 1934 1057 1974 cum
1078 1920 1327 1989 utrisque
1348 1934 1472 1975 sese
1503 1918 1859 1986 insinuasset,
1888 1918 1991 1976 hos

2116 1920 2264 1989 ράνου
2293 1920 2583 1990 προήγετο,
2630 1919 2757 1983 τοὺς
2793 1920 2850 1972 δὲ
2892 1918 3009 1990 μετ’
3041 1919 3210 1990 ὀργῆς
3265 1919 3364 1990 τὴν
3410 1936 3651 1989 συκοφαν

418 2013 660 2082 quidem,
692 2020 751 2066 ut
776 2010 913 2066 falsa
941 2010 1205 2066 adversus
1232 2010 1572 2081 Stephanum
1596 2011 1863 2073 dicerent,
1894 2008 1995 2065 im-

2116 2010 2214 2063 ;ίαν
2248 2007 2659 2082 προσδέχεσθαι.
2710 2010 2820 2063 Καὶ
2858 2008 3119 2072 ποικίλως
3164 2009 3355 2063 ἑαυτὸν
3397 2012 3509 2072 τοῖς
3548 2010 3662 2063 ἰου-

422 2104 580 2174 pulit,
609 2103 733 2159 illos
765 2118 915 2167 vero,
952 2110 1011 2158 ut
1030 2104 1213 2157 animo
1237 2104 1377 2158 irato
1435 2102 1768 2158 calumniam
1796 2102 1997 2156 admit-

2116 2100 2260 2165 ἱαίοις
2294 2101 2766 2172 ιγκατασπείρας,
2815 2102 2993 2155 πάντα
3031 2102 3237 2169 γίνεται
3280 2100 3358 2171 τῷ
3397 2101 3674 2171 Στεφάνῳ,

419 2202 622 2258 terent,
651 2194 883 2248 induxit.
918 2193 1162 2264 Cumque
1195 2194 1361 2249 variis
1387 2193 1565 2249 modis
1596 2195 1762 2249 etiam
1790 2192 1995 2249 Judaais

2116 2194 2190 2247 ιαὶ
2214 2193 2518 2263 κατήγορος
2540 2194 2632 2247 καὶ
2656 2194 2937 2263 δικαστὴς,
2971 2194 3067 2247 καὶ
3093 2194 3304 2265 δήμιος,
3349 2194 3441 2247 καὶ
3467 2197 3613 2247 πᾶσα
3639 2197 3675 2265 ἡ

423 2300 546 2340 sese
578 2286 917 2349 inseruisset,
944 2286 1186 2340 omnium
1214 2285 1476 2341 adversus
1500 2284 1833 2354 Stephanum
1873 2283 1997 2338 fun-

2116 2282 2259 2355 ιοιπὴ
2292 2282 2386 2336 τοῦ
2426 2282 2655 2337 θανάτου
2703 2285 2977 2355 ὑπηρεσία
3003 2300 3017 2313 ·
3068 2285 3166 2337 οὐκ
3196 2284 3354 2348 εἰδὼς
3393 2285 3491 2355 οἵῳ
3531 2285 3675 2338 πτώ-

424 2376 570 2444 gitur
597 2374 796 2439 ollicio,
830 2376 1191 2439 accusatoris,
1220 2376 1454 2445 judicis,
1485 2376 1798 2439 carniﬁcis,
1826 2384 1882 2431 et
1910 2391 2000 2431 re-

2116 2388 2231 2425 ιατι
2270 2371 2409 2441 μετά
2443 2373 2542 2443 τὴν
2566 2372 2822 2443 τοιαύτην
2850 2375 2938 2426 ἐπὶ
2965 2374 3219 2444 Στεφάνῳ
3254 2373 3432 2445 ψῆφον
3461 2390 3677 2428 κατενεο

429 2464 562 2533 liqui
599 2465 770 2520 totius
794 2464 1083 2520 ministerii
1118 2465 1333 2529 mortis,
1360 2465 1622 2535 ignorans
1642 2480 1768 2519 cum
1796 2474 2000 2535 quanta

2116 2461 2379 2533 (θήσεται.
2422 2462 2687 2535 Καθάπερ
2733 2464 2841 2536 γὰρ
2880 2466 2931 2517 οἱ
2982 2453 3236 2536 ἔμπειροι
3278 2465 3387 2519 τῶν
3433 2465 3678 2536 ἀθλητῶν

2090 1195 2375 1266 βάλλοντος
2405 1196 2503 1264 οὺχ
2534 1195 2848 1265 ἀπτόμενοι;
2897 1195 3114 1265 Ἐπειδὴ
3144 1194 3323 1249 τοίνυν
3347 1195 3666 1268 ἀπηλέγχθη

2088 1285 2176 1339 διὰ
2204 1285 2312 1336 τῶν
2342 1284 2753 1353 ἀνθισταμένων
2780 1284 2839 1336 τὸ
2865 1284 3081 1353 ψεῦδος,
3115 1285 3210 1338 καὶ
3246 1286 3429 1340 οὐκέτι
3456 1284 3566 1350 οἷός
3607 1304 3667 1340 τε

428 2555 587 2609 ruina
616 2563 739 2623 post
786 2553 949 2607 talem
982 2552 1246 2608 adversus
1276 2550 1613 2622 Stephanum
1646 2552 1999 2614 sententiam,

429 2662 671 2716 praeceps
704 2645 957 2700 abiturus
982 2652 1149 2701 esset.
1170 2644 1641 2709 Quemadmodum
1662 2644 1808 2699 enim
1841 2644 2003 2714 periti

432 2736 650 2790 athleta:
668 2736 965 2791 subeuntes
992 2748 1195 2803 corpus
1224 2733 1664 2788 adversariorum
1695 2749 1791 2803 per
1808 2748 2005 2802 quam-

432 2826 555 2878 dam
581 2824 931 2880 artiiiciosam
959 2824 1256 2895 agilitatem
1288 2831 1454 2893 atque
1496 2823 1855 2887 habilitatcm,
1883 2839 2006 2893 gra-

433 2917 639 2971 viorem
692 2916 904 2987 lapsum
962 2916 1044 2969 eis
1099 2922 1359 2969 struunt:
1391 2914 1465 2968 ita
1523 2928 1754 2984 magnus
1789 2928 2008 2983 quoque

437 3008 749 3077 Stephanus
781 3007 931 3062 humi
967 3014 1275 3075 prostratus
1305 3007 1349 3068 ",
1380 3021 1602 3076 gravem
1638 3006 1786 3060 illam
1814 3013 2009 3061 contu—
2038 3042 2081 3099 Ο

435 3100 645 3154 sionem
676 3097 973 3154 adversarii
996 3096 1249 3151 confecit.

508 3188 645 3244 Hinc
666 3188 809 3244 enim
833 3188 886 3242 in
913 3188 1101 3243 orbem
1123 3196 1394 3243 terrarum
1416 3185 1646 3257 apostoli
1661 3202 1883 3242 currere
1897 3201 2013 3241 c02-

437 3286 654 3348 perunt,
678 3278 782 3334 hoc
806 3279 861 3334 in
886 3293 1078 3333 omnes
1116 3286 1301 3347 partes
1322 3277 1593 3332 sermonis
1624 3276 2014 3347 divulgationis

439 3372 653 3426 initium
688 3380 792 3426 est.
817 3371 954 3427 Nam
987 3371 1096 3426 nisi
1122 3370 1191 3425 ab
1212 3369 1357 3425 illius
1391 3370 1538 3423 caede
1558 3368 2017 3439 populusJudmo-

438 3475 559 3515 rum
574 3461 628 3515 in
643 3459 921 3530 apostolos
937 3459 1179 3515 saavisset
1198 3460 1243 3523 ⁸,
1261 3458 1486 3513 forsitan
1504 3460 1638 3513 solis
1658 3457 2015 3530 Jerosolymis

446 3548 719 3621 Evangelii
751 3549 928 3620 gratia
966 3549 1183 3605 inclusa
1221 3555 1388 3613 esset,
1420 3563 1566 3602 nunc
1596 3563 1727 3603 vero
1768 3548 1952 3617 agitati
1985 3564 2015 3601 a

437 3645 665 3709 Iud-.eis,
700 3642 843 3697 alius
872 3641 981 3695 alio
1001 3640 1242 3710 gentium
1272 3655 1369 3710 per
1390 3639 1576 3694 orbem
1606 3647 1874 3694 terrarum
1904 3639 2016 3694 dis-

442 3739 588 3810 persi
635 3744 784 3799 sunt,
825 3733 1068 3803 undique
1125 3748 1224 3803 per
1268 3733 1653 3802 mysteriorum
1708 3731 2012 3785 doctrinam

440 3826 717 3882 diabolum
760 3824 1134 3878 exturbantes.
1165 3820 1279 3873 Hoc
1319 3820 1483 3876 modo
1513 3819 1763 3874 Samaria
1801 3837 2013 3876 sermo--

441 3933 565 3972 nem
596 3915 826 3985 recipit;
883 3913 987 3968 hoc
1010 3911 1172 3966 modo
1202 3911 1381 3965 obiter
1412 3911 1466 3963 in
1492 3909 1577 3964 via
1603 3911 1752 3966 salus
1780 3911 2014 3965 eunuchi

442 4022 472 4058 a
500 4004 754 4074 Philippo
785 4001 1074 4056 conficitur
1102 4003 1124 4034 ⁸
1150 4015 1163 4053 :
1202 4000 1277 4054 ita
1317 4014 1571 4070 magnum
1604 4000 1733 4055 illud
1758 4000 2019 4057 Ecclesia:

444 4097 867 4151 instrumentum
902 4091 1105 4146 Paulus
1131 4090 1213 4145 ira
1246 4090 1521 4160 minisque
1540 4104 1570 4143 a
1588 4090 1807 4145 diabolo
1832 4106 2017 4147 arma-

444 4196 533 4240 tus
586 4184 854 4239 adversus
897 4183 1074 4252 ipsum
1128 4189 1458 4236 armatorem
1508 4181 1615 4236 tela
1659 4184 1822 4236 vertit
1853 4182 1919 4240 ¹⁰.
1950 4197 2018 4237 ex

443 4277 591 4331 omni
651 4291 776 4331 eum
821 4274 1197 4329 exterminans
1227 4273 1361 4327 orbe
1395 4280 1687 4338 terrarum,
1721 4282 1782 4328 ut
1804 4275 2016 4329 nullum

2102 2552 2401 2618 ὑποϐάντες
2444 2554 2524 2623 τῷ
2572 2553 2784 2624 σώματι
2815 2554 2923 2607 τῶν
2963 2556 3477 2625 προσπαλαιόντων,
3526 2556 3671 2625 χαλε-

2104 2643 2349 2715 πώτερον
2400 2645 2583 2707 αὐτοῖς
2628 2644 2719 2697 διά
2762 2661 2909 2707 τινος
2947 2645 3199 2714 τεχνικῆς
3251 2644 3573 2715 εὐστροφίας
3619 2644 3679 2695 τὸ

2104 2735 2305 2804 πτῶμα
2350 2734 2849 2798 κατασκευάζουσιν
2878 2751 2890 2765 ·
2942 2734 3085 2789 οῦτω
3129 2736 3224 2789 καὶ
3261 2738 3289 2790 6
3341 2736 3515 2807 μέγας
3554 2735 3672 2788 Στέο

2106 2843 2294 2895 φανος,
2330 2828 2411 2890 είς
2438 2828 2540 2897 γῆν
2567 2826 2793 2891 κλιθεὶς,
2812 2826 2874 2878 τὸ
2890 2827 3121 2896 χαλεπὸν
3146 2828 3458 2901 σύντριμμα
3481 2829 3574 2883 τοῦ
3591 2829 3679 2882 ἀν-

2106 2918 2417 2990 τικειμένου
2455 2918 2770 2990 εἰργάσατο.

2196 3183 2475 3240 Ἐντεῦθεν
2504 3184 2612 3256 γὰρ
2643 3184 2852 3255 γίνεται
2882 3186 2993 3248 τοῖς
3025 3185 3344 3248 ἀποστόλοις
3370 3186 3463 3240 ἐπὶ
3488 3185 3585 3256 τὴν
3610 3185 3681 3240 ol-

2115 3275 2385 3345 κουμένην
2417 3276 2446 3329 6
2490 3275 2713 3347 δρόμος·
2764 3274 2907 3344 αῦτη
2954 3276 3053 3345 τῆς
3098 3276 3370 3346 πανταχοῦ
3402 3276 3496 3329 τοῦ
3532 3276 3683 3344 λόγου

2114 3366 2504 3435 διαφοιτήσεως
2556 3367 2590 3437 ή
2634 3366 2801 3437 ἀρχή.
2858 3367 2921 3419 Ei
2950 3366 3060 3437 γὰρ
3101 3367 3174 3437 μὴ
3219 3370 3283 3435 τῇ
3329 3369 3449 3420 κατ’
3482 3368 3684 3420 ἐκείνου

2118 3458 2398 3529 μιαιφονίᾳ
2421 3458 2451 3509 6
2488 3457 2660 3527 δῆμος
2695 3458 2803 3512 τῶν
2844 3459 3109 3512 Ἰουδαίων
3153 3461 3292 3512 κατά
3327 3460 3435 3512 τῶν
3464 3460 3666 3514 ἀποστό

2114 3550 2220 3603 λων
2262 3549 2437 3620 ἐμάνη
2463 3587 2478 3613 ,
2533 3548 2716 3617 μόνοις
2771 3550 2839 3603 ἂν
2886 3550 3025 3619 τάχα
3081 3550 3475 3621 Ἰεροσολύμοις
3525 3552 3559 3621 ἡ
3596 3550 3685 3604 τοῦ

2116 3638 2446 3708 Εὑαγγελίου
2472 3640 2630 3711 χάρις
2659 3639 3037 3693 ὲναπεκλείετο
3061 3655 3075 3670 ο
3124 3641 3240 3694 νυνὶ
3283 3641 3341 3694 δὲ
3374 3640 3687 3711 διωχθέντες

2116 3730 2269 3803 παρά
2296 3730 2400 3784 τῶν
2440 3729 2727 3794 Ἰουδαίων,
2760 3729 2920 3793 ἀλλος
2956 3729 3164 3800 ἀλλαχῆ
3191 3731 3297 3784 τῶν
3322 3730 3462 3784 κατά
3487 3731 3587 3800 τὴν
3615 3732 3665 3784 oi

2116 3820 2388 3890 κουμένην
2425 3819 2595 3873 ἐθνῶν
2637 3817 2925 3891 διεσπάρη,
2963 3819 3297 3890 πανταχόθεν
3334 3820 3425 3873 τὸν
3450 3819 3688 3874 διάϐολον

2115 3910 2203 3962 διά
2220 3910 2321 3978 τῆς
2344 3908 2452 3962 τῶν
2471 3909 2781 3979 μυστηρίων
2805 3909 3149 3970 διδασκαλίας
3166 3908 3517 3982 ἐξείργοντες.
3538 3910 3689 3965 Οῦτω

2115 4000 2328 4069 δέχεται
2351 4000 2441 4053 τὸν
2464 3999 2619 4067 λόγον
2652 4001 2687 4070 ἡ
2721 3999 3001 4071 Σαμάρεια
3028 4016 3041 4030 ·
3071 4000 3244 4063 οὓτως
3268 4000 3388 4053 ὀδοῦ
3418 4002 3689 4072 πάρεργον

2116 4095 2151 4163 ἡ
2180 4092 2272 4145 τοῦ
2298 4091 2550 4161 εὐνούχου
2585 4091 2827 4163 σωτηρία
2853 4091 3005 4162 παρά
3026 4090 3118 4144 τοῦ
3149 4093 3416 4146 Φιλίππου
3451 4096 3690 4163 γίνεταιο

2117 4183 2260 4237 οῦτω
2287 4186 2348 4237 τὸ
2383 4183 2527 4255 μέγα
2560 4182 2752 4245 σκεῦος
2776 4182 2876 4254 τῆς
2913 4181 3237 4254 Ἐκκλησίας
3280 4184 3512 4250 Παῦλος,
3536 4185 3691 4255 θυμῷ

2118 4276 2211 4328 καὶ
2241 4273 2437 4345 ἀπειλῇ
2466 4274 2617 4345 παρά
2649 4273 2743 4327 τοῦ
2772 4274 3016 4328 διαϐόλου
3048 4275 3446 4340 καθοπλισθεὶς,
3482 4279 3569 4330 ἐπ’
3597 4279 3681 4331 αὑ-

448 4370 780 4438 relinqueret
835 4366 1013 4420 locum
1072 4365 1195 4420 fidei
1241 4364 1447 4421 Christi
1481 4365 1845 4421 inaccessum.
1879 4364 2016 4421 Hinc

2121 4367 2210 4420 τὸν
2257 4368 2448 4438 τρέπει
2494 4366 2586 4420 τὸν
2633 4365 2859 4437 ὁπλίτην
2898 4366 3000 4430 τὰς
3040 4366 3267 4431 ἀκίδας,
3311 4368 3494 4438 πάσης
3533 4370 3692 4424 αὐτὸν

444 4459 707 4530 Egyptii,
767 4456 914 4529 Syri,
964 4456 1175 4520 Parthi,
1223 4465 1279 4513 et
1315 4456 1766 4527 Mesopotamiae,
1795 4457 1917 4511 Itali
1965 4465 2021 4512 et

444 4550 607 4613 Galli,
642 4549 838 4619 Illyrii,
873 4548 1196 4604 Macedones
1245 4548 1524 4604 Christum
1588 4557 1913 4617 agnoscunt,
1967 4558 2021 4605 et

446 4658 639 4696 omnes
670 4641 910 4711 undique
941 4649 1131 4710 gentes
1188 4656 1370 4696 sermo
1400 4655 1728 4711 percurrens
1763 4642 1830 4696 ad
1861 4642 2020 4697 fidem

447 4731 693 4785 adducit.
720 4729 886 4786 Vides
900 4729 1160 4801 Stephani
1187 4729 1498 4784 athleticam
1516 4730 1838 4784 scientiam?
1859 4746 2020 4801 quam

449 4823 635 4877 multis
671 4822 851 4879 ruinis
882 4821 1119 4876 obtritus
1149 4822 1221 4876 sit
1246 4821 1614 4884 adversarius,
1646 4836 1770 4875 cum
1799 4836 1897 4892 per
1931 4835 2025 4875 ca-

448 4914 710 4967 lmnniam
739 4912 1059 4969 adversario
1087 4911 1338 4982 superior
1384 4909 1555 4967 fuisse
1582 4911 1895 4967 videretur?
1918 4910 2026 4967 Ve-

450 5017 569 5054 rum
607 5001 672 5054 ad
709 5002 947 5055 stadium
980 5001 1160 5056 denuo
1202 5008 1563 5057 revertamur.
1603 5001 1813 5068 Quibus
1843 5002 2026 5059 verbis

451 5093 714 5162 populum
733 5092 1014 5146 concitant
1034 5092 1505 5148 calumniatores?
1528 5092 1651 5147 Non
1683 5094 1904 5158 desinit,
1940 5096 2026 5149 in-

453 5184 669 5252 quiunt,
718 5183 873 5237 verba
924 5185 1302 5238 contumeliosa
1361 5184 1503 5253 loqui
1561 5183 1809 5238 adversus
1853 5186 2025 5239 locum

453 5274 587 5326 hunc
610 5284 851 5327 sanctum
882 5285 932 5328 et
963 5274 1123 5344 legem
1154 5290 1174 5327 :
1212 5273 1507 5328 audivimus
1543 5277 1682 5328 enim
1710 5291 1775 5328 ea;
1799 5291 1880 5337 eo,
1907 5292 2025 5329 cum

452 5363 676 5426 diceret,
699 5362 855 5418 Jesus
897 5364 1215 5420 Nazarenus
1242 5367 1324 5420 hic
1345 5366 1658 5422 demolietur
1676 5366 1846 5419 locum
1866 5367 2022 5433 hunc,

453 5462 504 5508 et
527 5455 749 5508 mutabit
770 5455 1036 5525 instituta,
1054 5473 1172 5527 quas
1201 5458 1351 5513 nobis
1368 5458 1590 5513 tradidit
1610 5456 1665 5511 Μ
1669 5458 1888 5527 oyses”.
1916 5458 2023 5512 Ac-

526 5630 693 5686 !Act.
724 5647 820 5699 vn,
855 5632 945 5687 59.
1018 5632 1040 5665 ⁸
1068 5632 1208 5689 Ibid.
1283 5634 1304 5666 '
1330 5635 1452 5689 Act.
1486 5633 1695 5699 “11,27
1729 5649 1852 5703 sqq.

2122 4457 2460 4527 ὐπερορίζων
2490 4457 2589 4526 τῆς
2617 4456 2962 4527 οἰκουμένης,
2990 4454 3067 4519 ὡς
3098 4456 3302 4526 μηδένα
3332 4457 3497 4510 τόπον
3528 4475 3681 4511 κατα-

2122 4546 2296 4599 λιπεῖν
2332 4548 2398 4616 τῇ
2430 4545 2610 4597 πίστει
2638 4544 2734 4597 τοῦ
2770 4544 3007 4616 Χριστοῦ
3031 4545 3374 4600 ἀνεπίϐατον.
3419 4548 3694 4601 Ἐντεῦθεν

2123 4637 2428 4703 Αἰγύπτιοι,
2458 4635 2643 4705 Σύροι,
2679 4635 2883 4707 Πάρθοι
2924 4636 3019 4688 καὶ⁵
3050 4636 3517 4707 Μεσοποταμῖται,
3564 4640 3691 4693 ἰταο

2122 4731 2204 4783 λοὶ
2238 4730 2333 4784 καὶ
2370 4728 2626 4793 Γαλάται,
2656 4728 2923 4799 Ἰλλυριοὶ,
2960 4728 3265 4791 Μακεδόνες
3288 4771 3303 4793 ,
3342 4729 3437 4786 καὶ
3469 4730 3537 4783 τά
3564 4748 3697 4783 παν-

2120 4821 2346 4891 ταχόθεν
2376 4820 2503 4889 ἔθνη
2533 4818 2797 4890 προσάγει
2829 4821 2895 4889 τῇ
2933 4819 3112 4873 πίστει
3133 4818 3427 4892 διατρέχων
3457 4823 3486 4873 ό
3518 4821 3694 4890 λόγος.

2132 4914 2293 4984 Ὀρᾷς
2307 4911 2400 4966 τοῦ
2418 4910 2694 4979 Στεφάνου
2709 4910 2809 4979 τὴν
2823 4910 3119 4981 ἀθλητικὴν
3134 4911 3443 4982 ἐπιστήμην
3465 4930 3480 4977 ;
3512 4912 3696 4975 πόσοις

2126 5006 2413 5078 συνετρίϐη
2471 5004 2755 5073 πτώμασιν
2800 5004 2830 5055 6
2862 5002 3191 5067 ἀντίπαλος,
3250 5002 3407 5069 δόξας
3462 5002 3552 5057 διά
3594 5004 3696 5073 τῆς

2126 5093 2483 5161 συκοφαντίας
2507 5092 2804 5162 ὑπέρτερος
2824 5091 2919 5143 τοῦ
2941 5091 3404 5161 προσπαλαίοντος
3424 5093 3693 5161 γενέσθας

2138 5183 2277 5237 Ἀλλ’
2306 5181 2689 5251 ἐπανέλθωμεν
2719 5181 2885 5235 πάλιν
2910 5181 3004 5234 ἐπὶ
3029 5182 3088 5234 τὸ
3120 5183 3347 5238 στάδιον.
3375 5184 3497 5238 Τίσι
3523 5185 3697 5252 λόγοις

2126 5274 2440 5329 ἀνακινοῦσι
2467 5273 2557 5326 τὸν
2593 5272 2761 5343 δῆμον
2796 5275 2846 5326 οί
2892 5274 3255 5344 συκοφάνται;
3308 5278 3390 5330 Οὐ
3426 5279 3695 5341 παύεται,

2127 5366 2281 5437 φασὶ,
2314 5363 2521 5419 λαλῶν
2548 5366 2787 5433 ῥήματα
2808 5366 3152 5435 ,βλάσφημα
3185 5367 3335 5421 κατὰ
3371 5368 3477 5421 τοῦ
3510 5371 3698 5423 τόπου

2125 5460 2231 5513 τοῦ
2258 5459 2430 5529 ἁγίου
2457 5460 2669 5512 τούτου
2697 5458 2797 5511 καί
2821 5457 2929 5512 τοῦ
2954 5460 3142 5529 νόμου
3167 5476 3181 5492 ·
3222 5460 3561 5529 ἀκηκόαμεν
3590 5460 3700 5530 γὰρ

1931 5633 2134 5696 ιολΑςι,
2178 5648 2273 5701 vn,
2301 5632 2391 5688 57.
2473 5633 2511 5663 “
2549 5631 2689 5689 lbid.
2728 5631 2787 5686 H
2825 5647 2947 5702 sq‘l-
