  <div class='ocr_page' id='page_1' title='image "/cluster/home/n/w/nwhite01/storage/ocr_20150623/46/nnc1.0046978380/362.png"; bbox 0 0 4154 6354; ppageno 0'>
   <div class='ocr_carea' id='block_1_1' title="bbox 423 311 527 368">
    <p class='ocr_par' dir='ltr' id='par_1_1' title="bbox 423 311 527 368">
     <span class='ocr_line' id='line_1_1' title="bbox 423 311 527 368; baseline 0 0"><span class='ocrx_word' id='word_1_1' title='bbox 423 311 527 368; x_wconf 72' lang='lat'><strong>709</strong></span> 
     </span>
    </p>
   </div>
   <div class='ocr_carea' id='block_1_2' title="bbox 1695 307 2383 368">
    <p class='ocr_par' dir='ltr' id='par_1_2' title="bbox 1695 307 2383 368">
     <span class='ocr_line' id='line_1_2' title="bbox 1695 307 2383 368; baseline 0 -3"><span class='ocrx_word' id='word_1_2' title='bbox 1695 350 1698 353; x_wconf 50' lang='grc' dir='ltr'><strong>λ</strong></span> <span class='ocrx_word' id='word_1_3' title='bbox 1721 310 1787 365; x_wconf 84' lang='grc' dir='ltr'><strong>ΙΝ</strong></span> <span class='ocrx_word' id='word_1_4' title='bbox 1827 309 1885 365; x_wconf 91' lang='lat' dir='ltr'><strong>S.</strong></span> <span class='ocrx_word' id='word_1_5' title='bbox 1940 307 2383 368; x_wconf 77' lang='lat' dir='ltr'><strong>STEPHANUM.</strong></span> 
     </span>
    </p>
   </div>
   <div class='ocr_carea' id='block_1_3' title="bbox 3578 312 3686 368">
    <p class='ocr_par' dir='ltr' id='par_1_3' title="bbox 3578 312 3686 368">
     <span class='ocr_line' id='line_1_3' title="bbox 3578 312 3686 368; baseline 0.009 -1"><span class='ocrx_word' id='word_1_6' title='bbox 3578 312 3686 368; x_wconf 74' lang='grc'><strong>710</strong></span> 
     </span>
    </p>
   </div>
   <div class='ocr_carea' id='block_1_4' title="bbox 418 421 2003 499">
    <p class='ocr_par' dir='ltr' id='par_1_4' title="bbox 418 421 2000 499">
     <span class='ocr_line' id='line_1_4' title="bbox 418 421 2000 499; baseline -0.003 -16"><span class='ocrx_word' id='word_1_7' title='bbox 418 428 607 483; x_wconf 72' lang='grc' dir='ltr'>αὐτοῦ</span> <span class='ocrx_word' id='word_1_8' title='bbox 631 427 939 499; x_wconf 61' lang='grc' dir='ltr'>λέγοντος,</span> <span class='ocrx_word' id='word_1_9' title='bbox 982 427 1072 481; x_wconf 85' lang='grc' dir='ltr'>ὅτι</span> <span class='ocrx_word' id='word_1_10' title='bbox 1118 427 1348 495; x_wconf 74' lang='grc' dir='ltr'>Ἰησοῦς</span> <span class='ocrx_word' id='word_1_11' title='bbox 1376 431 1408 482; x_wconf 85' lang='grc' dir='ltr'><em>ὀ</em></span> <span class='ocrx_word' id='word_1_12' title='bbox 1459 427 1789 499; x_wconf 79' lang='grc' dir='ltr'><strong>Ναζωραῖος</strong></span> <span class='ocrx_word' id='word_1_13' title='bbox 1821 421 2000 492; x_wconf 84' lang='grc' dir='ltr'>οὗτος</span> 
     </span>
    </p>
   </div>
   <div class='ocr_carea' id='block_1_5' title="bbox 2103 421 3685 499">
    <p class='ocr_par' dir='ltr' id='par_1_5' title="bbox 2103 427 3685 499">
     <span class='ocr_line' id='line_1_5' title="bbox 2103 427 3685 499; baseline 0.002 -17"><span class='ocrx_word' id='word_1_14' title='bbox 2103 429 2318 484; x_wconf 85' lang='lat' dir='ltr'><strong>cusatio</strong></span> <span class='ocrx_word' id='word_1_15' title='bbox 2380 428 2598 499; x_wconf 85' lang='lat' dir='ltr'><strong>quidem</strong></span> <span class='ocrx_word' id='word_1_16' title='bbox 2664 427 2865 485; x_wconf 87' lang='lat' dir='ltr'><strong>diaboli</strong></span> <span class='ocrx_word' id='word_1_17' title='bbox 2924 433 3203 485; x_wconf 89' lang='lat' dir='ltr'><strong>oratorum</strong></span> <span class='ocrx_word' id='word_1_18' title='bbox 3258 427 3386 484; x_wconf 89' lang='lat' dir='ltr'><strong>talis</strong></span> <span class='ocrx_word' id='word_1_19' title='bbox 3420 435 3527 484; x_wconf 91' lang='lat' dir='ltr'><strong>est.</strong></span> <span class='ocrx_word' id='word_1_20' title='bbox 3576 429 3685 486; x_wconf 87' lang='lat' dir='ltr'><strong>Sed</strong></span> 
     </span>
    </p>
   </div>
   <div class='ocr_carea' id='block_1_6' title="bbox 419 518 2000 585">
    <p class='ocr_par' dir='ltr' id='par_1_6' title="bbox 419 518 2000 585">
     <span class='ocr_line' id='line_1_6' title="bbox 419 518 2000 585; baseline -0.002 -11"><span class='ocrx_word' id='word_1_21' title='bbox 419 520 750 574; x_wconf 72' lang='grc' dir='ltr'>καταλύσει</span> <span class='ocrx_word' id='word_1_22' title='bbox 783 521 889 574; x_wconf 81' lang='grc' dir='ltr'><strong>τὸν</strong></span> <span class='ocrx_word' id='word_1_23' title='bbox 914 520 1099 574; x_wconf 80' lang='grc' dir='ltr'>τόπον</span> <span class='ocrx_word' id='word_1_24' title='bbox 1125 520 1361 585; x_wconf 80' lang='grc' dir='ltr'>τοῦτον,</span> <span class='ocrx_word' id='word_1_25' title='bbox 1401 520 1499 573; x_wconf 77' lang='grc' dir='ltr'>καὶ</span> <span class='ocrx_word' id='word_1_26' title='bbox 1523 518 1775 584; x_wconf 74' lang='grc' dir='ltr'>ἀλλάξει</span> <span class='ocrx_word' id='word_1_27' title='bbox 1803 518 1876 571; x_wconf 85' lang='grc' dir='ltr'>τὰ</span> <span class='ocrx_word' id='word_1_28' title='bbox 1894 518 2000 585; x_wconf 74' lang='grc' dir='ltr'>ἔθη</span> 
     </span>
    </p>
   </div>
   <div class='ocr_carea' id='block_1_7' title="bbox 418 608 2003 683">
    <p class='ocr_par' dir='ltr' id='par_1_7' title="bbox 418 608 2003 683">
     <span class='ocr_line' id='line_1_7' title="bbox 418 608 2003 683; baseline -0.004 -14"><span class='ocrx_word' id='word_1_29' title='bbox 418 611 459 669; x_wconf 66' lang='grc' dir='ltr'><strong>α</strong></span> <span class='ocrx_word' id='word_1_30' title='bbox 482 611 825 680; x_wconf 76' lang='grc' dir='ltr'>παρέδωκεν</span> <span class='ocrx_word' id='word_1_31' title='bbox 848 611 993 681; x_wconf 74' lang='grc' dir='ltr'>ἡμῖν</span> <span class='ocrx_word' id='word_1_32' title='bbox 1017 612 1302 682; x_wconf 83' lang='grc' dir='ltr'>Μωῡσῆς.</span> <span class='ocrx_word' id='word_1_33' title='bbox 1345 613 1409 665; x_wconf 84' lang='grc' dir='ltr'>Ἡ</span> <span class='ocrx_word' id='word_1_34' title='bbox 1441 613 1540 683; x_wconf 85' lang='grc' dir='ltr'>μὲν</span> <span class='ocrx_word' id='word_1_35' title='bbox 1568 608 1663 666; x_wconf 82' lang='grc' dir='ltr'><strong>οὖν</strong></span> <span class='ocrx_word' id='word_1_36' title='bbox 1698 608 2003 681; x_wconf 83' lang='grc' dir='ltr'><strong>κατηγορία</strong></span> 
     </span>
    </p>
   </div>
   <div class='ocr_carea' id='block_1_8' title="bbox 417 698 2002 775">
    <p class='ocr_par' dir='ltr' id='par_1_8' title="bbox 417 698 2002 775">
     <span class='ocr_line' id='line_1_8' title="bbox 417 698 2002 775; baseline -0.001 -21"><span class='ocrx_word' id='word_1_37' title='bbox 417 702 526 754; x_wconf 89' lang='grc' dir='ltr'><strong>τῶν</strong></span> <span class='ocrx_word' id='word_1_38' title='bbox 579 701 674 756; x_wconf 75' lang='grc' dir='ltr'>τοῦ</span> <span class='ocrx_word' id='word_1_39' title='bbox 730 702 977 755; x_wconf 86' lang='grc' dir='ltr'>διαϐόλου</span> <span class='ocrx_word' id='word_1_40' title='bbox 1033 704 1281 775; x_wconf 76' lang='grc' dir='ltr'>ῥητόρων</span> <span class='ocrx_word' id='word_1_41' title='bbox 1340 702 1587 774; x_wconf 82' lang='grc' dir='ltr'><strong>τοιαύτη.</strong></span> <span class='ocrx_word' id='word_1_42' title='bbox 1658 702 1727 755; x_wconf 82' lang='grc' dir='ltr'><strong>Ἦ</strong></span> <span class='ocrx_word' id='word_1_43' title='bbox 1784 700 1843 755; x_wconf 81' lang='grc' dir='ltr'>δὲ</span> <span class='ocrx_word' id='word_1_44' title='bbox 1892 698 2002 753; x_wconf 85' lang='grc' dir='ltr'><strong>τῶν</strong></span> 
     </span>
    </p>
   </div>
   <div class='ocr_carea' id='block_1_9' title="bbox 419 793 2002 866">
    <p class='ocr_par' dir='ltr' id='par_1_9' title="bbox 419 793 2002 866">
     <span class='ocr_line' id='line_1_9' title="bbox 419 793 2002 866; baseline 0.001 -19"><span class='ocrx_word' id='word_1_45' title='bbox 419 794 726 848; x_wconf 77' lang='grc' dir='ltr'><strong>ἀκουόντων</strong></span> <span class='ocrx_word' id='word_1_46' title='bbox 773 796 927 849; x_wconf 85' lang='grc' dir='ltr'>ἄνοια</span> <span class='ocrx_word' id='word_1_47' title='bbox 970 795 1088 862; x_wconf 89' lang='grc' dir='ltr'>τίς;</span> <span class='ocrx_word' id='word_1_48' title='bbox 1153 797 1280 850; x_wconf 80' lang='grc' dir='ltr'>Ἐπὶ</span> <span class='ocrx_word' id='word_1_49' title='bbox 1330 797 1437 850; x_wconf 88' lang='grc' dir='ltr'>τίνι</span> <span class='ocrx_word' id='word_1_50' title='bbox 1495 794 1877 866; x_wconf 80' lang='grc' dir='ltr'><strong>χαλεπαίνουσι</strong></span> <span class='ocrx_word' id='word_1_51' title='bbox 1922 793 2002 865; x_wconf 84' lang='grc' dir='ltr'>τῷ</span> 
     </span>
    </p>
   </div>
   <div class='ocr_carea' id='block_1_10' title="bbox 419 885 2003 958">
    <p class='ocr_par' dir='ltr' id='par_1_10' title="bbox 419 885 2003 958">
     <span class='ocr_line' id='line_1_10' title="bbox 419 885 2003 958; baseline 0 -19"><span class='ocrx_word' id='word_1_52' title='bbox 419 886 887 955; x_wconf 88' lang='grc' dir='ltr'>κατηγορηθέντι;</span> <span class='ocrx_word' id='word_1_53' title='bbox 967 887 1089 940; x_wconf 87' lang='grc' dir='ltr'>τίνα</span> <span class='ocrx_word' id='word_1_54' title='bbox 1144 887 1342 941; x_wconf 81' lang='grc' dir='ltr'>κακίαν</span> <span class='ocrx_word' id='word_1_55' title='bbox 1401 888 1460 940; x_wconf 81' lang='grc' dir='ltr'><strong>ἐν</strong></span> <span class='ocrx_word' id='word_1_56' title='bbox 1525 889 1639 950; x_wconf 88' lang='grc' dir='ltr'>τοῖς</span> <span class='ocrx_word' id='word_1_57' title='bbox 1690 885 2003 958; x_wconf 74' lang='grc' dir='ltr'><strong>εἰρημένοις</strong></span> 
     </span>
    </p>
   </div>
   <div class='ocr_carea' id='block_1_11' title="bbox 418 975 2001 1053">
    <p class='ocr_par' dir='ltr' id='par_1_11' title="bbox 418 975 2001 1053">
     <span class='ocr_line' id='line_1_11' title="bbox 418 975 2001 1053; baseline 0.001 -26"><span class='ocrx_word' id='word_1_58' title='bbox 418 975 744 1047; x_wconf 85' lang='grc' dir='ltr'>ἐφώρασαν;</span> <span class='ocrx_word' id='word_1_59' title='bbox 773 976 852 1030; x_wconf 89' lang='grc' dir='ltr'><strong>Τά</strong></span> <span class='ocrx_word' id='word_1_60' title='bbox 878 977 976 1047; x_wconf 81' lang='grc' dir='ltr'><strong>μὲν</strong></span> <span class='ocrx_word' id='word_1_61' title='bbox 991 978 1100 1049; x_wconf 82' lang='grc' dir='ltr'><strong>γὰρ</strong></span> <span class='ocrx_word' id='word_1_62' title='bbox 1127 979 1511 1053; x_wconf 84' lang='grc' dir='ltr'>προφερόμενα</span> <span class='ocrx_word' id='word_1_63' title='bbox 1530 979 1649 1032; x_wconf 86' lang='grc' dir='ltr'>κατ’</span> <span class='ocrx_word' id='word_1_64' title='bbox 1680 977 1869 1043; x_wconf 81' lang='grc' dir='ltr'>αὐτοῦ,</span> <span class='ocrx_word' id='word_1_65' title='bbox 1890 976 2001 1030; x_wconf 87' lang='grc' dir='ltr'><strong>τῶν</strong></span> 
     </span>
    </p>
   </div>
   <div class='ocr_carea' id='block_1_12' title="bbox 418 1063 2001 1140">
    <p class='ocr_par' dir='ltr' id='par_1_12' title="bbox 418 1063 2001 1140">
     <span class='ocr_line' id='line_1_12' title="bbox 418 1063 2001 1140; baseline 0.001 -23"><span class='ocrx_word' id='word_1_66' title='bbox 418 1065 709 1137; x_wconf 77' lang='grc' dir='ltr'><strong>ἐσύστερον</strong></span> <span class='ocrx_word' id='word_1_67' title='bbox 742 1066 1126 1137; x_wconf 85' lang='grc' dir='ltr'>ἐκϐησομένων</span> <span class='ocrx_word' id='word_1_68' title='bbox 1159 1063 1248 1137; x_wconf 82' lang='grc' dir='ltr'>ἦν.</span> <span class='ocrx_word' id='word_1_69' title='bbox 1297 1068 1546 1137; x_wconf 81' lang='grc' dir='ltr'>Ἔφησαν</span> <span class='ocrx_word' id='word_1_70' title='bbox 1573 1067 1681 1140; x_wconf 85' lang='grc' dir='ltr'>γὰρ</span> <span class='ocrx_word' id='word_1_71' title='bbox 1714 1068 1876 1121; x_wconf 81' lang='grc' dir='ltr'>αὑτὸν</span> <span class='ocrx_word' id='word_1_72' title='bbox 1920 1068 2001 1119; x_wconf 86' lang='grc' dir='ltr'><strong>εἰ-</strong></span> 
     </span>
    </p>
   </div>
   <div class='ocr_carea' id='block_1_13' title="bbox 425 1157 2002 1231">
    <p class='ocr_par' dir='ltr' id='par_1_13' title="bbox 425 1157 2002 1231">
     <span class='ocr_line' id='line_1_13' title="bbox 425 1157 2002 1231; baseline 0.003 -22"><span class='ocrx_word' id='word_1_73' title='bbox 425 1157 669 1228; x_wconf 86' lang='grc' dir='ltr'>ρηκέναι,</span> <span class='ocrx_word' id='word_1_74' title='bbox 702 1158 794 1212; x_wconf 85' lang='grc' dir='ltr'><strong>τὸν</strong></span> <span class='ocrx_word' id='word_1_75' title='bbox 834 1159 997 1213; x_wconf 88' lang='grc' dir='ltr'>τόπον</span> <span class='ocrx_word' id='word_1_76' title='bbox 1025 1159 1523 1231; x_wconf 81' lang='grc' dir='ltr'><strong>καταλυθήσεσθαι,</strong></span> <span class='ocrx_word' id='word_1_77' title='bbox 1559 1162 1656 1214; x_wconf 79' lang='grc' dir='ltr'><strong>καὶ</strong></span> <span class='ocrx_word' id='word_1_78' title='bbox 1694 1161 1763 1214; x_wconf 86' lang='grc' dir='ltr'>τὰ</span> <span class='ocrx_word' id='word_1_79' title='bbox 1797 1161 2002 1231; x_wconf 88' lang='grc' dir='ltr'>νόμιμα</span> 
     </span>
    </p>
   </div>
   <div class='ocr_carea' id='block_1_14' title="bbox 418 1247 2002 1321">
    <p class='ocr_par' dir='ltr' id='par_1_14' title="bbox 418 1247 2002 1321">
     <span class='ocr_line' id='line_1_14' title="bbox 418 1247 2002 1321; baseline 0.002 -21"><span class='ocrx_word' id='word_1_80' title='bbox 418 1248 513 1300; x_wconf 80' lang='grc' dir='ltr'>τοῦ</span> <span class='ocrx_word' id='word_1_81' title='bbox 538 1248 814 1313; x_wconf 85' lang='grc' dir='ltr'>Μωῦσέως</span> <span class='ocrx_word' id='word_1_82' title='bbox 846 1250 1327 1321; x_wconf 83' lang='grc' dir='ltr'>μετατεθήσεσθαι.</span> <span class='ocrx_word' id='word_1_83' title='bbox 1352 1252 1417 1304; x_wconf 89' lang='grc' dir='ltr'>Τί</span> <span class='ocrx_word' id='word_1_84' title='bbox 1442 1247 1534 1306; x_wconf 82' lang='grc' dir='ltr'><strong>οὖν</strong></span> <span class='ocrx_word' id='word_1_85' title='bbox 1568 1254 1624 1305; x_wconf 87' lang='grc' dir='ltr'><strong>ἐν</strong></span> <span class='ocrx_word' id='word_1_86' title='bbox 1651 1252 1862 1314; x_wconf 82' lang='grc' dir='ltr'>τούτοις</span> <span class='ocrx_word' id='word_1_87' title='bbox 1884 1250 2002 1304; x_wconf 79' lang='grc' dir='ltr'>ἐστὶ</span> 
     </span>
    </p>
   </div>
   <div class='ocr_carea' id='block_1_15' title="bbox 420 1340 2001 1415">
    <p class='ocr_par' dir='ltr' id='par_1_15' title="bbox 420 1340 2001 1415">
     <span class='ocr_line' id='line_1_15' title="bbox 420 1340 2001 1415; baseline 0.003 -24"><span class='ocrx_word' id='word_1_88' title='bbox 420 1340 481 1392; x_wconf 69' lang='grc' dir='ltr'>τὸ</span> <span class='ocrx_word' id='word_1_89' title='bbox 509 1341 774 1412; x_wconf 86' lang='grc' dir='ltr'>ἀδίκημα,</span> <span class='ocrx_word' id='word_1_90' title='bbox 808 1340 909 1395; x_wconf 81' lang='grc' dir='ltr'>κᾶν</span> <span class='ocrx_word' id='word_1_91' title='bbox 935 1341 1194 1415; x_wconf 86' lang='grc' dir='ltr'>ἀληθεύῃ,</span> <span class='ocrx_word' id='word_1_92' title='bbox 1223 1341 1325 1397; x_wconf 80' lang='grc' dir='ltr'><strong>κᾶν</strong></span> <span class='ocrx_word' id='word_1_93' title='bbox 1352 1343 1651 1415; x_wconf 78' lang='grc' dir='ltr'>ψεύδηται;</span> <span class='ocrx_word' id='word_1_94' title='bbox 1680 1346 1743 1397; x_wconf 79' lang='lat' dir='ltr'><strong>Et</strong></span> <span class='ocrx_word' id='word_1_95' title='bbox 1772 1344 1870 1414; x_wconf 82' lang='grc' dir='ltr'><strong>μὲν</strong></span> <span class='ocrx_word' id='word_1_96' title='bbox 1891 1343 2001 1413; x_wconf 84' lang='grc' dir='ltr'><strong>γὰρ</strong></span> 
     </span>
    </p>
   </div>
   <div class='ocr_carea' id='block_1_16' title="bbox 418 1430 1999 1507">
    <p class='ocr_par' dir='ltr' id='par_1_16' title="bbox 418 1430 1999 1507">
     <span class='ocr_line' id='line_1_16' title="bbox 418 1430 1999 1507; baseline 0.002 -23"><span class='ocrx_word' id='word_1_97' title='bbox 418 1430 695 1500; x_wconf 73' lang='grc' dir='ltr'>ψεύδεται,</span> <span class='ocrx_word' id='word_1_98' title='bbox 723 1432 786 1486; x_wconf 82' lang='grc' dir='ltr'><strong>τὸ</strong></span> <span class='ocrx_word' id='word_1_99' title='bbox 812 1432 1016 1487; x_wconf 84' lang='grc' dir='ltr'>λυποῦν</span> <span class='ocrx_word' id='word_1_100' title='bbox 1040 1436 1141 1487; x_wconf 78' lang='grc' dir='ltr'><strong>οὐκ</strong></span> <span class='ocrx_word' id='word_1_101' title='bbox 1168 1435 1461 1506; x_wconf 83' lang='grc' dir='ltr'>ἐκϐήσεται</span> <span class='ocrx_word' id='word_1_102' title='bbox 1485 1452 1499 1466; x_wconf 87' lang='grc'><strong>·</strong></span> <span class='ocrx_word' id='word_1_103' title='bbox 1550 1439 1599 1489; x_wconf 88' lang='grc' dir='ltr'><strong>εί</strong></span> <span class='ocrx_word' id='word_1_104' title='bbox 1632 1437 1687 1489; x_wconf 88' lang='grc' dir='ltr'>δὲ</span> <span class='ocrx_word' id='word_1_105' title='bbox 1726 1436 1999 1507; x_wconf 82' lang='grc' dir='ltr'>ἀληθεύει,</span> 
     </span>
    </p>
   </div>
   <div class='ocr_carea' id='block_1_17' title="bbox 418 1526 2000 1601">
    <p class='ocr_par' dir='ltr' id='par_1_17' title="bbox 418 1526 2000 1601">
     <span class='ocr_line' id='line_1_17' title="bbox 418 1526 2000 1601; baseline 0.002 -21"><span class='ocrx_word' id='word_1_106' title='bbox 418 1527 473 1580; x_wconf 88' lang='grc' dir='ltr'><strong>τί</strong></span> <span class='ocrx_word' id='word_1_107' title='bbox 517 1526 692 1580; x_wconf 85' lang='grc' dir='ltr'>ἀδικεῖ</span> <span class='ocrx_word' id='word_1_108' title='bbox 733 1527 763 1578; x_wconf 98' lang='lat'><strong>6</strong></span> <span class='ocrx_word' id='word_1_109' title='bbox 806 1526 963 1596; x_wconf 83' lang='grc' dir='ltr'>λόγος</span> <span class='ocrx_word' id='word_1_110' title='bbox 1005 1527 1336 1599; x_wconf 89' lang='grc' dir='ltr'>προμηνύων</span> <span class='ocrx_word' id='word_1_111' title='bbox 1362 1528 1460 1600; x_wconf 79' lang='grc' dir='ltr'><strong>τὴν</strong></span> <span class='ocrx_word' id='word_1_112' title='bbox 1494 1529 1748 1596; x_wconf 76' lang='grc' dir='ltr'>ἕκϐασιν;</span> <span class='ocrx_word' id='word_1_113' title='bbox 1783 1530 1863 1582; x_wconf 88' lang='grc' dir='ltr'><strong>Τά</strong></span> <span class='ocrx_word' id='word_1_114' title='bbox 1892 1530 2000 1601; x_wconf 83' lang='grc' dir='ltr'>γὰρ</span> 
     </span>
    </p>
   </div>
   <div class='ocr_carea' id='block_1_18' title="bbox 420 1618 1997 1692">
    <p class='ocr_par' dir='ltr' id='par_1_18' title="bbox 420 1618 1997 1692">
     <span class='ocr_line' id='line_1_18' title="bbox 420 1618 1997 1692; baseline 0.003 -22"><span class='ocrx_word' id='word_1_115' title='bbox 420 1619 700 1687; x_wconf 85' lang='grc' dir='ltr'>γινόμενα,</span> <span class='ocrx_word' id='word_1_116' title='bbox 722 1618 939 1682; x_wconf 87' lang='grc' dir='ltr'>πάντως</span> <span class='ocrx_word' id='word_1_117' title='bbox 966 1619 1260 1690; x_wconf 78' lang='grc' dir='ltr'>ἐκϐήσεται</span> <span class='ocrx_word' id='word_1_118' title='bbox 1287 1621 1381 1673; x_wconf 60' lang='grc' dir='ltr'><strong>καὶ¹</strong></span> <span class='ocrx_word' id='word_1_119' title='bbox 1401 1620 1746 1685; x_wconf 85' lang='grc' dir='ltr'>σιωπώντων,</span> <span class='ocrx_word' id='word_1_120' title='bbox 1773 1622 1867 1674; x_wconf 73' lang='grc' dir='ltr'><strong>καὶ</strong></span> <span class='ocrx_word' id='word_1_121' title='bbox 1890 1624 1963 1692; x_wconf 81' lang='grc' dir='ltr'>μή</span> <span class='ocrx_word' id='word_1_122' title='bbox 1985 1638 1997 1649; x_wconf 83' lang='grc'><em>’</em></span> 
     </span>
    </p>
   </div>
   <div class='ocr_carea' id='block_1_19' title="bbox 421 1705 1996 1782">
    <p class='ocr_par' dir='ltr' id='par_1_19' title="bbox 421 1705 1996 1782">
     <span class='ocr_line' id='line_1_19' title="bbox 421 1705 1996 1782; baseline 0.004 -24"><span class='ocrx_word' id='word_1_123' title='bbox 421 1710 450 1759; x_wconf 89' lang='lat'><strong>6</strong></span> <span class='ocrx_word' id='word_1_124' title='bbox 477 1707 531 1759; x_wconf 84' lang='grc' dir='ltr'>δὲ</span> <span class='ocrx_word' id='word_1_125' title='bbox 566 1707 722 1775; x_wconf 85' lang='grc' dir='ltr'>φόνος</span> <span class='ocrx_word' id='word_1_126' title='bbox 769 1705 863 1759; x_wconf 83' lang='grc' dir='ltr'>τοῦ</span> <span class='ocrx_word' id='word_1_127' title='bbox 894 1709 1364 1779; x_wconf 83' lang='grc' dir='ltr'>προμηνύσαντος,</span> <span class='ocrx_word' id='word_1_128' title='bbox 1412 1712 1533 1764; x_wconf 90' lang='grc' dir='ltr'>τίνα</span> <span class='ocrx_word' id='word_1_129' title='bbox 1566 1712 1720 1782; x_wconf 81' lang='grc' dir='ltr'>φέρει</span> <span class='ocrx_word' id='word_1_130' title='bbox 1752 1711 1862 1765; x_wconf 87' lang='grc' dir='ltr'><strong>τῶν</strong></span> <span class='ocrx_word' id='word_1_131' title='bbox 1906 1713 1996 1765; x_wconf 90' lang='grc' dir='ltr'>λυ-</span> 
     </span>
    </p>
   </div>
   <div class='ocr_carea' id='block_1_20' title="bbox 422 1796 2002 1873">
    <p class='ocr_par' dir='ltr' id='par_1_20' title="bbox 422 1796 2002 1873">
     <span class='ocr_line' id='line_1_20' title="bbox 422 1796 2002 1873; baseline 0.003 -23"><span class='ocrx_word' id='word_1_132' title='bbox 422 1797 670 1850; x_wconf 84' lang='grc' dir='ltr'>πούντων</span> <span class='ocrx_word' id='word_1_133' title='bbox 688 1796 1009 1868; x_wconf 87' lang='grc' dir='ltr'>διόρθωσιν;</span> <span class='ocrx_word' id='word_1_134' title='bbox 1058 1798 1210 1865; x_wconf 72' lang='grc' dir='ltr'>Εἶτα,</span> <span class='ocrx_word' id='word_1_135' title='bbox 1241 1806 1627 1873; x_wconf 83' lang='grc' dir='ltr'>κατηγορεῖται</span> <span class='ocrx_word' id='word_1_136' title='bbox 1659 1803 1756 1873; x_wconf 81' lang='grc' dir='ltr'><strong>μὲν</strong></span> <span class='ocrx_word' id='word_1_137' title='bbox 1799 1803 2002 1873; x_wconf 80' lang='grc' dir='ltr'>Ἰησοῦς</span> 
     </span>
    </p>
   </div>
   <div class='ocr_carea' id='block_1_21' title="bbox 420 1888 2003 1966">
    <p class='ocr_par' dir='ltr' id='par_1_21' title="bbox 420 1888 2003 1966">
     <span class='ocr_line' id='line_1_21' title="bbox 420 1888 2003 1966; baseline 0.003 -25"><span class='ocrx_word' id='word_1_138' title='bbox 420 1892 451 1941; x_wconf 94' lang='lat'><strong>6</strong></span> <span class='ocrx_word' id='word_1_139' title='bbox 494 1888 813 1960; x_wconf 76' lang='grc' dir='ltr'>Ναζωραῖος</span> <span class='ocrx_word' id='word_1_140' title='bbox 850 1907 863 1919; x_wconf 91' lang='grc'><strong>·</strong></span> <span class='ocrx_word' id='word_1_141' title='bbox 913 1892 948 1961; x_wconf 77' lang='grc' dir='ltr'><strong>ἡ</strong></span> <span class='ocrx_word' id='word_1_142' title='bbox 992 1891 1047 1943; x_wconf 87' lang='grc' dir='ltr'>δὲ</span> <span class='ocrx_word' id='word_1_143' title='bbox 1089 1894 1190 1960; x_wconf 81' lang='grc' dir='ltr'><strong>τῆς</strong></span> <span class='ocrx_word' id='word_1_144' title='bbox 1231 1895 1502 1966; x_wconf 83' lang='grc' dir='ltr'>τιμωρίας</span> <span class='ocrx_word' id='word_1_145' title='bbox 1540 1895 1738 1965; x_wconf 78' lang='grc' dir='ltr'>ψῆφος,</span> <span class='ocrx_word' id='word_1_146' title='bbox 1773 1895 1866 1947; x_wconf 77' lang='grc' dir='ltr'><strong>ἐπὶ</strong></span> <span class='ocrx_word' id='word_1_147' title='bbox 1913 1894 2003 1948; x_wconf 81' lang='grc' dir='ltr'><strong>τὸν</strong></span> 
     </span>
    </p>
   </div>
   <div class='ocr_carea' id='block_1_22' title="bbox 422 1980 2003 2055">
    <p class='ocr_par' dir='ltr' id='par_1_22' title="bbox 422 1980 2003 2055">
     <span class='ocr_line' id='line_1_22' title="bbox 422 1980 2003 2055; baseline 0.004 -24"><span class='ocrx_word' id='word_1_148' title='bbox 422 1980 692 2048; x_wconf 85' lang='grc' dir='ltr'>Στέφανον</span> <span class='ocrx_word' id='word_1_149' title='bbox 726 1980 970 2050; x_wconf 87' lang='grc' dir='ltr'>φέρεται.</span> <span class='ocrx_word' id='word_1_150' title='bbox 1020 1982 1129 2034; x_wconf 88' lang='grc' dir='ltr'>Καί</span> <span class='ocrx_word' id='word_1_151' title='bbox 1177 2000 1259 2037; x_wconf 91' lang='grc' dir='ltr'><strong>τοι</strong></span> <span class='ocrx_word' id='word_1_152' title='bbox 1301 1985 1349 2036; x_wconf 89' lang='grc' dir='ltr'><strong>εί</strong></span> <span class='ocrx_word' id='word_1_153' title='bbox 1402 1986 1431 2037; x_wconf 93' lang='lat'><strong>6</strong></span> <span class='ocrx_word' id='word_1_154' title='bbox 1483 1984 1685 2038; x_wconf 80' lang='grc' dir='ltr'>ἀδικῶν</span> <span class='ocrx_word' id='word_1_155' title='bbox 1728 1986 1868 2037; x_wconf 87' lang='grc' dir='ltr'>κινεῖ</span> <span class='ocrx_word' id='word_1_156' title='bbox 1904 1985 2003 2055; x_wconf 85' lang='grc' dir='ltr'>τὴν</span> 
     </span>
    </p>
   </div>
   <div class='ocr_carea' id='block_1_23' title="bbox 419 2070 2003 2145">
    <p class='ocr_par' dir='ltr' id='par_1_23' title="bbox 419 2070 2003 2145">
     <span class='ocr_line' id='line_1_23' title="bbox 419 2070 2003 2145; baseline 0.004 -21"><span class='ocrx_word' id='word_1_157' title='bbox 419 2070 612 2142; x_wconf 80' lang='grc' dir='ltr'>ὀργὴν,</span> <span class='ocrx_word' id='word_1_158' title='bbox 660 2070 901 2143; x_wconf 84' lang='grc' dir='ltr'>ἀδίκημα</span> <span class='ocrx_word' id='word_1_159' title='bbox 931 2072 988 2124; x_wconf 88' lang='grc' dir='ltr'><strong>δέ</strong></span> <span class='ocrx_word' id='word_1_160' title='bbox 1030 2074 1199 2138; x_wconf 88' lang='grc' dir='ltr'>ἐστιν,</span> <span class='ocrx_word' id='word_1_161' title='bbox 1229 2075 1263 2145; x_wconf 77' lang='grc' dir='ltr'><strong>ἡ</strong></span> <span class='ocrx_word' id='word_1_162' title='bbox 1288 2072 1384 2127; x_wconf 78' lang='grc' dir='ltr'>τοῦ</span> <span class='ocrx_word' id='word_1_163' title='bbox 1412 2075 1577 2129; x_wconf 83' lang='grc' dir='ltr'>τόπου</span> <span class='ocrx_word' id='word_1_164' title='bbox 1608 2075 1701 2129; x_wconf 73' lang='grc' dir='ltr'>καὶ</span> <span class='ocrx_word' id='word_1_165' title='bbox 1731 2075 1840 2129; x_wconf 84' lang='grc' dir='ltr'><strong>τῶν</strong></span> <span class='ocrx_word' id='word_1_166' title='bbox 1866 2075 2003 2130; x_wconf 85' lang='grc' dir='ltr'>ἐθῶν</span> 
     </span>
    </p>
   </div>
   <div class='ocr_carea' id='block_1_24' title="bbox 422 2160 2005 2235">
    <p class='ocr_par' dir='ltr' id='par_1_24' title="bbox 422 2160 2005 2235">
     <span class='ocr_line' id='line_1_24' title="bbox 422 2160 2005 2235; baseline 0.003 -24"><span class='ocrx_word' id='word_1_167' title='bbox 422 2160 782 2229; x_wconf 82' lang='grc' dir='ltr'>μεταποίησις</span> <span class='ocrx_word' id='word_1_168' title='bbox 804 2177 819 2190; x_wconf 74' lang='grc' dir='ltr'><strong>ο</strong></span> <span class='ocrx_word' id='word_1_169' title='bbox 849 2160 1022 2217; x_wconf 83' lang='grc' dir='ltr'>ταῦτα</span> <span class='ocrx_word' id='word_1_170' title='bbox 1042 2160 1098 2214; x_wconf 87' lang='grc' dir='ltr'>δὲ</span> <span class='ocrx_word' id='word_1_171' title='bbox 1117 2162 1176 2215; x_wconf 84' lang='grc' dir='ltr'><strong>ού</strong></span> <span class='ocrx_word' id='word_1_172' title='bbox 1200 2161 1350 2233; x_wconf 87' lang='grc' dir='ltr'><strong>παρά</strong></span> <span class='ocrx_word' id='word_1_173' title='bbox 1376 2163 1671 2233; x_wconf 83' lang='grc' dir='ltr'>Στεφάνου,</span> <span class='ocrx_word' id='word_1_174' title='bbox 1694 2163 1831 2218; x_wconf 87' lang='grc' dir='ltr'><strong>ἀλλά</strong></span> <span class='ocrx_word' id='word_1_175' title='bbox 1852 2164 2005 2235; x_wconf 84' lang='grc' dir='ltr'><strong>παρά</strong></span> 
     </span>
    </p>
   </div>
   <div class='ocr_carea' id='block_1_25' title="bbox 434 2251 2003 2325">
    <p class='ocr_par' dir='ltr' id='par_1_25' title="bbox 434 2251 2003 2325">
     <span class='ocr_line' id='line_1_25' title="bbox 434 2251 2003 2325; baseline 0.004 -22"><span class='ocrx_word' id='word_1_176' title='bbox 434 2251 609 2320; x_wconf 82' lang='grc' dir='ltr'><strong>Ἰησοῦ</strong></span> <span class='ocrx_word' id='word_1_177' title='bbox 651 2251 897 2320; x_wconf 86' lang='grc' dir='ltr'>γίνεσθαί</span> <span class='ocrx_word' id='word_1_178' title='bbox 942 2270 1107 2321; x_wconf 87' lang='grc' dir='ltr'>φησιν</span> <span class='ocrx_word' id='word_1_179' title='bbox 1142 2254 1172 2306; x_wconf 93' lang='lat'><strong>6</strong></span> <span class='ocrx_word' id='word_1_180' title='bbox 1213 2255 1556 2325; x_wconf 87' lang='grc' dir='ltr'>κατήγορος,</span> <span class='ocrx_word' id='word_1_181' title='bbox 1605 2256 1698 2308; x_wconf 75' lang='grc' dir='ltr'><strong>ἐπὶ</strong></span> <span class='ocrx_word' id='word_1_182' title='bbox 1741 2255 1830 2311; x_wconf 73' lang='grc' dir='ltr'><strong>τόν</strong></span> <span class='ocrx_word' id='word_1_183' title='bbox 1870 2273 2003 2310; x_wconf 87' lang='grc' dir='ltr'>κατ-</span> 
     </span>
    </p>
   </div>
   <div class='ocr_carea' id='block_1_26' title="bbox 427 2342 2000 2417">
    <p class='ocr_par' dir='ltr' id='par_1_26' title="bbox 427 2342 2000 2417">
     <span class='ocr_line' id='line_1_26' title="bbox 427 2342 2000 2417; baseline 0.004 -23"><span class='ocrx_word' id='word_1_184' title='bbox 427 2342 773 2414; x_wconf 79' lang='grc' dir='ltr'>ηγορηθέντα</span> <span class='ocrx_word' id='word_1_185' title='bbox 799 2343 1016 2406; x_wconf 81' lang='grc' dir='ltr'>πάντως</span> <span class='ocrx_word' id='word_1_186' title='bbox 1042 2343 1145 2397; x_wconf 74' lang='grc' dir='ltr'>ἔδει</span> <span class='ocrx_word' id='word_1_187' title='bbox 1163 2344 1529 2413; x_wconf 83' lang='grc' dir='ltr'>συγκινεῖσθαι</span> <span class='ocrx_word' id='word_1_188' title='bbox 1554 2346 1616 2398; x_wconf 78' lang='grc' dir='ltr'><strong>τὸ</strong></span> <span class='ocrx_word' id='word_1_189' title='bbox 1639 2345 2000 2417; x_wconf 85' lang='grc' dir='ltr'>δικαστήριον.</span> 
     </span>
    </p>
   </div>
   <div class='ocr_carea' id='block_1_27' title="bbox 422 2432 2002 2509">
    <p class='ocr_par' dir='ltr' id='par_1_27' title="bbox 422 2432 2002 2509">
     <span class='ocr_line' id='line_1_27' title="bbox 422 2432 2002 2509; baseline 0.005 -26"><span class='ocrx_word' id='word_1_190' title='bbox 422 2434 487 2483; x_wconf 85' lang='grc' dir='ltr'><strong>Ὢ</strong></span> <span class='ocrx_word' id='word_1_191' title='bbox 512 2432 612 2502; x_wconf 83' lang='grc' dir='ltr'>τῆς</span> <span class='ocrx_word' id='word_1_192' title='bbox 631 2432 817 2486; x_wconf 86' lang='grc' dir='ltr'>ἀδίκου</span> <span class='ocrx_word' id='word_1_193' title='bbox 838 2432 948 2485; x_wconf 86' lang='grc' dir='ltr'><strong>τῶν</strong></span> <span class='ocrx_word' id='word_1_194' title='bbox 971 2434 1275 2489; x_wconf 81' lang='grc' dir='ltr'>ἀκουόντων</span> <span class='ocrx_word' id='word_1_195' title='bbox 1302 2433 1512 2505; x_wconf 75' lang='grc' dir='ltr'>ψήφουί</span> <span class='ocrx_word' id='word_1_196' title='bbox 1555 2434 1793 2509; x_wconf 84' lang='grc' dir='ltr'>Ἐπειδὴ.</span> <span class='ocrx_word' id='word_1_197' title='bbox 1818 2440 2002 2507; x_wconf 75' lang='grc' dir='ltr'>φησὶν,</span> 
     </span>
    </p>
   </div>
   <div class='ocr_carea' id='block_1_28' title="bbox 420 2521 2006 2597">
    <p class='ocr_par' dir='ltr' id='par_1_28' title="bbox 420 2521 2006 2597">
     <span class='ocr_line' id='line_1_28' title="bbox 420 2521 2006 2597; baseline 0.005 -23"><span class='ocrx_word' id='word_1_198' title='bbox 420 2523 450 2574; x_wconf 89' lang='lat'><strong>6</strong></span> <span class='ocrx_word' id='word_1_199' title='bbox 492 2521 694 2595; x_wconf 78' lang='grc' dir='ltr'>Ἰησοῦς</span> <span class='ocrx_word' id='word_1_200' title='bbox 732 2524 1087 2595; x_wconf 78' lang='grc' dir='ltr'>μεταποιήσει</span> <span class='ocrx_word' id='word_1_201' title='bbox 1117 2523 1242 2586; x_wconf 72' lang='grc' dir='ltr'>τοὺς</span> <span class='ocrx_word' id='word_1_202' title='bbox 1267 2522 1486 2593; x_wconf 87' lang='grc' dir='ltr'>νόμους,</span> <span class='ocrx_word' id='word_1_203' title='bbox 1529 2524 1951 2597; x_wconf 85' lang='grc' dir='ltr'>καταλευσθήτω</span> <span class='ocrx_word' id='word_1_204' title='bbox 1977 2531 2006 2582; x_wconf 89' lang='lat'><strong>6</strong></span> 
     </span>
    </p>
   </div>
   <div class='ocr_carea' id='block_1_29' title="bbox 420 2613 2006 2685">
    <p class='ocr_par' dir='ltr' id='par_1_29' title="bbox 420 2613 2006 2685">
     <span class='ocr_line' id='line_1_29' title="bbox 420 2613 2006 2685; baseline 0.004 -20"><span class='ocrx_word' id='word_1_205' title='bbox 420 2615 711 2683; x_wconf 84' lang='grc' dir='ltr'>Στέφανος.</span> <span class='ocrx_word' id='word_1_206' title='bbox 740 2616 864 2676; x_wconf 87' lang='grc' dir='ltr'>Πῶς</span> <span class='ocrx_word' id='word_1_207' title='bbox 905 2616 963 2666; x_wconf 84' lang='grc' dir='ltr'>δὲ</span> <span class='ocrx_word' id='word_1_208' title='bbox 995 2614 1286 2667; x_wconf 87' lang='grc' dir='ltr'>καταλύσει</span> <span class='ocrx_word' id='word_1_209' title='bbox 1322 2615 1414 2665; x_wconf 71' lang='grc' dir='ltr'>τὸν</span> <span class='ocrx_word' id='word_1_210' title='bbox 1450 2613 1615 2684; x_wconf 89' lang='grc' dir='ltr'>νόμον</span> <span class='ocrx_word' id='word_1_211' title='bbox 1646 2618 1676 2667; x_wconf 97' lang='lat'><strong>6</strong></span> <span class='ocrx_word' id='word_1_212' title='bbox 1717 2617 1944 2685; x_wconf 80' lang='grc' dir='ltr'>Ἰησοῦς,</span> <span class='ocrx_word' id='word_1_213' title='bbox 1977 2620 2006 2671; x_wconf 94' lang='lat'><strong>6</strong></span> 
     </span>
    </p>
   </div>
   <div class='ocr_carea' id='block_1_30' title="bbox 418 2703 2005 2777">
    <p class='ocr_par' dir='ltr' id='par_1_30' title="bbox 418 2703 2005 2777">
     <span class='ocr_line' id='line_1_30' title="bbox 418 2703 2005 2777; baseline 0.004 -21"><span class='ocrx_word' id='word_1_214' title='bbox 418 2704 592 2767; x_wconf 80' lang='grc' dir='ltr'>οὕτως</span> <span class='ocrx_word' id='word_1_215' title='bbox 616 2704 755 2774; x_wconf 76' lang='grc' dir='ltr'>έχων</span> <span class='ocrx_word' id='word_1_216' title='bbox 790 2704 918 2774; x_wconf 76' lang='grc' dir='ltr'>περὶ</span> <span class='ocrx_word' id='word_1_217' title='bbox 949 2705 1040 2757; x_wconf 71' lang='grc' dir='ltr'><strong>τὸν</strong></span> <span class='ocrx_word' id='word_1_218' title='bbox 1068 2703 1250 2773; x_wconf 90' lang='grc' dir='ltr'>νόμον,</span> <span class='ocrx_word' id='word_1_219' title='bbox 1285 2704 1314 2755; x_wconf 89' lang='lat'><strong>6</strong></span> <span class='ocrx_word' id='word_1_220' title='bbox 1343 2704 1522 2758; x_wconf 78' lang='grc' dir='ltr'>πάντα</span> <span class='ocrx_word' id='word_1_221' title='bbox 1549 2705 1686 2777; x_wconf 69' lang='grc' dir='ltr'>πρὸς</span> <span class='ocrx_word' id='word_1_222' title='bbox 1714 2705 2005 2777; x_wconf 83' lang='grc' dir='ltr'>βεϐαίωσιν</span> 
     </span>
    </p>
   </div>
   <div class='ocr_carea' id='block_1_31' title="bbox 418 2793 2007 2867">
    <p class='ocr_par' dir='ltr' id='par_1_31' title="bbox 418 2793 2007 2867">
     <span class='ocr_line' id='line_1_31' title="bbox 418 2793 2007 2867; baseline 0.003 -20"><span class='ocrx_word' id='word_1_223' title='bbox 418 2795 529 2847; x_wconf 85' lang='grc' dir='ltr'><strong>τῶν</strong></span> <span class='ocrx_word' id='word_1_224' title='bbox 576 2794 820 2864; x_wconf 85' lang='grc' dir='ltr'>ἀρχαίων</span> <span class='ocrx_word' id='word_1_225' title='bbox 869 2794 1259 2863; x_wconf 79' lang='grc' dir='ltr'>νομοθετήσας,</span> <span class='ocrx_word' id='word_1_226' title='bbox 1312 2796 1341 2845; x_wconf 95' lang='lat'><strong>6</strong></span> <span class='ocrx_word' id='word_1_227' title='bbox 1380 2793 1587 2847; x_wconf 84' lang='grc' dir='ltr'>εἰπών·</span> <span class='ocrx_word' id='word_1_228' title='bbox 1647 2798 1767 2849; x_wconf 76' lang='grc' dir='ltr'><strong>Οὐκ</strong></span> <span class='ocrx_word' id='word_1_229' title='bbox 1815 2793 2007 2867; x_wconf 76' lang='grc' dir='ltr'>ἦλθον</span> 
     </span>
    </p>
   </div>
   <div class='ocr_carea' id='block_1_32' title="bbox 418 2882 2007 2957">
    <p class='ocr_par' dir='ltr' id='par_1_32' title="bbox 418 2882 2007 2957">
     <span class='ocr_line' id='line_1_32' title="bbox 418 2882 2007 2957; baseline 0.001 -19"><span class='ocrx_word' id='word_1_230' title='bbox 418 2885 755 2938; x_wconf 74' lang='grc' dir='ltr'>καταλῦσαι</span> <span class='ocrx_word' id='word_1_231' title='bbox 782 2883 888 2936; x_wconf 80' lang='grc' dir='ltr'><strong>τὸν</strong></span> <span class='ocrx_word' id='word_1_232' title='bbox 911 2883 1118 2951; x_wconf 76' lang='grc' dir='ltr'>νόμον,</span> <span class='ocrx_word' id='word_1_233' title='bbox 1144 2882 1303 2936; x_wconf 71' lang='grc' dir='ltr'><em>ἀλλὰ</em></span> <span class='ocrx_word' id='word_1_234' title='bbox 1338 2882 1676 2951; x_wconf 61' lang='grc' dir='ltr'>πληρώσειν</span> <span class='ocrx_word' id='word_1_235' title='bbox 1707 2887 1735 2936; x_wconf 92' lang='lat'><strong>6</strong></span> <span class='ocrx_word' id='word_1_236' title='bbox 1761 2885 1852 2939; x_wconf 81' lang='grc' dir='ltr'><strong>τὸν</strong></span> <span class='ocrx_word' id='word_1_237' title='bbox 1878 2887 2007 2957; x_wconf 77' lang='grc' dir='ltr'>περὶ</span> 
     </span>
    </p>
   </div>
   <div class='ocr_carea' id='block_1_33' title="bbox 420 2969 2005 3045">
    <p class='ocr_par' dir='ltr' id='par_1_33' title="bbox 420 2969 2005 3045">
     <span class='ocr_line' id='line_1_33' title="bbox 420 2969 2005 3045; baseline 0.004 -23"><span class='ocrx_word' id='word_1_238' title='bbox 420 2970 517 3023; x_wconf 82' lang='grc' dir='ltr'>τοῦ</span> <span class='ocrx_word' id='word_1_239' title='bbox 572 2970 645 3040; x_wconf 80' lang='grc' dir='ltr'>μὴ</span> <span class='ocrx_word' id='word_1_240' title='bbox 694 2969 950 3039; x_wconf 83' lang='grc' dir='ltr'>φονεῦσαι</span> <span class='ocrx_word' id='word_1_241' title='bbox 988 2970 1191 3039; x_wconf 89' lang='grc' dir='ltr'>νόμον,</span> <span class='ocrx_word' id='word_1_242' title='bbox 1247 2969 1334 3021; x_wconf 74' lang='grc' dir='ltr'><strong>διὰ</strong></span> <span class='ocrx_word' id='word_1_243' title='bbox 1380 2971 1471 3023; x_wconf 84' lang='grc' dir='ltr'>τοῦ</span> <span class='ocrx_word' id='word_1_244' title='bbox 1526 2972 1660 3042; x_wconf 83' lang='grc' dir='ltr'>μηδὲ</span> <span class='ocrx_word' id='word_1_245' title='bbox 1698 2973 1796 3042; x_wconf 82' lang='grc' dir='ltr'>τὴν</span> <span class='ocrx_word' id='word_1_246' title='bbox 1829 2974 2005 3045; x_wconf 77' lang='grc' dir='ltr'>ἀρχὴν</span> 
     </span>
    </p>
   </div>
   <div class='ocr_carea' id='block_1_34' title="bbox 420 3059 2072 3157">
    <p class='ocr_par' dir='ltr' id='par_1_34' title="bbox 420 3059 2072 3157">
     <span class='ocr_line' id='line_1_34' title="bbox 420 3059 2072 3157; baseline 0.002 -42"><span class='ocrx_word' id='word_1_247' title='bbox 420 3062 742 3133; x_wconf 80' lang='grc' dir='ltr'>ὀργισθῆναι</span> <span class='ocrx_word' id='word_1_248' title='bbox 770 3064 884 3125; x_wconf 84' lang='grc' dir='ltr'>τοῖς</span> <span class='ocrx_word' id='word_1_249' title='bbox 910 3061 1178 3132; x_wconf 85' lang='grc' dir='ltr'>μαθηταῖς</span> <span class='ocrx_word' id='word_1_250' title='bbox 1209 3059 1538 3131; x_wconf 84' lang='grc' dir='ltr'>βεϐαιώσας,</span> <span class='ocrx_word' id='word_1_251' title='bbox 1584 3065 1614 3116; x_wconf 92' lang='lat'><strong>6</strong></span> <span class='ocrx_word' id='word_1_252' title='bbox 1643 3067 1708 3135; x_wconf 84' lang='grc' dir='ltr'>τῇ</span> <span class='ocrx_word' id='word_1_253' title='bbox 1741 3065 2004 3138; x_wconf 80' lang='grc' dir='ltr'>ἐπιθυμίᾳ</span> <span class='ocrx_word' id='word_1_254' title='bbox 2030 3101 2072 3157; x_wconf 77' lang='lat' dir='ltr'>C</span> 
     </span>
    </p>
   </div>
   <div class='ocr_carea' id='block_1_35' title="bbox 422 3152 2001 3226">
    <p class='ocr_par' dir='ltr' id='par_1_35' title="bbox 422 3152 2001 3226">
     <span class='ocr_line' id='line_1_35' title="bbox 422 3152 2001 3226; baseline 0.004 -21"><span class='ocrx_word' id='word_1_255' title='bbox 422 3152 767 3210; x_wconf 73' lang='lat' dir='ltr'><strong>a&#39;ivex6a).tbv</strong></span> <span class='ocrx_word' id='word_1_256' title='bbox 822 3152 937 3223; x_wconf 65' lang='grc' dir='ltr'>τὴν.</span> <span class='ocrx_word' id='word_1_257' title='bbox 958 3152 1228 3222; x_wconf 88' lang='grc' dir='ltr'>μοιχείαν,</span> <span class='ocrx_word' id='word_1_258' title='bbox 1274 3153 1304 3204; x_wconf 90' lang='lat'><strong>6</strong></span> <span class='ocrx_word' id='word_1_259' title='bbox 1340 3152 1427 3206; x_wconf 82' lang='grc' dir='ltr'>διὰ</span> <span class='ocrx_word' id='word_1_260' title='bbox 1462 3154 1557 3206; x_wconf 82' lang='grc' dir='ltr'><strong>τοῦ</strong></span> <span class='ocrx_word' id='word_1_261' title='bbox 1588 3154 1661 3224; x_wconf 85' lang='grc' dir='ltr'>μὴ</span> <span class='ocrx_word' id='word_1_262' title='bbox 1690 3155 2001 3226; x_wconf 89' lang='grc' dir='ltr'>ἀμύνασθαι</span> 
     </span>
    </p>
   </div>
   <div class='ocr_carea' id='block_1_36' title="bbox 420 3244 2003 3321">
    <p class='ocr_par' dir='ltr' id='par_1_36' title="bbox 420 3244 2003 3321">
     <span class='ocr_line' id='line_1_36' title="bbox 420 3244 2003 3321; baseline 0.003 -22"><span class='ocrx_word' id='word_1_263' title='bbox 420 3244 512 3299; x_wconf 79' lang='grc' dir='ltr'><strong>τὸν</strong></span> <span class='ocrx_word' id='word_1_264' title='bbox 536 3245 985 3315; x_wconf 76' lang='grc' dir='ltr'>προλελυπηκότα</span> <span class='ocrx_word' id='word_1_265' title='bbox 1010 3245 1286 3310; x_wconf 81' lang='grc' dir='ltr'>κελεῦσαι,</span> <span class='ocrx_word' id='word_1_266' title='bbox 1321 3246 1382 3299; x_wconf 87' lang='grc' dir='ltr'>τὸ</span> <span class='ocrx_word' id='word_1_267' title='bbox 1413 3247 1548 3318; x_wconf 84' lang='grc' dir='ltr'><strong>μηδέ</strong></span> <span class='ocrx_word' id='word_1_268' title='bbox 1577 3248 1767 3318; x_wconf 80' lang='grc' dir='ltr'>ἄρχειν</span> <span class='ocrx_word' id='word_1_269' title='bbox 1804 3252 2003 3321; x_wconf 82' lang='grc' dir='ltr'>χειρῶν</span> 
     </span>
    </p>
   </div>
   <div class='ocr_carea' id='block_1_37' title="bbox 421 3335 2006 3412">
    <p class='ocr_par' dir='ltr' id='par_1_37' title="bbox 421 3335 2006 3412">
     <span class='ocr_line' id='line_1_37' title="bbox 421 3335 2006 3412; baseline 0.004 -23"><span class='ocrx_word' id='word_1_270' title='bbox 421 3336 621 3389; x_wconf 86' lang='grc' dir='ltr'>ἀδίκων</span> <span class='ocrx_word' id='word_1_271' title='bbox 643 3335 1031 3406; x_wconf 78' lang='grc' dir='ltr'>νομοθετήσας,</span> <span class='ocrx_word' id='word_1_272' title='bbox 1061 3338 1089 3389; x_wconf 89' lang='lat'><strong>6</strong></span> <span class='ocrx_word' id='word_1_273' title='bbox 1114 3336 1202 3389; x_wconf 80' lang='grc' dir='ltr'>διὰ</span> <span class='ocrx_word' id='word_1_274' title='bbox 1226 3338 1324 3407; x_wconf 81' lang='grc' dir='ltr'><strong>τῆς</strong></span> <span class='ocrx_word' id='word_1_275' title='bbox 1354 3337 1463 3391; x_wconf 83' lang='grc' dir='ltr'><strong>τῶν</strong></span> <span class='ocrx_word' id='word_1_276' title='bbox 1494 3340 1807 3410; x_wconf 83' lang='grc' dir='ltr'>προσόντων</span> <span class='ocrx_word' id='word_1_277' title='bbox 1843 3360 2006 3412; x_wconf 81' lang='grc' dir='ltr'>μετα-</span> 
     </span>
    </p>
   </div>
   <div class='ocr_carea' id='block_1_38' title="bbox 421 3425 1828 3501">
    <p class='ocr_par' dir='ltr' id='par_1_38' title="bbox 421 3425 1828 3501">
     <span class='ocr_line' id='line_1_38' title="bbox 421 3425 1828 3501; baseline 0.006 -24"><span class='ocrx_word' id='word_1_278' title='bbox 421 3427 617 3490; x_wconf 78' lang='grc' dir='ltr'>δόσεως</span> <span class='ocrx_word' id='word_1_279' title='bbox 644 3426 707 3478; x_wconf 80' lang='grc' dir='ltr'>τὸ</span> <span class='ocrx_word' id='word_1_280' title='bbox 738 3425 879 3480; x_wconf 81' lang='grc' dir='ltr'><strong>κατά</strong></span> <span class='ocrx_word' id='word_1_281' title='bbox 910 3425 1222 3491; x_wconf 82' lang='grc' dir='ltr'>πλεονεξίαν</span> <span class='ocrx_word' id='word_1_282' title='bbox 1251 3427 1423 3493; x_wconf 84' lang='grc' dir='ltr'>πάθος</span> <span class='ocrx_word' id='word_1_283' title='bbox 1458 3429 1788 3501; x_wconf 84' lang='grc' dir='ltr'>ύπερορίσας</span> <span class='ocrx_word' id='word_1_284' title='bbox 1813 3448 1828 3497; x_wconf 89' lang='grc'><strong>;</strong></span> 
     </span>
    </p>
   </div>
   <div class='ocr_carea' id='block_1_39' title="bbox 494 3514 2004 3595">
    <p class='ocr_par' dir='ltr' id='par_1_39' title="bbox 494 3514 2004 3595">
     <span class='ocr_line' id='line_1_39' title="bbox 494 3514 2004 3595; baseline 0.005 -24"><span class='ocrx_word' id='word_1_285' title='bbox 494 3516 618 3581; x_wconf 85' lang='grc' dir='ltr'><strong>Πῶς</strong></span> <span class='ocrx_word' id='word_1_286' title='bbox 641 3514 732 3572; x_wconf 82' lang='grc' dir='ltr'>οὖν</span> <span class='ocrx_word' id='word_1_287' title='bbox 756 3516 879 3571; x_wconf 74' lang='grc' dir='ltr'>οὔτε</span> <span class='ocrx_word' id='word_1_288' title='bbox 908 3518 1285 3590; x_wconf 80' lang='grc' dir='ltr'>ἐμνημονεύθη</span> <span class='ocrx_word' id='word_1_289' title='bbox 1318 3519 1511 3586; x_wconf 78' lang='grc' dir='ltr'>ταῦτα,</span> <span class='ocrx_word' id='word_1_290' title='bbox 1550 3519 1674 3574; x_wconf 75' lang='grc' dir='ltr'>οὔτε</span> <span class='ocrx_word' id='word_1_291' title='bbox 1709 3523 2004 3595; x_wconf 82' lang='grc' dir='ltr'>συνεξητά-</span> 
     </span>
    </p>
   </div>
   <div class='ocr_carea' id='block_1_40' title="bbox 425 3604 2004 3683">
    <p class='ocr_par' dir='ltr' id='par_1_40' title="bbox 425 3604 2004 3683">
     <span class='ocr_line' id='line_1_40' title="bbox 425 3604 2004 3683; baseline 0.006 -25"><span class='ocrx_word' id='word_1_292' title='bbox 425 3604 528 3676; x_wconf 87' lang='grc' dir='ltr'><strong>σθη</strong></span> <span class='ocrx_word' id='word_1_293' title='bbox 559 3608 626 3677; x_wconf 80' lang='grc' dir='ltr'>τῇ</span> <span class='ocrx_word' id='word_1_294' title='bbox 661 3606 876 3677; x_wconf 90' lang='grc' dir='ltr'>κρίσει;</span> <span class='ocrx_word' id='word_1_295' title='bbox 940 3607 1270 3679; x_wconf 87' lang='grc' dir='ltr'>Ἐϐουλόμην</span> <span class='ocrx_word' id='word_1_296' title='bbox 1312 3608 1406 3661; x_wconf 78' lang='grc' dir='ltr'>νῦν</span> <span class='ocrx_word' id='word_1_297' title='bbox 1452 3611 1705 3681; x_wconf 85' lang='grc' dir='ltr'>παρεῖναί</span> <span class='ocrx_word' id='word_1_298' title='bbox 1753 3630 1843 3683; x_wconf 87' lang='grc' dir='ltr'><strong>μοι</strong></span> <span class='ocrx_word' id='word_1_299' title='bbox 1893 3614 2004 3667; x_wconf 84' lang='grc' dir='ltr'><strong>τῶν</strong></span> 
     </span>
    </p>
   </div>
   <div class='ocr_carea' id='block_1_41' title="bbox 424 3698 2002 3776">
    <p class='ocr_par' dir='ltr' id='par_1_41' title="bbox 424 3698 2002 3776">
     <span class='ocr_line' id='line_1_41' title="bbox 424 3698 2002 3776; baseline 0.006 -26"><span class='ocrx_word' id='word_1_300' title='bbox 424 3698 732 3768; x_wconf 87' lang='grc' dir='ltr'>μιαιφόνων</span> <span class='ocrx_word' id='word_1_301' title='bbox 777 3699 1003 3752; x_wconf 81' lang='grc' dir='ltr'>ἐκείνων</span> <span class='ocrx_word' id='word_1_302' title='bbox 1034 3699 1303 3753; x_wconf 85' lang='grc' dir='ltr'>δικαστῶν</span> <span class='ocrx_word' id='word_1_303' title='bbox 1329 3700 1390 3753; x_wconf 82' lang='grc' dir='ltr'><strong>τὸ</strong></span> <span class='ocrx_word' id='word_1_304' title='bbox 1427 3700 1721 3772; x_wconf 87' lang='grc' dir='ltr'>συνέδριον,</span> <span class='ocrx_word' id='word_1_305' title='bbox 1771 3705 1867 3757; x_wconf 75' lang='grc' dir='ltr'>καὶ</span> <span class='ocrx_word' id='word_1_306' title='bbox 1899 3722 2002 3776; x_wconf 84' lang='grc' dir='ltr'><strong>μα⁹</strong></span> 
     </span>
    </p>
   </div>
   <div class='ocr_carea' id='block_1_42' title="bbox 423 3784 2004 3862">
    <p class='ocr_par' dir='ltr' id='par_1_42' title="bbox 423 3784 2004 3862">
     <span class='ocr_line' id='line_1_42' title="bbox 423 3784 2004 3862; baseline 0.006 -22"><span class='ocrx_word' id='word_1_307' title='bbox 423 3788 537 3841; x_wconf 86' lang='grc' dir='ltr'>θεῖν</span> <span class='ocrx_word' id='word_1_308' title='bbox 565 3789 698 3860; x_wconf 77' lang='grc' dir='ltr'>περὶ</span> <span class='ocrx_word' id='word_1_309' title='bbox 731 3789 840 3842; x_wconf 86' lang='grc' dir='ltr'><strong>τῶν</strong></span> <span class='ocrx_word' id='word_1_310' title='bbox 879 3789 1061 3842; x_wconf 83' lang='grc' dir='ltr'>τόπων</span> <span class='ocrx_word' id='word_1_311' title='bbox 1098 3790 1239 3859; x_wconf 80' lang='grc' dir='ltr'>ὑπὲρ</span> <span class='ocrx_word' id='word_1_312' title='bbox 1272 3784 1348 3844; x_wconf 84' lang='grc' dir='ltr'>ὧν</span> <span class='ocrx_word' id='word_1_313' title='bbox 1373 3790 1797 3862; x_wconf 84' lang='grc' dir='ltr'>χαλεπαίνουσι,</span> <span class='ocrx_word' id='word_1_314' title='bbox 1845 3796 1949 3849; x_wconf 78' lang='grc' dir='ltr'><strong>πού</strong></span> <span class='ocrx_word' id='word_1_315' title='bbox 1974 3799 2004 3850; x_wconf 91' lang='lat'><strong>6</strong></span> 
     </span>
    </p>
   </div>
   <div class='ocr_carea' id='block_1_43' title="bbox 419 3879 2004 3955">
    <p class='ocr_par' dir='ltr' id='par_1_43' title="bbox 419 3879 2004 3955">
     <span class='ocr_line' id='line_1_43' title="bbox 419 3879 2004 3955; baseline 0.006 -23"><span class='ocrx_word' id='word_1_316' title='bbox 419 3879 685 3951; x_wconf 89' lang='grc' dir='ltr'>διώνυμος</span> <span class='ocrx_word' id='word_1_317' title='bbox 706 3880 910 3941; x_wconf 84' lang='grc' dir='ltr'>ἐκεῖνος</span> <span class='ocrx_word' id='word_1_318' title='bbox 929 3880 1074 3945; x_wconf 83' lang='grc' dir='ltr'>ναὸς,</span> <span class='ocrx_word' id='word_1_319' title='bbox 1104 3881 1206 3934; x_wconf 81' lang='grc' dir='ltr'>ποῦ</span> <span class='ocrx_word' id='word_1_320' title='bbox 1228 3880 1298 3934; x_wconf 78' lang='grc' dir='ltr'>τὰ</span> <span class='ocrx_word' id='word_1_321' title='bbox 1322 3883 1694 3955; x_wconf 85' lang='grc' dir='ltr'>ἀπιστούμενα</span> <span class='ocrx_word' id='word_1_322' title='bbox 1713 3886 1822 3939; x_wconf 90' lang='grc' dir='ltr'><strong>τῶν</strong></span> <span class='ocrx_word' id='word_1_323' title='bbox 1842 3887 2004 3941; x_wconf 89' lang='grc' dir='ltr'>λίθων</span> 
     </span>
    </p>
   </div>
   <div class='ocr_carea' id='block_1_44' title="bbox 424 3970 2004 4045">
    <p class='ocr_par' dir='ltr' id='par_1_44' title="bbox 424 3970 2004 4045">
     <span class='ocr_line' id='line_1_44' title="bbox 424 3970 2004 4045; baseline 0.004 -23"><span class='ocrx_word' id='word_1_324' title='bbox 424 3970 654 4043; x_wconf 81' lang='grc' dir='ltr'>μεγέθη,</span> <span class='ocrx_word' id='word_1_325' title='bbox 685 3970 788 4023; x_wconf 78' lang='grc' dir='ltr'><strong>πού</strong></span> <span class='ocrx_word' id='word_1_326' title='bbox 815 3970 875 4023; x_wconf 76' lang='grc' dir='ltr'><strong>τὸ</strong></span> <span class='ocrx_word' id='word_1_327' title='bbox 905 3970 1128 4041; x_wconf 81' lang='grc' dir='ltr'>χρυσίον</span> <span class='ocrx_word' id='word_1_328' title='bbox 1164 3971 1341 4023; x_wconf 76' lang='grc' dir='ltr'>ἐκεῖνο</span> <span class='ocrx_word' id='word_1_329' title='bbox 1367 3971 1429 4024; x_wconf 83' lang='grc' dir='ltr'><strong>τδ</strong></span> <span class='ocrx_word' id='word_1_330' title='bbox 1462 3974 1528 4040; x_wconf 78' lang='grc' dir='ltr'>τῇ</span> <span class='ocrx_word' id='word_1_331' title='bbox 1560 3971 1719 4042; x_wconf 81' lang='grc' dir='ltr'>λοιπῇ</span> <span class='ocrx_word' id='word_1_332' title='bbox 1749 3973 1850 4044; x_wconf 80' lang='grc' dir='ltr'><strong>ὕλῃ</strong></span> <span class='ocrx_word' id='word_1_333' title='bbox 1875 3975 2004 4045; x_wconf 78' lang='grc' dir='ltr'>περὶ</span> 
     </span>
    </p>
   </div>
   <div class='ocr_carea' id='block_1_45' title="bbox 420 4060 2005 4136">
    <p class='ocr_par' dir='ltr' id='par_1_45' title="bbox 420 4060 2005 4136">
     <span class='ocr_line' id='line_1_45' title="bbox 420 4060 2005 4136; baseline 0.003 -21"><span class='ocrx_word' id='word_1_334' title='bbox 420 4064 512 4116; x_wconf 86' lang='grc' dir='ltr'><strong>τὸν</strong></span> <span class='ocrx_word' id='word_1_335' title='bbox 554 4062 681 4116; x_wconf 82' lang='grc' dir='ltr'>ναὸν</span> <span class='ocrx_word' id='word_1_336' title='bbox 727 4061 926 4133; x_wconf 82' lang='grc' dir='ltr'>μικροῦ</span> <span class='ocrx_word' id='word_1_337' title='bbox 970 4060 1079 4113; x_wconf 87' lang='grc' dir='ltr'>δεῖν</span> <span class='ocrx_word' id='word_1_338' title='bbox 1133 4060 1470 4125; x_wconf 77' lang='grc' dir='ltr'>ἰσοστάσιον,</span> <span class='ocrx_word' id='word_1_339' title='bbox 1520 4060 1624 4114; x_wconf 83' lang='grc' dir='ltr'>ποῦ</span> <span class='ocrx_word' id='word_1_340' title='bbox 1669 4064 1727 4115; x_wconf 78' lang='grc' dir='ltr'>αἱ</span> <span class='ocrx_word' id='word_1_341' title='bbox 1783 4064 2005 4136; x_wconf 90' lang='grc' dir='ltr'>νόμιμοι</span> 
     </span>
    </p>
   </div>
   <div class='ocr_carea' id='block_1_46' title="bbox 425 4152 2000 4229">
    <p class='ocr_par' dir='ltr' id='par_1_46' title="bbox 425 4152 2000 4229">
     <span class='ocr_line' id='line_1_46' title="bbox 425 4152 2000 4229; baseline 0.011 -23"><span class='ocrx_word' id='word_1_342' title='bbox 425 4153 748 4225; x_wconf 75' lang='grc' dir='ltr'>ἱερουργίαι,</span> <span class='ocrx_word' id='word_1_343' title='bbox 772 4154 800 4206; x_wconf 90' lang='grc' dir='ltr'><strong>ό</strong></span> <span class='ocrx_word' id='word_1_344' title='bbox 836 4152 1007 4223; x_wconf 82' lang='grc' dir='ltr'>κριὸς,</span> <span class='ocrx_word' id='word_1_345' title='bbox 1041 4154 1071 4206; x_wconf 84' lang='grc' dir='ltr'><strong>ό</strong></span> <span class='ocrx_word' id='word_1_346' title='bbox 1099 4152 1318 4222; x_wconf 73' lang='grc' dir='ltr'>μόσχος.</span> <span class='ocrx_word' id='word_1_347' title='bbox 1351 4154 1379 4205; x_wconf 77' lang='grc' dir='ltr'><strong>ό</strong></span> <span class='ocrx_word' id='word_1_348' title='bbox 1401 4152 1592 4223; x_wconf 75' lang='grc' dir='ltr'>ἀμνὸς,</span> <span class='ocrx_word' id='word_1_349' title='bbox 1626 4156 1659 4225; x_wconf 76' lang='grc' dir='ltr'><strong>ἡ</strong></span> <span class='ocrx_word' id='word_1_350' title='bbox 1689 4154 1938 4226; x_wconf 75' lang='grc' dir='ltr'><strong>δάμαλις,</strong></span> <span class='ocrx_word' id='word_1_351' title='bbox 1966 4160 2000 4229; x_wconf 77' lang='grc' dir='ltr'>ἡ</span> 
     </span>
    </p>
   </div>
   <div class='ocr_carea' id='block_1_47' title="bbox 423 4243 2003 4318">
    <p class='ocr_par' dir='ltr' id='par_1_47' title="bbox 423 4243 2003 4318">
     <span class='ocr_line' id='line_1_47' title="bbox 423 4243 2003 4318; baseline 0.003 -21"><span class='ocrx_word' id='word_1_352' title='bbox 423 4244 742 4315; x_wconf 78' lang='grc' dir='ltr'>περιστερὰ,</span> <span class='ocrx_word' id='word_1_353' title='bbox 779 4246 813 4315; x_wconf 80' lang='grc' dir='ltr'><strong>ή</strong></span> <span class='ocrx_word' id='word_1_354' title='bbox 857 4243 1094 4315; x_wconf 86' lang='grc' dir='ltr'>τρυγὼν,</span> <span class='ocrx_word' id='word_1_355' title='bbox 1130 4244 1159 4295; x_wconf 92' lang='lat'><strong>6</strong></span> <span class='ocrx_word' id='word_1_356' title='bbox 1200 4243 1589 4313; x_wconf 84' lang='grc' dir='ltr'>ἀποπομπαῖος</span> <span class='ocrx_word' id='word_1_357' title='bbox 1620 4245 1894 4318; x_wconf 84' lang='grc' dir='ltr'>χίμαρος;</span> <span class='ocrx_word' id='word_1_358' title='bbox 1940 4250 2003 4301; x_wconf 85' lang='grc' dir='ltr'>Εί</span> 
     </span>
    </p>
   </div>
   <div class='ocr_carea' id='block_1_48' title="bbox 421 4333 2003 4405">
    <p class='ocr_par' dir='ltr' id='par_1_48' title="bbox 421 4333 2003 4405">
     <span class='ocr_line' id='line_1_48' title="bbox 421 4333 2003 4405; baseline 0.002 -18"><span class='ocrx_word' id='word_1_359' title='bbox 421 4335 511 4388; x_wconf 82' lang='grc' dir='ltr'>διὰ</span> <span class='ocrx_word' id='word_1_360' title='bbox 538 4333 695 4387; x_wconf 78' lang='grc' dir='ltr'>τοῦτο</span> <span class='ocrx_word' id='word_1_361' title='bbox 720 4333 944 4388; x_wconf 81' lang='grc' dir='ltr'>θάνατον</span> <span class='ocrx_word' id='word_1_362' title='bbox 973 4333 1068 4386; x_wconf 79' lang='grc' dir='ltr'>τοῦ</span> <span class='ocrx_word' id='word_1_363' title='bbox 1099 4334 1373 4402; x_wconf 86' lang='grc' dir='ltr'>Στεφάνου</span> <span class='ocrx_word' id='word_1_364' title='bbox 1400 4333 1887 4405; x_wconf 73' lang='grc' dir='ltr'>καταψηφίζονται,</span> <span class='ocrx_word' id='word_1_365' title='bbox 1915 4337 2003 4391; x_wconf 83' lang='grc' dir='ltr'><strong>ἵνα</strong></span> 
     </span>
    </p>
   </div>
   <div class='ocr_carea' id='block_1_49' title="bbox 2103 521 3687 592">
    <p class='ocr_par' dir='ltr' id='par_1_49' title="bbox 2103 521 3687 592">
     <span class='ocr_line' id='line_1_49' title="bbox 2103 521 3687 592; baseline 0.001 -17"><span class='ocrx_word' id='word_1_366' title='bbox 2103 537 2355 592; x_wconf 76' lang='lat' dir='ltr'><strong>quamam</strong></span> <span class='ocrx_word' id='word_1_367' title='bbox 2404 532 2490 578; x_wconf 91' lang='lat' dir='ltr'><strong>est</strong></span> <span class='ocrx_word' id='word_1_368' title='bbox 2533 522 2873 578; x_wconf 90' lang='lat' dir='ltr'><strong>audientium</strong></span> <span class='ocrx_word' id='word_1_369' title='bbox 2921 521 3390 591; x_wconf 85' lang='lat' dir='ltr'><strong>amentia?Cujus</strong></span> <span class='ocrx_word' id='word_1_370' title='bbox 3432 522 3687 577; x_wconf 83' lang='lat' dir='ltr'><strong>criminis</strong></span> 
     </span>
    </p>
   </div>
   <div class='ocr_carea' id='block_1_50' title="bbox 2103 611 3685 683">
    <p class='ocr_par' dir='ltr' id='par_1_50' title="bbox 2103 611 3685 683">
     <span class='ocr_line' id='line_1_50' title="bbox 2103 611 3685 683; baseline -0.001 -17"><span class='ocrx_word' id='word_1_371' title='bbox 2103 613 2329 668; x_wconf 85' lang='lat' dir='ltr'><strong>nomine</strong></span> <span class='ocrx_word' id='word_1_372' title='bbox 2360 612 2415 666; x_wconf 92' lang='lat' dir='ltr'><strong>in</strong></span> <span class='ocrx_word' id='word_1_373' title='bbox 2448 621 2771 669; x_wconf 89' lang='lat' dir='ltr'><strong>accusatum</strong></span> <span class='ocrx_word' id='word_1_374' title='bbox 2810 612 3073 669; x_wconf 62' lang='lat' dir='ltr'><strong>saeviunt?</strong></span> <span class='ocrx_word' id='word_1_375' title='bbox 3105 627 3268 683; x_wconf 92' lang='lat' dir='ltr'><strong>quam</strong></span> <span class='ocrx_word' id='word_1_376' title='bbox 3298 611 3595 682; x_wconf 75' lang='lat' dir='ltr'><strong>nequitiam</strong></span> <span class='ocrx_word' id='word_1_377' title='bbox 3628 612 3685 665; x_wconf 87' lang='lat' dir='ltr'><strong>in</strong></span> 
     </span>
    </p>
   </div>
   <div class='ocr_carea' id='block_1_51' title="bbox 2105 702 3690 776">
    <p class='ocr_par' dir='ltr' id='par_1_51' title="bbox 2105 702 3690 776">
     <span class='ocr_line' id='line_1_51' title="bbox 2105 702 3690 776; baseline -0.003 -15"><span class='ocrx_word' id='word_1_378' title='bbox 2105 706 2194 761; x_wconf 89' lang='lat' dir='ltr'><strong>his</strong></span> <span class='ocrx_word' id='word_1_379' title='bbox 2234 706 2421 762; x_wconf 83' lang='lat' dir='ltr'><strong>verbis</strong></span> <span class='ocrx_word' id='word_1_380' title='bbox 2451 705 2971 776; x_wconf 81' lang='lat' dir='ltr'><strong>deprehenderunt?</strong></span> <span class='ocrx_word' id='word_1_381' title='bbox 3005 706 3143 759; x_wconf 88' lang='lat' dir='ltr'><strong>Nam</strong></span> <span class='ocrx_word' id='word_1_382' title='bbox 3180 720 3304 775; x_wconf 81' lang='lat' dir='ltr'><strong>quae</strong></span> <span class='ocrx_word' id='word_1_383' title='bbox 3334 704 3556 774; x_wconf 88' lang='lat' dir='ltr'><strong>quidem</strong></span> <span class='ocrx_word' id='word_1_384' title='bbox 3590 702 3690 757; x_wconf 86' lang='lat' dir='ltr'><strong>ad-</strong></span> 
     </span>
    </p>
   </div>
   <div class='ocr_carea' id='block_1_52' title="bbox 2105 792 3688 865">
    <p class='ocr_par' dir='ltr' id='par_1_52' title="bbox 2105 792 3688 865">
     <span class='ocr_line' id='line_1_52' title="bbox 2105 792 3688 865; baseline -0.003 -17"><span class='ocrx_word' id='word_1_385' title='bbox 2105 809 2297 850; x_wconf 90' lang='lat' dir='ltr'><strong>versus</strong></span> <span class='ocrx_word' id='word_1_386' title='bbox 2354 810 2477 850; x_wconf 88' lang='lat' dir='ltr'><strong>eum</strong></span> <span class='ocrx_word' id='word_1_387' title='bbox 2526 794 2965 865; x_wconf 76' lang='lat' dir='ltr'><strong>proferebantur,</strong></span> <span class='ocrx_word' id='word_1_388' title='bbox 3003 792 3058 847; x_wconf 91' lang='lat' dir='ltr'><strong>in</strong></span> <span class='ocrx_word' id='word_1_389' title='bbox 3104 800 3385 863; x_wconf 90' lang='lat' dir='ltr'><strong>posterum</strong></span> <span class='ocrx_word' id='word_1_390' title='bbox 3424 801 3688 848; x_wconf 79' lang='lat' dir='ltr'><strong>eventura</strong></span> 
     </span>
    </p>
   </div>
   <div class='ocr_carea' id='block_1_53' title="bbox 2100 878 3691 945">
    <p class='ocr_par' dir='ltr' id='par_1_53' title="bbox 2100 878 3691 945">
     <span class='ocr_line' id='line_1_53' title="bbox 2100 878 3691 945; baseline -0.003 -8"><span class='ocrx_word' id='word_1_391' title='bbox 2100 890 2280 938; x_wconf 89' lang='lat' dir='ltr'><strong>erant.</strong></span> <span class='ocrx_word' id='word_1_392' title='bbox 2295 882 2527 936; x_wconf 85' lang='lat' dir='ltr'><strong>Aiebant</strong></span> <span class='ocrx_word' id='word_1_393' title='bbox 2541 882 2684 937; x_wconf 86' lang='lat' dir='ltr'><strong>enim</strong></span> <span class='ocrx_word' id='word_1_394' title='bbox 2706 897 2829 937; x_wconf 91' lang='lat' dir='ltr'><strong>eum</strong></span> <span class='ocrx_word' id='word_1_395' title='bbox 2847 881 3053 937; x_wconf 79' lang='lat' dir='ltr'><strong>dixisse</strong></span> <span class='ocrx_word' id='word_1_396' title='bbox 3068 882 3245 936; x_wconf 89' lang='lat' dir='ltr'><strong>locum</strong></span> <span class='ocrx_word' id='word_1_397' title='bbox 3259 895 3508 937; x_wconf 81' lang='lat' dir='ltr'><strong>eversum</strong></span> <span class='ocrx_word' id='word_1_398' title='bbox 3526 878 3616 945; x_wconf 92' lang='lat' dir='ltr'><strong>iri,</strong></span> <span class='ocrx_word' id='word_1_399' title='bbox 3633 886 3691 933; x_wconf 87' lang='lat' dir='ltr'><strong>et</strong></span> 
     </span>
    </p>
   </div>
   <div class='ocr_carea' id='block_1_54' title="bbox 2102 968 3687 1040">
    <p class='ocr_par' dir='ltr' id='par_1_54' title="bbox 2102 968 3687 1040">
     <span class='ocr_line' id='line_1_54' title="bbox 2102 968 3687 1040; baseline -0.003 -13"><span class='ocrx_word' id='word_1_400' title='bbox 2102 974 2355 1029; x_wconf 81' lang='lat' dir='ltr'><strong>instituta</strong></span> <span class='ocrx_word' id='word_1_401' title='bbox 2388 972 2554 1028; x_wconf 87' lang='lat' dir='ltr'><strong>Mosis</strong></span> <span class='ocrx_word' id='word_1_402' title='bbox 2588 979 2985 1027; x_wconf 89' lang='lat' dir='ltr'><strong>commutatum</strong></span> <span class='ocrx_word' id='word_1_403' title='bbox 3019 972 3109 1027; x_wconf 90' lang='lat' dir='ltr'><strong>iri.</strong></span> <span class='ocrx_word' id='word_1_404' title='bbox 3146 970 3303 1037; x_wconf 87' lang='lat' dir='ltr'><strong>Quod</strong></span> <span class='ocrx_word' id='word_1_405' title='bbox 3325 970 3494 1040; x_wconf 90' lang='lat' dir='ltr'><strong>igitur</strong></span> <span class='ocrx_word' id='word_1_406' title='bbox 3518 968 3687 1022; x_wconf 50' lang='lat' dir='ltr'><strong>male-</strong></span> 
     </span>
    </p>
   </div>
   <div class='ocr_carea' id='block_1_55' title="bbox 2102 1060 3689 1127">
    <p class='ocr_par' dir='ltr' id='par_1_55' title="bbox 2102 1060 3689 1127">
     <span class='ocr_line' id='line_1_55' title="bbox 2102 1060 3689 1127; baseline -0.003 -11"><span class='ocrx_word' id='word_1_407' title='bbox 2102 1062 2288 1117; x_wconf 82' lang='lat' dir='ltr'><strong>licium</strong></span> <span class='ocrx_word' id='word_1_408' title='bbox 2313 1063 2367 1117; x_wconf 92' lang='lat' dir='ltr'><strong>in</strong></span> <span class='ocrx_word' id='word_1_409' title='bbox 2400 1063 2486 1118; x_wconf 86' lang='lat' dir='ltr'><strong>his</strong></span> <span class='ocrx_word' id='word_1_410' title='bbox 2521 1062 2705 1118; x_wconf 80' lang='lat' dir='ltr'><strong>verbis</strong></span> <span class='ocrx_word' id='word_1_411' title='bbox 2726 1063 3068 1127; x_wconf 90' lang='lat' dir='ltr'><strong>continetur,</strong></span> <span class='ocrx_word' id='word_1_412' title='bbox 3088 1064 3206 1118; x_wconf 87' lang='lat' dir='ltr'><strong>sive</strong></span> <span class='ocrx_word' id='word_1_413' title='bbox 3228 1076 3379 1127; x_wconf 85' lang='lat' dir='ltr'><strong>vera,</strong></span> <span class='ocrx_word' id='word_1_414' title='bbox 3411 1061 3527 1117; x_wconf 89' lang='lat' dir='ltr'><strong>sive</strong></span> <span class='ocrx_word' id='word_1_415' title='bbox 3548 1060 3689 1115; x_wconf 85' lang='lat' dir='ltr'><strong>falsa</strong></span> 
     </span>
    </p>
   </div>
   <div class='ocr_carea' id='block_1_56' title="bbox 2103 1151 3691 1224">
    <p class='ocr_par' dir='ltr' id='par_1_56' title="bbox 2103 1151 3691 1224">
     <span class='ocr_line' id='line_1_56' title="bbox 2103 1151 3691 1224; baseline -0.001 -18"><span class='ocrx_word' id='word_1_416' title='bbox 2103 1154 2409 1223; x_wconf 83' lang='lat' dir='ltr'><strong>loquatur?</strong></span> <span class='ocrx_word' id='word_1_417' title='bbox 2436 1152 2571 1207; x_wconf 82' lang='lat' dir='ltr'><strong>Nam</strong></span> <span class='ocrx_word' id='word_1_418' title='bbox 2607 1155 2653 1208; x_wconf 88' lang='lat' dir='ltr'><strong>si</strong></span> <span class='ocrx_word' id='word_1_419' title='bbox 2690 1155 2909 1224; x_wconf 90' lang='lat' dir='ltr'><strong>quidem</strong></span> <span class='ocrx_word' id='word_1_420' title='bbox 2959 1155 3246 1218; x_wconf 87' lang='lat' dir='ltr'><strong>mentitur,</strong></span> <span class='ocrx_word' id='word_1_421' title='bbox 3280 1154 3332 1208; x_wconf 88' lang='lat' dir='ltr'><strong>id</strong></span> <span class='ocrx_word' id='word_1_422' title='bbox 3361 1151 3506 1224; x_wconf 89' lang='lat' dir='ltr'><strong>quod</strong></span> <span class='ocrx_word' id='word_1_423' title='bbox 3537 1153 3691 1221; x_wconf 84' lang='lat' dir='ltr'><strong>angit</strong></span> 
     </span>
    </p>
   </div>
   <div class='ocr_carea' id='block_1_57' title="bbox 2101 1244 3687 1309">
    <p class='ocr_par' dir='ltr' id='par_1_57' title="bbox 2101 1244 3687 1309">
     <span class='ocr_line' id='line_1_57' title="bbox 2101 1244 3687 1309; baseline -0.001 -11"><span class='ocrx_word' id='word_1_424' title='bbox 2101 1253 2155 1299; x_wconf 90' lang='lat' dir='ltr'><strong>et</strong></span> <span class='ocrx_word' id='word_1_425' title='bbox 2190 1246 2332 1302; x_wconf 87' lang='lat' dir='ltr'><strong>male</strong></span> <span class='ocrx_word' id='word_1_426' title='bbox 2379 1246 2563 1309; x_wconf 84' lang='lat' dir='ltr'><strong>habet,</strong></span> <span class='ocrx_word' id='word_1_427' title='bbox 2598 1262 2707 1301; x_wconf 92' lang='lat' dir='ltr'><strong>non</strong></span> <span class='ocrx_word' id='word_1_428' title='bbox 2738 1249 2953 1301; x_wconf 87' lang='lat' dir='ltr'><strong>eveniet</strong></span> <span class='ocrx_word' id='word_1_429' title='bbox 2992 1266 3005 1301; x_wconf 91' lang='lat'>:</span> <span class='ocrx_word' id='word_1_430' title='bbox 3042 1247 3126 1303; x_wconf 87' lang='lat' dir='ltr'><strong>sin</strong></span> <span class='ocrx_word' id='word_1_431' title='bbox 3155 1255 3338 1301; x_wconf 89' lang='lat' dir='ltr'><strong>autem</strong></span> <span class='ocrx_word' id='word_1_432' title='bbox 3369 1260 3497 1301; x_wconf 90' lang='lat' dir='ltr'><strong>vera</strong></span> <span class='ocrx_word' id='word_1_433' title='bbox 3526 1244 3687 1306; x_wconf 88' lang='lat' dir='ltr'><strong>dicit,</strong></span> 
     </span>
    </p>
   </div>
   <div class='ocr_carea' id='block_1_58' title="bbox 2101 1337 3688 1410">
    <p class='ocr_par' dir='ltr' id='par_1_58' title="bbox 2101 1337 3688 1410">
     <span class='ocr_line' id='line_1_58' title="bbox 2101 1337 3688 1410; baseline 0 -19"><span class='ocrx_word' id='word_1_434' title='bbox 2101 1352 2349 1407; x_wconf 79' lang='lat' dir='ltr'><strong>quaenam</strong></span> <span class='ocrx_word' id='word_1_435' title='bbox 2395 1338 2539 1395; x_wconf 88' lang='lat' dir='ltr'><strong>inest</strong></span> <span class='ocrx_word' id='word_1_436' title='bbox 2575 1339 2774 1408; x_wconf 87' lang='lat' dir='ltr'><strong>injuria</strong></span> <span class='ocrx_word' id='word_1_437' title='bbox 2805 1338 3079 1410; x_wconf 71' lang='lat' dir='ltr'><strong>{sermoni,</strong></span> <span class='ocrx_word' id='word_1_438' title='bbox 3113 1353 3224 1409; x_wconf 89' lang='lat' dir='ltr'><strong>quo</strong></span> <span class='ocrx_word' id='word_1_439' title='bbox 3256 1337 3576 1406; x_wconf 70' lang='lat' dir='ltr'><strong>praedicitur</strong></span> <span class='ocrx_word' id='word_1_440' title='bbox 3631 1337 3688 1391; x_wconf 88' lang='lat' dir='ltr'><strong>id</strong></span> 
     </span>
    </p>
   </div>
   <div class='ocr_carea' id='block_1_59' title="bbox 2101 1430 3691 1502">
    <p class='ocr_par' dir='ltr' id='par_1_59' title="bbox 2101 1430 3691 1502">
     <span class='ocr_line' id='line_1_59' title="bbox 2101 1430 3691 1502; baseline -0.001 -17"><span class='ocrx_word' id='word_1_441' title='bbox 2101 1430 2248 1500; x_wconf 77' lang='lat' dir='ltr'><strong>quod</strong></span> <span class='ocrx_word' id='word_1_442' title='bbox 2284 1439 2608 1485; x_wconf 88' lang='lat' dir='ltr'><strong>eventurum</strong></span> <span class='ocrx_word' id='word_1_443' title='bbox 2662 1430 2772 1486; x_wconf 86' lang='lat' dir='ltr'><strong>sit?</strong></span> <span class='ocrx_word' id='word_1_444' title='bbox 2805 1430 2938 1485; x_wconf 84' lang='lat' dir='ltr'><strong>Nam</strong></span> <span class='ocrx_word' id='word_1_445' title='bbox 2966 1446 3089 1502; x_wconf 83' lang='lat' dir='ltr'><strong>quae</strong></span> <span class='ocrx_word' id='word_1_446' title='bbox 3116 1432 3272 1495; x_wconf 88' lang='lat' dir='ltr'><strong>liunt,</strong></span> <span class='ocrx_word' id='word_1_447' title='bbox 3308 1446 3537 1502; x_wconf 87' lang='lat' dir='ltr'><strong>prorsus</strong></span> <span class='ocrx_word' id='word_1_448' title='bbox 3569 1446 3691 1486; x_wconf 86' lang='lat' dir='ltr'><strong>cve-</strong></span> 
     </span>
    </p>
   </div>
   <div class='ocr_carea' id='block_1_60' title="bbox 2103 1520 3689 1593">
    <p class='ocr_par' dir='ltr' id='par_1_60' title="bbox 2103 1520 3689 1593">
     <span class='ocr_line' id='line_1_60' title="bbox 2103 1520 3689 1593; baseline 0.002 -20"><span class='ocrx_word' id='word_1_449' title='bbox 2103 1520 2277 1586; x_wconf 89' lang='lat' dir='ltr'><strong>nient,</strong></span> <span class='ocrx_word' id='word_1_450' title='bbox 2306 1522 2423 1577; x_wconf 81' lang='lat' dir='ltr'><strong>sive</strong></span> <span class='ocrx_word' id='word_1_451' title='bbox 2448 1522 2730 1586; x_wconf 86' lang='lat' dir='ltr'><strong>sileamus,</strong></span> <span class='ocrx_word' id='word_1_452' title='bbox 2753 1522 2868 1578; x_wconf 86' lang='lat' dir='ltr'><strong>sive</strong></span> <span class='ocrx_word' id='word_1_453' title='bbox 2896 1523 3223 1593; x_wconf 87' lang='lat' dir='ltr'><strong>loquamur:</strong></span> <span class='ocrx_word' id='word_1_454' title='bbox 3248 1530 3303 1575; x_wconf 92' lang='lat' dir='ltr'><strong>at</strong></span> <span class='ocrx_word' id='word_1_455' title='bbox 3339 1522 3516 1578; x_wconf 75' lang='lat' dir='ltr'><strong>ctedes</strong></span> <span class='ocrx_word' id='word_1_456' title='bbox 3545 1536 3689 1591; x_wconf 65' lang='lat' dir='ltr'><strong>pra:-</strong></span> 
     </span>
    </p>
   </div>
   <div class='ocr_carea' id='block_1_61' title="bbox 2102 1610 3693 1682">
    <p class='ocr_par' dir='ltr' id='par_1_61' title="bbox 2102 1610 3693 1682">
     <span class='ocr_line' id='line_1_61' title="bbox 2102 1610 3693 1682; baseline 0.003 -19"><span class='ocrx_word' id='word_1_457' title='bbox 2102 1610 2336 1667; x_wconf 83' lang='lat' dir='ltr'><strong>dicentis</strong></span> <span class='ocrx_word' id='word_1_458' title='bbox 2365 1628 2528 1682; x_wconf 90' lang='lat' dir='ltr'><strong>quam</strong></span> <span class='ocrx_word' id='word_1_459' title='bbox 2555 1612 2711 1667; x_wconf 78' lang='lat' dir='ltr'><strong>affert</strong></span> <span class='ocrx_word' id='word_1_460' title='bbox 2743 1612 3212 1668; x_wconf 86' lang='lat' dir='ltr'><strong>incommodorum</strong></span> <span class='ocrx_word' id='word_1_461' title='bbox 3246 1614 3644 1668; x_wconf 89' lang='lat' dir='ltr'><strong>correctionem</strong></span> <span class='ocrx_word' id='word_1_462' title='bbox 3666 1613 3693 1667; x_wconf 90' lang='lat'><strong>?</strong></span> 
     </span>
    </p>
   </div>
   <div class='ocr_carea' id='block_1_62' title="bbox 2106 1702 3691 1774">
    <p class='ocr_par' dir='ltr' id='par_1_62' title="bbox 2106 1702 3691 1774">
     <span class='ocr_line' id='line_1_62' title="bbox 2106 1702 3691 1774; baseline 0.001 -19"><span class='ocrx_word' id='word_1_463' title='bbox 2106 1703 2307 1757; x_wconf 86' lang='lat' dir='ltr'><strong>Deinde</strong></span> <span class='ocrx_word' id='word_1_464' title='bbox 2366 1713 2656 1759; x_wconf 87' lang='lat' dir='ltr'><strong>accusatur</strong></span> <span class='ocrx_word' id='word_1_465' title='bbox 2692 1704 2912 1774; x_wconf 86' lang='lat' dir='ltr'><strong>quidem</strong></span> <span class='ocrx_word' id='word_1_466' title='bbox 2964 1702 3127 1759; x_wconf 80' lang='lat' dir='ltr'><strong>Jesus</strong></span> <span class='ocrx_word' id='word_1_467' title='bbox 3163 1702 3481 1758; x_wconf 83' lang='lat' dir='ltr'><strong>Nazarenus</strong></span> <span class='ocrx_word' id='word_1_468' title='bbox 3511 1724 3524 1758; x_wconf 88' lang='lat'><strong>:</strong></span> <span class='ocrx_word' id='word_1_469' title='bbox 3559 1720 3691 1759; x_wconf 82' lang='lat' dir='ltr'><strong>sen-</strong></span> 
     </span>
    </p>
   </div>
   <div class='ocr_carea' id='block_1_63' title="bbox 2107 1795 3687 1865">
    <p class='ocr_par' dir='ltr' id='par_1_63' title="bbox 2107 1795 3687 1865">
     <span class='ocr_line' id='line_1_63' title="bbox 2107 1795 3687 1865; baseline 0.001 -19"><span class='ocrx_word' id='word_1_470' title='bbox 2107 1795 2271 1846; x_wconf 88' lang='lat' dir='ltr'><strong>tentia</strong></span> <span class='ocrx_word' id='word_1_471' title='bbox 2294 1804 2498 1858; x_wconf 88' lang='lat' dir='ltr'><strong>autem,</strong></span> <span class='ocrx_word' id='word_1_472' title='bbox 2515 1809 2622 1863; x_wconf 89' lang='lat' dir='ltr'><strong>qua</strong></span> <span class='ocrx_word' id='word_1_473' title='bbox 2637 1809 2799 1865; x_wconf 87' lang='lat' dir='ltr'><strong>poena</strong></span> <span class='ocrx_word' id='word_1_474' title='bbox 2816 1802 2980 1863; x_wconf 90' lang='lat' dir='ltr'><strong>atque</strong></span> <span class='ocrx_word' id='word_1_475' title='bbox 3001 1795 3330 1865; x_wconf 84' lang='lat' dir='ltr'><strong>supplicium</strong></span> <span class='ocrx_word' id='word_1_476' title='bbox 3351 1795 3687 1860; x_wconf 89' lang='lat' dir='ltr'><strong>decernitur,</strong></span> 
     </span>
    </p>
   </div>
   <div class='ocr_carea' id='block_1_64' title="bbox 2107 1884 3691 1957">
    <p class='ocr_par' dir='ltr' id='par_1_64' title="bbox 2107 1884 3691 1957">
     <span class='ocr_line' id='line_1_64' title="bbox 2107 1884 3691 1957; baseline 0.002 -20"><span class='ocrx_word' id='word_1_477' title='bbox 2107 1885 2372 1941; x_wconf 89' lang='lat' dir='ltr'><strong>adversus</strong></span> <span class='ocrx_word' id='word_1_478' title='bbox 2404 1884 2744 1957; x_wconf 89' lang='lat' dir='ltr'><strong>Stephanum</strong></span> <span class='ocrx_word' id='word_1_479' title='bbox 2780 1887 2972 1943; x_wconf 87' lang='lat' dir='ltr'><strong>fertur.</strong></span> <span class='ocrx_word' id='word_1_480' title='bbox 3008 1887 3175 1957; x_wconf 82' lang='lat' dir='ltr'><strong>Atqui</strong></span> <span class='ocrx_word' id='word_1_481' title='bbox 3205 1887 3252 1942; x_wconf 90' lang='lat' dir='ltr'><strong>si</strong></span> <span class='ocrx_word' id='word_1_482' title='bbox 3282 1886 3352 1949; x_wconf 89' lang='lat' dir='ltr'><strong>is,</strong></span> <span class='ocrx_word' id='word_1_483' title='bbox 3387 1887 3481 1957; x_wconf 90' lang='lat' dir='ltr'><strong>qui</strong></span> <span class='ocrx_word' id='word_1_484' title='bbox 3512 1887 3691 1941; x_wconf 79' lang='lat' dir='ltr'><strong>delin-</strong></span> 
     </span>
    </p>
   </div>
   <div class='ocr_carea' id='block_1_65' title="bbox 2105 1977 3693 2047">
    <p class='ocr_par' dir='ltr' id='par_1_65' title="bbox 2105 1977 3693 2047">
     <span class='ocr_line' id='line_1_65' title="bbox 2105 1977 3693 2047; baseline 0 -16"><span class='ocrx_word' id='word_1_485' title='bbox 2105 1978 2245 2047; x_wconf 88' lang='lat' dir='ltr'><strong>quit,</strong></span> <span class='ocrx_word' id='word_1_486' title='bbox 2288 1979 2425 2032; x_wconf 88' lang='lat' dir='ltr'><strong>iram</strong></span> <span class='ocrx_word' id='word_1_487' title='bbox 2454 1988 2637 2034; x_wconf 89' lang='lat' dir='ltr'><strong>movet</strong></span> <span class='ocrx_word' id='word_1_488' title='bbox 2664 1987 2719 2034; x_wconf 88' lang='lat' dir='ltr'><strong>et</strong></span> <span class='ocrx_word' id='word_1_489' title='bbox 2740 1979 2961 2034; x_wconf 90' lang='lat' dir='ltr'><strong>crimini</strong></span> <span class='ocrx_word' id='word_1_490' title='bbox 2983 1979 3144 2033; x_wconf 89' lang='lat' dir='ltr'><strong>datur</strong></span> <span class='ocrx_word' id='word_1_491' title='bbox 3184 1979 3289 2033; x_wconf 93' lang='lat' dir='ltr'><strong>loci</strong></span> <span class='ocrx_word' id='word_1_492' title='bbox 3323 1986 3378 2033; x_wconf 91' lang='lat' dir='ltr'><strong>et</strong></span> <span class='ocrx_word' id='word_1_493' title='bbox 3408 1977 3693 2033; x_wconf 86' lang='lat' dir='ltr'><strong>instituto-</strong></span> 
     </span>
    </p>
   </div>
   <div class='ocr_carea' id='block_1_66' title="bbox 2107 2066 3689 2141">
    <p class='ocr_par' dir='ltr' id='par_1_66' title="bbox 2107 2066 3689 2141">
     <span class='ocr_line' id='line_1_66' title="bbox 2107 2066 3689 2141; baseline -0.001 -20"><span class='ocrx_word' id='word_1_494' title='bbox 2107 2083 2227 2122; x_wconf 90' lang='lat' dir='ltr'><strong>rum</strong></span> <span class='ocrx_word' id='word_1_495' title='bbox 2262 2069 2529 2137; x_wconf 84' lang='lat' dir='ltr'><strong>mutatio;</strong></span> <span class='ocrx_word' id='word_1_496' title='bbox 2561 2077 2724 2141; x_wconf 90' lang='lat' dir='ltr'><strong>atque</strong></span> <span class='ocrx_word' id='word_1_497' title='bbox 2748 2069 2865 2124; x_wconf 88' lang='lat' dir='ltr'><strong>haec</strong></span> <span class='ocrx_word' id='word_1_498' title='bbox 2879 2077 3167 2123; x_wconf 87' lang='lat' dir='ltr'><strong>accusator</strong></span> <span class='ocrx_word' id='word_1_499' title='bbox 3196 2082 3307 2122; x_wconf 86' lang='lat' dir='ltr'><strong>non</strong></span> <span class='ocrx_word' id='word_1_500' title='bbox 3331 2082 3362 2122; x_wconf 90' lang='lat' dir='ltr'><strong>a</strong></span> <span class='ocrx_word' id='word_1_501' title='bbox 3388 2066 3689 2138; x_wconf 84' lang='lat' dir='ltr'><strong>Stephano,</strong></span> 
     </span>
    </p>
   </div>
   <div class='ocr_carea' id='block_1_67' title="bbox 2104 2160 3691 2230">
    <p class='ocr_par' dir='ltr' id='par_1_67' title="bbox 2104 2160 3691 2230">
     <span class='ocr_line' id='line_1_67' title="bbox 2104 2160 3691 2230; baseline -0.003 -13"><span class='ocrx_word' id='word_1_502' title='bbox 2104 2161 2201 2217; x_wconf 89' lang='lat' dir='ltr'><strong>sed</strong></span> <span class='ocrx_word' id='word_1_503' title='bbox 2237 2162 2307 2217; x_wconf 92' lang='lat' dir='ltr'><strong>ab</strong></span> <span class='ocrx_word' id='word_1_504' title='bbox 2347 2160 2478 2217; x_wconf 85' lang='lat' dir='ltr'><strong>Jesu</strong></span> <span class='ocrx_word' id='word_1_505' title='bbox 2519 2161 2637 2217; x_wconf 86' lang='lat' dir='ltr'><strong>fieri</strong></span> <span class='ocrx_word' id='word_1_506' title='bbox 2687 2160 2822 2216; x_wconf 89' lang='lat' dir='ltr'><strong>dicit</strong></span> <span class='ocrx_word' id='word_1_507' title='bbox 2854 2180 2866 2216; x_wconf 93' lang='lat'><strong>:</strong></span> <span class='ocrx_word' id='word_1_508' title='bbox 2896 2160 3158 2217; x_wconf 85' lang='lat' dir='ltr'><strong>adversus</strong></span> <span class='ocrx_word' id='word_1_509' title='bbox 3186 2167 3503 2217; x_wconf 89' lang='lat' dir='ltr'><strong>accusatum</strong></span> <span class='ocrx_word' id='word_1_510' title='bbox 3532 2173 3691 2230; x_wconf 87' lang='lat' dir='ltr'><strong>pror-</strong></span> 
     </span>
    </p>
   </div>
   <div class='ocr_carea' id='block_1_68' title="bbox 2106 2250 3691 2322">
    <p class='ocr_par' dir='ltr' id='par_1_68' title="bbox 2106 2250 3691 2322">
     <span class='ocr_line' id='line_1_68' title="bbox 2106 2250 3691 2322; baseline -0.001 -16"><span class='ocrx_word' id='word_1_511' title='bbox 2106 2268 2204 2307; x_wconf 89' lang='lat' dir='ltr'><strong>sus</strong></span> <span class='ocrx_word' id='word_1_512' title='bbox 2232 2251 2567 2306; x_wconf 88' lang='lat' dir='ltr'><strong>commoveri</strong></span> <span class='ocrx_word' id='word_1_513' title='bbox 2620 2250 2837 2319; x_wconf 78' lang='lat' dir='ltr'><strong>judices</strong></span> <span class='ocrx_word' id='word_1_514' title='bbox 2867 2251 3173 2322; x_wconf 80' lang='lat' dir='ltr'><strong>oportebat.</strong></span> <span class='ocrx_word' id='word_1_515' title='bbox 3206 2254 3247 2303; x_wconf 90' lang='lat'>0</span> <span class='ocrx_word' id='word_1_516' title='bbox 3295 2251 3556 2320; x_wconf 86' lang='lat' dir='ltr'><strong>injustam</strong></span> <span class='ocrx_word' id='word_1_517' title='bbox 3592 2264 3691 2304; x_wconf 88' lang='lat' dir='ltr'><strong>au-</strong></span> 
     </span>
    </p>
   </div>
   <div class='ocr_carea' id='block_1_69' title="bbox 2105 2340 3692 2413">
    <p class='ocr_par' dir='ltr' id='par_1_69' title="bbox 2105 2340 3692 2413">
     <span class='ocr_line' id='line_1_69' title="bbox 2105 2340 3692 2413; baseline -0.001 -16"><span class='ocrx_word' id='word_1_518' title='bbox 2105 2343 2370 2397; x_wconf 87' lang='lat' dir='ltr'><strong>dientium</strong></span> <span class='ocrx_word' id='word_1_519' title='bbox 2386 2344 2733 2399; x_wconf 84' lang='lat' dir='ltr'><strong>sententiam!</strong></span> <span class='ocrx_word' id='word_1_520' title='bbox 2759 2342 3049 2410; x_wconf 87' lang='lat' dir='ltr'><strong>Quoniam,</strong></span> <span class='ocrx_word' id='word_1_521' title='bbox 3063 2344 3261 2413; x_wconf 90' lang='lat' dir='ltr'><strong>inquit,</strong></span> <span class='ocrx_word' id='word_1_522' title='bbox 3278 2340 3440 2398; x_wconf 85' lang='lat' dir='ltr'><strong>Jesus</strong></span> <span class='ocrx_word' id='word_1_523' title='bbox 3457 2341 3692 2397; x_wconf 89' lang='lat' dir='ltr'><strong>mutabit</strong></span> 
     </span>
    </p>
   </div>
   <div class='ocr_carea' id='block_1_70' title="bbox 2109 2432 3690 2507">
    <p class='ocr_par' dir='ltr' id='par_1_70' title="bbox 2109 2432 3690 2507">
     <span class='ocr_line' id='line_1_70' title="bbox 2109 2432 3690 2507; baseline -0.001 -19"><span class='ocrx_word' id='word_1_524' title='bbox 2109 2434 2275 2507; x_wconf 85' lang='lat' dir='ltr'><strong>leges,</strong></span> <span class='ocrx_word' id='word_1_525' title='bbox 2298 2436 2571 2505; x_wconf 89' lang='lat' dir='ltr'><strong>lapidetur</strong></span> <span class='ocrx_word' id='word_1_526' title='bbox 2610 2432 2945 2505; x_wconf 89' lang='lat' dir='ltr'><strong>Stephanus.</strong></span> <span class='ocrx_word' id='word_1_527' title='bbox 2975 2433 3264 2502; x_wconf 86' lang='lat' dir='ltr'><strong>Quomodo</strong></span> <span class='ocrx_word' id='word_1_528' title='bbox 3292 2442 3476 2487; x_wconf 90' lang='lat' dir='ltr'><strong>autem</strong></span> <span class='ocrx_word' id='word_1_529' title='bbox 3514 2434 3690 2504; x_wconf 89' lang='lat' dir='ltr'><strong>legem</strong></span> 
     </span>
    </p>
   </div>
   <div class='ocr_carea' id='block_1_71' title="bbox 2105 2524 3689 2596">
    <p class='ocr_par' dir='ltr' id='par_1_71' title="bbox 2105 2524 3689 2596">
     <span class='ocr_line' id='line_1_71' title="bbox 2105 2524 3689 2596; baseline -0.003 -16"><span class='ocrx_word' id='word_1_530' title='bbox 2105 2527 2267 2581; x_wconf 82' lang='lat' dir='ltr'><strong>Jesus</strong></span> <span class='ocrx_word' id='word_1_531' title='bbox 2299 2524 2610 2596; x_wconf 88' lang='lat' dir='ltr'><strong>abrogabit,</strong></span> <span class='ocrx_word' id='word_1_532' title='bbox 2638 2526 2732 2594; x_wconf 87' lang='lat' dir='ltr'><strong>qui</strong></span> <span class='ocrx_word' id='word_1_533' title='bbox 2784 2526 2859 2579; x_wconf 92' lang='lat' dir='ltr'><strong>ita</strong></span> <span class='ocrx_word' id='word_1_534' title='bbox 2892 2524 3121 2580; x_wconf 76' lang='lat' dir='ltr'><strong>allectus</strong></span> <span class='ocrx_word' id='word_1_535' title='bbox 3169 2532 3289 2579; x_wconf 88' lang='lat' dir='ltr'><strong>erat</strong></span> <span class='ocrx_word' id='word_1_536' title='bbox 3335 2538 3464 2593; x_wconf 88' lang='lat' dir='ltr'><strong>erga</strong></span> <span class='ocrx_word' id='word_1_537' title='bbox 3493 2524 3689 2593; x_wconf 88' lang='lat' dir='ltr'><strong>legem,</strong></span> 
     </span>
    </p>
   </div>
   <div class='ocr_carea' id='block_1_72' title="bbox 2106 2613 3689 2686">
    <p class='ocr_par' dir='ltr' id='par_1_72' title="bbox 2106 2613 3689 2686">
     <span class='ocr_line' id='line_1_72' title="bbox 2106 2613 3689 2686; baseline -0.002 -16"><span class='ocrx_word' id='word_1_538' title='bbox 2106 2616 2200 2686; x_wconf 88' lang='lat' dir='ltr'><strong>qui</strong></span> <span class='ocrx_word' id='word_1_539' title='bbox 2231 2615 2418 2671; x_wconf 91' lang='lat' dir='ltr'><strong>omnia</strong></span> <span class='ocrx_word' id='word_1_540' title='bbox 2468 2617 2536 2669; x_wconf 90' lang='lat' dir='ltr'><strong>ad</strong></span> <span class='ocrx_word' id='word_1_541' title='bbox 2580 2616 3057 2670; x_wconf 87' lang='lat' dir='ltr'><strong>confirmationem</strong></span> <span class='ocrx_word' id='word_1_542' title='bbox 3104 2614 3452 2684; x_wconf 90' lang='lat' dir='ltr'><strong>antiquarum</strong></span> <span class='ocrx_word' id='word_1_543' title='bbox 3511 2613 3689 2684; x_wconf 88' lang='lat' dir='ltr'><strong>legum</strong></span> 
     </span>
    </p>
   </div>
   <div class='ocr_carea' id='block_1_73' title="bbox 2105 2703 3690 2777">
    <p class='ocr_par' dir='ltr' id='par_1_73' title="bbox 2105 2703 3690 2777">
     <span class='ocr_line' id='line_1_73' title="bbox 2105 2703 3690 2777; baseline -0.004 -16"><span class='ocrx_word' id='word_1_544' title='bbox 2105 2708 2363 2770; x_wconf 85' lang='lat' dir='ltr'><strong>instituit,</strong></span> <span class='ocrx_word' id='word_1_545' title='bbox 2396 2706 2493 2777; x_wconf 87' lang='lat' dir='ltr'><strong>qui</strong></span> <span class='ocrx_word' id='word_1_546' title='bbox 2555 2706 2695 2761; x_wconf 83' lang='lat' dir='ltr'><strong>dixit</strong></span> <span class='ocrx_word' id='word_1_547' title='bbox 2726 2705 2891 2760; x_wconf 82' lang='lat' dir='ltr'><strong>:Non</strong></span> <span class='ocrx_word' id='word_1_548' title='bbox 2935 2706 3051 2759; x_wconf 83' lang='lat' dir='ltr'><strong>veni</strong></span> <span class='ocrx_word' id='word_1_549' title='bbox 3085 2705 3447 2757; x_wconf 68' lang='lat' dir='ltr'><strong>dissolutum:</strong></span> <span class='ocrx_word' id='word_1_550' title='bbox 3504 2703 3690 2772; x_wconf 84' lang='lat' dir='ltr'><strong>legem,</strong></span> 
     </span>
    </p>
   </div>
   <div class='ocr_carea' id='block_1_74' title="bbox 2107 2791 3692 2870">
    <p class='ocr_par' dir='ltr' id='par_1_74' title="bbox 2107 2791 3692 2870">
     <span class='ocr_line' id='line_1_74' title="bbox 2107 2791 3692 2870; baseline -0.004 -19"><span class='ocrx_word' id='word_1_551' title='bbox 2107 2798 2197 2851; x_wconf 77' lang='lat' dir='ltr'><strong>sed</strong></span> <span class='ocrx_word' id='word_1_552' title='bbox 2213 2796 2524 2867; x_wconf 79' lang='lat' dir='ltr'><strong>t’mpt&#39;eturus</strong></span> <span class='ocrx_word' id='word_1_553' title='bbox 2551 2796 2622 2849; x_wconf 83' lang='lat'><strong>&quot;?</strong></span> <span class='ocrx_word' id='word_1_554' title='bbox 2634 2795 2726 2865; x_wconf 89' lang='lat' dir='ltr'><strong>qui</strong></span> <span class='ocrx_word' id='word_1_555' title='bbox 2745 2795 2915 2866; x_wconf 87' lang='lat' dir='ltr'><strong>legem</strong></span> <span class='ocrx_word' id='word_1_556' title='bbox 2933 2793 2998 2848; x_wconf 88' lang='lat' dir='ltr'><strong>de</strong></span> <span class='ocrx_word' id='word_1_557' title='bbox 3022 2808 3132 2847; x_wconf 90' lang='lat' dir='ltr'><strong>non</strong></span> <span class='ocrx_word' id='word_1_558' title='bbox 3161 2791 3565 2856; x_wconf 81' lang='lat' dir='ltr'><strong>interficiendo,</strong></span> <span class='ocrx_word' id='word_1_559' title='bbox 3595 2806 3692 2870; x_wconf 87' lang='lat' dir='ltr'><strong>per</strong></span> 
     </span>
    </p>
   </div>
   <div class='ocr_carea' id='block_1_75' title="bbox 2109 2882 3689 2956">
    <p class='ocr_par' dir='ltr' id='par_1_75' title="bbox 2109 2882 3689 2956">
     <span class='ocr_line' id='line_1_75' title="bbox 2109 2882 3689 2956; baseline -0.004 -16"><span class='ocrx_word' id='word_1_560' title='bbox 2109 2886 2233 2949; x_wconf 86' lang='lat' dir='ltr'><strong>huc,</strong></span> <span class='ocrx_word' id='word_1_561' title='bbox 2274 2886 2419 2956; x_wconf 84' lang='lat' dir='ltr'><strong>quod</strong></span> <span class='ocrx_word' id='word_1_562' title='bbox 2458 2899 2560 2940; x_wconf 89' lang='lat' dir='ltr'><strong>nec</strong></span> <span class='ocrx_word' id='word_1_563' title='bbox 2612 2898 2844 2953; x_wconf 86' lang='lat' dir='ltr'><strong>prorsus</strong></span> <span class='ocrx_word' id='word_1_564' title='bbox 2893 2882 3114 2953; x_wconf 90' lang='lat' dir='ltr'><strong>quidem</strong></span> <span class='ocrx_word' id='word_1_565' title='bbox 3158 2882 3321 2936; x_wconf 89' lang='lat' dir='ltr'><strong>irasci</strong></span> <span class='ocrx_word' id='word_1_566' title='bbox 3360 2895 3689 2951; x_wconf 90' lang='lat' dir='ltr'><strong>quemquam</strong></span> 
     </span>
    </p>
   </div>
   <div class='ocr_carea' id='block_1_76' title="bbox 2107 2969 3690 3042">
    <p class='ocr_par' dir='ltr' id='par_1_76' title="bbox 2107 2969 3690 3042">
     <span class='ocr_line' id='line_1_76' title="bbox 2107 2969 3690 3042; baseline -0.004 -14"><span class='ocrx_word' id='word_1_567' title='bbox 2107 2974 2303 3041; x_wconf 89' lang='lat' dir='ltr'><strong>voluit,</strong></span> <span class='ocrx_word' id='word_1_568' title='bbox 2362 2972 2651 3042; x_wconf 89' lang='lat' dir='ltr'><strong>discipulis</strong></span> <span class='ocrx_word' id='word_1_569' title='bbox 2686 2971 3026 3027; x_wconf 84' lang='lat' dir='ltr'><strong>confirmavit</strong></span> <span class='ocrx_word' id='word_1_570' title='bbox 3053 2971 3076 3024; x_wconf 89' lang='lat'><strong>?</strong></span> <span class='ocrx_word' id='word_1_571' title='bbox 3102 2970 3196 3041; x_wconf 91' lang='lat' dir='ltr'><strong>qui</strong></span> <span class='ocrx_word' id='word_1_572' title='bbox 3225 2969 3551 3023; x_wconf 89' lang='lat' dir='ltr'><strong>adulterium</strong></span> <span class='ocrx_word' id='word_1_573' title='bbox 3579 2985 3690 3022; x_wconf 89' lang='lat' dir='ltr'><strong>una</strong></span> 
     </span>
    </p>
   </div>
   <div class='ocr_carea' id='block_1_77' title="bbox 2107 3059 3690 3133">
    <p class='ocr_par' dir='ltr' id='par_1_77' title="bbox 2107 3059 3690 3133">
     <span class='ocr_line' id='line_1_77' title="bbox 2107 3059 3690 3133; baseline -0.003 -15"><span class='ocrx_word' id='word_1_574' title='bbox 2107 3079 2230 3118; x_wconf 84' lang='lat' dir='ltr'><strong>cum</strong></span> <span class='ocrx_word' id='word_1_575' title='bbox 2260 3063 2489 3118; x_wconf 87' lang='lat' dir='ltr'><strong>libidine</strong></span> <span class='ocrx_word' id='word_1_576' title='bbox 2532 3070 2695 3133; x_wconf 89' lang='lat' dir='ltr'><strong>atque</strong></span> <span class='ocrx_word' id='word_1_577' title='bbox 2726 3061 3177 3131; x_wconf 88' lang='lat' dir='ltr'><strong>concupiscentia</strong></span> <span class='ocrx_word' id='word_1_578' title='bbox 3228 3059 3432 3131; x_wconf 89' lang='lat' dir='ltr'><strong>ejecit?</strong></span> <span class='ocrx_word' id='word_1_579' title='bbox 3470 3059 3561 3130; x_wconf 86' lang='lat' dir='ltr'><strong>qui</strong></span> <span class='ocrx_word' id='word_1_580' title='bbox 3592 3075 3690 3130; x_wconf 79' lang='lat' dir='ltr'><strong>per</strong></span> 
     </span>
    </p>
   </div>
   <div class='ocr_carea' id='block_1_78' title="bbox 2106 3152 3691 3225">
    <p class='ocr_par' dir='ltr' id='par_1_78' title="bbox 2106 3152 3691 3225">
     <span class='ocr_line' id='line_1_78' title="bbox 2106 3152 3691 3225; baseline -0.003 -16"><span class='ocrx_word' id='word_1_581' title='bbox 2106 3155 2183 3220; x_wconf 93' lang='lat' dir='ltr'><strong>id,</strong></span> <span class='ocrx_word' id='word_1_582' title='bbox 2214 3153 2361 3225; x_wconf 86' lang='lat' dir='ltr'><strong>quod</strong></span> <span class='ocrx_word' id='word_1_583' title='bbox 2396 3154 2592 3221; x_wconf 90' lang='lat' dir='ltr'><strong>noluit,</strong></span> <span class='ocrx_word' id='word_1_584' title='bbox 2633 3160 2691 3208; x_wconf 92' lang='lat' dir='ltr'><strong>ut</strong></span> <span class='ocrx_word' id='word_1_585' title='bbox 2720 3153 3009 3223; x_wconf 90' lang='lat' dir='ltr'><strong>quisquam</strong></span> <span class='ocrx_word' id='word_1_586' title='bbox 3034 3152 3332 3207; x_wconf 86' lang='lat' dir='ltr'><strong>ulciscatur</strong></span> <span class='ocrx_word' id='word_1_587' title='bbox 3356 3166 3550 3216; x_wconf 90' lang='lat' dir='ltr'><strong>eum,a</strong></span> <span class='ocrx_word' id='word_1_588' title='bbox 3577 3166 3691 3221; x_wconf 90' lang='lat' dir='ltr'><strong>quo</strong></span> 
     </span>
    </p>
   </div>
   <div class='ocr_carea' id='block_1_79' title="bbox 2105 3244 3686 3315">
    <p class='ocr_par' dir='ltr' id='par_1_79' title="bbox 2105 3244 3686 3315">
     <span class='ocr_line' id='line_1_79' title="bbox 2105 3244 3686 3315; baseline -0.001 -14"><span class='ocrx_word' id='word_1_589' title='bbox 2105 3257 2233 3303; x_wconf 90' lang='lat' dir='ltr'><strong>ante</strong></span> <span class='ocrx_word' id='word_1_590' title='bbox 2266 3248 2429 3302; x_wconf 71' lang='lat' dir='ltr'><strong>laesus</strong></span> <span class='ocrx_word' id='word_1_591' title='bbox 2462 3254 2630 3311; x_wconf 88' lang='lat' dir='ltr'><strong>esset,</strong></span> <span class='ocrx_word' id='word_1_592' title='bbox 2693 3260 2762 3300; x_wconf 92' lang='lat' dir='ltr'><strong>ne</strong></span> <span class='ocrx_word' id='word_1_593' title='bbox 2813 3244 3193 3301; x_wconf 89' lang='lat' dir='ltr'><strong>lacessendum</strong></span> <span class='ocrx_word' id='word_1_594' title='bbox 3226 3244 3443 3314; x_wconf 88' lang='lat' dir='ltr'><strong>quidem</strong></span> <span class='ocrx_word' id='word_1_595' title='bbox 3480 3244 3686 3315; x_wconf 86' lang='lat' dir='ltr'><strong>injuria</strong></span> 
     </span>
    </p>
   </div>
   <div class='ocr_carea' id='block_1_80' title="bbox 2104 3335 3687 3410">
    <p class='ocr_par' dir='ltr' id='par_1_80' title="bbox 2104 3335 3687 3410">
     <span class='ocr_line' id='line_1_80' title="bbox 2104 3335 3687 3410; baseline -0.003 -17"><span class='ocrx_word' id='word_1_596' title='bbox 2104 3353 2435 3410; x_wconf 88' lang='lat' dir='ltr'><strong>quemquam</strong></span> <span class='ocrx_word' id='word_1_597' title='bbox 2474 3351 2599 3393; x_wconf 86' lang='lat' dir='ltr'><strong>esse</strong></span> <span class='ocrx_word' id='word_1_598' title='bbox 2623 3336 2850 3393; x_wconf 77' lang='lat' dir='ltr'><strong>sanxit?</strong></span> <span class='ocrx_word' id='word_1_599' title='bbox 2885 3336 2979 3405; x_wconf 88' lang='lat' dir='ltr'><strong>qui</strong></span> <span class='ocrx_word' id='word_1_600' title='bbox 3009 3351 3106 3407; x_wconf 91' lang='lat' dir='ltr'><strong>per</strong></span> <span class='ocrx_word' id='word_1_601' title='bbox 3132 3335 3687 3391; x_wconf 67' lang='lat' dir='ltr'><strong>communirationem</strong></span> 
     </span>
    </p>
   </div>
   <div class='ocr_carea' id='block_1_81' title="bbox 2104 3427 3386 3497">
    <p class='ocr_par' dir='ltr' id='par_1_81' title="bbox 2104 3427 3386 3497">
     <span class='ocr_line' id='line_1_81' title="bbox 2104 3427 3386 3497; baseline -0.005 -10"><span class='ocrx_word' id='word_1_602' title='bbox 2104 3432 2451 3497; x_wconf 82' lang='lat' dir='ltr'><strong>facultatum,</strong></span> <span class='ocrx_word' id='word_1_603' title='bbox 2475 3427 2720 3484; x_wconf 68' lang='lat' dir='ltr'><strong>avaritia:</strong></span> <span class='ocrx_word' id='word_1_604' title='bbox 2741 3429 2932 3483; x_wconf 89' lang='lat' dir='ltr'><strong>vitium</strong></span> <span class='ocrx_word' id='word_1_605' title='bbox 2964 3428 3386 3483; x_wconf 78' lang='lat' dir='ltr'><strong>exterminavit!</strong></span> 
     </span>
    </p>
   </div>
   <div class='ocr_carea' id='block_1_82' title="bbox 2176 3521 3688 3593">
    <p class='ocr_par' dir='ltr' id='par_1_82' title="bbox 2176 3521 3688 3593">
     <span class='ocr_line' id='line_1_82' title="bbox 2176 3521 3688 3593; baseline -0.003 -15"><span class='ocrx_word' id='word_1_606' title='bbox 2176 3524 2280 3590; x_wconf 94' lang='lat' dir='ltr'><strong>Qui</strong></span> <span class='ocrx_word' id='word_1_607' title='bbox 2304 3521 2364 3577; x_wconf 88' lang='lat' dir='ltr'><strong>lit</strong></span> <span class='ocrx_word' id='word_1_608' title='bbox 2393 3522 2583 3593; x_wconf 89' lang='lat' dir='ltr'><strong>igitur,</strong></span> <span class='ocrx_word' id='word_1_609' title='bbox 2605 3529 2666 3575; x_wconf 92' lang='lat' dir='ltr'><strong>ut</strong></span> <span class='ocrx_word' id='word_1_610' title='bbox 2695 3521 2811 3577; x_wconf 70' lang='lat' dir='ltr'><strong>haec</strong></span> <span class='ocrx_word' id='word_1_611' title='bbox 2827 3533 3004 3591; x_wconf 90' lang='lat' dir='ltr'><strong>neque</strong></span> <span class='ocrx_word' id='word_1_612' title='bbox 3022 3527 3477 3583; x_wconf 88' lang='lat' dir='ltr'><strong>commemorata,</strong></span> <span class='ocrx_word' id='word_1_613' title='bbox 3509 3535 3688 3590; x_wconf 79' lang='lat' dir='ltr'><strong>neque</strong></span> 
     </span>
    </p>
   </div>
   <div class='ocr_carea' id='block_1_83' title="bbox 2105 3611 3685 3684">
    <p class='ocr_par' dir='ltr' id='par_1_83' title="bbox 2105 3611 3685 3684">
     <span class='ocr_line' id='line_1_83' title="bbox 2105 3611 3685 3684; baseline -0.003 -16"><span class='ocrx_word' id='word_1_614' title='bbox 2105 3614 2161 3668; x_wconf 91' lang='lat' dir='ltr'><strong>in</strong></span> <span class='ocrx_word' id='word_1_615' title='bbox 2209 3612 2593 3684; x_wconf 80' lang='lat' dir='ltr'><strong>cognoscendo</strong></span> <span class='ocrx_word' id='word_1_616' title='bbox 2638 3611 2807 3666; x_wconf 89' lang='lat' dir='ltr'><strong>simul</strong></span> <span class='ocrx_word' id='word_1_617' title='bbox 2838 3626 2961 3681; x_wconf 64' lang='lat' dir='ltr'><strong>qua:</strong></span> <span class='ocrx_word' id='word_1_618' title='bbox 3004 3612 3109 3667; x_wconf 89' lang='lat' dir='ltr'><strong>sita</strong></span> <span class='ocrx_word' id='word_1_619' title='bbox 3167 3621 3331 3681; x_wconf 88' lang='lat' dir='ltr'><strong>atque</strong></span> <span class='ocrx_word' id='word_1_620' title='bbox 3376 3612 3685 3673; x_wconf 63' lang='lat' dir='ltr'><strong>examinata</strong></span> 
     </span>
    </p>
   </div>
   <div class='ocr_carea' id='block_1_84' title="bbox 2104 3694 3687 3773">
    <p class='ocr_par' dir='ltr' id='par_1_84' title="bbox 2104 3694 3687 3773">
     <span class='ocr_line' id='line_1_84' title="bbox 2104 3694 3687 3773; baseline -0.002 -14"><span class='ocrx_word' id='word_1_621' title='bbox 2104 3704 2250 3760; x_wconf 83' lang='lat' dir='ltr'><strong>sint?</strong></span> <span class='ocrx_word' id='word_1_622' title='bbox 2275 3702 2481 3759; x_wconf 82' lang='lat' dir='ltr'><strong>Vellem</strong></span> <span class='ocrx_word' id='word_1_623' title='bbox 2516 3718 2665 3757; x_wconf 93' lang='lat' dir='ltr'><strong>nunc</strong></span> <span class='ocrx_word' id='word_1_624' title='bbox 2695 3702 2892 3758; x_wconf 88' lang='lat' dir='ltr'><strong>adesse</strong></span> <span class='ocrx_word' id='word_1_625' title='bbox 2925 3694 3056 3756; x_wconf 72' lang='lat' dir='ltr'><strong>milii</strong></span> <span class='ocrx_word' id='word_1_626' title='bbox 3107 3702 3591 3773; x_wconf 86' lang='lat' dir='ltr'><strong>sanguinariorum</strong></span> <span class='ocrx_word' id='word_1_627' title='bbox 3625 3703 3687 3757; x_wconf 89' lang='lat' dir='ltr'><strong>il-</strong></span> 
     </span>
    </p>
   </div>
   <div class='ocr_carea' id='block_1_85' title="bbox 2103 3793 3685 3865">
    <p class='ocr_par' dir='ltr' id='par_1_85' title="bbox 2103 3793 3685 3865">
     <span class='ocr_line' id='line_1_85' title="bbox 2103 3793 3685 3865; baseline -0.001 -15"><span class='ocrx_word' id='word_1_628' title='bbox 2103 3796 2283 3851; x_wconf 91' lang='lat' dir='ltr'><strong>lorum</strong></span> <span class='ocrx_word' id='word_1_629' title='bbox 2330 3796 2577 3865; x_wconf 88' lang='lat' dir='ltr'><strong>judicum</strong></span> <span class='ocrx_word' id='word_1_630' title='bbox 2623 3794 2948 3857; x_wconf 90' lang='lat' dir='ltr'><strong>consilium,</strong></span> <span class='ocrx_word' id='word_1_631' title='bbox 3001 3807 3068 3846; x_wconf 87' lang='lat' dir='ltr'><strong>ac</strong></span> <span class='ocrx_word' id='word_1_632' title='bbox 3115 3793 3183 3847; x_wconf 94' lang='lat' dir='ltr'><strong>de</strong></span> <span class='ocrx_word' id='word_1_633' title='bbox 3233 3794 3409 3857; x_wconf 91' lang='lat' dir='ltr'><strong>locis,</strong></span> <span class='ocrx_word' id='word_1_634' title='bbox 3449 3809 3685 3863; x_wconf 89' lang='lat' dir='ltr'><strong>quorum</strong></span> 
     </span>
    </p>
   </div>
   <div class='ocr_carea' id='block_1_86' title="bbox 2104 3880 3684 3946">
    <p class='ocr_par' dir='ltr' id='par_1_86' title="bbox 2104 3880 3684 3946">
     <span class='ocr_line' id='line_1_86' title="bbox 2104 3880 3684 3946; baseline -0.001 -6"><span class='ocrx_word' id='word_1_635' title='bbox 2104 3886 2329 3940; x_wconf 89' lang='lat' dir='ltr'><strong>nomine</strong></span> <span class='ocrx_word' id='word_1_636' title='bbox 2353 3886 2587 3938; x_wconf 65' lang='lat' dir='ltr'><strong>smviunt</strong></span> <span class='ocrx_word' id='word_1_637' title='bbox 2612 3881 2835 3946; x_wconf 83' lang='lat' dir='ltr'><strong>infensi,</strong></span> <span class='ocrx_word' id='word_1_638' title='bbox 2861 3880 3157 3946; x_wconf 88' lang='lat' dir='ltr'><strong>sciscitari,</strong></span> <span class='ocrx_word' id='word_1_639' title='bbox 3190 3882 3282 3937; x_wconf 90' lang='lat' dir='ltr'><strong>ubi</strong></span> <span class='ocrx_word' id='word_1_640' title='bbox 3310 3883 3524 3939; x_wconf 90' lang='lat' dir='ltr'><strong>celebre</strong></span> <span class='ocrx_word' id='word_1_641' title='bbox 3549 3885 3684 3939; x_wconf 90' lang='lat' dir='ltr'><strong>illud</strong></span> 
     </span>
    </p>
   </div>
   <div class='ocr_carea' id='block_1_87' title="bbox 2103 3971 3678 4045">
    <p class='ocr_par' dir='ltr' id='par_1_87' title="bbox 2103 3971 3678 4045">
     <span class='ocr_line' id='line_1_87' title="bbox 2103 3971 3678 4045; baseline 0.001 -15"><span class='ocrx_word' id='word_1_642' title='bbox 2103 3974 2369 4045; x_wconf 82' lang='lat' dir='ltr'><strong>templum</strong></span> <span class='ocrx_word' id='word_1_643' title='bbox 2398 4012 2414 4038; x_wconf 90' lang='lat'><strong>,</strong></span> <span class='ocrx_word' id='word_1_644' title='bbox 2447 3972 2539 4027; x_wconf 92' lang='lat' dir='ltr'><strong>ubi</strong></span> <span class='ocrx_word' id='word_1_645' title='bbox 2572 3972 2921 4027; x_wconf 89' lang='lat' dir='ltr'><strong>incredibiles</strong></span> <span class='ocrx_word' id='word_1_646' title='bbox 2971 3971 3211 4041; x_wconf 87' lang='lat' dir='ltr'><strong>lapidum</strong></span> <span class='ocrx_word' id='word_1_647' title='bbox 3242 3975 3678 4043; x_wconf 88' lang='lat' dir='ltr'><strong>magnitudines,</strong></span> 
     </span>
    </p>
   </div>
   <div class='ocr_carea' id='block_1_88' title="bbox 2105 4063 3685 4133">
    <p class='ocr_par' dir='ltr' id='par_1_88' title="bbox 2105 4063 3685 4133">
     <span class='ocr_line' id='line_1_88' title="bbox 2105 4063 3685 4133; baseline -0.001 -11"><span class='ocrx_word' id='word_1_648' title='bbox 2105 4067 2197 4122; x_wconf 86' lang='lat' dir='ltr'><strong>ubi</strong></span> <span class='ocrx_word' id='word_1_649' title='bbox 2233 4081 2429 4121; x_wconf 89' lang='lat' dir='ltr'><strong>aurum</strong></span> <span class='ocrx_word' id='word_1_650' title='bbox 2474 4063 2608 4119; x_wconf 90' lang='lat' dir='ltr'><strong>illud</strong></span> <span class='ocrx_word' id='word_1_651' title='bbox 2634 4104 2650 4128; x_wconf 87' lang='lat'><strong>,</strong></span> <span class='ocrx_word' id='word_1_652' title='bbox 2672 4063 2824 4132; x_wconf 88' lang='lat' dir='ltr'><strong>quod</strong></span> <span class='ocrx_word' id='word_1_653' title='bbox 2873 4063 3141 4133; x_wconf 88' lang='lat' dir='ltr'><strong>reliquam</strong></span> <span class='ocrx_word' id='word_1_654' title='bbox 3172 4066 3356 4133; x_wconf 87' lang='lat' dir='ltr'><strong>templi</strong></span> <span class='ocrx_word' id='word_1_655' title='bbox 3397 4067 3685 4121; x_wconf 88' lang='lat' dir='ltr'><strong>materiam</strong></span> 
     </span>
    </p>
   </div>
   <div class='ocr_carea' id='block_1_89' title="bbox 2104 4152 3680 4225">
    <p class='ocr_par' dir='ltr' id='par_1_89' title="bbox 2104 4152 3680 4225">
     <span class='ocr_line' id='line_1_89' title="bbox 2104 4152 3680 4225; baseline 0 -17"><span class='ocrx_word' id='word_1_656' title='bbox 2104 4154 2279 4225; x_wconf 87' lang='lat' dir='ltr'><strong>pretio</strong></span> <span class='ocrx_word' id='word_1_657' title='bbox 2308 4153 2703 4224; x_wconf 89' lang='lat' dir='ltr'><strong>propemodum</strong></span> <span class='ocrx_word' id='word_1_658' title='bbox 2753 4152 3006 4222; x_wconf 67' lang='lat' dir='ltr'><strong>aequabat</strong></span> <span class='ocrx_word' id='word_1_659' title='bbox 3034 4193 3049 4218; x_wconf 87' lang='lat'><strong>,</strong></span> <span class='ocrx_word' id='word_1_660' title='bbox 3094 4152 3188 4207; x_wconf 89' lang='lat' dir='ltr'><strong>ubi</strong></span> <span class='ocrx_word' id='word_1_661' title='bbox 3222 4152 3466 4225; x_wconf 87' lang='lat' dir='ltr'><strong>legitima</strong></span> <span class='ocrx_word' id='word_1_662' title='bbox 3501 4156 3680 4211; x_wconf 85' lang='lat' dir='ltr'><strong>sacri-</strong></span> 
     </span>
    </p>
   </div>
   <div class='ocr_carea' id='block_1_90' title="bbox 2105 4241 3682 4314">
    <p class='ocr_par' dir='ltr' id='par_1_90' title="bbox 2105 4241 3682 4314">
     <span class='ocr_line' id='line_1_90' title="bbox 2105 4241 3682 4314; baseline 0.001 -16"><span class='ocrx_word' id='word_1_663' title='bbox 2105 4244 2251 4309; x_wconf 83' lang='lat' dir='ltr'><strong>ﬁcia,</strong></span> <span class='ocrx_word' id='word_1_664' title='bbox 2286 4243 2452 4304; x_wconf 87' lang='lat' dir='ltr'><strong>aries,</strong></span> <span class='ocrx_word' id='word_1_665' title='bbox 2482 4242 2710 4305; x_wconf 90' lang='lat' dir='ltr'><strong>vitulus,</strong></span> <span class='ocrx_word' id='word_1_666' title='bbox 2749 4256 2945 4314; x_wconf 89' lang='lat' dir='ltr'><strong>agnus,</strong></span> <span class='ocrx_word' id='word_1_667' title='bbox 2971 4241 3226 4311; x_wconf 89' lang='lat' dir='ltr'><strong>juvenca,</strong></span> <span class='ocrx_word' id='word_1_668' title='bbox 3260 4243 3537 4311; x_wconf 78' lang='lat' dir='ltr'><strong>columba,</strong></span> <span class='ocrx_word' id='word_1_669' title='bbox 3564 4254 3682 4299; x_wconf 88' lang='lat' dir='ltr'><strong>tur-</strong></span> 
     </span>
    </p>
   </div>
   <div class='ocr_carea' id='block_1_91' title="bbox 2106 4332 3679 4405">
    <p class='ocr_par' dir='ltr' id='par_1_91' title="bbox 2106 4332 3679 4405">
     <span class='ocr_line' id='line_1_91' title="bbox 2106 4332 3679 4405; baseline 0.001 -16"><span class='ocrx_word' id='word_1_670' title='bbox 2106 4344 2218 4401; x_wconf 89' lang='lat' dir='ltr'><strong>tur,</strong></span> <span class='ocrx_word' id='word_1_671' title='bbox 2264 4334 2577 4388; x_wconf 84' lang='lat' dir='ltr'><strong>avertendis</strong></span> <span class='ocrx_word' id='word_1_672' title='bbox 2608 4332 2767 4389; x_wconf 87' lang='lat' dir='ltr'><strong>malis</strong></span> <span class='ocrx_word' id='word_1_673' title='bbox 2799 4332 3103 4387; x_wconf 88' lang='lat' dir='ltr'><strong>sacrificari</strong></span> <span class='ocrx_word' id='word_1_674' title='bbox 3136 4333 3335 4390; x_wconf 88' lang='lat' dir='ltr'><strong>solitus</strong></span> <span class='ocrx_word' id='word_1_675' title='bbox 3382 4335 3592 4405; x_wconf 80' lang='lat' dir='ltr'><strong>caper?</strong></span> <span class='ocrx_word' id='word_1_676' title='bbox 3620 4334 3679 4391; x_wconf 92' lang='lat' dir='ltr'><strong>Si</strong></span> 
     </span>
    </p>
   </div>
   <div class='ocr_carea' id='block_1_92' title="bbox 428 4422 2003 4497">
    <p class='ocr_par' dir='ltr' id='par_1_92' title="bbox 428 4424 1999 4497">
     <span class='ocr_line' id='line_1_92' title="bbox 428 4424 1999 4497; baseline 0.001 -18"><span class='ocrx_word' id='word_1_677' title='bbox 428 4426 591 4497; x_wconf 83' lang='grc' dir='ltr'>μηδὲν</span> <span class='ocrx_word' id='word_1_678' title='bbox 620 4424 726 4479; x_wconf 90' lang='grc' dir='ltr'><strong>τῶν</strong></span> <span class='ocrx_word' id='word_1_679' title='bbox 753 4424 1090 4496; x_wconf 86' lang='grc' dir='ltr'>σκυθρωπῶν</span> <span class='ocrx_word' id='word_1_680' title='bbox 1124 4425 1348 4478; x_wconf 85' lang='grc' dir='ltr'>ἐκείνων</span> <span class='ocrx_word' id='word_1_681' title='bbox 1374 4425 1455 4488; x_wconf 86' lang='grc' dir='ltr'><strong>είς</strong></span> <span class='ocrx_word' id='word_1_682' title='bbox 1488 4424 1662 4496; x_wconf 80' lang='grc' dir='ltr'>πέρας</span> <span class='ocrx_word' id='word_1_683' title='bbox 1693 4425 1857 4492; x_wconf 81' lang='grc' dir='ltr'>ἔλθοι,</span> <span class='ocrx_word' id='word_1_684' title='bbox 1888 4428 1999 4481; x_wconf 85' lang='grc' dir='ltr'>δει-</span> 
     </span>
    </p>
   </div>
   <div class='ocr_carea' id='block_1_93' title="bbox 2103 4422 3678 4497">
    <p class='ocr_par' dir='ltr' id='par_1_93' title="bbox 2103 4422 3678 4497">
     <span class='ocr_line' id='line_1_93' title="bbox 2103 4422 3678 4497; baseline 0 -17"><span class='ocrx_word' id='word_1_685' title='bbox 2103 4425 2301 4480; x_wconf 70' lang='lat' dir='ltr'><strong>idcirtx</strong></span> <span class='ocrx_word' id='word_1_686' title='bbox 2340 4423 2679 4494; x_wconf 85' lang='lat' dir='ltr'><strong>Stephanum</strong></span> <span class='ocrx_word' id='word_1_687' title='bbox 2710 4422 2909 4493; x_wconf 89' lang='lat' dir='ltr'><strong>capitis</strong></span> <span class='ocrx_word' id='word_1_688' title='bbox 2934 4422 3325 4488; x_wconf 88' lang='lat' dir='ltr'><strong>condemnant,</strong></span> <span class='ocrx_word' id='word_1_689' title='bbox 3362 4433 3421 4478; x_wconf 93' lang='lat' dir='ltr'><strong>ut</strong></span> <span class='ocrx_word' id='word_1_690' title='bbox 3446 4440 3516 4479; x_wconf 87' lang='lat' dir='ltr'><strong>ne</strong></span> <span class='ocrx_word' id='word_1_691' title='bbox 3542 4426 3678 4497; x_wconf 92' lang='lat' dir='ltr'><strong>quid</strong></span> 
     </span>
    </p>
   </div>
   <div class='ocr_carea' id='block_1_94' title="bbox 425 4513 2001 4584">
    <p class='ocr_par' dir='ltr' id='par_1_94' title="bbox 425 4513 2001 4584">
     <span class='ocr_line' id='line_1_94' title="bbox 425 4513 2001 4584; baseline 0.003 -16"><span class='ocrx_word' id='word_1_692' title='bbox 425 4514 673 4580; x_wconf 84' lang='grc' dir='ltr'>ξάτωσαν</span> <span class='ocrx_word' id='word_1_693' title='bbox 698 4514 797 4567; x_wconf 85' lang='grc' dir='ltr'><strong>ὅσα</strong></span> <span class='ocrx_word' id='word_1_694' title='bbox 824 4513 911 4567; x_wconf 82' lang='grc' dir='ltr'>διὰ</span> <span class='ocrx_word' id='word_1_695' title='bbox 934 4516 1036 4584; x_wconf 81' lang='grc' dir='ltr'><strong>τῆς</strong></span> <span class='ocrx_word' id='word_1_696' title='bbox 1061 4515 1375 4584; x_wconf 84' lang='grc' dir='ltr'>μιαιφονίας</span> <span class='ocrx_word' id='word_1_697' title='bbox 1416 4515 1627 4579; x_wconf 80' lang='grc' dir='ltr'>ἑαυτοῖς</span> <span class='ocrx_word' id='word_1_698' title='bbox 1658 4516 2001 4572; x_wconf 86' lang='grc' dir='ltr'>διεσώσαντο.</span> 
     </span>
    </p>
   </div>
   <div class='ocr_carea' id='block_1_95' title="bbox 422 4600 2005 4681">
    <p class='ocr_par' dir='ltr' id='par_1_95' title="bbox 422 4600 2005 4681">
     <span class='ocr_line' id='line_1_95' title="bbox 422 4600 2005 4681; baseline 0.003 -22"><span class='ocrx_word' id='word_1_699' title='bbox 422 4606 488 4659; x_wconf 80' lang='lat' dir='ltr'><strong>Et</strong></span> <span class='ocrx_word' id='word_1_700' title='bbox 514 4605 572 4658; x_wconf 85' lang='grc' dir='ltr'>δὲ</span> <span class='ocrx_word' id='word_1_701' title='bbox 600 4605 751 4659; x_wconf 82' lang='grc' dir='ltr'>ούδέν</span> <span class='ocrx_word' id='word_1_702' title='bbox 777 4604 983 4659; x_wconf 90' lang='grc' dir='ltr'>τούτων</span> <span class='ocrx_word' id='word_1_703' title='bbox 1003 4605 1168 4671; x_wconf 69' lang='grc' dir='ltr'>ἐστὶν,</span> <span class='ocrx_word' id='word_1_704' title='bbox 1201 4606 1341 4678; x_wconf 84' lang='grc' dir='ltr'>ὑπὲρ</span> <span class='ocrx_word' id='word_1_705' title='bbox 1369 4600 1430 4661; x_wconf 77' lang='grc' dir='ltr'>οὗ</span> <span class='ocrx_word' id='word_1_706' title='bbox 1462 4606 1559 4677; x_wconf 79' lang='grc' dir='ltr'>τὴν</span> <span class='ocrx_word' id='word_1_707' title='bbox 1581 4607 1758 4677; x_wconf 84' lang='grc' dir='ltr'>ψῆφον</span> <span class='ocrx_word' id='word_1_708' title='bbox 1786 4608 2005 4681; x_wconf 88' lang='grc' dir='ltr'>ἐκείνην</span> 
     </span>
    </p>
   </div>
   <div class='ocr_carea' id='block_1_96' title="bbox 424 4694 2004 4766">
    <p class='ocr_par' dir='ltr' id='par_1_96' title="bbox 424 4694 2004 4766">
     <span class='ocr_line' id='line_1_96' title="bbox 424 4694 2004 4766; baseline 0.003 -20"><span class='ocrx_word' id='word_1_709' title='bbox 424 4696 751 4766; x_wconf 79' lang='grc' dir='ltr'>ἐξήνεγκεν·</span> <span class='ocrx_word' id='word_1_710' title='bbox 799 4695 921 4749; x_wconf 74' lang='grc' dir='ltr'>ἀντὶ</span> <span class='ocrx_word' id='word_1_711' title='bbox 966 4694 1109 4757; x_wconf 88' lang='grc' dir='ltr'>τίνος</span> <span class='ocrx_word' id='word_1_712' title='bbox 1159 4696 1187 4747; x_wconf 90' lang='lat'><strong>6</strong></span> <span class='ocrx_word' id='word_1_713' title='bbox 1239 4694 1436 4763; x_wconf 84' lang='grc' dir='ltr'>φόνος;</span> <span class='ocrx_word' id='word_1_714' title='bbox 1492 4696 1823 4751; x_wconf 73' lang='grc' dir='ltr'>εἰπάτωσαν.</span> <span class='ocrx_word' id='word_1_715' title='bbox 1863 4697 2004 4751; x_wconf 85' lang='grc' dir='ltr'>Ἀλλ’</span> 
     </span>
    </p>
   </div>
   <div class='ocr_carea' id='block_1_97' title="bbox 424 4784 2004 4860">
    <p class='ocr_par' dir='ltr' id='par_1_97' title="bbox 424 4784 2004 4860">
     <span class='ocr_line' id='line_1_97' title="bbox 424 4784 2004 4860; baseline 0.003 -22"><span class='ocrx_word' id='word_1_716' title='bbox 424 4786 624 4856; x_wconf 78' lang='grc' dir='ltr'>ἴδωμεν</span> <span class='ocrx_word' id='word_1_717' title='bbox 670 4788 728 4840; x_wconf 85' lang='grc' dir='ltr'><strong>ἐν</strong></span> <span class='ocrx_word' id='word_1_718' title='bbox 766 4787 877 4849; x_wconf 82' lang='grc' dir='ltr'>τοῖς</span> <span class='ocrx_word' id='word_1_719' title='bbox 905 4785 1100 4855; x_wconf 83' lang='grc' dir='ltr'>ἐφεξῆς</span> <span class='ocrx_word' id='word_1_720' title='bbox 1127 4784 1235 4838; x_wconf 84' lang='grc' dir='ltr'><strong>τῶν</strong></span> <span class='ocrx_word' id='word_1_721' title='bbox 1262 4785 1518 4855; x_wconf 84' lang='grc' dir='ltr'>ἀγώνων,</span> <span class='ocrx_word' id='word_1_722' title='bbox 1566 4788 1714 4851; x_wconf 82' lang='grc' dir='ltr'>ὅπως</span> <span class='ocrx_word' id='word_1_723' title='bbox 1740 4788 2004 4860; x_wconf 85' lang='grc' dir='ltr'>ἀμύνεται</span> 
     </span>
    </p>
   </div>
   <div class='ocr_carea' id='block_1_98' title="bbox 421 4878 2001 4952">
    <p class='ocr_par' dir='ltr' id='par_1_98' title="bbox 421 4878 2001 4952">
     <span class='ocr_line' id='line_1_98' title="bbox 421 4878 2001 4952; baseline 0.003 -20"><span class='ocrx_word' id='word_1_724' title='bbox 421 4880 549 4943; x_wconf 75' lang='grc' dir='ltr'>τοὺς</span> <span class='ocrx_word' id='word_1_725' title='bbox 584 4878 922 4948; x_wconf 90' lang='grc' dir='ltr'>μιαιφόνους,</span> <span class='ocrx_word' id='word_1_726' title='bbox 952 4879 980 4930; x_wconf 93' lang='lat'><strong>6</strong></span> <span class='ocrx_word' id='word_1_727' title='bbox 1004 4879 1123 4941; x_wconf 86' lang='grc' dir='ltr'>ταῖς</span> <span class='ocrx_word' id='word_1_728' title='bbox 1152 4878 1338 4946; x_wconf 84' lang='grc' dir='ltr'>νιφάσι</span> <span class='ocrx_word' id='word_1_729' title='bbox 1388 4879 1496 4934; x_wconf 83' lang='grc' dir='ltr'><strong>τῶν</strong></span> <span class='ocrx_word' id='word_1_730' title='bbox 1526 4879 1689 4934; x_wconf 86' lang='grc' dir='ltr'>λίθων</span> <span class='ocrx_word' id='word_1_731' title='bbox 1717 4899 2001 4952; x_wconf 89' lang='grc' dir='ltr'>καταχων-</span> 
     </span>
    </p>
   </div>
   <div class='ocr_carea' id='block_1_99' title="bbox 421 4968 2003 5043">
    <p class='ocr_par' dir='ltr' id='par_1_99' title="bbox 421 4968 2003 5043">
     <span class='ocr_line' id='line_1_99' title="bbox 421 4968 2003 5043; baseline 0.003 -19"><span class='ocrx_word' id='word_1_732' title='bbox 421 4970 670 5041; x_wconf 88' lang='grc' dir='ltr'>νύμενος·</span> <span class='ocrx_word' id='word_1_733' title='bbox 707 4968 864 5033; x_wconf 88' lang='grc' dir='ltr'>ποίας</span> <span class='ocrx_word' id='word_1_734' title='bbox 890 4969 1222 5040; x_wconf 83' lang='grc' dir='ltr'>ἀντιπέμπει</span> <span class='ocrx_word' id='word_1_735' title='bbox 1251 4970 1410 5041; x_wconf 86' lang='grc' dir='ltr'>βολὰς</span> <span class='ocrx_word' id='word_1_736' title='bbox 1439 4971 1581 5025; x_wconf 84' lang='grc' dir='ltr'><strong>κατά</strong></span> <span class='ocrx_word' id='word_1_737' title='bbox 1606 4972 1714 5026; x_wconf 86' lang='grc' dir='ltr'><strong>τῶν</strong></span> <span class='ocrx_word' id='word_1_738' title='bbox 1736 4974 2003 5043; x_wconf 81' lang='grc' dir='ltr'>ἀφιέντων</span> 
     </span>
    </p>
   </div>
   <div class='ocr_carea' id='block_1_100' title="bbox 418 5060 2003 5132">
    <p class='ocr_par' dir='ltr' id='par_1_100' title="bbox 418 5060 2003 5132">
     <span class='ocr_line' id='line_1_100' title="bbox 418 5060 2003 5132; baseline 0.001 -16"><span class='ocrx_word' id='word_1_739' title='bbox 418 5063 519 5127; x_wconf 82' lang='grc' dir='ltr'><strong>τὰς</strong></span> <span class='ocrx_word' id='word_1_740' title='bbox 540 5063 649 5115; x_wconf 89' lang='grc' dir='ltr'><strong>τῶν</strong></span> <span class='ocrx_word' id='word_1_741' title='bbox 676 5060 839 5115; x_wconf 90' lang='grc' dir='ltr'>λίθων</span> <span class='ocrx_word' id='word_1_742' title='bbox 872 5061 1102 5132; x_wconf 85' lang='grc' dir='ltr'>βολίδας.</span> <span class='ocrx_word' id='word_1_743' title='bbox 1139 5061 1479 5116; x_wconf 82' lang='grc' dir='ltr'>Μαθέτωσαν</span> <span class='ocrx_word' id='word_1_744' title='bbox 1517 5063 1782 5116; x_wconf 82' lang='grc' dir='ltr'>Ἰουδαίων</span> <span class='ocrx_word' id='word_1_745' title='bbox 1815 5065 2003 5129; x_wconf 85' lang='grc' dir='ltr'>παῖδες</span> 
     </span>
    </p>
   </div>
   <div class='ocr_carea' id='block_1_101' title="bbox 418 5149 2002 5226">
    <p class='ocr_par' dir='ltr' id='par_1_101' title="bbox 418 5149 2002 5226">
     <span class='ocr_line' id='line_1_101' title="bbox 418 5149 2002 5226; baseline 0.002 -20"><span class='ocrx_word' id='word_1_746' title='bbox 418 5154 487 5207; x_wconf 73' lang='grc' dir='ltr'><strong>τὰ</strong></span> <span class='ocrx_word' id='word_1_747' title='bbox 516 5153 625 5206; x_wconf 85' lang='grc' dir='ltr'><strong>τῶν</strong></span> <span class='ocrx_word' id='word_1_748' title='bbox 655 5153 994 5224; x_wconf 78' lang='grc' dir='ltr'>Χριστιανῶν</span> <span class='ocrx_word' id='word_1_749' title='bbox 1020 5154 1180 5219; x_wconf 84' lang='grc' dir='ltr'>ὅπλα,</span> <span class='ocrx_word' id='word_1_750' title='bbox 1228 5149 1310 5218; x_wconf 72' lang='grc' dir='ltr'>οἷς</span> <span class='ocrx_word' id='word_1_751' title='bbox 1351 5155 1487 5224; x_wconf 80' lang='grc' dir='ltr'>πρὸς</span> <span class='ocrx_word' id='word_1_752' title='bbox 1531 5154 1743 5226; x_wconf 85' lang='grc' dir='ltr'>ἄμυναν</span> <span class='ocrx_word' id='word_1_753' title='bbox 1771 5156 1880 5209; x_wconf 85' lang='grc' dir='ltr'><strong>τῶν</strong></span> <span class='ocrx_word' id='word_1_754' title='bbox 1910 5156 2002 5210; x_wconf 76' lang='grc' dir='ltr'>λυο</span> 
     </span>
    </p>
   </div>
   <div class='ocr_carea' id='block_1_102' title="bbox 420 5244 1994 5319">
    <p class='ocr_par' dir='ltr' id='par_1_102' title="bbox 420 5244 1994 5319">
     <span class='ocr_line' id='line_1_102' title="bbox 420 5244 1994 5319; baseline 0.003 -23"><span class='ocrx_word' id='word_1_755' title='bbox 420 5244 663 5297; x_wconf 84' lang='grc' dir='ltr'>πυύντων</span> <span class='ocrx_word' id='word_1_756' title='bbox 707 5246 1050 5315; x_wconf 84' lang='grc' dir='ltr'>χρησάμενος</span> <span class='ocrx_word' id='word_1_757' title='bbox 1091 5247 1120 5298; x_wconf 89' lang='lat'><strong>6</strong></span> <span class='ocrx_word' id='word_1_758' title='bbox 1162 5245 1335 5316; x_wconf 84' lang='grc' dir='ltr'>μέγας</span> <span class='ocrx_word' id='word_1_759' title='bbox 1378 5246 1665 5313; x_wconf 85' lang='grc' dir='ltr'>Στέφανος,</span> <span class='ocrx_word' id='word_1_760' title='bbox 1708 5247 1871 5317; x_wconf 84' lang='grc' dir='ltr'>νόμον</span> <span class='ocrx_word' id='word_1_761' title='bbox 1916 5246 1994 5319; x_wconf 85' lang='grc' dir='ltr'>τῷ</span> 
     </span>
    </p>
   </div>
   <div class='ocr_carea' id='block_1_103' title="bbox 420 5334 1994 5410">
    <p class='ocr_par' dir='ltr' id='par_1_103' title="bbox 420 5334 1994 5410">
     <span class='ocr_line' id='line_1_103' title="bbox 420 5334 1994 5410; baseline 0.003 -22"><span class='ocrx_word' id='word_1_762' title='bbox 420 5334 521 5407; x_wconf 83' lang='grc' dir='ltr'><strong>βίῳ</strong></span> <span class='ocrx_word' id='word_1_763' title='bbox 549 5336 611 5389; x_wconf 82' lang='grc' dir='ltr'>τὸ</span> <span class='ocrx_word' id='word_1_764' title='bbox 641 5336 801 5407; x_wconf 74' lang='grc' dir='ltr'>ἔργον</span> <span class='ocrx_word' id='word_1_765' title='bbox 845 5336 1155 5408; x_wconf 90' lang='grc' dir='ltr'>πεποίηται.</span> <span class='ocrx_word' id='word_1_766' title='bbox 1205 5337 1267 5391; x_wconf 83' lang='lat' dir='ltr'><strong>Oi</strong></span> <span class='ocrx_word' id='word_1_767' title='bbox 1314 5337 1413 5407; x_wconf 86' lang='grc' dir='ltr'>μὲν</span> <span class='ocrx_word' id='word_1_768' title='bbox 1445 5337 1553 5407; x_wconf 89' lang='grc' dir='ltr'><strong>γάρ</strong></span> <span class='ocrx_word' id='word_1_769' title='bbox 1602 5336 1855 5410; x_wconf 86' lang='grc' dir='ltr'>θηριώδει</span> <span class='ocrx_word' id='word_1_770' title='bbox 1886 5341 1994 5393; x_wconf 67' lang='grc' dir='ltr'><strong>τινὶ⁹</strong></span> 
     </span>
    </p>
   </div>
   <div class='ocr_carea' id='block_1_104' title="bbox 421 5426 1989 5501">
    <p class='ocr_par' dir='ltr' id='par_1_104' title="bbox 421 5426 1989 5501">
     <span class='ocr_line' id='line_1_104' title="bbox 421 5426 1989 5501; baseline 0.004 -22"><span class='ocrx_word' id='word_1_771' title='bbox 421 5426 517 5479; x_wconf 75' lang='grc' dir='ltr'>καὶ</span> <span class='ocrx_word' id='word_1_772' title='bbox 545 5427 742 5498; x_wconf 85' lang='grc' dir='ltr'>ἀπηνεῖ</span> <span class='ocrx_word' id='word_1_773' title='bbox 771 5430 838 5499; x_wconf 79' lang='grc' dir='ltr'>τῇ</span> <span class='ocrx_word' id='word_1_774' title='bbox 872 5428 1044 5501; x_wconf 82' lang='grc' dir='ltr'>λύσσῃ</span> <span class='ocrx_word' id='word_1_775' title='bbox 1090 5427 1275 5499; x_wconf 87' lang='grc' dir='ltr'>κύκλῳ</span> <span class='ocrx_word' id='word_1_776' title='bbox 1301 5429 1656 5499; x_wconf 85' lang='grc' dir='ltr'>περιστάντες</span> <span class='ocrx_word' id='word_1_777' title='bbox 1683 5429 1774 5483; x_wconf 84' lang='grc' dir='ltr'><strong>τὸν</strong></span> <span class='ocrx_word' id='word_1_778' title='bbox 1816 5429 1989 5499; x_wconf 75' lang='grc' dir='ltr'>ἅγιον,</span> 
     </span>
    </p>
   </div>
   <div class='ocr_carea' id='block_1_105' title="bbox 420 5516 1991 5592">
    <p class='ocr_par' dir='ltr' id='par_1_105' title="bbox 420 5516 1991 5592">
     <span class='ocr_line' id='line_1_105' title="bbox 420 5516 1991 5592; baseline 0.002 -20"><span class='ocrx_word' id='word_1_779' title='bbox 420 5517 555 5589; x_wconf 85' lang='grc' dir='ltr'>πρὸς</span> <span class='ocrx_word' id='word_1_780' title='bbox 572 5516 668 5571; x_wconf 80' lang='grc' dir='ltr'><strong>ἐνα</strong></span> <span class='ocrx_word' id='word_1_781' title='bbox 694 5518 893 5573; x_wconf 80' lang='grc' dir='ltr'>σκοπὸν</span> <span class='ocrx_word' id='word_1_782' title='bbox 918 5521 967 5573; x_wconf 79' lang='lat' dir='ltr'><strong>ot</strong></span> <span class='ocrx_word' id='word_1_783' title='bbox 993 5521 1192 5585; x_wconf 83' lang='grc' dir='ltr'>πάντες</span> <span class='ocrx_word' id='word_1_784' title='bbox 1220 5520 1460 5585; x_wconf 78' lang='grc' dir='ltr'>ἔϐλεπον,</span> <span class='ocrx_word' id='word_1_785' title='bbox 1490 5520 1597 5573; x_wconf 81' lang='grc' dir='ltr'>πᾶν</span> <span class='ocrx_word' id='word_1_786' title='bbox 1625 5519 1685 5573; x_wconf 81' lang='grc' dir='ltr'>τὺ</span> <span class='ocrx_word' id='word_1_787' title='bbox 1707 5519 1812 5573; x_wconf 86' lang='grc' dir='ltr'><strong>ὑπὸ</strong></span> <span class='ocrx_word' id='word_1_788' title='bbox 1833 5523 1991 5592; x_wconf 88' lang='grc' dir='ltr'>χεῖρα</span> 
     </span>
    </p>
   </div>
   <div class='ocr_carea' id='block_1_106' title="bbox 488 5702 1034 5773">
    <p class='ocr_par' dir='ltr' id='par_1_106' title="bbox 488 5702 1034 5773">
     <span class='ocr_line' id='line_1_106' title="bbox 488 5702 1034 5773; baseline 0.015 -17"><span class='ocrx_word' id='word_1_789' title='bbox 488 5703 533 5736; x_wconf 81' lang='grc'>¹¹</span> <span class='ocrx_word' id='word_1_790' title='bbox 592 5702 787 5761; x_wconf 81' lang='lat' dir='ltr'><strong>Matth.</strong></span> <span class='ocrx_word' id='word_1_791' title='bbox 832 5724 881 5773; x_wconf 84' lang='grc' dir='ltr'><strong>ν,</strong></span> <span class='ocrx_word' id='word_1_792' title='bbox 948 5708 1034 5765; x_wconf 82' lang='lat' dir='ltr'><strong>l7.</strong></span> 
     </span>
    </p>
   </div>
   <div class='ocr_carea' id='block_1_107' title="bbox 2102 4514 3681 4586">
    <p class='ocr_par' dir='ltr' id='par_1_107' title="bbox 2102 4514 3681 4586">
     <span class='ocr_line' id='line_1_107' title="bbox 2102 4514 3681 4586; baseline 0.001 -17"><span class='ocrx_word' id='word_1_793' title='bbox 2102 4516 2345 4571; x_wconf 89' lang='lat' dir='ltr'><strong>tristium</strong></span> <span class='ocrx_word' id='word_1_794' title='bbox 2375 4515 2594 4569; x_wconf 88' lang='lat' dir='ltr'><strong>illarum</strong></span> <span class='ocrx_word' id='word_1_795' title='bbox 2626 4530 2810 4569; x_wconf 90' lang='lat' dir='ltr'><strong>rerum</strong></span> <span class='ocrx_word' id='word_1_796' title='bbox 2840 4514 3080 4579; x_wconf 89' lang='lat' dir='ltr'><strong>eveniat,</strong></span> <span class='ocrx_word' id='word_1_797' title='bbox 3113 4514 3681 4586; x_wconf 66' lang='lat' dir='ltr'><strong>ostendantquaecun-</strong></span> 
     </span>
    </p>
   </div>
   <div class='ocr_carea' id='block_1_108' title="bbox 2099 4603 3675 4677">
    <p class='ocr_par' dir='ltr' id='par_1_108' title="bbox 2099 4603 3675 4677">
     <span class='ocr_line' id='line_1_108' title="bbox 2099 4603 3675 4677; baseline 0.001 -17"><span class='ocrx_word' id='word_1_798' title='bbox 2099 4621 2207 4677; x_wconf 89' lang='lat' dir='ltr'><strong>que</strong></span> <span class='ocrx_word' id='word_1_799' title='bbox 2244 4621 2343 4676; x_wconf 90' lang='lat' dir='ltr'><strong>per</strong></span> <span class='ocrx_word' id='word_1_800' title='bbox 2371 4604 2577 4660; x_wconf 83' lang='lat' dir='ltr'><strong>caedem</strong></span> <span class='ocrx_word' id='word_1_801' title='bbox 2618 4606 2765 4659; x_wconf 89' lang='lat' dir='ltr'><strong>illam</strong></span> <span class='ocrx_word' id='word_1_802' title='bbox 2810 4603 3081 4660; x_wconf 90' lang='lat' dir='ltr'><strong>nefariam</strong></span> <span class='ocrx_word' id='word_1_803' title='bbox 3121 4605 3226 4661; x_wconf 89' lang='lat' dir='ltr'><strong>sibi</strong></span> <span class='ocrx_word' id='word_1_804' title='bbox 3271 4608 3675 4662; x_wconf 86' lang='lat' dir='ltr'><strong>conservarint.</strong></span> 
     </span>
    </p>
   </div>
   <div class='ocr_carea' id='block_1_109' title="bbox 2100 4696 3679 4769">
    <p class='ocr_par' dir='ltr' id='par_1_109' title="bbox 2100 4696 3679 4769">
     <span class='ocr_line' id='line_1_109' title="bbox 2100 4696 3679 4769; baseline 0.002 -17"><span class='ocrx_word' id='word_1_805' title='bbox 2100 4697 2257 4765; x_wconf 90' lang='lat' dir='ltr'><strong>Quod</strong></span> <span class='ocrx_word' id='word_1_806' title='bbox 2295 4699 2341 4754; x_wconf 85' lang='lat' dir='ltr'><strong>si</strong></span> <span class='ocrx_word' id='word_1_807' title='bbox 2375 4697 2513 4752; x_wconf 91' lang='lat' dir='ltr'><strong>nihil</strong></span> <span class='ocrx_word' id='word_1_808' title='bbox 2538 4699 2734 4752; x_wconf 88' lang='lat' dir='ltr'><strong>horum</strong></span> <span class='ocrx_word' id='word_1_809' title='bbox 2766 4696 3040 4768; x_wconf 85' lang='lat' dir='ltr'><strong>reliquum</strong></span> <span class='ocrx_word' id='word_1_810' title='bbox 3072 4707 3176 4765; x_wconf 90' lang='lat' dir='ltr'><strong>est,</strong></span> <span class='ocrx_word' id='word_1_811' title='bbox 3202 4712 3436 4769; x_wconf 88' lang='lat' dir='ltr'><strong>quorum</strong></span> <span class='ocrx_word' id='word_1_812' title='bbox 3460 4701 3679 4755; x_wconf 89' lang='lat' dir='ltr'><strong>nomine</strong></span> 
     </span>
    </p>
   </div>
   <div class='ocr_carea' id='block_1_110' title="bbox 2100 4790 3677 4863">
    <p class='ocr_par' dir='ltr' id='par_1_110' title="bbox 2100 4790 3677 4863">
     <span class='ocr_line' id='line_1_110' title="bbox 2100 4790 3677 4863; baseline -0.002 -15"><span class='ocrx_word' id='word_1_813' title='bbox 2100 4791 2434 4848; x_wconf 89' lang='lat' dir='ltr'><strong>sententiam</strong></span> <span class='ocrx_word' id='word_1_814' title='bbox 2464 4790 2613 4844; x_wconf 81' lang='lat' dir='ltr'><strong>illam</strong></span> <span class='ocrx_word' id='word_1_815' title='bbox 2651 4790 2894 4844; x_wconf 91' lang='lat' dir='ltr'><strong>tulerunt</strong></span> <span class='ocrx_word' id='word_1_816' title='bbox 2925 4829 2941 4855; x_wconf 92' lang='lat'><strong>,</strong></span> <span class='ocrx_word' id='word_1_817' title='bbox 2973 4790 3162 4844; x_wconf 81' lang='lat' dir='ltr'><strong>dicant</strong></span> <span class='ocrx_word' id='word_1_818' title='bbox 3199 4791 3359 4861; x_wconf 90' lang='lat' dir='ltr'><strong>cujus</strong></span> <span class='ocrx_word' id='word_1_819' title='bbox 3393 4790 3472 4847; x_wconf 86' lang='lat' dir='ltr'><strong>rei</strong></span> <span class='ocrx_word' id='word_1_820' title='bbox 3502 4794 3677 4863; x_wconf 87' lang='lat' dir='ltr'><strong>gratia</strong></span> 
     </span>
    </p>
   </div>
   <div class='ocr_carea' id='block_1_111' title="bbox 2099 4879 3676 4951">
    <p class='ocr_par' dir='ltr' id='par_1_111' title="bbox 2099 4879 3676 4951">
     <span class='ocr_line' id='line_1_111' title="bbox 2099 4879 3676 4951; baseline 0.001 -14"><span class='ocrx_word' id='word_1_821' title='bbox 2099 4882 2278 4937; x_wconf 79' lang='lat' dir='ltr'><strong>caedes</strong></span> <span class='ocrx_word' id='word_1_822' title='bbox 2320 4882 2390 4937; x_wconf 85' lang='lat' dir='ltr'><strong>ab</strong></span> <span class='ocrx_word' id='word_1_823' title='bbox 2422 4881 2557 4951; x_wconf 90' lang='lat' dir='ltr'><strong>ipsis</strong></span> <span class='ocrx_word' id='word_1_824' title='bbox 2588 4887 2895 4951; x_wconf 88' lang='lat' dir='ltr'><strong>perpetrata</strong></span> <span class='ocrx_word' id='word_1_825' title='bbox 2933 4881 3043 4935; x_wconf 86' lang='lat' dir='ltr'><strong>sit?</strong></span> <span class='ocrx_word' id='word_1_826' title='bbox 3074 4879 3275 4936; x_wconf 83' lang='lat' dir='ltr'><strong>Verum</strong></span> <span class='ocrx_word' id='word_1_827' title='bbox 3307 4881 3593 4938; x_wconf 92' lang='lat' dir='ltr'><strong>videamus</strong></span> <span class='ocrx_word' id='word_1_828' title='bbox 3620 4885 3676 4938; x_wconf 91' lang='lat' dir='ltr'><strong>in</strong></span> 
     </span>
    </p>
   </div>
   <div class='ocr_carea' id='block_1_112' title="bbox 2098 4974 3676 5046">
    <p class='ocr_par' dir='ltr' id='par_1_112' title="bbox 2098 4974 3676 5046">
     <span class='ocr_line' id='line_1_112' title="bbox 2098 4974 3676 5046; baseline 0 -16"><span class='ocrx_word' id='word_1_829' title='bbox 2098 4975 2314 5046; x_wconf 87' lang='lat' dir='ltr'><strong>reliquo</strong></span> <span class='ocrx_word' id='word_1_830' title='bbox 2353 4974 2655 5029; x_wconf 87' lang='lat' dir='ltr'><strong>certamine</strong></span> <span class='ocrx_word' id='word_1_831' title='bbox 2676 5015 2691 5039; x_wconf 94' lang='lat'><strong>,</strong></span> <span class='ocrx_word' id='word_1_832' title='bbox 2728 4988 2835 5043; x_wconf 87' lang='lat' dir='ltr'><strong>qua</strong></span> <span class='ocrx_word' id='word_1_833' title='bbox 2867 4975 3080 5027; x_wconf 89' lang='lat' dir='ltr'><strong>ratione</strong></span> <span class='ocrx_word' id='word_1_834' title='bbox 3129 4975 3510 5044; x_wconf 87' lang='lat' dir='ltr'><strong>sanguinarios</strong></span> <span class='ocrx_word' id='word_1_835' title='bbox 3540 4977 3676 5030; x_wconf 91' lang='lat' dir='ltr'><strong>ulci-</strong></span> 
     </span>
    </p>
   </div>
   <div class='ocr_carea' id='block_1_113' title="bbox 2100 5063 3677 5133">
    <p class='ocr_par' dir='ltr' id='par_1_113' title="bbox 2100 5063 3677 5133">
     <span class='ocr_line' id='line_1_113' title="bbox 2100 5063 3677 5133; baseline 0 -13"><span class='ocrx_word' id='word_1_836' title='bbox 2100 5075 2289 5120; x_wconf 77' lang='lat' dir='ltr'><strong>scatur</strong></span> <span class='ocrx_word' id='word_1_837' title='bbox 2320 5065 2390 5128; x_wconf 84' lang='lat' dir='ltr'><strong>is,</strong></span> <span class='ocrx_word' id='word_1_838' title='bbox 2416 5065 2530 5133; x_wconf 88' lang='lat' dir='ltr'><strong>.qui</strong></span> <span class='ocrx_word' id='word_1_839' title='bbox 2563 5065 2728 5118; x_wconf 90' lang='lat' dir='ltr'><strong>veluti</strong></span> <span class='ocrx_word' id='word_1_840' title='bbox 2777 5064 3052 5117; x_wconf 90' lang='lat' dir='ltr'><strong>nivalibus</strong></span> <span class='ocrx_word' id='word_1_841' title='bbox 3083 5063 3273 5117; x_wconf 80' lang='lat' dir='ltr'><strong>floccis</strong></span> <span class='ocrx_word' id='word_1_842' title='bbox 3305 5065 3516 5120; x_wconf 90' lang='lat' dir='ltr'><strong>crebris</strong></span> <span class='ocrx_word' id='word_1_843' title='bbox 3545 5065 3677 5121; x_wconf 89' lang='lat' dir='ltr'><strong>inci-</strong></span> 
     </span>
    </p>
   </div>
   <div class='ocr_carea' id='block_1_114' title="bbox 2099 5153 3677 5225">
    <p class='ocr_par' dir='ltr' id='par_1_114' title="bbox 2099 5153 3677 5225">
     <span class='ocr_line' id='line_1_114' title="bbox 2099 5153 3677 5225; baseline 0.001 -15"><span class='ocrx_word' id='word_1_844' title='bbox 2099 5154 2383 5218; x_wconf 86' lang='lat' dir='ltr'><strong>dentibus,</strong></span> <span class='ocrx_word' id='word_1_845' title='bbox 2420 5155 2496 5208; x_wconf 91' lang='lat' dir='ltr'><strong>ita</strong></span> <span class='ocrx_word' id='word_1_846' title='bbox 2520 5153 2763 5224; x_wconf 88' lang='lat' dir='ltr'><strong>lapidum</strong></span> <span class='ocrx_word' id='word_1_847' title='bbox 2792 5156 2950 5225; x_wconf 90' lang='lat' dir='ltr'><strong>quasi</strong></span> <span class='ocrx_word' id='word_1_848' title='bbox 2972 5154 3254 5225; x_wconf 86' lang='lat' dir='ltr'><strong>grandinis</strong></span> <span class='ocrx_word' id='word_1_849' title='bbox 3284 5155 3457 5211; x_wconf 84' lang='lat' dir='ltr'><strong>imbre</strong></span> <span class='ocrx_word' id='word_1_850' title='bbox 3485 5155 3677 5213; x_wconf 88' lang='lat' dir='ltr'><strong>obrue-</strong></span> 
     </span>
    </p>
   </div>
   <div class='ocr_carea' id='block_1_115' title="bbox 2097 5245 3673 5319">
    <p class='ocr_par' dir='ltr' id='par_1_115' title="bbox 2097 5245 3673 5319">
     <span class='ocr_line' id='line_1_115' title="bbox 2097 5245 3673 5319; baseline 0 -16"><span class='ocrx_word' id='word_1_851' title='bbox 2097 5248 2281 5311; x_wconf 90' lang='lat' dir='ltr'><strong>batur,</strong></span> <span class='ocrx_word' id='word_1_852' title='bbox 2311 5245 2514 5316; x_wconf 89' lang='lat' dir='ltr'><strong>quibus</strong></span> <span class='ocrx_word' id='word_1_853' title='bbox 2537 5254 2728 5300; x_wconf 86' lang='lat' dir='ltr'><strong>contra</strong></span> <span class='ocrx_word' id='word_1_854' title='bbox 2750 5246 2953 5316; x_wconf 87' lang='lat' dir='ltr'><strong>jaculis</strong></span> <span class='ocrx_word' id='word_1_855' title='bbox 2976 5253 3125 5317; x_wconf 89' lang='lat' dir='ltr'><strong>petat</strong></span> <span class='ocrx_word' id='word_1_856' title='bbox 3158 5260 3273 5309; x_wconf 88' lang='lat' dir='ltr'><strong>eos,</strong></span> <span class='ocrx_word' id='word_1_857' title='bbox 3304 5246 3397 5315; x_wconf 91' lang='lat' dir='ltr'><strong>qui</strong></span> <span class='ocrx_word' id='word_1_858' title='bbox 3431 5247 3673 5319; x_wconf 90' lang='lat' dir='ltr'><strong>lapidum</strong></span> 
     </span>
    </p>
   </div>
   <div class='ocr_carea' id='block_1_116' title="bbox 2098 5336 3672 5409">
    <p class='ocr_par' dir='ltr' id='par_1_116' title="bbox 2098 5336 3672 5409">
     <span class='ocr_line' id='line_1_116' title="bbox 2098 5336 3672 5409; baseline 0.001 -17"><span class='ocrx_word' id='word_1_859' title='bbox 2098 5338 2154 5393; x_wconf 93' lang='lat' dir='ltr'><strong>in</strong></span> <span class='ocrx_word' id='word_1_860' title='bbox 2200 5354 2325 5393; x_wconf 92' lang='lat' dir='ltr'><strong>eum</strong></span> <span class='ocrx_word' id='word_1_861' title='bbox 2376 5337 2480 5392; x_wconf 87' lang='lat' dir='ltr'><strong>tela</strong></span> <span class='ocrx_word' id='word_1_862' title='bbox 2523 5337 2870 5392; x_wconf 85' lang='lat' dir='ltr'><strong>emittebant.</strong></span> <span class='ocrx_word' id='word_1_863' title='bbox 2931 5338 3277 5409; x_wconf 87' lang='lat' dir='ltr'><strong>Cognoscant</strong></span> <span class='ocrx_word' id='word_1_864' title='bbox 3312 5336 3484 5395; x_wconf 70' lang='lat' dir='ltr'><strong>Judaei</strong></span> <span class='ocrx_word' id='word_1_865' title='bbox 3520 5355 3672 5396; x_wconf 88' lang='lat' dir='ltr'><strong>arma</strong></span> 
     </span>
    </p>
   </div>
   <div class='ocr_carea' id='block_1_117' title="bbox 2098 5428 3673 5505">
    <p class='ocr_par' dir='ltr' id='par_1_117' title="bbox 2098 5428 3673 5505">
     <span class='ocr_line' id='line_1_117' title="bbox 2098 5428 3673 5505; baseline 0.003 -22"><span class='ocrx_word' id='word_1_866' title='bbox 2098 5430 2555 5493; x_wconf 75' lang='lat' dir='ltr'><strong>Christianorum,</strong></span> <span class='ocrx_word' id='word_1_867' title='bbox 2580 5428 2779 5499; x_wconf 91' lang='lat' dir='ltr'><strong>quibus</strong></span> <span class='ocrx_word' id='word_1_868' title='bbox 2813 5429 3069 5499; x_wconf 88' lang='lat' dir='ltr'><strong>injuriam</strong></span> <span class='ocrx_word' id='word_1_869' title='bbox 3104 5429 3417 5486; x_wconf 85' lang='lat' dir='ltr'><strong>ulciscendo</strong></span> <span class='ocrx_word' id='word_1_870' title='bbox 3445 5447 3673 5505; x_wconf 89' lang='lat' dir='ltr'><strong>magnus</strong></span> 
     </span>
    </p>
   </div>
   <div class='ocr_carea' id='block_1_118' title="bbox 2101 5520 3673 5595">
    <p class='ocr_par' dir='ltr' id='par_1_118' title="bbox 2101 5520 3673 5595">
     <span class='ocr_line' id='line_1_118' title="bbox 2101 5520 3673 5595; baseline 0.002 -19"><span class='ocrx_word' id='word_1_871' title='bbox 2101 5520 2413 5592; x_wconf 87' lang='lat' dir='ltr'><strong>Stephanus</strong></span> <span class='ocrx_word' id='word_1_872' title='bbox 2456 5536 2626 5589; x_wconf 91' lang='lat' dir='ltr'><strong>usus,</strong></span> <span class='ocrx_word' id='word_1_873' title='bbox 2678 5521 2764 5578; x_wconf 90' lang='lat' dir='ltr'><strong>sui</strong></span> <span class='ocrx_word' id='word_1_874' title='bbox 2822 5521 2951 5577; x_wconf 85' lang='lat' dir='ltr'><strong>facti</strong></span> <span class='ocrx_word' id='word_1_875' title='bbox 3012 5522 3263 5593; x_wconf 88' lang='lat' dir='ltr'><strong>exemplo</strong></span> <span class='ocrx_word' id='word_1_876' title='bbox 3319 5522 3491 5595; x_wconf 82' lang='lat' dir='ltr'><strong>legem</strong></span> <span class='ocrx_word' id='word_1_877' title='bbox 3549 5525 3673 5580; x_wconf 75' lang='lat' dir='ltr'><strong>vitae</strong></span> 
     </span>
    </p>
   </div>
  </div>
