4154 6354
488 319 586 376 7H

1783 313 1843 368 S.
1885 310 2212 367 GREGORII
2243 307 2538 363 NYSSENI

3641 301 3746 356 712

489 440 693 497 sanxit.
733 437 868 494 Nam
899 436 980 493 illi
1003 435 1226 509 quidem
1265 436 1441 492 ferina
1476 435 1714 507 quadam
1751 447 1918 505 atque
1961 437 2064 488 im-

2176 432 2479 503 γενόμενον,
2514 433 2676 487 ὅπλον
2707 433 2847 487 κατά
2893 432 2988 486 τοῦ
3030 431 3302 500 Στεφάνου
3329 427 3636 498 ποιούμενοι
3662 444 3676 460 ο
3719 429 3749 481 6

490 533 640 587 mani
695 532 849 588 rabie
899 530 1142 600 undique
1195 537 1446 584 sanctum
1507 528 1952 590 circumstantes,
2008 525 2063 579 in

490 640 662 679 unum
693 623 846 676 illum
873 633 1133 692 tanquam
1163 635 1390 689 scopum
1421 633 1616 674 omnes
1647 619 1841 673 intenti
1869 624 2027 672 erant
2047 657 2062 682 ,

488 714 759 784 quidquid
805 714 870 768 ad
919 727 1142 767 manum
1182 720 1365 777 esset,
1406 726 1472 766 eo
1513 711 1634 766 vice
1664 710 1756 765 teli
1799 710 2065 765 adversus

493 804 829 874 Stephanum
874 811 1094 858 utentes
1140 819 1154 856 :
1207 801 1298 856 hic
1348 815 1480 856 vero
1515 808 1776 870 tanquam
1806 798 2065 853 sacerdos

491 896 711 967 quidem
735 934 752 961 ,
780 894 938 964 juxta
986 895 1158 965 legem
1193 881 1533 964 spiritnalem
1560 931 1575 953 ,
1607 905 1800 961 puram
1829 889 2064 943 hostiam

491 987 802 1051 iinmolans,
834 1000 941 1041 non
969 986 1230 1047 alienum,
1262 985 1354 1038 sed
1387 997 1548 1038 suum
1580 981 1848 1036 altaribus
1875 981 2066 1035 admo-

491 1095 627 1136 vens
653 1093 876 1149 corpus,
902 1085 957 1134 et
989 1078 1108 1133 loco
1132 1076 1412 1131 libaminis
1435 1075 1756 1145 sanguinem
1778 1086 2066 1142 spargens,

495 1187 591 1240 per
629 1185 752 1227 sese
789 1169 990 1234 Deum,
1020 1183 1182 1239 quem
1219 1167 1273 1221 in
1319 1165 1640 1222 caelestibus
1669 1163 1846 1232 adytis
1877 1176 2069 1218 cerne-

494 1264 608 1327 bat,
643 1259 1091 1332 delinquentibus
1136 1258 1428 1328 placabat,
1481 1256 1751 1313 benelicio
1796 1254 2068 1310 nefariam

492 1353 694 1410 caedem
735 1369 926 1409 eorum
962 1365 1367 1422 compensans,
1417 1350 1665 1404 clamans
1714 1348 2069 1403 audientibus

495 1446 883 1509 homicidis,ac
902 1445 1124 1500 dicens:
1151 1443 1396 1510 Domine,
1419 1459 1482 1496 ne
1505 1443 1725 1509 imputes
1753 1442 1829 1496 eis
1847 1440 1943 1494 Ιιοιτ
1959 1457 2074 1509 pec»

492 1547 672 1592 catum
697 1537 759 1592 ".
789 1537 966 1606 Atque
991 1535 1081 1591 hic
1111 1534 1336 1606 quidem
1377 1533 1632 1588 oratione
1658 1539 1945 1602 peccatum
1976 1545 2070 1586 eo-

495 1645 640 1693 rum,
667 1629 812 1699 quod
829 1627 1112 1683 sceleratis
1141 1626 1394 1681 manibus
1411 1628 1529 1682 suis
1553 1624 2070 1696 sanguinariiquasi

491 1721 818 1788 exarabant,
833 1719 1070 1784 delebat;
1096 1717 1172 1772 illi
1198 1732 1328 1773 vero
1343 1717 1506 1772 etiam
1532 1717 1596 1771 ad
1625 1717 1923 1772 orationem
1941 1731 2068 1771 exa-

2166 526 2246 590 δὲ,
2281 527 2533 598 καθάπερ
2563 545 2647 591 τις
2679 528 2877 598 ἱερεὺς,
2903 525 3048 580 κατά
3077 525 3168 579 τὸν
3199 523 3566 595 πνευματικὸν
3587 521 3748 592 νόμον

2166 618 2338 688 εὐαγῆ
2382 617 2576 670 θυσίαν
2626 617 2957 688 ίερουργῶν,
3007 617 3111 669 οὐκ
3155 613 3456 682 ἀλλότριον,
3505 610 3643 664 ἀλλά
3689 610 3749 664 τὸ

2167 711 2298 764 ἴδιον
2327 710 2620 780 προσάγων
2667 707 2859 778 σῶμα,
2889 707 2985 761 καὶ
3013 707 3135 760 ἀντὶ
3165 705 3266 774 τῆς
3297 704 3528 772 σπονδῆς
3571 702 3748 773 ἀπορ-

2170 803 2369 874 ῥαίνων
2395 800 2490 855 τοῦ
2524 801 2776 870 αἵματος,
2813 801 2880 852 δι’
2916 798 3109 852 ἑαυτοῦ
3137 797 3228 851 τὸν
3274 796 3428 860 Θεὸν,
3459 795 3516 847 δν
3551 795 3610 846 ὲν
3637 795 3750 856 τοῖς

2167 893 2440 965 οὐρανίοις
2470 891 2682 956 ἀδύτοις
2712 891 2960 955 ἔϐλεπεν,
2983 891 3126 961 ὑπὲρ
3155 889 3265 942 τῶν
3292 885 3751 957 πλημμελούντων

2168 984 2453 1052 ὲξιλεοῦτο.
2501 983 2803 1055 Εύεργεσίει
2833 982 2932 1054 τὴν
2973 981 3284 1053 μιαιφονίαν
3316 979 3494 1033 αὐτῶν
3525 976 3749 1047 ἀμειϐό-

2173 1095 2352 1148 μενος,
2381 1076 2516 1147 βοῶν
2539 1077 2596 1130 ἐν
2621 1078 2741 1139 ταῖς
2763 1075 2873 1128 τῶν
2894 1074 3166 1146 φονευτῶν
3193 1075 3405 1136 ἀκοαῖς,
3431 1072 3524 1125 καὶ
3544 1070 3714 1138 λέγων
3731 1087 3747 1100 ο

2169 1171 2364 1237 Κύριε,
2398 1169 2484 1238 μὴ
2526 1167 2766 1236 στήσῃς
2791 1167 2996 1232 αὐτοῖς
3023 1165 3138 1234 τὴν
3171 1164 3462 1234 ἁμαρτίαν
3503 1163 3746 1228 ταύτην.

2174 1262 2280 1314 Καὶ
2301 1263 2329 1314 ὁ
2363 1262 2482 1331 μὲν,
2515 1260 2796 1331 ἐξήλειφεν
2821 1259 3009 1313 αὐτῶν
3039 1259 3107 1312 δι’
3134 1258 3300 1328 εὐχῆς
3329 1257 3427 1328 τὴν
3457 1255 3748 1326 ἁμαρτίαν,

2170 1355 2237 1424 ἢν
2269 1356 2389 1416 ταῖς
2429 1352 2762 1424 παρανόμοις
2795 1352 2975 1406 αὐτῶν
3007 1351 3194 1422 χερσὶν
3223 1352 3270 1402 οί
3303 1349 3577 1418 μιαιφόνοι
3614 1349 3754 1416 ἐχει-

2174 1445 2479 1514 ρογράφουν
2503 1461 2517 1475 ⁸
2554 1446 2600 1498 οί
2631 1443 2687 1498 δὲ
2716 1446 2808 1498 καὶ
2835 1445 2972 1514 πρὸς
3015 1444 3115 1514 τὴν
3160 1441 3322 1512 εὐχὴν
3353 1439 3749 1513 παρωξύνοντο,

2171 1537 2266 1588 καὶ
2293 1537 2355 1588 ού
2378 1536 2642 1607 πρότερον
2675 1535 2896 1590 ἀνίεσαν
2931 1535 3232 1606 βάλλοντες,
3265 1534 3370 1596 ’ἐως
3407 1527 3467 1586 οὗ
3508 1534 3536 1584 ὁ
3579 1532 3753 1601 μέγας

2172 1625 2441 1694 Στέφανος
2491 1627 2744 1696 καθάπερ
2792 1625 3007 1680 ἄνθεσιν
3059 1624 3315 1688 ἁπαλοῖς,
3353 1623 3387 1695 ἢ
3428 1622 3604 1695 δρόσῳ
3647 1623 3754 1675 τινὶ

2173 1720 2350 1793 κούφῃ
2398 1719 2823 1790 περιῤῥεόμενος
2866 1720 2948 1781 είς
2989 1717 3081 1771 τὸν
3110 1717 3314 1787 γλυκὺν
3356 1717 3450 1769 καὶ
3484 1714 3753 1786 μακάριον

493 1813 863 1882 sperabantur
881 1828 896 1864 :
916 1825 980 1865 ac
998 1824 1107 1864 non
1126 1809 1278 1881 prius
1295 1823 1419 1865 cum
1438 1809 1701 1879 impetere
1717 1808 2065 1871 remiserunt,

2176 1790 2347 1865 ὕπνον*
2370 1811 2578 1882 ἐκλίθη.
2618 1811 2755 1864 Ἀλλ’
2789 1809 3022 1880 ἔφθασεν
3051 1811 3084 1881 ἡ
3115 1809 3238 1880 νίκη
3267 1808 3395 1871 τοὺς
3422 1807 3637 1870 ἄθλους,
3659 1804 3753 1858 καὶ

495 1917 660 1972 quam
697 1915 930 1972 magnus
958 1900 1270 1972 Stephanus
1298 1901 1467 1956 veluti
1505 1899 1709 1954 teneris
1735 1897 1962 1954 ﬂoribus
1986 1899 2069 1954 vel

498 2010 623 2049 rore
655 1993 892 2064 quodam
932 1991 1036 2048 levi
1073 1992 1444 2048 circumfusus
1478 1993 1534 2045 in
1568 1991 1786 2046 dulcem
1815 1991 1979 2046 simul
2007 2005 2072 2056 ac

497 2087 716 2140 beatum
759 2099 1012 2140 somnum
1053 2083 1274 2139 delatus
1301 2093 1404 2139 est.
1452 2081 1656 2138 Verum
1695 2081 1929 2139 victoria
1952 2098 2073 2139 cer-

497 2184 676 2229 tamen
705 2176 988 2246 praevenit,
1013 2182 1065 2231 et
1090 2183 1218 2230 ante
1241 2183 1522 2230 certamen
1576 2175 1839 2230 athletam
1867 2189 2072 2229 corona

495 2267 738 2321 victoriae
767 2268 1083 2322 decoratum
1119 2267 1388 2323 videmus.
1426 2270 1742 2336 Antequam
1775 2267 1922 2322 enim
1952 2280 2073 2321 cer-

497 2367 678 2413 tamen
709 2359 1158 2426 spectaverimus,
1185 2358 1252 2412 ad
1277 2359 1439 2414 ﬁnem
1469 2359 1790 2414 certaminis
1823 2359 2074 2416 oratione

497 2451 742 2520 provecti
769 2465 981 2505 sumus.
1017 2449 1318 2520 Oportebat
1353 2451 1524 2516 enim,
1560 2452 1782 2521 opinor,
1818 2454 2073 2508 oratione

495 2555 606 2597 non
637 2543 915 2613 praeterire
947 2555 1031 2602 ea.
1068 2557 1164 2612 per
1185 2557 1308 2613 quae
1335 2543 1574 2598 maxime
1610 2544 1872 2614 martyris
1897 2544 2074 2600 virtus

495 2634 910 2697 ostendebatur,
951 2635 1134 2704 qualis
1163 2633 1232 2688 ad
1265 2633 1469 2689 caedem
1505 2648 1905 2705 propensorum
1937 2650 2073 2689 con-

497 2741 709 2787 sessus,
741 2733 795 2780 et
826 2725 1104 2795 quomodo
1138 2724 1399 2780 omnibus
1433 2739 1502 2780 ex
1535 2739 1697 2794 aequo
1739 2726 1958 2780 animus
2005 2725 2074 2780 ad

495 2818 698 2872 caedem
734 2816 1044 2872 concitatus
1067 2856 1082 2879 ,
1116 2823 1324 2887 quanta
1371 2817 1724 2888 congregatis
1753 2816 1822 2871 ad
1871 2818 2073 2871 malum

496 2908 871 2979 conspiratio,
901 2909 1084 2978 qualis
1116 2908 1388 2979 cujusque
1417 2907 1670 2972 obtutus,
1703 2909 1885 2979 qualis
1918 2909 2075 2962 habi-

497 3008 588 3055 tus
611 3043 627 3066 ,
662 3000 843 3070 qualis
872 3000 1118 3055 dentium
1150 3011 1333 3057 motus
1366 3008 1416 3056 et
1453 2999 1682 3057 aliectus
1709 3011 1853 3057 esset
1877 3041 1892 3064 ,
1931 3002 2075 3058 sicut

496 3091 682 3146 divina
747 3089 1030 3161 Scriptura
1087 3089 1388 3160 signiﬁcat,
1449 3090 1599 3160 quod
1656 3091 2074 3148 dissecarentur

498 3182 756 3238 cordibus
773 3182 911 3246 suis,
935 3191 988 3237 et
1013 3181 1326 3236 frenderent
1341 3181 1600 3238 dentibus
1621 3182 1738 3238 suis
1762 3182 1818 3236 in
1840 3197 1965 3237 eum
1987 3181 2028 3214 “
2053 3199 2067 3236 :

499 3275 594 3344 qui
623 3276 677 3329 in
700 3274 976 3329 mediotot
1001 3287 1066 3328 ac
1093 3275 1285 3328 talium
1310 3281 1487 3339 stans,
1519 3278 1822 3342 contraque
1851 3286 2072 3326 omnem

500 3367 608 3420 vim
636 3365 1005 3420 adversariam
1030 3407 1043 3430 ,
1081 3379 1204 3434 quae
1233 3380 1262 3418 a
1293 3362 1664 3435 sanguinariis
1716 3362 1827 3418 illis
1879 3378 2074 3434 reprre-

501 3457 839 3520 sentabatur,
891 3468 1012 3510 sese
1063 3465 1258 3508 contra
1297 3453 1688 3516 cxsuscitans,
1744 3467 1841 3521 per
1885 3453 2071 3507 omnia

501 3547 879 3618 magnitudine
919 3545 1091 3600 animi
1143 3557 1305 3614 atque
1347 3545 1549 3600 indolis
1590 3544 1909 3608 excellebat,
1973 3545 2073 3599 ira:

501 3639 723 3708 quidem
753 3638 1030 3692 lenitatem
1053 3653 1066 3688 :
1087 3637 1252 3691 minis
1276 3651 1427 3702 vero,
1448 3635 1895 3706 despicientiam;
1925 3652 2073 3691 mor-

503 3729 576 3783 tis
626 3727 846 3791 terrori,
878 3727 1003 3781 vitae
1040 3735 1450 3796 contemptum;
1491 3728 1638 3794 odio,
1675 3728 2072 3795 dilectionem;

504 3817 935 3881 malevolentiae,
969 3818 1441 3884 benevolentiam;
1470 3820 1793 3885 calumnia),
1828 3823 2075 3877 veritatis

503 3907 945 3976 praedicationem
1004 3921 1308 3978 opponens.
1362 3905 1480 3962 Non
1529 3909 1676 3964 enim
1733 3925 1846 3965 uno
1913 3913 2076 3965 modo

503 4001 683 4056 victor
713 3999 1130 4069 declarabatur,
1165 3998 1261 4055 sed
1297 3999 1565 4056 adversus
1595 4015 1814 4056 onmem
1855 4003 2075 4057 malitiae

502 4088 742 4163 speciem
770 4129 785 4153 ,
821 4104 946 4159 qua:
994 4099 1126 4144 tunc
1173 4089 1244 4144 ab
1285 4087 1491 4145 ludatis
1550 4093 2074 4161 repraesentabatur,

503 4197 628 4241 sese
661 4197 756 4252 per
789 4183 969 4236 varias
1002 4183 1232 4236 virtutes
1274 4181 1617 4237 distribuens
1661 4198 1786 4238 cum
1817 4185 2077 4240 omnibus

502 4287 556 4327 et
591 4274 837 4328 conﬂixit
878 4284 933 4330 et
974 4289 1165 4329 omnes
1200 4277 1494 4343 superavit.
1524 4273 1598 4330 Ita
1633 4277 1798 4332 audio
1839 4278 1892 4332 in
1919 4293 2075 4348 gym-

504 4366 647 4424 nicis
676 4382 896 4437 quoque
915 4366 1314 4422 certaminibus
1331 4383 1447 4432 eos,
1471 4369 1565 4438 qui
1604 4369 1814 4426 viribus
1848 4379 2076 4427 caeteros

2171 1905 2278 1977 πρὸ
2308 1903 2415 1957 τῶν
2445 1902 2670 1972 ἀγώνων
2709 1901 2924 1973 ὁρῶμεν
2951 1901 3041 1954 τὸν
3082 1899 3429 1970 στεφανίτην.
3479 1899 3618 1968 Πρὶν
3644 1896 3753 1966 γάρ

2171 1995 2446 2066 θεωρῆσαι
2479 1993 2579 2064 τὴν
2625 1994 2886 2062 ἀγωνίαν,
2938 1992 3074 2064 πρὸς
3115 1992 3176 2044 τὸ
3222 1989 3396 2064 πέρας
3441 1987 3551 2042 τῶν
3578 1987 3754 2042 ἄθλων

2173 2086 2279 2139 ὑπὸ
2319 2085 2412 2139 τοῦ
2455 2084 2613 2153 λόγου
2665 2083 3046 2155 παρήχθημεν.
3084 2083 3232 2135 Ἔδει
3290 2082 3422 2151 γὰρ,
3468 2073 3644 2152 οἶμαι,
3680 2077 3755 2149 μὴ

2173 2178 2556 2248 παραδραμεῖν
2605 2179 2787 2230 ἐκεῖνα
2818 2175 3082 2247 τῷλόγῳ,
3117 2175 3186 2228 δι’
3209 2167 3284 2229 ὧν
3317 2173 3550 2244 μάλιστα
3582 2174 3615 2242 ἠ
3658 2170 3754 2223 τοῦ

2177 2272 2449 2342 μάρτυρος
2493 2269 2660 2341 ἀρετὴ
2694 2269 3020 2322 διεδείκνυτο
3046 2284 3060 2298 ⁶
3102 2262 3212 2321 οἷον
3239 2263 3307 2338 ἦν
3335 2267 3394 2320 τὸ
3417 2266 3524 2319 τῶν
3550 2263 3756 2336 φονῶν-

2173 2381 2280 2416 των
2337 2363 2648 2434 συνέδριον,
2699 2363 2793 2414 καὶ
2833 2361 2950 2425 πῶς
3000 2361 3141 2415 κατά
3183 2361 3244 2414 τὸ
3276 2357 3393 2414 ἴσον
3428 2363 3581 2425 πᾶσι,
3619 2361 3755 2430 πρὸς

2173 2455 2264 2508 τὸν
2295 2457 2452 2524 φόνον
2480 2457 2508 2508 ό
2542 2455 2709 2525 θυμὸς
2736 2454 3056 2524 διεγήγερτο
3089 2470 3103 2484 ο
3151 2454 3249 2524 ὅση
3299 2454 3435 2525 πρὸς
3477 2453 3539 2506 τὸ
3590 2453 3756 2506 κακὸν

2172 2539 2240 2613 ἦν
2278 2548 2391 2606 τοῖς
2421 2542 2855 2612 συνειλεγμένοις
2885 2545 2919 2614 ἡ
2955 2542 3227 2613 σύμπνοια
3249 2560 3262 2574 ’
3284 2537 3394 2596 οἷον
3433 2543 3663 2595 ἑκάστου
3697 2541 3758 2594 τὸ

2177 2631 2416 2702 βλέμμα,
2451 2625 2562 2684 οἷον
2607 2630 2668 2683 τὸ
2716 2629 2925 2699 σχῆμα,
2973 2625 3085 2682 οἷον
3115 2629 3176 2682 τὸ
3217 2633 3346 2700 περὶ
3386 2633 3512 2693 τοὺς
3541 2631 3758 2694 ὀδόντας

2175 2723 2375 2788 πάθος,
2429 2720 2607 2783 καθὼς
2655 2719 3137 2790 παρασημαίνεται
3173 2721 3207 2789 ἡ
3250 2718 3370 2774 Θεία
3415 2719 3637 2790 Γραφὴ,
3674 2721 3757 2773 ὅτι

2175 2812 2479 2882 διεπρίοντο
2507 2814 2626 2873 ταῖς
2671 2809 2922 2881 καρδίαις
2969 2808 3170 2873 αὐτῶν,
3213 2811 3308 2862 καὶ
3357 2810 3586 2881 ἔϐρυχον
3631 2811 3758 2874 τοὺς

2175 2903 2389 2965 ὀδόντας
2418 2901 2504 2954 ἐπ’
2538 2901 2718 2956 αὐτόν.
2760 2900 2867 2954 Καὶ
2896 2902 2953 2953 έν
2987 2900 3137 2970 μέσῳ
3163 2899 3418 2954 τοιούτων
3448 2902 3542 2956 καὶ
3569 2901 3756 2954 τοσού-

2176 3014 2282 3049 των
2309 2993 2503 3058 ὲστὼς,
2551 2996 2643 3048 καὶ
2674 2993 2825 3066 πάσῃ
2862 2995 2927 3064 τῇ
2960 2993 3308 3064 ἀντικειμένῃ
3337 2993 3563 3064 δυνάμει
3608 2997 3673 3064 τῇ
3701 2995 3758 3046 ἐν

2176 3091 2289 3149 τοῖς
2319 3086 2620 3156 μιαιφόνοις
2659 3086 3024 3157 ἐνεργουμένη
3068 3085 3261 3138 ἑαυτὸν
3296 3085 3641 3156 ἀντεγείρων,
3671 3085 3759 3139 διὰ

2180 3181 2398 3233 πάντων
2443 3179 2711 3250 ὑπερέσχε
2761 3178 2840 3249 τῷ
2875 3167 3220 3249 ’μεγαλοφυεϊ
3249 3177 3341 3231 τοῦ
3389 3180 3754 3250 φρονήματος

2179 3272 2467 3334 ἀντιτιθεὶς
2493 3271 2572 3342 τῷ
2615 3272 2712 3341 μὲν
2741 3270 2898 3342 θυμῷ
2941 3270 3037 3342 τὴν
3094 3271 3506 3342 μακροθυμίαν,
3553 3273 3670 3333 ταῖς
3701 3268 3758 3324 δὲ

2179 3364 2428 3426 ἀπειλαῖς
2455 3363 2552 3434 τὴν
2594 3362 2914 3433 ὑπεροψίαν,
2960 3362 3036 3432 τῷ
3076 3363 3131 3416 δὲ
3179 3361 3272 3417 τοῦ
3325 3362 3553 3417 θανάτου
3609 3362 3758 3433 φόϐῳ

2179 3455 2278 3525 τὴν
2305 3453 2404 3523 τῆς
2433 3453 2577 3524 ζωῆς
2603 3453 3008 3524 καταφρόνησιν
3034 3494 3047 3518 ,
3094 3452 3171 3523 τῷ
3207 3453 3264 3506 δὲ
3324 3453 3471 3524 μίσει
3499 3453 3596 3525 τὴν
3623 3453 3758 3520 ἁγά-

2182 3565 2289 3618 πην
2313 3563 2326 3577 ·
2373 3549 2440 3617 τῇ
2472 3546 2783 3616 δυσμενείᾳ,
2813 3545 2913 3616 τὴν
2940 3545 3247 3616 εύμένειαν’
3289 3548 3357 3618 τῇ
3403 3546 3755 3615 συκοφαντία,

2181 3639 2276 3708 τὴν
2307 3639 2406 3708 τῆς
2431 3637 2688 3709 ἀληθείας
2718 3639 3041 3710 φανέρωσιν.
3077 3640 3150 3692 Ού
3191 3639 3298 3710 γὰρ
3319 3639 3383 3692 δι’
3413 3639 3532 3702 ἑνὸς
3553 3637 3756 3710 τρόπου

2181 3730 2404 3800 νικητὴς
2462 3731 2491 3781 ό
2536 3729 2635 3799 τῆς
2686 3729 2945 3801 ἀληθείας
2999 3729 3303 3800 ἀγωνιστὴς
3362 3729 3754 3782 ἀπεδείκνυτοο

2180 3821 2314 3874 ἁλλά
2347 3821 2484 3891 πρὸς
2513 3823 2621 3876 πᾶν
2655 3819 2789 3883 εἶδος
2816 3822 3014 3885 κακίας
3050 3820 3152 3890 τῆς
3177 3821 3296 3873 τότε
3329 3821 3445 3882 τοῖς
3489 3817 3760 3882 Ἰουδαίοις

2181 3913 2578 3984 ἐνεργουμένης
2605 3914 2796 3968 ἑαυτὸν
2828 3914 2915 3967 διά
2951 3914 3048 3984 τῆς
3078 3912 3329 3982 ποικίλης
3356 3912 3556 3982 ἀρετῆς
3590 3928 3758 3964 κατα-

2185 4008 2435 4078 μερίσας,
2475 4005 2570 4058 καὶ
2597 4007 2729 4058 πᾶσι
2767 4003 3100 4073 συνεπλάκη,
3128 4004 3220 4056 καὶ
3247 4003 3618 4072 καθυπερέσχε
3648 4001 3758 4053 τῶν

2183 4100 2420 4154 πάντων.
2471 4097 2656 4160 Οὕτως
2685 4095 2867 4150 ἀκούω
2896 4097 2991 4148 καὶ
3033 4097 3090 4147 ἐν
3132 4095 3245 4157 τοῖς
3271 4096 3552 4164 γυμνικοῖς
3581 4093 3756 4155 ἄγε-σι

2182 4193 2306 4253 τοὺς
2349 4189 2802 4251 πλεονεκτοῦντας
2849 4187 2990 4240 κατά
3034 4187 3133 4256 τὴν
3181 4184 3428 4255 δύναμιν,
3476 4185 3610 4254 πρὸς
3636 4184 3756 4238 ὅλον

2184 4282 2442 4344 πολλάκις
2474 4280 2870 4350 ἀποδυομένους
2914 4277 2977 4332 τὸ
3014 4277 3276 4348 γυμνικὸν
3323 4278 3568 4341 στάδιον,
3617 4278 3758 4333 κατά

2184 4375 2402 4430 πάντων
2458 4371 2719 4444 φέρεσθαι
2779 4371 2888 4424 τῶν
2951 4369 3261 4424 ἀντιπάλων
3322 4370 3390 4422 τὰ
3447 4372 3754 4441 νικητήρια.

505 4456 857 4520 antecedunt,
897 4457 1160 4512 adversus
1191 4467 1364 4512 totum
1408 4475 1552 4530 saepe
1586 4460 1826 4514 stadium
1857 4465 2071 4534 gymni-

2177 4467 2427 4529 Τοιοῦτος
2466 4467 2496 4518 ὁ
2541 4463 2635 4517 τοῦ
2688 4463 2899 4517 σταδίου
2943 4462 3050 4516 τῶν
3095 4461 3389 4533 μαρτύρων
3441 4460 3760 4534 καθηγησά-

507 4563 633 4602 cum
682 4562 804 4603 sese
841 4549 1127 4603 certamini
1159 4548 1452 4605 oﬂ‘erentes
1494 4559 1550 4605 et
1581 4547 1974 4622 accingente!,
2008 4555 2076 4610 de

505 4639 765 4696 omnibus
795 4641 1038 4695 victoria:
1070 4641 1290 4710 praemia
1329 4650 1634 4714 reportare.
1670 4641 1821 4699 Talis
1872 4654 2078 4717 marty-

504 4745 628 4786 rum
681 4729 844 4784 stadii
896 4730 1153 4801 princeps
1202 4742 1323 4787 erat
1369 4749 1384 4786 :
1437 4732 1530 4800 qui
1580 4732 1844 4788 adversus
1886 4750 2078 4790 omnes

505 4820 806 4877 adversarii
848 4821 1037 4891 copias
1084 4836 1211 4876 cum
1271 4837 1332 4878 se
1380 4824 1752 4892 opposuisset,
1804 4825 2077 4881 adversus

504 4928 700 4969 omnes
745 4914 976 4968 victoria
1029 4914 1215 4969 clarus
1267 4913 1612 4984 designatur.
1688 4914 1822 4971 Nam
1881 4917 2074 4973 falsam

505 5003 828 5072 sapientiam
861 5018 958 5073 per
989 5004 1322 5067 Libertinos,
1361 5004 1724 5075 Cyrenenses,
1748 5016 1803 5063 et
1837 5009 2078 5064 Alexan-

505 5095 695 5149 drinos
733 5095 1010 5165 sapientes
1042 5096 1305 5151 adversus
1328 5110 1387 5150 se
1413 5098 1730 5162 luctantem,
1758 5115 1854 5169 per
1887 5117 2074 5156 veram

508 5184 829 5254 sapientiam
876 5184 1109 5253 devicit;
1158 5194 1422 5241 terrorem
1450 5226 1466 5250 ,
1501 5202 1595 5256 per
1632 5188 1941 5247 libertatem
1992 5191 2075 5243 lo-

506 5272 708 5338 quendi
730 5313 744 5336 ,
774 5281 828 5328 et
859 5274 1148 5344 ingenuam
1193 5277 1514 5348 increpandi
1545 5277 1835 5344 ﬁduciam;
1864 5280 2076 5348 minas,

507 5377 606 5432 per
643 5364 1094 5435 despicientiam;
1133 5369 1397 5423 saevitiam
1424 5409 1439 5433 ,
1483 5386 1579 5440 per
1619 5371 2076 5440 beneﬁcentiam;

509 5453 853 5510 mendacium
876 5497 889 5520 ,
930 5474 1027 5529 per
1057 5462 1357 5516 veritatem.
1391 5460 1470 5515 llli
1507 5461 1728 5530 quidem
1764 5461 1832 5516 ad
1875 5463 2078 5518 caedem

509 5546 870 5617 Spectabant,
919 5561 972 5606 et
1021 5554 1132 5622 jam
1179 5568 1374 5608 manus
1423 5555 1701 5623 lapidibus
1751 5557 2076 5623 armabant,

591 5757 634 5788 ⁸³
659 5759 780 5811 Act.
824 5775 920 5824 vn,
958 5758 1046 5813 39.
1126 5759 1166 5790 “
1211 5758 1346 5814 Ibid.
1391 5757 1477 5812 54.

2177 4575 2354 4628 μενος·
2393 4557 2452 4620 ὃς
2482 4557 2615 4626 πρὸς
2641 4555 2822 4607 πᾶσαν
2847 4553 2939 4606 τοῦ
2981 4552 3360 4623 ἀντικειμένου
3402 4552 3501 4622 τὴν
3529 4549 3759 4622 δύναμιν

2175 4647 2364 4703 ἑαυτὸν
2393 4645 2701 4710 ἀντιτάξας,
2729 4643 2977 4715 λαμπρὸς
3008 4646 3074 4713 τῇ
3117 4642 3256 4696 κατά
3291 4642 3508 4695 πάντων
3547 4641 3760 4696 ἀναδείο

2177 4756 2367 4792 κνυται
2414 4739 2560 4809 νίκῃ.
2607 4737 2719 4804 Τὴν
2756 4737 2864 4807 γὰρ
2895 4734 3246 4804 ψευδώνυμον
3297 4733 3511 4801 σοφίαν,
3542 4732 3639 4803 τὴν
3671 4733 3759 4786 διὰ

2180 4827 2512 4897 Λιϐερτίνων
2535 4826 2628 4879 καὶ⁵
2652 4825 2974 4897 Κυρηναίων
3000 4823 3093 4876 καὶ
3117 4824 3224 4876 τῶν
3250 4822 3355 4875 ἀπὸ
3379 4823 3479 4893 τῆς
3519 4822 3761 4888 Ἀλεξάν-

2181 4917 2306 4988 δρου
2357 4916 2574 4979 πόλεως.
2609 4915 2785 4984 σοφῶν
2825 4914 2972 4985 αὐτῴ
3005 4914 3500 4986 προσπαλαίουσαν,
3532 4914 3619 4967 διά
3658 4914 3759 4984 τῆς

2183 5006 2412 5076 ἀληθοῦς
2475 5006 2665 5074 σοφίας
2736 5005 3184 5075 κατηγωνίσατο*
3251 5005 3342 5057 τὸν
3407 5005 3606 5074 φόϐον,
3672 5004 3760 5058 διὰ

2183 5099 2283 5168 τῆς
2350 5099 2658 5170 παρρησίας
2691 5114 2704 5128 ·
2776 5097 2870 5168 τὴν
2933 5095 3198 5167 ἀπειλὴν,
3262 5096 3350 5150 διὰ
3409 5096 3506 5166 τῆς
3561 5098 3759 5168 ὑπερο-

2185 5189 2350 5258 ψίαςι
2419 5191 2515 5262 την
2577 5191 2838 5261 πικρίαν,
2902 5189 2988 5243 διὰ
3049 5190 3147 5259 τῆς
3195 5189 3472 5253 εὐποιίαςο
3520 5190 3579 5242 τὸ
3623 5189 3757 5260 ψεῦ-

2177 5282 2299 5345 δος,
2349 5282 2435 5335 διὰ
2481 5282 2578 5353 τῆς
2639 5281 2914 5352 ἀληθείας.
2984 5282 3047 5334 Οἱ
3112 5281 3208 5352 μὲν
3265 5281 3400 5352 πρὸς
3467 5281 3557 5334 τὸν
3602 5281 3759 5349 φόνον

2178 5375 2431 5437 ἔϐλεπον,
2490 5375 2584 5427 καὶ
2651 5375 2751 5445 ἤδη
2797 5374 2892 5438 τὰς
2948 5376 3134 5445 χεῖρας
3174 5377 3288 5437 τοῖς
3325 5373 3491 5438 λίθοις
3533 5372 3761 5438 ἐξώπλι-

2182 5466 2314 5530 ζον,
2374 5467 2466 5520 καὶ
2521 5465 2598 5537 τῷ
2664 5465 2934 5536 βλέμματι
2981 5467 3076 5519 καὶ
3119 5465 3200 5536 τῷ
3257 5465 3493 5537 ἄσθματι
3545 5466 3637 5519 καὶ
3690 5466 3758 5536 τῇ

2179 5559 2288 5613 τῶν
2350 5559 2576 5614 ὀδόντων
2649 5555 2965 5628 συμπτώσει
3019 5558 3117 5627 τὴν
3172 5557 3398 5631 πικρίαν
3463 5557 3761 5628 ἐπισημαί-
