4154 6354
386 322 490 378 715

1682 317 1748 372 IN
1789 318 1847 372 S.
1892 316 2333 373 STEPHANUM.

3531 313 3634 367 ἰιι

386 453 606 501 νοντες·
661 438 691 489 ὁ
722 437 778 490 δὲ
818 433 893 497 ὦς
942 434 1200 505 ἀδελφοὺς
1248 432 1418 503 tam,
1456 435 1553 487 καὶ
1595 433 1671 497 ὼς
1720 433 1958 505 πατέρας

2072 432 2254 485 obtutu
2277 471 2292 496 ,
2327 431 2677 485 anhelatione
2705 472 2718 494 ,
2751 427 2995 482 dentium
3040 426 3328 482 collisione
3371 427 3634 482 saevitiam

390 529 684 597 ἠσπάζετο.

460 706 708 781 ᾏνδρες
765 704 896 776 γάρ,
955 720 1154 773 φησιν,
1210 702 1460 769 ἀδελφοὶ
1511 701 1611 754 καί
1682 700 1959 766 πατέρες,

389 794 690 849 ἀκούσατέ
726 812 864 862 μου.
916 796 979 848 Οί
1020 794 1120 862 μὲν
1160 793 1259 863 τὴν
1320 791 1679 860 συκοφαντίαν
1721 790 1963 854 πιθανῶς

393 887 743 941 συνέπλεκον·
780 886 857 955 τῷ
895 886 953 940 δὲ
992 886 1051 939 τὸ
1076 885 1181 938 τῶν
1218 882 1502 952 φονώντων
1531 883 1826 954 συνέδριον,
1866 882 1964 951 τῆς

391 977 644 1045 ἀληθείας
681 976 1093 1047 φροντιστήριον
1120 971 1207 1045 ἦν.
1243 976 1356 1028 Οὐκ
1392 974 1665 1028 ἀπέκοπτε
1695 973 1843 1042 φόϐῳ
1874 972 1964 1024 τὸν

390 1070 565 1137 λόγον,
611 1069 731 1122 οὐδὲ
774 1069 1009 1139 πάρετος
1056 1067 1192 1138 πρὸς
1218 1067 1316 1137 τὴν
1340 1066 1529 1120 ἐλπίδα
1560 1066 1667 1117 τῶν
1706 1065 1964 1119 κινδύνων

388 1158 621 1225 ἐγίνετο,
673 1157 792 1211 οὐδὲ
824 1158 957 1227 πρὸς
980 1156 1072 1208 τὸν
1101 1155 1327 1209 θάνατον
1355 1153 1609 1206 ἕϐλεπεν-
1643 1152 1756 1204 ἀλλ’
1791 1152 1881 1204 ἐπὶ
1906 1151 1965 1203 τὸ

391 1249 521 1318 ὕψος
557 1251 654 1318 τὴν
688 1249 866 1318 ψυχὴν
897 1248 1057 1318 ἔχων,
1092 1246 1185 1299 καὶ
1226 1246 1293 1299 τὰ
1323 1246 1378 1297 ὲν
1419 1246 1546 1297 ποσὶ
1600 1244 1775 1295 πάντα
1805 1259 1959 1312 περιο

388 1341 556 1411 ὀρῶν,
580 1340 661 1403 ὡς
693 1340 880 1394 παιδία
906 1340 1085 1409 μάτην
1106 1338 1459 1408 ἀφραίνοντα,
1493 1333 1862 1403 ἐπαιδαγώγει
1886 1333 1964 1403 τῷ

385 1432 554 1501 λόγῳ,
601 1435 711 1495 τοῖς
766 1432 895 1502 παρ’
943 1430 1119 1484 αὐτῶν
1167 1428 1391 1481 ἐκείνων
1429 1425 1833 1496 πιστευομένοις
1886 1428 1966 1489 είς

389 1523 663 1589 ἀπόδειξιν
702 1521 797 1576 τοῦ
842 1519 1214 1589 πεπλανῆσθαι
1243 1518 1437 1580 αὐτοὺς
1467 1516 1594 1587 περὶ
1621 1517 1728 1570 τῶν
1763 1515 1965 1586 δογμά-

389 1630 497 1667 των
531 1611 937 1683 συγχρώμενος.
979 1610 1228 1680 Ἀὕραάμ
1262 1608 1339 1679 τῷ
1374 1608 1514 1678 λόγῳ
1542 1607 1845 1678 παράγεται
1875 1608 1966 1660 κα¹ι⁵

390 1706 424 1774 ἡ
460 1705 578 1757 κατ’
619 1702 781 1756 αὑτὸν
824 1702 1033 1772 ἱστορία
1061 1702 1208 1754 πᾶσα
1237 1700 1302 1753 δι’
1328 1700 1523 1767 ὀλίγων
1550 1699 1640 1752 ὑπ’
1675 1698 1797 1767 ὄψιν
1838 1699 1966 1765 ἀγε-

392 1769 514 1849 ¹ιέαι·
549 1790 666 1848 εἶτα
699 1793 864 1864 ἡτῶν
907 1769 1100 1863 ἑφεξῆς
1132 1793 1303 1861 ἁγίων
1330 1792 1566 1863 διαδοχή.
1595 1792 1833 1860 Μωῦσῆς
1875 1791 1968 1843 ἐπὶ
2001 1769 2039 1823 Β

388 1886 601 1948 τούτοις
644 1884 988 1954 τικτόμενος,
1030 1884 1497 1953 ἀνατρεφόμενος,
1560 1883 1965 1951 παιδευόμενος,

391 1976 487 2028 ἐπὶ
514 1975 606 2027 τοῦ
670 1975 833 2045 ὄρους
891 1975 1457 2045 μυσταγωγούμενοςθ
1531 1973 1805 2044 μαστίζων
1871 1972 1968 2041 τὴν

391 2066 698 2133 Αἴγυπτον,
730 2065 817 2118 τὸν
856 2064 1074 2136 Ἰσραὴλ
1110 2064 1424 2130 διασώζων,
1462 2065 1525 2117 τὸ
1557 2064 1696 2117 κατὰ
1740 2064 1828 2115 τὸν
1862 2062 1968 2115 Κύ-

391 2172 506 2225 ριον
529 2154 857 2225 προμηνύων
888 2155 1202 2225 μυστήριον.
1238 2156 1303 2207 Ὃ
1335 2154 1431 2207 καὶ
1465 2154 1695 2223 μάλιστα
1727 2154 1970 2220 συγκινεῖ

390 2247 450 2297 τὸ
491 2246 786 2315 συνέδριον.
838 2246 933 2298 καὶ
970 2245 1355 2315 ἀναθερμαίνει
1389 2245 1487 2316 τὴν
1536 2245 1711 2307 νόσον,
1760 2245 1841 2297 ὅτι
1875 2244 1967 2297 καὶ

390 2338 650 2406 Μωῦσῆς,
678 2330 738 2389 οὗ
762 2336 827 2407 δὴ
852 2337 1267 2406 προσεποιοῦντο
1297 2335 1780 2405 ὑπερσπουδάζειν,
1841 2353 1968 2387 συν-

393 2428 594 2497 ήγορος
623 2426 714 2479 τοῦ
743 2426 1011 2496 δόγματος
1039 2425 1411 2479 ἀπεδείκνυτο.
1448 2424 1562 2494 Ἐφ’
1664 2425 1757 2477 καὶ
1782 2425 1968 2479 διανα-

392 2518 641 2582 στάντες,
669 2518 729 2570 τὸ
760 2517 935 2589 πέρας
974 2518 1267 2585 ἐπάγουσιν
1292 2516 1441 2582 ἄξιον
1465 2517 1559 2569 καὶ
1586 2516 1684 2586 τῆς
1713 2516 1846 2580 ίδίας
1876 2534 1968 2570 πι-

394 2610 574 2680 κρίας,
613 2611 707 2663 καὶ
740 2610 838 2681 τῆς
861 2608 952 2662 τοῦ
989 2608 1260 2677 Στεφάνου
1289 2607 1603 2677 ἐπιθυμίας.
1652 2609 1709 2659 '0
1735 2608 1835 2678 μὲν
1860 2608 1967 2679 γὰρ

392 2701 562 2765 ἐκϐάς
604 2701 699 2773 τὴν
757 2700 939 2770 φύσιν,
995 2698 1091 2752 καὶ
1137 2699 1265 2771 πρίν
1310 2699 1532 2769 ἐκϐῆναι
1575 2698 1670 2751 τοῦ
1719 2698 1966 2769 σώματος

393 2792 581 2862 βλέπει
623 2794 735 2855 τοῖς
773 2790 1033 2861 καθαροῖς
1071 2788 1367 2858 ὀφθαλμοῖς
1405 2788 1503 2851 τὰς
1532 2789 1787 2859 οὐρανίας
1820 2787 1965 2859 αὐτῷ

396 2883 568 2946 πύλας
591 2882 960 2951 διισταμένας,
1002 2881 1097 2933 καὶ
1121 2879 1181 2932 τὸ
1207 2880 1354 2943 ἐντὸς
1381 2879 1486 2931 τῶν
1518 2878 1726 2932 ἀδύτων
1754 2878 1967 2947 διαφαι-

394 2975 647 3044 νόμενον,
694 2975 865 3043 αὐτήν
902 2989 962 3024 τε
1011 2970 1160 3024 θείαν
1199 2970 1377 3036 δόξαν,
1411 2971 1505 3023 καὶ
1550 2969 1610 3021 τὸ
1656 2969 1755 3039 τῆς
1810 2970 1968 3040 δόξης

394 3063 752 3133 ἀπαύγασμαο
782 3062 872 3115 καὶ
893 3061 991 3131 τῆς
1014 3060 1117 3129 μὲν
1135 3059 1413 3130 Πατρικῆς
1433 3059 1615 3129 δόξης,
1641 3059 1812 3122 οὐδεὶς
1836 3061 1967 3113 ὐπο-

392 3154 664 3226 γράφεται
695 3151 983 3223 χαρακτὴρ
1000 3149 1094 3204 διὰ
1116 3149 1209 3202 τοῦ
1231 3149 1391 3218 λόγου
1409 3167 1422 3180 ·
1450 3149 1511 3201 τὸ
1532 3150 1588 3203 δὲ
1606 3150 1964 3221 ἀπαύγασμα,

395 3247 453 3299 ὲν
482 3244 557 3314 τῷ
583 3244 797 3314 ὀφθέντι
825 3246 935 3307 τοῖς
961 3241 1265 3312 ἀνθρώποις
1293 3241 1441 3306 εἴδει,
1470 3241 1548 3311 τῷ
1594 3242 1800 3312 ἀθλητῇ
1836 3242 1971 3295 καθ-

394 3337 610 3406 ορᾶται,
645 3333 725 3396 ὼς
766 3328 833 3403 ἦν
873 3332 1119 3403 χωρητόν
1168 3334 1234 3402 τῇ
1259 3330 1577 3401 ἀνθρωπίνῃ
1619 3331 1798 3399 φύσει,
1830 3330 1970 3384 οὕτω

397 3427 740 3495 φαινόμενον.
784 3426 843 3477 '0
870 3424 969 3494 μὲν
993 3419 1085 3477 οὖν
1108 3422 1213 3488 ἔξω
1244 3422 1479 3490 γεγονὼς
1501 3422 1598 3491 τῆς
1624 3421 1970 3492 ἀνθρωπίνης

398 3516 633 3588 φύσεως,
660 3517 752 3570 καὶ
777 3515 910 3585 πρὸς
939 3514 1038 3584 τὴν
1058 3512 1353 3584 ἀγγελικὴν
1382 3512 1765 3583 μεταποιηθεὶς
1788 3513 1967 3582 χάριν,

398 3609 473 3671 ὡς
532 3608 626 3661 καὶ
673 3606 855 3669 αὐτοῖς
900 3600 1040 3658 εἶναι
1080 3607 1191 3666 τοῖς
1239 3603 1544 3674 μιαιφόνοις
1602 3604 1659 3655 ὲν
1696 3602 1967 3674 θαύματι,

400 3699 538 3770 πρδς
570 3698 666 3768 τὴν
695 3697 800 3751 τῶν
830 3695 1075 3763 ἀγγέλων
1113 3694 1269 3759 ἀξίαν
1301 3694 1395 3746 τοῦ
1432 3695 1559 3765 περὶ
1595 3694 1656 3746 τὺ
1683 3694 1970 3764 πρόσωπον

399 3791 573 3851 εἴδους
606 3786 1020 3850 ἀλλοιωθέντος,
1070 3786 1163 3838 καὶ
1208 3781 1313 3837 εἶδε
1361 3784 1428 3838 τά
1460 3784 1693 3845 ἀθέατα,
1735 3785 1828 3837 καὶ
1874 3783 1971 3853 τὴν

398 3881 658 3949 ὀφθεῖσαν
690 3876 838 3947 αύτῷ
885 3875 1043 3947 χάριν
1087 3874 1396 3945 ἐξεϐόησεν.
1438 3876 1500 3927 Ui
1533 3874 1589 3927 δὲ
1619 3873 1875 3943 συνέσχον
1904 3872 1972 3925 τά

398 3967 533 4031 ὦτα,
564 3968 659 4022 καὶ
701 3967 763 4021 τὸ
799 3967 1045 4037 διήγημα
1071 3965 1170 4035 τῆς
1195 3964 1458 4026 ὀπτασίας
1488 3965 1549 4016 οὐ
1578 3963 1968 4034 παρεδέχοντο,

403 4063 581 4124 καλῶς
618 4059 777 4113 τοῦτο
803 4057 933 4125 γοῦν
967 4058 1024 4110 ὲν
1050 4058 1184 4109 πᾶσι
1226 4055 1549 4124 ποιήσαντες
1575 4070 1586 4081 ·
1622 4053 1742 4106 οὐδὲ
1770 4052 1878 4123 γάρ
1904 4047 1974 4122 ἦν

400 4155 530 4221 ἀξία
586 4152 826 4223 βεϐήλων
882 4148 1038 4219 ἀκοὴ,
1094 4146 1244 4209 θείας
1298 4144 1595 4216 ἐμφανείας
1658 4143 1973 4213 διηγήματα

402 4245 678 4313 δέξασθαι.
731 4243 968 4304 Ἐκεῖνος
999 4239 1097 4310 μὲν
1121 4233 1215 4291 οὖν
1242 4235 1567 4305 ἐκοινώνησε
1596 4236 1708 4296 τοῖς
1742 4232 1975 4304 παροῦσι

403 4338 502 4406 τῆς
534 4335 785 4407 χάριτος,
815 4333 896 4394 εἰς
923 4331 983 4383 τὸ
1024 4328 1199 4383 κοινὸν
1229 4329 1412 4380 ἐκεῖνα
1457 4323 1733 4396 προτιθεὶς
1762 4322 1840 4392 τῷ
1899 4322 1975 4375 δι-

2065 540 2174 593 pra:
2203 540 2262 579 se
2292 524 2530 577 ferentes
2564 540 2579 577 :
2613 522 2702 575 hic
2729 535 2859 575 vero
2899 528 3156 589 tanquam
3183 516 3384 572 fratres
3410 519 3637 587 aspicie-

2065 617 2180 675 bat.
2213 624 2269 669 et
2306 623 2565 685 tanquam
2608 621 2790 683 patres
2818 611 3111 665 salutabat.

2148 702 2261 756 Viri
2286 704 2430 758 enim
2466 704 2686 773 fratres,
2725 702 2925 770 inquit,
2955 709 3003 752 et
3032 710 3231 768 patres,
3256 700 3437 755 audite
3461 702 3525 755 ι’.
3556 701 3634 754 liii

2064 795 2281 864 quidem
2314 795 2645 849 calumniam
2671 793 3026 862 probabiliter
3049 793 3476 861 contingebant:
3509 793 3637 845 huic

2065 901 2193 938 vero
2223 885 2515 939 consilium
2551 883 2615 936 ad
2649 883 2849 936 caedem
2900 883 3314 949 propensiormn
3354 897 3451 950 pro
3480 884 3635 935 curia

2066 977 2309 1031 veritatis
2339 986 2479 1031 erat.
2504 975 2621 1030 Non
2650 985 2792 1027 metu
2816 973 3146 1043 prwcidebat
3172 975 3496 1037 orationem,
3527 991 3635 1027 non

2067 1069 2360 1139 languidus
2400 1069 2721 1136 fractusque
2760 1082 2823 1121 ac
2870 1066 3139 1120 remissus
3183 1075 3329 1119 metu
3369 1067 3639 1134 periculo-

2067 1176 2187 1214 rum
2210 1170 2348 1223 erat,
2379 1176 2490 1215 non
2524 1176 2672 1215 mors
2700 1160 2748 1214 ei
2769 1168 2893 1215 ante
2920 1160 3115 1214 oculos
3150 1160 3474 1214 versabatur
3499 1174 3514 1222 ;
3539 1158 3636 1213 sed

2064 1262 2248 1306 erecto
2276 1252 2460 1305 animo
2492 1252 2675 1305 omnia
2705 1266 2826 1321 quae
2846 1258 2972 1304 ante
3005 1250 3171 1319 pedes
3200 1258 3357 1305 erant
3388 1258 3637 1305 contem-

2068 1361 2225 1404 nens.
2257 1353 2516 1412 tanquam
2548 1344 2808 1413 puerulos
2835 1344 3033 1396 misere
3066 1342 3389 1411 insipientes
3422 1342 3641 1412 regebat

2066 1450 2131 1489 ac
2164 1434 2554 1489 moderabatur
2583 1434 2834 1486 oratione
2861 1473 2876 1497 ,
2908 1432 2977 1485 ad
3007 1432 3499 1487 demonstrandum
3540 1447 3639 1488 eos

2069 1527 2121 1580 in
2152 1540 2339 1581 errore
2368 1525 2743 1579 doctrinarum
2779 1526 3019 1586 versari,
3060 1525 3222 1579 simul
3252 1524 3414 1578 etiam
3444 1526 3510 1578 iis
3541 1525 3639 1577 do-

2066 1620 2373 1682 cumentis,
2406 1618 2609 1687 quibus
2643 1618 2713 1672 ab
2752 1619 2859 1673 illis
2908 1618 3043 1687 ipsis
3075 1617 3207 1673 ﬁdes
3237 1618 3486 1688 derogari
3528 1633 3637 1672 non

2070 1714 2321 1777 poterat,
2353 1717 2535 1763 utens.
2575 1708 2850 1762 Abraham
2890 1708 3125 1762 orationi
3158 1707 3469 1772 adhibetur,
3499 1715 3640 1761 tota-

2069 1815 2175 1866 que
2219 1798 2368 1853 illius
2419 1798 2653 1853 historia
2705 1799 2899 1867 paucis
2946 1807 3073 1851 ante
3121 1797 3313 1852 oculos
3360 1797 3580 1866 ponitur
3618 1798 3635 1851 τ

2070 1888 2266 1941 deinde
2302 1888 2487 1941 ca’teri
2522 1889 2730 1951 sancti,
2781 1888 2874 1957 qui
2930 1894 3339 1943 successerunt.
3390 1887 3471 1941 Ad
3524 1887 3641 1940 hac

2071 1975 2282 2046 Moyses
2316 1988 2373 2031 ut
2404 1986 2590 2039 natus,
2626 1985 2685 2031 ut
2705 1977 2995 2042 educatus,
3027 1984 3087 2030 ut
3115 1976 3367 2031 eruditus
3390 1984 3444 2029 et
3478 1975 3640 2029 iusti-'-

2070 2076 2243 2127 tutus.
2271 2076 2329 2121 ut
2358 2069 2413 2122 in
2438 2078 2622 2122 monte
2648 2068 3087 2123 sacrisinitiatus
3122 2075 3174 2122 et
3208 2069 3515 2122 instructus
3543 2066 3636 2126 εἰς.

2071 2169 2129 2210 ιιι
2160 2156 2461 2228 JEgyptum
2495 2156 2821 2228 ﬂagellaret,
2864 2158 3118 2213 Israelem
3151 2165 3414 2221 servaret,
3441 2165 3644 2227 myste-

2070 2250 2210 2302 rium
2240 2249 2452 2303 Domini
2482 2249 2821 2317 praediceret.
2856 2247 3010 2315 Quod
3043 2249 3208 2304 etiam
3239 2248 3473 2303 maxime
3504 2261 3642 2303 con-

2063 2341 2201 2394 citat
2229 2341 2525 2395 conCilium
2551 2381 2567 2405 ,
2597 2348 2652 2395 et
2692 2340 2941 2395 morbum
2992 2340 3267 2407 incendit,
3299 2341 3444 2410 quod
3475 2342 3642 2396 etiam

2068 2431 2281 2502 Moyses
2305 2474 2319 2496 ,
2356 2423 2520 2501 cujus
2565 2447 2626 2486 se
2670 2432 2929 2485 nimirum
2965 2432 3313 2486 vehementer
3358 2432 3643 2486 studiosos

2066 2540 2187 2580 esse
2213 2523 2386 2579 videri
2417 2525 2689 2588 volebant,
2722 2533 2987 2594 patronus
3031 2524 3291 2579 doctrinae
3342 2524 3506 2594 hujus
3544 2523 3640 2579 de-

2068 2620 2409 2666 monstratur
2466 2631 2477 2665 :
2535 2613 2893 2681 quamobrem
2935 2613 3098 2667 etiam
3143 2621 3430 2683 surgentes
3483 2614 3643 2667 tinem

2068 2700 2380 2770 imponunt,
2408 2702 2625 2771 qualem
2661 2710 2717 2755 et
2749 2700 3061 2773 Stephanus
3087 2702 3456 2768 desiderabat,
3495 2710 3550 2758 et
3576 2702 3645 2755 il-

2068 2791 2243 2843 lorum
2280 2792 2659 2846 crudelitatem
2708 2790 2954 2846 decebat.
2996 2790 3132 2845 Nam
3169 2792 3259 2845 ille
3288 2792 3508 2861 quidem
3545 2806 3645 2844 na-

2066 2889 2245 2934 turam
2265 2879 2710 2950 egressus,etiam
2730 2887 3024 2948 antequam
3046 2895 3275 2949 corpore
3289 2881 3647 2943 excessisset,

2069 2971 2221 3041 puris
2248 2972 2426 3024 oculis
2461 2970 2714 3025 caelestes
2742 2970 2847 3024 sibi
2878 2978 3065 3038 portas
3088 2979 3303 3037 apertas
3332 2970 3477 3025 videt
3501 2979 3556 3025 et
3593 2969 3649 3024 id

2069 3064 2211 3131 quod
2237 3061 2376 3115 intra
2399 3059 2557 3131 adyta
2573 3061 2889 3129 apparebat,
2924 3076 3045 3114 cum
3077 3061 3247 3129 ipsam
3270 3059 3505 3114 divinam
3532 3062 3650 3130 gina

2070 3155 2231 3217 riam,
2248 3161 2360 3205 tum
2377 3154 2564 3222 gloria:
2581 3150 2922 3221 Splendorem
2944 3152 3313 3220 conspicatur,
3329 3166 3393 3204 ac
3412 3160 3651 3221 paterna:

2070 3242 2290 3313 quidem
2340 3244 2530 3313 gloria:
2571 3243 2721 3296 nulla
2754 3242 3089 3297 describitur
3120 3243 3369 3297 oratione
3425 3244 3593 3313 ﬁgura
3632 3261 3648 3298 :

2073 3333 2332 3403 splendor
2361 3350 2490 3389 vero
2524 3336 2576 3388 in
2611 3350 2694 3398 ea,
2727 3350 2833 3403 qua
2867 3337 2936 3387 ab
2970 3334 3284 3388 hominibus
3311 3335 3461 3388 visus
3492 3343 3610 3389 erat
3632 3376 3650 3400 ,

2075 3424 2250 3478 forma
2283 3425 2352 3478 ab
2376 3426 2575 3479 athleta
2605 3425 2968 3494 conspicitur,
3011 3426 3090 3479 sic
3130 3440 3423 3494 apparens,
3455 3436 3513 3480 ut
3544 3427 3650 3480 hu-

2073 3528 2233 3565 mana
2285 3527 2480 3581 capere
2527 3520 2741 3581 poterat
2795 3520 3015 3567 natura.
3070 3515 3251 3584 Atque
3294 3514 3382 3568 hic
3428 3516 3649 3585 quidem

2072 3614 2220 3656 extra
2239 3611 2487 3656 naturam
2514 3604 2803 3658 humanam
2826 3604 3177 3677 constitutus,
3198 3613 3252 3660 et
3269 3605 3322 3660 in
3346 3607 3652 3676 angelicum

2072 3695 2323 3750 decorem
2356 3696 2802 3759 trausformatus,
2837 3705 2898 3750 ut
2928 3696 3084 3766 ipsis,
3112 3698 3276 3751 etiam
3298 3697 3525 3754 nefariis
3549 3700 3650 3753 ho-

2074 3786 2290 3840 micidis
2323 3787 2589 3841 miraculo
2628 3799 2817 3851 esset,
2866 3788 2923 3841 in
2960 3788 3265 3857 angelicam
3324 3787 3647 3859 dignitatem

2075 3876 2250 3930 forma
2272 3875 2427 3932 faciei
2451 3884 2679 3939 mutata,
2700 3893 2825 3931 cum
2854 3877 2991 3932 vidit
3013 3878 3322 3948 eﬂ'ugientia
3335 3889 3647 3949 aspectum,

2075 3978 2188 4020 tum
2221 3982 2363 4027 eam,
2392 3982 2515 4035 quze
2542 3967 2647 4021 sibi
2684 3968 3001 4037 apparebat,
3027 3970 3255 4037 gratiam
3285 3970 3501 4023 sublato
3534 3972 3648 4023 cla-

2076 4074 2227 4112 more
2264 4058 2615 4126 signiﬁcavit.
2658 4056 2737 4111 Illi
2778 4073 2909 4113 vero
2942 4061 3335 4116 continuerunt
3374 4076 3564 4125 aures,
3595 4070 3654 4116 et

2078 4147 2448 4200 narrationem
2489 4147 2715 4201 visionis
2762 4162 2872 4201 non
2911 4147 3269 4208 admiserunt.
3310 4150 3412 4203 hoc
3453 4152 3648 4204 saltem

2075 4252 2142 4292 ex
2162 4237 2416 4292 omnibus
2434 4246 2581 4291 recte
2603 4237 2900 4304 facientes;
2925 4254 3101 4308 neque
3121 4240 3265 4294 enim
3290 4240 3467 4309 dignae
3490 4250 3651 4294 erant

2078 4329 2431 4398 profanorum
2460 4338 2515 4384 et
2547 4330 2886 4398 impurorum
2918 4346 3101 4395 aures,
3142 4345 3266 4400 quae
3317 4331 3518 4385 divina:
3558 4347 3653 4401 ap-

404 4429 674 4498 ηγήματι,
732 4418 806 4478 ὧν
858 4423 998 4477 κατά
1053 4420 1219 4491 μόνας
1248 4418 1479 4487 ἠξίωτο,
1512 4415 1738 4483 Θεωρῶ,
1778 4415 1973 4483 λέγων,

2080 4421 2366 4488 paritionis
2389 4421 2700 4491 acciperent
2729 4422 3092 4483 narrationes,
3119 4431 3283 4490 atque
3318 4421 3408 4477 ille
3430 4422 3651 4492 quidem

407 4521 548 4585 τοὺς
568 4517 856 4587 οὐρανοὺς
889 4515 1320 4584 ἀνεῳγμένους,
1340 4512 1437 4566 καὶ
1457 4512 1563 4565 τὸν
1586 4512 1725 4564 Υἱόν
1745 4511 1851 4564 τοῦ
1872 4514 1975 4564 ἀν-

407 4610 642 4679 θρώπου
662 4609 732 4662 ἐκ
760 4606 976 4672 δεξιῶν
996 4605 1225 4660 ἑστῶτα
1242 4605 1348 4657 τοῦ
1372 4603 1539 4656 Θεοῦ.
1561 4603 1624 4653 Oi
1644 4602 1721 4664 δὲ,
1746 4601 1980 4671 κράξαν-

406 4720 497 4765 τες
542 4704 690 4772 φωνῇ
725 4700 957 4771 μεγάλῃ,
998 4698 1092 4751 καὶ
1116 4697 1405 4766 συσχόντες
1434 4694 1501 4747 τά
1535 4688 1672 4759 ὦτα,
1716 4692 1981 4765 ὥρμησαν

406 4792 748 4863 ὁμοθυμαδὸν
790 4792 876 4844 ἐπ’
911 4789 1091 4843 αὐτόν.
1142 4786 1339 4850 Καλῶς
1390 4785 1730 4855 προσέθηκεν
1774 4785 1806 4853 ἡ
1854 4784 1981 4851 περὶ

409 4883 587 4939 αὐτῶν
632 4881 842 4953 ἱστορία
887 4880 985 4950 τὴν
1032 4877 1273 4949 κραυγὴν
1307 4880 1416 4941 τοῖς
1451 4878 1663 4948 ἔργοις,
1711 4877 1798 4929 ἵνα
1834 4874 1982 4945 δείξῃ

407 4977 505 5043 τῆς
552 4973 921 5046 προαιρέσεως
977 4970 1156 5022 αὐτῶν
1212 4970 1311 5039 τὴν
1340 4969 1474 5040 πρὸς
1510 4968 1635 5031 τοὺς
1693 4965 1980 5036 Σοδομίτας

410 5066 748 5135 συγγένειαν.
790 5064 900 5118 Καὶ
944 5061 1052 5131 γάρ
1102 5060 1161 5113 τὸ
1203 5059 1423 5113 ἐκείνων
1457 5058 1715 5128 ἀνόμημα
1769 5056 1982 5128 κραυγὴ

411 5156 561 5226 πάρά
592 5155 685 5208 τοῦ
731 5156 1005 5225 κρίνοντος
1038 5149 1348 5220 ὠνομάσθη.
1380 5148 1620 5216 Κραυγὴ
1652 5145 1784 5216 γὰρ,
1827 5146 1982 5214 φησὶ,

2090 4510 2320 4579 gratiam
2358 4509 2722 4579 praesentibus
2767 4508 3215 4564 communicabat
3264 4511 3562 4573 narrando,
3597 4510 3653 4563 in

2080 4616 2373 4655 commune
2422 4614 2732 4669 preponeus
2770 4614 2832 4653 ea
2886 4615 3122 4669 quorum
3190 4600 3656 4670 contemplatione

2080 4694 2232 4745 solus
2261 4693 2459 4762 dignus
2481 4692 2760 4760 judicatus
2786 4700 2903 4746 erat
2927 4730 2941 4754 ,
2980 4688 3166 4751 Video,
3194 4690 3474 4760 inquiens,
3499 4687 3655 4746 caelos

2080 4792 2309 4851 apertos,
2341 4793 2390 4836 et
2424 4781 2628 4837 Filium
2659 4783 2884 4836 hominis
2912 4792 3136 4836 stantem
3162 4799 3193 4835 a
3219 4782 3419 4835 dextris
3464 4781 3561 4835 Dei
3588 4782 3654 4835 ¹⁶.

2083 4873 2144 4926 ili
2178 4890 2308 4928 vero
2353 4876 2727 4929 exclamantes
2762 4888 2895 4927 voce
2950 4888 3140 4941 magna
3163 4912 3177 4935 ,
3220 4883 3274 4926 et
3308 4873 3658 4927 continentes

2082 4981 2244 5019 aures
2274 4981 2425 5022 suas.
2460 4965 2719 5034 impetum
2755 4963 3087 5017 unanimiter
3132 4963 3187 5014 in
3221 4978 3346 5016 eum
3385 4962 3655 5015 fecerunt.

2083 5053 2250 5110 Recte
2303 5054 2504 5123 adjecit
2533 5069 2725 5109 eorum
2769 5052 2929 5106 factis
2965 5051 3191 5104 historia
3232 5051 3564 5113 clamorem,
3598 5057 3661 5102 ut

2083 5143 2397 5199 ostenderet
2434 5143 2720 5198 destinata:
2768 5142 3068 5195 voluntatis
3102 5156 3290 5194 eorum
3332 5155 3457 5193 cum
3490 5138 3661 5193 Sodo-

410 5247 686 5315 Σοδόμων
708 5245 803 5299 καὶ
832 5244 1136 5313 Γομόρῤας
1160 5237 1385 5307 ἀνῆλθε
1409 5240 1559 5306 πρός
1581 5255 1677 5305 με.
1710 5234 1973 5306 ’Έκραξαι

2086 5237 2236 5289 mitis
2270 5237 2675 5304 cognationem.
2712 5233 2925 5288 Etenim
2979 5230 3195 5285 illorum
3230 5231 3411 5287 scelus
3451 5231 3661 5283 clamor

409 5340 585 5391 τοίνυν
614 5338 708 5391 καὶ
735 5332 901 5399 οὗτοι,
942 5336 1027 5387 ἵνα
1067 5332 1306 5401 ἀκουσθῇ
1339 5332 1430 5383 καὶ
1462 5330 1641 5383 αὐτῶν
1673 5332 1707 5400 ἡ
1738 5330 1830 5382 ἐπὶ
1855 5330 1982 5381 Στε-

412 5428 580 5497 φάνου
626 5428 864 5498 κραυγή.
912 5425 987 5477 Οὐ
1038 5424 1142 5494 μὴν
1177 5422 1359 5491 ἠγνόει
1392 5423 1419 5473 ὁ
1466 5418 1701 5489 ἀθλητὴς
1750 5418 1837 5471 διὰ
1884 5419 1981 5489 τῆς

413 5518 636 5590 πικρίας
662 5517 768 5570 τῶν
805 5517 1228 5586 μιαιφονούντων
1255 5510 1727 5583 εὐεργετούμενος.
1759 5509 1848 5563 Td)
1875 5511 1981 5578 γάρ

486 5656 529 5726 ί³
568 5697 688 5747 Art.
734 5709 827 5748 vn.
858 5694 894 5745 ε
922 5707 1040 5761 sqq.
1121 5691 1163 5721 ¹⁵
1202 5688 1333 5771 ibid.
1378 5688 1466 5743 55.
1528 5689 1570 5719 "~’
1610 5686 1743 5741 Gen.
1784 5701 1938 5749 xvul,
1967 5685 2057 5741 20.

689 5790 961 5849 ΡΔτιιοι..
1008 5787 1124 5846 (in.
1155 5784 1368 5844 XLVI.

2089 5344 2117 5381 a
2166 5328 2448 5394 judicante
2498 5326 2814 5380 nominatus
2860 5332 2964 5378 est.
3009 5324 3227 5377 Clamor
3255 5323 3416 5386 enim,
3448 5323 3658 5392 inquit,

2091 5418 2445 5473 Sodomorum
2471 5427 2519 5470 ct
2543 5415 2853 5471 Gomorrlia:
2877 5414 2946 5469 ad
2973 5431 3052 5469 me
3077 5414 3315 5468 ascendit
3347 5416 3410 5469 ".
3445 5414 3663 5470 Clama-

2093 5519 2291 5565 verunt
2325 5510 2492 5577 igitur
2528 5510 2579 5563 hi
2610 5523 2853 5579 quoque,
2887 5514 2943 5561 ut
2971 5507 3137 5561 etiam
3172 5512 3363 5561 eorum
3400 5507 3665 5563 adversus

3234 5767 3313 5825 23
