4154 6354
488 281 592 342 713

1723 267 1780 322 S.
1817 259 2146 320 GREGORII
2184 258 2480 318 NYSSENI

3644 254 3750 311 716

488 397 827 470 Stephanum
856 391 1066 449 clamor
1087 387 1388 444 audiretur.
1423 384 1540 441 Non
1569 384 1854 456 ignorabat
1884 389 2066 436 autem

2198 380 2297 452 εερὶ
2327 381 2492 435 αὐτὸν
2517 378 2626 434 τῶν
2667 375 3071 433 καταλευόντων
3114 373 3300 445 κύκλῳ
3340 373 3712 444 στεφανωθεὶς
3729 415 3749 439 ,

489 490 697 545 athleta
727 501 786 542 se
802 499 900 556 per
924 480 1305 538 crudelitatem
1336 477 1541 534 caedem
1571 474 1839 531 nefariam
1868 486 2062 543 perpe-

490 577 755 634 trantium
803 571 1131 630 beneficium
1183 568 1455 638 accipere.
1505 563 1642 620 Nam
1676 563 1808 619 orhe
1861 560 2070 631 lapides

491 670 736 740 undique
776 661 1189 735 conjicientium
1233 658 1390 730 quasi
1443 671 1646 712 corona
1699 653 1954 715 cinctus,
1992 650 2069 705 ita

491 761 702 832 accepit
742 759 795 814 id
845 754 991 828 quod
1040 750 1334 823 agebatur,
1377 750 1534 820 quasi
1584 760 1793 803 corona
1824 745 2072 800 victoria

493 849 777 921 praemium
827 847 884 902 in
932 844 1190 900 manibus
1235 840 1679 896 adversariorum
1729 843 2070 893 necteretur.

493 941 675 1007 Quare
705 938 871 994 etiam
902 934 1139 1007 benigna
1174 932 1487 1005 precatione
1510 929 1895 1000 sanguinarios
1922 941 2072 981 cont-

495 1038 726 1104 pensat,
764 1044 967 1100 rogans
996 1042 1066 1083 ne
1104 1027 1161 1082 in
1204 1021 1522 1092 contrarios
1565 1028 1794 1076 eventus
1830 1017 2071 1082 facinus,

495 1123 640 1194 quod
683 1122 737 1176 in
788 1120 912 1192 ipso
961 1117 1407 1189 perpetrabatur,
1449 1113 1809 1176 divideretur,
1858 1118 1918 1164 ut
1970 1108 2073 1164 sibi

497 1213 715 1284 quidem
743 1212 935 1275 vitam,
972 1207 1314 1265 adversariis
1347 1213 1530 1261 autem
1559 1203 1786 1260 exitium
1817 1199 2072 1256 afferret:

498 1304 594 1359 sed
629 1303 830 1374 quibus
857 1303 976 1371 ipse
1007 1300 1210 1370 dignus
1240 1297 1521 1367 judicatus
1553 1303 1701 1351 esset
1725 1333 1741 1360 ,
1786 1293 1856 1349 ab
1905 1293 1973 1349 iis
2006 1308 2076 1348 ne

499 1399 685 1453 hostes
705 1397 947 1466 quidem,
980 1392 1138 1464 quasi
1173 1391 1440 1445 honorum
1468 1388 1573 1444 sibi
1607 1387 1788 1457 aliqua
1823 1401 1889 1440 ex
1922 1391 2079 1455 parte

499 1497 774 1551 auctores,
805 1484 1254 1542 excluderentur.
1294 1481 1387 1535 Sic
1416 1480 1482 1542 is,
1516 1479 1609 1549 qui
1646 1478 1928 1534 Christum
1956 1491 2078 1532 cer-

502 1581 617 1643 nit,
651 1578 915 1633 adversus
961 1575 1152 1628 hostes
1189 1587 1314 1628 sese
1347 1587 1537 1643 gerere
1574 1570 1750 1627 novit.
1803 1569 2077 1636 Quoniam

498 1670 644 1724 enim
697 1667 973 1739 patientiae
1024 1664 1393 1734 Iegislatorem
1441 1663 1692 1727 videbat,
1758 1661 2080 1718 recordatus

499 1769 583 1820 est
613 1761 790 1830 legum
832 1759 900 1812 ah
931 1771 997 1812 eo
1047 1757 1282 1810 latarum
1316 1755 1572 1811 inimicos
1610 1755 1842 1826 diligere
1880 1753 2077 1824 iuben-

502 1854 662 1914 tium.
697 1860 753 1907 et
803 1848 1126 1905 benefacere
1148 1848 1276 1902 odio
1315 1847 1780 1918 prosequentibus
1807 1886 1822 1910 ,
1858 1856 1913 1901 et
1967 1861 2068 1917 pro

502 1942 720 1997 hostilia
763 1939 1094 1996 facientibus
1149 1953 1312 1994 orare
1347 1939 1413 1993 ¹³.
1451 1937 1654 1993 Verum
1689 1939 1894 1994 athleta
1953 1939 2078 2009 qui-

503 2035 626 2090 dem
664 2048 773 2088 non
811 2031 1068 2086 humanis
1113 2027 1369 2084 laudibus
1406 2027 1738 2094 celebratur,
1782 2043 1962 2098 neque
2020 2028 2076 2081 in

2167 476 2339 540 οὓτως
2371 474 2587 542 ἐδέξατο
2611 471 2671 526 τὸ
2700 469 3006 541 γινόμενον,
3035 468 3112 531 ὡς
3145 465 3406 535 στέφανον
3434 467 3751 538 νικητήριον

2168 571 2228 624 ὲν
2252 569 2375 633 ταῖς
2405 565 2562 640 χερσὶ
2591 564 2700 618 τῶν
2733 561 2991 618 ἐναντίων
3023 559 3378 630 πλεκόμενον.
3410 558 3502 612 Διὸ
3534 558 3632 612 καὶ
3658 559 3751 612 εὖ-

2169 660 2326 730 λογία
2349 660 2476 723 τοὺς
2505 656 2820 729 μιαιφόνους
2840 652 3126 725 ἀμύνεται,
3151 651 3251 704 οὐκ
3281 649 3449 716 ἀξιῶν
3479 649 3619 722 πρὸς
3653 647 3757 712 τὰς

2171 751 2419 813 ἐναντίας
2459 749 2712 812 ὲκϐἀσεις
2739 747 2838 817 τὴν
2876 745 2962 799 ἐπ’
2989 743 3137 814 αὐτῷ
3163 741 3362 813 πρᾶξιν
3392 739 3759 812 καταμερίζερ

2174 844 2319 908 σθαι,
2346 841 2422 906 ὡς
2441 840 2634 911 ἐκείνῳ
2672 840 2772 912 μὲν
2804 837 2904 909 τὴν
2930 835 3098 906 ζωὴν,
3127 836 3240 898 τοῖς
3273 833 3333 887 δὲ
3359 831 3760 904 ἀντικειμένοις

2173 936 2359 1007 φέρειν
2379 933 2470 988 τδν
2489 932 2608 987 δλεθ
2616 949 2707 1003 ρον
2723 946 2736 960 ·
2765 930 2879 984 ἀλλ’
2901 924 2976 983 ὧν
3001 927 3162 990 αὐτὸς
3185 925 3384 995 ἠξίωτο
3401 924 3496 978 καὶ
3513 928 3640 986 τοὺς
3661 940 3762 976 πο-

2174 1025 2394 1097 λεμίους
2415 1023 2490 1087 ὡς
2512 1020 2732 1090 ἀγαθῶν
2754 1018 2904 1090 αὐτῷ
2931 1013 3331 1086 συναιτίουςῖμὴ
3355 1014 3626 1068 ἐκπεσεῖν.
3648 1010 3758 1064 Οὔ·

2174 1133 2281 1180 τως
2307 1113 2446 1169 οἶδεν
2473 1116 2501 1167 ὁ
2528 1111 2760 1184 Χριστὸν
2805 1109 3018 1180 βλέπων
3043 1108 3154 1170 τοῖς
3182 1103 3480 1174 πολεμοῦσι
3515 1100 3763 1172 προσφέ-

2181 1206 2389 1279 ρεσθαι.
2433 1204 2650 1274 Ἐπειδὴ
2674 1201 2784 1273 γὰρ
2805 1196 2912 1254 εἶδε
2941 1202 3041 1270 τῆς
3067 1195 3449 1268 μακροθυμίας
3471 1194 3563 1247 τὸν
3595 1209 3763 1261 νομο-

2177 1301 2359 1370 θέτην,
2377 1295 2703 1369 ὑπεμνήσθη
2714 1295 2824 1348 τῶν
2839 1293 3022 1364 νόμων
3036 1290 3144 1344 τῶν
3159 1288 3379 1358 ἀγαπᾷν
3395 1285 3521 1350 τοὺς
3536 1283 3762 1355 ἐχθροὺς

2179 1393 2506 1449 κελευόντων
2522 1431 2536 1455 ,
2567 1389 2662 1444 καὶ
2684 1385 2864 1450 καλῶς
2893 1385 3067 1438 ποιεῖν
3087 1383 3199 1444 τοῖς
3221 1378 3472 1450 μισοῦσι,
3496 1377 3594 1430 καὶ
3617 1373 3766 1446 ὑπὲρ

2179 1486 2289 1540 τῶν
2312 1481 2693 1554 πολεμούντων
2717 1473 3134 1551 προσεύχεσθαι.
3153 1470 3295 1525 Ἀλλ’
3321 1471 3353 1524 ό
3373 1467 3472 1540 μὲν
3502 1465 3765 1537 ἀθλητὴς,

2180 1579 2282 1632 οὐκ
2329 1575 2389 1640 ἐξ
2425 1571 2782 1645 ἀνθρωπίνων
2831 1565 3072 1622 ἐπαίνων
3100 1560 3402 1628 δοξάζεται.
3437 1558 3572 1613 Οὐδὲ
3600 1555 3707 1626 γὰρ
3735 1555 3770 1606 ὁ

2187 1670 2388 1732 σκοπὸς
2414 1665 2564 1737 αὐτῷ
2604 1665 2702 1737 τῆς
2749 1661 3031 1732 ἀθλήσεως
3059 1655 3198 1729 πρὸς
3237 1653 3338 1727 τὴν
3377 1652 3436 1720 ἐξ
3465 1647 3771 1721 ἀνθρώπων

2185 1762 2379 1816 ἔϐλεπε
2415 1759 2572 1823 δόξαν
2594 1771 2609 1788 ⁸
2654 1754 2768 1810 ἀλλ’
2814 1749 3060 1823 ὑπερϐὰς
3104 1747 3296 1801 πάνταξ
3321 1745 3411 1798 τδν
3447 1743 3650 1813 κόσμον
3698 1742 3771 1810 τῇ

2189 1851 2527 1924 μεγαλοφυῖᾳ
2564 1846 2660 1903 τοῦ
2706 1843 3148 1917 κατορθώματος,
3205 1838 3300 1892 καὶ
3334 1837 3401 1890 τά
3450 1834 3624 1906 μέτρα
3666 1831 3771 1900 τῆς

2185 1940 2533 2014 ἀνθρωπίνης
2559 1937 2838 2008 δυνάμεως
2875 1931 3304 2004 συμπαρέδραμε
3324 1969 3341 1997 ,
3382 1929 3565 1981 πᾶσαν
3592 1925 3772 1994 ἐγκω-

2189 2034 2482 2106 μιαστικὴν
2513 2029 2744 2101 δύναμιν
2777 2027 3008 2082 κατόπιν
3038 2020 3232 2077 ἑαυτοῦ
3265 2019 3450 2090 ῥίψας.

503 2129 768 2184 cerzaudo
797 2127 1024 2199 gloriam
1061 2140 1127 2179 ex
1164 2122 1482 2179 hominibus
1508 2121 1800 2179 conflatam
1837 2124 1945 2180 sibi
1980 2104 2316 2199 propositam
2356 2128 2592 2185 habebat
2623 2146 2636 2182 :
2679 2123 2778 2179 sed
2837 2135 2962 2175 cum
3037 2113 3440 2187 magnificentia
3509 2104 3777 2164 facinoris

505 2222 703 2294 egregii
767 2230 941 2275 totum
996 2219 1262 2274 mundum
1326 2217 1718 2288 superaverit,
1755 2218 2120 2279 humanarum
2199 2241 2418 2297 quoque
2473 2223 2670 2280 virium
2722 2218 2917 2276 modos
2979 2213 3143 2271 simul
3184 2219 3610 2282 praetergressus
3653 2210 3779 2268 est,

505 2319 654 2374 omni
685 2317 959 2372 laudativa
987 2315 1252 2372 facultate
1283 2323 1406 2385 post
1438 2330 1501 2370 se
1526 2313 1763 2383 abiecta.

577 2416 744 2488 Igitur
768 2415 859 2470 ille
879 2414 1100 2485 quidem
1125 2413 1180 2468 in
1203 2412 1352 2468 omni
1378 2412 1618 2467 humano
1640 2428 1894 2469 sermone
1914 2413 2088 2470 victo-

510 2509 601 2564 rite
629 2507 850 2578 pratmia
891 2506 1138 2561 obtineat
1163 2523 1179 2571 ;
1210 2520 1312 2560 nos
1333 2511 1516 2559 autem
1540 2504 1771 2560 historia
1803 2521 1903 2561 sua
1930 2507 2091 2578 adju-

511 2609 597 2655 vet
646 2599 712 2653 ad
765 2599 1075 2652 animarum
1117 2596 1372 2652 salutem.
1422 2596 1900 2663 Quemadmodum
1941 2599 2089 2654 enim

510 2691 656 2746 inter
681 2704 978 2759 corporeus
1009 2689 1245 2744 athletas
1277 2687 1351 2751 ii,
1397 2688 1492 2758 qui
1537 2688 1592 2743 in
1639 2689 1876 2759 publicis
1911 2701 2091 2745 certa-

511 2781 753 2837 minibus
791 2778 1124 2837 contendere
1170 2779 1483 2843 desierunt,
1536 2779 1767 2848 juvenes
1815 2781 2094 2835 athleticis

509 2874 997 2951 exercitationibus
1015 2887 1110 2942 per
1126 2870 1480 2926 artificiosam
1494 2870 1786 2941 quamdam
1801 2871 2094 2941 agilitatem

511 2976 566 3020 et
608 2966 947 3020 habilitatem
991 2962 1414 3027 assuefaciunt,
1465 2964 1860 3033 prehensiones
1903 2963 2097 3018 adver-

513 3057 784 3113 sariorum
817 3054 1073 3110 frustrari
1102 3061 1268 3123 atque
1297 3053 1520 3109 eludere
1547 3054 1810 3109 docentes
1835 3073 1850 3109 :
1884 3056 1958 3109 ita
1993 3069 2096 3109 nos

513 3163 733 3220 quoque
783 3147 984 3217 opinor
1018 3156 1275 3216 oportere
1312 3161 1409 3214 per
1444 3161 1700 3216 magnum
1756 3145 2094 3217 Stephanum
2122 3126 2166 3185 δ

513 3238 756 3296 exerceri
788 3246 844 3292 et
871 3235 1156 3291 assuelleri
1192 3234 1260 3289 ad
1294 3236 1554 3304 pietatetn
1578 3275 1594 3300 ,
1625 3246 1685 3290 ttt
1719 3252 1817 3306 per
1857 3252 1980 3292 eum
2011 3235 2098 3290 fu-

515 3334 729 3402 giamus
752 3340 918 3400 atque
940 3329 1211 3384 evitemus
1233 3327 1890 3393 Pneumatomachorum,
1914 3327 1968 3382 id
1991 3335 2095 3390 est,

516 3423 749 3492 Spiritus
771 3420 944 3475 sancti
969 3419 1201 3475 hostium
1222 3459 1238 3484 ,
1267 3419 1643 3488 correptiOnes
1672 3425 1837 3489 atque
1854 3417 2101 3473 vexatio-

517 3530 635 3570 nes.
677 3512 847 3567 Aiunt
877 3511 1026 3566 enim
1077 3509 1157 3564 illi
1206 3507 1301 3578 qui
1348 3508 1615 3563 adversus
1648 3508 1878 3578 gloriam
1921 3507 2100 3564 sancti

519 3607 758 3678 Spiritus
797 3603 1122 3667 insaniunt,
1153 3617 1266 3657 sua:
1305 3600 1637 3656 ahsurditati
1675 3609 1730 3656 et
1769 3601 2101 3672 importuni-

520 3695 616 3750 tati
670 3693 1012 3764 Stephanum
1062 3689 1438 3760 patrocinari,
1475 3689 1571 3760 qui
1624 3689 1823 3744 cretum
1877 3687 2104 3744 intentis

521 3785 700 3841 oculis
729 3783 1010 3838 contuitus
1030 3823 1046 3848 ,
1085 3781 1221 3836 vidit
1261 3781 1492 3852 gloriam
1527 3779 1621 3835 Dei
1651 3787 1706 3835 et
1736 3778 1921 3836 Jesum
1953 3789 2106 3835 stan-

522 3886 630 3930 tem
664 3889 695 3928 a
723 3872 936 3929 dextris
967 3870 1060 3928 Dei
1093 3871 1160 3926 ".
1185 3870 1270 3925 Ad
1305 3870 1648 3925 eversionem
1685 3871 1852 3942 igitur
1885 3871 2105 3940 pietatis

523 3965 789 4022 doctrina:
817 3967 872 4020 in
905 3965 1051 4038 hunc
1083 3963 1303 4018 modum
1335 3963 1529 4019 dicunt
1560 3983 1573 4018 :
1611 3961 1670 4018 Si
1700 3978 1826 4018 cum
1861 3962 2025 4019 Patre
2053 3970 2107 4018 et

525 4057 664 4114 Filio
716 4055 982 4127 Spiritum
1019 4056 1242 4111 omnino
1298 4056 1574 4109 numerari
1623 4063 1860 4126 oportet,
1913 4054 2008 4125 qui
2049 4055 2107 4106 fit

525 4157 587 4203 ut
622 4149 936 4220 Stephanus
971 4147 1026 4201 in
1067 4146 1412 4216 apparitione
1443 4161 1550 4201 uua
1587 4161 1711 4200 cum
1749 4144 1890 4201 Filio
1925 4143 2104 4216 Spiri-

525 4247 640 4292 tum
675 4252 895 4308 quoque
927 4249 1038 4290 non
1073 4233 1317 4290 viderit?
1349 4233 1637 4301 Quomodo
1671 4234 1842 4305 igitur
1875 4234 1976 4299 iis,
2012 4233 2106 4302 qui

527 4345 622 4400 per
649 4329 764 4383 haec
797 4328 914 4397 ipsa
944 4325 1110 4382 verba
1137 4325 1846 4396 supplantanturgmanum
1877 4324 2110 4396 Stepha-

529 4435 634 4474 nus
667 4415 954 4488 porriget?
981 4414 1104 4482 Quo
1136 4422 1296 4484 pacto
1324 4415 1572 4470 certandi
1607 4424 1726 4470 arte
1761 4415 2107 4470 lahascentes

529 4510 747 4582 eriget?
785 4509 928 4562 Sane
953 4521 1019 4560 ex
1047 4505 1238 4559 eodem
1273 4504 1644 4560 loco'exsistit
1666 4504 1930 4558 auxilium
1964 4502 2111 4573 quod

530 4611 742 4661 evertat
771 4599 1072 4657 adversarii
1102 4596 1568 4653 incredulitatem.
1595 4595 1808 4662 Quaeris
1828 4633 1845 4662 ,
1873 4608 1907 4647 o
1937 4608 2114 4664 pneu-

534 4692 914 4757 matomacbe,
950 4691 997 4746 si
1031 4688 1207 4756 gloria
1236 4685 1417 4741 Patris
1450 4685 1742 4756 apparuit,
1773 4693 1830 4740 et
1876 4682 2049 4738 Filius
2081 4698 2113 4737 a

529 4780 1070 4840 ‘dextris'stationem
1106 4777 1362 4834 obtinens
1382 4814 1398 4841 ,
1432 4775 1526 4830 ubi
1553 4773 1841 4844 Spiritus?
1881 4771 2038 4840 Quod
2069 4773 2113 4827 si

526 4878 590 4932 in
618 4885 673 4931 te
701 4873 941 4944 Spiritus
970 4878 1152 4934 esset,
1186 4883 1297 4924 non
1327 4867 1670 4938 propositum
1699 4866 1768 4920 de
1791 4879 1858 4919 eo
1885 4863 2112 4920 verbum

538 4979 591 5024 te
627 4966 1020 5038 praeteriisset:
1050 4959 1510 5033 quemadmodum
1551 4958 1586 5011 ii
1608 4996 1624 5023 ,
1663 4959 1759 5027 qui
1795 4956 1942 5027 capti
1983 4962 2114 5009 sunt

538 5057 750 5125 oculis,
811 5069 1004 5110 aurum
1054 5061 1182 5106 ante
1241 5051 1408 5120 pedes
1459 5048 1737 5118 objectqu
1800 5047 2115 5118 ignorantes

540 5151 889 5219 praetereunt.
919 5145 992 5196 At
1021 5155 1170 5196 nunc
1199 5140 1395 5196 saltem
1434 5137 1595 5201 audi,
1633 5136 1738 5191 nisi
1773 5149 1937 5191 aures
1974 5135 2116 5192 forte

540 5237 790 5292 contines
810 5275 824 5299 ,
847 5232 1012 5290 sicuti
1036 5229 1210 5286 Judaei
1239 5229 1508 5285 faciebant
1533 5247 1546 5282 :
1572 5225 1860 5293 Quomodo
1892 5225 2120 5297 Stepha-

542 5342 649 5384 nus
679 5324 1127 5396 supercoelestem
1169 5321 1401 5393 gloriam
1441 5319 1624 5373 vidit?
1660 5315 1798 5383 Quis
1837 5317 1888 5373 ei
1926 5325 2118 5389 portas

543 5417 808 5476 emlorum
846 5411 1147 5485 patefecit?
1185 5409 1447 5482 Nunquid
1501 5409 1867 5464 humanarum
1918 5409 2118 5464 virium

529 5511 598 5567 'id
624 5522 767 5579 opus
795 5505 955 5563 erat?
985 5504 1126 5560 Num
1158 5505 1282 5576 quis
1309 5519 1375 5560 ex
1403 5501 1615 5574 angelis
1647 5500 1716 5556 ad
1751 5501 1900 5557 iilam
1941 5501 2118 5558 subli-

616 5694 664 5728 “
698 5692 888 5750 Matth.
918 5707 971 5752 ν,
993 5690 1084 5747 Η.
1165 5690 1208 5723 ι’
1247 5686 1368 5746 Act.
1393 5701 1492 5754 vn,
1525 5686 1615 5746 55.

2256 2409 2500 2475 υῦκοῦν,
2549 2411 2578 2462 ό
2638 2407 2736 2478 μὲν
2783 2403 2957 2475 ἐχέτω
3000 2398 3143 2455 κατά
3180 2395 3382 2459 παντὸς
3431 2393 3780 2467 ἀνθρωπίνου

2186 2504 2348 2574 λόγου
2375 2502 2443 2556 τά
2470 2502 2767 2572 νικητήρια
2787 2514 2800 2528 ·
2829 2497 2960 2567 ἡμῖν
2986 2492 3044 2546 δὲ
3078 2485 3529 2558 συναγωνιζέσθω
3556 2489 3622 2556 τῇ
3655 2487 3780 2540 κατ’

2190 2595 2351 2650 αὐτὸν
2378 2592 2590 2664 ἱστορίᾳ
2615 2590 2751 2661 πρὸς
2778 2587 2876 2658 τὴν
2904 2584 3011 2638 τῶν
3039 2580 3230 2652 ψυχῶν
3265 2577 3558 2648 σωτηρίαν.
3588 2575 3781 2629 Καθά-

2193 2705 2300 2759 περ
2351 2687 2462 2758 γὰρ
2524 2686 2582 2737 ἐν
2636 2684 2750 2745 τοῖς
2811 2677 3145 2747 σωματικοῖς
3214 2671 3508 2740 ἀθληταῖς,
3568 2668 3618 2721 οί
3668 2664 3782 2719 τῶν

2199 2779 2426 2848 ἀγώνων
2465 2775 2824 2845 παυσάμενοι,
2855 2762 3262 2838 παιδοτριϐοῦσι
3295 2761 3422 2824 τοὺς
3461 2760 3613 2822 νέους
3658 2759 3786 2820 ταῖς

2201 2872 2520 2942 ἀθλητικαῖς
2535 2866 2888 2938 γυμνασίαις,
2909 2861 2998 2914 διά
3017 2875 3160 2922 τινος
3177 2857 3434 2928 τεχνικῆς
3452 2850 3784 2923 εὐστροφίας

2201 2963 2442 3018 ἐκδῦνειν
2468 2961 2568 3024 τὰς
2586 2958 2758 3020 λαϐὰς
2784 2955 2889 3010 τῶν
2915 2949 3377 3008 ἀντιπαλαιόντων
3399 2945 3741 3004 διδάσκοντες
3763 2957 3780 2974 ’

2200 3049 2374 3112 οὕτως
2398 3042 2553 3119 οἶμαι
2581 3045 2690 3098 δεῖν
2719 3042 2813 3096 καὶ
2838 3043 2984 3111 ἡμᾶς
3011 3038 3101 3092 διά
3125 3036 3218 3091 τοῦ
3243 3035 3482 3105 μεγάλου
3505 3031 3787 3099 Στεφάνου

2199 3136 2682 3211 παιδοτριϐηθῆναι
2733 3133 2832 3202 τὴν
2898 3129 3213 3192 εὐσέϐειαν,
3272 3128 3348 3189 ὡς
3402 3125 3469 3179 ἂν
3501 3123 3568 3178 δι’
3613 3119 3787 3178 αὑτοῦ

2200 3231 2461 3303 φύγωμεν
2501 3227 2602 3292 τάς
2637 3225 2746 3280 τῶν
2772 3220 3252 3293 Πνευματομάχων
3284 3216 3475 3278 λαϐάς.
3510 3213 3648 3268 Φασὶ
3672 3211 3790 3282 γὰρ

2198 3325 2247 3376 of
2269 3321 2572 3382 λυσσῶντες
2605 3316 2747 3371 κατά
2772 3314 2874 3381 τῆς
2909 3313 3068 3382 δόξης
3109 3309 3203 3364 τοῦ
3252 3307 3602 3377 Πνεύματος,
3654 3318 3787 3356 συν-

2201 3413 2399 3483 ἠγορον
2431 3407 2570 3463 εἶναι
2623 3407 2721 3478 τῆς
2749 3407 2974 3460 ἐκείνων
3001 3402 3231 3465 ἀτοπίας
3258 3399 3350 3452 τὸν
3388 3397 3688 3466 Στέφανον,

2201 3481 2512 3562 ένατενίσας
2556 3494 2634 3566 τῷ
2674 3493 2888 3567 οὖρανῷ
2918 3486 3027 3546 εἶδε
3070 3489 3228 3555 δόξαν
3259 3484 3396 3542 Θεοῦ
3443 3485 3537 3539 καὶ
3577 3481 3790 3553 Ἰησοῦν

2202 3590 2414 3644 ἑστῶτα
2459 3589 2524 3642 ὲκ
2570 3586 2762 3655 δεξιῶν
2817 3583 2912 3638 τοῦ
2963 3581 3121 3637 Θεοῦ.
3181 3580 3414 3648 Λέγουσι
3465 3575 3644 3630 τοίνυν
3698 3572 3791 3626 ἐπ’

2203 3682 2481 3752 ἀνατροπῇ
2509 3678 2621 3732 τῶν
2648 3677 2748 3748 τῆς
2778 3674 3060 3737 εὐσεϐείας
3086 3671 3392 3741 δογμάτων,
3415 3669 3517 3732 ὅτι,
3549 3667 3612 3719 Ei
3646 3663 3788 3736 μετά

2205 3771 2417 3843 Πατρδς
2448 3771 2542 3824 καὶ
2562 3767 2696 3821 Υἱοῦ
2728 3767 2809 3820 δεῖ
2833 3765 3050 3826 πάντως
3079 3759 3433 3834 ἀριθμεῖσθαι
3454 3756 3515 3809 τὸ
3538 3755 3788 3824 Πνεῦμα.

2207 3861 2324 3924 πῶς
2361 3861 2461 3912 οὐκ
2504 3851 2642 3910 εἶδεν
2674 3858 2703 3909 ὁ
2746 3855 3015 3922 Στέφανος
3063 3853 3122 3904 ὲν
3164 3851 3231 3921 τῇ
3264 3845 3501 3917 ὀπτασίᾳ
3533 3845 3671 3915 μετά
3693 3843 3791 3895 τοῦ

2208 3950 2336 4004 Υίοῦ
2363 3950 2455 4004 καὶ
2482 3949 2542 4002 τὸ
2575 3946 2836 4017 Πνεῦμα;
2870 3944 2994 4007 Πῶς
3021 3937 3114 3996 οῦν
3153 3939 3330 4010 ὀρέξει
3359 3938 3457 4009 τὴν
3488 3939 3646 4007 χεῖρα
3678 3935 3794 3996 τοῖς

2205 4043 2292 4096 διὰ
2325 4041 2432 4094 τῶν
2471 4038 2725 4092 τοιούτων
2749 4036 2923 4104 λόγων
2963 4029 3479 4100 ὑποσκελιζομένοις
3504 4029 3532 4081 ό
3578 4024 3793 4093 Στέφα-

2209 4151 2333 4199 νος;
2394 4131 2514 4194 πῶς
2563 4127 2863 4201 ἀνυρθώσει
2911 4127 2978 4197 τῇ
3047 4122 3384 4193 ἀγωνιστικῇ
3441 4119 3607 4189 τέχνῃ
3662 4115 3794 4179 τοὺς

2211 4222 2642 4286 ὐποκλάζοντας;
2659 4217 2736 4272 Ἦ
2753 4218 2975 4272 αὐτόθεν
3002 4216 3151 4269 ἐστὶν
3182 4217 3217 4286 ἡ
3251 4212 3473 4284 βοήθεια
3496 4212 3531 4279 η
3559 4205 3795 4278 ἀνατρέ-

2209 4332 2388 4368 πουσα
2428 4313 2525 4384 τὴν
2560 4311 2819 4365 ἀπιστίαν
2860 4308 2955 4362 τοῦ
2987 4303 3473 4378 προσπαλαίοντος.
3505 4299 3714 4370 Ζητεῖς,
3745 4289 3798 4350 ὦ

2214 4405 2667 4477 Πνευματομάλε,
2693 4405 2772 4457 ὅτι
2790 4443 2806 4467 ,
2835 4403 2898 4456 Εἰ
2919 4403 2954 4472 ὴ
2978 4399 3105 4464 δόξα
3126 4397 3219 4450 τοῦ
3251 4395 3465 4466 Πατρὸς
3490 4391 3670 4462 ὤφθη,
3697 4388 3797 4442 καὶ

2215 4501 2244 4552 ό
2278 4499 2404 4560 Υἱὸς
2431 4497 2530 4566 τὴν
2572 4497 2638 4548 ὲκ
2674 4492 2865 4560 δεξιῶν
2894 4490 3084 4545 στάσιν
3116 4485 3278 4557 ἔχων,
3304 4483 3408 4538 ποῦ
3449 4483 3509 4536 τὸ
3536 4479 3796 4550 Πνεῦμα;

2214 4593 2276 4648 Ei
2301 4587 2368 4662 ἦν
2392 4593 2449 4644 ὲν
2481 4591 2564 4643 σοὶ
2592 4589 2652 4642 τὸ
2679 4586 2922 4656 Πνεῦμα,
2949 4585 3049 4639 οὐκ
3071 4583 3138 4638 ἂν
3161 4581 3521 4654 προκείμενον
3540 4577 3631 4631 τὸν
3665 4576 3798 4648 περὶ

2211 4682 2375 4735 αὑτοῦ
2398 4682 2554 4751 λόγον
2587 4681 2959 4752 παρέδραμες,
2987 4676 3178 4746 ῶσπερ
3212 4677 3262 4728 oi
3295 4672 3462 4744 πηροὶ
3495 4671 3592 4733 τὰς
3620 4668 3796 4738 δψεις,

2211 4771 2272 4826 τὸ
2289 4772 2395 4844 πρὸ
2412 4771 2521 4825 τῶν
2541 4771 2715 4824 ποδῶν
2731 4769 2980 4840 κείμενον
3005 4767 3226 4838 χρυσίον
3247 4761 3565 4832 ἀγνοοῦντες
3589 4757 3728 4828 παρέ
3736 4773 3799 4828 ρ-

2219 4879 2421 4932 χονται.
2466 4861 2624 4914 Ἀλλά
2657 4859 2753 4914 νῦν
2797 4859 2928 4928 γοῦν
2955 4858 3207 4922 ἄκουσον,
3237 4855 3291 4908 εῐ
3330 4871 3394 4922 γε
3441 4851 3517 4924 μὴ
3555 4849 3800 4917 συνέχεις

2221 4953 2362 5007 κατά
2380 4953 2504 5014 τοὺς
2534 4951 2820 5014 Ἰουδαίους
2841 4951 2938 5020 τὴν
2958 4949 3146 5019 ἀκοήν.
3169 4945 3294 5010 Πῶς
3315 4941 3421 4998 εἶδε
3449 4945 3546 5014 τὴν
3568 4943 3801 5011 ὑπερου-

2226 5045 2407 5115 ράνιον
2448 5043 2604 5108 δόξαν
2632 5044 2660 5095 ὁ
2714 5041 3017 5110 Στέφανοςς
3055 5038 3140 5101 τίς
3177 5035 3327 5104 αὐτῷ
3358 5034 3456 5098 τάς
3489 5031 3664 5094 πύλας
3691 5028 3802 5083 τῶν

2220 5133 2465 5206 οὐρανῶν
2497 5132 2849 5196 διεπέτασεν;
2882 5125 3011 5199 Ἆρ’
3045 5127 3393 5201 ἀνθρωπίνης
3423 5125 3703 5194 δυνάμεως
3731 5117 3801 5192 ἦν

2225 5227 2286 5280 τὸ
2331 5224 2694 5296 κατόρθωμα;
2747 5220 2858 5295 ἆρά
2902 5239 3046 5286 τινος
3084 5221 3192 5274 τῶν
3257 5217 3506 5288 ἀγγέλων
3559 5215 3695 5286 πρὸς
3738 5213 3804 5267 τὸ

2227 5317 2360 5387 ὕψος
2405 5318 2580 5370 ἐκεῖνο
2627 5315 2726 5387 τὴν
2754 5315 2903 5368 κάτω
2931 5313 3192 5383 κειμένην
3236 5311 3397 5379 φύσιν
3435 5305 3804 5361 ἀναϐιϐάσανο

2227 5427 2350 5476 τος;
2381 5410 2495 5464 Οὐκ
2536 5407 2650 5461 ἔστι
2693 5406 2896 5461 ταῦτα·
2937 5405 3000 5458 οὐ
3039 5403 3150 5475 γὰρ
3198 5401 3433 5471 οὖτωςή
3473 5399 3592 5452 κατ’
3641 5394 3804 5450 αὑτὸν

2230 5499 2658 5572 ἱστορίανφησῖν,
2689 5497 2770 5551 δτι
2807 5495 3076 5563 Στέφανος
3115 5493 3171 5547 δὲ
3210 5493 3376 5555 πολὺς
3403 5491 3544 5544 κατὰ
3577 5490 3675 5559 τὴν
3716 5484 3802 5541 δύο
