4154 6354
399 336 511 393 7H

1714 331 1781 385 ΙΝ
1811 331 1868 385 S.
1905 326 2355 385 STEPHANUM.

3568 324 3675 378 7l8

401 464 570 521 ναμιν
601 444 711 511 ὢν,
746 448 779 518 ἢ
827 447 937 517 Τῆς
969 448 1265 519 ἀγγελικῆς
1307 445 1551 518 βοηθείας
1592 445 1804 516 πλήρης
1837 445 1989 515 γενόα

2096 442 2337 495 mitatem
2397 439 2667 494 infernam
2728 447 2979 493 naturam
3034 436 3257 492 evexit?
3292 437 3407 491 Non
3448 439 3559 493 haec
3604 443 3674 494 ita

406 557 588 610 μενος,
611 533 753 590 εἶδεν
781 536 817 590 ἃ
848 531 1008 591 εἶδεν.
1065 538 1224 591 ’Λλλά
1252 537 1304 589 τί
1345 538 1522 604 λέγει;
1557 539 1602 589 Σ
1608 536 1860 605 τέρανος
1896 534 1987 603 δὲ,

403 628 643 697 πλήρης
664 626 749 680 ὢν
776 628 1121 696 Πνεύματος
1155 627 1348 696 ἁγίου,
1370 623 1491 680 εἶδε
1523 626 1638 693 τὴν
1672 624 1860 689 δόξαν
1882 624 1987 678 τοῦ

405 717 555 773 Θεοῦ
593 718 691 770 καὶ
725 716 832 769 τεν
858 717 1160 787 μονογενῆ
1205 717 1311 772 τοῦ
1352 716 1499 771 Θεοῦ
1553 718 1706 770 Υἱόν.
1748 716 1823 770 Οὐ
1880 714 1988 787 γὰρ

403 810 540 872 ἐστι,
568 807 758 871 καθώς
805 826 969 881 φησιν
1018 810 1047 862 6
1081 810 1409 880 Προφήτης,
1462 807 1523 860 τὸ
1567 807 1683 877 φῶς
1722 805 1986 875 ὀφθῆναι,

406 903 481 972 μὴ
514 904 572 954 ὲν
597 900 674 970 τῷ
697 900 835 969 φωτὶ
867 899 1267 972 καθορώμενον.
1302 900 1406 954 Ἐν
1428 899 1535 969 γὰρ
1568 900 1648 963 τῷ
1675 898 1824 967 φωτί
1847 913 1986 963 σου,

404 993 587 1062 φησὶν,
637 992 903 1060 ὀψόμεθα
938 990 1084 1059 φῶς.
1122 992 1184 1044 Ei
1218 987 1310 1045 οὖν
1360 991 1460 1044 οὐκ
1511 990 1784 1060 ἐνδέχεται
1818 988 1893 1060 μὴ
1932 989 1989 1041 ὲν

402 1085 480 1154 τῷ
510 1084 646 1152 φωτὶ
675 1081 927 1152 γενέσθαι
968 1084 1065 1153 τὴν
1094 1083 1188 1136 τοῦ
1221 1082 1397 1151 φωτὸς
1426 1081 1660 1152 Θεωρίαν
1680 1097 1694 1111 ο
1732 1080 1849 1143 πῶς
1881 1080 1990 1151 γὰρ

404 1172 551 1225 ἔστιν
582 1173 793 1226 άπιδ;ἰν
832 1175 913 1237 εἰς
954 1172 1046 1226 τὸν
1090 1173 1243 1245 ἥλιον
1284 1171 1389 1239 ἔξω
1420 1172 1529 1225 τῶν
1562 1170 1796 1225 ἀκτίνων
1839 1171 1992 1239 γενό-

412 1282 606 1335 μενον;
650 1267 772 1318 ἐπεὶ
796 1264 890 1319 οὖν
917 1267 974 1320 ὲν
1010 1266 1089 1335 τῷ
1124 1266 1265 1335 φωτὶ
1317 1264 1413 1318 τοῦ
1446 1265 1681 1336 Πατρὸς,
1714 1263 1990 1317 τουτέστιν

403 1354 463 1407 ἐν
498 1353 577 1425 τῷ
616 1354 894 1424 Πνεῦματι
922 1352 999 1425 τῷ
1025 1354 1166 1425 ἀγίῳ
1197 1352 1274 1425 τῷ
1309 1352 1525 1407 ἐκεῖθεν
1549 1353 1988 1423 ἐκπορευομένῳ,

403 1444 467 1498 τὸ
506 1444 799 1513 Μονογενὲς
832 1444 1131 1517 καθορᾶται
1184 1446 1330 1514 φῶτ’
1363 1444 1451 1498 διά
1480 1443 1639 1498 τοῦτο
1677 1461 1990 1516 προκαταν-

403 1536 627 1603 γασθεὶς
654 1538 718 1607 τῇ
751 1535 877 1607 δόξῃ
902 1535 995 1588 τοῦ
1025 1534 1363 1606 Πνεύματος,
1398 1537 1456 1588 ὲν
1491 1534 1742 1606 περινοίᾳ
1766 1534 1868 1605 τῆς
1898 1533 1992 1587 τοῦ

404 1626 616 1698 lla-:96;
660 1628 753 1681 καὶ
792 1625 887 1679 τοῦ
925 1625 1056 1680 Υἱοῦ
1089 1626 1247 1698 δόξης
1279 1626 1506 1694 γίνεται.
1549 1624 1721 1689 Ἐπεὶ,
1748 1624 1863 1688 πῶς
1898 1624 1994 1694 τὴν

2091 543 2259 597 Sttnt,
2301 549 2409 587 non
2450 533 2594 587 enim
2638 533 2710 586 ita
2747 532 2816 587 de
2852 547 2918 587 c0
2968 531 3201 586 historia
3232 531 3401 593 dicit,
3449 547 3673 600 nempe:

2092 625 2401 695 Stephanus
2441 632 2623 679 autem
2666 638 2791 677 cum
2831 625 3039 678 viribus
3083 624 3351 694 polleret,
3404 631 3498 675 aut
3550 639 3673 676 cum

2089 716 2309 771 abunde
2358 716 2407 771 ei
2467 722 2783 785 suppeteret
2837 715 3141 785 angelicum
3192 713 3492 773 auxilium.
3542 714 3678 773 vidit

2088 820 2153 863 ea
2189 823 2308 878 quae
2339 808 2491 861 vidit.
2519 804 2626 862 Sed
2650 805 2782 875 quid
2817 805 2989 861 dicit?
3034 804 3328 874 Stephanus
3357 814 3530 859 autem
3556 822 3676 859 cum

2088 908 2222 954 esset
2250 899 2433 970 plenus
2457 898 2661 968 Spiritu
2687 907 2892 960 sancto,
2926 897 3052 951 vidit
3086 898 3315 967 gloriam
3338 895 3438 951 Dei
3472 909 3521 951 et
3551 901 3675 951 uui-

2090 990 2321 1059 genitum
2350 989 2444 1044 Dei
2468 988 2673 1043 Filium
2698 990 2766 1043 ’°.
2793 988 2910 1043 Non
2935 988 3082 1042 enim
3114 987 3229 1051 ﬁeri
3258 994 3470 1058 potest,
3505 998 3564 1042 ut
3593 989 3676 1043 in-

2090 1080 2209 1150 quit
2240 1078 2546 1150 Propheta,
2591 1089 2649 1135 ut
2692 1081 2872 1135 lumen
2911 1078 3183 1145 videatur,
3221 1079 3326 1132 nisi
3360 1094 3458 1148 per
3491 1080 3674 1136 lumen

2091 1172 2485 1241 conspiciatur.
2538 1171 2604 1225 In
2652 1172 2848 1226 lumine
2879 1169 3027 1224 enim
3051 1211 3065 1230 ,
3111 1169 3322 1240 inquit,
3356 1180 3443 1223 tuo
3476 1172 3676 1225 videbi-

2092 1279 2209 1318 mus
2248 1263 2423 1318 lumen
2453 1263 2521 1318 ²¹.
2570 1263 2626 1317 Si
2678 1263 2843 1333 igitur
2890 1277 2997 1316 non
3049 1263 3154 1316 nisi
3192 1266 3285 1331 per
3322 1264 3504 1317 lumen
3552 1264 3668 1317 lisri

2093 1354 2318 1411 luminis
2347 1356 2740 1424 contemplatio
2769 1362 2967 1425 potest,
2992 1353 3270 1423 quomodo
3299 1353 3344 1407 si
3369 1355 3494 1424 quis
3518 1364 3674 1408 extra

2095 1446 2278 1501 radios
2310 1456 2581 1507 versetur,
2627 1445 2798 1498 solem
2843 1445 3096 1498 contueri
3148 1446 3370 1513 potest?
3402 1446 3672 1511 Quoniam

2101 1535 2269 1605 igitur
2321 1552 2419 1606 per
2466 1537 2648 1589 lumen
2696 1535 2913 1599 Patris,
2965 1534 3070 1590 hoc
3107 1545 3229 1599 est,
3281 1552 3375 1604 per
3409 1536 3673 1604 Spiritum

2094 1636 2348 1682 sanctum
2374 1627 2522 1681 illinc
2554 1627 2936 1697 procedentem
2959 1625 3312 1696 Unigenitum
3336 1614 3679 1699 conspicitur

405 1716 765 1789 εὖαγγελικὴν
790 1717 1063 1787 ἀπόφασιν
1095 1717 1382 1789 ἀληθεύειν
1431 1718 1697 1789 φήσομεν,
1733 1716 1814 1770 ὅτι
1847 1716 1993 1769 Θεὸν

2098 1718 2325 1771 lumen:
2370 1716 2580 1771 idcirco
2621 1718 2796 1786 gloria
2839 1717 3082 1787 Spiritus
3133 1722 3286 1787 prius
3334 1719 3677 1774 illutninatus

406 1810 605 1876 οὐδεὶς
649 1809 873 1879 ἑώρακε
898 1809 1171 1874 adtacta;
1196 1808 1320 1874 Πῶς
1349 1810 1407 1864 δὲ
1434 1809 1525 1864 τὸν
1564 1808 1882 1862 ’Δπόστολον
1915 1808 1989 1881 μὴ

2096 1810 2250 1879 plena
2296 1808 2494 1863 mentis
2544 1807 3070 1877 comprehensione,
3120 1817 3177 1863 et
3219 1808 3399 1864 Patris
3450 1794 3678 1865 et’Filii

405 1902 621 1954 ἐναντία
654 1904 765 1965 τοῖς
799 1900 1131 1973 ίστορηθεῖσι
1166 1901 1321 1972 poclis,
1349 1902 1479 1956 ὅταν
1512 1901 1660 1970 λέγει
1679 1916 1695 1931 °
1721 1900 1870 1954 Οὔτε
1899 1917 1989 1965 τις

403 1990 566 2049 εἶδεν
586 1994 774 2048 αὑτὸν
793 1993 1139 2063 ἀνθρώπων,
1163 1995 1301 2049 οὔτε
1330 1993 1478 2047 ἰδεῖν
1497 1992 1784 2058 dum;
1805 1993 1866 2045 El
1882 1993 1988 2062 γὰρ

405 2085 721 2158 ἀνθρωπίνῃ
752 2085 911 2155 φύσει
953 2102 1013 2139 τε
1050 2086 1149 2140 καὶ
1194 2086 1439 2155 δυνάμει,
1482 2086 1515 2155 ἡ
1546 2084 1642 2138 τοῦ
1674 2083 1891 2155 Πατρός
1929 2098 1993 2137 τι

406 2178 500 2232 καὶ
526 2177 620 2231 τοῦ
652 2176 781 2232 Υἱοῦ
806 2177 937 2245 δόξα
966 2177 1187 2249 χωρητὴ
1213 2177 1451 2248 κατέστη
1472 2194 1486 2209 ο
1518 2176 1718 2247 ψευδὴς
1746 2175 1987 2240 πάντως,

406 2272 437 2323 6
464 2270 747 2343 ἀχώρητον
776 2269 1085 2343 ἀνθρώποις
1124 2271 1545 2342 ἀποφηνάμενος
1581 2266 1721 2322 εἶναι
1759 2268 1818 2321 τὸ
1847 2268 1990 2322 θεῖον

407 2362 606 2430 θέαμα.
653 2361 813 2415 Ἀλλά
862 2362 968 2433 μὴν
992 2360 1117 2415 οὔτε
1156 2364 1359 2416 ἐκεῖνον
1395 2360 1717 2430 ψεύδεσθαι,
1753 2360 1846 2413 καὶ
1890 2359 1989 2429 τὴν

410 2451 649 2524 ἱστορίαν
675 2452 960 2523 ἀληθεύειν
987 2452 1317 2520 ἐπάναγκες.
1355 2452 1500 2523 Ἀρα
1540 2449 1787 2522 φανερῶς
1821 2451 1853 2520 ἡ
1895 2467 1989 2503 κα-

407 2544 638 2615 κουργία
684 2544 792 2599 τῶν
839 2544 1315 2615 Πνευματομάχων
1374 2543 1725 2616 πεφώραται,
1779 2544 1858 2596 ὅτι
1911 2543 1990 2615 τῷ

404 2637 577 2707 ὁμοίῳ
611 2634 950 2707 καθορᾶσθαι
986 2634 1055 2688 τά
1106 2637 1266 2706 ὃμοια
1305 2635 1455 2707 παρὰ
1490 2635 1591 2706 τῆς
1626 2635 1848 2706 Γραφῆς
1892 2652 1987 2704 με·

410 2727 775 2798 μαρτύρηται.
814 2726 873 2779 '0
908 2725 1016 2797 γὰρ
1055 2725 1324 2794 Στέφανος
1353 2726 1454 2778 οὐκ
1492 2727 1550 2779 ὲν
1584 2727 1648 2796 τῇ
1675 2724 1990 2796 ἀνθρωπίνῃ

407 2817 568 2886 φύσει
607 2835 668 2871 τε
714 2818 806 2871 καὶ
834 2817 1058 2887 δυνάμει
1097 2819 1273 2887 μένων
1317 2818 1378 2871 τὸ
1406 2817 1561 2871 Θεῖον
1593 2816 1812 2888 βλέπει·
1855 2816 1991 2869 ἀλλὰ

410 2909 547 2979 πρὸς
584 2909 684 2979 τὴν
729 2903 823 2963 τοῦ
866 2908 1021 2977 ἀγίου
1074 2908 1388 2978 Πνεύματος
1426 2908 1585 2979 χάριν
1626 2907 1987 2979 ἀνακραθεὶς,

407 3002 476 3055 δι’
518 3002 726 3057 ἐκείνου
769 3002 956 3073 ὑψώθη
1006 3002 1141 3072 πρὸς
1167 3001 1267 3073 τὴν
1307 3001 1400 3055 τοῦ
1453 3001 1588 3055 Θεοῦ
1641 3000 1987 3070 κατανόησιν.

2090 1900 2320 1971 gloriam
2374 1899 2606 1970 percipit
2654 1907 2708 1953 et
2761 1899 3167 1955 animadvertit.
3212 1899 3344 1955 Nam
3400 1906 3680 1971 qumnodo

2091 1993 2294 2063 alioqui
2328 1993 2534 2047 dictum
2577 1993 2954 2064 evangelicum
2976 2035 2990 2059 ,
3022 1993 3192 2048 Deum
3236 2011 3386 2050 nemo
3418 1998 3546 2051 vidit
3576 2016 3680 2052 un-

2089 2102 2251 2159 quam
2288 2088 2355 2153 ",
2390 2102 2578 2141 verum
2623 2102 2748 2142 esse
2789 2086 3083 2142 dicemus?
3125 2102 3232 2157 qua
3277 2089 3495 2145 ratione
3546 2092 3675 2145 item

2093 2178 2413 2250 Apostolum
2472 2193 2582 2234 non
2629 2180 2907 2233 contraria
2949 2179 3015 2234 iis
3065 2195 3190 2250 qua:
3232 2182 3509 2236 memoriae
3550 2197 3677 2251 pro-

2097 2269 2212 2324 dita
2243 2284 2309 2324 ac
2336 2270 2534 2327 litatis
2564 2269 2819 2325 mandata
2851 2279 3010 2334 sunt,
3040 2272 3280 2327 clamare
3303 2273 3326 2326 ί
3353 2289 3477 2328 cum
3507 2274 3639 2328 dicit
3661 2316 3673 2331 .

2094 2359 2207 2415 Nec
2229 2361 2510 2431 quisquam
2533 2361 2806 2418 hominum
2827 2362 2956 2416 vidit
2975 2404 2989 2424 ,
3015 2378 3177 2433 neque
3203 2362 3375 2417 videre
3399 2374 3567 2431 potest
3591 2367 3638 2395 ¹³
3654 2366 3679 2418 ?

2090 2449 2225 2505 Nam
2258 2452 2304 2506 si
2351 2451 2422 2505 ab
2467 2451 2710 2506 humana
2744 2452 2797 2508 vi
2830 2458 2997 2522 atque
3039 2460 3267 2516 natura,
3300 2464 3354 2510 et
3397 2453 3576 2510 Patris
3621 2465 3677 2508 ct

2091 2539 2212 2597 Filii
2247 2544 2421 2613 gloria
2452 2544 2655 2614 percipi
2688 2552 2911 2613 posset,
2943 2544 3175 2600 mendax
3221 2555 3277 2602 et
3318 2561 3493 2602 vanus
3526 2562 3677 2616 pror-

2092 2651 2188 2691 sus
2217 2642 2364 2691 esset
2416 2638 2487 2701 is,
2519 2636 2613 2707 qui
2649 2635 2808 2698 dixit,
2862 2637 3114 2694 homines
3158 2638 3329 2692 divini
3374 2642 3676 2706 spectaculi

2091 2740 2325 2796 capaces
2360 2740 2467 2778 non
2519 2740 2663 2781 esse.
2710 2724 2875 2795 Atqui
2921 2742 3101 2796 neque
3170 2727 3321 2783 illum
3372 2729 3592 2783 mentiri
3626 2738 3681 2783 et

2093 2817 2383 2872 historiam
2411 2831 2596 2871 veram
2623 2831 2749 2872 esse
2777 2832 3003 2872 necesse
3030 2825 3135 2872 cst.
3164 2817 3307 2889 Ergo
3329 2819 3539 2873 malitia
3565 2819 3682 2888 Spi-

2091 2909 2233 2964 ritus
2267 2908 2443 2963 sancti
2489 2907 2726 2963 hostium
2782 2906 3075 2962 manifesto
3124 2908 3470 2978 deprehensa
3508 2926 3680 2981 appa—

2094 3006 2198 3062 ret,
2244 2998 2371 3067 quia
2410 2998 2728 3053 testimonio
2774 2996 3070 3067 Scriptura:
3109 2998 3396 3068 probatum
3427 3010 3512 3057 est
3544 3017 3573 3055 a
3603 3003 3682 3055 si-

410 3093 621 3147 υίικοῦν
650 3095 697 3147 εί
726 3094 894 3165 χωρὶς
916 3092 1011 3146 τοῦ
1042 3092 1357 3162 Πνεύματος
1389 3091 1511 3145 οὔτε
1544 3093 1743 3165 Κύριον
1784 3092 1990 3163 Ἰησοῦν

2096 3090 2208 3144 mili
2233 3088 2436 3142 similia
2472 3089 2652 3143 cerni.
2674 3089 2809 3143 Nam
2836 3105 2943 3143 non
2972 3092 3026 3143 in
3054 3091 3291 3144 humana
3322 3100 3517 3147 natura
3543 3108 3605 3147 ac
3630 3096 3680 3148 vi

411 3187 556 3238 ἔστιν
604 3188 798 3250 εἰπεῖν,
839 3184 1020 3248 καθώς
1060 3202 1223 3255 φησιν
1268 3186 1298 3236 6
1348 3185 1699 3249 ’Λπόστολος,
1735 3185 1857 3238 οὔτε
1896 3184 1999 3257 τὴν

413 3277 695 3347 Πατρικὴν
739 3273 899 3340 δόξαν
942 3274 1315 3344 κατανοῆσαν
1349 3274 1620 3329 δέδεικται
1663 3277 1869 3345 σαφῶς,
1913 3277 1995 3330 ὅτι

412 3368 549 3420 ὅπου
597 3367 657 3420 τὸ
710 3366 937 3437 Πνεῦμα
987 3367 1155 3430 ἔστιν,
1200 3366 1317 3418 ἐκεῖ
1340 3367 1433 3419 καὶ
1465 3366 1493 3416 6
1523 3366 1649 3430 Υἱὸς
1674 3367 2019 3438 καθορᾶται.»

415 3460 509 3513 καὶ
553 3462 586 3529 ἠ
630 3458 877 3529 [ἰατρικὴ
911 3457 1038 3523 δόξα
1077 3457 1579 3528 καταλαμϐάνεται.
1639 3458 1777 3511 Ἀλλ’
1811 3460 1997 3529 ἕτερον

415 3552 546 3620 ἡμῖν
575 3552 638 3602 ὲκ
666 3544 776 3602 τῶν
807 3548 1199 3620 ἱστορηθέντων
1225 3549 1390 3602 ὅπλον
1424 3549 1679 3613 ἀσεϐείας
1711 3550 1861 3622 παρά
1885 3551 1997 3604 τῶν

416 3639 812 3710 Χριστομάχων
858 3637 1237 3709 προϐάλλεται.
1289 3638 1431 3690 Φασὶ
1474 3638 1583 3709 γὰρ
1634 3638 1694 3691 τὸ
1736 3638 1998 3703 καταδεὲς

414 3729 508 3783 τοῦ
554 3729 888 3797 Μονογενοῦς
935 3729 1023 3783 διὰ
1071 3727 1261 3783 τούτου
1328 3729 1712 3798 σημαίνεσθαι.
1768 3728 1842 3782 T6
1889 3730 1998 3802 γὰρ

415 3823 756 3893 παρεστάναι
810 3821 972 3873 αὑτὸν
1013 3824 1080 3891 τῇ
1118 3820 1269 3890 δεξιᾷ
1312 3820 1403 3875 τοῦ
1446 3822 1678 3892 Πατρὸς,
1724 3822 1997 3887 ἀπόδειξιν

415 3912 696 3967 ποιοῦνται
717 3911 812 3965 τοῦ
839 3911 1145 3982 ὑποχείριον
1163 3908 1302 3965 εἶναι
1324 3914 1389 3984 τῇ
1409 3911 1504 3965 τοῦ
1531 3912 1739 3983 Ιῖατρὸς
1758 3912 1993 3983 ἐξουσίᾳ.

415 4004 481 4058 τί
512 3994 604 4059 οὖν
625 4005 655 4057 6
683 4003 923 4067 Παῦλος,
958 4003 1095 4074 7:96;
1124 4003 1321 4066 αὐτοὺς
1346 4001 1556 4074 εἴποιμι
1588 4002 1654 4057 ἄν
1678 4019 1692 4068 ;
1718 4003 1772 4055 τί
1794 4003 1852 4056 δὲ
1901 4002 1999 4057 καὶ

416 4099 523 4170 πρὸ
582 4096 791 4150 ἐκείνου
825 4095 856 4146 6
889 4095 1174 4167 προφήτης
1221 4094 1416 4157 Δαϐὶδ,
1464 4094 1763 4164 ἀμφότεροι
1814 4095 1880 4164 τῇ
1922 4092 1998 4145 δι-

419 4186 684 4256 δασκαλίᾳ
723 4184 818 4238 τοῦ
860 4182 1176 4253 Πνεύματος
1203 4182 1302 4253 τὴν
1344 4180 1437 4235 τοῦ
1472 4181 1811 4250 Μονογενοῦς
1840 4181 1997 4247 δόξαν

420 4276 862 4348 ὲκδιηγούμενοι;
895 4276 963 4327 '0
991 4292 1052 4328 τε
1078 4273 1187 4344 γὰρ
1208 4274 1374 4326 Δαδίδ
1404 4290 1589 4345 φησιν,
1614 4269 1801 4329 Εἶπεν
1830 4276 1863 4328 ό
1886 4274 1999 4328 Κύ-

411 4386 541 4440 ριος
579 4367 658 4433 τῷ
693 4368 887 4435 Κυρίῳ
916 4383 1056 4435 μουο
1094 4365 1292 4421 Κάθου
1321 4366 1388 4418 ἐκ
1427 4364 1643 4430 δεξιῶν
1666 4384 1807 4435 μου.
1844 4366 1902 4418 'U
1941 4365 2000 4420 δὲ

2098 3197 2328 3236 manens
2355 3181 2671 3251 Stephanus
2698 3196 2899 3236 numen
2925 3182 3170 3236 divinum
3195 3186 3371 3237 cernit
3394 3204 3406 3239 :
3432 3184 3526 3239 sed
3552 3201 3681 3240 cum

2097 3274 2269 3343 gratia
2303 3273 2479 3329 sancti
2511 3273 2753 3344 Spiritus
2785 3272 3084 3343 permistus
3113 3281 3167 3329 et
3198 3281 3678 3345 contemperatus,

2100 3377 2193 3431 per
2228 3362 2382 3415 illum
2414 3361 2667 3417 sublatus
2689 3370 2743 3415 et
2764 3370 2989 3417 evectus
3022 3370 3106 3416 est
3134 3362 3203 3416 ad
3229 3362 3318 3417 Dei
3346 3366 3684 3433 contempla-

2098 3458 2323 3511 tionem.
2374 3456 2645 3523 Quocirca
2698 3458 2742 3512 si
2779 3457 2987 3527 absque
3019 3458 3228 3528 Spiritu
3273 3474 3452 3529 neque
3498 3460 3683 3515 Domi~

2099 3565 2229 3605 num
2255 3548 2440 3605 Jcsutn
2468 3548 2656 3605 dicere
2681 3548 2809 3603 licet
2829 3588 2843 3613 ,
2876 3557 2937 3602 ut
2966 3550 3142 3620 inquit
3166 3552 3465 3621 Apostolus
3492 3553 3561 3615 “,
3593 3569 3686 3608 nc-

2097 3656 2206 3709 que
2246 3649 2527 3709 paternam
2547 3640 2779 3711 gloriam
2804 3642 3163 3711 contemplari
3199 3661 3212 3696 :
3242 3643 3681 3697 demonstratum

2098 3739 2181 3786 est
2220 3739 2441 3802 aperte,
2488 3730 2636 3802 quod
2670 3731 2759 3785 ιιιιί
2804 3730 3048 3801 Spiritus
3095 3732 3203 3795 sit,
3252 3733 3364 3788 illic
3393 3734 3560 3787 etiam
3592 3732 3682 3785 Fi-

2100 3823 2205 3877 lius
2247 3824 2516 3888 cernitur,
2566 3830 2621 3878 et
2671 3831 2900 3893 paterna
2954 3824 3125 3893 gloria
3175 3824 3677 3895 comprehenditur.

2100 3913 2300 3969 Vcrutn
2333 3916 2479 3970 aliud
2527 3917 2690 3972 nobis
2718 3933 2784 3971 ex
2817 3918 2921 3982 iis,
2958 3933 3081 3987 qua:
3125 3917 3177 3970 in
3226 3916 3459 3970 historia
3501 3919 3681 3970 conti-

2099 4015 2322 4070 nentur,
2380 4007 2682 4076 impietatis
2719 4008 2888 4061 telum
2930 4023 2959 4061 a
3002 4007 3474 4071 Christmuachis,
3515 4007 3567 4060 id
3598 4017 3684 4061 est

2101 4098 2301 4152 Christi
2346 4098 2624 4163 hostibus,
2660 4098 2947 4169 ohjicitur.
2986 4099 3157 4153 Aiunt
3186 4100 3330 4153 enim
3365 4097 3679 4151 iuleriorem

2103 4189 2378 4260 lJnigeniti
2415 4190 2736 4260 dignitatem
2776 4205 2872 4260 per
2908 4193 3022 4245 luteo
3056 4189 3379 4260 signiﬁcari.
3415 4188 3549 4241 Nam
3587 4203 3683 4257 per

2100 4281 2239 4343 hoc,
2290 4279 2435 4349 quod
2484 4279 2709 4334 assistat
2760 4279 2828 4334 ad
2872 4280 3152 4336 dexteram
3203 4279 3405 4343 Patris,
3456 4279 3683 4334 demouo

2102 4379 2278 4426 strare
2304 4378 2601 4437 conantur,
2647 4386 2771 4425 eum
2819 4371 3100 4426 subditum
3144 4386 3265 4426 esse
3302 4369 3484 4426 Patris
3537 4383 3684 4441 pote-

430 4459 749 4522 ’Δπόστολος
773 4461 829 4511 ὲν
854 4459 1002 4530 δεξιᾷ
1023 4457 1116 4512 τοῦ
1147 4458 1337 4529 θρόνου
1368 4457 1460 4511 τοῦ
1492 4457 1627 4511 Θεοῦ
1653 4457 1993 4511 κεκαθικέναι

2104 4464 2252 4518 stati.
2310 4464 2452 4531 Quid
2504 4466 2671 4535 igitur
2716 4465 2967 4520 Paulus?
2997 4465 3183 4520 Dicam
3235 4467 3302 4521 ad
3342 4483 3477 4523 cos:
3537 4469 3680 4534 Quid

417 4554 565 4623 λέγει
591 4553 683 4605 τὸν
705 4550 923 4621 Κύριον.
958 4551 1017 4603 Et
1054 4546 1147 4603 οὖν
1179 4551 1212 4621 ἡ
1256 4549 1444 4611 στάσις
1477 4549 1575 4619 τῆς
1617 4548 1995 4611 ἐλαττώσεως,

417 4647 450 4715 ἡ
492 4642 730 4712 καθέδρα
771 4641 984 4703 πάντως
1016 4640 1117 4710 τῆς
1149 4641 1443 4711 ὁμοτιμίας
1479 4642 1596 4694 ἐστι
1646 4641 1895 4711 σημεῖον,
1958 4641 1991 4708 ἣ

420 4735 596 4787 τοίνυν
620 4731 1166 4804 παραγραφὲσθωσαν
1192 4732 1290 4792 τὰς
1316 4732 1640 4802 θεοπρεπεῖς
1669 4730 1995 4801 μαρτυρίας,

420 4826 490 4879 δι’
540 4819 616 4879 ὧν
666 4824 727 4876 τὸ
775 4822 980 4893 ὑψηλὸν
1011 4825 1109 4893 τῆς
1153 4821 1332 4886 δεξιάς
1370 4822 1870 4893 διασημαίνεται,ἢ
1905 4823 2000 4875 καὶ

421 4916 628 4987 ταύτην
650 4913 887 4977 εὐσεϐῶς
925 4912 1347 4982 ὲκᾶχέσθωσαν.
1385 4908 1480 4976 Εἷς
1513 4916 1623 4984 γάρ
1656 4912 1741 4982 ἐφ’
1768 4914 1997 4967 ἑκάστου

421 5009 531 5061 τῶν
563 5005 867 5077 εἰρημένων
897 5003 1239 5068 διδάσκαλος,
1271 5006 1304 5075 ἡ
1344 5003 1440 5057 τοῦ
1482 5004 1796 5075 Πνεύματος
1818 5005 1997 5077 χάρις.

435 5100 494 5154 '0
520 5098 620 5169 μὲν
646 5098 755 5169 γὰρ
790 5095 1083 5166 Στέφανος,
1112 5095 1325 5167 πλήρης
1367 5094 1443 5148 ὢν
1471 5095 1786 5166 Πνεύματος
1815 5097 1996 5166 ἁγίου,

424 5187 529 5245 εἷδέ
556 5208 616 5243 τε
641 5191 677 5244 ἀ
715 5189 819 5243 εἶδε
840 5207 853 5220 σ
896 5188 991 5242 καὶ
1028 5187 1064 5241 ἀ
1090 5182 1253 5251 εἶδεν,
1281 5186 1602 5256 ἐφθέγξατο.
1642 5189 1701 5241 '0
1734 5188 1789 5241 δὲ
1815 5189 1999 5249 Δαϐὶδ,

425 5284 482 5334 ὲν
532 5281 807 5351 Πνεύματι
843 5278 1004 5331 αὐτὸν
1053 5276 1209 5330 καλεί
1244 5276 1467 5347 Κύριον,
1516 5276 1698 5340 καθὼς
1746 5278 1891 5347 λέγει
1940 5280 2000 5331 τὸ

426 5371 774 5441 Εὕαγγέλιον.
806 5370 1018 5433 Παῦλος
1060 5368 1137 5432 δὲ,
1171 5367 1353 5430 καθὼς
1381 5367 1543 5431 αὐτὸς
1576 5369 1781 5432 ἐκεῖνός
1811 5386 1996 5439 φησιν,

424 5466 482 5516 ὲν
517 5462 791 5533 Πνεῦματι
843 5461 993 5514 λαλεῖ
1029 5460 1097 5514 τὰ
1141 5460 1436 5531 μυστήρια.
1484 5459 1545 5511 Ei
1584 5454 1678 5512 οὖν
1725 5453 1805 5537 εἷς
1849 5461 1878 5512 6
1921 5461 1999 5513 διύ

424 5551 708 5615 δάσκαλος,
753 5550 1006 5620 οὐδεμίαν
1074 5549 1210 5620 πρὸς
1262 5548 1451 5604 ἑαυτὸν
1510 5547 1803 5613 διαφωνίαν
1855 5549 1995 5620 ἒχων

2101 4557 2227 4610 item
2266 4566 2392 4611 ante
2427 4558 2578 4612 illum
2627 4557 2792 4613 etiam
2834 4557 3097 4629 propheta
3130 4558 3335 4623 David,
3375 4560 3536 4615 atnho
3584 4570 3683 4631 per

2098 4647 2405 4702 doctrinam
2455 4650 2628 4705 sancti
2674 4648 2911 4718 Spiritus
2939 4649 3213 4719 Unigeniti
3246 4650 3473 4721 gloriam
3510 4668 3679 4723 expo-

2104 4740 2343 4791 nentes?
2374 4736 2504 4790 Nam
2537 4746 2591 4791 ct
2622 4735 2789 4792 David
2827 4739 2942 4791 ait:
2981 4738 3130 4791 Dixit
3165 4739 3418 4794 Dominus
3453 4741 3681 4796 Domino

2103 4843 2215 4879 meo
2234 4842 2252 4879 :
2274 4825 2405 4880 Sede
2422 4844 2454 4880 (ι
2476 4827 2680 4883 dextris
2703 4830 2827 4883 meis
2854 4830 2930 4882 ":
2962 4837 3016 4884 et
3048 4831 3354 4899 Apostolus
3382 4832 3434 4885 in
3456 4833 3683 4887 dextera

2101 4917 2223 4971 solii
2259 4915 2349 4970 Dei
2392 4917 2583 4974 sedere
2632 4919 2922 4974 Dominum
2959 4919 3093 4975 dicit
3124 4921 3191 4972 ".
3227 4920 3281 4974 Si
3318 4921 3486 4992 igitur
3516 4925 3684 4977 statio

2098 5008 2499 5072 diminutionis,
2532 5011 2709 5066 sessio
2737 5025 2964 5081 prorsus
2992 5009 3237 5080 ejusdem
3273 5012 3460 5076 sortis,
3492 5013 3684 5067 condi-

2097 5100 2263 5153 tionis
2304 5108 2359 5155 et
2401 5101 2627 5155 honoris
2682 5103 2898 5171 signum
2950 5111 3052 5158 est.
3095 5102 3201 5156 Aut
3250 5103 3415 5173 igitur
3453 5114 3685 5175 augusta

2097 5206 2161 5245 ac
2190 5192 2374 5246 divina
2406 5192 2663 5262 rejiciant
2697 5195 3010 5251 testimonia
3031 5235 3045 5259 ,
3084 5212 3179 5265 per
3221 5212 3341 5266 qua:
3373 5197 3684 5253 sublimitas

2104 5281 2310 5337 dextrae
2356 5284 2735 5354 signiﬁcatur:
2771 5291 2865 5338 aut
2906 5286 3069 5341 etiam
3119 5287 3221 5339 hoc
3267 5287 3353 5355 pie
3394 5288 3682 5357 recipiant.

2107 5371 2226 5427 Una
2256 5374 2399 5429 enim
2434 5376 2701 5445 cujusque
2722 5376 2852 5430 dicti
2878 5377 3137 5447 magistra
3174 5393 3238 5432 ac
3270 5378 3481 5433 doctrix
3510 5381 3684 5450 gratia

2106 5468 2285 5522 sancti
2324 5466 2565 5539 Spiritus
2591 5476 2697 5523 est.
2731 5466 2866 5521 Nam
2900 5466 3208 5538 Stephanus
3231 5471 3275 5501 "
3311 5472 3529 5541 quidem
3559 5487 3682 5526 cum

2106 5556 2300 5625 plenus
2332 5562 2479 5612 esset
2510 5557 2719 5629 Spiritu
2754 5565 2971 5625 sancto,
2998 5569 3053 5614 et
3081 5560 3217 5614 vidit
3247 5577 3332 5626 ea,
3366 5576 3488 5632 qua:
3516 5562 3647 5616 vidit
3670 5602 3684 5621 .

496 5696 686 5771 ιξᾼοι.
719 5695 926 5771 νιι.5ἳξ.
980 5693 1220 5771 :‘Psal.
1243 5710 1418 5771 sur,
1446 5693 1533 5771 ιο.
1616 5694 1660 5723 ’³
1683 5691 1841 5771 Joan.
1878 5711 1917 5754 ι.
1954 5694 2005 5751 8.
2069 5697 2113 5727 ’³
2140 5696 2161 5750 l
2191 5697 2429 5754 Timoth.
2459 5717 2530 5767 vn,
2568 5702 2656 5756 l6.
2717 5704 2763 5736 ”
2792 5701 2959 5758 lCor.
2995 5718 3093 5771 xu,
3120 5704 3174 5758 5.
3246 5704 3290 5735 ³³
3315 5700 3597 5766 Psal.etx,
3632 5702 3683 5759 is.

426 5767 725 5823 “.Coloss.
767 5782 851 5831 ιιι,
888 5767 945 5833 l;
980 5764 1142 5821 llebr.
1175 5781 1213 5827 ι,
1244 5765 1297 5817 5.
1374 5765 1418 5796 ’⁷
1449 5765 1570 5817 Act.
1605 5781 1675 5827 vi,
1713 5764 1744 5817 8
1776 5778 1926 5833 seqq.
