4154 6354
456 317 560 372 719

1689 311 1748 364 S.
1824 306 2150 365 GREGORII
2190 308 2483 366 NYSSENI

3606 311 3729 364 720‘

452 439 507 488 et
544 446 666 502 quae
695 428 850 496 vidit,
904 431 1120 485 locutus
1161 436 1281 483 est:
1321 426 1490 482 David
1533 435 1712 481 autem
1739 428 1794 479 in
1835 425 2028 495 spiritu

2135 428 2182 494 (6
2201 425 2309 493 γὰρ
2334 423 2647 487 διδάσκαλός
2671 423 2784 476 ἑστι
2815 422 2876 475 τὸ
2910 420 3132 494 Πνεῦμα
3158 423 3256 493 τῆς
3281 420 3539 493 ἀληθείας
3567 421 3626 474 rb
3651 424 3708 472 ἐν

457 524 741 579 Domintmi
769 537 894 578 eum
916 529 1091 586 vocat,
1110 527 1168 574 ut
1188 519 1366 590 inquit
1384 518 1802 587 Evangelium",
1830 516 2031 572 Paulus

454 631 602 680 vero,
636 617 780 670 sicut
817 616 906 670 ille
950 615 1068 685 ipse
1123 613 1276 677 dicit,
1338 627 1435 683 per
1489 612 1738 682 spiritum
1791 611 2034 680 loquitur

455 709 711 781 mysteria
733 708 800 762 ²⁹.
831 705 889 760 Si
918 705 1085 776 igitur
1110 720 1252 760 unus
1282 705 1542 774 magister
1564 711 1667 768 est,
1699 703 1790 774 qui
1827 703 2030 758 nullam

454 816 641 857 secum
673 799 1102 870 discrepantiam
1139 797 1300 852 habet
1345 797 1627 866 (magister
1667 797 1812 852 enim
1871 796 2033 865 spiri-

455 903 544 947 tus
573 891 824 944 veritatis
855 898 972 955 est,
1004 889 1095 958 qui
1130 887 1230 942 fuit
1270 887 1324 942 in
1371 887 1441 942 iis
1475 887 1566 957 qui
1605 890 1828 942 numine
1868 886 2032 941 alllati

454 991 618 1053 atque
632 982 915 1036 divinitate
932 979 1072 1050 rapti
1096 978 1362 1048 fuerunt),
1376 992 1482 1048 qua
1501 980 1711 1034 ratione
1724 979 1845 1047 quis
1861 978 2034 1033 diver-

455 1073 674 1126 sitatem
695 1079 748 1126 et
767 1071 1187 1140 discrepantiam
1222 1068 1595 1122 doctrinarum
1616 1069 1884 1139 suspicari
1907 1083 2032 1137 pos-

453 1162 557 1216 sit?
579 1162 826 1215 Ataliam
859 1161 1056 1227 sessio,
1085 1160 1282 1228 inquit,
1315 1166 1371 1213 et
1399 1159 1559 1213 aliam
1579 1160 1768 1227 statio,
1794 1167 1954 1228 prout
1977 1160 2030 1212 in

456 1262 704 1323 promptu
727 1268 791 1307 ac
819 1252 976 1307 facile
990 1258 1074 1307 est
1101 1250 1420 1320 intelligere,
1445 1250 1780 1304 sententianr
1808 1250 2039 1306 indicat.

455 1342 564 1398 Nec
585 1359 684 1414 ego
713 1359 874 1413 nego.
894 1341 1090 1397 Verum
1109 1356 1218 1396 non
1245 1341 1299 1395 id
1329 1342 1547 1410 quodin
1570 1341 1895 1410 corporibus
1910 1356 2031 1395 vcr-

458 1435 651 1488 borum
684 1433 1009 1504 signiﬁcatio
1029 1434 1412 1499 ostendit,huc
1438 1433 1674 1487 etiamin
1707 1434 2030 1501 incorporea

454 1521 648 1580 natura
681 1524 762 1578 fas
790 1531 876 1580 est
909 1525 1246 1580 existimare.
1283 1524 1418 1578 Nam
1459 1525 1514 1578 in
1548 1524 1767 1579 homine
1811 1524 2032 1593 quidem

453 1617 649 1683 sessio,
674 1619 728 1671 in
761 1616 983 1672 natibus
1013 1618 1266 1688 corporis
1291 1617 1622 1688 positionem
1655 1617 1924 1687 designat,
1964 1630 2032 1671 ne

454 1724 672 1778 semper
705 1708 991 1763 contentio
1018 1723 1253 1776 genuum
1293 1723 1358 1762 ac
1389 1708 1656 1777 poplitum
1687 1708 1739 1761 in
1769 1722 1891 1762 sese
1908 1721 2028 1762 cor-

454 1800 602 1870 poris
643 1799 858 1869 pondus
906 1800 1186 1855 sustinens
1219 1800 1429 1854 laboret
1465 1817 1480 1853 :
1523 1807 1578 1853 et
1610 1807 1804 1855 contra
1837 1801 2022 1862 statio,

453 1891 684 1945 arduum
707 1899 760 1945 et
789 1898 1031 1944 erectum
1087 1904 1251 1959 super
1283 1905 1459 1960 genua
1492 1890 1765 1944 hominem
1819 1887 2027 1958 signiﬁ-

455 1988 560 2044 cat,
603 1995 712 2034 non
757 1980 812 2034 in
859 1981 1082 2036 natibus
1111 1979 1352 2036 sedendo
1389 1982 1784 2051 quiescentem.
1823 1979 1880 2034 ln
1923 1997 2024 2037 su-

457 2086 623 2141 perna
681 2079 865 2125 autem
914 2079 968 2126 et
998 2072 1301 2127 excellente
1336 2081 1534 2127 natura
1585 2073 1654 2128 ab
1710 2074 2026 2145 hujusmodi

457 2162 823 2217 iutellectibns
853 2171 907 2217 et
939 2164 1117 2220 sessio
1145 2170 1201 2219 et
1233 2164 1396 2218 statio
1424 2179 1599 2220 vacua
1643 2172 1809 2236 atque
1850 2166 2026 2222 aliena

456 2258 560 2318 est,
588 2259 820 2322 utraque
848 2255 1055 2322 pariter
1083 2253 1151 2309 ab
1174 2269 1258 2318 ea,
1293 2268 1454 2323 quam
1488 2255 1738 2324 expedite
1763 2264 1926 2327 atque
1971 2258 2026 2311 in

456 2351 706 2413 promptu
756 2351 862 2409 est,
923 2345 1253 2415 intelligere,
1312 2344 1717 2415 signiﬁcatione
1750 2357 2023 2417 separata.

455 2433 639 2505 Neque
651 2436 796 2490 enim
813 2425 868 2489 in
885 2437 1188 2507 poplitibus
1203 2439 1494 2494 stationem
1509 2438 1651 2508 ejus,
1677 2441 1818 2511 quod
1845 2442 1998 2496 incor
2013 2472 2026 2482 -

458 2541 679 2596 porcum
697 2533 782 2580 est
799 2542 976 2596 neque
990 2529 1044 2583 in
1059 2530 1283 2586 natibus
1295 2532 1595 2587 sessionem
1611 2532 1750 2602 ejus,
1770 2534 1918 2604 quod
1933 2551 2026 2590 ex-

457 2628 580 2684 pers
603 2615 787 2683 figura:
803 2623 909 2680 est,
929 2616 1260 2686 accipiemus
1280 2641 1290 2673 :
1311 2619 1406 2673 sed
1425 2634 1518 2688 per
1537 2629 1824 2693 utramque
1835 2637 2024 2678 vocem

455 2704 506 2758 id
533 2705 680 2775 quod
713 2705 767 2759 in
803 2709 950 2762 omni
989 2709 1132 2762 bono
1161 2711 1375 2776 stabile,
1405 2720 1460 2767 et
1489 2711 1542 2765 in
1577 2714 1722 2767 omni
1749 2713 1894 2769 bono
1927 2716 2028 2775 im-

456 2796 715 2851 mutabile
742 2806 846 2860 est,
872 2797 957 2866 pie
984 2799 1370 2870 intelligemus.
1391 2801 1524 2855 Nam
1539 2811 1647 2856 tam
1672 2803 1721 2859 is
1741 2805 1834 2872 qui
1859 2813 2023 2871 stare,

453 2902 616 2957 quam
645 2887 740 2957 qui
795 2888 987 2944 sedere
1047 2905 1251 2945 numen
1305 2891 1548 2947 divinum
1603 2895 1815 2959 dicunt,
1869 2897 2023 2963 nihil,

459 2978 604 3046 quod
636 2977 704 3030 ad
737 2978 1064 3032 sententiam
1100 2979 1317 3043 attinet,
1362 2981 1683 3040 diversitate
1737 2987 2025 3042 verborum

2131 519 2243 581 τοῖς
2289 516 2736 588 θεοφορουμένοις
2764 517 3072 587 γενόμενον)
3098 533 3110 546 ⁸
3165 515 3282 578 πῶς
3333 515 3399 569 ἀν
3440 530 3526 577 τις
3586 513 3710 566 δια-

2135 607 2336 675 φωνίαν
2374 607 2495 660 τινὰ
2525 607 2633 660 τῶν
2677 607 2960 678 δογμάτων
2994 605 3523 669 καθυποπτεύσειενς
3569 602 3733 674 Ἀλλ’,

2132 700 2374 772 ἑτερονὴ
2400 700 2656 772 καθέδρα,
2705 703 2860 772 φησὶ,
2891 701 2986 754 καὶ
3023 701 3206 772 ἕτερον
3240 701 3273 770 ἡ
3315 698 3504 761 στάσις
3543 683 3713 751 ἑνδείιί

2134 807 2322 846 κνυται
2365 791 2508 858 νοῦν,
2557 794 2697 846 κατὰ
2745 793 2806 846 rb
2849 792 3157 864 προχείρως
3205 793 3518 862 νοούμενον.
3559 789 3708 860 Φημὶ

2132 882 2307 951 κάγώ·
2339 881 2460 935 ἀλλ’
2495 885 2593 953 οὐχ
2632 885 2767 954 ὅπερ
2805 885 2898 936 ent
2952 885 3060 936 τῶν
3112 884 3380 953 σωμάτων
3412 885 3444 954 ή
3477 882 3588 936 τῶν
3611 884 3711 953 ρη-

2135 977 2317 1045 μάτων
2361 975 2598 1046 ἔμφασις
2635 976 2910 1041 δείκνυσι,
2963 975 3121 1028 τοῦτο
3163 976 3258 1028 κα)⁸
3294 974 3388 1028 ἐπὶ
3429 973 3530 1042 τῆς
3562 967 3710 1026 ἀσωὲ

2137 1070 2308 1140 μάτου
2357 1070 2572 1140 φύσεως
2635 1068 2829 1137 εὐαγές
2879 1070 2995 1121 ἑστι
3053 1067 3380 1135 λογίζεσθαι.
3441 1065 3557 1118 Ἐπ’
3612 1060 3709 1118 du?

2133 1161 2350 1232 θρώπου
2391 1162 2487 1232 μὲν
2529 1161 2638 1232 γὰρ
2670 1161 2702 1230 η
2747 1158 3007 1229 καθέδρα,
3036 1157 3136 1228 τὴν
3159 1157 3250 1210 ἐπὶ
3284 1155 3364 1226 τῷ
3419 1154 3574 1225 ἰσχίῳ
3611 1151 3711 1206 τοῦ

2135 1252 2383 1322 σώματος
2442 1252 2748 1322 ὑπογράφει
2803 1249 2966 1302 θέσιν·
3024 1249 3098 1312 ὡς
3143 1248 3208 1302 ἂν
3259 1247 3333 1317 μὴ
3379 1246 3466 1300 διά
3506 1243 3718 1307 παντὸς.

2129 1343 2329 1413 κάμνοι
2371 1343 2470 1413 τῆς
2513 1342 2754 1412 ἀγκύλης
2789 1344 2818 1394 6
2862 1342 3052 1403 τόνος,
3098 1339 3184 1408 ἐφ’
3227 1338 3420 1392 ἑαυτοῦ
3449 1337 3508 1390 rb
3541 1335 3708 1406 βάροὰ

2132 1435 2339 1504 ἀνέχων
2368 1434 2460 1487 τοῦ
2499 1433 2773 1504 σώματος.
2813 1433 2922 1486 Καὶ
2955 1431 3016 1484 rb
3050 1431 3283 1501 ἔμπαλιν
3306 1431 3340 1499 ἡ
3369 1427 3579 1491 στάσις,
3606 1426 3705 1496 δρ-

2133 1527 2245 1580 θιον
2274 1529 2365 1580 ἑπὶ
2394 1527 2634 1595 γονάτων
2671 1525 2957 1596 ἑρμηνεύει
2991 1524 3081 1576 τὸν
3127 1522 3432 1593 ἄνθρωπον,
3467 1519 3568 1573 ούκ
3612 1519 3706 1571 ἑπ’

2137 1618 2291 1688 ἰσχίῳ
2333 1618 2422 1671 διά
2478 1617 2747 1686 καθέδρας
2781 1615 3208 1686 ἀναπαυόμενον.
3253 1613 3377 1666 Ἐπὶ
3431 1611 3488 1664 δὲ
3537 1610 3725 1680 ὑπερει-

2133 1712 2361 1782 εχούσης
2395 1709 2628 1779 φύσεως,
2661 1709 2954 1780 καθαρεύει
2977 1708 3084 1761 τῶν
3124 1705 3379 1759 τοιούτων
3416 1701 3708 1774 νοημάτων

2128 1806 2162 1873 ἡ
2187 1801 2421 1872 καθέδρα
2446 1819 2503 1855 τε
2532 1802 2624 1854 καὶ
2654 1802 2686 1862 ἡ
2712 1801 2919 1865 στάσις,
2955 1798 3149 1870 ἑπίσης
3175 1797 3412 1866 ἑκατέρα
3440 1793 3540 1862 τῆς
3565 1790 3707 1846 κατά

2130 1894 2190 1947 rb
2255 1893 2547 1964 πρόχειρον
2599 1893 2896 1962 νοουμένης
2958 1889 3249 1961 ἐμφάσεως
3303 1883 3701 1956 κεχωρισμένη.

2132 1983 2267 2038 υῦτε
2295 1984 2402 2055 γὰρ
2429 1984 2526 2055 τὴν
2549 1986 2634 2037 ἑπ’
2659 1983 2865 2055 ἀγκύλῃ
2903 1982 3090 2035 στάσιν
3116 1979 3210 2033 τοῦ
3239 1978 3556 2048 ἀσωμάτου,
3579 1974 3705 2029 οὔτε

2131 2075 2226 2148 τὴν
2255 2077 2348 2130 ἑπὶ
2379 2077 2532 2147 ἰσχίῳ
2565 2076 2882 2148 καθίδρυσιν
2909 2072 3003 2129 τοῦ
3026 2073 3432 2144 ἀσχηματίστου
3459 2069 3708 2141 παραλη-

2129 2169 2360 2238 ψόμεθα.
2436 2167 2596 2222 Ἀλλὰ
2640 2167 2706 2220 δι’
2772 2167 3039 2237 ἑκατέρας
3097 2164 3280 2234 φωνῆς
3324 2163 3384 2215 rb
3443 2162 3502 2213 ἑν
3545 2158 3708 2213 παντὶ

2133 2257 2320 2329 ἀγαθῷ
2351 2259 2633 2328 στάσιμον,
2673 2259 2768 2311 καὶ
2800 2259 2857 2310 ἑν
2899 2257 3062 2310 παντὶ
3088 2253 3441 2325 ἀμετάθετον,
3467 2247 3706 2309 εὐσεϐῶς

2131 2348 2414 2418 νοήσομεν.
2441 2348 2509 2400 "0
2534 2364 2592 2399 τε
2623 2347 2731 2418 γὰρ
2765 2346 2983 2400 ἑστάναι
3013 2347 3106 2399 καὶ
3123 2348 3150 2399 6
3175 2343 3447 2414 καθῆσθαι
3472 2341 3532 2393 rb
3551 2339 3706 2392 Θεῖον

2131 2439 2322 2508 λέγων,
2361 2439 2514 2492 οὐδὲν
2541 2439 2678 2509 πρὸς
2703 2438 2966 2508 ἀλλήλους
2988 2440 3045 2491 ὲν
3070 2440 3136 2509 τῇ
3167 2437 3276 2490 τῶν
3300 2435 3561 2507 ῥημάτων
3590 2433 3707 2484 ἑτε-

2134 2532 2320 2602 ρότητι
2343 2530 2474 2600 περὶ
2506 2529 2598 2582 τὸν
2647 2529 2773 2582 νοῦν
2833 2529 3198 2601 διαφέρονταυ
3226 2530 3254 2581 6
3283 2529 3380 2597 μὲν
3410 2523 3706 2594 βεϐηκέναι

2134 2621 2379 2689 παγίως,
2418 2623 2446 2673 ό
2479 2620 2536 2673 δὲ
2576 2619 2930 2691 καθιδρύσθαι
2969 2619 3318 2690 ἀμεταθέτως
3352 2616 3414 2670 rb
3452 2616 3606 2669 Θεῖον
3646 2613 3708 2665 ἑν

2131 2711 2210 2781 τῷ
2266 2711 2455 2781 ἀγαθῷ
2507 2710 2939 2782 δογματίζοντες.
2986 2711 3196 2782 Ὥσπερ
3246 2709 3304 2762 δὲ
3346 2711 3374 2762 6
3422 2708 3708 2779 προφήτης

2132 2802 2314 2864 Δαόὶδ,
2341 2804 2434 2855 καὶ
2461 2805 2490 2856 6
2512 2803 2806 2867 ἀπόστολος
2836 2803 3071 2866 Παῦλος,
3107 2801 3205 2872 τὴν
3238 2798 3333 2853 τοῦ
3367 2794 3708 2865 Μονογενοῦς

2133 2892 2399 2964 καθέδραν
2435 2894 2494 2946 ἑν
2539 2897 2649 2956 τοῖς
2681 2893 2802 2946 καθ’
2839 2893 3029 2945 ἑαυτὸν
3066 2893 3325 2962 ἑκάτερος
3376 2889 3556 2956 λόγοις
3626 2885 3706 2939 δί-

2131 2982 2266 3052 ηγού
2275 2999 2424 3052 μενοι
2449 2984 2548 3037 οὐκ
2575 2983 2782 3038 ἔδωκαν
2805 2987 2964 3046 νοεῖν,
2992 2983 3073 3036 ὅτι
3096 2981 3188 3036 τοῦ
3217 2979 3427 3051 Πατρὸς
3447 2978 3704 3043 ἑστῶτος,

453 3077 600 3143 inter
627 3083 688 3124 se
705 3067 989 3124 differunt:
1010 3071 1097 3126 ille
1109 3072 1323 3141 quidem
1347 3073 1576 3129 ﬁrmiter
1603 3085 1771 3141 stare,
1789 3078 1877 3133 hic
1898 3096 2028 3135 vero

2136 3072 2164 3123 6
2193 3071 2319 3132 Υίὸς
2348 3072 2404 3125 ἑν
2435 3072 2670 3143 καθέδρᾳ
2693 3072 2830 3134 ἑστὶ,
2860 3071 3036 3125 καίτοι
3062 3088 3124 3140 γε
3158 3071 3323 3140 μόνης
3379 3067 3706 3139 μνησθέντες

454 3160 870 3214 immutabiliter
892 3161 1250 3217 constitutum
1275 3172 1328 3218 et
1352 3167 1408 3219 in
1431 3166 1572 3221 bono
1592 3167 1876 3223 fundatum
1908 3186 2031 3226 esse

455 3266 658 3306 numen
699 3250 946 3306 divinum
992 3261 1299 3309 censentes.
1337 3254 1804 3321 Quemadmodum
1846 3270 2026 3316 autem

455 3345 720 3412 propheta
749 3343 918 3399 David
935 3345 979 3376 ³ο
996 3355 1047 3398 et
1067 3345 1347 3414 apostolus
1365 3345 1566 3401 Paulus
1588 3348 1630 3378 ³⁸
1663 3349 1716 3403 in
1748 3351 1864 3406 suis
1882 3358 2024 3405 uter-

453 3449 560 3505 que
577 3433 799 3503 scriptis
820 3431 1096 3504 Unigeniti
1112 3433 1410 3490 sessionem
1430 3448 1813 3503 memorantes,
1835 3455 1938 3494 non
1954 3443 2030 3494 in-

453 3528 729 3593 dicarunt,
748 3527 890 3597 quod
911 3526 1070 3582 Patre
1098 3534 1276 3582 stante
1293 3525 1463 3582 Filius
1486 3528 1679 3584 iusede
1696 3529 1786 3592 sit,
1807 3531 1932 3585 licet
1949 3548 2029 3590 so-

457 3620 560 3674 lius
576 3619 840 3674 sessionis
857 3617 977 3672 Filii
998 3619 1324 3673 mentionem
1349 3619 1604 3674 fecissent
1626 3638 1636 3672 :
1657 3620 1844 3676 eodem
1869 3625 2029 3679 modo

455 3723 577 3763 cum
607 3709 770 3763 etiam
791 3709 843 3762 in
865 3707 1126 3777 Stephani
1155 3708 1384 3763 historia
1423 3709 1516 3762 ﬁlii
1548 3711 1840 3766 stationem
1876 3715 2028 3768 audi-

457 3799 598 3854 veris
621 3799 689 3863 θ’,
727 3799 875 3851 nulla
922 3798 990 3853 de
1039 3812 1205 3853 causa
1234 3813 1344 3862 nec
1377 3807 1525 3854 recte
1573 3800 1641 3854 de
1698 3800 1874 3858 Patris
1913 3819 2028 3858 ses-

455 3889 610 3944 sione
657 3888 972 3958 suspicatus
1018 3888 1207 3946 fueris.
1262 3888 1732 3954 Quemadmodum
1779 3894 1922 3947 enim
1971 3895 2025 3948 in

455 3980 624 4036 Paulo
653 3991 817 4050 atque
849 3979 1051 4035 Davide
1097 3981 1289 4036 sedere
1319 3981 1536 4037 Patrem
1568 3999 1633 4039 ex
1667 3999 1732 4039 eo
1757 3986 1902 4055 quod
1935 3986 2023 4040 Fi-

456 4074 560 4126 lius
585 4073 773 4128 sedeat
798 4087 830 4125 a
857 4073 1063 4126 dextris
1106 4073 1268 4126 simul
1299 4083 1516 4130 constat
1547 4093 1560 4130 :
1591 4077 1814 4131 tametsi
1846 4093 2025 4134 sermo

455 4163 589 4217 nihil
620 4172 746 4219 ante
775 4164 843 4218 de
871 4162 1033 4218 Patre
1065 4164 1349 4220 docuisset
1377 4184 1390 4219 :
1431 4166 1497 4220 ad
1524 4167 1772 4223 eumdem
1803 4170 2023 4227 modum

454 4255 618 4307 etiam
650 4254 703 4308 in
739 4254 968 4310 historia
1003 4253 1300 4325 Stephani,
1333 4254 1454 4311 Filii
1490 4257 1653 4312 statio
1685 4258 1824 4314 idem
1859 4262 2022 4317 etiam

455 4342 509 4396 in
542 4343 716 4412 gloria
745 4341 926 4398 Patris
971 4345 1135 4400 simul
1183 4346 1411 4401 indicat.
1456 4346 1548 4401 Sic
1578 4348 1724 4402 enim
1767 4351 2023 4423 imaginis

2137 3160 2232 3230 τῆς
2269 3161 2362 3214 τοῦ
2395 3163 2525 3215 Υίοῦ
2557 3164 2921 3236 καθιζήσεως’
2953 3164 3046 3216 τὸν
3082 3163 3243 3217 αὑτὸν
3267 3161 3463 3232 τρόπον
3495 3158 3586 3212 καὶ
3614 3157 3708 3210 ἐπὶ

2136 3251 2230 3304 τοῦ
2274 3254 2565 3322 Στεφάνου,
2599 3255 2692 3308 τοῦ
2720 3255 2852 3309 Υἰοῦ
2889 3255 2989 3325 τὴν
3018 3254 3204 3308 στάσιν
3233 3252 3493 3315 ἀκούσας,
3529 3249 3705 3303 οὐκέτ’

2137 3341 2202 3393 ἂν
2241 3342 2474 3410 εὐλόγως
2517 3347 2767 3414 περὶτῆς
2801 3346 2895 3398 τοῦ
2929 3345 3143 3415 Πατρὸς
3172 3343 3441 3413 καθέδρας
3480 3341 3708 3408 ύπονοήο

2137 3448 2302 3496 σειας.
2342 3433 2430 3497 Ὠς
2464 3435 2563 3506 γὰρ
2588 3436 2682 3489 ἐπὶ
2711 3436 2802 3490 τοῦ
2828 3437 3042 3490 Παύλου
3071 3438 3162 3489 καὶ
3187 3436 3281 3488 τοῦ
3315 3435 3476 3487 Δαϐὶδ
3497 3434 3556 3486 rb
3573 3431 3706 3484 καθ-

2135 3525 2298 3593 ἧσθαι
2340 3527 2431 3581 τὸν
2468 3528 2706 3600 Πατέρα,
2759 3529 2846 3583 διὰ
2896 3529 2990 3582 τοῦ
3040 3529 3260 3583 καθίσαι
3313 3528 3405 3581 τὸν
3458 3527 3586 3579 Υἰὸν
3642 3526 3707 3577 ἑκ

2133 3617 2320 3682 δεξιῶν
2349 3619 2811 3690 συνωμολόγηται,
2843 3621 3019 3674 καίτοι
3050 3620 3144 3674 τοῦ
3196 3620 3359 3688 λόγου
3386 3618 3551 3688 μηδὲν
3581 3616 3707 3687 περὶ

2133 3707 2228 3762 τοῦ
2276 3710 2485 3780 Πατρὸς
2519 3711 2965 3781 προδιδάξαντοςο
2994 3711 3136 3767 κατὰ
3169 3713 3259 3764 τὸν
3300 3711 3460 3764 αὑτὸν
3505 3713 3706 3780 τρόπον

2134 3800 2226 3852 κα)⁵
2266 3801 2357 3852 ἐπὶ
2397 3800 2490 3852 τοῦ
2544 3802 2846 3869 Στεφάνου,
2881 3802 3033 3872 ήτοῦ
3082 3801 3212 3855 Υἰοῦ
3257 3801 3444 3863 στάσις
3483 3800 3542 3852 rb
3591 3797 3705 3852 ἶσον

2134 3891 2228 3945 καὶ
2252 3892 2344 3944 ἐπὶ
2380 3892 2478 3962 τῆς
2505 3892 2658 3963 δόξης
2686 3891 2778 3944 τοῦ
2817 3893 3028 3962 Πατρὸς
3068 3891 3513 3945 συνενδείκνυται.
3549 3888 3706 3942 Οῦτω

2133 3983 2240 4053 γὰρ
2296 3984 2362 4036 ἂν
2399 3984 2427 4034 ὁ
2476 3984 2573 4054 τῆς
2602 3983 2809 4047 εἰκόνος
2836 3983 3125 4052 διασωθείη
3169 3983 3352 4050 λόγος,
3384 3985 3432 4035 εἰ
3466 3983 3573 4036 πᾶν
3600 3981 3630 4034 ὅ
3650 3978 3705 4032 τί

2133 4075 2236 4146 πέρ
2265 4077 2409 4128 ἑστιν
2447 4078 2504 4128 ἑν
2539 4075 2714 4146 τούτῳ
2751 4076 3037 4146 νοούμενόν
3076 4092 3137 4128 τε
3165 4076 3259 4128 καὶ
3301 4073 3702 4146 καθορώμενον,
3731 4067 3736 4079 ’

2131 4167 2191 4220 rb
2230 4167 2360 4221 αὐτὸ
2403 4168 2495 4220 καὶ⁹
2529 4167 2586 4220 ἑν
2617 4167 2694 4238 τῷ
2726 4167 3020 4238 ἀρχετύπῳ
3049 4167 3372 4224 πιστεύοιτο.
3406 4167 3516 4220 Καὶ
3542 4167 3616 4230 ὡς
3645 4167 3706 4219 ἑν

2131 4257 2207 4328 τῷ
2247 4258 2436 4328 ἀγαθῷ
2480 4258 2541 4311 rb
2567 4259 2789 4327 ἀγαθὸν,
2831 4262 2924 4312 καί
2953 4261 3010 4312 ἑν
3046 4259 3123 4329 τῷ
3157 4261 3298 4326 φωτὶ
3323 4260 3384 4312 rb
3413 4259 3563 4328 φῶς,
3610 4259 3705 4311 καὶ

2131 4347 2187 4400 ἑν
2219 4347 2351 4399 πᾶσι
2398 4347 2459 4399 τὸ
2496 4349 2852 4418 πρωτότυπον
2899 4348 3094 4410 κάλλος
3139 4348 3227 4401 διά
3253 4349 3360 4401 τῶν
3397 4347 3608 4399 οἰκείων
3645 4347 3704 4398 ἑν

455 4433 598 4486 ratio
652 4434 969 4488 conservari
1014 4435 1226 4503 possit,
1266 4443 1326 4488 ut
1369 4436 1634 4508 quidquid
1671 4437 1727 4493 in
1773 4441 1874 4496 hac
1919 4450 2027 4498 tam

2132 4440 2198 4508 τῇ
2239 4438 2408 4491 εἰκόνι
2437 4439 2928 4510 χαρακτηρίζεται·
2963 4439 3108 4492 οὕτω
3132 4439 3225 4492 καὶ
3269 4440 3327 4491 ἑν
3354 4441 3420 4508 τῇ
3463 4437 3704 4508 καθέδρᾳ

458 4523 783 4597 intelligitur
813 4538 979 4592 quam
1013 4524 1375 4592 conspicitur,
1409 4525 1549 4579 idem
1578 4527 1740 4580 etiam
1780 4529 1836 4582 in
1867 4531 2031 4601 origi-

456 4610 567 4664 nali
594 4607 662 4663 ac‘
683 4610 969 4680 principali
997 4610 1171 4665 forma
1194 4628 1318 4667 esse
1339 4614 1616 4679 credatur,
1641 4623 1694 4669 et
1717 4624 1776 4670 ut
1803 4618 1856 4672 in
1881 4620 2027 4676 bono

457 4702 690 4766 bonum,
721 4707 776 4754 et
805 4700 861 4754 in
898 4699 1105 4755 lumine
1135 4701 1347 4766 lumen,
1379 4710 1434 4756 et
1463 4705 1517 4758 in
1545 4707 1800 4763 omnibus
1844 4710 2030 4778 primi-

455 4790 566 4843 tiva
589 4803 653 4842 ac
677 4789 997 4858 principalis
1019 4790 1371 4860 pulchritudo
1397 4808 1488 4862 per
1516 4796 1763 4864 proprias
1789 4807 1949 4855 notas
1973 4801 2026 4855 in

456 4881 689 4952 imagine
731 4881 1086 4952 designatur:
1135 4882 1209 4936 ita
1268 4884 1430 4938 etiam
1476 4885 1530 4939 in
1573 4888 1822 4944 sessione
1864 4889 2026 4958 Filii,

453 4988 837 5051 quemcunque
882 4975 1097 5030 tandem
1143 4976 1247 5031 hoc
1287 4992 1484 5030 nomen
1526 4978 1858 5036 intellectum
1896 4999 2034 5052 pra:-

453 5065 576 5128 het,
616 5064 800 5120 Patris
832 5080 1053 5135 quoque
1101 5067 1277 5121 sessio
1329 5067 1834 5136 comprehenditur,
1881 5073 2032 5128 sinti-

453 5155 579 5209 liter
621 5164 676 5210 et
722 5156 776 5210 in
821 5158 1062 5213 statione
1109 5159 1309 5221 statio,
1353 5174 1423 5213 ne
1471 5160 1610 5214 ratio
1652 5162 1904 5232 imaginis
1937 5181 2034 5235 per

457 5245 811 5302 abolitionem
840 5249 1235 5319 proprietatum
1267 5250 1336 5304 ab
1363 5250 1617 5322 originali
1647 5267 1712 5307 ac
1755 5255 2032 5322 primitivu

453 5337 690 5391 alienata
725 5339 1017 5396 intercidat
1059 5349 1223 5412 atque
1252 5342 1547 5397 dilabatur.
1589 5342 1714 5398 Haec
1757 5360 1786 5398 a
1831 5339 2026 5413 nobis,

455 5429 692 5492 fratres,
745 5430 814 5484 ad
863 5435 1200 5504 propositam
1257 5435 1653 5505 quaestionem,
1710 5451 1833 5491 cum
1887 5439 2028 5494 visio

458 5519 722 5592 Stephani
753 5523 914 5580 talem
947 5526 1380 5597 speculationem
1428 5527 1483 5582 in
1528 5528 1832 5582 orationem
1878 5529 2029 5583 intu—

524 5704 573 5738 ³⁸
604 5705 797 5762 Matth,
831 5723 966 5772 ml,
998 5707 1066 5763 44
1096 5722 1249 5779 seqq.

2126 4528 2220 4580 τοῦ
2248 4528 2402 4592 Υἰοῦ,
2434 4531 2462 4583 ὅ
2487 4530 2539 4582 τί
2565 4548 2694 4583 ποτε
2720 4533 2856 4583 νοεῖν
2885 4529 3044 4582 τοῦτο
3070 4530 3130 4582 rb
3161 4529 3330 4599 ὄνομα
3371 4529 3579 4591 δίδωσι,
3609 4528 3704 4581 καὶ

2128 4621 2164 4689 ἡ
2203 4619 2296 4672 τοῦ
2329 4621 2542 4690 Πατρὺς
2573 4619 2812 4690 καθέδρα
2844 4619 3345 4688 καταλαμϐάνεται,
3379 4617 3580 4688 ὁμοίως
3611 4619 3704 4670 καὶ

2129 4711 2186 4761 ὲν
2211 4712 2278 4779 τῇ
2303 4711 2488 4762 στάσει
2511 4712 2544 4780 ἡ
2578 4710 2785 4773 στάσις’
2817 4710 2891 4773 ὡς
2914 4709 2979 4762 ἀν
3007 4711 3080 4780 μὴ
3111 4711 3357 4763 διαπέσοι
3378 4711 3476 4780 τῆς
3496 4709 3703 4772 εἰκόνος

2126 4802 2156 4854 6
2184 4801 2362 4870 λόγος,
2390 4805 2448 4854 ἑν
2478 4805 2542 4872 τῇ
2566 4801 2862 4868 ἀπαλλάξει
2889 4802 2995 4854 τῶν
3025 4803 3326 4872 ἰδιωμάτων
3357 4801 3451 4855 τοῦ
3476 4801 3702 4873 ἀρχετύ-

2129 4907 2233 4943 που
2290 4891 2757 4962 ἀλλοτριούμενος.
2825 4892 3010 4946 Ταῦτα
3062 4895 3214 4965 ἡμῖν,
3258 4893 3508 4963 ἀδελφοὶ,
3561 4892 3704 4946 κατά

2133 4980 2365 5051 πάροδον
2413 4981 2548 5052 πρὸς
2574 4982 2634 5035 rb
2677 4984 3036 5054 προκείμενον
3068 4983 3286 5055 ζήτημα
3311 4983 3700 5055 τεθεωρήσθω,

2131 5071 2227 5140 τῆς
2266 5071 2359 5124 τοῦ
2403 5072 2672 5140 Στεφάνου
2721 5074 2986 5138 ὀπτασίας
3029 5076 3130 5146 τὴν
3168 5076 3420 5146 τοιαύτην
3472 5074 3702 5146 θεωρίαν

2132 5163 2619 5231 ἑπεισενεγκούσης
2671 5163 2748 5234 τῷ
2792 5164 2954 5235 λόγῳ.
3011 5167 3223 5220 Γένοιτο
3275 5167 3332 5219 δὲ
3381 5168 3558 5238 ἡμᾶς,
3627 5166 3702 5235 μὴ

2131 5252 2326 5317 θεατὰς
2357 5254 2517 5323 μόνον
2545 5255 2796 5322 γενέσθαι
2818 5258 2915 5328 τῆς
2951 5257 3044 5312 τοῦ
3081 5259 3354 5326 Στεφάνου
3387 5258 3698 5328 ἀθλήσεως,

2133 5342 2268 5396 ἀλλά
2305 5343 2398 5395 καὶ
2442 5345 2700 5414 μετόχους
2748 5347 2846 5416 τῆς
2885 5347 3136 5418 χάριτος,
3179 5348 3562 5419 πληρωθέντας
3606 5346 3701 5400 τοῦ

2134 5436 2287 5503 ἁγίου
2327 5434 2661 5504 Πνεύματος,
2689 5438 2768 5500 εἰς
2796 5437 3111 5507 καθαίρεσιν
3145 5439 3254 5492 τῶν
3287 5439 3592 5503 ἀντιδίκων,
3623 5441 3702 5500 εἰς

2131 5526 2287 5590 δόξαν
2327 5513 2422 5580 τοῦ
2462 5528 2665 5597 Κυρίου
2707 5526 2864 5598 ήμῶν
2922 5527 3091 5598 Ἰησοῦ
3144 5529 3404 5598 Χριστοῦ,
3515 5531 3548 5599 ἡ
3578 5527 3703 5592 δόξα

1327 5708 1373 5740 ’⁸
1403 5709 1423 5764 Ι
1458 5707 1583 5765 Cor.
1615 5724 1728 5775 xw,
1759 5708 1813 5762 2.
1892 5711 1938 5742 ³ο
1973 5708 2028 5766 P:

2149 5724 2256 5774 Ctx,
2293 5709 2343 5764 l.
2387 5749 2393 5759 .
2422 5709 2466 5741 “
2507 5707 2670 5763 Hebr.
2705 5725 2740 5775 ι,
2777 5708 2869 5762 15.
2939 5708 2982 5741 ³³
3013 5707 3136 5764 Act.
3168 5725 3260 5777 νυ,
3295 5710 3382 5766 55.
