4154 6354
420 364 527 427 721
1452 360 1726 417 ALTERA
1776 360 2131 418 LAUDATIO
2177 362 2234 417 S.
2274 360 2635 416 STEPHANI.
3572 356 3678 411 722

415 488 511 544 καὶ
537 486 597 541 τὸ
624 484 824 556 κράτος
849 483 927 546 εἰς
949 480 1077 546 τοὺς
1106 480 1309 543 αῑῶνας
1338 478 1445 535 τῶν
1476 480 1705 536 αἰώνων.
1749 482 1938 553 Ἀμήν.

2107 484 2253 538 lisset
2275 522 2289 547 ,
2323 482 2499 539 obiter
2526 481 2873 538 considerata
2893 517 2909 546 ,
2934 478 3186 536 discussa
3222 486 3384 549 atque
3408 476 3677 548 eXplicata

416 582 508 636 sit.
539 579 832 649 Contingat
880 583 1060 629 autem
1094 574 1285 638 nobis,
1317 582 1378 628 ut
1426 588 1537 628 non
1572 576 1749 630 solum
1790 583 2128 645 spectatores
2182 575 2445 648 Stephani
2507 574 2861 641 certaminis,
2901 572 3259 629 verumetiam
3320 567 3507 639 repleti
3552 565 3677 635 Spi-

417 676 526 729 ritu
556 680 747 727 sancto
775 667 964 738 gratia:
998 666 1294 736 participes
1324 665 1518 730 simus,
1549 666 1615 719 ad
1643 666 1985 722 eversionem
2027 666 2493 731 adversariorum,
2525 666 2592 720 ad
2630 664 2863 736 gloriam
2905 662 3117 719 Domini
3142 660 3318 716 nostri
3353 657 3483 713 Jesu
3519 656 3680 711 Chri'

416 762 483 815 sti
509 800 525 823 .
557 759 648 815 cui
677 759 853 830 gloria
872 795 887 823 ,
917 756 1166 827 potentia
1193 764 1358 827 atque
1387 756 1675 826 imperium
1710 757 1763 811 in
1795 758 1997 813 saecula
2035 758 2389 814 sazculorum.
2416 758 2612 813 Amen.

1612 1100 1912 1217 ΤΟΥ
2000 1102 2489 1218 ΑΥΤΟΥ

1713 1296 1799 1348 ET
1805 1294 1984 1349 EPON
2024 1295 2382 1348 ΕΓΚΩΜΙΟΝ

577 1458 749 1543 ΕΙΣ
846 1454 1073 1540 ΤΟΝ
1158 1444 1493 1537 ΑΓΙΟΝ
1581 1445 2005 1534 ΣΤΕΦΑΝ

2107 1444 2172 1528 Ν
2277 1446 2502 1530 ΤΟΝ
2604 1442 3521 1534 ΠΡΩΤΟΜΑΡΤΥΡΑ.

1773 1727 2375 1843 ΕΙΗΒΒΕΜ’

1708 1940 2056 1999 LAUDATIO
2117 1942 2397 1997 ALTERA

839 2120 959 2232 S.
1045 2124 1755 2239 STEPHANI
1866 2122 3090 2240 PROTOMARTYRIS
3147 2100 3275 2231 (ί).

1381 2323 1664 2386 Interprete
1689 2330 1743 2374 et
1764 2326 2029 2376 scholiaste
2048 2325 2316 2376 Laurentio
2337 2328 2579 2389 Zacagnm
2596 2325 2657 2375 V.
2682 2324 2718 2375 C

504 2622 845 2693 Ἐπεδήμησε
873 2624 1099 2694 Χριστὸς
1133 2623 1206 2694 τῷ
1244 2623 1431 2695 κόσμῳ
1464 2627 1541 2687 εἰς
1575 2625 1868 2694 σωτηρίαν,
1899 2624 1994 2676 καὶ

2166 2624 2420 2680 Christus
2448 2623 2502 2677 in
2535 2625 2724 2679 mundi
2757 2625 2986 2680 salutem
3028 2623 3263 2688 advenit,
3312 2633 3360 2679 et
3408 2624 3552 2678 illico
3582 2621 3683 2675 Ec.

424 2715 542 2784 μετ’
570 2715 729 2769 αὐτὸν
769 2716 1105 2787 ἐϐλάστησαν
1151 2718 1199 2768 oi
1257 2718 1457 2787 mpm!
1498 2719 1593 2788 τῆς
1653 2715 1997 2786 Ἐκκλησίας.

2107 2718 2281 2773 clesiae
2318 2716 2530 2771 fructus
2576 2716 2913 2786 prodierunt.
2962 2715 3195 2771 Rcl‘ulsit
3229 2718 3383 2771 testis
3416 2715 3680 2780 veritatis,

425 2808 704 2878 Ἐλαμψεν
738 2811 763 2862 ὁ
793 2810 999 2880 μάρτυς
1045 2811 1143 2878 τῆς
1177 2809 1453 2877 ἀληθείας,
1512 2811 1603 2862 καὶ
1654 2808 2001 2878 συνέλαμψαν

2107 2809 2374 2878 simulque
2404 2824 2611 2877 magnae
2636 2807 3065 2877 dispensationis
3094 2816 3261 2863 testes
3287 2814 3677 2861 coruscarum.

420 2900 471 2951 οἱ
507 2899 778 2969 μάρτυρες
802 2901 899 2968 τῆς
950 2901 1189 2969 μεγάλης
1225 2900 1553 2970 οἰκονομίας.
1602 2898 2002 2969 Ἦκολούθησαν

420 2991 473 3041 οἱ
528 2989 767 3059 μαθηταὶ
814 2990 889 3059 τῷ
950 2990 1281 3059 Διδασκὰλῳ,
1315 2992 1425 3051 τοῖς
1466 2990 1760 3058 Κυριακοίς
1802 2988 2003 3057 ἴχνεσιν

422 3078 733 3141 ὁδεύοντες·
772 3079 908 3148 μετά
952 3079 1182 3150 Χριστὸν
1219 3082 1265 3131 oi
1309 3079 1711 3149 Χριστοφόροι·
1750 3078 1888 3147 μετά
1912 3079 2003 3131 τὸν

424 3169 572 3239 ἥλιον
602 3169 702 3239 τῆς
762 3169 1104 3240 δικαιοσύνης
1128 3172 1177 3223 οἱ
1224 3171 1507 3240 φωστῆρες
1532 3171 1629 3239 τῆς
1654 3170 2000 3239 οἰκουμένης·

426 3260 520 3310 καὶ
572 3258 786 3328 πρῶτος
839 3260 936 3329 μὲν
966 3261 1095 3330 ἡμῖν
1131 3262 1161 3312 ὁ
1213 3259 1477 3328 Στέφανος
1520 3260 1773 3330 ἤνθησεν,
1804 3259 1901 3311 οὐκ
1942 3260 2006 3311 ἐκ

426 3350 534 3402 τῶν
570 3350 872 3403 Ἰουδαϊκῶν
900 3350 1148 3404 ἀκανθῶν
1172 3351 1415 3413 πλακεὶς,
1441 3349 1553 3402 ἀλλ’
1585 3352 1649 3401 ὲκ
1675 3350 1774 3417 τῆς
1806 3348 2004 3417 ἐκκλη-

429 3439 710 3507 σιαπικῆς
736 3439 988 3507 εὐθηνίας
1024 3438 1238 3508 πρῶτος
1267 3438 1479 3510 καρπὸς
1507 3437 1582 3507 τῷ
1614 3436 1804 3508 Κυρίῳ
1834 3454 2004 3507 προσ-

427 3529 682 3598 ενεχθείς.
726 3528 962 3581 Ἰουδαῖοι
988 3530 1086 3598 μὲν
1106 3529 1213 3599 γὰρ
1247 3528 1505 3596 στέφανον
1537 3527 1595 3591 ἐξ
1620 3527 1867 3580 ἀκανθῶν
1888 3525 2010 3578 πλέ-

426 3619 635 3686 ξαντες,
681 3625 747 3693 τῇ
790 3622 997 3693 κεφαλῇ
1050 3622 1143 3676 τοῦ
1202 3623 1449 3693 Σωτῆρος
1487 3621 1782 3691 ἐπέθηκαν,
1824 3621 2009 3685 ἀξίους

427 3712 522 3781 τῆς
552 3714 723 3781 κακῆς
752 3712 1024 3783 γεωργίας
1074 3711 1253 3764 αὐτῶν
1285 3712 1409 3775 τοὺς
1451 3712 1695 3782 καρποὺς
1739 3710 2009 3774 ἐπιδειξά-

427 3823 581 3875 μενοι
603 3806 679 3876 τῷ
718 3808 964 3880 Δεσπότῃ
1002 3806 1097 3861 τοῦ
1133 3805 1477 3877 ἀμπελῶνος,
1508 3806 1583 3868 ὡς
1628 3805 1715 3859 διὰ
1753 3806 1851 3877 τῆς
1878 3822 2010 3877 προ.

426 3897 653 3967 φητεέας
685 3898 1072 3968 προανεφὼνει,
1097 3898 1271 3965 λέγων
1291 3911 1304 3927 ·
1342 3897 1643 3967 Ἂμπελὼν
1658 3898 1877 3965 Κυρίου
1906 3900 2008 3949 Σα-

2104 2899 2287 2954 Secuti
2320 2907 2445 2952 sunt
2478 2898 2795 2968 Magistrum
2845 2899 3121 2966 discipuli,
3166 2897 3377 2953 Domini
3433 2898 3677 2966 vestigiis

2106 2993 2420 3047 insistentes
2445 3009 2459 3057 ;
2488 3000 2610 3060 post
2639 2991 2940 3052 Christum,
2973 2990 3283 3045 Cbristil‘eri
3313 3008 3327 3057 ;
3359 2998 3481 3059 post
3510 2989 3679 3045 solem

2101 3084 2347 3154 justitiae,
2385 3091 2543 3137 terra:
2594 3083 2841 3136 lumina:
2894 3091 2949 3137 et
2987 3081 3198 3150 primus
3250 3079 3468 3151 quidem
3522 3081 3681 3135 nobis

2108 3174 2436 3245 Stephanus,
2478 3190 2671 3228 corona
2705 3174 2932 3237 scilicet,
2955 3172 3160 3238 ﬂoruit,
3188 3188 3297 3229 non
3328 3188 3392 3228 ex
3440 3170 3680 3226 Judaicis

2108 3267 2279 3337 spinis
2322 3274 2596 3328 contexta,
2648 3266 2744 3321 sed
2800 3267 3007 3335 primus
3055 3265 3317 3321 Ecclesiae
3379 3264 3680 3319 fertilitatis

2108 3357 2318 3411 fructus
2351 3354 2461 3410 Deo
2502 3355 2741 3411 oblatus.
2781 3354 2992 3425 Quippe
3028 3353 3201 3409 Judai
3241 3354 3484 3425 spineam
3519 3367 3681 3407 coro«

2109 3463 2231 3501 nam
2271 3446 2569 3501 Salvatoris
2619 3445 2782 3517 capiti
2828 3449 3225 3515 imposuerunt,
3276 3445 3420 3499 mala
3466 3459 3564 3499 sua
3599 3444 3682 3496 ili—

2109 3554 2245 3609 gnos
2271 3538 2603 3608 agricultura
2637 3537 2848 3592 fructus
2872 3538 3101 3592 Domino
3122 3538 3293 3592 vinea:
3317 3544 3678 3603 ostentantes,

2108 3628 2561 3698 quemadmodum
2595 3643 2691 3697 per
2722 3627 3013 3697 pr0phetas
3044 3627 3174 3682 olim
3211 3626 3428 3681 locutus
3457 3635 3561 3693 est,
3593 3626 3679 3680 di-

2108 3734 2237 3774 cens
2266 3738 2277 3773 :
2319 3719 2480 3772 Vinea
2510 3718 2723 3773 Domini
2758 3718 3014 3783 Sabaoth,
3060 3717 3248 3773 domus
3282 3717 3453 3772 Israel
3483 3727 3581 3783 est,
3631 3727 3680 3772 et

2108 3809 2261 3863 homo
2305 3807 2474 3871 Juda,
2507 3808 2709 3862 novella
2746 3808 3007 3876 plantatio
3038 3809 3250 3863 dilecta.
3281 3808 3591 3876 Exspectavi
3624 3818 3681 3860 ut

2111 3901 2302 3969 facere!
2326 3918 2477 3966 uvas,
2510 3901 2632 3968 fecit
2674 3912 2847 3955 autent
2877 3902 3055 3969 spinas
3079 3902 3117 3954 ¹.
3142 3902 3211 3953 At
3233 3900 3559 3970 evangelica:
3586 3915 3677 3953 ve-

423 3986 599 4055 σιιὼθ,
616 3983 779 4055 οἷκος
799 3989 903 4043 τοῦ
937 3988 1173 4070 ’ζσραήλ
1193 3989 1344 4051 ἐστι,
1366 3988 1461 4043 καὶ
1485 3992 1518 4042 ό
1539 3989 1848 4056 ἄνθρωπος
1877 3989 2005 4041 Ἰού-

2109 3990 2571 4057 ritatisoperarii,
2600 3990 2832 4059 primum
2878 3990 3096 4058 pietatis
3125 3989 3407 4045 exordium
3442 3996 3497 4042 et
3536 3987 3683 4058 agri-

422 4076 517 4142 ὃα,
549 4078 847 4147 νεόφυτον
887 4079 1297 4148 ἠγαπημένον.
1336 4080 1575 4147 Ἕμεινα
1606 4079 1712 4133 τοῦ
1762 4079 2010 4148 ποιῆσαι

423 4170 767 4238 σταφυλὴν,
798 4170 1048 4238 ἐποίησε
1074 4168 1142 4222 δὲ
1176 4167 1463 4235 ἀκάνθας.
1491 4170 1552 4221 υί
1572 4170 1629 4222 δὲ
1657 4171 1754 4239 τῆς
1781 4170 2010 4237 εὐαγγε-

424 4258 579 4327 λικῆς
611 4259 864 4327 ἀληθείας
893 4259 1119 4330 ἐργάται
1155 4260 1362 4331 πρῶτον
1388 4259 1668 4330 προοίμιον
1706 4260 2004 4323 εὐσεϐείας,

428 4350 520 4401 καὶ
578 4348 801 4421 πρώτην
856 4352 1111 4421 ἀπαρχὴν
1158 4351 1256 4421 τῆς
1297 4351 1589 4422 γεωργίας,
1618 4352 1884 4418 Στέφανον
1915 4352 2005 4404 τὸν

427 4438 581 4507 ἅγιον
643 4440 811 4512 ἄνδρα
850 4442 1215 4513 προσφέρουσι
1268 4443 1344 4513 τῷ
1382 4444 1647 4516 Δεσπότῃ,
1688 4437 1775 4496 οἷα
1801 4443 1862 4508 δή
1885 4461 2005 4495 τινα

429 4532 690 4597 στέφανον
738 4532 951 4602 ἀληθῶς
999 4534 1063 4586 ὲκ
1102 4533 1311 4587 πολλῶν
1361 4536 1455 4587 καὶ
1486 4534 1756 4604 διαφόρων
1798 4532 2005 4604 ἀρετῶν

429 4623 892 4692 συνηρμοσμένον.
949 4624 1169 4693 Πρῶτον
1200 4625 1297 4695 μὲν
1336 4625 1443 4695 γὰρ
1475 4628 1502 4677 ὁ
1528 4624 1828 4694 θαυμάσιος
1854 4618 2007 4687 οὗτος

428 4712 566 4782 ἀνὴρ
593 4712 691 4782 τὴν
724 4712 830 4765 τῶν
859 4712 1040 4784 χηρῶν
1082 4715 1400 4784 ἐπιμέλειαν
1437 4715 1769 4780 ἐπιστεύετο,
1810 4713 2007 4787 μαρτυέ

501 4889 515 4920 ¹
540 4888 648 4944 Isa.
671 4906 723 4954 ν,
762 4889 811 4942 7.

499 5045 887 5130 (_I)_t:}alland.,
927 5044 1040 5130 vet.
1076 5043 1297 5130 Patrum
1348 5038 1620 5130 Bib‘liothp
1653 5045 1911 5130 tom.._Vl,
1941 5064 1995 5130 p.

427 5115 714 5172 595ζ11αεο
751 5118 928 5169 oratio
966 5116 1050 5169 bis
1094 5115 1284 5168 cadent
1347 5131 1511 5168 manu
1562 5117 1895 5171 describitur
1943 5115 1998 5170 in

429 5186 697 5241 Vaticano
724 5187 935 5247 codice,
965 5200 1115 5238 num.
1147 5183 1272 5247 446,
1308 5186 1473 5239 semel
1500 5186 1721 5253 quidem
1767 5186 1824 5240 in
1852 5187 2001 5241 calce

429 5258 673 5321 ejusdem
711 5256 941 5318 codicis,
975 5256 1173 5308 iterum
1206 5270 1334 5326 vero
1379 5255 1522 5309 inter
1573 5257 1709 5311 alias
1753 5256 2003 5326 Gregorii

431 5327 994 5398 Nysseniﬁoraliones,
1022 5325 1389 5398 post‘celebre
1417 5326 1662 5394 ejusdem
1695 5325 2002 5398 enconiium

434 5395 608 5452 sancti
654 5397 937 5465 Stephani,
978 5397 1122 5465 typis
1149 5395 1260 5462 jam
1288 5395 1517 5453 editum.
1550 5404 1602 5449 et
1636 5397 1781 5464 quod
1824 5398 1877 5450 in
1928 5397 2006 5451 fc-

433 5475 516 5519 sto
546 5468 721 5521 sancti
760 5464 1024 5535 Stephani
1060 5465 1280 5533 publice
1312 5465 1365 5517 in
1396 5465 1638 5535 Ecclesia
1660 5465 1844 5519 Graeca
1871 5466 2007 5535 reci-

432 5537 536 5589 tari
583 5544 817 5590 testatur
868 5535 1122 5605 Typicum
1181 5536 1484 5588 monasterii
1533 5534 1591 5589 S.
1640 5536 1815 5589 Sabar.
1867 5534 2005 5590 llinc

434 5607 615 5673 itaque
649 5606 846 5659 factum
878 5604 960 5659 εει
993 5618 1049 5657 ιιι
1082 5606 1306 5675 Ἕτερον
1327 5605 1600 5674 ἐγκώμιον
1625 5608 1701 5667 εἰς
1730 5607 1820 5657 τὸν
1848 5604 2002 5673 ἆγιον

437 5677 707 5740 Στέφανον
747 5678 798 5729 in
847 5690 912 5729 eo
950 5676 1137 5729 codice
1175 5676 1527 5740 inscribatur,
1578 5676 1703 5729 licet
1751 5675 2001 5743 sequenti

435 5745 523 5801 die
552 5745 693 5800 festo
721 5745 963 5800 habitum
988 5762 1017 5800 a
1045 5743 1289 5814 Nysscno
1322 5745 1490 5802 fuisse
1526 5762 1589 5801 ex
1618 5745 1737 5815 ejus
1776 5744 2004 5801 lectione

2108 4083 2335 4137 culturae
2382 4097 2493 4137 sua:
2520 4082 2809 4150 primitias,
2842 4080 3177 4151 Stephanum
3210 4080 3388 4133 virum
3427 4087 3679 4134 sanctum

2108 4171 2339 4225 Domino
2392 4169 2666 4233 offerunt,
2738 4169 2905 4223 veluti
2965 4183 3225 4223 coronam
3270 4168 3565 4238 quamdam
3615 4182 3679 4221 ex

2103 4262 2291 4317 multis
2320 4261 2663 4329 diversisque
2691 4260 2993 4315 virtutibus
3018 4274 3147 4314 vere
3186 4266 3528 4314 contextam.
3566 4257 3683 4311 Pri-

2101 4369 2249 4407 mum
2286 4352 2554 4421 siquidem
2584 4350 2709 4405 huic
2736 4350 3045 4405 admirabili
3068 4354 3186 4404 viro
3214 4349 3506 4404 viduarum
3547 4362 3682 4401 cura

2110 4442 2438 4498 demandata
2481 4447 2585 4504 est,
2637 4455 2760 4494 eum
2798 4440 2914 4508 ipse
2966 4449 3224 4509 tanquam
3268 4436 3444 4493 ﬁdelis
3475 4436 3580 4501 vir,
3618 4450 3682 4490 ac

2112 4532 2312 4602 Spiritu
2342 4540 2532 4587 sancto
2562 4531 2774 4601 plenus,
2806 4538 2859 4583 ct
2885 4531 3257 4599 apostolorum
3286 4527 3491 4597 judicio
3519 4534 3682 4596 atque

2111 4625 2346 4687 delectu,
2379 4631 2432 4677 et
2466 4632 2656 4692 postea
2683 4621 2944 4691 spiritalis
2968 4621 3253 4691 sapientia:
3284 4620 3503 4685 virtute,
3532 4635 3684 4674 com-

2114 4714 2372 4784 probatus
2407 4711 2619 4767 fuisset.
2648 4708 2711 4763 Et
2740 4724 2873 4764 sane
2893 4712 3028 4763 tanti
3060 4708 3231 4765 studii
3267 4719 3428 4778 atque
3454 4717 3683 4763 conatus

2108 5047 2315 5119 liquido
2341 5057 2573 5112 constet,
2606 5050 2755 5119 quia,
2781 5064 2995 5119 nempe,
3026 5064 3055 5102 a
3084 5047 3155 5119 S.
3186 5046 3461 5119 Stephani
3507 5045 3681 5101 laudi-

2109 5118 2213 5172 bus
2247 5119 2548 5186 incipiens,
2587 5117 2710 5173 mox
2753 5118 2819 5173 ad
2866 5117 3256 5172 celebrandum
3290 5117 3389 5171 SS.
3436 5117 3679 5181 Petrum,

2108 5186 2397 5252 Jacohum,
2446 5195 2500 5241 et
2533 5188 2818 5248 Joannem,
2868 5189 3147 5254 apostolos
3188 5188 3477 5241 transitum
3527 5186 3677 5241 facit.

2102 5255 2221 5328 Nos,
2244 5264 2426 5311 autem
2456 5265 2741 5328 utramque
2774 5258 3037 5312 orationis
3064 5257 3576 5328 hujuseditionem,
3623 5257 3679 5309 in

2105 5325 2372 5381 Vaticano
2423 5326 2614 5397 codice
2656 5325 3149 5397 repraesentatam,
3194 5326 3591 5382 difﬁcilioribus
3627 5328 3680 5378 iu

2105 5397 2239 5450 locis
2270 5396 2674 5462 consuluimus,
2712 5396 2764 5451 et
2791 5412 2855 5450 ex
2896 5410 2961 5451 ea
2994 5406 3257 5466 nostram
3287 5397 3678 5466 expressimus,

2103 5465 2242 5520 locis
2275 5475 2477 5528 tamen,
2514 5468 2606 5520 ubi
2654 5476 2884 5536 utraque
2931 5469 3071 5521 inter
3104 5481 3163 5521 se
3208 5464 3502 5536 discrepat,
3540 5464 3680 5536 indi:

2104 5536 2264 5607 catis.
2295 5536 2562 5590 Caeterum
2596 5538 2734 5590 hanc
2763 5534 3066 5591 orationem
3110 5536 3429 5607 genuinum“
3452 5534 3679 5607 Nysseni

2109 5606 2277 5659 fetum
2305 5620 2447 5679 esse,
2480 5614 2593 5659 tum
2627 5607 2800 5679 stylus
2832 5606 2968 5679 ipse,
3003 5602 3136 5679 tum'
3183 5604 3436 5659 nonnulli
3464 5602 3678 5679 antiqui

2110 5689 2294 5797 ultorest
2352 5675 2406 5729 in
2457 5691 2519 5731 ea
2569 5673 2878 5740 memorati,
2949 5676 3082 5731 satis
3128 5690 3403 5745 superque
3458 5673 3682 5728 demon-

2115 5760 2142 5797 ε
2173 5760 2269 5797 ran
2302 5784 2314 5797 .

2115 5760 2314 5799 Sll'alll.
