4154 6354
467 362 570 416 725

1711 363 1769 420 S.
1797 358 2125 419 GREGORII
2184 359 2479 418 NYSSENI

3627 354 3738 411 721

469 477 741 545 specimen
788 476 843 531 in
874 477 1286 549 'propngnando
1324 477 1832 550 promulgandnqne
1867 477 2041 534 Evan-

2157 478 2330 550 οηθείς
2361 478 2541 550 κρίσει
2569 478 2662 534 καὶ
2690 477 2890 550 ἐκλογῇ
2926 475 3037 531 τῶν
3080 472 3399 532 ἀποστόλων
3426 468 3569 543 ἀνὴρ
3596 464 3741 525 εἰναι

468 570 611 639 gelio
636 567 962 637 praebuerat,
980 578 1054 623 .ut
1073 576 1129 624 et
1157 581 1355 639 magna
1387 567 1587 624 divina
1630 567 1854 624 virtutis
1881 567 2048 622 mira-

470 661 594 713 τετε
633 659 756 729 ejns
801 659 1243 729 praedicationem
1290 661 1708 715 comitarentur.
1742 658 2047 729 Stephanus

468 751 630 813 enim,
664 751 859 820 inquit,
883 751 1065 820 plenas
1087 750 1193 819 [ide
1216 759 1266 807 et
1289 750 1603 821 fortitudine
1637 749 1865 820 faciebat
1891 751 2048 822 signa

469 841 723 911 magna'.
775 840 962 911 Neque
1010 842 1157 897 enim
1202 843 1493 899 viduarum
1539 858 1729 898 curam
1786 842 1899 896 ullo
1943 842 2047 898 sibi

472 931 864 1002 impedimento
893 932 1281 1005 foreputavit,
1316 933 1413 990 sed
1445 942 1499 990 et
1535 935 1642 989 hoc
1667 949 1835 995 onere
1861 933 2051 989 alacri-

472 1032 555 1076 ter
582 1031 863 1093 suscepto,
899 1039 930 1079 a
961 1025 1112 1081 verbi
1138 1025 1445 1082 ministerio
1467 1040 1747 1095 nunquam
1781 1026 2046 1089 cessavit;

469 1125 523 1170 et
560 1116 664 1172 hoe
691 1117 871 1187 ipsum
912 1117 971 1173 in
998 1133 1065 1174 eo
1110 1133 1321 1190 magna:
1342 1118 1700 1173 admirationi
1730 1123 1870 1180 erat,
1902 1115 2048 1187 quod

470 1208 635 1262 animi
666 1208 735 1263 ad
787 1208 1106 1266 subeundos
1140 1210 1360 1267 labores
1412 1209 1672 1281 propensi
1716 1207 2051 1280 singularem

471 1300 635 1368 plane
678 1298 1074 1356 abundantiam
1109 1299 1450 1357 ostenderet.
1492 1298 1798 1355 Viduarum
1860 1312 2050 1353 curam

468 1391 730 1462 gerebat,
784 1402 840 1448 et
887 1392 1195 1449 animarum
1249 1392 1605 1469 negotiationi
1659 1390 2049 1453 incumbebat,

470 1483 596 1539 illas
635 1482 857 1553 quidem
901 1498 1043 1556 pane
1084 1484 1355 1548 nutriens.
1390 1484 1490 1540 bss
1539 1497 1672 1540 vero
1707 1480 2054 1537 sermonibus

470 1576 798 1643 instruens;
861 1576 970 1633 illis
1014 1576 1239 1648 quidem
1284 1574 1626 1645 corporalem
1662 1586 1908 1628 mensam
1957 1585 2073 1640 ap—.

473 1683 703 1738 ponens,
750 1669 838 1725 his
866 1683 997 1725 vero
1051 1668 1340 1739 spirituale
1386 1667 1607 1739 epulum
1646 1678 1871 1736 parans.
1927 1664 2056 1717 Erat

470 1758 616 1813 enim
652 1759 737 1812 vir
771 1758 1013 1829 probus,
1048 1767 1102 1815 et
1136 1761 1332 1831 plenus
1377 1758 1587 1830 Spiritu
1621 1763 1844 1819 sancto,
1882 1752 2054 1809 animi

472 1849 694 1919 quidem
731 1820 1009 1921 probitate
1034 1820 1301 1922 pauperes
1327 1820 1506 1906 alendi
1533 1864 1734 1905 munus
1754 1847 2056 1910 sustinens,
2090 1820 2131 1880 Β

472 1941 731 2012 loquenda
762 1957 894 1996 vero
931 1942 1204 2007 libertate,
1235 1951 1291 1999 et
1333 1941 1575 2014 Spiritus
1622 1941 1798 1997 sancti
1831 1939 2054 2001 virtute,

475 2029 724 2085 veritatis
742 2029 996 2087 hostibus
1024 2046 1122 2086 ora
1148 2032 1509 2102 pmcludens.
1545 2029 1817 2087 0.nnibus
1871 2030 2059 2099 itaque

476 2121 792 2187 resistebat,
820 2134 873 2178 et
895 2122 1165 2179 adversus
1182 2138 1376 2181 munies
1400 2123 1650 2180 veritatis
1675 2121 2059 2192 przedicatione

475 2213 812 2280 decertabat,
868 2214 1308 2271 adversariorum
1359 2215 1590 2272 consilia
1641 2214 1964 2277 destruens.
2002 2222 2061 2268 et

476 2318 692 2360 onmem
717 2305 1063 2361 altitudinem
1092 2306 1445 2362 extollentem
1486 2307 1548 2363 se
1588 2306 1853 2363 adversus
1879 2307 2061 2362 scien-

476 2396 607 2449 tiam
650 2395 743 2451 Dei
763 2396 804 2450 ³.
843 2394 1018 2451 Tanta
1050 2404 1234 2451 autem
1278 2396 1496 2453 dicendi
1526 2396 1579 2451 vi
1628 2404 1794 2468 atque
1821 2394 2057 2453 elﬁcacia

479 2487 740 2555 praeditus
762 2496 902 2551 erat,
946 2496 1005 2543 ut
1053 2501 1214 2542 sacra
1245 2486 1443 2558 pagina
1473 2493 1733 2551 testante,
1770 2501 1933 2543 nemo
1963 2502 2059 2558 po-

476 2576 644 2632 tuerit
673 2576 937 2633 resistere
965 2577 1248 2647 sapientiaa
1276 2587 1331 2634 et
1371 2577 1613 2649 spiritui,
1652 2592 1762 2649 quo
1800 2576 2059 2648 loqueba-

478 2675 568 2725 tur
592 2666 636 2723 ⁸.
660 2667 767 2724 Sed
796 2668 861 2723 ad
886 2669 1181 2725 concilium
1207 2669 1503 2739 impietatis
1531 2668 1731 2724 ductus
1753 2667 1854 2723 fuit
1882 2684 2059 2740 praeco

475 2758 774 2826 veritatis;
821 2767 1038 2829 oportet
1082 2761 1227 2816 enim
1282 2776 1384 2815 nos
1451 2760 1525 2815 ita
1577 2760 1633 2815 in
1689 2766 2055 2825 transcursu,

475 2849 690 2906 debitas
723 2849 1114 2923 Protomartyri
1154 2850 1346 2906 laudes
1372 2849 1623 2917 reddere,
1654 2866 1795 2922 quas
1826 2850 1940 2906 beri
1979 2851 2057 2922 (2)

476 2940 776 3009 adimplere
805 2951 1031 3012 propter
1052 2942 1307 3012 corporis
1334 2942 1706 2998 inﬁrmitatem
1741 2957 1853 2999 non
1882 2943 2056 3011 licuit,

473 3039 530 3085 et
557 3028 720 3085 hodie
751 3029 990 3085 debitam
1032 3032 1242 3087 sanctis
1276 3033 1547 3102 apostolis
1578 3033 2059 3089 commemoratio-

2152 572 2367 639 πιστὸς,
2391 572 2487 626 καὶ
2510 571 2725 643 πλήρης
2746 569 3064 643 Πνεύματος
3090 566 3273 635 ἁγίου,
3292 563 3485 618 ἔπειτα
3508 561 3745 632 δυνάμει

2152 663 2527 735 πνευματικῆς
2549 661 2761 732 σοφίας.
2785 661 2898 716 Καὶ
2927 660 3037 732 γὰρ
3052 657 3272 731 τῷθείῳ
3296 654 3444 726 λόγῳ
3467 650 3743 722 τοσαύτην

2153 754 2297 827 ὑπὲρ
2324 753 2421 808 τοῦ
2477 754 2834 827 κηρύγματος
2890 749 3217 824 συνηγορίαν
3260 745 3630 810 ἐπεδείκνυτο,
3662 741 3742 808 ὡς

2152 846 2249 902 καὶ
2303 846 2515 918 μεγάλα
2542 846 2611 901 τα
2640 845 2897 917 θαύματα
2940 843 3042 914 τῆς
3088 841 3239 907 θείας
3288 836 3571 912 ἐνεργείας
3616 853 3745 890 συν-

2152 937 2366 1009 τρέχειν
2385 936 2550 992 αὐτοῦ
2566 939 2685 1001 ταῖς
2695 935 3087 999 διδασκαλίαις.
3108 932 3415 1002 Στέφανος
3431 930 3561 1002 γὰρ,
3582 928 3739 999 φησί,

2155 1029 2392 1098 πλήρης
2445 1030 2704 1096 πίστεως
2743 1028 2841 1082 καί
2899 1024 3237 1096 δυνάμεως,
3278 1022 3466 1079 ἐποίει
3520 1018 3743 1090 σημεῖα

2149 1121 2406 1195 μεγάλα.
2465 1121 2542 1176 υύ
2577 1120 2686 1193 γὰρ
2710 1118 3026 1175 ἐδικαίωσεν
3046 1117 3303 1189 ἐμπόδιον
3326 1113 3476 1186 αὐτῷ
3499 1130 3553 1167 τι
3590 1110 3744 1182 γενέ-

2157 1212 2281 1267 σθαι
2312 1213 2381 1283 τῇ
2415 1211 2549 1283 περὶ
2576 1209 2676 1275 τὰς
2714 1210 2890 1281 χήρας
2912 1207 3138 1279 σπουδῇ,
3164 1205 3298 1259 ἀλλὰ
3321 1205 3416 1259 καὶ
3433 1202 3639 1274 ταύτης
3659 1201 3741 1288 εί·

2156 1322 2287 1376 χετο
2309 1300 2625 1376 προθύμως,
2648 1301 2910 1373 κάκείνης
2936 1300 3038 1354 οὐκ
3065 1297 3477 1370 ἀπελιμπάνετο
3494 1312 3510 1327 ·
3542 1295 3636 1350 καί
3671 1289 3751 1365 ἦν

2156 1397 2243 1451 ἐπ’
2266 1395 2415 1467 αὐτῷ
2433 1394 2576 1466 μέγα
2588 1393 2651 1448 τὸ
2668 1392 2875 1465 θαῦμα,
2887 1393 2983 1448 καὶ
2999 1389 3286 1462 φιλοπόνου
3300 1387 3537 1452 διανοίας
3555 1385 3745 1440 πλεον⁹

2159 1487 2398 1558 ἑκτημα.
2447 1485 2640 1558 Χήρας
2669 1483 3005 1547 ἐπιστεύετο,
3036 1481 3132 1536 καί⁵
3158 1481 3337 1553 ψυχὰς
3366 1477 3743 1550 ἐνεπορεύετο,

2157 1579 2260 1642 τὰς
2310 1577 2409 1648 μὲν
2451 1576 2603 1649 ἀρτῳ
2637 1574 2877 1645 τρέφων,
2904 1574 3003 1639 τὰς
3038 1573 3096 1628 δέ
3132 1572 3277 1643 λόγῳ
3326 1569 3614 1629 παιδεύων.
3643 1569 3742 1623 καί

2158 1671 2278 1734 ταῖς
2302 1669 2399 1741 μὲν
2420 1666 2736 1741 σωματικὴν
2752 1666 3032 1741 τράπεζαν
3051 1665 3348 1739 προτιθεὶς,
3370 1667 3490 1729 ταῖς
3503 1663 3560 1718 δέ
3578 1678 3745 1717 πνευ-

2165 1761 2398 1834 ματικήν
2419 1761 2603 1816 ἑστίαν
2628 1758 3084 1833 προϐαλλόμενος.
3100 1753 3211 1814 Ἦν
3228 1758 3340 1828 γὰρ
3360 1755 3498 1828 ἀνὴρ
3519 1752 3749 1824 ἀγαθὸς,

2159 1855 2254 1908 καὶ
2291 1854 2506 1925 πλήρης
2556 1851 2875 1923 Πνεύματος
2926 1851 3112 1922 ἁγίου*
3160 1849 3458 1920 ἀγαθότητι
3505 1846 3605 1919 μὲν
3644 1845 3747 1917 τῆς

2157 1944 2402 2016 γνώμης,
2429 1944 2538 1997 τῶν
2587 1944 2836 2013 πενήτων
2857 1944 2959 2015 τὴν
2995 1940 3336 2012 λειτουργίαν
3356 1938 3749 2009 ὑφιστάμενοςο

2157 2035 2441 2109 παρρησία
2461 2035 2518 2090 δὲ
2537 2035 2632 2089 καί⁵
2654 2035 2881 2107 δυνάμει
2897 2034 2993 2089 τοῦ
3016 2032 3355 2106 Πνεύματος,
3375 2030 3502 2094 τοὺς
3517 2027 3751 2101 ἐχθροὺς

2156 2127 2257 2199 τῆς
2292 2126 2550 2200 ἀληθείας
2580 2127 2974 2198 ἐπιστομίζων.
2991 2126 3133 2181 nam
3152 2122 3290 2194 γοῦν
3308 2121 3624 2194 ἀντέκρουε,
3650 2119 3754 2174 καὶ

2158 2218 2365 2282 πάντας
2386 2218 2466 2289 τῷ
2489 2218 2632 2290 λόγῳ
2676 2218 2774 2289 τῆς
2813 2216 3073 2288 ἀληθείας
3140 2212 3568 2285 κατηγωνίξετο,
3600 2210 3753 2279 λογι-

2159 2309 2330 2382 σμοὺς
2361 2308 2662 2382 καθαιρῶν,
2710 2307 2807 2363 καὶ
2839 2309 2946 2362 πᾶν
2989 2306 3193 2379 ὕψωμα
3221 2304 3583 2376 ἐπαιρόμενον
3603 2300 3752 2357 κατά

2156 2402 2254 2473 τῆς
2285 2399 2541 2471 γνώσεως
2597 2399 2694 2454 τοῦ
2728 2398 2886 2453 Θεοῦ.
2910 2396 3162 2469 Τοσαύτη
3207 2395 3266 2450 δέ
3292 2393 3441 2466 αὐτῷ
3476 2394 3629 2463 ἰσχὺς
3649 2389 3753 2445 τοῦ

2156 2489 2314 2559 λόγου
2348 2490 2553 2562 παρῆν,
2579 2489 2654 2552 ὡς
2674 2487 2821 2544 κατά
2845 2487 2944 2558 τὴν
2970 2485 3281 2559 μαρτυρίαν
3302 2484 3402 2555 τῆς
3425 2481 3585 2552 ἀγίας
3602 2481 3752 2551 Γρα⁹

2157 2582 2283 2653 φῆς,
2323 2582 2528 2655 μηδένα
2564 2580 2827 2638 δύνασθαι
2860 2582 3175 2651 ἀντιστῆναι
3228 2580 3298 2650 τῇ
3334 2574 3499 2647 σοφία
3532 2575 3629 2629 καὶ
3668 2572 3751 2644 τῷ

2159 2673 2452 2741 πνεύματι,
2483 2666 2529 2743 ᾧ
2556 2674 2757 2729 ἐλάλει.
2793 2671 2934 2727 Ἀλλ’
2952 2672 3048 2726 ἐπὶ
3073 2669 3133 2725 τὸ
3161 2670 3436 2743 συνέδριον
3462 2669 3625 2741 ήγετο
3639 2665 3744 2738 τῆς

2156 2764 2434 2831 ἀπιστίας,
2469 2765 2498 2818 ό
2527 2763 2704 2836 κήρυξ
2730 2766 2830 2835 τῆς
2851 2761 3110 2834 ἀληθείας
3131 2778 3145 2794 ·
3170 2760 3252 2816 δεῖ
3283 2759 3394 2832 γὰρ
3430 2760 3578 2831 ἡμᾶς
3601 2756 3750 2812 οὕτω

2160 2853 2615 2925 παραδραμόντας
2663 2851 2743 2926 τῷ
2781 2852 3217 2925 Πρωτομάρτυρι
3249 2851 3349 2923 τὴν
3390 2848 3751 2920 ὀφειλομένην

2157 2943 2469 3008 ἀποδοῦναι,
2504 2944 2572 3017 ἢν
2597 2943 2723 3016 χθὲς
2753 2942 3151 3015 ἀποπληρῶσαι
3174 2941 3237 2996 τὸ
3263 2940 3486 3005 ἀσθενὲς
3513 2939 3605 2993 τοῦ
3640 2939 3749 2993 σὼ-

2160 3054 2327 3108 ματος
2357 3036 2457 3090 οὐκ
2479 3034 2770 3106 ἐπέτρεψε,
2796 3034 2891 3089 καὶ
2916 3035 3154 3106 σήμερον
3174 3034 3287 3098 τοῖς
3320 3032 3496 3102 ἀγίοις
3518 3030 3751 3086 ἀποστό⁴

473 3135 602 3177 nem
649 3135 929 3192 peragere.
986 3118 1234 3177 Primum
1280 3122 1551 3195 siquidem
1592 3137 1772 3195 neque
1819 3122 2055 3189 diebus,

2159 3129 2272 3193 λοις
2297 3128 2396 3200 τὴν
2425 3126 2635 3183 οἰκείαν
2672 3127 2897 3199 μνήμην
2937 3123 3358 3196 ἀποπληρῶσαι.
3394 3123 3629 3219 Πρῶτον.
3647 3125 3754 3194 μέν

476 3227 658 3283 neque
703 3212 1046 3283 temporibus
1098 3221 1416 3270 sanctorum
1471 3214 1662 3271 laudes
1704 3214 2057 3271 circumscri-

475 3303 667 3360 benda:
693 3313 822 3359 sunt
847 3320 865 3370 ;
888 3318 1014 3358 nam
1044 3301 1113 3359 In
1145 3305 1423 3370 memoria,
1451 3305 1547 3371 ait,
1595 3315 1795 3361 eterna
1818 3305 1921 3360 erit
1959 3305 2057 3375 ja-

476 3407 593 3452 sttts
613 3394 657 3451 '.
688 3392 894 3451 Deinde
924 3410 1055 3451 vero
1085 3394 1290 3465 quibus
1319 3411 1428 3451 una
1453 3395 1755 3467 eademque
1779 3394 1881 3451 fuit
1905 3410 2058 3451 mens

477 3493 643 3558 atque
690 3486 966 3543 sententia
998 3486 1099 3557 (5),
1144 3486 1181 3541 ii
1217 3486 1407 3557 utique
1444 3486 1669 3543 laudum
1698 3502 1920 3558 quoque
1962 3486 2060 3542 deo

475 3576 609 3634 bent
637 3591 760 3634 esse
784 3586 1089 3633 consortes.
1118 3575 1239 3632 Non
1266 3576 1450 3647 itaque
1484 3575 1740 3632 laudandi
1771 3586 1901 3633 sunt
1939 3576 2059 3634 sine

476 3667 744 3737 apostolis
765 3675 1058 3738 martyres,
1086 3681 1188 3723 nec
1215 3667 1337 3723 sine
1367 3668 1491 3723 istis
1516 3667 1774 3739 apostoli.
1805 3666 2055 3738 Magistri

476 3758 623 3814 enim
663 3766 963 3829 martyrum
1000 3759 1257 3830 apostoli,
1294 3758 1562 3831 imagines
1605 3776 1736 3816 vero
1775 3760 2055 3831 apostolo-

476 3862 600 3902 rum
623 3858 752 3903 sunt
783 3854 1074 3919 martyres.
1105 3845 1329 3904 Illorum
1352 3848 1540 3920 itaque
1564 3848 1860 3921 imaginem
1894 3857 2059 3921 atque

477 3939 713 4011 insigne,
769 3954 989 3996 crucem
1041 3939 1311 4007 videlicet,
1364 3941 1559 3997 beatus
1606 3956 1718 4011 pra:
1759 3957 1819 3998 se
1875 3940 2057 3999 ferens

479 4028 812 4101 Stephanus.
867 4030 1078 4101 primus
1125 4044 1348 4101 quoque
1397 4046 1494 4103 per
1532 4041 1763 4088 mortem
1808 4029 2055 4104 martyrii

476 4136 682 4177 corona
705 4121 995 4179 redimitus
1027 4120 1153 4180 fuit.
1200 4120 1347 4190 Quin
1381 4132 1437 4178 et
1468 4123 1720 4196 martyrii
1770 4124 2056 4191 tolerantia

477 4214 757 4285 magistris
785 4214 1016 4286 gloriam
1055 4213 1423 4287 decoremque
1454 4216 1836 4287 comparavit;
1870 4223 1927 4273 et
1972 4215 2056 4271 fa-

474 4312 601 4360 ctus
640 4315 727 4362 est
771 4321 900 4361 vere
945 4304 1281 4376 Stephanus,
1336 4308 1439 4363 hoc
1482 4317 1588 4373 est,
1636 4323 1879 4373 corona;
1928 4323 2055 4363 nam

476 4394 864 4466 magistrorum
896 4394 1243 4464 egregiorum
1293 4409 1518 4461 corona,
1569 4409 1678 4450 non
1707 4411 1773 4449 ex
1822 4394 2054 4451 celebri-

2159 3219 2266 3292 γὰρ
2281 3220 2379 3290 οὐχ
2407 3218 2663 3291 ἡμέραις,
2689 3215 2812 3270 οὐδέ
2842 3213 3148 3288 χρόνοις,τά
3171 3214 3280 3267 τῶν
3302 3213 3471 3282 ἀγίων
3495 3207 3749 3282 ἐγκώμια

2158 3308 2528 3382 περιορίζεται
2550 3324 2565 3340 ο
2588 3310 2696 3375 Είς
2711 3307 3115 3377 μνημόσυνον
3129 3303 3198 3375 γά
3208 3321 3263 3376 ρ,
3287 3303 3470 3376 φησὶν,
3504 3301 3753 3357 αἰώνιον
3826 3341 3835 3347 .

2156 3399 2330 3455 ἔσται
2370 3398 2602 3466 δίκαιος
2621 3413 2636 3429 ο
2680 3398 2873 3451 ἔπειτα
2915 3396 2994 3460 δέ,
3023 3389 3107 3460 οἷς
3137 3396 3200 3449 ού
3237 3394 3529 3466 διαιρεῖται
3549 3391 3618 3446 τὰ
3647 3391 3751 3462 τῆς

2159 3491 2404 3564 γνώμης.
2432 3489 2571 3545 Οὔτε
2595 3490 2775 3544 τοίνυν
2807 3486 3089 3561 μάρτυρες
3108 3487 3237 3555 ἄνευ
3259 3484 3592 3550 ἀποστόλων,
3621 3480 3757 3537 οὔτε

2157 3582 2320 3637 πάλιν
2349 3581 2640 3637 ἀπόστολοι
2666 3581 2841 3653 χωρὶς
2875 3580 3122 3635 ἐκείνων.
3155 3577 3477 3632 Διδάσκαλοι
3504 3575 3604 3647 μὲν
3635 3574 3757 3645 γὰρ

2160 3673 2476 3747 μαρτύρων,
2506 3673 2815 3729 ἀπόστολοι·
2866 3673 3074 3737 εἰκόνες
3105 3672 3163 3726 δέ
3198 3669 3310 3724 τῶν
3335 3668 3677 3731 ἀποστόλων,
3695 3668 3749 3720 οι

2158 3767 2457 3846 μάρτυρες.
2475 3765 2674 3820 Είκόνα
2692 3763 2825 3836 γοῦν
2839 3764 2937 3837 τὴν
2954 3763 3175 3819 ἐκείνων
3195 3763 3288 3818 καὶ
3309 3761 3402 3816 τὸν
3419 3757 3752 3833 χαρακτῆρα

2157 3858 2336 3930 φέρων
2360 3859 2388 3911 ὁ
2410 3856 2678 3928 μακάριος
2709 3855 2998 3926 Στέφανος,
3029 3853 3261 3926 σταυρὸν
3286 3853 3385 3923 (5),
3416 3851 3513 3906 καὶ
3542 3850 3632 3904 διὰ
3650 3848 3749 3903 τοῦ

2157 3944 2389 3999 θανάτου
2425 3943 2641 4016 πρῶτος
2668 3942 2762 3998 τοῦ
2799 3942 3101 4016 μαρτυρίου
3134 3943 3227 3997 τὸν
3262 3941 3525 4012 στέφανον
3549 3941 3749 4012 ἀνεδή-

2156 4050 2308 4087 σατο.
2349 4031 2489 4087 Ἀλλ’
2532 4033 2682 4105 ὅμως
2723 4032 2815 4087 διὰ
2858 4032 2959 4103 τῆς
2997 4031 3274 4104 ὑπομονῆς
3315 4030 3409 4085 τοῦ
3443 4031 3759 4104 μαρτυρίου

2155 4124 2281 4189 τοὺς
2308 4122 2661 4190 διδασκάλους
2721 4124 3086 4196 ἀπεσέμνυνε,
3131 4123 3225 4177 καὶ
3270 4123 3495 4193 γέγονεν
3531 4121 3756 4193 άληθῶς

2157 4212 2451 4282 στέφανος’
2487 4211 2751 4282 στέφανος
2776 4212 2895 4284 γὰρ
2914 4211 3023 4265 τῶν
3054 4209 3232 4266 καλῶν
3274 4209 3608 4264 διδασκάλων
3645 4209 3754 4262 οὐκ

2154 4299 2224 4377 ἦν
2246 4302 2383 4375 τιμὴ
2408 4302 2506 4374 τῆς
2534 4302 2830 4376 εὐφημίας,
2861 4302 2976 4358 ἀλλ’
3008 4297 3078 4375 ἦν
3104 4299 3361 4373 προκοπὴ
3381 4300 3482 4371 τῆς
3518 4298 3754 4370 Ἐκκλη-

2159 4397 2300 4462 σίας,
2323 4395 2514 4468 ὥσπερ
2529 4395 2661 4466 γοῦν
2682 4393 2987 4467 Κορινθίοις
3005 4393 3235 4466 γράφων
3260 4394 3292 4448 ό
3318 4392 3460 4456 θεῖος
3487 4390 3755 4446 Ἀπόσιτο-

480 4493 589 4539 tate
626 4484 864 4539 nominis
895 4493 1049 4539 ortus
1098 4483 1294 4550 honor,
1327 4483 1423 4540 sed
1454 4482 1710 4541 Ecclesiae
1746 4485 2054 4541 incremen-

2157 4485 2248 4552 λός
2279 4501 2466 4557 φησιν·
2510 4484 2777 4555 Ἀδελφοί
2799 4503 2920 4557 μου
2940 4484 3235 4556 ἀγαπητοί
3256 4484 3354 4540 καὶ
3373 4484 3750 4551 ἐπιπόθητοι,

480 4583 593 4629 tum
620 4581 763 4636 erat.
797 4574 1265 4644 quemadmodum
1300 4577 1465 4630 etiam
1496 4576 1562 4629 ad
1629 4576 1947 4633 Corinthios
1976 4576 2054 4649 (4)

478 4665 729 4721 scribens
780 4664 1000 4722 divinus
1043 4667 1347 4737 Apostolus
1396 4667 1607 4738 inquit:
1679 4665 1905 4724 Fratres
1959 4670 2061 4724 mei

480 4757 817 4824 ehart'ssinti,
869 4756 1131 4828 gaudium
1180 4775 1351 4814 meum
1377 4798 1394 4825 ,
1444 4768 1492 4813 et
1530 4774 1730 4813 corona
1785 4776 1924 4826 mea,
1982 4762 2067 4816 sic

480 4856 618 4903 state
638 4846 680 4904 '.
705 4847 813 4904 Sed
842 4847 910 4903 ad
946 4848 1292 4921 pr0positum
1313 4850 1625 4905 redeamus.

550 4960 838 5033 Ingressus
885 4971 973 5022 est
1020 4963 1077 5020 in
1135 4956 1343 5020 Christi
1391 4962 1705 5019 occisorum
1758 4960 2055 5017 concilium

479 5052 565 5107 vir
600 5052 881 5111 Christum
929 5053 1133 5121 ferens,
1179 5054 1300 5110 ovis
1339 5053 1396 5110 in
1429 5053 1687 5124 luporum
1726 5060 2058 5125 synagogam

550 5238 574 5272 ’
594 5238 723 5299 Act.
743 5257 828 5311 vt,
857 5241 893 5299 8
946 5257 1069 5314 sqq.

550 5424 628 5496 (2)
664 5423 859 5506 Habita
887 5431 972 5482 est
998 5424 1167 5499 igitur
1206 5427 1324 5486 haec
1381 5430 1561 5488 oratio
1611 5432 1880 5504 postridie
1932 5430 2056 5489 festi

482 5492 542 5549 ε.
584 5493 869 5549 Slenltant.

529 5508 1059 5635 .(S‘eﬁi'cmt‘tlonnulla
1086 5567 1279 5625 deesse
1300 5567 1553 5625 videntur
1584 5570 1639 5626 in
1665 5579 1817 5626 textu
1841 5570 2060 5637 Graeco,

479 5649 602 5704 qua!
641 5637 707 5690 ad
741 5636 1174 5708 antecedentium
1209 5649 1262 5692 et
1290 5639 1739 5708 subsequentium
1766 5636 2055 5697 verborum

481 5716 712 5779 Sensum
741 5705 793 5759 in
827 5706 1080 5779 versione
1114 5716 1302 5779 mstra
1332 5705 1729 5779 supplevimus.

554 5771 633 5844 (ὦ)
666 5773 922 5831 Menum-ia
956 5778 1157 5834 labitur
1176 5771 1487 5849 Nyssenus',
1506 5779 1612 5838 nisi
1640 5784 1843 5853 veteris
1886 5779 2058 5837 libra-

2158 4579 2314 4647 χαρά
2341 4577 2438 4631 καὶ
2468 4574 2772 4646 στέφανός
2807 4589 2947 4644 μου,
2975 4574 3130 4630 οὕτω
3151 4573 3427 4644 στήκετε.
3476 4571 3618 4627 Ἀλλ’
3648 4572 3757 4629 ἐπὶ

2152 4666 2220 4743 τὸ
2259 4667 2624 4740 προκείμενον
2652 4663 3057 4738 ἐπανέλθωμεν.

2218 4957 2481 5029 Εἰσῆλθεν
2514 4957 2594 5021 είς
2629 4954 2688 5009 τδ
2702 4954 2984 5038 συνέδριον
3010 4952 3123 5010 τῶν
3137 4952 3523 5026 Χριστοφόνων
3549 4955 3583 5008 ό
3606 4954 3751 5027 Χρι-

2152 5050 2417 5122 στοφόρος
2432 5065 2445 5080 ·
2465 5046 2822 5119 εἰσεπήδησεν
2843 5048 2926 5111 εἰς
2954 5045 3054 5120 τὴν
3079 5046 3411 5118 συναγωγήν
3430 5045 3541 5101 τῶν
3564 5046 3749 5101 λύκων

1181 5243 1207 5276 ⁸
1253 5242 1449 5303 llCer.
1480 5261 1536 5310 κ,
1561 5246 1650 5302 l5.
1728 5244 1751 5278 ⁸
1780 5245 1907 5302 Act.
1933 5261 2011 5312 τι,

2176 5234 2231 5279 ’⁸
2254 5244 2400 5303 Psal.
2435 5261 2550 5311 cst,
2593 5244 2644 5300 7.
2684 5243 2706 5277 ⁵
2732 5241 2970 5319 Philipp.
3004 5257 3079 5310 tv,
3115 5240 3175 5296 l.

2166 5432 2235 5486 rii
2257 5443 2413 5501 error
2441 5429 2561 5497 sit;
2593 5442 2721 5501 nam
2765 5428 2884 5501 haec
2904 5429 3083 5501 verba
3116 5445 3226 5501 non
3241 5429 3326 5501 ‘in
3347 5427 3625 5501 Epistolis
3663 5428 3747 5501 ad

2163 5499 2519 5564 Corinthios,
2566 5498 2663 5556 sed
2711 5499 2766 5554 in
2819 5499 3065 5572 Epistola
3123 5500 3192 5557 ad
3240 5497 3619 5574 Philippenses
3662 5497 3741 5554 le-

2162 5579 2387 5646 guntur.

2234 5642 2312 5714 (5)
2344 5639 2582 5723 Yidean
2618 5642 2843 5700 verbum
2878 5640 3112 5723 σταυρόν
3139 5655 3607 5723 supervacaneum
3630 5638 3750 5709 sit;

2161 5725 2311 5772 certe
2338 5717 2460 5776 sine
2487 5717 2585 5774 illo
2610 5726 2810 5775 sensus
2836 5718 3090 5769 constare
3114 5719 3324 5783 potest.
