4154 6354
371 364 481 421 7‘25

1396 368 1674 425 ALTERA
1717 368 2076 427 LAUDATIO
2133 370 2188 429 S.
2235 372 2599 432 STEPHANI.

3536 376 3640 434 726

372 486 436 539 τὸ
462 482 761 554 πρόϐατον⁸
812 485 928 540 ἀλλ’
971 482 1038 558 ἦν
1068 487 1170 559 οὐχ
1196 487 1271 551 ὡς
1295 489 1483 555 ἁπλῶς
1513 491 1784 563 πρόϐατον
1810 491 1965 565 θηρι-

2073 494 2298 561 insiluit,
2336 510 2444 551 non
2474 503 2735 568 tanquam
2770 495 2999 553 omnino
3047 495 3169 554 ovis
3203 510 3233 551 a
3279 495 3410 566 lupo
3462 506 3641 567 rapta,

374 576 600 640 άλωτον,
629 576 764 630 ἀλλά
800 577 1073 649 πρόϐατον
1110 579 1214 633 ὐπὸ
1248 580 1484 652 Χριστοῦ
1517 582 1958 654 ποιμαινόμενον,

374 667 468 719 καὶ
487 667 625 738 πρὸς
646 669 775 732 τοὺς
801 668 999 734 λύκους
1018 671 1439 743 ἀγωνιζόμενον.
1472 676 1536 728 Οί
1558 675 1657 745 μέν
1674 676 1783 747 γὰρ
1810 675 1968 730 tinia-

375 773 484 812 σων
540 757 633 811 καὶ
661 758 988 830 διεπρίοντο,
1015 763 1134 825 ταῖς
1156 763 1513 836 κατηγορίαις
1543 766 1638 819 καὶ
1668 767 1790 830 ταῖς
1810 767 1970 820 ἀπει-

374 848 493 912 λαῖς
530 850 591 901 τὸ
623 850 875 921 ποίμνιον
915 852 1341 919 καταδάκνοντες
1363 871 1376 885 ·
1410 856 1439 908 6
1466 854 1523 909 δέ
1552 855 1751 926 μᾶλλον
1770 857 1969 921 αὐτοὺς

374 942 485 1002 τοῖς
514 940 755 1012 ἐλέγχοις
776 941 1192 1013 διεσπάραττεν,
1226 945 1260 1016 ῆ
1288 948 1407 1010 ταῖς
1430 942 1683 1012 ἀπειλαῖς
1736 950 1829 1004 καὶ
1847 953 1968 1013 ταῖς

375 1033 750 1104 κατηγορίαις,
769 1033 846 1098 ὡς
869 1036 1086 1091 ἐκεῖνοι.
1121 1037 1215 1109 Μὴ
1241 1037 1436 1107 ψιλῶς,
1472 1039 1595 1110 μηδ’
1633 1040 1970 1104 ἐπιπολαίως

376 1123 825 1196 παραδράμωμεν
849 1125 920 1180 τὰ
953 1126 1243 1199 λεγόμενα.
1281 1124 1451 1195 Οὗτος
1478 1130 1588 1202 γὰρ
1609 1132 1743 1203 πρὸς
1772 1133 1968 1186 τοσαύ-

373 1231 475 1284 την
518 1217 842 1289 συναγωγὴν
876 1220 1350 1292 πονηρευομένων,
1382 1222 1479 1277 καὶ
1519 1223 1657 1285 πρὸς
1702 1224 1969 1296 τοσαύτην

376 1306 556 1361 λύκων
582 1308 770 1378 ἔφοδον
796 1313 936 1365 κατὰ
974 1313 1078 1383 τῆς
1106 1314 1318 1378 ἀδικίας
1359 1314 1630 1386 ἐθάρσησε
1656 1316 1967 1387 παρρησιά-

379 1397 597 1463 σασθαι,
633 1402 725 1454 καὶ
746 1403 921 1456 είπεῖν
951 1405 1089 1474 μετά
1119 1406 1218 1475 τὴν
1249 1407 1450 1478 πολλὴν
1472 1406 1687 1479 ἐκείνην
1712 1407 1970 1461 διδασκα-

376 1489 497 1544 λίαν
513 1505 529 1520 ο
549 1494 1097 1563 Σκληροτράχηλοι,
1120 1497 1217 1550 καὶ
1250 1498 1633 1568 ἀπερίτμητοι
1656 1498 1731 1569 τῇ
1758 1499 1973 1567 καρδίᾳ

377 1581 478 1635 καί
529 1583 653 1650 τοῖς
696 1583 867 1650 ὠσίν,
910 1587 1082 1655 ὑμεῖς
1142 1588 1234 1644 ἀεὶ
1271 1589 1353 1657 τῷ
1376 1591 1683 1660 Πνεύματι
1724 1590 1806 1657 τῷ
1826 1590 1973 1660 ἁγίῳ

376 1671 777 1740 ἀντιπίπτετε,
813 1675 1008 1740 καθὼς
1033 1680 1088 1731 oi
1117 1678 1370 1748 πατέρες
1391 1679 1578 1750 ὑμῶν,
1603 1680 1698 1734 καὶ
1724 1678 1793 1734 τά
1820 1679 1968 1750 ἐξῆς.

376 1762 567 1829 Οὕτως
599 1767 628 1819 6
656 1766 748 1820 ἐπὶ
790 1770 887 1838 μὲν
912 1769 1015 1839 γῆς
1053 1772 1400 1843 φαινόμενος,
1449 1771 1519 1826 τὰ
1573 1772 1631 1826 δέ
1665 1773 1724 1825 ἐν
1757 1769 1972 1843 οὐρανῷ

377 1858 894 1929 κατοπτριζόμενοςο
949 1860 1044 1916 καὶ
1096 1862 1385 1934 ἀνθρώπου
1442 1863 1542 1934 μὲν
1567 1864 1730 1933 φύσιν
1762 1866 1970 1920 ἐνδεδυ·
1998 1910 2039 1934 ι,

380 1948 558 2018 μένος,
595 1950 827 2019 ἀγγέλου
859 1952 915 2005 δὲ
938 1951 1061 2021 δψιν
1116 1954 1211 2007 καλ⁸
1252 1954 1436 2026 σχῆμα
1463 1956 1970 2028 μεταμορφωσάμε-

375 2055 466 2101 νος
514 2039 628 2109 (καὶ
656 2041 862 2096 τούτων
903 2042 1055 2097 οὐδὲν
1090 2045 1321 2109 ἀπεικός
1346 2066 1358 2078 ο
1390 2046 1600 2119 ἔπρεπε
1623 2047 1735 2120 γὰρ
1754 2047 1972 2120 ἀληθῶς

377 2131 437 2185 ἐν
487 2129 568 2201 τῷ
617 2132 1052 2206 Πρωτομάρτυρι
1103 2135 1386 2207 δειχθῆναι
1430 2137 1540 2192 τῶν
1591 2122 1886 2211 μαρτύρων
1911 2140 1973 2193 τὸ

377 2219 618 2293 ἀξίωμα,
654 2224 748 2276 καὶ
775 2223 980 2293 γνῶναι
1009 2225 1198 2279 λοιπὸν
1237 2226 1485 2293 ἅπαντας
1525 2228 1625 2299 τῆς
1654 2229 1849 2300 καινῆς
1874 2230 1972 2300 χά-

380 2330 528 2383 ριτος
585 2315 657 2368 τά
705 2314 904 2387 ἐργαλ*
938 2316 968 2368 ό
1015 2315 1111 2369 τοῦ
1167 2317 1469 2389 μαρτυρίου
1515 2318 1677 2383 πόθος
1716 2320 1779 2374 οὐ
1811 2319 1973 2389 μόνον

378 2402 677 2475 ἀγγελικὴν
705 2402 861 2469 ἀξίαν
891 2405 1196 2476 χαρίζεται,
1223 2405 1359 2460 ἀλλὰ
1376 2407 1470 2461 καὶ
1493 2406 1739 2476 οὐρανῶν
1766 2408 1971 2476 ἀνοίγει

379 2495 585 2560 πύλας·
614 2498 798 2552 οὐκέτι
838 2497 1054 2569 θανάτῳ
1084 2499 1184 2563 τάς
1205 2500 1385 2571 ψυχὰς
1418 2500 1824 2573 παραπέμπων,
1855 2503 1970 2557 ἀλλ’

377 2588 458 2650 είς
499 2589 947 2660 χεῖραςΧριστοῦ
971 2590 1030 2644 τὸ
1063 2590 1280 2662 πνεῦμα
1299 2590 1751 2663 παρατιθέμενος.
1795 2594 1853 2647 '0
1872 2593 1971 2665 μὲν

377 2676 487 2746 γὰρ
522 2678 798 2749 Κυριακὸς
827 2679 1113 2752 ἄνθρωπος
1137 2681 1232 2735 τοῦ
1251 2683 1504 2754 Σωτῆρος
1535 2681 1615 2754 τῷ
1642 2683 1820 2755 ἐαυτῷ
1858 2687 1971 2739 Πα-

376 2770 468 2840 τρὶ
500 2771 558 2825 ἐν
609 2772 689 2841 τῷ
733 2772 951 2845 σταυρῷ
988 2774 1350 2846 προσεφώνει,
1392 2775 1601 2845 λέγων·
1631 2775 1843 2846 Πάτερ,
1884 2780 1972 2844 είς

381 2863 581 2932 χεῖράς
613 2881 730 2919 σου
774 2868 1131 2936 παρατίθημι
1163 2866 1229 2921 τὸ
1271 2867 1508 2937 πνεῦμά
1533 2885 1654 2939 μου
1677 2887 1691 2899 ·
1742 2870 1772 2922 6
1800 2868 1857 2921 δέ
1877 2867 1972 2922 τοῦ

378 2952 618 3022 Χριστοῦ
634 2954 820 3018 δοῦλος
837 2955 1131 3025 Στέφανος,
1153 2954 1443 3019 ἀνατείνας
1464 2957 1544 3017 είς
1565 2954 1656 3007 τὸν
1672 2953 1969 3023 Δεσπότην,

290 3112 307 3120 _
379 3045 577 3112 Κύριε,
606 3046 792 3115 φησιν,
827 3045 1043 3113 Ἰησοῦ,
1063 3044 1231 3110 δέξαι
1265 3045 1329 3098 τὸ
1356 3043 1594 3113 πνεῦμά
1614 3061 1733 3114 μου
1754 3059 1771 3077 ο
1801 3043 1974 3116 ταύτῃ

379 3136 445 3204 τῇ
472 3137 622 3204 φωνῇ
661 3134 758 3205 τὴν
786 3133 962 3205 ψυχὴν
990 3134 1348 3205 ἀποθέμενος.
1374 3133 1629 3203 Ἄγγελοι
1653 3133 1745 3186 τὸν
1766 3133 1975 3187 ἑαυτῶν

2068 587 2163 643 sed
2205 595 2462 657 tanquam
2493 588 2613 644 ovis
2648 603 2680 644 e
2707 586 2913 644 Christi
2945 602 3109 660 grege
3141 602 3267 643 cum
3307 588 3454 658 lupis
3482 587 3646 642 diuti-

2067 693 2221 735 cans.
2256 679 2391 734 Nam
2416 680 2493 734 illi
2528 677 2779 735 furebant
2840 689 3005 749 atque
3048 677 3497 742 dissecabantur,
3552 692 3643 730 ac-

2066 768 2417 823 cusationum
2449 777 2614 840 atque
2675 770 2949 823 minarum
2989 767 3265 823 morsibus
3297 780 3511 837 gregem
3558 765 3642 818 di—

2066 860 2409 927 lacerantes;
2444 867 2500 914 at
2523 858 2612 914 hic
2644 858 2866 915 diverso
2912 872 3138 930 prorsus
3173 872 3324 912 more
3352 871 3449 912 eos
3479 870 3644 925 argu-

2069 952 2502 1009 mentationibus
2556 952 2742 1023 potius
2771 952 2908 1017 suis,
2940 966 3104 1021 quam
3138 949 3301 1005 minis
3329 957 3385 1005 et
3411 963 3642 1003 accusa-

2070 1044 2312 1100 tionibus
2346 1044 2710 1115 discerpebat.
2752 1044 2822 1097 At
2846 1060 2956 1098 non
2988 1042 3184 1098 leviter
3208 1051 3371 1111 atque
3402 1054 3646 1095 summa-

2071 1138 2189 1202 tim,
2230 1153 2351 1208 qua:
2398 1136 2467 1193 de
2519 1137 2641 1207 ipso
2679 1143 2977 1190 narrantur
3006 1176 3021 1201 ,
3076 1147 3489 1205 percurramus.
3548 1130 3646 1186 llic

2068 1226 2213 1281 enim
2250 1227 2305 1281 in
2342 1234 2497 1280 tanto
2531 1225 2948 1294 malignantium
3005 1223 3241 1277 concilio
3280 1230 3335 1276 et
3367 1230 3448 1275 tot
3485 1219 3646 1289 lupo-

2071 1333 2191 1371 rum
2224 1318 2452 1372 incursu
2484 1314 2745 1371 audacter
2775 1316 3038 1370 adversus
3084 1313 3420 1383 impietatem
3468 1310 3644 1381 loqui.

2069 1417 2125 1463 et
2151 1416 2273 1479 post
2303 1408 2577 1478 egregiam
2623 1409 2770 1460 illam
2810 1405 2933 1459 fidei
2984 1404 3427 1475 medicationem
3462 1402 3648 1458 dicere

2073 1516 2180 1557 non
2212 1500 2427 1555 timuit:
2464 1499 2615 1553 Dura
2647 1499 2862 1561 cervice,
2883 1508 2932 1551 et
2965 1496 3350 1550 incircumcisis
3377 1494 3646 1554 cordibus,

2070 1604 2121 1649 et
2168 1592 2409 1655 auribus,
2458 1609 2548 1647 ros
2592 1606 2796 1659 semper
2861 1587 3084 1657 Spiritui
3135 1595 3321 1641 sancto
3377 1584 3646 1646 resistitis,

2071 1690 2206 1742 sicut
2234 1695 2411 1754 patres
2460 1685 2681 1748 vestri",
2717 1690 2771 1738 et
2804 1696 2927 1752 qua:
2979 1685 3305 1750 sequuntur.
3358 1675 3486 1731 Haec
3536 1677 3644 1737 ille,

2073 1781 2165 1851 qui
2208 1780 2262 1833 in
2297 1788 2443 1833 terra
2479 1774 2698 1847 quidem
2733 1789 2857 1830 esse
2895 1772 3208 1836 videbatur,
3248 1768 3495 1824 coelestia
3520 1782 3650 1821 vero

2073 1871 2484 1942 speculabatur,
2517 1884 2625 1922 non
2649 1875 2814 1921 exuta
2838 1864 3079 1918 hominis
3111 1868 3331 1921 natura.
3378 1861 3434 1914 in
3470 1858 3647 1926 angeli

2076 1963 2292 2027 faciem,
2328 1961 2677 2031 speciemque
2705 1955 3174 2019 transfortnatus;
3210 1953 3374 2022 idque
3401 1966 3509 2005 non
3546 1950 3650 2003 im-

2075 2059 2271 2111 merito
2299 2073 2313 2108 ;
2346 2053 2577 2109 decebat
2604 2051 2775 2113 enim,
2816 2055 2876 2103 ut
2925 2047 2979 2101 in
3018 2044 3450 2114 Protomartyre,
3503 2044 3651 2095 maro‘

2073 2157 2255 2219 tyrum
2281 2146 2520 2217 dignitas
2552 2158 2678 2198 vere
2722 2148 3031 2212 appareret,
3059 2150 3359 2205 omnesque
3392 2133 3652 2201 deinceps

2074 2253 2227 2294 novin
2280 2236 2467 2307 gratiae
2512 2249 2680 2305 opera
2733 2233 2789 2286 in
2835 2245 2901 2286 eo
2949 2229 3355 2300 dignoscerent.
3398 2222 3651 2293 Martyrii

2073 2331 2277 2402 quippe
2305 2328 2640 2384 desiderium
2676 2328 2783 2379 n'on
2814 2324 3116 2394 angelicam
3145 2319 3308 2374 modo
3332 2317 3650 2388 dignitatem

2080 2422 2343 2494 impertit,
2386 2418 2481 2475 sed
2522 2426 2577 2473 et
2606 2417 2869 2472 coriorum
2904 2412 3078 2484 aperit
3120 2419 3346 2481 portas;
3381 2425 3490 2462 non
3534 2415 3652 2461 tra-

2074 2514 2213 2569 dens
2242 2514 2452 2567 animas
2492 2510 2675 2573 morti,
2707 2509 2802 2564 sed
2834 2507 2889 2561 in
2919 2505 3127 2560 Christi
3164 2518 3360 2557 manus
3400 2500 3650 2570 spiritum

2075 2603 2489 2660 commendans.
2533 2601 2669 2655 Nam
2717 2599 3035 2655 Dominicus
3066 2596 3287 2668 quidem
3322 2594 3487 2649 homo
3530 2592 3652 2646 Sal-

2076 2702 2233 2749 vator
2265 2700 2454 2749 noster
2487 2693 2554 2748 ad
2588 2691 2805 2746 Patrem
2851 2705 3011 2745 suum
3061 2686 3116 2741 in
3156 2700 3323 2741 cruce
3364 2683 3654 2743 clamabat.

2074 2786 2262 2841 dicens
2291 2803 2303 2838 :
2341 2784 2403 2839 In
2432 2800 2623 2837 manus
2656 2791 2774 2836 tuas
2803 2779 3108 2835 commendo
3139 2778 3387 2847 spiritum
3420 2791 3593 2830 meum
3607 2776 3652 2827 '.

2076 2877 2389 2948 Stephanus
2414 2889 2546 2930 vero
2578 2872 2787 2928 Christi
2845 2886 3040 2927 servus
3069 2870 3317 2925 extensis
3346 2867 3412 2922 ad
3467 2866 3654 2920 Domi-

2075 2983 2205 3022 num
2238 2966 2496 3021 manibus
2528 2965 2625 3029 ait,
2676 2963 2901 3018 Domine
2941 2961 3096 3027 Iesu,
3149 2960 3356 3027 suscipe
3403 2957 3651 3026 spiritum

2076 3075 2249 3113 meum
2269 3060 2309 3111 ν.
2342 3055 2407 3110 Ει
2431 3056 2547 3110 haec
2567 3055 2731 3110 verba
2756 3052 3065 3124 proferens,
3094 3051 3331 3105 animam
3355 3047 3647 3105 exhalavit.

2076 3149 2267 3219 Angeli
2296 3156 2476 3203 autem
2508 3146 2749 3201 caelestis
2788 3144 2946 3198 chori
2998 3143 3211 3199 socium
3259 3145 3645 3210 susceperunt.

380 3226 646 3297 χορευτὴν
672 3225 1078 3295 ἀπελάμϐανον,
1108 3225 1308 3296 μᾶλλον
1331 3227 1493 3279 αὐτὸν
1525 3223 1732 3280 ἀνωθεν
1751 3225 1972 3296 βάλλον-

2077 3241 2331 3312 pluribus
2363 3255 2393 3296 e
2428 3238 2568 3294 caelo
2597 3237 2853 3292 laudibus
2884 3235 3066 3305 ipsum
3097 3232 3464 3293 cumulantes,
3488 3242 3653 3299 quam

379 3333 473 3379 τες
520 3318 641 3379 ταῖς
699 3316 1078 3387 εὐφημίαις,ἢ
1117 3318 1175 3371 ἐν
1208 3319 1321 3381 τοῖς
1358 3316 1527 3380 λίθοις
1554 3315 1801 3371 κάτωθεν
1844 3318 1972 3371 Ἰου-

380 3405 537 3458 δαῖοι.
581 3405 719 3457 ’Δλλ’
746 3405 774 3457 6
810 3403 913 3475 μέν
959 3403 1228 3473 Στέφανος
1271 3404 1416 3458 οὕτω
1444 3405 1535 3459 τὸν
1572 3407 1738 3462 καλὸν
1770 3409 1971 3478 ἀγωνιο

384 3494 618 3564 σάμενος
644 3493 852 3561 ἀγῶνα,
883 3492 974 3547 τὸν
1020 3494 1077 3547 ἐν
1105 3493 1359 3565 οὐρανοῖς
1393 3494 1593 3566 κλῆρον
1620 3496 1856 3562 ἐδέξατο.
1883 3499 1973 3571 Τῷ

383 3584 641 3654 Στεφάνῳ
692 3583 751 3637 δὲ
786 3582 962 3654 τούτῳ
1014 3582 1216 3647 πάντες
1255 3583 1516 3655 ἐξαίφνης
1544 3587 1595 3639 οί
1638 3586 1807 3658 τίμιοι
1836 3588 1972 3642 λίθοι

384 3675 825 3745 συνεπλάκησαν,
848 3677 898 3728 οί
928 3675 1196 3730 θειότατοι
1210 3675 1318 3729 τῶν
1334 3676 1685 3747 Εὐαγγελίων
1713 3681 1969 3752 κήρυκες,

385 3767 505 3837 μεθ’
535 3766 629 3832 οὓς
655 3769 707 3820 οί
735 3767 1032 3840 μάρτυρες,
1084 3767 1181 3822 καὶΙ
1223 3772 1339 3840 μετ’
1369 3770 1567 3834 αὐτοὺς
1596 3771 1760 3824 πάλιν
1796 3774 1844 3826 oi
1870 3790 1975 3827 σω-

379 3861 554 3931 τηρίῳ
615 3860 786 3932 ἀρετῇ
837 3860 1242 3931 διαλάμψαντες
1281 3879 1294 3894 ο
1332 3864 1764 3935 προηγουμένως
1811 3865 1869 3919 δὲ
1920 3866 1972 3919 οί

381 3954 473 4006 ἐπὶ
500 3952 596 4007 τοῦ
614 3953 882 4025 παρόντος
912 3954 1398 4026 μνημονευόμενοι,
1436 3954 1571 4010 πολύ
1601 3957 1696 4010 καὶ
1721 3957 1971 4032 λαμπρὸν

380 4046 869 4118 ἀπαστράπτοντες
913 4047 975 4101 τὸ
1003 4046 1200 4111 κάλλος
1248 4048 1348 4117 τῆς
1382 4048 1688 4112 εὐσεϐείας,
1734 4048 1877 4120 λέγω
1906 4050 1971 4123 δὴ

382 4142 608 4213 Πέτρος,
644 4143 738 4196 καὶ
775 4141 1052 4207 Ἰάκωϐος,
1081 4143 1176 4197 καί⁵
1218 4142 1489 4213 Ἰωάννης,
1514 4144 1565 4197 oi
1599 4144 1816 4215 καὶτῆς
1843 4145 1975 4197 ἀπο-

384 4233 636 4305 στολικῆς
674 4233 939 4303 ἁρμονίας
959 4233 1197 4305 ἐξαρχοι,
1230 4235 1326 4288 καὶ
1364 4235 1463 4306 τῆς
1512 4235 1973 4307 ἐκκλησιαστικῆς

383 4323 625 4390 εὐδοξίας
661 4325 932 4395 στέφανοι.
979 4327 1097 4380 Οὐκ
1133 4326 1437 4397 ἀφίσταμαι
1465 4327 1573 4399 γὰρ
1605 4328 1707 4397 τῆς
1727 4328 1821 4382 τοῦ
1845 4330 1973 4381 Στε-

383 4418 553 4487 φάνου
618 4418 1022 4488 προσηγορίας·
1080 4417 1217 4471 ἀλλὰ
1274 4418 1535 4482 πολλάκις
1587 4420 1681 4473 καὶ
1711 4419 1972 4489 μυριάκις

382 4509 577 4577 λέγων,
603 4509 683 4562 ἔτι
712 4509 881 4578 διψῶν
928 4509 1396 4579 ἐπαναλαμϐάνω’
1432 4510 1708 4579 Στεφάνου
1746 4511 1855 4581 γὰρ
1889 4510 1973 4563 κό-

2076 3333 2280 3403 quibus
2311 3331 2363 3384 in
2392 3337 2537 3385 terra
2560 3343 2683 3384 eum
2708 3325 2879 3382 Judaei
2912 3324 3186 3396 lapidibus
3212 3322 3519 3378 obruerint.
3546 3320 3653 3387 Sed

2078 3424 2391 3494 Stephanus
2422 3422 2643 3491 quidem
2690 3420 2898 3475 bonum
2932 3417 3035 3471 hoc
3069 3424 3230 3487 pacto
3262 3421 3484 3469 certans
3528 3426 3654 3467 cer-

2075 3520 2257 3565 tamen
2285 3550 2300 3575 ,
2351 3509 2600 3565 caelestis
2648 3508 2836 3579 gloriae
2879 3520 3111 3560 consors
3168 3511 3253 3559 est
3285 3501 3481 3557 factus.
3517 3498 3655 3555 Huic

2073 3612 2255 3655 autem
2290 3600 2591 3671 Stephano,
2645 3600 2751 3655 hoc
2790 3609 2896 3667 est,
2946 3617 3174 3665 coronw,
3232 3598 3378 3653 illico
3431 3598 3654 3669 pretiosi

2074 3692 2280 3763 lapides
2309 3691 2629 3763 agglutinati
2659 3699 2809 3757 sunt,
2854 3691 3023 3747 divini
3061 3690 3311 3745 videlicet
3334 3688 3653 3758 Evangelia-

2076 3800 2195 3839 rum
2231 3798 2533 3855 prtecones,
2578 3800 2718 3854 quos
2761 3783 3042 3840 subsecuti
3090 3789 3221 3839 sunt
3278 3788 3566 3854 martyres,
3601 3790 3655 3837 et

2076 3892 2289 3944 rursus,
2323 3877 2416 3948 qui
2451 3876 2682 3932 salutari
2724 3876 2985 3945 deinceps
3022 3875 3225 3930 virtute
3248 3882 3653 3937 coruscarunt;

2073 3983 2185 4037 prae
2213 3968 2426 4024 cazteris
2462 3983 2591 4023 vero
2618 3966 2879 4021 omnibus
2910 3966 2977 4029 ii,
3030 3980 3263 4035 quorum
3306 3966 3358 4019 in
3400 3954 3652 4037 praesenti

2076 4058 2392 4113 memoriam
2464 4058 2702 4128 agimus,
2768 4057 2864 4127 qui
2941 4057 3102 4128 longe
3170 4058 3388 4126 lateque
3437 4056 3656 4126 pietatis

2078 4145 2373 4216 splendore
2426 4146 2794 4210 effulserunt,
2844 4144 3066 4200 Petrum
3124 4146 3235 4212 aio,
3270 4143 3559 4207 Iacobum,
3603 4155 3655 4200 et

2072 4233 2339 4290 Joannem
2390 4236 2674 4306 apostolici
2720 4236 2930 4292 ordinis
2974 4236 3269 4306 principes,
3303 4244 3358 4291 et
3395 4236 3653 4291 ecclesia—

2073 4328 2222 4385 sticae
2250 4327 2433 4397 gloriae
2454 4342 2692 4383 coronas
2725 4328 2823 4397 (7).
2856 4329 3074 4398 Nequeo
3104 4329 3251 4383 enim
3285 4328 3415 4383 mihi
3445 4338 3648 4399 tempe-

2074 4433 2217 4480 rare,
2247 4419 2544 4490 quominus
2568 4418 2831 4495 Stephani
2853 4419 2931 4492 (8)
2971 4436 3169 4476 nomen
3220 4436 3479 4491 usurpem
3508 4462 3522 4485 ,
3555 4420 3652 4475 sed

2077 4510 2329 4580 quamvis
2361 4510 2707 4580 frequentius
2735 4526 2799 4567 ac
2820 4511 3021 4567 millies
3036 4511 3297 4580 Stephani
3322 4511 3651 4569 mentionem

385 4618 475 4672 ρος
525 4600 625 4653 οὐκ
666 4600 782 4653 ἐστι
814 4602 926 4663 τοῖς
960 4600 1021 4653 τὸ
1065 4600 1334 4671 μακάριον
1360 4600 1515 4664 τέλος
1558 4601 1667 4654 τῶν
1699 4599 1972 4669 στεφάνων

2082 4598 2326 4661 fecerim,
2360 4606 2603 4654 attamen
2637 4611 2860 4671 propter
2889 4600 3269 4655 inexhaustam
3302 4599 3468 4670 hujus
3501 4599 3653 4655 vocis

384 4692 778 4762 ἐκδεχομένοις.
808 4690 1043 4753 Οὐκοῦν,
1075 4694 1124 4745 εί
1175 4692 1255 4746 δεῖ
1299 4692 1608 4763 φιλαλήθως
1648 4693 1841 4756 εἰπεῖν,
1867 4693 1977 4747 ἀπὸ

384 4784 655 4851 Στεφάνου
692 4782 853 4836 πάλιν
886 4782 1168 4850 στεφάνοις
1197 4783 1531 4855 εὐωχοῦμεν,
1559 4784 1654 4837 καὶ
1691 4783 1978 4837 κοινωνοῦ-

384 4890 484 4943 μεν
507 4872 686 4926 αὐτῶν
722 4874 843 4936 ταῖς
900 4874 1163 4944 μνήμαις,
1215 4875 1513 4946 ἐπειδήπερ
1551 4874 1841 4945 ἐλπίζομεν
1864 4893 1977 4929 κοι-

381 4967 587 5029 νωνεῖν,
621 4966 714 5019 καὶ
753 4964 956 5035 μένειν,
981 4966 1074 5019 καὶ
1108 4965 1499 5037 ωνδοξάσομεν
1516 4966 1629 5038 (6)’
1653 4966 1977 5040 βεϐαιούσης

456 5169 478 5200 ⁷
507 5171 626 5223 Act.
665 5168 873 5233 vn,5l.
949 5168 970 5198 ⁸
996 5164 1131 5221 Luc.
1162 5182 1320 5232 um,
1347 5166 1438 5222 ιϐ.
1512 5168 1534 5200 ⁹
1570 5167 1695 5224 Act.
1731 5184 1830 5230 vn,
1866 5168 1957 5223 59.

451 5366 534 5435 (6)
563 5365 617 5417 |n
646 5362 1021 5435 aliaeditione
1067 5361 1232 5435 hujus
1278 5363 1545 5435 orationis
1584 5380 1711 5435 quae
1758 5366 1809 5419 in
1855 5382 1964 5419 uno

397 5430 700 5501 eodemque
730 5430 997 5486 Vaticano
1025 5434 1234 5496 codice,
1267 5449 1416 5486 nnln.
1446 5433 1552 5488 uti
1581 5430 1831 5497 habetur.
1870 5437 1916 5489 Ie

388 5508 536 5575 gitur
567 5505 659 5575 καὶ
694 5503 873 5573 μένειν
892 5501 1335 5575 συνδοξὸιζεσθαι.

460 5575 539 5643 (7)
580 5571 839 5642 Nyssenae
890 5571 1148 5626 Ecclesim
1178 5582 1229 5626 et
1261 5573 1429 5626 totius
1477 5573 1704 5626 fortasse
1754 5574 1965 5642 (lappa-

382 5645 580 5697 .locum
633 5644 811 5709 gentis
850 5643 1133 5705 instituto,
1194 5659 1300 5695 una
1359 5644 1657 5712 eademque
1705 5643 1791 5696 die
1846 5654 1966 5712 post

386 5717 444 5768 S.
479 5713 738 5778 Stephani
788 5714 1212 5773 solemnitatem,
1249 5715 1622 5781 apostolorum
1665 5712 1829 5776 Petri,
1868 5712 1962 5766 Ja—

381 5785 532 5853 cobi,
557 5790 612 5839 et
638 5781 868 5837 Joannis
905 5782 1099 5837 festum
1136 5783 1530 5839 celebrabatur.
1562 5782 1964 5839 Metniuitenim

2073 4689 2416 4760 proferenda
2438 4690 2773 4758 aviditatem,
2801 4691 3069 4762 Stephani
3097 4706 3295 4746 nomen
3323 4706 3520 4746 rursus
3558 4691 3653 4745 ad-

2074 4782 2181 4836 huc
2210 4788 2398 4853 repeto
2429 4800 2443 4849 ;
2472 4781 2752 4852 Stephano
2780 4783 2925 4838 enim
2954 4782 3439 4840 commemorando
3464 4782 3648 4838 satiari

2074 4890 2421 4945 nequaquam
2452 4885 2706 4945 possunt,
2752 4876 2846 4946 qui
2896 4878 3142 4931 virm'um
3186 4875 3465 4945 Stephano
3498 4876 3651 4929 sinti-

2075 4969 2208 5023 lium
2242 4968 2453 5024 felicem
2488 4968 2694 5023 exitum
2735 4976 3075 5039 exspectant.
3113 4966 3281 5038 Igitur
3325 4968 3372 5022 si
3410 4982 3539 5021 vera
3574 4968 3650 5021 ιο.

2072 5368 2237 5436 lmjus
2275 5366 2446 5425 moris
2492 5383 2601 5420 non
2649 5366 2810 5419 modo
2860 5365 2961 5417 hoc
2992 5365 3047 5418 in
3081 5362 3650 5436 locoNyssenusno-
3704 5357 3710 5361 ’

2071 5431 2220 5501 ste'r;
2276 5439 2368 5491 sed
2406 5446 2460 5490 et
2515 5437 2671 5488 initio
2724 5437 2950 5489 alterius
2998 5431 3557 5489 orationis‘funcbris
3593 5433 3648 5487 in

2076 5510 2134 5561 υ.
2170 5506 2431 5562 Basiliam
2468 5507 2710 5559 fratrem.

2146 5644 2226 5713 (8)
2258 5642 2538 5714 Nyssenus
2569 5643 2773 5714 pluries
2803 5657 2898 5711 per
2922 5642 3065 5714 hanc
3094 5640 3398 5714 orationem
3428 5642 3485 5696 in
3514 5656 3647 5695 voce

2073 5714 2284 5776 Graeca,
2307 5712 2585 5782 στέφανος
2640 5712 2797 5777 ludit,
2830 5730 2948 5782 qua:
2980 5712 3313 5780 Stephanum
3345 5722 3647 5782 protomar-

2076 5796 2262 5853 tyrem,
2300 5792 2355 5840 et
2384 5780 2634 5838 coronam
2672 5798 2825 5854 atque
2849 5780 3147 5853 significat,
3174 5798 3275 5838 nos
3306 5789 3488 5837 autem
3528 5780 3647 5839 Ste-
