4154 6354
411 349 513 403 7am
1449 334 1733 391 ALTERA
1768 332 2129 391 LAUDATIO
2169 339 2229 395 S.
2268 340 2634 399 STEPHANI.
3160 343 3174 353 ’
3568 348 3673 407 730

412 461 559 530 Ἐγώ
580 460 696 527 εἰμι
720 457 787 511 τὸ
807 456 933 526 φῶς
950 455 1059 509 τοῦ
1079 454 1311 523 κόσμου
1326 452 1542 516 τούτου,
1559 453 1659 505 οὐκ
1679 450 1991 522 ἀπηξίωσεν
2019 452 2052 510 Δ

2032 452 2067 510 Α
2094 451 2279 525 Neqde
2304 458 2449 512 enim
2481 459 2630 515 venit
2659 457 2870 515 solvere
2890 450 3077 531 legem
3108 468 3203 516 aut
3228 473 3545 533 propnetas,
3576 466 3672 522 sed

401 554 434 620 ἡ
461 550 611 620 πηγὴ
642 546 740 619 τῆς
762 545 1098 617 ἀγαθότητος
1123 544 1181 611 ἐξ
1211 542 1417 612 ἀγαθοῦ
1450 542 1663 623 Πατρὸς
1686 539 1989 612 προελθὼν,

2093 547 2392 618 adimplere
2423 551 2488 603 η.
2522 550 2593 604 At
2630 565 2763 606 vero
2792 566 2947 607 novae
2974 552 3109 623 legis
3152 560 3421 625 tempore,
3451 570 3576 610 cum
3605 557 3674 612 de

402 645 515 705 τοῖς
565 640 714 710 αύτῷ
746 638 1056 693 δουλεύουσι
1092 636 1418 708 μεταδοῦναι
1454 636 1552 706 τῆς
1595 633 1792 688 ἐαυτοῦ
1824 651 1993 706 προσ-

2094 656 2153 695 se
2184 641 2305 710 ipso
2328 641 2572 698 Salvator
2600 644 2781 698 dicat:
2807 643 2920 715 Ego
2949 660 3065 699 sum
3093 645 3185 699 tua:
3212 646 3401 701 rutundi
3420 647 3586 717 hujus
3610 649 3680 713 ",

402 734 657 805 ηγορίαςο
717 730 856 786 ἀλλά
908 749 1042 801 φησι
1102 731 1238 802 πρὸς
1289 729 1415 791 τοὺς
1468 726 1665 781 ἑαυτοῦ
1701 727 1988 797 μαθητάς·

2094 749 2204 788 non
2240 732 2564 805 dedignatus
2588 741 2674 790 est
2701 734 2826 791 fons
2851 735 2939 791 ille
2972 734 3255 803 bonitatis,
3282 753 3314 793 e
3342 738 3486 793 bono
3514 737 3680 795 Patre

417 823 601 891 Ὑμεῖς
633 823 773 877 ἐστε
801 821 867 875 τὸ
911 820 1036 891 φῶς
1072 819 1180 874 τοῦ
1226 820 1458 888 κόσμου
1481 834 1493 849 ’
1528 820 1643 882 καὶ,
1693 817 1994 888 Λαμψάτω

2093 839 2381 887 emanans,
2419 839 2609 881 servos
2637 841 2768 881 suos
2802 827 3045 882 nominis
3066 827 3231 896 hujus
3267 828 3352 885 sui
3377 828 3677 899 participes

404 917 476 969 τὰ
523 916 666 984 ἔργα
706 912 873 984 ὑμῶν
925 914 1270 983 ἔμπροσθεν
1308 911 1428 966 τῶν
1460 911 1805 981 ἀνθρώπων.
1844 914 1909 965 ’Ὀ
1938 912 1994 966 δὲ
2032 988 2041 989 7

2037 988 2041 989 ί
2097 914 2298 971 facere.
2328 914 2433 971 Sed
2467 914 2533 969 ad
2560 917 2861 988 discipulos
2885 933 3016 975 suos
3042 919 3222 989 inquit
3247 937 3261 974 :
3300 919 3402 974 Vos
3432 921 3559 975 estis
3586 923 3677 974 lux

412 1006 593 1076 μεῖζον
624 1008 969 1077 παραγαγεῖν
1023 1005 1222 1076 ἔχομεν
1258 1006 1339 1067 εἰς
1367 1004 1673 1075 ὑπόμνησιν
1706 1004 1814 1058 τῶν
1846 1006 1997 1075 εἰρη-
2024 988 2043 1007 ’

2096 1010 2322 1076 mundi;
2358 1020 2445 1076 et,
2497 1011 2733 1067 Luceant
2790 1027 2949 1082 opera
3008 1022 3185 1067 vestra
3222 1028 3404 1066 coram
3444 1013 3677 1067 homini-

413 1099 607 1167 μένων,
643 1099 821 1161 τοῦτο,
847 1098 1030 1167 χάριτι
1057 1096 1212 1157 Θεοῦ,
1236 1097 1397 1151 πάλιν
1417 1095 1780 1167 ἐκθησόμεθαο
1823 1096 1995 1150 Ἰωάν-

2097 1103 2192 1155 bus
2226 1103 2290 1157 ¹³.
2321 1102 2429 1159 Sed
2480 1103 2627 1174 quod
2654 1104 2722 1159 ad
2750 1120 2813 1159 ea
2835 1120 2958 1175 qua:
3010 1105 3270 1171 diximus,
3303 1105 3679 1161 conﬁrmanda

408 1206 507 1258 νης
540 1189 871 1260 Βαπτιστὴς,
898 1189 1091 1259 λύχνος
1130 1188 1473 1258 ὀνομασθεὶς,
1506 1189 1598 1243 καὶ
1618 1189 1676 1241 ὲν
1702 1190 1814 1250 τοῖς
1846 1185 1998 1241 Ψαλ-

2096 1192 2292 1247 adduci
2319 1200 2523 1262 potest,
2553 1192 2627 1257 id,
2649 1192 2876 1263 juvante
2904 1192 3034 1259 Deo,
3067 1207 3262 1249 rursus
3292 1191 3675 1263 proferamus:

413 1283 533 1352 μοῖς
553 1282 1183 1352 προαναπεφωνημένος,
1221 1282 1316 1333 καὶ
1348 1280 1453 1333 ὑπδ
1484 1280 1691 1351 Κυρίου
1718 1296 1998 1349 μεμαρτυ-

2095 1283 2292 1340 Joanni
2341 1285 2597 1355 Baptistae
2642 1285 2962 1355 impositum
3015 1284 3120 1339 fuit
3170 1284 3409 1341 lucernae
3454 1300 3675 1351 nomen,

413 1372 668 1443 ρημένος.
700 1374 777 1426 νὉ
828 1373 928 1443 μὲν
955 1372 1065 1442 γὰρ
1107 1373 1416 1443 Προφήτης,
1457 1373 1523 1425 ὲκ
1577 1370 1868 1441 προσώπου
1902 1371 1996 1424 τοῦ

2092 1377 2247 1447 juxta
2276 1378 2327 1432 id
2353 1377 2498 1448 quod
2530 1379 2584 1432 in
2606 1376 2843 1435 Psalmis
2864 1378 2933 1433 de
2953 1392 3021 1434 eo
3042 1385 3201 1433 antea
3226 1378 3677 1449 praenuntiatum,

410 1460 643 1531 Πατρὸς,
673 1460 809 1532 φησὶ
856 1463 983 1531 περὶ
1014 1458 1179 1514 αὐτοῦ
1218 1460 1306 1514 διὰ
1342 1461 1443 1530 τῆς
1486 1460 1781 1532 ύμνῳδίαςο
1818 1462 1999 1515 Ἠτοι-

2096 1480 2150 1525 et
2178 1470 2390 1531 Clu-isti
2413 1471 2671 1541 deinceps
2715 1470 3033 1526 testimonio
3085 1471 3502 1540 comprobatum
3554 1467 3677 1522 fuit.

407 1564 575 1620 μασα
598 1552 833 1618 ,λύχνον
856 1549 935 1616 τῷ
954 1551 1184 1619 Χριστῷ
1198 1569 1340 1621 μου,
1371 1552 1669 1617 τουτέστιν,
1686 1553 1828 1625 Ὑπη
1838 1557 1999 1625 ρέτην

2097 1563 2367 1635 Propheta
2395 1564 2566 1627 enim,
2590 1562 2771 1619 Patris
2798 1578 3089 1633 personam
3126 1563 3432 1625 sustinens,
3459 1558 3528 1616 de
3559 1560 3680 1630 ipso

412 1644 508 1696 καὶ
558 1642 867 1714 πρόδρομον
916 1645 1189 1714 ἡτοίμασα
1230 1645 1323 1698 τοῦ
1374 1645 1553 1713 φωτός
1578 1660 1591 1673 ·
1630 1647 1659 1698 6
1695 1644 1752 1698 δὲ
1795 1646 2000 1717 Κύριος

2096 1656 2241 1711 inter
2258 1656 2563 1712 canendum
2586 1656 2683 1722 ait,
2713 1654 2911 1709 Paravi
2938 1654 3205 1709 lucernam
3233 1652 3445 1707 Christo
3465 1667 3577 1706 meo
3611 1651 3681 1711 “,

410 1736 510 1805 τὴν
546 1737 824 1806 Πατρικὴν
858 1736 1092 1806 βεϐαιῶν
1133 1737 1336 1809 φωνὴν,
1378 1737 1637 1805 Ἐκεῖνος
1676 1734 1776 1808 ἦν,
1810 1741 1995 1812 φησὶν,
2027 1800 2050 1817 ν

2041 1800 2069 1817 η
2100 1749 2205 1806 hoc
2232 1757 2339 1817 est,
2365 1749 2504 1805 lucis
2538 1749 2853 1804 ministrum
2886 1754 2942 1803 et
2996 1759 3416 1817 praecursorem.
3458 1742 3529 1796 At
3571 1742 3681 1795 Do-

413 1830 446 1881 ό
467 1800 479 1805 1
498 1800 727 1897 λύχνος
779 1800 819 1881 ’ὁ
858 1800 1207 1899 παιόμενος.
1253 1800 1392 1883 ’Ᾰλλ’
1430 1831 1581 1901 ὅμως
1672 1800 1879 1902 λύχνος.
1899 1800 1995 1895 ὢν,
2027 1800 2053 1855 Ι

2044 1800 2072 1855 Β
2100 1842 2283 1897 minus
2924 1800 3152 1903 addens,
3213 1835 3338 1899 Ille,
3369 1834 3567 1904 inquit,
3600 1835 3684 1887 lu-

411 1919 662 1974 τοσοῦτον
712 1920 918 1993 ἀπέσχε
975 1920 1071 1974 τοῦ
1125 1922 1518 1993 ἀμαυρωθῆναι
1548 1926 1613 1993 τῇ
1661 1922 1755 1977 τοῦ
1790 1924 1997 1994 Κυρίου

2099 1951 2258 1990 cerua
2276 1943 2390 1989 erat
2420 1933 2612 1988 ardens
2628 1933 2691 1986 “‘.
2713 1930 2817 1987 Sed
2840 1929 3195 2001 quantumvis
3220 1929 3443 1983 lucerna
3476 1926 3683 1981 solum-

414 2012 706 2084 παρουσίᾳ,
737 2013 794 2077 ὃς
817 2007 884 2082 ἦν
914 2013 1064 2083 ἥλιος
1114 2013 1475 2086 δικαιοσύνης,
1505 2013 1646 2068 ὥστε
1681 2016 1773 2069 καὶ
1802 2016 2000 2085 μᾶλλον

2100 2025 2264 2081 modo
2300 2032 2470 2088 esset,
2510 2029 2722 2077 tantum
2762 2019 2962 2087 abfuit,
2995 2026 3057 2075 ut
3085 2020 3141 2074 in
3173 2016 3390 2073 Domini
3421 2016 3680 2079 adventu,

412 2104 694 2174 διέλαμψε,
719 2103 894 2177 κήρυξ
936 2106 1070 2177 ὁμοῦ
1106 2109 1198 2160 καὶ
1233 2106 1480 2176 θεολόγος
1510 2108 1677 2162 αὐτοῦ
1704 2108 1794 2162 τοῦ
1819 2111 2001 2178 Σωτῆ-

2101 2118 2195 2189 qni
2226 2117 2309 2174 sol
2353 2123 2472 2172 erat
2500 2114 2751 2186 iustitia},
2785 2115 3210 2177 obscuraretur,
3252 2109 3551 2164 utclariori
3584 2123 3683 2178 po-

415 2216 506 2270 ρος
528 2199 556 2250 6
594 2200 899 2271 Βαπτιστὴς
939 2199 1247 2267 γενόμενος.
1290 2199 1542 2270 Ἰωάννης
1572 2202 1672 2272 μὲν
1703 2198 1795 2256 οὖν
1816 2201 1905 2256 διά
1942 2203 2003 2255 τὸ

2102 2212 2213 2266 tius
2238 2209 2446 2263 lumine
2481 2206 2777 2272 refulserit,
2828 2205 3005 2276 ipsius
3033 2202 3358 2267 Salvatoris,
3410 2200 3685 2270 ejusdem-

413 2290 509 2343 ἕνα
538 2291 697 2361 μόνον
725 2292 978 2361 φωτίζειν
1003 2286 1152 2344 οἷκον
1176 2290 1270 2344 τὸν
1290 2292 1396 2363 τοῦί
1410 2293 1647 2365 Ἰσραὴλ,
1676 2293 1866 2365 λύχνος
1889 2294 2000 2365 (15)

2103 2320 2212 2375 que
2266 2302 2574 2358 divinitatis
2629 2314 2810 2371 praeco
2865 2297 3049 2362 simul,
3104 2310 3170 2350 ac
3225 2293 3383 2349 testis
3433 2290 3681 2347 effectus.

412 2382 725 2453 ὠνομάσθη.
764 2385 825 2435 Οἱ
858 2382 914 2434 δὲ
949 2381 1041 2435 τοῦ
1072 2383 1322 2454 Σωτῆρος
1348 2383 1653 2449 ἀπόστολοι,
1688 2385 1750 2437 ού
1786 2384 1999 2454 λύχνοι,

2100 2393 2349 2449 Joannes
2372 2393 2541 2463 igitur
2564 2399 2854 2462 propterea
2886 2387 3029 2459 quod
3068 2401 3231 2440 unam
3264 2384 3437 2440 solam
3468 2381 3688 2438 Israelis

412 2474 532 2527 οὐδὲ
561 2473 807 2545 ἀστέρες,
834 2473 968 2527 ἀλλά
1002 2473 1289 2546 φωστῆρες
1319 2474 1784 2545 ἀνηγορεύθησαν,
1814 2477 1913 2529 οὐκ
1945 2479 2002 2530 ὲν

2104 2485 2325 2540 domum
2386 2482 2736 2545 illuminavit,
2790 2481 3030 2536 lucernae
3067 2492 3270 2531 nomen
3340 2475 3574 2544 accepit.
3616 2470 3688 2526 At

414 2566 494 2619 ἐν).
530 2564 773 2635 κλίματι,
798 2565 919 2619 οὐδὲ
950 2567 1047 2637 μιᾷ
1072 2567 1245 2638 γωνία
1281 2567 1608 2637 λάμποντες,
1640 2566 1756 2621 ἀλλ’
1783 2566 2001 2621 ἃπασαν

2104 2577 2277 2632 nostri
2297 2573 2859 2642 Salvatorisapostoll,
2876 2584 2983 2626 non
2998 2572 3240 2635 lucerna,
3263 2581 3366 2620 non
3385 2564 3684 2635 lampades,

412 2654 509 2724 τὴν
536 2656 638 2708 ὑπὸ
658 2657 884 2723 οὐρανὸν
924 2656 1382 2726 καταυγάζοντες.
1414 2658 1671 2731 Ἐξαρχοι
1699 2660 1754 2712 δὲ
1797 2662 2001 2714 τούτων

2105 2686 2207 2726 nec
2238 2670 2442 2732 sidera,
2484 2665 2577 2723 sed
2620 2664 2911 2719 luminaria
2958 2659 3257 2727 nuncupati
3290 2657 3465 2720 fuere,
3503 2664 3690 2725 utpote

414 2747 507 2800 καὶ
529 2762 816 2817 scopae-sua.
848 2750 875 2800 6
906 2750 1134 2820 Πέτρος,
1166 2750 1261 2803 καί
1288 2751 1316 2802 6
1355 2749 1628 2815 Ἰάκωϐος,
1654 2751 1748 2804 καὶ
1773 2754 1801 2805 ὁ
1828 2752 2004 2806 Ἰωάν-

2105 2763 2199 2831 qui
2226 2775 2332 2815 non
2360 2759 2414 2812 in
2440 2772 2545 2811 una
2567 2756 2809 2825 regione,
2845 2768 2948 2808 nec
2977 2753 3030 2806 in
3051 2764 3161 2804 uno
3181 2756 3454 2802 terrarum
3490 2740 3690 2812 angqu

414 2856 531 2910 γης,
558 2840 608 2893 οἱ
636 2845 873 2911 σήμερον
899 2845 1020 2905 ταῖς
1055 2843 1196 2913 ὑπὲρ
1229 2842 1472 2912 Χριστοῦ
1511 2843 1841 2915 μαρτυρίαις
1911 2862 2002 2898 σε-

2105 2854 2329 2913 fulsere,
2364 2849 2459 2905 sed
2486 2845 2755 2918 quidquid
2811 2843 2916 2898 sub
2942 2842 3084 2897 coelo
3138 2845 3225 2895 est
3277 2834 3685 2892 illuminarunt.

421 2934 763 3006 μνυνόμενοι,
807 2933 1115 3003 συμφώνως
1152 2935 1248 3005 μὲν
1282 2934 1417 3006 πρὸς
1474 2936 1535 2988 τὸ
1564 2936 1720 3001 τέλος
1745 2937 1839 2989 τοῦ
1885 2937 2001 3007 βίου

2106 2946 2311 3002 Horum
2341 2957 2469 2998 vero
2505 2940 2675 2996 duces
2697 2952 2763 2992 ac
2794 2934 3073 3007 principes
3113 2937 3245 2987 sunt
3275 2928 3493 2991 Petrus,
3523 2923 3690 2979 Jaco-

414 3026 733 3096 δραμόντες,
756 3025 1032 3094 διαφόροις
1073 3026 1131 3079 δὲ
1168 3025 1262 3079 τοῦ
1294 3027 1596 3097 μαρτυρίου
1655 3028 1878 3098 τρόποις
1915 3031 2002 3082 ἐν·

2105 3039 2231 3105 bus,
2287 3045 2344 3091 et
2399 3033 2658 3094 Joannes,
2721 3028 2793 3083 ob
2826 3027 3115 3082 toleratum
3154 3036 3263 3093 pro
3318 3018 3525 3074 Christi
3584 3014 3696 3071 ﬁde

416 3118 768 3186 ἀθλήσαντες.
807 3116 868 3172 '0
900 3118 998 3188 μὲν
1028 3118 1137 3189 γὰρ
1179 3118 1570 3189 πρωτοστάτης
1598 3119 1689 3174 καὶ
1715 3124 2006 3192 κορυφαῖος
2033 3138 2056 3196 (

2047 3138 2075 3196 Β
2112 3126 2431 3197 martyrium
2451 3121 2730 3178 hodiernae
2751 3116 3063 3174 festivitatis
3087 3116 3348 3168 honorem
3376 3106 3687 3168 consecuti,

416 3211 513 3281 τῆς
554 3209 917 3278 ἀποστολικῆς
971 3210 1191 3280 χορείας
1254 3211 1590 3281 ἀναδειχθεὶς
1616 3253 1630 3277 ,
1671 3212 1877 3266 οίκείαν
1925 3212 2004 3282 τῷ

2111 3221 2204 3288 qui
2234 3230 2345 3272 uno
2384 3212 2600 3284 quidem
2654 3209 2959 3277 eodemque
3006 3202 3293 3275 proposito
3346 3198 3412 3253 ad
3460 3202 3691 3250 mortem

418 3298 687 3370 ἀξιώματι
715 3299 815 3370 τὴν
873 3297 1033 3365 δόξαν
1086 3298 1455 3369 ἀπηνέγκατο,
1503 3300 1569 3369 τῇ
1617 3296 1711 3351 τοῦ
1752 3298 2005 3369 Σωτῆρος

2112 3315 2503 3382 preperarunt,
2539 3304 2761 3358 diverso
2792 3306 2975 3355 autem
3005 3293 3252 3366 martyrii
3284 3306 3482 3364 genere
3505 3288 3694 3343 decer-

419 3389 778 3460 ὁμοιοπαθεία
800 3388 1165 3459 τετιμημένος
1192 3403 1207 3416 ·
1242 3390 1270 3441 6
1298 3388 1517 3460 σταυρῷ
1545 3388 1657 3459 (14)
1690 3389 1799 3461 γὰρ
1839 3406 2006 3459 προσ-

2111 3379 2321 3459 tarum.
2349 3398 2485 3454 Nam
2534 3398 2646 3460 ille,
2687 3408 2849 3464 quem
2897 3389 3163 3445 Dominus
3202 3382 3490 3456 apostolici
3539 3379 3692 3433 chori

417 3481 669 3551 ηλωθεὶς,
701 3480 799 3551 τὴν
830 3480 1166 3551 Δεσποτικὴν
1199 3479 1381 3534 είκύ⁶να
1408 3481 1502 3535 τοῦ
1534 3480 1799 3551 βασιλέως
1822 3480 2005 3547 ἐξετύ-

2114 3494 2415 3566 principem
2441 3498 2496 3544 et
2522 3485 2875 3556 coryphaaum
2924 3478 3255 3549 designavit,
3278 3471 3694 3530 convenientem

422 3589 604 3626 πωσεν
627 3571 833 3643 (εἰκόνα
884 3572 941 3625 δὲ
986 3571 1130 3639 λέγω
1166 3570 1448 3640 βασιλικὴν
1476 3571 1567 3625 τὸν
1596 3573 1871 3643 σταυρόν)ο
1906 3574 2007 3626 οὐκ

2112 3562 2363 3653 dignitati
2414 3594 2528 3634 sum
2584 3574 2814 3645 gloriam
2860 3568 3136 3633 obtinuit,
3168 3562 3438 3634 'martyrii
3471 3572 3692 3631 genere,

421 3666 808 3736 αἰσχυνόμενος
845 3665 938 3717 ἐπὶ
971 3664 1050 3735 τῷ
1087 3664 1270 3729 πάθει,
1318 3664 1454 3718 ἀλλά
1488 3665 1885 3735 σεμνυνόμενος
1914 3666 2007 3718 ἐπὶ

2114 3674 2413 3731 Βοηιὶηἱοω
2437 3668 2683 3741 passioni
2710 3664 2853 3720 haud
2881 3659 3142 3725 absimili,
3161 3658 3476 3717 decoratus,
3495 3653 3701 3723 quippe

421 3757 497 3829 τῷ
555 3756 775 3829 μεγάλῳ
806 3756 1068 3827 τροπαίῳ.
1100 3756 1252 3828 Μήτε
1297 3758 1405 3828 γάρ
1430 3758 1634 3823 αὐτοῖς,
1679 3758 1815 3828 μήτε
1852 3760 2006 3827 ἡμῖν,

2114 3768 2207 3840 qui
2242 3766 2396 3821 cruci
2435 3760 2670 3817 sufﬁxus
2702 3758 2907 3827 regiam
2934 3752 3153 3808 Domini
3186 3748 3362 3805 nostri
3400 3744 3694 3816 imaginem

425 3853 562 3922 μήτε
616 3853 728 3913 τοῖς
766 3850 883 3919 μεθ’
913 3851 1083 3919 ἡμᾶς,
1133 3851 1271 3921 μήτε
1301 3850 1409 3902 τινὶ
1451 3849 1645 3922 ἑτέρῳ,
1680 3848 1774 3903 τοῦ
1800 3850 2005 3920 Κυρίου

2114 3857 2407 3929 expressit.
2434 3852 2664 3923 Regiam
2703 3855 2886 3903 autem
2936 3843 3232 3915 imaginem
3283 3850 3504 3894 crucem
3538 3848 3696 3894 voco,

420 3948 453 4016 ἡ
464 3945 579 4014 μῶν
597 3943 771 4012 Ἰησοῦ
786 3941 1045 4013 Χριστοῦ,
1064 3941 1245 4006 καθὼς
1263 3943 1357 3996 καὶ
1373 3944 1401 3995 6
1416 3942 1629 4005 Παῦλός
1646 3958 1808 4011 φησιν
1822 3943 1866 4013 (l
1880 3942 1979 4012 5)..
1992 3979 2005 3994 .

2115 3928 2226 4007 non
2254 3946 2397 4020 quod
2427 3944 2739 4016 passionem
2784 3937 3135 3999 erubescam,
3162 3931 3256 3989 sed
3306 3930 3437 4002 quia
3466 3928 3535 3982 de
3581 3940 3700 3979 ma-

421 4039 565 4095 οὖτω
625 4038 734 4109 γὰρ
768 4038 862 4092 καὶ
889 4036 1093 4108 Πέτρος
1145 4036 1397 4106 φαίνεται
1435 4034 1524 4089 διά
1552 4037 1720 4106 τιμῆς
1749 4034 1887 4106 ἔχων
1913 4035 2010 4105 τὴν

2117 4057 2247 4115 gno,
2273 4016 2419 4109 quod
2453 4037 2523 4091 ab
2574 4036 2693 4104 ipsa
2728 4029 3017 4103 pependit,
3068 4024 3317 4095 trophaeo
3345 4020 3529 4091 potius
3582 4016 3699 4115 glo-

435 4108 732 4203 σεϐἀσμιον
767 4130 953 4193 (16)...
999 4128 1181 4193 Ἦξίου
1214 4126 1326 4198 γὰρ
1358 4127 1498 4180 κατά
1528 4126 1771 4196 κεφαλῆς
1806 4144 2015 4197 κρεμα-

2115 4108 2247 4190 rier.
2266 4108 2399 4185 Nam
2422 4144 2522 4185 nec
2544 4127 2703 4197 ipsis,
2727 4137 2831 4178 nec
2856 4119 3039 4182 nobis,
3062 4130 3164 4172 nec
3193 4114 3433 4186 posteris
3463 4108 3698 4170 nostris,

428 4224 620 4293 σθῆναι
648 4218 753 4277 ύπὺ
794 4224 901 4277 τῶν
950 4222 1325 4294 σταυρούντων
1352 4222 1440 4276 διὰ
1471 4222 1671 4291 πολλὴν
1706 4222 2014 4285 εὐλάϐειαν,

2116 4240 2219 4281 nec
2249 4223 2341 4276 alii
2373 4220 2613 4290 cuipiam
2644 4212 2861 4271 Domini
2892 4209 3069 4267 nostri
3097 4207 3227 4263 Jesu
3253 4204 3485 4269 Christi,
3517 4216 3705 4271 quem-

429 4291 615 4385 ἵναμὴ
656 4311 776 4379 ἴσος
831 4311 970 4369 εῖναι
1000 4315 1076 4386 τῷ
1092 4291 1315 4387 ’Σωτῆρι
1359 4314 1506 4386 δόξῃ,
1539 4314 1617 4385 τῷ
1650 4315 1793 4386 ὑπὲρ
1836 4314 2017 4385 πάσης

2118 4316 2412 4373 admodum
2467 4310 2673 4365 Paulus
2725 4307 2903 4360 ait...
2952 4303 3026 4356 ita
3070 4300 3215 4355 enim
3266 4304 3321 4351 et
3371 4294 3610 4387 Petrum.
3644 4291 3700 4346 in

427 4406 528 4475 τῆς
541 4378 641 4459 ἀνθ
650 4408 959 4477 ρωπότητος
982 4378 1115 4458 σταυ
1124 4378 1373 4478 ρωθέντι,
1390 4378 1486 4459 κόιῖ
1502 4378 1807 4467 πλατείαις,
1828 4378 2016 4475 ὥσπε-ρ

2119 4408 2329 4462 honore
2375 4400 2636 4458 habuisse
2667 4402 2895 4467 apparet
2928 4387 3392 4445 venerandam....
3428 4378 3701 4451 siquidem

428 4474 545 4561 ταῖς
573 4474 662 4552 διά
699 4497 793 4551 τοῦ
838 4474 1093 4569 σταυροῦ,
1114 4474 1274 4569 χερσὶ
1301 4497 1399 4569 τὴν
1429 4498 1755 4568 οἰκουμένην
1778 4474 2001 4567 περιϐαἰ
2045 4501 2068 4558 Ι

2063 4501 2093 4558 )
2121 4506 2346 4571 pr0pter
2381 4504 2653 4550 summam
2692 4484 3102 4542 venerationem
3148 4474 3384 4546 rogavit,
3416 4478 3476 4525 ut
3506 4486 3536 4523 a
3571 4484 3703 4527 crn-

428 4590 573 4644 λόντι
618 4589 872 4654 Ἰάκωϐος
892 4564 1064 4661 δὲτὴν
1082 4564 1322 4663 κεφαλὴν
1344 4564 1700 4662 ἀπετέμνετο,
1713 4564 1823 4662 ⁷τὴν
1847 4564 2014 4654 liv-rw;

2123 4564 2469 4662 cingentibus
2506 4585 2727 4639 inverso
2760 4577 2941 4647 capite
2967 4567 3398 4642 suspenderetur
3428 4564 3484 4618 in
3515 4576 3701 4660 cruce,

430 4683 595 4736 αὑτοῦ
619 4682 882 4751 κεφαλὴν,
913 4683 1004 4735 τὸν
1033 4684 1288 4753 Χριστὸν,
1320 4684 1610 4738 ἀπολαϐεῖν
1634 4684 2009 4754 ἐπειγόμενος.

2122 4700 2191 4739 ne
2226 4676 2497 4736 Salvatori
2536 4688 2637 4746 pro
2675 4672 2931 4726 universo
2966 4662 3247 4719 hominum
3291 4669 3490 4729 genere
3522 4666 3708 4705 (πυρι-

430 4773 657 4844 Κεφαλὴ
686 4749 795 4843 χὰρ
821 4749 1014 4844 ἀνδρὸς
1043 4774 1071 4824 6
1089 4749 1144 4826 ⁷Χ
1156 4775 1356 4845 ριστδς,
1375 4774 1517 4828 κατά
1539 4775 1629 4828 τὸν
1672 4749 2012 4835 Ἀποστολον,

2125 4773 2253 4837 ﬁxo,
2284 4777 2339 4824 et
2367 4764 2648 4837 expansis,
2686 4772 2746 4817 ut
2773 4766 2891 4816 erat
2926 4759 2981 4812 in
3015 4768 3180 4810 cruce
3212 4749 3493 4811 manibus,
3529 4752 3702 4799 totum

429 4835 733 4935 καὶ-πάσης
767 4835 1167 4935 ίὸμοῦοιεφαλὴ¹
1190 4867 1289 4937 τῆς
1317 4835 1678 4937 τ”Εκκλησίαᾳ
1731 4867 1788 4919 '0
1825 4866 1882 4919 δὲ
1916 4883 2014 4935 μα·

2127 4835 2400 4917 terrarum
2440 4835 2629 4912 orbem
2659 4846 3042 4921 complectenti
3070 4842 3298 4914 aequalis
3325 4854 3448 4895 esse
3493 4835 3708 4889 videre-

428 4960 619 5032 κάριος
661 4926 913 5029 ῚΙωάννης
957 4926 1281 5021 ἐν’-πολλαῖς-
1309 4959 1403 5013 καὶ
1441 4926 1717 5030 διαφόροις
1748 4957 1891 5012 κατά
1916 4926 2019 5010 ’τὸν

2127 4967 2240 5011 tur.
2285 4951 2523 5007 Iacobus
2558 4960 2690 5002 vero
2736 4943 2919 5012 capite
2967 4946 3258 4993 truncatus
3291 4931 3423 4991 fuit,
3459 4926 3706 4988 Christo,

430 5019 542 5123 βίον
591 5019 833 5123 ἀθλήσας
868 5019 1076 5119 ἀγῶσι,
1133 5019 1255 5104 καὶ-
1284 5053 1341 5104 ὲν
1394 5019 1876 5122 πᾶσίδιαπρέψας
1906 5054 2017 5115 τοῖς

2122 5047 2215 5117 qui
2296 5058 2424 5099 vere
2494 5045 2661 5109 caput
2746 5036 2866 5105 cius
2932 5038 3074 5095 erat,
3130 5023 3372 5098 potiendi
3444 5019 3704 5089 cupidus.

428 5141 817 5214 κατορθώμασι
839 5143 940 5213 τῆς
973 5141 1273 5206 εὐσεϐείας,
1292 5142 1448 5194 κενὸν
1472 5143 1569 5211 μὲν
1594 5145 1671 5205 εὶς
1697 5142 1843 5215 ὕδωρ
1861 5142 2019 5195 τοῦτο

2124 5108 2295 5210 Caput
2328 5134 2479 5191 enim
2514 5108 2622 5186 viri
2651 5128 2909 5183 Christus
2941 5120 3243 5180 secundum
3287 5111 3610 5184 Apostolum
3636 5108 3706 5170 ‘°,

503 5320 542 5352 ¹¹
576 5321 769 5379 Matth.
798 5339 853 5390 v,
884 5321 969 5379 18.
1048 5324 1089 5355 ¹³
1121 5320 1281 5376 Joan.
1306 5338 1426 5385 vm,
1464 5321 1549 5375 12.
1580 5322 1621 5353 "
1654 5321 1845 5377 Matth.
1875 5339 1927 5386 v,
1958 5322 2047 5378 i5.
2132 5321 2143 5351 ‘

2132 5320 2174 5352 “
2204 5318 2349 5375 Psal.
2374 5330 2561 5381 cxxxr,
2584 5310 2672 5366 l7.
2756 5308 2798 5341 ’³
2824 5304 2983 5362 Joan.
3014 5316 3068 5361 ν.
3101 5298 3190 5354 54.
3269 5294 3313 5327 ¹⁶
3342 5296 3360 5351 l
3385 5293 3511 5349 Cor.
3544 5309 3621 5354 xi,
3651 5292 3707 5346 5.

504 5506 615 5575 (I3)
656 5506 767 5561 Vox
794 5508 989 5579 λύχνος
1022 5510 1073 5562 in
1111 5507 1377 5561 Vaticano
1407 5506 1597 5561 codice
1624 5505 1827 5579 deerat
1854 5525 1867 5571 ;
1914 5507 2011 5562 sed
2131 5575 2146 5579 _
2197 5505 2308 5575 (l6)
2338 5503 2408 5579 Et
2429 5502 2522 5579 hic
2550 5500 2605 5579 in
2634 5496 2905 5579 Vaticano
2930 5492 3145 5579 .codice
3168 5491 3391 5579 .laculna
3440 5497 3710 5579 earumne

436 5558 537 5632 nos
566 5558 708 5647 eam,
737 5558 905 5634 sens'u
941 5558 1116 5646 p‘alam
1149 5558 1875 5647 poscente,isnrpiplevimns'.
1914 5558 2010 5562 Π-
2123 5558 2362 5647 fortasse
2396 5572 2607 5647 impleri
2660 5575 2845 5647 posset
2891 5566 2976 5620 his
3016 5563 3234 5647 _verhis:
3277 5558 3375 5647 τὴν
3415 5558 3713 5647 σεϐάσμιον

505 5648 621 5720 (94)
651 5628 909 5720 librasse
943 5628 1252 5720 ῖεεοηάιῖηι.
1286 5628 1371 5720 τ-ῷί
1390 5628 1665 5720 sese:
1691 5628 1719 5630 ”
1756 5628 1789 5720 ς
1832 5628 1867 5631 *ί
2123 5628 2145 5699 ξ

2123 5628 2339 5714 ἐκείνην
2367 5628 2700 5712 ααύρωσιν,
2758 5632 3122 5692 Venerandum
3164 5631 3300 5689 illud
3334 5628 3711 5699 'crnciﬁxionis

508 5701 622 5786 (15)
658 5701 774 5771 llic
798 5701 1109 5773 lacitnaaest
1136 5720 1188 5771 in
1222 5701 1410 5772 codice
1449 5701 1733 5771 Vaticano.
1765 5714 2023 5772 Fortasse
2122 5701 2309 5786 genus.

438 5788 607 5850 deest,
634 5786 757 5851 δόξα
782 5788 1001 5850 συνέϐη,
1025 5787 1207 5840 Gloria
1226 5789 1466 5856 contigit,
1494 5788 1573 5842 vel
1595 5787 1722 5858 quid
1750 5786 1949 5841 simile.
