4132 6356
415 241 518 300 731

1651 274 1654 275 ⁷
1693 257 1754 315 S.
1796 256 2127 315 GREGORI!
2164 259 2456 319 NYSSENI

3558 267 3664 321 732

414 369 574 462 atque
591 360 800 428 itidem,
815 366 982 422 totius
1003 365 1258 426 Ecclesiae
1270 378 1432 441 caput
1448 372 1512 426 ".
1528 370 1726 430 Beatus
1743 373 1977 444 denique

2092 378 2314 449 κέρας...
2338 375 2658 450 κεκριμένος
2674 375 2808 445 (i7),
2838 374 2914 462 τῷ
2929 375 3074 448 χορῷ
3097 375 3203 430 τῶν
3227 372 3517 448 μαρτύρων
3541 395 3663 431 συντ

413 447 653 507 Juannes
683 457 851 511 multa
894 467 1057 529 atque
1090 461 1304 517 diversa
1345 480 1439 533 per
1466 473 1635 519 totam
1667 466 1835 520 vitam
1865 481 1983 520 cer-

415 548 539 623 tans
600 547 941 614 certamina,
999 559 1051 605 et
1115 553 1168 607 in
1216 555 1471 610 omnibus
1527 557 1739 626 pietatis
1788 555 1985 614 ofﬁciis

415 633 682 700 emicans,
718 637 945 694 ferventi
1007 644 1226 712 quidem
1277 647 1330 701 in
1363 662 1500 713 aqua
1535 647 1682 702 hunc
1721 648 1974 702 linem....

414 721 712 790 judicatus,
745 729 800 784 in
836 741 1134 804 martyrum
1167 737 1351 793 choris
1383 748 1776 795 annumeratur
1802 742 1982 813 (apud

416 828 604 884 arquos
637 820 780 872 enim
813 837 994 876 rerum
1039 825 1402 884 aestimatores
1433 845 1542 884 non
1591 846 1658 886 ex
1713 832 1985 901 passionis

416 915 632 971 eventu,
663 909 757 963 sed
791 925 871 978 ex,
893 912 1162 970 desiderio
1203 917 1370 973 libere
1407 921 1661 989 eligentis
1692 922 1987 976 voluntatis

417 993 484 1051 de
521 1001 780 1068 martyrio
833 1004 1267 1078 existimatur);
1317 1019 1370 1066 et
1405 1011 1623 1082 quidem
1673 1013 1986 1082 hujusmodi

416 1085 520 1140 fuit
568 1089 786 1145 illorum
831 1097 1025 1150 mortis
1058 1114 1250 1169 genus,
1295 1101 1387 1170 qui
1424 1117 1519 1172 per
1565 1110 1794 1157 mortem
1844 1104 1986 1173 apud

421 1177 692 1236 Ecclesias
721 1199 934 1255 quoque
969 1187 1325 1246 immortalem
1355 1192 1438 1248 sui
1495 1193 1812 1248 memoriam
1868 1194 2002 1247 reli-.

415 1279 672 1336 queruut.
705 1272 993 1332 Enimvero
1015 1281 1250 1337 maxime
1283 1281 1508 1337 decebat
1550 1297 1662 1338 uno
1688 1283 1992 1350 eodemque

417 1361 666 1433 tempore
714 1366 944 1423 istorum
1008 1371 1254 1426 virorum
1317 1372 1636 1428 memoriam
1688 1373 1988 1438 celebrari,

419 1465 526 1506 non
557 1468 623 1507 ea
651 1461 860 1511 tantum
889 1458 956 1514 de
991 1475 1178 1527 causa,
1199 1462 1344 1532 quod
1379 1464 1433 1518 in
1459 1464 1761 1535 proﬁtenda
1792 1465 1993 1535 pietate

416 1559 522 1598 una
557 1555 610 1600 et
642 1557 843 1614 tuente,
889 1561 944 1606 et
981 1568 1115 1608 voce
1149 1554 1551 1619 consenserint,
1597 1570 1786 1610 verum
1826 1555 1989 1611 etiam

2087 468 2387 540 ηρίθμηται
2404 484 2419 499 ·
2455 468 2475 536 (
2498 465 2611 539 [18]
2639 466 2790 538 παρά
2808 465 2915 538 γάρ
2940 465 3269 531 δικάζουσιν,
3306 468 3406 520 οὐκ
3436 467 3543 520 ἀπὸ
3565 467 3664 538 τῆς

2088 557 2364 622 ἐκϐάσεως
2394 556 2506 628 (l9)
2535 555 2631 610 τοῦ
2671 554 2896 620 πάθους,
2933 555 3067 610 ἀλλὰ
3098 556 3228 627 παρ’
3266 555 3528 627 αἱρέσεως
3571 556 3663 609 τοῦ

2088 649 2254 703 πόθου
2293 649 2535 720 κρίνεται
2565 647 2626 701 τδ
2657 647 2995 720 μαρτύριον)·
3040 646 3179 700 Ἀλλ’
3211 648 3242 701 ό
3274 648 3374 718 μὲν
3394 646 3489 700 τοῦ
3511 647 3668 701 θανά-

2087 757 2182 794 του
2209 739 2407 812 τρόπος
2425 737 2662 800 τοιοῦτος
2675 733 2765 809 ἦν,
2781 740 2893 800 τοῖς
2916 737 3002 791 διὰ
3024 736 3253 792 θανάτου
3285 736 3385 809 τὴν
3400 737 3664 791 ἀθάνατον

2092 829 2312 898 μνήμην
2338 827 2433 880 καὶ
2455 828 2574 888 ταῖς
2607 825 2954 896 Ἐκκλησίαις
2977 825 3384 898 χαρισαμένοις.
3417 827 3660 896 Ἐπρεπε

2089 916 2144 970 δέ
2171 917 2247 981 ὡς
2274 915 2487 986 ἀληθῶς
2516 915 2608 969 ἐπὶ
2634 915 2695 968 τὺ
2727 915 2860 970 αὐτὸ
2884 915 2993 970 τῶν
3015 915 3428 987 προειρημένων
3455 917 3661 989 ἀνδρῶν

2089 1005 2188 1069 τὰς
2218 1006 2436 1076 μνήμας
2467 1003 2848 1068 ἐπιτελεῖσθαι,
2869 1005 2931 1058 ού
2961 1005 3120 1075 μόνον
3148 1005 3239 1059 διὰ
3273 1004 3337 1058 τὸ
3376 1005 3663 1077 σύμφωνον

2088 1095 2188 1163 τῆς
2239 1093 2538 1158 εὐσεϐείας,
2569 1093 2704 1147 ἀλλά
2731 1094 2826 1147 καὶ⁵
2860 1093 2948 1148 διὰ
2973 1095 3035 1147 τδ
3069 1093 3327 1165 ὁμότιμον
3350 1093 3451 1164 τῆς
3489 1092 3662 1159 ἀξίας.

2091 1181 2249 1242 οὗτοι
2276 1186 2384 1257 γάρ
2425 1186 2576 1256 μόνοι
2604 1186 2683 1257 τῷ
2718 1186 2909 1257 Κυρίῳ
2956 1185 3186 1240 πάντοτε
3227 1182 3661 1254 συσχολάζοντες,

2091 1278 2186 1332 καὶ
2213 1276 2486 1348 ἐξαίρετον
2509 1276 2697 1348 ὥσπερ
2721 1276 2872 1348 παρά
2905 1277 3032 1341 τοὺς
3058 1277 3278 1342 λοιποὺς
3301 1274 3409 1328 τῶν
3440 1276 3669 1329 ἀποστό-

2091 1371 2198 1424 λων
2225 1369 2408 1442 χώραν
2440 1369 2674 1440 ἔχοντες,
2714 1371 2809 1423 καὶ
2834 1369 3166 1440 παρρησίαν,
3191 1369 3253 1422 ού
3284 1367 3426 1422 κατά
3445 1365 3544 1437 τὴν
3568 1368 3670 1435 τῆς

2092 1461 2440 1534 ἀνθρωπίνης
2466 1460 2647 1528 φιλίας
2673 1459 2998 1533 πρόσληψιν,
3022 1459 3158 1515 ἀλλά
3177 1459 3322 1514 κατά
3337 1457 3524 1528 θεῖκὴν
3545 1455 3669 1526 άλη-

2093 1553 2244 1618 θείας
2278 1553 2572 1625 ἐπίκρισιν.

415 1641 560 1708 quod
584 1646 783 1713 aequali
808 1647 862 1701 in
899 1647 1104 1703 honore
1135 1664 1166 1702 a
1195 1650 1420 1706 Christo
1451 1650 1620 1705 habiti
1662 1650 1882 1706 fuerint.
1966 1650 2027 1706 ili
2069 1650 2269 1706 ctenim
2301 1649 2404 1706 soli
2438 1664 2563 1704 cum
2615 1647 2835 1705 Christo
2895 1646 3101 1718 ubique
3139 1646 3340 1702 versati
3389 1652 3539 1711 sunt,
3601 1655 3669 1696 ac

416 1742 675 1812 praeterea
709 1746 822 1792 tum
878 1741 1074 1810 agendi
1120 1742 1486 1813 loquendique
1518 1743 1846 1807 libertatem,
1878 1751 1990 1798 tum
2029 1741 2442 1799 eminentiorem
2487 1739 2891 1811 quodammodo
2935 1753 3048 1808 prae
3123 1738 3338 1794 ceteris
3403 1736 3668 1810 apostolis

415 1829 598 1884 locum
643 1831 952 1895 obtinuere.
996 1851 1106 1891 non
1141 1836 1390 1892 humana:
1432 1837 1684 1892 amicitia:
1733 1837 1966 1904 ratione,
2006 1837 2101 1892 sed
2146 1836 2332 1892 divino
2359 1835 2569 1907 judicio
2596 1836 2663 1890 ad
2688 1834 2742 1890 id
2776 1834 3060 1906 dignitatis
3096 1833 3289 1890 evecti.

486 1945 640 2017 Ipsos
673 1947 857 2017 itaque
888 1949 1038 2004 solos
1068 1964 1098 2003 a
1139 1949 1390 2015 Domino,
1420 1952 1550 2007 dum
1586 1955 1861 2025 przecipua
1892 1956 1988 2008 mi.
2018 1947 2059 2002 Β

417 2040 601 2095 racula
655 2040 922 2110 patravit,
972 2049 1230 2112 tanquam
1274 2042 1623 2102 ﬁdelissimos
1660 2053 1715 2101 et
1747 2048 1990 2102 veracis-

416 2131 588 2186 simos
643 2139 923 2201 gestorum
977 2139 1147 2189 testes
1207 2149 1396 2190 secum
1461 2143 1776 2206 assumptos
1817 2135 1991 2192 fuisse

415 2216 803 2286 comperimus.
838 2217 951 2274 lloc
979 2235 1112 2275 sane
1133 2219 1334 2275 factum
1371 2221 1472 2276 fuit
1503 2222 1559 2278 in
1594 2223 1808 2280 visione
1836 2239 1992 2279 mou-

415 2301 488 2355 tis
508 2301 571 2354 ³³.
615 2299 730 2356 Soli
775 2303 922 2357 enim
969 2303 1046 2358 ibi
1095 2302 1312 2372 Petrus,
1354 2304 1618 2373 Iacobus,
1661 2317 1716 2364 et
1749 2308 1991 2366 Joannes

416 2389 668 2455 aderant,
716 2406 842 2446 eum
894 2407 1097 2464 corpus
1145 2409 1304 2449 suum
1364 2396 1771 2455 transformans
1815 2399 1991 2455 Domi-

417 2496 542 2546 nus,
588 2481 642 2536 in
693 2482 986 2552 gloriosam
1037 2498 1102 2540 ac
1153 2483 1573 2554 splendidiorem
1647 2488 1990 2546 divinitatem

416 2575 824 2638 transmutavit,
855 2582 910 2629 et
940 2574 1143 2646 Moyse,
1163 2583 1326 2647 atque
1351 2577 1468 2633 Elia
1489 2579 1594 2634 sibi
1619 2580 1988 2646 adstantibus,

417 2664 666 2734 lucisque
698 2665 892 2719 nebula
922 2666 1306 2731 obumbrante,
1335 2669 1593 2723 eximiam
1627 2671 1770 2725 illam
1801 2676 1989 2728 sterni

417 2756 568 2824 regni
625 2756 914 2823 imaginem
949 2758 1223 2812 ostendit.
1265 2757 1381 2814 Hoc
1424 2761 1587 2814 etiam
1636 2761 1838 2818 factum
1884 2773 1988 2830 est,

415 2852 545 2906 dum
605 2851 740 2907 Jairi
799 2853 975 2908 .ﬁliam
1039 2872 1069 2908 a
1127 2857 1360 2911 mortuis
1418 2857 1706 2914 suscitavit
1731 2861 1807 2927 ";
1861 2869 1993 2918 tunc

415 2945 560 3000 enim
603 2943 706 3000 hos
757 2951 971 2998 tantum
1017 2947 1270 3000 miraculi
1321 2947 1469 3003 illius
1515 2957 1852 3018 spectatores
1896 2951 1994 3004 ha-

417 3037 556 3090 buit.
593 3035 736 3102 Quin
787 3044 843 3092 et
885 3036 990 3091 sub
1032 3037 1210 3107 ipsum
1246 3038 1519 3109 passionis
1551 3047 1788 3111 tempus,
1835 3057 1903 3098 ne
1937 3043 1991 3097 in

417 3127 652 3199 singulis
700 3127 1009 3200 quibusque
1044 3131 1337 3188 narrandis
1375 3130 1585 3188 diutius
1629 3147 1832 3197 morer,
1867 3149 1992 3190 eos-

417 3219 541 3274 dem
575 3218 727 3275 viros
756 3234 943 3275 secum
985 3223 1307 3292 assumpsit,
1354 3222 1545 3292 eisque
1570 3229 1828 3293 tanquam
1866 3223 1992 3280 lide-

417 3311 560 3366 libns
589 3311 1161 3384 constantissimisque
1189 3313 1474 3385 discipulis
1503 3329 1612 3370 non
1642 3321 1729 3370 est
1783 3315 1993 3370 veritus

417 3402 620 3466 dicere,
663 3401 819 3456 Nunc
852 3403 1034 3457 anima
1060 3421 1173 3459 mea
1203 3407 1416 3460 turbata
1448 3415 1526 3461 est
1542 3407 1610 3462 ³⁸.
1649 3404 1777 3464 Haec
1810 3413 1992 3461 autem

417 3508 447 3546 a
479 3494 638 3548 nobis
661 3494 810 3548 dicta
838 3503 989 3559 sunt,
1023 3511 1133 3551 non
1167 3505 1228 3551 ut
1268 3497 1486 3554 caeteris
1517 3499 1785 3568 apostolis
1813 3498 1995 3554 detra-

417 3590 633 3646 hamus,
687 3584 784 3639 sed
829 3585 885 3638 in
926 3601 1116 3641 eorum
1157 3586 1378 3642 virtutis
1418 3589 1813 3652 testimonium,
1855 3603 1994 3658 quo—

419 3692 538 3729 rum
581 3676 744 3732 hodie
797 3679 1118 3732 memoriam
1163 3680 1550 3747 celebramus;
1598 3687 1652 3736 et
1709 3688 1768 3734 ut
1810 3681 1991 3736 verius

419 3766 597 3821 dicam
629 3767 683 3821 in
714 3781 1058 3824 communem
1089 3787 1310 3840 quoque
1346 3773 1720 3841 apostolorum
1745 3772 1991 3827 omnium

419 3859 632 3914 laudem
677 3873 848 3913 :nam
908 3859 979 3915 de
1032 3870 1348 3916 sanctorum
1409 3863 1767 3929 excellentia,
1817 3863 1996 3934 deque

419 3965 608 4006 eorum
657 3951 1036 4008 sanctimoniae
1079 3953 1341 4025 gradibus
1389 3955 1672 4026 quidpiam
1725 3963 1992 4022 statuere,

419 4043 671 4096 humanas
695 4042 1028 4112 cognitionis
1057 4059 1164 4098 non
1189 4053 1293 4110 est,
1321 4045 1416 4102 sed
1439 4045 1634 4115 iudicii
1662 4046 1994 4103 divini.'Nos

419 4143 598 4188 autem
632 4134 724 4204 qui
764 4133 914 4203 digni
951 4133 1081 4189 facti
1129 4152 1343 4200 sumus,
1376 4145 1438 4192 ut
1482 4145 1562 4192 tot
1603 4145 1996 4208 tantorumque

419 4225 660 4279 virorum
713 4227 988 4281 memoriae
1041 4230 1544 4294 communicemus,
1605 4228 1814 4299 gratias
1863 4228 1998 4298 ipsis

419 4330 580 4385 agere
615 4330 840 4372 necesse
870 4326 975 4382 est,
1009 4334 1117 4372 non
1143 4327 1379 4388 quantas
1406 4319 1692 4383 debemus,
1721 4320 1824 4376 hoc
1851 4321 1996 4376 enim

419 4409 533 4463 llerl
580 4408 789 4478 nequit,
827 4409 920 4464 sed
965 4419 1201 4480 quantas
1246 4427 1575 4482 possumus;
1626 4426 1753 4466 nam
1799 4421 1853 4467 et
1891 4412 1998 4468 hoc

420 4508 706 4568 acceptum
745 4511 850 4554 est.
887 4499 1167 4570 Siquidem
1205 4503 1382 4558 sancti
1432 4503 1534 4558 hos
1564 4518 1594 4556 a
1630 4503 1788 4560 nobis
1822 4503 1997 4560 hono-

2161 1956 2316 2008 Ἐστι
2340 1953 2472 2023 γοῦν
2505 1953 2684 2023 εὑρεῖν
2709 1954 2767 2006 ἐν
2791 1955 2906 2016 τοῖς
2929 1951 3204 2022 μεγίστοις
3229 1951 3338 2006 τῶν
3368 1951 3676 2022 θαυμάτων

2095 2046 2290 2116 μόνους
2313 2045 2512 2109 αὐτοὺς
2539 2044 2688 2117 παρά
2717 2043 2802 2097 τοῦ
2831 2043 3040 2115 Κυρίου
3075 2043 3527 2115 παραληφθέντας
3549 2085 3563 2107 ,
3591 2044 3667 2108 ὡς

2092 2136 2446 2199 πιστοτάτους
2480 2133 2576 2188 καὶ
2617 2133 3018 2203 ἀληθεστάτους
3038 2134 3146 2189 τῶν
3171 2134 3512 2205 γιγνομένων
3537 2136 3675 2206 μάρ-

2089 2240 2278 2297 τυραςο
2311 2225 2469 2279 τοῦτο
2537 2223 2636 2295 μὲν
2673 2223 2763 2276 ἐπὶ
2792 2223 2891 2293 τῆς
2921 2223 2980 2276 ἐν
3006 2221 3083 2293 τῷ
3129 2223 3244 2294 ὄρει
3277 2223 3510 2296 θεωρίας
3547 2224 3671 2295 (μό-

2090 2331 2181 2377 νος
2219 2315 2327 2386 γὰρ
2352 2311 2420 2386 ἦν
2465 2314 2583 2367 ἐκεῖ
2622 2312 2858 2382 Πέτρος,
2895 2311 2989 2365 καὶ
3035 2311 3327 2376 Ἰάκωϐος,
3359 2313 3453 2366 καὶ
3495 2311 3672 2367 Ἰωάν-

2091 2423 2190 2478 νης
2206 2445 2222 2471 ,
2245 2407 2334 2460 ὅτε
2355 2404 2416 2459 τὸ
2438 2403 2596 2475 σῶμα
2626 2403 2687 2457 τὸ
2718 2401 2911 2456 ἐαυτοῦ
2939 2400 3376 2473 μεταμορφὼσας
3397 2403 3426 2456 ό
3442 2401 3669 2474 Κύριος,

2092 2498 2172 2561 είς
2223 2495 2428 2561 ἔνδοξον
2484 2496 2578 2550 καὶ
2627 2491 3009 2565 λαμπροτέραν
3083 2491 3313 2564 θεότητα
3385 2492 3672 2563 μετέϐαλε,

2091 2587 2329 2643 Μωῦσέα
2379 2586 2476 2641 καὶ
2507 2585 2691 2640 Ἠλίαν
2717 2586 2774 2638 ἐν
2805 2582 2982 2654 ἐαυτῷ
3009 2571 3124 2654 (20)
3156 2584 3671 2655 παραστησάμενος,

2092 2679 2187 2733 καὶ
2213 2680 2278 2749 τῇ
2315 2676 2511 2748 νεφέλῃ
2543 2674 2639 2731 τοῦ
2679 2675 2856 2745 φωτὸς
2902 2675 3258 2737 ἐπισκιάσας,
3296 2673 3396 2744 τὴν
3431 2674 3674 2744 μεγάλην

2092 2768 2306 2839 ἐκείνην
2333 2769 2517 2823 εἰκόνα
2559 2769 2657 2839 τῆς
2687 2766 2962 2838 βασιλείας
2994 2766 3284 2837 ὑπέδειξε)·
3307 2765 3466 2820 τοῦτο
3495 2766 3550 2820 δὲ
3579 2765 3674 2819 ἐπὶ

2091 2862 2191 2933 τῆς
2234 2860 2461 2932 Ἰαείρου
2507 2859 2775 2931 θυγατρὸς
2802 2899 2816 2923 ,
2852 2859 2919 2928 ἢν
2963 2856 3230 2912 θανοῦσαν
3262 2856 3504 2928 διήγειρε
3528 2873 3543 2889 ·
3575 2857 3671 2909 καὶ
3729 2895 3734 2901 .

2093 2953 2200 3026 γὰρ
2229 2954 2346 3007 ἐκεῖ
2391 2951 2611 3013 τούτους
2641 2946 2786 3020 εἶχεν
2819 2949 3058 3013 ἐπόπτας
3085 2949 3186 3020 τῆς
3215 2946 3516 3019 γενομένης
3549 2945 3676 2999 θαυ-

2097 3045 2451 3115 ματουργίας.
2491 3043 2612 3096 Ἔτι
2654 3058 2719 3111 γε
2761 3041 2899 3112 μὴν,
2934 3041 3022 3094 ῖνα
3068 3040 3143 3112 μὴ
3176 3039 3244 3095 τὰ
3291 3039 3413 3094 καθ’
3442 3039 3672 3092 ἕκαστον

2093 3133 2266 3202 λέγων
2294 3131 2554 3203 διατρίϐω
2577 3170 2592 3195 ,
2624 3131 2718 3183 καὶ
2758 3133 2881 3185 κατ’
2911 3131 3074 3185 αὐτὸν
3104 3130 3196 3185 τὸν
3225 3129 3414 3201 καιρὸν
3440 3128 3536 3184 τοῦ
3565 3145 3674 3182 σω·

2093 3220 2284 3293 τηρίου
2315 3220 2518 3283 πάθους
2539 3221 2664 3283 τοὺς
2688 3219 2883 3284 αὐτοὺς
2915 3220 3114 3292 ἄνδρας
3134 3219 3485 3291 παραλαϐὼν.
3519 3218 3676 3291 coap-

2021 3289 2060 3341 (ἶ
2098 3289 2262 3386 ῥησεν
2296 3313 2470 3365 εἰπεῖν
2492 3350 2507 3376 ,
2549 3309 2626 3374 ὼς
2656 3313 2865 3375 πιστοῖς
2895 3289 3125 3382 ἀνδράσι
3157 3289 3251 3364 καὶ
3283 3289 3670 3381 βεϐαιοτάτοιξ⁶

2095 3404 2226 3458 Νῦν
2254 3404 2294 3473 ἡ
2332 3401 2502 3472 ψυχή
2543 3420 2665 3472 μου
2709 3401 3075 3470 τετάρακται.
3113 3400 3298 3455 Ταῦτα
3333 3401 3391 3455 δέ
3429 3403 3565 3472 ἡμῖν
3596 3403 3674 3457 εί-

2101 3511 2282 3565 ρηται,
2316 3493 2417 3547 ούκ
2459 3493 2540 3556 εἰς
2592 3491 2912 3562 καθαίρεσιν
2957 3491 3067 3545 τῶν
3107 3491 3309 3544 λοιπῶν
3338 3491 3670 3560 ἀποστόλων,

2097 3583 2210 3639 ἀλλ’
2237 3585 2317 3648 είς
2347 3583 2642 3656 μαρτύριον
2668 3583 2766 3653 τῆς
2790 3581 2900 3636 τῶν
2933 3579 3415 3653 μνημονευομένων
3448 3579 3667 3651 ἀρετῆς·

2097 3676 2145 3728 εί
2179 3675 2236 3730 δὲ
2269 3675 2350 3729 δεῖ
2377 3675 2683 3747 φιλαλήθως
2713 3676 2907 3738 εἰπεῖν,
2942 3674 3037 3728 καὶ
3070 3674 3151 3737 είς
3198 3672 3375 3728 κοινὸν
3401 3673 3508 3727 τῶν
3539 3674 3675 3728 ἀπο-

2098 3769 2300 3823 στόλων
2333 3768 2606 3838 ἐγκώμιον
2626 3785 2640 3798 ο
2672 3768 2733 3821 τὸ
2756 3768 2865 3837 γὰρ
2892 3766 3166 3839 ὑπεροχὰς
3192 3765 3287 3820 καὶ
3305 3765 3586 3829 ἐπιϐάσεις
3614 3767 3672 3820 ἐν

2095 3863 2208 3926 τοῖς
2235 3861 2410 3930 ἁγίοις
2439 3858 2715 3930 ὁρίζεσθαι
2739 3900 2754 3923 ,
2781 3859 2881 3912 οὐκ
2912 3858 3259 3929 ἀνθρωπίνης
3299 3856 3364 3912 ἂν
3452 3856 3674 3938 δοκιμα-

2098 3953 2219 4018 σίας
2239 3993 2254 4016 ,
2285 3953 2400 4006 ἀλλ’
2425 3950 2754 4022 ἐπικρίσεως
2783 3951 2875 4004 καὶ
2927 3949 3188 4020 ἀληθείας
3215 3946 3370 4003 Θεοῦ.
3399 3949 3592 4019 Ἦμᾶς
3615 3947 3673 4001 δέ

2099 4045 2341 4116 μνήμαις
2372 4042 2631 4096 τοιούτων
2668 4042 2764 4096 καὶ
2795 4039 3128 4111 τηλικούτων
3161 4039 3370 4110 ἀνδρῶν
3399 4040 3672 4092 κοινωνεῖν

2103 4138 2436 4203 ἀξιωθέντας
2455 4178 2470 4202 ,
2512 4137 2850 4206 εὐχαριστεῖν
2882 4135 3179 4202 ἀναγκαῖον
3201 4172 3217 4198 ,
3245 4132 3344 4201 οὐχ
3380 4131 3502 4185 ὅσον
3529 4131 3676 4199 ὀφεί-

2101 4229 2299 4298 λομεν,
2349 4227 2506 4281 τοῦτο
2557 4225 2664 4297 γὰρ
2714 4225 3006 4286 ἀδύνατον,
3057 4222 3173 4277 ἀλλ’
3221 4223 3344 4276 ὅσον
3399 4221 3672 4292 ίσχύομεν.

2099 4319 2260 4373 τοῦτο
2305 4318 2416 4390 γὰρ
2464 4317 2842 4374 εὐαπόδεκτον.
2891 4314 3206 4368 Ἀπαιτοῦσι
3260 4314 3319 4367 δέ
3370 4312 3573 4376 ταύτας
3623 4313 3674 4366 οί

2102 4410 2246 4480 ἅγιοι
2278 4410 2409 4480 παρ’
2447 4406 2604 4479 ἡμῶν
2630 4407 2729 4470 τὰς
2765 4405 2932 4476 τιμὰς
2955 4446 2971 4470 ,
3003 4405 3102 4474 οὐχ
3132 4405 3218 4458 ῖνα
3248 4421 3302 4456 τι
3348 4403 3674 4474 κερδάνωσιν

2101 4503 2534 4572 εὐφημούμενοι,
2573 4496 2684 4550 ἀλλ’
2732 4498 2818 4550 ἵνα
2867 4496 3026 4566 ἡμεῖς
3071 4494 3485 4564 κοινωνήσωμεν
3532 4493 3677 4560 εὐερ-

420 4605 506 4645 rcs
555 4600 886 4658 exposcunt,
937 4607 1045 4646 non
1098 4601 1156 4646 nt
1206 4593 1337 4663 quid
1393 4595 1668 4650 commodi
1719 4596 1924 4652 nostris
1961 4613 1991 4652 e

2097 4593 2432 4664 γετούμενοι.
2478 4591 2685 4643 Ἐκεῖνο
2736 4589 2794 4642 δὲ
2836 4587 2998 4641 πάλιν
3051 4585 3239 4638 ούδένα
3289 4582 3399 4638 τῶν
3439 4581 3675 4636 εὐσεϐῶν

420 4679 674 4735 laudibus
714 4679 815 4734 sibi
859 4680 1106 4744 accedat,
1139 4681 1233 4736 sed
1271 4690 1330 4735 ut
1372 4697 1473 4740 nos
1509 4699 1576 4738 ex
1609 4682 1713 4738 hac
1745 4699 1992 4741 commu-

489 4857 532 4888 "
563 4855 762 4926 Ephes.
795 4871 850 4923 γ,
874 4855 966 4911 25.
1042 4857 1086 4889 ¹⁸
1122 4855 1314 4912 Matth.
1357 4874 1493 4924 xvn,
1533 4859 1554 4912 l
1601 4875 1720 4930 sqq.

491 5032 604 5103 (l7)
635 5031 701 5086 Et
724 5032 780 5109 si
801 5034 1009 5109 nullum
1031 5036 1365 5109 scriptorem
1398 5037 1641 5109 legerim,
1676 5039 1782 5109 qui
1817 5037 1985 5109 Joan-

419 5119 542 5156 nem
574 5103 879 5174 apostolum
938 5105 993 5157 in
1026 5103 1287 5160 ferventis
1320 5103 1475 5174 aquai
1509 5103 1714 5160 dolium
1774 5108 1986 5161 immis-

419 5187 538 5245 sum
579 5170 758 5245 fuisse
791 5177 1122 5245 narraverit;
1171 5170 1530 5230 nihilominus
1585 5177 1636 5230 id
1689 5186 1897 5245 aperte.
1933 5179 1984 5231 ui

423 5240 602 5315 tallor,
637 5243 909 5315 colligitur
943 5261 1008 5315 ex
1043 5240 1302 5315 corrupto
1333 5247 1439 5300 isto
1477 5240 1740 5300 Vaticani
1779 5246 1986 5302 codicis

421 5311 564 5372 loco,
601 5310 708 5385 qui
751 5310 1175 5385 commodiorem
1211 5310 1436 5369 'nullum
1470 5331 1692 5373 sensum
1744 5317 1986 5385 recipere

421 5394 584 5448 posse
623 5380 858 5442 videtur,
893 5391 948 5436 et
983 5383 1216 5448 fortasse
1255 5386 1330 5438 ita
1379 5385 1750 5441 restituendus
1785 5380 1892 5447 est,
1927 5393 1986 5440 ut

421 5451 686 5526 ic'ganltl§,
734 5448 1009 5526 ζερμενον,
1055 5456 1140 5526 vel
1175 5455 1464 5525 καιόμενον
1510 5458 1590 5518 εἰς
1619 5455 1765 5526 ὕδωρ
1797 5455 1989 5508 τούτου

419 5519 597 5596 πέρας
631 5518 748 5596 βίου
782 5518 953 5596 ’ἔχειν’
991 5523 1070 5578 vel
1105 5518 1321 5596 λαϐεῖν,
1356 5526 1702 5596 κεκριμένος,
1733 5518 1843 5579 huc
1883 5533 1986 5588 est,

426 5587 739 5657 Et‘ferventi
776 5587 1010 5661 iu'aqua,
1041 5604 1095 5645 ut
1129 5595 1403 5648 mortalem
1438 5587 1571 5648 Ιίιιήε
1609 5587 1769 5649 vitam
1804 5587 1986 5649 ter-mi;

418 5669 572 5716 ﬂaret
596 5699 613 5726 ,
656 5662 870 5730 tyranni
907 5663 1113 5719 decreto
1153 5664 1364 5731 jussus,
1395 5666 1447 5718 in
1491 5675 1781 5734 martyrum
1814 5667 1987 5720 choris

1803 4861 1844 4894 "
1880 4858 2049 4916 Marc.
2082 4877 2134 4925 ν,
2169 4859 2260 4915 57.

2099 4686 2312 4754 ἀγνοεῖν
2354 4684 2555 4752 οῖομαι,
2587 4682 2663 4744 ὡς
2689 4679 2749 4733 οὐ
2787 4679 2947 4751 μόνον
2980 4677 3188 4748 Πέτρου
3209 4715 3226 4743 ,
3259 4675 3354 4729 καὶ
3397 4672 3676 4737 Ἰακώϐου,

2335 4859 2381 4892 ’⁸
2409 4856 2567 4913 Joan.
2603 4871 2702 4922 xu,
2723 4856 2818 4912 27.

2096 5046 2506 5092 annumeratur.
2537 5035 2643 5091 Sed
2671 5035 2740 5091 de
2781 5036 2884 5091 hac
2916 5036 3234 5107 conjectura
3269 5042 3459 5092 nostra
3495 5036 3673 5093 erudi-

2095 5120 2274 5162 torum
2317 5107 2586 5175 judicium
2620 5113 2760 5161 esto.

2166 5177 2279 5248 (18)
2319 5175 2855 5248 Quzesemicirculis
2877 5175 3441 5248 comprehenduntur,
3475 5176 3676 5232 desunt

2093 5248 2149 5301 in
2174 5245 2498 5317 posteriori
2521 5245 2687 5314 hujus
2721 5245 3292 5317 orationis'editioue,
3329 5261 3494 5316 quam
3536 5261 3676 5299 unus

2095 5315 2351 5385 idemque
2383 5315 2682 5372 Vaticanus
2709 5315 2883 5385 codex
2913 5316 3154 5385 exhibet.

2169 5383 2399 5458 (I9)7lta
2447 5384 2831 5458 corrigendum
2883 5399 3113 5458 censeo__
3144 5383 3470 5439 Vaticanum
3520 5383 3676 5437 codi-

2096 5454 2348 5517 rem,'in
2384 5470 2518 5525 quo,
2567 5454 2862 5509 manifesto
2904 5455 3115 5525 librarii
3148 5470 3356 5518 errore,
3389 5469 3676 5524 perperam

2098 5527 2380 5589 scribitur,
2405 5523 2511 5578 οὐκ
2545 5525 2792 5578 ἀποτίσει
2818 5525 2881 5576 ἐκ
2911 5523 3138 5593 βάσεως.

2171 5597 2284 5662 (20)
2324 5597 2437 5648 Alia
2479 5595 2645 5662 hujus
2681 5590 2949 5648 orationis
2973 5593 3164 5658 editio,
3198 5609 3321 5662 quae
3353 5594 3408 5649 in
3437 5593 3544 5649 llas
3569 5590 3679 5647 Va-

2097 5667 2261 5723 ticani
2298 5665 2508 5722 codicis
2541 5672 2741 5732 exstat,
2784 5663 2948 5720 habet
2977 5664 3036 5718 ἐν
3064 5663 3231 5730 αὐτῷ.
