4132 6356
351 338 457 395 733

1376 346 1653 404 ALTERA
1712 351 2065 411 LAUDATIO
2118 356 2178 413 S.
2218 355 2586 417 STEPHANI.

3502 347 3609 418 ’π

342 452 433 504 καὶ
472 450 741 511 Ἰωάννου,
770 452 905 507 ἀλλὰ
941 454 1034 507 καὶ
1057 455 1238 527 πάσης
1266 460 1400 530 ὁμοῦ
1433 462 1533 533 τῆς
1553 466 1919 538 ἀποστολικῆς

2043 472 2187 528 tione
2199 472 2482 531 beneﬁciis
2499 486 2925 548 prosequantur.
2959 478 3135 536 Porro
3161 479 3435 535 neminem
3453 479 3610 551 pium

343 543 607 613 ἁρμονίας
639 544 737 606 τὰς
773 545 962 614 μνείας
1001 548 1374 620 ἐπιτελοῦμεν.
1410 554 1472 607 Et
1510 554 1620 627 γὰρ
1651 559 1795 611 κατὰ
1821 559 1919 628 τὴν

343 633 449 686 τῶν
466 634 751 704 δογμάτων
775 635 1056 707 ἀλήθειαν,
1074 640 1249 710 μελῶν
1271 643 1422 710 τάξιν
1451 646 1741 717 ἐπέχοντες
1756 690 1772 714 ,
1804 648 1922 712 ἐνὸς

346 722 594 794 σώματος
625 725 999 798 ἀποπληροῦσι
1035 731 1217 801 σχῆμα
1241 771 1257 795 ,
1292 733 1534 804 δηλονότι
1568 737 1922 810 ὀοξαζομένου

348 832 448 883 μου
477 815 590 884 (21)
619 816 816 887 μέρους
846 820 963 883 ἐνὸς
981 858 996 883 ,
1032 820 1107 886 ὦς
1129 840 1291 894 φησιν
1320 828 1348 878 ὁ
1385 828 1702 894 Ἀπόστολος
1723 872 1738 895 ,
1770 835 1925 886 Συν-

343 904 645 969 δοξὰζὲται
682 908 879 962 πάντα
908 912 981 964 τὰ
1008 912 1164 981 μέλη
1188 953 1202 977 ,
1250 916 1345 968 καὶ
1392 918 1623 987 μάλιστα
1657 922 1745 973 ἐπ’
1779 921 1925 974 ὲκεί-

344 1015 449 1049 νων
509 1000 617 1051 τῶν
671 1003 955 1073 μακαρίων
1010 1005 1104 1058 καὶ
1157 1007 1507 1062 τελειοτάτων
1548 1010 1790 1081 ἀνδρῶν,
1844 1008 1926 1077 οἷς

346 1088 524 1141 πάντα
557 1096 838 1161 συμφωνεῖ
866 1094 1001 1165 πρὸς
1033 1097 1289 1167 ἀλήθειαν
1308 1138 1323 1163 ,
1355 1101 1449 1153 καὶ
1482 1103 1509 1154 ό
1551 1103 1751 1174 τρόπος
1796 1105 1927 1174 ὁμό-

346 1198 595 1251 γνωμος,
632 1184 724 1238 καὶ
779 1187 811 1255 ἡ
858 1186 1039 1252 πίστις
1086 1191 1372 1259 όμόδοξος,
1409 1194 1501 1246 καὶ
1540 1194 1615 1257 ὠς
1667 1196 1826 1249 κοινά
1855 1197 1923 1251 τὰ

346 1275 446 1345 τῆς
474 1276 753 1341 εὐσεόείας
785 1278 1233 1352 πλεονεκτήματα
1265 1285 1468 1338 τούτων
1490 1326 1506 1347 ,
1535 1286 1691 1340 κοινά
1718 1289 1812 1341 καὶ
1858 1290 1926 1342 τὰ

349 1367 499 1435 παρὰ
529 1367 627 1437 τῆς
665 1370 919 1437 ἀληθείας
970 1374 1438 1446 σεμνολογήματα.
1472 1378 1567 1442 Τίς
1612 1379 1669 1433 δὲ
1713 1381 1814 1434 οὐκ
1860 1383 1926 1436 ἂν

348 1460 582 1526 εὐλόγως
642 1461 865 1532 ἡσθείη,
901 1464 994 1516 καὶ
1047 1466 1211 1520 αὐτοῦ
1264 1468 1359 1521 τοῦ
1405 1469 1559 1539 ἁγίου
1610 1473 1926 1543 Πνεύματος

350 1550 662 1623 πληρωθείη
690 1594 705 1618 ,
740 1555 1079 1627 ἀποστολικῷ
1107 1558 1253 1629 χορῷ
1296 1565 1573 1615 κοινωνεῖν
1603 1562 1925 1634 ἠξιωμένος.

350 1640 427 1710 τῷ
452 1643 633 1696 πᾶσαν
680 1644 778 1715 τὴν
806 1646 1129 1717 οίκουμένην
1180 1650 1317 1719 πρὸς
1365 1652 1463 1723 τὴν
1492 1652 1786 1721 ἐπίγνωσιν
1830 1656 1927 1724 τῆς

351 1732 608 1803 ἀληθείας
644 1736 993 1805 όὸηγήσαντι,
1038 1739 1114 1810 τῷ
1153 1742 1297 1795 κατά
1339 1743 1517 1814 πάσης
1547 1748 1646 1816 τῆς
1677 1747 1926 1817 οἰκουμέ-

2021 563 2273 633 ignorare
2322 566 2579 633 arbitror,
2624 584 2728 625 nos
2775 570 2879 626 hac
2922 570 3013 626 die
3049 586 3159 625 non
3213 572 3392 626 solum
3433 569 3607 639 Petri,

2019 653 2207 711 Jacobi
2250 665 2303 713 et
2332 656 2584 728 Joannis,
2617 660 2715 716 sed
2748 668 2804 717 et
2852 662 3103 717 omnium
3136 661 3299 718 simul
3331 662 3610 732 apostolo-

2022 763 2145 802 rum
2194 750 2514 804 memoriam
2557 751 2861 808 celebrare.
2897 752 2956 807 Si
3007 752 3152 807 enim
3188 753 3337 823 quod
3391 753 3458 808 ad
3505 748 3609 807 do.-

2023 848 2265 909 gmatum
2306 841 2594 897 veritatem
2625 843 2842 909 attinet,
2889 845 3258 909 membrorum
3293 843 3469 898 instar
3496 842 3612 899 dis-

2024 907 2212 997 positi,
2257 929 2423 985 unius
2469 932 2721 1001 corporis
2762 907 2995 986 formaﬁn
3044 932 3384 1002 exprimunt,
3442 940 3518 997 et,
3562 934 3611 987 ri

2023 1033 2187 1071 unum
2206 1022 2496 1074 membrum
2532 1021 2817 1091 gloriatur,
2849 1031 2904 1077 ut
2930 1025 3005 1077 ait
3026 1022 3405 1092 Apostolus“,
3431 1024 3611 1077 omm'a

2023 1109 2187 1162 simul
2215 1112 2446 1165 membra
2483 1114 2809 1182 gloriantur,
2844 1113 2899 1168 id
2934 1115 3121 1185 utique
3158 1114 3214 1168 in
3260 1114 3439 1170 beatis
3474 1130 3613 1185 quo-

2025 1215 2132 1270 que
2175 1201 2283 1256 illis
2328 1210 2495 1272 atque
2542 1203 2912 1259 sanctissimis
2950 1204 3087 1258 viris
3120 1204 3397 1273 pmcipue
3426 1203 3611 1258 locum

2028 1292 2210 1358 habet,
2243 1293 2297 1346 in
2341 1293 2540 1363 quibus
2569 1301 2768 1348 cuncta
2818 1308 2946 1348 cum
2983 1295 3217 1350 veritate
3249 1295 3612 1358 concordant,

2030 1398 2245 1437 morum
2285 1398 2479 1454 nempe
2507 1384 2835 1450 similitudo,
2866 1392 2921 1440 et
2950 1385 3005 1439 in
3032 1400 3143 1440 una
3174 1385 3477 1455 eademque
3505 1384 3613 1440 ﬁde

2031 1472 2169 1525 mira
2202 1472 2534 1539 consensio;
2566 1483 2619 1527 et
2648 1473 3112 1541 quemadmodum
3139 1474 3455 1529 communia
3482 1480 3615 1528 sunt

2028 1577 2219 1617 eorum
2251 1565 2468 1633 egregia
2507 1577 2605 1632 pro
2632 1564 2832 1632 pietate
2871 1571 3046 1634 gesta,
3082 1564 3157 1618 ita
3190 1571 3244 1619 et
3291 1577 3615 1619 communes

2030 1660 2179 1712 sunt,
2206 1651 2299 1721 qui
2342 1650 2478 1721 ipsis
2507 1652 2578 1706 ob
2604 1667 2748 1707 vera:
2778 1652 2899 1708 lidei
2928 1653 3368 1724 praedicationem
3410 1654 3615 1723 imper-

2032 1745 2246 1797 tiuntur
2285 1743 2544 1797 honores.
2596 1742 2798 1815 Ecquis
2849 1744 3035 1800 lattitia
3085 1759 3195 1800 non
3243 1745 3440 1801 merito
3482 1760 3611 1816 per-

352 1840 450 1892 νης
478 1824 788 1880 ἀπλώσαντι
822 1827 889 1881 τά
923 1828 1023 1897 τῆς
1054 1830 1331 1895 εὐσεϐείας
1364 1831 1577 1896 δίκτυα,
1606 1834 1700 1887 καὶ
1730 1851 1931 1887 παντα-

2043 1833 2299 1887 iundetur
2353 1841 2407 1889 et
2462 1812 2707 1903 Spiritus
2762 1836 2940 1891 sancti
2990 1835 3190 1908 gaudio
3246 1836 3444 1905 plenus
3483 1812 3614 1891 _non

353 1913 449 1983 χοῦ
478 1914 706 1984 πήξαντι
736 1918 804 1971 τὰ
842 1918 944 1988 τῆς
970 1920 1227 1992 ἀληθείας
1248 1922 1513 1994 θήρατρα,
1548 1925 1632 1978 ἵνα
1670 1925 1931 1979 συλλαϐό-

358 2023 507 2076 μενοι
557 2009 736 2060 πᾶσαν
778 2009 913 2078 ὁμοῦ
945 2010 1041 2081 τὴν
1088 2011 1516 2084 ἀνθρωπότητα,
1563 2014 1661 2085 τὴν
1702 2015 1806 2068 ὑπὸ
1834 2017 1934 2080 τῆς

356 2097 554 2161 κακίας
616 2100 964 2173 ἡγριωμένην
1020 2104 1407 2173 προσαγάγωσι
1458 2105 1537 2176 τῷ
1586 2106 1938 2178 ὲξημεροῦντι

356 2189 452 2241 καὶ
479 2188 738 2255 σώζοντις
769 2194 875 2266 Εζς
908 2191 1114 2247 πᾶσαν
1148 2195 1297 2263 γοῦν
1333 2195 1449 2263 τὴν
1482 2196 1598 2265 γῆν
1625 2196 1884 2264 ἐξῆλθεν
1908 2201 1941 2252 ὀ

356 2283 617 2353 φθόγγος
672 2285 888 2338 αὐτῶν.
932 2284 996 2341 Oi
1048 2286 1289 2356 θεμέλιοι
1340 2290 1439 2357 τῆς
1480 2288 1844 2359 Ἐκκλησίας,
1890 2292 1940 2343 οί

359 2371 539 2425 στύλοι
571 2374 664 2427 καὶ
684 2375 751 2428 τὰ
782 2376 1127 2447 ἐδραιώματα
1142 2379 1239 2448 τῆς
1256 2380 1530 2449 ἀληθείας,
1558 2372 1856 2432 οὗτοίείσιν
1885 2383 1940 2434 αί

358 2464 569 2520 άένναοι
601 2468 885 2538 πηγαὶτοῦ
918 2471 1184 2541 σωτηρίου
1205 2514 1219 2536 ,
1254 2471 1309 2525 αἳ
1342 2471 1474 2525 πολὺ
1495 2511 1510 2535 ,
1543 2474 1638 2525 καὶ
1666 2472 1938 2535 πλούσιον,

359 2557 453 2609 καὶ
488 2556 717 2622 θεοειδὲς
766 2562 912 2631 νᾶμα
949 2562 1010 2614 τὸ
1056 2561 1154 2632 τῆς
1207 2562 1550 2626 διδασκαλίας
1594 2564 1931 2634 προχέουσιν.
1968 2636 1971 2639 ἢ

372 2647 494 2701 Ἐπὶ
542 2651 762 2715 τούτους
814 2654 959 2723 ἡμᾶς
997 2655 1089 2707 καὶ
1126 2656 1157 2726 ἡ
1216 2656 1526 2726 προφητικὴ
1577 2656 1938 2727 παραπέμπει

361 2740 511 2811 φωνὴ
538 2781 553 2805 ,
582 2741 813 2810 λέγουσα
836 2760 850 2774 °
907 2743 1262 2810 Ἀντλήσατε
1292 2746 1448 2820 ὔδωρ
1482 2747 1608 2817 μετ’
1642 2746 1936 2817 εὐφροσύ-

359 2847 472 2896 νης
508 2832 575 2885 ἐκ
605 2832 723 2885 τῶν
751 2833 957 2903 πηγῶν
984 2835 1090 2888 τοῦ
1121 2838 1440 2904 Σωτηρίου.

2039 1924 2358 1987 exsultabit,
2400 1924 2532 1979 dum
2574 1940 2634 1980 se
2671 1925 2954 1997 dignatum
2995 1926 3200 1996 cogitat
3242 1926 3615 1995 apostolorum

2040 2018 2211 2070 choro
2240 2016 2673 2081 communicare,
2712 2017 2806 2087 qui
2840 2018 3027 2073 orbem
3056 2024 3231 2070 totum
3270 2016 3336 2071 ad
3369 2017 3617 2071 veritatis

2042 2108 2411 2176 cognitionem
2464 2106 2786 2176 perduxere,
2833 2109 2927 2179 qui
2976 2122 3073 2179 per
3119 2115 3294 2163 totum
3345 2117 3619 2163 terrarum

2036 2200 2224 2253 orbem
2257 2197 2477 2267 pietatis
2521 2200 2657 2252 retia
2695 2199 3060 2269 explicarunt,
3095 2206 3150 2254 et
3180 2200 3496 2270 ubicunque
3530 2201 3619 2254 lo-

2037 2302 2227 2341 corum
2278 2289 2529 2342 veritatis
2580 2288 2747 2343 ﬁxere
2796 2290 3088 2357 venabula,
3136 2297 3194 2344 ut
3244 2306 3406 2345 omne
3455 2291 3621 2346 simul

2038 2376 2338 2432 humanum
2406 2392 2578 2449 genus
2634 2380 2844 2432 malitia
2891 2379 3200 2445 eﬂ‘eratum,
3241 2379 3308 2433 ad
3361 2395 3485 2434 eum
3526 2380 3621 2448 qui

2040 2470 2410 2525 Inansuel'acit
2473 2471 2608 2525 illud
2658 2479 2823 2539 atque
2878 2472 3074 2536 salvat,
3133 2471 3518 2527 adducerent:
3553 2468 3626 2524 In

2043 2577 2247 2615 onmem
2279 2563 2461 2632 itaque
2494 2571 2686 2615 terram
2717 2563 2875 2617 exivit
2905 2579 3065 2617 sonus
3090 2579 3273 2616 eorum
3295 2565 3363 2615 ¹¹.
3402 2561 3465 2616 lli
3493 2569 3626 2616 sunt

2043 2648 2305 2705 Ecclesiae
2349 2649 2738 2717 fundamenta,
2782 2659 2839 2707 et
2871 2652 3117 2706 veritatis
3150 2651 3420 2705 columnae
3457 2658 3628 2720 atque

2046 2743 2385 2798 fulcimenta.
2449 2741 2516 2796 Hi
2564 2753 2694 2798 sunt
2736 2759 3008 2814 perennes
3062 2743 3259 2798 salutis
3325 2741 3528 2804 fontes,
3593 2756 3627 2795 e

2044 2834 2247 2904 quibus
2278 2833 2738 2889 abundantissimi
2765 2833 2966 2887 divina;
2993 2834 3260 2889 doctrinae
3289 2833 3478 2888 latices
3501 2846 3628 2901 pro-

360 2923 558 2977 mlunt.
616 2925 697 2978 Ad
756 2926 922 2981 hosce
971 2943 1071 2982 nos
1122 2927 1200 2982 ire
1259 2929 1415 2998 jubet
1473 2929 1736 2998 prepbela
1804 2943 1932 2981 cum
2008 2928 2216 2997 inquit,
2269 2925 2545 2981 Haurietis
2598 2941 2793 2994 aquam
2878 2941 2997 2978 cum
3041 2924 3237 2995 gaudio
3283 2928 3348 2976 de
3392 2922 3636 2990 fontibus

363 3016 660 3072 Salvator-is
681 3020 751 3072 ".

433 3111 846 3181 Μνημονεύεται
884 3112 1083 3182 Πέτως
1116 3116 1147 3181 ἡ
1203 3116 1409 3185 κεφαλὴ
1448 3116 1553 3167 τῶν
1602 3116 1932 3177 ἀποστόλων,

2114 3112 2438 3167 Celebratur
2471 3109 2619 3163 Petri
2663 3109 2950 3171 memoria,
2987 3107 3081 3180 qui
3129 3106 3506 3177 apostolorum
3542 3112 3632 3160 est

364 3204 457 3257 καὶ
486 3202 861 3267 συνδοξάζεται
898 3206 995 3272 μὲν
1038 3205 1186 3274 αὐτῷ
1216 3207 1284 3260 τὰ
1315 3206 1477 3260 λοιπά
1510 3206 1643 3278 μέλη
1677 3209 1778 3277 τῆς
1819 3207 1940 3258 Ἐκ-

364 3295 591 3365 κλησίας
620 3311 636 3327 ο
685 3296 1091 3365 ἐπιστηρίζεται
1140 3297 1195 3349 δὲ
1240 3300 1273 3367 ἡ
1314 3296 1609 3367 Ἐκκλησία
1658 3297 1748 3351 τοῦ
1780 3296 1938 3351 Θεοῦ.

366 3382 531 3450 Οὗτος
580 3387 687 3457 γάρ
731 3388 845 3440 ἐστι
877 3387 1018 3441 κατὰ
1039 3388 1149 3459 ’τὴν
1170 3388 1416 3442 δοθεῖσαν
1453 3388 1604 3459 αὐτῷ
1650 3389 1803 3460 παρά
1848 3386 1941 3442 τοῦ

366 3476 571 3547 Κυρίου
604 3475 811 3543 δωρεάν
844 3477 877 3545 ὴ
928 3478 1181 3549 ἀρραγὴς
1233 3477 1328 3531 καὶ
1374 3478 1696 3549 ὀχυρωτάτη
1745 3477 1941 3549 πέτρα,

368 3568 452 3637 ἐφ’
486 3569 553 3640 ἢν
592 3568 691 3640 τὴν
726 3568 1050 3639 Ἐκκλησίαν
1085 3571 1114 3623 ό
1143 3570 1332 3640 Σωτὴρ
1355 3570 1695 3641 ᾠκοδόμησε·
1721 3571 1946 3642 Μνημο-

369 3659 607 3713 νεύεται
634 3661 792 3714 πάλιν
848 3662 1102 3725 Ἰάκωϐος
1146 3663 1239 3715 καῖ⁵
1276 3663 1561 3732 Ἰωάννης,
1590 3663 1685 3717 καὶ
1731 3662 1806 3725 ὡς
1841 3662 1947 3715 υἱοί

372 3752 597 3823 βροντῆς
628 3753 731 3805 ὑπὸ
763 3753 855 3806 τοῦ
888 3754 1139 3824 Σωτῆρος
1179 3754 1725 3825 προσαγορευόμενοι,
1769 3754 1948 3815 πάσας

370 3841 581 3902 ἑαυτοῖς
627 3842 727 3905 τὰς
774 3842 1140 3914 ὀμϐροτόκους
1192 3845 1423 3913 νεφέλας
1462 3829 1945 3915 συνέπιφέρονταιο

374 3934 718 4005 ῥηγνυμένης
755 3935 862 4006 γὰρ
913 3935 1012 4007 τῆς
1051 3935 1309 4005 βροντῆς,
1341 3935 1552 4006 ἀνάγκη
1590 3937 1685 3988 καὶ
1716 3936 1816 4000 τὰς
1863 3954 1951 3989 νεο

374 4025 542 4092 φέλας
593 4026 1057 4098 συναθροίζεσθαι.
1085 4027 1333 4095 Νεφέλας
1369 4027 1465 4098 μὲν
1515 4023 1608 4082 οὖν
1658 4029 1782 4091 τοὺς
1815 4029 1951 4082 ἀπο-

377 4118 651 4182 στολικοὺς
696 4119 790 4171 καὶ
848 4118 1219 4189 προφητικους
1258 4117 1449 4187 λόγους
1483 4117 1843 4188 ὑποληπτέον,
1878 4112 1953 4171 ὧν

376 4211 425 4263 εί
459 4211 553 4264 καὶ
580 4210 825 4280 διάφοροι
852 4210 945 4263 τοῦ
973 4209 1330 4282 κηρύγματος
1351 4211 1400 4262 oi
1429 4210 1632 4281 χρόνοι,
1666 4209 1800 4263 άλλά
1827 4210 1958 4279 σύμ⁴

379 4320 543 4370 φωνοι
598 4303 699 4372 τῆς
736 4303 1011 4366 εὐσεϐείας
1044 4304 1093 4356 οἱ
1124 4303 1311 4373 νόμοι·
1343 4301 1400 4369 ἐξ
1434 4302 1552 4366 ένδς
1605 4302 1715 4372 γὰρ
1771 4302 1956 4363 αὐτοῖς

379 4394 474 4447 καὶ
504 4390 596 4445 τοῦ
638 4391 800 4446 αὐτοῦ
850 4392 1156 4463 πνεύματος
1202 4393 1458 4464 ὥρμηται
1499 4392 1569 4444 τὰ
1620 4390 1952 4461 χαρίσματα.

2041 3212 2228 3275 caput,
2272 3210 2327 3258 et
2378 3216 2485 3256 una
2528 3201 2752 3271 quidem
2794 3216 2919 3255 cum
2957 3200 3077 3269 ipso
3117 3206 3317 3253 caetera
3369 3198 3633 3253 Ecclesia:

2042 3296 2287 3351 membra
2339 3294 2751 3365 gloriﬁcanmr;
2790 3290 2885 3346 Dei
2938 3306 3068 3346 vero
3100 3289 3345 3351 Ecclesia
3397 3289 3454 3344 in
3508 3289 3636 3359 ipso

2044 3389 2338 3444 solidatur.
2395 3386 2495 3441 Hic
2551 3386 2721 3449 enim,
2772 3384 2930 3455 juxta
2978 3383 3397 3455 praerogativam
3446 3381 3551 3437 sibi
3598 3396 3630 3434 a

2052 3480 2284 3534 Domino
2308 3493 2655 3545 concessam,
2696 3477 2849 3531 ﬁrma
2879 3483 2931 3531 et
2964 3474 3300 3531 solidissima
3329 3482 3486 3545 petra
3520 3482 3631 3535 est,

2048 3584 2219 3638 super
2248 3584 2412 3639 quam
2454 3568 2708 3622 Salvator
2739 3564 3041 3618 Ecclesiam
3071 3560 3383 3616 aediﬁcavit.
3425 3558 3631 3613 Memo-

2048 3660 2132 3714 ria
2168 3659 2409 3728 denique
2454 3657 2771 3711 celebratur
2811 3652 3026 3713 Jacobi,
3076 3658 3132 3706 et
3175 3648 3424 3714 Joannis,
3473 3656 3527 3703 et
3574 3656 3633 3702 nt

2050 3753 2147 3807 ﬁlii
2191 3749 2445 3813 tonitrui,
2493 3745 2955 3818 quemadmodum
3000 3758 3095 3799 eos
3140 3741 3405 3796 Dominus
3446 3741 3637 3809 appel-

2049 3843 2205 3906 lavit,
2264 3852 2457 3895 mnues
2520 3851 2707 3894 secum
2766 3835 3079 3889 imbriferas
3138 3833 3315 3888 nubes
3370 3831 3631 3898 trahunt;

2050 3936 2261 3991 tonitru
2302 3932 2447 3987 enim
2483 3945 2666 3985 aerem
2719 3936 3032 3997 rumpente,
3066 3941 3292 3981 necesse
3333 3932 3418 3979 est
3461 3924 3637 3981 nubes

2053 4022 2398 4095 congregari.
2452 4020 2636 4075 Nubes
2668 4020 2854 4088 itaque
2902 4017 3259 4087 apostolicos,
3311 4024 3367 4071 et
3403 4017 3637 4085 prepbe-

2054 4120 2195 4172 tieos
2232 4129 2514 4169 sermones
2548 4111 2862 4180 signiﬁcare
2896 4109 3238 4165 censendum
3267 4116 3371 4172 est,
3404 4123 3635 4177 quorum

2055 4208 2158 4264 etsi
2197 4205 2454 4277 praeconii
2482 4204 2702 4258 diversa
2752 4209 2879 4257 sunt
2911 4209 3184 4271 tempora,
3216 4199 3525 4256 concordes
3557 4206 3639 4252 ta-

2058 4316 2206 4360 men,
2239 4312 2305 4352 ac
2337 4297 2498 4366 plane
2531 4294 2742 4350 similes
2774 4292 2994 4363 pietatis
3025 4297 3153 4346 sunt
3187 4291 3353 4362 leges,
3405 4305 3531 4345 eum
3570 4304 3637 4342 ex

2058 4405 2171 4444 uno
2194 4387 2500 4458 eodemque
2545 4386 2745 4457 spiritu
2793 4384 2930 4455 ipsis
2971 4382 3306 4439 charismata
3349 4382 3639 4453 promana-

394 4483 553 4537 Ἀλλὰ
593 4483 647 4537 τί
679 4486 791 4546 τοῖς
827 4483 1106 4546 ἀδυνάτοις
1148 4483 1419 4550 ἐπεξιέναι
1457 4482 1658 4553 τολμᾷν
1680 4522 1694 4545 ,
1732 4482 1825 4536 καὶ
1858 4481 1942 4551 τῆς

2063 4482 2192 4535 rint.
2251 4477 2523 4563 Sed’quid
2553 4493 2692 4547 opus
2745 4476 2907 4530 nobis
2939 4482 3024 4530 est
3071 4489 3159 4540 ea,
3208 4488 3332 4544 quae
3378 4472 3639 4542 explicari

381 4573 741 4643 ἀποστολικῆς
770 4576 968 4645 ἀρετῆς
995 4574 1230 4640 ἐπαξίως
1255 4573 1544 4644 πειρᾶσθαι
1580 4571 1936 4643 μνημονεύειν

2058 4577 2370 4642 nequeunt,
2418 4569 2683 4623 audacter
2728 4565 3025 4636 prosequi,
3078 4572 3243 4634 atque
3279 4562 3411 4618 eniti
3454 4570 3513 4616 ut
3551 4561 3642 4616 di-

383 4666 459 4717 υύ
489 4665 622 4736 πρὸς
651 4665 869 4734 Σίμωνα
908 4667 1038 4735 ἡμῖν
1059 4704 1073 4727 ,
1104 4666 1192 4718 τὸν
1217 4665 1325 4719 ἀπὸ
1351 4667 1450 4733 τῆς
1489 4664 1673 4725 ἀλείας
1700 4661 1942 4733 γνωριζό

2055 4675 2216 4731 gnam
2266 4659 2569 4730 apostolica
2598 4657 2801 4711 virtute
2844 4652 3426 4709 commemorationem
3473 4651 3643 4705 facia-

387 4771 567 4824 μενον,
594 4755 629 4824 ἡ
654 4754 762 4807 τῶν
790 4753 1024 4807 ἐπαίνων
1052 4752 1345 4823 φιλοτιμία,
1368 4752 1504 4807 ἀλλὰ
1531 4752 1667 4822 πρὸς
1687 4753 1783 4822 τὴν
1817 4752 1959 4804 ὲκεί-

385 4862 477 4898 νου
513 4845 693 4897 πίστιν
717 4843 814 4914 τὴν
844 4842 1093 4913 στερεὰν,
1122 4843 1215 4896 καὶ
1245 4845 1422 4913 πάσης
1449 4842 1584 4913 ὁμοῦ
1615 4842 1711 4911 τῆς
1743 4841 1963 4911 Ἐκκλη-

387 4936 508 4999 σίας
556 4935 618 4989 τὸ
651 4937 950 5006 στήριγμα.
979 4934 1114 4988 Οὐδὲ
1144 4933 1305 4987 πάλιν
1336 4935 1474 5004 πρὸς
1522 4934 1645 4995 τοὺς
1685 4932 1834 4994 υἱοὺς
1872 4933 1966 4984 Ζε-

386 5027 600 5081 6εδαίου
652 5027 742 5081 τὸν
780 5026 935 5094 λόγον
980 5024 1177 5096 ἔχομεν
1200 5066 1217 5092 ,
1246 5024 1381 5077 ἀλλὰ
1420 5025 1555 5095 πρὸς
1582 5024 1706 5087 τοὺς
1734 5025 1964 5094 Βοανερ-

386 5124 524 5188 γεῖς,
556 5120 682 5184 τοὺς
714 5118 1200 5191 ἑρμηνευομένους,
1236 5117 1403 5183 υἱοὺς
1420 5116 1707 5185 βροντῆς.
1743 5116 1853 5169 Ποῦ
1870 5114 1964 5169 νῦν

391 5212 687 5281 φανήσεται
718 5212 753 5280 ή
799 5208 1108 5280 βραχυτάτη
1144 5207 1235 5262 τοῦ
1277 5207 1436 5276 λόγου
1466 5208 1618 5279 φωνὴ
1647 5246 1662 5270 ,
1697 5208 1967 5276 τοσαύτης

392 5301 486 5355 καὶ
518 5300 847 5371 τηλικαύτης
897 5300 1127 5373 βροντῆς
1177 5300 1278 5363 τὰς
1338 5300 1559 5353 στάντων
1594 5299 1761 5362 ἀκοάς
1805 5316 1965 5366 περιρ

391 5392 678 5464 ηχούσης;
708 5392 920 5445 Οὐκοῦν
972 5391 1105 5445 αὐτὸ
1150 5390 1309 5443 τοῦτο
1346 5390 1501 5460 μόνον
1531 5389 1627 5459 τὴν
1659 5390 1794 5460 πρὸς
1846 5392 1971 5453 τοὺς

394 5484 584 5549 ἁγίους
619 5483 1034 5555 εὐγνωμοσύνην
1055 5481 1451 5552 ἀποπληρῶσαι
1484 5481 1817 5545 σπεύσαντες
1835 5523 1850 5547 ,
1877 5482 1969 5535 ἐπὶ

468 5627 511 5658 ’⁸
546 5623 563 5677 l
596 5628 724 5680 Cor.
752 5641 846 5690 xu,
875 5626 963 5680 Q6.

476 5757 590 5829 (ει)
632 5757 928 5820 Delendum
956 5758 1047 5812 hic
1073 5758 1287 5813 videtur
1319 5770 1614 5827 pronomen
1647 5771 1769 5823 μου.

1074 5626 1118 5657 ²¹
1149 5623 1289 5679 Psal.
1317 5639 1467 5689 tvm,
1497 5622 1548 5677 5.
1627 5621 1670 5652 ’³
1699 5620 1802 5677 lsa.
1836 5638 1933 5688 an,
1962 5623 2017 5678 5.

2057 4751 2218 4807 mus?
2263 4748 2382 4805 Non
2420 4750 2487 4805 ad
2523 4748 2806 4803 Simonem
2845 4744 3151 4817 piscatione
3197 4751 3388 4799 notum
3426 4738 3646 4798 nostra-

2058 4858 2180 4897 rum
2245 4842 2470 4896 laudum
2542 4840 2725 4895 studia
2774 4836 3087 4908 pertinent;
3139 4833 3236 4890 sed
3299 4834 3365 4888 ad
3433 4832 3642 4887 ﬁrmam

2064 4933 2317 5003 ejusdem
2352 4932 2537 4997 ﬁdem,
2568 4939 2623 4986 et
2650 4930 2820 4985 totius
2850 4928 3017 4984 simul
3048 4924 3308 4982 Ecclesia:
3335 4924 3645 4978 ﬁrmamen-

2065 5033 2203 5079 tum.
2236 5022 2348 5080 Nec
2392 5039 2590 5077 rursus
2640 5019 2887 5075 Zebedaei
2932 5018 3078 5073 iilios
3125 5017 3492 5087 alloquimur;
3548 5015 3644 5070 sed

2066 5113 2398 5185 Boanerges,
2434 5111 2578 5183 quod
2612 5111 3033 5180 interpretatum
3083 5113 3274 5173 sonat,
3310 5104 3531 5160 tonitrui
3578 5105 3646 5172 ﬁ-

2065 5205 2189 5260 lios.
2211 5205 2440 5271 Qualem
2481 5220 2607 5258 nam
2642 5203 2801 5259 exilis
2836 5211 3021 5258 noster
3050 5213 3231 5256 sermo
3269 5211 3466 5253 sonum
3500 5195 3644 5260 edet,

2066 5295 2196 5349 dum
2248 5298 2353 5351 tale
2403 5304 2728 5365 tantumque
2776 5295 2987 5349 tonitru
3037 5291 3285 5348 omnium
3324 5304 3488 5344 aures
3531 5288 3643 5342 cir-

2065 5387 2395 5443 cumsonat?
2430 5387 2775 5459 Quapropter
2815 5384 3173 5457 quantumvis
3222 5391 3472 5439 nostrum
3514 5393 3645 5449 erga

2065 5491 2285 5538 sanctos
2314 5480 2559 5536 studium
2591 5494 2656 5533 ac
2689 5481 2889 5536 bonam
2927 5486 3170 5535 nostram
3216 5490 3345 5547 erga
3389 5475 3513 5529 illos
3545 5486 3644 5526 vo.
